4110 6318
163 393 305 448 I257
1030 391 1116 446 DE
1154 389 1425 447 TITULIS
1457 390 1902 448 PSALHORUM.
1943 423 2015 434 —
2046 393 2236 449 PSAL.
2267 395 2550 450 CXXXIII.
3225 402 3359 458 I258

227 534 280 589 6.
321 534 407 597 Ὠς
436 533 618 606 δρόσος
653 533 896 604 Ἀερμὼν
924 535 957 605 ὴ
980 536 1372 590 κατασαινουσα
1403 537 1494 589 ἐπὶ
1522 536 1588 590 τὰ
1609 537 1685 611 ὅρη

1880 538 1933 594 6.
1963 536 2112 594 Sicut
2161 553 2250 594 ros
2299 538 2556 605 Hei-mon,
2589 542 2681 610 qui
2733 539 3011 596 descendit
3059 542 3115 595 in
3154 551 3364 599 montes

160 622 314 678 Σιών.

1819 631 1967 687 Sion.
2110 681 2126 691 .

225 648 314 678 ων.

225 716 277 768 7.
311 715 430 767 Ὅτι
458 717 572 767 ἐκεῖ
598 715 894 768 ἐνετείλατο
920 715 1121 786 Κύριος
1144 717 1242 788 τὴν
1266 718 1530 787 εὐλογίαν,

1819 648 1967 687 Sion.
2110 681 2126 691 .

1887 721 1936 776 7.
1951 720 2214 788 Quoniam
2234 723 2342 777 illic
2356 723 2629 777 mandavit
2644 722 2902 780 Dominus
2914 724 3365 791 benedictionem,

225 807 276 863 8.
310 809 462 878 Ζωὴν
491 807 593 871 ἕως
613 807 704 861 τοῦ
728 807 938 871 αίῶνος.

1888 809 1939 864 8.
1969 810 2146 865 Vitam
2180 827 2348 881 usque
2373 812 2427 866 in
2455 813 2729 867 saeculum.

380 922 516 992 ’ῼδὴ
547 920 663 975 τῶν
686 921 1054 992 ἀναϐαθμῶν.
1115 925 1284 978 ΨΑΛ.
1313 926 1496 979 PAI".

1987 925 2261 980 Canticum
2285 927 2562 998 graduum.
2594 925 2792 980 PSAL.
2828 926 3153 983 CXXXIII.

225 1014 276 1066 I.
315 1012 442 1067 ’1δού
467 1014 528 1082 δὴ
559 1013 826 1081 εὐλογεῖτε
847 1014 937 1067 τὸν
971 1014 1186 1085 Κύριον,
1229 1015 1423 1080 πάντες
1450 1015 1499 1069 oi
1535 1014 1685 1072 δοῦλο

1880 1014 1931 1071 1.
1955 1013 2092 1071 Ecce
2124 1033 2268 1072 nunc
2310 1016 2605 1072 henedicite
2644 1015 2954 1081 Dominum,
2983 1033 3173 1074 omnes
3219 1033 3336 1074 serv

154 1105 382 1176 Κυρίου.

1813 1103 2046 1162 Domini.

221 1195 273 1250 2.
297 1196 358 1249 Οἱ
384 1193 609 1258 ἑστῶτες
654 1198 710 1247 ὲν
736 1195 868 1264 οἴκῳ
893 1197 1118 1268 Κυρίου,

1885 1197 1936 1252 2.
1969 1198 2072 1265 Qui
2103 1201 2259 1255 statis
2289 1202 2341 1255 in
2371 1200 2531 1256 domo
2555 1200 2788 1269 Domini,

223 1288 275 1341 3.
315 1289 399 1340 Ἐν
421 1288 605 1350 αὐλαῖς
631 1287 777 1340 οἴκου
807 1287 941 1340 Θεοῦ
977 1287 1149 1359 ἡμῶν.

1882 1291 1933 1342 5.
1971 1290 2025 1344 In
2055 1293 2206 1347 atriis
2235 1293 2428 1350 domus
2456 1292 2550 1350 Dei
2581 1296 2774 1350 nostri.

1272 1463 1632 1517 ATIIANASII
1673 1461 2249 1521 INTERPRETATIO.

218 1663 269 1699 ο.
305 1645 528 1713 Δρόσος
565 1645 803 1713 Αερμὼν
833 1646 1186 1716 ἑρμηνεύεται
1232 1645 1447 1715 δρόσος
1465 1646 1685 1711 ἔνδοξα

1886 1647 1937 1700 6.
1967 1647 2068 1701 Ras
2092 1647 2319 1702 Hermon
2361 1650 2741 1721 interpretatur
2767 1669 2851 1706 ros
2874 1653 3234 1724 gloriﬁcatus:
3261 1661 3365 1718 hoc

146 1735 405 1807 ζόμενος·
469 1734 624 1788 τοῦτο
671 1730 763 1788 οὖν
815 1736 981 1806 λέγει,
1017 1738 1096 1791 ὅτι
1150 1737 1320 1802 οὕτως
1387 1738 1685 1810 ὑπάρχουσι

1813 1739 1976 1811 igitur
2006 1741 2288 1809 signiﬁcat,
2322 1743 2465 1812 quod
2506 1744 2579 1798 ita
2625 1754 2752 1800 sunt
2775 1745 2834 1810 ii,
2861 1745 2928 1800 de
2972 1747 3170 1816 quibus
3200 1767 3364 1822 supra

148 1829 277 1899 περὶ
303 1821 376 1881 ὧν
399 1825 510 1880 ἄνω
535 1828 852 1899 εἰρήκαμεν,
877 1829 953 1894 ὡς
979 1831 1012 1900 ή
1041 1830 1195 1901 χάρις
1223 1830 1314 1883 τοῦ
1351 1829 1427 1902 (il
1458 1831 1685 1902 Πνεύμα·

1813 1830 1978 1886 locuti
2005 1847 2213 1896 sumus,
2243 1832 2383 1888 sicut
2407 1835 2578 1903 gratia
2615 1834 2850 1906 Spiritus
2886 1837 3206 1906 multifaria,
3243 1821 3365 1913 quae

146 1937 239 1983 τος
263 1920 295 1990 ὴ
318 1918 713 1983 πολυποίκιλος,
742 1922 776 1992 ἡ
824 1921 1082 1974 κατιοῦσα
1108 1921 1198 1974 ἐπὶ
1250 1923 1373 1985 τούς
1406 1925 1685 1995 προφήτας

1812 1923 2090 1979 descendit
2129 1923 2184 1977 in
2216 1925 2527 1994 prophetas,
2557 1935 2611 1981 et
2641 1943 2764 1998 qua:
2797 1930 3197 1999 supercmlestis
3223 1935 3358 1989 civi-

148 2013 243 2066 καὶ
275 2013 596 2084 ἐπουρανίου
623 2014 848 2078 πόλεως·
884 2015 921 2083 ἡ
969 2013 1185 2082 δρόσος
1211 2015 1317 2086 γὰρ
1343 2016 1380 2083 ἡ
1405 2015 1685 2080 ἐνδοξαζο

1814 2013 1940 2069 tatis
1969 2023 2090 2082 est;
2142 2031 2225 2070 ros
2268 2017 2410 2071 enim
2456 2018 2778 2089 gloriﬁcatus
2820 2021 3039 2077 evidens
3087 2033 3191 2089 est,
3218 2029 3366 2096 quod

139 2097 316 2165 μένῃ,
344 2097 518 2165 δῆλον,
546 2099 628 2152 ὅτι
652 2097 719 2152 τὰ
757 2098 1066 2170 χαρίσματα
1098 2101 1199 2152 εἰσι
1237 2099 1330 2152 τοῦ
1361 2100 1512 2168 ἁγίου
1543 2099 1685 2153 Πνεύ·

1814 2114 1938 2161 sunt
1962 2105 2103 2160 dona
2135 2107 2369 2176 Spiritus
2391 2110 2559 2164 sancti
2584 2118 2803 2180 propter
2837 2125 3025 2166 eorum
3058 2114 3363 2172 sublimita-

146 2206 314 2257 ματος
346 2189 516 2245 διὰτὸ
558 2191 880 2244 λεπτότατον
926 2189 1125 2252 αὐτῶν,
1178 2191 1272 2243 καὶ
1320 2191 1610 2262 ὠφέλιμον·
1639 2209 1685 2245 τι

1813 2201 1920 2248 tem
1939 2202 1993 2248 et
2019 2193 2307 2249 utilitatem
2336 2238 2351 2252 .
2374 2209 2582 2253 montes
2611 2207 2787 2254 autem
2808 2201 3084 2270 propheta:
3106 2204 3365 2260 nimirum

141 2281 200 2333 δὲ
225 2281 326 2354 δρη
351 2282 586 2358 δηλονότι
618 2285 665 2335 οἱ
699 2281 971 2353 προφῆταί
1004 2285 1155 2335 εἰσιν·
1181 2284 1212 2351 ή
1264 2282 1321 2335 δὲ
1348 2280 1499 2335 Σιὼν
1524 2283 1685 2350 σαφῶς

1817 2295 1982 2342 sunt:
2010 2285 2139 2341 Sion
2183 2301 2361 2343 autem
2408 2289 2696 2347 manifeste
2730 2306 3019 2362 supernam
3062 2293 3364 2353 Jerusalem

141 2375 174 2442 ἡ
211 2374 324 2427 ἄνω
362 2372 708 2444 Ἰερουσαλὴμ
737 2376 794 2426 ὲν
849 2373 1058 2436 πολλοῖς
1105 2373 1492 2427 ἀποδέδεικται.
1524 2371 1685 2425 Οὕτως

1813 2379 1998 2434 multis
2028 2379 2081 2433 in
2115 2380 2247 2436 locis
2270 2381 2570 2451 signiﬁcare
2607 2392 2885 2440 ostensum
2933 2395 3038 2441 est.
3082 2384 3159 2442 Ita
3199 2388 3364 2458 igitur

141 2459 236 2519 οὖν
258 2466 352 2519 καὶ
377 2458 523 2518 οὗτοι
549 2466 831 2537 ὀμοψύχως
856 2466 1248 2534 ἀποταξάμενοι
1273 2464 1452 2534 ἔχουσι
1479 2463 1685 2535 διάφορι

1811 2471 1974 2524 etiam
2015 2469 2100 2524 isti
2148 2472 2475 2527 unanimiter
2509 2475 2711 2530 mundo
2747 2476 3116 2533 renuntiantes
3158 2479 3360 2534 habent

141 2555 478 2625 χαρίσματα,
536 2555 625 2608 καὶ
659 2555 733 2619 ὡς
769 2557 826 2609 ὲν
862 2557 926 2626 τῇ
956 2555 1066 2609 ἄνω
1126 2553 1478 2624 Ἰερουσαλὴμ
1534 2552 1685 2617 ὄντες

1811 2561 2022 2616 diversa
2051 2561 2211 2625 dona,
2242 2573 2296 2616 et
2334 2565 2555 2632 perinde
2591 2581 2655 2620 ac
2698 2568 2751 2621 in
2800 2583 3036 2638 superna
3059 2568 3360 2626 Jerusalem

139 2642 315 2706 οὕτως
338 2645 723 2700 πολιτεύονται.

1812 2657 2015 2716 essent,
2047 2649 2119 2704 ita
2154 2651 2322 2705 vitam
2355 2660 2538 2722 agunt.

213 2736 266 2800 7,
293 2737 348 2792 8.
378 2739 498 2791 Ὀτι
557 2740 674 2791 ἐκεῖ
713 2739 793 2800 είς
828 2736 924 2807 τὴν
968 2737 1077 2790 ἄνω
1138 2735 1486 2808 Ἰερουσαλὴμ
1539 2736 1685 2807 ιπηγ.

1879 2741 1934 2806 7,
1962 2740 2014 2795 8.
2048 2742 2315 2808 Quoniam
2354 2744 2460 2798 illic
2485 2743 2539 2798 in
2566 2760 2799 2815 superna
2820 2744 3122 2803 Jerusalem
3155 2752 3361 2820 promi-

139 2828 359 2896 γεῑλατο
381 2831 411 2883 ό
433 2830 632 2900 Κύριος
656 2830 851 2898 λέγειν’
884 2829 1078 2892 Δεῦτε,
1102 2831 1157 2882 οι
1198 2826 1582 2899 εὐλογημένοι
1603 2827 1685 2881 τοί

1812 2835 1882 2890 sit
1905 2833 2167 2889 Dominus
2208 2850 2267 2890 se
2307 2836 2614 2891 dicturum:
2654 2837 2852 2903 Venite,
2879 2841 3129 2896 benedicti
3181 2841 3363 2898 Patris

138 2921 370 2989 Πατρός
399 2938 536 2989 μου,
570 2920 900 2976 ἀπολάϐετε
924 2920 1036 2990 τὴν
1083 2921 1527 2988 ἡτοιμασμένην
1565 2917 1685 2986 ὺμῖι

1812 2924 1935 2988 mei,
1971 2924 2189 2992 accipite
2217 2934 2572 2994 prteparatum
2603 2927 2743 2980 vobis
2777 2945 2994 2999 regnum
3018 2942 3140 2986 ante
3169 2935 3363 2988 consti-

139 3011 470 3075 βασιλείαν
513 3012 623 3081 πρὸ
646 3011 982 3079 καταϐολῆς
1023 3011 1252 3078 κόσμου
1285 3011 1371 3073 εὶς
1413 3011 1556 3074 τοὺς
1574 3009 1685 3063 ἁτε·

1811 3014 2060 3067 tutionem
2094 3015 2276 3070 mundi
2303 3014 2348 3047 ⁸⁸
2377 3018 2431 3068 in
2456 3018 2768 3086 sempiterna
2801 3021 3011 3074 amula.

137 3103 467 3172 .levﬂitovc
481 3105 716 3172 αἰῶνας.

223 3237 288 3290 Ἦ
319 3238 649 3311 προκειμένη
693 3237 969 3311 ἐπιγραφὴ
1013 3235 1252 3307 περιέχει
1282 3231 1389 3304 (2)·
1437 3232 1574 3304 ’ῼδὴ
1621 3231 1739 3286 τῶν
1767 3232 2120 3303 ἀναϐαθμῶν
2151 3234 2230 3300 τῷ
2256 3237 2452 3302 Δαὸὶδ,
2486 3239 2515 3290 ὅ
2556 3239 2722 3302 ἐστιν,
2754 3241 2835 3292 ὃτι
2864 3242 2896 3310 ή
2925 3241 3036 3312 ᾠδὴ
3072 3243 3210 3313 αὐτη
3253 3242 3363 3298 τῶν

138 3331 467 3402 ἀναϐαθμῶν
512 3331 606 3386 τοῦ
661 3331 821 3385 Δαὸίδ
881 3333 1028 3385 ἐστι’
1052 3329 1350 3392 τουτέστιν,
1385 3326 1483 3379 οὐκ
1515 3326 1595 3380 ἔτι
1645 3328 1710 3380 ἐκ
1759 3326 2048 3399 προσώπου
2090 3328 2198 3383 τῶν
2239 3331 2675 3403 ἐπιστρεψάντων
2718 3333 2864 3385 ἐστὶν
2896 3335 2928 3403 ἡ
2956 3333 3086 3404 ᾠδὴ,
3121 3335 3255 3389 ἀλλὰ
3277 3337 3356 3403 τῷ

137 3422 326 3489 ἱκανῷ
349 3421 423 3493 τῇ
450 3423 623 3492 χειρί,
648 3421 790 3490 λέγω
820 3421 883 3492 δὴ
908 3420 986 3490 τῷ
1011 3419 1125 3490 Υίῷ
1148 3420 1240 3473 τοῦ
1269 3417 1404 3472 Θεοῦ
1421 3436 1434 3448 ·
1470 3416 1610 3470 οὓτω
1629 3416 1737 3490 γὰρ
1765 3417 2123 3488 ἑρμηνεύεται
2150 3419 2211 3472 τὸ
2247 3421 2410 3474 Δαὸὶδ
2431 3421 2598 3493 ὄνομα
2625 3423 2829 3488 ἱκανὸς
2866 3425 3033 3493 χειρί.
3081 3425 3360 3496 Προστασ-

140 3533 226 3570 σει
246 3515 355 3586 γὰρ
383 3516 542 3578 αὐτὸς
560 3516 589 3568 ὁ
621 3515 749 3577 Υιὸς
769 3515 860 3568 τοῦ
889 3513 1023 3567 Θεοῦ
1047 3515 1159 3576 τοῖς
1182 3511 1615 3581 ἀποταξαμένοις
1642 3511 1735 3562 καὶ
1761 3511 2104 3566 κατοικοῦσιν
2128 3515 2242 3584 ἅμα
2264 3517 2356 3568 ἐπὶ
2387 3515 2447 3569 τὸ
2472 3517 2602 3570 αὐτὸ
2636 3517 2918 3590 λατρεύειν
2955 3519 3101 3590 αὐτῷ
3137 3521 3196 3574 ἐν
3227 3521 3359 3575 εἰλι-

139 3609 316 3680 κρινεῖ
343 3606 566 3676 διανοίᾳ.

208 3744 419 3800 Titulus
442 3742 756 3815 praepositus
777 3740 1050 3796 continet:
1074 3739 1350 3795 Canticum
1380 3737 1637 3808 graduum
1663 3734 1832 3790 David
1848 3776 1863 3803 ,
1892 3737 1996 3793 hoc
2025 3747 2128 3805 est,
2163 3741 2307 3810 quod
2329 3741 2436 3797 hoc
2458 3741 2727 3797 canticum
2754 3742 3017 3810 graduum
3045 3744 3212 3801 David
3237 3757 3354 3803 est:

137 3857 332 3913 nempe
361 3855 467 3895 non
505 3839 734 3909 amplius
758 3852 821 3892 ex
850 3850 1086 3908 persona
1111 3849 1324 3899 eorum,
1360 3833 1454 3904 qui
1499 3846 1557 3888 se
1585 3841 1975 3889 converterunt
2017 3834 2287 3890 canticum
2327 3836 2431 3891 hoc
2472 3834 2692 3901 dicitur,
2727 3839 2820 3892 sed
2861 3838 2929 3892 ad
2962 3855 3128 3895 manu
3164 3840 3355 3898 fortem

137 3929 392 4000 pertinet,
425 3927 526 3982 hoc
560 3936 645 3982 est
670 3925 737 3980 ad
763 3924 856 3980 Dei
886 3923 1083 3979 Filium
1111 3943 1124 3977 :
1157 3924 1232 3977 ita
1253 3923 1397 3978 enim
1427 3922 1814 3992 interpretatur
1856 3939 2053 3978 nomen
2092 3923 2262 3980 David
2303 3941 2463 3980 manu
2497 3925 2673 3995 fortis.
2715 3927 2830 3997 Ipse
2862 3929 3008 3984 enim
3049 3929 3144 3986 Dei
3187 3931 3357 3988 Filius

135 4020 383 4091 pmcipit
404 4019 469 4074 iis
494 4033 588 4088 qui
614 4017 815 4071 mundo
845 4017 1241 4079 renuntiarunt,
1265 4027 1318 4070 et
1342 4015 1503 4069 simul
1531 4015 1584 4069 in
1609 4031 1776 4071 unum
1805 4016 2066 4083 habitant,
2095 4024 2155 4071 ut
2175 4016 2391 4073 sincero
2414 4017 2577 4073 corde
2608 4017 2684 4072 illi
2708 4019 2968 4074 serviant.

1871 4151 1921 4205 Ι.
1952 4149 2114 4207 Vobis
2134 4151 2276 4220 dico,
2304 4154 2396 4223 qui
2420 4153 2622 4208 mundo
2644 4153 3025 4208 renuntiastis:
3052 4154 3343 4210 Abundan-

1798 4254 1879 4299 ter
1900 4245 2181 4298 benedicite
2205 4244 2504 4312 Dominum,
2530 4245 2632 4300 hoc
2653 4255 2735 4300 est
2762 4261 2881 4300 me:
2910 4246 3039 4300 illud
3063 4247 3206 4302 enim
3228 4262 3342 4300 ecce

210 4159 263 4214 l.
306 4159 462 4230 Ὑμῖν
502 4157 644 4227 λέγω
703 4159 816 4221 τοῖς
878 4155 1320 4226 ἀποταξαμένοις
1382 4152 1548 4224 [Ἰδοὺ
1607 4152 1696 4224 δὴ]

147 4250 368 4315 Ἱκανῶς
394 4250 471 4322 (ὅ)
500 4249 798 4319 εὐλογεῖτε
847 4249 952 4304 τὸν
996 4249 1233 4317 Κύριον,
1280 4245 1553 4299 τουτέστιν
1581 4244 1698 4315 ἐμέ·

132 4345 196 4397 τὺ
222 4342 334 4413 γὰρ
370 4341 433 4412 δὴ
462 4340 660 4405 ἱκανῶς
680 4340 1032 4412 ἑρμηνεύεται
1055 4337 1206 4410 [ίδοὺ
1222 4336 1285 4408 δὴ
1300 4333 1698 4408 ὲρμηνεύεται],

129 4437 181 4488 oi
212 4434 289 4504 (ι)
322 4432 674 4496 ὲκδεδωκότες
726 4432 948 4496 ἑαυτοὺς
1007 4431 1086 4493 είς
1131 4429 1228 4499 τὴν
1294 4426 1576 4498 ὑπομονὴν
1603 4425 1697 4479 τοῦ

132 4523 393 4596 Χριστοῦ,
415 4526 465 4578 οἱ
507 4527 573 4596 τῇ
600 4524 807 4597 διανοίᾳ
835 4525 1113 4595 νήφοντες,
1182 4523 1274 4575 καὶ
1330 4520 1696 4591 ἀνιστάμενοι,

131 4614 302 4686 αὐτὴν
329 4613 695 4685 παριστῶντες
755 4612 834 4684 τῷ
876 4611 1170 4683 βουλήματι
1227 4609 1318 4663 τοῦ
1353 4609 1486 4662 Θεου
1535 4610 1594 4662 ὲν
1620 4607 1698 4680 τῷ

133 4703 261 4773 ὕψει
283 4702 392 4757 τῶν
410 4704 472 4757 οὐ
479 4703 668 4776 ρανῶν.

201 4795 257 4861 2,
277 4795 330 4850 5.
354 4795 463 4849 Καὶ
489 4795 685 4866 ἑδραῖοι
711 4795 861 4858 ὄντες
888 4796 945 4848 ὲν
970 4797 1086 4860 ταῖς
1121 4793 1357 4854 ἐντολαῖς
1410 4790 1504 4843 τοῦ
1533 4797 1690 4855 vani),

132 4891 227 4944 καὶ
246 4891 304 4944 ὲν
324 4891 509 4955 αὐταῖς
532 4887 887 4956 αὐλιζόμενοι.

209 5026 458 5082 “Matth.
490 5042 611 5091 xxv,
642 5026 728 5080 54.

1797 4351 1934 4388 nunc
1953 4335 2310 4402 abundanter,
2340 4351 2435 4390 seu
2467 4334 2669 4389 affatim
2715 4336 3100 4405 interpretatur
3142 4336 3208 4390 de
3252 4335 3340 4399 iis,

1795 4427 1888 4496 qui
1913 4428 2121 4497 seipsos
2147 4429 2481 4483 tradiderunt
2509 4428 2565 4482 in
2582 4427 2780 4483 Christi
2805 4425 3139 4495 patientiam,
3165 4436 3346 4481 mente

1795 4517 2100 4588 vigilantes,
2143 4528 2304 4590 atque
2356 4529 2721 4590 assurgentes,
2759 4519 2904 4574 illam
2958 4531 3343 4590 pnesentantes

1795 4611 2056 4666 voluntati
2092 4611 2184 4666 Dei
2215 4611 2269 4664 in
2302 4613 2632 4668 sublimitate
2660 4613 2942 4667 calorum.

1864 4792 1917 4856 2,
1944 4793 1996 4846 5.
2028 4792 2091 4846 Et
2133 4793 2275 4847 ﬁrmi
2321 4795 2643 4849 exsistentes
2669 4793 2724 4847 in
2755 4793 2846 4848 Dei
2876 4794 3178 4863 praeceptis,
3202 4800 3256 4847 et
3291 4792 3345 4846 in

1718 4893 1762 4947 D
1793 4879 1921 4949 ipsis
1951 4881 2319 4938 iminorantes.

1072 5205 1372 5266 Addenda
1415 5207 1474 5262 et
1521 5199 1888 5278 corrigenda
1917 5215 1993 5260 ex
2025 5200 2162 5260 cod.
2196 5198 2400 5261 Vatic.

195 5374 275 5448 ιι)
304 5371 410 5448 Ter»
439 5369 590 5440 ἁγίου
616 5366 942 5448 Ilvatesva
971 5372 1074 5448 ess-
1104 5363 1240 5446 τοὲς
1268 5354 1673 5448 προερ.ήτα,ς.ῖηῖς

127 5428 614 5516 επῧόρανῖουδειρι
629 5437 709 5491 Τὰ
819 5436 941 5516 om,
967 5434 1147 5516 ρῆλον,
1175 5434 1256 5516 ὅτε¹
1279 5428 1347 5516 οξ,
1372 5428 1493 5516 με..

126 5500 389 5598 ξέδεέται,
417 5500 519 5566 etc.
548 5501 702 5563 Οὗτοι
723 5508 771 5558 ot
810 5500 1094 5576 ὁμοὶιιύχιυς
1124 5501 1263 5556 κατὰ
1302 5500 1432 5553 Θεὸν
1464 5500 1670 5552 ἀποτα-

129 5586 367 5655 ξάμενοι,
395 5590 496 5635 etc.
1499 5639 1522 5651 _

199 5654 276 5717 (2)
318 5654 380 5705 'H
403 5650 488 5702 διὰ
514 5649 610 5719 τῆς
636 5645 1001 5719 κιννασᾴρεως
1027 5642 1287 5719 περιέχει,
1306 5651 1411 5719 etc.
1431 5640 1533 5719 _T_tp
1565 5641 1670 5692 Δα-

127 5710 234 5788 εὶό,
257 5710 392 5794 ὅπερ
418 5710 790 5791 ἑρμηνεύεται,
818 5710 919 5779 ὅτι,
946 5724 1048 5768 etc.
1070 5710 1142 5766 Τὸ
1168 5710 1259 5766 τοῦ
1292 5711 1454 5766 Δαὸὶδ
1477 5710 1669 5782 ὄνομα,

127 5806 230 5850 εις.

447 5882 708 5942 Panos.
748 5876 863 5939 Gn.
900 5874 1166 5938 XXVII.

1767 5495 1934 5564 ακοὴν
1963 5495 2055 5547 τοῦ
2089 5495 2340 5564 Χριστοῦ.

1768 5557 2169 5636 ἀνατεταμένην
2195 5565 2383 5630 αὐτήν,
2418 5572 2521 5636 etc.
2551 5557 2722 5631 usque
2751 5560 2858 5613 τῶν
2884 5557 3146 5636 οὐρανῶν.
3275 5558 3332 5619 4,

1770 5637 1823 5696 5.
1859 5637 1911 5688 6.
1953 5628 2041 5687 Ἑν
2077 5628 2194 5696 ταῖς
2240 5628 2657 5702 ἐπερχομέναις,
2686 5635 2789 5687 etc.
2833 5628 3002 5701 usque
3057 5628 3122 5681 ad
3171 5628 3336 5697 εὐχα-

1772 5704 1975 5762 οιστίας
2006 5705 2096 5757 τὸν
2121 5703 2202 5758 Κύ
2213 5719 2341 5774 ριον.

1841 5357 1916 5426 (3)
1947 5355 2010 5426 ri.
2038 5355 2099 5426 ,1.
2130 5354 2441 5426 Comment.
2481 5351 2666 5426 incipit
2691 5364 2723 5426 a
2749 5348 2902 5426 verb.
2950 5347 3190 5426 ξῐκαγως.

1839 5416 1918 5496 (ι)
1946 5424 2005 5478 Ν.
2028 5424 2083 5478 2.
2107 5423 2311 5485 Πάντες
2331 5422 2480 5545 λέγει
2510 5424 2556 5475 οἱ
2576 5416 2932 5480 ἕκδεδωκότες
2953 5419 2999 5470 ἐ.
3028 5416 3095 5470 εί.
3123 5434 3172 5469 τ.
3230 5417 3336 5472 ὐπ-

1840 5495 1934 5545 οὴν
1963 5495 2055 5545 τοῦ
2089 5493 2340 5545 Χριστοῦ.
2423 5531 2436 5544 .
2465 5492 2517 5545 5.
2543 5493 2686 5545 Οἱτῆ
2715 5489 2921 5545 sum
2945 5489 3220 5545 νήφοντες.
3245 5488 3336 5541 καὶ

2465 5492 2517 5545 5.
2543 5493 2687 5562 Οἱτῇ
2715 5489 3220 5562 διανοίᾳγνήφοντες,
3245 5488 3336 5562 καὶ

2937 5853 3012 5913 1ιο
