4052 6332
99 385 128 435 1
145 383 266 440 281

518 497 881 563 Ἅλληλούτα.
941 497 1109 547 ΨΑΛ.
1149 498 1316 547 ΡΛΔ’.

205 615 230 668 1
286 615 490 668 Αἰνεῖτε
511 612 570 664 τὸ
593 611 761 682 ὄνομα
791 609 997 681 Κυρίου
1015 648 1029 672 ,

195 707 256 760 2.
286 707 512 768 Αίνεῖτε,
550 702 742 768 δοῦλοι,
769 699 990 770 Κύριον.

193 796 253 850 3.
282 797 344 848 Ol
371 793 598 855 ἑστῶτες
625 793 681 844 ὲν
714 791 848 862 οἴκῳ
881 791 1104 861 Κυρίου,

194 887 253 941 4.
301 887 389 940 Ἐν
424 885 609 947 αὐλαῖς
639 885 785 936 οἴκου
811 880 946 934 Θεοῦ
971 881 1146 952 ἡμῶν.

197 980 254 1034 5.
293 981 492 1031 Αἰνεῖτε
528 977 615 1028 τὸν
641 975 860 1046 Κύριον,
895 975 974 1027 ὃτι
1003 973 1206 1041 ἀγαθὸς
1231 972 1446 1043 Κύριος.

195 1069 252 1122 6.
277 1068 491 1122 Ψάλατε
524 1065 598 1135 τῷ
632 1065 849 1135 ὀνόματι
879 1063 1064 1127 αὑτοῦ,
1104 1064 1183 1115 ὅτι
1211 1063 1390 1116 καλόν.

199 1160 252 1213 7.
280 1160 399 1212 Ὀτι
429 1157 516 1210 τὸν
552 1154 744 1208 Ἰακὼϐ
779 1154 1057 1220 ἐξελέξατο
1080 1153 1253 1222 ἐαυτῷ
1272 1155 1300 1205 6
1326 1153 1544 1223 Κύριος,

193 1250 253 1304 8.
297 1249 506 1322 Ἰσραὴλ
536 1252 613 1311 εἰς
642 1246 1067 1318 περιουσιασμὺν
1098 1245 1275 1315 ἑαυτῷ
1305 1244 1564 1317 [ἐαυτοῦ].

193 1343 251 1396 9.
284 1343 404 1396 Ὅτι
445 1341 553 1410 ἐγὼ
579 1341 808 1410 ἔγνωκα,
839 1340 918 1391 ὅτι
948 1340 975 1390 6
1011 1347 1084 1404 (a)
1125 1339 1293 1407 μέγας
1323 1340 1350 1390 6
1373 1339 1574 1410 Κύριος
1601 1357 1614 1370 ·

196 1437 285 1491 10.
315 1436 420 1490 Καὶ
442 1438 468 1488 6
494 1434 691 1505 Κύριος
713 1431 866 1501 ἡμῶν
893 1432 1041 1502 παρᾶ
1068 1432 1269 1494 πάντας
1300 1432 1420 1495 τοὺς
1447 1430 1621 1492 θεούς.

197 1529 287 1584 11.
317 1528 496 1582 Πάντα
532 1528 630 1578 ὅσα
657 1523 914 1594 ἠθέλησεν
947 1523 975 1572 6
1001 1521 1200 1592 Κύριος
1226 1522 1477 1592 ἐποίησεν

199 1621 288 1676 1ἓ.
339 1621 425 1672 Ἐν
445 1618 519 1688 τῷ
539 1616 747 1688 οὐρανῷ
771 1617 861 1669 καὶ
889 1617 944 1668 ὲν
977 1618 1041 1685 τῇ
1074 1618 1164 1685 γῇ,

195 1714 284 1768 15.
329 1713 412 1765 Ἐν
427 1713 540 1773 ταῖς
561 1710 854 1771 θαλάτταις
876 1709 966 1760 καὶ
982 1709 1038 1759 ὲν
1062 1707 1258 1769 πάσαις
1274 1709 1392 1769 ταῖς
1413 1705 1685 1767 ἀϐύσσοις.

193 1804 284 1856 My.
333 1804 566 1870 Ἀνάκτων
587 1801 809 1868 νεφέλας
840 1798 897 1864 ἐξ
921 1798 1146 1866 ἐσχάτου
1172 1797 1269 1866 τῆς
1296 1798 1417 1866 γῆς,

197 1897 290 1951 15.
339 1894 641 1966 Ἀστραπάς
672 1895 748 1956 εἰς
775 1893 925 1944 ὑετὸν
948 1891 1217 1960 ἐποίησεν.

197 1989 276 2058 (η)
317 1986 468 2042 Deest
492 1996 714 2055 uterque
745 1993 846 2038 art.
878 1984 906 2034 6

1011 382 1098 436 DE
1137 381 1411 438 TITULIS
1446 380 1891 436 PSALSIORL’M.
1929 410 1993 420 ——
2030 379 2221 438 PSAL.
2262 381 2541 439 CXXXIV.

3209 390 3349 446 1262

2154 496 2396 550 Alleluia.
2435 496 2636 550 PSAL.
2666 495 2899 550 CXXXI
2920 498 2974 553 V.

1864 615 1912 668 1.
1945 613 2182 670 Laudate
2212 633 2404 671 nomen
2442 617 2673 681 Domini,

1859 703 1911 756 2.
1945 702 2202 768 Laudate,
2233 707 2393 770 servi,
2429 706 2734 761 Dominum.

1858 794 1908 847 ὅ.
1947 794 2048 859 Qui
2077 798 2233 851 statis
2258 798 2310 850 in
2340 798 2500 851 domo
2526 797 2760 862 Domini,

1857 887 1911 940 4.
1942 885 1999 940 ln
2027 888 2180 942 atriis
2207 889 2400 942 domus
2432 888 2524 944 Dei
2559 892 2754 946 nostri.

1859 980 1912 1032 5.
1951 976 2190 1034 Laudate
2224 979 2529 1043 Dominum.
2566 984 2693 1053 quia
2729 983 2904 1042 bonus
2931 986 3192 1045 Dominus
3220 1006 3236 1021 '

1857 1069 1909 1124 6.
1946 1068 2166 1125 Psallite
2197 1074 2402 1127 nomini
2435 1075 2575 1144 ejus,
2607 1077 2864 1144 quoniam
2897 1094 3060 1135 suave

1858 1160 1908 1216 7.
1946 1161 2212 1228 Quoniam
2242 1162 2408 1218 Jacob
2438 1167 2596 1235 elegit
2628 1167 2729 1221 sibi
2765 1167 3046 1236 Dominus,

1855 1253 1908 1306 8.
1943 1251 2104 1308 Israel
2135 1255 2188 1309 in
2221 1258 2617 1326 possessionem
2645 1259 2748 1312 sibi
2783 1259 2938 1332 [sui].

1856 1346 1909 1401 9.
1938 1345 2073 1410 Quia
2105 1362 2205 1416 ego
2226 1350 2471 1417 cognovi,
2508 1351 2650 1420 quod
2683 1367 2910 1421 magnus
2935 1361 3016 1408 est
3042 1353 3338 1415 Dominus:

1863 1433 1945 1487 10.
1982 1434 2045 1486 Ει
2081 1434 2220 1489 Deus
2251 1449 2431 1491 noster
2453 1455 2560 1506 pra:
2593 1442 2843 1497 omnibus
2871 1443 2993 1499 diis.

1861 1527 1946 1580 11.
1980 1530 2164 1580 Omnia
2195 1545 2530 1600 quzecunque
2564 1533 2733 1587 voluit
2759 1535 3038 1602 Dominus,
3077 1537 3203 1594 fecit

1861 1617 1948 1670 12.
1979 1617 2032 1670 In
2066 1620 2223 1681 coelo,
2251 1622 2380 1674 etin
2413 1633 2573 1689 terra,

1861 1709 1944 1762 15.
1978 1709 2041 1762 Ει
2066 1711 2118 1763 in
2151 1715 2304 1775 mari,
2331 1723 2383 1766 et
2433 1715 2484 1767 in
2523 1717 2774 1771 omnibus
2805 1719 3034 1790 abyssis.

1863 1800 1950 1854 14.
1981 1801 2230 1859 Educcns
2258 1806 2428 1860 nubes
2461 1809 2530 1861 ab
2556 1819 2796 1864 extremo
2820 1821 2974 1866 terrae
3004 1831 3015 1863 :

1860 1894 1944 1947 15.
1981 1894 2214 1966 Fulgura
2250 1899 2299 1952 in
2331 1901 2564 1968 pluviam
2601 1901 2742 1957 fecit.

1245 2051 1608 2106 ATHANASII
1651 2050 2227 2110 INTERPRETATIO.

830 2150 906 2217 (ί)
951 2148 1251 2216 Explicatio
1281 2148 1425 2201 tituli
1461 2148 1615 2216 hujus
1643 2149 1834 2217 psalmi
1862 2149 2005 2203 deest
2037 2152 2090 2203 in
2131 2154 2308 2207 codice
2336 2154 2645 2211 Barbarino.

202 2243 252 2297 1.
294 2241 587 2296 Ἐπαινεῖτε
611 2239 708 2310 τὴν
732 2237 1039 2311 ὡραιότητα
1075 2237 1258 2292 αὑτοῦ.

195 2338 254 2392 2.
285 2338 347 2389 Ol.
380 2334 804 2405 ὑποτασσόμενοι
839 2333 1005 2403 αὐτῷ.

192 2425 248 2480 3.
274 2427 338 2478 Οἱ
362 2424 714 2491 ἀδιαλείπτως
731 2426 1121 2495 παριστάμενοι
1141 2427 1206 2494 τῇ
1225 2423 1430 2493 διανοίᾳ
1453 2421 1528 2492 τῷ
1550 2420 1685 2490 Θεῷ.

193 2517 250 2571 4.
301 2518 388 2570 Ἐν
413 2519 522 2579 τοῖς
545 2517 810 2589 οὐρανοῖς.

193 2608 248 2663 5.
283 2610 486 2662 Αίνείτε
517 2609 608 2660 τὸν
637 2607 850 2679 Κύριον,
883 2608 962 2659 ὅτι
994 2608 1052 2659 οὐ
1086 2606 1333 2676 βούλεταί
1357 2623 1478 2660 τινα
1507 2605 1692 2658 ἀπολέ-

105 2701 273 2764 σΘαι,
310 2699 444 2752 ἀλλὰ
469 2699 671 2761 πάντας
705 2698 783 2758 είς
818 2697 1102 2767 μετάνοιαν
1130 2695 1272 2748 θέλει
1314 2696 1389 2766 (‘2)
1425 2695 1687 2765 χωρῆσαι,

103 2795 220 2847 καὶ
247 2792 356 2844 τῶν
387 2790 616 2844 αἰωνίων
647 2788 810 2844 αὖτοῦ
833 2788 1053 2858 ἀγαθῶν
1089 2788 1418 2842 ἀπολαῦσαι.

195 2884 250 2940 6.
291 2885 594 2953 Ἀνυμνεῖτε
627 2880 787 2953 (5)τὸ
835 2882 1004 2950 ὄνομα
1047 2880 1210 2933 αὑτοῦ
1260 2882 1316 2931 ὲν
1367 2879 1562 2949 καρδία
1593 2898 1688 2932 κα-

101 2978 291 3047 Θαρᾷ,
313 2978 391 3030 ὅτι
418 2975 572 3028 τοῦτο
597 2977 722 3044 ὑμῖν
749 2974 1082 3043 ἀποϐήσεται
1109 2973 1190 3035 είς
1218 2971 1512 3042 σωτηρίαν.

195 3067 249 3120 7.
277 3067 398 3119 Ὀτι
424 3067 511 3118 τὸν
543 3065 668 3116 λαὸν
697 3064 786 3114 τὸν
810 3062 937 3115 ὄντα
979 3063 1118 3115 κατὰ
1146 3061 1238 3114 τὸν
1280 3059 1474 3116 Ἰακὼϐ
1513 3061 1686 3116 ἄπλα-

105 3176 251 3214 στον
283 3162 347 3229 τῇ
377 3157 571 3228 καρδία
603 3156 882 3222 ἐξελέξατο
909 3155 1084 3225 ἑαυτῷ
1117 3158 1144 3209 6
1177 3155 1391 3228 Κύριος.

197 3251 251 3306 8.
284 3250 362 3320 Τῇ
385 3248 461 3320 (4)
483 3247 678 3320 καρδία
699 3247 788 3301 τὸν
811 3247 942 3300 Θεὸν
968 3246 1251 3319 [ὁρῶντας]
1275 3248 1693 3319 περιεποιήσατο

107 3344 202 3405 εἰς
239 3339 463 3394 πλοῦτον
487 3337 694 3392 ἑαυτῶν
724 3337 811 3390 διὰ
844 3335 937 3388 τοῦ
975 3335 1104 3388 ἰδίου
1135 3335 1382 3406 αἵματος.

195 3433 249 3486 9.
287 3430 624 3492 Συνετισθεὶς
657 3430 785 3500 παρ’
815 3427 978 3481 αὐτοῦ
1008 3429 1249 3494 ἐπέγνων
1279 3428 1378 3496 τὴν
1415 3425 1692 3494 μεγαλειό-

104 3539 264 3593 τητα
289 3520 451 3574 αὑτοῦ
472 3521 557 3573 διὰ
585 3520 681 3590 τῆς
713 3516 892 3586 larido;
926 3516 1019 3570 τοῦ
1049 3516 1278 3570 Θανάτου
1312 3516 1495 3571 αὐτοῦ.

194 3613 285 3667 ιο.
317 3612 421 3666 Καὶ
445 3611 518 3681 (5)
542 3610 698 3673 αὐτὸς
718 3611 745 3662 ὁ
765 3608 962 3681 Κύριος
988 3610 1019 3680 ἡ
1029 3608 1142 3680 μῶν
1159 3607 1519 3680 δυνατώτερός
1546 3611 1689 3663 ἐστιν

109 3704 272 3775 ὑπὲρ
303 3703 505 3765 πάντας
531 3702 654 3765 τοὺς
697 3699 870 3765 θεοὺς,
917 3700 1074 3771 οἵπερ
1107 3701 1211 3754 elei.
1245 3699 1522 3770 λεγόμενοι
1571 3701 1687 3773 μὲν,

107 3797 226 3849 οὐκ
256 3795 408 3858 ὄντες
439 3792 493 3847 δὲ
527 3792 660 3856 θεοὶ,
691 3793 799 3845 εἴτε
827 3794 884 3844 ὲν
915 3791 994 3864 τῷ
1021 3791 1253 3864 οὐρανῷ,
1285 3791 1392 3844 εἴτε
1420 3794 1476 3845 ὲν
1501 3794 1566 3863 τῇ
1591 3795 1681 3864 γῇ.

199 3887 292 3950 11,
333 3887 416 3940 12.
450 3885 524 3955 (6)
560 3885 648 3954 Τῷ
673 3882 780 3953 γὰρ
824 3883 1120 3953 βουλήματι
1152 3883 1316 3936 αὑτοῦ
1355 3883 1526 3947 οὐδεὶς
1570 3884 1690 3939 οὔτε

109 3979 444 4048 ἀντιστῆναι
476 3976 722 4047 ἐδυνήθη,
754 3976 874 4028 οὕτε
911 3975 1246 4028 ἀνθίσταται.

191 4070 284 4126 15.
312 4067 415 4123 Καὶ
447 4069 503 4121 ἐν
552 4067 630 4138 τῷ
658 4066 890 4137 οὐρανῷ,
916 4066 1008 4120 καὶ
1041 4069 1096 4118 ὲν
1127 4069 1194 4137 τῇ
1224 4067 1318 4137 γῇ,
1365 4067 1460 4119 καὶ
1484 4069 1540 4120 ὲν
1581 4070 1692 4129 τοῖς

110 4164 287 4217 ὕδασι
304 4161 396 4214 τοῦ
431 4160 800 4232 βαπτίσματος
829 4161 883 4211 ἐν
916 4158 994 4227 τῷ
1046 4157 1259 4228 θανάτῳ
1296 4158 1488 4213 ἑαυτοῦ
1517 4159 1693 4212 πάντα

109 4259 227 4309 ὅσα
253 4254 536 4325 ἠθέλησεν,
584 4254 826 4325 ἐποίησε,
876 4254 965 4304 καὶ
995 4251 1092 4315 τὰς
1132 4252 1378 4314 ἐναντίας
1437 4252 1692 4323 δυνάμεις

113 4347 471 4417 συνέτριψεν.

200 4437 289 4493 14.
339 4439 452 4490 Ἐπ’
480 4436 706 4508 ἐσχάτου
730 4435 838 4488 τῶν
865 4433 1084 4506 ἡμερῶν
1113 4433 1201 4488 τοῦ
1232 4434 1436 4505 κόσμου
1459 4432 1692 4498 ἀνέδειξε

113 4530 415 4601 ⁸προφήτας
461 4529 586 4590 τοὺς
617 4529 743 4598 περὶ
776 4525 864 4579 τὸν
894 4524 1131 4594 Ἀγαὸον
1183 4523 1278 4595 (7),
1317 4524 1409 4577 καὶ
1436 4524 1695 4594 Συμεῶνα

120 4621 220 4674 τὸν
241 4618 572 4690 καλούμενον
608 4619 816 4690 Νῆγερ,
862 4618 957 4670 καὶ
983 4616 1208 4670 Λούκιον
1241 4615 1330 4669 τὸν
1373 4613 1692 4685 Κυρηναῖον,

131 4714 227 4770 uti.
258 4711 486 4782 Μαναῆν
506 4711 596 4764 τὸν
636 4710 871 4782 Ἡρώδου
917 4707 1010 4762 τοῦ
1052 4709 1346 4779 τετράρχου
1382 4706 1692 4778 σύντροφον.

203 4800 292 4855 15.
321 4800 458 4864 Τοὺς
482 4799 813 4860 ἀποστόλους
838 4797 1000 4852 αὑτοῦ
1028 4798 1237 4867 φαίνειν
1263 4797 1339 4867 τῷ
1370 4797 1557 4868 κόσμῳ
1585 4797 1695 4850 ἀπὸ

1862 2239 1913 2292 1.
1950 2240 2192 2297 Laudato
2216 2245 2669 2314 pulchritudinem
2696 2251 2834 2319 ejus,

1858 2333 1908 2385 2.
1947 2331 2049 2399 Qui
2077 2336 2124 2388 ei
2156 2337 2355 2391 subditi
2392 2340 2545 2394 estis.

1860 2424 1913 2477 5.
1952 2424 2324 2483 lndesinenter
2359 2441 2536 2484 mente
2567 2443 2807 2488 astantes
2835 2436 2963 2491 Deo.

1860 2517 1913 2568 4.
1948 2516 2003 2570 ln
2034 2518 2206 2574 caelis.

1861 2606 1912 2658 5.
1949 2604 2191 2662 Laudate
2230 2608 2556 2675 Dominum,
2608 2617 2863 2682 quoniam
2925 2619 3190 2673 neminem
3235 2624 3347 2677 vult

1792 2695 1987 2761 perire,
2041 2698 2134 2750 sed
2168 2713 2355 2752 omnes
2412 2703 2592 2755 venire
2648 2704 2710 2757 ad
2747 2706 3121 2773 pwnitentiam
3176 2709 3241 2774 “,
3293 2725 3346 2764 et

1789 2785 2006 2840 aeternis
2027 2787 2141 2843 suis
2169 2791 2324 2845 bonis
2351 2791 2476 2844 frui.

1859 2873 1914 2928 6.
1943 2873 2253 2932 Glorilicate
2287 2894 2483 2933 nomen
2519 2896 2635 2950 ejus
2692 2885 2854 2938 corde
2895 2900 3050 2953 puro,
3089 2889 3344 2956 quoniam

1792 2964 1844 3018 id
1873 2965 2029 3022 vobis
2059 2967 2250 3021 evadet
2285 2969 2340 3022 in
2366 2970 2613 3025 salutem.

1863 3056 1912 3110 7.
1949 3056 2216 3125 Quoniam
2247 3062 2526 3128 populum,
2556 3065 2774 3132 perinde
2800 3082 2862 3122 ac
2884 3066 3162 3135 Iacobum,
3190 3070 3349 3126 cordo

1794 3152 2121 3222 simplicem,
2152 3150 2255 3206 sibi
2281 3151 2442 3219 elegit
2478 3151 2757 3210 Dominus.

1863 3245 1915 3299 8.
1945 3243 2118 3299 Corde
2139 3242 2304 3298 Deum
2323 3243 2607 3316 [videntes]
2626 3250 3031 3318 acquisivitsibi
3054 3255 3105 3307 in
3136 3255 3349 3310 divitias

1792 3350 1888 3405 per
1914 3336 2194 3404 proprium
2227 3334 2565 3405 sanguinem.

1863 3426 1913 3478 9.
1943 3426 2024 3479 Ab
2057 3409 2175 3494 ipso
2205 3427 2428 3481 edoctus
2457 3430 2682 3497 cognovi
2737 3434 3159 3502 magnitudinem
3195 3451 3346 3493 suam

1720 3518 1760 3575 C
1795 3528 1888 3583 per
1922 3512 2175 3567 virtutem
2216 3516 2409 3569 mortis
2448 3518 2585 3584 ejus.

1863 3603 1948 3656 10.
1982 3604 2047 3657 Et
2079 3606 2192 3674 ipse
2221 3604 2484 3662 Dominus
2539 3618 2721 3664 noster
2761 3615 3026 3679 potentior
3068 3626 3149 3671 est
3191 3633 3349 3688 super

1791 3708 1981 3752 omnes
2004 3697 2156 3762 deos,
2185 3697 2278 3767 qui
2303 3699 2405 3752 etsi
2447 3699 2704 3756 dicuntur
2735 3701 2831 3768 dii,
2866 3719 3050 3759 revera
3071 3722 3176 3761 non
3197 3721 3345 3773 sunt,

1791 3789 1903 3843 sive
1937 3789 1988 3842 in
2019 3791 2178 3852 coelo,
2216 3793 2328 3845 sive
2361 3792 2415 3846 in
2442 3803 2589 3848 terra
2620 3794 2689 3850 ”.

1863 3882 1950 3949 11,
1981 3884 2066 3936 1⁵2..
2098 3882 2231 3936 Nam
2282 3886 2546 3940 voluntati
2579 3888 2700 3956 ejus
2744 3905 2905 3944 nemo
2955 3893 3204 3946 resistere
3254 3909 3350 3962 po-

1792 3983 1914 4038 test,
1943 3990 2117 4044 neque
2147 3977 2368 4032 resistit.

1861 4067 1944 4120 l3.
1982 4066 2047 4122 Et
2077 4067 2130 4122 in
2158 4069 2317 4132 cmlo,
2347 4079 2400 4124 et
2441 4072 2493 4124 in
2533 4081 2698 4138 terra,
2727 4082 2781 4127 et
2815 4074 2869 4128 in
2897 4076 3053 4145 aquis
3095 4075 3346 4146 baptismi

1792 4159 1847 4212 in
1879 4169 2051 4214 morte
2074 4177 2172 4215 sua
2197 4165 2400 4228 omnia,
2423 4180 2757 4236 quacunque
2784 4168 2956 4223 voluit
2986 4169 3130 4233 fecit,
3152 4183 3350 4224 edon—

1794 4252 1990 4307 trarias
2025 4261 2320 4323 potestates
2345 4256 2619 4310 contrivit.

1867 4433 1950 4487 14.
1991 4431 2210 4490 Ultimis
2262 4437 2453 4491 diebus
2516 4438 2702 4492 mundi
2762 4441 2999 4494 ostendit
3062 4441 3349 4510 prophetas

1795 4526 2036 4595 Agabum
2066 4537 2118 4581 et
2148 4526 2444 4592 Simonem,
2480 4530 2570 4598 qui
2595 4530 2882 4584 vocabatur
2914 4531 3098 4600 Niger,
3143 4541 3195 4586 et
3240 4531 3349 4586 Lu-

1796 4619 1937 4672 cium
1959 4617 2325 4689 Cyrenensem
2352 4663 2367 4688 ,
2410 4631 2463 4674 et
2494 4621 2780 4689 Manahen,
2816 4623 2909 4692 qui
2963 4632 3077 4676 erat
3126 4623 3351 4679 Herodis

1799 4711 2082 4765 tetrarcha:
2113 4712 2476 4768 collactaneus
2511 4714 2575 4768 ".

1871 4803 1956 4856 15.
2016 4803 2307 4873 Apostolos
2374 4806 2491 4874 ejus
2555 4822 2812 4876 apparere
2861 4807 2984 4861 fecit
3025 4809 3226 4863 mundo
3287 4810 3352 4860 ab

132 4891 406 4950 ὶνατολῶν
438 4891 514 4963 (8)
543 4891 635 4944 καὶ
664 4891 765 4952 ἕως
789 4889 1028 4960 δυσμῶν,
1055 4887 1145 4941 καὶ
1179 4888 1252 4950 ὡς
1274 4886 1427 4939 ὑετὸν
1450 4888 1694 4942 κατιέναι.
1724 4868 1765 4923 D

1797 4895 2002 4947 oriente
2031 4868 2198 4964 usque
2250 4895 2302 4949 in
2344 4868 2768 4959 oc'cidentem,et
2803 4897 2966 4952 veluti
2999 4897 3230 4967 pluviam
3262 4897 3356 4950 de—

127 4986 218 5038 τὸν
250 4981 407 5050 λόγον
435 4981 612 5036 αὐτῶν
642 4981 720 5042 είς
745 4978 840 5049 τὴν
864 4978 1089 5050 καρδίαν
1111 4979 1206 5047 τὴν
1234 4977 1295 5046 ξη
1306 4977 1585 5047 ρανθεῖσαν
1610 4979 1696 5033 διὰ

1795 4985 2054 5041 scendere
2108 5001 2410 5042 sermonem
2445 5004 2631 5042 eorum
2683 4990 2734 5042 in
2764 5005 2857 5044 cor
2887 4988 3183 5044 arefactum
3225 5003 3352 5057 pec-

119 5075 228 5140 τῆς
254 5072 546 5144 ἁμαρτίας.

201 5168 249 5196 ’⁵
279 5149 492 5217 ἸΙΡειικ
538 5179 619 5227 ιιι,
646 5163 697 5218 9.
765 5161 855 5216 "l
892 5161 1015 5214 Cor.
1056 5178 1173 5224 vm,
1197 5164 1249 5216 5.
1329 5165 1373 5193 ³⁸
1410 5165 1526 5216 Act.
1553 5180 1672 5226 xm,
1699 5166 1747 5218 l.

1796 5078 1948 5132 catis.

1075 5254 1381 5315 Addenda
1418 5263 1477 5316 et
1509 5258 1880 5338 corrigenda
1930 5280 2006 5322 ex
2040 5263 2178 5324 cod.
2218 5265 2409 5325 Velie.

201 5357 283 5427 (1)
317 5357 379 5412 Ἥ
396 5356 724 5445 προκειμένη
742 5357 1018 5439 ἐπιγραφὴ
1043 5357 1179 5480 illiti
1205 5358 1298 5428 τῆς
1325 5359 1690 5442 κινναϐάρεως

207 5427 398 5480 οιέγει·
454 5427 770 5480 Αλληλουια.
807 5428 977 5480 Τουτο
1015 5444 1047 5480 γ
1091 5445 1120 5480 ο
1170 5429 1531 5480 ὲουειινευεται
1575 5429 1690 5480 Ἀλ-

121 5427 398 5499 τεριέχει·
441 5427 770 5499 mappam.
807 5428 977 5499 Τοῦτο
1015 5427 1120 5499 γὰρ

118 5495 357 5570 ληλουῖα
381 5536 396 5561 ,
447 5495 593 5570 ὅπερ
622 5497 770 5570 δηλοῖ
794 5500 822 5550 6
868 5495 1285 5570 πρῶτοςςστίχος
1335 5498 1428 5551 τοῦ
1457 5499 1691 5570 ψαλμοῦ,

120 5566 404 5637 ⁸τουτέστιν
424 5582 437 5596 ο
470 5566 695 5627 Αἰνεῖτε,
720 5566 934 5636 ὑμνεῖτε
964 5570 1052 5620 τὸν
1079 5566 1289 5637 Κύριον.

202 5636 284 5698 (ΕΞ)
314 5636 466 5688 Θέλει
502 5654 606 5689 non
643 5637 855 5703 legitur.

200 5707 279 5774 (Ξ)
326 5707 633 5776 Ἀνυμνεῐτε
662 5708 821 5760 αὑτὸν
854 5710 910 5760 ἐν
939 5708 1152 5776 καρδία,
1179 5717 1280 5761 etc.

204 5777 282 5844 (4)
329 5777 542 5848 Ἰσραὴλ
566 5778 591 5828 ἐ
637 5777 920 5847 μηνεὺεται
941 5779 1076 5848 ἀνὴρ
1103 5779 1238 5847 ὀρῶν
1266 5778 1417 5839 Θεὸν,
1453 5780 1543 5830 καὶ
1572 5779 1693 5842 νοῦς

204 5847 274 5899 ῶν
302 5846 430 5899 Θεόν
453 5862 464 5873 ·
487 5846 577 5899 τὸν
600 5794 725 5899 λαὸν
749 5850 836 5899 τὸν
865 5847 1093 5899 ὁρῶντα.
1125 5851 1187 5899 τῆ
1222 5848 1414 5899 καρδία
1448 5851 1535 5899 τὸν
1561 5849 1689 5899 Θεὸν

124 5847 274 5916 ἐρῶν
302 5846 430 5900 Θεόν
453 5862 464 5873 ·
487 5846 577 5900 τὸν
601 5846 725 5900 λαὸν
749 5850 836 5902 τὸν
865 5846 1093 5919 ὁρῶντα,
1125 5846 1189 5918 τῇ
1222 5848 1414 5920 καρδία
1448 5851 1535 5902 τὸν
1561 5849 1689 5903 Θεὸν

1170 5428 1531 5498 ἑρμηνεύεται
1559 5428 1693 5484 ’Ἄλ-

1799 5367 2219 5438 περι-εποιήσατο
2244 5369 2322 5430 είς
2359 5366 2583 5421 πλοῦτον
2610 5369 2786 5438 ἐαυτῷ
2808 5370 2912 5434 διά,
2942 5382 3043 5424 etc.

1889 5435 1941 5503 εἰ)
1968 5433 2171 5489 Καϊὸτι
2208 5438 2390 5500 αὑτός,
2415 5445 2517 5492 etc.

1864 5504 2032 5579 (6)
2069 5508 2152 5579 11.
2185 5507 2425 5579 Τῷ,νρι‹;.
2473 5509 2876 5579 ’ῌῨδυνήθῃοια
2913 5513 2977 5565 Ν.
3014 5511 3098 5568 12.
3137 5509 3220 5561 15.
3255 5507 3360 5563 Καὶ

1793 5575 1836 5626 ὲ.
1872 5592 1921 5650 ἱ.
1951 5576 2031 5650 ου.
2069 5576 2195 5646 γὰρ,
2224 5575 2334 5650 καθ
2365 5588 2475 5650 etc.
2506 5578 2611 5634 Καὶ
2645 5583 2700 5632 ὲν
2723 5575 2806 5650 ’τῷ
2841 5581 3071 5650 θανάτῳ,
3107 5589 3210 5633 etc.

1862 5646 1937 5715 (7)
1956 5647 2150 5715 Ἀγαό,
2178 5650 2266 5699 καὶ
2295 5649 2576 5718 Συμεῶνα,
2598 5653 2690 5702 rel.
2723 5646 2913 5706 desunt
2948 5646 3116 5720 usque
3143 5651 3362 5722 σύντρο-

1792 5731 1908 5766 εον.

1804 5769 1814 5781 ’
1863 5782 1937 5853 (8)
1977 5787 2107 5839 Ἀπὸ
2133 5787 2402 5842 ἀνατολῶν
2428 5790 2530 5855 ἕως
2561 5791 2778 5858 δυσμῶν
2807 5791 2984 5846 αὐτῶν
3008 5795 3083 5856 εἰς
3113 5796 3231 5866 τήν,
3251 5803 3355 5851 etc.
