  <div class='ocr_page' id='page_1' title='image "/cluster/home/n/w/nwhite01/storage/ocr_20150623/27/pst.000005712182/639.png"; bbox 0 0 4052 6332; ppageno 0'>
   <div class='ocr_carea' id='block_1_1' title="bbox 690 349 825 404">
    <p class='ocr_par' dir='ltr' id='par_1_1' title="bbox 690 349 825 404">
     <span class='ocr_line' id='line_1_1' title="bbox 690 349 825 404; baseline 0 0"><span class='ocrx_word' id='word_1_1' title='bbox 690 349 825 404; x_wconf 77' lang='grc'><strong>1263</strong></span> 
     </span>
    </p>
   </div>
   <div class='ocr_carea' id='block_1_2' title="bbox 759 463 2046 537">
    <p class='ocr_par' dir='ltr' id='par_1_2' title="bbox 759 463 2046 537">
     <span class='ocr_line' id='line_1_2' title="bbox 759 463 2046 537; baseline -0.004 -14"><span class='ocrx_word' id='word_1_2' title='bbox 759 468 845 524; x_wconf 92' lang='grc'><strong>16.</strong></span> <span class='ocrx_word' id='word_1_3' title='bbox 880 467 982 535; x_wconf 85' lang='lat' dir='ltr'><strong>Qui</strong></span> <span class='ocrx_word' id='word_1_4' title='bbox 1016 465 1262 537; x_wconf 79' lang='lat' dir='ltr'><strong>producit</strong></span> <span class='ocrx_word' id='word_1_5' title='bbox 1288 471 1480 520; x_wconf 90' lang='lat' dir='ltr'><strong>ventos</strong></span> <span class='ocrx_word' id='word_1_6' title='bbox 1505 463 1572 519; x_wconf 86' lang='lat' dir='ltr'><strong>de</strong></span> <span class='ocrx_word' id='word_1_7' title='bbox 1602 465 1875 520; x_wconf 71' lang='lat' dir='ltr'><strong>thesauris</strong></span> <span class='ocrx_word' id='word_1_8' title='bbox 1910 466 2046 520; x_wconf 91' lang='lat' dir='ltr'><strong>suis.</strong></span> 
     </span>
    </p>
   </div>
   <div class='ocr_carea' id='block_1_3' title="bbox 760 555 1944 628">
    <p class='ocr_par' dir='ltr' id='par_1_3' title="bbox 760 555 1944 628">
     <span class='ocr_line' id='line_1_3' title="bbox 760 555 1944 628; baseline -0.004 -15"><span class='ocrx_word' id='word_1_9' title='bbox 760 559 843 613; x_wconf 83' lang='grc'><strong>17.</strong></span> <span class='ocrx_word' id='word_1_10' title='bbox 877 558 979 626; x_wconf 87' lang='lat' dir='ltr'><strong>Qui</strong></span> <span class='ocrx_word' id='word_1_11' title='bbox 1011 558 1278 628; x_wconf 91' lang='lat' dir='ltr'><strong>percussit</strong></span> <span class='ocrx_word' id='word_1_12' title='bbox 1305 555 1664 627; x_wconf 73' lang='lat' dir='ltr'><strong>primogenita</strong></span> <span class='ocrx_word' id='word_1_13' title='bbox 1701 555 1944 628; x_wconf 65' lang='grc' dir='ltr'><strong>Ᾰ-Ξεγριὶ,</strong></span> 
     </span>
    </p>
   </div>
   <div class='ocr_carea' id='block_1_4' title="bbox 761 649 1740 720">
    <p class='ocr_par' dir='ltr' id='par_1_4' title="bbox 761 649 1740 720">
     <span class='ocr_line' id='line_1_4' title="bbox 761 649 1740 720; baseline -0.003 -14"><span class='ocrx_word' id='word_1_14' title='bbox 761 654 845 710; x_wconf 85' lang='grc'><strong>18.</strong></span> <span class='ocrx_word' id='word_1_15' title='bbox 889 654 970 707; x_wconf 84' lang='lat' dir='ltr'><strong>Ab</strong></span> <span class='ocrx_word' id='word_1_16' title='bbox 998 654 1221 708; x_wconf 89' lang='lat' dir='ltr'><strong>homine</strong></span> <span class='ocrx_word' id='word_1_17' title='bbox 1247 665 1422 720; x_wconf 90' lang='lat' dir='ltr'><strong>usque</strong></span> <span class='ocrx_word' id='word_1_18' title='bbox 1454 649 1520 704; x_wconf 88' lang='lat' dir='ltr'><strong>ad</strong></span> <span class='ocrx_word' id='word_1_19' title='bbox 1554 664 1740 719; x_wconf 89' lang='lat' dir='ltr'><strong>pecus.</strong></span> 
     </span>
    </p>
   </div>
   <div class='ocr_carea' id='block_1_5' title="bbox 761 740 1599 815">
    <p class='ocr_par' dir='ltr' id='par_1_5' title="bbox 761 740 1599 815">
     <span class='ocr_line' id='line_1_5' title="bbox 761 740 1599 815; baseline -0.004 -18"><span class='ocrx_word' id='word_1_20' title='bbox 761 746 845 800; x_wconf 87' lang='grc'><strong>19.</strong></span> <span class='ocrx_word' id='word_1_21' title='bbox 888 744 1032 800; x_wconf 80' lang='lat' dir='ltr'><strong>Misit</strong></span> <span class='ocrx_word' id='word_1_22' title='bbox 1071 744 1226 815; x_wconf 85' lang='lat' dir='ltr'><strong>signa</strong></span> <span class='ocrx_word' id='word_1_23' title='bbox 1270 751 1323 796; x_wconf 91' lang='lat' dir='ltr'><strong>et</strong></span> <span class='ocrx_word' id='word_1_24' title='bbox 1357 740 1599 812; x_wconf 86' lang='lat' dir='ltr'><strong>prodigia</strong></span> 
     </span>
    </p>
   </div>
   <div class='ocr_carea' id='block_1_6' title="bbox 757 830 1571 904">
    <p class='ocr_par' dir='ltr' id='par_1_6' title="bbox 757 830 1571 904">
     <span class='ocr_line' id='line_1_6' title="bbox 757 830 1571 904; baseline -0.005 -15"><span class='ocrx_word' id='word_1_25' title='bbox 757 835 848 889; x_wconf 91' lang='grc'><strong>20.</strong></span> <span class='ocrx_word' id='word_1_26' title='bbox 894 836 950 890; x_wconf 93' lang='lat' dir='ltr'><strong>In</strong></span> <span class='ocrx_word' id='word_1_27' title='bbox 982 834 1162 889; x_wconf 92' lang='lat' dir='ltr'><strong>medio</strong></span> <span class='ocrx_word' id='word_1_28' title='bbox 1192 833 1291 897; x_wconf 92' lang='lat' dir='ltr'><strong>tui,</strong></span> <span class='ocrx_word' id='word_1_29' title='bbox 1321 830 1571 904; x_wconf 64' lang='lat' dir='ltr'><strong>.‘Egypte,</strong></span> 
     </span>
    </p>
   </div>
   <div class='ocr_carea' id='block_1_7' title="bbox 756 921 2010 989">
    <p class='ocr_par' dir='ltr' id='par_1_7' title="bbox 756 921 2010 989">
     <span class='ocr_line' id='line_1_7' title="bbox 756 921 2010 989; baseline -0.01 -4"><span class='ocrx_word' id='word_1_30' title='bbox 756 931 845 985; x_wconf 87' lang='grc'><strong>21.</strong></span> <span class='ocrx_word' id='word_1_31' title='bbox 892 929 947 983; x_wconf 89' lang='lat' dir='ltr'><strong>In</strong></span> <span class='ocrx_word' id='word_1_32' title='bbox 979 928 1340 989; x_wconf 90' lang='lat' dir='ltr'><strong>Pharaonem,</strong></span> <span class='ocrx_word' id='word_1_33' title='bbox 1371 933 1424 979; x_wconf 92' lang='lat' dir='ltr'><strong>et</strong></span> <span class='ocrx_word' id='word_1_34' title='bbox 1455 938 1645 979; x_wconf 88' lang='lat' dir='ltr'><strong>omnes</strong></span> <span class='ocrx_word' id='word_1_35' title='bbox 1671 937 1856 978; x_wconf 79' lang='lat' dir='ltr'><strong>servos</strong></span> <span class='ocrx_word' id='word_1_36' title='bbox 1895 921 2010 983; x_wconf 67' lang='lat' dir='ltr'><strong>eius</strong></span> 
     </span>
    </p>
   </div>
   <div class='ocr_carea' id='block_1_8' title="bbox 756 1016 1780 1090">
    <p class='ocr_par' dir='ltr' id='par_1_8' title="bbox 756 1016 1780 1090">
     <span class='ocr_line' id='line_1_8' title="bbox 756 1016 1780 1090; baseline -0.006 -15"><span class='ocrx_word' id='word_1_37' title='bbox 756 1023 850 1076; x_wconf 86' lang='lat'><strong>22.</strong></span> <span class='ocrx_word' id='word_1_38' title='bbox 893 1021 995 1087; x_wconf 84' lang='lat' dir='ltr'><strong>Qui</strong></span> <span class='ocrx_word' id='word_1_39' title='bbox 1025 1019 1294 1090; x_wconf 89' lang='lat' dir='ltr'><strong>percussit</strong></span> <span class='ocrx_word' id='word_1_40' title='bbox 1323 1026 1512 1090; x_wconf 86' lang='lat' dir='ltr'><strong>gentes</strong></span> <span class='ocrx_word' id='word_1_41' title='bbox 1537 1016 1736 1072; x_wconf 89' lang='lat' dir='ltr'><strong>multas</strong></span> <span class='ocrx_word' id='word_1_42' title='bbox 1771 1037 1780 1069; x_wconf 90' lang='lat'><strong>:</strong></span> 
     </span>
    </p>
   </div>
   <div class='ocr_carea' id='block_1_9' title="bbox 755 1109 1590 1182">
    <p class='ocr_par' dir='ltr' id='par_1_9' title="bbox 755 1109 1590 1182">
     <span class='ocr_line' id='line_1_9' title="bbox 755 1109 1590 1182; baseline -0.005 -15"><span class='ocrx_word' id='word_1_43' title='bbox 755 1115 846 1168; x_wconf 78' lang='lat'><strong>23.</strong></span> <span class='ocrx_word' id='word_1_44' title='bbox 889 1112 954 1167; x_wconf 92' lang='lat' dir='ltr'><strong>Et</strong></span> <span class='ocrx_word' id='word_1_45' title='bbox 979 1113 1178 1168; x_wconf 87' lang='lat' dir='ltr'><strong>occidit</strong></span> <span class='ocrx_word' id='word_1_46' title='bbox 1213 1126 1370 1182; x_wconf 88' lang='lat' dir='ltr'><strong>reges</strong></span> <span class='ocrx_word' id='word_1_47' title='bbox 1399 1109 1590 1165; x_wconf 79' lang='lat' dir='ltr'><strong>fortes.</strong></span> 
     </span>
    </p>
   </div>
   <div class='ocr_carea' id='block_1_10' title="bbox 755 1202 1789 1275">
    <p class='ocr_par' dir='ltr' id='par_1_10' title="bbox 755 1202 1789 1275">
     <span class='ocr_line' id='line_1_10' title="bbox 755 1202 1789 1275; baseline -0.006 -16"><span class='ocrx_word' id='word_1_48' title='bbox 755 1205 844 1260; x_wconf 88' lang='grc'><strong>24.</strong></span> <span class='ocrx_word' id='word_1_49' title='bbox 889 1204 1067 1260; x_wconf 89' lang='lat' dir='ltr'><strong>Sehon</strong></span> <span class='ocrx_word' id='word_1_50' title='bbox 1099 1219 1280 1275; x_wconf 89' lang='lat' dir='ltr'><strong>regem</strong></span> <span class='ocrx_word' id='word_1_51' title='bbox 1312 1202 1751 1257; x_wconf 68' lang='lat' dir='ltr'><strong>Amorrhaaorum</strong></span> <span class='ocrx_word' id='word_1_52' title='bbox 1779 1219 1789 1252; x_wconf 92' lang='lat'>:</span> 
     </span>
    </p>
   </div>
   <div class='ocr_carea' id='block_1_11' title="bbox 757 1293 1503 1368">
    <p class='ocr_par' dir='ltr' id='par_1_11' title="bbox 757 1293 1503 1368">
     <span class='ocr_line' id='line_1_11' title="bbox 757 1293 1503 1368; baseline -0.005 -16"><span class='ocrx_word' id='word_1_53' title='bbox 757 1297 847 1352; x_wconf 86' lang='grc'><strong>25.</strong></span> <span class='ocrx_word' id='word_1_54' title='bbox 892 1294 1058 1367; x_wconf 75' lang='lat' dir='ltr'><strong>litOg</strong></span> <span class='ocrx_word' id='word_1_55' title='bbox 1098 1310 1275 1368; x_wconf 91' lang='lat' dir='ltr'><strong>regem</strong></span> <span class='ocrx_word' id='word_1_56' title='bbox 1306 1293 1503 1359; x_wconf 86' lang='lat' dir='ltr'><strong>Basan,</strong></span> 
     </span>
    </p>
   </div>
   <div class='ocr_carea' id='block_1_12' title="bbox 757 1383 1676 1456">
    <p class='ocr_par' dir='ltr' id='par_1_12' title="bbox 757 1383 1676 1456">
     <span class='ocr_line' id='line_1_12' title="bbox 757 1383 1676 1456; baseline -0.007 -15"><span class='ocrx_word' id='word_1_57' title='bbox 757 1387 848 1441; x_wconf 83' lang='lat'><strong>26.</strong></span> <span class='ocrx_word' id='word_1_58' title='bbox 888 1386 952 1441; x_wconf 88' lang='lat' dir='ltr'><strong>Et</strong></span> <span class='ocrx_word' id='word_1_59' title='bbox 984 1386 1165 1442; x_wconf 83' lang='lat' dir='ltr'><strong>omnia</strong></span> <span class='ocrx_word' id='word_1_60' title='bbox 1196 1399 1362 1456; x_wconf 84' lang='lat' dir='ltr'><strong>regna</strong></span> <span class='ocrx_word' id='word_1_61' title='bbox 1393 1383 1676 1438; x_wconf 79' lang='lat' dir='ltr'><strong>Chanaan.</strong></span> 
     </span>
    </p>
   </div>
   <div class='ocr_carea' id='block_1_13' title="bbox 755 1473 1969 1538">
    <p class='ocr_par' dir='ltr' id='par_1_13' title="bbox 755 1473 1969 1538">
     <span class='ocr_line' id='line_1_13' title="bbox 755 1473 1969 1538; baseline -0.007 -4"><span class='ocrx_word' id='word_1_62' title='bbox 755 1479 842 1534; x_wconf 84' lang='lat'><strong>27.</strong></span> <span class='ocrx_word' id='word_1_63' title='bbox 887 1478 949 1533; x_wconf 87' lang='lat' dir='ltr'><strong>Et</strong></span> <span class='ocrx_word' id='word_1_64' title='bbox 976 1477 1122 1532; x_wconf 87' lang='lat' dir='ltr'><strong>dedit</strong></span> <span class='ocrx_word' id='word_1_65' title='bbox 1149 1484 1346 1532; x_wconf 87' lang='lat' dir='ltr'><strong>terram</strong></span> <span class='ocrx_word' id='word_1_66' title='bbox 1369 1491 1557 1532; x_wconf 89' lang='lat' dir='ltr'><strong>eorum</strong></span> <span class='ocrx_word' id='word_1_67' title='bbox 1586 1473 1969 1538; x_wconf 67' lang='lat' dir='ltr'><strong>lmreditatcm,</strong></span> 
     </span>
    </p>
   </div>
   <div class='ocr_carea' id='block_1_14' title="bbox 755 1565 1846 1638">
    <p class='ocr_par' dir='ltr' id='par_1_14' title="bbox 755 1565 1846 1638">
     <span class='ocr_line' id='line_1_14' title="bbox 755 1565 1846 1638; baseline -0.007 -11"><span class='ocrx_word' id='word_1_68' title='bbox 755 1572 845 1627; x_wconf 89' lang='lat'><strong>28.</strong></span> <span class='ocrx_word' id='word_1_69' title='bbox 888 1570 1264 1626; x_wconf 30' lang='lat' dir='ltr'><strong>l‘lmreditatem</strong></span> <span class='ocrx_word' id='word_1_70' title='bbox 1306 1569 1468 1625; x_wconf 81' lang='lat' dir='ltr'><strong>Israel</strong></span> <span class='ocrx_word' id='word_1_71' title='bbox 1500 1565 1698 1638; x_wconf 90' lang='lat' dir='ltr'><strong>populo</strong></span> <span class='ocrx_word' id='word_1_72' title='bbox 1724 1581 1846 1620; x_wconf 88' lang='lat' dir='ltr'><strong>suo.</strong></span> 
     </span>
    </p>
   </div>
   <div class='ocr_carea' id='block_1_15' title="bbox 757 1661 1973 1725">
    <p class='ocr_par' dir='ltr' id='par_1_15' title="bbox 757 1661 1973 1725">
     <span class='ocr_line' id='line_1_15' title="bbox 757 1661 1973 1725; baseline -0.007 -4"><span class='ocrx_word' id='word_1_73' title='bbox 757 1666 845 1721; x_wconf 86' lang='lat'><strong>29.</strong></span> <span class='ocrx_word' id='word_1_74' title='bbox 887 1664 1132 1725; x_wconf 91' lang='lat' dir='ltr'><strong>Domine.</strong></span> <span class='ocrx_word' id='word_1_75' title='bbox 1164 1678 1358 1719; x_wconf 87' lang='lat' dir='ltr'><strong>nomen</strong></span> <span class='ocrx_word' id='word_1_76' title='bbox 1400 1673 1552 1717; x_wconf 93' lang='lat' dir='ltr'><strong>tuum</strong></span> <span class='ocrx_word' id='word_1_77' title='bbox 1588 1661 1640 1715; x_wconf 92' lang='lat' dir='ltr'><strong>in</strong></span> <span class='ocrx_word' id='word_1_78' title='bbox 1669 1668 1928 1715; x_wconf 71' lang='lat' dir='ltr'><strong>aeternum</strong></span> <span class='ocrx_word' id='word_1_79' title='bbox 1960 1677 1973 1713; x_wconf 78' lang='lat' dir='ltr'><strong><em>z</em></strong></span> 
     </span>
    </p>
   </div>
   <div class='ocr_carea' id='block_1_16' title="bbox 758 1751 2261 1824">
    <p class='ocr_par' dir='ltr' id='par_1_16' title="bbox 758 1751 2261 1824">
     <span class='ocr_line' id='line_1_16' title="bbox 758 1751 2261 1824; baseline -0.004 -12"><span class='ocrx_word' id='word_1_80' title='bbox 758 1757 845 1813; x_wconf 84' lang='grc'><strong>50.</strong></span> <span class='ocrx_word' id='word_1_81' title='bbox 889 1758 953 1811; x_wconf 89' lang='lat' dir='ltr'><strong>Et</strong></span> <span class='ocrx_word' id='word_1_82' title='bbox 992 1755 1308 1812; x_wconf 88' lang='lat' dir='ltr'><strong>memoriale</strong></span> <span class='ocrx_word' id='word_1_83' title='bbox 1345 1763 1498 1810; x_wconf 91' lang='lat' dir='ltr'><strong>tuum</strong></span> <span class='ocrx_word' id='word_1_84' title='bbox 1533 1752 1587 1808; x_wconf 93' lang='lat' dir='ltr'><strong>in</strong></span> <span class='ocrx_word' id='word_1_85' title='bbox 1620 1751 2027 1824; x_wconf 80' lang='lat' dir='ltr'><strong>generationem</strong></span> <span class='ocrx_word' id='word_1_86' title='bbox 2073 1763 2129 1807; x_wconf 90' lang='lat' dir='ltr'><strong>et</strong></span> <span class='ocrx_word' id='word_1_87' title='bbox 2169 1765 2261 1823; x_wconf 80' lang='lat' dir='ltr'><strong>ge-</strong></span> 
     </span>
    </p>
   </div>
   <div class='ocr_carea' id='block_1_17' title="bbox 691 1850 1041 1906">
    <p class='ocr_par' dir='ltr' id='par_1_17' title="bbox 691 1850 1041 1906">
     <span class='ocr_line' id='line_1_17' title="bbox 691 1850 1041 1906; baseline -0.011 -1"><span class='ocrx_word' id='word_1_88' title='bbox 691 1850 1041 1906; x_wconf 83' lang='lat' dir='ltr'><strong>nerationem.</strong></span> 
     </span>
    </p>
   </div>
   <div class='ocr_carea' id='block_1_18' title="bbox 1531 340 3040 399">
    <p class='ocr_par' dir='ltr' id='par_1_18' title="bbox 1531 340 3040 399">
     <span class='ocr_line' id='line_1_18' title="bbox 1531 340 3040 399; baseline 0.001 -2"><span class='ocrx_word' id='word_1_89' title='bbox 1531 342 1586 397; x_wconf 89' lang='lat' dir='ltr'><strong>S.</strong></span> <span class='ocrx_word' id='word_1_90' title='bbox 1631 340 1995 396; x_wconf 75' lang='lat' dir='ltr'><strong>ATIIANASII</strong></span> <span class='ocrx_word' id='word_1_91' title='bbox 2030 341 2178 397; x_wconf 82' lang='lat' dir='ltr'><strong>OPP.</strong></span> <span class='ocrx_word' id='word_1_92' title='bbox 2223 341 2401 396; x_wconf 78' lang='lat' dir='ltr'><strong>PARS</strong></span> <span class='ocrx_word' id='word_1_93' title='bbox 2431 342 2518 397; x_wconf 71' lang='lat' dir='ltr'><strong>lil.</strong></span> <span class='ocrx_word' id='word_1_94' title='bbox 2550 373 2615 382; x_wconf 90' lang='lat'><strong>—-</strong></span> <span class='ocrx_word' id='word_1_95' title='bbox 2637 341 3040 399; x_wconf 73' lang='lat' dir='ltr'><strong>EXEGETICA.</strong></span> 
     </span>
    </p>
   </div>
   <div class='ocr_carea' id='block_1_19' title="bbox 3801 342 3923 399">
    <p class='ocr_par' dir='ltr' id='par_1_19' title="bbox 3801 342 3923 399">
     <span class='ocr_line' id='line_1_19' title="bbox 3801 342 3923 399; baseline 0.008 -2"><span class='ocrx_word' id='word_1_96' title='bbox 3801 342 3923 399; x_wconf 74' lang='grc'><strong>1264</strong></span> 
     </span>
    </p>
   </div>
   <div class='ocr_carea' id='block_1_20' title="bbox 2280 462 3736 537">
    <p class='ocr_par' dir='ltr' id='par_1_20' title="bbox 2280 462 3736 537">
     <span class='ocr_line' id='line_1_20' title="bbox 2280 462 3736 537; baseline -0.001 -18"><span class='ocrx_word' id='word_1_97' title='bbox 2280 472 2323 527; x_wconf 82' lang='grc' dir='ltr'><strong>Α</strong></span> <span class='ocrx_word' id='word_1_98' title='bbox 2426 464 2506 519; x_wconf 89' lang='grc'><strong>16.</strong></span> <span class='ocrx_word' id='word_1_99' title='bbox 2552 465 2608 518; x_wconf 91' lang='lat'><strong>&#39;0</strong></span> <span class='ocrx_word' id='word_1_100' title='bbox 2633 465 2840 532; x_wconf 78' lang='grc' dir='ltr'>ἐξάγων</span> <span class='ocrx_word' id='word_1_101' title='bbox 2868 465 3101 536; x_wconf 76' lang='grc' dir='ltr'>ἀνέμους</span> <span class='ocrx_word' id='word_1_102' title='bbox 3126 465 3188 519; x_wconf 83' lang='grc' dir='ltr'>ὲκ</span> <span class='ocrx_word' id='word_1_103' title='bbox 3218 464 3509 537; x_wconf 82' lang='grc' dir='ltr'>θησαυρῶν</span> <span class='ocrx_word' id='word_1_104' title='bbox 3537 462 3736 517; x_wconf 72' lang='grc' dir='ltr'>αὐτοῦ.</span> 
     </span>
    </p>
   </div>
   <div class='ocr_carea' id='block_1_21' title="bbox 2430 554 3702 627">
    <p class='ocr_par' dir='ltr' id='par_1_21' title="bbox 2430 554 3702 627">
     <span class='ocr_line' id='line_1_21' title="bbox 2430 554 3702 627; baseline -0.002 -19"><span class='ocrx_word' id='word_1_105' title='bbox 2430 557 2516 610; x_wconf 91' lang='grc'><strong>17.</strong></span> <span class='ocrx_word' id='word_1_106' title='bbox 2559 557 2651 618; x_wconf 83' lang='grc' dir='ltr'>Ὃς</span> <span class='ocrx_word' id='word_1_107' title='bbox 2685 554 2918 620; x_wconf 81' lang='grc' dir='ltr'>ἐπάταξε</span> <span class='ocrx_word' id='word_1_108' title='bbox 2944 555 3010 609; x_wconf 78' lang='grc' dir='ltr'><strong>τά</strong></span> <span class='ocrx_word' id='word_1_109' title='bbox 3040 557 3350 627; x_wconf 78' lang='grc' dir='ltr'><strong>πρωτότοκα</strong></span> <span class='ocrx_word' id='word_1_110' title='bbox 3387 555 3702 624; x_wconf 75' lang='grc' dir='ltr'><strong>Αἰγύπτου,</strong></span> 
     </span>
    </p>
   </div>
   <div class='ocr_carea' id='block_1_22' title="bbox 2430 645 3414 718">
    <p class='ocr_par' dir='ltr' id='par_1_22' title="bbox 2430 645 3414 718">
     <span class='ocr_line' id='line_1_22' title="bbox 2430 645 3414 718; baseline 0.003 -20"><span class='ocrx_word' id='word_1_111' title='bbox 2430 646 2516 700; x_wconf 91' lang='grc'><strong>18.</strong></span> <span class='ocrx_word' id='word_1_112' title='bbox 2547 646 2677 698; x_wconf 82' lang='grc' dir='ltr'><strong>Ἀπὸ</strong></span> <span class='ocrx_word' id='word_1_113' title='bbox 2710 645 2995 715; x_wconf 80' lang='grc' dir='ltr'>ἀνθρώπου</span> <span class='ocrx_word' id='word_1_114' title='bbox 3029 646 3132 711; x_wconf 73' lang='grc' dir='ltr'><strong>ἕως</strong></span> <span class='ocrx_word' id='word_1_115' title='bbox 3166 649 3414 718; x_wconf 80' lang='grc' dir='ltr'><strong>κτήνους.</strong></span> 
     </span>
    </p>
   </div>
   <div class='ocr_carea' id='block_1_23' title="bbox 2429 735 3482 806">
    <p class='ocr_par' dir='ltr' id='par_1_23' title="bbox 2429 735 3482 806">
     <span class='ocr_line' id='line_1_23' title="bbox 2429 735 3482 806; baseline 0.004 -19"><span class='ocrx_word' id='word_1_116' title='bbox 2429 736 2513 790; x_wconf 92' lang='grc'><strong>19.</strong></span> <span class='ocrx_word' id='word_1_117' title='bbox 2537 735 2912 801; x_wconf 80' lang='grc' dir='ltr'>Ἐξαπέστειλε</span> <span class='ocrx_word' id='word_1_118' title='bbox 2941 738 3137 806; x_wconf 81' lang='grc' dir='ltr'>σημεῖα</span> <span class='ocrx_word' id='word_1_119' title='bbox 3169 737 3260 790; x_wconf 79' lang='grc' dir='ltr'><strong>καὶ</strong></span> <span class='ocrx_word' id='word_1_120' title='bbox 3283 737 3482 791; x_wconf 85' lang='grc' dir='ltr'>τέοατα</span> 
     </span>
    </p>
   </div>
   <div class='ocr_carea' id='block_1_24' title="bbox 2426 831 3230 902">
    <p class='ocr_par' dir='ltr' id='par_1_24' title="bbox 2426 831 3230 902">
     <span class='ocr_line' id='line_1_24' title="bbox 2426 831 3230 902; baseline 0 -18"><span class='ocrx_word' id='word_1_121' title='bbox 2426 831 2513 885; x_wconf 87' lang='lat'><strong>20.</strong></span> <span class='ocrx_word' id='word_1_122' title='bbox 2543 831 2632 884; x_wconf 85' lang='grc' dir='ltr'>Ἐν</span> <span class='ocrx_word' id='word_1_123' title='bbox 2664 833 2810 902; x_wconf 84' lang='grc' dir='ltr'>μέσῳ</span> <span class='ocrx_word' id='word_1_124' title='bbox 2840 848 2956 894; x_wconf 89' lang='grc' dir='ltr'>σου,</span> <span class='ocrx_word' id='word_1_125' title='bbox 2987 832 3230 900; x_wconf 71' lang='grc' dir='ltr'>Αἴγυπτε</span> 
     </span>
    </p>
   </div>
   <div class='ocr_carea' id='block_1_25' title="bbox 2428 921 3827 993">
    <p class='ocr_par' dir='ltr' id='par_1_25' title="bbox 2428 921 3827 993">
     <span class='ocr_line' id='line_1_25' title="bbox 2428 921 3827 993; baseline -0.003 -17"><span class='ocrx_word' id='word_1_126' title='bbox 2428 923 2515 977; x_wconf 89' lang='grc'><strong>21.</strong></span> <span class='ocrx_word' id='word_1_127' title='bbox 2541 923 2628 975; x_wconf 81' lang='grc' dir='ltr'>Ἐν</span> <span class='ocrx_word' id='word_1_128' title='bbox 2650 922 2867 993; x_wconf 81' lang='grc' dir='ltr'>Φαραὼ,</span> <span class='ocrx_word' id='word_1_129' title='bbox 2900 924 2992 976; x_wconf 78' lang='grc' dir='ltr'><strong>καὶ</strong></span> <span class='ocrx_word' id='word_1_130' title='bbox 3015 925 3073 976; x_wconf 83' lang='grc' dir='ltr'>ὲν</span> <span class='ocrx_word' id='word_1_131' title='bbox 3103 925 3236 976; x_wconf 75' lang='grc' dir='ltr'>πᾶσι</span> <span class='ocrx_word' id='word_1_132' title='bbox 3265 926 3375 988; x_wconf 84' lang='grc' dir='ltr'>τοῖς</span> <span class='ocrx_word' id='word_1_133' title='bbox 3401 924 3610 985; x_wconf 80' lang='grc' dir='ltr'>δούλοις</span> <span class='ocrx_word' id='word_1_134' title='bbox 3639 921 3827 976; x_wconf 69' lang='grc' dir='ltr'>αὑτοῦ.</span> 
     </span>
    </p>
   </div>
   <div class='ocr_carea' id='block_1_26' title="bbox 2427 1015 3316 1085">
    <p class='ocr_par' dir='ltr' id='par_1_26' title="bbox 2427 1015 3316 1085">
     <span class='ocr_line' id='line_1_26' title="bbox 2427 1015 3316 1085; baseline 0 -16"><span class='ocrx_word' id='word_1_135' title='bbox 2427 1016 2514 1070; x_wconf 89' lang='grc'><strong>22.</strong></span> <span class='ocrx_word' id='word_1_136' title='bbox 2537 1018 2631 1080; x_wconf 81' lang='grc' dir='ltr'>Ὃς</span> <span class='ocrx_word' id='word_1_137' title='bbox 2661 1016 2924 1081; x_wconf 78' lang='grc' dir='ltr'><strong>ἐπάταξεν</strong></span> <span class='ocrx_word' id='word_1_138' title='bbox 2963 1015 3088 1085; x_wconf 82' lang='grc' dir='ltr'>ἔθνη</span> <span class='ocrx_word' id='word_1_139' title='bbox 3121 1015 3316 1069; x_wconf 69' lang='lat' dir='ltr'><strong>mm-</strong></span> 
     </span>
    </p>
   </div>
   <div class='ocr_carea' id='block_1_27' title="bbox 2429 1108 3615 1181">
    <p class='ocr_par' dir='ltr' id='par_1_27' title="bbox 2429 1108 3615 1181">
     <span class='ocr_line' id='line_1_27' title="bbox 2429 1108 3615 1181; baseline 0 -18"><span class='ocrx_word' id='word_1_140' title='bbox 2429 1108 2515 1163; x_wconf 75' lang='grc'><strong>25.</strong></span> <span class='ocrx_word' id='word_1_141' title='bbox 2558 1110 2666 1161; x_wconf 82' lang='lat' dir='ltr'><strong>Kal.</strong></span> <span class='ocrx_word' id='word_1_142' title='bbox 2693 1109 2975 1162; x_wconf 81' lang='grc' dir='ltr'>ἀπέκτεινε</span> <span class='ocrx_word' id='word_1_143' title='bbox 3008 1108 3243 1177; x_wconf 79' lang='grc' dir='ltr'>βασιλεῖς</span> <span class='ocrx_word' id='word_1_144' title='bbox 3268 1109 3558 1181; x_wconf 78' lang='grc' dir='ltr'><strong>κραταιούς</strong></span> <span class='ocrx_word' id='word_1_145' title='bbox 3599 1126 3615 1141; x_wconf 86' lang='grc'><strong>·</strong></span> 
     </span>
    </p>
   </div>
   <div class='ocr_carea' id='block_1_28' title="bbox 2427 1199 3650 1272">
    <p class='ocr_par' dir='ltr' id='par_1_28' title="bbox 2427 1199 3650 1272">
     <span class='ocr_line' id='line_1_28' title="bbox 2427 1199 3650 1272; baseline -0.002 -18"><span class='ocrx_word' id='word_1_146' title='bbox 2427 1199 2519 1255; x_wconf 77' lang='grc'><strong>24.</strong></span> <span class='ocrx_word' id='word_1_147' title='bbox 2563 1200 2664 1252; x_wconf 85' lang='grc' dir='ltr'><strong>Τὸν</strong></span> <span class='ocrx_word' id='word_1_148' title='bbox 2694 1199 2849 1272; x_wconf 85' lang='grc' dir='ltr'>Σηὼν</span> <span class='ocrx_word' id='word_1_149' title='bbox 2883 1199 3105 1269; x_wconf 79' lang='grc' dir='ltr'>βασιλέα</span> <span class='ocrx_word' id='word_1_150' title='bbox 3141 1200 3248 1254; x_wconf 81' lang='grc' dir='ltr'>τῶν</span> <span class='ocrx_word' id='word_1_151' title='bbox 3279 1200 3650 1272; x_wconf 71' lang='grc' dir='ltr'>Ἀμορραίων,</span> 
     </span>
    </p>
   </div>
   <div class='ocr_carea' id='block_1_29' title="bbox 2427 1291 3507 1362">
    <p class='ocr_par' dir='ltr' id='par_1_29' title="bbox 2427 1291 3507 1362">
     <span class='ocr_line' id='line_1_29' title="bbox 2427 1291 3507 1362; baseline -0.003 -15"><span class='ocrx_word' id='word_1_152' title='bbox 2427 1293 2515 1347; x_wconf 88' lang='grc'><strong>25.</strong></span> <span class='ocrx_word' id='word_1_153' title='bbox 2559 1294 2668 1346; x_wconf 77' lang='lat' dir='ltr'><strong>Ka‘t</strong></span> <span class='ocrx_word' id='word_1_154' title='bbox 2693 1292 2785 1346; x_wconf 84' lang='grc' dir='ltr'>τὸν</span> <span class='ocrx_word' id='word_1_155' title='bbox 2816 1294 2914 1361; x_wconf 86' lang='grc' dir='ltr'>Ὂγ</span> <span class='ocrx_word' id='word_1_156' title='bbox 2945 1291 3168 1362; x_wconf 79' lang='grc' dir='ltr'><strong>βασιλέα</strong></span> <span class='ocrx_word' id='word_1_157' title='bbox 3191 1293 3290 1362; x_wconf 80' lang='grc' dir='ltr'>τῆς</span> <span class='ocrx_word' id='word_1_158' title='bbox 3308 1292 3507 1355; x_wconf 70' lang='grc' dir='ltr'>Βασάν,</span> 
     </span>
    </p>
   </div>
   <div class='ocr_carea' id='block_1_30' title="bbox 2425 1384 3580 1455">
    <p class='ocr_par' dir='ltr' id='par_1_30' title="bbox 2425 1384 3580 1455">
     <span class='ocr_line' id='line_1_30' title="bbox 2425 1384 3580 1455; baseline -0.003 -16"><span class='ocrx_word' id='word_1_159' title='bbox 2425 1385 2514 1441; x_wconf 87' lang='grc'><strong>26.</strong></span> <span class='ocrx_word' id='word_1_160' title='bbox 2559 1387 2670 1440; x_wconf 76' lang='lat' dir='ltr'><strong>Kal.</strong></span> <span class='ocrx_word' id='word_1_161' title='bbox 2700 1388 2879 1450; x_wconf 82' lang='grc' dir='ltr'>πάσας</span> <span class='ocrx_word' id='word_1_162' title='bbox 2908 1386 3005 1449; x_wconf 71' lang='grc' dir='ltr'>τὰς</span> <span class='ocrx_word' id='word_1_163' title='bbox 3034 1384 3309 1455; x_wconf 81' lang='grc' dir='ltr'>βασιλείας</span> <span class='ocrx_word' id='word_1_164' title='bbox 3338 1385 3580 1439; x_wconf 84' lang='grc' dir='ltr'>Χαναάν.</span> 
     </span>
    </p>
   </div>
   <div class='ocr_carea' id='block_1_31' title="bbox 2427 1475 3742 1548">
    <p class='ocr_par' dir='ltr' id='par_1_31' title="bbox 2427 1475 3742 1548">
     <span class='ocr_line' id='line_1_31' title="bbox 2427 1475 3742 1548; baseline -0.004 -16"><span class='ocrx_word' id='word_1_165' title='bbox 2427 1478 2516 1532; x_wconf 88' lang='grc'><strong>27.</strong></span> <span class='ocrx_word' id='word_1_166' title='bbox 2557 1478 2667 1532; x_wconf 74' lang='grc' dir='ltr'><strong>Καὶ</strong></span> <span class='ocrx_word' id='word_1_167' title='bbox 2695 1478 2859 1531; x_wconf 80' lang='grc' dir='ltr'>ἔδωκε</span> <span class='ocrx_word' id='word_1_168' title='bbox 2892 1477 2988 1548; x_wconf 74' lang='grc' dir='ltr'>τὴν</span> <span class='ocrx_word' id='word_1_169' title='bbox 3022 1477 3124 1548; x_wconf 77' lang='grc' dir='ltr'>γῆν</span> <span class='ocrx_word' id='word_1_170' title='bbox 3153 1476 3328 1532; x_wconf 81' lang='grc' dir='ltr'>αὐτῶν</span> <span class='ocrx_word' id='word_1_171' title='bbox 3355 1475 3742 1548; x_wconf 79' lang='grc' dir='ltr'><strong>κληρονομίαν,</strong></span> 
     </span>
    </p>
   </div>
   <div class='ocr_carea' id='block_1_32' title="bbox 2427 1558 3536 1642">
    <p class='ocr_par' dir='ltr' id='par_1_32' title="bbox 2427 1558 3536 1642">
     <span class='ocr_line' id='line_1_32' title="bbox 2427 1558 3536 1642; baseline -0.002 -19"><span class='ocrx_word' id='word_1_172' title='bbox 2427 1569 2516 1624; x_wconf 89' lang='grc'><strong>28.</strong></span> <span class='ocrx_word' id='word_1_173' title='bbox 2560 1570 2939 1642; x_wconf 75' lang='grc' dir='ltr'>κληρονομίαν</span> <span class='ocrx_word' id='word_1_174' title='bbox 2961 1569 3175 1641; x_wconf 85' lang='grc' dir='ltr'>Ἰσραὴλ</span> <span class='ocrx_word' id='word_1_175' title='bbox 3203 1569 3318 1640; x_wconf 87' lang='grc' dir='ltr'>λαῷ</span> <span class='ocrx_word' id='word_1_176' title='bbox 3347 1558 3536 1624; x_wconf 81' lang='grc' dir='ltr'>αὑτοῦ.</span> 
     </span>
    </p>
   </div>
   <div class='ocr_carea' id='block_1_33' title="bbox 2429 1660 3616 1733">
    <p class='ocr_par' dir='ltr' id='par_1_33' title="bbox 2429 1660 3616 1733">
     <span class='ocr_line' id='line_1_33' title="bbox 2429 1660 3616 1733; baseline -0.001 -17"><span class='ocrx_word' id='word_1_177' title='bbox 2429 1662 2518 1716; x_wconf 88' lang='grc'><strong>29.</strong></span> <span class='ocrx_word' id='word_1_178' title='bbox 2561 1662 2752 1733; x_wconf 82' lang='grc' dir='ltr'>Κύριε,</span> <span class='ocrx_word' id='word_1_179' title='bbox 2789 1662 2848 1715; x_wconf 84' lang='grc' dir='ltr'><strong>τὸ</strong></span> <span class='ocrx_word' id='word_1_180' title='bbox 2876 1660 3047 1732; x_wconf 75' lang='grc' dir='ltr'>ὖνομά</span> <span class='ocrx_word' id='word_1_181' title='bbox 3070 1679 3160 1715; x_wconf 87' lang='grc' dir='ltr'><strong>σου</strong></span> <span class='ocrx_word' id='word_1_182' title='bbox 3196 1663 3273 1727; x_wconf 85' lang='grc' dir='ltr'><strong>είς</strong></span> <span class='ocrx_word' id='word_1_183' title='bbox 3299 1662 3389 1715; x_wconf 82' lang='grc' dir='ltr'>τὸν</span> <span class='ocrx_word' id='word_1_184' title='bbox 3410 1660 3582 1716; x_wconf 81' lang='grc' dir='ltr'>αἰῶνα</span> <span class='ocrx_word' id='word_1_185' title='bbox 3603 1678 3616 1691; x_wconf 91' lang='grc'><strong>·</strong></span> 
     </span>
    </p>
   </div>
   <div class='ocr_carea' id='block_1_34' title="bbox 2431 1752 3918 1825">
    <p class='ocr_par' dir='ltr' id='par_1_34' title="bbox 2431 1752 3918 1825">
     <span class='ocr_line' id='line_1_34' title="bbox 2431 1752 3918 1825; baseline -0.005 -14"><span class='ocrx_word' id='word_1_186' title='bbox 2431 1754 2517 1811; x_wconf 80' lang='grc'><strong>50.</strong></span> <span class='ocrx_word' id='word_1_187' title='bbox 2560 1756 2669 1809; x_wconf 83' lang='lat' dir='ltr'><strong>Ka‘t</strong></span> <span class='ocrx_word' id='word_1_188' title='bbox 2715 1755 2776 1809; x_wconf 80' lang='grc' dir='ltr'><strong>τὸ</strong></span> <span class='ocrx_word' id='word_1_189' title='bbox 2824 1753 3165 1825; x_wconf 85' lang='grc' dir='ltr'>μνημόσυνόν</span> <span class='ocrx_word' id='word_1_190' title='bbox 3213 1771 3306 1808; x_wconf 89' lang='grc' dir='ltr'><strong>σου</strong></span> <span class='ocrx_word' id='word_1_191' title='bbox 3349 1755 3426 1818; x_wconf 75' lang='grc' dir='ltr'>εἰς</span> <span class='ocrx_word' id='word_1_192' title='bbox 3469 1752 3672 1822; x_wconf 79' lang='grc' dir='ltr'>γενεὰν</span> <span class='ocrx_word' id='word_1_193' title='bbox 3711 1753 3803 1805; x_wconf 79' lang='grc' dir='ltr'><strong>καὶ</strong></span> <span class='ocrx_word' id='word_1_194' title='bbox 3841 1770 3918 1821; x_wconf 81' lang='grc' dir='ltr'>γε·</span> 
     </span>
    </p>
   </div>
   <div class='ocr_carea' id='block_1_35' title="bbox 2285 1832 2500 1902">
    <p class='ocr_par' dir='ltr' id='par_1_35' title="bbox 2285 1832 2500 1902">
     <span class='ocr_line' id='line_1_35' title="bbox 2285 1832 2500 1902; baseline 0.009 -2"><span class='ocrx_word' id='word_1_195' title='bbox 2285 1832 2328 1889; x_wconf 77' lang='grc' dir='ltr'><strong><em>Β</em></strong></span> <span class='ocrx_word' id='word_1_196' title='bbox 2355 1848 2500 1902; x_wconf 87' lang='grc' dir='ltr'>νεάν.</span> 
     </span>
    </p>
   </div>
   <div class='ocr_carea' id='block_1_36' title="bbox 1811 2024 2796 2088">
    <p class='ocr_par' dir='ltr' id='par_1_36' title="bbox 1811 2024 2796 2088">
     <span class='ocr_line' id='line_1_36' title="bbox 1811 2024 2796 2088; baseline -0.003 -5"><span class='ocrx_word' id='word_1_197' title='bbox 1811 2024 2178 2083; x_wconf 79' lang='lat' dir='ltr'><strong>ATHANASII</strong></span> <span class='ocrx_word' id='word_1_198' title='bbox 2215 2025 2796 2088; x_wconf 79' lang='lat' dir='ltr'><strong>INTERPRETATIO.</strong></span> 
     </span>
    </p>
   </div>
   <div class='ocr_carea' id='block_1_37' title="bbox 763 2189 2252 2263">
    <p class='ocr_par' dir='ltr' id='par_1_37' title="bbox 763 2189 2252 2263">
     <span class='ocr_line' id='line_1_37' title="bbox 763 2189 2252 2263; baseline -0.005 -13"><span class='ocrx_word' id='word_1_199' title='bbox 763 2196 847 2250; x_wconf 91' lang='grc'><strong>16.</strong></span> <span class='ocrx_word' id='word_1_200' title='bbox 882 2194 1111 2250; x_wconf 87' lang='lat' dir='ltr'><strong>Eosdem</strong></span> <span class='ocrx_word' id='word_1_201' title='bbox 1140 2190 1416 2263; x_wconf 83' lang='lat' dir='ltr'><strong>apostolos</strong></span> <span class='ocrx_word' id='word_1_202' title='bbox 1467 2190 1598 2246; x_wconf 89' lang='lat' dir='ltr'><strong>dicit</strong></span> <span class='ocrx_word' id='word_1_203' title='bbox 1635 2190 1934 2244; x_wconf 90' lang='lat' dir='ltr'><strong>instructos</strong></span> <span class='ocrx_word' id='word_1_204' title='bbox 1968 2189 2252 2259; x_wconf 67' lang='lat' dir='ltr'><strong>praeceptis</strong></span> 
     </span>
    </p>
   </div>
   <div class='ocr_carea' id='block_1_38' title="bbox 693 2285 1710 2360">
    <p class='ocr_par' dir='ltr' id='par_1_38' title="bbox 693 2285 1710 2360">
     <span class='ocr_line' id='line_1_38' title="bbox 693 2285 1710 2360; baseline -0.007 -19"><span class='ocrx_word' id='word_1_205' title='bbox 693 2288 861 2360; x_wconf 89' lang='lat' dir='ltr'><strong>ipsius</strong></span> <span class='ocrx_word' id='word_1_206' title='bbox 894 2285 1269 2342; x_wconf 85' lang='lat' dir='ltr'><strong>circumivisse</strong></span> <span class='ocrx_word' id='word_1_207' title='bbox 1293 2293 1461 2338; x_wconf 90' lang='lat' dir='ltr'><strong>totam</strong></span> <span class='ocrx_word' id='word_1_208' title='bbox 1492 2291 1710 2337; x_wconf 87' lang='lat' dir='ltr'><strong>terram.</strong></span> 
     </span>
    </p>
   </div>
   <div class='ocr_carea' id='block_1_39' title="bbox 761 2453 2254 2526">
    <p class='ocr_par' dir='ltr' id='par_1_39' title="bbox 761 2453 2254 2526">
     <span class='ocr_line' id='line_1_39' title="bbox 761 2453 2254 2526; baseline -0.005 -13"><span class='ocrx_word' id='word_1_209' title='bbox 761 2460 846 2513; x_wconf 83' lang='grc'><strong>17.</strong></span> <span class='ocrx_word' id='word_1_210' title='bbox 877 2457 1216 2526; x_wconf 83' lang='lat' dir='ltr'><strong>Principatus</strong></span> <span class='ocrx_word' id='word_1_211' title='bbox 1245 2455 1608 2510; x_wconf 89' lang='lat' dir='ltr'><strong>tenebrarum.</strong></span> <span class='ocrx_word' id='word_1_212' title='bbox 1643 2453 1910 2524; x_wconf 67' lang='grc' dir='ltr'>Αῐςῃριιιε</span> <span class='ocrx_word' id='word_1_213' title='bbox 1945 2455 2089 2510; x_wconf 90' lang='lat' dir='ltr'><strong>enim</strong></span> <span class='ocrx_word' id='word_1_214' title='bbox 2119 2463 2254 2508; x_wconf 78' lang='lat' dir='ltr'><strong>lene-</strong></span> 
     </span>
    </p>
   </div>
   <div class='ocr_carea' id='block_1_40' title="bbox 693 2551 1812 2621">
    <p class='ocr_par' dir='ltr' id='par_1_40' title="bbox 693 2551 1812 2621">
     <span class='ocr_line' id='line_1_40' title="bbox 693 2551 1812 2621; baseline 0.003 -17"><span class='ocrx_word' id='word_1_215' title='bbox 693 2553 799 2606; x_wconf 75' lang='lat' dir='ltr'><strong>tua:</strong></span> <span class='ocrx_word' id='word_1_216' title='bbox 832 2551 1230 2621; x_wconf 87' lang='lat' dir='ltr'><strong>interpretatur.</strong></span> <span class='ocrx_word' id='word_1_217' title='bbox 1807 2602 1812 2607; x_wconf 95' lang='lat'><strong>.</strong></span> 
     </span>
    </p>
   </div>
   <div class='ocr_carea' id='block_1_41' title="bbox 764 2638 2260 2711">
    <p class='ocr_par' dir='ltr' id='par_1_41' title="bbox 764 2638 2260 2711">
     <span class='ocr_line' id='line_1_41' title="bbox 764 2638 2260 2711; baseline -0.002 -15"><span class='ocrx_word' id='word_1_218' title='bbox 764 2643 848 2698; x_wconf 90' lang='grc'><strong>18.</strong></span> <span class='ocrx_word' id='word_1_219' title='bbox 878 2643 921 2695; x_wconf 82' lang='grc' dir='ltr'><strong>Α</strong></span> <span class='ocrx_word' id='word_1_220' title='bbox 958 2642 1193 2706; x_wconf 88' lang='lat' dir='ltr'><strong>diabolo,</strong></span> <span class='ocrx_word' id='word_1_221' title='bbox 1223 2651 1276 2695; x_wconf 90' lang='lat' dir='ltr'><strong>et</strong></span> <span class='ocrx_word' id='word_1_222' title='bbox 1324 2655 1497 2711; x_wconf 90' lang='lat' dir='ltr'><strong>usque</strong></span> <span class='ocrx_word' id='word_1_223' title='bbox 1546 2639 1612 2693; x_wconf 86' lang='lat' dir='ltr'><strong>ad</strong></span> <span class='ocrx_word' id='word_1_224' title='bbox 1647 2647 1943 2709; x_wconf 87' lang='lat' dir='ltr'><strong>potestates</strong></span> <span class='ocrx_word' id='word_1_225' title='bbox 1971 2638 2113 2708; x_wconf 88' lang='lat' dir='ltr'><strong>ejus,</strong></span> <span class='ocrx_word' id='word_1_226' title='bbox 2139 2653 2260 2708; x_wconf 71' lang='lat' dir='ltr'><strong>quae</strong></span> 
     </span>
    </p>
   </div>
   <div class='ocr_carea' id='block_1_42' title="bbox 693 2732 2261 2808">
    <p class='ocr_par' dir='ltr' id='par_1_42' title="bbox 693 2732 2261 2808">
     <span class='ocr_line' id='line_1_42' title="bbox 693 2732 2261 2808; baseline -0.004 -17"><span class='ocrx_word' id='word_1_227' title='bbox 693 2737 794 2808; x_wconf 79' lang='lat' dir='ltr'><strong>ipsi</strong></span> <span class='ocrx_word' id='word_1_228' title='bbox 845 2735 1120 2798; x_wconf 88' lang='lat' dir='ltr'><strong>obediunt,</strong></span> <span class='ocrx_word' id='word_1_229' title='bbox 1161 2732 1618 2804; x_wconf 85' lang='lat' dir='ltr'><strong>quemadmodum</strong></span> <span class='ocrx_word' id='word_1_230' title='bbox 1648 2732 1714 2787; x_wconf 90' lang='lat' dir='ltr'><strong>de</strong></span> <span class='ocrx_word' id='word_1_231' title='bbox 1749 2733 1857 2788; x_wconf 89' lang='lat' dir='ltr'><strong>illis</strong></span> <span class='ocrx_word' id='word_1_232' title='bbox 1887 2732 2148 2802; x_wconf 89' lang='lat' dir='ltr'><strong>scriptum</strong></span> <span class='ocrx_word' id='word_1_233' title='bbox 2178 2740 2261 2788; x_wconf 87' lang='lat' dir='ltr'><strong>est</strong></span> 
     </span>
    </p>
   </div>
   <div class='ocr_carea' id='block_1_43' title="bbox 692 2829 890 2885">
    <p class='ocr_par' dir='ltr' id='par_1_43' title="bbox 692 2829 890 2885">
     <span class='ocr_line' id='line_1_43' title="bbox 692 2829 890 2885; baseline 0 0"><span class='ocrx_word' id='word_1_234' title='bbox 692 2832 744 2885; x_wconf 92' lang='lat' dir='ltr'><strong>in</strong></span> <span class='ocrx_word' id='word_1_235' title='bbox 767 2829 890 2885; x_wconf 80' lang='lat' dir='ltr'><strong>Job.</strong></span> 
     </span>
    </p>
   </div>
   <div class='ocr_carea' id='block_1_44' title="bbox 761 2918 2261 2991">
    <p class='ocr_par' dir='ltr' id='par_1_44' title="bbox 761 2918 2261 2991">
     <span class='ocr_line' id='line_1_44' title="bbox 761 2918 2261 2991; baseline -0.004 -13"><span class='ocrx_word' id='word_1_236' title='bbox 761 2923 849 2991; x_wconf 84' lang='grc'><strong>19,</strong></span> <span class='ocrx_word' id='word_1_237' title='bbox 875 2922 963 2976; x_wconf 91' lang='grc'><strong>20.</strong></span> <span class='ocrx_word' id='word_1_238' title='bbox 1000 2920 1194 2976; x_wconf 85' lang='lat' dir='ltr'><strong>Emisit</strong></span> <span class='ocrx_word' id='word_1_239' title='bbox 1224 2936 1320 2990; x_wconf 90' lang='lat' dir='ltr'><strong>per</strong></span> <span class='ocrx_word' id='word_1_240' title='bbox 1350 2921 1625 2990; x_wconf 86' lang='lat' dir='ltr'><strong>apostolos</strong></span> <span class='ocrx_word' id='word_1_241' title='bbox 1653 2935 1784 2975; x_wconf 88' lang='lat' dir='ltr'><strong>suos</strong></span> <span class='ocrx_word' id='word_1_242' title='bbox 1831 2919 1883 2972; x_wconf 92' lang='lat' dir='ltr'><strong>in</strong></span> <span class='ocrx_word' id='word_1_243' title='bbox 1925 2918 2160 2975; x_wconf 88' lang='lat' dir='ltr'><strong>tenebris</strong></span> <span class='ocrx_word' id='word_1_244' title='bbox 2189 2918 2261 2974; x_wconf 87' lang='lat' dir='ltr'><strong>si-</strong></span> 
     </span>
    </p>
   </div>
   <div class='ocr_carea' id='block_1_45' title="bbox 689 3012 2258 3088">
    <p class='ocr_par' dir='ltr' id='par_1_45' title="bbox 689 3012 2258 3088">
     <span class='ocr_line' id='line_1_45' title="bbox 689 3012 2258 3088; baseline -0.003 -18"><span class='ocrx_word' id='word_1_245' title='bbox 689 3032 814 3088; x_wconf 79' lang='lat' dir='ltr'><strong>gna,</strong></span> <span class='ocrx_word' id='word_1_246' title='bbox 846 3023 900 3072; x_wconf 88' lang='lat' dir='ltr'><strong>et</strong></span> <span class='ocrx_word' id='word_1_247' title='bbox 926 3013 1169 3085; x_wconf 86' lang='lat' dir='ltr'><strong>prodigia</strong></span> <span class='ocrx_word' id='word_1_248' title='bbox 1199 3028 1295 3082; x_wconf 89' lang='lat' dir='ltr'><strong>per</strong></span> <span class='ocrx_word' id='word_1_249' title='bbox 1336 3012 1668 3078; x_wconf 89' lang='lat' dir='ltr'><strong>sanationes,</strong></span> <span class='ocrx_word' id='word_1_250' title='bbox 1693 3027 1832 3084; x_wconf 86' lang='lat' dir='ltr'><strong>quas</strong></span> <span class='ocrx_word' id='word_1_251' title='bbox 1859 3020 2258 3083; x_wconf 88' lang='lat' dir='ltr'><strong>perpetrarunt,</strong></span> 
     </span>
    </p>
   </div>
   <div class='ocr_carea' id='block_1_46' title="bbox 760 3195 1750 3267">
    <p class='ocr_par' dir='ltr' id='par_1_46' title="bbox 760 3195 1750 3267">
     <span class='ocr_line' id='line_1_46' title="bbox 760 3195 1750 3267; baseline -0.002 -14"><span class='ocrx_word' id='word_1_252' title='bbox 760 3198 848 3253; x_wconf 86' lang='grc'><strong>21.</strong></span> <span class='ocrx_word' id='word_1_253' title='bbox 889 3195 948 3252; x_wconf 84' lang='grc' dir='ltr'><strong>1η</strong></span> <span class='ocrx_word' id='word_1_254' title='bbox 980 3196 1254 3252; x_wconf 86' lang='lat' dir='ltr'><strong>diabolum</strong></span> <span class='ocrx_word' id='word_1_255' title='bbox 1283 3203 1338 3251; x_wconf 90' lang='lat' dir='ltr'><strong>et</strong></span> <span class='ocrx_word' id='word_1_256' title='bbox 1367 3195 1589 3267; x_wconf 81' lang='lat' dir='ltr'><strong>angelos</strong></span> <span class='ocrx_word' id='word_1_257' title='bbox 1610 3196 1750 3266; x_wconf 86' lang='lat' dir='ltr'><strong>ejus.</strong></span> 
     </span>
    </p>
   </div>
   <div class='ocr_carea' id='block_1_47' title="bbox 761 3286 1892 3356">
    <p class='ocr_par' dir='ltr' id='par_1_47' title="bbox 761 3286 1892 3356">
     <span class='ocr_line' id='line_1_47' title="bbox 761 3286 1892 3356; baseline -0.002 -14"><span class='ocrx_word' id='word_1_258' title='bbox 761 3289 848 3344; x_wconf 90' lang='lat'><strong>22.</strong></span> <span class='ocrx_word' id='word_1_259' title='bbox 889 3287 1242 3344; x_wconf 81' lang='lat' dir='ltr'><strong>Adversarias</strong></span> <span class='ocrx_word' id='word_1_260' title='bbox 1277 3287 1506 3341; x_wconf 85' lang='lat' dir='ltr'><strong>virtutes</strong></span> <span class='ocrx_word' id='word_1_261' title='bbox 1539 3287 1592 3339; x_wconf 90' lang='lat' dir='ltr'><strong>in</strong></span> <span class='ocrx_word' id='word_1_262' title='bbox 1619 3286 1892 3356; x_wconf 87' lang='lat' dir='ltr'><strong>baptismo</strong></span> 
     </span>
    </p>
   </div>
   <div class='ocr_carea' id='block_1_48' title="bbox 757 3376 1876 3449">
    <p class='ocr_par' dir='ltr' id='par_1_48' title="bbox 757 3376 1876 3449">
     <span class='ocr_line' id='line_1_48' title="bbox 757 3376 1876 3449; baseline -0.006 -13"><span class='ocrx_word' id='word_1_263' title='bbox 757 3380 848 3436; x_wconf 80' lang='lat'><strong>25.</strong></span> <span class='ocrx_word' id='word_1_264' title='bbox 888 3378 1188 3436; x_wconf 87' lang='lat' dir='ltr'><strong>Potestates</strong></span> <span class='ocrx_word' id='word_1_265' title='bbox 1210 3387 1264 3436; x_wconf 92' lang='lat' dir='ltr'><strong>et</strong></span> <span class='ocrx_word' id='word_1_266' title='bbox 1287 3378 1624 3449; x_wconf 90' lang='lat' dir='ltr'><strong>principatus</strong></span> <span class='ocrx_word' id='word_1_267' title='bbox 1652 3376 1876 3432; x_wconf 88' lang='lat' dir='ltr'><strong>diaboli.</strong></span> 
     </span>
    </p>
   </div>
   <div class='ocr_carea' id='block_1_49' title="bbox 2427 2185 3920 2257">
    <p class='ocr_par' dir='ltr' id='par_1_49' title="bbox 2427 2185 3920 2257">
     <span class='ocr_line' id='line_1_49' title="bbox 2427 2185 3920 2257; baseline -0.001 -17"><span class='ocrx_word' id='word_1_268' title='bbox 2427 2187 2513 2241; x_wconf 87' lang='grc'><strong>16.</strong></span> <span class='ocrx_word' id='word_1_269' title='bbox 2545 2186 2682 2250; x_wconf 85' lang='grc' dir='ltr'><strong>Τοὺς</strong></span> <span class='ocrx_word' id='word_1_270' title='bbox 2709 2186 2904 2251; x_wconf 78' lang='grc' dir='ltr'>αὐτοὺς</span> <span class='ocrx_word' id='word_1_271' title='bbox 2937 2187 3263 2252; x_wconf 77' lang='grc' dir='ltr'><strong>ἀποστόλους</strong></span> <span class='ocrx_word' id='word_1_272' title='bbox 3292 2185 3458 2254; x_wconf 79' lang='grc' dir='ltr'>λέγει,</span> <span class='ocrx_word' id='word_1_273' title='bbox 3504 2186 3637 2248; x_wconf 84' lang='grc' dir='ltr'>τοὺς</span> <span class='ocrx_word' id='word_1_274' title='bbox 3682 2203 3920 2257; x_wconf 50' lang='lat' dir='ltr'><strong>mea?»</strong></span> 
     </span>
    </p>
   </div>
   <div class='ocr_carea' id='block_1_50' title="bbox 2357 2277 3902 2350">
    <p class='ocr_par' dir='ltr' id='par_1_50' title="bbox 2357 2277 3902 2350">
     <span class='ocr_line' id='line_1_50' title="bbox 2357 2277 3902 2350; baseline -0.001 -18"><span class='ocrx_word' id='word_1_275' title='bbox 2357 2278 2580 2343; x_wconf 82' lang='grc' dir='ltr'>σθέντας</span> <span class='ocrx_word' id='word_1_276' title='bbox 2636 2279 2700 2331; x_wconf 83' lang='grc' dir='ltr'>ἑκ</span> <span class='ocrx_word' id='word_1_277' title='bbox 2749 2277 2854 2332; x_wconf 85' lang='grc' dir='ltr'><strong>τῶν</strong></span> <span class='ocrx_word' id='word_1_278' title='bbox 2903 2279 3334 2350; x_wconf 82' lang='grc' dir='ltr'>προσταγμάτῳν</span> <span class='ocrx_word' id='word_1_279' title='bbox 3373 2277 3540 2332; x_wconf 79' lang='grc' dir='ltr'>αὐτοῦ</span> <span class='ocrx_word' id='word_1_280' title='bbox 3588 2278 3902 2348; x_wconf 67' lang='grc' dir='ltr'>περιοδεύσα</span> 
     </span>
    </p>
   </div>
   <div class='ocr_carea' id='block_1_51' title="bbox 2357 2369 2806 2440">
    <p class='ocr_par' dir='ltr' id='par_1_51' title="bbox 2357 2369 2806 2440">
     <span class='ocr_line' id='line_1_51' title="bbox 2357 2369 2806 2440; baseline -0.002 -16"><span class='ocrx_word' id='word_1_281' title='bbox 2357 2373 2534 2424; x_wconf 69' lang='grc' dir='ltr'>πᾶσαν</span> <span class='ocrx_word' id='word_1_282' title='bbox 2557 2370 2656 2440; x_wconf 83' lang='grc' dir='ltr'>τὴν</span> <span class='ocrx_word' id='word_1_283' title='bbox 2681 2369 2806 2439; x_wconf 84' lang='grc' dir='ltr'>γῆν.</span> 
     </span>
    </p>
   </div>
   <div class='ocr_carea' id='block_1_52' title="bbox 2425 2461 3921 2534">
    <p class='ocr_par' dir='ltr' id='par_1_52' title="bbox 2425 2461 3921 2534">
     <span class='ocr_line' id='line_1_52' title="bbox 2425 2461 3921 2534; baseline 0 -17"><span class='ocrx_word' id='word_1_284' title='bbox 2425 2463 2512 2517; x_wconf 91' lang='grc'><strong>17.</strong></span> <span class='ocrx_word' id='word_1_285' title='bbox 2550 2461 2659 2525; x_wconf 75' lang='lat' dir='ltr'><strong>Ta;</strong></span> <span class='ocrx_word' id='word_1_286' title='bbox 2683 2462 2856 2534; x_wconf 84' lang='grc' dir='ltr'>ἀρχὰς</span> <span class='ocrx_word' id='word_1_287' title='bbox 2885 2461 2978 2516; x_wconf 80' lang='grc' dir='ltr'>τοῦ</span> <span class='ocrx_word' id='word_1_288' title='bbox 3012 2461 3260 2527; x_wconf 85' lang='grc' dir='ltr'>σκότους·</span> <span class='ocrx_word' id='word_1_289' title='bbox 3305 2462 3609 2532; x_wconf 74' lang='grc' dir='ltr'>Αἴγυπτος</span> <span class='ocrx_word' id='word_1_290' title='bbox 3653 2463 3764 2534; x_wconf 81' lang='grc' dir='ltr'>γὰρ</span> <span class='ocrx_word' id='word_1_291' title='bbox 3790 2469 3921 2517; x_wconf 68' lang='grc' dir='ltr'><strong>σιξ·</strong></span> 
     </span>
    </p>
   </div>
   <div class='ocr_carea' id='block_1_53' title="bbox 2357 2555 2872 2627">
    <p class='ocr_par' dir='ltr' id='par_1_53' title="bbox 2357 2555 2872 2627">
     <span class='ocr_line' id='line_1_53' title="bbox 2357 2555 2872 2627; baseline -0.002 -18"><span class='ocrx_word' id='word_1_292' title='bbox 2357 2574 2460 2622; x_wconf 83' lang='grc' dir='ltr'><strong>τος</strong></span> <span class='ocrx_word' id='word_1_293' title='bbox 2493 2555 2872 2627; x_wconf 78' lang='grc' dir='ltr'><strong>ἑρμηνεύεται.</strong></span> 
     </span>
    </p>
   </div>
   <div class='ocr_carea' id='block_1_54' title="bbox 2431 2646 3926 2718">
    <p class='ocr_par' dir='ltr' id='par_1_54' title="bbox 2431 2646 3926 2718">
     <span class='ocr_line' id='line_1_54' title="bbox 2431 2646 3926 2718; baseline -0.002 -18"><span class='ocrx_word' id='word_1_294' title='bbox 2431 2646 2515 2700; x_wconf 93' lang='grc'><strong>18.</strong></span> <span class='ocrx_word' id='word_1_295' title='bbox 2543 2646 2677 2700; x_wconf 80' lang='grc' dir='ltr'><strong>Ἀπὸ</strong></span> <span class='ocrx_word' id='word_1_296' title='bbox 2701 2648 2793 2701; x_wconf 82' lang='grc' dir='ltr'>τοῦ</span> <span class='ocrx_word' id='word_1_297' title='bbox 2819 2647 3082 2712; x_wconf 74' lang='grc' dir='ltr'>διαϐόλου,</span> <span class='ocrx_word' id='word_1_298' title='bbox 3118 2649 3211 2701; x_wconf 73' lang='grc' dir='ltr'><strong>καὶ</strong></span> <span class='ocrx_word' id='word_1_299' title='bbox 3239 2647 3342 2710; x_wconf 77' lang='grc' dir='ltr'><strong>ἕως</strong></span> <span class='ocrx_word' id='word_1_300' title='bbox 3375 2647 3482 2700; x_wconf 85' lang='grc' dir='ltr'>τῶν</span> <span class='ocrx_word' id='word_1_301' title='bbox 3519 2648 3816 2718; x_wconf 82' lang='grc' dir='ltr'>δυνάμεων</span> <span class='ocrx_word' id='word_1_302' title='bbox 3847 2650 3926 2701; x_wconf 62' lang='grc' dir='ltr'><strong>αὑ.</strong></span> 
     </span>
    </p>
   </div>
   <div class='ocr_carea' id='block_1_55' title="bbox 2360 2739 3928 2813">
    <p class='ocr_par' dir='ltr' id='par_1_55' title="bbox 2360 2739 3928 2813">
     <span class='ocr_line' id='line_1_55' title="bbox 2360 2739 3928 2813; baseline 0 -19"><span class='ocrx_word' id='word_1_303' title='bbox 2360 2739 2452 2794; x_wconf 81' lang='grc' dir='ltr'><strong>τοῦ</strong></span> <span class='ocrx_word' id='word_1_304' title='bbox 2500 2739 2605 2792; x_wconf 82' lang='grc' dir='ltr'><strong>τῶν</strong></span> <span class='ocrx_word' id='word_1_305' title='bbox 2655 2739 2822 2793; x_wconf 71' lang='grc' dir='ltr'>ὄντων</span> <span class='ocrx_word' id='word_1_306' title='bbox 2859 2741 2939 2802; x_wconf 87' lang='grc' dir='ltr'><strong>είς</strong></span> <span class='ocrx_word' id='word_1_307' title='bbox 2971 2740 3238 2811; x_wconf 82' lang='grc' dir='ltr'>ἀκουστὴν</span> <span class='ocrx_word' id='word_1_308' title='bbox 3285 2739 3578 2813; x_wconf 75' lang='grc' dir='ltr'>[ὑπακοὴν]</span> <span class='ocrx_word' id='word_1_309' title='bbox 3611 2742 3717 2811; x_wconf 83' lang='grc'><strong>(1),</strong></span> <span class='ocrx_word' id='word_1_310' title='bbox 3767 2741 3928 2802; x_wconf 63' lang='grc' dir='ltr'>καθὼς</span> 
     </span>
    </p>
   </div>
   <div class='ocr_carea' id='block_1_56' title="bbox 2359 2831 3400 2904">
    <p class='ocr_par' dir='ltr' id='par_1_56' title="bbox 2359 2831 3400 2904">
     <span class='ocr_line' id='line_1_56' title="bbox 2359 2831 3400 2904; baseline -0.001 -18"><span class='ocrx_word' id='word_1_311' title='bbox 2359 2833 2668 2904; x_wconf 86' lang='grc' dir='ltr'>γέγραπται</span> <span class='ocrx_word' id='word_1_312' title='bbox 2701 2833 2829 2902; x_wconf 78' lang='grc' dir='ltr'>περὶ</span> <span class='ocrx_word' id='word_1_313' title='bbox 2850 2831 3028 2885; x_wconf 75' lang='grc' dir='ltr'>αὐτῶν</span> <span class='ocrx_word' id='word_1_314' title='bbox 3063 2833 3120 2883; x_wconf 86' lang='grc' dir='ltr'>ὲν</span> <span class='ocrx_word' id='word_1_315' title='bbox 3153 2831 3229 2901; x_wconf 80' lang='grc' dir='ltr'>τῷ</span> <span class='ocrx_word' id='word_1_316' title='bbox 3266 2832 3400 2886; x_wconf 77' lang='grc' dir='ltr'><strong>Ἰὼϐ.</strong></span> 
     </span>
    </p>
   </div>
   <div class='ocr_carea' id='block_1_57' title="bbox 2433 2923 3930 2991">
    <p class='ocr_par' dir='ltr' id='par_1_57' title="bbox 2433 2923 3930 2991">
     <span class='ocr_line' id='line_1_57' title="bbox 2433 2923 3930 2991; baseline -0.001 -14"><span class='ocrx_word' id='word_1_317' title='bbox 2433 2926 2519 2991; x_wconf 87' lang='grc'><strong>19,</strong></span> <span class='ocrx_word' id='word_1_318' title='bbox 2557 2926 2646 2979; x_wconf 87' lang='lat'><strong>20.</strong></span> <span class='ocrx_word' id='word_1_319' title='bbox 2679 2923 3051 2988; x_wconf 80' lang='grc' dir='ltr'>Ἑξαπέστειλε</span> <span class='ocrx_word' id='word_1_320' title='bbox 3077 2923 3165 2977; x_wconf 70' lang='grc' dir='ltr'><strong>διὰ</strong></span> <span class='ocrx_word' id='word_1_321' title='bbox 3189 2923 3297 2977; x_wconf 83' lang='grc' dir='ltr'><strong>τῶν</strong></span> <span class='ocrx_word' id='word_1_322' title='bbox 3324 2925 3640 2978; x_wconf 81' lang='grc' dir='ltr'>ἀποστόλων</span> <span class='ocrx_word' id='word_1_323' title='bbox 3686 2925 3851 2979; x_wconf 71' lang='grc' dir='ltr'>αὑτοῦ</span> <span class='ocrx_word' id='word_1_324' title='bbox 3881 2928 3930 2978; x_wconf 78' lang='grc' dir='ltr'>ὲν</span> 
     </span>
    </p>
   </div>
   <div class='ocr_carea' id='block_1_58' title="bbox 2361 3010 3928 3086">
    <p class='ocr_par' dir='ltr' id='par_1_58' title="bbox 2361 3010 3928 3086">
     <span class='ocr_line' id='line_1_58' title="bbox 2361 3010 3928 3086; baseline -0.002 -18"><span class='ocrx_word' id='word_1_325' title='bbox 2361 3014 2439 3084; x_wconf 82' lang='grc' dir='ltr'><strong>τῷ</strong></span> <span class='ocrx_word' id='word_1_326' title='bbox 2486 3016 2665 3068; x_wconf 85' lang='grc' dir='ltr'>σκότει</span> <span class='ocrx_word' id='word_1_327' title='bbox 2713 3018 2932 3085; x_wconf 87' lang='grc' dir='ltr'>σημεῖα,</span> <span class='ocrx_word' id='word_1_328' title='bbox 2962 3014 3054 3068; x_wconf 80' lang='grc' dir='ltr'><strong>καὶ</strong></span> <span class='ocrx_word' id='word_1_329' title='bbox 3102 3014 3302 3086; x_wconf 88' lang='grc' dir='ltr'>τέρατα</span> <span class='ocrx_word' id='word_1_330' title='bbox 3347 3015 3434 3068; x_wconf 88' lang='grc' dir='ltr'><strong>διά</strong></span> <span class='ocrx_word' id='word_1_331' title='bbox 3465 3014 3575 3067; x_wconf 80' lang='grc' dir='ltr'><strong>τῶν</strong></span> <span class='ocrx_word' id='word_1_332' title='bbox 3624 3010 3928 3080; x_wconf 48' lang='lat' dir='ltr'><strong>[damnari</strong></span> 
     </span>
    </p>
   </div>
   <div class='ocr_carea' id='block_1_59' title="bbox 2363 3105 2670 3169">
    <p class='ocr_par' dir='ltr' id='par_1_59' title="bbox 2363 3105 2670 3169">
     <span class='ocr_line' id='line_1_59' title="bbox 2363 3105 2670 3169; baseline -0.007 -11"><span class='ocrx_word' id='word_1_333' title='bbox 2363 3105 2670 3169; x_wconf 78' lang='grc' dir='ltr'>ἐπετέλουν,</span> 
     </span>
    </p>
   </div>
   <div class='ocr_carea' id='block_1_60' title="bbox 2434 3195 3834 3266">
    <p class='ocr_par' dir='ltr' id='par_1_60' title="bbox 2434 3195 3834 3266">
     <span class='ocr_line' id='line_1_60' title="bbox 2434 3195 3834 3266; baseline 0.002 -16"><span class='ocrx_word' id='word_1_334' title='bbox 2434 3196 2521 3250; x_wconf 80' lang='grc'><strong>21.</strong></span> <span class='ocrx_word' id='word_1_335' title='bbox 2552 3197 2674 3250; x_wconf 77' lang='grc' dir='ltr'><strong>Ἐπὶ</strong></span> <span class='ocrx_word' id='word_1_336' title='bbox 2695 3195 2940 3252; x_wconf 71' lang='grc' dir='ltr'>διάϐολον</span> <span class='ocrx_word' id='word_1_337' title='bbox 2973 3196 3048 3266; x_wconf 77' lang='grc'><strong>(2)</strong></span> <span class='ocrx_word' id='word_1_338' title='bbox 3075 3198 3313 3262; x_wconf 72' lang='grc' dir='ltr'>καὶτοὺς</span> <span class='ocrx_word' id='word_1_339' title='bbox 3346 3200 3612 3266; x_wconf 80' lang='grc' dir='ltr'><strong>ἀγγέλους</strong></span> <span class='ocrx_word' id='word_1_340' title='bbox 3642 3201 3834 3255; x_wconf 73' lang='grc' dir='ltr'>αὐτοῦ.</span> 
     </span>
    </p>
   </div>
   <div class='ocr_carea' id='block_1_61' title="bbox 2435 3290 3905 3365">
    <p class='ocr_par' dir='ltr' id='par_1_61' title="bbox 2435 3290 3905 3365">
     <span class='ocr_line' id='line_1_61' title="bbox 2435 3290 3905 3365; baseline 0.003 -21"><span class='ocrx_word' id='word_1_341' title='bbox 2435 3290 2523 3344; x_wconf 84' lang='lat'><strong>22.</strong></span> <span class='ocrx_word' id='word_1_342' title='bbox 2564 3291 2674 3354; x_wconf 88' lang='grc' dir='ltr'><strong>Τάς</strong></span> <span class='ocrx_word' id='word_1_343' title='bbox 2705 3292 2950 3357; x_wconf 82' lang='grc' dir='ltr'>ἐναντίας</span> <span class='ocrx_word' id='word_1_344' title='bbox 2983 3293 3237 3364; x_wconf 78' lang='grc' dir='ltr'>δυνάμεις</span> <span class='ocrx_word' id='word_1_345' title='bbox 3270 3294 3326 3345; x_wconf 84' lang='grc' dir='ltr'>ἐν</span> <span class='ocrx_word' id='word_1_346' title='bbox 3346 3293 3422 3363; x_wconf 80' lang='grc' dir='ltr'>τῷ</span> <span class='ocrx_word' id='word_1_347' title='bbox 3449 3293 3794 3365; x_wconf 79' lang='grc' dir='ltr'>βαπτίσματι</span> <span class='ocrx_word' id='word_1_348' title='bbox 3817 3296 3905 3365; x_wconf 72' lang='grc' dir='ltr'><strong>(δ).</strong></span> 
     </span>
    </p>
   </div>
   <div class='ocr_carea' id='block_1_62' title="bbox 2431 3383 3834 3459">
    <p class='ocr_par' dir='ltr' id='par_1_62' title="bbox 2431 3383 3834 3459">
     <span class='ocr_line' id='line_1_62' title="bbox 2431 3383 3834 3459; baseline 0.004 -21"><span class='ocrx_word' id='word_1_349' title='bbox 2431 3384 2521 3439; x_wconf 80' lang='grc'><strong>25.</strong></span> <span class='ocrx_word' id='word_1_350' title='bbox 2564 3383 2673 3450; x_wconf 75' lang='lat' dir='ltr'><strong>Ta;</strong></span> <span class='ocrx_word' id='word_1_351' title='bbox 2704 3384 2948 3453; x_wconf 75' lang='grc' dir='ltr'>ἐξουσίας</span> <span class='ocrx_word' id='word_1_352' title='bbox 2977 3389 3069 3442; x_wconf 74' lang='grc' dir='ltr'><strong>καὶ</strong></span> <span class='ocrx_word' id='word_1_353' title='bbox 3098 3387 3196 3451; x_wconf 78' lang='grc' dir='ltr'><strong>τάς</strong></span> <span class='ocrx_word' id='word_1_354' title='bbox 3221 3387 3391 3459; x_wconf 76' lang='grc' dir='ltr'>ἀρχὰς</span> <span class='ocrx_word' id='word_1_355' title='bbox 3425 3390 3518 3443; x_wconf 77' lang='grc' dir='ltr'>τοῦ</span> <span class='ocrx_word' id='word_1_356' title='bbox 3555 3390 3834 3446; x_wconf 74' lang='grc' dir='ltr'>διαϐόλου.</span> 
     </span>
    </p>
   </div>
   <div class='ocr_carea' id='block_1_63' title="bbox 759 3458 2256 3552">
    <p class='ocr_par' dir='ltr' id='par_1_63' title="bbox 759 3467 2254 3539">
     <span class='ocr_line' id='line_1_63' title="bbox 759 3467 2254 3539; baseline -0.005 -13"><span class='ocrx_word' id='word_1_357' title='bbox 759 3472 850 3526; x_wconf 88' lang='grc'><strong>24.</strong></span> <span class='ocrx_word' id='word_1_358' title='bbox 893 3470 1061 3524; x_wconf 82' lang='lat' dir='ltr'><strong>Sehon</strong></span> <span class='ocrx_word' id='word_1_359' title='bbox 1106 3469 1250 3525; x_wconf 84' lang='lat' dir='ltr'><strong>enim</strong></span> <span class='ocrx_word' id='word_1_360' title='bbox 1294 3468 1678 3539; x_wconf 87' lang='lat' dir='ltr'><strong>interpretatur</strong></span> <span class='ocrx_word' id='word_1_361' title='bbox 1703 3467 1920 3521; x_wconf 81' lang='lat' dir='ltr'><strong>tentatio</strong></span> <span class='ocrx_word' id='word_1_362' title='bbox 1949 3467 2254 3522; x_wconf 74' lang='lat' dir='ltr'><strong>velwmem:</strong></span> 
     </span>
    </p>
   </div>
   <div class='ocr_carea' id='block_1_64' title="bbox 2358 3458 3931 3552">
    <p class='ocr_par' dir='ltr' id='par_1_64' title="bbox 2429 3458 3931 3552">
     <span class='ocr_line' id='line_1_64' title="bbox 2429 3458 3931 3552; baseline 0.006 -23"><span class='ocrx_word' id='word_1_363' title='bbox 2429 3476 2517 3530; x_wconf 88' lang='grc'><strong>24.</strong></span> <span class='ocrx_word' id='word_1_364' title='bbox 2560 3475 2732 3544; x_wconf 82' lang='grc' dir='ltr'><strong>Σηὼν</strong></span> <span class='ocrx_word' id='word_1_365' title='bbox 2762 3476 2869 3550; x_wconf 88' lang='grc' dir='ltr'><strong>γάρ</strong></span> <span class='ocrx_word' id='word_1_366' title='bbox 2902 3478 2980 3549; x_wconf 88' lang='grc'><strong>(4)</strong></span> <span class='ocrx_word' id='word_1_367' title='bbox 3029 3458 3385 3550; x_wconf 80' lang='grc' dir='ltr'>ἑρμηνεύεται</span> <span class='ocrx_word' id='word_1_368' title='bbox 3424 3483 3766 3552; x_wconf 77' lang='grc' dir='ltr'>πειρασμὸς</span> <span class='ocrx_word' id='word_1_369' title='bbox 3817 3487 3931 3551; x_wconf 57' lang='grc' dir='ltr'>θείς</span> 
     </span>
    </p>
   </div>
   <div class='ocr_carea' id='block_1_65' title="bbox 693 3559 2252 3628">
    <p class='ocr_par' dir='ltr' id='par_1_65' title="bbox 693 3559 2252 3628">
     <span class='ocr_line' id='line_1_65' title="bbox 693 3559 2252 3628; baseline -0.003 -12"><span class='ocrx_word' id='word_1_370' title='bbox 693 3561 1117 3617; x_wconf 64' lang='lat' dir='ltr'><strong>Aman/imorum</strong></span> <span class='ocrx_word' id='word_1_371' title='bbox 1172 3559 1552 3628; x_wconf 86' lang='lat' dir='ltr'><strong>interpretatur</strong></span> <span class='ocrx_word' id='word_1_372' title='bbox 1595 3560 2023 3615; x_wconf 72' lang='lat' dir='ltr'><strong>exacerbantium</strong></span> <span class='ocrx_word' id='word_1_373' title='bbox 2087 3575 2252 3628; x_wconf 82' lang='lat' dir='ltr'><strong>aqua-</strong></span> 
     </span>
    </p>
   </div>
   <div class='ocr_carea' id='block_1_66' title="bbox 695 3652 2253 3724">
    <p class='ocr_par' dir='ltr' id='par_1_66' title="bbox 695 3652 2253 3724">
     <span class='ocr_line' id='line_1_66' title="bbox 695 3652 2253 3724; baseline -0.004 -13"><span class='ocrx_word' id='word_1_374' title='bbox 695 3675 810 3712; x_wconf 84' lang='lat' dir='ltr'><strong>rum</strong></span> <span class='ocrx_word' id='word_1_375' title='bbox 847 3671 864 3708; x_wconf 94' lang='lat'><em>:</em></span> <span class='ocrx_word' id='word_1_376' title='bbox 897 3655 1172 3712; x_wconf 88' lang='lat' dir='ltr'><strong>diabolum</strong></span> <span class='ocrx_word' id='word_1_377' title='bbox 1222 3653 1385 3724; x_wconf 87' lang='lat' dir='ltr'><strong>igitur</strong></span> <span class='ocrx_word' id='word_1_378' title='bbox 1421 3653 1706 3708; x_wconf 76' lang='lat' dir='ltr'><strong>manifeste</strong></span> <span class='ocrx_word' id='word_1_379' title='bbox 1759 3652 2030 3723; x_wconf 85' lang='lat' dir='ltr'><strong>signiﬁcat</strong></span> <span class='ocrx_word' id='word_1_380' title='bbox 2071 3666 2253 3722; x_wconf 83' lang='lat' dir='ltr'><strong>regem</strong></span> 
     </span>
    </p>
   </div>
   <div class='ocr_carea' id='block_1_67' title="bbox 693 3742 1991 3806">
    <p class='ocr_par' dir='ltr' id='par_1_67' title="bbox 693 3742 1991 3806">
     <span class='ocr_line' id='line_1_67' title="bbox 693 3742 1991 3806; baseline -0.008 0"><span class='ocrx_word' id='word_1_381' title='bbox 693 3750 998 3806; x_wconf 66' lang='lat' dir='ltr'><strong>daemonum</strong></span> <span class='ocrx_word' id='word_1_382' title='bbox 1027 3745 1468 3803; x_wconf 83' lang='lat' dir='ltr'><strong>exacerbantium</strong></span> <span class='ocrx_word' id='word_1_383' title='bbox 1494 3758 1708 3799; x_wconf 88' lang='lat' dir='ltr'><strong>omnem</strong></span> <span class='ocrx_word' id='word_1_384' title='bbox 1736 3742 1991 3796; x_wconf 89' lang='lat' dir='ltr'><strong>animam.</strong></span> 
     </span>
    </p>
   </div>
   <div class='ocr_carea' id='block_1_68' title="bbox 758 3831 2256 3912">
    <p class='ocr_par' dir='ltr' id='par_1_68' title="bbox 758 3831 2256 3912">
     <span class='ocr_line' id='line_1_68' title="bbox 758 3831 2256 3912; baseline -0.009 -15"><span class='ocrx_word' id='word_1_385' title='bbox 758 3842 850 3900; x_wconf 85' lang='lat'><strong>25.</strong></span> <span class='ocrx_word' id='word_1_386' title='bbox 888 3841 967 3912; x_wconf 85' lang='lat'><strong>09</strong></span> <span class='ocrx_word' id='word_1_387' title='bbox 997 3854 1189 3895; x_wconf 87' lang='lat' dir='ltr'><strong>rursus</strong></span> <span class='ocrx_word' id='word_1_388' title='bbox 1221 3839 1610 3908; x_wconf 85' lang='lat' dir='ltr'><strong>interpretatur</strong></span> <span class='ocrx_word' id='word_1_389' title='bbox 1657 3849 1975 3905; x_wconf 79' lang='lat' dir='ltr'><strong>congregans</strong></span> <span class='ocrx_word' id='word_1_390' title='bbox 2018 3850 2037 3887; x_wconf 91' lang='lat'><strong><em>:</em></strong></span> <span class='ocrx_word' id='word_1_391' title='bbox 2081 3831 2256 3887; x_wconf 70' lang='lat' dir='ltr'><strong>Busan</strong></span> 
     </span>
    </p>
   </div>
   <div class='ocr_carea' id='block_1_69' title="bbox 694 3925 2257 4001">
    <p class='ocr_par' dir='ltr' id='par_1_69' title="bbox 694 3925 2257 4001">
     <span class='ocr_line' id='line_1_69' title="bbox 694 3925 2257 4001; baseline -0.006 -14"><span class='ocrx_word' id='word_1_392' title='bbox 694 3943 873 3987; x_wconf 86' lang='lat' dir='ltr'><strong>autem</strong></span> <span class='ocrx_word' id='word_1_393' title='bbox 906 3933 1289 4001; x_wconf 83' lang='lat' dir='ltr'><strong>interpretatur</strong></span> <span class='ocrx_word' id='word_1_394' title='bbox 1315 3929 1605 4000; x_wconf 73' lang='lat' dir='ltr'><strong>ignominia</strong></span> <span class='ocrx_word' id='word_1_395' title='bbox 1631 3935 1785 3980; x_wconf 85' lang='lat' dir='ltr'><strong>acuta</strong></span> <span class='ocrx_word' id='word_1_396' title='bbox 1815 3925 2128 3998; x_wconf 78' lang='lat' dir='ltr'><strong>[ignominia</strong></span> <span class='ocrx_word' id='word_1_397' title='bbox 2149 3925 2257 3978; x_wconf 76' lang='lat' dir='ltr'><strong>sic-</strong></span> 
     </span>
    </p>
   </div>
   <div class='ocr_carea' id='block_1_70' title="bbox 692 4017 2257 4095">
    <p class='ocr_par' dir='ltr' id='par_1_70' title="bbox 692 4017 2257 4095">
     <span class='ocr_line' id='line_1_70' title="bbox 692 4017 2257 4095; baseline -0.006 -13"><span class='ocrx_word' id='word_1_398' title='bbox 692 4026 891 4091; x_wconf 73' lang='lat' dir='ltr'><strong>citatis,</strong></span> <span class='ocrx_word' id='word_1_399' title='bbox 926 4032 1021 4080; x_wconf 87' lang='lat' dir='ltr'><strong>aut</strong></span> <span class='ocrx_word' id='word_1_400' title='bbox 1067 4024 1206 4079; x_wconf 74' lang='lat' dir='ltr'><strong>sicca</strong></span> <span class='ocrx_word' id='word_1_401' title='bbox 1234 4021 1296 4095; x_wconf 91' lang='lat'><strong>]:</strong></span> <span class='ocrx_word' id='word_1_402' title='bbox 1335 4021 1684 4076; x_wconf 79' lang='lat' dir='ltr'><strong>manifestum</strong></span> <span class='ocrx_word' id='word_1_403' title='bbox 1743 4029 1825 4075; x_wconf 91' lang='lat' dir='ltr'><strong>est</strong></span> <span class='ocrx_word' id='word_1_404' title='bbox 1883 4019 2068 4091; x_wconf 87' lang='lat' dir='ltr'><strong>igitur,</strong></span> <span class='ocrx_word' id='word_1_405' title='bbox 2112 4017 2257 4089; x_wconf 88' lang='lat' dir='ltr'><strong>quod</strong></span> 
     </span>
    </p>
   </div>
   <div class='ocr_carea' id='block_1_71' title="bbox 693 4113 2072 4188">
    <p class='ocr_par' dir='ltr' id='par_1_71' title="bbox 693 4113 2072 4188">
     <span class='ocr_line' id='line_1_71' title="bbox 693 4113 2072 4188; baseline -0.004 -15"><span class='ocrx_word' id='word_1_406' title='bbox 693 4129 919 4174; x_wconf 84' lang='lat' dir='ltr'><strong>mortem</strong></span> <span class='ocrx_word' id='word_1_407' title='bbox 949 4115 1218 4188; x_wconf 78' lang='lat' dir='ltr'><strong>signiﬁcat</strong></span> <span class='ocrx_word' id='word_1_408' title='bbox 1243 4113 1614 4170; x_wconf 90' lang='lat' dir='ltr'><strong>dominantem</strong></span> <span class='ocrx_word' id='word_1_409' title='bbox 1644 4127 1740 4183; x_wconf 84' lang='lat' dir='ltr'><strong>per</strong></span> <span class='ocrx_word' id='word_1_410' title='bbox 1766 4120 2072 4181; x_wconf 87' lang='lat' dir='ltr'><strong>peccatum.</strong></span> 
     </span>
    </p>
   </div>
   <div class='ocr_carea' id='block_1_72' title="bbox 760 4203 2257 4276">
    <p class='ocr_par' dir='ltr' id='par_1_72' title="bbox 760 4203 2257 4276">
     <span class='ocr_line' id='line_1_72' title="bbox 760 4203 2257 4276; baseline -0.002 -15"><span class='ocrx_word' id='word_1_411' title='bbox 760 4207 848 4262; x_wconf 89' lang='lat'><strong>26.</strong></span> <span class='ocrx_word' id='word_1_412' title='bbox 880 4206 944 4261; x_wconf 88' lang='lat' dir='ltr'><strong>Et</strong></span> <span class='ocrx_word' id='word_1_413' title='bbox 979 4221 1168 4262; x_wconf 89' lang='lat' dir='ltr'><strong>omnes</strong></span> <span class='ocrx_word' id='word_1_414' title='bbox 1200 4203 1556 4276; x_wconf 90' lang='lat' dir='ltr'><strong>principatus,</strong></span> <span class='ocrx_word' id='word_1_415' title='bbox 1581 4212 1636 4259; x_wconf 89' lang='lat' dir='ltr'><strong>et</strong></span> <span class='ocrx_word' id='word_1_416' title='bbox 1663 4211 1980 4272; x_wconf 88' lang='lat' dir='ltr'><strong>potestates,</strong></span> <span class='ocrx_word' id='word_1_417' title='bbox 2010 4213 2070 4258; x_wconf 93' lang='lat' dir='ltr'><strong>ut</strong></span> <span class='ocrx_word' id='word_1_418' title='bbox 2105 4213 2257 4260; x_wconf 83' lang='lat' dir='ltr'><strong>antea</strong></span> 
     </span>
    </p>
   </div>
   <div class='ocr_carea' id='block_1_73' title="bbox 693 4295 2258 4367">
    <p class='ocr_par' dir='ltr' id='par_1_73' title="bbox 693 4295 2258 4367">
     <span class='ocr_line' id='line_1_73' title="bbox 693 4295 2258 4367; baseline -0.001 -14"><span class='ocrx_word' id='word_1_419' title='bbox 693 4297 823 4362; x_wconf 79' lang='lat' dir='ltr'><strong>dixi,</strong></span> <span class='ocrx_word' id='word_1_420' title='bbox 870 4298 1161 4354; x_wconf 90' lang='lat' dir='ltr'><strong>colentium</strong></span> <span class='ocrx_word' id='word_1_421' title='bbox 1213 4297 1584 4367; x_wconf 87' lang='lat' dir='ltr'><strong>iniquitatem;</strong></span> <span class='ocrx_word' id='word_1_422' title='bbox 1639 4295 1742 4352; x_wconf 93' lang='lat' dir='ltr'><strong>hoc</strong></span> <span class='ocrx_word' id='word_1_423' title='bbox 1804 4295 1950 4352; x_wconf 91' lang='lat' dir='ltr'><strong>enim</strong></span> <span class='ocrx_word' id='word_1_424' title='bbox 1993 4295 2258 4366; x_wconf 82' lang='lat' dir='ltr'><strong>signiﬁcat</strong></span> 
     </span>
    </p>
   </div>
   <div class='ocr_carea' id='block_1_74' title="bbox 691 4387 2115 4458">
    <p class='ocr_par' dir='ltr' id='par_1_74' title="bbox 691 4387 2115 4458">
     <span class='ocr_line' id='line_1_74' title="bbox 691 4387 2115 4458; baseline 0.001 -14"><span class='ocrx_word' id='word_1_425' title='bbox 691 4391 914 4446; x_wconf 76' lang='lat' dir='ltr'><strong>verbum</strong></span> <span class='ocrx_word' id='word_1_426' title='bbox 947 4391 1096 4454; x_wconf 89' lang='lat' dir='ltr'><strong>illud,</strong></span> <span class='ocrx_word' id='word_1_427' title='bbox 1130 4388 1404 4453; x_wconf 86' lang='lat' dir='ltr'><strong>Chanaan,</strong></span> <span class='ocrx_word' id='word_1_428' title='bbox 1439 4387 1720 4443; x_wconf 84' lang='lat' dir='ltr'><strong>colentium</strong></span> <span class='ocrx_word' id='word_1_429' title='bbox 1763 4389 2115 4458; x_wconf 71' lang='lat' dir='ltr'><strong>iniquitatem.</strong></span> 
     </span>
    </p>
   </div>
   <div class='ocr_carea' id='block_1_75' title="bbox 760 4476 2254 4549">
    <p class='ocr_par' dir='ltr' id='par_1_75' title="bbox 760 4476 2254 4549">
     <span class='ocr_line' id='line_1_75' title="bbox 760 4476 2254 4549; baseline 0 -17"><span class='ocrx_word' id='word_1_430' title='bbox 760 4476 851 4544; x_wconf 88' lang='lat'><strong>27,</strong></span> <span class='ocrx_word' id='word_1_431' title='bbox 884 4477 972 4532; x_wconf 89' lang='lat'><strong>28.</strong></span> <span class='ocrx_word' id='word_1_432' title='bbox 1008 4476 1071 4532; x_wconf 88' lang='lat' dir='ltr'><strong>Et</strong></span> <span class='ocrx_word' id='word_1_433' title='bbox 1100 4486 1306 4548; x_wconf 83' lang='lat' dir='ltr'><strong>gentes,</strong></span> <span class='ocrx_word' id='word_1_434' title='bbox 1342 4493 1481 4549; x_wconf 84' lang='lat' dir='ltr'><strong>quas</strong></span> <span class='ocrx_word' id='word_1_435' title='bbox 1511 4477 1663 4547; x_wconf 88' lang='lat' dir='ltr'><strong>prius</strong></span> <span class='ocrx_word' id='word_1_436' title='bbox 1693 4477 1824 4549; x_wconf 65' lang='lat' dir='ltr'><strong>ipsae</strong></span> <span class='ocrx_word' id='word_1_437' title='bbox 1857 4493 1950 4548; x_wconf 90' lang='lat' dir='ltr'><strong>per</strong></span> <span class='ocrx_word' id='word_1_438' title='bbox 1975 4487 2254 4548; x_wconf 90' lang='lat' dir='ltr'><strong>peccatum</strong></span> 
     </span>
    </p>
   </div>
   <div class='ocr_carea' id='block_1_76' title="bbox 692 4568 2259 4639">
    <p class='ocr_par' dir='ltr' id='par_1_76' title="bbox 692 4568 2259 4639">
     <span class='ocr_line' id='line_1_76' title="bbox 692 4568 2259 4639; baseline -0.002 -13"><span class='ocrx_word' id='word_1_439' title='bbox 692 4569 965 4637; x_wconf 83' lang='lat' dir='ltr'><strong>tenebant,</strong></span> <span class='ocrx_word' id='word_1_440' title='bbox 992 4584 1086 4624; x_wconf 88' lang='lat' dir='ltr'><strong>eas</strong></span> <span class='ocrx_word' id='word_1_441' title='bbox 1134 4569 1281 4624; x_wconf 90' lang='lat' dir='ltr'><strong>dedit</strong></span> <span class='ocrx_word' id='word_1_442' title='bbox 1325 4568 1586 4639; x_wconf 90' lang='lat' dir='ltr'><strong>apostolis</strong></span> <span class='ocrx_word' id='word_1_443' title='bbox 1632 4571 1684 4624; x_wconf 89' lang='lat' dir='ltr'><strong>in</strong></span> <span class='ocrx_word' id='word_1_444' title='bbox 1732 4569 2120 4633; x_wconf 76' lang='lat' dir='ltr'><strong>hzereditatem,</strong></span> <span class='ocrx_word' id='word_1_445' title='bbox 2155 4568 2259 4624; x_wconf 87' lang='lat' dir='ltr'><strong>hoc</strong></span> 
     </span>
    </p>
   </div>
   <div class='ocr_carea' id='block_1_77' title="bbox 691 4660 2250 4732">
    <p class='ocr_par' dir='ltr' id='par_1_77' title="bbox 691 4660 2250 4732">
     <span class='ocr_line' id='line_1_77' title="bbox 691 4660 2250 4732; baseline -0.003 -13"><span class='ocrx_word' id='word_1_446' title='bbox 691 4671 776 4719; x_wconf 84' lang='lat' dir='ltr'><strong>est</strong></span> <span class='ocrx_word' id='word_1_447' title='bbox 821 4663 876 4718; x_wconf 91' lang='lat' dir='ltr'><strong>in</strong></span> <span class='ocrx_word' id='word_1_448' title='bbox 920 4662 1323 4732; x_wconf 86' lang='lat' dir='ltr'><strong>possessionem</strong></span> <span class='ocrx_word' id='word_1_449' title='bbox 1381 4660 1694 4717; x_wconf 91' lang='lat' dir='ltr'><strong>hominibus</strong></span> <span class='ocrx_word' id='word_1_450' title='bbox 1740 4662 2049 4719; x_wconf 88' lang='lat' dir='ltr'><strong>videntibus</strong></span> <span class='ocrx_word' id='word_1_451' title='bbox 2082 4677 2250 4717; x_wconf 90' lang='lat' dir='ltr'><strong>eum:</strong></span> 
     </span>
    </p>
   </div>
   <div class='ocr_carea' id='block_1_78' title="bbox 693 4751 1956 4811">
    <p class='ocr_par' dir='ltr' id='par_1_78' title="bbox 693 4751 1956 4811">
     <span class='ocr_line' id='line_1_78' title="bbox 693 4751 1956 4811; baseline 0 -3"><span class='ocrx_word' id='word_1_452' title='bbox 693 4751 864 4810; x_wconf 77' lang='lat' dir='ltr'><strong>Israel</strong></span> <span class='ocrx_word' id='word_1_453' title='bbox 891 4754 1035 4809; x_wconf 89' lang='lat' dir='ltr'><strong>enim</strong></span> <span class='ocrx_word' id='word_1_454' title='bbox 1060 4755 1440 4811; x_wconf 74' lang='lat' dir='ltr'><strong>interpretatur</strong></span> <span class='ocrx_word' id='word_1_455' title='bbox 1471 4755 1548 4809; x_wconf 83' lang='lat' dir='ltr'><strong>vir</strong></span> <span class='ocrx_word' id='word_1_456' title='bbox 1568 4754 1744 4809; x_wconf 77' lang='lat' dir='ltr'><strong>videns</strong></span> <span class='ocrx_word' id='word_1_457' title='bbox 1771 4754 1956 4809; x_wconf 82' lang='lat' dir='ltr'><strong>Deum.</strong></span> 
     </span>
    </p>
   </div>
   <div class='ocr_carea' id='block_1_79' title="bbox 758 4935 1197 4994">
    <p class='ocr_par' dir='ltr' id='par_1_79' title="bbox 758 4935 1197 4994">
     <span class='ocr_line' id='line_1_79' title="bbox 758 4935 1197 4994; baseline 0.002 -3"><span class='ocrx_word' id='word_1_458' title='bbox 758 4935 847 4992; x_wconf 84' lang='lat'><strong>29.</strong></span> <span class='ocrx_word' id='word_1_459' title='bbox 888 4936 1197 4994; x_wconf 85' lang='lat' dir='ltr'><strong>lndelebile.</strong></span> 
     </span>
    </p>
   </div>
   <div class='ocr_carea' id='block_1_80' title="bbox 760 5027 2257 5101">
    <p class='ocr_par' dir='ltr' id='par_1_80' title="bbox 760 5027 2257 5101">
     <span class='ocr_line' id='line_1_80' title="bbox 760 5027 2257 5101; baseline 0.002 -19"><span class='ocrx_word' id='word_1_460' title='bbox 760 5027 848 5084; x_wconf 82' lang='grc'><strong>50.</strong></span> <span class='ocrx_word' id='word_1_461' title='bbox 889 5027 954 5084; x_wconf 91' lang='lat' dir='ltr'><strong>Et</strong></span> <span class='ocrx_word' id='word_1_462' title='bbox 973 5030 1234 5085; x_wconf 87' lang='lat' dir='ltr'><strong>memoria</strong></span> <span class='ocrx_word' id='word_1_463' title='bbox 1254 5030 1570 5100; x_wconf 90' lang='lat' dir='ltr'><strong>passionum</strong></span> <span class='ocrx_word' id='word_1_464' title='bbox 1601 5041 1818 5086; x_wconf 89' lang='lat' dir='ltr'><strong>tuarum</strong></span> <span class='ocrx_word' id='word_1_465' title='bbox 1842 5038 2103 5101; x_wconf 89' lang='lat' dir='ltr'><strong>perpetuo</strong></span> <span class='ocrx_word' id='word_1_466' title='bbox 2131 5046 2257 5101; x_wconf 89' lang='lat' dir='ltr'><strong>per-</strong></span> 
     </span>
    </p>
   </div>
   <div class='ocr_carea' id='block_1_81' title="bbox 699 5130 890 5176">
    <p class='ocr_par' dir='ltr' id='par_1_81' title="bbox 699 5130 890 5176">
     <span class='ocr_line' id='line_1_81' title="bbox 699 5130 890 5176; baseline 0.01 -2"><span class='ocrx_word' id='word_1_467' title='bbox 699 5130 890 5176; x_wconf 88' lang='lat' dir='ltr'><strong>manet.</strong></span> 
     </span>
    </p>
   </div>
   <div class='ocr_carea' id='block_1_82' title="bbox 2353 3568 3931 3642">
    <p class='ocr_par' dir='ltr' id='par_1_82' title="bbox 2353 3568 3931 3642">
     <span class='ocr_line' id='line_1_82' title="bbox 2353 3568 3931 3642; baseline 0.004 -20"><span class='ocrx_word' id='word_1_468' title='bbox 2353 3569 2498 3637; x_wconf 79' lang='grc' dir='ltr'>μός·</span> <span class='ocrx_word' id='word_1_469' title='bbox 2541 3568 2892 3637; x_wconf 77' lang='grc' dir='ltr'>Ἀμορῤαίων</span> <span class='ocrx_word' id='word_1_470' title='bbox 2919 3569 3273 3642; x_wconf 76' lang='grc' dir='ltr'>ἑρμηνεύεται</span> <span class='ocrx_word' id='word_1_471' title='bbox 3319 3573 3760 3641; x_wconf 71' lang='grc' dir='ltr'>πικραινόντων</span> <span class='ocrx_word' id='word_1_472' title='bbox 3800 3575 3931 3631; x_wconf 78' lang='grc' dir='ltr'>ὑδά-</span> 
     </span>
    </p>
   </div>
   <div class='ocr_carea' id='block_1_83' title="bbox 2358 3656 3931 3735">
    <p class='ocr_par' dir='ltr' id='par_1_83' title="bbox 2358 3656 3931 3735">
     <span class='ocr_line' id='line_1_83' title="bbox 2358 3656 3931 3735; baseline 0.006 -25"><span class='ocrx_word' id='word_1_473' title='bbox 2358 3673 2504 3710; x_wconf 72' lang='grc' dir='ltr'><strong>τωνο</strong></span> <span class='ocrx_word' id='word_1_474' title='bbox 2552 3656 2746 3710; x_wconf 84' lang='grc' dir='ltr'>ούκοῦν</span> <span class='ocrx_word' id='word_1_475' title='bbox 2788 3658 2878 3711; x_wconf 84' lang='grc' dir='ltr'>τὸν</span> <span class='ocrx_word' id='word_1_476' title='bbox 2920 3658 3161 3714; x_wconf 76' lang='grc' dir='ltr'>διάϐολον</span> <span class='ocrx_word' id='word_1_477' title='bbox 3195 3663 3380 3731; x_wconf 82' lang='grc' dir='ltr'>σαφῶς</span> <span class='ocrx_word' id='word_1_478' title='bbox 3413 3664 3560 3732; x_wconf 81' lang='grc' dir='ltr'>λέγει</span> <span class='ocrx_word' id='word_1_479' title='bbox 3590 3663 3683 3717; x_wconf 71' lang='grc' dir='ltr'><strong>τὸν</strong></span> <span class='ocrx_word' id='word_1_480' title='bbox 3722 3665 3931 3735; x_wconf 77' lang='grc' dir='ltr'>βασιλέα</span> 
     </span>
    </p>
   </div>
   <div class='ocr_carea' id='block_1_84' title="bbox 2356 3749 3745 3828">
    <p class='ocr_par' dir='ltr' id='par_1_84' title="bbox 2356 3749 3745 3828">
     <span class='ocr_line' id='line_1_84' title="bbox 2356 3749 3745 3828; baseline 0.007 -27"><span class='ocrx_word' id='word_1_481' title='bbox 2356 3749 2463 3803; x_wconf 87' lang='grc' dir='ltr'>τῶν</span> <span class='ocrx_word' id='word_1_482' title='bbox 2486 3749 2755 3819; x_wconf 86' lang='grc' dir='ltr'>δαιμόνων</span> <span class='ocrx_word' id='word_1_483' title='bbox 2780 3750 2888 3804; x_wconf 87' lang='grc' dir='ltr'>τῶν</span> <span class='ocrx_word' id='word_1_484' title='bbox 2918 3753 3308 3821; x_wconf 85' lang='grc' dir='ltr'>πικραινόντων</span> <span class='ocrx_word' id='word_1_485' title='bbox 3334 3757 3513 3809; x_wconf 72' lang='grc' dir='ltr'>πᾶσαν</span> <span class='ocrx_word' id='word_1_486' title='bbox 3533 3756 3745 3828; x_wconf 75' lang='grc' dir='ltr'>ψυχήν.</span> 
     </span>
    </p>
   </div>
   <div class='ocr_carea' id='block_1_85' title="bbox 2430 3840 3928 3915">
    <p class='ocr_par' dir='ltr' id='par_1_85' title="bbox 2430 3840 3928 3915">
     <span class='ocr_line' id='line_1_85' title="bbox 2430 3840 3928 3915; baseline 0.007 -22"><span class='ocrx_word' id='word_1_487' title='bbox 2430 3840 2520 3893; x_wconf 87' lang='grc'><strong>25.</strong></span> <span class='ocrx_word' id='word_1_488' title='bbox 2546 3842 2646 3909; x_wconf 76' lang='grc' dir='ltr'>Ὢγ</span> <span class='ocrx_word' id='word_1_489' title='bbox 2693 3840 2851 3896; x_wconf 79' lang='grc' dir='ltr'>πάλιν</span> <span class='ocrx_word' id='word_1_490' title='bbox 2889 3844 3244 3915; x_wconf 80' lang='grc' dir='ltr'>ἑρμηνεύεται</span> <span class='ocrx_word' id='word_1_491' title='bbox 3286 3846 3567 3915; x_wconf 80' lang='grc' dir='ltr'>ἀθροίζων</span> <span class='ocrx_word' id='word_1_492' title='bbox 3593 3865 3606 3877; x_wconf 90' lang='grc'><strong>·</strong></span> <span class='ocrx_word' id='word_1_493' title='bbox 3639 3849 3856 3903; x_wconf 67' lang='lat' dir='ltr'><strong>Bamb-</strong></span> 
     </span>
    </p>
   </div>
   <div class='ocr_carea' id='block_1_86' title="bbox 2360 3931 3930 4010">
    <p class='ocr_par' dir='ltr' id='par_1_86' title="bbox 2360 3931 3930 4010">
     <span class='ocr_line' id='line_1_86' title="bbox 2360 3931 3930 4010; baseline 0.01 -27"><span class='ocrx_word' id='word_1_494' title='bbox 2360 3931 2717 4002; x_wconf 79' lang='grc' dir='ltr'>ἑρμηνεύεται</span> <span class='ocrx_word' id='word_1_495' title='bbox 2741 3934 3004 4004; x_wconf 70' lang='grc' dir='ltr'>αἰσχύνη</span> <span class='ocrx_word' id='word_1_496' title='bbox 3033 3935 3184 4006; x_wconf 78' lang='grc' dir='ltr'>ξυρά</span> <span class='ocrx_word' id='word_1_497' title='bbox 3210 3935 3492 4009; x_wconf 75' lang='grc' dir='ltr'>[αἰσχύνη</span> <span class='ocrx_word' id='word_1_498' title='bbox 3518 3938 3826 4010; x_wconf 81' lang='grc' dir='ltr'>ξτιρασιας</span> <span class='ocrx_word' id='word_1_499' title='bbox 3853 3956 3930 3998; x_wconf 82' lang='lat' dir='ltr'><strong>aat</strong></span> 
     </span>
    </p>
   </div>
   <div class='ocr_carea' id='block_1_87' title="bbox 2360 4022 3929 4105">
    <p class='ocr_par' dir='ltr' id='par_1_87' title="bbox 2360 4022 3929 4105">
     <span class='ocr_line' id='line_1_87' title="bbox 2360 4022 3929 4105; baseline 0.009 -30"><span class='ocrx_word' id='word_1_500' title='bbox 2360 4022 2534 4095; x_wconf 77' lang='grc' dir='ltr'>ξηρά]</span> <span class='ocrx_word' id='word_1_501' title='bbox 2566 4025 2661 4095; x_wconf 87' lang='grc'><strong>(5)·</strong></span> <span class='ocrx_word' id='word_1_502' title='bbox 2702 4025 2859 4096; x_wconf 85' lang='grc' dir='ltr'>δῆλον</span> <span class='ocrx_word' id='word_1_503' title='bbox 2893 4022 3006 4091; x_wconf 81' lang='grc' dir='ltr'>οὖν,</span> <span class='ocrx_word' id='word_1_504' title='bbox 3053 4029 3134 4082; x_wconf 83' lang='grc' dir='ltr'>ὅτι</span> <span class='ocrx_word' id='word_1_505' title='bbox 3183 4027 3410 4083; x_wconf 88' lang='grc' dir='ltr'>θάνατον</span> <span class='ocrx_word' id='word_1_506' title='bbox 3454 4031 3604 4098; x_wconf 85' lang='grc' dir='ltr'>λέγει</span> <span class='ocrx_word' id='word_1_507' title='bbox 3649 4033 3746 4087; x_wconf 78' lang='grc' dir='ltr'>τὸν</span> <span class='ocrx_word' id='word_1_508' title='bbox 3789 4035 3929 4105; x_wconf 82' lang='grc' dir='ltr'>βασι-</span> 
     </span>
    </p>
   </div>
   <div class='ocr_carea' id='block_1_88' title="bbox 2358 4114 3045 4190">
    <p class='ocr_par' dir='ltr' id='par_1_88' title="bbox 2358 4114 3045 4190">
     <span class='ocr_line' id='line_1_88' title="bbox 2358 4114 3045 4190; baseline 0.01 -23"><span class='ocrx_word' id='word_1_509' title='bbox 2358 4114 2579 4171; x_wconf 87' lang='grc' dir='ltr'>λεύοντα</span> <span class='ocrx_word' id='word_1_510' title='bbox 2609 4118 2709 4189; x_wconf 84' lang='grc' dir='ltr'>τῆς</span> <span class='ocrx_word' id='word_1_511' title='bbox 2750 4119 3045 4190; x_wconf 82' lang='grc' dir='ltr'>ἁμαρτίας.</span> 
     </span>
    </p>
   </div>
   <div class='ocr_carea' id='block_1_89' title="bbox 2429 4205 3926 4280">
    <p class='ocr_par' dir='ltr' id='par_1_89' title="bbox 2429 4205 3926 4280">
     <span class='ocr_line' id='line_1_89' title="bbox 2429 4205 3926 4280; baseline 0.007 -20"><span class='ocrx_word' id='word_1_512' title='bbox 2429 4205 2517 4260; x_wconf 87' lang='lat'><strong>26.</strong></span> <span class='ocrx_word' id='word_1_513' title='bbox 2547 4206 2624 4278; x_wconf 90' lang='lat' dir='ltr'><strong>(a)</strong></span> <span class='ocrx_word' id='word_1_514' title='bbox 2653 4208 2763 4261; x_wconf 71' lang='lat' dir='ltr'><strong>Kal.</strong></span> <span class='ocrx_word' id='word_1_515' title='bbox 2808 4207 2987 4272; x_wconf 86' lang='grc' dir='ltr'>πάσας</span> <span class='ocrx_word' id='word_1_516' title='bbox 3028 4209 3125 4272; x_wconf 71' lang='grc' dir='ltr'><strong>τὰς</strong></span> <span class='ocrx_word' id='word_1_517' title='bbox 3173 4209 3363 4280; x_wconf 73' lang='grc' dir='ltr'>ἀρχὰς,</span> <span class='ocrx_word' id='word_1_518' title='bbox 3401 4210 3493 4263; x_wconf 72' lang='grc' dir='ltr'><strong>καὶ</strong></span> <span class='ocrx_word' id='word_1_519' title='bbox 3527 4208 3630 4274; x_wconf 76' lang='grc' dir='ltr'><strong>τὰς</strong></span> <span class='ocrx_word' id='word_1_520' title='bbox 3664 4212 3926 4277; x_wconf 73' lang='grc' dir='ltr'>ἐξουσίας.</span> 
     </span>
    </p>
   </div>
   <div class='ocr_carea' id='block_1_90' title="bbox 2359 4295 3930 4374">
    <p class='ocr_par' dir='ltr' id='par_1_90' title="bbox 2359 4295 3930 4374">
     <span class='ocr_line' id='line_1_90' title="bbox 2359 4295 3930 4374; baseline 0.005 -25"><span class='ocrx_word' id='word_1_521' title='bbox 2359 4295 2434 4360; x_wconf 82' lang='grc' dir='ltr'>ὡς</span> <span class='ocrx_word' id='word_1_522' title='bbox 2465 4298 2746 4368; x_wconf 79' lang='grc' dir='ltr'>προεῖπον,</span> <span class='ocrx_word' id='word_1_523' title='bbox 2783 4297 2890 4353; x_wconf 85' lang='grc' dir='ltr'><strong>τῶν</strong></span> <span class='ocrx_word' id='word_1_524' title='bbox 2917 4300 3357 4371; x_wconf 81' lang='grc' dir='ltr'>προσκυνούντων</span> <span class='ocrx_word' id='word_1_525' title='bbox 3395 4305 3460 4372; x_wconf 82' lang='grc' dir='ltr'><strong>τῇ</strong></span> <span class='ocrx_word' id='word_1_526' title='bbox 3493 4303 3738 4374; x_wconf 73' lang='grc' dir='ltr'>ἀνομία’</span> <span class='ocrx_word' id='word_1_527' title='bbox 3785 4306 3930 4358; x_wconf 75' lang='grc' dir='ltr'>τοῦτο</span> 
     </span>
    </p>
   </div>
   <div class='ocr_carea' id='block_1_91' title="bbox 2358 4390 3925 4466">
    <p class='ocr_par' dir='ltr' id='par_1_91' title="bbox 2358 4390 3925 4466">
     <span class='ocr_line' id='line_1_91' title="bbox 2358 4390 3925 4466; baseline 0.002 -23"><span class='ocrx_word' id='word_1_528' title='bbox 2358 4390 2466 4461; x_wconf 80' lang='grc' dir='ltr'><strong>γὰρ</strong></span> <span class='ocrx_word' id='word_1_529' title='bbox 2494 4390 2856 4462; x_wconf 83' lang='grc' dir='ltr'>ἑρμηνεύεται</span> <span class='ocrx_word' id='word_1_530' title='bbox 2877 4391 3116 4446; x_wconf 80' lang='grc' dir='ltr'><strong>Χαναὰν</strong></span> <span class='ocrx_word' id='word_1_531' title='bbox 3134 4394 3642 4460; x_wconf 68' lang='grc' dir='ltr'>προσκυνούντων</span> <span class='ocrx_word' id='word_1_532' title='bbox 3660 4395 3925 4466; x_wconf 64' lang='grc' dir='ltr'>ἀνομίαν.</span> 
     </span>
    </p>
   </div>
   <div class='ocr_carea' id='block_1_92' title="bbox 2428 4479 3926 4553">
    <p class='ocr_par' dir='ltr' id='par_1_92' title="bbox 2428 4479 3926 4553">
     <span class='ocr_line' id='line_1_92' title="bbox 2428 4479 3926 4553; baseline 0.005 -21"><span class='ocrx_word' id='word_1_533' title='bbox 2428 4479 2520 4544; x_wconf 90' lang='lat'><strong>27,</strong></span> <span class='ocrx_word' id='word_1_534' title='bbox 2549 4481 2638 4535; x_wconf 87' lang='lat'><strong>28.</strong></span> <span class='ocrx_word' id='word_1_535' title='bbox 2671 4483 2780 4536; x_wconf 77' lang='lat' dir='ltr'><strong>Kal.</strong></span> <span class='ocrx_word' id='word_1_536' title='bbox 2807 4481 2876 4536; x_wconf 90' lang='grc' dir='ltr'><strong>τά</strong></span> <span class='ocrx_word' id='word_1_537' title='bbox 2909 4481 3054 4553; x_wconf 75' lang='grc' dir='ltr'>ἔθνη,</span> <span class='ocrx_word' id='word_1_538' title='bbox 3088 4482 3124 4536; x_wconf 78' lang='grc' dir='ltr'><strong>ἀ</strong></span> <span class='ocrx_word' id='word_1_539' title='bbox 3157 4481 3230 4553; x_wconf 91' lang='grc'><strong>(6)</strong></span> <span class='ocrx_word' id='word_1_540' title='bbox 3256 4483 3317 4535; x_wconf 85' lang='grc' dir='ltr'>τὸ</span> <span class='ocrx_word' id='word_1_541' title='bbox 3359 4482 3628 4553; x_wconf 77' lang='grc' dir='ltr'>πρότερον</span> <span class='ocrx_word' id='word_1_542' title='bbox 3683 4487 3841 4539; x_wconf 75' lang='grc' dir='ltr'>αὐτοὶ</span> <span class='ocrx_word' id='word_1_543' title='bbox 3863 4483 3926 4539; x_wconf 80' lang='grc' dir='ltr'><strong>εἷ-</strong></span> 
     </span>
    </p>
   </div>
   <div class='ocr_carea' id='block_1_93' title="bbox 2359 4572 3929 4646">
    <p class='ocr_par' dir='ltr' id='par_1_93' title="bbox 2359 4572 3929 4646">
     <span class='ocr_line' id='line_1_93' title="bbox 2359 4572 3929 4646; baseline 0.004 -22"><span class='ocrx_word' id='word_1_544' title='bbox 2359 4587 2451 4642; x_wconf 86' lang='grc' dir='ltr'><strong>χον</strong></span> <span class='ocrx_word' id='word_1_545' title='bbox 2501 4572 2588 4628; x_wconf 83' lang='grc' dir='ltr'><strong>διὰ</strong></span> <span class='ocrx_word' id='word_1_546' title='bbox 2633 4573 2732 4646; x_wconf 85' lang='grc' dir='ltr'>τῆς</span> <span class='ocrx_word' id='word_1_547' title='bbox 2776 4574 3003 4645; x_wconf 83' lang='grc' dir='ltr'>πλάνης,</span> <span class='ocrx_word' id='word_1_548' title='bbox 3042 4574 3247 4628; x_wconf 76' lang='grc' dir='ltr'>ἔδωκαν</span> <span class='ocrx_word' id='word_1_549' title='bbox 3280 4573 3418 4628; x_wconf 85' lang='grc' dir='ltr'>αὑτά</span> <span class='ocrx_word' id='word_1_550' title='bbox 3459 4578 3573 4639; x_wconf 85' lang='grc' dir='ltr'>τοῖς</span> <span class='ocrx_word' id='word_1_551' title='bbox 3622 4577 3929 4638; x_wconf 76' lang='grc' dir='ltr'>ἀποστόλοις</span> 
     </span>
    </p>
   </div>
   <div class='ocr_carea' id='block_1_94' title="bbox 2358 4660 3927 4740">
    <p class='ocr_par' dir='ltr' id='par_1_94' title="bbox 2358 4660 3927 4740">
     <span class='ocr_line' id='line_1_94' title="bbox 2358 4660 3927 4740; baseline 0.004 -27"><span class='ocrx_word' id='word_1_552' title='bbox 2358 4660 2784 4734; x_wconf 82' lang='grc' dir='ltr'>κληρονομῆσαι,</span> <span class='ocrx_word' id='word_1_553' title='bbox 2815 4665 3060 4719; x_wconf 80' lang='grc' dir='ltr'>τουτέστι</span> <span class='ocrx_word' id='word_1_554' title='bbox 3090 4664 3546 4736; x_wconf 79' lang='grc' dir='ltr'>περιποιήσασθαι</span> <span class='ocrx_word' id='word_1_555' title='bbox 3574 4669 3694 4731; x_wconf 84' lang='grc' dir='ltr'>τοῖς</span> <span class='ocrx_word' id='word_1_556' title='bbox 3719 4670 3927 4740; x_wconf 66' lang='grc' dir='ltr'>ἀνδράα</span> 
     </span>
    </p>
   </div>
   <div class='ocr_carea' id='block_1_95' title="bbox 2357 4753 3928 4831">
    <p class='ocr_par' dir='ltr' id='par_1_95' title="bbox 2357 4753 3928 4831">
     <span class='ocr_line' id='line_1_95' title="bbox 2357 4753 3928 4831; baseline 0.004 -24"><span class='ocrx_word' id='word_1_557' title='bbox 2357 4755 2468 4817; x_wconf 75' lang='grc' dir='ltr'>τοῖς</span> <span class='ocrx_word' id='word_1_558' title='bbox 2514 4753 2869 4826; x_wconf 84' lang='grc' dir='ltr'>θεασαμένοις</span> <span class='ocrx_word' id='word_1_559' title='bbox 2907 4757 3067 4812; x_wconf 83' lang='grc' dir='ltr'>αὐτόν</span> <span class='ocrx_word' id='word_1_560' title='bbox 3089 4774 3102 4787; x_wconf 81' lang='lat'><strong>&#39;</strong></span> <span class='ocrx_word' id='word_1_561' title='bbox 3147 4757 3391 4826; x_wconf 72' lang='grc' dir='ltr'>Ἰσραὴλ</span> <span class='ocrx_word' id='word_1_562' title='bbox 3427 4757 3537 4828; x_wconf 79' lang='grc' dir='ltr'><strong>γὰρ</strong></span> <span class='ocrx_word' id='word_1_563' title='bbox 3574 4759 3928 4831; x_wconf 75' lang='grc' dir='ltr'>ἑρμηνεύεται</span> 
     </span>
    </p>
   </div>
   <div class='ocr_carea' id='block_1_96' title="bbox 2290 4821 2887 4917">
    <p class='ocr_par' dir='ltr' id='par_1_96' title="bbox 2290 4821 2887 4917">
     <span class='ocr_line' id='line_1_96' title="bbox 2290 4821 2887 4917; baseline -0.002 -16"><span class='ocrx_word' id='word_1_564' title='bbox 2290 4821 2334 4876; x_wconf 79' lang='lat' dir='ltr'><strong>D</strong></span> <span class='ocrx_word' id='word_1_565' title='bbox 2362 4845 2519 4917; x_wconf 78' lang='grc' dir='ltr'>ἀνὴρ</span> <span class='ocrx_word' id='word_1_566' title='bbox 2539 4821 2700 4917; x_wconf 39' lang='grc' dir='ltr'><strong>ὀρῶν-</strong></span> <span class='ocrx_word' id='word_1_567' title='bbox 2720 4851 2887 4903; x_wconf 83' lang='grc' dir='ltr'>Θεόν.</span> 
     </span>
    </p>
   </div>
   <div class='ocr_carea' id='block_1_97' title="bbox 2435 4939 2974 5009">
    <p class='ocr_par' dir='ltr' id='par_1_97' title="bbox 2435 4939 2974 5009">
     <span class='ocr_line' id='line_1_97' title="bbox 2435 4939 2974 5009; baseline 0.007 -16"><span class='ocrx_word' id='word_1_568' title='bbox 2435 4939 2526 4995; x_wconf 87' lang='lat'><strong>29.</strong></span> <span class='ocrx_word' id='word_1_569' title='bbox 2552 4941 2974 5009; x_wconf 77' lang='grc' dir='ltr'>Ἀνεξάλειπτον.</span> 
     </span>
    </p>
   </div>
   <div class='ocr_carea' id='block_1_98' title="bbox 2436 5029 3913 5105">
    <p class='ocr_par' dir='ltr' id='par_1_98' title="bbox 2436 5029 3913 5105">
     <span class='ocr_line' id='line_1_98' title="bbox 2436 5029 3913 5105; baseline 0.003 -21"><span class='ocrx_word' id='word_1_570' title='bbox 2436 5029 2525 5085; x_wconf 75' lang='lat'><strong>30.</strong></span> <span class='ocrx_word' id='word_1_571' title='bbox 2565 5032 2674 5085; x_wconf 78' lang='lat' dir='ltr'><strong>Kal.</strong></span> <span class='ocrx_word' id='word_1_572' title='bbox 2716 5035 2747 5104; x_wconf 81' lang='grc' dir='ltr'>ἡ</span> <span class='ocrx_word' id='word_1_573' title='bbox 2793 5034 2979 5104; x_wconf 85' lang='grc' dir='ltr'>μνήμη</span> <span class='ocrx_word' id='word_1_574' title='bbox 3006 5033 3111 5086; x_wconf 85' lang='grc' dir='ltr'>τῶν</span> <span class='ocrx_word' id='word_1_575' title='bbox 3136 5033 3471 5104; x_wconf 81' lang='grc' dir='ltr'>παθημάτων</span> <span class='ocrx_word' id='word_1_576' title='bbox 3509 5053 3606 5088; x_wconf 90' lang='grc' dir='ltr'><strong>σου</strong></span> <span class='ocrx_word' id='word_1_577' title='bbox 3641 5036 3733 5090; x_wconf 80' lang='grc' dir='ltr'>ἀεὶ</span> <span class='ocrx_word' id='word_1_578' title='bbox 3762 5035 3913 5105; x_wconf 71' lang='grc' dir='ltr'>διαμί</span> 
     </span>
    </p>
   </div>
   <div class='ocr_carea' id='block_1_99' title="bbox 2395 5124 2569 5195">
    <p class='ocr_par' dir='ltr' id='par_1_99' title="bbox 2395 5124 2569 5195">
     <span class='ocr_line' id='line_1_99' title="bbox 2395 5124 2569 5195; baseline 0.011 -19"><span class='ocrx_word' id='word_1_579' title='bbox 2395 5139 2444 5176; x_wconf 84' lang='grc' dir='ltr'><strong>ει</strong></span> <span class='ocrx_word' id='word_1_580' title='bbox 2473 5124 2569 5195; x_wconf 88' lang='grc'><strong>(7).</strong></span> 
     </span>
    </p>
   </div>
   <div class='ocr_carea' id='block_1_100' title="bbox 1639 5232 2994 5316">
    <p class='ocr_par' dir='ltr' id='par_1_100' title="bbox 1639 5232 2994 5316">
     <span class='ocr_line' id='line_1_100' title="bbox 1639 5232 2994 5316; baseline 0.007 -23"><span class='ocrx_word' id='word_1_581' title='bbox 1639 5232 1949 5297; x_wconf 82' lang='lat' dir='ltr'><strong>Addenda</strong></span> <span class='ocrx_word' id='word_1_582' title='bbox 1975 5240 2036 5296; x_wconf 88' lang='lat' dir='ltr'><strong>et</strong></span> <span class='ocrx_word' id='word_1_583' title='bbox 2063 5235 2445 5316; x_wconf 79' lang='lat' dir='ltr'><strong>corrigenda</strong></span> <span class='ocrx_word' id='word_1_584' title='bbox 2495 5255 2572 5300; x_wconf 85' lang='lat' dir='ltr'><strong>ex</strong></span> <span class='ocrx_word' id='word_1_585' title='bbox 2628 5240 2769 5302; x_wconf 91' lang='lat' dir='ltr'><strong>eod.</strong></span> <span class='ocrx_word' id='word_1_586' title='bbox 2816 5242 2994 5303; x_wconf 84' lang='lat' dir='ltr'><strong>Vatic</strong></span> 
     </span>
    </p>
   </div>
   <div class='ocr_carea' id='block_1_101' title="bbox 762 5380 1610 5452">
    <p class='ocr_par' dir='ltr' id='par_1_101' title="bbox 762 5380 1610 5452">
     <span class='ocr_line' id='line_1_101' title="bbox 762 5380 1610 5452; baseline 0.007 -20"><span class='ocrx_word' id='word_1_587' title='bbox 879 5380 969 5452; x_wconf 79' lang='lat' dir='ltr'><strong>Et;</strong></span> <span class='ocrx_word' id='word_1_588' title='bbox 998 5382 1249 5447; x_wconf 77' lang='grc' dir='ltr'>ἀδυσσον,</span> <span class='ocrx_word' id='word_1_589' title='bbox 1281 5382 1480 5447; x_wconf 80' lang='grc' dir='ltr'>καθώς,</span> <span class='ocrx_word' id='word_1_590' title='bbox 1510 5392 1610 5438; x_wconf 90' lang='lat' dir='ltr'><strong>etc.</strong></span> 
     </span>
    </p>
   </div>
   <div class='ocr_carea' id='block_1_102' title="bbox 760 5451 1527 5518">
    <p class='ocr_par' dir='ltr' id='par_1_102' title="bbox 760 5451 1527 5518">
     <span class='ocr_line' id='line_1_102' title="bbox 760 5451 1527 5518; baseline 0.007 -15"><span class='ocrx_word' id='word_1_591' title='bbox 760 5451 838 5518; x_wconf 88' lang='lat'><strong>(2)</strong></span> <span class='ocrx_word' id='word_1_592' title='bbox 865 5451 984 5504; x_wconf 79' lang='grc' dir='ltr'><strong>Ἐπὶ</strong></span> <span class='ocrx_word' id='word_1_593' title='bbox 1021 5453 1110 5505; x_wconf 82' lang='grc' dir='ltr'>τὸν</span> <span class='ocrx_word' id='word_1_594' title='bbox 1134 5453 1393 5518; x_wconf 77' lang='grc' dir='ltr'>διάόολον,</span> <span class='ocrx_word' id='word_1_595' title='bbox 1424 5462 1527 5508; x_wconf 88' lang='lat' dir='ltr'><strong>etc.</strong></span> 
     </span>
    </p>
   </div>
   <div class='ocr_carea' id='block_1_103' title="bbox 758 5453 1578 5594">
    <p class='ocr_par' dir='ltr' id='par_1_103' title="bbox 758 5453 1578 5594">
     <span class='ocr_line' id='line_1_103' title="bbox 760 5453 1527 5590; baseline 0.007 -87"><span class='ocrx_word' id='word_1_596' title='bbox 760 5453 838 5590; x_wconf 52' lang='lat'><strong>(2;</strong></span> <span class='ocrx_word' id='word_1_597' title='bbox 865 5453 984 5504; x_wconf 80' lang='grc' dir='ltr'><strong>Ἐπὶ</strong></span> <span class='ocrx_word' id='word_1_598' title='bbox 1021 5453 1110 5505; x_wconf 82' lang='grc' dir='ltr'>τὸν</span> <span class='ocrx_word' id='word_1_599' title='bbox 1134 5453 1393 5518; x_wconf 77' lang='grc' dir='ltr'>διάόολον,</span> <span class='ocrx_word' id='word_1_600' title='bbox 1424 5462 1527 5508; x_wconf 88' lang='lat' dir='ltr'><strong>etc.</strong></span> 
     </span>
     <span class='ocr_line' id='line_1_104' title="bbox 758 5522 1578 5594; baseline 0.005 -19"><span class='ocrx_word' id='word_1_601' title='bbox 758 5523 815 5594; x_wconf 61' lang='grc' dir='ltr'><strong>(ὅ</strong></span> <span class='ocrx_word' id='word_1_602' title='bbox 876 5522 1214 5594; x_wconf 82' lang='grc' dir='ltr'>Βαπτίσματι</span> <span class='ocrx_word' id='word_1_603' title='bbox 1250 5523 1578 5593; x_wconf 70' lang='grc' dir='ltr'>συνέτριψεν.</span> 
     </span>
    </p>
   </div>
   <div class='ocr_carea' id='block_1_104' title="bbox 763 5593 1181 5665">
    <p class='ocr_par' dir='ltr' id='par_1_104' title="bbox 763 5593 1181 5665">
     <span class='ocr_line' id='line_1_105' title="bbox 763 5593 1181 5665; baseline 0.012 -21"><span class='ocrx_word' id='word_1_604' title='bbox 763 5593 838 5662; x_wconf 88' lang='grc'><strong>(4)</strong></span> <span class='ocrx_word' id='word_1_605' title='bbox 877 5595 986 5665; x_wconf 85' lang='grc' dir='ltr'><strong>Γάρ</strong></span> <span class='ocrx_word' id='word_1_606' title='bbox 1012 5593 1181 5649; x_wconf 84' lang='lat' dir='ltr'><strong>deest.</strong></span> 
     </span>
    </p>
   </div>
   <div class='ocr_carea' id='block_1_105' title="bbox 2449 5388 3490 5473">
    <p class='ocr_par' dir='ltr' id='par_1_105' title="bbox 2449 5388 3490 5473">
     <span class='ocr_line' id='line_1_106' title="bbox 2449 5388 3490 5473; baseline 0.005 -29"><span class='ocrx_word' id='word_1_607' title='bbox 2542 5390 2711 5473; x_wconf 74' lang='grc' dir='ltr'>Ξηρά,</span> <span class='ocrx_word' id='word_1_608' title='bbox 2736 5393 2976 5473; x_wconf 43' lang='grc' dir='ltr'>θεαηὸτι</span> <span class='ocrx_word' id='word_1_609' title='bbox 3000 5391 3088 5444; x_wconf 82' lang='grc' dir='ltr'>τὸν</span> <span class='ocrx_word' id='word_1_610' title='bbox 3104 5392 3359 5473; x_wconf 61' lang='grc' dir='ltr'><strong>⁵θάνατον,</strong></span> <span class='ocrx_word' id='word_1_611' title='bbox 3387 5403 3490 5449; x_wconf 88' lang='lat' dir='ltr'><strong>etc.</strong></span> 
     </span>
    </p>
   </div>
   <div class='ocr_carea' id='block_1_106' title="bbox 2451 5460 3460 5531">
    <p class='ocr_par' dir='ltr' id='par_1_106' title="bbox 2451 5460 3460 5531">
     <span class='ocr_line' id='line_1_107' title="bbox 2451 5460 3460 5531; baseline 0.007 -19"><span class='ocrx_word' id='word_1_612' title='bbox 2451 5460 2506 5531; x_wconf 87' lang='lat'><strong>6)</strong></span> <span class='ocrx_word' id='word_1_613' title='bbox 2544 5460 2634 5514; x_wconf 81' lang='grc' dir='ltr'>Τά</span> <span class='ocrx_word' id='word_1_614' title='bbox 2649 5477 2744 5531; x_wconf 91' lang='lat' dir='ltr'><strong>pro</strong></span> <span class='ocrx_word' id='word_1_615' title='bbox 2769 5463 2805 5516; x_wconf 79' lang='grc' dir='ltr'>ἃ</span> <span class='ocrx_word' id='word_1_616' title='bbox 2830 5463 2910 5520; x_wconf 85' lang='grc' dir='ltr'>τό.</span> <span class='ocrx_word' id='word_1_617' title='bbox 2943 5474 3069 5527; x_wconf 90' lang='lat' dir='ltr'><strong>ctc.,</strong></span> <span class='ocrx_word' id='word_1_618' title='bbox 3103 5462 3319 5527; x_wconf 80' lang='grc' dir='ltr'>ἔδωκεν,</span> <span class='ocrx_word' id='word_1_619' title='bbox 3357 5476 3460 5519; x_wconf 87' lang='lat' dir='ltr'><strong>etc.</strong></span> 
     </span>
    </p>
   </div>
   <div class='ocr_carea' id='block_1_107' title="bbox 2441 5531 2813 5603">
    <p class='ocr_par' dir='ltr' id='par_1_107' title="bbox 2441 5531 2813 5603">
     <span class='ocr_line' id='line_1_108' title="bbox 2441 5531 2813 5603; baseline 0.013 -21"><span class='ocrx_word' id='word_1_620' title='bbox 2441 5531 2507 5603; x_wconf 77' lang='grc'><strong>[7)</strong></span> <span class='ocrx_word' id='word_1_621' title='bbox 2547 5533 2640 5584; x_wconf 86' lang='grc' dir='ltr'>Δια</span> <span class='ocrx_word' id='word_1_622' title='bbox 2649 5536 2813 5588; x_wconf 72' lang='grc' dir='ltr'>μενεῖ.</span> 
     </span>
    </p>
   </div>
   <div class='ocr_carea' id='block_1_108' title="bbox 757 5749 3462 5828">
    <p class='ocr_par' dir='ltr' id='par_1_108' title="bbox 757 5749 3462 5828">
     <span class='ocr_line' id='line_1_109' title="bbox 757 5749 3462 5828; baseline 0.001 -22"><span class='ocrx_word' id='word_1_623' title='bbox 757 5751 833 5825; x_wconf 86' lang='lat' dir='ltr'><strong>(a)</strong></span> <span class='ocrx_word' id='word_1_624' title='bbox 857 5749 971 5808; x_wconf 84' lang='lat' dir='ltr'><strong>Non</strong></span> <span class='ocrx_word' id='word_1_625' title='bbox 1001 5754 1192 5824; x_wconf 78' lang='lat' dir='ltr'><strong>legitur</strong></span> <span class='ocrx_word' id='word_1_626' title='bbox 1231 5770 1282 5808; x_wconf 80' lang='lat' dir='ltr'><strong>ll]</strong></span> <span class='ocrx_word' id='word_1_627' title='bbox 1319 5755 1437 5810; x_wconf 87' lang='lat' dir='ltr'><strong>cod.</strong></span> <span class='ocrx_word' id='word_1_628' title='bbox 1471 5765 1762 5811; x_wconf 86' lang='lat' dir='ltr'><strong>comment.</strong></span> <span class='ocrx_word' id='word_1_629' title='bbox 1795 5755 1864 5813; x_wconf 83' lang='lat' dir='ltr'><strong>ad</strong></span> <span class='ocrx_word' id='word_1_630' title='bbox 1895 5755 2053 5825; x_wconf 83' lang='lat' dir='ltr'><strong>Ihnnc</strong></span> <span class='ocrx_word' id='word_1_631' title='bbox 2084 5772 2247 5823; x_wconf 64' lang='grc' dir='ltr'>νοις..</span> <span class='ocrx_word' id='word_1_632' title='bbox 2283 5756 2410 5828; x_wconf 88' lang='lat' dir='ltr'><strong>quia</strong></span> <span class='ocrx_word' id='word_1_633' title='bbox 2437 5765 2488 5813; x_wconf 88' lang='lat' dir='ltr'><strong>et</strong></span> <span class='ocrx_word' id='word_1_634' title='bbox 2514 5755 2567 5812; x_wconf 92' lang='lat' dir='ltr'><strong>in</strong></span> <span class='ocrx_word' id='word_1_635' title='bbox 2599 5758 2806 5827; x_wconf 86' lang='lat' dir='ltr'><strong>psalmo</strong></span> <span class='ocrx_word' id='word_1_636' title='bbox 2835 5757 3166 5813; x_wconf 82' lang='lat' dir='ltr'><strong>desideratur</strong></span> <span class='ocrx_word' id='word_1_637' title='bbox 3203 5772 3340 5812; x_wconf 78' lang='lat' dir='ltr'><strong>vers.</strong></span> <span class='ocrx_word' id='word_1_638' title='bbox 3371 5755 3462 5812; x_wconf 83' lang='lat'><strong>26.</strong></span> 
     </span>
    </p>
   </div>
  </div>
