4094 6322
164 341 315 399 {265

237 459 297 511 51
315 501 328 513 .
349 459 469 511 Ὀτι
495 461 666 528 κρινεί
696 461 895 530 Κύριος
927 461 1012 511 τὸν
1053 461 1178 512 λαὸν
1205 462 1370 515 αὑτοῦ
1394 481 1405 494 ·

236 547 328 602 52.
369 549 475 600 Καὶ
511 551 599 602 ἐπὶ
632 553 744 614 τοῖς
771 549 974 614 δούλοις
1006 552 1168 606 αύτοῦ
1205 557 1702 628 παρακληθήσεται.

238 641 329 695 55.
370 642 450 695 Τὰ
489 642 679 698 εἴδωλα
717 643 822 697 τῶν
875 644 1042 700 ἐθνῶν
1076 649 1338 721 ἀργύριον
1371 652 1465 705 καὶ
1500 655 1720 726 χρυσίον

156 732 310 803 ἔργα
336 734 529 804 χειρῶν
562 735 880 808 ἀνθρώπων.

241 822 332 877 3L
375 824 556 895 Στόμα
585 825 786 895 ἔχουσι,
818 829 908 881 καὶ
933 829 992 881 οὐ
1026 829 1350 903 λαλήσουσιν
1371 857 1382 868 ·

238 915 330 969 55.
356 915 697 988 Ὀφοαλμοὺς
725 918 928 989 ἔχουσι,
946 923 1038 975 καὶ
1061 924 1159 976 οὐκ
1185 925 1424 994 ὄψονται.

237 1006 330 1061 56.
348 1002 484 1062 Ὦτα
517 1009 716 1080 ἔχουσι,
749 1013 842 1065 καὶ
869 1015 967 1066 ούκ
990 1016 1440 1087 ἐνωτισοήσονται
1464 1018 1744 1090 [ἀκούσον-

151 1097 303 1169 ται]⁶

237 1194 329 1248 57.
369 1194 504 1248 Οὐδὲ
530 1196 638 1266 γάρ
659 1197 774 1250 ἐστι
807 1198 1022 1268 πνεῦμα
1049 1203 1105 1253 ἑν
1139 1200 1216 1271 τῷ
1245 1202 1472 1272 στόματι
1507 1203 1702 1259 αὐτῶν.

244 1286 336 1340 58.
354 1286 569 1358 Ὅμοιοι
597 1291 780 1356 αύτοῖς
805 1291 1046 1359 γένοιντο
1075 1295 1124 1346 οἱ
1157 1294 1433 1358 ποιοῦντες
1461 1297 1620 1362 αὐτὰ,

239 1377 330 1432 59.
373 1380 482 1432 Καὶ
515 1382 711 1444 πάντες
739 1385 785 1435 οἱ
814 1384 1129 1447 πεποιθότες
1155 1386 1241 1437 ἐπ’
1272 1387 1471 1450 αὐτοῖς.

237 1473 329 1528 40.
369 1471 530 1540 Οἶκος
560 1477 795 1548 Ἰσραὴλ,
825 1478 1152 1550 εύλογήσατε
1181 1480 1269 1534 τὸν
1293 1481 1524 1552 Κύριον·

236 1566 328 1620 41.
369 1565 531 1630 Οἶκος
558 1567 788 1639 Ἀαρὼν,
816 1570 1145 1644 εὐλογήσατε
1175 1573 1266 1627 τὸν
1286 1573 1520 1645 Κύριον·

238 1658 330 1713 Η.
370 1653 531 1723 Οἶκος
560 1659 709 1724 Λευῒ,
749 1661 1080 1734 εὐλογήσατε
1109 1665 1200 1717 τὸν
1235 1664 1436 1734 Κύριον
1460 1681 1473 1695 ·

239 1751 329 1804 45.
370 1750 435 1806 Οἱ
483 1751 806 1824 φοϐούμενοι
853 1757 943 1809 τὸν
991 1756 1212 1828 Κύριον,
1273 1756 1601 1828 εύλογήσατε
1653 1761 1740 1812 τὸν

151 1842 206 1893 ιξ
220 1841 248 1894 ύ
259 1860 391 1912 ριον.

240 1933 332 1988 My.
376 1933 678 2007 Εὐλογητὸς
717 1939 918 2010 Κύριος
949 1942 1012 1992 ἑκ
1047 1939 1202 2004 Σιὼν,

237 2021 331 2076 45.
360 2023 420 2078 Ὀ
454 2027 721 2081 κατοικῶν
764 2028 1137 2100 Ἰερουσαλήμ.

1058 347 1146 401 DE
1189 349 1466 406 'l'lTLl.lS
1515 354 1969 418 PSALBIORUM.
2015 393 2084 409 --
2123 361 2315 417 PSAL.
2352 360 2629 416 CXXXIV.

3289 372 3308 426 l
3321 373 3424 428 266

1917 473 2008 526 51.
2055 472 2191 540 Quia
2222 474 2492 543 judicahit
2519 474 2782 532 Dominus
2821 483 3081 550 populum
3118 500 3313 539 suum:

1921 563 2009 615 52.
2054 563 2120 617 Et
2143 566 2196 618 in
2221 565 2392 620 servis
2429 568 2546 621 suis
2572 567 2969 638 deprecabitur.

1916 657 2002 710 55.
2045 657 2348 713 Simnlacra
2385 659 2630 727 gentium
2657 671 2935 732 argentum
2968 673 3022 719 et
3055 680 3272 734 aurum,
3298 683 3423 737 opt-.-

1847 761 1902 800 ra
1935 761 2196 802 manuum
2227 750 2527 807 hominum.

1915 840 2005 895 54.
2047 839 2121 897 Os
2152 843 2370 911 habent,
2402 855 2456 900 et
2485 859 2592 900 non
2627 847 2916 918 loquentur
2949 869 2961 903 :

1915 933 2002 988 55.
2043 933 2244 990 Oculos
2275 935 2492 1000 habent,
2524 947 2578 993 et
2609 953 2715 993 non
2752 939 3023 996 videbunt.

1915 1025 1999 1079 56.
2045 1024 2220 1082 Aures
2256 1026 2476 1092 habent,
2503 1037 2556 1083 et
2588 1045 2696 1084 non
2731 1030 2954 1085 audient
2983 1050 2996 1084 :

1917 1203 2004 1255 57.
2047 1201 2232 1273 Neque
2257 1205 2402 1258 enim
2433 1213 2521 1260 est
2548 1204 2772 1275 spiritus
2807 1205 2858 1259 in
2889 1220 2984 1260 ore
3016 1206 3278 1276 ipsorum.

1915 1293 2001 1349 58.
2047 1293 2262 1352 Similes
2291 1296 2396 1350 illis
2431 1295 2564 1352 ﬁant
2589 1297 2682 1368 qui
2719 1297 2924 1352 faciunt
2953 1313 3038 1365 ea,

1917 1385 2003 1440 59.
2048 1384 2113 1440 Et
2139 1399 2328 1441 omnes
2361 1385 2454 1456 qtti
2493 1386 2771 1442 conﬁdunt
2799 1389 2850 1440 in
2877 1389 2976 1444 eis.

1918 1483 2004 1538 40.
2045 1482 2249 1539 Domus
2279 1482 2464 1551 Israel,
2503 1485 2808 1541 benedicite
2833 1485 3100 1540 Domino;

1915 1575 2003 1630 41.
2048 1574 2252 1630 Domus
2281 1577 2484 1643 Aaron,
2518 1575 2821 1632 benedicite
2851 1577 3080 1633 Domino
3108 1597 3120 1632 :

1914 1667 2002 1721 42.
2049 1666 2254 1722 Domus
2281 1665 2432 1734 Levi,
2465 1667 2767 1724 benedicite
2802 1667 3028 1724 Domino
3056 1687 3069 1723 :

1917 1759 2002 1813 45.
2043 1755 2148 1824 Qui
2175 1759 2381 1814 timetis
2415 1759 2727 1828 Dominum,
2763 1759 3063 1817 benedicite
3097 1760 3340 1818 Domino.

1918 1937 2004 1990 44.
2050 1938 2371 1992 Benedictus
2403 1937 2664 1992 Dominus
2698 1953 2762 1991 ex
2792 1937 2943 2001 Sion,

1919 2029 2006 2082 45.
2048 2027 2153 2095 Qui
2184 2028 2393 2084 habitat
2420 2028 2472 2083 in
2499 2026 2820 2084 Jerusalem.

1295 2227 1576 2284 ATIIANA
1591 2228 1673 2284 SII
1717 2227 2293 2286 INTERPRETATIO.

233 2407 298 2462 51
314 2446 327 2458 .
348 2407 465 2459 ’Ὁτι
493 2408 702 2478 ποιήσει
728 2406 930 2479 Κύριος
953 2409 1051 2480 τὴν
1075 2409 1348 2481 ἐκδίκησιν
1377 2410 1468 2463 τοῦ
1493 2410 1621 2462 λαοῦ
1643 2413 1727 2464 αὖ·

150 2500 256 2554 τοῦ
293 2501 359 2552 ἐκ
391 2498 498 2552 τῶν
527 2501 780 2554 ἐναντίων
809 2499 1108 2572 δυνάμεων.

231 2592 326 2646 52.
363 2593 472 2646 Καὶ
523 2595 612 2648 ἐπὶ
645 2597 755 2656 τοῖς
805 2594 1134 2646 ὑπακούουσι
1163 2593 1239 2663 τῷ
1276 2594 1416 2665 λόγῳ
1440 2593 1533 2648 τοῦ
1565 2595 1740 2665 Εὐαγ-

150 2687 347 2755 γελίου
379 2686 569 2739 ἑαυτὸν
600 2688 925 2758 δυσωπήσας
959 2685 1448 2757 καταλλαγήσεται.

234 2779 326 2832 55.
374 2779 453 2831 Τὰ
488 2777 713 2848 σώματα
745 2779 836 2832 καὶ
871 2779 927 2831 αἱ
969 2778 1138 2849 ψυχαὶ
1175 2781 1281 2833 τῶν
1316 2779 1542 2844 ἐθνικῶς
1569 2780 1741 2851 βιούν-

151 2888 272 2923 των
330 2869 646 2923 δεδούλωται
689 2873 764 2942 (l)
811 2875 876 2944 τῇ
922 2871 1284 2942 φιλαργυρίᾳ·
1331 2872 1392 2925 τὸ
1431 2873 1528 2943 μὲν
1582 2873 1745 2926 tam

153 2961 240 3023 ὡς
269 2961 364 3013 καὶ
395 2960 625 3032 ἀλλαχοῦ
647 2965 859 3036 εἴρηται
890 2963 1046 3032 δῆλον
1077 2964 1244 3022 ἐστιν.
1271 2964 1302 3032 ἡ
1324 2963 1379 3014 δὲ
1405 2961 1604 3034 Θεωρία
1624 2961 1744 3016 τοῦ-

153 3070 223 3106 το
260 3051 530 3123 βούλεται.

233 3148 326 3202 54.
366 3147 531 3201 Οὐδὲν
561 3147 668 3218 γὰρ
697 3148 967 3219 εἰρηνικὸν
1001 3151 1058 3202 ἐν
1086 3147 1162 3218 τῷ
1189 3148 1413 3219 στόματι
1439 3149 1634 3202 αὐτῶν.

1916 2411 2001 2463 51.
2036 2410 2303 2477 Quoniam
2335 2409 2599 2466 Dominus
2630 2409 2928 2466 vindicabit
2970 2411 3227 2479 populum
3257 2429 3415 2470 suum

1846 2515 1874 2550 ιι
1908 2499 2200 2554 contrariis
2232 2500 2612 2569 potestatibus.

1915 2589 2004 2644 5‘2.
2067 2588 2132 2644 Et
2189 2589 2244 2644 in
2301 2589 2679 2646 obedientibus
2709 2592 2875 2648 verbo
2923 2594 3200 2666 Evangelii
3247 2597 3329 2652 sui
3359 2613 3417 2653 se

1846 2685 2024 2752 ipsum
2057 2697 2295 2738 exorans
2323 2684 2786 2740 reconciliabitur.

1915 2776 2007 2829 55.
2034 2773 2302 2846 Corpora,
2336 2785 2390 2832 et
2418 2779 2614 2833 animze
2661 2795 2871 2847 eorum,
2913 2780 3002 2850 qni
3041 2781 3312 2851 gentiliter
3338 2783 3416 2837 vi-

1842 2876 1998 2929 vunt,
2028 2866 2330 2923 inserviunt
2360 2869 2604 2923 avaritia:
2652 2889 2664 2923 :
2712 2873 2934 2941 proprie
2969 2883 3149 2929 autem
3181 2875 3310 2945 quid
3341 2877 3415 2930 si-

1843 2957 2060 3028 gniﬁcet
2081 2957 2208 3013 alibi
2227 2959 2392 3014 etiam
2422 2960 2627 3017 dictum
2657 2971 2760 3028 est,
2779 2963 3036 3034 allegoria
3068 2975 3248 3022 autem
3275 2967 3415 3024 hanc

1841 3048 2008 3119 exigit
2035 3049 2477 3120 explicationem.

1912 3143 2002 3197 54.
2042 3140 2192 3199 Nihil
2217 3145 2363 3199 enim
2397 3146 2686 3217 pacificum
2720 3148 2772 3202 in
2808 3163 2904 3203 ore
2937 3149 3198 3218 ipsorum.

235 3240 327 3294 55.
357 3239 441 3291 Ἐν
472 3239 651 3292 σκότει
682 3241 788 3312 γὰρ
838 3241 1277 3313 διαπορευόμενοι
1302 3242 1377 3313 (Ξ)
1405 3245 1504 3296 οὐκ
1547 3245 1742 3314 ἀνανή-
1770 3227 1811 3283 C

1916 3236 2002 3289 55.
2048 3236 2104 3290 1η
2161 3236 2399 3293 tenebris
2431 3253 2645 3310 semper
2673 3240 3014 3297 ambulantes
3049 3243 3112 3297 ad
3149 3241 3406 3298 sobrieta-

155 3346 382 3400 φουςιν.

235 3418 328 3474 56.
349 3419 458 3489 Ούχ
486 3422 815 3476 ὑπακούουσι
846 3424 952 3495 γὰρ
977 3428 1086 3488 τοῖς
1110 3426 1200 3478 τοῦ
1232 3425 1365 3478 θεοῦ
1389 3419 1740 3496 προστάγμα-

156 3526 275 3575 σιν,
310 3507 387 3571 ὡς
431 3509 520 3561 καὶ
571 3511 600 3562 ὁ
649 3511 851 3582 Κύριος
897 3514 1034 3582 πρὸς
1062 3515 1186 3577 τοὺς
1221 3515 1491 3579 τοιούτους
1524 3517 1737 3585 ἓλεγενυ

167 3601 235 3653 '0
262 3590 424 3669 ἔχων
449 3595 570 3655 ὦτα
601 3603 864 3671 ἀκούειν,
897 3606 1178 3661 ἀκουέτω.

233 3691 328 3745 57.
371 3691 502 3745 Οὐδὲ
535 3694 609 3764 (5)
647 3694 753 3768 γὰρ
784 3697 964 3768 ἔχουσι
993 3699 1214 3770 Πνεῦμα
1249 3702 1420 3770 ἅγιον.

237 3783 329 3838 58.
357 3783 583 3856 Ὁμοίως
608 3788 714 3842 τῶν
741 3792 1034 3862 χρημάτων
1062 3794 1138 3862 τῷ
1172 3795 1302 3865 πυρὶ
1343 3796 1740 3869 παραδοθήσον-

147 3896 255 3932 ται
285 3879 338 3932 οι
369 3879 787 3951 Θησαυρίζοντες
814 3887 978 3942 αὑτά.

237 3973 330 4028 39.
371 3974 479 4027 Καὶ
518 3976 716 4039 πάντες
739 3979 787 4030 oi
817 3979 1134 4044 πεποιθότες
1167 3983 1259 4035 ἐπὶ
1287 3981 1514 4036 πλούτου
1550 3983 1739 4053 ἀδηλό-

158 4081 313 4135 τητμ

239 4157 334 4211 40.
371 4157 432 4212 Οἱ
463 4159 675 4214 εὐθεῖαν
708 4161 918 4232 ἔχοντες
944 4163 1042 4236 τὴν
1073 4165 1296 4227 καρδίαν
1319 4166 1454 4238 πρὸς
1475 4169 1565 4220 τὸν
1587 4168 1739 4230 Θεὸν.

156 4250 428 4316 δοξάσατε
458 4254 546 4306 τὸν
575 4255 778 4327 Κύριον
799 4274 812 4287 ·
848 4258 1094 4326 Ἰσραὴλ
1122 4258 1227 4330 γὰρ
1263 4259 1622 4330 ἑρμηνεύεται
1647 4265 1716 4315 εὑ

159 4343 359 4410 θύτης
384 4345 550 4399 Θεοῦ.

241 4433 333 4489 ﬂ.
373 4435 433 4487 Οἱ
464 4435 664 4508 ἑδραῖοι
685 4437 834 4502 ὄντες
861 4442 985 4510 περὶ
1009 4440 1106 4510 τὴν
1139 4443 1320 4494 πίστιν
1347 4445 1437 4495 καὶ
1463 4442 1559 4507 τὰς
1592 4445 1739 4496 ἐντο-

158 4529 268 4591 λὰς
295 4527 390 4581 τοῦ
417 4529 571 4593 Θεοῦ,
603 4530 855 4597 δοξάσατε
887 4533 961 4603 (4)
989 4533 1078 4585 τὸν
1103 4534 1302 4605 Κύριον
1325 4552 1337 4564 ·
1380 4535 1596 4604 Ἀαρὼν
1633 4537 1740 4607 γὰρ
1771 4573 1814 4627 D

159 4622 531 4691 ἑρμηνεύεται
561 4623 696 4690 ὅρος
720 4623 998 4678 δυνατόν.

241 4708 335 4763 49..
359 4712 419 4762 Οἱ
449 4712 829 4783 προσκείμενοι
857 4713 934 4783 τῷ
959 4713 1096 4784 Θεῷ,
1121 4715 1376 4782 δοξάσατε
1405 4717 1493 4770 τὸν
1514 4717 1733 4789 Κύριον·

159 4799 319 4854 Ava
352 4799 426 4870 (5)
453 4800 559 4870 γὰρ
583 4803 936 4874 ἑρμηνεύεται
965 4807 1415 4875 προσκείμενος.

241 4890 331 4944 45.
368 4893 430 4944 Ol
456 4893 698 4959 εὐλαϐεῖς
722 4898 786 4968 τῇ
809 4898 1022 4970 καρδίᾳ,
1049 4899 1422 4968 ἐγκωμιάσατε
1449 4899 1628 4952 αὐτόν.

239 4981 334 5044 44,
359 4982 444 5036 45.
477 4984 628 5038 Σιὼν
649 4987 1000 5059 ἑρμηνεύεται
1031 4987 1300 5058 διψῶσαο
1345 4987 1736 5057 Ἰερουσαλὴμ

159 5071 533 5142 ἑρμηνεύεται
571 5073 777 5142 ὅρασις
803 5077 1043 5145 εἰρήνης
1067 5095 1079 5107 ·
1109 5081 1173 5131 ὲκ
1201 5080 1420 5150 καρδίας
1447 5074 1538 5132 οὖν
1571 5077 1736 5147 διψώ-

161 5180 274 5233 σης
310 5161 388 5234 (6)
416 5164 701 5235 εὐλογητὸς
727 5167 926 5239 Κύριος
956 5171 984 5222 ὁ
1017 5169 1281 5223 κατοικῶν
1314 5171 1372 5224 ἐν
1406 5172 1559 5241 αὐτῇ.

1845 3338 1949 3382 tem
1985 3328 2184 3384 mentis
2213 3344 2322 3386 non
2349 3331 2597 3387 redeunt.

1912 3421 1998 3475 56.
2051 3420 2167 3476 Non
2203 3422 2348 3477 enim
2390 3423 2648 3477 obediunt
2695 3422 2892 3477 divinis
2936 3428 3239 3494 prasceptis,
3272 3425 3411 3480 sicut

1843 3522 1896 3567 et
1922 3513 2184 3569 Dominus
2206 3512 2325 3569 istis
2353 3513 2490 3568 dixit
2521 3514 2659 3580 :Qui
2683 3515 2834 3571 habet
2860 3533 3013 3572 aures
3043 3517 3291 3572 audiendi
3315 3534 3409 3571 au-

1842 3607 1976 3660 dict.

1911 3699 1997 3754 57.
2039 3697 2223 3770 Neque
2251 3700 2396 3755 enim
2433 3699 2634 3755 habent
2667 3700 2932 3773 Spiritum
2965 3711 3233 3758 sanctum.

1914 3791 2001 3847 58.
2044 3792 2273 3849 Perinde
2319 3807 2383 3849 ac
2427 3794 2669 3861 pecunize
2695 3795 2803 3866 igni
2835 3796 3118 3851 tradentur
3143 3797 3412 3853 thesauri-

1843 3895 2028 3939 zantes
2050 3901 2161 3940 eas.

1912 3975 1999 4030 59.
2041 3975 2105 4030 Et
2134 3978 2450 4048 omnes,qui
2481 3977 2831 4034 conﬁduntin
2852 3979 3058 4035 incerto
3074 3980 3405 4036 divitiarum.

1911 4155 1996 4209 40.
2038 4152 2142 4220 Qui
2182 4162 2388 4209 rectum
2421 4153 2631 4209 habetis
2682 4169 2778 4208 cor
2807 4155 2872 4208 ad
2913 4153 3080 4209 Deum
3115 4154 3411 4226 gloriﬁcate

1843 4247 2127 4304 Dominum
2157 4267 2168 4302 :
2203 4244 2374 4300 Israel
2411 4246 2554 4301 enim
2583 4247 2972 4317 interpretatur
3002 4247 3259 4300 rectitude
3288 4245 3407 4304 Dei.

1913 4428 2002 4481 41.
2033 4426 2135 4492 Qui
2163 4425 2303 4480 tirmi
2330 4425 2462 4482 estis
2489 4427 2542 4480 in
2571 4426 2674 4480 fide
2705 4435 2757 4480 et
2792 4427 3072 4497 prmceptis
3099 4426 3214 4494 Dei,
3243 4427 3408 4497 glori-

1843 4520 1998 4574 ﬁcate
2045 4518 2332 4572 Dominum
2386 4537 2399 4571 :
2457 4525 2635 4572 Aaron
2673 4519 2816 4572 enim
2853 4519 3231 4589 interpretatur
3263 4537 3408 4575 mons

1844 4615 2014 4684 fortis.

1911 4708 1998 4762 42.
2034 4707 2277 4777 Appositi
2305 4706 2414 4761 Deo
2440 4706 2734 4776 glorilicate
2758 4707 3046 4763 Dominum
3074 4727 3086 4763 :
3119 4708 3241 4762 Levi
3264 4711 3408 4766 enim

1842 4802 2226 4870 interpretatur
2253 4800 2544 4868 appositus.

1903 4889 1989 4942 45.
2019 4886 2098 4944 Pii
2124 4899 2176 4944 et
2202 4889 2449 4944 timentes
2482 4891 2666 4954 corde,
2694 4893 2929 4945 exaltate
2958 4905 3104 4946 eum.

1907 4982 1996 5049 44,
2027 4983 2116 5037 45.
2149 4980 2278 5038 Sion
2311 4983 2698 5052 interpretatur
2727 4985 2907 5036 sitiens
2937 5001 2954 5036 :
2989 4982 3284 5038 Jerusalem
3329 4985 3410 5038 in-

1845 5085 2169 5146 terpretatur
2201 5077 2332 5131 visio
2361 5077 2507 5146 pacis
2537 5092 2553 5129 :
2583 5093 2649 5131 ex
2679 5077 2838 5132 corde
2867 5078 3029 5147 igitur
3072 5079 3286 5134 sitiente
3324 5078 3412 5133 be-

1848 5168 2096 5224 nedictus
2126 5168 2411 5237 Dominus,
2438 5170 2528 5240 qui
2563 5170 2769 5225 habitat
2805 5169 2857 5223 in
2885 5171 3021 5241 ipso.

1127 5351 1429 5413 Addenda
1472 5357 1534 5412 et
1566 5351 1940 5432 corrigenda
1973 5368 2049 5412 ex
2091 5349 2228 5411 cod.
2266 5349 2464 5412 Vatic.

245 5540 325 5608 (l)
363 5538 738 5596 Δεδούλωνται.

244 5609 322 5682 (ἓ)
365 5610 742 5682 ῌορευὸμενοι.

246 5675 329 5751 (5)
369 5675 500 5757 Quae
521 5675 622 5737 sub
651 5698 702 5736 n.
731 5682 1036 5757 37_d_esunt.
1056 5685 1121 5740 At
1158 5685 1244 5757 57,
1272 5685 1358 5752 58,
1382 5685 1450 5739 ita
1477 5704 1490 5737 :
1526 5685 1735 5757 Ομοξως

162 5749 281 5810 ’τῶν
311 5749 614 5823 χρημάτων
645 5753 1096 5824 παραδοθήσονται
1127 5756 1203 5824 τῷ
1235 5749 1435 5826 αἰωνίῳ
1477 5749 1604 5828 πυρὶ
1646 5756 1738 5827 θη-

1851 5545 2187 5607 σαυρίζοντες
2214 5542 2368 5596 αὐτά.

1916 5562 2416 5688 ἴὸιξὲἔέξξςὲτδετῗδν
2449 5616 2670 5688 Κύριον,
2701 5618 2850 5673 deest
2882 5618 2935 5673 in
2963 5618 3082 5675 cod.

1916 5687 1990 5754 (5)
2030 5685 2190 5747 Λευῒς
2223 5685 2348 5755 γάρ,
2377 5696 2478 5741 etc.

1919 5756 1993 5829 (6)
2030 5755 2280 5826 Διψώσης
2315 5756 2496 5819 αὑτὸν.
2525 5757 2830 5829 εύλογητὸς,
2865 5768 2969 5816 etc.
