4052 6332
683 339 814 395 1271
1598 343 1655 398 S.
1697 343 2071 401 ATHANASII’
2106 347 2252 403 OPP.

2302 349 2471 404 PARS
2510 348 2594 404 ΙΙΙ.
2638 379 2703 390 --
2743 345 3146 402 EXEGETICA.
3793 343 3902 397 ΙΞῘΞ

749 452 840 508 30.
878 452 1145 518 Quoniam
1169 453 1221 506 in
1252 463 1510 508 :eternum
1542 454 1918 511 misericordia
1955 460 2099 528 ejus.
2273 466 2318 522 Α

1971 460 2099 528 :jus.
2273 466 2318 522 Α
2420 462 2506 514 30.
2534 462 2655 513 Ὅτι
2681 463 2760 522 εἰς
2789 461 2880 512 τὸν
2917 458 3088 511 αἰῶνα
3123 457 3183 509 τὸ
3213 457 3360 517 ἕλεος
3384 455 3571 509 αὐτου.

749 546 837 599 51.
877 544 981 610 Qui
1011 545 1249 599 traduxit
1297 546 1553 615 populum
1585 563 1743 601 suum
1779 565 1875 618 per
1904 549 2211 605 desertum:

2420 553 2508 606 3|.
2542 552 2629 621 Τῷ
2658 551 2972 618 διαγαγόντι
3006 550 3094 601 τὸν
3119 548 3245 600 λαὸν
3276 546 3440 600 αὐτοῦ
3464 548 3521 599 ἐν

749 637 840 691 52.
875 637 1141 702 Quoniam
1167 637 1220 690 in
1252 645 1516 692 mternum
1555 639 1926 695 misericordia
1959 642 2097 712 ejus.

1982 642 2097 712 :jus.
2423 645 2512 698 52.
2549 646 2668 696 Ὅτι
2695 646 2774 706 εἰς
2805 644 2896 696 τὸν
2927 642 3096 696 αἰῶνα
3129 642 3188 694 τὸ
3221 641 3368 703 ἔλεος
3391 639 3582 694 αὐτοῦ.

748 728 839 781 ⁸55.
871 726 973 794 Qui
1001 729 1270 797 percussit
1309 743 1459 798 reges
1496 744 1753 797 magnos:

2420 737 2506 790 35.
2543 737 2632 807 Τῷ
2661 733 2957 799 πατάξαντι
3000 733 3237 804 βασιλεῖς
3271 734 3534 803 μεγάλους
3555 751 3569 763 ·

749 821 839 874 54.
875 819 1144 886 Quoniam
1184 821 1236 873 in
1263 831 1522 875 aeternum
1559 823 1935 877 misericordia
1967 824 2102 892 ejus.

1982 824 2102 892 3lus-
2423 827 2510 882 54.
2551 829 2672 881 Ὅτι
2701 829 2781 890 εἰς
2807 826 2896 880 τὸν
2922 825 3094 879 αἰῶνα
3125 826 3190 878 τὸ
3224 825 3367 888 ἔλεος
3396 822 3582 877 αὑτοῦ.

748 914 836 968 55.
871 913 935 968 Et
957 913 1154 968 occidit
1183 929 1335 985 reges
1363 914 1560 971 fortes:

2419 921 2508 975 '55.
2543 920 2653 974 Kal
2675 919 3051 973 ἀποκτείναντι
3076 917 3314 987 βασιλεῖς
3345 915 3673 990 κραταιούς·

751 1007 840 1061 56.
884 1006 1156 1072 Quoniam
1189 1007 1239 1060 in
1277 1018 1539 1062 aeternum
1575 1007 1950 1062 misericordia
1973 1008 2111 1078 ejus.

1973 1008 2111 1078 ejus.
2419 1010 2507 1065 56.
2546 1012 2665 1063 Ὅτι
2693 1014 2772 1074 εἰς
2794 1010 2882 1063 τὸν
2914 1009 3081 1063 αἰῶνα
3112 1009 3172 1061 τὸ
3201 1008 3346 1070 ἔλεος
3378 1005 3561 1059 αὑτοῦ.

751 1099 840 1153 '57.
879 1099 1056 1153 Sehon
1087 1115 1264 1170 regem
1291 1100 1770 1153 Amorrhaeorum:
2093 1090 2095 1092 ’

2093 1090 2095 1092 Ι
2418 1103 2505 1156 '57.
2542 1103 2643 1154 Τὸν
2676 1103 2829 1172 Σηῶν
2863 1101 3087 1171 βασιλέα
3120 1099 3228 1152 τῶν
3270 1099 3614 1170 Ἀμορραίων
3639 1111 3652 1125 ·

754 1190 843 1242 58.
883 1190 1152 1255 Quoniam
1183 1193 1236 1246 in
1265 1202 1528 1246 aeternum
1563 1192 1931 1246 misericordia
1961 1191 2103 1262 ejus.

1971 1191 2103 1262 ejus.
2419 1196 2508 1251 38.
2540 1197 2663 1249 Ὀτι
2692 1199 2770 1260 εἰς
2804 1197 2892 1248 τὸν
2917 1196 3090 1248 αἰῶνα
3115 1195 3174 1247 τὸ
3204 1194 3354 1256 ἔλεος
3386 1191 3571 1246 αὐτοῦ.

757 1284 844 1338 59.
883 1283 946 1337 Et
974 1284 1052 1357 0g
1077 1301 1254 1355 regem
1284 1285 1459 1338 Basan
1484 1303 1495 1337 :

2425 1287 2510 1342 39.
2547 1287 2658 1340 Kal
2682 1288 2771 1340 τὸν
2799 1289 2898 1356 Ὢγ
2931 1287 3154 1358 βασιλέα
3176 1288 3272 1358 τῆς
3296 1288 3473 1340 Βασάν
3492 1303 3503 1316 ·

753 1376 841 1430 40.
871 1375 1136 1443 Quoniam
1167 1379 1217 1431 in
1245 1388 1504 1431 aeternum
1534 1377 1904 1451 misericordia
1935 1379 2072 1448 ejus.

1990 1394 2072 1432 us.
2423 1379 2512 1433 40.
2543 1380 2667 1432 Ὅτι
2694 1380 2774 1442 εἰς
2805 1380 2896 1431 τὸν
2931 1379 3105 1432 αἰῶνα
3137 1379 3198 1431 τὸ
3224 1380 3369 1442 ἕλεος
3399 1377 3590 1432 αὑτοῦ.

751 1468 839 1523 41.
875 1467 1118 1523 Ειοάεόίῐ
1148 1477 1344 1523 terram
1375 1483 1566 1523 eorum
1596 1469 1962 1524 haereditatem
1989 1489 2002 1522 :

2425 1472 2513 1526 41.
2552 1473 2661 1526 Kal
2687 1474 2829 1525 δόντι
2862 1473 2960 1542 τὴν
2995 1472 3098 1542 γῆν
3134 1471 3312 1524 αὐτῶν
3339 1469 3709 1542 κληρονομίαν
3731 1486 3748 1501 ⁶

754 1559 841 1614 42.
879 1559 1151 1626 Quoniam
1189 1561 1241 1614 in
1270 1570 1529 1616 aeternum
1555 1561 1936 1616 misericordia
1968 1562 2105 1631 ejus.

1968 1562 2105 1631 ejus.
2419 1563 2506 1616 42.
2533 1564 2653 1615 Ὀτι
2683 1565 2762 1625 εἰς
2793 1560 2884 1614 τὸν
2908 1562 3081 1614 αἰῶνα
3108 1561 3169 1614 τὸ
3191 1560 3338 1624 ἔλεος
3369 1559 3555 1614 αὐτοῦ.

751 1652 841 1706 45.
881 1649 1257 1706 llzereditatcm
1288 1651 1451 1706 Israel
1479 1666 1647 1705 servo
1665 1666 1798 1708 suo:

2424 1657 2512 1710 43.
2549 1655 2928 1726 κληρονομίαν
2976 1655 3190 1725 Ἰσραὴλ
3213 1653 3384 1724 δούλῳ
3410 1653 3576 1708 αὑτοῦ
3604 1671 3617 1683 ·

751 1743 840 1796 44.
881 1743 1148 1809 Quoniam
1182 1743 1234 1796 in
1271 1753 1531 1798 azternum
1564 1745 1939 1800 misericordia
1965 1746 2103 1816 ejus.

1965 1746 2103 1816 ejus.
2421 1749 2508 1803 44.
2542 1749 2660 1801 Ὂτι
2682 1751 2759 1812 εἰς
2787 1747 2878 1801 τὸν
2905 1747 3078 1802 αἰῶνα
3110 1747 3170 1800 τὸ
3190 1747 3337 1810 ἔλεος
3363 1745 3547 1800 αὐτοῦ.

758 1835 847 1888 45.
877 1835 1013 1900 Quia
1045 1835 1098 1888 in
1132 1835 1433 1890 humilitate
1467 1847 1653 1891 nostra
1680 1853 1890 1893 memor
1921 1836 2026 1892 fuit
2074 1839 2249 1894 nostri
2283 1816 2323 1870 Β

2283 1816 2323 1870 Β
2426 1841 2516 1895 45.
2545 1842 2667 1893 Ὅτι
2700 1845 2756 1894 ὲν
2783 1843 2848 1893 τῆ
2891 1838 3216 1894 ταπεινώσει
3246 1839 3401 1892 ittth
3431 1837 3684 1910 ἐμνήσθη
3713 1835 3862 1906 ἡμῶν

687 1926 978 1983 Dominus:

2357 1934 2559 2004 Κύριος
2585 1950 2596 1962 ·

756 2022 842 2076 46.
879 2022 1149 2086 Quoniam
1182 2023 1234 2076 in
1261 2033 1523 2077 :eternum
1550 2023 1925 2079 misericordia
1945 2025 2086 2096 ejus.

1945 2025 2086 2096 ejus.
2425 2023 2510 2078 46.
2540 2025 2664 2076 Ὀτι
2694 2025 2772 2086 εἰς
2792 2024 2884 2076 τὸν
2912 2023 3084 2076 αἰῶνα
3114 2022 3173 2074 τὸ
3194 2021 3337 2082 ἔλεος
3360 2021 3545 2074 αὑτοῦ.

756 2115 847 2169 47.
878 2114 946 2168 Ει
974 2116 1200 2169 redemit
1224 2130 1324 2170 nos
1359 2115 1426 2168 ab
1450 2115 1685 2170 inimicis
1716 2115 1948 2172 nostris:

2428 2116 2516 2170 47.
2552 2116 2662 2170 Kal
2695 2114 3037 2186 ἐλυτρὼσατο
3066 2115 3098 2184 ἡ
3109 2115 3215 2182 μᾶς
3239 2116 3302 2165 ἐκ
3325 2112 3430 2166 τῶν
3454 2112 3674 2182 ἐχθρῶν
3703 2111 3875 2183 ἡμῶν·

754 2205 844 2260 48.
881 2206 1149 2273 Quoniam
1187 2207 1239 2260 in
1267 2215 1530 2261 :eternum
1559 2208 1932 2264 misericordia
1973 2211 2109 2280 ejus.

1973 2211 2109 2280 ejus.
2426 2205 2513 2260 48.
2545 2207 2664 2258 Ὀτι
2691 2207 2768 2268 εἰς
2801 2205 2890 2258 τὸν
2913 2205 3082 2258 αἰῶνα
3107 2203 3167 2257 τὸ
3188 2203 3335 2266 ἔλεος
3365 2202 3549 2258 αὑτοῦ.

757 2298 845 2352 49.
880 2297 983 2363 Qui
1009 2298 1100 2352 dat
1128 2313 1309 2352 escam
1342 2299 1489 2352 omni
1519 2298 1702 2353 carni:

2429 2299 2516 2355 49.
2556 2299 2614 2350 Ὀ
2644 2298 2818 2361 διδοὺς
2843 2299 3048 2369 τροφὴν
3077 2298 3226 2367 πάσῃ
3257 2297 3447 2366 σαρκί·

1817 2453 2189 2512 ATHANASII
2227 2453 2803 2513 INTERPRETATIO.

693 2596 895 2645 smum,
928 2581 1052 2650 quia
1078 2581 1536 2650 quemadmodum
1572 2581 1626 2635 in
1665 2581 1803 2634 mari
1837 2580 2122 2636 vivescunt
2144 2579 2262 2649 ejus

2365 2595 2461 2631 σαν
2485 2577 2572 2631 διὰ
2607 2577 2762 2630 τοῦτο
2788 2577 2933 2645 λέγει
2967 2577 3027 2628 τὸ
3060 2577 3340 2647 βάπτισμα
3389 2574 3513 2625 ἐπεὶ
3544 2573 3621 2642 (1)
3671 2574 3752 2635 ὡς
3791 2575 3843 2626 ἐν
3867 2576 3918 2642 τῇ

690 2673 888 2742 pisces,
922 2672 994 2726 ita
1028 2679 1083 2726 et
1133 2671 1186 2725 in
1235 2671 1338 2728 hoc
1386 2673 1591 2726 mundo
1627 2679 1876 2726 natantes
1919 2669 2262 2724 viviﬁcantur

2362 2669 2602 2740 θαλάσσῃ
2625 2668 3010 2738 ξωογονοῦνται
3049 2669 3097 2721 οἱ
3132 2667 3310 2738 ἰχθύες
3344 2667 3535 2736 αὐτῆς,
3583 2664 3736 2719 οὕτω
3775 2668 3864 2719 καὶ
3884 2669 3920 2718 οἰ

692 2765 944 2818 homines
975 2764 1230 2833 baptizati
1265 2765 1319 2818 in
1347 2764 1612 2834 sanguine
1641 2762 1854 2818 Domini
1888 2762 2062 2818 nostri
2093 2760 2254 2817 Iesu:

2359 2761 2416 2816 ἐν
2438 2760 2515 2831 τῷ
2551 2762 2737 2831 κόσμῳ
2753 2761 2924 2830 τούτῳ
2955 2761 3239 2830 νηχόμενοι
3288 2757 3568 2829 ἄνθρωποι
3614 2756 3920 2820 ζωοποιοῦν·

695 2865 982 2925 propterea
999 2854 1143 2908 enim
1177 2855 1378 2910 dicitur
1405 2855 1673 2921 Rubrum,
1703 2863 1762 2910 ut
1787 2855 2013 2925 sanguis
2043 2853 2260 2909 Domini

2365 2869 2484 2917 ται,
2533 2851 2911 2922 βαπτιζόμενοι
2964 2853 3022 2902 ὲν
3049 2849 3126 2920 τῷ
3149 2849 3338 2918 αἵματι
3381 2848 3476 2900 τοῦ
3529 2849 3746 2918 Κυρίου
3789 2849 3921 2918 ἡμῶν

694 2948 850 3002 nobis
886 2947 1238 3018 signiﬁcetur.

2371 2943 2546 3015 Ἰησοῦ
2577 2961 2588 2972 ·
2610 2944 2697 2997 διὰ
2724 2943 2831 3015 γὰρ
2860 2941 3017 2995 τοῦτο
3049 2943 3261 3013 εἰρηται
3301 2939 3560 3011 Ἐρυθρὰ,
3589 2941 3680 2992 ἵνα
3710 2941 3773 2992 τὸ
3808 2937 3919 3010 aly;

2356 3036 2446 3089 τοῦ
2473 3036 2546 3107 (2)
2588 3036 2790 3107 Κυρίου
2822 3036 3056 3106 σημαίνῃ
3079 3037 3228 3104 ἡμῖν.

764 3127 855 3178 51.
884 3125 985 3190 Qui
1017 3124 1282 3194 gubernat
1311 3125 1568 3194 populum
1598 3140 1757 3179 suum
1784 3126 1838 3178 in
1871 3124 2094 3180 mundo.

2427 3127 2513 3179 5L
2545 3126 2634 3195 Τῷ
2672 3126 3008 3196 ποιμαίνοντι
3032 3126 3121 3178 τὸν
3151 3126 3276 3178 λαὸν
3303 3125 3468 3178 αὑτοῦ
3500 3127 3563 3177 ἐν
3595 3124 3678 3194 τῷ
3701 3127 3902 3195 κόσμῳ.

765 3216 855 3269 55.
881 3214 1229 3284 Principatus
1259 3215 1483 3269 diaboli.

2429 3217 2515 3270 55.
2556 3217 2666 3280 Τάς
2692 3217 2865 3287 ἀρχὰς
2892 3217 2988 3269 τοῦ
3019 3217 3283 3271 διαϐόλου·

766 3308 855 3361 55.
888 3306 952 3361 Ει
983 3316 1275 3378 potestates
1302 3308 1441 3377 ejus.

2430 3307 2519 3360 ⁸55.
2549 3307 2658 3360 Kal
2689 3305 2788 3369 τὰς
2816 3305 3060 3371 ἐξουσίας
3084 3305 3266 3359 αὑτοῦ.

765 3401 854 3456 57.
892 3400 1025 3455 Seon
1050 3402 1434 3470 interpretatur
1479 3404 1697 3456 tentatio
1743 3403 1921 3456 calida
1968 3419 2065 3459 seu
2117 3404 2258 3459 vehe-
2285 3389 2326 3447 (ἶ

2323 3392 2326 3444 ἶ
2428 3400 2514 3453 57.
2549 3399 2720 3468 Σηὼν
2747 3401 2823 3470 (3)
2849 3399 3203 3472 ἑρμηνεύεται
3243 3397 3580 3467 πειρασμὸς
3615 3397 3851 3466 θερμὸς,
3877 3397 3923 3457 cl;

716 3509 870 3554 nens,
907 3493 1084 3559 qualis
1114 3501 1197 3544 est
1244 3491 1494 3544 diabolus
1527 3507 1620 3545 rex
1656 3493 2053 3548 mundanarum
2106 3495 2261 3549 volu-

2362 3492 2507 3547 ἐστιν
2539 3496 2566 3547 ό
2593 3493 2836 3557 διάϐολος
2861 3495 2889 3546 ὁ
2919 3492 3169 3564 βασιλεὺς
3193 3492 3298 3546 τῶν
3321 3491 3524 3563 ἡδονῶν
3560 3490 3662 3544 τοῦ
3713 3491 3923 3560 κόσμου.

700 3593 910 3656 ptatum
947 3601 959 3637 :
991 3583 1418 3636 Amorrhworum
1469 3593 1644 3638 autem
1675 3586 2058 3657 interpretatur
2091 3604 2259 3658 aqua-

2373 3585 2725 3654 Ἀμορῤαίων
2746 3586 2802 3639 δὲ
2829 3585 3189 3658 ἑρμηνεύεται
3215 3588 3660 3654 πικραινόντωγ
3685 3583 3928 3644 ὑδάτων,

699 3697 816 3734 rum
845 3678 1294 3742 exacerbantium,
1327 3677 1515 3746 quales
1543 3689 1667 3732 sunt
1696 3681 1982 3734 contraria:
2029 3692 2262 3750 potesta-

2361 3677 2498 3750 ὅπερ
2525 3681 2662 3733 εἰσὶν
2688 3683 2744 3733 αἱ
2775 3681 3016 3734 ἐναντίαι
3045 3679 3324 3749 δυνάμεις,
3354 3678 3407 3730 αἰ
3428 3677 3823 3748 πικραίνουσαι
3844 3681 3931 3730 πό-

701 3786 782 3830 tes
808 3772 1198 3829 exacerbantes
1224 3787 1440 3824 onmem
1481 3769 1737 3824 animam.

1079 3783 1198 3826 ntes
1224 3787 1440 3824 omnem
1481 3769 1737 3824 animam.
2364 3782 2462 3822 σαν
2483 3769 2676 3840 ψυχήν.

771 3870 861 3923 59.
896 3867 976 3938 Og
1010 3868 1398 3935 interpretatur
1429 3880 1746 3934 congregans
1783 3882 1799 3919 :
1851 3867 2030 3923 Basan
2083 3880 2261 3925 autem

2433 3861 2517 3916 59.
2557 3863 2660 3930 Ὢγ
2689 3860 3050 3932 ἑρμηνεύεται
3083 3857 3362 3926 αθροίζων
3386 3874 3400 3885 ⁸
3432 3857 3652 3911 Βασὰν
3679 3858 3742 3911 δὲ
3769 3859 3927 3932 ἑρμη-

703 3963 1090 4031 interpretatur
1117 3961 1403 4030 ignominia
1434 3959 1610 4010 sicca:
1643 3968 1870 4014 mortem
1907 3961 2072 4031 igitur
2096 3963 2263 4032 signi-

2363 3955 2573 4009 νεύεται
2601 3954 2862 4023 αἰσχύνη
2912 3952 3063 4036 ξηρά
3093 3969 3106 3982 ·
3142 3953 3231 4004 τὸν
3263 3951 3488 4004 θάνατον
3529 3945 3628 4003 οὖν
3670 3951 3823 4020 λέγει
3853 3950 3929 4002 ei».

701 4056 828 4109 ﬁcat
871 4063 1290 4124 congregantem
1338 4052 1553 4120 quidem
1591 4060 1857 4117 mortuos,
1894 4057 2260 4111 dominantem

2367 4045 2664 4113 συνάγοντα
2719 4045 2816 4115 μὲν
2862 4044 2987 4106 τοὺς
3029 4043 3290 4112 νεκροὺς,
3339 4038 3701 4109 βασιλεύοντα
3748 4039 3806 4093 δὲ
3845 4039 3929 4106 τῆς

702 4159 881 4203 autem
911 4163 1005 4217 per
1028 4157 1251 4217 peccatu
1262 4162 1308 4199 m
1321 4189 1332 4199 .

1049 4157 1332 4201 ieccatum.
2364 4139 2649 4209 ἁμαρτίας.

773 4241 860 4293 4i.
897 4240 962 4294 Et
985 4239 1135 4294 dedit
1169 4241 1370 4309 populo
1428 4242 1568 4295 ﬁdeli
1620 4257 1908 4312 supernam
1943 4241 2262 4308 Jerusalem,

2441 4229 2528 4283 4i.
2560 4228 2669 4281 Kal
2691 4228 2832 4280 δόντι
2863 4227 2940 4298 τῷ
2967 4227 3079 4297 λαῷ
3112 4227 3187 4297 τῷ
3227 4223 3402 4294 πιστῷ
3433 4222 3533 4294 τὴν
3578 4223 3698 4276 ἄνω
3749 4225 3931 4294 Ἰερου-

704 4334 760 4388 in
793 4349 897 4404 qua
934 4333 1022 4388 isti
1060 4333 1378 4388 habitabant
1418 4335 1733 4405 priusquam
1774 4351 1803 4389 e
1849 4335 1987 4389 CG:I0
2037 4337 2265 4408 projice-

2367 4319 2567 4392 σαλὴμ,
2623 4322 2680 4372 ἐν
2799 4315 2942 4374 οὗτοι
2990 4319 3270 4389 κατῴκουν
3303 4316 3408 4388 πρὸ
3453 4314 3550 4370 τοῦ
3612 4315 3840 4387 ῥιφῆναι
3867 4316 3928 4384 (4i

704 4436 913 4482 rentur.

2372 4412 2478 4465 ἀπὸ
2516 4413 2607 4466 τοῦ
2640 4412 2886 4483 οὐρανοῦ.

777 4520 866 4574 45.
896 4517 1272 4573 llaereditatem
1306 4520 1509 4574 sanctis
1535 4520 1669 4574 suis.
2439 4505 2523 4560 45.
2560 4506 2937 4577 Κληρονομίαν
2960 4507 3070 4567 τοῖς
3092 4505 3264 4572 ἁγίοις
3290 4501 3472 4555 αὑτοῦ.

777 4611 864 4664 45.
899 4610 1038 4676 Quia
1072 4610 1207 4664 vidit
1231 4624 1329 4665 nos
1359 4611 1410 4664 in
1449 4611 1766 4664 servitutem
1796 4610 2041 4666 redactos
2077 4628 2106 4666 a
2131 4629 2262 4668 con-
2319 4603 2324 4606 ’

2438 4599 2518 4651 45.
2557 4599 2675 4652 Ὅτι
2721 4593 2854 4650 εἶδεν
2897 4597 2975 4667 (5)
3009 4597 3156 4667 ἡμᾶς
3193 4593 3627 4661 δεδουλωμένους
3686 4592 3795 4644 ὑπὸ
3839 4591 3930 4644 τῶν

704 4705 888 4760 trariis
940 4704 1320 4773 potestatibus,
1352 4702 1805 4758 etmisericordla
1839 4713 2017 4760 motus
2067 4714 2166 4769 est,
2216 4714 2268 4759 et

2328 4758 2343 4805 )
2372 4691 2627 4744 ἐναντίων
2646 4690 2945 4760 δυνάμεων,
2976 4690 3068 4742 καὶ
3100 4686 3522 4757 ἐσπλαγχνίσθη,
3576 4686 3677 4737 καὶ
3718 4683 3928 4753 ἠλέησεν

2376 4784 2520 4808 ,λυξ-

705 4799 962 4853 misertus
987 4805 1069 4851 est
1104 4796 1298 4851 nostri.
2303 4803 2305 4808 ί

937 4814 962 4852 s
987 4805 1069 4851 est
1104 4796 1298 4851 nostri.
2303 4784 2343 4808 "
2376 4784 2533 4852 ἡμᾶς.

776 4890 864 4942 47.
894 4888 958 4942 Et
1014 4889 1241 4943 redemit
1293 4903 1392 4944 nos
1439 4891 1694 4959 passione
1743 4906 1841 4946 sua
1875 4892 1941 4945 ab
1975 4891 2268 4946 immundis

2439 4874 2523 4927 47.
2565 4875 2674 4928 Kal
2708 4873 3051 4945 ἐλυτρώσατο
3092 4874 3238 4944 ἡμᾶς
3284 4870 3374 4925 διὰ
3411 4869 3504 4923 τοῦ
3539 4869 3752 4934 πάθους
3782 4868 3928 4922 αὐτο]

703 4982 1008 5053 spiritibus.

2368 4969 2430 5019 ἐκ
2457 4967 2563 5020 τῶν
2596 4968 2920 5039 ἀκαθάρτων
2943 4967 3281 5038 πνευμάτων.

775 5075 861 5129 49.
901 5074 1107 5129 Sensus
1151 5074 1368 5143 quidem
1393 5077 1646 5146 prOprius
1678 5077 1999 5131 manifestus
2031 5086 2132 5142 est,
2187 5075 2267 5129 in-

2436 5061 2522 5115 49.
2560 5061 2632 5112 Τό
2664 5061 2762 5130 μὲν
2810 5060 3006 5112 εἰδικὸν
3049 5059 3204 5129 δῆλόν
3253 5059 3426 5120 ἐστιν,
3481 5057 3514 5125 ὴ
3567 5054 3628 5106 δὲ
3683 5053 3930 5126 ἑρμηνεὲα

708 5168 1018 5238 terpretatio
1075 5178 1255 5222 autem
1317 5168 1604 5239 allegorica
1656 5171 1940 5225 verborum
1984 5169 2267 5239 Propheta:

2363 5153 2456 5206 τοῦ
2485 5154 2557 5225 (6)
2596 5155 2880 5226 Προφήτου
2917 5152 3073 5207 τοῦτο
3130 5152 3278 5223 δηλοῖ
3308 5169 3320 5180 ·
3386 5152 3415 5202 ὁ
3451 5147 3646 5201 ἑαυτὸν
3690 5149 3930 5218 παρέχων

705 5264 810 5317 hoc
832 5263 1132 5333 signiﬁcat:
1163 5264 1255 5333 qui
1290 5265 1746 5333 praebetseipsum
1790 5265 1969 5319 cibum
2016 5263 2066 5317 in
2107 5264 2267 5317 vitam

2377 5247 2546 5318 τροφὴ
2605 5249 2685 5310 εἰς
2714 5246 2855 5318 ζωὴν
2883 5246 3096 5300 αἰώνιον
3131 5245 3291 5298 παντὶ
3318 5241 3590 5314 ἀνθρώπῳ
3609 5241 3927 5314 βουλομένῳ.

703 5365 960 5411 aeternam
988 5357 1134 5410 omni
1175 5356 1380 5410 homini
1412 5358 1629 5412 volenti.

1652 5476 1953 5538 Addenda
1988 5487 2045 5538 et
2084 5481 2453 5560 corrigenda
2492 5501 2566 5545 ex
2596 5484 2732 5544 cod.
2774 5483 2969 5542 Vatic.

880 5582 1121 5656 ,Ἒῖἷείβῆο
1172 5654 1181 5656 _
1346 5655 1352 5656 γ
2444 5589 2512 5656 (ί)
2551 5587 2802 5656 Ῥιφῶςιν
2829 5587 2922 5638 ἀπ’
2957 5584 3217 5654 οὐρανῶν.

773 5650 850 5725 (ε)
879 5651 981 5725 ’[οῇ
1023 5650 1194 5722 Ἰησοῦ
1218 5655 1428 5725 σημάνῃ
1449 5657 1597 5724 ἡμῖν.
2439 5650 2513 5717 (si
2548 5650 2715 5711 mas).

775 5720 852 5804 (3)
1066 5720 1176 5804 ῥίς.
1231 5720 1358 5793 (leg.
1403 5720 1593 5804 Σηὼν)
1625 5727 1758 5804 ὅ-περ
1816 5727 2044 5799 ὑπάρχει
2085 5733 2108 5782 ὁ
2147 5731 2249 5784 διά.
2440 5733 2511 5795 (ti)
2540 5731 2646 5802 Τῆς
2681 5728 3027 5804 προφητείας.

706 5791 858 5855 Caio;
888 5796 914 5844 ὁ
940 5791 1253 5862 βασιλεύωνς
1283 5804 1408 5864 etc,
1440 5791 1580 5866 ειπερ
1619 5791 1770 5859 εἰσίν,
1795 5810 1898 5851 etc.
