4052 6332
128 381 270 441 1273

201 506 292 563 50.
324 508 546 572 ’οτι”εῑς
571 506 662 561 τὸν
693 506 861 561 αἰῶνα
881 508 940 561 τὸ
964 508 1109 575 ἔλεος
1130 511 1309 565 αὐτοῦ.

201 599 291 653 51.
335 598 761 670 Ἐξομολογεῖσθε
788 599 864 670 τῷ
883 600 1000 672 Θεῷ
1028 602 1120 657 τοῦ
1145 605 1372 676 ούρανοῦ
1392 621 1404 633 ·

200 689 292 745 52.
318 690 439 744 Ὀτι
469 690 548 754 εις
584 690 673 744 τὸν
711 690 881 746 αἰῶνα
909 692 972 745 τὸ
991 692 1137 758 ἕλεος
1156 695 1337 749 αὐτοῦ.

195 782 434 851 Ψαλμὸς
471 780 549 847 τῷ
580 780 754 835 Δαόὶδ
784 781 881 836 διὰ
915 782 1204 853 Ἰερεμίου.
1245 789 1413 840 ΨΑΑ.
1453 790 1599 854 ΡΛη
1635 827 1649 841 .

194 872 246 927 1.
294 873 411 925 Ἐπὶ
434 871 540 926 τῶν
564 872 816 944 ποταμῶν
837 872 1169 940 Βαὸυλῶνος,

191 962 245 1016 2.
289 964 433 1016 Ἐκεῖ
460 964 787 1034 έκαθίσαμεν
816 967 906 1020 καὶ
934 966 1297 1037 ὲκλαύσαμεν.

190 1057 244 1110 ὅ.
288 1059 374 1110 Ἐν
410 1056 485 1128 τῷ
520 1058 821 1129 μνησθῆναι
850 1062 995 1132 ἡμᾶς
1023 1061 1123 1131 τῆς
1151 1060 1286 1114 Σιών
1317 1059 1438 1131 [τὴν
1464 1058 1643 1133 Enim].

190 1148 241 1201 4.
292 1148 411 1202 Ἐπὶ
441 1153 558 1212 ταῖς
593 1151 777 1214 ἱτέαις,
808 1152 866 1204 ὲν
898 1152 1045 1223 μέσῳ
1086 1153 1251 1225 αὐτῆς
1292 1152 1671 1225 ικρεμάσαμεν

117 1238 186 1292 τὰ
206 1238 411 1308 ὄργανα
430 1240 605 1309 ἡμῶν.

193 1330 241 1383 5.
272 1331 394 1383 Ὅτι
415 1333 529 1385 ἐκεῖ
559 1332 915 1405 ἐπηρώτησαν
941 1336 1090 1407 ἡμᾶς
1114 1336 1163 1388 οἱ
1197 1334 1672 1407 αξχμαλωτεύσανο

118 1440 205 1485 τες
236 1424 403 1493 ἡμᾶς,
441 1423 632 1493 λόγους
658 1425 836 1494 ᾠδῶνο

183 1515 235 1569 6.
269 1516 374 1570 Καὶ
396 1519 445 1571 οἱ
464 1518 837 1586 ἀπαγαγόντες
861 1520 1024 1591 ἡμᾶς.
1056 1520 1252 1591 ὔμνον⁶

188 1608 240 1661 7.
278 1610 477 1681 ’ᾼσατε
508 1611 637 1680 ἡμῖν
671 1611 735 1663 ὲκ
759 1610 866 1664 τῶν
896 1611 1047 1682 ᾠδῶν
1078 1612 1229 1667 Σιών.

185 1699 238 1755 8.
268 1701 391 1765 Πῶς
406 1701 622 1773 ᾄσωμεν
637 1702 733 1774 τὴν
750 1703 891 1775 ᾠδὴν
904 1703 1099 1778 Κυρίου
1120 1705 1214 1759 ἐπὶ
1238 1703 1345 1776 γῆς
1358 1701 1638 1777 ἀλλοτρίας
1656 1722 1668 1771 ;

957 389 1045 446 DE
1083 391 1357 451 TITULIS
1392 393 1928 454 PSALMORUM.—
1963 394 2157 451 PSAL.
2194 394 2477 454 CXXXVI.

3191 401 3331 460 I274

1701 517 1746 574 Δ
1841 514 1931 569 50.
1963 513 2230 580 Quoniam
2258 514 2312 568 in
2343 524 2603 569 aeternum
2635 513 3005 570 misericordia
3035 512 3175 584 ejus.

1840 606 1928 660 51.
1963 604 2304 661 Conﬁtemini
2335 604 2444 660 Deo
2482 607 2625 663 cmli.

1843 695 1929 751 52.
1968 696 2235 762 Quoniam
2279 697 2331 750 in
2362 707 2622 753 aeternum
2658 697 3023 752 misericordia
3054 698 3192 767 ejus.

1907 784 2151 839 Psalmus
2186 786 2353 841 David
2386 786 2652 843 Jeremia’.
2682 785 2884 843 PSAL.
2911 788 3221 846 CXXXVI.

1845 879 1896 933 1.
1934 877 2106 937 Super
2135 878 2354 935 ﬂumina
2383 880 2675 952 Babylonis
2696 919 2714 947 ,

1842 973 1894 1025 2.
1927 970 2040 1027 Illic
2072 972 2313 1029 sedimus
2340 983 2394 1028 et
2422 972 2669 1030 aevumus
2689 1018 2703 1040 ,

1843 1064 1893 1116 5.
1924 1063 2058 1119 Cum
2081 1066 2488 1121 recordaremur
2519 1066 2671 1123 Sion.

1848 1156 1891 1209 l.
1926 1156 1980 1209 In
2014 1157 2305 1221 salicibus,
2357 1158 2409 1211 in
2472 1160 2646 1214 medio
2689 1160 2807 1229 ejus
2838 1162 3218 1231 suspendimus
3242 1177 3332 1217 or-

1774 1264 1907 1319 gana
1934 1258 2138 1304 nostra.

1839 1340 1891 1394 5.
1925 1340 2061 1406 Quia
2103 1342 2213 1399 illic
2261 1342 2731 1416 interrogaverunt
2774 1361 2911 1412 nos,
2953 1348 3044 1418 qui
3094 1347 3332 1417 captivos

1771 1430 2041 1487 duxerunt
2066 1449 2187 1499 nos,
2216 1436 2377 1491 verba
2401 1438 2715 1491 cantionum
2737 1476 2753 1501 ,

1842 1519 1895 1570 6.
1921 1515 1986 1570 Et
2014 1519 2104 1580 qui
2134 1517 2475 1575 abduxerunt
2503 1536 2638 1584 nos,
2679 1521 2936 1591 hymnum
2968 1539 2981 1575 :

1843 1608 1893 1660 7.
1937 1608 2162 1663 Cantate
2190 1610 2345 1665 nobis
2368 1610 2435 1665 de
2465 1611 2695 1668 canticis
2731 1612 2882 1666 Sion.

1842 1698 1895 1751 8.
1934 1697 2217 1763 Quomodo
2284 1703 2624 1759 cantabimus
2678 1703 2951 1758 canticum
3006 1702 3219 1759 Domini
3276 1702 3331 1762 in

1774 1798 1915 1843 terra
1943 1791 2155 1843 aliena?

1215 1901 1587 1959 ATHANASII
1625 1901 2193 1958 INTERPRETATIO.

184 1997 274 2062 51,
302 1997 390 2053 52.
416 1998 673 2066 Δοξάζετε
701 1999 789 2055 τὸν
808 2000 940 2055 Θεὸν
960 1998 1058 2056 τοῦ
1076 2001 1236 2075 χοροῦ
1267 2001 1541 2075 [οἱχοροὶ]
1564 2000 1671 2055 τῶν
1702 2003 1740 2063 Β

1845 2002 1933 2064 51,
1960 2002 2045 2056 52.
2078 2001 2384 2057 Glorilicate
2412 2002 2601 2068 Deum,
2646 2002 2800 2058 ebori
2840 2012 3171 2067 sanctorum,
3208 2017 3329 2055 nar-

112 2087 301 2156 ἁγίων,
347 2089 688 2161 διηγούμενοι
712 2092 780 2146 τὰ
813 2093 887 2163 (1)
936 2093 1320 2165 προλεχθέντα,
1350 2094 1429 2146 ὅτι
1456 2092 1672 2145 ἀτελεύ-

110 2196 270 2252 τητον
302 2182 363 2235 τὸ
391 2182 535 2247 ἔλεος
563 2183 749 2238 αὑτοῦ.

1776 2106 1958 2147 rantes
1985 2109 2107 2162 qua:
2133 2105 2255 2148 ante
2281 2094 2423 2149 dicta
2454 2104 2620 2157 sunt,
2658 2095 2914 2164 quoniam
2948 2094 3063 2148 sine
3100 2094 3201 2147 fine
3230 2093 3325 2145 mi-

1772 2184 2059 2238 sericordia
2094 2185 2231 2253 ejus.

195 2277 260 2329 Ἡ
292 2279 628 2351 προκειμένη
647 2280 923 2351 ἐπιγραφὴ
952 2281 1194 2354 περιέχει
1216 2280 1291 2352 (2)
1316 2297 1332 2312 ο
1366 2279 1449 2346 Τῷ
1477 2278 1775 2334 Δαϐὶδδιίι
1807 2279 2108 2348 Ἰερεμίου,
2142 2280 2542 2349 ἀνεπίγραφος
2562 2284 2695 2347 παρ’
2728 2279 3035 2346 Ἑϐραίοις.
3064 2278 3210 2347 Α’ύτη
3238 2273 3330 2331 οὖν

109 2373 429 2444 ήέρμηνεία
459 2373 552 2428 τοῦ
586 2378 1022 2448 επιγράμματος,
1056 2377 1136 2444 τῷ
1184 2375 1365 2442 ικανῷ
1395 2374 1471 2444 τῇ
1495 2374 1664 2444 χειρὶ,
1693 2374 1769 2443 τῷ
1801 2374 1914 2445 Υἱῴ
1949 2374 2041 2428 τοῦ
2098 2373 2256 2441 Θεοῦ,
2303 2374 2575 2427 τουτέστιν
2605 2372 3038 2442 ἐξομολόγησις
3083 2372 3180 2425 διὰ
3224 2370 3330 2425 τοῦ

105 2469 523 2537 βαπτίσματος
559 2470 677 2524 τῶν
709 2472 1008 2541 προτέρων
1031 2472 1306 2543 ςιτονηριὲἷγ)⁸
1328 2470 1619 2540 πράξεων.
1658 2468 1826 2521 Τοῦτο
1859 2469 1967 2539 γὰρ
1995 2469 2351 2539 ἑρμηνεύεται
2380 2469 2440 2522 τὸ
2463 2468 2561 2521 διὰ
2599 2467 2890 2536 Ἰερεμίου,
2910 2466 3121 2537 παροχὴ
3142 2465 3329 2526 ὕδατος

104 2562 302 2634 ᾠτανεὶ
326 2562 388 2615 τὸ
411 2563 710 2636 βάπτισμα,
743 2567 834 2620 καὶ
874 2567 1059 2638 μνήμη
1098 2566 1205 2619 τῶν
1248 2562 1700 2637 προσερχομένων
1727 2561 1805 2633 τῷ
1836 2561 2143 2631 φωτίσματι
2184 2561 2481 2623 Ἰουδαίων,
2524 2561 2640 2622 πῶς
2678 2560 2733 2613 αἱ
2784 2560 3022 2612 ἐναντίαι
3071 2558 3326 2630 δυνάμεις

105 2650 413 2721 ἠνάγκαζον
443 2657 635 2720 αὐτοὺς
661 2657 941 2729 λατρεύειν
967 2660 1175 2721 αὑταῖς.
1210 2658 1283 2710 Τὸ
1312 2657 1389 2721 δὲ,
1415 2656 1815 2726 ἀνεπίγραφος
1840 2654 1975 2722 παρ’
2015 2654 2315 2722 Ἑϐραίοις,
2340 2652 2700 2725 ἀπρόσδεκτος
2715 2651 2858 2721 λέγει
2899 2654 3010 2715 τοῖς
3040 2652 3322 2706 ἀπειθοῦσι

117 2748 412 2815 Ἰουδαίοις·
444 2754 504 2806 οὐ
534 2754 847 2825 προείλαντο
880 2754 987 2829 γὰρ
1016 2755 1074 2808 τὸ
1110 2755 1388 2825 βάπτισμα
1420 2754 1512 2807 τοῦ
1545 2752 1797 2825 Χριστοῦ.

176 2844 393 2901 Titulus
440 2848 760 2918 praepositus
805 2849 1085 2904 continet:
1114 2848 1282 2903 David
1319 2864 1409 2918 per
1456 2846 1764 2911 Jeremiam,
1798 2846 1910 2897 sine
1945 2845 2099 2897 titulo
2131 2846 2270 2912 apud
2306 2843 2574 2897 cht'a’os.
2626 2842 2999 2912 Inseriptionis
3030 2849 3210 2895 autem
3240 2840 3327 2893 in-

107 2937 422 3005 terpretatio
458 2939 579 2995 talis
611 2949 694 2996 est
732 2959 744 2995 :
783 2959 943 2996 manu
968 2943 1120 3013 forti,
1154 2958 1346 3013 nempe
1374 2941 1471 2997 Dei
1501 2941 1662 3007 Filio,
1692 2940 1950 3006 confessio
1979 2956 2069 3007 per
2112 2942 2426 3009 baptismum
2460 2942 2696 3010 priorum
2746 2943 3006 2991 malarum
3037 2939 3327 3000 actionum,

106 3026 179 3080 Ita
208 3028 356 3082 enim
408 3029 788 3100 interpretatur
836 3034 966 3088 illud
1020 3051 1112 3104 per
1158 3033 1443 3087 Ieremiam
1471 3033 1717 3103 praebitio
1746 3048 1919 3101 aquae,
1954 3032 2208 3085 nimirum
2249 3032 2569 3100 baptismus,
2611 3040 2664 3085 et
2692 3030 2995 3085 recordatio
3020 3028 3328 3085 Judazorum

105 3117 503 3176 advenientium
554 3122 619 3176 ad
673 3123 1145 3193 illuminatiouem,
1176 3123 1452 3195 quomodo
1482 3124 1766 3182 contraria:
1796 3130 2091 3192 potestates
2121 3123 2383 3192 cogebant
2432 3139 2527 3179 eos
2579 3124 2725 3193 ipsas
2754 3123 2949 3178 colere.
2988 3123 3121 3179 Illud
3147 3131 3328 3177 autem

104 3214 210 3271 sine
235 3213 392 3266 titulo
424 3213 565 3282 apud
596 3212 848 3268 Hebr-aras
878 3216 1146 3286 signiﬁcat
1183 3228 1455 3286 receptum
1511 3232 1617 3270 non
1666 3212 1836 3268 fuisse
1889 3212 1958 3265 ab
2007 3212 2298 3266 incredulis
2346 3210 2587 3280 Judzeis;
2627 3226 2735 3266 non
2766 3212 2910 3268 enim
2945 3214 3326 3286 praeelegerqu

102 3303 428 3376 baptismum
451 3304 671 3361 Christi.

175 3419 225 3473 1.
256 3420 333 3491 (a)
363 3420 463 3474 Ἐν
482 3420 608 3487 ταῖς
622 3422 955 3493 ἐπιθυμίαις
976 3425 1083 3493 τῆς
1103 3429 1477 3496 συγχύσεως.
1494 3427 1661 3480 Τοῦτο
1686 3429 1729 3487 C

1834 3421 1887 3476 1.
1920 3419 1988 3473 In
2022 3420 2451 3489 concupiscentiis
2479 3421 2801 3489 confusionis
2832 3438 2849 3473 :
2885 3424 2954 3475 ita
2989 3424 3132 3478 enim
3162 3426 3303 3481 inter

107 3510 212 3578 γὰρ
240 3509 600 3579 ἑρμηνεύεται
636 3512 1011 3580 Βαϐυλῶνος,
1040 3518 1097 3567 ὲν
1128 3511 1215 3578 αἷς
1248 3515 1659 3587 ἐδελεάσθημεν,

107 3602 196 3654 καὶ
223 3600 516 3672 έξεκλύσθη
527 3619 622 3672 μεν
649 3604 749 3673 (3),
780 3604 1252 3678 έναπομείναντες.

170 3690 223 3754 2,
254 3691 308 3746 3.
356 3692 501 3744 Ἐκεῖ
534 3690 878 3764 ὲκλαύσαμεν
926 3696 1253 3767 μνησθέντες
1300 3697 1397 3767 τῆς
1444 3697 1660 3768 ἐντολῆς

105 3780 194 3833 τοῦ
219 3780 377 3835 Θεοῦ.
413 3780 564 3835 Σιὼν
596 3782 702 3855 γὰρ
730 3784 1086 3857 ἑρμηνεύεται
1110 3786 1350 3855 ἐντολή.

172 3874 224 3929 t.
272 3874 337 3927 Ἡ
382 3874 498 3927 ἰτέα
530 3875 718 3947 τέρψιν
746 3878 841 3947 μὲν
866 3879 978 3949 ἔχει
1004 3878 1097 3932 τοῦ
1138 3865 1292 3945 ἷδεῖν,
1332 3878 1578 3953 ἄκαρπον
1605 3879 1662 3933 δὲ

108 3964 313 4038 δένδρον
362 3967 612 4039 ὑπάρχει.
665 3968 833 4022 Τοῦτο
858 3967 949 4024 οὖν
981 3970 1127 4039 λέγει
1162 3971 1258 4041 (4),
1308 3971 1390 4024 ὅτι
1437 3975 1495 4027 ἐν
1544 3977 1663 4037 ταῖς

108 4059 339 4124 ἀπάταις
386 4060 479 4113 καὶ
514 4063 830 4132 ματαιότητι
876 4061 968 4115 τοῦ
1016 4063 1133 4134 βίου
1182 4064 1566 4135 ἀπεκρέμαντο
1596 4068 1659 4137 τῇ

108 4151 368 4225 ἐπιθυμίᾳ
415 4154 483 4209 τὰ
542 4154 677 4225 μέλη
711 4156 866 4227 ἡμῶν
894 4159 952 4210 ὲν
1005 4159 1154 4230 μέσῳ
1195 4158 1293 4229 τῆς
1330 4160 1659 4230 συγχύσεως,

104 4246 350 4301 τουτέστι
376 4248 475 4319 τῆς
503 4249 792 4321 ἁμαρτίας.

171 4338 280 4394 5-7.
314 4340 440 4393 Ὅτι
466 4342 600 4405 ἐκεῖ,
649 4346 707 4396 ὲν
756 4347 820 4415 τῇ
857 4344 1113 4415 συγχύσει
1138 4345 1331 4405 ,ὅντων
1382 4347 1535 4419 ἡμῶν
1561 4346 1661 4417 τῆς

106 4426 392 4500 ἁμαρτίας,
418 4430 601 4486 λοιπὸν
625 4432 717 4485 καὶ
741 4434 963 4502 ἡπάτων
983 4437 1129 4506 ἡμᾶς
1161 4440 1215 4491 αἱ
1244 4439 1478 4494 ἐναντίαι
1501 4439 1661 4495 δυνά-

110 4535 225 4587 μεις
246 4519 791 4590 αἰχμαλωτεύσασθαι
818 4523 894 4594 (5)
920 4526 1067 4596 ἡμᾶς
1099 4526 1193 4580 τοῦ
1232 4527 1534 4601 λατρεύειν,
1567 4531 1660 4584 καὶ

109 4609 356 4665 σέϐεσθαι
385 4611 572 4675 αὐτὰς,
597 4613 691 4666 καὶ
711 4612 889 4683 λέγειν
919 4618 1048 4686 ἡμῖν
1069 4635 1082 4647 ·
1116 4617 1385 4683 Δοξάσατε
1410 4622 1557 4691 ἡμᾶς
1585 4623 1660 4688 ὡς

105 4700 189 4753 τὸν
219 4701 351 4755 Θεὸν
369 4702 460 4757 τοῦ
488 4704 738 4774 ούρανοῦ.
763 4707 835 4760 Τὸ
854 4707 962 4779 γὰρ
994 4709 1144 4763 Σιὼν
1174 4711 1334 4766 πάλιν
1361 4713 1660 4785 ἑρμηνεύε-

107 4808 187 4846 ται
216 4798 396 4861 τόπος
425 4796 576 4852 ὅπου
600 4799 637 4867 ἡ
667 4801 887 4869 σκηνὴ,
910 4802 1107 4857 ὡσανεὶ
1133 4805 1162 4857 ὁ
1196 4806 1440 4877 οὐρανός.

171 4970 221 5026 8.
264 4973 457 5042 Ἡμεῖς
485 4972 541 5027 δὲ
566 4974 699 5046 πρὸς
717 4977 815 5040 τὰς
836 4976 1080 5041 ἐναντίας
1101 4978 1357 5049 δυνάμεις
1378 4980 1650 5052 ἐλέγομεν·

107 5060 219 5128 Πῶς
239 5065 369 5136 ὑμῖν
396 5064 779 5139 λατρεύσωμεν
804 5071 914 5133 τοῖς
941 5068 1156 5141 δαίμοσι
1188 5074 1298 5135 τοῖς
1345 5073 1551 5145 γηίνοις
1578 5073 1654 5145 (6)

107 5157 206 5219 τοῖς
227 5156 527 5229 ἀλλοτρίοις
545 5175 561 5223 ;

1762 3520 2006 3582 pretatur
2032 3526 2185 3580 super
2212 3510 2434 3579 ﬂumina
2451 3510 2763 3581 Babylonis,
2783 3511 2837 3566 in
2859 3513 3059 3584 quibus
3078 3516 3324 3587 inescati,

1760 3610 1815 3658 et
1844 3602 2114 3658 submersi
2143 3617 2335 3656 sumus
2360 3611 2771 3671 permanentes;
2858 3591 2862 3595 2

1826 3695 1882 3760 2,
1917 3695 1971 3750 5.
2008 3696 2117 3749 Illic
2152 3694 2397 3749 llevimus
2444 3696 2708 3749 recordati
2744 3696 2983 3750 mandati
3013 3695 3106 3751 Dei
3145 3717 3158 3752 :
3197 3698 3324 3753 Sion

1760 3787 1905 3842 enim
1942 3788 2328 3856 interpretatur
2360 3786 2687 3840 mandatum.

1831 3877 1884 3932 4.
1924 3877 2071 3932 Salix
2102 3889 2322 3947 aspectu
2354 3878 2571 3948 quidem
2606 3878 2969 3945 delectabilis,
3014 3879 3107 3935 sed
3160 3880 3321 3937 arbor

1762 3966 2097 4023 inl‘rnctil’era
2144 3978 2247 4023 est.
2282 3967 2396 4023 IIoc
2434 3968 2597 4040 igitur
2622 3970 2909 4039 signiﬁcat,
2948 3970 3094 4040 quod
3134 3970 3188 4026 in
3223 3971 3320 4027 de-

1759 4061 2096 4132 ceptionibus
2118 4069 2171 4115 et
2201 4060 2531 4115 vanitatibus
2585 4063 2707 4115 vita:
2730 4062 2799 4116 ob
2825 4063 3320 4133 concupiscentiam

1760 4168 2023 4223 suspensa
2055 4150 2275 4207 fuerunt
2308 4153 2546 4207 membra
2577 4162 2758 4207 nostra
2803 4153 2857 4207 in
2912 4153 3089 4210 medio
3130 4155 3319 4210 confu-

1760 4247 1952 4313 sionis,
1974 4247 2079 4303 hoc
2105 4256 2189 4301 est
2217 4246 2443 4316 peccati.

1832 4337 1945 4393 5-7.
1998 4336 2261 4404 Quoniam
2293 4338 2438 4400 illic,
2493 4338 2619 4392 dum
2667 4338 2719 4391 in
2761 4338 3081 4393 conlusione
3115 4348 3319 4408 peceatt

1759 4444 2027 4492 essemus,
2066 4431 2284 4485 demum
2332 4431 2506 4484 etiam
2545 4445 2645 4483 nos
2689 4430 3321 4499 deceperuntcontrarite

1759 4530 2055 4591 potestates
2100 4524 2395 4591 redigendo
2445 4538 2545 4577 nos
2597 4523 2649 4576 in
2705 4522 3064 4592 captivitatem
3114 4524 3180 4578 ad
3226 4540 3319 4579 co—

1759 4614 1973 4670 lcndum
2041 4624 2095 4670 ct
2175 4618 2509 4671 adorandum
2575 4631 2705 4683 eas,
2777 4633 2841 4672 ac
2919 4617 3147 4674 dicendo
3220 4634 3319 4674 no-

1760 4708 1841 4763 bis
1878 4726 1889 4762 :
1927 4707 2233 4765 Glorilicate
2281 4726 2381 4765 nos
2436 4710 2578 4764 sicut
2626 4707 2794 4763 Deum
2844 4709 2986 4765 coeli.
3018 4707 3149 4762 Nam
3188 4707 3315 4763 Sion

1689 4786 1736 4845 ι)
1761 4802 1925 4856 etiam
1965 4802 2348 4872 interpretatur
2376 4803 2517 4858 locus
2555 4803 2643 4857 ubi
2671 4802 3059 4857 tabernaculum
3079 4844 3092 4870 ,
3128 4802 3316 4856 videli-

1761 4904 1844 4950 cet
1881 4896 2098 4951 cwlum.

1826 4984 1878 5039 8.
1912 4983 2022 5041 Nos
2055 4995 2235 5040 autem
2288 4987 2579 5043 contrariis
2628 4985 2984 5058 potestatibus
3033 4986 3266 5041 diximus
3294 5026 3307 5039 .

1758 5074 2039 5142 Quomodo
2058 5092 2155 5132 vos
2176 5076 2439 5145 colemus,
2460 5079 2553 5150 qui
2576 5080 2709 5135 estis
2733 5079 3006 5135 daemones
3030 5085 3312 5134 terrestres

1760 5168 1959 5223 alieni?

1043 5272 1347 5334 Addenda
1379 5280 1437 5333 et
1462 5275 1831 5354 corrigenda
1881 5296 1957 5340 ex
1998 5281 2137 5343 cod.
2172 5283 2371 5344 Vatic.

170 5370 241 5444 (1)
262 5371 448 5427 Ταῦτα
468 5372 537 5426 τὰ
580 5372 960 5444 προλεχθέντα,
992 5375 1073 5427 ὃτι
1097 5374 1447 5445 ἁτελεύτητόν
1488 5378 1653 5442 ἐστιν,

111 5447 246 5654 clcg2)
283 5513 349 5568 Ἦ
377 5512 468 5567 διὰ
510 5513 607 5583 τῆς
649 5514 1016 5585 κινναϐάρεως
1068 5516 1308 5585 περιέχει
1332 5534 1346 5545 ο
1380 5515 1469 5586 Τῷ
1496 5517 1656 5570 Δαϐὶδ
1751 5456 1855 5575 ειιξέ

111 5577 179 5654 ῲῤ
228 5583 335 5649 διά,
371 5591 478 5639 etc.
518 5583 619 5638 Καὶ
644 5584 831 5654 μνήμη
853 5586 960 5639 τῶν
986 5587 1417 5654 προερχομένων.
1442 5594 1544 5641 etc.
1584 5588 1655 5639 Τὸ
1823 5591 1855 5654 (Ξ

111 5598 150 5648 ῳ

278 5584 335 5668 ᾇ,
371 5591 494 5668 εἰς..
518 5583 619 5638 Καὶ
644 5584 831 5668 μνῄμη
853 5583 1417 5668 τῶνιπροερχομένων.
1442 5583 1544 5641 etc.
1584 5588 1655 5639 Τὸ

112 5655 237 5728 Ξῶς,
264 5665 370 5728 el_c.
430 5655 503 5709 Οὐ
541 5656 873 5727 προσήλαντο
923 5655 1037 5728 γὰρ
1075 5655 1151 5728 τῷ

1199 5657 1529 5728 βαπτίσματι
1561 5676 1652 5712 του

113 5721 148 5771 Χ
158 5724 331 5786 ριστοῦ
340 5765 354 5778 .

1823 5380 1898 5453 (ᾗ)
1930 5381 2031 5453 καὶ
2059 5380 2348 5453 ὲξεκλύσθη
2358 5401 2473 5453 μεν,
2501 5383 2671 5440 deest.

1822 5449 1895 5521 (ι)
1928 5452 2109 5522 Λέγει,
2145 5454 2219 5518 ὡς
2248 5449 2466 5523 νομίζω,
2506 5456 2607 5521 ὅτι,
2642 5463 2749 5510 etc.
2787 5453 2891 5509 Τοῦ
2935 5454 3049 5527 βίου
3078 5451 3309 5522 τούτου,

1823 5590 1898 5732 (5)
1923 5593 2460 5664 Αἰχμαλωτεύσασαι.

1823 5662 1874 5727 (6
1930 5664 2051 5726 Τοῖς
2078 5664 2280 5732 γηίνοις
2308 5664 2454 5721 deest

1820 5662 1895 5732 (6)
1930 5662 2051 5726 Τοῖς
2078 5664 2280 5737 γηῐνοις
2308 5664 2473 5721 deest.

178 5817 247 5889 (α)
270 5816 333 5873 Ν.
368 5820 419 5882 1,
449 5818 504 5884 2,
535 5819 585 5874 '5.
623 5818 824 5877 l‘nicns
859 5832 1146 5878 comment.
1185 5821 1244 5874 Et
1277 5826 1527 5877 submersi
1552 5839 1732 5878 sumus
1769 5822 1934 5880 deest.
