4094 6322
695 379 831 436 1275
1567 374 1622 430 S.
1666 369 2032 428 ATHANASII
2067 365 2215 420 OPP.
2250 361 2427 418 PARS
2465 359 2551 415 lll.
2575 389 2645 400 -—
2686 355 3092 413 EXEGETICA.
3799 353 3935 410 ΙΞἸϐ

760 498 812 551 9.
847 493 906 548 Si
939 493 1137 548 oblitus
1176 490 1325 544 fuero
1357 490 1455 553 tui,
1513 487 1834 552 Jerusalem,
1865 484 2122 539 oblivioni
2149 481 2243 534 dc—
2276 487 2318 540 Α

2312 521 2318 538 ,
2415 475 2466 530 9.
2513 475 2634 528 Ἐὰν
2668 470 3007 538 ἐπιλάθωμαί
3033 488 3143 535 σου,
3184 471 3555 541 Ἰερουσαλὴμ,
3598 473 3929 544 ἑπιλησθείη

691 597 778 642 tur
805 586 1026 639 dextera
1056 598 1193 636 mea.

1081 598 1193 636 nea.
2350 572 2382 638 ἡ
2409 565 2555 632 δεξιά
2579 582 2698 634 μαυ-

764 675 848 730 10.
888 674 1169 728 Adbzereat
1204 673 1382 742 lingua
1422 685 1538 724 mea
1576 668 1824 722 lancibus
1863 667 2034 729 meis,
2064 664 2108 719 si
2143 679 2247 717 non

2427 659 2511 712 10.
2540 655 2834 726 Κολληθείη
2887 653 3257 726 [Κολληθῇ]ἡ
3310 654 3531 721 γλῶσσα
3571 672 3670 725 μου
3728 655 3816 727 τῷ
3848 655 3933 709 λά-

693 767 992 820 meminero
1023 765 1120 818 tui.
2355 751 2510 822 ρυγγί
2545 767 2665 820 μου,
2698 748 2791 800 ἐὰν
2829 749 2900 818 μή
2935 764 3024 800 σου
3052 747 3292 818 μνησθῶ.

766 850 848 904 11.
895 846 949 902 Si
1000 863 1107 902 non
1174 862 1508 916 proposuero
1548 846 1846 900 .erusalem
1888 843 1940 896 in
1988 841 2250 911 principio

2421 842 2504 896 11.
2545 842 2670 894 Ἐὰν
2700 839 2772 910 μὴ
2804 840 3264 911 προανατάξωμαι
3296 839 3393 909 τὴν
3442 839 3828 911 Ἰερουσαλὴμ,
3855 841 3931 902 ὡς

695 940 887 993 lwtitite
920 953 1070 990 meae.

2351 937 2406 986 ὲν
2432 935 2568 1003 ἀρχῇ
2607 933 2704 1002 τῆς
2733 929 3066 1002 εὐφροσύνης
3093 947 3209 1000 μου.

798 1030 853 1083 2.
890 1029 1091 1082 Memor
1122 1037 1267 1086 esto.
1309 1029 1531 1082 Domine
1594 1025 1825 1081 filiorum
1858 1024 2047 1088 Edom,
2079 1025 2132 1078 in
2165 1023 2250 1078 die

2420 1024 2507 1080 19..
2545 1023 2850 1094 Μνήσθητι,
2892 1023 3083 1094 Κύριε,
3115 1021 3222 1074 τῶν
3251 1021 3376 1074 υἱῶν
3417 1022 3609 1093 Ἐδὼμ,
3646 1023 3750 1094 τὴν
3781 1023 3928 1092 ἠμέ-

690 1117 1016 1174 Jerusalem.

2355 1135 2452 1187 ραν
2485 1115 2851 1186 Ἰερουσαλήμ.

766 1210 851 1263 15.
884 1207 987 1275 Qui
1018 1210 1202 1265 dicunt
1229 1231 1241 1265 ε
1269 1210 1579 1274 Exinanite,
1632 1210 1904 1265 exinanito
1954 1221 2128 1278 usque
2185 1208 2250 1261 ad

2424 1211 2506 1264 15.
2535 1210 2654 1262 Τῶν
2675 1209 2970 1276 λεγόντων·
3005 1205 3339 1270 Ἐκκενοῢτε,
3369 1206 3651 1259 ὲκκενοῦτε
3673 1207 3790 1268 ἕως
3815 1205 3928 1259 τῶν

695 1299 1100 1355 fundamentum
1129 1303 1267 1371 ejus.

1213 1318 1267 1356 .s.
2353 1298 2614 1369 θεμελίων
2643 1298 2830 1367 αὐτῆς.

766 1389 850 1444 11.
889 1390 1019 1446 Filia
1062 1391 1350 1464 Babylonis
1387 1393 1578 1446 misera
1613 1411 1624 1445 :

2428 1393 2509 1445 H.
2541 1392 2795 1462 Θυγάτηρ
2820 1389 3132 1452 Βαϐυλῶνος
3161 1390 3192 1460 ἠ
3215 1389 3571 1460 ταλαίπωρος·

774 1481 854 1536 15.
881 1481 1098 1546 Beatus,
1124 1483 1214 1552 qui
1247 1483 1504 1538 retribuet
1526 1484 1620 1538 tibi
1649 1484 2057 1538 retributionem
2082 1492 2247 1542 luam.

2424 1480 2507 1533 15.
2539 1481 2840 1551 Μακάριος,
2865 1481 2922 1544 ὃς
2943 1480 3307 1536 ἀνταποδώσει
3341 1497 3420 1532 σοι
3466 1479 3524 1532 τὸ
3563 1476 3931 1547 ἀνταπόδομά

696 1587 858 1641 quam
886 1574 1180 1628 retribuisti
1213 1576 1386 1630 nobis.

2356 1591 2468 1635 σου,
2492 1573 2520 1625 ὃ
2556 1572 2940 1636 ἀνταπέδωκας
2970 1575 3117 1644 ἡμῖν.

769 1661 853 1716 16.
887 1662 1117 1732 Beatus,
1145 1666 1235 1734 qui
1268 1667 1470 1721 tenebit
1539 1676 1592 1720 et
1625 1667 1806 1721 allidet
1847 1669 2099 1737 parvulos
2133 1677 2251 1721 tuos

2425 1664 2508 1718 16.
2541 1666 2843 1734 Μακάριος,
2877 1666 2933 1727 ὃς
2965 1665 3242 1736 κρατήσει,
3278 1665 3370 1718 καὶ
3405 1665 3607 1732 ἐδαφιεῖ
3641 1665 3708 1719 τὰ
3749 1666 3930 1740 νήπια

694 1755 758 1808 ad
791 1765 1018 1825 petram.

2360 1771 2449 1806 σου
2485 1753 2601 1825 [καὶ
2628 1755 2835 1824 ἐδαφιεῖ
2863 1754 3023 1826 αὐτὰ]
3051 1755 3182 1824 πρὸς
3217 1754 3311 1824 τὴν
3341 1755 3557 1825 πέτραν.

941 1845 1186 1902 Psalmus
1219 1847 1407 1902 David.
1449 1846 1648 1903 PSAL.
1683 1849 1881 1905 CXXX
1902 1848 2027 1903 vu.
2286 1837 2324 1890 Β

2016 1893 2027 1903 .
2286 1837 2324 1890 Β
2647 1848 2889 1917 Ψαλμός
2909 1845 2989 1912 τῷ
3018 1845 3212 1899 Aucta.
3257 1849 3426 1901 ΨΑΑ.
3452 1849 3626 1900 ΡΛΖ’.

771 1936 818 1992 1.
850 1937 1158 1994 Confitebor
1187 1942 1302 2005 tibi,
1338 1942 1584 2008 Domine,
1615 1943 1667 1996 in
1699 1953 1808 1996 toto
1830 1943 1989 1996 corde
2017 1957 2136 1995 meo
2163 1962 2173 1995 :

2431 1943 2480 1996 1.
2523 1939 3006 2011 Ἐξομολογήσομαί
3029 1955 3130 2003 σοι,
3161 1936 3345 2007 Κύριε,
3367 1940 3424 1990 ὲν
3449 1940 3542 2012 ὅλῃ
3563 1938 3763 2009 καρδίᾳ
3801 1955 3929 2009 μου.

1844 2077 2207 2132 ATIIANASII
2249 2075 2799 2132 INTERPBETATIO

769 2204 818 2259 9.
853 2205 916 2260 Et
953 2207 1216 2262 exsistens
1268 2209 1319 2262 in
1346 2223 1598 2278 peccato,
1635 2213 1679 2266 si
1721 2214 1920 2268 oblitus
1965 2214 2120 2268 fuero
2149 2215 2247 2277 tui,

2417 2214 2470 2266 9.
2501 2211 2604 2265 Καὶ
2626 2214 2681 2264 ὲν
2704 2213 2942 2283 ἁμαρτία
2966 2215 3040 2283 (ι)
3063 2212 3137 2265 ῶν
3160 2213 3252 2266 ἐὰν
3269 2213 3503 2268 ὲπιλάθω
3533 2231 3646 2278 σου,
3678 2213 3867 2284 Ἰησοῦ
3901 2216 3928 2282 ἡ

692 2292 820 2348 Jcsu
849 2311 949 2364 pax
979 2306 1179 2359 nostra,
1205 2298 1444 2352 deeidam
1473 2302 1540 2354 ab
1569 2303 1772 2354 auxilio
1796 2312 1890 2356 tuo
1915 2321 1926 2355 :
1957 2301 2252 2356 Jerusalem

2350 2307 2535 2376 εἰρήνη
2553 2307 2583 2374 ἡ
2595 2305 2730 2373 μῶν,
2746 2304 3001 2356 ἁποπέσω
3013 2306 3107 2374 τῆς
3125 2305 3376 2375 βοηθείας
3394 2323 3503 2358 σου·
3523 2305 3932 2374 Ἰερουσαλὴμ

694 2388 835 2440 enim
870 2388 1252 2457 interpretatur
1295 2392 1425 2443 visio
1459 2393 1604 2460 pacis
1626 2435 1639 2457 ,
1691 2393 1792 2448 boc
1819 2403 1899 2448 est
1937 2394 2026 2448 Dei
2061 2393 2250 2450 Filius.

2352 2399 2459 2468 γὰρ
2492 2397 2849 2467 ἑρμηνεύεται
2884 2397 3089 2466 ὅρασις
3124 2397 3383 2465 εἰρήνης,
3413 2400 3686 2453 τουτέστιν
3729 2401 3762 2452 ὁ
3799 2398 3929 2460 Υἱὸς

693 2480 956 2547 Apparuit
981 2480 1122 2533 enim
1156 2483 1356 2536 mundo
1383 2499 1484 2552 pax
1513 2485 1799 2541 exsistens.

2353 2490 2444 2542 τοῦ
2467 2489 2618 2541 Θεοῦ.
2667 2487 2912 2559 Ἑωράθη
2953 2489 3058 2559 γὰρ
3088 2488 3165 2559 τῷ
3192 2491 3377 2558 κόσμῳ
3409 2491 3596 2560 εἰρήνη
3630 2490 3925 2560 ὑπάρχων.

767 2568 855 2622 10.
886 2569 1108 2623 Deficiat
1151 2573 1329 2625 anima
1377 2589 1491 2626 mea
1534 2590 1783 2644 quaerens
1816 2576 2042 2646 gratiam
2085 2577 2256 2631 sancti

2426 2579 2510 2633 10.
2567 2580 2872 2652 Ἐκλείψῃή
2905 2581 3046 2652 ψυχή
3073 2599 3171 2651 μου
3222 2581 3457 2653 ζητοῦσα
3498 2581 3593 2652 τὴν
3618 2585 3790 2653 χάριν
3830 2583 3925 2636 τοῦ

696 2659 952 2731 Spiritus,
982 2673 1167 2717 etnon
1201 2680 1516 2734 assequr'ns,
1566 2669 1668 2720 nisi
1723 2670 1800 2722 tui
1845 2670 2158 2735 meminero,
2204 2679 2258 2726 et

2356 2673 2507 2740 ἁγίου
2540 2672 2885 2743 Πνεύματος,
2918 2676 3110 2745 καὶμὴ
3156 2675 3520 2745 τυγχάνουσα,
3567 2675 3661 2728 ἐὰν
3709 2675 3790 2744 μή
3834 2691 3923 2727 σου

694 2765 977 2807 convertar
1007 2755 1073 2807 ad
1116 2763 1183 2807 te.

2357 2767 2598 2836 μνησθῶ,
2631 2768 2719 2819 καὶ
2739 2767 3058 2838 έπιστραφῶ
3093 2769 3225 2838 πρὸς
3263 2768 3339 2820 σέ.

769 2845 851 2898 11.
919 2843 1215 2898 Jerusalem
1288 2847 1669 2917 interpretatur
1749 2853 1967 2920 spiritus
2028 2854 2255 2923 gratiaz;

2425 2855 2508 2907 11.
2556 2856 2945 2924 Ἰερουσαλὴμ
2985 2856 3341 2927 ἑρμηνεύεται
3388 2857 3624 2924 πνεῦμα
3652 2857 3726 2926 (ε)
3756 2855 3924 2926 κάρι-

695 2939 797 2991 hoc
826 2937 1005 3006 igitur,
1040 2947 1096 2992 ut
1125 2954 1265 3001 reor,
1301 2941 1570 3010 signilieat
1604 2959 1618 2997 :
1651 2944 1751 2996 nisi
1785 2945 1945 2998 rebus
1977 2946 2253 3008 omnibus.
2292 3013 2312 3018 _

2306 3013 2322 3018 _
2356 2963 2492 3014 τος-ο
2525 2949 2680 3002 τοῦτο
2709 2945 2799 3002 οὖν
2847 2949 3013 3016 λέγει,
3045 2950 3117 3013 ὡς
3149 2949 3351 3018 νομίζω
3372 2990 3384 3004 .
3440 2949 3532 3002 ἐὰν
3571 2948 3646 3018 μὴ
3703 2950 3923 3002 πάντων

694 3045 814 3098 quae
847 3031 897 3083 in
935 3032 1135 3085 mundo
1160 3043 1320 3095 sunt,
1351 3034 1630 3102 prmferam
1670 3037 1896 3106 gratiam
1929 3039 2100 3092 sancti
2135 3037 2256 3108 Spi-
2281 3013 2311 3069 ί

2305 3013 2322 3069 Ῑ
2357 3039 2464 3092 τῶν
2496 3041 2550 3091 ὲν
2596 3039 2672 3110 τῷ
2704 3040 2894 3110 κόσμῳ
2937 3041 3254 3111 προτιμήσω
3285 3039 3379 3109 τὴν
3420 3040 3578 3109 χάριν
3618 3037 3711 3089 τοῦ
3765 3039 3922 3106 ἁγίου

691 3122 844 3186 ritus,
877 3139 998 3178 cum
1031 3125 1362 3194 evigilavcrit
1394 3143 1484 3181 eor
1511 3144 1715 3182 meum.

2357 3127 2692 3198 Πνεύματος,
2728 3131 2784 3181 ἐν
2821 3128 2899 3199 τῷ
2924 3129 3214 3198 ἀνανήφειν
3239 3129 3332 3200 τὴν
3363 3128 3590 3199 καρδίαν
3618 3145 3742 3198 μου.

766 3215 853 3280 12,
893 3216 975 3269 13.
1013 3215 1182 3271 Edam
1228 3220 1612 3288 interpretatur
1642 3222 1884 3287 deﬁciens
1912 3261 1925 3283 ,
1959 3225 2136 3291 qualis
2176 3235 2258 3278 est

2429 3218 2514 3280 ιε,
2553 3219 2636 3271 15.
2699 3218 2886 3288 Ἐδὼμ
2954 3219 3310 3289 ἑρμηνεύεται
3355 3219 3648 3271 ἐκλείπων
3703 3216 3929 3290 [ἐκλεί-

695 3308 964 3364 diabolus.
1001 3308 1138 3364 Dicit
1170 3310 1351 3382 igitur,
1378 3327 1586 3366 memor
1618 3313 1781 3366 etiam
1813 3323 1931 3367 esto
1959 3314 2252 3383 exprobra-

2359 3305 2563 3378 πουσα]
2597 3307 2694 3377 (5),
2745 3308 2880 3377 ὅπερ
2933 3308 3080 3360 ἐστὶν
3114 3306 3426 3369 ὁδιὰϐολος.
3469 3307 3756 3377 Μνήσθητι
3811 3301 3920 3371 οὖν,

695 3402 858 3457 tionis
916 3405 1312 3458 contrariarum
1369 3416 1694 3475 potestatum
1724 3447 1738 3472 ,
1789 3422 1910 3476 qua:
1961 3408 2084 3462 liliae
2132 3408 2256 3461 mali

2359 3400 2522 3467 λέγει,
2581 3403 2671 3453 καὶ
2717 3401 2809 3454 τοῦ
2842 3399 3145 3470 ὀνειδισμοῦ
3193 3399 3299 3451 τῶν
3333 3398 3588 3452 ἐναντίων
3615 3399 3919 3464 δυνάμεων,

697 3504 825 3547 sunt
873 3495 1104 3548 dicentis
1139 3515 1150 3548 :
1184 3495 1390 3558 Deficit,
1442 3498 1622 3551 deficit
1671 3512 1839 3564 genus
1893 3499 2174 3566 fidelium;
2207 3511 2258 3555 et

2357 3492 2464 3544 τῶν
2521 3491 2649 3544 υἱῶν
2699 3492 2791 3544 τοῦ
2856 3491 3092 3562 πονηροῦ
3132 3489 3221 3542 τού
3275 3489 3552 3557 λέγοντος·
3625 3489 3921 3549 Ἐκλείπει.

697 3601 890 3639 rursus
934 3587 985 3639 in
1023 3588 1210 3642 eodem
1244 3605 1421 3653 versu,
1476 3592 1530 3643 in
1577 3592 1661 3644 die
1689 3591 1979 3646 Jerusalcm
2003 3634 2017 3657 ,
2048 3595 2148 3649 boe
2178 3606 2260 3648 est

2359 3584 2594 3636 ἐκλείπει
2648 3585 2707 3636 τὸ
2761 3585 2915 3652 γένος
2960 3584 3069 3637 τῶν
3117 3583 3353 3636 πιστῶν·
3395 3585 3488 3636 καὶ
3517 3583 3680 3636 πάλιν
3709 3583 3792 3644 είς
3836 3582 3921 3634 τὸν

697 3675 752 3728 in
788 3675 1180 3734 illuminatione
1239 3696 1489 3750 superna:
1548 3682 1789 3738 scientiae
1836 3698 1931 3752 per
1981 3683 2256 3737 lavacrum

2359 3675 2518 3726 αὐτὴν
2557 3674 2768 3745 στίχον·
2811 3679 2850 3728 Τ
2851 3675 2930 3743 ὴν
2959 3675 3182 3744 ἡμέραν
3226 3673 3641 3743 Ἰερουσαλὴμ,
3678 3674 3921 3726 τουτέστι

697 3772 1137 3829 immortalitatis.

2357 3765 2447 3817 τὸν
2473 3767 2747 3834 φωτισμὸν
2770 3767 2865 3835 τῆς
2904 3765 3106 3819 ἄνωθεν
3153 3764 3400 3832 γνώσεως
3431 3767 3519 3817 διὰ
3552 3766 3646 3817 τοῦ
3699 3765 3920 3833 λουτροῦ

2359 3857 2453 3927 τῆς
2482 3856 2798 3920 ἀθανασίας.

773 3949 855 4005 14.
887 3949 1079 4004 Infelix
1118 3954 1329 4019 anima,
1377 3969 1495 4023 qua
1533 3953 1640 4008 filia
1673 3970 1730 4009 es
1763 3953 2120 4013 confusionis.
2153 3954 2260 4008 sei-

2432 3947 2516 4001 M.
2550 3948 2904 4020 Ταλαίπωρος
2931 3949 3075 4020 ψυχὴ
3102 3952 3133 4020 ἡ
3158 3945 3290 4002 οὖσα
3319 3948 3564 4018 θυγάτηρ
3591 3947 3692 4017 τῆς
3729 3945 3921 4016 cvm?-

699 4041 823 4095 lieet
845 4042 1050 4110 peccati
1080 4062 1092 4097 :
1121 4043 1358 4113 Babylon
1395 4045 1538 4098 enim
1575 4045 1958 4100 interpretatur
1997 4044 2257 4112 confusio.

2361 4055 2514 4103 σεως,
2543 4041 2743 4093 ὡσανεὶ⁵
2763 4044 2858 4112 τῆς
2885 4043 3185 4113 ἁμαρτίας’
3224 4041 3509 4095 Βαϐυλὼν
3559 4039 3633 4110 (4)
3673 4040 3784 4112 γὰρ
3835 4042 3918 4111 ἑρ-

2363 4130 2651 4202 μηνεύεται
2674 4134 2993 4202 σύγχυσις.

772 4217 857 4269 15.
897 4217 1112 4282 Beatus,
1137 4218 1331 4287 inquit,
1355 4227 1456 4282 est,
1476 4218 1568 4287 qui
1599 4220 1741 4270 itam
1773 4226 2083 4271 servrtutem
2104 4233 2256 4272 suam

2431 4224 2516 4276 15.
2555 4223 2856 4295 Μακάριος,
2879 4226 3045 4295 λέγει,
3074 4227 3219 4279 ἐστὶν
3246 4225 3302 4288 ὃς
3331 4223 3503 4286 οὓτως
3526 4222 3920 4276 καταδουλώσει

697 4309 964 4380 redegerit
1022 4322 1297 4381 peccatum
1325 4352 1339 4376 ,
1391 4310 1846 4381 quemadmodum
1897 4312 2012 4380 ipse
2044 4310 2193 4379 prius
2228 4328 2255 4362 ο
2289 4354 2314 4408 Ι

2304 4354 2331 4407 D
2361 4310 2536 4385 ἑαυτῷ
2571 4315 2665 4386 τὴν
2689 4317 2979 4386 ἁμαρτίαν,
3001 4317 3185 4388 ὥσπερ
3211 4315 3346 4386 αύτὴ
3378 4314 3641 4386 πρότερον
3675 4313 3921 4368 κατεδούο

696 4410 918 4473 peccato
944 4404 997 4456 in
1032 4406 1343 4460 servitutem
1373 4405 1621 4460 redactus
1648 4413 1749 4459 est.
2289 4404 2313 4408 “

1100 4406 1343 4460 rvitutem
1373 4405 1621 4460 redactus
1648 4413 1749 4459 est.
2289 4404 2320 4408 ⁷
2361 4405 2527 4458 λωσεν
2559 4408 2717 4460 αὐτόν

771 4492 856 4544 16.
894 4491 1132 4561 Beatus,
1185 4497 1277 4566 qui
1337 4498 1638 4552 carnalium
1691 4495 2255 4566 concupiscentiarum

2431 4497 2514 4550 16.
2557 4499 2840 4569 Μακάριος
2877 4500 2954 4562 ὃς,
2987 4499 3277 4572 κυριεύσας
3302 4499 3411 4552 τῶν
3442 4497 3723 4569 σαρκικῶν
3747 4497 3921 4551 ἐπιθυ-

694 4585 950 4640 dominus
982 4586 1204 4643 ell‘ectus
1258 4591 1573 4644 eontriverit
1614 4605 1705 4643 eas
1754 4590 1821 4643 ad
1874 4598 2101 4658 petram,
2157 4590 2257 4642 boe

2363 4581 2520 4657 μέιῶν,
2558 4589 2835 4660 συντρίψει
2875 4591 2950 4658 (5)
2983 4591 3151 4655 αὑτὰς
3193 4591 3327 4662 πρὸς
3356 4591 3455 4660 τὴν
3504 4590 3734 4660 πέτραν,
3776 4604 3919 4641 τουτ-

692 4675 1100 4740 esthristum.
1139 4678 1301 4736 Petra
1332 4692 1511 4736 autem
1554 4693 1666 4736 erat
1701 4681 1967 4745 Christus,
1997 4683 2257 4753 quemad-

2359 4681 2474 4735 ἐστι
2496 4683 2586 4736 τὸν
2607 4685 2872 4748 Χριστόνο
2911 4687 2948 4754 ἠ
2974 4685 3082 4756 γὰρ
3106 4685 3292 4755 πέτρα
3322 4682 3402 4756 ἦν
3432 4687 3464 4738 ὁ
3502 4685 3761 4753 Χριστὸς
3788 4725 3802 4748 ,
3833 4701 3919 4736 κα-

696 4770 916 4825 modum
952 4774 1082 4828 dicit
1112 4767 1404 4844 Apostolus
1434 4778 1501 4830 '9.

1440 4778 1501 4830 ’⁵.
2360 4775 2465 4839 θὼς
2485 4777 2630 4845 λέγει
2655 4781 2682 4830 ὁ
2720 4777 3057 4842 Ἀπόστολος.

715 4866 772 4935 6)
802 4869 1102 4938 Explicatio
1146 4869 1286 4926 tituli
1324 4870 1478 4939 hujus
1516 4870 1707 4938 psalmi
1743 4870 1882 4923 deest
1922 4870 1975 4922 in
2013 4870 2188 4922 codice
2237 4869 2542 4933 Barberino,
2577 4870 2804 4938 forsitan
2839 4872 2964 4941 quia
3007 4871 3187 4926 eadem
3226 4879 3300 4924 est
3351 4878 3509 4939 atque
3553 4869 3920 4933 antecedentis,

1349 4965 1582 5019 videlicet
1615 4984 1630 5020 :
1662 4965 1907 5020 Psalmus
1942 4963 2129 5030 David,
2161 4965 2256 5018 hoc
2293 4977 2370 5019 est
2401 4982 2561 5020 mantt
2595 4965 2742 5034 forti,
2780 4982 2959 5037 nempe
2990 4967 3086 5020 Dei
3125 4965 3284 5019 Filio.

771 5060 820 5115 1.
849 5059 1089 5130 Populus
1109 5076 1320 5129 eorum,
1346 5064 1438 5132 qui
1465 5063 1746 5117 illuminati
1775 5070 1901 5118 sunt
1933 5062 2094 5117 dicit:
2124 5061 2256 5114 Tra-

2435 5063 2486 5116 1.
2537 5063 2592 5116 ’0
2619 5065 2745 5126 λαὸς
2773 5064 2879 5118 τῶν
2907 5061 3287 5134 φωτιζομένων
3308 5060 3456 5128 λέγει
3478 5079 3489 5090 ν
3529 5060 3832 5115 Ἐκδέδωκά
3853 5077 3918 5113 σοι

693 5150 805 5204 didi
841 5167 926 5206 me
953 5153 1128 5222 ipsum
1162 5152 1277 5207 tibi.

997 5168 1128 5208 rsum
1162 5152 1277 5207 tibi.
2363 5156 2614 5225 ἐμαυτόν.

765 5266 853 5320 "l
889 5267 1012 5323 Cor.
1042 5286 1098 5331 ι.
1138 5275 1203 5329 ι.

1647 5385 1951 5446 Addenda
1986 5393 2045 5447 et
2079 5385 2453 5465 corrigenda
2484 5402 2560 5447 ex
2603 5383 2742 5445 cod.
2775 5383 2974 5445 Vatic.

772 5526 852 5650 (1ξ
882 5525 1198 5598 Ἀμαρτίαις
1233 5527 1328 5592 ῶν,
1365 5531 1459 5580 ἐὰν
1489 5528 1829 5598 ὲπιλάθωμαί
1869 5545 1981 5591 σου,
2014 5537 2116 5582 etc.
2439 5526 2514 5592 (τί)
2546 5522 2879 5586 Βαϐυλῶνος.

772 5595 830 5650 (2
886 5597 1113 5650 Πνεῦμα
1145 5599 1310 5650 αὐτοῦ
1359 5600 1581 5650 νάοιτος
1601 5639 1615 5650 .
1662 5611 1766 5650 etc.
1799 5599 2116 5650 Πνεύιιατόε
2167 5617 2258 5650 σου
2441 5597 2515 5650 l5)
2546 5595 2656 5648 Καὶ
2685 5594 2992 5650 συντρίψεις
3019 5593 3076 5646 αὖ

772 5591 852 5665 (2i
886 5591 1113 5669 Πνεῦμα
1145 5591 1320 5653 αὐτοῦ
1359 5600 1615 5672 χάριτος,
1662 5591 1766 5654 etc.
1799 5599 2116 5669 Πνεύματός
2167 5617 2258 5651 σου
2546 5595 2656 5672 551'!-
2685 5591 3206 5672 thPEQHCﬂWé-‘i
3235 5601 3373 5672 βιςο-
3408 5661 3420 5672 ι
3485 5661 3510 5672 _

695 5661 790 5743 etcf
1037 5661 1048 5669 '
1314 5661 1391 5743 _'j
1438 5661 1462 5743 ἶ
1564 5661 1609 5743 ί
1810 5741 1844 5743 _
1889 5740 1900 5743 _
1949 5661 1966 5743 ἶ
2098 5661 2107 5662 “
2164 5741 2172 5743 _
2234 5741 2240 5743 Α
2439 5661 3911 5743 {61'}!morientum???”“difﬁiﬁw‘ia‘ﬁ‘i

771 5742 844 5815 (3)
873 5745 1170 5815 Ἐκλεῖπον,
1195 5753 1295 5815 etc.
1313 5740 1715 5815 Τῶν-λεγόντων
1737 5759 1748 5770 ·
1794 5740 2067 5814 Ἐκλεῐπῃ,
2099 5741 2259 5794 ἐκλείσ
2369 5731 2610 5815 περιέχει
2639 5751 2650 5764 ·
2671 5731 3164 5815 ’Τιξξ-ςαϐιξκτοῧτ
3199 5731 3342 5788 ἔστιν
3368 5731 3445 5803 τῷ
3468 5731 3644 5804 ἱκανῷ
3675 5737 3739 5804 τῇ
3769 5731 3912 5803 χειρί·

704 5804 805 5884 πῃ,
829 5804 933 5871 ἒῑο.
963 5815 1071 5885 Τῆς
1102 5812 1301 5866 ἄνωθεν
1329 5804 1608 5879 γενέσεώς,
1642 5821 1741 5864 etc.
2020 5804 2046 5814 ”
2371 5804 2606 5876 λέγωδὴ
2630 5805 2706 5875 τῷ
2736 5805 2848 5875 Υἱῷ
2879 5804 2971 5858 τοῦ
2999 5804 3132 5857 Θεοῦ
