4094 6322
166 397 319 455 1277
1011 399 1097 453 DE
1135 399 1408 457 TITULIS
1447 399 1783 457 PSALMORI

1771 401 1887 457 ΒΜ,
1921 433 1973 443 -
2017 400 2208 456 Ρδλι..
2251 399 2558 455 CXXXVII.
3251 399 3381 456 1278

235 515 295 568 2.
327 513 429 569 Καὶ
453 515 690 568 ἐναντίον
717 515 959 584 ἀγγέλων
991 514 1146 584 ψαλῶ
1169 533 1247 569 σοι
1273 537 1283 551 ε
1758 524 1798 580 Α

1758 524 1798 580 Α
1901 519 1957 573 2.
1993 517 2059 574 Et
2090 518 2142 572 in
2183 529 2472 588 conspectu
2511 517 2822 588 angelorum
2850 517 3074 588 psallam
3105 517 3238 575 tibi:

237 605 296 661 3.
333 607 451 660 Ὀτι
483 607 718 677 ἠκουσας
763 608 936 661 πάντα
967 607 1036 660 τὰ
1063 609 1280 680 ῥήματα
1319 611 1408 662 τοῦ
1466 611 1725 680 στόματός

1561 612 1725 680 pato;
1899 611 1950 664 3.
1991 610 2255 677 Quoniam
2285 610 2481 664 audisti
2509 609 2689 663 omnia
2721 609 2878 662 verba
2906 608 3017 664 oris
3048 609 3172 663 mei.

159 714 298 767 μου.

241 786 295 843 ι.
331 787 696 861 Προσκυνήσω
720 790 854 862 πρὸς
892 789 1015 842 ναὸν
1042 791 1194 860 ἆγιόν
1221 809 1311 844 σου
1329 808 1340 820 ⁸

1906 795 1951 847 1.
1988 792 2240 846 Adorabo
2268 791 2332 844 ad
2363 789 2615 859 templum
2646 795 2891 844 sanctum
2927 797 3074 842 tuum
3100 806 3111 840 :

242 879 296 935 5.
332 881 438 934 Kal
470 880 926 954 ὲξομολογήσομαι
954 884 1027 955 τῷ
1049 883 1268 956 ὀνόματί
1294 901 1386 936 σου
1409 925 1423 947 ,

1142 883 1268 956 pati
1294 901 1386 936 σου
1409 925 1423 947 ,
1904 879 1955 934 5.
1989 878 2054 932 Ει
2082 879 2373 932 conﬁtebor
2409 878 2614 931 nomini
2643 885 2755 943 tuo,

241 971 296 1026 6.
345 973 464 1027 Ἐπὶ
492 973 568 1045 τῷ
601 973 738 1027 ἐλέει
769 993 861 1028 σου
886 976 979 1028 καὶ
1012 979 1075 1046 τῇ
1116 974 1342 1047 ἀληθεία
1372 992 1463 1028 σου
1485 991 1500 1004 ·

1901 972 1952 1024 6.
1993 969 2166 1040 Super
2191 969 2557 1024 misericordia
2587 979 2699 1034 tua,
2727 977 2780 1022 et
2808 969 3027 1024 veritate
3051 975 3138 1022 tua
3163 985 3175 1020 :

241 1065 296 1119 7.
327 1062 448 1119 Ὅτι
477 1065 810 1138 ἐμεγάλυνας
839 1067 930 1120 ἐπὶ
959 1069 1065 1121 πᾶν
1101 1067 1350 1140 [πάντας]
1392 1069 1453 1121 τὸ
1473 1068 1639 1138 ὄνομα
1671 1065 1730 1122 τὸ

1902 1063 1952 1119 7.
1976 1063 2242 1130 Quoniam
2272 1060 2626 1132 magnificasti
2656 1075 2818 1130 super
2843 1075 3003 1115 omne
3027 1057 3258 1131 [omnes]
3285 1073 3381 1113 no-

158 1158 336 1227 ἅγιόν
356 1175 467 1212 σου.

1830 1174 1950 1214 men
1976 1165 2220 1212 sanctum
2253 1165 2427 1210 tuum.

239 1253 294 1304 8.
342 1250 428 1302 Ἐν
545 1249 611 1304 ἂν
643 1251 824 1323 ἡμέρα
857 1253 1244 1324 ὲπικαλὲσομαί
1302 1269 1358 1305 σε
1384 1294 1397 1316 ,
1428 1252 1563 1324 ταχυ
1629 1254 1730 1306 ἑπ-

1900 1251 1948 1305 8.
1975 1249 2030 1304 1η
2061 1263 2384 1318 quacunquc
2403 1247 2491 1304 die
2517 1251 2835 1307 invocavero
2854 1256 2926 1313 te,
2952 1247 3208 1302 velociter
3228 1260 3384 1300 exau-

155 1340 399 1394 ἀκουσόν
422 1360 541 1413 μουο

422 1360 541 1413 μου’
1829 1347 1880 1400 di
1910 1361 1994 1400 me
2019 1363 2030 1396 :

237 1434 292 1489 9.
327 1435 698 1509 Πολυωρήσεις
733 1458 798 1511 με
830 1445 885 1494 ὲν
909 1443 1050 1512 ψυχῇ
1095 1459 1194 1512 μου
1221 1442 1444 1512 δυνάμει
1473 1460 1586 1495 σου.

1905 1441 1958 1490 9.
1991 1436 2368 1505 Multiplicabis
2394 1453 2479 1491 me
2517 1438 2568 1490 in
2600 1439 2779 1492 anima
2814 1451 2930 1491 mea
2956 1436 3151 1488 virtute
3183 1443 3287 1487 tua.

239 1526 328 1581 10.
376 1529 984 1601 Ἐξομολογησάσθωσάν
1040 1551 1163 1599 σοι,
1207 1535 1376 1605 Κύριε
1403 1575 1416 1597 ,
1453 1537 1648 1597 πάντες
1681 1535 1729 1587 οί

1907 1530 1990 1584 10.
2028 1530 2396 1584 Conﬁteantur
2432 1531 2548 1595 tibi,
2580 1529 2805 1584 Domine
2826 1570 2841 1593 ,
2873 1543 3059 1583 omnes
3095 1542 3243 1595 reges
3274 1537 3383 1579 tero

158 1619 409 1689 βασιλεῖς
436 1624 534 1693 τῆς
565 1628 666 1696 γῆς
686 1643 699 1656 ·
1832 1640 1903 1678 ra:
1929 1643 1941 1678 :

241 1710 328 1765 11.
361 1711 485 1767 Ὀτι
513 1715 750 1783 ἥλωσαν
784 1717 958 1770 πάντα
987 1718 1055 1774 τὰ
1085 1719 1301 1788 ῥήματα
1339 1717 1432 1770 τοῦ
1469 1718 1730 1785 στόματός

1526 1718 1730 1785 ’όματός
1907 1715 1995 1770 11.
2031 1715 2168 1781 Quia
2198 1715 2484 1769 andierunt
2512 1713 2690 1769 omnia
2723 1713 2885 1768 verba
2913 1714 3022 1768 oris
3051 1714 3143 1767 tui.

157 1818 264 1856 σου

240 1889 324 1942 12.
361 1891 464 1942 Kal.
494 1892 778 1960 ᾁσάτωσαν
813 1897 868 1949 ὲν
895 1899 1008 1960 ταῖς
1039 1898 1176 1962 ὁδοῖς
1198 1897 1400 1970 Κυρίου
1427 1897 1584 1970 [ὁδοῖς
1609 1916 1724 1965 σου,
1757 1870 1800 1928 Β

1760 1870 1800 1928 Β
1903 1897 1987 1952 12.
2017 1897 2080 1953 Ει
2110 1907 2325 1953 cantent
2343 1899 2395 1951 in
2423 1897 2526 1951 viis
2545 1894 2758 1951 Domini
2786 1893 2914 1966 [viis
2940 1895 3068 1956 tuis,
3094 1889 3336 1965 Domine]
3363 1909 3377 1946 .'

156 1980 280 2050 K13;
295 1981 362 2052 ιε]
385 1999 396 2010 ·

234 2072 325 2127 13.
360 2076 477 2127 Ὅτι
510 2079 715 2148 μεγάλη
741 2081 772 2148 ἡ
801 2079 923 2142 δόξα
945 2079 1167 2150 Κυρίου.

1904 2077 1987 2131 15.
2025 2074 2290 2141 Quoniam
2324 2087 2514 2144 magna
2540 2080 2624 2127 est
2651 2071 2819 2143 gloria
2843 2067 3070 2123 Domini.

233 2164 325 2218 14.
355 2165 474 2220 Ὀτι
504 2168 702 2238 ὑψηλὸς
726 2168 946 2239 Κύριος,
978 2170 1070 2223 καὶ
1102 2169 1169 2223 τὰ
1199 2171 1422 2224 ταπεινὰ
1449 2171 1650 2244 ἐφορᾷ*

1902 2168 1988 2222 14.
2006 2166 2271 2232 Quoniam
2288 2165 2536 2220 excelsus
2550 2163 2829 2227 Dominus,
2844 2171 2895 2215 et
2910 2159 3129 2214 humilia
3143 2156 3377 2229 respicit:

232 2256 324 2312 15.
357 2257 467 2312 Kal.
495 2259 563 2312 τὰ
588 2260 765 2331 ὑψηλὰ
802 2261 909 2315 ἀπὸ
943 2264 1214 2335 μακρόθεν
1242 2263 1516 2332 γινώσκει.

1192 2279 1214 2316 ν
1242 2263 1516 2332 γινώσκει.
1903 2261 1990 2316 15.
2023 2259 2089 2314 Et
2121 2260 2224 2314 alta
2264 2276 2294 2314 a
2325 2260 2481 2329 longe
2520 2256 2809 2328 cognoscit.

1277 2432 1650 2488 ATHANASII
1690 2431 2273 2488 INTERPRETATIO.

226 2587 285 2641 2.
320 2585 421 2642 Kal
462 2590 553 2643 ἐπὶ
584 2589 692 2642 τῶν
739 2590 907 2659 ἁγίων
940 2591 1184 2660 ἀγγέλων
1212 2589 1318 2645 τῶν
1363 2589 1726 2662 παρεστώτων

1889 2588 1940 2642 2.
1979 2584 2041 2640 cit
2093 2586 2229 2638 inter
2281 2593 2501 2638 sanctos
2554 2597 2772 2654 angelos
2826 2593 3063 2639 astantes
3113 2583 3220 2639 luei
3277 2592 3380 2637 tua:

146 2680 234 2750 τῷ
268 2682 575 2753 φωτίσματί
601 2701 692 2736 σου
718 2683 1009 2754 ἁνυμνήσω
1040 2701 1119 2736 σε.

620 2701 692 2736 που
718 2683 1009 2754 ἁνυμνήσω
1040 2701 1119 2736 σε.
1822 2677 2134 2750 glorificabo
2170 2687 2237 2731 te.

230 2771 285 2824 5.
319 2772 438 2824 Ὀτι
470 2772 770 2843 προσεδέξω
785 2773 880 2842 τὴν
902 2772 1283 2844 ἐξομολόγησιν
1303 2790 1431 2843 μου,
1457 2772 1551 2828 καὶ
1574 2773 1729 2843 ﬁgim-

1896 2771 1950 2826 ὅ.
1989 2769 2257 2836 Quoniam
2293 2768 2546 2838 accepisti
2579 2768 2973 2824 confessionem
3003 2784 3194 2833 meam,
3217 2780 3269 2822 et
3295 2768 3347 2822 di

149 2862 257 2923 σάς
294 2879 360 2932 με
395 2863 491 2932 τῆς
523 2864 736 2934 χάριτός
762 2879 875 2916 σου.

1821 2871 2019 2934 gnatus
2045 2877 2104 2916 es
2137 2875 2224 2914 me
2253 2861 2425 2930 gratia
2454 2872 2565 2914 tua.

230 2964 286 3006 4.
321 2954 584 3006 Εἰσελθὼν
609 2956 666 3006 ἐν
693 2953 770 3024 τῷ
803 2955 876 3023 (1)
911 2955 1048 3026 ἁγίῳ
1078 2957 1192 3026 ναῷ
1237 2973 1330 3010 σου
1367 2955 1727 3025 προσκυνήσω
1751 2985 1795 3044 c

1766 2985 1795 3044 Β
1897 2953 1949 3007 4.
1984 2953 2293 3024 Ingrediens
2321 2953 2374 3006 in
2403 2953 2659 3022 templum
2689 2963 2932 3007 sanctum
2967 2962 3115 3006 tuum
3151 2953 3383 3006 adorabo

148 3062 264 3107 σοι,
299 3045 435 3115 μετὰ
459 3046 518 3098 τὸ
555 3045 885 3115 φωτισθῆναί
916 3063 1002 3116 με.

1828 3053 1899 3110 te,
1937 3055 2223 3117 postquam
2253 3046 2591 3101 illuminatus
2619 3045 2792 3101 fuero.

228 3138 282 3192 5.
319 3139 423 3191 Kal.
456 3138 831 3210 ἐξομολογήσω
870 3138 944 3208 (2)
978 3136 1211 3207 ἐμαυτὸν
1255 3137 1612 3190 δεδουλῶσθαι
1645 3132 1726 3205 τῷ

1891 3133 1945 3190 5.
1980 3133 2050 3190 Et
2078 3135 2377 3190 conﬁtebor
2401 3177 2415 3201 ,
2440 3152 2524 3190 me
2557 3137 2730 3207 ipsum
2762 3151 2975 3190 servum
3010 3150 3129 3190 esse
3153 3135 3382 3187 nominis

145 3229 385 3300 ὀνόματί
414 3246 503 3282 σου
526 3268 540 3291 ,
1823 3228 1898 3283 ιιιί
1923 3268 1937 3292 ,

229 3321 284 3375 6.
311 3321 406 3374 Διὰ
425 3321 483 3374 τὸ
507 3321 653 3385 ἔλεός
676 3339 791 3384 σου,
816 3321 910 3374 καὶ
929 3322 1026 3394 τὴν
1047 3322 1299 3395 ἀλήθειάν
1324 3339 1436 3386 σου,
1457 3321 1522 3391 ἣν
1547 3319 1731 3390 ἐποίη-

1893 3320 1946 3376 6.
1994 3318 2224 3390 Propter
2285 3319 2714 3373 misericordiam
2763 3326 2907 3368 tuam
2938 3353 2953 3379 ,
3011 3321 3063 3366 et
3105 3311 3380 3364 veritatem

151 3430 262 3477 σας
293 3416 373 3477 είς
408 3415 520 3485 ἐμέ.

1823 3420 1972 3468 tuam
1999 3455 2014 3479 ,
2050 3428 2212 3482 quam
2245 3412 2415 3465 lecisti
2449 3413 2500 3463 in
2534 3426 2638 3464 me.

232 3503 287 3555 7.
313 3502 435 3556 Ὀτι
458 3503 549 3555 καὶ
572 3503 662 3555 ἐπὶ
689 3503 762 3570 (5)
787 3505 988 3566 πάντας
1015 3502 1322 3567 δεδόξασται
1346 3501 1406 3552 τὸ
1421 3500 1589 3553 δνοιιά
1606 3516 1721 3554 σου.

1895 3499 1942 3553 7.
1976 3499 2244 3565 Quoniam
2281 3508 2337 3552 et
2365 3514 2528 3567 super
2574 3513 2763 3553 omnes
2794 3495 3147 3567 gloriﬁcatum
3177 3503 3260 3546 est
3287 3508 3383 3544 nu-

1827 3608 1947 3648 men
1981 3601 2152 3644 tuum.

229 3674 285 3729 8.
302 3674 419 3743 ’Acp’
435 3668 495 3727 οὗ
518 3672 753 3743 ἠξίωσας
782 3691 846 3744 με
870 3674 968 3743 τῆς
989 3675 1277 3739 υἱοθεσίας,
1311 3675 1468 3746 μόνον
1489 3675 1596 3746 βοῶ
1610 3675 1685 3746 (4)
1707 3691 1724 3703 '

1895 3683 1948 3737 8.
1982 3681 2058 3736 Ex
2093 3697 2200 3752 quo
2230 3681 2482 3751 dignatus
2517 3694 2577 3733 es
2613 3692 2698 3731 me
2728 3676 3016 3744 adoptione
3043 3714 3057 3738 ,
3119 3676 3207 3728 vix
3255 3675 3381 3730 dum

145 3767 351 3835 Πάτερ
376 3763 561 3835 ἡμῶν,
586 3769 616 3820 ό
632 3767 700 3819 ἐν
721 3767 844 3832 τοῖς
865 3766 1160 3835 οὐρανοῖς,
1181 3766 1338 3830 εὐθὺς
1360 3767 1573 3830 ἀκούεις
1601 3783 1720 3836 μου.

1826 3776 1998 3830 clamo
2032 3794 2045 3830 :
2079 3773 2240 3828 Pater
2270 3785 2465 3838 noster,
2504 3773 2593 3843 qui
2630 3787 2682 3826 es
2724 3771 2780 3824 in
2811 3769 2985 3824 caelis‘
3013 3808 3027 3832 ,
3071 3769 3252 3823 statim
3298 3784 3383 3822 me

1824 3868 2069 3923 exaudis.

221 3945 278 4000 9.
313 3946 404 4009 Είς
431 3947 499 3998 τὰ
534 3946 639 4017 ὕψη
677 3947 901 4000 ἐντολῶν
934 3965 1026 4002 σου
1055 3948 1350 4017 ἁναγάγεις
1378 3949 1453 4018 (5)
1485 3950 1583 4021 τὴν
1621 3949 1722 4018 ψυ-

1895 3956 1947 4011 9.
2002 3954 2059 4009 ln
2096 3953 2407 4009 altitudines
2439 3957 2827 4020 praeceptorum
2884 3957 3100 4002 tuorum
3151 3945 3381 4000 deduces

144 4041 258 4110 χήν
287 4055 388 4108 μου
421 4041 485 4108 τῇ
520 4038 741 4110 δυνάμει
775 4057 887 4094 σου.

1833 4048 2071 4102 animam
2107 4061 2279 4100 meam
2308 4045 2506 4097 virtute
2539 4051 2646 4094 tua.

231 4130 319 4184 10.
349 4128 634 4194 Δοξάσουσί
671 4149 738 4201 με
770 4131 968 4195 πάντες
998 4133 1046 4184 οἱ
1080 4132 1500 4194 πεπιστευκότες
1533 4134 1613 4195 είς
1642 4133 1720 4187 σέ.

1897 4139 1985 4195 ιο.
2013 4135 2404 4192 Gloriticabunt
2434 4143 2487 4186 te
2514 4145 2722 4195 omnes,
2753 4130 2844 4198 qui
2873 4129 2924 4181 in
2950 4138 2997 4181 te
3018 4126 3378 4182 crediderunt.

230 4224 320 4277 11.
354 4223 476 4278 Ὀτι
502 4205 765 4293 ἐδέξαντο,
801 4224 893 4277 καὶ
917 4223 1236 4295 ὲπλήρωσας
1266 4223 1342 4295 (6)
1376 4224 1516 4294 ἆπερ
1545 4225 1725 4290 αὐτοῖς

1897 4229 1984 4284 11.
2014 4228 2152 4296 Quia
2183 4231 2506 4294 acceperunt
2570 4231 2622 4278 et
2655 4221 2972 4291 implevisti,
3009 4236 3126 4288 qua:
3153 4221 3258 4273 illis
3286 4219 3381 4273 de-

143 4315 186 4368 ἀ
197 4313 495 4383 πηγγείλω.
1755 4381 1760 4390 1

488 4353 495 4366 -
1755 4335 1800 4391 ι)
1825 4323 2105 4378 nuntiasti.

232 4406 318 4459 12.
351 4406 457 4459 Καὶ
488 4407 544 4459 ὲν
566 4406 876 4475 ἀγαλλιάσει
909 4407 1134 4479 καρδίας
1153 4407 1517 4478 ἀνυμνήσουσί
1543 4406 1617 4477 (7)
1643 4423 1722 4472 σε,

1895 4415 1985 4468 12.
2021 4413 2087 4467 Ει
2116 4413 2170 4465 in
2217 4408 2577 4464 exsultatione
2611 4406 2791 4462 cordis
2836 4404 3132 4458 laudabunt
3161 4413 3209 4457 te
3231 4441 3246 4466 ,
3277 4401 3383 4457 Do-

144 4497 352 4568 Κύριε·
1821 4507 1982 4561 mine.

231 4593 321 4646 15.
350 4589 472 4645 Ὅτι
498 4591 855 4660 ἀνεκλὰλητός
877 4590 951 4661 (8)
983 4590 1128 4642 ἐστιν
1155 4591 1188 4660 ἡ
1226 4589 1598 4660 φιλανθρωπία
1627 4586 1718 4640 τοῦ

1567 4606 1598 4639 α
1627 4586 1718 4640 τοῦ
1891 4599 1974 4652 15.
2013 4593 2282 4663 Quoniam
2313 4593 2600 4650 ineﬂ'abiiis
2631 4600 2713 4646 est
2741 4591 3044 4661 benignitas
3071 4588 3184 4643 Dei.

139 4685 316 4739 Θεοῦ.

229 4777 319 4831 14.
349 4777 469 4832 Ὀτι
495 4778 765 4842 τοσοῦτος,
808 4779 902 4830 καὶ
929 4775 1243 4848 τηλικοῦτος
1269 4774 1343 4827 ὣν
1363 4816 1377 4839 ,
1413 4776 1505 4828 καὶ
1534 4790 1720 4826 κατοι-

1889 4779 1972 4832 14.
1998 4777 2261 4845 Quoniam
2289 4779 2430 4842 talis,
2460 4788 2516 4833 et
2540 4787 2722 4833 tantus
2749 4776 3038 4836 exsistens,
3068 4783 3123 4828 et
3150 4774 3203 4827 in
3228 4772 3378 4827 caelis

139 4871 268 4928 κῶν
294 4872 351 4924 ἐν
379 4874 490 4934 τοῖς
521 4872 765 4942 οὐρανοῖς
785 4912 797 4933 ,
832 4870 1084 4944 πρόνοιαν
1115 4869 1334 4939 ποιῆσαι
1363 4868 1437 4938 (9)
1466 4869 1721 4938 ἁμαρτω-

1818 4874 2102 4938 habitans,
2133 4887 2316 4927 curam
2351 4873 2494 4943 geris
2522 4870 2588 4925 de
2634 4867 3004 4940 peccatoribus
3028 4906 3043 4931 ,
3086 4880 3150 4920 ac
3183 4864 3378 4918 vilibus

138 4964 282 5027 λῶν,
318 4964 410 5016 καὶ
437 4963 702 5017 ταπεινῶν
740 4962 1063 5034 ἀνθρώπων,
1095 4961 1374 5016 τουτέστιν
1404 4961 1576 5032 ἡμῶν.

1013 4979 1063 5028 ν,
1095 4961 1374 5016 τουτέστιν
1404 4961 1576 5032 ἡμῶν.
1817 4966 2162 5029 hominibus,
2200 4965 2302 5019 hoc
2340 4972 2424 5018 est
2455 4963 2627 5018 nobis.

229 5056 318 5111 15.
337 5057 444 5110 Kal.
466 5058 588 5120 τοὺς
614 5057 799 5124 ἁγίους
817 5057 925 5125 (10)
949 5053 1054 5109 ἀπὸ
1082 5054 1494 5126 προκαταὸο).ἧς
1515 5054 1718 5122 κόσμου

1893 5058 1980 5111 15.
2013 5057 2077 5110 Ει
2113 5067 2331 5113 sanctos
2365 5072 2394 5110 a
2443 5055 2830 5110 constitutione
2865 5050 3050 5105 mundi
3088 5046 3376 5119 praescivit.

139 5147 429 5221 προέγνω,
470 5150 561 5201 καὶ
596 5146 916 5219 προώρισεν.
1817 5157 1870 5204 et
1900 5150 2319 5207 Drmdestinavit.

227 5296 242 5326 ⁸
281 5288 469 5345 Matth.
505 5304 578 5352 vr,
611 5286 662 5340 9.

1096 5396 1406 5458 Addenda
1436 5405 1500 5459 et
1529 5397 1897 5476 corrigenda
1934 5417 2010 5459 ex
2039 5401 2176 5460 cod.
2212 5399 2412 5460 Vatic.

447 5549 523 5625 τις)
552 5547 663 5618 ναῷ
687 5565 778 5602 σου
799 5547 876 5619 τῷ
899 5548 1057 5618 ἁγίῳ.
1091 5558 1196 5603 etc.
1993 5550 2520 5625 _‘E1:‘A'I;pwaav_&1:ep
2547 5550 2729 5611 αὐτοῖς
2757 5548 3024 5603 Eventu).

218 5620 302 5691 ('2)
333 5620 705 5693 Τομολογήσςυο
868 5690 878 5693 ,
931 5690 940 5693 ,
1023 5688 1041 5693 ,

1023 5688 1041 5693 -
1082 5689 1097 5693 _
1121 5689 1160 5693 __
1885 5620 1961 5692 (7)
1992 5620 2364 5693 ’Λνυμνήσωσί
2391 5636 2470 5681 σε,
2493 5620 2624 5693 εις..

219 5688 303 5764 (3)
482 5688 606 5753 colar,-
636 5690 991 5764 αμαρτωᾏοῦς
1018 5688 1344 5755 δεδόξασται,
1365 5698 1468 5764 etc.
1566 5761 1573 5764 _

1279 5706 1344 5753 ιι,
1365 5698 1468 5764 etc.
1566 5761 1573 5764 _
1886 5688 1960 5764 (8)
1989 5688 2380 5754 ’Λνὲκλεὶπτος,
2405 5701 2531 5764 ete.,
2553 5689 2646 5744 τοῦ
2670 5690 2896 5759 Κυρίου.

223 5699 303 5764 (3)
332 5699 452 5745 Ἐπὶ
482 5699 606 5753 τοὺς
636 5699 991 5760 ἁμαρτωλοὺς
1018 5699 1344 5755 δεδόξασται,
1365 5699 1468 5744 etc.

223 5763 305 5828 ιι)
338 5762 526 5831 Bonam
559 5761 694 5831 πρὸς
729 5762 786 5813 σέ
806 5779 819 5791 ·
850 5760 1029 5829 Πάτερ
1062 5777 1184 5828 μου,
1218 5770 1344 5822 ειε..
1378 5760 1607 5814 ἄκουσόν
1627 5777 1689 5829 με

1081 5699 1344 5755 δόξασται,
1365 5699 1468 5744 etc.
1886 5699 1940 5760 (8
1989 5699 2380 5754 ’Λνέκλειπτος,
2405 5701 2531 5755 ete.,
2553 5708 2646 5744 του
2670 5699 2698 5743 ll

1081 5777 1184 5824 ιου,
1218 5770 1344 5822 etc.,
1378 5760 1607 5814 ἄκουσόν
1627 5777 1689 5829 με
1883 5699 1960 5832 (9)
1983 5764 2242 5830 Καταξιοῖ
2271 5761 2569 5832 ποιεῖσθαι,
2593 5774 2698 5814 etc.

221 5833 304 5907 (5)
339 5833 621 5899 Ἀνάῖοαγε.
1887 5834 1995 5902 (10)
2036 5835 2246 5903 Ἀγίους
2278 5833 2439 5888 αὐτοῦ
2472 5831 2592 5903 πρό.
2629 5840 2732 5886 etc.
