4094 6322
709 347 844 403 12⁸79
1540 344 1599 401 ε.

776 463 860 518 16.
895 462 950 517 Si
985 464 1332 517 ambulavero
1375 465 1426 516 in
1458 464 1633 516 medio
1666 461 2025 516 tribulationis
2047 502 2060 526 ,
2093 459 2264 514 viviﬁ-
2295 465 2340 518 Α

703 557 851 611 cabis
879 571 965 610 me
989 574 1002 609 :

774 648 860 700 17.
891 646 1062 715 Super
1113 647 1248 699 iram
1300 643 1646 698 inimicorum
1686 658 1928 697 meorum
1978 642 2265 698 ostendisti

701 753 898 792 manus
929 745 1049 790 tuas
1083 736 1327 807 [manum
1366 733 1539 803 tuam]
1570 753 1581 786 :

773 830 858 883 18.
899 829 962 883 Et
988 830 1195 883 salvum
1224 843 1308 881 me
1333 827 1458 883 fecit
1482 829 1698 882 dextera
1735 838 1848 882 tua.

773 921 859 975 19.
897 921 1157 975 Dominus
1186 921 1446 975 retribuet
1473 935 1569 988 pro
1605 937 1686 974 me
1716 938 1729 974 :

767 1014 857 1067 2U.
885 1013 1130 1080 Domine,
1161 1014 1529 1068 misericordia
1562 1025 1652 1067 tua
1679 1014 1730 1067 in
1776 1013 2053 1070 saeculum.

767 1105 856 1158 21.
887 1103 1060 1174 Opera
1094 1123 1349 1160 manuum
1393 1118 1606 1161 tuarum
1639 1123 1701 1160 ne
1741 1106 2030 1177 despicias.

769 1194 834 1250 In
874 1198 1025 1262 ﬁnem
1047 1215 1064 1251 :
1087 1197 1327 1253 Psalmus
1363 1199 1548 1254 Dat-id.
1577 1199 1777 1254 PSAL.
1811 1198 2012 1255 CXXX
2032 1195 2196 1256 γΙΠ.

772 1290 822 1343 1.
851 1289 1074 1345 Domine
1102 1333 1115 1355 ,
1148 1292 1387 1359 probasti
1422 1307 1527 1356 me,
1558 1301 1610 1347 ct
1636 1294 1930 1362 cognovisti
1968 1309 2052 1346 me
2079 1310 2092 1346 :

769 1383 820 1435 2.
858 1382 935 1435 Tu
965 1382 1262 1451 cogn0visti
1291 1384 1586 1440 sessionem
1612 1400 1785 1439 meam
1807 1425 1821 1447 ,
1847 1398 1898 1439 et
1924 1383 2269 1440 resurrectio-

702 1489 822 1527 nem
858 1488 1050 1524 11103111.

771 1566 822 1619 5.
863 1564 1174 1618 Intellexisti
1210 1562 1566 1632 cogitationes
1601 1577 1749 1616 meas
1781 1563 1844 1616 de
1877 1564 2050 1634 longe.

772 1656 823 1708 4.
852 1653 1110 1708 Semitam
1144 1670 1317 1708 meam
1349 1663 1402 1708 et
1432 1653 1733 1707 funiculum
1766 1671 1943 1710 meum
1975 1659 2238 1729 investiga

702 1747 795 1812 sti,

771 1843 823 1896 5.
855 1839 921 1894 Et
955 1855 1144 1893 omnes
1180 1843 1296 1895 vias
1327 1856 1476 1896 meas
1500 1841 1830 1911 praevidisti:

771 1933 823 1987 6.
871 1934 1008 1998 Quia
1043 1950 1147 1986 non
1179 1943 1261 1987 est
1292 1933 1448 1986 dolus
1484 1933 1534 1985 in
1591 1933 1769 2002 lingua
1801 1947 1939 1989 mea.

775 2045 820 2097 7.
860 2043 1015 2110 Ecce,
1060 2045 1301 2111 Domine,
1330 2057 1384 2099 tu
1428 2045 1726 2112 cognovisti
1757 2047 1938 2103 omnia
1972 2052 2264 2110 novissima

702 2148 757 2194 ct
787 2139 1003 2209 antiqua
1034 2157 1045 2191 :

1639 342 2006 398 BTIIANASH
2043 343 2196 398 OPP.
2241 341 2420 397 PARS
2459 342 2545 398 Ill.
2587 372 2656 383 —
2697 338 3100 395 EXEGETICA.

3811 328 3932 385 1280

2444 459 2524 512 16.
2565 458 2686 511 Ἐὰν
2717 452 2962 526 πορευθῶ
2998 453 3054 502 ἐν
3077 447 3222 518 μέσῳ
3245 444 3495 512 θλίψεως.
3524 443 3712 511 ζήσεις
3735 455 3803 506 με
3831 439 3926 504 με

2373 566 2468 618 σῃς
2495 547 2604 617 μή.

2444 641 2526 691 17.
2575 639 2690 691 Ἐπ’
2742 634 2908 705 ὀργὴν
2942 632 3149 701 ἐχθρῶν
3203 648 3300 698 μου
3335 629 3608 693 ἐξέτεινας
3634 623 3826 694 χεῖράς
3859 639 3932 674 σου

2371 727 2550 798 [χεῖρά
2582 726 2717 796 con].

2442 818 2524 870 18.
2560 816 2668 869 Kal
2699 815 2867 868 ἔσωσέ
2906 830 2968 883 με
3006 809 3207 880 ἡδεξιά
3234 824 3346 860 σου.

2444 909 2526 962 19.
2559 908 2758 979 Κύριος
2790 903 3155 959 ἀνταποδώσει
3181 902 3314 973 ὑπὲρ
3342 900 3497 970 ἐμοῦ.

2439 1002 2527 1055 20.
2561 1000 2753 1069 Κύριε,
2779 998 2840 1050 τὸ
2863 997 3009 1058 ἔλεός
3041 1011 3133 1046 σου
3172 996 3251 1055 εἰς
3277 991 3364 1044 τὸν
3395 991 3601 1043 αἰῶνα·

2436 1092 2526 1146 21.
2559 1093 2637 1144 Τά
2665 1092 2798 1162 ἔργα
2827 1089 2934 1140 τῶν
2962 1086 3158 1157 χειρῶν
3201 1101 3290 1136 σου
3323 1083 3394 1153 μὴ
3423 1082 3669 1154 παρίδῃς.

2574 1186 2676 1248 Εἰς
2707 1183 2768 1235 τὸ
2804 1181 2975 1244 τέλος
2998 1178 3075 1242 τῲ
3101 1176 3293 1230 Δαϐίδ.
3327 1179 3495 1228 ΨΑΛ.
3519 1177 3610 1228 ΡΛ
3625 1172 3698 1225 Η¹

2441 1277 2491 1332 1.
2517 1276 2708 1346 Κύριε,
2740 1270 3066 1342 ἐὼκίμασάς
3096 1285 3182 1338 με,
3217 1269 3308 1320 καὶ
3336 1267 3502 1334 ἔγνως
3532 1283 3620 1334 με.

2437 1369 2490 1422 2.
2520 1369 2590 1420 Σὺ
2612 1366 2778 1434 ἔγνως
2798 1365 2894 1434 τὴν
2917 1361 3182 1432 καθέδραν
3215 1379 3312 1430 μου
3336 1359 3426 1413 καὶ
3448 1359 3542 1428 τὴν
3565 1357 3789 1427 ἔγερσίν
3821 1374 3932 1426 μῦν-

2437 1547 2492 1602 5.
2512 1548 2581 1600 Σὺ
2603 1545 2836 1615 συνῆκας
2855 1544 2978 1606 τοὺς
2997 1543 3373 1610 διαλογισμους
3397 1557 3495 1607 μου
3513 1537 3617 1589 ἀπὸ
3640 1536 3931 1607 μακρόθεν·

2437 1640 2492 1694 4.
2518 1641 2628 1710 Τὴν
2652 1637 2835 1710 τρίϐον
2869 1653 2969 1706 μου
3017 1635 3108 1686 καὶ
3140 1632 3341 1701 σ’(οἰνόν
3377 1648 3476 1700 μου
3505 1631 3566 1682 σὺ
3600 1627 3937 1698 ὲξιχνίισαςι

2516 1841 2624 1894 Kal
2651 1842 2828 1904 πάσας
2855 1837 2955 1901 τὰς
2985 1834 3138 1898 ὁδούς
3177 1853 3276 1905 μου
3312 1833 3554 1904 προεῖδες

2444 1934 2492 1986 6.
2533 1933 2654 1984 ’Ὁτι
2675 1930 2773 1983 οὐκ
2794 1928 2905 1983 ἐστι
2935 1926 3082 1988 δόλος
3112 1927 3167 1979 ὲν
3197 1923 3410 1992 γλώσσῃ
3445 1939 3566 1991 μου.

2441 2027 2493 2079 7.
2534 2025 2683 2088 Ἰδοὺ,
2708 2020 2898 2094 Κύριε,
2926 2022 2989 2075 σὺ
3025 2021 3194 2081 ἔγνως
3229 2017 3402 2070 πάντα
3426 2016 3494 2068 τὰ
3525 2015 3728 2085 ἔσχατα
3754 2016 3852 2067 καὶ
3881 2015 3938 2064 τὰ

2372 2121 2569 2190 ἀρχαῖα
2590 2136 2603 2148 ’

1808 2299 2175 2354 ATIIANASII
2218 2302 2277 2352 IN
2300 2290 2796 2352 IERPRETATIO.

777 2413 863 2466 16.
898 2412 952 2465 Si
986 2413 1040 2465 in
1087 2412 1171 2464 via
1208 2418 1433 2480 angusta
1486 2422 1874 2487 praceptorum
1913 2427 2125 2471 tuorum
2153 2433 2266 2470 am-

707 2501 982 2564 bLIavero,
1015 2502 1315 2556 viviﬁcabis
1344 2519 1445 2557 me.

779 2595 860 2646 17.
898 2594 1032 2648 Cum
1089 2595 1293 2648 inimici
1332 2597 1431 2648 mei
1475 2605 1790 2665 quaererent
1817 2611 1901 2647 me.
1940 2599 2264 2660 mter-licere,

704 2688 1002 2756 opitulatus
1027 2703 1085 2741 es
1113 2688 1242 2739 mihi
1281 2702 1374 2754 per
1404 2687 1690 2740 adventum
1725 2696 1900 2740 tuum.

775 2781 855 2834 18.
896 2779 958 2832 Et
988 2781 1197 2834 salvum
1232 2794 1317 2832 me
1350 2778 1476 2832 fecit
1511 2780 1678 2848 gratia
1715 2788 1828 2834 tua.

779 2874 861 2927 19.
895 2872 1156 2926 Dominus
1183 2872 1468 2926 debellabit
1490 2873 1795 2927 contrarias
1819 2881 2117 2943 potestates
2145 2890 2268 2943 pro-

707 2977 824 3034 pter
849 2981 932 3027 ea,
970 2979 1067 3033 pro
1096 2964 1294 3033 quibus
1328 2979 1412 3016 me
1447 2964 1919 3031 impugnavcrunt.

774 3055 863 3108 20.
902 3053 962 3108 Et
995 3070 1269 3124 nunquam
1312 3053 1570 3106 oblivioni
1619 3052 1861 3107 tradetur
1900 3055 2268 3110 misericordia

706 3157 797 3199 tua
826 3146 958 3209 hmc,
993 3162 1155 3213 quam
1189 3145 1362 3198 fecisti
1396 3145 1576 3213 generi
1607 3145 1866 3201 humano.

774 3237 864 3292 21.
897 3236 962 3290 Et
994 3253 1164 3306 usque
1201 3237 1253 3290 in
1286 3237 1444 3290 ﬁnem
1479 3253 1546 3290 ne
1580 3237 1845 3306 despicias
1871 3281 1884 3304 ,
1920 3255 2058 3309 quos
2095 3239 2265 3295 fecisti

707 3329 1000 3385 secundum
1035 3330 1320 3400 imaginem
1358 3339 1524 3383 tuam.

2435 2410 2520 2465 16.
2543 2409 2669 2461 Ἐὰν
2707 2410 2761 2460 ἐν
2789 2409 2855 2477 τῇ
2883 2402 2988 2475 ὁδῷ
3027 2403 3095 2474 τῇ
3125 2404 3283 2472 στενῇ
3306 2401 3412 2455 τῶν
3446 2398 3673 2453 ἐντολῶν
3717 2414 3818 2451 σου
3851 2414 3938 2450 πο-

2366 2500 2564 2572 ρευθῶ,
2596 2499 2778 2568 ζήσεις
2809 2516 2898 2568 με.

2439 2591 2523 2645 17.
2564 2591 2651 2643 Ἐν
2697 2589 2771 2657 τῷ
2821 2589 2945 2650 τοὺς
2991 2584 3216 2657 ἐχθρούς
3253 2601 3353 2654 μου
3385 2581 3570 2654 ζητεῖν
3613 2583 3691 2652 (ll
3742 2599 3815 2652 με.
3847 2580 3935 2634 τοῦ

2366 2685 2591 2746 ἀνελεῖν,
2625 2681 2919 2735 ἀντελὰὁου
2959 2697 3056 2750 μου
3086 2679 3175 2731 διὰ
3199 2679 3292 2748 τῆς
3325 2676 3628 2750 παρουσίας
3663 2693 3775 2729 σου.

2435 2777 2520 2830 18.
2556 2776 2662 2827 Καὶ
2696 2774 2862 2827 ἔσωσέ
2901 2791 2966 2842 με
3001 2774 3033 2841 ἠ
3069 2772 3226 2841 χάρις
3257 2788 3366 2821 σου.

2439 2866 2521 2919 19.
2561 2865 2759 2934 Κύριος
2787 2864 3224 2932 καταπολεμήσει
3249 2862 3343 2923 τὰς
3370 2863 3615 2924 Eun-J1;
3659 2863 3932 2930 δυνάμεις,

2368 2959 2506 3029 ὑπὲρ
2543 2951 2614 3010 ὧν
2645 2956 2986 3026 ὲπολέμησάν
3028 2972 3112 3024 με.

2434 3053 2524 3108 20.
2562 3050 3064 3121 Καὶὰληθὰργητον
3100 3049 3158 3100 τὸ
3189 3046 3331 3108 ἔλεός
3371 3062 3464 3096 σου
3489 3043 3663 3107 τοῦτο,
3693 3045 3720 3094 ὃ
3753 3045 3938 3112 ἐποίη-

2374 3161 2468 3206 σας
2497 3143 2571 3213 τῷ
2601 3143 2744 3210 γένει
2775 3143 2880 3193 τῶν
2918 3139 3234 3210 ἀνθρώπων.

2446 3236 2533 3288 21.
2569 3235 2677 3288 Καὶ
2705 3235 2806 3297 ἕως
2830 3233 3012 3295 τέλους
3046 3234 3117 3302 μὴ
3147 3232 3394 3301 παρίδῃς,
3422 3229 3513 3291 οὒς
3540 3230 3800 3299 ἐποίησας
3823 3230 3936 3280 κατ’

2378 3328 2558 3379 εἰκόνα
2591 3330 2705 3396 σήν.

789 3423 851 3474 'H
893 3424 1224 3493 προκειμένη
1272 3421 1553 3492 ἐπιγραφὴ
1599 3420 1840 3492 περιέχει
1875 3421 1980 3488 (2)·
2013 3421 2115 3484 Εἰς
2151 3422 2215 3474 τὸ
2264 3421 2432 3486 τέλος
2467 3420 2707 3489 grape?
2745 3419 2822 3485 τῷ
2853 3417 3058 3482 Δαϐὶδ,
3104 3419 3238 3486 ὅπερ
3275 3415 3632 3486 ἑρμηνεύεται
3685 3417 3810 3487 περὶ
3855 3420 3938 3469 ἐπ’

709 3516 946 3582 ἐσχάτων
972 3514 1078 3565 τῶν
1100 3513 1316 3583 ἡμερῶν
1349 3513 1650 3582 μελλόντων
1679 3511 1917 3573 ἔσεσθαι,
1945 3511 2157 3582 εἴρηται
2181 3513 2206 3564 ὁ
2235 3511 2441 3581 ψαλμὸς
2469 3511 2547 3576 τῷ
2574 3511 2757 3575 ἱκανῷ
2789 3511 2859 3578 τῇ
2895 3510 3073 3578 χειρὶ,
3101 3508 3175 3579 τῷ
3200 3509 3310 3579 Υἱῴ
3330 3509 3423 3560 τοῦ
3451 3510 3606 3563 Θεοῦ.

779 3607 991 3662 Titulus
1019 3609 1298 3678 appositus
1328 3608 1569 3662 continet
1595 3626 1606 3660 :
1636 3606 1699 3659 In
1720 3607 1873 3675 [mem
1901 3607 2134 3674 psalmus
2178 3606 2371 3674 David,
2404 3609 2550 3677 quod
2580 3609 2965 3676 interpretatur
2993 3607 3058 3661 de
3089 3607 3172 3670 iis,
3205 3606 3294 3674 qui
3325 3605 3377 3658 in
3408 3604 3721 3660 novissimis
3750 3605 3938 3661 diebus

706 3701 872 3756 futuri
914 3711 1071 3765 sunt,
1104 3701 1278 3756 dictus
1304 3711 1387 3755 est
1413 3702 1654 3770 psalmus
1687 3717 1843 3753 manu
1877 3701 2003 3768 forti
2032 3741 2047 3765 ,
2086 3702 2188 3755 hoc
2215 3712 2297 3756 est
2329 3701 2418 3757 Dei
2451 3701 2603 3756 Filio.

779 3795 830 3847 1.
861 3791 1107 3856 Domine,
1132 3794 1445 3847 discernens
1471 3794 1822 3862 cogitationes
1851 3809 2017 3858 meas,
2045 3805 2096 3848 et
2114 3812 2261 3850 tnen-
2291 3803 2331 3858 C

708 3895 816 3940 tem
841 3886 1021 3942 cordis
1042 3886 1147 3940 mei
1172 3887 1493 3956 cognovisti,
1514 3887 1690 3956 qualis
1712 3887 1954 3943 incedam
1980 3905 2162 3943 coram
2193 3901 2259 3945 te.

777 4065 830 4118 2.
868 4065 948 4119 Tu
990 4067 1330 4135 cognovisti,
1372 4085 1494 4138 qua:
1527 4069 1593 4124 sit
1645 4069 1863 4138 requies
1915 4070 2094 4124 cordis
2139 4071 2265 4133 mei,

708 4168 764 4210 et
786 4157 1112 4210 desiderium
1141 4159 1334 4214 animae
1365 4177 1517 4215 meat.

780 4248 831 4301 ’5.
871 4246 949 4300 Tu
990 4248 1306 4318 priusquam
1340 4265 1438 4322 ego
1477 4253 1659 4306 ﬁerem
1686 4290 1700 4314 ,
1733 4253 1938 4305 scn'lsti
1968 4267 2088 4319 qua:
2117 4252 2267 4322 cogi-

708 4348 922 4394 taturus
952 4356 1092 4394 sum.

783 4433 833 4485 1.
870 4430 1348 4487 Conversationem
1380 4449 1555 4488 meam
1589 4435 1641 4489 in
1667 4435 1773 4490 hoc
1799 4437 2031 4499 mundo,
2063 4445 2114 4490 et
2140 4452 2271 4504 qua—

711 4521 843 4574 lium
870 4523 1242 4590 Operationum
1268 4525 1529 4580 bonarum
1560 4543 1665 4591 me,
1689 4543 1755 4581 an
1788 4528 2050 4582 malarum
2077 4530 2270 4582 seriem

711 4613 1023 4683 expleturos
1052 4630 1222 4677 eram,
1259 4616 1337 4669 vel
1369 4634 1486 4671 sum
1517 4618 1569 4670 in
1601 4618 1789 4672 diebus
1821 4619 1976 4678 meis,
2016 4628 2068 4671 tu
2103 4634 2272 4688 usque

713 4706 767 4761 in
803 4707 961 4762 ﬁnem
997 4708 1062 4762 ad
1093 4707 1374 4761 minimum
1407 4710 1602 4764 novisti
1636 4725 1820 4765 earum
1857 4712 2078 4764 exitum.

783 4801 834 4856 5.
867 4802 1122 4858 Actiones
1151 4817 1299 4857 meas
1329 4804 1745 4873 prmcognoscis.

782 4894 832 4949 6.
865 4892 930 4947 Ει
955 4895 1171 4958 novisti,
1203 4895 1344 4965 quod
1375 4911 1481 4950 non
1511 4895 1633 4950 dico
1663 4895 1817 4950 falsa.

785 4986 835 5040 7.
881 4986 960 5040 Tu
996 4989 1140 5042 enim
1193 4988 1372 5043 futura
1426 4999 1479 5044 et
1519 4991 1786 5059 praaterita
1836 4989 2051 5043 novisti.
2108 4987 2274 5041 Aliter

715 5071 873 5127 etiam
932 5083 1104 5142 potest
1155 5077 1452 5131 versiculus
1502 5077 1602 5132 iste
1639 5077 1924 5147 allegorice
1975 5077 2269 5148 explicari;

712 5169 968 5234 quoniam
1013 5171 1309 5225 secundum
1331 5171 1654 5241 Prophetam
1709 5171 1910 5225 dictum
1959 5182 2040 5225 est
2074 5189 2085 5223 :
2118 5169 2270 5233 Ecce,

2378 5175 2457 5226 ὃτι
2484 5175 2622 5226 κατά
2659 5174 2945 5244 Προφήτην
2985 5175 3228 5243 εἴρηται·
3301 5146 3452 5227 Ἰδοὺ
3479 5146 3505 5236 Π,

713 5255 954 5322 Domine,
989 5269 1044 5311 tu
1079 5263 1362 5329 cognovisti
1396 5266 1571 5316 omnia
1609 5264 1918 5323 novissima,
1941 5272 1988 5316 et
2033 5265 2270 5331 antiqua,

717 5348 819 5402 hoc
852 5360 934 5403 est
959 5390 972 5413 ,
1003 5360 1058 5405 tu
1095 5353 1376 5409 habiturus
1401 5370 1458 5409 es
1492 5355 1816 5409 novissimas
1848 5369 2036 5410 omnes
2064 5365 2268 5422 gentes,

713 5449 768 5491 ct
796 5441 1046 5510 antiquas
1076 5443 1380 5502 Judazorum
1411 5448 1716 5518 progenies.

2439 3798 2486 3850 1.
2517 3797 2720 3868 Κύριε,
2756 3795 3037 3865 διακρίνας
3078 3811 3172 3855 τας
3223 3797 3545 3862 ενυυμησεις
3587 3809 3687 3862 μου
3724 3793 3818 3846 καὶ
3847 3793 3940 3864 τὴν

2368 3888 2602 3942 διάνοιαν
2630 3889 2726 3957 τῆς
2756 3886 2978 3948 καρδίας
3007 3903 3107 3953 μου
3142 3885 3311 3950 ἔγνως
3335 3922 3349 3947 ,
3377 3881 3557 3945 ὁποῖος
3595 3882 3938 3954 ἀποϐήσομαι

2371 3980 2597 4032 ἐνώπιον
2634 3997 2748 4032 σου.

2441 4072 2493 4124 2.
2519 4072 2588 4124 Συ
2617 4071 2804 4138 ἔγνως,
2827 4070 2878 4122 τί
2901 4071 3045 4122 ἐστιν
3067 4072 3099 4141 ὴ
3121 4069 3421 4133 ἀνάπαυσις
3441 4070 3541 4140 τῆς
3567 4069 3792 4139 καρδίας
3817 4085 3937 4138 μου,

2371 4167 2464 4217 καὶ
2493 4166 2525 4233 ὴ
2554 4162 2826 4235 προθυμία
2859 4164 2953 4233 τῆς
2993 4162 3166 4232 ψυχῆς
3202 4181 3324 4232 μου.

2439 4257 2491 4309 5.
2527 4256 2598 4308 Σὺ
2626 4255 2730 4325 πρὸ
2763 4254 2853 4308 τοῦ
2892 4272 2956 4324 με
2985 4255 3276 4323 γενηθῆναι
3310 4254 3454 4323 εἶδης
3481 4250 3673 4326 [οἶδας]
3699 4254 3775 4323 (3)
3799 4253 3937 4319 ἅπερ

2375 4349 2554 4420 μέλλω
2583 4347 3000 4417 διαλογίζεσθαι.

2444 4442 2494 4494 Il.
2528 4442 2638 4512 Τὴν
2670 4443 2726 4492 ὲν
2767 4440 2843 4510 τῷ
2889 4441 3075 4510 κόσμῳ
3096 4440 3265 4509 τούτῳ
3298 4439 3642 4508 ἀναστροφήν
3674 4456 3776 4508 μου
3798 4480 3812 4500 ,
3850 4437 3937 4490 καὶ

2373 4531 2570 4583 ὁποίων
2601 4530 2777 4600 ἔργων
2806 4530 3043 4598 ἀγαθῶν,
3074 4531 3105 4600 ἢ
3136 4528 3384 4601 πονηρῶν
3408 4529 3671 4600 ἡμελλον,
3699 4531 3731 4600 ἦ
3767 4529 3939 4599 μέλλω

2373 4622 2608 4674 ἐκτελεῖν
2638 4622 2840 4692 πλοκὴν
2876 4624 2932 4674 ὲν
2960 4625 3080 4684 ταῖς
3104 4623 3330 4700 ἡμέραις
3356 4640 3455 4693 μου
3483 4661 3496 4684 ,
3530 4622 3593 4673 σὺ
3621 4623 3726 4684 ἕως
3759 4621 3936 4682 τέλους

2375 4716 2705 4769 κατάλεπτον
2738 4711 2884 4779 οἶδας
2912 4717 3009 4786 τὴν
3033 4715 3298 4770 ἀπόϐασιν
3326 4715 3523 4768 αὐτῶν.

2446 4808 2498 4860 5.
2535 4809 2644 4871 Τὰς
2669 4808 2745 4878 (4)
2781 4808 3007 4880 πράξεις
3044 4825 3143 4879 μου
3174 4807 3585 4880 προγινώσκεις.

2443 4900 2495 4953 6.
2528 4900 2636 4952 Kal
2659 4896 2822 4966 οἶδας,
2850 4901 2930 4952 ὅτι
2964 4900 3025 4952 οὐ
3049 4899 3190 4966 λέγω
3209 4899 3394 4970 ψευδῆ.

2446 4993 2499 5046 7.
2521 4993 2590 5044 Συ
2612 4992 2717 5063 γὰρ
2737 4992 2806 5045 τὰ
2831 4992 3090 5062 μέλλοντα
3112 4992 3327 5045 ἔσεσθαι
3345 5034 3358 5057 ,
3375 4993 3467 5045 καὶ
3494 4992 3562 5045 τὰ
3589 4991 3842 5059 γεγονότα
3861 4991 3935 5059 (Ξ)

2377 5082 2687 5135 ἐπίστασαι.
2724 5083 2878 5134 Ἐστι
2905 5083 2960 5134 δὲ
2991 5083 3085 5134 καὶ
3108 5082 3278 5146 ἄλλως
3312 5082 3584 5152 θεωρῆσαι
3621 5083 3711 5134 τὸν
3739 5082 3934 5150 στίχον.

3565 5175 3742 5240 Κύριε
3780 5212 3792 5232 ,
3859 5172 3935 5222 σί·

2379 5267 2563 5333 ἔγνως
2580 5264 2772 5318 πάντα
2790 5267 2860 5318 τὰ
2879 5264 3124 5332 ἔσχατα,
3139 5265 3235 5317 καὶ
3257 5263 3324 5317 τὰ
3341 5264 3576 5333 ἀρχαῖα,
3590 5262 3847 5324 τουτέστι,
3876 5278 3935 5311 ευ

2385 5355 2594 5426 μέλλεις
2628 5355 2770 5425 ἔχειν
2806 5356 2983 5409 πάντα
3012 5355 3078 5408 τὰ
3103 5355 3302 5425 ἔσχατα
3331 5353 3458 5423 ἔθνη
3481 5394 3495 5418 ,
3522 5353 3616 5406 καὶ
3647 5353 3714 5406 τὰ
3741 5354 3935 5421 ἀρχαῖα

2377 5446 2484 5499 τῶν
2508 5447 2773 5499 Ἰουδαίων
2802 5446 2931 5516 γένη

1657 5560 1957 5623 Addenda
1987 5568 2045 5621 et
2069 5559 2438 5636 corrigenda
2469 5576 2546 5618 ex
2584 5557 2724 5617 cod.
2758 5557 2935 5618 Vatic

788 5655 862 5788 $1)
893 5660 1081 5780 ngrei'v
1105 5661 1196 5714 τοῦ
1229 5663 1432 5716 ἀνελεῖν
1463 5683 1549 5735 με,
1585 5674 1686 5718 etc.

813 5727 942 5788 2)'H
988 5729 1040 5782 ιά
1057 5732 1152 5788 τῆς
1186 5735 1548 5788 κινναϐάρεως
1578 5753 1681 5788 περ

799 5727 942 5816 ς2)
955 5727 1040 5782 διὰ
1054 5732 1152 5816 τῆς
1186 5727 1548 5816 κινναϐἀρέως
1578 5737 1838 5816 περιέχει,
1868 5748 1948 5794 etc
1980 5780 1991 5804 ν
2020 5740 2141 5808 περὶ
2168 5737 2270 5791 τῶν

725 5805 834 5853 εντ’.
863 5807 989 5865 etc.,
1020 5805 1082 5871 τῇ
1111 5805 1269 5872 χειρὶ,
1299 5805 1441 5860 τοῦτ’
1469 5807 1612 5860 ἔστιν
1634 5805 1728 5875 τῷ,
1761 5816 1858 5864 etc.

2453 5661 2524 5730 (ὅ)
2561 5661 2758 5730 ᾜδεις.

2452 5733 2525 5802 (4)
2559 5731 2666 5783 Kal
2695 5733 2872 5794 πάσας
2897 5733 3024 5796 τάς,
3061 5741 3163 5787 etc.

2452 5736 2504 5802 (4
2559 5736 2666 5783 Kal
2695 5736 2872 5794 πάσας
2897 5736 3024 5796 τάς,
3061 5741 3163 5787 etc.

2452 5736 2525 5875 (Ei;
2556 5803 2956 5871 Προγεγονότα,
2983 5813 3109 5870 elc.,
3136 5802 3272 5858 κατὰ
3299 5802 3660 5872 προφητείαν,
3687 5810 3785 5857 etc.
