4094 6322
155 407 292 462 1281
966 401 1049 457 DE
1087 398 1361 457 TlTULlS
1400 399 1520 455 PSA
1533 394 1766 454 LMOBU

1750 394 1842 452 JH.
1869 425 1935 438 ν-
1959 391 2151 448 PSAL.
2191 389 2519 445 CXXXVI“.
3233 388 3367 448 1282

229 523 283 575 8.
315 522 384 575 Σὺ
416 521 650 584 ἐπλασάς
683 537 747 591 με
775 560 788 584 ,
819 520 910 573 καὶ
942 518 1141 592 ἔθηκας
1190 519 1274 571 ἐπ’
1304 518 1404 588 ἐμὲ
1434 516 1528 590 τήν
1556 515 1709 587 χεῖρά
1737 520 1785 576 Α

1750 520 1785 575 Α
1881 511 1930 564 8.
1971 509 2050 564 'l‘u
2082 508 2324 564 formasti
2357 523 2462 574 me,
2493 517 2544 562 ct
2575 505 2798 577 posuisti
2832 521 2990 575 super
3029 521 3116 562 me
3149 523 3367 563 manum

153 630 274 667 σου.
1812 615 1968 659 tuam.

223 704 277 758 9.
316 701 732 774 Ἐθαυμαστώθη
771 703 803 773 ἡ
830 700 1027 771 γνῶσίς
1060 717 1150 754 σου
1179 699 1237 766 ἐξ
1263 698 1395 770 ἐμοῦ
1414 711 1427 726 ⁸

1882 697 1934 751 9.
1966 693 2228 750 Mirabilis
2253 691 2391 747 facta
2427 702 2508 746 est
2538 691 2765 747 scientia
2789 701 2879 747 tua
2912 705 2978 746 ex
3006 706 3093 747 me
3120 710 3129 744 :

222 796 312 850 10.
350 793 744 867 Ἐκραταιώθη,
769 794 830 846 ού
861 792 934 863 μὴ
963 792 1201 862 δύνωμαι
1229 791 1365 862 πρὸς
1394 790 1578 859 αὐτήν.

1452 790 1578 859 κήν.
1882 786 1966 840 10.
2001 784 2316 841 Confortata
2347 792 2448 847 est,
2480 797 2589 837 non
2619 790 2805 851 potero
2839 782 2905 837 ad
2933 796 3069 836 eam.

224 888 312 941 11.
349 887 459 939 Ποῦ
495 884 741 956 πορευθῶ
778 884 882 937 ἀπὸ
913 883 1006 938 τοῦ
1033 881 1346 953 Πνεύματός
1375 898 1500 946 σου;

1074 881 1346 953 [νεύματός
1375 898 1500 946 σου;
1883 881 1968 934 11.
1997 879 2116 946 Quo
2155 878 2244 934 ibo
2277 893 2306 932 a
2330 876 2531 946 Spiritu
2560 877 2691 930 tuo?

223 977 311 1032 12.
341 977 450 1030 Kal
472 975 579 1029 ἀπὸ
603 974 696 1028 τοῦ
728 972 1016 1046 προσώπου
1049 991 1140 1026 σου
1181 973 1282 1026 ποῦ
1323 971 1506 1041 φύγως

1217 973 1282 1026 τοῦ
1323 971 1506 1041 φύγως
1884 973 1970 1026 12.
2011 971 2076 1025 Ει
2100 985 2208 1042 quo
2237 986 2267 1024 a
2295 969 2434 1024 facie
2467 978 2556 1022 tua
2593 967 2834 1039 fugiam?

222 1071 312 1124 1’5.
358 1069 481 1122 Ἐάν
504 1068 688 1123 άναὸὦ
719 1070 795 1133 είς
822 1068 909 1121 τὸν
937 1066 1180 1138 οὐρανὸν,
1212 1067 1276 1119 σὺ
1310 1068 1426 1120 ἐκεῖ
1453 1060 1532 1118 εἷ·

1470 1060 1532 1116 εἷ·
1883 1065 1968 1118 15.
2014 1063 2069 1118 Si
2101 1062 2393 1118 ascendero
2423 1062 2477 1117 in
2506 1062 2726 1124 coelum,
2757 1070 2816 1115 tu
2848 1059 2959 1114 illic
2986 1073 3046 1114 es
3075 1077 3087 1111 .

218 1161 309 1216 14.
347 1161 468 1214 Ἐάν
497 1162 712 1214 καταϐῶ
736 1164 814 1226 εἰς
842 1164 930 1216 τὸν
959 1163 1109 1235 ᾅδην,
1146 1164 1325 1233 πάρει.

1885 1157 1970 1212 14.
2015 1156 2071 1210 Si
2100 1155 2432 1212 descendero
2458 1155 2512 1209 in
2547 1153 2842 1218 infernum,
2871 1153 3017 1207 ades.

221 1248 310 1304 15.
331 1250 452 1303 Ἐὰν
471 1251 794 1324 ἀναλὰϐοιμι
814 1252 912 1316 τὰς
935 1253 1207 1324 πτέρυγάς
1231 1270 1330 1323 μου
1353 1252 1472 1306 κατ’
1496 1250 1709 1322 ὄρθρον,

1449 1252 1472 1301 τ’
1496 1250 1709 1322 ὄρθρον,
1885 1253 1970 1308 15.
2011 1251 2068 1306 Si
2095 1266 2378 1322 sumpsero
2405 1265 2610 1321 pennas
2632 1264 2782 1304 meas
2807 1246 3066 1309 diluculo,

223 1341 310 1394 16.
329 1343 434 1394 Kal
455 1344 862 1413 κατασκηνώσω
887 1347 966 1408 είς
981 1346 1046 1398 τά
1061 1345 1265 1416 ἔσχατα
1291 1345 1386 1415 τῆς
1404 1345 1674 1414 Θαλάσσης
1700 1357 1714 1374 ⁸

1404 1345 1674 1414 Θαλάσσης
1700 1357 1714 1374 ·
1885 1344 1971 1400 16.
2004 1343 2067 1398 Et
2099 1343 2412 1399 habitavere
2442 1343 2498 1396 in
2519 1340 2774 1397 extremis
2805 1339 3008 1395 maris:

218 1433 310 1490 17.
342 1435 450 1490 Kal
485 1436 590 1506 γάρ
616 1439 730 1491 ἐκεῖ
761 1440 792 1508 ή
824 1439 943 1509 χείρ
969 1455 1062 1491 σου
1094 1439 1345 1510 ὁδηγήσει
1371 1455 1467 1509 με’

1883 1437 1970 1492 17.
2005 1435 2218 1492 Etenim
2251 1436 2377 1491 illuc
2409 1450 2606 1491 manus
2633 1444 2723 1490 tua
2753 1433 2984 1488 deducet
3008 1444 3094 1486 me
3124 1443 3138 1482 :

220 1526 308 1579 18.
341 1527 448 1580 Kal
476 1528 688 1594 καθέξει
725 1547 790 1599 με
826 1532 858 1600 ή
890 1529 1037 1594 δεξιά
1064 1547 1178 1584 σου.

1885 1530 1972 1585 18.
2013 1529 2079 1584 Et
2111 1530 2314 1584 tenebit
2345 1544 2428 1584 me
2455 1530 2676 1584 dextera
2711 1538 2821 1583 tua.

216 1619 303 1675 19.
331 1622 440 1674 Kal
465 1617 618 1674 εἴπα-
648 1624 790 1693 Ἀρα
823 1624 1010 1687 σκότος
1042 1625 1415 1696 καταπατήσει
1452 1639 1535 1675 ιιε.

1885 1622 1972 1677 19.
2017 1623 2083 1676 Et
2110 1622 2221 1677 dixi
2247 1639 2260 1673 :
2291 1621 2542 1678 Forsitan
2569 1623 2808 1676 tenebrae
2831 1619 3222 1676 conculcabunt
3246 1630 3361 1670 me:

215 1710 308 1765 20.
335 1711 443 1766 Kal
475 1712 570 1778 νὺξ
603 1715 878 1786 φωτισμὸς
910 1718 967 1771 ἐν
995 1718 1060 1787 τῇ
1093 1718 1268 1786 τρυφῇ
1297 1733 1417 1785 μου.

1885 1713 1974 1766 20.
2013 1712 2079 1768 Et
2101 1727 2209 1767 nox
2233 1713 2558 1768 illuminatio
2586 1713 2639 1767 in
2669 1712 2876 1768 deliciis
2901 1713 3052 1768 meis.

217 1803 309 1857 21.
339 1805 454 1856 Ὂτι
486 1806 670 1870 σκότος
700 1808 760 1860 ού
790 1808 1197 1878 σκοτισθήσεται
1228 1807 1335 1861 ἀπὸ
1366 1804 1482 1871 σοῦ,
1745 1868 1788 1923 Β

1745 1868 1788 1923 Β
1884 1803 1976 1861 21.
2016 1802 2152 1871 Quia
2187 1805 2422 1860 tenebrae
2453 1820 2560 1860 non
2589 1805 3025 1860 obscurabuntur
3058 1817 3086 1857 a
3116 1811 3189 1856 te.

1258 2032 1632 2090 ATHANASII
1695 2030 2263 2089 INTERPRETATIO.

220 2255 273 2309 8.
305 2257 377 2310 Σὺ
404 2257 833 2328 ἐδημιούργησάς
866 2275 932 2330 με
954 2300 966 2323 ,
999 2275 1092 2311 και
1135 2256 1334 2329 ἔθηκας
1372 2258 1459 2310 ἐπ’
1487 2257 1585 2328 ἐμὲ
1616 2256 1713 2329 τὴν

1887 2256 1941 2312 8.
1972 2253 2052 2310 Tu
2079 2255 2274 2310 creasti
2301 2269 2415 2318 me,
2447 2263 2501 2309 et
2530 2255 2756 2324 posuisti
2789 2267 2952 2323 super
2979 2267 3065 2306 me
3110 2251 3366 2307 auxilium

145 2349 406 2419 βοήθειάν
435 2365 525 2401 σου
553 2349 858 2403 σκέπουσάν
889 2367 976 2422 με.

795 2350 858 2403 ἀν
889 2367 976 2422 με.
1818 2359 1968 2404 tuum
1995 2357 2278 2419 protegens
2307 2361 2410 2402 me.

217 2440 270 2495 9.
297 2436 568 2510 Μνησθεῐς
596 2441 773 2506 τὺ,τίς
797 2443 1029 2515 ὑπάρχει
1052 2445 1083 2512 ή
1115 2442 1340 2513 δύναμίς
1365 2458 1480 2507 σου,
1507 2440 1611 2505 ἔξω
1635 2441 1712 2511 (1)

1885 2440 1933 2495 9.
1981 2438 2349 2504 Recordatus,
2385 2455 2506 2510 quas
2551 2440 2620 2495 sit
2647 2439 2885 2509 potentia
2920 2447 3011 2493 tua
3036 2479 3050 2503 ,
3102 2445 3255 2492 extra
3284 2451 3369 2491 me

142 2527 390 2600 ἐμαυτοῦ
430 2531 629 2599 γέγονα
668 2532 1069 2602 ἀποθαυμάζων
1103 2533 1160 2583 ἐν
1198 2528 1436 2600 ἐμαυτῷ.

1277 2528 1436 2600 αυτῷ.
1817 2534 1992 2604 ipsum
2025 2532 2198 2587 factus
2233 2548 2352 2588 sum
2383 2549 2491 2602 pra:
2521 2533 2894 2593 admiratione.

220 2620 308 2679 10.
337 2622 676 2687 Ἀνείκαστος
703 2623 934 2693 ὑπάρχει
975 2625 1008 2694 ή
1035 2621 1261 2692 δύναμίς
1294 2639 1387 2675 σου
1411 2663 1428 2687 ,
1459 2620 1519 2675 ού
1552 2619 1712 2673 δύνα-

1889 2625 1975 2679 10.
2009 2622 2396 2694 luvestigabilis
2425 2634 2505 2680 est
2529 2627 2697 2681 virtus
2729 2635 2840 2691 tua,
2866 2641 2977 2702 non
2995 2641 3217 2696 possum
3243 2640 3369 2682 con-

146 2730 249 2783 μαι
283 2714 596 2784 ἀντιστῆναι
628 2714 762 2785 πρὸς
791 2715 979 2785 αὑτήν.

726 2731 762 2777 ις
791 2715 979 2785 αὑτήν.
1817 2726 1897 2772 tra
1927 2733 2047 2773 eam
2075 2719 2343 2774 resistere.

224 2807 310 2859 11.
339 2805 448 2857 Ποῦ
475 2805 580 2877 γὰρ
602 2804 830 2876 δύναμαι
851 2806 1114 2878 κρυϐῆναι
1139 2807 1214 2878 (Ξ)
1239 2806 1347 2860 άπὸ
1367 2804 1426 2858 τὺ
1445 2804 1600 2874 ἅγιόν
1623 2821 1714 2857 σου

1887 2810 1972 2866 11.
2003 2809 2109 2865 Ubi
2134 2810 2277 2865 enim
2307 2810 2565 2864 abscondi
2599 2823 2821 2879 possum
2873 2824 2903 2863 a
2946 2808 3148 2880 Spiritu
3181 2821 3368 2864 sancto

141 2896 394 2967 Πνεῦμα,
425 2898 483 2948 τὸ
503 2898 764 2965 γινῶσκον
787 2898 901 2970 [τοῦ
931 2899 1084 2967 ἁγίου
1117 2915 1208 2952 σου
1239 2897 1552 2967 Πνεύματος
1576 2935 1591 2960 ,
1620 2894 1714 2948 τοῦ

898 2922 901 2945 ι
931 2899 1084 2967 ἁγίου
1117 2915 1208 2952 σου
1239 2897 1552 2967 Πνεύματος
1576 2935 1591 2960 .
1620 2894 1714 2948 τοῦ
1817 2911 1931 2966 ιυο,
1961 2901 2053 2972 qui
2082 2901 2255 2956 noscit
2290 2901 2515 2956 omnia?

140 2988 527 3062 γινώσκοντος]
563 2991 630 3044 τὰ
660 2992 835 3046 πάντα
859 3009 872 3056 ;

219 3081 308 3135 12.
340 3082 448 3134 Kal
472 3081 580 3135 άπὸ
614 3081 707 3135 σοῦ
731 3083 800 3134 τὰ
830 3081 905 3152 (5)
940 3084 1117 3137 πάντα
1138 3081 1458 3155 ἐφορῶντος,
1489 3077 1592 3132 ποῦ
1617 3075 1706 3130 δύ-
1746 3146 1778 3155 Δ

1751 3146 1778 3155 _
1882 3079 1969 3133 12.
2000 3077 2065 3132 Et
2095 3093 2126 3133 a
2151 3087 2221 3142 te,
2253 3079 2344 3148 qui
2367 3077 2546 3132 omnia
2571 3077 2739 3141 vides,
2767 3092 2876 3147 quo
2905 3091 3124 3146 possum
3150 3073 3368 3146 fugere?

139 3187 318 3242 ναμαι
345 3175 568 3240 φυγεϊν;
593 3173 675 3226 ὅτι
713 3146 909 3226 πάντα
939 3173 1152 3244 γυμνὰ,
1180 3146 1296 3227 ἰκαί
1327 3172 1713 3240 τετραχηλισ-
1737 3147 1756 3204 ί

1538 3172 1713 3240 ηλισ-
1737 3146 1780 3204 c
1814 3172 2071 3244 quoniam
2099 3146 2285 3225 omnia
2301 3172 2473 3238 nuda,
2505 3181 2552 3225 et
2582 3180 2760 3241 aperta
2787 3146 2960 3224 foculis
2993 3171 3092 3221 tuis
3116 3170 3155 3220 ².

131 3262 298 3333 μέγα
325 3263 448 3329 τοῖς
481 3264 806 3334 ὀφθαλμοῖς
833 3278 970 3319 σου.

217 3356 308 3410 15.
346 3355 668 3429 ’Δχώριστος
693 3356 770 3429 (ι)
800 3353 853 3410 εἴ
871 3356 979 3409 τῶν
1002 3353 1280 3426 πατρικῶν
1303 3351 1535 3406 κόλπων.

1303 3351 1535 3406 κόλπωνο
1890 3377 1970 3433 15.
2001 3377 2376 3447 Inseparabilis
2402 3391 2461 3431 es
2494 3391 2524 3429 a
2558 3377 2679 3430 sinu
2708 3375 2901 3432 Patris.

217 3449 308 3502 14.
341 3449 712 3519 Ἐθανατώθης
740 3450 847 3520 γὰρ
875 3449 941 3500 δι’
967 3449 1087 3517 ἐμέ.

1887 3466 1974 3521 11.
2011 3465 2168 3522 Morti
2192 3468 2338 3521 enim
2369 3466 2599 3522 traditus
2633 3483 2690 3522 es
2720 3476 2936 3537 propter
2963 3483 3065 3521 mc.

216 3541 308 3593 15.
333 3539 501 3593 Τοῦτό
548 3557 635 3610 μοι
685 3540 842 3610 μόνον
876 3539 1282 3611 περιλείπεται,
1314 3539 1407 3592 ἐάν
1437 3538 1542 3609 ἄρα
1584 3538 1713 3591 ἀνα-

1887 3557 1976 3613 15.
2002 3556 2114 3612 Hoc
2140 3559 2317 3613 solum
2347 3558 2475 3613 mihi
2517 3559 2785 3627 reliquum
2819 3571 2899 3614 est
2923 3600 2937 3623 ,
2972 3561 3013 3614 si
3047 3558 3182 3614 forte
3211 3577 3366 3616 assu-

135 3630 297 3685 λάϐω
317 3631 411 3694 τὰς
432 3630 756 3702 ἐνθυμήσεις
787 3632 882 3702 τῆς
907 3631 1130 3704 καρδίας
1171 3649 1295 3702 μου,
1329 3631 1624 3700 καταφύγω
1656 3633 1711 3683 ἐν

1814 3665 1956 3704 mam
1985 3650 2339 3720 cogitationes
2369 3651 2550 3705 cordis
2585 3651 2709 3716 mei,
2740 3661 2794 3705 et
2820 3651 3127 3722 confugiam
3155 3654 3220 3706 ad
3246 3654 3365 3707 illu-

135 3721 224 3795 τῷ
253 3722 562 3795 φωτίσματι
585 3723 684 3794 τῆς
717 3723 949 3786 πίστεώς
988 3741 1078 3776 σου
1108 3722 1207 3794 (5).

1815 3743 2162 3798 minationem
2191 3743 2310 3798 fidei
2344 3755 2466 3797 tum.
2958 3732 2967 3744 ’

219 3819 308 3874 16.
343 3821 451 3873 Kal
478 3818 632 3873 δώσω
659 3820 891 3891 ἐμαυτὸν
921 3822 999 3884 είς
1028 3821 1088 3874 τὸ
1111 3821 1409 3892 βάπτισμα.

1399 3861 1409 3874 -
1882 3835 1967 3892 16.
1997 3835 2061 3890 Et
2094 3836 2232 3891 dabo
2265 3851 2350 3890 me
2381 3837 2556 3906 ipsum
2583 3836 2636 3889 in
2669 3833 3016 3904 baptismum.

217 3912 320 3978 17,
359 3911 445 3965 18.
477 3912 588 3964 Kal
624 3913 732 3982 γάρ
786 3915 901 3966 ἐκεῖ
935 3914 966 3984 ἡ
999 3913 1157 3984 χάρις
1201 3914 1281 3985 (6)
1332 3931 1423 3968 σου
1463 3913 1710 3986 ὁδηγήσει

1881 3929 1966 3994 17,
1993 3929 2078 3982 18.
2110 3928 2318 3983 Etenim
2346 3930 2475 3985 illuc
2507 3930 2675 3999 gratia
2711 3938 2800 3982 tua
2827 3929 3055 3983 deducet
3084 3945 3186 3992 me,
3223 3940 3274 3983 et
3309 3932 3359 3983 in

137 4019 239 4074 με,
271 4001 366 4054 καὶ
397 4003 788 4072 περικρατήσει
825 4020 911 4073 με.

686 4003 788 4072 idat
825 4020 911 4073 με.
1813 4034 1897 4074 me
1920 4019 2303 4075 dominabitur.

219 4093 309 4148 19.
350 4092 460 4146 Kal
509 4092 839 4165 ἐλογισάμην
885 4095 1003 4148 κατ’
1058 4094 1290 4164 ἐμαυτὸν
1333 4097 1535 4165 λέγων·
1566 4095 1712 4172 Ἀρα

1887 4110 1973 4164 19.
2003 4109 2069 4164 Ει
2097 4125 2309 4166 mecum
2335 4111 2564 4182 cogitavi
2592 4111 2776 4166 dicens
2805 4128 2818 4163 :
2853 4113 2934 4166 An
2961 4113 3036 4168 ita
3069 4115 3243 4185 patiar
3272 4133 3361 4172 us-

129 4187 321 4248 οὕτως
364 4186 682 4258 ἀνάσχωμαι
713 4185 818 4252 ἐως
853 4187 1038 4250 τέλους
1080 4189 1433 4257 κυριεύεσθαι
1473 4191 1578 4242 ὑπὸ
1610 4192 1708 4262 τῆς

129 4276 456 4339 ἁμαρτιαςς

1422 4207 1433 4242 ι
1473 4191 1578 4242 ὑπὸ
1610 4192 1708 4262 τῆς
1812 4218 1916 4274 que
1950 4203 2004 4258 in
2035 4203 2194 4259 finem
2221 4205 2490 4260 dominari
2524 4206 2578 4258 in
2607 4221 2690 4260 me
2719 4205 3039 4275 peccatum?

227 4295 262 4330 a
341 4293 392 4329 ια
440 4294 456 4343 ;

177 4293 449 4418 PQSTKZl
491 4365 820 4440 ἐλογισάμην
864 4369 1046 4423 δοῦναι
1084 4372 1317 4439 ἐμαυτὸν
1345 4373 1422 4442 (7)
1447 4375 1511 4445 τῇ
1544 4390 1709 4427 κατα-

1879 4375 1965 4429 ΞΟ.
2013 4376 2078 4430 Et
2123 4378 2354 4448 cogitavi
2403 4379 2614 4435 tradere
2660 4396 2744 4434 me
2794 4381 2966 4449 ipsum
3020 4381 3358 4450 baptismatis

127 4459 296 4512 δύσει
321 4457 412 4511 τοῦ
445 4457 832 4530 βαπτίσματος,
864 4463 944 4514 ὄτι
978 4463 1253 4533 φωτισμὸς
1280 4466 1374 4518 καὶ
1400 4468 1579 4540 τρυφή
1604 4469 1704 4539 μού
1736 4506 1744 4565 1

1740 4506 1783 4566 D
1812 4467 2144 4524 immersioni
2171 4511 2184 4534 ,
2213 4471 2468 4539 quoniam
2507 4472 2850 4536 illuminatio,
2888 4482 2939 4527 et
2974 4473 3180 4529 delicia:
3227 4491 3357 4529 mea:

128 4551 260 4603 ἐστι
287 4550 350 4602 τὸ
374 4549 593 4623 λουτρὸν
618 4553 714 4624 τῆς
739 4551 1034 4618 ἀθανασίας
1053 4572 1066 4586 ο
1093 4556 1208 4608 ἐκεῖ
1230 4556 1336 4626 γάρ
1365 4560 1706 4631 καταλιμπά-
1736 4549 1745 4565 ³

1740 4549 1781 4566 “’
1808 4568 1934 4613 sunt
1981 4560 2254 4616 lavacrum
2291 4563 2755 4619 immortalitatis:
2797 4565 2868 4619 ibi
2915 4566 3060 4621 enim
3113 4569 3357 4636 relinquo

127 4660 216 4697 νω
246 4643 348 4706 τὰς
377 4645 650 4716 ἁμαρτίας
679 4665 800 4719 μου.

577 4646 650 4710 ξας
679 4665 800 4719 μου.
1807 4662 2026 4721 peccata
2055 4669 2194 4708 mea.

205 4736 303 4790 21.
337 4737 457 4792 Ὅτι
487 4741 636 4793 πᾶσα
667 4740 811 4814 ψυχὴ
839 4744 895 4796 ἐν
933 4741 1109 4795 σκότει
1139 4744 1449 4816 καθημενη,
1477 4747 1702 4801 ελθουσα

1873 4744 1960 4797 21.
1995 4745 2132 4812 Quia
2167 4747 2347 4801 omnis
2392 4747 2572 4802 anima
2616 4748 2669 4801 in
2724 4750 2960 4805 tenebris
3006 4751 3199 4804 sedens
3233 4766 3355 4807 cum

125 4826 232 4879 ἐπὶ
263 4827 332 4881 τὸ
356 4827 653 4901 βάπτισμα,
684 4833 783 4886 οὐκ
809 4833 885 4887 ἔτι
912 4833 1354 4904 σκοτισθήσεται,
1381 4836 1486 4889 ἀπὸ
1519 4837 1608 4891 τοῦ
1644 4857 1700 4893 σε

1805 4839 2008 4891 venerit
2032 4838 2097 4892 ad
2127 4838 2476 4908 baptismum,
2500 4855 2605 4895 non
2629 4841 2860 4910 amplius
2892 4841 3353 4909 obtenebrabitur,

125 4919 191 4972 τὸ
222 4917 424 4990 ἀληθὲς
448 4919 528 4990 (8)
559 4921 673 4990 φῶς
697 4923 948 4977 ἐπιϐῆναι
979 4925 1036 4977 ἐν
1063 4925 1222 4996 αὐτῇ.

1804 4930 2058 4999 quoniam
2092 4939 2147 4984 tu
2167 4972 2181 4996 ,
2207 4932 2300 5002 qui
2330 4947 2453 4987 vera
2484 4931 2576 4987 lux
2607 4949 2688 5002 es,
2716 4933 2966 4991 ascendis
2997 4933 3052 4989 in
3089 4935 3280 5005 ipsam.

203 5097 228 5129 '
264 5094 433 5153 Hebr.
469 5113 545 5166 Iv,
580 5100 666 5156 15.

1091 5262 1393 5328 Addenda
1423 5275 1484 5329 et
1515 5269 1882 5348 corrigenda
1928 5288 2006 5334 ex
2039 5274 2179 5336 cod.
2208 5276 2406 5338 Vatic.

205 5443 291 5582 μζ
317 5442 408 5510 Ἐξ
435 5445 625 5528 ἐαηυτοῦ
649 5448 1010 5518 γέγονα,ειο.,
1037 5454 1093 5505 ἐν
1119 5455 1311 5526 ἐαυτῷ.

206 5513 268 5582 (2
329 5513 604 5582 Κρυσηναι
636 5519 696 5571 τὺ
740 5521 960 5582 Πνεῦμα
998 5522 1057 5576 τὸ
1084 5523 1236 5582 ἆγιόν
1269 5543 1358 5580 σου
1412 5528 1472 5582 τὸ
1525 5530 1696 5582 πάντα

656 5448 1010 5532 γέγοναζειοη
1037 5454 1093 5505 ἐν
1119 5455 1311 5526 ἐαυτῷ.
1874 5461 1947 5532 (5)
1981 5461 2081 5515 Σοῦ
2107 5463 2273 5517 deest.

656 5519 696 5571 τὺ
740 5523 960 5582 Πνευμα
998 5522 1057 5576 τὸ
1084 5523 1236 5582 ἆγιόν
1269 5543 1358 5580 σου
1412 5528 1472 5582 τὸ
1525 5530 1696 5582 πάντα
1874 5533 1951 5582 l6)
1987 5534 2049 5582 Ἡ
2078 5534 2194 5582 velo
2223 5552 2273 5582 σε

323 5513 604 5604 ξῌρυδῆναι
636 5513 696 5571 τὺ
730 5513 960 5604 ’μνεῦμα
981 5522 1057 5604 ..τὸ
1084 5523 1236 5604 ἅγιόν
1264 5513 1358 5580 σου
1412 5528 1472 5582 τὸ
1525 5530 1696 5585 πάντα
1987 5513 2194 5604 Ἡήχείρ
2207 5513 2334 5586 ἓὸυ.

124 5587 665 5673 γιγξιρεκονταημοβ.
701 5591 810 5673 vid.
847 5587 1187 5661 γιγνῶσκον).
1983 5587 2224 5666 Ἐαῦτόν.
2253 5615 2355 5658 etc.

203 5604 665 5722 mgf-£332?
688 5604 810 5716 :i'cd‘
847 5604 1187 5661 Ymmm

205 5723 289 5753 In
327 5699 792 5753 νι...ρ.-....Ῑ--ι-’
829 5740 898 5753 -.-

1868 5604 1922 5673 (7
1983 5604 2224 5666 Ἑαυτὸν,
2253 5615 2355 5658 etc.

1869 5604 1946 5744 (ὃς
1986 5675 2255 5746 Ἀληθινὸν
2288 5674 2400 5744 φῶς
2431 5676 2683 5748 ἐπιϐῆναι
2717 5681 2772 5732 ἐν
2798 5679 2984 5753 ταύτῃ.

205 5723 289 5793 (4)
327 5723 647 5798 Ἀχώριστος
668 5732 791 5802 γάρ.
824 5740 928 5788 etc.
