4052 6332
117 353 145 404 l
159 354 273 409 285

949 354 1034 412 DE
1078 358 1354 415 TlTULlS
1391 360 1836 419 PSALMORL’M.
1880 394 1947 403 —
1986 363 2157 416 PSAL
2217 364 2544 419 ανχχνιιι.

3210 368 3341 425 £286

191 465 286 526 56.
323 468 779 542 Ἑξαριθμήσομαι
812 471 1026 539 αὐτοὺς,
1052 476 1145 528 καὶ
1180 476 1317 547 ὑπὲρ
1341 477 1521 547 ἄμμον
1556 479 1691 549 πλη-
1722 488 1767 543 Α
1859 481 1908 534 5(

1859 479 1944 534 56.
1980 479 2338 535 Dinumerabo
2371 495 2485 543 cos,
2538 490 2589 533 et
2618 494 2777 549 super
2817 494 3037 533 arenam
3085 480 3313 551 multip‘li

114 557 484 630 συνθήσονται
504 578 518 593 ·

198 650 289 705 57.
331 652 677 725 Ἐξηγέρθην,
704 658 797 709 καὶ
832 656 910 710 ἔτι
939 659 1053 728 είμὶ
1079 658 1216 728 μετά
1252 660 1367 713 σοῦ.

197 742 292 798 58.
331 744 453 796 Ἐὰν
483 746 803 818 ἀποκτείνῃς
836 750 1210 819 ἁμαρτωλοὺς,
1242 752 1269 803 ὀ
1293 749 1423 814 Θεός
1444 769 1455 780 ·

190 832 285 890 59.
320 836 538 912 ’Ἄνδρες
571 839 835 908 αἱμάτων,
861 841 1139 894 ἐκκλίνατε
1174 842 1266 895 ἀπ’
1296 842 1429 913 ἐμοῦ
1451 859 1465 873 ⁶

200 924 293 978 40.
326 928 441 980 Ὅτι
468 930 677 999 ἐρισταί
712 934 831 985 ἐστε
867 934 944 995 εἰς
972 932 1387 1004 διαλογισμούς’

198 1015 290 1069 41.
317 1018 583 1088 Λήψονται
614 1023 693 1085 εἰς
726 1022 1053 1093 ματαιότητα
1078 1026 1175 1088 τὰς
1207 1026 1386 1089 πόλεις
1420 1024 1581 1100 [acu].

198 1103 292 1158 42.
327 1109 457 1177 υὺχὶ
486 1111 609 1174 τοὺς
644 1112 929 1183 μισοῦντας
962 1132 1042 1179 σε,
1072 1115 1261 1187 Κύριε,
1295 1119 1563 1189 ἐμίσησα;

194 1197 285 1253 45.
324 1200 429 1252 Καὶ
466 1202 558 1254 ἐπὶ
597 1206 721 1268 τοὺς
749 1205 974 1277 ἐχθρούς
1019 1224 1113 1261 σου
1142 1206 1289 1279 [τοῖς
1314 1210 1525 1282 ἐχθροῖς
1557 1214 1686 1286 σου]

109 1286 462 1362 ἐξετηκόμην
482 1308 498 1358 ;

194 1380 285 1434 44.
311 1383 522 1437 Τέλειον
548 1388 698 1455 μίσος
725 1390 941 1459 ἐμίσουν
967 1391 1159 1456 αὐτούς
1180 1410 1193 1424 ⁸

191 1472 281 1527 45.
318 1474 409 1536 Et;
437 1477 661 1547 ἐχθροὺς
697 1482 939 1549 ἐγένοντό
967 1502 1077 1553 μοι.

187 1564 281 1619 46.
310 1567 601 1638 Δοκίμασόν
633 1588 699 1639 με
720 1613 733 1634 ,
766 1575 794 1625 ὀ
829 1574 993 1639 Θεὸς,
1023 1576 1113 1629 καὶ
1139 1576 1305 1642 γνῶθι
1330 1576 1427 1645 τὴν
1456 1578 1682 1650 καρδίαν

109 1675 230 1728 μου
254 1676 267 1688 ·

195 1751 283 1805 47.
320 1754 547 1808 Ἐτασόν
575 1775 662 1827 με,
689 1759 777 1811 καὶ
801 1762 969 1829 γνῶθι
996 1764 1093 1827 τὰς
1116 1764 1334 1835 τρίϐους
1369 1780 1488 1834 μου.

193 1844 286 1898 48.
311 1847 415 1898 Καὶ
442 1846 537 1912 ἴδε,
568 1851 613 1901 εί
632 1849 747 1913 ὁδὸς
767 1827 837 1923 [εἰ
865 1852 1007 1907 ἔστιν
1034 1827 1169 1926 ὁδὸς)
1190 1827 1417 1926 ἀνομίας
1441 1856 1497 1911 ὲν
1520 1856 1643 1911 ἐαοί
1660 1873 1674 1887 ·
1707 1827 1753 1887 Β

196 1935 283 1991 49.
313 1938 419 1992 Καὶ
444 1940 704 2012 ὁδήγησόν
735 1961 801 2015 με
828 1946 887 1999 ἐν
914 1945 1016 2017 ὁδῷ
1045 1948 1256 2019 αἰωνίᾳ.

1796 574 2060 628 cabuntur
2086 592 2099 627 :

1864 664 1950 718 57.
1992 662 2304 725 Exsurrexi,
2331 673 2383 717 et
2406 661 2584 717 adhuc
2614 678 2733 717 sum
2763 672 2956 718 tecum.

1864 754 1950 808 58.
1992 751 2048 806 Si
2079 754 2363 816 occideris,
2398 753 2561 819 Deus,
2593 760 2903 822 peccatores
2931 769 2945 804 :

1860 844 1946 898 59.
1986 842 2098 897 Viri
2128 844 2474 915 sanguinum,
2512 844 2773 897 declinante
2803 858 2832 897 a
2868 858 2951 896 me
2978 859 2992 896 :

1861 938 1949 991 40.
1987 936 2122 1003 Quia
2150 936 2476 991 contentiosi
2508 936 2637 989 estis
2670 936 2721 988 in
2753 935 3171 1006 cOgitationibus
3200 953 3213 988 :

1860 1033 1945 1087 4i.
1984 1033 2260 1101 Accipient
2292 1032 2345 1086 in
2375 1032 2609 1085 vanitate
2634 1030 2881 1085 civitates
2919 1028 3105 1102 [tuas].

1858 1126 1945 1181 42.
1985 1123 2172 1179 Nonne
2202 1125 2295 1194 qui
2327 1124 2557 1179 oderunt
2588 1132 2657 1185 te,
2696 1121 2940 1185 Domine,
2973 1119 3238 1176 oderam!

1856 1214 1943 1271 4'5.
1987 1215 2052 1269 Et
2078 1230 2239 1285 super
2263 1215 2510 1269 inimicos
2536 1220 2657 1267 tuos
2686 1210 3065 1266 tabescebam?

1857 1403 1946 1457 44.
1987 1398 2230 1455 Perfecto
2264 1401 2388 1454 odio
2413 1398 2637 1454 oderam
2675 1400 2794 1453 illos

1848 1496 1937 1551 45.
1978 1494 2188 1550 Inimici
2222 1493 2347 1548 facti
2371 1500 2498 1548 sunt
2526 1493 2679 1546 mihi.

1851 1585 1940 1640 46.
1959 1585 2134 1640 Proba
2164 1600 2270 1653 me,
2292 1582 2434 1640 Deus
2458 1624 2473 1651 ,
2492 1592 2545 1638 ct
2570 1584 2705 1638 scito
2721 1595 2813 1637 cor
2829 1595 3035 1637 meum:

1851 1763 1938 1818 47.
1980 1765 2257 1833 Interroga
2285 1778 2390 1830 me,
2414 1772 2468 1818 et
2498 1777 2763 1830 cognosce
2790 1762 3011 1817 semitas
3040 1776 3208 1817 meas.

1850 1856 1940 1912 48.
1978 1855 2043 1909 Et
2068 1856 2208 1919 vide,
2227 1872 2272 1911 St
2294 1856 2374 1909 via
2392 1855 2458 1929 [si
2476 1865 2558 1911 est
2574 1855 2680 1927 via]
2697 1856 3059 1925 iniquitatisin
3081 1871 3163 1909 me
3189 1869 3204 1907 :

1851 1948 1940 2003 49.
1983 1946 2047 2002 Et
2069 1948 2240 2003 deduc
2268 1962 2353 2001 me
2384 1948 2438 2001 in
2467 1948 2552 2001 via
2579 1958 2796 2001 aeterna.

1224 2125 1594 2184 ATHANASII
1658 2124 1772 2182 ιΝΤ
1782 2126 2235 2184 ERPRETATIO.

188 2292 279 2349 56.
309 2294 525 2349 Δώδεκά
552 2298 678 2363 είσι,
700 2298 794 2353 καὶ
820 2299 910 2353 τὸν
930 2300 1131 2371 κόσμον
1161 2302 1279 2357 ὅλον
1298 2302 1385 2356 διὰ
1406 2303 1495 2357 τοῦ
1520 2304 1677 2374 λόγου

100 2386 298 2441 αὐτῶν
320 2392 755 2462 περιποιησονται
784 2394 863 2456 είς
885 2393 1032 2457 υἱοὺς
1060 2396 1150 2447 καὶ
1180 2395 1500 2465 θυγατέρας.

184 2565 275 2619 57.
312 2565 708 2641 Ἐζωοποιήθην
732 2571 819 2625 διὰ
846 2569 939 2623 τοῦ
984 2570 1378 2641 βαπτίσματος,
1405 2574 1499 2625 καὶ
1525 2574 1673 2627 ἀδια·

100 2650 349 2717 λείπτως
374 2654 562 2725 ἔσομαι
597 2658 731 2727 μετά
761 2656 873 2711 σοῦ.

188 2742 276 2799 58.
315 2743 436 2797 Ἐὰν
463 2745 869 2821 θανατώσῃςταύ
890 2766 986 2813 τας
1003 2751 1100 2815 τάς
1126 2752 1372 2819 ἐναντίας
1398 2755 1672 2827 δυνάμεις,

99 2827 135 2888 ὁ
169 2834 304 2899 Θεὸς
324 2853 338 2867 ·

182 2928 275 2981 59.
321 2928 443 2993 Τοῖς
481 2930 696 3003 δαίμοσι
743 2935 923 3003 λέγει’
946 2937 1247 3007 Ᾱίμοπόται
1283 2937 1673 3009 μισάνθρωπος,

102 3020 499 3092 ἀναχωρήσατε
528 3025 619 3077 ἀπ’
648 3026 780 3094 ἐμοῦ
803 3044 815 3056 ·

183 3112 273 3166 40.
314 3114 433 3167 Ὀτι
485 3115 803 3189 ἐνθυμήσεις
854 3120 1095 3192 πονηρὰς
1144 3121 1461 3175 ὑποτίθεσθε
1519 3123 1673 3176 πολε-

102 3206 339 3279 μοῦντες
374 3208 470 3276 (1).

1856 2286 1942 2341 56.
1976 2284 2263 2340 Duodecim
2300 2290 2461 2348 sunt,
2492 2292 2545 2335 et
2573 2290 2745 2335 totum
2795 2280 3053 2336 mundum
3089 2294 3336 2336 sermone

1782 2392 1884 2433 suo
1918 2380 1969 2431 in
2002 2378 2139 2433 ﬁlios
2187 2385 2239 2431 et
2279 2376 2417 2430 ﬁlias
2472 2390 2569 2443 per
2626 2372 2966 2441 adoptionem
3002 2373 3330 2439 spiritualen:

1782 2468 2078 2539 acquirent.

1853 2562 1938 2616 57.
1967 2559 2241 2631 Baptismo
2268 2556 2564 2612 vivillcatus
2593 2570 2738 2621 sum,
2763 2563 2814 2609 et
2844 2554 3209 2608 indesinenter
3237 2568 3333 2608 ero

1778 2663 1976 2711 tecum.

1847 2748 1933 2801 58.
1968 2744 2025 2798 Si
2058 2743 2215 2797 morti
2247 2741 2548 2806 tradideris,
2586 2739 2746 2807 Deus,
2774 2739 2872 2795 bas
2898 2738 3198 2794 contrarias
3233 2753 3330 2809 po-

1778 2852 1997 2899 testates
2025 2854 2039 2894 2

1850 2935 1939 2991 59.
1985 2934 2331 2989 Βωηιοηιουε
2364 2934 2497 2987 dicit
2526 2950 2539 2985 :
2571 2937 2989 3000 banguipotores
3017 2943 3205 2985 osores
3234 2928 3331 2983 ho-

1776 3030 2006 3093 minum,
2036 3027 2267 3081 recedite
2290 3042 2319 3079 a
2352 3041 2437 3079 me
2468 3044 2481 3077 :

1845 3124 1932 3177 40.
1950 3120 2087 3188 Quia
2104 3120 2460 3191 cogitationes
2482 3131 2675 3187 pravas
2699 3122 3000 3186 pugnantes
3026 3112 3327 3183 subjicitis:

180 3300 273 3355 4⁸1.
302 3302 760 3372 Αἰχμαλωτίζουσι
786 3323 883 3370 τας
921 3323 1095 3378 ψυχας
1132 3312 1239 3361 τῶν
1274 3310 1571 3382 ἀνθρώπων
1596 3313 1672 3374 εἰς
1700 3331 1741 3387 C
1842 3305 1904 3360 41

1842 3305 1929 3360 41.
1962 3303 2213 3373 Captivas
2254 3298 2522 3354 abducent
2546 3296 2755 3351 animas
2784 3285 3149 3350 hominum'in
3176 3290 3330 3343 vani-

106 3394 322 3467 μάτηνο
348 3396 506 3448 πάλιν
528 3397 635 3467 γὰρ
662 3398 1043 3469 ἐπιστρέφουσι
1069 3400 1204 3469 πρὸς
1228 3399 1307 3453 σέ.

184 3487 270 3541 49..
290 3486 426 3554 Ἐγὼ
444 3487 498 3539 δὲ
530 3488 732 3551 πάντας
756 3489 879 3552 τοὺς
908 3488 1330 3561 ἀνθισταμένους
1354 3495 1421 3562 τῇ
1447 3492 1673 3563 ἀληθείᾳ

105 3595 231 3640 σου,
263 3577 451 3648 Κύριε,
486 3578 741 3649 ἐμίσησα.

182 3668 273 3721 45.
303 3668 412 3721 Καὶ
454 3668 543 3721 ἐπὶ
576 3672 686 3733 τοῖς
717 3667 1027 3723 ἀπειθοῦσιν
1056 3668 1132 3740 (Ξ)
1176 3670 1511 3742 ἐξετηκόμην
1565 3672 1669 3725 ἀπὸ

102 3758 206 3811 τοῦ
234 3758 410 3831 ζήλου.
445 3761 553 3813 Καὶ
578 3760 747 3824 ἄλλως
776 3762 833 3814 δὲ
866 3765 1062 3815 νοεῖται
1090 3764 1118 3814 ὀ
1149 3762 1308 3827 αὐτὸς
1336 3763 1515 3833 στίχος
1538 3780 1553 3795 ο
1579 3765 1669 3816 καὶ

105 3852 206 3903 ἐπὶ
250 3854 366 3915 ταῖς
416 3853 681 3916 ἐναντίαις
719 3852 977 3924 δυνάμεσι
1008 3852 1097 3907 διὰ
1138 3853 1243 3925 τῆς
1286 3856 1535 3927 νηστείας
1581 3858 1669 3909 καὶ

105 3941 455 4011 ἐγκρατείας.

180 4029 268 4083 44.
297 4029 430 4083 Οὔτε
456 4031 851 4104 προσηγόρευον
896 4034 1019 4096 τοὺς
1049 4033 1277 4105 ἐχθροὺς
1304 4034 1399 4104 τῆς
1434 4035 1667 4100 πίστεώς

103 4140 229 4176 σου.

181 4216 269 4271 45.
299 4216 481 4282 Οὕτως
515 4218 905 4289 ἐδδελυσσόμην
938 4220 1131 4284 αὐτοὺς
1154 4261 1167 4285 ,
1203 4222 1279 4285 ὡς
1316 4221 1664 4293 ἐπισυστῆναι

99 4307 303 4373 αὐτοὺς
331 4308 445 4379 ἅμα
473 4311 556 4361 ἐπ’
589 4310 707 4381 ἐμὲ,
737 4312 816 4374 είς
848 4310 907 4364 τὸ
940 4311 1195 4380 φονεῦσαί
1228 4331 1315 4383 με.

175 4400 264 4456 46.
317 4401 632 4469 Ἐπίσκεψαι
674 4402 770 4474 τὴν
816 4402 1035 4475 καρδίαν
1084 4421 1206 4474 μου,
1255 4405 1349 4460 κα)⁸
1392 4406 1661 4479 πρόσχες,

97 4492 151 4543 εί
184 4492 261 4560 (5)
291 4493 368 4563 είς
396 4491 567 4547 πάντα
596 4493 850 4547 ἐπακούει
875 4511 987 4548 σου.

172 4582 259 4636 47.
306 4585 614 4655 Ἀνάκρινον
635 4586 731 4657 τὴν
760 4589 983 4660 καρδίαν
1012 4608 1133 4661 μου,
1158 4590 1251 4645 καὶ
1283 4591 1541 4659 ἐπίγνωθι
1563 4592 1660 4657 τὰς

105 4675 425 4746 ἐνθυμήσεις
456 4694 578 4747 μου.

174 4768 261 4823 48.
309 4770 415 4822 Καὶ
452 4769 545 4822 ἐὰν
590 4770 754 4845 εὕρῃς
801 4773 858 4826 ἐν
900 4776 1022 4844 ἐμοὶ
1066 4775 1359 4848 ἐπιθυμίαν
1393 4777 1657 4849 πονηρὰν,

99 4860 431 4929 φυγάδευσον
457 4861 623 4933 αὐτὴν
646 4868 712 4935 τῇ
744 4865 921 4938 χάριτί
959 4884 1071 4922 σου.

174 4951 258 5007 49.
287 4954 393 5006 Καὶ
418 4954 679 5025 ὁδήγησόν
706 4975 773 5028 με
806 4961 862 5011 ἐν
887 4962 952 5031 τῇ
1002 4961 1201 5033 αίωνίῳ
1225 4961 1299 5032 (4)
1326 4962 1457 5033 ζωῇ.

1781 3406 1907 3459 tate,
1933 3411 2121 3449 rursus
2146 3394 2287 3447 enim
2314 3398 2691 3446 convertentur
2715 3388 2781 3441 ad
2806 3396 2875 3442 te.

1846 3486 1933 3541 4‘2.
1985 3484 2095 3553 Ego
2140 3494 2317 3537 autem
2352 3496 2539 3537 omnes
2566 3480 2911 3535 adversantes
2938 3477 3154 3534 veritati
3199 3484 3325 3541 tua,

1779 3579 2023 3640 Domine,
2057 3578 2294 3631 oderam.

1846 3670 1931 3723 43.
1980 3668 2045 3722 Et
2077 3684 2234 3738 super
2275 3666 2643 3723 inobedienles
2690 3665 2783 3719 tibi
2831 3663 3168 3719 tabescebam
3216 3677 3326 3732 prae

1776 3762 1909 3817 zelo.
1954 3761 2124 3816 Aliter
2173 3770 2351 3815 autem
2403 3760 2716 3830 intelligitur
2764 3761 2863 3813 iste
2907 3756 3209 3813 versiculus
3268 3757 3323 3811 in

1776 3856 1920 3910 hunc
1966 3854 2185 3909 modum
2227 3866 2281 3909 et
2328 3870 2490 3925 super
2538 3855 2836 3910 contrarias
2868 3862 3159 3924 potestates
3184 3851 3324 3923 jejuo

1774 3948 1866 4002 nio
1890 3955 1943 4002 et
1967 3946 2296 4002 continentia
2323 3947 2685 4001 tabescebam.

1840 4037 1930 4093 44.
1955 4036 2137 4095 Neaue
2163 4036 2464 4093 salutabam
2498 4037 2749 4091 inimicos
2782 4037 2903 4091 [idet
2937 4045 3059 4091 tuae.

1840 4222 1928 4277 45.
1960 4220 2033 4275 Ita
2064 4234 2156 4274 eos
2188 4217 2530 4273 abominatus
2562 4232 2702 4283 sum,
2728 4226 2785 4271 ut
2813 4216 2974 4272 simul
3003 4214 3104 4285 ipsi
3137 4215 3321 4270 consi-

1771 4323 1973 4370 sterent
1996 4314 2049 4366 in
2084 4326 2188 4375 me,
2215 4320 2273 4365 ut
2302 4326 2386 4365 me
2415 4309 2741 4365 occiderent.

1839 4407 1927 4462 46.
1964 4404 2133 4459 Visita
2160 4420 2253 4459 cor
2276 4418 2481 4468 meum,
2520 4410 2575 4457 et
2621 4402 2853 4463 attende,
2898 4401 2943 4455 si
2972 4401 3027 4453 in
3066 4397 3319 4453 omnibus

1768 4500 1861 4556 tibi
1890 4498 2238 4566 obtemperet.

1838 4591 1928 4645 47.
1958 4588 2199 4660 Dijudica
2243 4602 2337 4643 cor
2374 4601 2577 4653 meum,
2610 4594 2663 4641 et
2703 4599 2935 4655 agnosce
2963 4584 3318 4657 cOgitaliones

1692 4694 1734 4748 D
1764 4700 1929 4742 meas.

1836 4776 1923 4832 48.
1959 4775 2023 4832 Et
2053 4776 2098 4831 si
2130 4771 2400 4829 inveneris
2427 4771 2481 4825 in
2505 4785 2590 4826 me
2620 4771 3087 4841 concupiscentias
3121 4784 3316 4834 ωαψς.

1763 4872 1897 4941 ejice
1924 4886 2037 4934 eas,
2070 4867 2239 4936 gratia
2272 4875 2381 4919 tua.

1830 4963 1919 5018 49.
1951 4961 2015 5015 Et
2044 4960 2219 5015 deduc
2247 4974 2334 5013 me
2367 4960 2421 5013 in
2454 4957 2617 5015 vitam
2651 4965 2929 5013 aeternam.

1044 5138 1352 5201 Addenda
1386 5143 1447 5199 et
1478 5136 1847 5217 corrigenda
1882 5155 1960 5199 ex
2005 5136 2147 5199 cod.
2177 5137 2375 5201 Vatic.

170 5321 249 5463 il)
279 5324 646 5396 Πολεμοῦντές
679 5344 763 5396 με.

196 5394 249 5461 2)
287 5394 588 5450 Ἀπειθοῦσι
640 5400 751 5460 τοῖς

196 5394 249 5461 2)
287 5393 588 5467 Ἀπείθοῦσι
640 5393 751 5460 τοῖς
780 5465 789 5467 _
820 5395 1196 5467 προστάγμασί
1262 5412 1355 5449 σου
1379 5393 1655 5467 Δἐξετηκό-

96 5478 230 5535 μην,
260 5474 389 5533 etc.,
417 5466 475 5521 δὲ
504 5468 720 5539 νοητέον
746 5465 835 5520 τὸν
867 5464 1023 5519 αὑτὸν
1058 5464 1264 5537 στίχον*
1297 5464 1409 5531 καί,
1444 5476 1546 5521 etc.

1832 5326 1907 5395 (5)
1934 5326 2047 5380 Ἵνα
2076 5328 2174 5389 εἰς,
2204 5335 2310 5385 etc.

1828 5398 1903 5471 (4)
1931 5398 2153 5468 Δίωνίᾳ,
2187 5408 2293 5453 etc.
