4094 6322
724 378 865 436 1287
1587 372 1645 427 S.
1685 369 2052 426 ATHANASII
2091 368 2239 428 OPP.
2283 371 2463 429 PARS
2502 371 2589 427 Ill.
2629 401 2697 413 —
2735 370 3141 430 EXEGETICA.
3816 377 3948 434 1283

815 495 882 552 In
901 493 1362 566 ﬁnem:Psalmus
1389 494 1571 552 David.
1608 492 1807 548 PSAL.
1845 493 2159 550 CXXXIX.
2299 500 2346 557 Α
2431 544 2432 547 η

2299 500 2346 557 Α
2431 497 2535 561 Εἰς
2563 493 2630 548 τὸ
2655 493 2830 561 τέλος
2863 497 3103 566 ψαλμὸς
3128 495 3208 560 τῷ
3235 496 3428 551 Δαόἰδ.
3471 499 3644 552 ΨΑΛ.
3682 499 3873 552 PAO.

787 587 837 644 1.
869 586 1030 657 Eripe
1060 603 1165 653 me,
1202 586 1445 651 Domine,
1475 588 1542 642 ab
1576 587 1797 642 homine
1827 587 1969 641 malo
2003 609 2014 642 :

2447 588 2496 641 1.
2527 588 2735 652 Ἐξελοῦ
2764 607 2850 659 με,
2884 588 3074 660 Κύριε,
3109 587 3169 654 ἐξ
3195 588 3479 660 ἀνθρώπου
3511 589 3786 661 πονηροῦ·

785 679 839 735 2.
867 680 907 734 A
939 681 1054 735 viro
1081 680 1266 751 iniquo
1289 681 1435 750 eripe
1471 695 1575 735 me.

2441 678 2495 731 2.
2526 680 2656 732 Ἀπὸ
2689 680 2884 751 ἀνδρὸς
2916 679 3100 732 ἀδίκου
3135 679 3295 750 ῥῦσαί
3325 698 3410 752 με.

785 771 840 828 5.
869 772 971 837 Qui
995 773 1363 842 cogitaverunt
1396 771 1705 842 iniquitates
1747 774 1798 827 in
1834 774 2031 828 corde:

2442 768 2492 821 5.
2539 768 2746 833 Οἴτινες
2779 768 3090 838 ὲλογίσαντο
3120 770 3330 826 ἀδικίαν
3357 773 3412 824 ὲν
3442 772 3634 844 καρδίᾳ
3655 790 3667 801 ·

785 865 837 918 4.
874 864 1006 919 Tota
1035 865 1120 920 die
1150 866 1547 919 constituebant
1583 866 1784 934 praelia.

2441 856 2494 910 4.
2512 856 2676 928 Ὀλην
2697 857 2793 928 τήν
2827 859 3038 930 ἡμέραν
3063 859 3459 930 παρετάσσοντο
3490 859 3785 930 πολέμους.

787 958 837 1012 5.
873 957 1147 1011 Acuerunt
1183 959 1390 1028 linguas
1414 973 1540 1013 suas
1584 958 1721 1012 sicut
1747 960 2050 1026 serpentis:

2429 949 2495 1002 .5.
2521 949 2822 1021 Ἠκὸνησαν
2846 950 3094 1020 γλῶσσαν
3115 950 3292 1005 αὐτῶν
3316 951 3446 1005 ὡσεὶ
3474 952 3647 1021 ὄφεως
3665 964 3679 983 ⁸

783 1048 836 1104 6.
865 1048 1142 1104 Venenum
1178 1050 1424 1120 aspidum
1453 1051 1554 1106 sub
1581 1051 1739 1105 labiis
1768 1066 1980 1105 eorum.

2442 1039 2497 1092 6.
2524 1040 2622 1104 Ἰὸς
2649 1042 2887 1096 ἀσπίδων
2913 1044 3016 1097 ὑπὸ
3034 1044 3102 1099 τά
3131 1045 3280 1116 χείλη
3305 1043 3500 1098 αὐτῶν.

786 1141 834 1194 7.
864 1140 1086 1196 Custodi
1113 1158 1224 1205 me,
1260 1141 1518 1208 Domine,
1544 1142 1609 1197 de
1637 1158 1796 1197 manu
1828 1144 2126 1213 peccatoris

2442 1132 2493 1186 7.
2530 1132 2768 1198 Φύλαξόν
2798 1151 2887 1206 με,
2918 1135 3111 1206 Κύριε,
3137 1139 3200 1191 ὲκ
3231 1137 3410 1211 χειρὸς
3435 1135 3793 1208 ἀμαρτωλοῦ·

783 1233 835 1288 8.
871 1235 951 1288 Ab
975 1234 1281 1289 hominibus
1315 1235 1515 1304 iniquis
1537 1235 1684 1304 eripe
1712 1251 1796 1289 me
1821 1255 1834 1291 :

2436 1225 2487 1282 8.
2515 1227 2646 1281 Ἀπὸ
2670 1227 2969 1301 ἀνθρώπων
2994 1229 3191 1285 ἀδίκων
3222 1229 3406 1298 ἐξελοῦ
3440 1249 3504 1302 με
3524 1248 3535 1257 ·

783 1327 833 1380 9.
874 1325 974 1394 Qui
999 1328 1370 1398 cogitaverunt
1392 1329 1735 1398 supplantare
1765 1344 1985 1398 gressus
2019 1344 2190 1384 meos.

2438 1336 2490 1390 9.
2532 1335 2739 1400 Οῖτινες
2762 1337 3125 1409 διελογίσαντο
3149 1339 3242 1393 τοῦ
3264 1341 3336 1411 (a‘,
3360 1341 3710 1395 ὑποσκελίσαι
3731 1339 3812 1393 τά
3843 1339 3953 1393 δια-

2369 1425 2436 1497 ὁή
2445 1425 2589 1496 ματά
2616 1444 2737 1496 μου.

782 1503 864 1558 10.
899 1503 1307 1562 Absconderunt
1337 1509 1551 1578 superbi
1585 1510 1836 1579 laqueum
1869 1511 2024 1564 mihi.

1962 1511 2024 1564 τί.
2443 1518 2528 1572 10.
2552 1519 2833 1590 Ἔκρυψαν
2858 1521 3193 1593 ὑπερήφανοι
3229 1525 3430 1593 παγίδα
3461 1542 3579 1595 μοι’

787 1595 871 1649 ll.
904 1595 1826 1673 Etfunibusextenderuntlaqueum
1851 1604 2079 1672 pedibus
2100 1605 2263 1662 meis:

2450 1607 2535 1662 Η.
2577 1610 2687 1663 Καὶ
2719 1613 2970 1682 σχοινίοις
2996 1615 3252 1670 διέτειναν
3279 1618 3477 1686 παγίδα
3506 1621 3615 1682 τοῖς
3649 1621 3779 1673 ποσί
3809 1639 3912 1690 μου
3934 1638 3947 1652 '

783 1686 868 1739 l2.
901 1685 1057 1742 Juxta
1085 1689 1185 1744 iter
1213 1691 1462 1746 scandala
1507 1703 1805 1762 posuerunt
1836 1693 1986 1748 mihi.

2446 1699 2530 1753 i2.
2559 1701 2819 1772 Ἐχόμενα
2843 1705 3028 1777 τρίϐου
3061 1709 3326 1764 σκάνδαλα
3357 1685 3536 1765 ἕθεντὸ
3571 1729 3680 1782 μοι.

785 1802 858 1871 (a)
893 1801 1041 1859 Vers.
1072 1805 1124 1858 3.
1162 1805 1370 1871 Omnes,
1396 1816 1497 1862 etc.
1524 1809 1552 1876 ᾗ
1580 1807 1633 1862 4.
1661 1808 1784 1876 Qui,
1814 1817 1944 1874 etc.,
1975 1819 2026 1864 et
2055 1809 2134 1864 sic
2160 1809 2437 1881 deinceps,
2465 1811 2518 1866 h.
2543 1830 2591 1868 e.
2622 1829 2765 1871 vers.
2808 1817 2861 1871 in
2894 1818 3014 1874 cod.
3043 1817 3161 1874 Vat.
3189 1831 3312 1875 sunt
3340 1839 3393 1877 n.
3419 1822 3451 1876 8

1815 1971 2182 2028 ATHANASII
2242 1975 2834 2040 INTERPRETATIO.

789 2118 1520 2218 'H-rtpoxetpévqém'fpatpi]
1542 2126 1786 2218 ,περιέχει
1815 2126 1911 2218 (1)’
1942 2132 2045 2196 Εἰς
2072 2130 2138 2184 τὸ
2169 2131 2341 2200 τέλος
2369 2135 2449 2201 τῷ
2473 2138 2651 2192 Δαὸὶδ
2679 2139 2942 2210 ψαλμὸς,
2978 2142 3114 2214 ὅπερ
3147 2146 3504 2218 ἑρμηνεύεται
3545 2146 3672 2218 περὶ
3709 2147 3822 2202 τῶν
3860 2151 3953 2203 ἐπὶ

712 2212 986 2283 συντελείᾳ
1018 2213 1126 2264 τῶν
1155 2213 1364 2267 αἰώνων
1395 2215 1689 2285 μελλόντων
1732 2216 1946 2271 ἔσεσθαι
1995 2223 2108 2284 τοῖς
2150 2222 2565 2296 ἀνθισταμένοις
2598 2233 2664 2301 τῇ
2699 2231 2948 2304 ἀληθείᾳ,
2979 2235 3071 2288 καὶ
3086 2212 3227 2308 περί
3248 2212 3347 2309 τῆς
3376 2212 3799 2311 μισθαποδοσίας
3844 2244 3953 2296 τῶν

712 2309 879 2376 ἁγίων
927 2310 1136 2406 εἴρηται
1178 2309 1390 2381 ψαλμὸς
1430 2311 1510 2378 τῷ
1556 2311 1739 2378 ικανῷ
1772 2312 1846 2382 τῇ
1882 2315 2355 2384 χειρί,-τουτέστιν
2382 2320 2458 2393 τῷ
2489 2323 2604 2395 Υίῷ
2624 2324 2719 2378 τοῦ
2745 2325 2882 2380 Θεοῦ
2902 2346 2914 2359 ·
2941 2331 3098 2385 τοῦτο
3120 2335 3227 2404 γάρ
3261 2309 3617 2406 ἑρμηνεύεται
3647 2337 3850 2403 Δαϐὶδ,
3875 2340 3953 2397 ὡς

712 2403 970 2467 πολλάκις
1001 2404 1194 2475 είρήκα
1203 2421 1320 2470 μεν.

787 2520 1002 2618 Titulus
1035 2523 1360 2618 prapositus
1393 2523 1632 2618 continet
1661 2543 1674 2578 ε
1713 2523 1778 2580 In
1807 2527 1962 2597 ﬁnem
1983 2533 2221 2599 psalmus
2252 2533 2447 2605 David,
2480 2540 2627 2609 quod
2655 2542 3041 2611 interpretatur
3109 2547 3176 2601 de
3236 2547 3321 2612 iis,
3351 2563 3471 2618 quae
3499 2549 3552 2602 in
3585 2550 3693 2606 fine
3718 2553 3952 2608 saculo-

707 2629 832 2666 rum
865 2612 1047 2666 futura
1076 2623 1206 2668 sunt
1236 2614 1367 2679 illis,
1402 2615 1496 2683 qui
1529 2616 1792 2673 resistunt
1823 2623 2057 2689 veritati,
2083 2635 2137 2680 et
2169 2627 2235 2682 de
2257 2630 2616 2688 retributione
2649 2643 2998 2693 sanctorum:
3029 2639 3204 2696 dictus
3233 2650 3316 2698 est
3343 2612 3583 2712 psalmus
3611 2661 3771 2698 manu
3797 2646 3949 2713 forti,

710 2705 814 2760 hoc
841 2716 924 2760 est
952 2706 1044 2761 Dei
1078 2706 1234 2773 Filio,
1262 2709 1336 2764 ita
1365 2711 1509 2764 enim
1541 2711 1923 2785 interpretatur
1955 2716 2141 2785 David,
2167 2729 2228 2778 ut
2252 2722 2457 2794 pluries
2480 2725 2740 2784 diximus.

781 2863 832 2916 l.
871 2861 1058 2919 Libera
1093 2881 1210 2930 me,
1241 2865 1499 2937 Domine,
1532 2871 1599 2925 ab
1627 2871 1718 2938 iis,
1752 2875 1847 2943 qui
1880 2879 2114 2947 speciem
2142 2882 2268 2951 qui-
2296 2891 2342 2947 Β

2332 2895 2342 2945 ι
2441 2886 2493 2942 1.
2534 2887 2820 2959 Λύτρωσαί
2843 2907 2931 2961 με,
2960 2890 3152 2960 Κύριε,
3179 2893 3243 2945 ὲκ
3264 2892 3372 2947 τῶν
3403 2894 3632 2965 ἑχόντων
3665 2897 3949 2968 μόρφωσιν

708 2955 828 3010 dem
860 2957 1058 3011 habent
1085 2959 1322 3026 pietatis,
1340 2962 1458 3030 ejus
1481 2973 1664 3018 autem
1693 2965 1962 3037 denegaat
1985 2971 2267 3030 virtutem.

2373 2975 2472 3047 μὲν
2498 2955 2794 3046 εὐσεῦείας,
2948 2981 3004 3035 δὲ
3031 2955 3256 3054 δύναμιν
3283 2955 3905 3056 αὑτῆς-ἠρνημένοιλὲ).

778 3049 832 3103 2.
868 3050 951 3104 Ab
976 3051 1123 3103 omni
1161 3051 1308 3115 viro,
1343 3054 1439 3123 qui
1483 3065 1727 3115 armatus
1772 3068 1856 3115 est
1901 3071 2092 3121 contra
2122 3067 2270 3122 veri-

2441 3071 2493 3126 2.
2516 3073 2648 3127 Ἀπὸ
2678 3049 3255 3148 παντὸς-ὁπλιζομένου
3275 3049 3418 3131 κατά⁷
3439 3049 3538 3142 τῆς
3562 3049 3828 3149 ἀληθείας
3849 3049 3945 3151 (.3)-

709 3150 895 3197 tatem.

782 3234 834 3288 '5.
867 3234 969 3300 Qui
994 3235 1395 3292 simulationem
1427 3239 1627 3296 habent
1656 3243 1710 3297 in
1739 3261 1798 3300 se
1828 3246 1984 3318 ipsis.

2441 3252 2493 3306 5.
2536 3251 2742 3317 Οἴτινες
2761 3253 2860 3324 τὴν
2885 3255 3169 3326 ὑπόκρισιν
3204 3256 3414 3326 ἔχουσιν
3440 3261 3497 3312 ὲν
3527 3261 3759 3325 ἑαυτοῖς.

781 3326 831 3380 ι.
871 3325 1094 3397 Semper
1124 3325 1306 3383 festini
1331 3338 1458 3385 sunt
1478 3332 1543 3386 ad
1576 3332 1903 3391 fundendum
1923 3342 2264 3412 sanguinem.

2162 3358 2264 3398 em.
2442 3345 2494 3400 4.
2515 3346 2894 3410 Ἀδιαλείπτως
2922 3325 3128 3417 ταχινοί
3157 3325 3263 3401 εἰσι
3286 3349 3377 3401 τοῦ
3402 3351 3586 3420 ἐκχέαι
3618 3346 3779 3418 αἷμα.

781 3417 833 3474 5.
871 3417 1151 3488 Decipiunt
1204 3420 1362 3476 bonis
1418 3422 1472 3477 in
1527 3426 1759 3494 speciem
1795 3434 2162 3502 sermonibus,
2213 3446 2268 3491 et

2443 3438 2493 3492 5.
2534 3438 2629 3492 Διά
2662 3439 2759 3511 τῆς
2783 3441 3169 3510 χρηστολογίας
3197 3441 3291 3495 και
3310 3417 3553 3511 εὐλογίας
3576 3417 3830 3497 ἀπατῶσι
3853 3445 3950 3512 τὰς

709 3511 848 3566 fictis
891 3511 1137 3566 laudibus
1174 3513 1387 3568 animas
1431 3515 1778 3586 simplicium,
1810 3526 2267 3594 quemadmodum

2369 3528 2546 3601 ψυχὰς
2573 3537 2680 3584 τῶν
2704 3531 2945 3596 ἀκάκων,
2980 3532 3167 3604 ὥσπερ
3199 3536 3228 3587 ὁ
3257 3534 3378 3603 ὄφις
3407 3534 3494 3588 διά
3524 3536 3632 3589 τῶν
3652 3537 3830 3605 λόγων
3853 3511 3951 3590 αὖ.

709 3615 931 3671 serpens
959 3602 1300 3660 sermonibus
1333 3605 1446 3661 suis
1463 3605 1627 3662 Evam
1655 3610 1887 3683 decepit.

1405 3605 1446 3661 is
1463 3605 1627 3662 Evam
1655 3610 1887 3683 decepit.
2371 3621 2464 3676 τοῦ
2492 3621 2634 3677 Εὕαν
2665 3613 3022 3696 ἐξηπάτησεν.

779 3693 832 3748 6.
859 3693 1111 3751 Doctrina
1141 3711 1326 3751 eorum
1353 3738 1367 3762 ,
1414 3709 1467 3754 et
1510 3702 1807 3760 admonitio
1850 3709 2133 3765 mortifera
2163 3727 2266 3781 est,

2441 3716 2494 3770 6.
2521 3717 2587 3768 Ἥ
2625 3693 2942 3773 διδασκαλία
2968 3719 3146 3772 αὐτῶν
3171 3719 3265 3773 καὶ
3295 3723 3325 3790 ή
3357 3719 3604 3774 νουθεσία
3636 3721 3950 3793 θανατηφό-

709 3786 873 3841 veluti
909 3803 1173 3841 venenum
1202 3790 1427 3859 aspidis.

2374 3827 2464 3881 ρος
2496 3809 2773 3880 τυγχάνει,
2810 3811 2884 3874 ὡς
2915 3813 2943 3864 ὁ
2976 3812 3052 3875 ίὸς
3082 3811 3181 3883 τῆς
3209 3786 3449 3876 ἀσπίδος.

782 3877 832 3930 7.
865 3877 946 3931 Ab
979 3878 1291 3948 hujusmodi
1328 3882 1640 3941 hominibus
1668 3891 1880 3945 custodi
1916 3906 2037 3958 me,
2081 3892 2268 3951 Domi-
2374 3877 2384 3881 ⁷

2374 3877 2384 3881 ν
2441 3902 2492 3957 7.
2519 3877 2755 3969 Φῦλαξόν
2794 3920 2882 3972 με,
2922 3903 3115 3973 Κύριε,
3139 3877 3205 3956 εκ
3230 3903 3336 3957 τῶν
3371 3905 3645 3968 τοιούτων,
3697 3905 3778 3958 ὅτι
3828 3907 3955 3976 χεὶρ

711 3985 796 4034 ne,
825 3972 1080 4041 quoniam
1114 3988 1306 4029 manus
1337 3975 1536 4033 diaboli
1578 3990 1724 4035 sunt.

1503 3979 1536 4032 Ii
1578 3990 1724 4035 sunt.
2371 3993 2463 4047 τοῦ
2498 3993 2742 4049 διαϐόλου
2769 3972 3118 4066 ὑπάρχουσιν.

782 4061 835 4116 8.
869 4064 1022 4133 Eripe
1045 4079 1132 4118 me
1160 4064 1227 4118 ab
1258 4066 1569 4126 hominibus
1593 4073 1959 4133 detinentibus
1982 4081 2266 4138 veritatem

2443 4088 2495 4142 8.
2534 4088 2667 4140 ’Δπὸ
2706 4061 3006 4159 ἀνθρώπων
3055 4088 3162 4141 τῶν
3211 4087 3310 4160 τὴν
3341 4087 3597 4154 ἀλήθειαν
3655 4091 3715 4142 ὲν
3761 4090 3955 4158 ἀδικίᾳ

710 4153 764 4208 in
792 4156 1055 4224 injustilia
1079 4158 1120 4212 ⁸.

2373 4181 2706 4251 κατεχόντων
2738 4153 2920 4248 ἐξελοῦ
2945 4199 3031 4252 με.

777 4246 830 4301 9.
866 4249 968 4313 Qui
1007 4252 1246 4304 meditati
1283 4261 1409 4307 sunt
1453 4259 1836 4322 persuasibiles
1879 4278 2158 4321 sermones
2200 4267 2266 4322 ad
2295 4267 2337 4325 (Ξ

2441 4246 2734 4338 9.’ί)ἴτινες
2779 4246 3069 4346 έσκέχίιντο
3112 4274 3189 4345 (Δ)
3235 4273 3595 4345 πιθανότητας
3626 4274 3802 4343 λόγων
3844 4275 3955 4328 ἀπὸ

711 4337 1078 4393 deducendum
1114 4357 1197 4394 me
1229 4358 1256 4396 a
1283 4342 1483 4398 Christi
1509 4347 1630 4402 lide.

2367 4369 2461 4424 τοῦ
2490 4372 2820 4439 καταγαγεῖν
2846 4337 3044 4440 με’-ἀπὸ
3075 4337 3180 4439 τήςί
3211 4371 3290 4432 εἰς
3320 4337 3547 4441 Χριστὸν
3580 4337 3846 4434 πίστεως.

783 4429 867 4531 ιο.
904 4431 1379 4506 Congregaverunt
1425 4440 1526 4494 sibi
1571 4441 1722 4511 ipsis,
1777 4446 1869 4512 qui
1916 4445 2011 4502 Dei
2059 4451 2273 4508 veritati

2442 4459 2530 4515 10.
2562 4429 2871 4530 Συνήγαγον
2899 4429 3401 4530 ὲαυτοὺςῖὲαυτοῖς]
3431 4457 3508 4530 (5)
3535 4459 3584 4511 οἱ
3618 4461 3684 4530 τῇ
3714 4429 3958 4531 ἀληθεία

710 4522 990 4588 resistunt,
1027 4541 1304 4584 sermones
1360 4532 1628 4602 quosdam
1683 4537 1980 4606 captiosos,
2032 4541 2274 4599 volentes

2371 4551 2463 4605 τοῦ
2493 4551 2626 4605 Θεοῦ
2654 4522 3030 4622 ἀν’θιστάμενοι
3075 4522 3262 4619 λόγους
3287 4522 3448 4614 τινάς
3847 4522 3958 4607 ττιιιζ

711 4628 798 4667 me
834 4614 1064 4685 illaquea
1075 4632 1148 4671 re.

2373 4640 2612 4711 γιδεῦσαί
2639 4659 2705 4712 με
2737 4614 2994 4706 θέλοντες.

783 4702 868 4758 Η.
909 4703 974 4760 Ει
1000 4721 1171 4764 nexus
1203 4711 1468 4779 quosdam
1519 4729 1744 4782 eorum,
1785 4720 1879 4788 qui
1929 4721 1981 4775 in
2025 4739 2276 4782 sermone
2385 4702 2397 4711 I

2385 4702 2397 4711 I
2455 4734 2539 4788 ll.
2566 4702 2675 4789 Κέι
2705 4734 2906 4799 πλοκάς
2933 4702 3082 4798 τινας
3117 4733 3192 4805 (6)
3221 4735 3327 4789 τῶν
3363 4735 3814 4809 διεστραμμένων
3851 4740 3956 4794 αὑ-

712 4809 813 4849 suo
848 4797 1082 4864 perversi
1108 4809 1254 4865 sunt,
1290 4801 1356 4856 ad
1380 4805 1945 4873 comprehendendum
1985 4829 2069 4870 me
2100 4826 2275 4873 teten-

2198 4834 2275 4872 :n-
2375 4824 2481 4879 τῶν
2506 4823 2674 4894 λόγων
2705 4797 3052 4899 προσέτεινάν
3068 4797 3289 4898 phiam
3316 4825 3375 4881 τὸ
3402 4797 3663 4887 λαδέσθαιί
3689 4847 3815 4901 μου.

712 4887 907 4940 derunt
927 4889 1083 4944 mihi.

785 4979 872 5079 l2.
907 4979 970 5035 Et
1000 4985 1324 5083 quaestiones
1369 4989 1633 5059 quasdam
1671 4994 1899 5063 noxias,
1956 5006 2011 5053 et
2052 5000 2274 5057 inutiles

2445 5005 2529 5059 i2.
2583 5007 2690 5061 Καὶ
2737 5006 2990 5080 ζητήσεις
3032 5009 3181 5074 τινὰς
3216 5009 3479 5083 βλαϐερὰς
3510 5012 3606 5066 καὶ
3644 5013 3955 5082 ἀνωφελεῖς

714 5070 1014 5140 injecerunt
1038 5075 1189 5131 mihi.

2377 5070 2766 5167 προσεϐάλοντδ
2904 5070 3011 5172 μοι.

782 5233 801 5262 ⁸
829 5232 980 5292 Rom.
1009 5255 1024 5292 ι
1074 5240 1158 5294 l8.

1657 5409 1955 5474 Addenda
2004 5422 2065 5476 et
2097 5415 2471 5495 corrigenda
2518 5433 2594 5478 ex
2627 5418 2762 5479 cod.
2794 5419 2990 5480 Vatic.

813 5565 864 5661 Ω
879 5565 1181 5661 τῆς
1206 5575 1568 5648 κινναϐάρεως
1593 5597 1850 5651 περιεχει,
1891 5593 1996 5637 etc.

1410 5576 1568 5648 ἱρεως
1593 5597 1850 5651 περιεχει,
1891 5593 1996 5637 etc.
2446 5593 2521 5658 (5)
2544 5593 2633 5644 Ἐν
2664 5595 2896 5661 ἐαυτοις,
2924 5603 3027 5652 etc.

807 5634 863 5762 ἐξ
885 5637 1281 5762 ’ῗίέἓξίξιῖῗνᾶῦ
1289 5719 1375 5762 σαί
1407 5737 1468 5762 ηρ

3210 5670 3384 5726 αὐτῶν
3405 5670 3580 5739 λόγων
3618 5665 3952 5741 προέτεινὼν

786 5706 1181 5845 mmet...
1219 5715 1375 5786 ρῡσαι
1406 5737 1489 5790 με.
1825 5794 1833 5806 ,
2379 5706 2589 5802 μοὶνέπί
2608 5706 3086 5806 summa

897 5778 1202 5845 Εψευσαντο
1225 5788 1578 5845 πιθανότητας
1602 5809 1750 5845 τινας
1778 5793 1967 5845 λογων.
2006 5803 2107 5845 etc.
2445 5803 2519 5845 l'n
2558 5804 2920 5845 Πηηςεάληυφδς
2956 5825 3039 5845 nm

809 5775 860 5845 4)
881 5775 1202 5849 Ἐψέύσαντο
1219 5775 1578 5854 ’πιθανδττττάς
1602 5809 1750 5858 τινας
1778 5793 1968 5864 λόγων,
2006 5803 2107 5852 etc.
2379 5775 3064 5879 ,μνῦῖ
