4094 6322
147 349 304 404 1289
1062 353 1148 407 DE
1190 353 1468 408 TITUIJS
1509 353 1961 410 PSALMORUM.
2004 387 2070 395 —
2108 355 2301 411 PSAL.
2333 356 2620 412 CXXXIX.
3273 359 3410 417 1290

231 468 320 520 13.
363 463 502 520 Εἷπα
530 468 606 539 τῷ
633 471 822 539 Κυρίῳ
841 486 853 498 ·
885 469 1016 532 Θεός
1052 489 1152 540 μου
1182 469 1232 524 εἷ
1259 472 1344 526 σύ.
1767 487 1812 538 Α

1767 487 1812 538 Α
1917 474 1997 527 15.
2036 473 2154 526 υἰιί
2187 474 2411 528 Domino
2441 495 2451 527 :
2487 473 2629 531 Deus
2662 491 2817 533 meus
2847 493 2905 534 es
2930 485 3008 533 tu.

228 557 320 613 14.
351 558 649 622 Ἑνὼτισαι,
670 561 862 631 Κύριε,
888 560 987 632 τὴν
1018 563 1200 631 φωνὴν
1227 564 1326 632 τῆς
1354 562 1589 634 δεήσεως
1619 581 1740 633 μου.

1914 563 1998 616 ll.
2038 565 2264 628 Exaudi,
2290 563 2539 631 Domine,
2576 582 2759 621 vocem
2790 569 3191 638 deprecationis
3219 589 3370 631 mea.

227 651 319 703 13.
362 652 553 721 Κύριε,
585 652 776 723 Κύριε,
809 652 1039 722 δύναμις
1065 654 1163 722 τῆς
1198 656 1472 726 σωτηρίας
1509 672 1634 725 μου,

1581 673 1634 718 υ,
1916 653 2002 706 15.
2041 653 2289 717 Domine,
2325 653 2574 722 Domine,
2611 658 2784 712 virtus
2816 659 3009 716 salutis
3032 677 3198 726 meae,

234 742 322 795 16.
353 745 706 809 Ἐπεσκίασας
735 747 825 798 ἐπὶ
852 746 950 816 τὴν
983 747 1219 815 κεφαλήν
1246 764 1345 817 μου
1370 750 1426 800 ὲν
1447 748 1628 818 ἡμέρᾳ
1649 763 1745 798 πο-

1716 777 1745 788 ι-
1917 741 2002 795 16.
2031 741 2376 798 Obumbrasti
2405 759 2567 814 super
2589 757 2752 816 caput
2777 763 2956 803 meum
2989 749 3041 804 in
3077 751 3164 806 die
3191 753 3333 808 belli.

148 833 212 884 λέ
225 850 330 901 μου
341 873 353 885 .

231 923 322 978 17.
363 924 452 995 Μὴ
503 924 759 997 παραδῷς
802 942 868 995 με
901 925 998 997 (a),
1028 925 1220 994 Κύριε,
1257 925 1363 977 ἀπὸ
1405 925 1504 994 τῆς
1555 925 1743 979 ἐπιθυ-

1917 916 2001 970 17.
2035 915 2112 972 Ne
2137 919 2315 974 tradas
2343 936 2445 988 me,
2475 919 2721 985 Domine.
2769 941 2798 979 a
2823 925 3092 983 desiderio
3135 945 3254 986 meo
3284 949 3411 1001 pec-

151 1015 293 1086 μίας
333 1034 429 1086 μου
456 1016 788 1087 ἁμαρτωλῷ.

412 1036 429 1068 J
456 1016 788 1087 ἁμαρτωλῷ.
1842 1009 2029 1064 catori.

235 1108 324 1162 18.
364 1107 738 1177 Διελογίσαντο
768 1111 886 1162 κατ’
912 1107 1069 1179 ἐμοῦ,
1104 1109 1179 1180 μὴ
1226 1109 1596 1180 ἐγκαταλίπῃς
1653 1128 1738 1181 με,

1915 1102 2000 1155 18.
2031 1103 2416 1174 Cogitaverunt
2443 1117 2631 1164 contra
2661 1126 2746 1166 me
2772 1152 2786 1178 ,
2819 1127 2887 1168 nc
2916 1115 3258 1188 derelinquas
3299 1136 3403 1187 me,

155 1198 381 1268 μήποτε
411 1197 718 1266 ὑψωθῶσιν.

1846 1212 1912 1249 ne
1943 1196 2081 1250 forte
2108 1199 2430 1254 exaltentur.

235 1289 323 1343 19.
348 1291 412 1342 Ἠ
441 1291 648 1362 κεφαλὴ
677 1289 769 1341 τοῦ
801 1288 1156 1359 κυκλώματος
1189 1288 1387 1343 αὐτῶν.

1135 1309 1156 1352 ;
1189 1288 1387 1343 αὐτῶν.
1919 1289 2005 1343 19.
2044 1289 2219 1360 Caput
2244 1292 2509 1348 circuitus
2535 1310 2744 1348 eorum.

230 1378 324 1431 9.0.
366 1381 543 1443 Κόπος
565 1380 672 1432 τῶν
697 1379 918 1448 χειλέων
943 1378 1120 1432 αὐτῶν
1148 1378 1373 1448 καλύψει
1404 1379 1598 1442 αὐτούς
1620 1396 1634 1410 ο

1579 1396 1634 1442 ς·
1914 1381 2004 1435 20.
2043 1381 2220 1437 Labor
2246 1383 2515 1440 labiorum
2547 1387 2789 1456 ipsorum
2818 1399 3024 1458 opertet
3062 1407 3155 1446 eos
3185 1412 3196 1447 :

229 1469 321 1523 21.
366 1470 659 1523 ιΙεσοῦνται
683 1472 770 1522 ἐπ’
794 1470 989 1533 αὐτοὺς
1014 1469 1288 1542 ἄνθρακες
1308 1485 1320 1498 ·

1262 1488 1288 1534 ς
1308 1485 1320 1498 ο
1912 1473 2001 1526 21.
2043 1475 2248 1529 Cadent
2277 1491 2439 1546 super
2463 1493 2558 1532 eos
2585 1479 2878 1535 carbones:

229 1562 320 1614 22.
353 1564 437 1614 Ἐν
462 1563 594 1633 πυρὶ
624 1562 947 1626 καταϐαλεῖς
976 1564 1173 1627 αὐτούς
1205 1562 1287 1634 [ὲν
1309 1565 1374 1634 τῇ
1403 1561 1519 1634 ﬁ“).

1403 1561 1519 1634 τῃ.
1913 1567 2002 1620 22.
2042 1566 2098 1620 In
2127 1567 2304 1637 ignem
2328 1567 2545 1638 dejicies
2579 1585 2672 1624 eos
2706 1569 2787 1643 [in
2819 1571 3005 1646 terra].

227 1654 319 1708 25.
343 1656 433 1709 Ἑν
454 1655 861 1726 ταλαιπωρίαις,
899 1656 991 1708 καὶ
1020 1656 1079 1708 οὐ
1119 1655 1192 1727 μὴ
1230 1655 1557 1710 ὑποστῶσιν.

1230 1655 1557 1710 ὑποστῶσιν.
1913 1659 2003 1712 25.
2042 1655 2097 1710 ιη
2125 1659 2361 1713 miseriis
2390 1670 2496 1713 non
2533 1661 2847 1715 subsistent.

226 1744 321 1799 24.
344 1743 506 1817 Ἀνὴρ
536 1743 860 1816 γλωσσὼδης
887 1744 948 1796 οὑ
981 1744 1471 1816 κατευθυνθήσεται
1504 1746 1596 1797 ἐπὶ
1646 1746 1743 1815 τῆς

1549 1746 1596 1797 πὶ
1646 1746 1743 1815 τῆς
1913 1750 2002 1802 24.
2035 1749 2127 1801 Vir
2150 1750 2432 1818 linguosus
2477 1766 2586 1805 non
2609 1751 2871 1822 dirigetur
2892 1752 2947 1808 in
2977 1764 3121 1810 terra
3151 1773 3166 1810 :

231 1855 294 1900 ς·
1769 1861 1810 1914 Β

142 1855 538 2002 γη25.¹Ἀνδρα
589 1924 772 1986 ἄδικον
818 1932 963 1986 κακὰ
1007 1932 1260 2004 θηρεύσει
1310 1930 1600 2004 [θηρεύσῃ]
1654 1931 1734 1993 είς

1654 1931 1734 1993 εις
1769 1861 1810 1914 Β
1913 1928 2002 1982 25.
2038 1929 2222 1980 Virum
2247 1928 2506 1998 injustum
2543 1932 2683 1984 mala
2711 1933 2926 2002 capient
2949 1935 3001 1990 in
3024 1935 3265 1994 interitu.

141 2020 470 2092 διαφθοράν.

221 2112 566 2182 26.¹Ἐγνων,
616 2115 698 2169 ὅτι
745 2118 956 2185 ποιήσει
1011 2114 1212 2188 Κύριος
1266 2115 1364 2184 τὴν
1406 2114 1584 2186 κρίσιν
1626 2114 1734 2166 τῶν

1911 2107 2000 2159 26.
2032 2105 2272 2176 Cognovi
2296 2145 2311 2169 ,
2352 2107 2483 2177 quia
2528 2108 2690 2164 faciet
2727 2110 2990 2170 Dominus
3027 2116 3293 2186 judicium
3326 2120 3409 2176 in-

144 2202 412 2272 πτωχῶν,

1841 2215 2002 2269 apum
2032 2239 2044 2263 ,

224 2299 310 2368 (a)
356 2300 439 2353 Με
477 2299 652 2355 deest.

1287 2368 1664 2425 ATHANASII
1702 2365 2294 2422 lNTEllPRETATlO.

221 2487 314 2548 15,
347 2486 434 2542 14.
477 2486 715 2556 (1)Ἐγὼ
745 2488 802 2541 δὲ
828 2483 959 2543 εἶπα
999 2489 1074 2562 τῷ
1100 2491 1320 2562 Κυρίῳ·
1356 2489 1488 2552 Θεός
1537 2505 1637 2560 μου
1683 2484 1735 2540 εῐ

1915 2485 1999 2549 15,
2038 2484 2122 2536 lt.
2165 2484 2278 2552 Ego
2309 2492 2489 2539 autem
2524 2485 2637 2540 dixi
2665 2485 2896 2542 Domino
2929 2507 2942 2544 :
2975 2487 3117 2546 Deus
3154 2507 3311 2548 meus
3349 2511 3409 2552 es

144 2580 217 2633 σὺ
248 2581 279 2630 ὁ
307 2579 637 2650 σταυρωθιίς
694 2579 942 2643 ἄκουσον,
976 2580 1169 2654 Κύριε,
1193 2581 1288 2635 τοῦ
1313 2597 1617 2651 στεναγμου
1637 2580 1734 2650 τῆς

1841 2584 1918 2639 tu,
1945 2578 2036 2645 qui
2066 2573 2362 2630 cruciﬁxus
2393 2589 2482 2639 es;
2517 2577 2674 2641 audi,
2717 2576 2970 2645 Domine,
2999 2582 3258 2651 gemitum
3287 2599 3410 2641 cor-

143 2670 385 2740 καρδίας
416 2688 538 2741 μου.

461 2688 538 2724 ου.
1840 2668 1925 2723 dis
1953 2668 2078 2721 mei.

224 2761 315 2814 15.
344 2761 536 2830 Κύριε,
568 2762 759 2831 Κύριε,
791 2761 858 2814 τὰ
888 2760 1186 2832 παθήματά
1211 2779 1305 2815 σου
1338 2765 1474 2816 εἰσὶν
1512 2763 1590 2825 είς
1627 2779 1731 2814 σω-

1911 2758 2000 2812 15.
2034 2756 2282 2824 Domine,
2307 2757 2558 2825 Domine,
2580 2761 2860 2830 passiones
2883 2772 2988 2820 tuae
3005 2777 3133 2822 sunt
3154 2767 3208 2822 in
3231 2784 3407 2826 meam

140 2868 217 2921 τη
227 2852 349 2923 ρίαν
377 2870 496 2922 μου.

483 2892 496 2905 .
1842 2851 2095 2906 salutem.

223 2944 312 2998 16.
349 2944 718 3015 Κατέπεμψας
745 2946 845 3016 τὴν
882 2946 1043 3017 χάριν
1069 2960 1164 3001 σου
1195 2954 1451 3020 φρουρεῖν
1473 2951 1570 3022 τὴν
1599 2968 1732 3022 καρ-

1911 2942 1998 2998 16.
2033 2942 2224 2998 Misisti
2275 2945 2502 3013 gratiam
2557 2955 2706 3004 tinam
2749 2951 2818 3006 ad
2857 2953 3278 3011 custodiendum
3318 2972 3410 3014 cor

141 3036 268 3088 δίαν
297 3052 396 3104 μου
417 3036 473 3087 ὲν
490 3035 566 3106 τῷ
596 3036 772 3108 καιρῷ
790 3037 891 3106 τῆς
914 3036 1239 3101 ἀντιθέσεως
1257 3039 1358 3108 τῆς
1383 3041 1731 3110 ψευδωνύμου

1841 3050 2021 3089 meum
2099 3035 2155 3089 in
2229 3045 2472 3107 tempore
2551 3042 2910 3112 appositionis
2988 3043 3136 3102 falsa:
3216 3063 3406 3105 eorum

142 3129 332 3180 αὐτῶν
365 3128 629 3191 συνέσεως
653 3129 752 3198 (2).

483 3128 629 3191 ἱσεως
653 3129 752 3198 (2).
1764 3131 1807 3187 C
1842 3129 2100 3184 scientiae.

220 3218 309 3272 17.
344 3219 436 3288 Μὴ
469 3220 844 3290 συγχωρήσῃς,
880 3221 1074 3292 Κύριε,
1122 3220 1200 3292 τῷ
1229 3221 1461 3293 διαϐόλῳ
1496 3222 1736 3294 ἀποστῆ-

1911 3222 1997 3278 17.
2033 3220 2111 3277 Ne
2142 3224 2449 3292 permittas,
2485 3224 2734 3292 Domine,
2760 3229 2999 3295 diabolo,
3041 3241 3098 3286 ut
3130 3249 3215 3288 me
3257 3250 3408 3290 aver-

143 3310 240 3361 σαξ
277 3325 345 3378 με
372 3309 468 3378 τῆς
501 3308 733 3374 πίστεώς
762 3329 855 3364 σου
877 3329 891 3342 ο
929 3311 1067 3384 αὕτη
1093 3312 1201 3381 γὰρ
1224 3313 1458 3384 ὑπάρχει
1488 3318 1520 3384 ἡ
1547 3314 1738 3367 ἐπιθυ-

1839 3323 1914 3366 tat
1940 3329 1968 3368 a
1995 3313 2097 3368 ﬁde
2121 3324 2213 3368 tua
2235 3352 2251 3374 .
2279 3315 2539 3383 quoniam
2573 3316 2690 3387 ipsa
2719 3328 2804 3373 est
2831 3319 3160 3377 desiderium
3201 3341 3404 3381 meum.

147 3417 249 3470 μια
283 3417 404 3470 μου.

223 3494 313 3548 18.
336 3493 663 3562 Ἐσκεψαντό
709 3512 858 3557 τινας
903 3495 1278 3566 ἐξερευνήσεις
1326 3499 1445 3548 κατ’
1475 3495 1607 3566 ἐμοῦ
1637 3497 1736 3566 (3),

1904 3486 1990 3541 18.
2022 3486 2257 3542 Meditati
2295 3498 2424 3543 sunt
2466 3490 2881 3550 adinventiones
2910 3497 3172 3566 quasdam
3215 3510 3405 3560 contra

141 3584 288 3655 πρὸς
314 3583 372 3634 τὸ
404 3583 682 3652 ἀπατῆσαί
708 3601 774 3654 με
796 3601 809 3612 ·
847 3584 1243 3659 μὴ-ἀντανέλῃς
1284 3583 1382 3658 τὴν
1420 3587 1578 3658 χάριν
1617 3604 1732 3648 σου.

1839 3595 1925 3634 me
1948 3619 1961 3642 ,
2016 3588 2073 3634 ut
2120 3595 2206 3636 me
2239 3581 2551 3651 deciperent
2581 3602 2595 3650 ;
2637 3601 2704 3640 ne
2742 3587 2960 3646 auferas
2992 3607 3022 3646 a
3055 3608 3140 3646 me
3180 3595 3405 3663 gratiam

143 3678 364 3748 μήποτε
390 3676 794 3747 καυχήσωνται,
819 3679 895 3741 ὠς
924 3679 1274 3752 ἡδικήσαντο.

1837 3678 2019 3737 tuam,
2063 3672 2352 3742 nequando
2413 3673 2732 3744 glorientur,
2768 3681 2912 3748 quod
2955 3697 3044 3738 me
3076 3684 3263 3756 inique
3305 3702 3405 3758 0p-

1875 3771 2170 3818 resserunt.

219 3854 309 3910 19.
350 3854 422 3906 Τδ
455 3853 708 3925 φρόνημα
727 3853 825 3924 τῆς
850 3854 1075 3925 καρδίας
1096 3855 1278 3909 αὐτῶν
1302 3853 1526 3918 ἀσθενὲς
1565 3854 1737 3926 ὑπάρ-

1836 3777 2170 3832 presserunt.

1471 3854 1526 3918 ὲς
1565 3854 1737 3926 ὑπάρ-
1909 3854 1995 3908 19.
2034 3854 2240 3911 Sensus
2266 3856 2447 3913 cordis
2477 3873 2667 3914 eorum
2710 3860 2959 3919 inﬁrmus
2987 3875 3086 3921 est.

189 3965 238 3999 ει
265 3946 366 4000 (ιι.

189 3965 238 3999 ει
353 3987 366 3998 .

143 3966 182 4018 χ
218 3946 661 4108 2θθἈσθενῆσαι
684 4037 908 4108 ποίησαι
933 4039 1008 4106 (5)
1035 4039 1125 4090 καὶ
1160 4039 1284 4100 τοὺς
1318 4037 1506 4105 λόγους
1528 4039 1628 4109 τῆς
1651 4054 1735 4092 σο-

1904 4023 1992 4078 20.
2025 4025 2268 4082 Infirmus
2292 4027 2442 4084 efﬁce
2467 4030 2633 4086 etiam
2660 4047 2940 4092 sermones
2987 4041 3264 4110 sapientiae
3309 4059 3400 4100 eo-

141 4127 278 4198 φίας
298 4127 496 4192 αὐτῶν,
512 4127 605 4181 καὶ
626 4126 888 4181 πεσοῦντε
908 4126 1342 4199 [ἐπιπεσοῦνται]
1361 4127 1473 4197 ἅμα
1496 4129 1695 4181 αὐτῶν.

1231 4126 1342 4199 ται]
1361 4127 1473 4197 ἅμα
1496 4129 1695 4181 αὐτῶν,
1835 4130 1976 4178 rum,
2011 4126 2064 4169 et
2089 4131 2192 4171 una
2230 4134 2354 4173 cum
2384 4120 2519 4191 ipsis
2541 4124 2848 4180 concident.

219 4219 310 4274 21.
340 4218 404 4274 Οἱ
433 4220 541 4290 γὰρ
559 4220 706 4290 λόγοι
735 4219 836 4290 τῆς
876 4221 1097 4291 χάριτος
1115 4220 1211 4288 (6),
1245 4218 1337 4283 οὒς
1360 4219 1576 4290 λαλήσω
1598 4219 1733 4292 πρὸς

1902 4208 1990 4261 2t.
2032 4207 2324 4268 Sermones
2348 4220 2494 4269 enim
2515 4217 2722 4287 gratiae,
2753 4235 2889 4289 quos
2926 4222 3116 4294 loquar
3139 4225 3204 4281 ad
3232 4227 3400 4299 ipsos,

140 4313 368 4375 αὐτοὺς,
400 4313 474 4374 ὡς
502 4311 770 4382 ἄνθρακες
800 4309 943 4381 [σου]
980 4310 1365 4363 ἐπιπεσοῦνται
1401 4313 1486 4363 ἐπ’
1508 4311 1727 4373 αὐτούς.

1238 4311 1365 4363 ἰνται
1401 4313 1486 4363 ἐπ’
1508 4311 1727 4373 αὐτούς,
1831 4300 1997 4354 veluti
2029 4302 2294 4360 carbones
2329 4307 2523 4362 cadent
2551 4324 2714 4377 super
2742 4327 2855 4366 eos.

217 4401 310 4456 22.
328 4401 436 4454 Καὶ
451 4399 527 4471 τῷ
542 4399 817 4469 Πνεῦματί
835 4415 927 4451 σου
945 4398 1020 4469 τῷ
1037 4400 1177 4469 ἁγίῳ
1193 4399 1486 4470 νεκρώσεις
1505 4400 1723 4462 αὐτούς.

1463 4400 1723 4465 ςαὺτούς,
1901 4390 1992 4443 22.
2027 4389 2092 4446 Et
2127 4392 2332 4462 Spiritu
2368 4407 2558 4452 sancto
2591 4408 2685 4454 tuo
2723 4403 2937 4458 occides
2969 4420 3080 4462 eos.

219 4493 406 4548 25.Ἐν
425 4495 540 4556 ταῖς
565 4491 959 4563 ταλαιπωρίαις
986 4490 1093 4543 τῶν
1122 4491 1527 4561 σεσοφισμένων
1547 4490 1722 4543 αὐτῶν
1758 4495 1797 4548 D

1784 4499 1797 4544 )
1901 4481 1990 4536 23.
2023 4483 2076 4537 ln
2115 4488 2350 4541 miseriis
2386 4503 2700 4546 sermonum
2731 4510 2978 4562 suorum,
3020 4515 3158 4570 quos
3185 4503 3401 4576 excogi-

139 4566 326 4650 λῖὗγων
350 4582 411 4635 οὐ
437 4583 510 4653 μὴ
537 4581 835 4654 δυνηθῶσιν
865 4580 1177 4651 ἀντιστῆναι
1215 4579 1349 4651 πρὸς
1378 4581 1435 4632 σὲ
1462 4581 1558 4652 τὴν
1593 4580 1718 4650 ἀλή-

1637 4581 1718 4650 λή.
1834 4583 2103 4638 taverunt,
2132 4592 2239 4631 non
2276 4592 2572 4648 patuerunt
2603 4585 2857 4642 resistere
2888 4566 3100 4646 veritati
3133 4605 3254 4649 tuae.

146 4675 304 4726 θειαν
346 4673 445 4741 (7).

219 4763 309 4817 24.
330 4765 737 4835 Ἀνδριξὸμενος
769 4764 912 4818 κατὰ
947 4764 1062 4829 σοῦ,
1105 4763 1199 4817 καὶ
1232 4761 1404 4816 λαλῶν
1432 4761 1726 4834 διεστραμ-

1899 4753 1988 4807 24.
2019 4752 2340 4813 Obstinatus
2365 4771 2553 4815 contra
2581 4771 2652 4829 te,
2684 4770 2737 4819 et
2758 4782 3012 4836 perverse
3034 4771 3263 4843 loquens
3287 4793 3394 4833 non

151 4857 330 4928 ειένως
357 4856 455 4925 (8),
484 4856 582 4908 οὐκ
624 4856 989 4909 εἰσελεύσεται
1019 4859 1099 4919 είς
1132 4856 1244 4909 ἄνω
1285 4852 1651 4925 Ἰερουσαλήμ.

1304 4852 1651 4925 Ιερουσαλήμ,
1832 4845 2166 4914 ingredietur
2198 4849 2251 4902 in
2277 4866 2565 4920 supernam
2599 4855 2921 4914 Jerusalem.

219 4943 312 4998 25.
337 4945 536 5013 Ἀνδρα
562 4944 948 5015 ἀνθιστάμενον
978 4947 1043 5014 τῇ
1071 4943 1298 5014 ἀληθείᾳ
1339 4943 1434 4995 τοῦ
1468 4941 1601 4994 Θεοῦ
1629 4942 1724 4996 καὶ

1901 4936 1991 4992 25.
2025 4935 2311 4994 Hominem
2339 4945 2682 5002 resistentem
2715 4950 2909 5006 divina:
2943 4956 3152 5010 veritati
3179 4969 3231 5013 et
3268 4961 3397 5016 reli-

147 5037 210 5089 αί
256 5035 442 5088 λοιπαὶ
491 5034 751 5106 ἁμαρτίαι
799 5034 1312 5107 περικυκλώσουσι,
1360 5033 1720 5103 φυλάττουσαι

1828 5042 1933 5096 qua
1966 5041 2188 5098 peccata
2217 5033 2670 5107 circumdabant,
2708 5056 2829 5110 quae
2860 5044 3166 5102 custodient
3187 5063 3312 5104 eum
3343 5053 3395 5106 in

148 5129 315 5183 αὑτὸν
337 5131 414 5191 εἰς
447 5128 740 5182 ἀπώλειαν.

510 5128 740 5182 ιώλειαν.
1831 5121 2127 5177 interitum.

220 5220 313 5274 26.
364 5214 512 5285 Οἶδα,
539 5221 620 5272 ὅτι
675 5219 889 5289 ποιήσει
919 5218 1120 5288 Κύριος
1159 5221 1258 5290 τὴν
1300 5218 1574 5289 ἐκδίκησιν
1613 5215 1721 5270 τῶν

1898 5215 1988 5268 26.
2024 5215 2178 5282 Novi,
2205 5221 2348 5289 quod
2374 5221 2537 5278 faciet
2567 5223 2829 5282 Dominus
2860 5228 3151 5285 vindictam
3178 5242 3396 5290 sancto-

149 5313 321 5382 ἀγίων
349 5311 532 5368 αὑτοῦ.

1828 5322 1890 5359 1⁵11
1902 5322 1950 5358 Ill
1985 5322 2150 5361 SliOl‘ll
2160 5325 2229 5364 m.

1102 5429 1406 5491 Addenda
1453 5437 1510 5489 et
1544 5423 1918 5506 corrigenda
1955 5442 2033 5483 ex
2065 5426 2205 5486 cod.
2241 5429 2441 5490 Vatic.

221 5527 299 5608 (1)
337 5528 403 5581 Ν.
437 5527 522 5592 15,
546 5525 708 5596 Ἐγώ,
755 5538 860 5585 etc.
910 5529 977 5580 N.
1011 5529 1372 5594 11,Ἀκουσον
1403 5529 1494 5584 τοῦ
1533 5545 1721 5582 στενα-
1997 5525 2288 5608 Ind-910v.

144 5593 316 5673 γμὲδο
337 5607 460 5673 ἒίθτ
621 5593 660 5673 ν-
816 5669 826 5673 -
851 5668 863 5673 -
1088 5593 1093 5594 ⁷
1128 5671 1136 5673 -

2012 5593 2253 5673 μιμήσει,
2291 5608 2420 5664 etc.,
2454 5602 2568 5672 ἅμα
2596 5603 2690 5656 σῦν
2720 5608 2921 5673 αὐτοῖς.

223 5667 299 5734 (2)
337 5669 622 5738 Γενὲσεως’
650 5669 749 5738 leg.
779 5668 990 5722 videtur
1019 5671 1300 5734 συνέσεως.
1703 5735 1711 5738 _

909 5678 990 5722 lur
1019 5671 1300 5734 συνὲσεως.
1703 5735 1711 5738 _
1897 5663 1972 5738 (ρ)
2012 5663 2243 5738 Χάριτός
2271 5679 2385 5735 σου,
2409 5663 2526 5730 etc.

342 5740 461 5792 Ἀπ’
489 5737 663 5814 apud:
815 5739 1105 5811 ἀντανὲλῃς
1149 5733 1435 5813 τὴνίχάριν
1481 5757 1572 5793 σου
1622 5735 1717 5794 ἀπ’
2015 5733 2156 5814 ῌΡδς
2181 5738 2276 5808 τὴν
2314 5733 2587 5814 dinem"-

146 5804 306 5883 ἐμοῦ,
333 5818 464 5871 εις..
500 5804 574 5874 ὡς
604 5804 1073 5885 ήδιτνίκήσαντεςῗ
1204 5804 1215 5811 ’
1281 5804 1310 5812 ”
1355 5804 1365 5813 ’

1902 5804 1977 5876 (8)
2019 5804 2464 5881 Δὲεστραμμένα,
2492 5826 2620 5883 elc.,
2659 5821 2736 5882 εἰς
2773 5820 2871 5896 τὴν
2905 5821 3036 5881 ἂνω.
3072 5821 3179 5875 etc.

440 5905 704 5965 ΡΑτιιοι..
735 5902 849 5965 Gn.
888 5902 1152 5965 XXV".

2995 5914 3063 5973 Η
