4094 6322
725 327 864 385 1295
1535 328 1592 382 S.
1633 329 2007 384 ATHANASII
2047 331 2198 386 OPP.
2240 328 2420 385 PARS
2462 330 2546 385 Ill.
2591 359 2658 370 -—
2695 329 3110 384 EXEGETICA.
3811 333 3934 389 1296

790 447 877 503 24.
907 447 1261 516 Singulariter
1297 465 1414 502 sum
1448 465 1546 520 ego
1574 452 1742 506 donec
1782 463 2077 506 transeam.
2308 457 2355 513 Α

2308 457 2355 513 Α
2456 452 2544 504 21.
2577 450 2892 519 Καταμόνας
2915 450 3025 518 είμὶ
3055 447 3177 516 ἐγὼ,
3194 447 3294 510 ἔως
3317 447 3381 499 ἂν
3399 444 3528 518 [ἕως
3553 438 3643 518 οὖ]
3670 448 3919 518 παρέλθω

813 557 1122 616 Intellectus
1149 561 1336 626 David,
1362 578 1477 616 cum
1500 575 1630 617 esset
1660 565 1712 616 in
1746 564 1994 633 spelunca
2026 582 2202 619 orans.

2453 569 2497 618 Σ
2504 567 2760 628 υνέσεως
2783 562 2860 627 τῷ
2886 561 3082 624 Δαόὶδ,
3109 562 3177 615 ἐν
3204 561 3281 626 τῷ
3303 558 3453 614 εἶναι
3489 561 3678 614 αὐτὸν
3713 562 3783 614 ἐν
3804 561 3879 626 τῷ

1277 651 1478 707 PSAL.
1516 653 1692 708 CXLI
1701 696 1712 708 .
2523 657 2801 722 σπηλαίῳ
2847 669 2894 722 =1.

2523 657 2801 722 σπηλαίῳ
2847 655 3350 722 προσευχόμενον.
3400 655 3573 706 ΨΑΛ.
3613 655 3804 706 PMA'.

793 747 842 799 1.
884 744 1022 798 Voce
1056 761 1172 798 mea
1209 745 1273 798 ad
1301 745 1586 799 Dominum
1621 747 1850 800 clamavi
1881 763 1892 796 :

2457 748 2505 800 1.
2539 750 2689 816 Φωνῇ
2720 765 2818 816 μου
2855 748 2988 816 πρὸς
3024 745 3220 814 Κύριον
3252 744 3523 814 ἐκέκραςα
3548 761 3562 774 ο

786 833 837 888 9..
873 835 1012 888 Voce
1050 852 1166 888 mea
1204 837 1266 887 ad
1301 835 1584 888 hominum
1611 835 1701 907 [ad
1736 835 1928 907 Deum]
1963 835 2278 905 deprecatus

2450 840 2501 892 2.
2534 842 2686 909 ¹ιιωνῇ
2713 857 2811 907 μου
2840 838 2972 908 πρὸς
3008 837 3207 909 Κύριον
3231 835 3388 908 [πρὸς
3410 837 3499 889 τὸν
3517 831 3676 908 Θεὸν]
3699 834 3935 906 ἐδεήθην.

718 941 858 980 sum.

782 1018 834 1069 ὖ.
865 1017 1092 1070 Eﬂ'undo
1119 1017 1170 1070 in
1203 1027 1494 1086 conspectu
1526 1020 1643 1087 ejus
1676 1021 1980 1074 orationem
2011 1035 2184 1073 meam
2228 1041 2238 1072 :

2136 1035 2184 1072 m
2228 1041 2238 1072 :
2455 1019 2504 1070 3.
2557 1016 2759 1086 Ἐκχεῶ
2799 1013 3024 1067 ἐνώπιον
3057 1012 3221 1067 αὑτοῦ
3255 1014 3351 1084 τὴν
3387 1012 3571 1082 δέησίν
3609 1030 3709 1083 μου
3735 1029 3747 1042 ⁸

784 1109 836 1161 4.
873 1106 1298 1161 Tribulationem
1336 1124 1509 1162 meam
1548 1119 1671 1164 ante
1714 1110 1892 1179 ipsum
1944 1112 2277 1179 pronuntio,

2168 1112 2241 1164 tio
2263 1152 2277 1177 ,
2449 1109 2500 1161 4.
2543 1109 2651 1178 Τὴν
2681 1107 2855 1176 Θλίψιν
2892 1123 2991 1176 μου
3019 1104 3246 1158 ἐνώπιον
3272 1102 3434 1157 αὑτοῦ
3465 1105 3785 1172 ἀπαγγελῶ.

783 1202 834 1256 5.
875 1200 928 1253 In
958 1201 1259 1256 deiiciendo
1293 1217 1357 1254 ex
1396 1218 1479 1256 me
1511 1202 1762 1270 spiritum
1797 1218 1976 1257 meum
1999 1245 2013 1268 ,

2448 1201 2498 1254 5.
2525 1201 2611 1252 Ἐν
2644 1200 2720 1269 τῷ
2754 1199 3024 1252 ἐκλείπειν
3050 1198 3108 1264 ἐξ
3136 1197 3267 1267 ἐμοῦ
3298 1197 3355 1249 τὸ
3388 1195 3602 1264 πνεῦμά
3631 1215 3753 1265 μου,

781 1291 831 1344 6.
874 1291 938 1344 Ει
969 1301 1024 1344 ιιι
1067 1292 1372 1360 cognovisti
1413 1293 1636 1346 semitas
1668 1308 1836 1346 meas.
1973 1330 1975 1333 -

1973 1330 1975 1333 -
2447 1294 2498 1344 6.
2539 1293 2646 1344 Kal
2681 1293 2741 1344 σὺ
2774 1291 2943 1359 ἔγνως
2977 1290 3076 1352 τὰς
3106 1289 3324 1359 τρίϐους
3356 1306 3474 1358 μου.

782 1383 830 1436 7.
874 1382 927 1436 In
953 1385 1037 1437 via
1068 1384 1189 1446 hac,
1223 1400 1329 1453 qua
1365 1385 1734 1450 ambulatram,
1767 1383 2266 1441 absconderuntlaa

2449 1384 2499 1438 7.
2523 1383 2612 1435 Ἐν
2644 1383 2745 1452 ὁδῷ
2774 1383 2964 1454 ταύτῃ,
3089 1383 3448 1452 ἐπορευόμην,
3477 1381 3715 1453 ἔκρυψαν
3745 1381 3938 1445 παγῖδα

709 1491 905 1544 qut-um
932 1475 1082 1528 milii.
2381 1493 2486 1545 μοι.

778 1567 827 1618 8.
872 1567 1300 1620 Considerabam
1333 1567 1398 1620 ad
1430 1567 1731 1632 dexteram,
1769 1575 1822 1620 et
1845 1565 2094 1620 videbam
2122 1585 2134 1619 :

2122 1585 2134 1619 :
2446 1567 2497 1618 8.
2540 1567 2842 1619 Κατενόουν
2876 1570 2953 1630 είς
2984 1567 3052 1618 τὰ
3074 1567 3242 1632 δεξιὰ,
3271 1570 3363 1620 καὶ
3395 1567 3688 1619 ἐπέϐλεπον
3713 1584 3724 1594 ·

775 1661 828 1712 9.
872 1657 934 1711 Et
959 1675 1066 1713 non
1095 1670 1213 1713 erat
1237 1660 1326 1729 qui
1356 1668 1706 1730 cognosceret
1736 1673 1857 1712 me:

1845 1677 1857 1712 :
2451 1657 2500 1710 9-
2547 1658 2652 1708 Καὶ
2681 1658 2778 1709 οὐκ
2802 1653 2868 1727 ἦν
2897 1659 2924 1710 ό
2953 1657 3325 1725 ἐπιγινώσκων
3361 1675 3447 1727 με.

777 1749 859 1802 10.
905 1749 1062 1806 Periit
1099 1751 1222 1821 fuga
1255 1767 1284 1805 a
1322 1767 1405 1805 me
1443 1772 1452 1803 ι
2302 1744 2348 1800 Β

2302 1744 2348 1800 Β
2449 1748 2528 1800 10.
2559 1749 2829 1802 Ἀπώλετο
2857 1750 3000 1819 φυγὴ
3039 1749 3130 1801 ἀπ’
3155 1748 3285 1818 ἐμοῦ
3305 1765 3318 1778 ·

1821 1843 2196 1898 ATHANASII
2241 1842 2828 1899 INTERPRETATIO.

787 1957 844 2007 'H
869 1958 1197 2029 προκειμένη
1229 1960 1506 2030 ἐπιγραφὴ
1530 1959 1772 2029 περιέχει
1805 1960 1879 2027 (1)
1903 1976 1914 1987 °
1950 1958 2258 2024 Συνέσεως
2282 1959 2360 2023 τῷ
2381 1957 2557 2011 Δαϐὶδ
2575 1959 2643 2011 ἐν
2673 1957 2749 2022 τῷ
2773 1958 2926 2011 εἶναι
2957 1959 3142 2011 αὑτὸν
3170 1960 3238 2012 ἐν
3268 1958 3343 2023 τῷ
3370 1960 3648 2024 σπηλαίῳ
3681 1973 3946 2026 προσευ-

704 2048 973 2115 χόμενον.
1013 2050 1181 2102 Τοῦτο
1201 2046 1291 2102 οὖν
1318 2053 1465 2102 ἐστι’
1518 2053 1577 2102 τὸ
1614 2051 1716 2104 τοῦ
1758 2051 1931 2102 Δαῖὶδ
1966 2052 2133 2120 ὄνομα
2175 2051 2442 2121 διαφόρως
2490 2050 2871 2119 ἑρμηνεύεται,
2909 2049 2982 2112 ὡς
3035 2051 3293 2113 πολλάκις
3341 2050 3664 2119 εἰρήκαμεν
3707 2049 3805 2100 ὅτε
3842 2048 3946 2116 γὰρ

703 2144 782 2205 είς
815 2144 1103 2211 πρόσωπον
1159 2144 1251 2196 τοῦ
1296 2146 1500 2217 Κυρίου
1549 2147 1801 2216 εὑρήσεις
1845 2145 1972 2196 αὐτὸ
2020 2147 2290 2214 κείμενον,
2320 2143 2680 2212 ἑρμηνεύεται
2726 2143 2930 2207 ἱκαναῖς
2971 2144 3151 2211 χειρίο
3194 2146 3282 2196 ὅτε
3314 2143 3369 2195 δὲ
3397 2145 3476 2206 είς
3505 2139 3797 2212 πρόσωπον
3842 2141 3947 2192 τῶν

702 2238 940 2301 δικαίων,
981 2239 1337 2310 ἑρμηνεύεται
1363 2241 1774 2309 πεποθήμενος
1797 2257 1808 2268 ·
1851 2241 1938 2291 ὅτε
1965 2239 2022 2290 δὲ
2049 2240 2126 2299 εἰς
2157 2238 2445 2305 πρόσωπον
2475 2236 2581 2288 τῶν
2612 2237 3034 2310 ἁμαρτανόντων
3087 2239 3178 2289 καὶ
3217 2235 3647 2305 ἐπιστρεφόντων
3686 2234 3948 2304 εὑρήσεις

703 2333 832 2384 αὐτὸ
863 2334 1127 2402 κείμενον,
1153 2335 1620 2404 ἐξουθενημένον
1644 2335 1728 2387 διὰ
1755 2335 1848 2396 τὰς
1883 2335 2153 2404 ἁμαρτίας
2189 2331 2370 2385 αὑτοῦ.
2407 2331 2656 2403 [Ψαλμὸς
2681 2327 2772 2385 οὖν
2802 2330 3038 2403 εἴρηται]
3069 2333 3146 2392 είς
3180 2331 3268 2381 τὸν
3292 2330 3416 2382 λαὸν
3448 2330 3536 2381 τὸν
3559 2328 3944 2400 ἡμαρτηκότα,

705 2425 796 2476 καὶ
833 2425 912 2485 εἰς
947 2425 1157 2477 σύνεσιν
1189 2427 1428 2489 ἐλθόντα,
1461 2429 1555 2478 καὶ
1581 2429 1638 2478 ἐν
1668 2425 1913 2495 σπηλαίῳ
1938 2424 2127 2476 ἑαυτὸν
2165 2421 2618 2483 κατακλείσαντα,
2657 2424 2750 2474 καὶ
2788 2422 3220 2492 προσευχόμενον
3256 2417 3391 2489 μετά
3415 2417 3659 2487 δακρύων
3697 2420 3946 2490 ἰσχυρῶν

702 2514 1186 2584 ὲξομολογούμενον
1205 2529 1218 2544 ·
1245 2515 1320 2578 ὡς
1346 2515 1401 2567 δὲ
1427 2515 1559 2567 αὐτὸ
1591 2515 1747 2566 τούτο
1774 2513 1942 2582 δηλοῖ,
1973 2513 2172 2580 ὁμοίως
2205 2509 2260 2561 δὲ
2297 2510 2390 2561 καὶ
2413 2511 2440 2561 ό
2464 2510 2676 2574 oaxen;
2712 2511 2894 2580 σαφῶς
2916 2511 3072 2563 τοῦτο
3099 2511 3361 2563 διδάσκει.

773 2603 985 2659 Titulus
1017 2605 1338 2675 praepositus
1369 2606 1612 2658 continet
1646 2619 1660 2654 :
1708 2603 2011 2655 Intellectus
2039 2601 2229 2667 David,
2252 2617 2366 2653 cum
2391 2613 2524 2654 esset
2557 2618 2664 2669 ipse
2697 2605 2749 2655 in
2782 2603 3031 2672 spelunca
3067 2619 3243 2656 oram.
3274 2604 3350 2655 ita
3379 2602 3541 2672 igitur
3565 2617 3650 2655 res
3671 2611 3760 2656 est
3795 2619 3811 2653 :
3844 2617 3944 2656 no-

701 2716 824 2754 men
853 2700 1024 2753 Dat-id
1051 2701 1197 2753 varie
1222 2701 1625 2770 interpretatur,
1660 2710 1716 2751 ut
1753 2700 1951 2766 saepius
1974 2697 2213 2751 diximus
2241 2715 2252 2749 :
2291 2697 2450 2749 modo
2475 2699 2619 2751 enim
2665 2699 2901 2768 positum
2936 2699 3178 2753 invenies
3202 2699 3268 2752 ad
3293 2698 3698 2769 significandam
3749 2714 3946 2768 perso-

701 2808 824 2845 nam
849 2791 1084 2851 Domini.
1109 2799 1162 2844 et
1183 2801 1310 2844 tunc
1340 2792 1721 2858 interpretatur
1763 2805 1920 2842 manu
1958 2791 2108 2857 fortis
2145 2805 2162 2842 :
2193 2790 2351 2843 modo
2382 2800 2560 2842 autem
2589 2791 2654 2842 ad
2682 2806 2968 2858 persmiam
2993 2790 3268 2858 justorum
3289 2829 3303 2852 ,
3325 2801 3375 2842 et
3397 2799 3526 2844 tunc
3550 2792 3944 2859 interpretatur

699 2883 1024 2937 desideratus
1051 2902 1068 2937 :
1104 2886 1263 2938 modo
1289 2902 1414 2938 vero
1451 2885 1515 2938 ad
1547 2901 1835 2954 personam
1866 2900 2081 2947 eorum,
2131 2885 2224 2953 qui
2258 2893 2575 2952 peccarunt,
2606 2896 2658 2938 et
2686 2901 2745 2938 se
2779 2894 3188 2948 converterunt,
3227 2884 3355 2938 illud
3405 2885 3636 2954 positum
3663 2886 3940 2951 invenies,

698 2988 748 3030 et
772 2988 900 3033 tunc
930 2980 1314 3050 interpretatur
1347 2991 1669 3050 contemptus
1701 2981 1772 3035 ob
1802 2991 2018 3051 peccata
2044 2996 2162 3036 sua.
2189 2978 2442 3035 Psalmus
2470 2980 2632 3051 igitur
2666 2982 2846 3036 dictus
2871 2992 2953 3037 est
2980 2981 3046 3036 de
3079 2981 3275 3052 populo
3297 3023 3311 3046 ,
3349 2982 3439 3050 qui
3487 2982 3747 3050 peccavit,
3783 2992 3841 3036 et
3891 2982 3942 3033 in

700 3072 1031 3124 intellectum
1065 3074 1232 3132 venit,
1267 3082 1320 3126 et
1342 3074 1601 3128 claudens
1646 3089 1705 3128 se
1738 3075 1790 3126 in
1826 3074 2106 3142 spelunca,
2144 3083 2266 3126 orat
2288 3089 2411 3127 cum
2441 3075 2698 3144 laerymis
2729 3074 2943 3141 validis,
2974 3084 3027 3129 et
3056 3074 3378 3129 comitetur:
3430 3073 3573 3142 quod
3601 3082 3787 3127 autem
3840 3075 3942 3130 hoc

700 3161 874 3227 ipsum
923 3162 1206 3228 signiticet,
1240 3163 1487 3215 similiter
1512 3174 1565 3216 et
1596 3161 1838 3232 psalmus
1867 3163 1980 3230 ipse
2030 3161 2315 3214 manifeste
2347 3165 2448 3218 hoc
2494 3163 2671 3218 docet.

767 3277 855 3330 9.4.
893 3276 1006 3329 Non
1039 3292 1124 3329 me
1173 3278 1288 3346 ipse
1321 3278 1526 3328 tradam
1583 3278 1634 3329 in
1670 3282 1981 3331 servitutem
2009 3293 2255 3350 peccato,
2287 3267 2326 3322 (ἶ

2322 3269 2326 3320 ἶ
2429 3276 2518 3330 24.
2555 3278 2667 3329 Οὐκ
2693 3279 2756 3329 ἂν
2787 3277 3037 3330 δουλώσω
3067 3277 3298 3345 ἐμαυτὸν
3333 3279 3398 3346 τῇ
3435 3279 3698 3348 ἁμαρτία,
3727 3281 3841 3342 ἕως
3878 3283 3939 3334 ἂν

700 3371 870 3422 donec
899 3369 1170 3435 perﬁciant
1201 3382 1418 3417 cursum
1459 3380 1658 3417 meum.

1459 3380 1658 3417 meum.
2363 3368 2570 3420 τελέσω
2605 3369 2693 3420 τὸν
2724 3369 2919 3439 δρόμον
2955 3386 3076 3438 μου.

769 3462 820 3512 1.
851 3460 906 3512 1η
935 3461 1120 3513 dolore
1144 3460 1325 3512 cordis
1354 3461 1456 3514 mei
1498 3461 1730 3528 ingemui
1769 3461 1832 3514 ad
1865 3471 1932 3514 te.

2436 3464 2486 3515 1.
2537 3464 2621 3514 Ἑν
2661 3463 2820 3534 ὀδύνῃ
2850 3463 2948 3531 τῆς
2977 3461 3199 3532 καρδίας
3227 3478 3325 3531 μου
3361 3461 3617 3525 ἐστέναξα
3648 3464 3788 3532 πρὸς
3815 3466 3896 3516 σέ.

767 3552 820 3604 2.
848 3552 909 3604 Et
943 3567 1046 3604 non
1079 3552 1282 3604 audens
1317 3553 1524 3621 aperire
1557 3553 1694 3605 labia
1733 3569 1852 3607 mea
1894 3573 2074 3611 coram
2120 3558 2256 3625 ipso,

2430 3554 2485 3606 2.
2513 3555 2622 3608 Καὶ
2648 3557 2721 3625 μὴ
2751 3554 2930 3624 τολμῶ
2957 3554 3032 3623 (2)
3057 3554 3125 3605 τὰ
3157 3551 3307 3623 χείλη
3337 3571 3434 3621 μου
3466 3552 3673 3615 ἀνοῖξαι
3704 3553 3935 3606 ἐνώπιον

698 3643 1016 3714 deprecatus
1048 3659 1167 3696 sum
1203 3642 1268 3696 ad
1304 3660 1426 3696 eum
1464 3644 1678 3699 ﬂetibus
1708 3646 2185 3705 inenarrabilibus.

2360 3644 2544 3706 αὑτοῦ,
2581 3648 2900 3714 στεναγμοῖς
2931 3644 3219 3714 ἀλαλήτοις
3250 3645 3384 3714 πρὸς
3407 3643 3568 3694 αύτδν
3613 3643 3863 3714 ἐδεήθην.

770 3735 822 3787 '5.
853 3734 1146 3803 Propterea
1180 3733 1399 3786 elfundo
1433 3735 1484 3786 in
1516 3747 1808 3805 conspectu
1845 3740 1963 3807 ejus
1988 3739 2258 3809 lacrymas

2429 3739 2479 3791 5.
2514 3738 2603 3790 Διὸ
2636 3738 2844 3809 δάκρυα
2880 3738 2954 3806 (3)
2986 3738 3083 3806 τῆς
3123 3737 3298 3805 ψυχῆς
3351 3753 3452 3804 μου
3493 3734 3725 3787 ἐνώπιον
3765 3737 3930 3791 αὑτοῦ

701 3827 894 3880 animae
925 3841 1077 3878 mem.

935 3841 1077 3878 mem.
2358 3829 2552 3897 ἐκχεῶ.

767 3920 818 3972 4.
861 3918 926 3970 Et
958 3917 1255 3971 confitebor
1293 3927 1416 3969 ante
1459 3919 1635 3987 ipsum
1677 3934 1894 3987 peccata
1926 3935 2042 3973 mea
2072 3935 2254 3974 coram

2429 3924 2479 3974 4.
2512 3921 2619 3972 Καὶ
2645 3921 2741 3982 τὰς
2767 3918 3035 3991 ἁμαρτίας
3056 3935 3176 3988 μου,
3199 3917 3375 3988 ἇσπερ
3393 3913 3496 3970 οἶδε
3520 3918 3626 3989 πρὸ
3647 3917 3753 3972 τῶν
3783 3919 3932 3989 ἐμῶν

699 4014 836 4075 inse,
866 4027 985 4079 qua
1015 4011 1326 4079 priusquam
1357 4028 1454 4075 ego
1487 4014 1731 4079 eloquar,
1773 4014 1939 4065 limit.

2361 4013 2635 4083 ῥημάτων,
2671 4010 2896 4064 ἐνώπιον
2933 4011 3095 4064 αύτοῦ
3130 4010 3607 4079 ὲξομολογήσομαι.

767 4105 820 4158 5.
862 4103 926 4155 Ει
955 4118 1118 4166 nunc,
1161 4113 1214 4156 et
1244 4105 1294 4155 in
1334 4105 1535 4155 ultimis
1567 4106 1759 4157 diebus
1793 4107 1945 4158 meis.

2427 4104 2479 4156 5.
2522 4103 2630 4154 Kal
2662 4102 2776 4165 νῦν,
2809 4102 2898 4154 καὶ
2918 4101 2992 4169 (4)
3012 4102 3090 4163 εἰς
3121 4099 3186 4152 τὰ
3212 4101 3411 4168 ἔσχατα
3439 4099 3786 4170 τῶνήμερῶν
3809 4119 3927 4170 μου.

766 4198 820 4256 ti.
862 4195 925 4249 Et
961 4207 1051 4259 tu,
1109 4195 1202 4264 qui
1258 4197 1500 4248 omnium
1546 4197 1707 4248 corda
1756 4198 1930 4261 nosti,
1973 4199 2256 4266 cognoscis

2425 4193 2475 4247 6.
2518 4195 2625 4246 Καὶ
2674 4193 2759 4256 σὺ,
2802 4193 3201 4262 καρδιογνῶστα
3235 4191 3474 4251 πάντων,
3507 4190 3800 4257 γινώσκεις
3838 4196 3929 4257 τάς

697 4288 969 4356 improbas
1004 4302 1150 4340 ineas
1195 4285 1454 4340 actiones.

1393 4300 1454 4340 's.
2357 4286 2592 4354 πονηράς
2636 4301 2733 4353 μου
2768 4281 3006 4352 πράξεις.

767 4377 818 4428 7.
864 4377 916 4427 In
967 4379 1112 4429 omni
1161 4386 1400 4443 tempore
1449 4377 1570 4430 vita
1616 4393 1781 4441 meae,
1815 4389 2165 4432 inseruerunt
2200 4379 2251 4431 in

2423 4376 2476 4427 ’1.
2509 4375 2594 4425 Ἐν
2627 4373 2786 4425 παντὶ
2812 4373 2987 4442 χρόνῳ
3017 4372 3114 4441 τῆς
3148 4372 3290 4441 ζωῆς
3327 4389 3426 4440 μου
3459 4370 3832 4440 ὲνεφύτευσαν
3857 4375 3928 4433 εἰς

697 4467 860 4522 c0rde
889 4482 1007 4519 meo
1035 4483 1223 4534 pravas
1254 4469 1375 4521 vitae
1413 4467 1762 4536 cupiditates.

2353 4467 2448 4533 τὴν
2482 4466 2705 4534 καρδίαν
2742 4481 2841 4534 μου
2875 4465 2972 4533 τὴν
3005 4463 3244 4535 πονηρὰν
3271 4462 3362 4514 τοῦ
3399 4463 3513 4531 βίον
3549 4462 3873 4532 ἐπιθυμίαν.

765 4560 818 4612 8.
860 4558 924 4611 Et
953 4557 1212 4625 evigilans
1241 4561 1551 4627 reputabam
1605 4561 1653 4612 in
1697 4576 1779 4614 me
1827 4562 1967 4629 ipso,
2005 4578 2070 4615 an
2112 4561 2250 4616 forte

2421 4555 2472 4607 8.
2509 4555 2616 4606 Καὶ
2633 4553 2908 4623 ἀνανήψας
2926 4552 3243 4623 ἐλογιζόμην
3260 4554 3314 4604 ὲν
3335 4553 3532 4622 ἑαυτῷ,
3550 4555 3599 4604 εί
3621 4554 3728 4623 ἀρα
3746 4555 3920 4623 ἐποίη-

697 4649 910 4718 aliquod
948 4650 1144 4702 bonum
1170 4663 1348 4702 coram
1376 4658 1425 4702 te
1459 4648 1730 4705 fecissem.

1513 4650 1730 4705 cissetn.
2355 4649 2420 4700 σά
2444 4665 2494 4699 τι
2527 4647 2726 4714 ἀγαθὸν
2759 4647 2987 4698 ἐνώπιόν
3016 4663 3125 4699 σου.

765 4741 817 4794 9.
862 4740 925 4793 Et
959 4741 1161 4794 nullum
1199 4741 1411 4808 penitus
1447 4741 1499 4794 in
1531 4757 1614 4795 me
1644 4751 1759 4795 erat
1787 4743 2084 4812 repositum
2109 4759 2246 4812 opus
2280 4745 2320 4798 D

2297 4746 2320 4797 )
2421 4741 2470 4793 9.
2506 4740 2612 4791 Kal
2647 4738 2923 4802 παντελῶς
2948 4739 3047 4791 ούκ
3072 4734 3141 4810 ἦν
3179 4739 3237 4792 ὲν
3281 4739 3402 4809 ἐμοὶ
3441 4739 3804 4810 ἀποκείμενον
3834 4739 3914 4810 ἔρ-

693 4829 916 4881 bonum.

2355 4849 2446 4898 γον
2479 4831 2678 4898 ἀγαθόν
2709 4831 2803 4899 (5).

764 4919 849 4972 10.
893 4918 955 4971 Et
987 4922 1286 4989 cogitabam
1323 4935 1388 4974 ait
1439 4938 1599 4990 quem
1650 4923 2018 4995 confugerem,
2066 4934 2119 4977 et
2167 4925 2248 4978 in-

2430 4927 2515 4978 10.
2551 4926 2657 4977 Καὶ
2685 4925 3060 4996 διελογιζόμην
3101 4924 3164 4978 τὺ
3189 4924 3324 4994 πρὸς
3361 4923 3480 4975 τίνα
3517 4922 3708 4994 φύγω,
3741 4927 3836 4979 καὶ
3865 4927 3919 4980 ἐν

694 5020 892 5075 certus,
925 5021 1086 5080 atque
1124 5014 1275 5080 inops
1305 5016 1514 5067 consilii
1557 5031 1725 5069 eram.

1306 5016 1514 5067 consilii
1557 5031 1725 5069 eram.
2355 5016 2726 5086 (6)ἀμηχανίᾳ
2755 5017 2923 5086 ήμην.

1595 5130 1905 5191 Addenda
1964 5139 2024 5191 et
2075 5132 2450 5210 corrigenda
2511 5150 2587 5192 ex
2621 5132 2764 5193 cod.
2801 5131 3002 5192 Vatic.

763 5229 839 5306 (i_)
882 5229 939 5306 :H
969 5228 1054 5281 διὲι
1091 5229 1186 5297 τῆς
1211 5226 1573 5306 κινναβάρεως
1606 5228 1844 5306 περιέχει
1865 5245 1876 5258 ’
1913 5239 2016 5283 etc.
2066 5230 2157 5306 Ἑν
2172 5229 2250 5299 τῷ
2346 5239 2482 5306 etle
2503 5229 2700 5306 σξιρῶς
2726 5228 2859 5281 αὐτὸ
2883 5227 3039 5282 τοῦτο
3063 5227 3323 5283 διδάσκει.

695 5299 939 5368 σπηλαίῳ
969 5301 1262 5368 προσευχῇ.
1287 5298 1474 5356 Τοῦτο,
1510 5309 1637 5360 etc.,
1661 5301 1979 5368 εἰρήκαμεν,
2013 5299 2107 5350 καὶ
2132 5298 2247 5352 διαὲ
2414 5300 2491 5368 (2)
2519 5299 2763 5368 Τολμῶν,
2797 5307 2903 5354 etc.

695 5368 872 5437 φόρως
904 5370 996 5420 καὶ
1026 5368 1352 5436 λαμϐάνεται
1381 5389 1389 5398 ·
1421 5368 1509 5418 ὅτε
1540 5370 1683 5439 γάρ,
1711 5379 1839 5431 etc.,
1870 5369 1978 5421 τῶν
2021 5370 2244 5423 δικαίων

1711 5379 1839 5431 etc.,
1870 5369 1978 5421 τῶν
2021 5370 2244 5423 δικαίων
2415 5368 2492 5436 (3)
2523 5370 2602 5420 Τὰ
2624 5368 2856 5439 δάκρυα,
2888 5376 2991 5425 etc.
3019 5371 3120 5424 Διό
3145 5370 3313 5424 deest.

695 5439 940 5508 εὑρήσεις
967 5440 1094 5490 αὐτὸ
1124 5439 1392 5508 κείμενον,
1426 5438 1802 5508 ἑρμηνεύεται,
1834 5447 1961 5500 etc.,
1999 5441 2244 5507 κείμενον
2413 5440 2487 5505 (4)
2529 5442 2638 5492 Καί
2668 5438 2838 5495 deest.

694 5506 1045 5579 ἑρμηνεύεται
1077 5506 1505 5579 ἐξουθενημένος,
1533 5509 1774 5579 τουτέστι
1806 5508 1892 5579 διὰ
1941 5509 2038 5570 τὰς
2069 5506 2246 5579 άμαρ-
2414 5511 2490 5576 (5)
2510 5511 2706 5579 Ἔργον
2734 5527 2787 5561 τι
2811 5510 3031 5577 ἀγαθόν.

695 5575 1160 5651 τίαςζαύτούηΝύν
1184 5575 1274 5651 οὖν
1304 5578 1430 5629 αὐτὸ
1465 5577 1892 5651 coarguimus
1926 5575 2241 5651 ὄνομαξστι
2409 5582 2481 5648 (li)
2521 5575 2592 5632 Τό
2626 5575 2748 5643 ποῦ,
2779 5581 2811 5651 ἢ
2843 5575 2977 5650 πρὸς
3009 5580 3129 5634 τίνα.
3155 5578 3338 5650 φυγὼν
3367 5579 3454 5632 ἀεὶ
3487 5581 3569 5647 ὲν,
3599 5588 3712 5637 etc.

693 5645 872 5699 λαϐεῖν
896 5651 972 5710 εἰς
1003 5648 1089 5700 τὸν
1116 5648 1260 5714 λαόν,
1295 5657 1419 5712 etc.,
1443 5647 1674 5718 ἰσχυρῶν
1698 5650 1770 5713 ὡς
1803 5651 1894 5702 καὶ
1913 5645 2042 5703 αύτὸ
2063 5649 2239 5714 τοῦτο,
