4094 6322
108 401 256 456 1297

186 523 278 578 11.
320 524 426 576 Καὶ
459 525 557 577 οὐκ
581 521 726 576 ἔστιν
753 523 780 574 ὁ
809 523 1051 594 ἐκζητῶν
1089 526 1186 598 τήν
1214 526 1390 598 ψυχήν
1424 546 1547 598 μου.

187 613 276 667 12.
306 614 602 686 Ἐκέκραξα
636 617 768 686 πρὸς
799 614 878 681 σὲ,
910 615 1103 688 Κύριε,

188 704 278 761 15.
321 703 487 760 Εἶπα·
521 709 590 760 Σὺ
613 705 720 778 εῐή
753 708 904 772 ὲλπίς
939 727 1059 778 μου,

187 797 278 852 14.
321 799 492 870 Μερίς
517 817 614 870 μου
650 795 700 852 εἷ
731 802 787 852 ὲν
815 803 883 870 γῇ
921 799 1154 864 ζώντων.

191 888 279 941 15.
321 888 558 958 Πρόσχες
591 889 726 958 πρὸς
751 889 848 959 τὴν
874 889 1056 958 δέησίν
1090 907 1188 960 μου
1209 905 1224 919 ο

190 979 281 1032 16.
300 980 418 1031 Ὅτι
444 979 809 1049 ὲταπεινὼθην
835 980 1060 1052 σφόδρα.

188 1069 278 1121 17.
307 1069 492 1122 Ῥὖσαί
525 1087 590 1140 με
623 1071 686 1122 ὲκ
711 1070 820 1122 τῶν
849 1071 1288 1125 καταδιωκόντων
1318 1088 1383 1141 με
1403 1088 1418 1103 ο

190 1162 278 1215 18.
297 1162 417 1215 Ὅτι
444 1162 886 1233 ὲκραταιώθησαν
916 1164 1056 1235 ὑπὲρ
1089 1164 1208 1234 ἐμέ.

186 1251 274 1305 19.
307 1252 564 1322 Ἐξάγαγε
599 1256 662 1306 ὲκ
689 1254 933 1324 φυλακῆς
962 1255 1059 1324 τὴν
1084 1254 1260 1324 ψυχήν
1296 1271 1420 1324 μου,

185 1342 278 1397 20.
321 1344 427 1396 Τοῦ
453 1340 940 1415 ἐξομολογήσασθαι
970 1343 1047 1415 τῷ
1074 1345 1295 1415 ὀνόματί
1326 1363 1438 1400 σου.

183 1435 279 1490 21.
307 1435 434 1506 Ἐμὲ
455 1435 775 1506 ὑπομενοῦσι
796 1435 1009 1498 δίκαιοι,
1027 1438 1126 1500 ἕως
1151 1431 1210 1490 οὗ
1236 1438 1546 1508 ἀνταποδῷς
1570 1457 1676 1507 μοι.

111 1527 370 1595 ιὶάλμές
392 1524 470 1590 τῷ
499 1526 692 1593 Δαὸὶδ,
729 1527 904 1579 ὁπότε
937 1526 1290 1580 νατεὸίωκεν
1316 1527 1500 1580 αὺτὲν
1539 1527 1686 1580 Ἀϐε-

355 1621 565 1686 σαλωμ
596 1621 628 1670 ό
655 1619 780 1683 υἱὸς
806 1618 1011 1673 αὑτοῦ.
1053 1621 1220 1672 ΨΑΛ.
1258 1621 1439 1672 PMB'.

185 1709 237 1761 1.
279 1709 474 1778 Κύριε,
509 1709 822 1761 εἰσάκουσον
851 1708 950 1778 τῆς
980 1710 1284 1780 προσευχῆς
1316 1727 1416 1778 μου
1437 1726 1452 1741 ·

182 1802 244 1857 2.
271 1800 549 1853 Ἐνώτισαι
581 1801 680 1873 τήν
705 1801 887 1872 δέησίν
915 1819 1014 1871 μου
1043 1803 1100 1854 ὲν
1128 1804 1191 1872 τῇ
1227 1799 1452 1872 ἀληθείᾳ
1479 1819 1591 1856 σου.

979 405 1067 460 DE
1107 407 1382 464 TlTULlS
1420 410 1869 467 PSALMORUM.
1906 443 1977 453 -
2013 410 2213 467 PSAL.
2254 407 2459 467 CXLII.

3211 398 3346 455 1298

1703 534 1750 590 Α
1848 528 1934 582 11.
1979 526 2046 581 Et
2083 541 2191 580 non
2217 535 2301 581 est
2330 526 2422 594 qui
2465 521 2703 591 requirat
2735 521 2971 574 animam
3006 535 3204 576 meam.

1858 620 1942 673 l2.
1985 617 2226 672 Clamavi
2260 617 2326 670 ad
2352 626 2424 680 te,
2453 613 2706 675 Domine,

1857 710 1944 765 l5.
1986 709 2048 764 Et
2083 708 2195 763 dixi
2233 726 2245 762 :
2279 707 2359 761 Tu
2387 723 2446 762 es
2475 721 2598 775 spes
2622 720 2738 760 mea

1855 803 1943 856 14.
1986 801 2169 855 Portio
2201 816 2317 854 mea
2347 799 2399 852 in
2435 808 2574 851 terra
2609 797 2924 850 viventium.

1853 894 1942 950 15.
1986 892 2210 948 Intende
2243 893 2308 946 ad
2344 891 2775 960 deprecationem
2813 905 2985 944 meam
3022 908 3034 943 :

1857 983 1944 1038 16.
1985 983 2124 1049 Quia
2154 983 2473 1036 humiliatus
2508 996 2628 1035 sum
2674 981 2859 1036 nimis.

1857 1074 1946 1129 17.
1990 1072 2182 1129 Libera
2213 1087 2299 1126 me
2333 1088 2362 1126 a
2395 1070 2844 1141 persequentibus
2873 1085 2958 1122 me
2990 1087 3002 1121 :

1859 1165 1943 1219 18.
1986 1165 2122 1231 Quia
2157 1163 2446 1218 confortati
2473 1173 2599 1215 sunt
2631 1177 2795 1230 super
2823 1176 2926 1214 me.

1859 1258 1945 1313 l9.
1985 1257 2135 1313 Educ
2166 1257 2232 1311 de
2254 1256 2504 1311 custodia
2528 1255 2764 1308 animam
2790 1268 2960 1307 meam
2984 1293 2998 1318 ,

1855 1347 1947 1403 20.
1991 1348 2072 1401 Ad
2106 1345 2475 1402 conﬁtendum
2514 1345 2718 1398 nomini
2748 1353 2858 1398 tuo.

1856 1440 1946 1493 21.
1987 1438 2069 1493 Me
2094 1438 2485 1508 cxspectahnnt
2510 1436 2663 1504 justi,
2689 1435 2859 1490 donec
2886 1434 3154 1488 retriiuas
3191 1435 3341 1487 miln.

1792 1531 2038 1586 Psalmus
2081 1530 2272 1593 David,
2303 1531 2510 1598 quando
2541 1529 2944 1598 persequebatur
2968 1543 3084 1579 eum
3113 1526 3346 1580 Absalon

2165 1621 2306 1689 ﬁlius
2335 1621 2468 1688 ejus.
2507 1618 2706 1674 PSAL.
2748 1616 2976 1672 CXLII.

1861 1713 1908 1764 1.
1957 1712 2182 1766 Domine
2203 1749 2216 1772 ,
2248 1711 2448 1765 exaudi
2486 1711 2789 1763 orationem
2817 1724 2991 1763 meam
3022 1727 3033 1762 :

1860 1804 1914 1857 2.
1956 1803 2195 1857 Auribus
2224 1803 2440 1872 percipe
2484 1803 2916 1857 obsecrationem
2955 1817 3128 1855 meam
3177 1801 3228 1854 in
3259 1817 3350 1854 ve-

1786 1897 1945 1950 ritate
1966 1905 2076 1950 tua.

1226 1985 1613 2042 ATHANASII
1653 1987 2239 2046 INTERPRETATIO.

187 2078 279 2132 11.
319 2077 450 2132 Οὐδὲ
496 2076 604 2148 γὰρ
660 2071 728 2148 ἦν
780 2077 1034 2147 πρόνοιάν
1083 2093 1184 2146 μου
1233 2076 1549 2146 ποιούμενος
1587 2075 1687 2146 τῆς

1857 2079 1942 2134 11.
1975 2078 2159 2150 Neque
2213 2081 2360 2136 enim
2421 2096 2577 2146 erat,
2644 2083 2736 2152 qui
2798 2081 3104 2150 provideret
3157 2082 3351 2136 anima:

103 2172 313 2241 ψυχῆς.

185 2261 278 2326 12,
314 2260 400 2314 13.
428 2259 515 2323 Ὠς
559 2253 650 2312 οὖν
698 2254 856 2325 εἶδον,
885 2259 1115 2328 ἐμαυτὸν
1151 2260 1450 2329 ἀπήλπισα,
1475 2263 1566 2316 καὶ
1595 2279 1688 2331 με-

103 2353 179 2404 τὰ
210 2352 290 2422 (1)
310 2349 555 2421 δακρύων
595 2350 862 2422 ἀνεδόησα
903 2352 1038 2421 πρὸς
1069 2352 1149 2412 σὲ,
1184 2352 1372 2422 Κύριε,
1399 2352 1494 2406 καὶ
1518 2349 1646 2406 εἶπα
1669 2370 1680 2382 ·

119 2442 449 2511 Ἀπολογίαν
476 2443 574 2495 οὐκ
601 2442 709 2511 ἔχω
735 2441 960 2496 ἐνώπιόν
994 2459 1086 2495 σου
1106 2459 1118 2470 ·
1150 2445 1231 2506 εἰς
1265 2443 1319 2494 δὲ
1359 2444 1458 2512 τὴν
1503 2443 1687 2512 φιλαν-

107 2537 366 2606 θρωπίαν
397 2553 488 2590 σου
513 2536 734 2602 ἐλπίζω,
766 2535 848 2588 ὅτι
869 2535 1108 2606 ἐλεήσεις
1145 2550 1231 2604 με.

190 2719 280 2773 14.
319 2718 664 2790 Κληρονομία
696 2712 745 2770 εἷ
777 2717 854 2789 (2)
889 2719 946 2770 ὲν
989 2719 1054 2787 τῇ
1101 2717 1213 2769 ἄνω
1249 2715 1597 2788 Ἰερουσαλὴμ
1621 2719 1684 2786 τῇ

105 2814 270 2866 πόλει
301 2811 408 2864 τῶν
442 2810 610 2879 ἁγίων
643 2826 758 2863 σου.

187 2904 281 2968 15,
309 2903 396 2957 16.
433 2903 674 2973 Πρόσχες
704 2901 838 2971 πρὸς
863 2901 961 2971 τὴν
985 2899 1166 2970 δέησίν
1199 2918 1322 2970 μου,
1349 2900 1442 2952 καὶ
1468 2898 1686 2971 πλήρω-

109 3016 209 3051 σον
250 2996 439 3067 αὐτὴν,
467 2997 543 3047 ὅτι
577 2991 964 3061 δεδουλωμένος
996 2990 1112 3058 είμὶ
1139 2993 1204 3060 τῇ
1240 2989 1484 3058 ἁμαρτίᾳ
1517 2989 1613 3058 (ὖ).

192 3150 287 3206 17.
317 3149 502 3204 Ῥὖσαί
535 3166 600 3217 με
633 3147 738 3200 ἀπὸ
759 3145 864 3199 τῶν
886 3145 1143 3200 ἐναντίων
1164 3142 1444 3213 δυνάμεων
1474 3142 1579 3195 τῶν
1604 3145 1689 3196 θε-

109 3247 322 3299 λόντων
355 3260 420 3314 με
452 3242 755 3309 ἀποστῆσαι
787 3239 894 3292 ἀπὸ
929 3237 1044 3292 σοῦ.

191 3335 282 3390 18.
322 3336 465 3399 Ὅτι,
517 3332 652 3405 ἐμοῦ
681 3331 1079 3404 ἡμαρτηκότος,
1132 3323 1288 3383 αὗται
1351 3329 1688 3400 ίσχυρότεραὲ

118 3446 226 3500 μου
269 3427 344 3498 (4)
380 3427 682 3494 γεγόνασιν.

197 3519 282 3570 19.
315 3517 572 3584 Ἐξὰγαγε
605 3518 668 3567 ἐκ
695 3512 800 3565 τῶν
833 3513 1045 3582 δεσμῶν
1076 3511 1168 3564 καὶ
1198 3510 1290 3563 τοῦ
1327 3512 1547 3575 σκότους
1584 3510 1692 3564 τῶν

115 3608 364 3680 ἀνομιῶν
391 3609 488 3679 τὴν
514 3607 687 3678 ψυχήν
720 3625 818 3678 μου
844 3626 856 3638 ·

194 3703 288 3757 20.
309 3703 514 3764 Ὅπως,
549 3700 714 3754 ἐλθὼν
748 3704 804 3753 ἐν
838 3700 912 3770 τῷ
945 3697 1079 3767 φωτί
1121 3715 1233 3760 σου,
1265 3697 1475 3767 δυνηθῶ
1508 3697 1694 3768 ὲξομὼ

120 3793 458 3865 λογήσασθαί
491 3809 590 3858 σοι,
615 3794 755 3862 ἆπερ
772 3790 1077 3862 πέπρακταί
1114 3805 1231 3859 μοι·
1259 3791 1364 3842 πᾶν
1389 3795 1496 3861 γὰρ
1515 3791 1575 3842 τὸ
1591 3808 1693 3858 φας

123 3885 288 3956 νερού
297 3901 456 3954 μενον
491 3883 604 3952 φῶς
628 3885 761 3935 ἐστι.

197 3975 290 4029 21.
321 3974 448 4042 Ἐμὲ
483 3972 808 4042 ὑπομενοῦσι
835 3971 1032 4033 πάντες
1065 3972 1112 4022 οἱ
1134 3971 1324 4025 δίκαιοί
1357 3989 1448 4024 σου
1485 3973 1582 4041 (5),
1606 3975 1700 4026 καὶ⁵

124 4070 186 4121 αἱ
220 4067 373 4134 ἆγιαί
408 4083 498 4118 σου
540 4066 812 4134 δυνάμεις,
843 4065 926 4116 ἵνα
962 4063 1292 4134 ἐπιστρέψω,
1323 4065 1416 4117 καὶ
1455 4065 1574 4116 ἀντὶ
1605 4067 1697 4119 τοῦ

127 4158 382 4221 πένθους,
416 4150 475 4210 οὗ
527 4157 631 4226 ἔχω
662 4159 718 4210 ὲν
755 4159 820 4226 τῇ
869 4155 1011 4226 ψυχῇ
1058 4173 1177 4226 μου,
1212 4153 1454 4226 δώρησαί
1491 4174 1580 4226 μοι
1613 4160 1699 4210 εὑ-

128 4252 427 4324 φροτύνην,
465 4252 822 4322 συγχωρήσας
871 4265 959 4319 μοι
1000 4248 1072 4301 τὰ
1123 4246 1559 4319 παραπτώματα,
1609 4251 1700 4302 καὶ

126 4345 319 4398 λοιπὸν
352 4343 593 4416 συνήθως
621 4343 792 4414 χαρὰν
825 4344 1119 4414 ποιήσωσιν
1163 4341 1458 4411 ὑμνοῦντες
1509 4358 1566 4394 σε
1609 4343 1700 4394 ἐπὶ

129 4436 216 4488 ἑνὶ
247 4434 553 4505 ἁμαρτωλῷ
582 4432 942 4504 μετανοοῦντι,
984 4432 1259 4484 τουτέστιν
1285 4431 1427 4501 ὲμοί.

1787 2183 1940 2224 meze.

1861 2257 1958 2324 ιε,
1991 2258 2077 2312 15.
2112 2259 2247 2312 Cum
2283 2259 2447 2329 igitur
2483 2260 2779 2326 aspicerem
2809 2276 2893 2314 me
2921 2261 3095 2329 ipsum
3115 2300 3130 2323 ,
3161 2261 3351 2330 despe-

1786 2351 1933 2412 ravi.
1985 2360 2040 2405 et
2093 2367 2215 2405 cum
2273 2352 2527 2422 lacrymis
2579 2353 2805 2406 clamavi
2837 2353 2902 2408 ad
2962 2362 3032 2415 te,
3090 2351 3352 2418 Domine,

1787 2449 1840 2493 et
1897 2439 2008 2494 dixi
2066 2458 2080 2494 :
2134 2439 2510 2496 Defensionem
2584 2457 2689 2495 non
2764 2444 2937 2497 habeo
3007 2459 3187 2498 coram
3265 2453 3348 2509 te;

1788 2528 1843 2584 in
1871 2530 2205 2602 benignitate
2247 2542 2423 2586 autem
2473 2542 2561 2587 tua
2597 2551 2787 2604 spero,
2827 2536 2972 2605 quod
3007 2537 3352 2591 misereberis

1789 2637 1916 2676 IIICI.

1863 2712 1948 2768 14.
1996 2713 2294 2770 Haereditas
2334 2733 2394 2771 es
2439 2717 2492 2770 in
2535 2733 2770 2787 superna
2808 2715 3107 2772 Jerusalem
3139 2717 3354 2773 civitate

1789 2813 2103 2859 sanctorum
2145 2815 2382 2860 tuorum.

1861 2895 1949 2960 15,
1985 2898 2070 2951 16.
2108 2899 2328 2954 Intende
2354 2901 2419 2954 ad
2451 2901 2889 2970 deprecationem
2919 2916 3091 2954 meam
3115 2943 3129 2967 ,
3170 2911 3224 2954 et
3256 2900 3355 2954 im-

1791 2988 1876 3058 ple
1917 2989 2104 3055 illam,
2148 2993 2406 3060 qnoniam
2453 2993 2505 3045 in
2547 2994 2860 3047 servitutem
2893 2993 3142 3047 redactus
3174 3009 3294 3046 sum
3326 3010 3356 3045 ι

1793 3087 2034 3148 peccato.

1867 3168 1952 3222 17.
1991 3168 2183 3224 Libera
2208 3187 2292 3226 me
2321 3188 2348 3225 a
2381 3172 2670 3228 contrariis
2699 3175 3072 3242 petestatihus,
3108 3191 3227 3244 qua:
3264 3189 3358 3229 vo-

1793 3264 1909 3316 lunt
1933 3279 2019 3316 me
2046 3279 2074 3316 a
2112 3272 2162 3317 te
2202 3275 2464 3319 avertere.

1865 3351 1949 3405 18.
1984 3351 2119 3417 Quia
2151 3367 2236 3406 me
2271 3363 2526 3421 peccante
2553 3393 2565 3416 ,
2631 3357 2759 3423 ipsa:
2797 3354 3049 3408 fortiores
3093 3371 3178 3408 me
3206 3356 3359 3410 factae

1720 3422 1760 3476 Ο
1799 3451 1944 3497 sunt.

1873 3526 1958 3579 19.
1997 3524 2144 3580 Educ
2176 3544 2205 3582 e
2237 3528 2497 3596 vinculis,
2530 3545 2559 3583 e
2589 3533 2824 3586 tenebris
2867 3529 3211 3600 iniquitatum
3247 3532 3364 3585 ani-

1801 3635 1944 3674 mam
1973 3636 2170 3684 meam,

1867 3709 1956 3760 ‘20.
1995 3708 2062 3762 Ut
2093 3713 2315 3764 veniens
2360 3711 2414 3765 in
2467 3711 2641 3765 lucem
2686 3721 2830 3766 tuam
2874 3714 3075 3782 possim
3118 3715 3362 3768 conﬁteri

1806 3796 1925 3859 tibi,
1951 3813 2070 3866 qua:
2093 3797 2232 3852 facta
2264 3809 2389 3853 sunt
2421 3801 2548 3854 mihi
2585 3820 2596 3855 :
2626 3816 2786 3855 omne
2813 3803 2976 3868 enim,
3011 3803 3154 3871 quod
3190 3805 3365 3857 mani-

1804 3887 2049 3950 festatur,
2081 3890 2168 3943 lux
2202 3900 2281 3945 est
2296 3927 2309 3941 .

1873 3978 1962 4031 Ἡ.
1999 3978 2080 4033 Me
2122 3989 2515 4049 exspectanunt
2539 3997 2728 4038 omnes
2766 3985 2899 4052 justi
2943 3986 3050 4049 tui,
3087 3994 3138 4039 et
3165 3995 3368 4041 sancta

1805 4079 1911 4123 tua:
1949 4068 2210 4134 virtutes,
2240 4081 2298 4125 111.
2327 4084 2631 4138 (ξοηνοτιπ,
2667 4085 2720 4128 et
2767 4092 2865 4143 pro
2899 4090 3151 4140 ιιιωτοτο,
3204 4091 3364 4144 quem

1806 4161 1977 4216 habeo
2006 4164 2056 4214 in
2089 4167 2267 4218 anima
2295 4181 2430 4229 mea,
2465 4166 2604 4220 dona
2624 4167 2755 4220 mihi
2791 4168 3026 4222 laetitiam
3052 4169 3366 4223 condonans

1806 4252 1940 4305 mihi
1971 4263 2189 4321 peccata
2214 4295 2228 4320 ,
2285 4264 2339 4308 et
2379 4267 2492 4309 tum
2523 4256 2588 4312 de
2615 4272 2768 4312 more
2814 4258 2993 4313 laztitia
3025 4260 3369 4314 exsultabunt

1808 4343 2092 4399 laudantes
2162 4355 2213 4400 te
2264 4363 2428 4417 super
2483 4364 2593 4402 uno
2654 4360 2937 4418 peccatore
2997 4351 3366 4420 ptenitcntiam

1813 4445 2003 4504 agente
2026 4437 2067 4501 ',
2095 4438 2195 4492 hoc
2217 4447 2298 4493 est
2323 4454 2488 4510 super
2510 4455 2613 4493 me.

217 4528 283 4580 Ἥ
313 4529 639 4599 προκειμένη
686 4527 962 4612 ἐπιγραφὴ
984 4527 1240 4601 ,περιέχει
1267 4524 1364 4595 (6)⁶
1401 4526 1644 4594 Ψαλμὸς
1668 4526 1746 4590 τῷ
1777 4529 1973 4594 Δαϐίδ,
2009 4533 2188 4585 ὁπότε
2208 4535 2393 4588 αὐτὸν
2429 4536 2782 4588 κατεδίωκεν
2817 4536 3149 4606 Ἀὅεσαλὼμ
3181 4542 3213 4590 ὁ
3242 4539 3368 4603 υίὸς

129 4621 341 4674 αὐτοῦ.
384 4619 558 4672 Δαόὶδ
583 4615 674 4673 οὖν
705 4618 1062 4691 ἑρμηνεύεται
1092 4617 1218 4671 ἔνθα
1250 4617 1676 4684 πεποθημένος,
1717 4621 1956 4674 τουτέστι
1988 4623 2016 4674 ὁ
2040 4625 2378 4695 ἐπιστρέφων
2407 4627 2540 4697 πρὸς
2590 4629 2678 4681 τὸν
2703 4629 2904 4701 Κύριον
2943 4629 3069 4693 λαὸς
3096 4630 3201 4682 τῶν
3241 4631 3370 4683 Ἰου-

211 4713 426 4769 Titulus
463 4715 783 4785 praepositus
814 4716 1052 4770 continet
1087 4732 1100 4768 :
1130 4713 1379 4766 Psalmus
1435 4713 1605 4765 David
1630 4756 1643 4776 ,
1692 4717 1900 4783 quando
1949 4721 2354 4787 persequebatur
2386 4739 2501 4775 eum
2530 4723 2776 4777 Absalom
2823 4727 2966 4793 ﬁlius
3012 4725 3142 4792 ejus.
3204 4724 3369 4779 David

137 4811 307 4879 igitur
364 4809 452 4864 hic
501 4810 889 4880 interpretatur
941 4809 1310 4872 desideratus,
1346 4807 1450 4860 hoc
1481 4816 1564 4861 est
1606 4810 1840 4877 populus
1889 4809 2194 4868 Iudaeorum
2231 4826 2552 4871 convertens
2595 4834 2652 4872 se
2692 4821 2755 4871 ad
2799 4818 3108 4872 Dominum.
3156 4818 3356 4875 Deinde

221 4905 271 4963 1.
293 4904 346 4958 2.
383 4903 458 4974 (7)
492 4904 684 4973 Κύριε,
715 4903 999 4972 πλήρωσον
1023 4903 1121 4971 τὴν
1150 4900 1456 4970 προσευχήν
1476 4917 1597 4970 μου,
1617 4901 1695 4953 καῚ

1888 4907 1936 4968 1,
1968 4905 2020 4960 2.
2057 4906 2312 4973 Domine,
2349 4911 2511 4980 imple
2539 4912 2836 4965 orationem
2891 4928 3097 4977 meam,
3139 4923 3190 4966 et
3240 4894 3365 4966 audi
3429 4915 3450 4938 °

141 4997 374 5050 ἄκουσον
406 4995 501 5064 τὴν
531 4995 711 5064 δέησίν
745 5012 843 5064 μου
873 4995 930 5046 ἐν
958 4992 1033 5062 τῷ
1067 4991 1177 5060 Υἱῷ
1213 5007 1304 5042 σου
1341 4991 1616 5060 ὑπάρχων.

1818 4993 2249 5065 deprecationem
2283 5017 2460 5057 meam
2494 5001 2548 5059 in
2572 4999 2710 5057 Filio
2749 5011 2839 5056 tuo
2863 5004 3146 5057 cxsistens.

215 5087 236 5117 ⁸
269 5084 399 5138 Luc.
433 5102 518 5150 xv,
555 5085 636 5138 l0.

1053 5185 1358 5248 Addenda
1398 5191 1457 5246 et
1520 5185 1890 5264 corrigenda
1955 5187 2204 5248 excod.
2260 5187 2460 5247 Vatic.

218 5287 296 5360 (1)
320 5287 538 5360 Ἑαυτὸν
571 5289 978 5360 ἀπηλπισμένων
1009 5292 1161 5360 μετά,
1189 5301 1290 5343 etc.
1811 5291 2022 5360 τηρίαν,
2058 5302 2185 5353 etc.,
2217 5290 2399 5358 ἔλεγεν
2453 5293 2586 5360 μετὰ
2637 5290 2728 5342 καὶ
2781 5289 2874 5360 τῆς
2929 5288 3112 5360 ἄλλης,
3141 5299 3266 5360 etc.,
3297 5290 3373 5360 τῷ

220 5308 296 5356 ιι)
339 5308 538 5340 ι-,αυτον
571 5308 978 5359 απηλπισμενον
1009 5308 1161 5360 μετα,
1189 5308 1290 5343 etc.
1811 5309 1874 5360 τη
1919 5308 2022 5356 ιαν,
2058 5308 2185 5353 etc.,
2217 5308 2399 5358 ελεγεν
2453 5308 2586 5360 μετα
2637 5308 2728 5342 και
2781 5308 2874 5354 της
2929 5308 3112 5359 αλιης,
3141 5308 3266 5349 etc.,
3297 5308 3373 5358 τῳ

220 5358 294 5431 (ἓ)
322 5358 678 5431 ᾉΚληρονομία
716 5377 814 5428 μου
846 5357 913 5427 εἴ,
948 5372 1047 5415 etc.
1816 5308 1980 5431 στίχῳ
2012 5361 2086 5430 τῷ
2125 5361 2266 5414 ὀκτὼ
2295 5363 2386 5413 καὶ
2419 5361 2626 5430 δεκάτῳ
2649 5359 2872 5431 ψαλμῷ·
2909 5359 3104 5431 ομοίως
3136 5359 3225 5410 καὶ
3255 5359 3374 5431 τοδ-

219 5427 296 5500 (5)
319 5429 588 5500 Ἀμαρτίᾳ
611 5427 768 5500 πάνυ.
1817 5427 2069 5494 το,’ὲὶ‹ξ.,’
2088 5434 2150 5483 ἐκ
2177 5431 2281 5482 τῶν
2311 5432 2572 5500 οὐρανῶν,
2600 5427 2696 5482 ’καὶ
2724 5427 2783 5481 τὸ
2805 5427 3374 5500 ἀναϐεϐηκέναι-αὺτὸν

218 5497 296 5572 (ξ)
319 5497 670 5572 Ἱσχυρότεροί
707 5517 826 5568 μου,
856 5509 958 5554 etc.
1070 5571 1075 5572 γ
1187 5571 1191 5572 ν
1661 5569 1668 5572 _
1817 5503 1872 5552 ἐν
1904 5505 2012 5564 τοῖς
2045 5502 2311 5572 οὐρανοῖς,
2338 5497 2393 5552 ὲν
2419 5501 2702 5572 τῷγλέγειν
2730 5497 3066 5572 ναὺτὸνηειοζ,
3099 5497 3375 5572 συλλαϐεῖν

220 5569 299 5642 (5)
345 5567 715 5638 ’Υπομένουσιί
744 5572 938 5632 πάντες
972 5573 1018 5622 οἱ
1053 5571 1194 5638 ama
1237 5589 1347 5634 σου,
1374 5582 1500 5633 etc.,
1546 5569 1714 5640 χαρὰν
1821 5572 1951 5623 αὐτὸ
1992 5574 2090 5634 είς.
2113 5567 2254 5634 ’μίση
2285 5567 2525 5642 ὅτιπερό
2552 5571 2660 5642 υἱὸς
2693 5571 2780 5642 τὸν
2806 5567 3225 5642 πατέραγὲαυτοῦ
3247 5586 3376 5642 κατ-

149 5639 493 5718 ποιήσου-σιν,
515 5648 618 5718 εἰς.
827 5711 879 5718 Δ.
1197 5711 1204 5718 Ι
1504 5712 1524 5718 _
1548 5639 1574 5640 ⁷⁷
1620 5639 1625 5640 ⁷
1665 5712 1676 5718 _
1822 5643 2029 5718 εδίωκε.
2064 5641 2225 5718 Δδῆλον
2265 5639 2498 5712 εὑρήσης
2544 5641 2636 5692 καὶ
2683 5641 2856 5693 τοῦτο.
2895 5640 2952 5691 Ὀ
2973 5641 3098 5708 γὰρ,
3133 5639 3382 5718 ειυ.,⁹1η-

224 5709 300 5779 (6)
334 5709 396 5761 Ἦ
422 5709 521 5782 διαᾼ
537 5710 635 5778 τῆς
663 5711 1030 5782 κινναϐάρεως
1057 5711 1316 5782 περιέχει,
1345 5720 1446 5763 etc.
1500 5712 1586 5782 ὅτε
1619 5712 1711 5762 αὑο
1823 5712 1956 5782 om};
1982 5709 2131 5773 Υἱός,
2155 5722 2258 5765 etc.

144 5779 263 5861 cev,
283 5778 424 5861 etc.,
455 5780 867 5861 τῶνςιρυδαίων.
898 5778 964 5833 Ἐί
996 5778 1331 5842 τότεάἰτόν,
1361 5791 1486 5841 etc.,
1516 5780 1610 5848 τῆς
1636 5783 1695 5831 εἰ·

1892 5778 1969 5861 (7)
2010 5783 2075 5836 Ν.
2117 5783 2162 5834 1.
2194 5781 2383 5852 Κύριε,
2413 5790 2515 5836 etc.
2545 5783 2607 5832 Ν.
2637 5781 2690 5833 9.
2725 5781 2830 5833 Καὶ
2867 5781 3113 5840 ἄκουσον,
3149 5787 3254 5834 etc.

149 5851 320 5924 ρήνης
342 5848 538 5904 ὡσανεὶ
564 5852 594 5901 ὁ
615 5850 887 5920 δρομαῖος,
919 5863 1042 5912 etc.,
1077 5853 1164 5905 τοθ
1191 5855 1479 5921 κατασχεῖν
1502 5853 1578 5912 εἰς
1613 5867 1714 5902 σω-
