4094 6322
721 364 858 421 1299
1551 373 1606 426 S.
1647 369 2019 428 ATHANASH
2061 376 2209 431 OPP.
2252 378 2431 436 PARS
2469 383 2554 440 lll.
2599 418 2664 426 —
2695 388 3105 447 EXEGETICA.
3808 396 3924 451 1300

785 485 839 540 3.
882 482 1086 540 Exaudi
1113 503 1196 542 me
1229 489 1281 542 in
1313 500 1402 544 tua
1434 490 1642 557 iustitia
1667 534 1682 557 ,
2301 519 2343 569 Α

2301 519 2343 569 Α
2444 508 2495 559 5.
2539 509 2863 560 Εξσάκουσόν
2901 527 3000 579 μου
3025 512 3081 562 ὲν
3109 514 3173 580 τῇ
3205 511 3517 583 δικαιοσύνῃ
3545 530 3658 576 σου,

782 578 835 630 4.
882 576 945 629 Et
975 595 1078 632 non
1106 581 1274 636 intres
1310 585 1361 635 in
1387 584 1650 651 judicium
1692 601 1814 639 cum
1849 600 2009 639 servo
2037 597 2126 639 tuo
2159 606 2172 639 :

2448 601 2499 654 4.
2547 601 2647 652 Καὶ
2683 602 2755 670 μὴ
2781 573 3022 670 εἰσέλθῃς
3042 605 3122 664 είς
3143 573 3320 672 ξρίσιν
3347 573 3598 672 pedico-3
3622 573 3807 656 δούλου
3827 621 3922 657 σοι·

783 669 835 722 5.
877 668 1014 734 Quia
1032 687 1139 726 non
1167 673 1560 744 justilicabitur
1586 678 1634 728 iu
1661 688 1957 745 conspectu
1986 689 2076 730 tuo
2095 679 2278 732 omnis

2235 679 2278 732 is
2447 690 2496 742 5.
2517 692 2634 742 Ὅτι
2670 692 2729 743 οὐ
2759 691 3176 763 δικαιωθήσεται
3209 692 3437 746 ἐνώπιόν
3468 711 3562 746 σου
3591 696 3701 757 πᾶς
3730 694 3852 759 ζῶν.

711 775 913 816 νινειις.

778 851 829 904 6.
873 852 1015 918 Quia
1047 868 1365 921 persecutus
1401 868 1483 911 est
1509 859 1766 913 inimicus
1797 861 2034 914 animam
2059 875 2234 915 meam
2261 880 2272 912 :

2150 876 2234 913 ant
2261 880 2272 912 :
2450 861 2500 914 6.
2521 862 2642 912 Ὅτι
2676 859 2995 925 κατεδίωξεν
3024 864 3052 914 ὃ
3079 862 3269 934 ἐχθρὸς
3294 863 3388 933 τὴν
3415 863 3594 934 ψυχήν
3632 881 3735 933 μου
3753 880 3767 893 ·

779 943 829 997 7.
877 944 1190 1002 llumiliat'it
1229 950 1281 1002 in
1316 960 1454 1004 terra
1491 954 1655 1005 vitam
1689 970 1884 1007 meam.

2451 955 2500 1005 7.
2533 953 2922 1004 Ἐταπείνωσεν
2948 957 3025 1016 είς
3053 955 3156 1024 γῆν
3184 954 3278 1024 τὴν
3302 954 3442 1024 ζωήν
3473 972 3594 1025 μου.

777 1034 838 1087 8.’
865 1037 1154 1094 Collocavit
1202 1057 1286 1095 me
1330 1043 1384 1096 in
1417 1043 1665 1098 obscuris
1697 1046 1836 1098 sicut
1879 1057 2123 1102 mortuos
2177 1061 2266 1100 sa:-

2451 1044 2501 1098 8.
2540 1044 2785 1096 Ἐκάθισὲ
2823 1061 2888 1113 με
2923 1046 2978 1096 ὲν
3013 1047 3301 1108 σκοτεινοῖς
3323 1044 3394 1108 ὡς
3426 1049 3651 1116 νεκροὺς
3680 1046 3887 1110 αἰῶνος,

705 1127 839 1191 euli,

777 1220 831 1274 9.
862 1220 926 1274 Et
952 1223 1202 1278 auxiatus
1233 1233 1317 1278 est
1354 1240 1516 1294 super
1551 1242 1636 1280 me
1669 1227 1892 1296 spiritus
1929 1242 2081 1281 meus
2109 1242 2126 1279 :

2075 1245 2081 1280 ι
2109 1242 2126 1279 :
2451 1229 2501 1282 9.
2538 1227 2646 1280 Καὶ
2667 1229 2960 1297 ὴκηδίασεν
2990 1228 3074 1279 ἐπ’
3102 1226 3200 1296 ἐμὲ
3227 1227 3287 1278 τὸ
3308 1225 3522 1296 πνεῦμά
3555 1244 3656 1296 μου
3681 1244 3692 1255 ·

781 1313 863 1366 10.
892 1313 947 1366 lu
982 1331 1065 1368 me
1093 1317 1366 1370 turbatum
1402 1329 1481 1372 est
1514 1336 1608 1372 cor
1635 1335 1840 1377 meum.

2448 1318 2534 1373 10.
2584 1320 2672 1371 Ἐν
2703 1320 2822 1387 ἐμοὶ
2857 1317 3130 1389 ἐταράχθη
3163 1321 3195 1388 ἡ
3225 1318 3418 1386 καρδία
3455 1333 3575 1386 μου.

1830 1494 2207 1550 ATHANASH
2246 1493 2827 1550 INTERPRETATIO.

703 1669 962 1725 δαίων.Ἥ
998 1677 1128 1727 τότε
1162 1669 1318 1745 [εῖτ-α,
1345 1676 1529 1747 ὁπότε]
1562 1675 1746 1730 αὐτὸν
1772 1676 2127 1729 κατεδίωκεν
2155 1678 2484 1746 Ἀὄεοναλὼμ
2511 1681 2542 1732 ὁ
2571 1679 2698 1744 υἱός
2729 1677 2912 1731 αὐτοῦ
2931 1693 2945 1706 ·
2987 1677 3317 1746 Ἀϐεσαλὼμ
3349 1676 3706 1748 ἑρμηνεύεται
3754 1673 3939 1740 πατὴρ

701 1768 943 1836 εἰρήνης
962 1787 976 1802 ο
1005 1771 1093 1823 τὸν
1121 1772 1246 1825 λαὸν
1269 1769 1359 1825 οὖν
1395 1773 1484 1825 τὸν
1514 1774 1903 1844 ἐπιστρέφοντα
1930 1772 2037 1825 τῶν
2073 1773 2336 1826 Ἰουδαίων
2367 1774 2688 1826 κατεδίωκεν
2708 1777 2735 1826 6
2760 1772 2937 1846 πατὴρ
2961 1772 3058 1841 τῆς
3083 1773 3296 1842 εἰρήνης
3329 1770 3531 1842 Ἰησοῦς
3554 1769 3751 1822 ὡσανεὶ⁸
3778 1772 3805 1822 6
3831 1769 3942 1836 δρο-

706 1859 850 1926 μέως
880 1860 1176 1935 [δρομεὺς]·
1210 1863 1566 1934 κατελήλυθεν
1609 1863 1810 1933 Ἰησοῦς
1841 1867 1904 1915 ὲκ
1939 1862 2043 1915 τῶν
2077 1861 2320 1932 οὐρανῶν
2349 1861 2441 1914 τοῦ
2469 1865 2758 1932 κατασχεῖν
2793 1863 2951 1916 αὐτὸν
2981 1862 3060 1924 εἰς
3095 1860 3382 1930 σωτηρίαν.
3405 1860 3573 1912 Τοῦτο
3595 1859 3702 1928 γὰρ
3744 1874 3942 1926 μεμνηο

707 1956 865 2024 μένος
887 1959 912 2009 ό
937 1958 1220 2030 Προφήτης
1252 1960 1433 2029 ἔλεγεν
1454 1979 1466 1990 ·
1495 1961 1630 2030 μετὰ
1661 1959 1717 2013 δὲ
1750 1960 1846 2026 τῆς
1878 1959 2040 2028 ἄλλης
2070 1958 2361 2028 ἑρμηνείας
2392 1959 2488 2028 τῆς
2514 1958 2919 2029 παρακειμένης
2949 1956 3024 2025 τῷ
3058 1956 3223 2024 στίχῳ
3245 1953 3335 2005 τοῦ
3362 1953 3706 2019 ὀγδοδεκὰτου
3737 1949 3943 2020 ψαλμοῦ

702 2051 900 2120 ὁμοίως
923 2052 976 2103 δὲ
1005 2053 1160 2106 τοῦτο
1196 2055 1367 2127 δηλῶν
1397 2055 1457 2106 τὸ
1489 2051 1921 2120 καταϐεϐηκέναι
1951 2051 2109 2103 αὐτὸν
2143 2051 2208 2100 ἐκ
2239 2050 2344 2102 τῶν
2377 2051 2618 2121 οὐρανῶν
2646 2051 2705 2103 ὲν
2732 2050 2809 2121 τῷ
2839 2051 3012 2118 λέγειν
3039 2049 3194 2102 αὐτόν
3214 2065 3226 2077 ·
3260 2046 3703 2115 Ἀγοιίλιάσεταισ
3745 2047 3826 2110 ὡς
3867 2045 3944 2110 Τί·-

700 2161 810 2212 τας
846 2143 1085 2212 δραμεῖν
1112 2146 1272 2211 ὁδὸν,
1302 2148 1402 2200 ἀπ’
1434 2145 1617 2212 ἄκρου
1654 2142 1760 2196 τοῦ
1792 2142 2047 2210 οὐρανοῦ
2080 2144 2115 2208 ἡ
2145 2140 2352 2204 ἔξοδος
2381 2141 2586 2206 αὑτοῦ,
2618 2143 2712 2195 καὶ
2765 2142 2832 2194 τὸ
2877 2139 3213 2207 κατάντημα
3256 2137 3436 2190 αὑτοῦ
3477 2136 3585 2200 ἕως
3620 2133 3809 2200 ἄκρου
3847 2132 3945 2185 τοῦ

701 2238 977 2301 οὐρανοῦ.
1011 2239 1158 2309 Αὕτη
1192 2235 1282 2292 οὖν
1312 2243 1346 2309 ἡ
1378 2239 1639 2310 ἑρμηνεία
1663 2238 1756 2290 τοῦ
1780 2238 2194 2306 ἐπιγράμματος
2214 2254 2225 2264 ·
2264 2235 2483 2305 Ψαλμὸς
2510 2236 2588 2304 τῷ
2617 2236 2726 2306 λαῷ
2753 2236 2858 2289 τῶν
2904 2236 3165 2288 Ἰουδαίων
3193 2231 3666 2302 τῷὲπιστρέψαντι
3697 2228 3837 2297 πρὸς
3865 2228 3943 2279 τὸν

703 2326 856 2388 Θεὸν,
883 2328 970 2379 ὅτε
999 2331 1025 2381 6
1056 2328 1235 2399 πατὴρ
1259 2329 1356 2398 τῆς
1389 2331 1609 2400 εἰρήνης
1653 2327 1857 2397 Ἰησοῦς
1885 2327 2209 2380 κατεδίωκεν
2240 2327 2346 2378 ἀπὸ
2373 2325 2481 2378 τῶν
2508 2326 2748 2396 οὐρανῶν
2779 2325 2838 2378 τὸ
2863 2325 3014 2392 γένος
3041 2323 3150 2374 τῶν
3189 2323 3503 2393 ἀνθρώπων.
3537 2321 3820 2374 συλλαϐεῖν
3858 2319 3947 2370 αὐ-

701 2417 826 2478 τοὺς
855 2418 933 2478 εἰς
965 2419 1256 2488 σωτηρίαν.
1297 2420 1368 2471 Τὸ
1395 2419 1449 2473 δὲ
1481 2421 1652 2472 εἰπεῖν
1686 2422 1742 2473 ὲν
1767 2417 1844 2489 τῷ
1877 2418 2272 2488 ἐπιγράμματι,
2303 2417 2399 2469 ὅτε
2442 2419 2474 2470 ὀ
2515 2418 2645 2481 υίὸς
2677 2416 2781 2468 τὸν
2820 2413 3041 2482 πατέρα
3069 2412 3251 2465 αὐτοῦ
3286 2412 3619 2474 κατεδίωκε,
3660 2410 3821 2479 δῆλον
3859 2409 3942 2458 εὐο

702 2512 887 2580 ρήσεις
910 2511 1081 2567 τοῦτο.
1100 2514 1157 2566 '0
1187 2516 1292 2586 γὰρ
1321 2517 1505 2586 Πατὴρ
1533 2517 1628 2588 τῆς
1659 2517 1878 2585 εἰρήνης
1907 2513 2132 2582 Ἰησοῦς,
2150 2516 2176 2564 ὁ
2200 2512 2324 2573 Υἱὸς
2345 2510 2580 2579 γεγονὼς
2614 2511 2751 2562 κατὰ
2776 2510 2931 2579 χάριν
2961 2507 3091 2560 ίδίαν
3117 2505 3223 2558 τῶν
3252 2503 3538 2572 Ἰουδαίων,
3558 2501 3729 2562 οὓτως
3751 2499 3942 2552 tamu—

701 2601 828 2665 δαζε
864 2605 1142 2659 συλλαϐεῖν
1176 2609 1373 2671 αὐτοὺς
1396 2611 1500 2662 ὐπὸ
1528 2611 1622 2671 τὰς
1650 2613 1923 2679 πτέρυγας
1957 2605 2123 2660 αὐτοῦ
2152 2607 2232 2668 είς
2271 2605 2561 2675 σωτηρίαν.

700 2697 908 2762 quando
951 2713 1067 2750 eum
1112 2699 1513 2766 persequebatur
1551 2698 1794 2751 Absatom
1837 2699 1980 2765 ﬁlius
2015 2698 2126 2764 ejus
2161 2711 2179 2748 :
2209 2696 2456 2750 Absalom
2508 2696 2890 2765 interpretatur
2917 2705 3067 2763 pater
3103 2696 3249 2765 pacis
3283 2709 3302 2748 :
3328 2693 3583 2764 populum
3626 2689 3799 2762 igitur
3849 2685 3942 2743 Ju-

709 2788 946 2841 daem-um
982 2797 1383 2842 convertentem
1411 2804 1467 2844 se
1493 2791 1915 2859 persequebatur
1949 2799 2097 2858 pater
2126 2789 2272 2858 pacis
2302 2786 2460 2843 Jesus
2483 2787 2646 2843 veluti
2675 2802 2867 2842 cursor
2896 2805 2907 2840 :
2941 2786 3215 2843 descendit
3243 2788 3388 2842 enim
3417 2785 3573 2841 Jesus
3618 2799 3654 2838 e
3674 2784 3850 2846 ccelo,
3890 2789 3943 2834 ut

711 2898 833 2936 eum
870 2884 1290 2951 apprclicuderet
1318 2925 1331 2949 ,
1367 2901 1429 2939 ac
1470 2886 1675 2940 salvum
1713 2884 1930 2938 faceret.
1966 2884 2076 2937 Hoc
2115 2884 2257 2936 enim
2301 2897 2731 2937 commemorans
2779 2879 3043 2951 Propheta
3075 2882 3270 2936 cecinit
3302 2880 3516 2949 (juncta
3570 2877 3794 2946 quidem
3845 2875 3942 2928 alia

710 2977 1156 3045 interpretatione
1199 2980 1441 3048 apposita
1491 2981 1760 3034 versiculo
1813 2981 2002 3050 psalmi
2035 2980 2228 3033 decimi
2278 2981 2488 3044 octavi,
2526 2980 2619 3048 qui
2650 2980 2752 3033 lioc
2788 2979 2962 3048 ipsum
3008 2978 3310 3048 signiﬁcat,
3350 2974 3692 3030 descendisse
3720 2987 3852 3026 eum
3884 2975 3944 3024 de

707 3071 903 3137 cmlis).
930 3070 1116 3126 dicens
1140 3089 1152 3124 :
1175 3070 1472 3125 Exaitltavit
1521 3083 1576 3125 ut
1621 3075 1764 3143 gigas
1802 3081 1868 3125 ad
1895 3075 2203 3125 cui-rendam
2233 3073 2387 3132 uiam,
2415 3091 2446 3124 ιι
2480 3089 2680 3124 summa
2711 3072 2836 3126 creto
2861 3073 3084 3140 egressio
3122 3072 3255 3140 ejus,
3285 3081 3333 3124 et
3356 3086 3598 3124 occursus
3625 3068 3740 3138 ejus
3789 3082 3946 3134 usque

711 3164 778 3214 ad
814 3179 1073 3215 summum
1102 3162 1236 3232 ejus.
1266 3162 1389 3217 llaec
1419 3165 1581 3233 igitur
1612 3177 1693 3219 est
1718 3165 2084 3232 interpretatio
2124 3163 2491 3232 inscriptionis
2529 3183 2541 3216 :
2577 3163 2824 3217 Psalmus
2850 3164 3048 3230 populo
3081 3160 3387 3216 Judaaorum
3421 3160 3754 3215 convertenti
3788 3175 3848 3214 se
3876 3160 3937 3212 ad

713 3252 922 3317 Deum,
967 3256 1180 3324 quando
1227 3265 1378 3326 pater
1423 3258 1571 3326 pacis
1613 3256 1772 3313 Jcsus
1809 3256 2231 3325 persequebatur
2261 3274 2289 3311 e
2327 3256 2478 3310 cwlis
2520 3271 2688 3324 genus
2720 3255 3038 3317 humanum,
3085 3265 3142 3308 ut
3169 3253 3642 3322 comprehenderet
3683 3269 3815 3306 eum
3841 3294 3856 3318 ,
3889 3262 3939 3305 et

710 3347 961 3403 seivaret.
1008 3349 1162 3414 Quod
1220 3359 1396 3403 autem
1439 3351 1635 3403 dicitur
1674 3351 1725 3403 in
1771 3350 2124 3418 inscriptione
2160 3367 2174 3401 :
2207 3352 2414 3418 quando
2457 3350 2600 3417 [ilius
2642 3357 2842 3415 patrem
2885 3364 3038 3400 suum
3085 3346 3501 3417 persequebatur,
3548 3343 3848 3398 manifesto
3896 3345 3944 3398 id

720 3442 1040 3509 comperics.
1068 3439 1226 3493 Pater
1254 3442 1396 3494 enim
1425 3442 1569 3508 pacis
1599 3439 1778 3506 Jesus,
1812 3442 1978 3495 Filius
2007 3458 2097 3511 per
2137 3444 2364 3506 gratiam
2395 3458 2550 3499 suam
2595 3441 2903 3498 Judreorum
2934 3441 3127 3509 factus,
3154 3441 3227 3495 ita
3251 3440 3456 3496 studuit
3481 3438 3945 3508 comprehendere

708 3547 802 3587 eos
838 3533 939 3585 sub
972 3533 1085 3586 alas
1114 3547 1262 3595 suas,
1296 3541 1353 3585 ut
1384 3534 1561 3586 salvos
1590 3531 1808 3588 faceret.

778 3647 830 3700 5.
874 3648 938 3700 Et
971 3647 1133 3717 imple
1166 3663 1284 3702 eam
1321 3664 1418 3717 per
1450 3649 1646 3719 ipsum.
2305 3638 2347 3691 Β

2305 3638 2347 3691 Β
2446 3650 2499 3704 5.
2540 3651 2648 3703 Καὶ
2676 3650 2962 3723 πλήρωσον
2993 3649 3162 3718 αὐτὴν
3190 3648 3255 3700 δι’
3282 3647 3464 3699 αὐτοῦ.

775 3738 827 3789 4.
873 3736 934 3790 Et
965 3752 1029 3791 ne
1056 3739 1190 3792 velis
1234 3739 1494 3791 rationem
1533 3754 1743 3792 mecum
1782 3753 2014 3806 ponere,
2052 3739 2156 3794 hoc
2183 3748 2263 3794 est

2438 3744 2489 3796 4.
2532 3745 2640 3796 Καὶ
2673 3745 2746 3814 μὴ
2779 3743 3009 3813 θελήσῃς
3034 3743 3259 3810 συνᾶραι
3289 3739 3442 3806 λόγον
3472 3740 3583 3808 μετ’
3605 3736 3768 3807 ἐμοῦ,
3790 3756 3944 3792 τουτ-

707 3843 931 3881 examon
969 3827 1145 3882 {scere
1178 3828 1525 3899 iniquitatum
1568 3844 1834 3882 mearum.

2369 3835 2512 3886 ἐστιν
2547 3835 2790 3899 ἐξέτασιν
2823 3832 3145 3902 ποιήσασθαι
3167 3831 3272 3883 τῶν
3301 3831 3534 3901 ἀνομιῶν
3565 3849 3663 3900 μου
3695 3831 3802 3900 (1).

777 3919 830 3974 5.
872 3919 1138 3985 Quoniam
1175 3936 1279 3974 nou
1312 3920 1621 3990 estjustus,
1654 3936 1829 3990 neque
1865 3937 2039 3975 unus:
2075 3921 2263 3974 Omnes

2440 3925 2492 3979 5.
2515 3925 2637 3977 Ὅτι
2670 3925 2767 3976 οὐκ
2798 3923 2944 3978 ἐστιν
2991 3923 3215 3984 δίκαιος,
3257 3919 3377 3974 οὐτε
3417 3915 3526 3983 εἷς’
3559 3919 3792 3984 Πάντες
3841 3921 3947 3988 γὰρ

704 4012 842 4064 enim
869 4021 1225 4078 peccaverunt,
1260 4022 1306 4066 et
1330 4023 1474 4084 egent
1503 4013 1671 4083 gloria
1700 4022 1810 4078 tua,
1830 4013 2118 4082 justiﬁcati
2139 4031 2266 4084 gra-

2373 4013 2656 4082 ἥμαρτον,
2676 4015 2771 4067 καί
2795 4013 3181 4080 ὑστεροῦνται
3203 4010 3308 4078 τῆς
3322 4009 3504 4076 δόξης
3529 4026 3663 4074 σου,
3680 4008 3946 4063 δικαιού-

708 4104 770 4158 tis
800 4106 973 4172 gratia
1000 4114 1087 4156 tua
1113 4105 1152 4158 ⁸⁸.

2367 4122 2538 4172 μενοι
2575 4104 2799 4172 δωρεὰν
2821 4102 2894 4170 τῇ
2924 4103 3006 4170 σῇ
3040 4102 3253 4172 χάριτι.

776 4194 831 4247 6.
872 4193 1296 4263 Compreliendit
1322 4195 1572 4249 diabolus
1601 4195 1836 4249 animam
1863 4213 2057 4250 meam.

2440 4195 2490 4248 6.
2533 4196 2794 4264 Συνέσχεν
2825 4194 2897 4263 (2)
2935 4197 2963 4247 6
2988 4193 3229 4254 διάϐολος
3252 4194 3349 4260 τὴν
3376 4191 3551 4262 ψυχήν
3584 4207 3703 4259 μου.

775 4285 830 4340 '1'.
871 4285 1215 4342 Mortiﬁcavit
1257 4288 1312 4342 in
1361 4288 1593 4342 terrenis
1643 4291 2101 4357 concupiscentiis
2150 4289 2269 4343 aui-

2445 4286 2494 4340 7.
2523 4286 2886 4340 Ἐθανάτωσεν
2918 4288 2997 4350 εἰς
3028 4285 3124 4349 τὰς
3159 4284 3346 4353 γηίνας
3379 4282 3670 4354 ἐπιθυμίας
3705 4283 3814 4355 τὴν
3846 4284 3937 4354 ψυ-

705 4392 847 4430 mam
877 4392 1068 4431 uicani.

1013 4393 1068 4431 ιι.
2372 4382 2470 4451 χήν
2509 4396 2630 4450 μου.

777 4470 826 4522 8.
865 4469 1328 4535 Quemadmooum
1355 4481 1600 4527 mortuos
1623 4473 1678 4526 in
1701 4475 2072 4527 monumentis
2101 4472 2276 4527 inclu-

2446 4472 2500 4527 8.
2548 4473 2633 4534 Ὠς
2667 4474 2792 4535 τούς
2821 4472 2894 4541 (5)
2949 4470 3172 4541 νεκροὺς
3225 4470 3282 4520 ἐν
3326 4470 3436 4531 τοῖς
3487 4471 3766 4538 μνήμασιν
3812 4470 3940 4521 ἀπο-

705 4561 860 4625 dunt,
889 4570 943 4614 et
979 4562 1260 4616 dimittunt
1290 4578 1383 4617 eos
1428 4564 1481 4616 in
1521 4563 1689 4618 fetore
1737 4582 1851 4620 sua:
1884 4566 2270 4634 corruptionis,

2379 4562 2636 4627 κλείουσι,
2668 4563 2762 4616 καὶ
2797 4563 2956 4614 ἐῶσιν
2988 4563 3181 4624 αὐτοὺς
3234 4561 3290 4612 ὲν
3333 4562 3396 4630 τῇ
3431 4558 3660 4630 δυσωδία
3684 4559 3790 4628 τῆς
3831 4561 3941 4612 δια-

706 4655 778 4706 ita
808 4654 972 4707 etiam
1011 4653 1144 4707 mihi
1172 4653 1297 4708 fecit
1326 4656 1592 4711 diabolus.
1632 4656 1907 4712 Conclusit
1932 4658 2073 4712 enim
2109 4673 2194 4711 me
2219 4658 2271 4712 iu

2376 4654 2580 4723 φθορᾶς
2614 4654 2814 4718 αὐτῶν,
2849 4653 3020 4716 οὕτως
3054 4652 3320 4721 πεποίηκέ
3373 4669 3459 4722 μοι
3499 4652 3590 4704 καὶ
3617 4651 3646 4701 ὁ
3667 4650 3933 4715 διάϐολος.

707 4744 898 4799 fetore
925 4754 1266 4815 peccatorum
1302 4762 1568 4812 meorum,
1595 4757 1654 4802 ut
1682 4763 2081 4818 corrumperer,
2112 4759 2166 4802 et
2195 4749 2271 4803 ita

2388 4745 2695 4799 Ἀπέκλεισε
2725 4746 2828 4816 γάρ
2862 4763 2928 4815 με
2952 4747 3008 4798 ὲν
3033 4747 3096 4815 τῇ
3130 4744 3357 4797 δυσωδία
3381 4743 3489 4796 τῶν
3517 4742 3805 4814 ἁμαρτιῶν
3839 4762 3934 4814 μου

624 4860 640 4881 .
704 4837 1033 4904 computrui,
1056 4847 1114 4891 ut
1138 4837 1381 4893 faetorem
1422 4854 1634 4902 eorum,
1659 4855 1779 4909 quae
1805 4840 1929 4904 l'eci,
1960 4857 2066 4894 non
2104 4840 2241 4896 ferre

2317 4835 2811 4910 ςδιαφθείρεσθαι,
2874 4836 2966 4888 καὶ
3010 4835 3182 4899 οὕτως
3226 4835 3607 4907 προσὼζουσα,
3644 4837 3791 4889 ὥστε
3841 4838 3934 4906 τὴν

705 4931 881 4983 anima
919 4945 1058 4995 mea,
1093 4931 1186 4985 sed
1209 4948 1266 4986 sc
1293 4933 1464 5001 ipsam
1493 4932 1913 4986 abominaretur.

2371 4926 2631 4980 δυσωδίαν
2672 4920 2745 4979 ὧν
2772 4927 2981 4997 ἔπραξα
3013 4928 3086 4997 μὴ
3119 4925 3302 4997 φέρειν
3335 4926 3429 4995 τὴν
3455 4925 3628 4996 ψυχήν
3663 4943 3791 4996 μου,
3823 4927 3931 4980 ἀλλ’

2368 5019 2563 5090 ἑαυτὴν
2594 5018 2982 5088 βδελύττεσθαι.

772 5106 825 5159 9.
857 5106 920 5160 Ει
948 5109 1279 5162 conscientia
1309 5110 1491 5164 cordis
1519 5113 1651 5174 mei,

2437 5110 2488 5163 9.
2528 5111 2634 5161 Καὶ
2659 5109 2719 5160 τὸ
2755 5109 2990 5174 συνειδὸς
3015 5110 3110 5179 τῆς
3146 5108 3367 5178 καρδίας
3403 5125 3502 5178 μου
3526 5145 3540 5170 ,

776 5197 860 5252 10.
896 5197 1034 5253 Cum
1069 5201 1385 5258 recordarer
1414 5202 1587 5256 futuri
1611 5201 1825 5269 judicii,
1857 5202 2050 5261 timore
2079 5217 2256 5255 corre-

2444 5203 2524 5256 iO.
2559 5202 2900 5273 Μνησθέντος
2930 5221 3028 5273 μου
3048 5204 3144 5272 τῆς
3179 5201 3471 5274 μελλούσης
3502 5201 3755 5273 κρίσεως,
3781 5202 3928 5272 φόσῳ

701 5297 791 5360 pta
827 5299 908 5344 est

2373 5293 2683 5363 συνεσχέθη.

830 5400 985 5455 Rom.
1015 5419 1093 5463 in,
1135 5405 1219 5469 10,
1250 5405 1338 5458 23.

1619 5473 1922 5534 Addenda
1990 5483 2049 5535 et
2105 5478 2472 5556 corrigenda
2523 5498 2601 5541 ex
2634 5482 2771 5543 cod.
2818 5481 3018 5544 Vatic.

771 5570 845 5654 (1)
864 5573 1175 5654 ’ξᾼμαρτιῶν
1205 5595 1325 5645 μου.
2372 5581 2650 5654 ἁμαρτιῶν
2677 5581 3098 5654 διαφθείρεσθαι3
3124 5581 3213 5654 καὶ
3231 5580 3400 5654 οὕτως
3429 5577 3767 5654 προσωξεσα,
3790 5585 3921 5654 ἐπε..

772 5642 1418 5722 (ἓίῖφτξάὶδνέῗκένν,εισ-
1565 5718 1573 5722 _
1698 5717 1709 5722 _
1763 5717 1772 5722 _
2004 5718 2012 5722 _
2140 5717 2154 5722 λ
2373 5642 2445 5722 μὴ
2477 5642 3012 5722 ᾡθείρειντῆν,ἑῑο.,
3045 5642 3437 5718 βδελύσσεσθαι.
3587 5649 3666 5702 l0.
3699 5648 3920 5710 Καὶτύ,

773 5715 848 5779 (5i
875 5713 936 5793 Ν..
962 5714 1016 5793 8,
1039 5713 1358 5793 alterode,
1389 5727 1518 5793 εις.
1553 5717 1925 5793 ὰῃοκλείουσιν
1971 5718 2016 5767 οἱ
2076 5717 2261 5793 nev;-
2368 5713 2390 5776 ὲ

1505 5757 1518 5773 .
1553 5717 1925 5793 ἀῃοκλείουσιν
1971 5718 2016 5767 οἱ
2076 5717 2261 5793 nev;-
2368 5713 2673 5793 été.'usq'ue
2707 5723 2771 5777 ad
2800 5713 3119 5792 ’συνεσχέθτμ

703 5783 851 5847 κότις
872 5785 1086 5848 αὐτοὺς,
1125 5790 1235 5848 καί,
1267 5798 1392 5840 etc..
1425 5788 1517 5856 τῆς
1547 5786 1748 5861 φθορᾶς
1790 5786 1986 5850 αὐτῶν,
2015 5796 2114 5839 etc.
2151 5781 2256 5838 τῶν

1383 5827 1392 5839 ·
1425 5788 1517 5856 τῆς
1547 5786 1748 5861 φθορᾶς
1790 5786 1986 5850 αὐτῶν,
2015 5796 2114 5839 etc.
2151 5781 2256 5838 τῶν
2586 5781 2601 5793 ⁸
2971 5781 2999 5791 ..
