4052 6332
72 358 206 413 1301
972 358 1061 413 DE
1095 359 1368 418 TlTL’LIS
1406 362 1672 418 PSALMU

1696 362 1852 419 RUM.
1887 393 1957 405 -η
1996 363 2188 421 PSAL.
2232 367 2415 423 CXLII
3157 372 3296 428 1502

144 479 236 532 11.
284 476 582 548 Ἐμνήσθην
605 477 822 547 ἡμερῶν
847 479 1085 550 ἀρχαίων
1108 497 1122 510 ’
1657 490 1706 542 Α

1657 490 1706 542 Α
1803 485 1890 538 11.
1924 483 2126 540 Memor
2150 487 2224 542 fui
2260 487 2470 543 dierum
2496 488 2876 558 antiquorum:

144 571 237 623 12.
284 569 608 640 Ἐμελέτησα
641 573 697 623 ἐν
723 573 853 624 πᾶσι
875 575 986 635 τοῖς
1019 572 1197 643 ἔργοις
1225 591 1340 630 σου.

1816 573 1901 626 12.
1931 573 2217 632 Meditatus
2246 593 2368 631 sum
2404 579 2456 632 in
2489 578 2741 634 omnibus
2775 578 3030 648 operibus
3066 579 3191 637 tuis.

144 660 235 714 15.
278 660 360 712 Ἑν
387 661 650 730 ποιήμασι
674 661 781 714 τῶν
805 662 1004 734 χειρῶν
1031 680 1122 715 σου
1157 664 1442 733 ἐμελέτων.

1815 667 1900 720 15.
1939 667 1995 720 ln
2030 666 2188 723 factis
2218 685 2475 724 manuum
2507 681 2724 724 tuarum
2753 670 3072 725 meditabar.

144 748 234 802 14.
271 749 571 803 Διεπέτασα
603 751 736 821 πρὸς
760 751 818 804 σέ
845 753 942 815 τὰς
965 752 1150 822 χεῖράς
1185 770 1286 822 μου
1313 769 1328 784 ο

1185 770 1286 822 μου
1313 769 1328 784 ο
1813 759 1899 813 11.
1931 758 2174 830 Expandi
2196 775 2389 815 manus
2417 774 2566 815 meas
2597 759 2662 813 ad
2695 769 2781 814 te:

144 842 236 896 15.
280 843 342 894 Ἦ
367 842 509 912 ψυχή
540 860 640 913 μου
669 843 744 906 ὡς
767 843 840 913 γῆ
870 844 1094 915 ἄνυδρός
1124 862 1224 898 σοι.

1814 851 1902 905 15.
1929 850 2121 906 Anima
2156 865 2274 904 mea
2305 850 2446 904 sicut
2477 860 2618 904 terra
2648 850 2766 905 sine
2792 864 2930 920 aqua
2963 848 3077 904 tibi.

150 931 242 986 16.
272 933 414 1003 Ταχὺ
439 934 751 986 εἰσάκουσον
788 952 909 1004 μου,
944 933 1113 1005 Κύριε
1140 951 1150 962 ·

1813 941 1900 994 16.
1933 940 2204 995 Velociter
2228 940 2423 994 exaudi
2458 955 2565 1002 me,
2599 939 2858 994 Domine:

151 1025 242 1078 17.
285 1024 524 1090 Ἐξέλιπε
551 1026 610 1078 τὸ
638 1024 857 1095 πνεῦμά
892 1044 1013 1096 μου.

1816 1032 1905 1086 17.
1934 1031 2139 1088 Defecit
2164 1033 2389 1102 spiritus
2425 1047 2595 1087 meus.
2773 1021 2775 1024 ⁴

149 1117 238 1170 18.
271 1116 360 1185 Μὴ
394 1116 739 1189 ἀποστρέψεις
767 1117 828 1170 τὸ
850 1117 1138 1188 πρόσωπόν
1170 1134 1262 1172 σου
1289 1117 1382 1170 ἀπ’
1415 1118 1570 1189 ἐμοῦ,

1299 1117 1382 1170 im‘
1415 1118 1570 1189 ἐμοῦ,
1813 1122 1899 1177 18.
1937 1121 2052 1177 Non
2085 1133 2299 1178 avertas
2328 1121 2521 1177 faciem
2551 1131 2698 1177 tuam
2733 1138 2764 1177 a
2792 1137 2899 1186 me,

148 1204 236 1258 19.
269 1205 374 1257 Kal
399 1206 806 1276 ὁμοιωθήσομαι
837 1209 947 1268 τοῖς
979 1207 1396 1259 καταὸαίνουσιν
1420 1209 1498 1270 είς
1522 1208 1624 1262 λάκ

1533 1209 1624 1262 tax
1813 1215 1898 1269 19.
1927 1214 1990 1270 Ει
2019 1215 2216 1271 similis
2244 1231 2340 1270 ero
2369 1213 2826 1271 descendentibus
2857 1214 2910 1267 in
2937 1214 3133 1268 lacum.

84 1315 196 1351 κον.

146 1391 239 1445 20.
284 1390 568 1443 Ἀκουστδν
596 1389 819 1460 ποίησόν
851 1407 938 1460 μοι
969 1390 1028 1442 τὸ
1054 1390 1198 1460 πρωὶ
1233 1391 1294 1443 τὸ
1327 1389 1474 1454 ἔλεός
1508 1408 1598 1444 σου
1627 1408 1640 1422 ο

1816 1393 1906 1447 20.
1935 1391 2188 1450 Andilam
2215 1388 2298 1445 fac
2319 1390 2454 1444 mihi
2480 1405 2639 1445 mane
2666 1388 3094 1444 misericordiam
3125 1398 3305 1443 tuam:

149 1483 241 1536 21.
281 1483 397 1535 ’Ότι
433 1485 526 1534 ἐπὶ
562 1483 642 1534 col
673 1483 896 1552 ἧλπισα.

1815 1482 1905 1538 21.
1943 1482 2082 1548 Quia
2115 1483 2169 1536 in
2206 1489 2258 1536 te
2287 1479 2519 1550 speravi.

151 1576 243 1628 22.
281 1575 547 1646 Γνὼρισόν
579 1593 689 1646 μοι,
725 1576 916 1647 Κύριε,
939 1577 1074 1642 ὁδὸν,
1111 1579 1169 1630 ἐν
1266 1575 1601 1649 πορεύσομαι

1570 1595 1601 1630 ιι
1813 1572 1904 1626 22.
1933 1569 2125 1626 Notam
2154 1569 2239 1626 fac
2270 1569 2402 1624 mihi
2434 1568 2599 1634 viam,
2629 1567 2683 1622 in
2717 1581 2825 1637 qua
2861 1565 3126 1620 ambulem
3154 1584 3170 1618 :

151 1668 246 1724 23.
278 1667 399 1720 Ὀτι
430 1667 563 1736 πρὸς
594 1667 651 1719 σέ
676 1663 785 1737 ἦρα
805 1668 902 1737 τὴν
924 1667 1102 1738 ψυχήν
1136 1685 1259 1738 μου.

1816 1664 1906 1719 25.
1937 1662 2072 1728 Quia
2097 1662 2164 1716 ad
2197 1669 2247 1717 te
2274 1660 2444 1716 levavi
2478 1661 2712 1714 animam
2741 1673 2937 1712 meam.

150 1759 242 1813 24.
285 1757 493 1822 Ἐξελοῦ
522 1775 588 1829 με
619 1760 682 1810 ἐκ
701 1758 807 1810 τῶν
839 1759 1047 1830 ἐχθρῶν
1078 1776 1199 1829 μου,
1240 1756 1432 1828 Κύριε,

1816 1757 1907 1809 24.
1939 1753 2097 1823 Eripe
2125 1767 2214 1806 me
2245 1752 2311 1807 de
2345 1750 2582 1805 inimicis
2615 1750 2772 1812 meis,
2813 1746 3060 1807 Domine.

147 1851 240 1904 25.
271 1849 410 1922 Πρὸς
444 1850 501 1902 σέ
527 1850 855 1919 κατέφυγον.
1677 1832 1720 1886 Β

771 1867 855 1904 ον.
1677 1832 1720 1886 Β
1822 1847 1912 1901 25.
1939 1845 2018 1899 Ad
2051 1854 2099 1899 te
2130 1841 2371 1913 confugi.

153 1945 243 1998 26.
278 1943 491 2008 Δίὼξὸν
522 1959 590 2014 με
612 1943 703 1996 τοῦ
737 1946 908 1996 ποιεῖν
932 1943 990 1996 τὸ
1017 1943 1225 2015 θέλημά
1253 1961 1367 2007 σου,
1395 1944 1477 1996 ὅτι
1509 1943 1571 1996 σὺ
1599 1937 1649 1996 εἴ

1821 1937 1913 1990 26.
1950 1935 2088 1990 Doce
2119 1949 2205 1990 me
2234 1933 2411 1989 facere
2440 1934 2772 1988 voluntatem
2812 1941 2981 1999 tuam,
3016 1931 3140 2001 quia
3173 1927 3313 1984 Deus

85 2037 114 2091 ὅ
135 2037 266 2099 Θεὸς
283 2040 413 2106 ’μου.

1755 2045 1913 2084 meus
1937 2045 1994 2083 ES
2023 2037 2100 2084 ιιι.

1196 2285 1572 2341 ATllANASll
1613 2281 2194 2344 INTERPRETATIO.

163 2509 250 2563 11.
298 2508 601 2580 Ἐμνήσθην
635 2508 742 2580 γὰρ
774 2509 881 2562 τῶν
937 2506 1215 2580 προτέρων
1280 2525 1379 2560 nou
1435 2506 1654 2578 ήμερῶν

1831 2506 1918 2560 11.
1944 2503 2161 2559 Memini
2180 2501 2325 2557 enim
2349 2499 2682 2554 anteriorum
2707 2495 2918 2552 dierum
2939 2501 3206 2552 meorum,
3225 2486 3318 2556 qui

94 2599 198 2651 τῶν
222 2597 627 2652 παλαιωθεισῶν
661 2600 719 2652 ἐν
741 2599 1011 2669 ἀνομίαις.

1761 2598 2200 2654 inveteraverunt
2229 2592 2282 2646 in
2317 2589 2714 2660 iniquitatibus.

164 2691 252 2745 12.
286 2693 395 2744 Kal
425 2689 674 2761 ἠρξάμην
724 2690 1055 2761 ἐπιστρέψας
1083 2690 1377 2760 γυμνάζειν
1423 2690 1656 2759 ἐμαυτὸν

1834 2690 1921 2745 12,
1957 2688 2024 2743 Et
2045 2700 2342 2743 conversus
2371 2681 2510 2755 ccepi
2540 2681 2805 2750 meipsum
2831 2689 3083 2733 exercere
3107 2673 3160 2726 in
3195 2686 3323 2742 ope-

100 2783 175 2852 (l)
200 2787 257 2838 ἐν
282 2786 394 2846 τοῖς
425 2785 605 2855 ἔργοις
637 2783 733 2852 τῆς
766 2781 1064 2845 εὐσεϐείας.

580 2802 605 2847 ς
637 2783 733 2852 τῆς
766 2781 1064 2845 εὐσεϐείας.
1762 2782 1914 2838 ribus
1943 2781 2178 2850 pietatis.

171 2876 253 2929 15.
287 2876 396 2929 Kal
421 2876 497 2938 ὡς
522 2875 578 2941 ἐξ
612 2874 784 2945 ἀρχῆς
819 2874 1256 2946 ἐδημιούργησάς
1299 2893 1386 2944 με,
1427 2875 1658 2946 ἐπειρώ-

1837 2878 1924 2931 15.
1956 2875 2021 2929 Ει
2045 2871 2497 2944 quemadmodum
2522 2869 2589 2922 ab
2615 2866 2769 2920 initio
2796 2879 2882 2918 me
2912 2862 3130 2924 oreasti,
3160 2857 3320 2912 talem

105 2983 205 3032 ιιην
231 2966 468 3029 τοιοῦτος
494 2967 778 3035 εὑρεθῆναι
810 2965 1039 3017 ἐνώπιόν
1075 2982 1191 3020 σου.

1102 2982 1191 3020 ὀυο
1764 2980 1993 3026 conatus
2022 2982 2140 3022 sum
2173 2963 2400 3019 inveniri
2417 2976 2608 3015 ‘coram
2633 2966 2702 3011 te.

169 3058 256 3112 H.
299 3059 605 3119 Ἀνατείνας
626 3059 723 3128 τὴν
752 3058 977 3127 καρδίαν
1006 3074 1127 3128 μου,
1155 3057 1268 3125 μετ’
1298 3058 1487 3128 ὀδύνης
1512 3057 1661 3129 £661}-

1838 3066 1924 3122 14.
1955 3063 2260 3119 Extendens
2286 3077 2380 3116 cor
2404 3073 2605 3122 meum,
2634 3069 2758 3110 cum
2791 3051 2977 3108 dolore
3000 3047 3227 3105 clamavi
3257 3045 3321 3100 ad

103 3165 169 3201 σα
194 3149 272 3220 (2)
304 3151 439 3220 πρὸς
465 3150 524 3202 σέ
1765 3170 1836 3215 ιε,

174 3241 260 3295 15.
295 3243 574 3312 Ἀκαρπος
600 3242 857 3314 ὑπάρχει,
887 3240 980 3297 καὶ
1005 3238 1333 3310 κεχώρισται
1370 3240 1444 3311 μὴ
1466 3239 1661 3311 ἔχουσα
1688 3248 1730 3303 c

1728 3283 1730 3300 ι
1835 3251 1923 3306 l3.
1952 3245 2291 3303 lnfructifera
2325 3253 2408 3300 est
2433 3252 2485 3297 et
2511 3241 2772 3303 desorata,
2810 3252 2919 3292 non
2949 3233 3155 3289 habens
3181 3230 3233 3285 in
3269 3244 3328 3285 se

104 3333 159 3383 ἐν
184 3333 348 3402 ἑαυτῇ
374 3334 434 3385 τὸ
459 3333 689 3404 ΙΙνεῦμά
713 3352 806 3387 σου
833 3337 894 3388 τὸ
926 3337 1100 3405 ἅγιον.

1045 3354 1100 3391 ιν.
1765 3341 1877 3412 ipsa
1911 3341 2170 3412 Spiritum
2197 3347 2440 3392 sanctum
2473 3344 2645 3387 tuum.

171 3422 256 3476 16.
288 3423 487 3493 Δέομαί
514 3440 627 3487 σου,
659 3425 830 3494 Κύριε
851 3440 865 3454 ⁸
901 3429 1037 3496 ταχὺ
1091 3426 1375 3498 πλήρωσον
1401 3424 1538 3491 ὅπερ
1579 3423 1659 3473 al-

1835 3435 1921 3488 l6.
1968 3432 2238 3502 Deprecor
2283 3440 2354 3492 te,
2401 3427 2646 3490 Domine,
2677 3422 2924 3479 celeriter
2968 3417 3131 3488 imple
3181 3414 3330 3486 quod

107 3514 197 3564 τοῦ
205 3531 304 3583 μαι
335 3513 413 3585 (3)
434 3529 449 3545 ·
1763 3535 1885 3596 peto
1905 3541 1920 3591 ;

175 3604 260 3656 17.
293 3604 683 3676 Τεθανάτωμαι
705 3605 812 3677 γὰρ
836 3606 940 3660 ὑπὸ
970 3608 1067 3677 τῆς
1102 3605 1392 3676 ἁμαρτίας.

1353 3622 1392 3668 ςο
1837 3615 1922 3670 17.
1948 3611 2081 3668 Nam
2111 3610 2467 3667 mortiﬁcatus
2492 3622 2612 3663 sum
2646 3623 2675 3661 a
2711 3614 2953 3676 peccato.

175 3696 260 3750 l8.
294 3696 385 3768 Μὴ
411 3697 636 3768 βδελύξῃ
665 3714 731 3769 με
758 3697 847 3751 διὰ
870 3698 930 3751 τὸ
958 3697 1032 3770 (4)
1060 3697 1230 3768 ὄνομα
1258 3713 1370 3750 σου.

1838 3705 1923 3761 18.
1955 3703 2033 3758 Ne
2055 3700 2386 3758 abomineris
2418 3714 2502 3753 me
2531 3704 2749 3768 propter
2781 3707 2979 3747 nomen
3011 3698 3186 3744 tuum.

177 3789 259 3842 19.
292 3790 400 3843 Kal
418 3791 598 3861 ὅμοιος
625 3790 868 3861 γένωμαι
890 3789 997 3845 τῶν
1030 3790 1103 3863 μὴ
1141 3787 1387 3862 ὁρώντων
1425 3784 1580 3840 τοῦτο
1608 3784 1666 3837 τὸ

1837 3798 1926 3852 19.
1953 3793 2228 3850 Etsimilis
2253 3792 2376 3846 fiam
2397 3791 2503 3845 illis
2527 3804 2635 3843 non
2660 3784 2969 3841 videntibus
2994 3781 3133 3835 hanc
3152 3778 3326 3831 lucem

112 3880 240 3946 φῶς,
277 3881 370 3934 καὶ
395 3881 698 3935 πιπτόντων
718 3883 795 3944 είς
831 3882 1040 3954 βόθρον,
1065 3883 1159 3935 καὶ
1179 3881 1286 3934 ἀπὸ
1307 3878 1400 3933 τοῦ
1429 3879 1570 3950 κάμὲ
1584 3877 1667 3930 οὖ-

1766 3898 1820 3946 et
1842 3883 2204 3942 incidentibus
2229 3881 2284 3935 in
2308 3879 2541 3945 foveam,
2565 3877 2693 3946 quia
2722 3875 2885 3930 etiam
2910 3885 3010 3943 ego
3038 3869 3116 3926 sic
3141 3866 3327 3931 incidi,

112 3990 212 4036 τως
242 3973 536 4044 ἐμπίπτειν
559 3974 656 4044 (5),
695 3975 788 4028 κα)⁵
814 3974 1162 4043 ἐναπομένειν
1191 3976 1256 4043 τῇ
1299 3972 1560 4044 ἁμαρτίᾳ.

873 3974 1162 4043 απομένειν
1191 3976 1256 4043 τῇ
1299 3972 1560 4044 ἁμαρτίᾳ.
1767 3991 1820 4036 et
1842 3976 2113 4051 permansi
2144 3976 2197 4028 in
2235 3982 2471 4044 peccato.

177 4064 265 4130 20,
291 4064 379 4118 21.
399 4064 614 4136 t6)"01t
656 4065 750 4118 ἐπὶ
779 4067 860 4118 col
880 4065 1105 4135 ἦλπισα,
1126 4063 1295 4128 οὕτως
1331 4065 1551 4135 ἐλέησόν
1579 4082 1664 4135 με.

1651 4105 1664 4116 -
1837 4050 1928 4136 20,
1957 4069 2046 4124 21.
2080 4067 2215 4134 Quia
2250 4067 2303 4119 in
2335 4074 2389 4119 te
2420 4059 2655 4132 speravi,
2689 4057 2809 4112 ideo
2832 4054 3091 4110 miserere
3119 4050 3247 4136 mei.

177 4157 264 4212 22.
305 4158 464 4211 Ὥστε
513 4157 718 4223 πάντας
746 4157 966 4227 γνῶναι,
1013 4159 1201 4228 ὅτιπερ
1229 4157 1465 4227 ὴλέησάς
1499 4174 1564 4227 με
1614 4158 1668 4208 ἐν

1836 4157 1926 4210 22.
1966 4152 2037 4208 Ut
2055 4167 2242 4209 omnes
2265 4157 2512 4213 noscant,
2532 4144 2677 4217 quod
2705 4141 2810 4198 mei
2831 4140 3088 4196 misertus
3106 4152 3185 4203 es,
3204 4135 3331 4190 dum

114 4246 187 4318 τῷ
211 4249 274 4302 τὺ
299 4248 413 4318 φῶς
442 4266 533 4301 σου
563 4249 836 4304 ἀνατεῖλαι
859 4251 917 4302 ἐν
944 4249 1088 4320 ἐμοί.

859 4251 917 4302 ἐν
944 4249 1088 4320 ἐμοί.
1769 4251 1862 4304 lux
1888 4257 1979 4302 tua
2004 4244 2246 4301 exoritur
2272 4243 2326 4296 in
2353 4255 2459 4294 me.

181 4339 270 4395 23.
308 4339 432 4392 Ὀτι
459 4357 540 4393 σοι
563 4342 910 4411 προσήγαγον
937 4341 1036 4411 τὴν
1067 4338 1243 4410 ψυχήν
1287 4357 1407 4411 μου,
1442 4341 1521 4393 ὅτι
1565 4338 1670 4392 ἀπὸ

1841 4339 1931 4394 25.
1963 4336 2106 4403 Quia
2133 4334 2227 4391 tibi
2255 4332 2425 4387 obtuli
2453 4329 2688 4384 animam
2707 4340 2907 4388 meam,
2927 4322 3182 4393 quoniam
3207 4333 3237 4372 a
3260 4327 3335 4372 te-

120 4428 336 4493 σκάτους
359 4429 473 4500 εἰμὶ
505 4429 926 4502 Ιὲσκοτισμένος]
956 4429 1062 4483 τῶν
1105 4429 1335 4501 πρώτων
1367 4448 1467 4499 μου
1494 4431 1670 4500 ἁμαρ-

1772 4431 1953 4486 nebris
1982 4427 2313 4482 anteriorum
2356 4436 2597 4478 meorum
2636 4426 2982 4487 peccatorum
3014 4411 3335 4468 obteneltra-

117 4521 264 4586 τιῶν,
299 4522 390 4576 καὶ
415 4523 517 4575 οὐκ
543 4519 657 4576 οἶδα
682 4525 742 4576 τὸ
768 4522 884 4587 πῶς
923 4522 1171 4594 πορευθῶ
1199 4523 1332 4594 πρὸς
1367 4523 1428 4574 τὸ
1453 4523 1668 4590 ἐγγίσαι
1705 4583 1717 4594 ι

1734 4591 1738 4594 μ
1773 4532 1861 4579 tus
1879 4537 2022 4584 sum,
2046 4530 2100 4574 et
2128 4520 2318 4589 ignoro
2335 4530 2445 4586 quo
2471 4511 2800 4582 progrediar,
2827 4517 2885 4562 ut
2912 4511 3334 4577 appropinquem

121 4629 213 4680 σοι,
241 4583 332 4679 δός
364 4633 453 4686 μοι
483 4616 580 4687 τήν
607 4583 906 4688 ὁδηγοῦσαν
1033 4615 1168 4688 πρὸς
1192 4583 1270 4669 σέ.
1315 4583 1325 4585 Ῠ
1493 4583 1504 4590 ⁷
1531 4583 1541 4590 ν
1705 4583 1721 4638 1

1705 4583 1745 4638 θ
1777 4616 1895 4681 tibi,
1913 4615 1979 4670 da
2007 4583 2400 4680 mihi'gratiam
2428 4617 2572 4661 tuam
2601 4603 2954 4658 deducentem
2985 4613 3074 4653 me
3097 4595 3163 4650 ad
3191 4603 3263 4649 te.

179 4705 271 4760 24.
319 4706 528 4774 Ἐξελοῦ
561 4725 626 4779 με
653 4709 716 4761 ἐκ
737 4709 845 4762 τῶν
876 4708 1162 4780 δαιμόνων,
1201 4707 1392 4778 Κύριε.

1296 4724 1392 4778 ριε.
1844 4708 1938 4762 24.
1971 4704 2131 4774 Eripe
2163 4717 2249 4756 me
2271 4718 2303 4755 a
2324 4696 2625 4757 daemoniis.
2650 4693 2896 4749 Domine.

181 4800 271 4854 25.
312 4800 432 4853 Ὀτι
457 4800 560 4853 ὑπὸ
582 4799 679 4870 τὴν
710 4799 806 4872 σὴν
839 4799 1151 4852 δεσποτείαν
1174 4798 1311 4852 θέλω
1333 4794 1496 4851 εἶναι.

1844 4800 1936 4854 25.
1969 4796 2237 4864 Quoniam
2267 4793 2369 4849 sub
2392 4799 2542 4846 tuutn
2568 4787 2866 4843 dominium
2895 4796 3016 4838 esse
3044 4779 3194 4872 volo.

179 4891 267 4949 ‘26.
300 4892 408 4946 Kal
437 4893 623 4964 ἐπειδὴ
637 4868 831 4964 νήπιός
860 4893 974 4963 εἰμι
998 4893 1181 4963 ἀκμὴν
1209 4893 1266 4944 ἐν
1291 4894 1408 4956 ταῖς
1437 4892 1673 4953 ἐντολαῖς

1844 4889 1936 4945 26.
1960 4887 2028 4944 Et
2063 4887 2193 4959 quin
2223 4883 2409 4941 infans
2438 4897 2559 4938 sum
2593 4880 2772 4935 adhuc
2808 4877 2863 4933 in
2898 4871 3169 4931 mandatis
3199 4868 3327 4932 tuis.

125 5000 230 5053 σου,
257 4986 566 5058 κατήχησόν
598 5003 684 5057 με,
713 4985 764 5039 τί
794 4986 855 5039 τὸ
881 4985 1082 5039 τέλειον
1109 4985 1203 5038 καὶ
1246 4984 1534 5056 εὐάρεστον
1591 4986 1672 5036 ἐν·

1774 4983 1985 5036 instrue
2017 4995 2121 5044 me,
2149 4977 2278 5050 quid
2323 4972 2616 5046 perfectum
2655 4981 2707 5026 et
2738 4969 2994 5042 placitum
3028 4966 3101 5021 sit
3149 4977 3347 5020 coram-

124 5071 283 5128 ώπιόν
309 5091 420 5129 σου.
1781 5084 1851 5128 te.

1027 5252 1329 5315 Addenda
1366 5262 1425 5314 et
1470 5252 1857 5332 corrigenda.
1895 5270 1972 5312 ex
2031 5250 2166 5314 cod.
2225 5248 2422 5309 Vatic.

192 5420 266 5486 (1)
302 5420 545 5482 Ἐαυτὸν,
571 5429 673 5475 etc.

1851 5415 1925 5484 (6)
1955 5417 2021 5470 Ν.
2049 5417 2138 5474 20,
2172 5415 2262 5469 21.
2295 5414 2438 5472 Ὅτι,
2463 5421 2586 5487 etc.
2639 5425 2815 5487 usque
2855 5411 2918 5463 ad
2969 5409 3032 5487 ἓν
3094 5406 3235 5487 ἐμοί.
3262 5406 3328 5487 Νζ

307 5477 614 5562 Ἀνεδόηέταν
644 5501 749 5562 CIC-
862 5560 867 5562 _
1139 5561 1147 5562 ί
1781 5477 1875 5562 22.-
1905 5477 1990 5540 25.
2040 5489 2162 5562 ’ίυτι
2197 5503 2278 5562 σοι
2307 5485 2653 5562 προσήγαγον
2708 5477 2757 5534 τ.
2788 5477 3208 5562 ψζνμλξτιλξπξ
3239 5478 3333 5531 τοῦ

191 5548 268 5692 ἓῦ)
300 5548 611 5645 Πλήρευσον,
640 5561 829 5682 Κύριε,
855 5560 987 5632 ὅπερ
1013 5561 1264 5630 αἰτοῦμαί
1303 5580 1379 5615 σε.
1784 5577 1791 5608 ε

212 5630 267 5692 4)
303 5631 548 5692 Βδελυξει
585 5649 651 5692 με
693 5649 721 5682 τ
760 5674 771 5692 ,
807 5641 907 5684 clc.
1781 5645 1791 5680 1

1784 5559 2001 5621 σκότους
2029 5558 2140 5625 εἰμὶ
2171 5555 2279 5607 τῶν
2305 5548 2530 5622 πρώτων
2564 5570 2682 5621 μου,
2714 5548 2814 5605 etc.
2839 5548 2904 5605 Ν.
2936 5550 3026 5611 24,
3055 5548 3144 5602 25.
3169 5548 3301 5602 Com
3328 5577 3334 5586 -

1781 5638 1943 5682 ment.
1976 5644 2134 5682 unus.
2183 5624 2394 5691 Ἐξελοῦ
2421 5640 2506 5692 με,
2553 5633 2678 5686 etc.,
2719 5621 2814 5692 τὴν
2857 5621 2953 5691 σὴν
2998 5619 3333 5683 δεσποτείαν,

201 5577 268 5643 ⁵ο)
301 5577 609 5645 ιιΛήρωσον,
640 5577 829 5682 λυὲιε,
855 5577 987 5632 οπερ
1013 5579 1262 5630 αιτουμαι
1303 5580 1379 5615 σε.
1784 5577 1801 5610 ε

201 5630 267 5696 ξι)
303 5630 548 5697 Βδελύξει
585 5649 651 5700 με
693 5649 721 5682 τ
760 5674 771 5695 ,
807 5641 907 5684 clc.
1554 5699 1557 5700 ν
1781 5645 1801 5680 I‘

1784 5577 2001 5621 σκοτους
2029 5577 2140 5625 ειμι
2171 5577 2279 5607 τυλν
2305 5577 2529 5622 πρωτων
2564 5577 2682 5621 μου,
2714 5577 2814 5605 «τις.
2840 5577 2904 5605 μ.
2940 5577 3026 5611 ΖΨ,
3059 5577 3144 5602 ω.
3169 5577 3301 5602 νυιιι
3328 5577 3332 5586 ‘

1781 5638 1943 5682 ment.
1976 5644 2134 5682 unus.
2183 5624 2394 5691 Ἐξελοῦ
2421 5640 2506 5692 με,
2553 5633 2678 5686 etc.,
2719 5621 2814 5692 τὴν
2857 5621 2953 5691 σὴν
2998 5619 3332 5683 δεσποτείαν,

135 5767 144 5776 1
191 5701 267 5782 (5)
317 5699 627 5754 Πιπτόντων
669 5700 758 5754 καὶ
811 5703 914 5755 ἀπὸ
965 5702 1185 5764 τούτου,
1242 5705 1331 5757 καὶ
1377 5701 1474 5773 ἐμὲ
1507 5699 1672 5765 οὕτως
1779 5709 1882 5753 etc.

132 5781 406 5826 εκπιπτειν
421 5811 436 5839 ,
476 5781 578 5827 etc.
