4094 6322
665 327 802 382 1505

1461 329 1516 384 S.
1562 329 1939 385 ATHANASII
1980 330 2128 385 OPP.
2175 330 2358 387 PARS
2399 333 2481 387 Ill.
2527 366 2593 374 —
2634 335 3045 393 EXEGETICA.

3758 340 3897 396 15οι

726 441 814 494 27.
854 441 1090 512 Spiritus
1133 452 1256 498 tuus
1301 444 1477 500 bonus
1509 446 1738 501 deducet
1779 463 1866 501 me
1921 449 1973 501 in
2023 461 2220 502 terram
2256 456 2299 510 Α

2395 451 2481 504 27.
2521 452 2593 503 Τὸ
2625 452 2846 523 Πνεῦμά
2897 470 2988 506 σου
3028 454 3087 506 τὸ
3117 453 3319 520 ἀγαθὸν
3348 454 3609 527 ὁδηγήσει
3644 474 3711 526 με
3744 459 3800 510 ὲν
3833 462 3897 529 γῇ

661 542 883 586 rectam.

727 621 816 677 28.
849 623 1072 693 Propter
1103 641 1299 680 nomen
1330 634 1507 689 tuum,
1541 627 1786 692 Domine,
1819 629 2119 685 viviticabis
2145 647 2228 684 me

665 713 718 767 in
747 715 1018 784 equitate.

728 805 816 859 29.
848 805 1055 861 Educes
1075 807 1140 861 de
1169 807 1515 862 tribulatione
1551 810 1789 863 animam
1815 825 2015 872 meam,

730 897 814 950 50.
849 896 913 952 Et
959 899 1012 951 in
1067 899 1442 956 misericordia
1485 913 1577 956 tua
1637 902 1920 970 disperdes
1971 903 2228 958 inimicos

661 1005 831 1044 meos.

727 1082 814 1135 51.
849 1079 917 1134 Ει
948 1082 1137 1150 perdes
1155 1095 1347 1138 omnes
1367 1084 1461 1152 qui
1488 1084 2000 1141 tribulantanimam
2030 1104 2226 1143 meam.

729 1253 817 1308 52.
847 1253 1112 1318 Quoniam
1137 1272 1238 1328 ego
1260 1274 1450 1313 servus
1483 1268 1610 1315 tuus
1639 1277 1780 1315 sum.

667 1386 904 1443 Psalmus
938 1391 1124 1455 David,
1165 1395 1410 1449 adversus
1441 1397 1675 1450 Galiath.
1716 1395 1912 1451 PSAL.
1963 1397 2228 1453 CXLIII.

737 1502 782 1552 l.
811 1500 1132 1560 Benedictus
1155 1505 1416 1561 Dominus
1445 1507 1590 1564 Deus
1619 1524 1776 1564 meus
1809 1511 1902 1579 qui
1934 1510 2092 1566 docet
2118 1527 2232 1565 ma-

664 1608 764 1645 nus
797 1609 946 1648 meas
975 1597 1040 1650 ad
1069 1598 1336 1666 praelium,

729 1685 782 1738 2.
813 1685 877 1740 Ει
905 1688 1102 1758 digitos
1131 1708 1279 1748 meos
1308 1695 1374 1747 ad
1410 1695 1634 1748 bellum.

731 1776 781 1829 5.
810 1776 1174 1835 Misericordia
1205 1799 1322 1838 mea
1347 1793 1400 1838 et
1430 1785 1696 1854 refugium
1730 1802 1930 1846 meum.

732 1958 807 2023 la)
841 1953 996 2010 Vers.
1025 1959 1078 2010 2.
1103 1960 1393 2014 Διδάσκων.

2336 541 2539 594 εὐθεία·

2406 633 2492 686 28.
2527 635 2745 691 Ἕνεκεν
2778 636 2870 688 τοῦ
2897 637 3155 705 ὀνόματός
3181 654 3292 700 σου,
3320 636 3513 707 Κύριε,
3543 637 3726 709 ζήσεις
3763 657 3828 706 με
3849 642 3902 691 ὲν

2335 730 2400 796 τῇ
2435 727 2746 798 δικαιοσύνῃ
2779 745 2891 781 σου.

2407 818 2494 871 29.
2546 819 2784 884 Ἐξάξεις
2813 822 2875 872 ὲκ
2905 819 3136 890 θλίψεως
3164 820 3262 892 τὴν
3286 823 3466 894 ψυχήν
3497 839 3621 892 μου,

2403 909 2489 963 50.
2519 911 2628 963 Καὶ
2655 911 2710 961 ὲν
2733 910 2810 980 τῷ
2830 911 2971 963 ὲλέει
2993 929 3086 964 σου
3109 912 3504 984 ὲξολοθρεύσεις
3529 912 3655 974 τοὺς
3683 913 3901 983 ἐχθροῦ,

2343 1017 2462 1069 μου.

2409 1091 2492 1143 3i.
2529 1091 2630 1144 Καὶ
2661 1092 2882 1154 ἀπολεῖς
2906 1093 3117 1156 πάντας
3142 1095 3268 1157 τοὺς
3295 1092 3576 1157 θλίϐοντας
3597 1095 3698 1164 τὴν
3732 1095 3905 1164 ψυχήν

2344 1199 2462 1252 μου·

2411 1273 2498 1328 52.
2539 1275 2657 1327 ’Ότι
2689 1275 2798 1343 ἐγὼ
2824 1276 3006 1341 δοῦλός
3040 1295 3132 1331 σου
3163 1277 3294 1348 εἰμί.

2349 1408 2588 1476 Ψαλμὸς
2616 1408 2694 1474 τῷ
2722 1410 2915 1474 Δαϐὶδ,
2951 1413 3097 1480 πρὸς
3119 1412 3221 1465 τὸν
3247 1414 3489 1467 Γολιάθ.
3521 1415 3693 1466 ΨΑΛ.
3717 1411 3906 1465 ΡΜΓ.

2411 1521 2460 1575 1.
2493 1521 2795 1592 Εὐλογητὸς
2830 1522 3033 1596 Κύριος
3077 1526 3104 1576 ὁ
3142 1525 3274 1588 Θεός
3306 1543 3406 1595 μου
3431 1565 3445 1588 ,
3473 1529 3501 1580 ὁ
3532 1527 3607 1596 (a)
3645 1526 3909 1579 διδάσκων

2341 1614 2436 1673 τὰς
2465 1615 2650 1682 χεῖράς
2678 1631 2776 1682 μου
2804 1617 2882 1677 εἰς
2911 1614 3232 1686 παράταξιν.

2413 1703 2445 1754 2
2497 1704 2633 1766 Τοὺς
2658 1704 2955 1768 δακτύλους
2983 1724 3083 1777 μου
3115 1709 3196 1771 εἰς
3223 1709 3476 1778 πόλεμον,

2413 1792 2465 1844 5.
2503 1793 2686 1856 Ἐλεός
2717 1813 2817 1864 μου
2853 1797 2945 1849 καὶ
2972 1800 3258 1869 καταφυγή
3295 1817 3416 1868 μου,

1789 2123 2159 2179 ATHANASII
2202 2121 2790 2178 INTERPRETATIO.

733 2275 821 2328 27.
855 2274 979 2341 Tui,
1005 2277 1098 2346 qui
1127 2279 1304 2355 bonus
1329 2293 1412 2342 es,
1447 2278 1626 2334 bonus
1653 2288 1710 2334 et
1738 2289 1961 2335 sanctus
1996 2280 2230 2350 Spiritus
2266 2292 2305 2346 Β

2403 2279 2492 2332 27.
2525 2277 2626 2330 Σοῦ
2649 2277 2739 2331 τοῦ
2765 2275 2968 2347 ἀγαθοῦ
2992 2277 3051 2330 τὸ
3073 2277 3275 2348 ἀγαθὸν
3301 2279 3392 2332 και
3415 2278 3566 2346 ἅγιον
3585 2276 3814 2348 Πνεῦμα
3841 2249 3913 2347 (ι)

664 2371 894 2424 deducet
921 2385 1028 2432 me,
1057 2379 1113 2422 ut
1141 2371 1448 2438 perveniam
1482 2373 1536 2423 in
1568 2386 1860 2440 supernam
1905 2371 2226 2429 Jerusalem.

732 2460 820 2514 28.
848 2458 987 2526 Quia
1013 2459 1152 2516 Deus
1172 2461 1362 2516 vivens
1387 2476 1467 2528 es,
1490 2472 1546 2515 et
1575 2463 1675 2517 hoc
1702 2463 1796 2517 tibi
1827 2479 2049 2530 nomen,
2080 2475 2132 2519 et
2151 2482 2236 2519 me

669 2552 768 2605 etsi
807 2552 1189 2605 mortiﬁcatum
1231 2553 1440 2608 vivilica
1475 2555 1530 2607 in
1563 2553 1699 2608 Filio
1736 2565 1829 2608 tuo
1853 2555 2002 2622 justo
2031 2556 2236 2624 judice.

736 2731 826 2786 29.
862 2731 1070 2786 Educes
1097 2746 1184 2786 me
1203 2747 1268 2785 ex
1300 2731 1537 2785 tenebris
1580 2742 1631 2787 et
1660 2733 1887 2788 vinculis
1923 2733 2232 2790 inhaarenti-

667 2823 769 2876 bus
793 2824 990 2877 animat
1015 2837 1166 2877 meae.

736 2915 826 2968 50.
861 2914 927 2968 Ει
959 2915 1145 2970 videns
1175 2916 1360 2986 plagas
1395 2917 1591 2971 animae
1637 2932 1790 2980 more,
1823 2932 1960 2987 quas
1991 2916 2238 2972 fecerunt

671 3002 802 3058 mihi
824 3004 1030 3060 inimici
1062 3005 1192 3072 mei,
1223 3008 1629 3070 commiserere,
1658 3017 1710 3060 et
1736 3018 1937 3063 aeterno
1961 3009 2237 3079 ignitrade

672 3094 812 3149 illos.

741 3186 830 3240 51.
861 3185 928 3240 Et
968 3201 1180 3252 omnes,
1211 3187 1305 3258 qui
1349 3187 1645 3254 subjiciunt
1680 3191 1829 3246 cordi
1875 3206 1997 3244 meo
2041 3191 2241 3260 impro-

674 3277 770 3331 bas
808 3277 930 3331 vitre
975 3279 1468 3349 concupiscentiae,
1517 3280 1768 3350 disperde
1828 3283 1882 3336 in
1934 3282 2238 3352 gehennam

677 3370 837 3440 ignis.

743 3463 831 3517 52.
851 3460 1118 3527 Quoniam
1142 3478 1241 3533 ego
1261 3465 1498 3534 pretioso
1522 3475 1614 3519 tuo
1642 3466 1903 3533 sanguine
1935 3467 2243 3537 redemptus

677 3569 819 3609 sum.

2339 2373 2591 2444 ὁδηγήσει
2638 2388 2702 2440 με
2741 2369 3068 2437 καταντῆσαι
3099 2371 3155 2422 ὲν
3189 2372 3254 2439 τῇ
3283 2369 3393 2423 ἄνω
3429 2369 3811 2440 Ἰερουσαλήμ.

2409 2463 2498 2516 28.
2534 2463 2609 2529 ('1)
2648 2462 2769 2512 Ὂτι
2816 2460 2921 2522 ζῶν
2950 2460 3229 2528 ὑπάρχων,
3272 2460 3364 2511 καὶ
3418 2459 3576 2513 τοῦτο
3611 2461 3787 2530 ὄνομα
3815 2476 3912 2523 σοι,

2342 2553 2486 2624 κάμε
2521 2554 2608 2604 τὸν
2632 2549 2972 2622 νεκρωϐἐντα
2999 2550 3330 2621 ζωοποίησον
3357 2550 3414 2602 ἐν
3441 2549 3519 2620 τῷ
3573 2549 3689 2620 Υἱῴ
3723 2567 3817 2602 σου
3845 2549 3918 2618 τῷ

2341 2644 2704 2716 δικαιοκρίτῃ.

2413 2738 2502 2790 29.
2546 2737 2784 2802 Ἐξάξεις
2820 2753 2886 2805 με
2938 2738 3000 2788 ὲκ
3032 2734 3123 2787 τοῦ
3157 2736 3380 2798 σκότους
3422 2736 3516 2787 καὶ
3561 2734 3668 2786 τῶν
3699 2733 3919 2803 δεσμῶν

2342 2831 2448 2882 τῶν
2482 2827 2857 2899 προκειμένων
2881 2830 2947 2897 τῇ
2970 2826 3113 2896 ψυχῇ
3149 2843 3271 2894 μου.

2413 2921 2498 2975 '50.
2537 2921 2646 2972 Καὶ
2678 2917 2819 2985 ὁρῶν
2851 2918 2975 2980 τοὺς
3005 2915 3274 2986 μώλωπας
3293 2915 3391 2984 τῆς
3420 2914 3599 2983 ψυχῆς
3657 2930 3785 2982 μου,
3833 2912 3920 2974 οὓς

2345 3010 2650 3081 πεποίηκάν
2687 3028 2776 3080 μοι
2802 3011 2852 3062 οἱ
2885 3008 3066 3079 ἐχθροί
3104 3025 3227 3078 μου,
3275 3005 3771 3075 εὐσπλαγχνὶσθητι
3822 3005 3918 3073 (5),

2347 3105 2441 3156 καὶ
2467 3102 2544 3171 τῷ
2571 3101 2774 3170 αἰωνίῳ
2807 3102 2939 3169 πυρὶ
2970 3099 3208 3170 παράδος
3229 3098 3444 3159 αὐτούς.

2418 3195 2507 3246 Si.
2533 3193 2643 3245 Καὶ
2667 3193 2871 3254 πάντας
2892 3191 3018 3252 τοὺς
3039 3189 3463 3258 ὑποτιθεμένους
3489 3191 3557 3260 τῇ
3590 3187 3793 3257 καρδία
3825 3203 3921 3258 μου

2349 3286 2445 3348 τὰς
2489 3282 2582 3336 τοῦ
2611 3283 2726 3354 βίου
2774 3281 3014 3352 πονηρὰς
3067 3280 3361 3350 ἐπιθυμίας
3414 3278 3692 3333 άπώλεσον
3719 3282 3806 3341 εἰς
3833 3279 3923 3340 τὴν

2348 3381 2570 3447 γέενναν
2603 3376 2696 3429 τοῦ
2725 3376 2914 3448 πυρός.

2419 3469 2505 3521 52.
2534 3469 2653 3520 Ὅτι
2683 3466 2792 3533 ἐγὼ
2828 3465 2905 3535 τῷ
2931 3464 3097 3535 τιμίῳ
3129 3464 3315 3533 αἵματι
3350 3461 3424 3532 (4)
3477 3457 3877 3531 ὲξηγοράσθην.

773 3699 820 3750 Η
852 3699 1185 3770 προκειμένη
1219 3701 1500 3770 ἐπιγραφὴ
1532 3701 1772 3770 περιέχει
1799 3702 1907 3770 (5)·
1943 3702 2189 3769 Ψαλμὸς
2217 3700 2296 3766 τῷ
2330 3701 2527 3764 Δαόὶδ,
2555 3700 2706 3768 πρὸς
2738 3699 2844 3752 τὸν
2879 3696 3102 3751 Γολιάθ
3128 3712 3140 3723 '
3168 3693 3326 3755 τοῦτο
3370 3687 3462 3744 οὖν
3507 3690 3656 3794 λέγει
3686 3688 3769 3757 τῷ
3821 3685 3927 3793 lar?

676 3789 753 3859 τῷ
781 3789 1143 3860 πεποθημένῳ
1179 3789 1281 3842 ὐπὸ
1319 3790 1412 3842 τοῦ
1443 3791 1577 3843 Θεοῦ
1607 3792 1741 3863 πρὸς
1773 3791 1864 3844 τὸν
1887 3792 2129 3846 διάὸολον
2149 3810 2164 3823 ·
2196 3793 2554 3864 ἑρμηνεύεται
2581 3790 2688 3860 γὰρ
2717 3789 2774 3841 τὸ
2818 3788 2912 3840 τοῦ
2951 3785 3128 3840 Δαϐὶδ
3157 3785 3323 3855 ὄνομα
3354 3785 3796 3850 πεποθημὲνος.
3843 3785 3928 3830 καὶ

677 3881 736 3935 τὸ
764 3881 855 3936 τοῦ
894 3882 1115 3937 Γολιὰθ
1144 3883 1314 3955 ὄνομα
1336 3886 1698 3954 μετοικίζων,
1744 3887 2021 3940 τουτέστιν
2044 3888 2486 3958 αἱχμαὶωτίζων
2507 3928 2520 3951 ,
2547 3888 2683 3956 ὅπερ
2712 3883 2897 3954 σαφῶς
2917 3884 2945 3935 ὁ
2969 3881 3210 3944 διάϐολός
3240 3883 3412 3943 ἐστιν,
3434 3881 3460 3931 ὁ
3488 3877 3690 3940 πάντας
3720 3876 3929 3944 αἰχμα-

679 3977 938 4040 λωτίζων.

749 4093 965 4150 Titulus
988 4095 1312 4164 praepositus
1338 4095 1581 4148 continet
1608 4112 1621 4145 :
1658 4092 1900 4146 Psalmus
1931 4093 2100 4147 David
2135 4093 2384 4149 adversus
2415 4092 2667 4157 Goliam;
2703 4095 2807 4148 hoc
2834 4093 2998 4162 igitur
3027 4091 3160 4145 dicit
3201 4089 3442 4159 psalmus
3479 4085 3676 4155 populo
3709 4083 3930 4137 deside-

680 4201 799 4246 rato
823 4206 851 4244 a
876 4189 986 4244 Deo
1010 4190 1272 4245 adversus
1302 4188 1579 4244 diabolum
1609 4209 1619 4242 :
1655 4189 1854 4243 etenim
1886 4205 2081 4244 nomen
2111 4189 2282 4243 David
2311 4191 2696 4259 interpretatur
2725 4188 3074 4251 desideratus,
3104 4195 3160 4239 et
3188 4199 3383 4238 nomen
3418 4181 3634 4236 Goliam
3665 4179 3931 4246 interpre-

682 4298 824 4342 tatur
850 4287 1226 4357 transmigrure
1250 4286 1489 4356 faciens:
1516 4287 1620 4342 hoc
1653 4295 1739 4342 est
1767 4288 1824 4340 in
1858 4289 2214 4356 captivitatem
2261 4287 2486 4355 ducem,
2516 4286 2693 4357 qualis
2745 4284 3033 4340 manifeste
3068 4281 3319 4337 diabolus
3363 4288 3466 4345 est,
3500 4278 3594 4341 qui
3626 4291 3826 4329 omnes
3881 4276 3926 4327 in

679 4379 1042 4448 captivitatem
1067 4379 1237 4433 ducit.

672 4509 674 4511 -
753 4471 805 4525 1.
833 4471 1140 4526 Secundum
1190 4479 1438 4526 naturam
1462 4472 1778 4530 benedictus
1814 4472 2076 4530 Dominus
2112 4474 2253 4530 Deus

2435 4474 2480 4528 I.
2512 4472 2666 4526 Κατὰ
2689 4473 2847 4540 φύσιν
2881 4469 3170 4538 εὐλογητὸς
3197 4470 3225 4520 ὁ
3251 4465 3454 4532 Κύριος
3475 4465 3502 4515 ὁ
3524 4461 3599 4531 (6)
3631 4459 3762 4521 Θεός
3805 4477 3925 4529 μου,

682 4584 873 4630 meus,
917 4567 1011 4636 qui
1063 4568 1233 4638 gratia
1285 4567 1459 4621 sancti
1518 4565 1753 4636 Spiritus
1811 4571 1895 4623 sui
1946 4569 2106 4624 docet
2161 4585 2254 4623 cor

2357 4569 2384 4618 ὁ
2419 4566 2492 4636 (7)
2523 4569 2587 4636 τῇ
2618 4566 2800 4635 χάριτι
2833 4563 2926 4616 τοῦ
2960 4562 3114 4629 ἁγίου
3138 4558 3454 4626 Πνεύματος
3480 4552 3645 4606 αὐτοῦ
3663 4551 3928 4604 διδάσκων

685 4675 863 4715 meum
896 4675 953 4714 se
977 4661 1154 4730 ipsum
1192 4673 1495 4728 praeparare
1525 4660 1786 4715 adversus
1831 4675 2048 4715 omnem
2079 4671 2256 4716 tenta-

686 4753 907 4806 tionem.

753 4837 806 4890 2.
843 4835 906 4891 Ει
932 4846 1164 4892 mentem
1192 4853 1368 4892 meam
1401 4838 1655 4893 resistere
1679 4838 1935 4892 omnibus
1965 4839 2087 4892 telis
2115 4839 2253 4908 igni-

687 4931 756 4986 tis
785 4929 1014 4984 inimici.

757 5027 808 5078 5.
847 5023 1080 5092 chuies
1116 5039 1233 5077 mea
1263 5033 1315 5077 et
1346 5025 1610 5092 protectio
1640 5039 1776 5078 mea.

2357 4657 2452 4727 τὴν
2476 4657 2700 4728 καρδίαν
2732 4673 2832 4725 μου
2857 4652 3195 4723 εὐτρεπίζειν
3216 4647 3411 4719 ἑαυτὴν
3437 4645 3572 4716 πρὸς
3601 4644 3783 4697 πάντα
3813 4659 3927 4694 πει-

2361 4749 2586 4819 ρασμόν.

2427 4842 2480 4893 2.
2508 4841 2616 4893 Καὶ
2638 4841 2736 4908 τὴν
2761 4839 2998 4891 διάνοιάν
3039 4856 3137 4907 μου
3177 4831 3531 4888 ἀνθίστασθαι
3565 4831 3706 4902 πρὸς
3759 4832 3930 4884 πάντα

2357 4928 2425 4981 τὰ
2462 4929 2587 4997 βέλη
2614 4929 2707 4984 τοῦ
2740 4928 2934 4998 ἐχθροῦ
2963 4928 3029 4979 τά
3063 4924 3453 4993 πεπυρωμένα.

2432 5023 2483 5074 5.
2525 5022 2848 5082 Ἀνάπαυσῐς
2881 5039 3002 5091 μου,
3040 5020 3132 5072 καὶ
3161 5019 3335 5088 σκέπη
3365 5033 3488 5086 μου.

1607 5287 1913 5348 Addenda
1973 5292 2033 5348 et
2077 5284 2447 5364 corrigenda
2495 5301 2574 5345 ex
2632 5285 2774 5346 cod.
2821 5282 3020 5343 Vatic.

765 5457 838 5520 (1)
872 5457 946 5510 Τδ
978 5456 1130 5523 ἅγιον
1161 5455 1363 5524 ἀγαθον
1392 5454 1636 5524 Πνεῦμα,
1663 5462 1766 5507 etc.

766 5531 841 5634 (2)
874 5531 940 5581 Ν.
967 5522 1056 5581 28.
1088 5522 1342 5587 ’Ὁτιζῶν
1370 5522 1654 5596 ὑπάρχεις,
1686 5534 1790 5576 etc.
1833 5538 2005 5590 usque
2034 5522 2097 5576 ad
2143 5523 2267 5586 ζωο-

791 5617 918 5634 ςυνηι
976 5599 1022 5634 Ν
1071 5597 1140 5634 9.0
1206 5597 1292 5634 ‘Fu
1324 5596 1402 5634 φιῗι
1459 5606 1542 5634 οιρ
1598 5610 1770 5634 “enim
1801 5592 1864 5634 nr!
1896 5595 2036 5634 διῃνῆ
2072 5611 2189 5634 ΝΜ),

695 5592 940 5668 ποῖησον.
976 5599 1045 5650 Ν.
1071 5597 1160 5668 29.
1194 5597 1292 5668 ,Ἐν
1324 5596 1424 5665 τῷ.
1459 5592 1562 5651 etc.
1598 5610 1771 5664 usque
1801 5592 1864 5645 ad
1896 5595 2038 5662 ψυχῇ
2071 5611 2191 5664 μου.

769 5666 847 5735 (3)
872 5666 1326 5738 Σπλαγχνίσθητι,
1364 5678 1466 5721 etc.

770 5740 844 5809 (4)
878 5740 1056 5810 Τιμίῳ
1090 5757 1181 5792 σου
1212 5740 1422 5807 αἵματι.

2445 5450 2520 5516 (5)
2563 5450 2626 5500 Ἠ
2659 5447 2744 5501 διά
2776 5451 2874 5518 τῆς
2920 5446 3290 5517 κινναϐάρεως
3338 5442 3579 5514 περιέχει
3602 5460 3614 5472 ·
3661 5441 3754 5511 Τῷ
3781 5439 3934 5495 Δασὶό

2445 5520 2508 5568 ac
2532 5519 2621 5568 τὸν
2639 5519 2848 5568 Γολιάδ.
2872 5528 3002 5568 etc..
3031 5517 3122 5568 καὶ
3150 5517 3211 5568 τὸ
3237 5513 3329 5568 τοῦ
3351 5514 3542 5568 Γολιὰδ
3569 5513 3743 5568 ῠνομα
3772 5514 3933 5568 ἑρμη-

2375 5520 2508 5588 πρὸς
2532 5519 2621 5570 τὸν
2639 5517 2848 5579 Γολιάδ.
2872 5528 3002 5580 etc.,
3031 5517 3122 5571 καὶ
3150 5517 3211 5569 τὸ
3237 5517 3329 5568 τοῦ
3351 5517 3542 5568 Γολιὰδ
3569 5517 3743 5583 δνομα
3772 5517 3909 5585 ἑρμη

2373 5591 2581 5643 νεύεται
2619 5589 2958 5658 μετοικίζων,
2994 5596 3097 5641 etc.

2446 5661 2519 5719 (ϐ)
2553 5656 2851 5730 Εὐλογητὸς
2881 5656 2950 5721 εἷ,
2979 5659 3170 5729 Κύριε,
3200 5659 3246 5724 ὁ,
3278 5668 3378 5712 etc.

2444 5731 2522 5803 (7)
2552 5731 2616 5783 Ν.
2652 5733 2705 5784 2.
2744 5731 2799 5784 ’0
2832 5733 2915 5802 τῇ,
2959 5742 3062 5785 etc.
