4052 6332
113 359 226 417 1505
947 357 1033 412 DE
1074 353 1231 410 TITU
1245 352 1349 407 LlS
1388 346 1712 406 PSALMOR

1700 346 1841 402 lUM.
1878 377 1946 387 --
1986 343 2177 399 PSAL.
2232 343 2452 398 CXLIII.
3165 336 3300 394 1506

169 479 214 532 4.
250 476 610 546 Ἀντιλὴπτωρ
652 492 750 546 μου
790 474 882 527 καὶ
915 474 1116 544 ρὑτης
1152 490 1286 543 μου,
1665 468 1714 525 Α

1665 468 1714 525 Α
1809 462 1862 517 4.
1899 461 2192 532 Susceptor
2225 475 2381 515 meus
2400 468 2454 514 et
2477 457 2732 521 liberator
2765 471 2950 521 meus,

171 570 214 621 5.
255 568 688 640 ’Υπερασπιστής
722 583 839 635 μου,
877 565 971 618 καὶ
999 567 1085 618 ἐπ’
1115 563 1261 634 αὐτῷ
1288 563 1493 634 ἠλπισα
1512 603 1526 628 ,

1375 578 1493 615 τισα
1512 603 1526 628 ,
1814 557 1866 610 5.
1902 554 2178 610 Protector
2209 568 2384 616 meus,
2419 560 2474 607 et
2503 551 2558 605 in
2588 552 2704 620 ipso
2726 550 2975 620 speravi,

170 661 214 714 6.
249 660 304 713 Ὀ
334 637 651 713 ὑποτάσσων
682 657 772 712 τὸν
805 657 932 710 λαόν
966 674 1066 728 μου
1098 659 1181 709 ἐπ’
1211 656 1309 725 ἐμέ
1342 654 1572 727 {occant

1400 653 1635 726 ﬁ‘gpg],
1814 639 1868 693 6.
1910 639 2014 704 Qui
2048 638 2229 693 subdit
2255 638 2512 707 populum
2553 651 2733 690 meum
2761 637 2862 690 sub
2892 651 2997 690 me.

171 753 214 804 7.
240 749 422 822 Κύριε,
455 752 507 803 τί
541 753 685 803 ἐστιν
725 727 1029 819 ἄνθρωπος,
1056 751 1139 802 ὃτι
1168 747 1447 816 ὲγνὼσθης
1466 747 1635 817 αὑτῷ;

1628 763 1635 811 ί
1814 731 1867 784 7.
1912 729 2159 794 Domine,
2185 729 2313 799 quid
2341 739 2422 784 est
2452 730 2634 792 homo,
2669 728 2795 798 quia
2836 727 3119 782 innotuisti
3145 729 3228 783 ei‘l

169 837 213 888 8.
248 817 454 899 Ἦύξδς
478 835 783 907 ἀνθρώπου,
811 817 891 888 ὅτι
929 835 1116 904 λογίζῃ
1148 834 1295 905 αὐτῷ
1337 831 1604 906 [mm];

1440 833 1528 885 τόν
1552 831 1604 902 ];
1814 819 1866 874 8.
1906 820 2011 873 Aut
2033 819 2176 873 ﬁlius
2199 819 2452 880 hominis,
2481 819 2607 887 quia
2635 826 2853 887 reputas
2873 817 3035 872 eum?

167 926 213 980 9.
248 924 557 996 Ἀνθρωπος
582 925 898 994 ματαιότητι
925 923 1178 993 ὡμοιώθη
1210 939 1224 954 ο

1817 913 1871 967 9.
1907 910 2081 966 Homo
2115 910 2336 963 vanitati
2369 910 2563 964 similis
2594 908 2768 963 factus
2802 918 2923 963 est:

171 1016 246 1069 I0.
268 1017 330 1067 Αἱ
362 1015 560 1085 ἡμέραι
585 1014 750 1068 αὑτοῦ
783 1013 912 1067 ὡσεὶ
941 1015 1067 1066 σκιὰ
1101 1015 1428 1084 παράγουσι.

1356 1030 1428 1066 σι,
1817 1003 1904 1056 I0.
1939 1001 2062 1056 Dies
2084 1002 2202 1070 ejus
2229 1002 2369 1056 sicut
2394 1001 2586 1054 umbra
2613 1009 2953 1070 praetereunt.

168 1107 246 1159 Il.
273 1105 465 1176 Κύριε,
495 1104 669 1157 κλῖνον
695 1105 978 1174 οὐρανοὺς,
1011 1105 1103 1156 καὶ
1137 1101 1426 1172 κατάϐηθι·

1819 1093 1904 1146 11.
1944 1091 2190 1156 Domine,
2224 1092 2422 1146 inclina
2448 1092 2614 1146 caelos
2639 1133 2653 1156 ,
2693 1099 2748 1144 et
2779 1089 3042 1144 descende
3071 1104 3085 1142 :

168 1198 243 1250 I2.
277 1197 444 1266 ’Ᾱψαι
469 1197 577 1249 τῶν
610 1196 801 1267 ὀρέων,
830 1197 923 1250 καὶ
957 1195 1439 1264 καπνισθήσονται.
1823 1182 1904 1236 Η.
1942 1181 2125 1252 Tange
2150 1191 2378 1245 nlonleS,
2407 1190 2459 1234 Ct
2491 1181 2852 1248 fumigabunt.

171 1289 246 1345 15.
279 1289 587 1359 Ἀστραψον
614 1290 922 1361 ἀστραπὴν,
958 1290 1053 1342 καὶ⁴
1079 1291 1358 1359 σκορπιεῖς
1389 1286 1583 1349 αὐτούς

1821 1274 1907 1328 15.
1945 1272 2180 1343 Fulgura
2217 1273 2651 1328 coruscationem
2678 1314 2693 1336 ,
2741 1280 2796 1326 et
2849 1271 3141 1341 dissipabis
3172 1285 3268 1325 eos
3299 1284 3315 1328 J

169 1381 244 1435 II.
286 1380 690 1444 Ἐξαπόστειλον
719 1381 785 1433 τὰ
819 1381 946 1450 βέλη
983 1397 1100 1444 σου,
1147 1380 1241 1433 καὶ
1285 1381 1644 1451 συνταράξεις

1571 1398 1644 1444 εις
1822 1367 1908 1420 II.
1948 1365 2146 1421 Emitte
2180 1367 2403 1435 sagittas
2431 1375 2573 1432 tuas,
2599 1375 2651 1420 et
2684 1365 3034 1420 conturbabis
3057 1378 3171 1419 eos.

108 1489 298 1534 αυτους.

172 1560 246 1612 15.
292 1561 698 1626 Ἐξαπόστειλον
726 1561 823 1631 τὴν
853 1561 1009 1633 χεῖρᾶ
1036 1578 1126 1614 σου
1165 1562 1222 1626 ἐξ
1249 1561 1437 1629 ὕψους·

1283 1561 1437 1629 ἠιθυς
1823 1565 1911 1619 15.
1941 1562 2144 1619 Emitte
2174 1579 2394 1619 manum
2437 1571 2587 1618 tuam
2617 1565 2683 1618 de
2723 1565 2830 1619 alto
2868 1583 2879 1618 :

170 1651 243 1703 I6.
291 1651 500 1716 Ἐξελοῦ
531 1670 620 1723 με,
656 1653 748 1706 καὶ
783 1652 945 1722 ῥῦσαί
974 1671 1040 1722 με
1067 1652 1125 1716 ἐξ
1151 1653 1354 1706 ὑδάτων
1388 1653 1618 1716 πολλῶν,

1547 1653 1618 1716 ὒν,
1826 1657 1910 1713 I6.
1949 1657 2109 1728 Eripe
2138 1674 2245 1724 me,
2277 1667 2330 1712 et
2353 1658 2519 1712 libera
2555 1673 2640 1712 me
2663 1657 2729 1712 de
2751 1658 2905 1728 aquis
2929 1657 3114 1712 multis
3134 1699 3147 1722 ,

170 1743 247 1797 I7.
290 1745 382 1796 Ἐκ
411 1746 590 1816 χειρὸς
625 1744 757 1797 υἱῶν
790 1745 1083 1815 ἀλλοτρίων
1106 1762 1118 1774 ·

1827 1749 1914 1803 17.
1951 1749 2025 1803 De
2052 1766 2215 1807 manu
2243 1751 2479 1805 ﬁliorum
2504 1751 2803 1804 alienorum
2828 1766 2842 1801 :

172 1836 245 1888 I8.
276 1830 374 1890 Ὧν
398 1837 458 1890 τὸ
491 1839 664 1909 στόμα
686 1838 911 1908 ἐλάλησε
951 1838 1303 1909 ματαιότητα,
1682 1841 1726 1893 Β

1682 1841 1726 1893 Β
1825 1839 1911 1893 I8.
1949 1838 2192 1906 Quorum
2228 1857 2289 1896 os
2318 1841 2558 1896 locutum
2597 1850 2678 1896 est
2716 1841 3039 1904 vanitatem,

1199 1994 1571 2050 ATHANASII
1613 1993 2176 2054 INTERPRETATIO

169 2161 214 2213 1.
262 2160 431 2231 ’Υπὲρ
456 2156 588 2228 ἐμοῦ
622 2155 808 2210 ἐδίδων
833 2156 897 2228 [ὁ
934 2155 1142 2227 διδοὺς]
1198 2156 1274 2226 (1)
1320 2157 1507 2210 ἑαυτὸν
1551 2156 1655 2220 ἕως

1834 2161 1887 2215 4.
1923 2158 2028 2213 Pro
2071 2175 2155 2213 me
2187 2160 2334 2214 dedit
2377 2176 2434 2215 se
2478 2161 2655 2231 ipsum
2689 2177 2859 2232 usque
2896 2163 2961 2216 ad
3003 2173 3249 2228 mortem,
3275 2173 3327 2218 et

107 2253 338 2315 θανάτου,
375 2253 467 2304 καὶ
493 2249 752 2321 ρυόμενός
784 2266 870 2320 με.

541 2249 752 2320 δόμενός
784 2266 870 2320 με.
1759 2251 2006 2306 liberavit
2035 2266 2141 2306 me.

167 2345 214 2396 5.
239 2341 497 2412 Πρόνοιαν
529 2357 629 2410 μου
656 2341 910 2403 ποιεῖται,
936 2339 1030 2392 xa‘t
1051 2339 1230 2391 πᾶσαν
1250 2337 1348 2409 τὴν
1385 2339 1655 2412 μέριμναν

1834 2343 1886 2396 5.
1919 2342 2172 2397 Providet
2195 2343 2349 2408 mihi,
2377 2353 2430 2399 et
2452 2359 2552 2415 ego
2571 2359 2789 2400 omnem
2819 2361 3004 2400 curam
3035 2363 3208 2402 meam
3237 2366 3328 2404 su-

110 2454 197 2508 μου
231 2437 310 2488 ἐπ’
334 2435 496 2488 αὑτὸν
519 2432 810 2506 ὲπέῥριψα.

721 2432 810 2502 φα.
1761 2449 1856 2502 per
1888 2433 2064 2502 ipsum
2099 2434 2321 2502 projeci.

168 2526 216 2580 6.
259 2527 314 2579 '0
341 2525 553 2596 ὲκχύων
579 2541 643 2595 με
667 2524 742 2595 (2)
775 2521 1096 2586 ὑποπιαζειν
1127 2539 1227 2593 μου
1257 2523 1317 2574 τὸ
1358 2520 1536 2591 σῶμα,
1567 2524 1660 2575 καὶ

1834 2531 1885 2578 b.
1920 2525 2297 2580 Corroborans
2333 2542 2450 2590 me,
2501 2537 2557 2582 ut
2599 2530 2856 2599 castigem
2887 2546 3082 2601 corpus
3128 2548 3330 2596 meum.

103 2618 448 2685 δουλαγωγεῖν
481 2617 633 2669 αὐτό.

1763 2625 1818 2672 et
1849 2618 2025 2686 ipsum
2056 2616 2108 2670 in
2138 2618 2450 2672 servitutem
2480 2620 2737 2688 redigam.

169 2711 214 2764 7.
238 2711 430 2780 Κύριε,
466 2709 519 2760 τί
566 2709 713 2760 ἐστιν
746 2706 820 2776 (5)
862 2704 1167 2777 ἄνθρωπος,
1200 2705 1281 2756 ὅτι
1317 2703 1662 2772 κατηξίωσας

1838 2708 1886 2762 7.
1931 2707 2157 2763 Domine
2187 2748 2201 2774 ,
2248 2710 2376 2779 quid
2423 2720 2505 2765 est
2543 2711 2743 2776 homo,
2788 2713 2930 2781 quod
2978 2713 3231 2783 dignatus
3275 2732 3333 2770 es

106 2803 241 2874 αὖτῷ
272 2803 502 2872 ὀφθῆναι
532 2802 623 2854 ἐπὶ
653 2798 750 2869 τῆς
783 2799 925 2867 γῆςς

1766 2801 1867 2870 ipsi
1893 2800 2230 2854 manifestari
2261 2817 2424 2870 super
2454 2813 2596 2857 terra
2621 2804 2643 2857 ?

169 2897 216 2950 8.
255 2896 323 2947 Ἢ
351 2895 404 2946 τί
432 2896 547 2946 ἐστι
582 2892 655 2963 (I)
691 2891 853 2944 πάλιν
902 2890 1016 2951 υἱὸς
1066 2887 1258 2958 πηλοῦ,
1298 2889 1378 2940 ὃτι
1408 2888 1506 2940 οὐκ
1542 2889 1662 2940 ἐπι-

1838 2891 1890 2944 8.
1932 2891 2038 2946 Aut
2071 2892 2200 2961 quid
2243 2907 2436 2945 rursus
2464 2901 2549 2947 est
2579 2893 2722 2948 ﬁlius
2767 2894 2866 2947 luti
2890 2937 2904 2958 ,
2942 2899 3200 2966 quoniam
3230 2915 3333 2952 non

106 2988 368 3050 λανθάνεις
391 2983 950 3051 αὐτοῦ,ἀδιαλείπτως
969 2982 1062 3034 καὶ
1088 2982 1342 3051 πρόνοιαν
1370 2980 1533 3032 αὐτοῦ
1576 2997 1664 3030 το-

1769 2983 2108 3037 oblivisceris
2161 2984 2342 3049 illius,
2392 2992 2444 3036 et
2486 2983 2855 3040 indesinenter
2888 2997 3086 3041 tantam
3119 2989 3184 3042 de
3219 2991 3335 3057 ipso

108 3081 298 3141 ταύτην
327 3077 649 3148 ποιούμενος
670 3093 684 3140 ;

612 3093 684 3140 ig;
1769 3091 1954 3130 curam
1999 3075 2163 3128 babes
2191 3075 2212 3128 ?

171 3174 220 3227 9.
252 3173 522 3233 Ἕκαστος
570 3168 676 3221 τῶν
722 3164 1021 3238 ἀνθρώπων
1091 3163 1168 3234 τῷ
1235 3164 1424 3234 κόσμῳ
1495 3164 1668 3235 τούτῳ

1841 3169 1894 3222 9.
1936 3166 2323 3238 Unusquisque
2370 3167 2656 3222 hominum
2706 3169 2836 3225 huic
2879 3171 3083 3227 mundo
3124 3173 3341 3226 assimi-

104 3263 370 3334 ὡμοιώθη.
1694 3264 1734 3318 C
1769 3261 1911 3315 Iatut‘

171 3357 252 3410 10.
285 3356 608 3424 Ἀνωςρελείς
633 3355 727 3405 καὶ
752 3351 1134 3405 ἀνυπόστατοι.

1121 3391 1134 3404 .
1841 3352 1925 3404 10.
1963 3351 2184 3404 Inutiles
2218 3359 2383 3418 atque
2413 3350 2719 3407 instabiles.

174 3449 254 3500 II.
286 3447 476 3516 Κύριε,
511 3444 698 3504 κλίνας
733 3458 827 3493 σου
861 3441 988 3501 τοὺς
1023 3439 1318 3509 οὐρανοὺς,
1368 3435 1488 3489 ἐλθὲ
1532 3434 1666 3508 πρὸς

1663 3453 1666 3492 :
1842 3444 1926 3496 It.
1962 3441 2209 3502 Domine,
2251 3441 2520 3497 inclinans
2556 3445 2725 3500 cmlos
2749 3454 2870 3501 tuos
2903 3446 3025 3502 veni
3056 3447 3122 3502 ad
3147 3463 3263 3504 nos.

107 3543 263 3611 ἠξιίςο

169 3634 251 3687 12,
279 3632 513 3702 Πλησίον
545 3630 702 3701 μόνον
733 3623 890 3696 γενοῦ
925 3624 1033 3677 τῶν
1062 3624 1320 3675 ἐναντίων
1343 3619 1667 3700 ρυνάμεων,

1845 3620 1927 3674 12.
1963 3620 2137 3690 Prope
2175 3631 2550 3677 tantummodo
2589 3624 2686 3676 tias
2719 3625 3010 3678 contrariis
3058 3625 3337 3694 potestati-

109 3727 194 3780 καὶ
224 3725 426 3788 εὐθέως
456 3721 708 3794 ἄρξονται
735 3714 1193 3786 καταφλέγεσθαι.

1181 3754 1193 3767 .
1771 3713 1893 3777 bus,
1917 3720 1968 3768 et
2002 3715 2182 3767 statim
2224 3714 2482 3782 incipient
2510 3712 2779 3767 comburi.

174 3821 254 3873 15.
305 3815 566 3888 Ὀρὰθητι
610 3812 768 3882 μόνον
796 3809 888 3861 ἐπὶ
919 3809 1017 3878 τῆς
1057 3807 1181 3876 γῆς,
1217 3806 1312 3858 καὶ
1348 3802 1670 3871 θεασάμενοι

1845 3805 1933 3860 15.
1967 3806 2178 3874 Appare
2225 3807 2402 3860 solum
2446 3806 2497 3858 in
2533 3815 2696 3871 terra,
2730 3815 2781 3859 et
2819 3803 3060 3860 videntes
3093 3805 3347 3876 splendo-

106 3912 160 3962 τὸ
182 3908 540 3974 ἀπαύγασμα,
582 3904 660 3963 εἰς
702 3900 798 3969 τὴν
823 3898 898 3967 (5)
950 3897 1054 3965 γῆν
1092 3899 1380 3948 πεσοῦνται
1429 3894 1534 3946 ὑπὸ
1565 3891 1670 3944 τῶν

1365 3915 1380 3947 ι
1429 3894 1534 3946 ὑπὸ
1565 3891 1670 3944 τῶν
1771 3909 1884 3949 rem
1919 3897 2113 3950 cadent
2156 3896 2209 3948 in
2254 3908 2452 3951 terram
2487 3897 2591 3952 sub
2626 3897 2962 3955 hominibus.

107 4003 196 4055 ἀνθ
206 4000 402 4071 ρώπων
411 4038 424 4050 .

177 4099 259 4152 1-1.
296 4092 641 4150 Ἀπόστειλον
680 4090 803 4151 τοὺς
830 4086 1161 4146 ἀποστόλους
1196 4100 1288 4135 σου
1334 4081 1451 4135 κατ’
1494 4079 1670 4134 αὐτῶν

1844 4078 1927 4132 14.
1957 4078 2105 4133 Mitte
2135 4079 2415 4147 apostolos
2457 4088 2602 4138 tuos.
2631 4077 2793 4130 veluti
2824 4075 2928 4130 tela
2958 4085 3183 4128 exacuta
3219 4089 3349 4128 enn-

106 4188 418 4261 ὴκονημένη
447 4183 560 4256 [ὡς
593 4181 719 4252 βέλη
752 4181 918 4247 ἡκονη
930 4175 1102 4247 μένα]
1135 4175 1231 4245 (6),
1262 4173 1401 4239 ὀξεῖς
1427 4171 1584 4233 ὄντας
1604 4173 1670 4239 τῇ

1773 4179 1858 4222 tra
1907 4172 2124 4224 easdem
2173 4180 2506 4239 potestates,
2565 4179 2762 4223 acutos
2812 4169 3134 4222 exsistentes
3178 4165 3347 4237 gratia

108 4259 282 4353 χάριτι
317 4279 414 4332 τοῦ
446 4277 599 4343 ἁγίου
631 4272 944 4342 Πνεύματος
969 4310 983 4334 ,
1024 4271 1118 4322 καὶ
1153 4267 1397 4329 ἀσθενεῖς
1444 4266 1523 4328 εἰς
1573 4264 1672 4316 αὐ·-

1573 4264 1672 4316 αὐ-
1776 4263 1953 4317 sancti
1996 4261 2256 4332 Spiritus,
2290 4272 2343 4317 et
2372 4262 2616 4316 inﬁrmas
2658 4261 2712 4314 in
2749 4261 2894 4330 ipsos
2928 4259 3169 4313 reddent.

106 4374 228 4435 τοὺς
262 4369 587 4440 ποιήσωσιν.

176 4433 260 4519 IS.
291 4433 394 4533 Τῷ.
420 4459 538 4529 Θεῷ
590 4456 763 4527 Πατρὶ
812 4454 972 4508 πάλιν
1030 4450 1391 4523 προσεύχεται
1446 4447 1620 4515 λέγων
1656 4461 1669 4476 ·

1851 4440 1932 4494 15.
1970 4439 2138 4496 Deum
2180 4441 2395 4494 Patrem
2436 4454 2632 4493 rursus
2671 4445 2792 4492 orat
2819 4436 3006 4490 dicens
3039 4453 3051 4489 :
3083 4433 3231 4490 Mitte
3261 4434 3349 4488 Fi-

107 4554 326 4625 Πέμψον
349 4529 443 4604 τὸν
468 4549 595 4602 Υἱόν
624 4565 716 4600 σου
746 4549 809 4599 ὲκ
839 4545 948 4598 τῶν
979 4543 1146 4612 ἁγίων
1191 4559 1284 4594 σου
1317 4538 1644 4608 ὑψωμάτων.

1401 4538 1644 4608 υμᾶτων.
1712 4603 1752 4625 ἢ
2041 4551 2093 4588 m
2126 4549 2193 4589 ex
2223 4533 2428 4589 sanctis
2459 4533 2569 4586 tuis
2600 4529 3001 4585 altitudinibus.

176 4603 710 4712 1Γ15Ϋ1Ελευθέρωσόν
739 4655 803 4709 με
829 4636 894 4690 δι’
912 4603 1072 4688 αὐτοῦ
1102 4635 1209 4687 ἀπὸ
1231 4633 1339 4686 τῶν
1357 4603 1678 4700 πνευμάτων
1712 4603 1754 4657 D

1749 4614 1754 4646 ⁵
1857 4628 1941 4680 16.
1985 4627 2176 4681 Libera
2208 4640 2294 4678 me
2330 4640 2424 4694 per
2459 4623 2634 4692 ipsum
2670 4637 2697 4675 a
2732 4619 3012 4690 spiritibus
3045 4618 3162 4674 istis
3191 4617 3349 4673 malis

110 4737 310 4791 τούτων
370 4709 619 4804 πονηρῶν
656 4731 731 4802 (7)
775 4729 882 4782 τῶν
921 4726 1150 4789 πολλῶν,
1194 4725 1301 4780 τῶν
1359 4722 1680 4795 βυθιζόντων

1110 4745 1150 4789 ν,
1194 4725 1301 4780 τῶν
1359 4722 1680 4795 βυθιζόντων
1781 4724 1835 4769 et
1864 4713 2071 4776 multis,
2095 4709 2571 4781 submergentibus
2604 4721 2710 4762 me.

113 4848 198 4900 με.

177 4919 263 4972 I7.
311 4915 415 4970 Ἐκ
457 4915 553 4983 τῆς
589 4909 904 4972 δυναστείας
939 4907 1044 4963 τῶν
1079 4906 1210 4960 υἱῶν
1253 4904 1345 4957 τοῦ
1395 4898 1631 4972 πονηροῦ
1663 4941 1677 4963 ,

1852 4889 1940 4943 1⁵1.
1971 4886 2012 4940 Ε
2043 4895 2309 4957 potestate
2348 4883 2584 4937 ﬁliorum
2630 4878 2884 4949 improbi,
2911 4877 3014 4930 hoc
3041 4885 3123 4930 est
3157 4892 3185 4929 a
3220 4890 3348 4930 con-

109 5013 210 5063 τῶν
240 5008 504 5063 ἐναντίων
539 5005 819 5073 δυνάμεων
845 5019 856 5030 ·

1787 4981 1965 5036 trariis
1991 4977 2349 5049 potestatibus
2376 4992 2388 5028 :
3384 5045 3387 5048 ἠ

179 5058 402 5155 έεῖῖάη.
429 5099 461 5168 ἡ
493 5058 808 5150 διδασκάλία
855 5094 1004 5146 πᾶσα
1034 5091 1187 5144 οὐδὲν
1233 5086 1494 5152 ζωοποιὸν
1517 5083 1680 5154 ἔχει,

1862 5075 1946 5129 18.
1980 5073 2222 5138 Quarum
2269 5065 2446 5121 omnis
2488 5065 2732 5119 doctrina
2774 5061 2905 5115 nihil
2937 5059 3212 5112 viviticans
3258 5058 3349 5111 ha-

113 5195 244 5246 me
297 5193 480 5247 πάντα
509 5189 585 5259 (8)
626 5189 705 5249 εἰς
729 5184 1024 5254 διαφθορὰν
1053 5181 1146 5235 καὶ
1178 5178 1472 5233 ἀπώλειαν.

1559 5153 1565 5154 ί
1792 5169 1901 5232 bet,
1939 5165 2032 5220 sed
2067 5163 2249 5219 omnia
2289 5161 2341 5214 in
2372 5158 2770 5227 corruptionem
2803 5162 2857 5209 et
2880 5153 3121 5206 exitium.

1025 5335 1331 5400 Addenda
1388 5340 1447 5394 et
1503 5324 1878 5406 corrigenda
1937 5339 2016 5384 ex
2067 5317 2208 5381 cod.
2243 5315 2441 5378 Vatic.

209 5506 257 5569 I)
293 5500 471 5560 Δίδον,
507 5503 610 5569 et_c.
653 5492 757 5560 leg.
793 5485 963 5569 διδούς
992 5492 1085 5538 aut
1105 5479 1284 5542 διδῶν,
1312 5479 1463 5533 deest
1488 5492 1575 5546 με.
1792 5487 1809 5522 ’1

1423 5484 1463 5532 ςι
1488 5492 1575 5546 με.
1792 5470 1912 5538 τήν.
1943 5476 2045 5521 etc.
2793 5525 2813 5539 ν
2924 5522 2936 5534 ,
3013 5520 3023 5533 ,

1867 5538 1943 5569 [ιι.
1984 5533 2382 5569 ’μνηςκιηέυηητ-
2435 5537 2518 5569 pro
2551 5566 2562 5569 _
2600 5524 2843 5569 ἀσθενεις
2879 5537 3023 5569 autat

209 5506 257 5569 I)
293 5502 471 5560 Διδον,
507 5503 610 5549 etc.
655 5502 757 5560 leg.
793 5502 963 5547 οιοους
992 5502 1085 5538 aut
1105 5502 1284 5542 οιοων,
1312 5502 1463 5533 ueust
1488 5502 1575 5546 με..

179 5502 258 5641 12)
306 5574 367 5625 ὐ
391 5564 654 5641 ὲνισχῷων
691 5567 912 5641 tegete.
1005 5626 1017 5641 .
1064 5624 1079 5641 ‘
1157 5622 1170 5641 Β
1202 5620 1375 5641 AM“-
1438 5625 1521 5641 -.Α

1802 5502 2402 5607 Η⁸(νίίῗζῖίκονιημένους,
2435 5537 2565 5593 etc.,
2600 5524 2843 5588 ἀσθενεῖς
2879 5520 3070 5583 αὐτοὺς
3103 5518 3350 5579 ποιήσου-

182 5620 261 5715 (5)
292 5620 599 5715 Κύριεηίξίς
624 5620 791 5715 ἐστιν,
822 5637 927 5684 etc.
947 5624 1120 5715 ,αὑτὸν
1148 5620 1400 5691 ὀφθῆναι,
1435 5625 1542 5670 etc.
1797 5626 1937 5715 σιΐεη
1972 5675 2190 5715 Tha-mu
2226 5674 2331 5715 ρῶν
2364 5669 2569 5715 mmo;

182 5676 261 5715 tu,
295 5676 489 5711 ιιυγυο,
527 5676 598 5697 --ν
624 5676 791 5693 --σ---ν
825 5676 927 5684 ν-ν-
964 5676 1018 5678 _._
1046 5676 1053 5677 κ
1193 5676 1204 5690 ⁸
1278 5676 1287 5691 ι
1391 5676 1397 5681 γ

179 5716 254 5784 (At)
285 5715 359 5766 Ἦ
390 5710 470 5772 τίς
493 5711 626 5766 ἐστι,
666 5713 769 5757 etc.
798 5697 1123 5775 πεποίησαες
1314 5760 1324 5772 ι

184 5788 259 5820 ιιι
305 5779 676 5820 multum“;
707 5773 800 5820 τῆς
832 5767 986 5820 δόξης
1018 5783 1109 5819 του
1156 5777 1442 5820 προσωπου
1476 5774 1569 5811 σου
1605 5757 1682 5818 εὶς

1193 5676 1204 5690 ⁸
1278 5676 1287 5691 ’
1391 5676 1397 5681 ⁷
1888 5676 1937 5744 7)
1972 5676 2190 5730 Τούτων
2226 5676 2331 5728 τῶν
2364 5676 2630 5741 πονηρῶν,
2666 5676 2769 5723 etc.

1169 5760 1442 5820 προσώπου
1476 5774 1569 5811 σου
1605 5757 1682 5818 εὶς
1861 5678 1941 5820 IS)
1983 5747 2215 5809 Πάντας,
2252 5755 2352 5800 etc.

305 5749 994 5848 *X£é?s§&é}la"z'ﬁ;"66£qg'
1018 5749 1122 5819 to].
1156 5760 1442 5837 προσώπου
1476 5774 1569 5811 σου
1605 5757 1682 5818 εὶς
1867 5749 1941 5824 (8)
1983 5749 2215 5809 Πάντας,
2252 5755 2352 5800 etc.
