4094 6322
720 362 856 418 1507

789 483 874 537 19.
912 480 974 535 Ει
1002 482 1219 537 dextera
1239 496 1449 544 eorum,
1473 482 1690 536 dextera
1716 481 2039 550 iniquitatis.

786 574 875 626 20.
919 571 1078 638 Deus,
1119 574 1389 628 canticum
1429 589 1626 627 novum
1659 573 1887 627 cantabo
1927 573 2022 624 tibi
2056 589 2070 625 :

786 664 873 717 2L
913 664 966 717 In
998 665 1256 734 psalterio
1290 664 1625 719 decachordo
1655 664 1883 733 psallam
1916 663 2030 717 tibi.

785 753 876 809 22.
910 754 1010 820 Qui
1037 756 1136 809 das
1163 755 1391 809 salutem
1422 756 1638 823 regibus
1664 773 1675 807 :

785 844 872 899 25.
905 843 1007 909 Qui
1049 844 1326 898 redemisti
1359 843 1528 897 David
1559 859 1779 898 servum
1818 852 1969 896 tuum
2000 841 2065 896 de
2103 841 2282 912 gladio

718 938 957 1007 maligno
983 937 1259 1009 [liberabit
1279 938 1449 1009 eum].

782 1029 870 1083 24.
913 1028 1067 1097 Eripe
1097 1043 1201 1093 me,
1230 1036 1283 1082 et
1314 1044 1444 1082 erue
1473 1042 1560 1081 me
1583 1026 1648 1081 de
1680 1043 1840 1082 manu
1881 1027 2119 1080 ﬁliorum
2151 1026 2281 1080 alie-

715 1135 912 1173 norum
945 1137 958 1172 ε

784 1209 872 1265 23.
907 1209 1145 1275 Quorum
1171 1226 1232 1266 os
1253 1210 1492 1265 locutum
1517 1220 1599 1264 est
1627 1211 1945 1275 vanitatem,

783 1301 871 1354 26.
905 1301 969 1354 Et
993 1301 1213 1355 dextera
1247 1315 1457 1365 eorum,
1489 1303 1706 1356 dextera
1743 1303 2066 1371 iniquitatis.

783 1389 870 1444 27.
906 1390 1149 1456 Quorum
1175 1391 1268 1444 ﬁlii
1294 1392 1436 1446 sicut
1459 1394 1684 1446 novella:
1709 1393 2074 1461 plantationes
2103 1391 2156 1444 in
2193 1390 2278 1460 ju—

713 1497 811 1537 ven
821 1492 929 1536 tute
957 1499 1074 1537 sua.

781 1576 871 1629 28.
906 1575 1055 1631 Filiae
1101 1592 1292 1632 eorum
1349 1575 1704 1644 compositae,
1759 1574 2176 1629 circumornatze
2223 1579 2283 1626 ut

715 1665 1011 1720 similitudo
1047 1667 1253 1736 templi.

785 1756 874 1810 29.
912 1756 1289 1826 Promptuaria
1311 1773 1499 1813 eorum
1525 1759 1705 1827 plena,
1743 1757 2048 1814 eructantia
2079 1772 2143 1810 ex
2169 1755 2274 1809 hoc

713 1848 768 1902 in
812 1848 966 1903 illud.

781 1937 869 1993 30.
907 1938 1044 1995 Oves
1077 1955 1264 1995 eorum
1306 1939 1546 2006 fmtoszc,
1597 1941 1936 1994 abundantes
1962 1937 2015 1990 in
2041 1935 2277 2006 egressi-

712 2029 816 2083 bus
844 2031 995 2084 suis:

1579 361 1635 416 S.
1678 361 2049 418 ATHANASII
2092 359 2238 415 OPP.
2291 360 2474 415 PARS
2514 359 2597 413 ΙΙΙ.
2640 390 2706 398 -
2738 357 3140 413 EXEGETlCA.

2307 485 2353 539 Α
2457 479 2536 532 l9.
2578 480 2680 530 Καὶ
2711 480 2741 547 ἡ
2777 477 2926 542 δεξιὰ
2954 474 3133 529 αὐτῶν
3161 474 3308 538 δεξιὰ
3333 474 3567 536 ἀδικίας.

3811 356 3930 412 1508

2455 572 2543 624 20.
2583 571 2638 623 ’0
2669 570 2822 632 Θεὸς,
2851 569 2990 639 ᾠδὴν
3023 568 3214 637 καινὴν
3244 566 3441 636 ᾁσομαί
3481 583 3583 619 σοι.

2451 665 2539 718 21.
2579 667 2665 718 Ἐν
2696 663 2976 733 ψαλτηρίῳ
3007 661 3314 731 δεκαχόρδῳ
3343 659 3496 727 ψαλῶ
3531 673 3634 711 σοι’

2453 757 2541 810 22.
2579 756 2668 826 Τῷ
2696 756 2887 808 διδόντι
2915 754 3009 824 τὴν
3036 752 3304 822 σωτηρίαν
3334 754 3444 812 τοῖς
3471 746 3748 818 βασιλεῦσι
3786 763 3800 778 ·

2453 850 2541 903 25.
2575 848 2664 918 Τῷ
2710 845 3062 916 λυτρουμὲνῳ
3093 844 3250 896 Δαόὶδ
3299 844 3388 896 τὸν
3432 841 3615 895 δοῦλον
3667 838 3826 891 αὐτοῦ
3878 840 3934 890 ἐκ

2385 941 2653 1010 ῥομφαίας
2687 939 2928 1008 πονηρᾶς
2961 937 3220 1007 [ῥύσεται
3249 933 3468 1004 ain-6v].

2453 1031 2539 1082 2i.
2583 1029 2770 1082 Ῥὖσαί
2801 1045 2889 1099 με,
2926 1029 3017 1080 καὶ
3047 1026 3228 1092 ἐξελοῦ
3273 1044 3337 1095 με
3382 1028 3444 1077 ἐκ
3485 1026 3661 1095 χειρὸς
3693 1022 3820 1074 υἱῶν
3851 1021 3933 1073 άλ-

2385 1121 2611 1192 λοτρίων
2639 1141 2649 1150 ·

2456 1212 2544 1264 25.
2583 1205 2682 1263 Ὧν
2718 1211 2778 1262 τὸ
2810 1210 2980 1278 στόμα
3015 1209 3239 1279 ἐλάλησε
3280 1222 3610 1277 ματαιοτητα
3647 1244 3660 1265 ,

2455 1301 2544 1353 2G.
2578 1301 2684 1353 Καὶ
2714 1303 2745 1370 ἡ
2777 1300 2924 1364 δεξιὰ
2955 1301 3131 1353 αὐτῶν
3158 1299 3306 1364 δεξιὰ
3337 1297 3566 1358 ἀδικίας.

2451 1391 2540 1445 27.
2581 1385 2677 1443 Ὧν
2711 1392 2760 1442 οἱ
2791 1393 2897 1444 υἱοὶ
2929 1391 3104 1444 αὐτῶν
3138 1391 3211 1454 ὡς
3233 1390 3461 1458 νεόφυτα
3489 1387 3745 1457 ἱδρυμένα
3790 1387 3844 1437 ὲν
3876 1388 3932 1453 τῇ

2384 1482 2592 1552 νεότητι
2623 1482 2820 1534 αὐτῶν.

2450 1574 2538 1626 28.
2575 1575 2638 1625 Αἱ
2669 1574 2965 1646 Θυγατέρες
2989 1573 3166 1626 αὐτῶν
3211 1571 3737 1640 κεκαλλωπισμέναι,
3795 1587 3938 1638 περι⁸

2381 1667 2788 1736 κεκοσμημέναι
2823 1667 2896 1734 (α)
2927 1665 3001 1728 ὡς
3025 1666 3272 1735 ὁμοίωμα
3307 1664 3457 1716 ναοῦ.

2451 1758 2538 1812 29.
2575 1758 2654 1810 Τά
2695 1763 2914 1827 ταμιεῖα
2961 1756 3138 1810 αὐτῶν
3175 1757 3352 1827 πλήρη
3379 1796 3393 1820 ,
3447 1753 3842 1825 ὲξερευγόμενα
3883 1754 3938 1803 ἐκ

2313 1841 2354 1895 Β
2383 1848 2570 1900 τούτου
2605 1849 2681 1909 εἰς
2714 1848 2888 1900 τοῦτο.

2457 1937 2545 1993 30.
2578 1937 2658 1988 Τὰ
2687 1938 2932 2006 πρόϐατα
2963 1937 3140 1990 αὐτῶν
3174 1935 3442 1988 πολυτὸκα
3465 1976 3478 1999 ,
3512 1934 3846 2006 πληθύνοντα
3889 1950 3940 1985 εν

2385 2031 2505 2091 ταῖς
2538 2028 2735 2092 ἐξόδοις
2769 2029 2944 2082 αὐτῶν
2961 2046 2973 2059 ·

781 2140 856 2209 (α)
894 2136 1045 2194 Vers.
1076 2139 1166 2203 29,
1197 2138 1737 2209 ΙΙερικεκοσμημὲναι
1770 2137 1846 2200 ὡς
1885 2136 2134 2207 ὁμοίωμα
2164 2132 2379 2205 ἀνθρώπ

2380 2153 2472 2189 που.
2513 2136 2665 2191 Vcrs.
2702 2138 2790 2201 50,
2821 2139 2900 2192 Τὰ
2935 2142 3178 2209 ταμιεῖα,
3208 2148 3315 2196 etc.

1821 2253 2197 2310 ATIIANASII
2236 2250 2826 2314 lNTEIil’RETATIO.

784 2345 869 2402 {9.
912 2344 1030 2401 Non
1070 2347 1246 2403 solum
1278 2348 1497 2404 sinistra
1538 2365 1725 2404 earum
1774 2350 2006 2419 perditio
2037 2357 2139 2411 est,
2178 2346 2274 2402 sed

711 2439 873 2493 etiam
904 2454 1092 2494 earum
1129 2439 1352 2493 dextera
1383 2455 1531 2494 mors
1553 2441 1785 2496 exsistit.

779 2531 872 2588 20.
902 2531 1195 2595 Mundum,
1233 2531 1638 2588 immaculatum
1667 2534 1732 2588 de
1769 2533 2021 2603 passione
2057 2543 2167 2585 tua.

781 2623 872 2678 21.
911 2623 1090 2677 Gratia
1141 2626 1314 2679 sancti
1365 2625 1600 2694 Spiritus
1652 2628 1707 2679 in
1764 2627 1950 2679 decem
1995 2624 2276 2694 praeceptis

712 2713 998 2785 perliciens
1028 2730 1112 2768 me
1141 2715 1342 2784 ipsum,
1366 2714 1683 2784 gloriﬁcabo
1712 2723 1762 2769 te
1796 2715 1954 2769 bonis
1994 2713 2271 2784 operibus.

781 2891 871 2944 22.
912 2891 1014 2957 Qui
1052 2890 1293 2946 viviﬁcas
1325 2894 1497 2962 gratia
1525 2902 1615 2946 tua
1643 2901 1864 2946 sanctos
1904 2901 2191 2959 regnantes
2223 2891 2274 2942 in

713 2991 855 3034 terra
888 2995 1074 3036 contra
1105 2991 1421 3052 peccatum,
1465 2990 1518 3034 et
1568 2985 1620 3034 in
1652 2982 1791 3035 coelo
1836 2983 1888 3033 in
1924 2983 2134 3036 inlinita
2176 2999 2273 3035 sm—
2306 2977 2346 3035 C

713 3073 854 3126 cula.

781 3247 869 3300 23.
905 3244 1008 3312 Qui
1038 3246 1255 3301 tradidit
1298 3263 1358 3304 se
1398 3249 1574 3316 ipsum
1607 3249 1768 3303 morti
1805 3251 1858 3302 in
1894 3249 2280 3319 redemptionis

712 3338 946 3407 pretium
993 3353 1092 3408 pro
1139 3338 1341 3409 populo
1385 3341 1728 3406 desiderato,
1770 3351 1826 3396 ut
1861 3340 2093 3410 eriperet
2118 3357 2219 3396 nos
2249 3356 2280 3394 a

712 3430 950 3484 diabolo.

781 3521 871 3574 24.
913 3520 1128 3585 Libera,
1161 3532 1214 3577 et
1246 3523 1498 3580 abstrahe
1533 3541 1618 3580 me
1644 3541 1674 3580 e
1702 3526 1948 3580 dominio
1978 3528 2281 3581 contraria-

711 3629 833 3668 rum
857 3624 1182 3684 potestatum
1216 3636 1228 3671 :

784 3707 872 3760 25.
905 3707 1146 3773 Quarum
1203 3709 1454 3764 doctrina
1498 3711 1821 3766 disseminat
1869 3713 1924 3766 in
1968 3712 2277 3766 hominibus

713 3798 1079 3868 iniquitatem,
1109 3811 1163 3854 et
1191 3812 1474 3870 peccatum
1505 3821 1516 3856 :

784 3890 876 3946 26.
911 3891 976 3944 Et
1008 3907 1195 3945 earum
1233 3894 1470 3962 potentia
1532 3895 1646 3948 hanc
1675 3904 1790 3960 est,
1834 3905 1895 3950 ut
1937 3896 2140 3966 aliquid
2193 3913 2279 3951 ra-

713 3983 886 4050 niant,
909 3993 962 4037 et
984 3983 1034 4036 vi
1064 3984 1117 4037 in
1150 3986 1465 4038 servitutem
1498 3986 1765 4056 redigant.

785 4074 874 4128 27.
906 4073 971 4128 Et
993 4075 1043 4128 in
1076 4077 1556 4144 concupiscentiis,
1589 4086 1643 4130 et
1671 4078 1982 4132 dentonum
2025 4081 2282 4152 iniquita-

714 4166 861 4220 tibus
905 4166 1072 4235 geniti
1123 4165 1405 4218 abundant
1434 4165 1672 4231 divitiis,
1719 4175 1773 4221 et
1815 4168 2020 4236 gloria,
2055 4180 2109 4225 et
2150 4185 2280 4226 con-

713 4257 883 4327 specti
938 4257 1006 4312 ab
1054 4257 1366 4311 hominibus
1423 4258 1477 4310 in
1531 4273 1719 4312 eorum
1777 4258 1992 4315 fallacia
2046 4262 2278 4318 laudan-

2456 2348 2540 2402 19.
2567 2350 2639 2401 Οὐ
2674 2351 2832 2420 μόνον
2866 2349 2934 2402 τὰ
2969 2349 3230 2420 ἀριστερὰ
3267 2349 3444 2401 αὐτῶν
3493 2350 3740 2403 άπώλειά
3784 2351 3941 2408 ἐστιν.

2381 2439 2514 2494 ἀλλὰ
2545 2442 2635 2494 καὶ
2667 2444 2699 2511 ή
2735 2441 2882 2505 δεξιὰ
2906 2441 3080 2494 αὐτῶν
3106 2441 3334 2494 Θανάτου
3369 2441 3444 2508 (l)
3479 2443 3733 2514 ὑπάρχει.

2449 2531 2537 2586 20.
2575 2532 2854 2602 Καθαρὰν,
2885 2533 3113 2603 ἄμωμον
3148 2532 3284 2602 ὑπὲρ
3319 2530 3410 2583 τοῦ
3451 2533 3656 2595 πάθους
3683 2550 3802 2586 σου.

2451 2623 2538 2675 21.
2585 2621 2670 2675 Ἐν
2698 2627 2761 2694 τῇ
2794 2623 2976 2694 χάριτι
3009 2623 3102 2676 τοῦ
3149 2625 3304 2692 ἁγίου
3363 2623 3681 2692 Πνεὺματος
3727 2626 3787 2675 ἐν
3832 2627 3943 2684 ταῖς

2381 2715 2512 2769 δέκα
2561 2715 2805 2778 ἐντολαῖς
2837 2717 3171 2788 καταρτίσας
3229 2715 3481 2785 ἐμαυτὸν,
3517 2715 3726 2780 δοξάσω
3782 2731 3840 2766 σε
3885 2715 3943 2766 δι’

2383 2806 2558 2876 ἐργων
2587 2808 2824 2875 ἀγαθῶν.

2453 2898 2542 2953 22.
2579 2899 2666 2969 Τῷ
2700 2898 3048 2964 ζωοποιοῦντι
3101 2899 3187 2953 διὰ
3224 2901 3323 2970 τῆς
3370 2899 3589 2970 χάριτος
3633 2898 3800 2951 αὐτοῦ
3832 2900 3946 2960 τοὺς

2383 2991 2569 3058 ἁγίους
2602 2993 2728 3054 τοὺς
2762 2994 2818 3044 ἐν
2849 2995 2912 3063 τῇ
2949 2996 3016 3064 γῇ
3051 2993 3432 3062 βασιλεύοντας
3467 2991 3609 3044 κατὰ
3642 2994 3738 3062 τῆς
3772 2994 3946 3062 ἁμαρ-

2381 3084 2518 3147 τίας,
2554 3085 2644 3136 καὶ
2671 3085 2728 3137 ἐν
2752 3084 2964 3155 οὐρανῷ
2991 3088 3068 3148 εὶς
3114 3085 3188 3154 (2)
3229 3086 3353 3148 τοὺς
3387 3083 3782 3154 ἁτελευτήτους
3827 3082 3946 3136 αἰῶ-

2382 3184 2498 3229 νας.

2452 3257 2541 3309 25.
2580 3255 2669 3325 Τῷ
2714 3257 2969 3311 δεδωκοτι
3020 3259 3210 3310 ἐαυτὸν
3259 3257 3576 3328 ἀντίλυτρον
3618 3257 3694 3325 τῷ
3736 3257 3947 3323 θανάτῳ

2382 3346 2522 3418 ὑπὲρ
2550 3346 2643 3399 τοῦ
2675 3346 2803 3400 λαοῦ
2829 3348 2922 3401 τοῦ
2964 3348 3363 3418 πεποθημένου,
3399 3351 3547 3412 ὅπως
3581 3348 3837 3418 ἐξέληται
3880 3350 3946 3416 (ὅ)

2380 3441 2528 3510 ἡμᾶς
2555 3441 2618 3493 ἐκ
2644 3439 2737 3492 τοῦ
2770 3440 3036 3494 διαϐόλου.

2449 3532 2539 3585 24.
2587 3532 2793 3594 Ῥῦσαι,
2841 3534 2934 3584 καὶ
2988 3531 3063 3600 (4)
3098 3532 3408 3584 ἀπόσπασόν
3457 3548 3524 3601 με
3570 3531 3633 3583 ἐκ
3662 3532 3763 3600 τῆς
3801 3531 3948 3594 ἐξολ-

2384 3624 2503 3685 σίας
2527 3622 2634 3674 τῶν
2667 3623 2919 3676 ἐναντίων
2947 3623 3228 3692 δυνάμεων
3253 3641 3266 3654 ·

2448 3712 2536 3765 25.
2569 3706 2666 3764 Ὧν
2699 3714 2731 3783 ἡ
2761 3712 2948 3782 διδαχὴ
2971 3711 3248 3782 διέσπειρε
3273 3713 3498 3782 ἀνομίαν
3529 3713 3606 3781 (5)
3638 3713 3730 3765 καὶ
3767 3715 3949 3783 ἁμαρ-

2381 3803 2502 3856 τίαν
2532 3805 2588 3855 ἐν
2620 3806 2733 3865 τοῖς
2763 3802 3069 3873 ἀνθρώποις
3096 3820 3108 3832 ·

2450 3895 2541 3947 26.
2578 3893 2682 3947 Καὶ
2709 3897 2742 3964 ἡ
2775 3891 3002 3963 δύναμις
3031 3895 3208 3948 αὐτῶν
3249 3897 3383 3966 αὓτη
3436 3897 3603 3959 ἐστὶν,
3640 3897 3690 3948 τί
3740 3897 3835 3948 ἵνα
3865 3898 3952 3964 ἁρ-

2383 3987 2594 4038 πάσωσι
2626 3985 2724 4056 (b),
2757 3987 2850 4038 καὶ
2881 3986 2971 4058 βία
2996 3985 3523 4040 καταδουλώσωνται.

2448 4077 2537 4131 27.
2575 4076 2678 4131 Καὶ
2711 4081 2769 4130 ἐν
2797 4081 2914 4139 ταῖς
2950 4078 3268 4148 ἐπιθυμίαις
3297 4080 3389 4130 καὶ
3420 4081 3541 4140 ταῖς
3578 4078 3841 4146 ἀνομίαις
3879 4079 3949 4144 (τι

2381 4169 2486 4222 τῶν
2507 4169 2774 4239 δαιμόνων
2817 4169 3225 4240 γεγεννημένοι,
3267 4168 3553 4238 εὐθηνοῦσι
3601 4168 3825 4238 πλούτῳ
3866 4171 3952 4221 καὶ

2381 4260 2527 4332 δόξῃ,
2561 4259 2827 4331 ὁρώμενοι
2859 4260 3006 4331 παρὰ
3052 4259 3157 4312 τῶν
3205 4257 3504 4330 ἀνθρώπων
3547 4258 3604 4308 ἐν
3645 4259 3708 4328 τῇ
3761 4258 3949 4328 ἀπάτῃ

713 4359 823 4415 tur,
881 4360 1138 4420 tanquam
1190 4349 1417 4406 novella:
1464 4350 1829 4420 plantationes
1858 4353 2067 4417 valida),
2095 4365 2149 4408 et
2180 4355 2275 4410 ﬂo-
2309 4349 2352 4374 ν

2382 4351 2561 4404 αὐτῶν
2582 4351 2963 4421 ἐπαινούμενοι
2993 4351 3066 4414 ὡς
3099 4352 3332 4419 νεόφυτα
3360 4349 3554 4420 ἰσχυρὰ
3580 4349 3670 4403 καὶ
3694 4349 3924 4421 εὐθαλῆ.

714 4449 918 4496 rentes.

784 4530 873 4585 28.
911 4529 977 4585 Et
1017 4531 1211 4586 anima:
1246 4546 1435 4585 eorum
1464 4533 1611 4585 omni
1639 4534 1877 4602 pretioso
1905 4535 2105 4590 amictu
2151 4553 2278 4592 coo-

714 4632 901 4693 perta,
944 4631 998 4676 et
1041 4637 1196 4688 auro,
1238 4631 1294 4676 et
1321 4633 1569 4694 argento,
1613 4634 1668 4677 et
1698 4625 1876 4694 lapide
1903 4629 2141 4696 pretioso
2173 4630 2275 4684 cir—

715 4714 1076 4784 cumstipatze.

787 4805 878 4862 29.
912 4806 1083 4860 Corda
1121 4820 1308 4861 eorum
1351 4807 1506 4877 plena
1549 4809 1695 4861 omni
1730 4808 2030 4879 iniquitate,
2066 4821 2119 4866 et
2148 4828 2273 4882 pec-

716 4907 859 4961 cato,
905 4907 959 4952 et
1003 4913 1069 4953 ex
1120 4915 1229 4953 uno
1283 4901 1529 4970 improbo
1580 4901 1850 4958 desiderio
1897 4913 2182 4959 transeunt
2219 4906 2273 4960 in

716 4989 879 5043 aliam
911 4989 1147 5059 pejorem
1177 4993 1695 5062 concupiscentiam.

785 5081 873 5134 30.
913 5079 1077 5134 Iidem
1112 5082 1361 5137 homines
1390 5099 1512 5137 cum
1557 5085 1761 5152 peccati
1792 5086 1972 5155 cupidi
2018 5088 2158 5149 sint,
2196 5087 2270 5139 in-

716 5182 965 5228 ventores
994 5182 1119 5227 sunt
1152 5174 1417 5228 malorum
1441 5218 1455 5241 ,
1486 5177 1778 5232 educentes
1808 5195 1838 5232 e
1865 5179 2122 5232 cordibus
2158 5180 2273 5234 suis

715 5277 908 5333 pravas
947 5260 1318 5334 cogitationes.

2450 4445 2539 4497 28.
2575 4444 2650 4515 (8)
2685 4445 2794 4496 Kal.
2828 4446 2881 4497 αἱ
2913 4443 3081 4513 ψυχαὶ
3115 4443 3291 4497 αὐτῶν
3340 4445 3487 4514 «est,
3533 4441 3796 4511 περιϐολῇ
3856 4461 3946 4495 πο-

2380 4534 2588 4588 λυτελεῖ
2619 4534 3009 4606 ἠμφιεσμέναι,
3060 4537 3153 4588 καὶ
3184 4533 3386 4606 χρυσῷ,
3422 4533 3516 4586 καὶ
3557 4531 3807 4603 ἀργύρῳ,
3862 4538 3947 4588 aut".

2379 4626 2512 4697 λίθῳ
2537 4627 2817 4679 πολυτελεῖ
2845 4625 3330 4696 δορυφορούμεναι.

2447 4719 2536 4774 29.
2565 4721 2630 4773 Ai
2663 4719 2880 4790 καρδίαι
2913 4718 3092 4771 αὐτῶν
3139 4715 3560 4786 πεπληρωμέναι
3595 4715 3777 4784 πάσης
3823 4717 3946 4768 dvo-

2385 4813 2512 4882 μίας
2541 4813 2634 4866 καὶ
2659 4812 2948 4882 ἁμαρτίας,
2979 4811 3072 4864 καὶ
3097 4812 3160 4862 ἐκ
3189 4809 3376 4862 τούτου
3413 4807 3504 4860 τοῦ
3551 4807 3789 4880 πονηροῦ
3827 4812 3946 4860 ἐπι-

2381 4903 2716 4975 τηδεύματος
2765 4905 2843 4966 εἰς
2892 4902 3019 4957 άλλο
3050 4901 3345 4971 δεινότερον
3378 4899 3726 4970 μετέρχονται
3751 4898 3945 4952 ἐπιθυ·

2381 5013 2555 5066 μημαο

2447 5083 2531 5138 50.
2566 5085 2628 5136 υἱ
2653 5082 2806 5138 αὐτοὶ
2829 5083 3125 5154 ἄνθρωποι,
3157 5083 3253 5151 τῆς
3278 5080 3549 5151 ἁμαρτίας
3573 5078 3722 5141 ὄντες
3747 5079 3940 5132 ἐπιθυ-

2381 5179 2566 5247 μηταὶ,
2601 5175 2888 5248 ἐφευρεταί
2912 5177 3017 5227 εἱσι
3049 5173 3253 5237 κακῶν,
3279 5171 3561 5241 ἐξάγοντες
3593 5175 3654 5226 ἐκ
3674 5172 3774 5242 τῆς
3806 5191 3938 5246 καρ-

2377 5270 2492 5333 δίας
2519 5267 2695 5322 αὑτῶν
2726 5265 3107 5336 διαλογισμοὺς
3140 5263 3426 5335 πονηρούς.

1622 5359 1928 5425 Addenda
1983 5371 2043 5426 et
2081 5364 2451 5445 corrigenda
2499 5381 2576 5426 ex
2613 5363 2752 5424 cod.
2792 5363 2990 5424 Vatic.

849 5455 867 5589 ξ
900 5456 1161 5521 Θάνατος,
1189 5471 1292 5513 etc.

894 5527 1117 5589 Οὐρανῷ
1151 5528 1292 5589 βασι]

894 5527 1117 5597 Οὐρανῷ
1151 5527 1530 5597 βασιλεύοντας
1557 5532 1654 5596 εἰς,
1689 5543 1794 5590 etc.

845 5599 861 5665 )
905 5597 1216 5662 Ἐξελεῖται,
1244 5610 1345 5653 etc.

821 5667 866 5737 4)
899 5667 1072 5721 Ρῦσαί
1151 5687 1196 5730 ε,
1223 5670 1334 5731 καί,
1366 5679 1468 5725 etc.

821 5742 863 5792 5i
893 5738 1078 5792 Πᾶσαν
1100 5688 1348 5792 ῖνοιιίαν.

797 5738 839 5802 [5
893 5738 1078 5792 Πᾶσαν
1100 5738 1348 5809 ἀνομίαν.

797 5744 864 5880 (si
899 5808 1045 5880 Αὕτη
1080 5812 1193 5864 ἐστὶ
1225 5812 1303 5879 τὸ,
1336 5828 1348 5860 1

899 5808 1045 5881 Αὕτη
1080 5808 1303 5879 ἐστιντὸ,
1336 5811 1385 5862 τί
1413 5813 1752 5883 ἁρπάσωσιν,
1779 5826 1882 5875 ctc.

2445 5467 2522 5542 (ἶ)
2554 5464 2969 5542 Καὶέινίὶμίριξςν
3001 5473 3105 5542 eteo

2443 5532 2520 5604 (8)
2554 5535 2618 5588 Ν.
2639 5535 2739 5605 728,
2774 5532 2876 5587 Καὶ
2894 5535 3060 5605 ψυχαὶ
3075 5533 3252 5588 αὐτῶν
3271 5536 3625 5605 tractatusque
3645 5532 3712 5586 ad
3735 5532 3942 5602 ἠμφιε-

2375 5608 2587 5677 σμέναι.
2606 5604 2669 5658 Ν.
2689 5606 2949 5677 2‘J_._juxta
2973 5604 3411 5677 suprascriptam
3442 5604 3759 5677 divisionem
3795 5621 3808 5653 :
3834 5605 3939 5677 lia".

2373 5673 2578 5749 χρυσῷ,
2614 5686 2719 5730 etc.
2751 5673 2817 5749 Ν.
2852 5677 2939 5749 50,
2973 5677 3034 5726 Αἱ
3058 5673 3305 5749 καρδίαι,
3338 5673 3550 5749 _e_tc._-N.
3786 5674 3940 5749 ςιὺτσι

2378 5742 2732 5818 ἂνθρωποιῌοὶ
2761 5748 2857 5816 τῆς
2881 5742 3168 5818 ἁμαρτίας,
3206 5755 3306 5818 etc.
3338 5743 3535 5818 N._59,
3577 5744 3641 5818 Οῑί
3687 5742 3930 5797 διδάσκει

2377 5791 2626 5883 ῐέζῖἆέξ
2638 5791 2731 5871 "NT
2747 5791 2855 5883 332'
2865 5791 3538 5885 (ῖιῖγῖ’ἓςὲτῗέιιῖἀῗέτέιὲῆῖιᾶἱ
3561 5791 3670 5877 τὶῒς
3680 5791 3708 5880 ,“
3723 5791 3834 5870 Et}.
