4094 6322
159 383 306 436 1513

1024 382 1110 435 DE
1149 378 1424 435 TITULlS
1463 377 1914 434 PSALMORUM.
1956 409 2020 418 -——
2063 377 2254 432 PSAL.
2300 377 2528 432 CXLIV.

3259 376 3396 430 1518

237 503 323 558 16.
360 502 539 574 [Ἢθ]
576 501 670 556 Ka‘v
712 506 778 572 τῇ
807 503 1117 576 δικαιοσύνῃ
1151 520 1242 556 σου
1265 499 1698 570 ἀγαλλιάσονται.

1897 500 1982 554 16.
2017 497 2198 570 |lletb]
2241 497 2304 552 Et
2339 498 2553 567 justitia
2582 507 2670 552 tua
2697 498 3066 553 exsultabunt.

237 597 329 649 17.
359 596 665 666 Οίκτίρμων
699 597 791 650 καὶ
821 595 1065 666 ἐλεήμων
1095 598 1124 648 ὁ
1161 594 1376 665 Κύριος,

238 688 326 741 18.
361 689 720 758 Μακρόθυμος
743 689 836 741 καὶ
869 688 1169 749 πολυέλεος.

237 780 326 833 19.
361 781 604 850 Χρηστὸς
631 779 826 850 Κύριος
853 784 964 842 τοῖς
995 780 1266 849 σύμπασι,

233 871 327 924 20.
349 868 450 921 Kal
472 871 519 922 οί
535 869 803 940 οίκτιρμοὶ
824 868 984 922 αὑτοῦ
1003 869 1092 919 ἐπὶ
1110 868 1284 921 πάντα
1302 866 1373 920 τὰ
1394 868 1528 938 ἔργα
1542 866 1724 920 αὑτοῦ.

235 963 327 1014 21.
360 959 542 1032 [Ἰὼθ]
573 959 1184 1030 Ἐξομολογησὰσθωσάν
1215 975 1314 1022 σοι,
1348 956 1536 1030 Κύριε,
1557 958 1729 1011 πάντα

159 1052 234 1104 τὰ
268 1052 402 1121 ἔργα
435 1066 550 1114 σου,

235 1143 325 1197 22.
361 1143 562 1214 [Χάμ]
593 1142 696 1194 Καὶ
727 1143 775 1194 οἱ
807 1141 940 1194 ὅσιοί
968 1158 1058 1193 σου
1089 1139 1539 1209 εύλογησάτωσάν
1573 1156 1652 1194 σε.

231 1234 324 1287 23.
359 1233 521 1297 Δόξαν
551 1233 649 1303 τῆς
677 1232 948 1303 βασιλείας
979 1249 1070 1284 σου
1100 1230 1302 1301 ἐροῦσι,

234 1324 327 1378 24.
364 1323 594 1396 [Σαθῶ]
624 1325 725 1378 Kal
751 1325 846 1394 τὴν
875 1321 1186 1376 δυναστείαν
1229 1337 1324 1374 σου
1351 1321 1658 1392 λαλήσουσι.

232 1416 327 1469 25.
357 1416 462 1468 Τοῦ
497 1416 757 1487 γνωρίσαι
802 1418 914 1478 τοῖς
967 1417 1100 1476 υἱοῖς
1145 1411 1250 1466 τῶν
1296 1412 1595 1483 ἀνθρώπων
1630 1413 1728 1483 τὴν

156 1508 476 1558 δυναστείαν
503 1524 593 1559 σου
618 1547 631 1566 .

231 1599 326 1652 9.6.
360 1597 459 1651 Kal
493 1598 587 1666 τὴν
625 1597 778 1663 δόξαν
806 1599 904 1668 τῆς
939 1596 1408 1667 μεγαλοπρεπείας
1438 1595 1535 1665 τῆς
1579 1593 1730 1664 βασι-

157 1689 316 1752 λείας
357 1709 466 1742 σου.

231 1783 325 1834 27.
373 1782 432 1833 'H
461 1780 702 1849 βασιλεία
731 1797 820 1833 σου
852 1781 1092 1850 βασιλεία
1115 1779 1332 1837 πάντων
1361 1777 1466 1831 τῶν
1496 1777 1724 1842 αίὼνων,

234 1872 323 1925 28.
358 1871 459 1925 Kal
486 1875 518 1943 ἠ
553 1873 835 1927 δεσποτεία
866 1891 958 1926 σου
991 1876 1047 1926 ὲν
1070 1873 1221 1946 πάσῃ
1246 1872 1407 1943 γενεᾷ
1431 1871 1522 1923 καὶ
1543 1869 1722 1939 γενεᾷ.

1907 591 1992 644 17.
2029 590 2310 643 Miserator
2340 598 2394 642 et
2434 588 2740 643 misericors
2766 587 3061 651 Dominus,

1905 684 1991 739 18.
2035 683 2114 753 [nl
2152 681 2366 736 Patiens
2388 689 2440 735 ct
2479 679 2710 734 multum
2743 681 3076 739 misericors.

1906 775 1990 829 19.
2025 774 2116 846 In]
2151 775 2343 830 Suavis
2370 774 2632 831 Dominus
2667 775 2934 830 universis
2957 815 2971 837 ,

1903 867 1992 920 20.
2028 867 2095 920 Et
2125 867 2497 922 miserationes
2517 867 2635 936 ejus
2665 882 2827 935 super
2851 867 3030 921 omnia
3063 882 3224 936 opera
3249 868 3387 937 ejus.

1905 957 1987 1010 2|.
2039 955 2209 1028 [J0tb]
2263 957 2636 1012 Conﬁteantur
2697 959 2832 1024 tibi,
2886 957 3145 1023 Domine,
3209 962 3389 1014 omnia

1835 1063 1996 1118 Opera
2039 1058 2127 1101 tua
2148 1086 2164 1108 ,

1905 1139 1992 1192 99..
2034 1139 2090 1211 ί)
2122 1138 2279 1211 Kam]
2315 1139 2378 1194 Et
2406 1140 2578 1193 sancti
2613 1141 2689 1193 tui
2724 1139 3046 1195 bcnedicant
3083 1140 3199 1194 tibi.

1903 1233 1990 1288 25,
2028 1233 2265 1285 Gloriatu
2297 1234 2444 1302 regni
2484 1233 2559 1285 tui
2586 1231 2798 1294 dicent,

1902 1323 1992 1378 94.
2028 1307 2080 1394 [Β
2106 1322 2303 1393 Sabed]
2345 1323 2408 1375 Et
2441 1324 2733 1391 potentiam
2765 1333 2910 1377 tuam
2943 1324 3251 1394 loquentur.

1903 1415 1990 1468 95.
2022 1413 2090 1468 Ut
2141 1425 2326 1468 notam
2361 1412 2563 1468 faciant
2604 1415 2730 1470 ﬁliis
2773 1417 3053 1471 hominum
3095 1417 3390 1487 potentiam

1835 1515 1980 1561 tuam
2001 1547 2016 1570 ,

1903 1595 1992 1651 26.
2035 1596 2098 1648 Et
2128 1597 2352 1664 gloriam
2383 1597 2791 1667 magniﬁcentiae
2831 1599 2977 1667 regni
3007 1599 3104 1652 tni.

1901 1687 1992 1740 27.
2026 1686 2266 1754 Regnum
2296 1697 2444 1740 tuutn
2467 1725 2481 1750 ,
2523 1703 2744 1754 regnum
2773 1691 3015 1742 omnium
3046 1691 3390 1756 saeculorum,

1903 1775 1972 1828 98
2032 1776 2096 1828 Et
2125 1775 2418 1830 dominatio
2442 1785 2554 1842 tua,
2595 1776 2647 1829 in
2678 1777 2825 1830 omni
2866 1780 3209 1846 generatione
3229 1789 3280 1835 et
3305 1797 3396 1851 ge-

1837 1869 2137 1923 neratione.

1283 2087 1656 2146 ATHANASII
1694 2084 2281 2143 INTERPRETATIO.

238 2287 326 2340 16.
381 2288 487 2339 Kal
531 2289 595 2356 τῇ
638 2286 949 2356 ἀνατροφῇ,
1079 2288 1388 2359 ἁνετράιρης
1434 2288 1507 2356 (1)
1553 2289 1608 2339 ἐν
1655 2285 1728 2355 τῷ

1906 2285 1991 2340 16.
2041 2285 2107 2340 Et
2139 2287 2642 2352 conversationem,
2693 2301 2802 2356 qua
2849 2295 3200 2342 conversatus
3239 2305 3297 2344 os
3337 2292 3391 2346 in

162 2379 379 2447 κόσμῳ,
419 2377 680 2447 μαθόντες
709 2379 765 2429 ὲν
793 2378 928 2447 αὐτῇ
961 2378 1388 2432 πολιτεύσονται.
1439 2379 1500 2429 'H
1529 2377 1634 2447 γὰρ
1657 2377 1732 2446 τῷ

162 2470 337 2538 στίχῳ
361 2469 737 2539 παρακειμένη
767 2469 1022 2540 συλλαϐὴ,
1055 2471 1088 2539 ἡ
1134 2470 1396 2539 λεγομένη
1446 2469 1589 2535 Χὴθ,
1643 2471 1733 2542 ἐρ-

163 2559 463 2632 μηνεύεται
496 2561 783 2627 ἔκστασις
815 2581 828 2593 ·
883 2562 1136 2623 ἔκστασις
1168 2561 1276 2630 γὰρ
1308 2556 1441 2629 εἶχε,
1476 2562 1568 2612 καὶ
1621 2561 1731 2629 ἔχει

161 2653 398 2716 πάντας,
441 2655 521 2706 ὅτι
549 2654 665 2706 ἐστὶ
695 2653 845 2717 Θεὸς,
876 2655 969 2706 καὶ
997 2655 1110 2716 τοῖς
1147 2652 1452 2724 ἀνθρώποις
1504 2652 1594 2705 ἐπὶ
1633 2653 1732 2724 τῆς

159 2745 272 2814 γῆς
311 2745 739 2815 συνανεστράφη.

237 2837 328 2902 17,
360 2838 444 2891 18.
480 2836 610 2888 Ἀπὸ
640 2835 745 2888 τῶν
770 2834 1130 2905 παθημάτων,
1159 2827 1238 2889 ὧν
1265 2835 1553 2904 ὑπέμεινεν
1593 2835 1731 2905 ὑπὲρ

161 2931 195 3000 ἡ
205 2931 347 2994 μῶν,
378 2929 668 2980 δείκνυται.

237 3021 325 3074 19.
367 3019 591 3086 ’Δγαθὸς
614 3019 817 3089 Κύριος
837 3018 948 3078 τοῖς
976 3019 1139 3069 πᾶσιν
1167 3017 1488 3088 ἀνθρώποις.

233 3113 325 3168 9.0.
360 3112 464 3166 Kal
487 3116 536 3167 oi
564 3112 834 3182 οἰκτιρμοί
868 3111 1033 3165 αὑτοῦ
1061 3111 1154 3163 ἐπὶ
1191 3111 1365 3163 πάντα
1392 3111 1694 3182 ἄνθρωπον.

233 3285 326 3340 21.
375 3286 854 3357 Ἐξομολογήσουσι
886 3287 1085 3350 πάντες
1121 3291 1168 3341 οί
1204 3287 1498 3357 ἄνθρωποι,
1529 3289 1610 3341 ὅτι
1666 3289 1729 3342 σὺ

158 3373 214 3430 εἶ
239 3377 506 3448 κυριεύων
537 3377 751 3431 πάντων
776 3392 790 3408 ·
813 3377 969 3429 τοῦτο
985 3379 1089 3449 γὰρ
1115 3377 1355 3446 βούλεται
1374 3379 1433 3430 τὸ
1463 3379 1538 3448 τῷ
1558 3379 1726 3450 στίχῳ

161 3471 245 3541 (2)
293 3469 694 3541 παρακείμενον
735 3471 900 3540 ὄνομα
948 3469 1009 3521 τὸ
1050 3469 1337 3538 λεγόμενον
1377 3469 1535 3532 Ἰὼθ,
1569 3469 1596 3521 δ
1642 3472 1730 3541 ἐρ-

163 3561 460 3633 ιιμηνεύεται
490 3562 797 3627 κυριεύων.

1835 2382 2069 2444 mundo,
2124 2382 2426 2436 ediscentes
2487 2380 2540 2434 in
2608 2382 2723 2449 ipsa
2763 2383 2965 2435 vivent.
3012 2379 3143 2435 Nam
3186 2384 3391 2453 syllaba

1834 2470 2010 2524 versui
2050 2472 2316 2539 ascripta,
2353 2485 2473 2539 qua:
2532 2471 2733 2524 dicitur
2787 2471 2972 2534 Cheth,
3010 2472 3393 2543 interpretatur

1831 2569 2013 2627 stupor
2046 2574 2062 2609 :
2089 2567 2279 2628 stupor
2305 2559 2447 2612 enim
2482 2559 2703 2623 habuit,
2735 2569 2787 2612 et
2828 2561 2988 2615 habet
3014 2576 3224 2628 onmes,
3249 2565 3393 2632 quod

1832 2648 1972 2706 Deus
2010 2659 2094 2705 est
2118 2692 2134 2718 ,
2173 2661 2226 2706 et
2263 2667 2389 2706 cum
2431 2651 2739 2706 hominibus
2767 2651 2823 2704 in
2857 2661 2999 2706 terra
3030 2665 3390 2710 conversatus

1829 2752 1932 2798 est.

1902 2834 1989 2897 17,
2032 2835 2115 2888 18.
2161 2834 2236 2890 Ex
2277 2835 2344 2891 iis
2382 2853 2505 2907 quae
2542 2853 2641 2908 pro
2669 2838 2823 2892 nobis
2861 2855 3057 2908 passus
3088 2849 3192 2906 est,
3220 2851 3398 2897 osten-

1829 2925 1996 2981 ditur.

1897 3017 1984 3070 19.
2027 3017 2211 3073 Bonus
2244 3017 2504 3073 Dominus
2535 3035 2660 3089 erga
2696 3035 2885 3074 omnes
2927 3021 3196 3078 homines.

1897 3108 1986 3165 ΞΟ.
2025 3111 2089 3164 Et
2127 3110 2505 3164 miserationes
2559 3110 2676 3178 ejus
2731 3125 2886 3180 super
2948 3125 3164 3164 omnem
3217 3112 3394 3164 homi-

1831 3215 1973 3255 nem.

1897 3301 1984 3353 91.
2023 3299 2431 3355 Conﬁtebuntur
2479 3314 2668 3353 omnes
2708 3300 2992 3362 homines,
3036 3301 3291 3370 quoniam
3331 3311 3391 3354 tu

1828 3406 1884 3445 es
1923 3392 2230 3445 dominator
2263 3393 2538 3454 omnium;
2591 3391 2693 3444 hoc
2755 3392 2898 3444 enim
2969 3392 3234 3458 signiﬁcat
3298 3409 3394 3443 no-

1829 3496 1954 3534 men
1985 3480 2112 3534 Ιοιή
2148 3482 2326 3536 versui
2356 3481 2672 3552 ascriptum,
2715 3481 2858 3551 quod
2889 3482 3276 3551 interpretatur
3299 3483 3394 3532 do-

1833 3589 2060 3626 minans.

233 3653 324 3706 22.
363 3650 467 3705 Καὶ
500 3653 548 3704 oi
577 3651 653 3722 τῷ
694 3651 960 3724 πνεύματι
993 3651 1208 3716 ζῶντες,
1249 3652 1342 3704 καὶ
1386 3652 1461 3720 (5)
1502 3653 1728 3706 κοπιῶν-

1901 3665 1989 3718 92.
2029 3664 2091 3718 Et
2134 3665 2325 3734 spiritu
2360 3665 2631 3727 viventes,
2673 3672 2726 3717 et
2765 3664 3073 3717 laborantes
3110 3664 3161 3716 in
3211 3664 3392 3732 operi-

158 3762 254 3807 τες
294 3746 351 3796 ὲν
378 3748 490 3808 τοῖς
516 3745 694 3816 ἔργοις
724 3746 820 3817 τῆς
863 3745 1202 3815 δικαιοσύνης
1230 3745 1506 3811 δοξάσουσί
1539 3763 1616 3801 σε,
1656 3745 1729 3799 Τὸ

159 3836 275 3900 γὰρ
295 3834 372 3905 τῷ
396 3835 559 3905 στίχῳ
576 3837 976 3907 παρακείμενον
999 3834 1128 3905 Χὰμ
1149 3836 1508 3906 ἑρμηνεύεται
1525 3836 1724 3905 θέρμη,

158 3929 260 3981 καὶ
290 3926 308 3998 [
331 3928 494 3980 κόπον
518 3926 534 3997 ]
562 3929 731 3997 ὅμως,
764 3929 1007 3981 τουτέστι
1030 3930 1088 3981 τὸ
1115 3929 1313 3998 θερμὸν
1349 3929 1448 3997 τῆς
1475 3928 1725 3993 πίστεως,

159 4020 259 4072 καὶ
289 4020 541 4070 ἐπίπονον
561 4020 666 4070 τῶν
690 4021 857 4087 ἁγίων
885 4019 1115 4072 ἐνταῦθα
1141 4019 1306 4089 δηλοῖ.

232 4107 324 4171 25,
355 4108 440 4162 ἳιί.
479 4107 579 4160 Καὶ
607 4109 703 4179 τὴν
739 4107 953 4162 αἰώνιον
985 4109 1201 4162 κόλασιν
1235 4107 1591 4177 ἀναγγελοῦσι
1616 4125 1630 4141 ο
1671 4109 1730 4162 τὸ

159 4201 274 4269 γὰρ
328 4201 728 4270 παρακείμενον
765 4201 919 4253 τοῦτο
970 4200 1120 4272 δηλοῖ
1157 4201 1271 4270 (4),
1326 4201 1510 4271 ἐπειδὴ
1559 4202 1730 4272 ἑρμη-

159 4291 378 4343 νεύεται
406 4291 596 4358 Σαμὲς
627 4291 882 4362 [Λαμέδ]
915 4293 1149 4359 ῥάϐδος,
1176 4294 1416 4346 τουτέστι
1435 4294 1728 4360 βάσανοςο

231 4467 327 4530 25,
369 4467 456 4522 26.
486 4469 561 4537 (5)
611 4465 715 4522 Τοῦ
773 4471 1010 4538 σημᾶναι
1060 4471 1190 4523 πᾶσι
1251 4472 1349 4541 τὴν
1406 4473 1582 4541 κρίσιν
1637 4471 1731 4540 τῆς

161 4560 466 4631 παρουσίας
511 4576 624 4622 σου,
674 4561 766 4612 καὶ
811 4561 905 4629 τὴν
957 4561 1306 4613 ἀνταπόδοσιν
1345 4561 1451 4612 τῶν
1502 4562 1730 4614 αἰωνίων

160 4651 386 4720 ἀγαθῶν
422 4654 478 4704 ὲν
503 4655 566 4721 τῇ
596 4652 840 4722 βασιλείᾳ
867 4669 975 4704 σου.

234 4741 326 4795 27.
377 4741 752 4813 Ἀτελεύτητος
777 4780 792 4810 ,

237 4831 328 4886 28.
369 4830 474 4885 Καὶ
496 4834 590 4885 ἐπὶ
610 4835 736 4896 τοὺς
763 4835 1157 4896 πιστεύσαντας
1183 4832 1258 4903 τῷ
1287 4835 1427 4904 λόγῳ
1447 4836 1537 4887 τοῦ
1563 4835 1731 4904 Εὐαγ-

162 4923 372 4993 γε).ίου,
409 4925 503 4977 καὶ
525 4927 615 4977 ἐπὶ
643 4927 767 4990 τοὺς
805 4927 878 4996 μὴ
916 4924 1328 4990 πιστεύσαντας.

1835 3755 1936 3811 bus
1961 3756 2185 3826 justitice
2218 3756 2595 3826 gloriticabnnt
2623 3764 2690 3808 te.
2722 3753 2855 3808 Nam
2888 3753 3054 3808 Citam
3080 3755 3260 3808 versui
3301 3769 3394 3822 ap-

1835 3849 2071 3919 positum
2118 3849 2500 3917 interpretatur
2527 3847 2673 3900 calor
2693 3857 2746 3901 ct
2777 3848 2946 3913 labor,
2983 3848 3084 3901 hoc
3115 3856 3216 3909 est,
3249 3849 3392 3900 calo-

1833 3953 1946 3991 rem
1985 3937 2145 4002 ﬁdei,
2186 3945 2242 3991 et
2284 3937 2520 3992 laborem
2582 3948 2894 3994 sanctorum
2942 3939 2994 3992 in
3045 3939 3148 3994 hoc
3188 3939 3392 3994 mundo

1827 4028 2110 4099 signiﬁcat.

1894 4120 1986 4186 95,
2026 4120 2116 4172 Ἡ.
2154 4119 2220 4175 Ει
2255 4131 2515 4175 retentum
2570 4123 2892 4191 supplicium
2942 4124 3342 4176 annuntiabnnt
3377 4143 3387 4178 ;

1829 4227 2021 4266 nomen
2076 4213 2341 4282 siquidem
2397 4214 2691 4281 ascriptum
2749 4215 2849 4269 huc
2906 4215 3216 4283 signiﬁcat,
3265 4217 3392 4284 quia

1830 4298 2011 4356 Same:
2053 4300 2296 4374 [Lamed]
2333 4303 2714 4373 interpretatur
2765 4307 2946 4374 rirga,
3008 4306 3113 4361 hoc
3152 4316 3236 4361 est
3275 4325 3394 4359 cru-

1830 4393 2000 4444 ciatus
2028 4408 2044 4444 :

1900 4478 1990 4538 95,
2021 4479 2107 4533 9.6.
2138 4477 2207 4532 Ut
2258 4479 2562 4548 signiﬁcent
2604 4483 2855 4537 omnibus
2894 4483 3158 4552 judicium
3193 4485 3393 4539 adven-

1830 4577 1919 4623 tns
1950 4571 2065 4635 ttti,
2115 4579 2167 4623 et
2215 4572 2620 4627 retributionem
2669 4582 2992 4629 mtcrnoruut
3029 4576 3292 4630 bonorum
3339 4578 3390 4628 in

1832 4677 1995 4731 regno
2028 4671 2136 4715 tuo.

1897 4750 1985 4804 97.
2019 4748 2145 4805 Sine
2177 4755 2313 4816 line,

1903 4839 1993 4892 98.
2031 4840 2095 4894 Et
2132 4857 2293 4912 super
2340 4859 2529 4897 omnes
2571 4844 2851 4899 credentes
2889 4844 3052 4900 verbo
3095 4844 3390 4915 Evangelii,

1766 4943 1809 4998 ι)
1834 4939 1886 4985 et
1915 4947 2076 5001 super
2101 4948 2206 4988 non
2235 4937 2534 4989 credentes.

1082 5131 1386 5192 Addenda
1438 5136 1497 5192 et
1529 5133 1901 5212 corrigenda
1932 5153 2008 5195 ex
2064 5135 2203 5197 cod.
2232 5137 2430 5198 Vatic.

241 5340 316 5409 (1)
367 5339 731 5409 Ἀναστμφῇ,
843 5337 1183 5409 ἀνεστράφης
1211 5379 1223 5399 ,
1283 5350 1384 5393 etc.
1426 5338 1731 5393 πολιτεύον-

161 5387 1728 5481 “arma;aestima;{esseetpaagtjnam,

165 5480 302 5549 Ἦθ.
333 5491 464 5549 etc.,
489 5477 580 5531 καὶ
597 5477 707 5547 ἔχει
739 5477 967 5539 πάντας.
991 5479 1070 5530 ὅτι
1093 5477 1221 5542 Θεὸς
1236 5477 1339 5530 ’ἐπὶ
1358 5477 1456 5546 τῆς
1488 5477 1728 5549 γῆς’τοίς

163 5548 475 5618 ἀνθρώποις
503 5549 959 5618 συνανεστράφης.

238 5617 318 5688 (2)
353 5621 425 5704 re
451 5619 536 5674 διὰ
570 5617 667 5704 τῇς
716 5617 1080 5700 κινναξᾶάρεως
1115 5635 1192 5686 τῳ
1226 5618 1409 5688 στίχῳ,
1438 5627 1565 5681 etc.,
1586 5617 1723 5671 Ἰώθο

165 5692 232 5762 ἐρ
319 5688 528 5742 νεύεται
567 5688 676 5757 γὰρ
710 5688 995 5757 κυριεύων.

239 5706 318 5832 ξς)
371 5761 612 5824 Ζέοντες,
645 5760 754 5821 καί,
787 5769 888 5813 etc.
911 5799 924 5824 ,
962 5759 1380 5830 παρακείμενον,
1412 5758 1472 5811 τὺ
1501 5757 1724 5828 λεγόμε-

1835 5345 2073 5428 νονιΧὰμ
2100 5347 2457 5417 ἑρμηνεύεται
2475 5348 2671 5418 θέρμη,
2701 5349 2791 5400 καὶ
2806 5348 2972 5417 ὅμως,
2998 5357 3126 5412 etc.;
3160 5349 3258 5419 leg.
3282 5349 3384 5402 vid.

1831 5415 2082 5558 Τὸ
2104 5487 2211 5558 γὰρ
2255 5487 2331 5558 τῷ
2370 5489 2534 5558 enim)
2577 5488 2974 5558 παρακείμενον
3011 5490 3177 5558 ὄνομα
3237 5490 3392 5543 τοῦτθ

1830 5556 1994 5630 δηλοῖ,
2014 5567 2141 5630 etc.,
2154 5627 2167 5630 Α
2181 5556 2537 5630 ἑρμηνεύεται
2558 5560 2615 5610 τὸ
2633 5559 2801 5612 Σαϐὲδ
2819 5556 3052 5630 ράδδος,
3075 5556 3176 5613 etc.

1900 5626 1976 5699 (5)
2027 5626 2087 5678 Ν.
2143 5626 2392 5695 95,1‘0'3,
2444 5642 2574 5697 etc.,
2621 5630 2718 5699 τῆς
2767 5626 3012 5696 ἐξουσίας
3050 5645 3160 5686 σου.
3196 5628 3256 5684 Ν.
3294 5629 3385 5692 96,

1828 5697 1934 5751 Kal
1964 5704 2079 5767 την,
2116 5708 2222 5753 etc.
