4094 6322
735 354 875 411 1515

1573 348 1633 403 S.
1671 346 2040 401 ATHANASlI
2086 344 2232 400 OPP.
2277 343 2456 399 PARS
2493 343 2580 400 lli.
2613 374 2683 384 —
2709 343 3115 400 EXEGETICA.

3818 346 3934 400 1316

803 462 891 518 29.
925 459 997 534 [Β
1022 459 1148 515 Sam
1174 460 1272 533 (1)]
1297 460 1498 515 Fidelis
1527 458 1789 515 Dominus
1816 461 1869 512 in
1900 456 2153 512 omnibus
2188 472 2299 511 ver-
2327 506 2333 521 η

2468 457 2555 510 99.
2591 455 2783 527 [Σάμῖ
2815 458 3007 520 Πιστὸς
3036 456 3229 528 Κύριος
3261 457 3316 509 ὲν
3336 459 3470 510 πᾶσι
3495 459 3610 520 τοῖς
3640 456 3810 525 λόγοις
3852 456 3935 509 αὖ-

736 557 819 614 bis
857 556 1001 618 suis,

802 646 890 702 30.
927 646 993 700 Et
1016 653 1240 700 sanctus
1269 643 1323 697 in
1349 643 1604 701 omnibus
1636 642 1898 711 operibus
1926 641 2063 695 suis.

803 739 892 790 3|.
930 736 989 808 [ο
1034 735 1199 808 Kam]
1251 735 1463 788 Allevat
1521 732 1787 787 Dominus
1822 747 2012 786 omnes
2054 730 2147 800 qui
2180 745 2301 783 cor-

735 842 935 894 ruunt,

803 920 891 973 '52.
926 918 991 972 Et
1015 918 1170 988 erigit
1194 932 1384 972 omnes
1416 917 1599 971 elisos.

802 1012 893 1066 '55.
935 1011 993 1083 [π
1019 1011 1144 1083 Mei]
1172 1010 1327 1065 Oculi
1356 1010 1597 1063 omnium
1630 1009 1683 1061 in
1720 1019 1770 1061 te
1805 1016 2057 1077 sperant,

803 1103 890 1156 '54.
924 1102 990 1155 Et
1028 1112 1080 1158 tu
1124 1103 1221 1156 das
1254 1116 1435 1156 escam
1478 1102 1692 1154 illorum
1737 1101 1790 1152 in
1824 1110 2067 1169 tempore
2106 1113 2302 1169 oppor-

735 1203 866 1251 tuno
899 1192 1100 1265 [escam
1137 1194 1216 1247 eis
1250 1193 1587 1262 temporibus
1621 1191 1997 1263 Opportunis].

805 1286 892 1339 55.
923 1285 983 1357 [ξι
1013 1285 1145 1355 ΡΙιε)
1184 1287 1377 1355 Aperis
1427 1294 1483 1338 tu
1529 1301 1749 1339 manum
1810 1295 1989 1348 tuam,
2022 1294 2075 1337 et
2114 1281 2302 1352 imples

734 1393 895 1433 omne
924 1379 1127 1433 animal
1158 1377 1556 1433 benedictione.

2397 564 2515 608 του,

2466 639 2553 692 50.
2589 636 2691 691 Καὶ
2723 639 2866 701 ὅσιος
2892 641 2948 691 ὲν
2978 640 3109 691 πᾶσι
3139 641 3249 701 τοῖς
3275 638 3457 711 ἔργοις
3489 639 3672 693 αὐτοῦ.

2466 732 2553 785 51.
2589 731 2787 803 [Χάμ]
2824 730 3199 801 ’Υποστηρίζει
3237 731 3432 805 Κύριος
3462 732 3671 795 πάντας
3697 733 3817 795 τοὺς
3854 750 3939 785 κα-

2396 823 2761 887 ταπίπτοντας
2778 864 2793 887 ,

2470 917 2558 970 52.
2588 912 2691 969 Καὶ
2721 915 2936 987 άνορθοί
2963 915 3167 980 πάντας
3195 915 3319 979 τοὺς
3349 916 3843 989 κατερῤαγμένους.

2471 1008 2559 1060 55.
2594 1006 2613 1078 [
2635 1006 2773 1078 Μεί]
2802 1009 2862 1059 Οἱ
2890 1007 3152 1078 ὀφθαλμοὶ
3178 1009 3392 1062 πάντων
3418 1012 3498 1072 εἰς
3522 1010 3581 1062 σὲ
3604 1009 3893 1071 ἐλπίζουσι,

2468 1097 2556 1151 54.
2592 1098 2694 1151 Καὶ
2726 1099 2788 1151 σὺ
2832 1099 2987 1161 δίδως
3009 1099 3103 1168 τὴν
3135 1100 3338 1171 τροφὴν
3375 1101 3552 1154 αὐτῶν
3606 1104 3661 1154 ἐν
3708 1102 3943 1173 εὐκαιρία

2398 1187 2419 1260 [
2442 1190 2623 1253 αὐτοῖς
2654 1192 2710 1241 ἐν
2734 1190 3032 1258 εὐκαιρίαις
3053 1189 3072 1262 ]
3099 1206 3112 1218 ·

2590 1280 2740 1353 [Φή]
2782 1281 3044 1347 Ἀνοίγεις
3084 1282 3146 1334 σὺ
3184 1284 3281 1355 τὴν
3305 1285 3465 1357 χεῖρά
3484 1302 3616 1367 θσου,
3660 1302 3755 1341 και
3787 1288 3943 1357 ἐμπι-

2402 1371 2540 1441 πλᾷς
2579 1372 2685 1423 πᾶν
2717 1369 2852 1434 ζῶον
2882 1368 3143 1434 εὐδοκίας.

1854 1513 2230 1569 ATIIANASII
2266 1509 2841 1567 INTERPRETATIO.

802 1633 889 1687 ‘29.
926 1631 1096 1686 Verax
1118 1673 1132 1691 .
1164 1632 1350 1687 ﬁrmus
1372 1672 1385 1696 ,
1420 1633 1775 1687 immutabilis
1804 1633 1857 1686 in
1888 1634 1987 1697 iis,
2020 1651 2139 1705 qua:
2166 1634 2298 1689 deﬁ-
2330 1652 2333 1699 γ

2467 1630 2552 1683 29.
2599 1628 2849 1698 ’Λληθὴς,
2884 1628 3115 1699 ἑδραῖος,
3159 1630 3573 1703 άμετακίνητος,
3618 1633 3703 1703 ἐφ’
3733 1631 3813 1698 οἷς
3836 1636 3948 1707 ὧρε.

733 1724 869 1777 nivit
918 1724 971 1776 in
1012 1722 1254 1792 judicio;
1311 1723 1413 1777 hoc
1446 1725 1588 1776 enim
1637 1724 1904 1793 signiﬁcat
1931 1726 2156 1796 syllaba,
2179 1740 2299 1794 qua:

733 1812 931 1870 dicitur
958 1815 1082 1869 Sam
1106 1855 1119 1879 ,
1148 1816 1253 1870 hoc
1278 1824 1360 1869 est
1391 1815 1669 1879 stabilivit,
1701 1827 1753 1871 et
1775 1818 1937 1871 etiam
1981 1820 2300 1887 interpreta-

732 1916 822 1961 tur
852 1908 985 1969 illic,
1019 1907 1121 1962 hoc
1146 1920 1227 1961 est
1256 1907 1309 1960 in
1338 1906 1566 1976 judicio.

803 1999 892 2054 30.
929 1999 993 2053 Et
1035 1999 1522 2068 irreprehensibilis
1552 2000 1605 2053 in
1633 1998 1888 2055 omnibus
1913 2014 2033 2069 quae
2059 1999 2295 2064 creavit;

732 2098 785 2146 et
825 2090 877 2143 in
919 2090 1172 2145 omnibus
1201 2091 1483 2159 praeceptis
1527 2091 1672 2155 suis;
1708 2101 1761 2144 et
1791 2090 1843 2143 in
1898 2092 2151 2145 omnibus
2179 2106 2298 2160 qua:

734 2184 989 2253 suscepit,
1018 2192 1070 2238 et
1094 2198 1288 2252 passus
1324 2192 1406 2236 est
1430 2192 1649 2252 propter
1675 2190 1916 2237 nostram
1949 2184 2201 2237 salutem.

801 2363 889 2418 31.
924 2362 1157 2434 Subjicit
1192 2362 1454 2418 Dominus
1482 2362 1710 2433 gratiam
1747 2377 1924 2415 suam.

802 2452 891 2506 32.
927 2453 991 2506 Et
1032 2468 1254 2521 surgere
1282 2451 1409 2505 facit
1439 2467 1629 2506 omnes
1672 2451 1951 2521 prolapsos
1991 2449 2043 2502 in
2083 2448 2294 2514 faciem,

733 2542 841 2595 hoc
890 2550 973 2597 est
1013 2541 1065 2594 in
1112 2541 1273 2597 corda
1323 2558 1459 2604 sua,
1487 2551 1539 2597 et
1570 2541 1868 2596 inﬁrmatos
1914 2541 1966 2594 in
2014 2543 2293 2610 peccatis:

733 2632 938 2705 syllaba
964 2633 1107 2688 enim
1137 2632 1401 2702 apposita,
1440 2648 1560 2702 quae
1590 2634 1788 2686 dicitur
1816 2631 2002 2695 Cham,
2036 2640 2299 2684 sustenta-

735 2724 910 2778 culum
942 2725 1347 2795 interpretatur,
1381 2724 1600 2793 perinde
1634 2739 1698 2777 ac
1751 2724 1796 2777 si
1850 2723 2051 2776 diceret
2081 2722 2300 2791 subjicit

731 2829 790 2870 se
819 2814 993 2882 ipsum
1025 2813 1308 2881 Dominus,
1329 2825 1381 2868 et
1408 2821 1584 2882 portat
1606 2813 1873 2878 inﬁrmos,
1904 2823 1965 2869 ut
1996 2829 2190 2870 versus
2221 2814 2297 2868 si-

734 2902 951 2973 gniﬁcat
986 2922 999 2958 :
1041 2913 1089 2958 et
1124 2912 1500 2975 permanentes
1546 2912 1723 2959 mente
1784 2920 1884 2959 sua
1939 2905 1992 2958 in
2036 2906 2295 2975 peccatis,

2404 1741 2492 1776 σεν
2521 1724 2576 1773 ὲν
2603 1724 2667 1791 τῇ
2701 1722 2909 1791 κρίσει·
2948 1721 3101 1775 τοῦτο
3126 1723 3234 1793 γὰρ
3264 1722 3507 1790 βούλεται
3532 1727 3563 1794 ἡ
3603 1726 3838 1796 συλλαϐὴ
3882 1730 3947 1797 (1)

2400 1813 2432 1881 ἡ
2471 1812 2737 1881 λεγομένη
2767 1812 2914 1875 Σὰμ,
2951 1810 2979 1861 ὃ
3021 1811 3165 1862 ἐστιν
3204 1810 3503 1877 ἐστήριξε,
3551 1816 3645 1866 καὶ
3674 1815 3832 1868 πάλιν
3870 1818 3949 1885 ἐρ-

2404 1904 2695 1973 μηνεύεται
2728 1900 2875 1964 ἐκεῖ,
2907 1900 3177 1954 τουτέστιν
3218 1902 3274 1952 ἐν
3306 1904 3367 1971 τῇ
3398 1904 3596 1973 κρίσει.

2470 1994 2556 2047 '50.
2587 1992 2690 2045 Καὶ
2721 1991 3006 2062 ἄμεμπτος
3042 1994 3099 2044 ἐν
3132 1994 3295 2046 πᾶσιν
3321 2034 3335 2057 ,
3390 1989 3469 2057 οἷς
3508 1996 3951 2068 ἐδημιούργησεν,

2399 2086 2491 2139 καὶ
2514 2086 2571 2137 ἐν
2595 2087 2725 2138 πᾶσι
2764 2088 2876 2147 τοῖς
2904 2086 3317 2156 προστάγμασιν
3357 2085 3541 2148 αὑτοῦ,
3569 2089 3664 2139 καὶ
3694 2091 3752 2140 ἐν
3776 2093 3951 2153 πᾶσιν,

2398 2176 2478 2240 οἷς
2523 2177 2863 2243 κατεδέξατο,
2895 2178 2986 2230 καὶ
3037 2178 3267 2230 πέπονθε
3308 2178 3382 2247 (‘2)
3414 2178 3502 2231 διὰ
3546 2179 3644 2248 τὴν
3692 2180 3953 2251 ἡμετέραν

2401 2286 2543 2338 σωτη
2555 2269 2690 2338 ρίαν.

2466 2360 2549 2413 51.
2586 2359 2661 2425 (ὅ)
2697 2357 3011 2427 ’Υποτίθησι
3045 2356 3241 2428 Κύριος
3271 2360 3366 2428 τὴν
3408 2359 3568 2429 χάριν
3594 2358 3787 2414 αὑτοῦ.

2466 2452 2553 2505 52.
2591 2450 2692 2504 Καὶ
2724 2451 2983 2518 ἀνέστησε
3016 2451 3221 2513 πάντας
3254 2453 3374 2514 τοὺς
3404 2452 3853 2517 καταπίπτοντας
3871 2457 3951 2507 ἐπι

2398 2541 2464 2594 τὰ
2490 2542 2773 2612 πρόσωπα,
2804 2543 3079 2594 τουτέστιν
3125 2543 3217 2594 ἐπὶ
3244 2542 3339 2605 τὰς
3374 2543 3601 2611 καρδίας
3635 2544 3839 2609 αὐτῶν,
3875 2548 3955 2599 καὶ

2398 2629 2751 2692 ἀσθενοῦντας
2775 2633 2831 2683 ἐν
2869 2636 2932 2703 τῇ
2964 2632 3206 2704 ἁμαρτίᾳ
3225 2649 3237 2661 ·
3267 2635 3299 2703 ἡ
3337 2631 3392 2684 δὲ
3436 2637 3825 2706 παρακειμένη
3850 2639 3955 2690 συλ-

2399 2720 2534 2791 λαϐὴ
2567 2722 2597 2790 ή
2632 2719 2899 2790 λεγομένη
2946 2724 3073 2791 Χὰμ
3124 2723 3271 2793 ὅμως
3323 2723 3724 2792 ἑρμηνεύεται,
3772 2727 3956 2780 ὡσανεὶ

2400 2815 2714 2885 ὑποτίθησιν
2744 2815 2927 2867 ἑαυτὸν
2959 2816 2988 2866 6
3022 2813 3238 2884 Κύριος,
3264 2815 3356 2866 καὶ
3376 2814 3637 2884 βαστάζει
3667 2820 3800 2883 τοὺς
3819 2820 3957 2873 ἀσθε-

2399 2908 2525 2969 νεῖς,
2570 2906 2643 2969 ὡς
2684 2908 2711 2959 6
2742 2906 2921 2975 στίχος
2955 2905 3105 2975 δηλοῖ
3139 2921 3153 2936 ο
3194 2907 3288 2957 καὶ
3328 2908 3450 2969 τοὺς
3498 2910 3956 2981 ὲναπομείναντας

734 2993 897 3047 veluti
945 3009 1010 3048 ex
1065 3009 1257 3049 somno
1288 2994 1553 3057 suscitat,
1585 3010 1953 3065 compungens
1989 3010 2082 3050 eos
2126 2996 2295 3066 gratia
2325 3001 2333 3043 ε

2398 2998 2463 3066 τῇ
2494 2996 2700 3068 διανοίᾳ
2728 3000 2807 3060 είς
2829 2999 2927 3069 τὴν
2951 2997 3246 3068 ἁμαρτίαν,
3288 2997 3362 3061 ὡς
3390 2999 3448 3065 ἐξ
3484 2998 3656 3054 ὕπνου
3690 3002 3954 3074 διεγείρει,

734 3101 856 3150 sua,
885 3095 937 3141 et
964 3102 1187 3158 surgere
1211 3085 1414 3141 faciens
1434 3127 1449 3150 ,
1483 3095 1543 3140 ut
1574 3087 1953 3153 conﬁteantur,
1993 3096 2049 3142 et
2081 3087 2301 3158 vigilent

735 3176 1009 3246 deinceps,
1048 3193 1115 3232 ne
1142 3177 1374 3246 amplius
1404 3185 1647 3247 peccent.

803 3349 891 3403 53.
928 3346 1103 3403 Corda
1140 3348 1381 3402 omnium
1419 3347 1758 3403 credentium
1790 3346 1844 3402 in
1879 3356 1930 3402 te
1959 3346 2185 3418 gratiam
2215 3363 2299 3402 re-

733 3441 959 3511 cipiunt.

801 3533 891 3585 54.
928 3532 991 3584 Et
1019 3541 1107 3594 tu,
1166 3546 1288 3585 cum
1340 3543 1493 3585 mens
1538 3544 1725 3584 eorum
1775 3529 2009 3600 quiescit
2054 3528 2122 3584 ab
2152 3531 2298 3584 omni

735 3623 1006 3677 mundana
1059 3638 1210 3686 cura,
1260 3635 1313 3677 et
1358 3623 1819 3692 concupiscentia,
1872 3623 2148 3677 illuminas
2204 3639 2297 3678 eos

736 3715 956 3769 scientia
985 3723 1374 3785 prteceptorum
1409 3723 1649 3768 tuorum.

803 3812 890 3867 '55.
925 3811 1277 3865 Abundanter
1305 3810 1558 3864 donando
1586 3809 1817 3878 gratiam
1850 3808 2021 3862 sancti
2060 3807 2294 3878 Spiritus

734 3905 882 3958 omni
936 3901 1182 3964 homini.
1240 3901 1331 3971 qui
1392 3900 1629 3955 adltzeret
1681 3900 1943 3955 voluntati
2001 3909 2106 3954 tua:
2140 3920 2152 3954 :
2186 3900 2292 3954 Plte

733 3996 875 4049 enim
910 3995 1288 4065 interpretatur
1317 4009 1373 4046 os
1398 4035 1412 4059 ,
1449 3992 1549 4045 hoc
1583 4001 1665 4047 est
1698 3992 1977 4047 insulllans
2025 3993 2201 4060 ipsum
2236 3994 2288 4046 in

732 4087 926 4142 faciem
982 4095 1291 4141 sanctorum
1371 4093 1425 4139 et
1476 4085 1663 4139 dicens
1708 4103 1720 4137 :
1761 4085 1992 4153 Accipite
2032 4082 2289 4152 Spiritum

732 4190 971 4231 sanctum
986 4178 1027 4230 ⁸.

803 4296 822 4324 ⁸
857 4292 1013 4348 Joan.
1049 4311 1139 4363 xx,
1173 4301 1260 4355 9.2.

2397 3086 2713 3155 κατανύγων
2736 3089 2930 3151 αὐτοὺς
2959 3090 3024 3158 τῇ
3065 3088 3246 3158 χάριτι
3288 3090 3471 3150 αὐτοῦ,
3506 3093 3602 3144 καὶ
3631 3094 3957 3157 ἀναστάντας

2398 3176 2591 3237 αὐτοὺς
2621 3176 3077 3247 ἐξομολογεῖσθαι,
3096 3177 3188 3232 καὶ
3215 3182 3403 3250 νήφειν
3424 3180 3517 3234 τοῦ
3544 3182 3738 3236 λοιποῦ
3764 3184 3859 3237 τοῦ
3892 3186 3954 3255 μὴ

2397 3268 2745 3338 ἁμαρτάνειν.

2467 3362 2553 3415 55.
2585 3364 2648 3414 Αἱ
2682 3363 2897 3433 καρδίαι
2934 3365 3149 3417 πάντων
3201 3365 3306 3415 τῶν
3357 3367 3722 3421 πιστευόντων
3774 3374 3854 3435 εἰς
3905 3370 3955 3423 σὲ

2396 3454 2493 3523 τὴν
2520 3455 2676 3523 χάριν
2708 3456 3114 3525 ἀπεκδέχονται.

2465 3543 2551 3597 54.
2584 3543 2682 3597 Καὶ
2716 3547 2799 3611 σὺ,
2826 3547 2952 3599 ὅταν
2987 3544 3244 3617 ἡσυχάζει
3286 3549 3312 3599 6
3348 3546 3472 3611 νοῦς
3509 3550 3692 3602 αὐτῶν
3863 3552 3958 3606 ἀπὸ

2394 3635 2573 3703 πάσης
2615 3635 2873 3706 βιωτικῆς
2904 3637 3183 3708 φροντίδος
3216 3637 3309 3689 καὶ
3349 3638 3643 3710 ἐπιθυμίας
3663 3682 3677 3705 ,
3710 3645 3959 3713 φωτίζεις

2395 3726 2590 3790 αὐτοὺς
2617 3726 2714 3797 τὴν
2734 3728 2933 3795 γνῶσιν
2959 3728 3067 3780 τῶν
3102 3728 3534 3800 προσταγμάτων
3556 3747 3669 3784 σου.

2462 3816 2552 3871 35.
2585 3817 2858 3880 Πλουσίως
2876 3817 3113 3888 δὼρησαι
3150 3818 3247 3888 τὴν
3280 3819 3436 3888 χάριν
3476 3819 3571 3872 τοῦ
3604 3821 3769 3888 ἁγίου
3806 3822 3961 3875 Uva?-

2403 3924 2571 3977 ματος
2604 3907 2681 3977 (5)
2708 3910 2868 3961 παντὶ
2890 3908 3157 3979 ἀνθρώπῳ
3189 3908 3533 3980 προκειμένῳ
3576 3910 3656 3981 τῷ
3699 3912 3957 3985 θελήματι

2400 4016 2524 4051 σοιν
2567 4000 2627 4052 τὸ
2660 4001 2765 4072 γάρ
2818 4002 2904 4067 Φὴ
2942 4001 3299 4072 ἑρμηνεύεται
3344 4004 3572 4071 στόμα,
3607 4007 3866 4060 τουτέστι
3908 4007 3959 4059 :6

2398 4093 2648 4165 ὲμφυσᾷν
2670 4094 2831 4147 αὑτὸν
2860 4097 2938 4158 εἰς
2969 4095 3037 4147 τά
3076 4095 3339 4166 πρόσωπα
3381 4094 3489 4148 τῶν
3518 4097 3712 4164 ἁγίων,
3758 4100 3859 4151 καὶ
3885 4098 3957 4152 λέ-

2323 4172 2368 4227 Ῑ)
2397 4202 2513 4253 γειν
2537 4205 2548 4216 ·
2580 4187 2798 4241 Λάϐετε
2825 4186 3062 4257 Πνεῦμα
3084 4188 3271 4256 ἅγιον.

1636 4385 1938 4447 Addenda
1997 4393 2055 4447 et
2110 4389 2485 4470 corrigenda
2544 4406 2621 4451 ex
2680 4392 2817 4452 cod.
2852 4392 3056 4451 Vatic.

808 4489 881 4559 (l)
916 4490 984 4563 ξιι
1018 4489 1104 4542 διά
1127 4491 1229 4563 τῆς
1276 4488 1911 4563 κινναβάρεως-συλλαϐὴ
1952 4488 2283 4563 ἡμλεγομένη

735 4561 873 4669 Σάις
909 4559 1282 4682 ξρὲιιηνῧύεται,
1305 4559 1551 4630 στηρίξαι
1572 4559 1683 4622 καί,
1703 4570 1830 4623 etc.,
1854 4560 2127 4612 τουτέστιν
2152 4559 2283 4615 ἐκεῖζ

805 4636 879 4682 l-)
994 4647 1079 4681 ποι
1119 4646 1192 4681 εν.

805 4628 879 4699 (9.)
914 4628 1192 4699 Πέποιθεν.

801 4703 876 4772 (3)
911 4698 979 4772 Ν.
1003 4700 1110 4772 διε
1134 4699 1469 4766 Ὑποτίθησι,
1494 4709 1623 4772 etc.,
1652 4701 1745 4751 καὶ
1781 4699 2027 4770 ἀνίστησι
2078 4702 2283 4765 πάντας

731 4769 866 4833 τοὺς
890 4769 1264 4832 ἀσθενοῦντας.
1298 4771 1388 4821 καὶ
1416 4769 1870 4833 καταπίπτοντας,
1900 4769 2028 4835 etc.,
2062 4773 2152 4824 ἐπὶ
2187 4774 2282 4835 τὰς

732 4840 952 4910 καρδίας
980 4840 1153 4893 αὐτῶν
1174 4856 1186 4868 ·
1216 4840 1331 4959 ηδε
1376 4839 1746 4910 παρακειμένη
1780 4840 1864 4891 διὰ
1901 4841 1997 4910 τῆς
2033 4842 2282 4895 κινναϐά-

736 4928 871 4959 ρεως
894 4910 1144 4959 συλλαϐὴ.
1173 4914 1204 4959 ἡ
1253 4909 1494 4959 ,εγοιιένη
1533 4909 1673 4959 Χάυ..
1697 4922 1826 4959 etc”
1853 4911 2165 4959 ὑποτίθησιν
2188 4913 2282 4959 αὐ-

736 4909 871 4979 ρεως
894 4910 1144 4979 συλλαϐὴ,
1173 4914 1204 4979 ἡ
1234 4909 1496 4981 λεγομένη
1533 4909 1673 4981 Χάμ,
1697 4922 1831 4981 etc..
1853 4909 2165 4981 ὑποτίθησιν
2188 4913 2282 4964 αὐ-

731 4981 821 5033 τὸν
854 4983 900 5043 6,
935 4992 1059 5044 etc.,
1095 4983 1217 5043 τοὺς
1244 4979 1508 5041 ἀσθενεῖς.
1546 4979 1726 5043 καθὼς
1754 4980 1846 5033 καὶ
1873 4983 1899 5033 ὁ
1932 4979 2109 5051 στίχος
2132 4982 2288 5035 τοῦτο

2386 4493 2755 4569 δηλοῖηΝῷὶ,
2794 4494 3046 4569 Καὶ-τοὺς
3078 4494 3556 4565 ὲναπομείναντας,
3597 4505 3731 4562 etc.,
3769 4498 3836 4567 τῇ
3867 4498 3952 4569 χά-

2389 4583 2496 4635 ριτι
2522 4565 2685 4618 αὐτοῦ
2715 4565 3071 4628 ἀναστάντας,
3109 4574 3213 4617 etc.

2460 4636 2535 4701 (4)
2584 4635 2769 4706 Αὐτῶν
2813 4638 2842 4689 ὁ
2883 4635 3025 4698 νοῦς,
3068 4645 3195 4706 etc.,
3228 4633 3335 4687 τῶν
3380 4636 3827 4706 προσταγμάτων
3870 4656 3952 4691 σου

2384 4705 2749 4785 τῶν-διελαμοῦ
2759 4723 2895 4785 ντων
2932 4705 3146 4785 αὐτρύς.

2455 4775 2532 4847 (5)
2564 4774 2677 4859 ’ξοδ
2699 4775 2852 4859 ἁγίου
2878 4793 2970 4859 σου
3002 4774 3515 4859 ιΠνεύματοςλριοη
3554 4778 3951 4859 προσκειμένῳ,

2382 4844 2482 4899 etc.
2496 4885 2511 4910 ,
2538 4846 2599 4898 τὸ
2620 4845 2727 4916 γὰρ
2752 4848 2852 4917 Φὴ,
2867 4846 2925 4898 τὸ
2940 4846 3025 4898 διὰ
3047 4845 3144 4914 τῆς
3160 4844 3553 4916 κινναϐάρεως,
3573 4844 3951 4917 ἑρμηνεῦεται,

2383 4927 2487 4971 etc.

803 5095 879 5164 (1)
906 5095 1063 5149 Deest
1097 5096 1151 5149 in
1188 5104 1335 5150 textu
1368 5094 1593 5150 Hebraeo
1627 5097 1800 5150 littera
1830 5109 1878 5157 δ,
1927 5098 2053 5167 quia
2107 5098 2290 5153 deﬁcit
2340 5112 2563 5159 versus.
2621 5099 2711 5168 qui
2757 5099 2823 5152 ab
2860 5099 2952 5153 illa
2990 5098 3228 5169 incipere
3269 5097 3517 5162 debebat,
3565 5111 3767 5167 nempe
3794 5106 3949 5181 pic.

737 5188 795 5243 id
825 5196 910 5241 est
936 5188 1157 5251 Fidelis,
1199 5196 1258 5240 ut
1291 5188 1578 5242 advertunt
1602 5186 1893 5252 Vatablus,
1923 5199 1977 5243 et
2008 5188 2229 5242 Simeon
2265 5189 2331 5245 de
2364 5189 2503 5242 Muis
2526 5230 2541 5251 ,
2569 5189 2791 5258 aliique.
2823 5187 2978 5243 Hunc
3013 5199 3192 5244 autem
3222 5205 3439 5243 versum
3473 5202 3698 5244 necesse
3729 5204 3849 5248 εει,
3875 5188 3949 5241 vel

736 5258 1078 5312 librariorum
1119 5258 1274 5325 culpa
1320 5260 1588 5313 excidisse
1614 5300 1628 5315 .
1669 5259 1749 5311 vel
1781 5259 1848 5311 de
1886 5260 2153 5313 industria
2189 5260 2257 5312 ab
2286 5258 2521 5315 Hebraeis
2545 5258 2715 5315 fuisse
2755 5260 3050 5314 sublatum.
3091 5259 3222 5313 Nam
3258 5260 3405 5313 illmn
3453 5259 3508 5312 in
3542 5267 3689 5312 textu
3726 5259 3949 5313 Hebrum

731 5329 1169 5399 originali‘antea
1201 5327 1475 5399 egstitisse
1519 5329 1712 5398 prohat
1742 5330 1877 5382 ordo
1904 5330 2205 5383 litterarum
2242 5329 2515 5397 alphabeti
2553 5328 2801 5383 Hebraici
2832 5370 2845 5391 ,
2890 5338 3146 5399 certoque
3172 5330 3461 5384 conﬁrmat
3507 5328 3691 5382 versio
3719 5326 3947 5399 Septua-

732 5402 877 5469 ginta
902 5397 1179 5469 ,Aalimque
1217 5396 1415 5451 Graeca:
1445 5396 1752 5456 versioncs:
1787 5410 1840 5452 et
1872 5408 2065 5467 praater
2093 5396 2399 5469 Vulgatam,
2431 5414 2550 5467 quat
2584 5415 2647 5453 ex
2682 5396 3064 5468 Septuaginta
3093 5410 3306 5468 sumpta
3348 5408 3466 5464 est,
3497 5400 3661 5451 etiam
3718 5397 3945 5452 Arabica

731 5466 783 5521 ét
823 5466 1076 5537 Syriaca,
1118 5483 1242 5537 qua;
1281 5483 1468 5522 omnes
1502 5484 1717 5522 versum
1753 5466 1901 5521 illum
1956 5466 2293 5531 habentfet
2344 5466 2739 5537 consequenter
2757 5466 2821 5521 in
2861 5466 3144 5524 codicibus
3176 5466 3415 5524 Hebraeis
3440 5510 3454 5532 ,
3497 5469 3641 5521 unde
3670 5473 3946 5522 adornatae

733 5535 880 5601 sunt,
916 5535 1177 5605 legerunt.
1213 5535 1393 5607 Quare
1428 5540 1619 5592 merito
1646 5549 1831 5592 contra
1865 5539 2248 5593 Masoretarum
2285 5535 2633 5593 veneratores
2660 5538 2837 5607 inquit
2876 5538 3097 5594 Grotius
3131 5559 3142 5592 :
3177 5539 3448 5605 Quomodo
3476 5539 3545 5591 ad
3581 5538 3691 5590 Iure
3734 5554 3944 5606 respon-

730 5609 939 5667 debunt,
968 5607 1055 5675 qui
1090 5622 1182 5661 no;
1204 5606 1508 5677 jubentper
1538 5611 1714 5677 omnia
1752 5608 2132 5661 Masoretarum
2159 5620 2299 5661 stare
2329 5609 2592 5662 decretis?
2639 5608 2703 5661 Et
2740 5606 2975 5676 insuper
3008 5610 3107 5663 hac
3139 5609 3204 5663 de
3238 5624 3290 5663 re
3318 5610 3478 5677 digna
3512 5607 3734 5676 quidem
3766 5610 3945 5677 obserf

732 5677 945 5747 vatione
977 5685 1103 5730 sunt
1128 5716 1142 5734 .
1187 5691 1309 5744 quae
1348 5676 1571 5731 adnotat
1597 5676 1812 5731 Clarius
1840 5677 2116 5731 referens:
2144 5687 2335 5732 releras
2370 5677 2617 5732 llebrrros
2653 5680 2849 5733 dixisse
2888 5690 3115 5747 tempore
3153 5680 3355 5732 Messio:
3382 5676 3536 5731 nunc
3590 5694 3834 5744 uersum,
3864 5676 3942 5747 qui

733 5756 840 5797 tum
874 5746 1070 5812 deerat,
1103 5747 1442 5813 reponendum
1468 5748 1605 5817 quod
1638 5750 1918 5811 cernimus,
1954 5748 2049 5816 ait,
2075 5748 2291 5815 factum.
