4052 6332
667 316 804 372 1319
1511 315 1567 368 S.
1608 313 1978 369 ATHANASII
2013 313 2163 368 OPP.
2207 312 2389 367 PARS
2423 310 2510 366 lli.
2549 342 2618 352 ——
2657 309 3067 366 EXEGETICA.
3814 306 3934 360 1320

775 429 1022 484 Alleluia.
1058 429 1303 500 Aggaiel
1344 427 1640 485 Zachariae.
1681 429 1883 486 PSAL.
1911 430 2129 486 CXLV.
2270 442 2311 499 Α
2355 432 2375 485 ἰ

2355 431 2727 497 Ἀλληλούϊα.
2747 431 3007 499 Ἀγγαίου
3031 428 3128 483 καὶ
3167 429 3486 497 Ζαχαρίου.
3531 429 3721 480 ΨΑΑ.
3761 426 3933 476 PME‘.

743 544 793 599 1.
830 541 1034 606 Lauda,
1078 541 1258 594 anima
1287 554 1429 604 mea,
1464 538 1755 594 Dominum
1781 583 1795 606 ,

2421 525 2471 578 1.
2514 524 2681 588 Ᾱῗνει,
2714 526 2747 594 ἡ
2766 523 2911 595 ψυχή
2947 540 3070 594 μου,
3100 523 3192 576 τὸν
3218 522 3440 592 Κύριον,

740 633 795 685 2.
833 630 1086 684 Laudabo
1121 627 1406 681 Dominum
1439 629 1492 682 in
1523 629 1631 682 vita
1667 645 1827 682 mea:

1823 648 1827 681 ;
2419 613 2474 665 2.
2514 612 2957 688 ΑἰνέσωΚύριον
2985 613 3041 664 ὲν
3064 615 3129 682 τῇ
3161 611 3270 682 ζωῇ
3301 628 3423 681 μου·

743 725 796 778 5.
829 722 1062 777 Psallam
1107 719 1218 774 Deo
1253 733 1376 774 meo
1405 720 1645 790 quandiu
1685 720 1854 775 fuero.

2424 703 2475 757 5.
2517 703 2684 756 Ψαλῶ
2713 703 2788 773 τῷ
2821 703 2939 775 Θεῴ
2979 720 3080 774 μου
3118 703 3221 766 ἕως
3250 702 3496 774 ὑπάργω.

745 815 798 870 4.
831 813 1007 869 Nolite
1041 813 1311 867 conlidere
1345 812 1400 865 in
1423 788 1802 881 principibus,
1858 811 1911 864 in
1969 812 2092 867 [iliis
2146 812 2246 864 ho—

2419 794 2472 848 4.
2514 795 2605 865 Μὴ
2635 793 2926 848 πεποίοατε
2953 798 3037 848 ἐπ’
3069 794 3352 864 ἄρχοντας,
3388 794 3480 845 ἐπὶ
3526 792 3601 859 (a)
3662 788 3827 848 υἱοὺς
3859 803 3939 837 αν-

678 907 908 974 minum,
941 907 992 960 in
1027 905 1228 976 quibus
1256 918 1362 959 non
1403 913 1487 958 est
1516 903 1685 960 salus.

1655 921 1685 960 ε,
2353 887 2586 958 θρώπων
2612 885 2692 952 οἷς
2728 889 2828 941 οὐκ
2852 888 2965 941 ἐστι
2997 888 3255 959 σωτηρία.

749 995 800 1050 5.
837 994 1019 1049 Exibit
1051 993 1279 1062 spiritus
1313 992 1430 1061 ejus
1451 1033 1466 1059 ,

2422 979 2475 1034 5.
2505 980 2873 1044 Ἐξελεύσεται
2897 981 2956 1034 τὸ
2989 980 3206 1050 πνεῦμα
3234 978 3415 1042 αὑτοῦ,

750 1087 803 1141 6.
845 1085 910 1140 Et
940 1093 1242 1140 revertetur
1276 1085 1329 1138 in
1371 1093 1580 1138 εει-νοω
1601 1098 1778 1138 suam.

2426 1076 2478 1130 6.
2520 1077 2627 1129 Καὶ
2654 1075 2965 1146 ἐπιστρέψει
2996 1077 3074 1137 εἰς
3096 1075 3192 1144 τὴν
3221 1074 3320 1142 γῆν
3352 1071 3537 1124 αὑτοῦ·

752 1181 803 1235 7.
843 1180 900 1234 In
947 1180 1036 1235 illa
1065 1180 1155 1234 die
1202 1179 1456 1250 peribunt
1484 1191 1676 1232 omnes
1705 1176 2062 1246 cogitationes
2107 1176 2246 1247 ejus.

2429 1166 2478 1222 7.
2507 1168 2594 1221 Ἐν
2625 1169 2806 1240 ἐκείνῃ
2839 1171 2904 1240 τῇ
2942 1169 3123 1240 ἡμέρᾳ
3153 1165 3472 1220 ἀπολοῦνται
3507 1165 3732 1225 πάντες
3762 1161 3815 1213 οἱ
3844 1160 3943 1210 6;:-

2359 1257 2607 1330 λογισμο“ι
2639 1259 2823 1314 αὐτοῦ.

753 1356 806 1411 8.
843 1354 1040 1410 Beatus
1061 1393 1075 1419 ,
1107 1352 1266 1422 cujus
1293 1350 1436 1406 Deus
1470 1349 1637 1405 Jacob
1660 1351 1874 1420 adjutor
1895 1350 2015 1419 ejus
2047 1369 2060 1404 :

2431 1350 2484 1404 8.
2523 1351 2825 1421 Μακάριος,
2855 1345 2915 1404 οὗ
2943 1353 2971 1404 6
2999 1349 3131 1413 Θεὸς
3155 1348 3348 1402 Ἰακὼὸ
3379 1345 3575 1418 βοηθὸς
3608 1343 3796 1398 αὐτοῦ
3817 1361 3830 1373 ·

752 1447 806 1500 9.
843 1445 976 1515 Spes
1005 1445 1122 1514 ejus
1146 1445 1199 1498 in
1236 1442 1461 1496 Domino
1490 1442 1598 1496 Deo
1641 1443 1834 1511 ipsius,

2434 1442 2485 1495 9.
2514 1442 2576 1495 Ἦ
2603 1445 2753 1506 ἐλπὶς
2786 1445 2949 1497 αὐτοῦ
2981 1446 3074 1497 ἐπὶ
3096 1444 3296 1514 Κύριον
3328 1441 3414 1494 τὸν
3440 1439 3575 1493 Θεὸν
3605 1436 3815 1520 αὑτοῦ.

757 1539 842 1591 10.
885 1536 986 1602 Qui
1023 1535 1151 1589 fecit
1193 1534 1390 1590 coelum
1431 1543 1484 1587 et
1520 1542 1718 1587 terram
1742 1573 1755 1596 ,
1793 1547 1944 1587 mare
1988 1541 2042 1586 et
2071 1533 2252 1586 omnia

2437 1535 2520 1591 10.
2565 1537 2666 1589 Τὸν
2700 1540 2999 1608 ποιήσαντα
3041 1538 3130 1590 τὸν
3169 1538 3393 1609 οὐρανὸν
3420 1536 3514 1588 καὶ
3549 1533 3653 1602 τὴν
3688 1531 3826 1598 Υῆνε
3860 1531 3947 1598 τὴν

685 1645 808 1697 quae
838 1629 890 1683 in
918 1629 998 1683 eis
1029 1635 1156 1683 sunt
1191 1645 1206 1681 :

2366 1624 2634 1679 θάλασσαν
2660 1629 2753 1680 καὶ
2787 1628 2962 1681 πάντα
2987 1629 3055 1682 τὰ
3088 1631 3143 1682 ὲν
3175 1630 3385 1689 αὐτοῖς·

758 1725 834 1813 (a)
877 1743 1024 1799 Vers.
1055 1741 1366 1816 ἄκεα-ἐπὶ
1392 1740 1705 1816 oio_6¢,_etc.
1748 1740 1810 1795 ν.
1848 1742 1901 1796 6.
1945 1742 2336 1807 Ἐξελεύσεται,

2374 1753 2504 1808 etc.,
2545 1746 2897 1816 ἀποστρέψει,
2935 1756 3064 1811 etc.,
3112 1762 3283 1815 usque
3319 1746 3382 1800 ad
3433 1745 3624 1799 αὐτοῦ.
3669 1742 3739 1795 V.
3783 1743 3836 1793 7.
3872 1739 3947 1793 Ἑν

688 1815 892 1888 ³·κείγῃ,
921 1826 1046 1879 etc.,
1079 1815 1126 1866 oi
1159 1813 1496 1882 διαλογισμοὶ
1521 1813 1717 1867 αὐτῶν.

1826 1927 2196 1981 ATHANASII
2237 1925 2815 1983 INTERPRETATIO.

698 2051 702 2057 ι
769 2018 835 2070 Ἦ
861 2016 1191 2090 προκειμένη
1222 2017 1501 2089 ἐπιγραφὴ
1527 2016 1772 2089 περιέχει
1800 2018 1896 2088 (1)·
1931 2006 2303 2085 Ἀλληλούἲα,
2321 2018 2583 2086 Ἀγγαίου
2617 2017 2715 2070 καὶ
2746 2019 3041 2087 Ζαχαρίου
3062 2037 3074 2049 ι
3102 2017 3438 2084 ἀλληλούὶὶι
3461 2010 3554 2068 οὖν
3578 2016 3948 2084 ἑρμηνεύεται

689 2112 989 2177 αὶνέσατε,
1032 2111 1342 2181 ὐμνήσατε
1369 2112 1476 2166 τὸν
1515 2110 1658 2163 ὄντα
1699 2111 1878 2164 Θεόν·
1927 2109 2191 2178 Ἀγγαίου
2239 2109 2294 2161 δὲ
2329 2109 2684 2181 ἑρμηνεύεται
2726 2110 3126 2178 ἐορτάζοντος·
3161 2109 3459 2179 Ζαχαρίου
3490 2107 3548 2159 δὲ
3581 2107 3950 2176 ἑρμηνεύεται

692 2207 828 2275 νίκη
857 2206 1118 2272 λέοντος.
1146 2207 1402 2260 Αῑνέσατε
1433 2201 1524 2260 οὖν
1552 2205 1648 2277 τὴν
1681 2207 1875 2277 ἑορτὴν
1899 2205 2006 2258 τῶν
2039 2206 2374 2278 παθημάτων
2397 2207 2489 2259 τοῦ
2524 2207 2736 2270 λέοντος
2761 2207 2854 2260 τοῦ
2887 2207 3130 2277 νικτδτοῦ,
3149 2205 3322 2278 Ἰησοῦ
3361 2204 3456 2259 τοῦ
3502 2205 3725 2274 Κυρίου

689 2302 781 2355 Διὸ
810 2303 902 2356 καὶ
935 2305 962 2355 ὁ
991 2303 1283 2374 Προφήτης
1309 2302 1441 2354 αὐτὸ
1464 2299 1622 2352 τοῦτο
1651 2301 1878 2370 ἄρχεται
1905 2301 1989 2353 διὰ
2022 2301 2114 2353 τοῦ
2147 2301 2325 2371 λέγειν
2345 2317 2359 2332 ⁸
2392 2304 2576 2367 Ali-et,
2611 2305 2649 2371 ἠ
2680 2305 2850 2373 ψυχή
2880 2321 3019 2374 μου.

762 2396 976 2450 Titulus
1003 2395 1326 2466 praepositus
1359 2393 1640 2447 continet:
1675 2391 1906 2446 Alleluia
1929 2433 1942 2460 ,
1993 2392 2210 2464 Aggwi,
2255 2407 2305 2450 et
2358 2394 2675 2450 Zachariw:
2711 2395 2930 2450 alleluia
2972 2395 3136 2465 igitur
3175 2394 3566 2462 interpretatur
3599 2404 3866 2451 .auaate,
3911 2403 3950 2440 τι

695 2489 948 2556 hymnum
971 2485 1131 2538 dicite
1162 2484 1269 2537 Deo
1299 2501 1417 2538 vero
1451 2501 1468 2538 :
1504 2485 1685 2555 Agga’i
1723 2495 1902 2539 autem
1934 2487 2323 2556 interpretatur
2367 2488 2558 2554 festum
2601 2489 2800 2557 agentis
2836 2503 2854 2540 :
2888 2485 3167 2540 Zacharias
3201 2501 3329 2538 vero
3361 2485 3764 2553 interpretatur
3795 2488 3951 2536 ricta-

695 2580 791 2632 ric
835 2577 1019 2631 leonis.
1072 2573 1314 2631 Laudate
1344 2578 1512 2648 igitur
1545 2576 1745 2631 lestum
1773 2577 2044 2645 passionis
2075 2577 2272 2642 leonis,
2307 2579 2400 2648 qui
2451 2579 2734 2638 victoriam
2770 2578 2980 2645 retulit,
3006 2576 3132 2632 Jesu
3166 2576 3384 2631 Domini
3418 2577 3618 2629 nostri.
3655 2573 3951 2643 Propterea

692 2679 748 2724 et
771 2667 1041 2738 Pr0pheta
1076 2683 1141 2723 ex
1186 2667 1292 2721 hoc
1319 2667 1441 2736 ipso
1479 2666 1763 2720 exorditur
1799 2667 2029 2722 dicendo
2062 2686 2076 2724 :
2113 2667 2321 2737 Lauda,
2354 2671 2531 2723 anima
2556 2687 2692 2737 mea,
2727 2679 2831 2725 etc.

767 2765 818 2817 1.
856 2762 1069 2817 Laudes
1111 2762 1303 2832 dignas
1334 2761 1567 2832 repende
1608 2761 1840 2817 Domino
1870 2771 1986 2828 tuo,
2014 2766 2107 2835 qui
2139 2766 2261 2820 red-
2291 2780 2334 2833 Β

2435 2764 2484 2821 1.
2509 2766 2792 2829 Ἐπαίνους
2823 2765 3004 2830 ἀξίου,
3039 2763 3331 2833 ἀνάπεμπε
3356 2761 3431 2831 τῷ
3457 2760 3717 2834 Δεσπότῃ
3763 2776 3857 2812 σου
3887 2760 3951 2824 τῷ

697 2856 828 2912 emit
866 2863 915 2909 te
948 2854 1169 2924 proprio
1196 2856 1482 2925 sanguine.

2373 2859 2761 2930 ὲξαγοράσαντε
2797 2875 2854 2910 σε
2881 2857 2959 2928 τῷ
2989 2857 3102 2928 ἰδίῳ
3133 2857 3345 2926 αἵματι.

766 2947 820 3010 ‘2,
842 2946 894 3001 5.
917 2944 1174 2999 Laudabo
1189 2961 1334 3012 eum,
1350 2947 1521 3001 donec
1539 2947 1769 3018 accipiat
1786 2948 2036 3017 spiritum
2067 2964 2268 3013 meum,

2439 2951 2494 3019 2,
2529 2952 2582 3006 5.
2605 2950 2925 3021 Ἀνυμνήσω
2965 2947 3127 3001 αὑτὸν
3155 2948 3259 3009 ἓως
3285 2945 3350 2999 ἂν
3377 2944 3600 3015 δέξηται
3635 2943 3701 2996 τὸ
3736 2944 3953 3012 πνεῦμα

696 3049 750 3095 et
771 3056 962 3094 rursus
987 3047 1275 3110 postquam
1308 3041 1580 3093 acceperit
1608 3040 1724 3094 ipse
1771 3041 2021 3096 sniritum
2067 3057 2268 3105 meum,

2376 3059 2496 3113 μου,
2538 3042 2631 3095 καὶ
2673 3041 2832 3094 πάλιν
2871 3040 3007 3111 μετὰ
3047 3039 3106 3092 τὸ
3146 3037 3401 3102 δέξασθαι
3438 3034 3610 3089 αὑτὸν
3643 3034 3709 3086 τὸ
3745 3033 3956 3103 πνεῦμά

698 3132 810 3186 illic
833 3131 1068 3184 laudabo
1102 3145 1250 3183 eum.

2376 3149 2501 3204 μου,
2527 3136 2641 3187 ἐκεῖ
2669 3134 2765 3186 ἀνυ
2774 3133 2962 3203 μνήσω
2989 3131 3169 3184 αὐτόν.

770 3224 822 3277 4.
861 3221 1036 3277 Nolite
1077 3220 1373 3291 confugere
1421 3223 1488 3277 ad
1537 3223 1798 3278 auxilium
1833 3238 2056 3290 eorum,
2091 3226 2183 3294 qui
2217 3225 2272 3279 in

2442 3227 2495 3280 4.
2535 3226 2609 3296 (2)
2644 3226 2734 3296 Μὴ
2769 3223 3109 3292 καταφύγετε
3140 3224 3232 3275 ἐπὶ
3259 3222 3357 3292 τὴν
3395 3221 3651 3291 βοήθειαν
3692 3221 3884 3274 αὐτῶν
3911 3222 3957 3271 ἐν

701 3313 1032 3371 sublimitate
1082 3319 1245 3380 sunt,
1293 3329 1466 3384 neque
1519 3313 1587 3368 ad
1639 3312 1783 3368 ﬁlios
1828 3313 2145 3378 hominum,
2179 3314 2272 3383 qui

2373 3320 2611 3391 ὑπεροχῇ
2642 3319 2830 3382 ὄντων,
2875 3317 3008 3389 μηδὲ
3030 3317 3122 3369 ἐπὶ
3162 3315 3312 3377 υἱοὺς
3346 3313 3675 3384 ἀνθρώπων,
3894 3315 3956 3382 μὴ

700 3421 808 3463 non
860 3413 1093 3476 possunt
1143 3419 1202 3460 se
1248 3405 1398 3474 ipsos
1459 3406 1691 3471 salvare,
1740 3405 1831 3460 sed
1869 3404 1924 3459 in
1965 3406 2118 3460 illum
2151 3421 2273 3476 spe-

2371 3413 2698 3484 δυναμένους
2727 3413 2950 3474 ἑαυτοὺς
2977 3410 3147 3464 σῶσαι
3168 3427 3181 3440 ’
3217 3410 3330 3462 ἀλλ’
3365 3412 3449 3462 ἐπ’
3466 3412 3680 3462 ἐκεῖνον
3704 3407 3957 3460 ἐλπίσατε

699 3511 849 3564 rate,
895 3499 990 3569 qui
1033 3497 1213 3553 dictus
1255 3504 1338 3550 est
1385 3495 1557 3553 Filius
1595 3497 1836 3551 hominis
1884 3508 2104 3567 propter
2147 3514 2275 3568 pro.

2371 3510 2462 3562 τὸν
2493 3508 2782 3577 λεγόμενον
2811 3505 2936 3558 Υιὸν
2965 3503 3250 3575 ἀνθρώπου
3281 3503 3370 3555 διὰ
3409 3504 3507 3572 τὴν
3537 3503 3756 3554 οἰκείαν
3785 3501 3957 3570 φιλαν-

699 3594 874 3663 priam
904 3588 1329 3656 humanitatem,
1358 3586 1608 3644 Salvator
1642 3595 1826 3643 autem
1859 3603 1983 3643 cum
2010 3589 2081 3644 sit
2109 3604 2272 3660 gene-

2374 3599 2641 3673 θρωπιαν,
2665 3597 2892 3668 Σωτῆρα
2922 3596 2977 3650 δὲ
3014 3596 3144 3649 ὄντα
3174 3593 3267 3648 τοῦ
3291 3595 3476 3662 γένους
3497 3593 3608 3646 τῶν
3633 3590 3952 3665 ἀνθρώπων.

701 3685 778 3740 ris
809 3681 1056 3738 humani.

775 3774 835 3839 5,
874 3774 926 3828 6.
987 3771 1428 3842 Uniuscujusque
1487 3771 1726 3826 hominis
1787 3771 2075 3826 morientis
2135 3770 2275 3827 redit

2444 3784 2496 3848 5,
2534 3783 2586 3836 6.
2623 3781 2882 3835 Ἑκάστου
2909 3776 3194 3850 ἀνθρώπου
3225 3776 3652 3846 τελευτήσαντος
3700 3775 3957 3843 ὑποστρέ-

705 3865 1010 3922 substantia
1043 3865 1099 3919 in
1128 3873 1348 3929 terram,
1382 3879 1450 3918 ex
1500 3879 1605 3932 qua
1651 3872 1866 3933 sumpta
1894 3871 1978 3918 est
2009 3880 2023 3915 z
2055 3861 2146 3917 ille
2173 3877 2272 3916 au-

2376 3894 2463 3947 φει
2492 3875 2787 3937 ὑπόστασις
2826 3875 2904 3936 εἰς
2932 3873 3030 3943 τὴν
3061 3873 3183 3943 γῆν,
3221 3871 3280 3936 ἐξ
3310 3864 3376 3941 ἦς
3398 3867 3606 3938 ἐλήφθη
3626 3883 3642 3897 ο
3681 3866 3956 3928 ἐκεξνοςεὲ

708 3969 815 4015 tem
854 3957 1026 4012 Filius
1053 3956 1313 4022 hominis,
1343 3958 1507 4011 etiam
1539 3963 1830 4026 postquam
1880 3963 2134 4011 mortuus
2170 3953 2275 4009 fuit

2377 3967 2503 4030 Υἱὸς
2535 3964 2629 4020 τοῦ
2659 3965 2966 4038 ἀνθρώπου,
3002 3965 3095 4017 καὶ
3154 3963 3291 4034 μετὰ
3335 3963 3396 4015 τὸ
3444 3960 3630 4014 Θανεῖν
3685 3959 3858 4012 αὑτὸν
3901 3959 3957 4010 5.‘

707 4060 925 4126 propter
954 4065 1073 4118 nos,
1104 4058 1158 4106 et
1188 4051 1539 4120 incorruptus
1562 4050 1861 4119 permansit
1899 4049 2120 4115 propria
2160 4049 2272 4102 vir-

2377 4063 2543 4133 ήμᾶς,
2577 4062 2672 4116 καὶ
2725 4058 2998 4131 ἄφθαρτος
3042 4058 3306 4125 διέμεινεν
3361 4053 3538 4124 οἰκείᾳ
3586 4052 3850 4122 δυνάμει,
3877 4055 3957 4104 καί

708 4155 842 4213 tute,
869 4156 922 4201 et
959 4150 1203 4199 mortuos
1231 4142 1544 4197 viviﬁcavit.
2302 4148 2308 4185 ι

2302 4138 2343 4194 (ί
2376 4160 2501 4221 τοὺς
2533 4157 2758 4227 νεκροὺς
2788 4153 3169 4223 ὲζωοποίησεν.

780 4240 831 4292 7.
861 4238 921 4292 In
943 4237 1029 4291 die
1047 4236 1238 4307 judicii
1265 4235 1474 4290 occulta
1493 4234 1774 4290 hominum
1801 4231 2071 4302 judicabit
2102 4232 2268 4297 Deus,

2452 4252 2502 4306 7.
2528 4253 2617 4304 Ἐν
2643 4252 2708 4322 τῇ
2745 4248 2928 4320 ἡμέρᾳ
2965 4247 3066 4318 τῆς
3112 4244 3347 4318 κρίσεως
3386 4245 3455 4297 τὰ
3484 4243 3710 4315 κρυπτὰ
3729 4242 3844 4295 τῶν
3881 4243 3957 4294 ar.-

711 4330 1094 4387 accusantibus
1135 4326 1558 4398 cogitationibus
1607 4341 2053 4396 unumquemque
2088 4327 2155 4380 de
2186 4340 2278 4380 ac-

2382 4346 2614 4418 Θρώπων
2645 4345 2822 4417 κρινεῖ
2840 4344 2868 4396 6
2897 4341 3048 4407 Θεὸς,
3073 4336 3524 4410 κατηγορούντων
3555 4335 3667 4390 τῶν
3691 4335 3957 4405 λογισμῶν

714 4423 950 4477 tionibus
983 4422 1099 4477 suis
1124 4422 1167 4475 ’.

2382 4438 2610 4491 ἕκαστον
2641 4436 2717 4508 (5)
2749 4433 3006 4506 περὶτῶν
3038 4431 3212 4504 ἔργων
3245 4429 3427 4486 αὑτοῦ.

783 4513 834 4567 8.
871 4513 1066 4566 Beatus
1101 4511 1286 4577 homo,
1313 4511 1472 4580 cujus
1502 4509 1879 4580 inseparabilis
1904 4508 2119 4578 adjutor
2158 4509 2278 4578 ejus

2455 4530 2509 4584 8.
2540 4528 2822 4599 Μακάριος
2854 4528 2881 4580 6
2917 4525 3220 4598 ἄνθρωπος,
3279 4514 3340 4576 οὗ
3381 4525 3410 4576 6
3453 4522 3588 4584 Θεὸς
3620 4539 3718 4574 του
3763 4521 3954 4574 ἁπελά-

714 4616 800 4661 cst
821 4606 986 4660 Deus.
2395 4639 2518 4675 στου
2555 4618 2904 4692 [ἀπέλαστος]
2939 4617 3130 4688 βοηθὸς
3165 4615 3239 4687 (4)
3268 4613 3433 4669 αὑτοῦ
3458 4615 3628 4668 ἐστιν.

783 4697 836 4754 9.
873 4696 938 4751 Et
965 4709 1184 4750 omnem
1232 4710 1387 4750 suam
1420 4711 1607 4750 curam
1640 4694 1892 4766 projiciet
1923 4696 1977 4750 in
2007 4696 2210 4766 ipsum.

2461 4715 2516 4770 9.
2556 4714 2666 4767 Καὶ
2710 4713 2889 4766 πᾶσαν
2917 4709 3012 4781 τὴν
3049 4708 3320 4780 μέριμναν
3358 4704 3519 4760 αὑτοῦ
3565 4705 3856 4775 ὲπιρῤίψει
3889 4704 3958 4757 ἐπ’

2392 4806 2572 4860 αὐτόν.

789 4891 876 4947 10.
908 4891 1070 4959 Mare,
1095 4901 1147 4948 et
1174 4892 1356 4947 omnia
1389 4908 1508 4962 quae
1538 4893 1591 4947 in
1621 4894 1700 4948 eis
1739 4903 1902 4960 sunt,
1943 4893 2172 4948 Crestor
2205 4894 2283 4948 vi—

2467 4896 2550 4951 10.
2591 4897 2701 4966 Τὴν
2736 4894 3026 4955 Θάλασσαν,
3044 4893 3137 4945 καὶ
3162 4890 3340 4944 πάντα
3363 4889 3430 4942 τὰ
3463 4889 3521 4940 ὲν
3555 4887 3877 4950 αὑτοῖς,τὸν
3897 4885 3958 4955 (5)

720 4987 980 5054 sibilium,
1011 4998 1065 5043 et
1104 4988 1458 5044 invisibilium
1485 4991 1753 5043 omnium.

2387 4990 2726 5062 Δημιουργὸν
2749 4988 2857 5042 τῶν
2884 4986 3130 5058 ἀοράτων
3159 4985 3253 5037 καὶ
3281 4981 3489 5054 ὁρατῶν
3515 4981 3758 5035 πάντων.

788 5123 810 5155 ⁸
843 5123 995 5179 Rom.
1022 5138 1083 5186 ιι,
1112 5119 1198 5186 15,
1231 5121 1316 5177 16.

1558 5236 1862 5298 Addenda
1901 5242 1961 5298 et
1998 5237 2374 5316 corrigenda
2405 5255 2481 5297 ex
2509 5235 2651 5298 cod.
2684 5235 2888 5297 Vatic.

792 5339 867 5410 (1)
894 5339 958 5426 ’ξι
987 5338 1082 5426 διὰ.
1103 5339 1200 5410 τῆς
1243 5340 1610 5426 κινναϐάρεως
1651 5340 1912 5426 amplexu,
1959 5347 2060 5426 etc.
2081 5340 2285 5426 ’ἶῖμνῄ-
2393 5339 2740 5426 Σωτῆραιτοῦ
2757 5339 2969 5426 Λγένους
2983 5337 3114 5422 ’τῶν
3161 5333 3483 5426 ἀνθρώπων.
3516 5328 3588 5385 Ν.
3617 5333 3674 5386 6.
3693 5332 3957 5391 Ἔχετον.

727 5409 855 5464 σατε
887 5410 976 5461 τὸν
1005 5409 1222 5479 Κύριον.
1243 5409 1486 5480 Ἀγγέου,
1519 5416 1620 5464 etc.
1658 5409 1915 5463 Λινέσατε
1961 5409 2072 5473 οὖν,
2117 5409 2289 5478 ὑμνὴ-
2393 5420 2520 5471 etc.,
2552 5411 2646 5462 καὶ
2677 5409 2953 5479 ἄφθαρτος
2981 5409 3213 5477 ἔμεινεν,
3247 5415 3348 5460 etc.

728 5497 864 5552 πατεῖ
876 5480 987 5552 τὴν,
1003 5481 1212 5552 ἑορτήν,
1249 5490 1375 5552 etc.,
1410 5481 1501 5552 τοῦ
1540 5480 1778 5552 νικητοῦ,
1806 5481 2087 5552 τουτέστιν.
2113 5479 2284 5552 Ἰηοοῦ
2466 5481 2539 5552 (5)
2568 5481 2850 5552 Έκᾲοτου,
2876 5491 2982 5552 etc.

726 5550 815 5621 τοῦ
849 5547 1253 5621 Κυρξοοὴμῶν,
1285 5551 1359 5613 ὡς
1388 5551 1480 5603 καὶ
1506 5552 1553 5612 6,
1577 5547 1707 5616 εἰεί,
1734 5552 1974 5621 ἄρχεται.
2005 5550 2104 5602 Διὰ
2128 5547 2286 5602 τοῦτο
2465 5547 2540 5621 (4)
2565 5551 2861 5603 Ἀπλάστου
2891 5549 3016 5602 λαοῦ
3048 5547 3256 5621 βοηθός,
3290 5557 3394 5621 etc.

727 5553 815 5602 τοῦ
849 5553 1051 5620 Κυρίου
1080 5553 1253 5620 ἡμῶν,
1285 5553 1359 5613 ὡς
1388 5553 1480 5603 καὶ
1506 5553 1553 5612 6,
1577 5561 1707 5616 etc.,
1734 5553 1974 5621 ἄρχεται.
2005 5553 2104 5602 Διὰ
2128 5553 2286 5602 τοῦτο

727 5618 1096 5692 λέγει’-ᾼῐνει,
1132 5631 1236 5692 etc.
1610 5691 1615 5692 7
1675 5691 1679 5692 7
1897 5690 1909 5692 _
1966 5691 1973 5692 7
1997 5689 2010 5692 Α
2221 5688 2242 5692 _

2465 5553 2518 5620 (4
2565 5553 2861 5603 Ἀπλάστου
2891 5553 3016 5602 λαοῦ
3048 5553 3256 5619 βοηθός,
3290 5557 3394 5601 etc.

2465 5553 2542 5692 (5)
2581 5621 2647 5676 N.
2686 5622 2770 5676 10.
2815 5621 3006 5690 Incipit
3044 5620 3225 5673 abhis
3256 5618 3454 5683 verbis,
3487 5617 3584 5670 τὸν
3626 5615 3948 5690 δημιουρτέν,

795 5691 868 5761 (2)
906 5690 974 5743 N.
1007 5689 1056 5741 4.
1089 5691 1178 5760 Μὴ
1210 5693 1554 5762 καταφύγητε
1602 5691 1693 5742 ἐπὶ
1739 5694 1836 5762 τὴν
1890 5689 2138 5760 βοήθειαν
2179 5688 2285 5762 τῶν
2391 5688 2494 5748 εις.

729 5763 784 5815 ιν
829 5763 1064 5839 ὑπεροχῇ
1115 5762 1283 5816 ὄντων
1354 5763 1417 5814 Ν.
1455 5763 1503 5816 5.
1540 5762 1688 5833 Μηδὲ
1715 5761 1825 5822 ἐπί,
1855 5770 1981 5830 etc.,
2014 5776 2184 5830 usque
2215 5761 2281 5815 ad
