  <div class='ocr_page' id='page_1' title='image "/cluster/home/n/w/nwhite01/storage/ocr_20150623/27/pst.000005712182/668.png"; bbox 0 0 4094 6322; ppageno 0'>
   <div class='ocr_carea' id='block_1_1' title="bbox 153 353 290 408">
    <p class='ocr_par' dir='ltr' id='par_1_1' title="bbox 153 353 290 408">
     <span class='ocr_line' id='line_1_1' title="bbox 153 353 290 408; baseline 0 -2"><span class='ocrx_word' id='word_1_1' title='bbox 153 353 290 408; x_wconf 76' lang='grc'><strong>1521</strong></span> 
     </span>
    </p>
   </div>
   <div class='ocr_carea' id='block_1_2' title="bbox 223 468 1549 540">
    <p class='ocr_par' dir='ltr' id='par_1_2' title="bbox 223 468 1549 540">
     <span class='ocr_line' id='line_1_2' title="bbox 223 468 1549 540; baseline -0.001 -17"><span class='ocrx_word' id='word_1_2' title='bbox 223 471 314 523; x_wconf 89' lang='grc'><strong>11.</strong></span> <span class='ocrx_word' id='word_1_3' title='bbox 352 469 452 521; x_wconf 73' lang='grc' dir='ltr'><strong>Τὸν</strong></span> <span class='ocrx_word' id='word_1_4' title='bbox 480 468 812 536; x_wconf 85' lang='grc' dir='ltr'>φυλάσσοντα</span> <span class='ocrx_word' id='word_1_5' title='bbox 839 468 1092 540; x_wconf 79' lang='grc' dir='ltr'>ἀλήθειαν</span> <span class='ocrx_word' id='word_1_6' title='bbox 1125 472 1203 534; x_wconf 88' lang='grc' dir='ltr'>εἰς</span> <span class='ocrx_word' id='word_1_7' title='bbox 1226 470 1316 524; x_wconf 80' lang='grc' dir='ltr'><strong>τὸν</strong></span> <span class='ocrx_word' id='word_1_8' title='bbox 1343 469 1514 524; x_wconf 91' lang='grc' dir='ltr'>αἰῶνα</span> <span class='ocrx_word' id='word_1_9' title='bbox 1534 487 1549 502; x_wconf 77' lang='grc' dir='ltr'><strong><em>ο</em></strong></span> 
     </span>
    </p>
   </div>
   <div class='ocr_carea' id='block_1_3' title="bbox 223 559 1387 630">
    <p class='ocr_par' dir='ltr' id='par_1_3' title="bbox 223 559 1387 630">
     <span class='ocr_line' id='line_1_3' title="bbox 223 559 1387 630; baseline -0.001 -18"><span class='ocrx_word' id='word_1_10' title='bbox 223 560 314 612; x_wconf 87' lang='lat'><strong>12.</strong></span> <span class='ocrx_word' id='word_1_11' title='bbox 355 559 610 611; x_wconf 81' lang='grc' dir='ltr'>Ποιοῦντα</span> <span class='ocrx_word' id='word_1_12' title='bbox 643 562 816 630; x_wconf 88' lang='grc' dir='ltr'>κρῖμα</span> <span class='ocrx_word' id='word_1_13' title='bbox 843 560 954 622; x_wconf 85' lang='grc' dir='ltr'>τοῖς</span> <span class='ocrx_word' id='word_1_14' title='bbox 979 560 1354 630; x_wconf 78' lang='grc' dir='ltr'><strong>ἀδικουμένοις</strong></span> <span class='ocrx_word' id='word_1_15' title='bbox 1375 578 1387 590; x_wconf 90' lang='grc'><strong>·</strong></span> 
     </span>
    </p>
   </div>
   <div class='ocr_carea' id='block_1_4' title="bbox 222 651 1195 721">
    <p class='ocr_par' dir='ltr' id='par_1_4' title="bbox 222 651 1195 721">
     <span class='ocr_line' id='line_1_4' title="bbox 222 651 1195 721; baseline 0.003 -18"><span class='ocrx_word' id='word_1_16' title='bbox 222 652 312 705; x_wconf 76' lang='lat'><strong>13.</strong></span> <span class='ocrx_word' id='word_1_17' title='bbox 351 652 568 705; x_wconf 88' lang='grc' dir='ltr'>Διδόντα</span> <span class='ocrx_word' id='word_1_18' title='bbox 588 651 790 721; x_wconf 78' lang='grc' dir='ltr'>τροφὴν</span> <span class='ocrx_word' id='word_1_19' title='bbox 812 655 922 712; x_wconf 84' lang='grc' dir='ltr'>τοῖς</span> <span class='ocrx_word' id='word_1_20' title='bbox 949 653 1195 706; x_wconf 79' lang='grc' dir='ltr'><strong>πεινῶσι.</strong></span> 
     </span>
    </p>
   </div>
   <div class='ocr_carea' id='block_1_5' title="bbox 221 742 1163 813">
    <p class='ocr_par' dir='ltr' id='par_1_5' title="bbox 221 742 1163 813">
     <span class='ocr_line' id='line_1_5' title="bbox 221 742 1163 813; baseline 0.002 -18"><span class='ocrx_word' id='word_1_21' title='bbox 221 743 312 797; x_wconf 74' lang='lat'><strong>1:1.</strong></span> <span class='ocrx_word' id='word_1_22' title='bbox 351 743 549 812; x_wconf 82' lang='grc' dir='ltr'>Κύριος</span> <span class='ocrx_word' id='word_1_23' title='bbox 581 743 694 795; x_wconf 89' lang='grc' dir='ltr'>λύει</span> <span class='ocrx_word' id='word_1_24' title='bbox 723 742 1130 813; x_wconf 72' lang='grc' dir='ltr'>πεπεδημένους</span> <span class='ocrx_word' id='word_1_25' title='bbox 1149 760 1163 772; x_wconf 79' lang='grc'>⁶</span> 
     </span>
    </p>
   </div>
   <div class='ocr_carea' id='block_1_6' title="bbox 220 834 1030 906">
    <p class='ocr_par' dir='ltr' id='par_1_6' title="bbox 220 834 1030 906">
     <span class='ocr_line' id='line_1_6' title="bbox 220 834 1030 906; baseline 0.002 -19"><span class='ocrx_word' id='word_1_26' title='bbox 220 835 310 887; x_wconf 84' lang='grc'><strong>15.</strong></span> <span class='ocrx_word' id='word_1_27' title='bbox 352 834 551 906; x_wconf 82' lang='grc' dir='ltr'>Κύριος</span> <span class='ocrx_word' id='word_1_28' title='bbox 585 838 736 903; x_wconf 85' lang='grc' dir='ltr'><strong>σοφοί</strong></span> <span class='ocrx_word' id='word_1_29' title='bbox 763 834 991 903; x_wconf 78' lang='grc' dir='ltr'>τυφλούς</span> <span class='ocrx_word' id='word_1_30' title='bbox 1017 853 1030 864; x_wconf 93' lang='grc'>·</span> 
     </span>
    </p>
   </div>
   <div class='ocr_carea' id='block_1_7' title="bbox 220 924 1324 997">
    <p class='ocr_par' dir='ltr' id='par_1_7' title="bbox 220 924 1324 997">
     <span class='ocr_line' id='line_1_7' title="bbox 220 924 1324 997; baseline 0.001 -20"><span class='ocrx_word' id='word_1_31' title='bbox 220 925 310 978; x_wconf 83' lang='grc'><strong>16.</strong></span> <span class='ocrx_word' id='word_1_32' title='bbox 349 925 549 996; x_wconf 84' lang='grc' dir='ltr'>Κύριος</span> <span class='ocrx_word' id='word_1_33' title='bbox 583 924 795 996; x_wconf 89' lang='grc' dir='ltr'>ἀνορθοῖ</span> <span class='ocrx_word' id='word_1_34' title='bbox 822 927 1324 997; x_wconf 80' lang='grc' dir='ltr'>κατερῤαγμένους·</span> 
     </span>
    </p>
   </div>
   <div class='ocr_carea' id='block_1_8' title="bbox 219 1017 1072 1088">
    <p class='ocr_par' dir='ltr' id='par_1_8' title="bbox 219 1017 1072 1088">
     <span class='ocr_line' id='line_1_8' title="bbox 219 1017 1072 1088; baseline 0 -19"><span class='ocrx_word' id='word_1_35' title='bbox 219 1017 309 1070; x_wconf 88' lang='grc'><strong>17.</strong></span> <span class='ocrx_word' id='word_1_36' title='bbox 350 1018 549 1087; x_wconf 83' lang='grc' dir='ltr'>Κύριος</span> <span class='ocrx_word' id='word_1_37' title='bbox 581 1017 768 1088; x_wconf 78' lang='grc' dir='ltr'>ἀγαπᾷ</span> <span class='ocrx_word' id='word_1_38' title='bbox 795 1017 1038 1080; x_wconf 80' lang='grc' dir='ltr'><strong>δικαίους</strong></span> <span class='ocrx_word' id='word_1_39' title='bbox 1058 1034 1072 1049; x_wconf 80' lang='grc' dir='ltr'><strong><em>ο</em></strong></span> 
     </span>
    </p>
   </div>
   <div class='ocr_carea' id='block_1_9' title="bbox 220 1107 1401 1179">
    <p class='ocr_par' dir='ltr' id='par_1_9' title="bbox 220 1107 1401 1179">
     <span class='ocr_line' id='line_1_9' title="bbox 220 1107 1401 1179; baseline 0 -19"><span class='ocrx_word' id='word_1_40' title='bbox 220 1108 311 1163; x_wconf 89' lang='grc'><strong>18.</strong></span> <span class='ocrx_word' id='word_1_41' title='bbox 350 1108 550 1179; x_wconf 84' lang='grc' dir='ltr'>Κύριος</span> <span class='ocrx_word' id='word_1_42' title='bbox 580 1108 840 1178; x_wconf 77' lang='grc' dir='ltr'>φυλάσσει</span> <span class='ocrx_word' id='word_1_43' title='bbox 862 1109 986 1172; x_wconf 78' lang='grc' dir='ltr'>τοὺς</span> <span class='ocrx_word' id='word_1_44' title='bbox 1020 1107 1401 1179; x_wconf 80' lang='grc' dir='ltr'>προσηλύτους.</span> 
     </span>
    </p>
   </div>
   <div class='ocr_carea' id='block_1_10' title="bbox 218 1183 1510 1271">
    <p class='ocr_par' dir='ltr' id='par_1_10' title="bbox 218 1183 1510 1271">
     <span class='ocr_line' id='line_1_10' title="bbox 218 1183 1510 1271; baseline -0.001 -18"><span class='ocrx_word' id='word_1_45' title='bbox 218 1199 309 1254; x_wconf 85' lang='grc'><strong>19.</strong></span> <span class='ocrx_word' id='word_1_46' title='bbox 331 1201 591 1270; x_wconf 75' lang='grc' dir='ltr'>Ὀρφανδν</span> <span class='ocrx_word' id='word_1_47' title='bbox 625 1201 716 1253; x_wconf 73' lang='grc' dir='ltr'><strong>καὶ</strong></span> <span class='ocrx_word' id='word_1_48' title='bbox 752 1201 926 1271; x_wconf 79' lang='grc' dir='ltr'>χήραν</span> <span class='ocrx_word' id='word_1_49' title='bbox 958 1199 1308 1270; x_wconf 79' lang='grc' dir='ltr'>ἀναλήψεται,</span> <span class='ocrx_word' id='word_1_50' title='bbox 1505 1183 1510 1188; x_wconf 45' lang='grc'><em>’</em></span> 
     </span>
    </p>
   </div>
   <div class='ocr_carea' id='block_1_11' title="bbox 217 1290 1232 1362">
    <p class='ocr_par' dir='ltr' id='par_1_11' title="bbox 217 1290 1232 1362">
     <span class='ocr_line' id='line_1_11' title="bbox 217 1290 1232 1362; baseline 0 -18"><span class='ocrx_word' id='word_1_51' title='bbox 217 1290 311 1344; x_wconf 87' lang='lat'><strong>20.</strong></span> <span class='ocrx_word' id='word_1_52' title='bbox 351 1291 459 1342; x_wconf 80' lang='grc' dir='ltr'><strong>Καὶ</strong></span> <span class='ocrx_word' id='word_1_53' title='bbox 488 1291 603 1344; x_wconf 82' lang='grc' dir='ltr'>ὁδὸν</span> <span class='ocrx_word' id='word_1_54' title='bbox 632 1290 967 1362; x_wconf 85' lang='grc' dir='ltr'>ἁμαρτωλῶν</span> <span class='ocrx_word' id='word_1_55' title='bbox 995 1291 1232 1358; x_wconf 80' lang='grc' dir='ltr'>ἀφανιεῖ.</span> 
     </span>
    </p>
   </div>
   <div class='ocr_carea' id='block_1_12' title="bbox 216 1379 1717 1452">
    <p class='ocr_par' dir='ltr' id='par_1_12' title="bbox 216 1379 1717 1452">
     <span class='ocr_line' id='line_1_12' title="bbox 216 1379 1717 1452; baseline -0.001 -19"><span class='ocrx_word' id='word_1_56' title='bbox 216 1381 310 1433; x_wconf 89' lang='lat'><strong>21.</strong></span> <span class='ocrx_word' id='word_1_57' title='bbox 351 1381 657 1435; x_wconf 79' lang='grc' dir='ltr'>Βασιλεύσει</span> <span class='ocrx_word' id='word_1_58' title='bbox 704 1381 904 1452; x_wconf 81' lang='grc' dir='ltr'>Κύριος</span> <span class='ocrx_word' id='word_1_59' title='bbox 946 1383 1024 1444; x_wconf 87' lang='grc' dir='ltr'><strong>εἰς</strong></span> <span class='ocrx_word' id='word_1_60' title='bbox 1077 1381 1168 1434; x_wconf 82' lang='grc' dir='ltr'><strong>τὸν</strong></span> <span class='ocrx_word' id='word_1_61' title='bbox 1212 1380 1452 1443; x_wconf 83' lang='grc' dir='ltr'>αἰῶνα,ὁ</span> <span class='ocrx_word' id='word_1_62' title='bbox 1483 1379 1556 1450; x_wconf 93' lang='lat' dir='ltr'><strong>(a)</strong></span> <span class='ocrx_word' id='word_1_63' title='bbox 1588 1380 1717 1443; x_wconf 80' lang='grc' dir='ltr'><strong>Θεός</strong></span> 
     </span>
    </p>
   </div>
   <div class='ocr_carea' id='block_1_13' title="bbox 142 1473 435 1537">
    <p class='ocr_par' dir='ltr' id='par_1_13' title="bbox 142 1473 435 1537">
     <span class='ocr_line' id='line_1_13' title="bbox 142 1473 435 1537; baseline 0.003 -12"><span class='ocrx_word' id='word_1_64' title='bbox 142 1490 245 1525; x_wconf 85' lang='grc' dir='ltr'><strong>σου</strong></span> <span class='ocrx_word' id='word_1_65' title='bbox 278 1473 435 1537; x_wconf 84' lang='grc' dir='ltr'>Σιὼν,</span> 
     </span>
    </p>
   </div>
   <div class='ocr_carea' id='block_1_14' title="bbox 214 1564 1031 1634">
    <p class='ocr_par' dir='ltr' id='par_1_14' title="bbox 214 1564 1031 1634">
     <span class='ocr_line' id='line_1_14' title="bbox 214 1564 1031 1634; baseline 0.002 -17"><span class='ocrx_word' id='word_1_66' title='bbox 214 1565 308 1618; x_wconf 88' lang='lat'><strong>22.</strong></span> <span class='ocrx_word' id='word_1_67' title='bbox 347 1567 438 1629; x_wconf 87' lang='grc' dir='ltr'>Εἰς</span> <span class='ocrx_word' id='word_1_68' title='bbox 470 1564 657 1634; x_wconf 78' lang='grc' dir='ltr'>γενεὰν</span> <span class='ocrx_word' id='word_1_69' title='bbox 689 1565 778 1618; x_wconf 72' lang='grc' dir='ltr'>καὶ</span> <span class='ocrx_word' id='word_1_70' title='bbox 818 1564 1031 1633; x_wconf 85' lang='grc' dir='ltr'>γενεάν.</span> 
     </span>
    </p>
   </div>
   <div class='ocr_carea' id='block_1_15' title="bbox 138 1655 1708 1727">
    <p class='ocr_par' dir='ltr' id='par_1_15' title="bbox 138 1655 1708 1727">
     <span class='ocr_line' id='line_1_15' title="bbox 138 1655 1708 1727; baseline -0.003 -18"><span class='ocrx_word' id='word_1_71' title='bbox 138 1656 521 1723; x_wconf 62' lang='grc' dir='ltr'>Ἀλληλούῖω</span> <span class='ocrx_word' id='word_1_72' title='bbox 542 1658 805 1727; x_wconf 68' lang='grc' dir='ltr'>Ἀγγαίου</span> <span class='ocrx_word' id='word_1_73' title='bbox 835 1657 933 1710; x_wconf 80' lang='grc' dir='ltr'>καὶ</span> <span class='ocrx_word' id='word_1_74' title='bbox 965 1656 1281 1725; x_wconf 79' lang='grc' dir='ltr'><strong>Ζαχαρίου.</strong></span> <span class='ocrx_word' id='word_1_75' title='bbox 1320 1657 1488 1708; x_wconf 85' lang='grc' dir='ltr'><strong>ΨΑΛ.</strong></span> <span class='ocrx_word' id='word_1_76' title='bbox 1515 1655 1708 1720; x_wconf 63' lang='lat' dir='ltr'><strong>PMCI&#39;.</strong></span> 
     </span>
    </p>
   </div>
   <div class='ocr_carea' id='block_1_16' title="bbox 218 1744 1496 1818">
    <p class='ocr_par' dir='ltr' id='par_1_16' title="bbox 218 1744 1496 1818">
     <span class='ocr_line' id='line_1_16' title="bbox 218 1744 1496 1818; baseline -0.005 -16"><span class='ocrx_word' id='word_1_77' title='bbox 218 1751 272 1802; x_wconf 88' lang='lat'><strong>1.</strong></span> <span class='ocrx_word' id='word_1_78' title='bbox 314 1751 515 1802; x_wconf 80' lang='grc' dir='ltr'>Αἰνεῖτε</span> <span class='ocrx_word' id='word_1_79' title='bbox 540 1749 627 1800; x_wconf 71' lang='grc' dir='ltr'><strong>τὸν</strong></span> <span class='ocrx_word' id='word_1_80' title='bbox 662 1747 882 1818; x_wconf 80' lang='grc' dir='ltr'><strong>Κύριον,</strong></span> <span class='ocrx_word' id='word_1_81' title='bbox 915 1748 995 1800; x_wconf 83' lang='grc' dir='ltr'>ὅτι</span> <span class='ocrx_word' id='word_1_82' title='bbox 1024 1745 1225 1812; x_wconf 87' lang='grc' dir='ltr'>ἀγαθὸν</span> <span class='ocrx_word' id='word_1_83' title='bbox 1252 1744 1462 1814; x_wconf 72' lang='grc' dir='ltr'>ψαλμός</span> <span class='ocrx_word' id='word_1_84' title='bbox 1485 1762 1496 1774; x_wconf 85' lang='grc'>·</span> 
     </span>
    </p>
   </div>
   <div class='ocr_carea' id='block_1_17' title="bbox 1024 343 2520 404">
    <p class='ocr_par' dir='ltr' id='par_1_17' title="bbox 1024 343 2520 404">
     <span class='ocr_line' id='line_1_17' title="bbox 1024 343 2520 404; baseline 0.001 -2"><span class='ocrx_word' id='word_1_85' title='bbox 1024 347 1112 402; x_wconf 83' lang='lat' dir='ltr'><strong>DE</strong></span> <span class='ocrx_word' id='word_1_86' title='bbox 1150 347 1422 403; x_wconf 82' lang='lat' dir='ltr'><strong>TITULIS</strong></span> <span class='ocrx_word' id='word_1_87' title='bbox 1456 343 1902 403; x_wconf 63' lang='lat' dir='ltr'><strong>PSALHORUM.</strong></span> <span class='ocrx_word' id='word_1_88' title='bbox 1944 379 2012 388; x_wconf 97' lang='lat'><strong>—</strong></span> <span class='ocrx_word' id='word_1_89' title='bbox 2051 348 2248 404; x_wconf 83' lang='lat' dir='ltr'><strong>PSAL.</strong></span> <span class='ocrx_word' id='word_1_90' title='bbox 2292 348 2520 404; x_wconf 78' lang='lat' dir='ltr'><strong>CXLVI.</strong></span> 
     </span>
    </p>
   </div>
   <div class='ocr_carea' id='block_1_18' title="bbox 1741 468 3118 534">
    <p class='ocr_par' dir='ltr' id='par_1_18' title="bbox 1741 468 3118 534">
     <span class='ocr_line' id='line_1_18' title="bbox 1741 468 3118 534; baseline -0.001 -12"><span class='ocrx_word' id='word_1_91' title='bbox 1741 473 1784 528; x_wconf 77' lang='grc' dir='ltr'>Α</span> <span class='ocrx_word' id='word_1_92' title='bbox 1884 469 1973 522; x_wconf 86' lang='grc'><strong>11.</strong></span> <span class='ocrx_word' id='word_1_93' title='bbox 2015 468 2117 534; x_wconf 82' lang='lat' dir='ltr'><strong>Qui</strong></span> <span class='ocrx_word' id='word_1_94' title='bbox 2144 469 2685 524; x_wconf 82' lang='lat' dir='ltr'><strong>custoditveritatem</strong></span> <span class='ocrx_word' id='word_1_95' title='bbox 2720 468 2774 522; x_wconf 91' lang='lat' dir='ltr'><strong>in</strong></span> <span class='ocrx_word' id='word_1_96' title='bbox 2808 469 3066 524; x_wconf 66' lang='lat' dir='ltr'><strong>saeculum</strong></span> <span class='ocrx_word' id='word_1_97' title='bbox 3104 487 3118 521; x_wconf 86' lang='lat'><strong>:</strong></span> 
     </span>
    </p>
   </div>
   <div class='ocr_carea' id='block_1_19' title="bbox 3243 354 3376 407">
    <p class='ocr_par' dir='ltr' id='par_1_19' title="bbox 3243 354 3376 407">
     <span class='ocr_line' id='line_1_19' title="bbox 3243 354 3376 407; baseline 0.023 -3"><span class='ocrx_word' id='word_1_98' title='bbox 3243 357 3261 404; x_wconf 98' lang='grc'><strong>1</strong></span> <span class='ocrx_word' id='word_1_99' title='bbox 3274 354 3376 407; x_wconf 69' lang='grc'><strong>52³2</strong></span> 
     </span>
    </p>
   </div>
   <div class='ocr_carea' id='block_1_20' title="bbox 1890 560 3144 631">
    <p class='ocr_par' dir='ltr' id='par_1_20' title="bbox 1890 560 3144 631">
     <span class='ocr_line' id='line_1_20' title="bbox 1890 560 3144 631; baseline 0 -17"><span class='ocrx_word' id='word_1_100' title='bbox 1890 562 1976 615; x_wconf 78' lang='lat'><strong>12.</strong></span> <span class='ocrx_word' id='word_1_101' title='bbox 2011 560 2159 616; x_wconf 83' lang='lat' dir='ltr'><strong>Facit</strong></span> <span class='ocrx_word' id='word_1_102' title='bbox 2182 561 2449 631; x_wconf 83' lang='lat' dir='ltr'><strong>judicium</strong></span> <span class='ocrx_word' id='word_1_103' title='bbox 2475 561 2730 629; x_wconf 87' lang='lat' dir='ltr'><strong>injuriam</strong></span> <span class='ocrx_word' id='word_1_104' title='bbox 2763 561 3095 629; x_wconf 73' lang='lat' dir='ltr'><strong>patientibus</strong></span> <span class='ocrx_word' id='word_1_105' title='bbox 3130 575 3144 613; x_wconf 91' lang='lat'><strong>:</strong></span> 
     </span>
    </p>
   </div>
   <div class='ocr_carea' id='block_1_21' title="bbox 1892 652 2740 708">
    <p class='ocr_par' dir='ltr' id='par_1_21' title="bbox 1892 652 2740 708">
     <span class='ocr_line' id='line_1_21' title="bbox 1892 652 2740 708; baseline -0.004 -2"><span class='ocrx_word' id='word_1_106' title='bbox 1892 654 1977 706; x_wconf 80' lang='lat'><strong>15.</strong></span> <span class='ocrx_word' id='word_1_107' title='bbox 2011 652 2113 706; x_wconf 86' lang='lat' dir='ltr'><strong>Dat</strong></span> <span class='ocrx_word' id='word_1_108' title='bbox 2146 668 2325 708; x_wconf 86' lang='lat' dir='ltr'><strong>escam</strong></span> <span class='ocrx_word' id='word_1_109' title='bbox 2353 653 2740 706; x_wconf 70' lang='lat' dir='ltr'><strong>esurientibus.</strong></span> 
     </span>
    </p>
   </div>
   <div class='ocr_carea' id='block_1_22' title="bbox 1890 743 2876 812">
    <p class='ocr_par' dir='ltr' id='par_1_22' title="bbox 1890 743 2876 812">
     <span class='ocr_line' id='line_1_22' title="bbox 1890 743 2876 812; baseline 0.002 -14"><span class='ocrx_word' id='word_1_110' title='bbox 1890 744 1976 798; x_wconf 75' lang='grc'><strong>14.</strong></span> <span class='ocrx_word' id='word_1_111' title='bbox 2015 743 2278 798; x_wconf 89' lang='lat' dir='ltr'><strong>Dominus</strong></span> <span class='ocrx_word' id='word_1_112' title='bbox 2307 743 2469 798; x_wconf 85' lang='lat' dir='ltr'><strong>solvit</strong></span> <span class='ocrx_word' id='word_1_113' title='bbox 2502 744 2876 812; x_wconf 88' lang='lat' dir='ltr'><strong>compeditos:</strong></span> 
     </span>
    </p>
   </div>
   <div class='ocr_carea' id='block_1_23' title="bbox 1891 831 2826 886">
    <p class='ocr_par' dir='ltr' id='par_1_23' title="bbox 1891 831 2826 886">
     <span class='ocr_line' id='line_1_23' title="bbox 1891 831 2826 886; baseline 0 0"><span class='ocrx_word' id='word_1_114' title='bbox 1891 833 1976 886; x_wconf 80' lang='lat'><strong>15.</strong></span> <span class='ocrx_word' id='word_1_115' title='bbox 2017 832 2279 886; x_wconf 88' lang='lat' dir='ltr'><strong>Dominus</strong></span> <span class='ocrx_word' id='word_1_116' title='bbox 2305 831 2578 885; x_wconf 76' lang='lat' dir='ltr'><strong>illuminat</strong></span> <span class='ocrx_word' id='word_1_117' title='bbox 2603 846 2779 886; x_wconf 69' lang='lat' dir='ltr'><strong>cazcos</strong></span> <span class='ocrx_word' id='word_1_118' title='bbox 2811 848 2826 886; x_wconf 92' lang='lat'>:</span> 
     </span>
    </p>
   </div>
   <div class='ocr_carea' id='block_1_24' title="bbox 1894 922 2718 992">
    <p class='ocr_par' dir='ltr' id='par_1_24' title="bbox 1894 922 2718 992">
     <span class='ocr_line' id='line_1_24' title="bbox 1894 922 2718 992; baseline -0.001 -16"><span class='ocrx_word' id='word_1_119' title='bbox 1894 923 1976 977; x_wconf 85' lang='lat'><strong>16.</strong></span> <span class='ocrx_word' id='word_1_120' title='bbox 2023 924 2284 978; x_wconf 89' lang='lat' dir='ltr'><strong>Dominus</strong></span> <span class='ocrx_word' id='word_1_121' title='bbox 2321 922 2478 992; x_wconf 79' lang='lat' dir='ltr'><strong>erigit</strong></span> <span class='ocrx_word' id='word_1_122' title='bbox 2504 923 2670 977; x_wconf 87' lang='lat' dir='ltr'><strong>elisos</strong></span> <span class='ocrx_word' id='word_1_123' title='bbox 2706 941 2718 975; x_wconf 91' lang='lat'><strong>:</strong></span> 
     </span>
    </p>
   </div>
   <div class='ocr_carea' id='block_1_25' title="bbox 1893 1013 2728 1082">
    <p class='ocr_par' dir='ltr' id='par_1_25' title="bbox 1893 1013 2728 1082">
     <span class='ocr_line' id='line_1_25' title="bbox 1893 1013 2728 1082; baseline -0.001 -14"><span class='ocrx_word' id='word_1_124' title='bbox 1893 1015 1978 1068; x_wconf 87' lang='lat'><strong>17.</strong></span> <span class='ocrx_word' id='word_1_125' title='bbox 2014 1013 2280 1068; x_wconf 87' lang='lat' dir='ltr'><strong>Dominus</strong></span> <span class='ocrx_word' id='word_1_126' title='bbox 2305 1013 2481 1082; x_wconf 86' lang='lat' dir='ltr'><strong>diligit</strong></span> <span class='ocrx_word' id='word_1_127' title='bbox 2504 1013 2681 1082; x_wconf 90' lang='lat' dir='ltr'><strong>justos</strong></span> <span class='ocrx_word' id='word_1_128' title='bbox 2713 1032 2728 1066; x_wconf 90' lang='lat'><strong>:</strong></span> 
     </span>
    </p>
   </div>
   <div class='ocr_carea' id='block_1_26' title="bbox 1892 1105 2840 1160">
    <p class='ocr_par' dir='ltr' id='par_1_26' title="bbox 1892 1105 2840 1160">
     <span class='ocr_line' id='line_1_26' title="bbox 1892 1105 2840 1160; baseline -0.004 0"><span class='ocrx_word' id='word_1_129' title='bbox 1892 1107 1979 1160; x_wconf 88' lang='lat'><strong>18.</strong></span> <span class='ocrx_word' id='word_1_130' title='bbox 2016 1105 2272 1160; x_wconf 87' lang='lat' dir='ltr'><strong>Dominus</strong></span> <span class='ocrx_word' id='word_1_131' title='bbox 2305 1106 2545 1160; x_wconf 85' lang='lat' dir='ltr'><strong>custodit</strong></span> <span class='ocrx_word' id='word_1_132' title='bbox 2581 1105 2840 1159; x_wconf 84' lang='lat' dir='ltr'><strong>advenas.</strong></span> 
     </span>
    </p>
   </div>
   <div class='ocr_carea' id='block_1_27' title="bbox 1893 1194 2964 1265">
    <p class='ocr_par' dir='ltr' id='par_1_27' title="bbox 1893 1194 2964 1265">
     <span class='ocr_line' id='line_1_27' title="bbox 1893 1194 2964 1265; baseline -0.002 -15"><span class='ocrx_word' id='word_1_133' title='bbox 1893 1197 1980 1250; x_wconf 88' lang='grc'><strong>19.</strong></span> <span class='ocrx_word' id='word_1_134' title='bbox 2009 1195 2301 1265; x_wconf 88' lang='lat' dir='ltr'><strong>Pupillum,</strong></span> <span class='ocrx_word' id='word_1_135' title='bbox 2330 1204 2383 1250; x_wconf 92' lang='lat' dir='ltr'><strong>et</strong></span> <span class='ocrx_word' id='word_1_136' title='bbox 2414 1195 2631 1250; x_wconf 84' lang='lat' dir='ltr'><strong>viduam</strong></span> <span class='ocrx_word' id='word_1_137' title='bbox 2665 1194 2964 1262; x_wconf 90' lang='lat' dir='ltr'><strong>suscipiet,</strong></span> 
     </span>
    </p>
   </div>
   <div class='ocr_carea' id='block_1_28' title="bbox 1892 1286 2942 1357">
    <p class='ocr_par' dir='ltr' id='par_1_28' title="bbox 1892 1286 2942 1357">
     <span class='ocr_line' id='line_1_28' title="bbox 1892 1286 2942 1357; baseline -0.003 -16"><span class='ocrx_word' id='word_1_138' title='bbox 1892 1286 1984 1341; x_wconf 81' lang='lat'><strong>20.</strong></span> <span class='ocrx_word' id='word_1_139' title='bbox 2021 1288 2086 1341; x_wconf 88' lang='lat' dir='ltr'><strong>Et</strong></span> <span class='ocrx_word' id='word_1_140' title='bbox 2119 1287 2236 1342; x_wconf 80' lang='lat' dir='ltr'><strong>vias</strong></span> <span class='ocrx_word' id='word_1_141' title='bbox 2266 1295 2613 1357; x_wconf 86' lang='lat' dir='ltr'><strong>peccatorum</strong></span> <span class='ocrx_word' id='word_1_142' title='bbox 2642 1286 2942 1355; x_wconf 87' lang='lat' dir='ltr'><strong>disperdet.</strong></span> 
     </span>
    </p>
   </div>
   <div class='ocr_carea' id='block_1_29' title="bbox 1891 1370 3379 1448">
    <p class='ocr_par' dir='ltr' id='par_1_29' title="bbox 1891 1370 3379 1448">
     <span class='ocr_line' id='line_1_29' title="bbox 1891 1370 3379 1448; baseline -0.003 -15"><span class='ocrx_word' id='word_1_143' title='bbox 1891 1379 1982 1434; x_wconf 87' lang='lat'><strong>21.</strong></span> <span class='ocrx_word' id='word_1_144' title='bbox 2018 1379 2567 1448; x_wconf 75' lang='lat' dir='ltr'><strong>RegnabitDominus</strong></span> <span class='ocrx_word' id='word_1_145' title='bbox 2595 1376 2647 1431; x_wconf 91' lang='lat' dir='ltr'><strong>in</strong></span> <span class='ocrx_word' id='word_1_146' title='bbox 2687 1377 2880 1433; x_wconf 76' lang='lat' dir='ltr'><strong>saecula</strong></span> <span class='ocrx_word' id='word_1_147' title='bbox 2914 1374 3056 1430; x_wconf 83' lang='lat' dir='ltr'><strong>Deus</strong></span> <span class='ocrx_word' id='word_1_148' title='bbox 3078 1377 3205 1429; x_wconf 69' lang='lat' dir='ltr'><strong>tuus&quot;</strong></span> <span class='ocrx_word' id='word_1_149' title='bbox 3226 1370 3379 1438; x_wconf 90' lang='lat' dir='ltr'><strong>Sion,</strong></span> 
     </span>
    </p>
   </div>
   <div class='ocr_carea' id='block_1_30' title="bbox 1887 1555 3049 1625">
    <p class='ocr_par' dir='ltr' id='par_1_30' title="bbox 1887 1555 3049 1625">
     <span class='ocr_line' id='line_1_30' title="bbox 1887 1555 3049 1625; baseline -0.003 -15"><span class='ocrx_word' id='word_1_150' title='bbox 1887 1556 1978 1610; x_wconf 83' lang='lat'><strong>22.</strong></span> <span class='ocrx_word' id='word_1_151' title='bbox 2015 1556 2070 1609; x_wconf 85' lang='lat' dir='ltr'><strong>In</strong></span> <span class='ocrx_word' id='word_1_152' title='bbox 2101 1556 2502 1624; x_wconf 76' lang='lat' dir='ltr'><strong>generationem</strong></span> <span class='ocrx_word' id='word_1_153' title='bbox 2535 1564 2590 1609; x_wconf 90' lang='lat' dir='ltr'><strong>et</strong></span> <span class='ocrx_word' id='word_1_154' title='bbox 2629 1555 3049 1625; x_wconf 75' lang='lat' dir='ltr'><strong>generationem.</strong></span> 
     </span>
    </p>
   </div>
   <div class='ocr_carea' id='block_1_31' title="bbox 1901 1641 3310 1716">
    <p class='ocr_par' dir='ltr' id='par_1_31' title="bbox 1901 1641 3310 1716">
     <span class='ocr_line' id='line_1_31' title="bbox 1901 1641 3310 1716; baseline -0.005 -14"><span class='ocrx_word' id='word_1_155' title='bbox 1901 1648 2148 1702; x_wconf 76' lang='lat' dir='ltr'><strong>Alleluia.</strong></span> <span class='ocrx_word' id='word_1_156' title='bbox 2186 1648 2367 1716; x_wconf 78' lang='lat' dir='ltr'><strong><em>Aggwi</em></strong></span> <span class='ocrx_word' id='word_1_157' title='bbox 2396 1657 2444 1700; x_wconf 88' lang='lat' dir='ltr'><strong>et</strong></span> <span class='ocrx_word' id='word_1_158' title='bbox 2477 1646 2776 1702; x_wconf 72' lang='lat' dir='ltr'><strong>Zachariw.</strong></span> <span class='ocrx_word' id='word_1_159' title='bbox 2821 1645 3018 1701; x_wconf 72' lang='lat' dir='ltr'><strong>PSAL.</strong></span> <span class='ocrx_word' id='word_1_160' title='bbox 3060 1641 3310 1699; x_wconf 78' lang='lat' dir='ltr'><strong>CXLVI.</strong></span> 
     </span>
    </p>
   </div>
   <div class='ocr_carea' id='block_1_32' title="bbox 1889 1735 3386 1810">
    <p class='ocr_par' dir='ltr' id='par_1_32' title="bbox 1889 1735 3386 1810">
     <span class='ocr_line' id='line_1_32' title="bbox 1889 1735 3386 1810; baseline -0.004 -17"><span class='ocrx_word' id='word_1_161' title='bbox 1889 1741 1939 1794; x_wconf 96' lang='lat'><strong>1.</strong></span> <span class='ocrx_word' id='word_1_162' title='bbox 1977 1738 2217 1792; x_wconf 87' lang='lat' dir='ltr'><strong>Laudate</strong></span> <span class='ocrx_word' id='word_1_163' title='bbox 2253 1737 2540 1793; x_wconf 89' lang='lat' dir='ltr'><strong>Dominum</strong></span> <span class='ocrx_word' id='word_1_164' title='bbox 2563 1780 2577 1806; x_wconf 89' lang='lat'><strong>,</strong></span> <span class='ocrx_word' id='word_1_165' title='bbox 2622 1739 2882 1810; x_wconf 88' lang='lat' dir='ltr'><strong>quoniam</strong></span> <span class='ocrx_word' id='word_1_166' title='bbox 2907 1738 3106 1793; x_wconf 83' lang='lat' dir='ltr'><strong>bonum</strong></span> <span class='ocrx_word' id='word_1_167' title='bbox 3136 1744 3220 1792; x_wconf 90' lang='lat' dir='ltr'><strong>est</strong></span> <span class='ocrx_word' id='word_1_168' title='bbox 3246 1735 3386 1804; x_wconf 72' lang='lat' dir='ltr'><strong>psal~</strong></span> 
     </span>
    </p>
   </div>
   <div class='ocr_carea' id='block_1_33' title="bbox 1818 1845 1996 1885">
    <p class='ocr_par' dir='ltr' id='par_1_33' title="bbox 1818 1845 1996 1885">
     <span class='ocr_line' id='line_1_33' title="bbox 1818 1845 1996 1885; baseline -0.006 -2"><span class='ocrx_word' id='word_1_169' title='bbox 1818 1845 1941 1885; x_wconf 89' lang='lat' dir='ltr'><strong>mus</strong></span> <span class='ocrx_word' id='word_1_170' title='bbox 1983 1847 1996 1882; x_wconf 72' lang='grc' dir='ltr'>ζ</span> 
     </span>
    </p>
   </div>
   <div class='ocr_carea' id='block_1_34' title="bbox 216 1947 1842 2022">
    <p class='ocr_par' dir='ltr' id='par_1_34' title="bbox 216 1947 1842 2022">
     <span class='ocr_line' id='line_1_34' title="bbox 216 1947 1842 2022; baseline -0.001 -18"><span class='ocrx_word' id='word_1_171' title='bbox 216 1954 296 2022; x_wconf 76' lang='lat' dir='ltr'><strong>(a)</strong></span> <span class='ocrx_word' id='word_1_172' title='bbox 337 1950 486 2006; x_wconf 83' lang='lat' dir='ltr'><strong>Vers.</strong></span> <span class='ocrx_word' id='word_1_173' title='bbox 518 1951 677 2005; x_wconf 51' lang='lat'><strong>9.2/0</strong></span> <span class='ocrx_word' id='word_1_174' title='bbox 713 1951 841 2014; x_wconf 71' lang='grc' dir='ltr'>Θεὸς</span> <span class='ocrx_word' id='word_1_175' title='bbox 879 1968 994 2014; x_wconf 82' lang='grc' dir='ltr'>σου,</span> <span class='ocrx_word' id='word_1_176' title='bbox 1025 1958 1155 2015; x_wconf 87' lang='lat' dir='ltr'><strong>etc.,</strong></span> <span class='ocrx_word' id='word_1_177' title='bbox 1199 1964 1372 2019; x_wconf 90' lang='lat' dir='ltr'><strong>usque</strong></span> <span class='ocrx_word' id='word_1_178' title='bbox 1401 1949 1468 2002; x_wconf 86' lang='lat' dir='ltr'><strong>ad</strong></span> <span class='ocrx_word' id='word_1_179' title='bbox 1503 1950 1596 2001; x_wconf 76' lang='grc' dir='ltr'><strong>καὶ</strong></span> <span class='ocrx_word' id='word_1_180' title='bbox 1628 1947 1842 2018; x_wconf 80' lang='grc' dir='ltr'>γενεάν.</span> 
     </span>
    </p>
   </div>
   <div class='ocr_carea' id='block_1_35' title="bbox 1257 2077 2264 2139">
    <p class='ocr_par' dir='ltr' id='par_1_35' title="bbox 1257 2077 2264 2139">
     <span class='ocr_line' id='line_1_35' title="bbox 1257 2077 2264 2139; baseline -0.003 -1"><span class='ocrx_word' id='word_1_181' title='bbox 1257 2083 1637 2138; x_wconf 77' lang='lat' dir='ltr'><strong>ATIIANASII</strong></span> <span class='ocrx_word' id='word_1_182' title='bbox 1680 2077 2264 2139; x_wconf 78' lang='lat' dir='ltr'><strong>INTERPRETATIO.</strong></span> 
     </span>
    </p>
   </div>
   <div class='ocr_carea' id='block_1_36' title="bbox 217 2197 1725 2273">
    <p class='ocr_par' dir='ltr' id='par_1_36' title="bbox 217 2199 1721 2273">
     <span class='ocr_line' id='line_1_36' title="bbox 217 2199 1721 2273; baseline -0.001 -17"><span class='ocrx_word' id='word_1_183' title='bbox 217 2203 308 2258; x_wconf 90' lang='lat'><strong>11.</strong></span> <span class='ocrx_word' id='word_1_184' title='bbox 349 2201 451 2255; x_wconf 83' lang='grc' dir='ltr'>Τὸν</span> <span class='ocrx_word' id='word_1_185' title='bbox 477 2201 678 2271; x_wconf 76' lang='grc' dir='ltr'>ἀψευδῆ</span> <span class='ocrx_word' id='word_1_186' title='bbox 692 2200 820 2254; x_wconf 75' lang='grc' dir='ltr'>Θεὸν</span> <span class='ocrx_word' id='word_1_187' title='bbox 840 2199 928 2252; x_wconf 76' lang='grc' dir='ltr'><strong>τὸν</strong></span> <span class='ocrx_word' id='word_1_188' title='bbox 949 2199 1285 2272; x_wconf 79' lang='grc' dir='ltr'>φρουροῦντα</span> <span class='ocrx_word' id='word_1_189' title='bbox 1302 2203 1478 2254; x_wconf 77' lang='grc' dir='ltr'>πᾶσαν</span> <span class='ocrx_word' id='word_1_190' title='bbox 1498 2202 1721 2273; x_wconf 80' lang='grc' dir='ltr'>καρδίαν</span> 
     </span>
    </p>
   </div>
   <div class='ocr_carea' id='block_1_37' title="bbox 1818 2197 3385 2273">
    <p class='ocr_par' dir='ltr' id='par_1_37' title="bbox 1894 2197 3385 2267">
     <span class='ocr_line' id='line_1_37' title="bbox 1894 2197 3385 2267; baseline -0.002 -12"><span class='ocrx_word' id='word_1_191' title='bbox 1894 2201 1978 2255; x_wconf 88' lang='lat' dir='ltr'><strong>1t.</strong></span> <span class='ocrx_word' id='word_1_192' title='bbox 2016 2200 2121 2267; x_wconf 87' lang='lat' dir='ltr'><strong>Qui</strong></span> <span class='ocrx_word' id='word_1_193' title='bbox 2152 2214 2315 2255; x_wconf 83' lang='lat' dir='ltr'><strong>verax</strong></span> <span class='ocrx_word' id='word_1_194' title='bbox 2351 2197 2493 2254; x_wconf 90' lang='lat' dir='ltr'><strong>Deus</strong></span> <span class='ocrx_word' id='word_1_195' title='bbox 2530 2203 2614 2252; x_wconf 89' lang='lat' dir='ltr'><strong>est</strong></span> <span class='ocrx_word' id='word_1_196' title='bbox 2659 2197 2972 2252; x_wconf 88' lang='lat' dir='ltr'><strong>custodiens</strong></span> <span class='ocrx_word' id='word_1_197' title='bbox 2999 2198 3166 2252; x_wconf 89' lang='lat' dir='ltr'><strong>corda</strong></span> <span class='ocrx_word' id='word_1_198' title='bbox 3204 2197 3385 2252; x_wconf 81' lang='lat' dir='ltr'><strong>omnia</strong></span> 
     </span>
    </p>
   </div>
   <div class='ocr_carea' id='block_1_38' title="bbox 136 2291 657 2362">
    <p class='ocr_par' dir='ltr' id='par_1_38' title="bbox 136 2291 657 2362">
     <span class='ocr_line' id='line_1_38' title="bbox 136 2291 657 2362; baseline -0.004 -14"><span class='ocrx_word' id='word_1_199' title='bbox 136 2296 256 2348; x_wconf 81' lang='grc' dir='ltr'><strong>τῶν</strong></span> <span class='ocrx_word' id='word_1_200' title='bbox 283 2295 448 2362; x_wconf 81' lang='grc' dir='ltr'>ἁγίων</span> <span class='ocrx_word' id='word_1_201' title='bbox 473 2291 657 2346; x_wconf 74' lang='grc' dir='ltr'>αὐτοῦ.</span> 
     </span>
    </p>
   </div>
   <div class='ocr_carea' id='block_1_39' title="bbox 217 2382 1719 2454">
    <p class='ocr_par' dir='ltr' id='par_1_39' title="bbox 217 2382 1719 2454">
     <span class='ocr_line' id='line_1_39' title="bbox 217 2382 1719 2454; baseline -0.002 -16"><span class='ocrx_word' id='word_1_202' title='bbox 217 2386 304 2439; x_wconf 91' lang='lat'><strong>12.</strong></span> <span class='ocrx_word' id='word_1_203' title='bbox 345 2385 602 2436; x_wconf 75' lang='grc' dir='ltr'>Ποιοῦντα</span> <span class='ocrx_word' id='word_1_204' title='bbox 641 2384 911 2453; x_wconf 77' lang='grc' dir='ltr'>ἐκδίκησιν</span> <span class='ocrx_word' id='word_1_205' title='bbox 957 2384 1050 2435; x_wconf 79' lang='grc' dir='ltr'><strong>καὶ</strong></span> <span class='ocrx_word' id='word_1_206' title='bbox 1096 2386 1150 2434; x_wconf 78' lang='grc' dir='ltr'><strong>ἐν</strong></span> <span class='ocrx_word' id='word_1_207' title='bbox 1181 2382 1255 2452; x_wconf 78' lang='grc' dir='ltr'><strong>τῷ</strong></span> <span class='ocrx_word' id='word_1_208' title='bbox 1287 2383 1401 2445; x_wconf 76' lang='grc' dir='ltr'>νῦν,</span> <span class='ocrx_word' id='word_1_209' title='bbox 1437 2386 1528 2435; x_wconf 73' lang='grc' dir='ltr'><strong>καὶ</strong></span> <span class='ocrx_word' id='word_1_210' title='bbox 1561 2385 1617 2435; x_wconf 82' lang='grc' dir='ltr'>ὲν</span> <span class='ocrx_word' id='word_1_211' title='bbox 1643 2383 1719 2454; x_wconf 80' lang='grc' dir='ltr'>τῷ</span> 
     </span>
    </p>
   </div>
   <div class='ocr_carea' id='block_1_40' title="bbox 141 2473 1716 2548">
    <p class='ocr_par' dir='ltr' id='par_1_40' title="bbox 141 2473 1716 2548">
     <span class='ocr_line' id='line_1_40' title="bbox 141 2473 1716 2548; baseline -0.002 -19"><span class='ocrx_word' id='word_1_212' title='bbox 141 2477 394 2548; x_wconf 82' lang='grc' dir='ltr'>μέλλοντι</span> <span class='ocrx_word' id='word_1_213' title='bbox 429 2477 582 2529; x_wconf 84' lang='grc' dir='ltr'>αἰῶνι</span> <span class='ocrx_word' id='word_1_214' title='bbox 611 2479 724 2539; x_wconf 86' lang='grc' dir='ltr'>τοῖς</span> <span class='ocrx_word' id='word_1_215' title='bbox 758 2474 1270 2545; x_wconf 79' lang='grc' dir='ltr'>καταπονουμένοις,</span> <span class='ocrx_word' id='word_1_216' title='bbox 1305 2474 1337 2545; x_wconf 82' lang='grc' dir='ltr'>ἢ</span> <span class='ocrx_word' id='word_1_217' title='bbox 1373 2475 1475 2526; x_wconf 79' lang='grc' dir='ltr'>ὑπὸ</span> <span class='ocrx_word' id='word_1_218' title='bbox 1509 2473 1716 2546; x_wconf 73' lang='grc' dir='ltr'>ἀνθρώο</span> 
     </span>
    </p>
   </div>
   <div class='ocr_carea' id='block_1_41' title="bbox 135 2569 1215 2642">
    <p class='ocr_par' dir='ltr' id='par_1_41' title="bbox 135 2569 1215 2642">
     <span class='ocr_line' id='line_1_41' title="bbox 135 2569 1215 2642; baseline 0.001 -18"><span class='ocrx_word' id='word_1_219' title='bbox 135 2588 286 2633; x_wconf 86' lang='grc' dir='ltr'>πων,</span> <span class='ocrx_word' id='word_1_220' title='bbox 309 2571 339 2642; x_wconf 84' lang='grc' dir='ltr'>ἢ</span> <span class='ocrx_word' id='word_1_221' title='bbox 369 2570 471 2623; x_wconf 82' lang='grc' dir='ltr'><strong>ὑπὸ</strong></span> <span class='ocrx_word' id='word_1_222' title='bbox 499 2569 606 2622; x_wconf 85' lang='grc' dir='ltr'><strong>τῶν</strong></span> <span class='ocrx_word' id='word_1_223' title='bbox 636 2570 891 2623; x_wconf 78' lang='grc' dir='ltr'>ἐναντίων</span> <span class='ocrx_word' id='word_1_224' title='bbox 916 2569 1215 2640; x_wconf 76' lang='grc' dir='ltr'>δυνάμεων.</span> 
     </span>
    </p>
   </div>
   <div class='ocr_carea' id='block_1_42' title="bbox 213 2661 1718 2735">
    <p class='ocr_par' dir='ltr' id='par_1_42' title="bbox 213 2661 1718 2735">
     <span class='ocr_line' id='line_1_42' title="bbox 213 2661 1718 2735; baseline -0.001 -20"><span class='ocrx_word' id='word_1_225' title='bbox 213 2663 307 2718; x_wconf 76' lang='lat'><strong>1&#39;5.</strong></span> <span class='ocrx_word' id='word_1_226' title='bbox 337 2663 407 2716; x_wconf 86' lang='grc' dir='ltr'>Τὸ</span> <span class='ocrx_word' id='word_1_227' title='bbox 434 2664 530 2735; x_wconf 80' lang='grc' dir='ltr'><strong>μὲν</strong></span> <span class='ocrx_word' id='word_1_228' title='bbox 559 2662 720 2716; x_wconf 82' lang='grc' dir='ltr'>ἰδικδν</span> <span class='ocrx_word' id='word_1_229' title='bbox 749 2663 904 2733; x_wconf 82' lang='grc' dir='ltr'>δῆλόν</span> <span class='ocrx_word' id='word_1_230' title='bbox 933 2663 1199 2725; x_wconf 82' lang='grc' dir='ltr'>ὲστιν,ὃτι</span> <span class='ocrx_word' id='word_1_231' title='bbox 1223 2661 1381 2724; x_wconf 80' lang='grc' dir='ltr'>αὐτὸς</span> <span class='ocrx_word' id='word_1_232' title='bbox 1404 2661 1591 2732; x_wconf 80' lang='grc' dir='ltr'>τρέφει</span> <span class='ocrx_word' id='word_1_233' title='bbox 1613 2662 1718 2714; x_wconf 77' lang='grc' dir='ltr'><strong>πᾶ-</strong></span> 
     </span>
    </p>
   </div>
   <div class='ocr_carea' id='block_1_43' title="bbox 136 2753 1720 2826">
    <p class='ocr_par' dir='ltr' id='par_1_43' title="bbox 136 2753 1720 2826">
     <span class='ocr_line' id='line_1_43' title="bbox 136 2753 1720 2826; baseline -0.002 -18"><span class='ocrx_word' id='word_1_234' title='bbox 136 2772 246 2808; x_wconf 87' lang='grc' dir='ltr'><strong>σαν</strong></span> <span class='ocrx_word' id='word_1_235' title='bbox 275 2755 450 2826; x_wconf 80' lang='grc' dir='ltr'>σάρκα</span> <span class='ocrx_word' id='word_1_236' title='bbox 476 2773 488 2786; x_wconf 92' lang='grc'>·</span> <span class='ocrx_word' id='word_1_237' title='bbox 521 2757 669 2826; x_wconf 84' lang='grc' dir='ltr'>ὅμως</span> <span class='ocrx_word' id='word_1_238' title='bbox 694 2756 750 2809; x_wconf 84' lang='grc' dir='ltr'><strong>δὲ</strong></span> <span class='ocrx_word' id='word_1_239' title='bbox 776 2755 850 2824; x_wconf 84' lang='grc'><strong>(1)</strong></span> <span class='ocrx_word' id='word_1_240' title='bbox 879 2755 972 2807; x_wconf 73' lang='grc' dir='ltr'><strong>καὶ</strong></span> <span class='ocrx_word' id='word_1_241' title='bbox 994 2754 1149 2807; x_wconf 78' lang='grc' dir='ltr'>τοῦτο</span> <span class='ocrx_word' id='word_1_242' title='bbox 1174 2753 1478 2824; x_wconf 82' lang='grc' dir='ltr'>θεωρεῖται,</span> <span class='ocrx_word' id='word_1_243' title='bbox 1505 2753 1586 2804; x_wconf 84' lang='grc' dir='ltr'>ὅτι</span> <span class='ocrx_word' id='word_1_244' title='bbox 1609 2756 1720 2816; x_wconf 87' lang='grc' dir='ltr'>τοῖς</span> 
     </span>
    </p>
   </div>
   <div class='ocr_carea' id='block_1_44' title="bbox 137 2845 1652 2920">
    <p class='ocr_par' dir='ltr' id='par_1_44' title="bbox 137 2845 1652 2920">
     <span class='ocr_line' id='line_1_44' title="bbox 137 2845 1652 2920; baseline -0.004 -17"><span class='ocrx_word' id='word_1_245' title='bbox 137 2849 369 2903; x_wconf 76' lang='grc' dir='ltr'>ποθοῦσι</span> <span class='ocrx_word' id='word_1_246' title='bbox 396 2850 495 2920; x_wconf 74' lang='grc' dir='ltr'>τὴν</span> <span class='ocrx_word' id='word_1_247' title='bbox 527 2849 685 2920; x_wconf 87' lang='grc' dir='ltr'>χάριν</span> <span class='ocrx_word' id='word_1_248' title='bbox 709 2846 874 2901; x_wconf 76' lang='grc' dir='ltr'>αὑτοῦ</span> <span class='ocrx_word' id='word_1_249' title='bbox 913 2846 1176 2908; x_wconf 83' lang='grc' dir='ltr'>πλουσίως</span> <span class='ocrx_word' id='word_1_250' title='bbox 1207 2845 1374 2915; x_wconf 83' lang='grc' dir='ltr'>αὐτὴν</span> <span class='ocrx_word' id='word_1_251' title='bbox 1408 2845 1652 2916; x_wconf 81' lang='grc' dir='ltr'>παρέχει.</span> 
     </span>
    </p>
   </div>
   <div class='ocr_carea' id='block_1_45' title="bbox 213 3019 1718 3092">
    <p class='ocr_par' dir='ltr' id='par_1_45' title="bbox 213 3019 1718 3092">
     <span class='ocr_line' id='line_1_45' title="bbox 213 3019 1718 3092; baseline -0.003 -15"><span class='ocrx_word' id='word_1_252' title='bbox 213 3024 304 3077; x_wconf 62' lang='lat'><strong>14.</strong></span> <span class='ocrx_word' id='word_1_253' title='bbox 343 3024 479 3084; x_wconf 79' lang='grc' dir='ltr'>Τοὺς</span> <span class='ocrx_word' id='word_1_254' title='bbox 512 3021 965 3090; x_wconf 77' lang='grc' dir='ltr'>συνεσφιγμένους</span> <span class='ocrx_word' id='word_1_255' title='bbox 996 3021 1100 3073; x_wconf 76' lang='grc' dir='ltr'><strong>ὑπὸ</strong></span> <span class='ocrx_word' id='word_1_256' title='bbox 1132 3020 1237 3073; x_wconf 88' lang='grc' dir='ltr'><strong>τῶν</strong></span> <span class='ocrx_word' id='word_1_257' title='bbox 1269 3019 1411 3073; x_wconf 88' lang='grc' dir='ltr'>ἰδίων</span> <span class='ocrx_word' id='word_1_258' title='bbox 1442 3020 1513 3090; x_wconf 85' lang='lat'><strong>(2)</strong></span> <span class='ocrx_word' id='word_1_259' title='bbox 1540 3022 1718 3092; x_wconf 82' lang='grc' dir='ltr'>ἁμαρ-</span> 
     </span>
    </p>
   </div>
   <div class='ocr_carea' id='block_1_46' title="bbox 136 3113 1550 3184">
    <p class='ocr_par' dir='ltr' id='par_1_46' title="bbox 136 3113 1550 3184">
     <span class='ocr_line' id='line_1_46' title="bbox 136 3113 1550 3184; baseline 0.001 -18"><span class='ocrx_word' id='word_1_260' title='bbox 136 3114 276 3167; x_wconf 83' lang='grc' dir='ltr'>τιῶν</span> <span class='ocrx_word' id='word_1_261' title='bbox 307 3113 631 3166; x_wconf 76' lang='grc' dir='ltr'>ἀπαλλάττει</span> <span class='ocrx_word' id='word_1_262' title='bbox 658 3113 854 3175; x_wconf 82' lang='grc' dir='ltr'>αὐτοὺς</span> <span class='ocrx_word' id='word_1_263' title='bbox 884 3113 970 3166; x_wconf 89' lang='grc' dir='ltr'><strong>διά</strong></span> <span class='ocrx_word' id='word_1_264' title='bbox 998 3114 1092 3184; x_wconf 82' lang='grc' dir='ltr'><strong>τῆς</strong></span> <span class='ocrx_word' id='word_1_265' title='bbox 1116 3113 1334 3183; x_wconf 83' lang='grc' dir='ltr'>χάριτος</span> <span class='ocrx_word' id='word_1_266' title='bbox 1364 3113 1550 3168; x_wconf 80' lang='grc' dir='ltr'>αὑτοῦ.</span> 
     </span>
    </p>
   </div>
   <div class='ocr_carea' id='block_1_47' title="bbox 212 3203 1716 3275">
    <p class='ocr_par' dir='ltr' id='par_1_47' title="bbox 212 3203 1716 3275">
     <span class='ocr_line' id='line_1_47' title="bbox 212 3203 1716 3275; baseline 0 -17"><span class='ocrx_word' id='word_1_267' title='bbox 212 3205 305 3259; x_wconf 82' lang='lat'><strong>15.</strong></span> <span class='ocrx_word' id='word_1_268' title='bbox 335 3205 470 3266; x_wconf 79' lang='grc' dir='ltr'>Τοὺς</span> <span class='ocrx_word' id='word_1_269' title='bbox 495 3204 922 3275; x_wconf 78' lang='grc' dir='ltr'>πεπηρωμένους</span> <span class='ocrx_word' id='word_1_270' title='bbox 954 3205 1030 3274; x_wconf 79' lang='grc'>(5)</span> <span class='ocrx_word' id='word_1_271' title='bbox 1057 3205 1154 3275; x_wconf 84' lang='grc' dir='ltr'>τὴν</span> <span class='ocrx_word' id='word_1_272' title='bbox 1173 3203 1409 3257; x_wconf 81' lang='grc' dir='ltr'>διάνοιαν</span> <span class='ocrx_word' id='word_1_273' title='bbox 1438 3207 1590 3273; x_wconf 71' lang='grc' dir='ltr'>σοφοί</span> <span class='ocrx_word' id='word_1_274' title='bbox 1621 3205 1716 3258; x_wconf 83' lang='grc' dir='ltr'>αύ-</span> 
     </span>
    </p>
   </div>
   <div class='ocr_carea' id='block_1_48' title="bbox 135 3295 1713 3368">
    <p class='ocr_par' dir='ltr' id='par_1_48' title="bbox 135 3295 1713 3368">
     <span class='ocr_line' id='line_1_48' title="bbox 135 3295 1713 3368; baseline 0 -17"><span class='ocrx_word' id='word_1_275' title='bbox 135 3300 292 3359; x_wconf 78' lang='grc' dir='ltr'>τοὺς,</span> <span class='ocrx_word' id='word_1_276' title='bbox 323 3299 382 3349; x_wconf 76' lang='grc' dir='ltr'><strong>οὐ</strong></span> <span class='ocrx_word' id='word_1_277' title='bbox 430 3298 529 3368; x_wconf 80' lang='grc' dir='ltr'><strong>τὴν</strong></span> <span class='ocrx_word' id='word_1_278' title='bbox 578 3299 767 3364; x_wconf 84' lang='grc' dir='ltr'>σοφίαν</span> <span class='ocrx_word' id='word_1_279' title='bbox 810 3295 905 3350; x_wconf 82' lang='grc' dir='ltr'>τοῦ</span> <span class='ocrx_word' id='word_1_280' title='bbox 946 3296 1149 3367; x_wconf 71' lang='grc' dir='ltr'>κᾴσμου</span> <span class='ocrx_word' id='word_1_281' title='bbox 1189 3297 1398 3361; x_wconf 83' lang='grc' dir='ltr'>τούτου,</span> <span class='ocrx_word' id='word_1_282' title='bbox 1435 3297 1567 3350; x_wconf 82' lang='grc' dir='ltr'>ἀλλὰ</span> <span class='ocrx_word' id='word_1_283' title='bbox 1618 3299 1713 3368; x_wconf 75' lang='grc' dir='ltr'><strong>τὴν</strong></span> 
     </span>
    </p>
   </div>
   <div class='ocr_carea' id='block_1_49' title="bbox 136 3388 1244 3461">
    <p class='ocr_par' dir='ltr' id='par_1_49' title="bbox 136 3388 1244 3461">
     <span class='ocr_line' id='line_1_49' title="bbox 136 3388 1244 3461; baseline -0.001 -18"><span class='ocrx_word' id='word_1_284' title='bbox 136 3390 397 3461; x_wconf 84' lang='grc' dir='ltr'>ἀνίκητον</span> <span class='ocrx_word' id='word_1_285' title='bbox 427 3389 722 3460; x_wconf 81' lang='grc' dir='ltr'>[ἀκίνητον]</span> <span class='ocrx_word' id='word_1_286' title='bbox 754 3391 848 3442; x_wconf 75' lang='grc' dir='ltr'><strong>καὶ</strong></span> <span class='ocrx_word' id='word_1_287' title='bbox 873 3388 1244 3459; x_wconf 76' lang='grc' dir='ltr'>ἀτελεύτητον.</span> 
     </span>
    </p>
   </div>
   <div class='ocr_carea' id='block_1_50' title="bbox 210 3478 1712 3550">
    <p class='ocr_par' dir='ltr' id='par_1_50' title="bbox 210 3478 1712 3550">
     <span class='ocr_line' id='line_1_50' title="bbox 210 3478 1712 3550; baseline -0.001 -18"><span class='ocrx_word' id='word_1_288' title='bbox 210 3481 304 3536; x_wconf 87' lang='lat'><strong>16.</strong></span> <span class='ocrx_word' id='word_1_289' title='bbox 349 3480 551 3549; x_wconf 82' lang='grc' dir='ltr'>Κύριος</span> <span class='ocrx_word' id='word_1_290' title='bbox 586 3479 848 3550; x_wconf 83' lang='grc' dir='ltr'>ἀνεγείρει</span> <span class='ocrx_word' id='word_1_291' title='bbox 881 3480 1007 3542; x_wconf 82' lang='grc' dir='ltr'>τοὺς</span> <span class='ocrx_word' id='word_1_292' title='bbox 1040 3478 1446 3539; x_wconf 83' lang='grc' dir='ltr'>καταπεσόντας</span> <span class='ocrx_word' id='word_1_293' title='bbox 1491 3481 1547 3530; x_wconf 83' lang='grc' dir='ltr'><strong>ὲν</strong></span> <span class='ocrx_word' id='word_1_294' title='bbox 1593 3481 1712 3541; x_wconf 88' lang='grc' dir='ltr'>ταῖς</span> 
     </span>
    </p>
   </div>
   <div class='ocr_carea' id='block_1_51' title="bbox 137 3569 461 3641">
    <p class='ocr_par' dir='ltr' id='par_1_51' title="bbox 137 3569 461 3641">
     <span class='ocr_line' id='line_1_51' title="bbox 137 3569 461 3641; baseline -0.006 -17"><span class='ocrx_word' id='word_1_295' title='bbox 137 3569 461 3641; x_wconf 82' lang='grc' dir='ltr'>ἁμαρτίαις.</span> 
     </span>
    </p>
   </div>
   <div class='ocr_carea' id='block_1_52' title="bbox 212 3657 1714 3730">
    <p class='ocr_par' dir='ltr' id='par_1_52' title="bbox 212 3657 1714 3730">
     <span class='ocr_line' id='line_1_52' title="bbox 212 3657 1714 3730; baseline -0.001 -16"><span class='ocrx_word' id='word_1_296' title='bbox 212 3662 239 3715; x_wconf 88' lang='grc'><strong>1</strong></span> <span class='ocrx_word' id='word_1_297' title='bbox 255 3662 472 3714; x_wconf 82' lang='grc' dir='ltr'>Ἱ.”Ωστε</span> <span class='ocrx_word' id='word_1_298' title='bbox 489 3661 580 3713; x_wconf 75' lang='grc' dir='ltr'><strong>καὶ</strong></span> <span class='ocrx_word' id='word_1_299' title='bbox 595 3659 691 3730; x_wconf 85' lang='grc' dir='ltr'>τὴν</span> <span class='ocrx_word' id='word_1_300' title='bbox 706 3657 882 3729; x_wconf 73' lang='grc' dir='ltr'>ψυχὴν</span> <span class='ocrx_word' id='word_1_301' title='bbox 895 3657 1059 3711; x_wconf 78' lang='grc' dir='ltr'>αὑτοῦ</span> <span class='ocrx_word' id='word_1_302' title='bbox 1077 3659 1156 3730; x_wconf 66' lang='grc' dir='ltr'><strong>(αἱ)</strong></span> <span class='ocrx_word' id='word_1_303' title='bbox 1177 3659 1347 3713; x_wconf 88' lang='grc' dir='ltr'>θεῖναι</span> <span class='ocrx_word' id='word_1_304' title='bbox 1365 3659 1501 3730; x_wconf 84' lang='grc' dir='ltr'>ὑπὲρ</span> <span class='ocrx_word' id='word_1_305' title='bbox 1517 3659 1714 3713; x_wconf 83' lang='grc' dir='ltr'>αὐτῶν.</span> 
     </span>
    </p>
   </div>
   <div class='ocr_carea' id='block_1_53' title="bbox 212 3750 1716 3824">
    <p class='ocr_par' dir='ltr' id='par_1_53' title="bbox 212 3750 1716 3824">
     <span class='ocr_line' id='line_1_53' title="bbox 212 3750 1716 3824; baseline -0.003 -16"><span class='ocrx_word' id='word_1_306' title='bbox 212 3754 305 3808; x_wconf 87' lang='grc'><strong>18.</strong></span> <span class='ocrx_word' id='word_1_307' title='bbox 345 3755 481 3817; x_wconf 76' lang='grc' dir='ltr'>Τοὺς</span> <span class='ocrx_word' id='word_1_308' title='bbox 527 3751 963 3824; x_wconf 77' lang='grc' dir='ltr'>προσφεύγοντας</span> <span class='ocrx_word' id='word_1_309' title='bbox 999 3750 1145 3822; x_wconf 82' lang='grc' dir='ltr'>αὑτῴ</span> <span class='ocrx_word' id='word_1_310' title='bbox 1197 3752 1383 3804; x_wconf 77' lang='grc' dir='ltr'>σκέπει</span> <span class='ocrx_word' id='word_1_311' title='bbox 1424 3754 1488 3822; x_wconf 81' lang='grc' dir='ltr'>τῇ</span> <span class='ocrx_word' id='word_1_312' title='bbox 1539 3752 1716 3823; x_wconf 86' lang='grc' dir='ltr'>χάριτι</span> 
     </span>
    </p>
   </div>
   <div class='ocr_carea' id='block_1_54' title="bbox 136 3842 334 3897">
    <p class='ocr_par' dir='ltr' id='par_1_54' title="bbox 136 3842 334 3897">
     <span class='ocr_line' id='line_1_54' title="bbox 136 3842 334 3897; baseline 0.01 -2"><span class='ocrx_word' id='word_1_313' title='bbox 136 3842 334 3897; x_wconf 71' lang='grc' dir='ltr'>αὑτοῦ.</span> 
     </span>
    </p>
   </div>
   <div class='ocr_carea' id='block_1_55' title="bbox 213 3933 1717 4003">
    <p class='ocr_par' dir='ltr' id='par_1_55' title="bbox 213 3933 1717 4003">
     <span class='ocr_line' id='line_1_55' title="bbox 213 3933 1717 4003; baseline -0.002 -14"><span class='ocrx_word' id='word_1_314' title='bbox 213 3936 305 3989; x_wconf 90' lang='lat'><strong>19.</strong></span> <span class='ocrx_word' id='word_1_315' title='bbox 346 3935 417 3987; x_wconf 80' lang='grc' dir='ltr'><strong>Τὸ</strong></span> <span class='ocrx_word' id='word_1_316' title='bbox 469 3935 565 4003; x_wconf 79' lang='grc' dir='ltr'>μὲν</span> <span class='ocrx_word' id='word_1_317' title='bbox 609 3933 802 3986; x_wconf 84' lang='grc' dir='ltr'>εἰδικδν</span> <span class='ocrx_word' id='word_1_318' title='bbox 833 3933 988 4002; x_wconf 83' lang='grc' dir='ltr'>δῆλόν</span> <span class='ocrx_word' id='word_1_319' title='bbox 1021 3933 1190 3996; x_wconf 77' lang='grc' dir='ltr'>ἐστιν,</span> <span class='ocrx_word' id='word_1_320' title='bbox 1248 3933 1325 3985; x_wconf 75' lang='grc' dir='ltr'><strong>δτι</strong></span> <span class='ocrx_word' id='word_1_321' title='bbox 1367 3933 1597 4003; x_wconf 76' lang='grc' dir='ltr'>ὀρφανὸν</span> <span class='ocrx_word' id='word_1_322' title='bbox 1625 3934 1717 3986; x_wconf 78' lang='grc' dir='ltr'><strong>καὶ</strong></span> 
     </span>
    </p>
   </div>
   <div class='ocr_carea' id='block_1_56' title="bbox 135 4023 1712 4097">
    <p class='ocr_par' dir='ltr' id='par_1_56' title="bbox 135 4023 1712 4097">
     <span class='ocr_line' id='line_1_56' title="bbox 135 4023 1712 4097; baseline 0 -19"><span class='ocrx_word' id='word_1_323' title='bbox 135 4029 316 4097; x_wconf 81' lang='grc' dir='ltr'>χήραν</span> <span class='ocrx_word' id='word_1_324' title='bbox 348 4023 779 4095; x_wconf 76' lang='grc' dir='ltr'>ἀναλαμϐάνεται</span> <span class='ocrx_word' id='word_1_325' title='bbox 802 4039 816 4053; x_wconf 90' lang='grc'><strong>·</strong></span> <span class='ocrx_word' id='word_1_326' title='bbox 864 4023 992 4093; x_wconf 86' lang='grc' dir='ltr'><strong>περί</strong></span> <span class='ocrx_word' id='word_1_327' title='bbox 1031 4024 1086 4075; x_wconf 84' lang='grc' dir='ltr'><strong>δὲ</strong></span> <span class='ocrx_word' id='word_1_328' title='bbox 1119 4024 1211 4076; x_wconf 76' lang='grc' dir='ltr'>τοῦ</span> <span class='ocrx_word' id='word_1_329' title='bbox 1242 4024 1521 4077; x_wconf 82' lang='grc' dir='ltr'>νεανίσκου</span> <span class='ocrx_word' id='word_1_330' title='bbox 1547 4023 1712 4092; x_wconf 81' lang='grc' dir='ltr'>λέγει,</span> 
     </span>
    </p>
   </div>
   <div class='ocr_carea' id='block_1_57' title="bbox 134 4111 1712 4187">
    <p class='ocr_par' dir='ltr' id='par_1_57' title="bbox 134 4111 1712 4187">
     <span class='ocr_line' id='line_1_57' title="bbox 134 4111 1712 4187; baseline -0.002 -18"><span class='ocrx_word' id='word_1_331' title='bbox 134 4114 198 4171; x_wconf 74' lang='grc' dir='ltr'>οὗ</span> <span class='ocrx_word' id='word_1_332' title='bbox 229 4115 525 4187; x_wconf 83' lang='grc' dir='ltr'>ἀνέστησεν</span> <span class='ocrx_word' id='word_1_333' title='bbox 558 4117 586 4167; x_wconf 88' lang='grc' dir='ltr'>ὁ</span> <span class='ocrx_word' id='word_1_334' title='bbox 613 4114 814 4184; x_wconf 81' lang='grc' dir='ltr'>Κύριος</span> <span class='ocrx_word' id='word_1_335' title='bbox 858 4115 914 4166; x_wconf 79' lang='grc' dir='ltr'><strong>ἐν</strong></span> <span class='ocrx_word' id='word_1_336' title='bbox 956 4116 1020 4182; x_wconf 81' lang='grc' dir='ltr'>τῇ</span> <span class='ocrx_word' id='word_1_337' title='bbox 1067 4111 1221 4176; x_wconf 70' lang='grc' dir='ltr'>Ναίν,</span> <span class='ocrx_word' id='word_1_338' title='bbox 1257 4113 1350 4164; x_wconf 81' lang='grc' dir='ltr'><strong>καὶ</strong></span> <span class='ocrx_word' id='word_1_339' title='bbox 1390 4113 1487 4183; x_wconf 83' lang='grc' dir='ltr'><strong>τῆς</strong></span> <span class='ocrx_word' id='word_1_340' title='bbox 1527 4112 1712 4166; x_wconf 87' lang='grc' dir='ltr'>τούτου</span> 
     </span>
    </p>
   </div>
   <div class='ocr_carea' id='block_1_58' title="bbox 140 4208 374 4280">
    <p class='ocr_par' dir='ltr' id='par_1_58' title="bbox 140 4208 374 4280">
     <span class='ocr_line' id='line_1_58' title="bbox 140 4208 374 4280; baseline -0.009 0"><span class='ocrx_word' id='word_1_341' title='bbox 140 4208 374 4280; x_wconf 82' lang='grc' dir='ltr'>μητρός-</span> 
     </span>
    </p>
   </div>
   <div class='ocr_carea' id='block_1_59' title="bbox 207 4290 1712 4371">
    <p class='ocr_par' dir='ltr' id='par_1_59' title="bbox 207 4290 1712 4371">
     <span class='ocr_line' id='line_1_59' title="bbox 207 4290 1712 4371; baseline -0.003 -25"><span class='ocrx_word' id='word_1_342' title='bbox 207 4294 306 4371; x_wconf 66' lang='grc'><strong>21).</strong></span> <span class='ocrx_word' id='word_1_343' title='bbox 347 4291 451 4344; x_wconf 77' lang='grc' dir='ltr'><strong>Καὶ</strong></span> <span class='ocrx_word' id='word_1_344' title='bbox 497 4293 673 4344; x_wconf 80' lang='grc' dir='ltr'>πᾶσαν</span> <span class='ocrx_word' id='word_1_345' title='bbox 706 4291 802 4362; x_wconf 79' lang='grc' dir='ltr'><strong>τὴν</strong></span> <span class='ocrx_word' id='word_1_346' title='bbox 835 4290 1147 4362; x_wconf 80' lang='grc' dir='ltr'>ἐπιθυμίαν,</span> <span class='ocrx_word' id='word_1_347' title='bbox 1199 4293 1291 4345; x_wconf 68' lang='grc' dir='ltr'><strong>καί⁵</strong></span> <span class='ocrx_word' id='word_1_348' title='bbox 1332 4292 1429 4362; x_wconf 84' lang='grc' dir='ltr'>τὴν</span> <span class='ocrx_word' id='word_1_349' title='bbox 1478 4290 1712 4360; x_wconf 85' lang='grc' dir='ltr'>ἀπάτην,</span> 
     </span>
    </p>
   </div>
   <div class='ocr_carea' id='block_1_60' title="bbox 135 4383 1712 4455">
    <p class='ocr_par' dir='ltr' id='par_1_60' title="bbox 135 4383 1712 4455">
     <span class='ocr_line' id='line_1_60' title="bbox 135 4383 1712 4455; baseline -0.003 -16"><span class='ocrx_word' id='word_1_350' title='bbox 135 4385 236 4440; x_wconf 70' lang='grc' dir='ltr'>καὶ</span> <span class='ocrx_word' id='word_1_351' title='bbox 270 4384 364 4455; x_wconf 85' lang='grc' dir='ltr'>τὴν</span> <span class='ocrx_word' id='word_1_352' title='bbox 390 4383 730 4438; x_wconf 79' lang='grc' dir='ltr'>διδασκαλίαν</span> <span class='ocrx_word' id='word_1_353' title='bbox 761 4383 867 4437; x_wconf 89' lang='grc' dir='ltr'><strong>τῶν</strong></span> <span class='ocrx_word' id='word_1_354' title='bbox 891 4385 1163 4455; x_wconf 87' lang='grc' dir='ltr'>ἀρχόντων</span> <span class='ocrx_word' id='word_1_355' title='bbox 1189 4384 1282 4437; x_wconf 82' lang='grc' dir='ltr'>τοῦ</span> <span class='ocrx_word' id='word_1_356' title='bbox 1312 4385 1502 4446; x_wconf 79' lang='grc' dir='ltr'>αἰῶνος</span> <span class='ocrx_word' id='word_1_357' title='bbox 1527 4383 1712 4436; x_wconf 86' lang='grc' dir='ltr'>τούτου</span> 
     </span>
    </p>
   </div>
   <div class='ocr_carea' id='block_1_61' title="bbox 139 4475 472 4532">
    <p class='ocr_par' dir='ltr' id='par_1_61' title="bbox 139 4475 472 4532">
     <span class='ocr_line' id='line_1_61' title="bbox 139 4475 472 4532; baseline 0.003 -2"><span class='ocrx_word' id='word_1_358' title='bbox 139 4475 472 4532; x_wconf 80' lang='grc' dir='ltr'>συντελέσει.</span> 
     </span>
    </p>
   </div>
   <div class='ocr_carea' id='block_1_62' title="bbox 209 4565 1714 4637">
    <p class='ocr_par' dir='ltr' id='par_1_62' title="bbox 209 4565 1714 4637">
     <span class='ocr_line' id='line_1_62' title="bbox 209 4565 1714 4637; baseline -0.002 -16"><span class='ocrx_word' id='word_1_359' title='bbox 209 4567 304 4631; x_wconf 89' lang='lat'><strong>21,</strong></span> <span class='ocrx_word' id='word_1_360' title='bbox 331 4568 420 4621; x_wconf 86' lang='lat'><strong>22.</strong></span> <span class='ocrx_word' id='word_1_361' title='bbox 465 4567 540 4637; x_wconf 81' lang='lat'><strong>(5)</strong></span> <span class='ocrx_word' id='word_1_362' title='bbox 576 4566 965 4637; x_wconf 82' lang='grc' dir='ltr'>Ἀτελευτήτως</span> <span class='ocrx_word' id='word_1_363' title='bbox 1007 4568 1035 4618; x_wconf 85' lang='grc' dir='ltr'>ὁ</span> <span class='ocrx_word' id='word_1_364' title='bbox 1076 4567 1205 4629; x_wconf 85' lang='grc' dir='ltr'><strong>Θεός</strong></span> <span class='ocrx_word' id='word_1_365' title='bbox 1262 4584 1352 4618; x_wconf 84' lang='grc' dir='ltr'><strong>σου</strong></span> <span class='ocrx_word' id='word_1_366' title='bbox 1385 4574 1417 4636; x_wconf 82' lang='grc' dir='ltr'>ἡ</span> <span class='ocrx_word' id='word_1_367' title='bbox 1469 4565 1578 4618; x_wconf 85' lang='grc' dir='ltr'>ἄνω</span> <span class='ocrx_word' id='word_1_368' title='bbox 1623 4566 1714 4618; x_wconf 82' lang='grc' dir='ltr'><strong>Ἱε-</strong></span> 
     </span>
    </p>
   </div>
   <div class='ocr_carea' id='block_1_63' title="bbox 140 4658 1710 4732">
    <p class='ocr_par' dir='ltr' id='par_1_63' title="bbox 140 4658 1710 4732">
     <span class='ocr_line' id='line_1_63' title="bbox 140 4658 1710 4732; baseline -0.001 -20"><span class='ocrx_word' id='word_1_369' title='bbox 140 4659 445 4732; x_wconf 82' lang='grc' dir='ltr'>ρουσαλὴμ.</span> <span class='ocrx_word' id='word_1_370' title='bbox 471 4659 596 4714; x_wconf 75' lang='grc' dir='ltr'>ἔνθα</span> <span class='ocrx_word' id='word_1_371' title='bbox 626 4661 684 4713; x_wconf 80' lang='grc' dir='ltr'>τὸ</span> <span class='ocrx_word' id='word_1_372' title='bbox 709 4661 1022 4730; x_wconf 77' lang='grc' dir='ltr'>ἐπουράνιον</span> <span class='ocrx_word' id='word_1_373' title='bbox 1048 4659 1426 4728; x_wconf 81' lang='grc' dir='ltr'>θυσιαστήριον</span> <span class='ocrx_word' id='word_1_374' title='bbox 1454 4658 1710 4728; x_wconf 83' lang='grc' dir='ltr'>ὑπάρχει·</span> 
     </span>
    </p>
   </div>
   <div class='ocr_carea' id='block_1_64' title="bbox 138 4749 1711 4825">
    <p class='ocr_par' dir='ltr' id='par_1_64' title="bbox 138 4749 1711 4825">
     <span class='ocr_line' id='line_1_64' title="bbox 138 4749 1711 4825; baseline -0.004 -17"><span class='ocrx_word' id='word_1_375' title='bbox 138 4755 303 4808; x_wconf 80' lang='grc' dir='ltr'><strong>Σιὼν</strong></span> <span class='ocrx_word' id='word_1_376' title='bbox 329 4755 437 4824; x_wconf 80' lang='grc' dir='ltr'>γὰρ</span> <span class='ocrx_word' id='word_1_377' title='bbox 469 4753 826 4825; x_wconf 82' lang='grc' dir='ltr'>ἑρμηνεύεται</span> <span class='ocrx_word' id='word_1_378' title='bbox 859 4754 1037 4816; x_wconf 84' lang='grc' dir='ltr'>τόπος</span> <span class='ocrx_word' id='word_1_379' title='bbox 1060 4751 1210 4804; x_wconf 82' lang='grc' dir='ltr'>ὅπου</span> <span class='ocrx_word' id='word_1_380' title='bbox 1244 4752 1281 4816; x_wconf 71' lang='lat'><strong>7)</strong></span> <span class='ocrx_word' id='word_1_381' title='bbox 1313 4749 1534 4817; x_wconf 77' lang='grc' dir='ltr'>σκηνὴ,</span> <span class='ocrx_word' id='word_1_382' title='bbox 1558 4767 1711 4802; x_wconf 87' lang='grc' dir='ltr'>τουτ-</span> 
     </span>
    </p>
   </div>
   <div class='ocr_carea' id='block_1_65' title="bbox 135 4843 1318 4915">
    <p class='ocr_par' dir='ltr' id='par_1_65' title="bbox 135 4843 1318 4915">
     <span class='ocr_line' id='line_1_65' title="bbox 135 4843 1318 4915; baseline -0.003 -17"><span class='ocrx_word' id='word_1_383' title='bbox 135 4847 294 4898; x_wconf 77' lang='grc' dir='ltr'>έστιν</span> <span class='ocrx_word' id='word_1_384' title='bbox 320 4847 448 4898; x_wconf 82' lang='grc' dir='ltr'>ὅπου</span> <span class='ocrx_word' id='word_1_385' title='bbox 482 4847 543 4899; x_wconf 81' lang='grc' dir='ltr'><strong>τὸ</strong></span> <span class='ocrx_word' id='word_1_386' title='bbox 571 4845 884 4915; x_wconf 78' lang='grc' dir='ltr'>ἐπουράνιον</span> <span class='ocrx_word' id='word_1_387' title='bbox 919 4843 1318 4915; x_wconf 85' lang='grc' dir='ltr'>θυσιαστήριον.</span> 
     </span>
    </p>
   </div>
   <div class='ocr_carea' id='block_1_66' title="bbox 1824 2302 2418 2350">
    <p class='ocr_par' dir='ltr' id='par_1_66' title="bbox 1824 2302 2418 2350">
     <span class='ocr_line' id='line_1_66' title="bbox 1824 2302 2418 2350; baseline -0.005 -1"><span class='ocrx_word' id='word_1_388' title='bbox 1824 2302 2134 2350; x_wconf 87' lang='lat' dir='ltr'><strong>sanctorum</strong></span> <span class='ocrx_word' id='word_1_389' title='bbox 2172 2307 2418 2348; x_wconf 89' lang='lat' dir='ltr'><strong>suorum.</strong></span> 
     </span>
    </p>
   </div>
   <div class='ocr_carea' id='block_1_67' title="bbox 1893 2378 3386 2450">
    <p class='ocr_par' dir='ltr' id='par_1_67' title="bbox 1893 2378 3386 2450">
     <span class='ocr_line' id='line_1_67' title="bbox 1893 2378 3386 2450; baseline 0 -14"><span class='ocrx_word' id='word_1_390' title='bbox 1893 2382 2336 2444; x_wconf 78' lang='lat' dir='ltr'><strong>12.Vindicans,</strong></span> <span class='ocrx_word' id='word_1_391' title='bbox 2380 2389 2436 2436; x_wconf 86' lang='lat' dir='ltr'><strong>et</strong></span> <span class='ocrx_word' id='word_1_392' title='bbox 2465 2379 2518 2433; x_wconf 91' lang='lat' dir='ltr'><strong>in</strong></span> <span class='ocrx_word' id='word_1_393' title='bbox 2559 2378 2840 2450; x_wconf 55' lang='lat' dir='ltr'><strong>praesenti,</strong></span> <span class='ocrx_word' id='word_1_394' title='bbox 2876 2386 2930 2433; x_wconf 90' lang='lat' dir='ltr'><strong>et</strong></span> <span class='ocrx_word' id='word_1_395' title='bbox 2968 2380 3020 2433; x_wconf 92' lang='lat' dir='ltr'><strong>in</strong></span> <span class='ocrx_word' id='word_1_396' title='bbox 3057 2380 3242 2436; x_wconf 77' lang='lat' dir='ltr'><strong>futuro</strong></span> <span class='ocrx_word' id='word_1_397' title='bbox 3284 2397 3386 2436; x_wconf 72' lang='lat' dir='ltr'><strong>sa:-</strong></span> 
     </span>
    </p>
   </div>
   <div class='ocr_carea' id='block_1_68' title="bbox 1820 2471 3384 2538">
    <p class='ocr_par' dir='ltr' id='par_1_68' title="bbox 1820 2471 3384 2538">
     <span class='ocr_line' id='line_1_68' title="bbox 1820 2471 3384 2538; baseline -0.001 -9"><span class='ocrx_word' id='word_1_398' title='bbox 1820 2475 1942 2529; x_wconf 86' lang='lat' dir='ltr'><strong>culo</strong></span> <span class='ocrx_word' id='word_1_399' title='bbox 2000 2473 2252 2537; x_wconf 82' lang='lat' dir='ltr'><strong>afﬂictos,</strong></span> <span class='ocrx_word' id='word_1_400' title='bbox 2293 2482 2387 2527; x_wconf 93' lang='lat' dir='ltr'><strong>aut</strong></span> <span class='ocrx_word' id='word_1_401' title='bbox 2435 2473 2504 2526; x_wconf 91' lang='lat' dir='ltr'><strong>ab</strong></span> <span class='ocrx_word' id='word_1_402' title='bbox 2533 2471 2876 2538; x_wconf 87' lang='lat' dir='ltr'><strong>hominibus,</strong></span> <span class='ocrx_word' id='word_1_403' title='bbox 2910 2479 3003 2526; x_wconf 87' lang='lat' dir='ltr'><strong>aut</strong></span> <span class='ocrx_word' id='word_1_404' title='bbox 3027 2488 3058 2527; x_wconf 86' lang='lat' dir='ltr'><strong>a</strong></span> <span class='ocrx_word' id='word_1_405' title='bbox 3093 2473 3384 2528; x_wconf 81' lang='lat' dir='ltr'><strong>contrariis</strong></span> 
     </span>
    </p>
   </div>
   <div class='ocr_carea' id='block_1_69' title="bbox 1820 2564 2210 2636">
    <p class='ocr_par' dir='ltr' id='par_1_69' title="bbox 1820 2564 2210 2636">
     <span class='ocr_line' id='line_1_69' title="bbox 1820 2564 2210 2636; baseline -0.003 -18"><span class='ocrx_word' id='word_1_406' title='bbox 1820 2564 2210 2636; x_wconf 88' lang='lat' dir='ltr'><strong>potestatibus.</strong></span> 
     </span>
    </p>
   </div>
   <div class='ocr_carea' id='block_1_70' title="bbox 1893 2643 3380 2728">
    <p class='ocr_par' dir='ltr' id='par_1_70' title="bbox 1893 2643 3380 2728">
     <span class='ocr_line' id='line_1_70' title="bbox 1893 2643 3380 2728; baseline 0 -19"><span class='ocrx_word' id='word_1_407' title='bbox 1893 2658 1978 2711; x_wconf 78' lang='lat'><strong>15.</strong></span> <span class='ocrx_word' id='word_1_408' title='bbox 2008 2655 2269 2728; x_wconf 82' lang='lat' dir='ltr'><strong>Pmprius</strong></span> <span class='ocrx_word' id='word_1_409' title='bbox 2288 2656 2510 2724; x_wconf 86' lang='lat' dir='ltr'><strong>quidem</strong></span> <span class='ocrx_word' id='word_1_410' title='bbox 2537 2669 2733 2709; x_wconf 88' lang='lat' dir='ltr'><strong>sensus</strong></span> <span class='ocrx_word' id='word_1_411' title='bbox 2756 2653 3079 2708; x_wconf 79' lang='lat' dir='ltr'><strong>manifestus</strong></span> <span class='ocrx_word' id='word_1_412' title='bbox 3096 2663 3200 2719; x_wconf 83' lang='lat' dir='ltr'><strong>est,</strong></span> <span class='ocrx_word' id='word_1_413' title='bbox 3235 2643 3380 2725; x_wconf 71' lang='lat' dir='ltr'><strong>quod</strong></span> 
     </span>
    </p>
   </div>
   <div class='ocr_carea' id='block_1_71' title="bbox 1821 2745 3385 2818">
    <p class='ocr_par' dir='ltr' id='par_1_71' title="bbox 1821 2745 3385 2818">
     <span class='ocr_line' id='line_1_71' title="bbox 1821 2745 3385 2818; baseline -0.003 -15"><span class='ocrx_word' id='word_1_414' title='bbox 1821 2749 1938 2818; x_wconf 90' lang='lat' dir='ltr'><strong>ipse</strong></span> <span class='ocrx_word' id='word_1_415' title='bbox 1976 2764 2197 2802; x_wconf 86' lang='lat' dir='ltr'><strong>omnem</strong></span> <span class='ocrx_word' id='word_1_416' title='bbox 2229 2763 2447 2800; x_wconf 83' lang='lat' dir='ltr'><strong>carnem</strong></span> <span class='ocrx_word' id='word_1_417' title='bbox 2473 2745 2568 2800; x_wconf 88' lang='lat' dir='ltr'><strong>alit</strong></span> <span class='ocrx_word' id='word_1_418' title='bbox 2596 2787 2608 2799; x_wconf 93' lang='lat'><strong>.</strong></span> <span class='ocrx_word' id='word_1_419' title='bbox 2637 2756 3006 2800; x_wconf 79' lang='lat' dir='ltr'><strong>verumtamen</strong></span> <span class='ocrx_word' id='word_1_420' title='bbox 3031 2745 3080 2798; x_wconf 89' lang='lat' dir='ltr'><strong>id</strong></span> <span class='ocrx_word' id='word_1_421' title='bbox 3099 2745 3385 2816; x_wconf 66' lang='lat' dir='ltr'><strong>allegorice:</strong></span> 
     </span>
    </p>
   </div>
   <div class='ocr_carea' id='block_1_72' title="bbox 1818 2835 3383 2907">
    <p class='ocr_par' dir='ltr' id='par_1_72' title="bbox 1818 2835 3383 2907">
     <span class='ocr_line' id='line_1_72' title="bbox 1818 2835 3383 2907; baseline -0.001 -17"><span class='ocrx_word' id='word_1_422' title='bbox 1818 2839 1979 2890; x_wconf 87' lang='lat' dir='ltr'><strong>etiam</strong></span> <span class='ocrx_word' id='word_1_423' title='bbox 2016 2837 2279 2907; x_wconf 77' lang='lat' dir='ltr'><strong>explicari</strong></span> <span class='ocrx_word' id='word_1_424' title='bbox 2343 2844 2560 2904; x_wconf 79' lang='lat' dir='ltr'><strong>potest,</strong></span> <span class='ocrx_word' id='word_1_425' title='bbox 2615 2835 2759 2904; x_wconf 88' lang='lat' dir='ltr'><strong>quod</strong></span> <span class='ocrx_word' id='word_1_426' title='bbox 2797 2835 3229 2890; x_wconf 86' lang='lat' dir='ltr'><strong>desiderantibus</strong></span> <span class='ocrx_word' id='word_1_427' title='bbox 3259 2853 3383 2907; x_wconf 80' lang='lat' dir='ltr'><strong>gra-</strong></span> 
     </span>
    </p>
   </div>
   <div class='ocr_carea' id='block_1_73' title="bbox 1819 2928 2986 2997">
    <p class='ocr_par' dir='ltr' id='par_1_73' title="bbox 1819 2928 2986 2997">
     <span class='ocr_line' id='line_1_73' title="bbox 1819 2928 2986 2997; baseline -0.004 -13"><span class='ocrx_word' id='word_1_428' title='bbox 1819 2931 1947 2984; x_wconf 86' lang='lat' dir='ltr'><strong>tiam</strong></span> <span class='ocrx_word' id='word_1_429' title='bbox 1975 2946 2130 2983; x_wconf 87' lang='lat' dir='ltr'><strong>suam</strong></span> <span class='ocrx_word' id='word_1_430' title='bbox 2164 2928 2504 2983; x_wconf 86' lang='lat' dir='ltr'><strong>abundanter</strong></span> <span class='ocrx_word' id='word_1_431' title='bbox 2548 2928 2718 2997; x_wconf 83' lang='lat' dir='ltr'><strong>ipsam</strong></span> <span class='ocrx_word' id='word_1_432' title='bbox 2751 2928 2986 2982; x_wconf 85' lang='lat' dir='ltr'><strong>exhibet.</strong></span> 
     </span>
    </p>
   </div>
   <div class='ocr_carea' id='block_1_74' title="bbox 1889 3018 3383 3088">
    <p class='ocr_par' dir='ltr' id='par_1_74' title="bbox 1889 3018 3383 3088">
     <span class='ocr_line' id='line_1_74' title="bbox 1889 3018 3383 3088; baseline 0.001 -15"><span class='ocrx_word' id='word_1_433' title='bbox 1889 3019 1976 3073; x_wconf 74' lang='grc'><strong>14.</strong></span> <span class='ocrx_word' id='word_1_434' title='bbox 2018 3019 2358 3074; x_wconf 87' lang='lat' dir='ltr'><strong>Constrictos</strong></span> <span class='ocrx_word' id='word_1_435' title='bbox 2399 3034 2429 3072; x_wconf 88' lang='lat' dir='ltr'><strong>a</strong></span> <span class='ocrx_word' id='word_1_436' title='bbox 2475 3018 2710 3088; x_wconf 82' lang='lat' dir='ltr'><strong>pr0priis</strong></span> <span class='ocrx_word' id='word_1_437' title='bbox 2763 3018 2999 3088; x_wconf 87' lang='lat' dir='ltr'><strong>peccatis</strong></span> <span class='ocrx_word' id='word_1_438' title='bbox 3050 3019 3245 3072; x_wconf 86' lang='lat' dir='ltr'><strong>liberat</strong></span> <span class='ocrx_word' id='word_1_439' title='bbox 3290 3034 3383 3074; x_wconf 89' lang='lat' dir='ltr'><strong>eos</strong></span> 
     </span>
    </p>
   </div>
   <div class='ocr_carea' id='block_1_75' title="bbox 1817 3111 2131 3181">
    <p class='ocr_par' dir='ltr' id='par_1_75' title="bbox 1817 3111 2131 3181">
     <span class='ocr_line' id='line_1_75' title="bbox 1817 3111 2131 3181; baseline 0.003 -18"><span class='ocrx_word' id='word_1_440' title='bbox 1817 3111 1988 3181; x_wconf 81' lang='lat' dir='ltr'><strong>gratia</strong></span> <span class='ocrx_word' id='word_1_441' title='bbox 2013 3127 2131 3165; x_wconf 92' lang='lat' dir='ltr'><strong>sua.</strong></span> 
     </span>
    </p>
   </div>
   <div class='ocr_carea' id='block_1_76' title="bbox 1887 3202 3382 3271">
    <p class='ocr_par' dir='ltr' id='par_1_76' title="bbox 1887 3202 3382 3271">
     <span class='ocr_line' id='line_1_76' title="bbox 1887 3202 3382 3271; baseline -0.001 -15"><span class='ocrx_word' id='word_1_442' title='bbox 1887 3202 1974 3257; x_wconf 81' lang='grc'><strong>15.</strong></span> <span class='ocrx_word' id='word_1_443' title='bbox 2024 3202 2200 3257; x_wconf 87' lang='lat' dir='ltr'><strong>Mente</strong></span> <span class='ocrx_word' id='word_1_444' title='bbox 2245 3209 2548 3257; x_wconf 65' lang='lat' dir='ltr'><strong>excmcatos</strong></span> <span class='ocrx_word' id='word_1_445' title='bbox 2601 3203 2877 3271; x_wconf 88' lang='lat' dir='ltr'><strong>sapientes</strong></span> <span class='ocrx_word' id='word_1_446' title='bbox 2925 3202 3101 3255; x_wconf 87' lang='lat' dir='ltr'><strong>reddit</strong></span> <span class='ocrx_word' id='word_1_447' title='bbox 3129 3218 3242 3267; x_wconf 86' lang='lat' dir='ltr'><strong>eos,</strong></span> <span class='ocrx_word' id='word_1_448' title='bbox 3277 3218 3382 3256; x_wconf 88' lang='lat' dir='ltr'><strong>non</strong></span> 
     </span>
    </p>
   </div>
   <div class='ocr_carea' id='block_1_77' title="bbox 1817 3293 3382 3364">
    <p class='ocr_par' dir='ltr' id='par_1_77' title="bbox 1817 3293 3382 3364">
     <span class='ocr_line' id='line_1_77' title="bbox 1817 3293 3382 3364; baseline -0.002 -15"><span class='ocrx_word' id='word_1_449' title='bbox 1817 3297 2080 3364; x_wconf 83' lang='lat' dir='ltr'><strong>sapientia</strong></span> <span class='ocrx_word' id='word_1_450' title='bbox 2107 3294 2270 3363; x_wconf 89' lang='lat' dir='ltr'><strong>hujus</strong></span> <span class='ocrx_word' id='word_1_451' title='bbox 2311 3293 2535 3360; x_wconf 90' lang='lat' dir='ltr'><strong>mundi,</strong></span> <span class='ocrx_word' id='word_1_452' title='bbox 2569 3294 2661 3348; x_wconf 85' lang='lat' dir='ltr'><strong>sed</strong></span> <span class='ocrx_word' id='word_1_453' title='bbox 2712 3293 3070 3362; x_wconf 87' lang='lat' dir='ltr'><strong>insuperabili</strong></span> <span class='ocrx_word' id='word_1_454' title='bbox 3104 3293 3382 3363; x_wconf 89' lang='lat' dir='ltr'><strong>[immuta-</strong></span> 
     </span>
    </p>
   </div>
   <div class='ocr_carea' id='block_1_78' title="bbox 1813 3383 2283 3454">
    <p class='ocr_par' dir='ltr' id='par_1_78' title="bbox 1813 3383 2283 3454">
     <span class='ocr_line' id='line_1_78' title="bbox 1813 3383 2283 3454; baseline -0.006 -16"><span class='ocrx_word' id='word_1_455' title='bbox 1813 3383 1931 3454; x_wconf 88' lang='lat' dir='ltr'><strong>bili]</strong></span> <span class='ocrx_word' id='word_1_456' title='bbox 1972 3396 2024 3438; x_wconf 89' lang='lat' dir='ltr'><strong>et</strong></span> <span class='ocrx_word' id='word_1_457' title='bbox 2061 3391 2283 3437; x_wconf 64' lang='lat' dir='ltr'><strong>aeterna.</strong></span> 
     </span>
    </p>
   </div>
   <div class='ocr_carea' id='block_1_79' title="bbox 1886 3472 3032 3545">
    <p class='ocr_par' dir='ltr' id='par_1_79' title="bbox 1886 3472 3032 3545">
     <span class='ocr_line' id='line_1_79' title="bbox 1886 3472 3032 3545; baseline 0.001 -18"><span class='ocrx_word' id='word_1_458' title='bbox 1886 3473 1979 3527; x_wconf 87' lang='lat'><strong>16.</strong></span> <span class='ocrx_word' id='word_1_459' title='bbox 2010 3472 2273 3529; x_wconf 89' lang='lat' dir='ltr'><strong>Dominus</strong></span> <span class='ocrx_word' id='word_1_460' title='bbox 2308 3473 2469 3545; x_wconf 79' lang='lat' dir='ltr'><strong>erigit</strong></span> <span class='ocrx_word' id='word_1_461' title='bbox 2494 3490 2677 3544; x_wconf 57' lang='lat' dir='ltr'><strong>lapsos</strong></span> <span class='ocrx_word' id='word_1_462' title='bbox 2701 3475 2754 3528; x_wconf 90' lang='lat' dir='ltr'><strong>in</strong></span> <span class='ocrx_word' id='word_1_463' title='bbox 2791 3485 3032 3545; x_wconf 88' lang='lat' dir='ltr'><strong>peccata.</strong></span> 
     </span>
    </p>
   </div>
   <div class='ocr_carea' id='block_1_80' title="bbox 1897 3666 3376 3741">
    <p class='ocr_par' dir='ltr' id='par_1_80' title="bbox 1897 3666 3376 3741">
     <span class='ocr_line' id='line_1_80' title="bbox 1897 3666 3376 3741; baseline 0.007 -23"><span class='ocrx_word' id='word_1_464' title='bbox 1897 3666 1983 3721; x_wconf 90' lang='lat'><strong>17.</strong></span> <span class='ocrx_word' id='word_1_465' title='bbox 2019 3667 2169 3724; x_wconf 84' lang='lat' dir='ltr'><strong>Adeo</strong></span> <span class='ocrx_word' id='word_1_466' title='bbox 2201 3678 2259 3722; x_wconf 94' lang='lat' dir='ltr'><strong>ut</strong></span> <span class='ocrx_word' id='word_1_467' title='bbox 2288 3677 2342 3723; x_wconf 89' lang='lat' dir='ltr'><strong>et</strong></span> <span class='ocrx_word' id='word_1_468' title='bbox 2371 3671 2610 3725; x_wconf 87' lang='lat' dir='ltr'><strong>animam</strong></span> <span class='ocrx_word' id='word_1_469' title='bbox 2652 3687 2802 3725; x_wconf 90' lang='lat' dir='ltr'><strong>suam</strong></span> <span class='ocrx_word' id='word_1_470' title='bbox 2835 3688 2932 3740; x_wconf 87' lang='lat' dir='ltr'><strong>pro</strong></span> <span class='ocrx_word' id='word_1_471' title='bbox 2957 3673 3088 3741; x_wconf 88' lang='lat' dir='ltr'><strong>ipsis</strong></span> <span class='ocrx_word' id='word_1_472' title='bbox 3118 3674 3376 3741; x_wconf 85' lang='lat' dir='ltr'><strong>posuerit.</strong></span> 
     </span>
    </p>
   </div>
   <div class='ocr_carea' id='block_1_81' title="bbox 1893 3757 3307 3832">
    <p class='ocr_par' dir='ltr' id='par_1_81' title="bbox 1893 3757 3307 3832">
     <span class='ocr_line' id='line_1_81' title="bbox 1893 3757 3307 3832; baseline 0.004 -20"><span class='ocrx_word' id='word_1_473' title='bbox 1893 3757 1980 3812; x_wconf 87' lang='grc'><strong>18.</strong></span> <span class='ocrx_word' id='word_1_474' title='bbox 2016 3757 2404 3831; x_wconf 77' lang='lat' dir='ltr'><strong>Confugientes</strong></span> <span class='ocrx_word' id='word_1_475' title='bbox 2433 3761 2499 3815; x_wconf 90' lang='lat' dir='ltr'><strong>ad</strong></span> <span class='ocrx_word' id='word_1_476' title='bbox 2532 3762 2709 3830; x_wconf 90' lang='lat' dir='ltr'><strong>ipsum</strong></span> <span class='ocrx_word' id='word_1_477' title='bbox 2739 3763 2974 3832; x_wconf 82' lang='lat' dir='ltr'><strong>protegit</strong></span> <span class='ocrx_word' id='word_1_478' title='bbox 2995 3761 3164 3832; x_wconf 82' lang='lat' dir='ltr'><strong>gratia</strong></span> <span class='ocrx_word' id='word_1_479' title='bbox 3189 3777 3307 3817; x_wconf 86' lang='lat' dir='ltr'><strong>sua.</strong></span> 
     </span>
    </p>
   </div>
   <div class='ocr_carea' id='block_1_82' title="bbox 1892 3936 3377 4010">
    <p class='ocr_par' dir='ltr' id='par_1_82' title="bbox 1892 3936 3377 4010">
     <span class='ocr_line' id='line_1_82' title="bbox 1892 3936 3377 4010; baseline 0.001 -19"><span class='ocrx_word' id='word_1_480' title='bbox 1892 3938 1976 3991; x_wconf 90' lang='lat'><strong>19.</strong></span> <span class='ocrx_word' id='word_1_481' title='bbox 2013 3936 2221 3993; x_wconf 86' lang='lat' dir='ltr'><strong>Sensus</strong></span> <span class='ocrx_word' id='word_1_482' title='bbox 2243 3939 2460 4007; x_wconf 84' lang='lat' dir='ltr'><strong>quidem</strong></span> <span class='ocrx_word' id='word_1_483' title='bbox 2487 3941 2743 4010; x_wconf 89' lang='lat' dir='ltr'><strong>proprius</strong></span> <span class='ocrx_word' id='word_1_484' title='bbox 2766 3942 3087 3995; x_wconf 80' lang='lat' dir='ltr'><strong>manifestus</strong></span> <span class='ocrx_word' id='word_1_485' title='bbox 3111 3951 3212 4002; x_wconf 85' lang='lat' dir='ltr'><strong>est,</strong></span> <span class='ocrx_word' id='word_1_486' title='bbox 3235 3942 3377 4010; x_wconf 87' lang='lat' dir='ltr'><strong>quod</strong></span> 
     </span>
    </p>
   </div>
   <div class='ocr_carea' id='block_1_83' title="bbox 1822 4028 3380 4102">
    <p class='ocr_par' dir='ltr' id='par_1_83' title="bbox 1822 4028 3380 4102">
     <span class='ocr_line' id='line_1_83' title="bbox 1822 4028 3380 4102; baseline 0.003 -22"><span class='ocrx_word' id='word_1_487' title='bbox 1822 4028 2008 4096; x_wconf 88' lang='lat' dir='ltr'><strong>pupilli</strong></span> <span class='ocrx_word' id='word_1_488' title='bbox 2048 4038 2102 4082; x_wconf 90' lang='lat' dir='ltr'><strong>et</strong></span> <span class='ocrx_word' id='word_1_489' title='bbox 2143 4029 2318 4083; x_wconf 81' lang='lat' dir='ltr'><strong>viduae</strong></span> <span class='ocrx_word' id='word_1_490' title='bbox 2341 4044 2524 4084; x_wconf 83' lang='lat' dir='ltr'><strong>curam</strong></span> <span class='ocrx_word' id='word_1_491' title='bbox 2559 4031 2824 4099; x_wconf 88' lang='lat' dir='ltr'><strong>suscipit:</strong></span> <span class='ocrx_word' id='word_1_492' title='bbox 2861 4032 3148 4102; x_wconf 80' lang='lat' dir='ltr'><strong>allegorice</strong></span> <span class='ocrx_word' id='word_1_493' title='bbox 3201 4043 3380 4086; x_wconf 86' lang='lat' dir='ltr'><strong>autem</strong></span> 
     </span>
    </p>
   </div>
   <div class='ocr_carea' id='block_1_84' title="bbox 1820 4117 3377 4190">
    <p class='ocr_par' dir='ltr' id='par_1_84' title="bbox 1820 4117 3377 4190">
     <span class='ocr_line' id='line_1_84' title="bbox 1820 4117 3377 4190; baseline 0.006 -21"><span class='ocrx_word' id='word_1_494' title='bbox 1820 4117 2056 4185; x_wconf 90' lang='lat' dir='ltr'><strong>loquitur</strong></span> <span class='ocrx_word' id='word_1_495' title='bbox 2101 4118 2166 4174; x_wconf 88' lang='lat' dir='ltr'><strong>de</strong></span> <span class='ocrx_word' id='word_1_496' title='bbox 2212 4119 2444 4189; x_wconf 84' lang='lat' dir='ltr'><strong>juvene,</strong></span> <span class='ocrx_word' id='word_1_497' title='bbox 2491 4137 2651 4190; x_wconf 86' lang='lat' dir='ltr'><strong>quem</strong></span> <span class='ocrx_word' id='word_1_498' title='bbox 2700 4122 2958 4178; x_wconf 79' lang='lat' dir='ltr'><strong>Dominus</strong></span> <span class='ocrx_word' id='word_1_499' title='bbox 2997 4125 3278 4179; x_wconf 84' lang='lat' dir='ltr'><strong>suscitavit</strong></span> <span class='ocrx_word' id='word_1_500' title='bbox 3326 4125 3377 4179; x_wconf 91' lang='lat' dir='ltr'><strong>in</strong></span> 
     </span>
    </p>
   </div>
   <div class='ocr_carea' id='block_1_85' title="bbox 1820 4209 2696 4276">
    <p class='ocr_par' dir='ltr' id='par_1_85' title="bbox 1820 4209 2696 4276">
     <span class='ocr_line' id='line_1_85' title="bbox 1820 4209 2696 4276; baseline 0.007 -13"><span class='ocrx_word' id='word_1_501' title='bbox 1820 4210 1954 4263; x_wconf 86' lang='lat' dir='ltr'><strong>urbe</strong></span> <span class='ocrx_word' id='word_1_502' title='bbox 1977 4209 2135 4276; x_wconf 89' lang='lat' dir='ltr'><strong>Nain,</strong></span> <span class='ocrx_word' id='word_1_503' title='bbox 2160 4221 2214 4265; x_wconf 88' lang='lat' dir='ltr'><strong>et</strong></span> <span class='ocrx_word' id='word_1_504' title='bbox 2242 4212 2308 4266; x_wconf 90' lang='lat' dir='ltr'><strong>de</strong></span> <span class='ocrx_word' id='word_1_505' title='bbox 2329 4213 2474 4268; x_wconf 89' lang='lat' dir='ltr'><strong>illius</strong></span> <span class='ocrx_word' id='word_1_506' title='bbox 2501 4223 2696 4270; x_wconf 90' lang='lat' dir='ltr'><strong>matre.</strong></span> 
     </span>
    </p>
   </div>
   <div class='ocr_carea' id='block_1_86' title="bbox 1888 4299 3399 4374">
    <p class='ocr_par' dir='ltr' id='par_1_86' title="bbox 1888 4299 3399 4374">
     <span class='ocr_line' id='line_1_86' title="bbox 1888 4299 3399 4374; baseline 0.007 -22"><span class='ocrx_word' id='word_1_507' title='bbox 1888 4299 1977 4353; x_wconf 87' lang='lat'><strong>20.</strong></span> <span class='ocrx_word' id='word_1_508' title='bbox 2016 4300 2079 4354; x_wconf 86' lang='lat' dir='ltr'><strong>Et</strong></span> <span class='ocrx_word' id='word_1_509' title='bbox 2107 4317 2320 4356; x_wconf 88' lang='lat' dir='ltr'><strong>omnem</strong></span> <span class='ocrx_word' id='word_1_510' title='bbox 2345 4305 2842 4372; x_wconf 87' lang='lat' dir='ltr'><strong>concupiscentiam</strong></span> <span class='ocrx_word' id='word_1_511' title='bbox 2869 4349 2882 4371; x_wconf 89' lang='lat'><strong>,</strong></span> <span class='ocrx_word' id='word_1_512' title='bbox 2930 4317 2982 4361; x_wconf 90' lang='lat' dir='ltr'><strong>ct</strong></span> <span class='ocrx_word' id='word_1_513' title='bbox 3006 4307 3399 4374; x_wconf 81' lang='lat' dir='ltr'><strong>deceptionem&#39;</strong></span> 
     </span>
    </p>
   </div>
   <div class='ocr_carea' id='block_1_87' title="bbox 1819 4390 3238 4465">
    <p class='ocr_par' dir='ltr' id='par_1_87' title="bbox 1819 4390 3238 4465">
     <span class='ocr_line' id='line_1_87' title="bbox 1819 4390 3238 4465; baseline 0.006 -23"><span class='ocrx_word' id='word_1_514' title='bbox 1819 4398 1872 4443; x_wconf 89' lang='lat' dir='ltr'><strong>et</strong></span> <span class='ocrx_word' id='word_1_515' title='bbox 1907 4390 2208 4445; x_wconf 89' lang='lat' dir='ltr'><strong>doctrinam</strong></span> <span class='ocrx_word' id='word_1_516' title='bbox 2237 4392 2542 4462; x_wconf 88' lang='lat' dir='ltr'><strong>principum</strong></span> <span class='ocrx_word' id='word_1_517' title='bbox 2573 4395 2734 4465; x_wconf 89' lang='lat' dir='ltr'><strong>hujus</strong></span> <span class='ocrx_word' id='word_1_518' title='bbox 2764 4397 2944 4450; x_wconf 65' lang='lat' dir='ltr'><strong>saeculi</strong></span> <span class='ocrx_word' id='word_1_519' title='bbox 2969 4397 3238 4451; x_wconf 77' lang='lat' dir='ltr'><strong>conficiet.</strong></span> 
     </span>
    </p>
   </div>
   <div class='ocr_carea' id='block_1_88' title="bbox 1889 4565 3376 4635">
    <p class='ocr_par' dir='ltr' id='par_1_88' title="bbox 1889 4565 3376 4635">
     <span class='ocr_line' id='line_1_88' title="bbox 1889 4565 3376 4635; baseline 0.001 -17"><span class='ocrx_word' id='word_1_520' title='bbox 1889 4566 1978 4631; x_wconf 87' lang='lat'><strong>21,</strong></span> <span class='ocrx_word' id='word_1_521' title='bbox 2003 4566 2091 4618; x_wconf 75' lang='lat'><strong>22.</strong></span> <span class='ocrx_word' id='word_1_522' title='bbox 2120 4566 2179 4620; x_wconf 84' lang='lat' dir='ltr'><strong>In</strong></span> <span class='ocrx_word' id='word_1_523' title='bbox 2202 4575 2464 4620; x_wconf 67' lang='lat' dir='ltr'><strong>mternum</strong></span> <span class='ocrx_word' id='word_1_524' title='bbox 2491 4565 2632 4621; x_wconf 89' lang='lat' dir='ltr'><strong>Deus</strong></span> <span class='ocrx_word' id='word_1_525' title='bbox 2660 4574 2785 4621; x_wconf 90' lang='lat' dir='ltr'><strong>tuus</strong></span> <span class='ocrx_word' id='word_1_526' title='bbox 2807 4583 3041 4635; x_wconf 88' lang='lat' dir='ltr'><strong>supema</strong></span> <span class='ocrx_word' id='word_1_527' title='bbox 3059 4566 3376 4633; x_wconf 81' lang='lat' dir='ltr'><strong>Jerusalem,</strong></span> 
     </span>
    </p>
   </div>
   <div class='ocr_carea' id='block_1_89' title="bbox 1817 4657 3379 4727">
    <p class='ocr_par' dir='ltr' id='par_1_89' title="bbox 1817 4657 3379 4727">
     <span class='ocr_line' id='line_1_89' title="bbox 1817 4657 3379 4727; baseline -0.001 -16"><span class='ocrx_word' id='word_1_528' title='bbox 1817 4658 1908 4711; x_wconf 73' lang='lat' dir='ltr'><strong>ubi</strong></span> <span class='ocrx_word' id='word_1_529' title='bbox 1942 4659 2330 4727; x_wconf 69' lang='lat' dir='ltr'><strong>supercmleste</strong></span> <span class='ocrx_word' id='word_1_530' title='bbox 2372 4659 2542 4712; x_wconf 89' lang='lat' dir='ltr'><strong>altare</strong></span> <span class='ocrx_word' id='word_1_531' title='bbox 2572 4659 2785 4712; x_wconf 77' lang='lat' dir='ltr'><strong>exsistit</strong></span> <span class='ocrx_word' id='word_1_532' title='bbox 2819 4673 2833 4712; x_wconf 91' lang='lat'><strong>:</strong></span> <span class='ocrx_word' id='word_1_533' title='bbox 2867 4657 2991 4712; x_wconf 82' lang='lat' dir='ltr'><strong>Sion</strong></span> <span class='ocrx_word' id='word_1_534' title='bbox 3027 4659 3169 4712; x_wconf 87' lang='lat' dir='ltr'><strong>enim</strong></span> <span class='ocrx_word' id='word_1_535' title='bbox 3216 4659 3379 4711; x_wconf 86' lang='lat' dir='ltr'><strong>inter-</strong></span> 
     </span>
    </p>
   </div>
   <div class='ocr_carea' id='block_1_90' title="bbox 1815 4748 3380 4817">
    <p class='ocr_par' dir='ltr' id='par_1_90' title="bbox 1815 4748 3380 4817">
     <span class='ocr_line' id='line_1_90' title="bbox 1815 4748 3380 4817; baseline 0.002 -16"><span class='ocrx_word' id='word_1_536' title='bbox 1815 4757 2056 4817; x_wconf 87' lang='lat' dir='ltr'><strong>pretatur</strong></span> <span class='ocrx_word' id='word_1_537' title='bbox 2096 4748 2240 4801; x_wconf 81' lang='lat' dir='ltr'><strong>locus</strong></span> <span class='ocrx_word' id='word_1_538' title='bbox 2298 4750 2385 4802; x_wconf 83' lang='lat' dir='ltr'><strong>ubi</strong></span> <span class='ocrx_word' id='word_1_539' title='bbox 2417 4748 2846 4814; x_wconf 83' lang='lat' dir='ltr'><strong>tabernaculum,</strong></span> <span class='ocrx_word' id='word_1_540' title='bbox 2883 4753 2986 4803; x_wconf 87' lang='lat' dir='ltr'><strong>hoc</strong></span> <span class='ocrx_word' id='word_1_541' title='bbox 3022 4759 3104 4802; x_wconf 80' lang='lat' dir='ltr'><strong>est</strong></span> <span class='ocrx_word' id='word_1_542' title='bbox 3141 4749 3230 4802; x_wconf 80' lang='lat' dir='ltr'><strong>ubi</strong></span> <span class='ocrx_word' id='word_1_543' title='bbox 3288 4766 3380 4804; x_wconf 86' lang='lat' dir='ltr'><strong>su—</strong></span> 
     </span>
    </p>
   </div>
   <div class='ocr_carea' id='block_1_91' title="bbox 1748 4841 2345 4912">
    <p class='ocr_par' dir='ltr' id='par_1_91' title="bbox 1748 4841 2345 4912">
     <span class='ocr_line' id='line_1_91' title="bbox 1748 4841 2345 4912; baseline 0.002 -18"><span class='ocrx_word' id='word_1_544' title='bbox 1748 4859 1791 4912; x_wconf 80' lang='grc' dir='ltr'><strong>ι)</strong></span> <span class='ocrx_word' id='word_1_545' title='bbox 1818 4841 2134 4910; x_wconf 73' lang='grc' dir='ltr'>ρθτρωίοειθ</span> <span class='ocrx_word' id='word_1_546' title='bbox 2159 4841 2345 4896; x_wconf 81' lang='lat' dir='ltr'><strong>altare.</strong></span> 
     </span>
    </p>
   </div>
   <div class='ocr_carea' id='block_1_92' title="bbox 222 4950 3378 5031">
    <p class='ocr_par' dir='ltr' id='par_1_92' title="bbox 222 4950 3378 5031">
     <span class='ocr_line' id='line_1_92' title="bbox 222 4950 3378 5031; baseline -0.001 -20"><span class='ocrx_word' id='word_1_547' title='bbox 222 4960 295 5011; x_wconf 86' lang='grc' dir='ltr'><strong>Ἥ</strong></span> <span class='ocrx_word' id='word_1_548' title='bbox 332 4960 660 5031; x_wconf 82' lang='grc' dir='ltr'>προκειμένη</span> <span class='ocrx_word' id='word_1_549' title='bbox 695 4960 970 5030; x_wconf 74' lang='grc' dir='ltr'>ἐπιγραφὴ</span> <span class='ocrx_word' id='word_1_550' title='bbox 1005 4959 1242 5030; x_wconf 82' lang='grc' dir='ltr'>περιέχει</span> <span class='ocrx_word' id='word_1_551' title='bbox 1273 4958 1368 5028; x_wconf 83' lang='grc'>(6)·</span> <span class='ocrx_word' id='word_1_552' title='bbox 1410 4957 1778 5023; x_wconf 73' lang='grc' dir='ltr'>Ἀλληλούῖα,</span> <span class='ocrx_word' id='word_1_553' title='bbox 1832 4955 2093 5025; x_wconf 74' lang='grc' dir='ltr'>Ἀγγαίου</span> <span class='ocrx_word' id='word_1_554' title='bbox 2127 4956 2225 5008; x_wconf 83' lang='grc' dir='ltr'><strong>καί</strong></span> <span class='ocrx_word' id='word_1_555' title='bbox 2255 4957 2550 5024; x_wconf 78' lang='grc' dir='ltr'>Ζαχαρίου</span> <span class='ocrx_word' id='word_1_556' title='bbox 2570 4973 2582 4985; x_wconf 90' lang='grc'><strong>·</strong></span> <span class='ocrx_word' id='word_1_557' title='bbox 2608 4956 2941 5022; x_wconf 60' lang='grc' dir='ltr'>Μληλούῖα</span> <span class='ocrx_word' id='word_1_558' title='bbox 2970 4950 3061 5007; x_wconf 75' lang='grc' dir='ltr'>οὖν</span> <span class='ocrx_word' id='word_1_559' title='bbox 3086 4955 3378 5025; x_wconf 80' lang='grc' dir='ltr'>ἑρμηνεύε-</span> 
     </span>
    </p>
   </div>
   <div class='ocr_carea' id='block_1_93' title="bbox 212 5045 3378 5118">
    <p class='ocr_par' dir='ltr' id='par_1_93' title="bbox 212 5045 3378 5118">
     <span class='ocr_line' id='line_1_93' title="bbox 212 5045 3378 5118; baseline 0 -19"><span class='ocrx_word' id='word_1_560' title='bbox 212 5045 434 5102; x_wconf 86' lang='lat' dir='ltr'><strong>Titulus</strong></span> <span class='ocrx_word' id='word_1_561' title='bbox 462 5050 780 5117; x_wconf 70' lang='lat' dir='ltr'><strong>praepositus</strong></span> <span class='ocrx_word' id='word_1_562' title='bbox 815 5049 1055 5102; x_wconf 80' lang='lat' dir='ltr'><strong>continet</strong></span> <span class='ocrx_word' id='word_1_563' title='bbox 1087 5069 1098 5100; x_wconf 90' lang='lat'>:</span> <span class='ocrx_word' id='word_1_564' title='bbox 1133 5048 1360 5100; x_wconf 74' lang='lat' dir='ltr'><strong>Alleluia</strong></span> <span class='ocrx_word' id='word_1_565' title='bbox 1381 5087 1395 5110; x_wconf 89' lang='lat'><strong>,</strong></span> <span class='ocrx_word' id='word_1_566' title='bbox 1428 5048 1603 5115; x_wconf 68' lang='lat' dir='ltr'><strong>Aggwi</strong></span> <span class='ocrx_word' id='word_1_567' title='bbox 1626 5087 1638 5110; x_wconf 92' lang='lat'><strong>,</strong></span> <span class='ocrx_word' id='word_1_568' title='bbox 1679 5057 1729 5099; x_wconf 88' lang='lat' dir='ltr'><strong>et</strong></span> <span class='ocrx_word' id='word_1_569' title='bbox 1757 5046 2035 5100; x_wconf 63' lang='lat' dir='ltr'><strong>Zachariae</strong></span> <span class='ocrx_word' id='word_1_570' title='bbox 2068 5062 2085 5098; x_wconf 91' lang='lat'><em>:</em></span> <span class='ocrx_word' id='word_1_571' title='bbox 2114 5047 2328 5100; x_wconf 86' lang='lat' dir='ltr'><strong>alleluia</strong></span> <span class='ocrx_word' id='word_1_572' title='bbox 2366 5049 2530 5117; x_wconf 79' lang='lat' dir='ltr'><strong>igitur</strong></span> <span class='ocrx_word' id='word_1_573' title='bbox 2557 5049 2938 5118; x_wconf 85' lang='lat' dir='ltr'><strong>interpretatur</strong></span> <span class='ocrx_word' id='word_1_574' title='bbox 2965 5049 3080 5101; x_wconf 82' lang='lat' dir='ltr'><strong>laus</strong></span> <span class='ocrx_word' id='word_1_575' title='bbox 3140 5061 3187 5102; x_wconf 80' lang='lat' dir='ltr'><strong>et</strong></span> <span class='ocrx_word' id='word_1_576' title='bbox 3227 5049 3378 5117; x_wconf 71' lang='lat' dir='ltr'><strong>Itym—</strong></span> 
     </span>
    </p>
   </div>
   <div class='ocr_carea' id='block_1_94' title="bbox 212 5136 1717 5210">
    <p class='ocr_par' dir='ltr' id='par_1_94' title="bbox 212 5136 1717 5210">
     <span class='ocr_line' id='line_1_94' title="bbox 212 5136 1717 5210; baseline 0 -22"><span class='ocrx_word' id='word_1_577' title='bbox 212 5136 272 5190; x_wconf 92' lang='lat'><strong>1.</strong></span> <span class='ocrx_word' id='word_1_578' title='bbox 312 5137 516 5189; x_wconf 80' lang='grc' dir='ltr'>Αἰνεῖτε</span> <span class='ocrx_word' id='word_1_579' title='bbox 557 5138 645 5190; x_wconf 86' lang='grc' dir='ltr'><strong>τὸν</strong></span> <span class='ocrx_word' id='word_1_580' title='bbox 693 5139 911 5210; x_wconf 81' lang='grc' dir='ltr'>Κύριον,</span> <span class='ocrx_word' id='word_1_581' title='bbox 942 5141 1020 5192; x_wconf 87' lang='grc' dir='ltr'>ὃτι</span> <span class='ocrx_word' id='word_1_582' title='bbox 1065 5140 1162 5208; x_wconf 74' lang='grc' dir='ltr'>ἡδὺ</span> <span class='ocrx_word' id='word_1_583' title='bbox 1207 5137 1284 5207; x_wconf 80' lang='grc' dir='ltr'><strong>τῷ</strong></span> <span class='ocrx_word' id='word_1_584' title='bbox 1335 5137 1453 5206; x_wconf 85' lang='grc' dir='ltr'>Θεῷ</span> <span class='ocrx_word' id='word_1_585' title='bbox 1487 5139 1546 5189; x_wconf 82' lang='grc' dir='ltr'><strong>τὸ</strong></span> <span class='ocrx_word' id='word_1_586' title='bbox 1578 5136 1717 5208; x_wconf 70' lang='grc' dir='ltr'>ψάλ-</span> 
     </span>
    </p>
   </div>
   <div class='ocr_carea' id='block_1_95' title="bbox 141 5229 569 5300">
    <p class='ocr_par' dir='ltr' id='par_1_95' title="bbox 141 5229 569 5300">
     <span class='ocr_line' id='line_1_95' title="bbox 141 5229 569 5300; baseline 0.005 -21"><span class='ocrx_word' id='word_1_587' title='bbox 141 5229 260 5282; x_wconf 88' lang='grc' dir='ltr'>λειν</span> <span class='ocrx_word' id='word_1_588' title='bbox 293 5229 371 5298; x_wconf 82' lang='grc'><strong>(7)</strong></span> <span class='ocrx_word' id='word_1_589' title='bbox 403 5230 569 5300; x_wconf 76' lang='grc' dir='ltr'>αὐτῷ.</span> 
     </span>
    </p>
   </div>
   <div class='ocr_carea' id='block_1_96' title="bbox 1895 5136 3375 5209">
    <p class='ocr_par' dir='ltr' id='par_1_96' title="bbox 1895 5136 3375 5209">
     <span class='ocr_line' id='line_1_96' title="bbox 1895 5136 3375 5209; baseline 0 -18"><span class='ocrx_word' id='word_1_590' title='bbox 1895 5139 1946 5191; x_wconf 89' lang='grc'><strong>1.</strong></span> <span class='ocrx_word' id='word_1_591' title='bbox 1982 5136 2222 5191; x_wconf 84' lang='lat' dir='ltr'><strong>Laudate</strong></span> <span class='ocrx_word' id='word_1_592' title='bbox 2267 5138 2598 5204; x_wconf 89' lang='lat' dir='ltr'><strong>Dominum,</strong></span> <span class='ocrx_word' id='word_1_593' title='bbox 2646 5140 2905 5208; x_wconf 85' lang='lat' dir='ltr'><strong>quoniam</strong></span> <span class='ocrx_word' id='word_1_594' title='bbox 2948 5139 3247 5209; x_wconf 89' lang='lat' dir='ltr'><strong>jucundum</strong></span> <span class='ocrx_word' id='word_1_595' title='bbox 3298 5148 3375 5192; x_wconf 85' lang='lat' dir='ltr'><strong>est</strong></span> 
     </span>
    </p>
   </div>
   <div class='ocr_carea' id='block_1_97' title="bbox 1825 5227 2474 5298">
    <p class='ocr_par' dir='ltr' id='par_1_97' title="bbox 1825 5227 2474 5298">
     <span class='ocr_line' id='line_1_97' title="bbox 1825 5227 2474 5298; baseline 0.005 -18"><span class='ocrx_word' id='word_1_596' title='bbox 1825 5227 1954 5294; x_wconf 88' lang='lat' dir='ltr'><strong>Deo,</strong></span> <span class='ocrx_word' id='word_1_597' title='bbox 1985 5237 2044 5282; x_wconf 91' lang='lat' dir='ltr'><strong>ut</strong></span> <span class='ocrx_word' id='word_1_598' title='bbox 2069 5230 2169 5298; x_wconf 84' lang='lat' dir='ltr'><strong>ipsi</strong></span> <span class='ocrx_word' id='word_1_599' title='bbox 2194 5229 2474 5298; x_wconf 88' lang='lat' dir='ltr'><strong>psallatur.</strong></span> 
     </span>
    </p>
   </div>
   <div class='ocr_carea' id='block_1_98' title="bbox 1016 5342 2335 5419">
    <p class='ocr_par' dir='ltr' id='par_1_98' title="bbox 1016 5342 2335 5419">
     <span class='ocr_line' id='line_1_98' title="bbox 1016 5342 2335 5419; baseline 0.002 -17"><span class='ocrx_word' id='word_1_600' title='bbox 1016 5343 1317 5404; x_wconf 80' lang='lat' dir='ltr'><strong>Addenda</strong></span> <span class='ocrx_word' id='word_1_601' title='bbox 1348 5350 1409 5404; x_wconf 91' lang='lat' dir='ltr'><strong>et</strong></span> <span class='ocrx_word' id='word_1_602' title='bbox 1446 5342 1817 5419; x_wconf 77' lang='lat' dir='ltr'><strong>corrigenda</strong></span> <span class='ocrx_word' id='word_1_603' title='bbox 1850 5359 1924 5401; x_wconf 80' lang='lat' dir='ltr'><strong>ex</strong></span> <span class='ocrx_word' id='word_1_604' title='bbox 1959 5343 2096 5403; x_wconf 91' lang='lat' dir='ltr'><strong>cod.</strong></span> <span class='ocrx_word' id='word_1_605' title='bbox 2132 5343 2335 5404; x_wconf 84' lang='lat' dir='ltr'><strong>Vatic.</strong></span> 
     </span>
    </p>
   </div>
   <div class='ocr_carea' id='block_1_99' title="bbox 218 5437 599 5506">
    <p class='ocr_par' dir='ltr' id='par_1_99' title="bbox 218 5437 599 5506">
     <span class='ocr_line' id='line_1_99' title="bbox 218 5437 599 5506; baseline 0.008 -13"><span class='ocrx_word' id='word_1_606' title='bbox 218 5437 294 5506; x_wconf 86' lang='grc'><strong>(1)</strong></span> <span class='ocrx_word' id='word_1_607' title='bbox 337 5439 403 5491; x_wconf 82' lang='grc' dir='ltr'><strong>Δέ</strong></span> <span class='ocrx_word' id='word_1_608' title='bbox 430 5440 599 5496; x_wconf 88' lang='lat' dir='ltr'><strong>deest.</strong></span> 
     </span>
    </p>
   </div>
   <div class='ocr_carea' id='block_1_100' title="bbox 217 5509 692 5575">
    <p class='ocr_par' dir='ltr' id='par_1_100' title="bbox 217 5509 692 5575">
     <span class='ocr_line' id='line_1_100' title="bbox 217 5509 692 5575; baseline 0.013 -16"><span class='ocrx_word' id='word_1_609' title='bbox 217 5510 274 5575; x_wconf 88' lang='lat'><strong>(2</strong></span> <span class='ocrx_word' id='word_1_610' title='bbox 286 5523 297 5567; x_wconf 66' lang='grc' dir='ltr'><strong>ι</strong></span> <span class='ocrx_word' id='word_1_611' title='bbox 326 5509 489 5563; x_wconf 90' lang='grc' dir='ltr'>Ίδίων</span> <span class='ocrx_word' id='word_1_612' title='bbox 524 5511 692 5565; x_wconf 82' lang='lat' dir='ltr'><strong>deest.</strong></span> 
     </span>
    </p>
   </div>
   <div class='ocr_carea' id='block_1_101' title="bbox 217 5580 1598 5651">
    <p class='ocr_par' dir='ltr' id='par_1_101' title="bbox 217 5580 1598 5651">
     <span class='ocr_line' id='line_1_101' title="bbox 217 5580 1598 5651; baseline 0.001 -20"><span class='ocrx_word' id='word_1_613' title='bbox 217 5580 294 5651; x_wconf 55' lang='lat' dir='ltr'><strong>(Et)</strong></span> <span class='ocrx_word' id='word_1_614' title='bbox 334 5580 758 5651; x_wconf 84' lang='grc' dir='ltr'>Πεπορωμένους</span> <span class='ocrx_word' id='word_1_615' title='bbox 782 5583 882 5647; x_wconf 71' lang='lat' dir='ltr'><strong>leg.</strong></span> <span class='ocrx_word' id='word_1_616' title='bbox 913 5582 1122 5635; x_wconf 85' lang='lat' dir='ltr'><strong>videtur</strong></span> <span class='ocrx_word' id='word_1_617' title='bbox 1154 5581 1598 5651; x_wconf 79' lang='grc' dir='ltr'>πεπηρωμένους.</span> 
     </span>
    </p>
   </div>
   <div class='ocr_carea' id='block_1_102' title="bbox 219 5649 895 5719">
    <p class='ocr_par' dir='ltr' id='par_1_102' title="bbox 219 5649 895 5719">
     <span class='ocr_line' id='line_1_102' title="bbox 219 5649 895 5719; baseline 0.012 -22"><span class='ocrx_word' id='word_1_618' title='bbox 337 5649 545 5708; x_wconf 74' lang='grc' dir='ltr'>Αὐτῶν,</span> <span class='ocrx_word' id='word_1_619' title='bbox 583 5651 680 5719; x_wconf 76' lang='lat' dir='ltr'><strong>lti&#39;g.</strong></span> <span class='ocrx_word' id='word_1_620' title='bbox 715 5653 895 5706; x_wconf 71' lang='grc' dir='ltr'>αὑτοῦ.</span> 
     </span>
    </p>
   </div>
   <div class='ocr_carea' id='block_1_103' title="bbox 220 5718 1708 5790">
    <p class='ocr_par' dir='ltr' id='par_1_103' title="bbox 220 5718 1708 5790">
     <span class='ocr_line' id='line_1_103' title="bbox 220 5718 1708 5790; baseline 0.001 -20"><span class='ocrx_word' id='word_1_621' title='bbox 220 5718 296 5786; x_wconf 82' lang='lat'><strong>(5)</strong></span> <span class='ocrx_word' id='word_1_622' title='bbox 336 5719 402 5772; x_wconf 88' lang='lat' dir='ltr'><strong>N.</strong></span> <span class='ocrx_word' id='word_1_623' title='bbox 447 5718 960 5789; x_wconf 67' lang='grc' dir='ltr'>21.“Ατελευτήτως.</span> <span class='ocrx_word' id='word_1_624' title='bbox 999 5721 1065 5774; x_wconf 85' lang='grc' dir='ltr'><strong>Ν.</strong></span> <span class='ocrx_word' id='word_1_625' title='bbox 1109 5719 1198 5773; x_wconf 82' lang='lat'><strong>22.</strong></span> <span class='ocrx_word' id='word_1_626' title='bbox 1235 5723 1290 5774; x_wconf 87' lang='grc' dir='ltr'><em>Ὀ</em></span> <span class='ocrx_word' id='word_1_627' title='bbox 1337 5721 1464 5783; x_wconf 69' lang='grc' dir='ltr'>Θεὸς</span> <span class='ocrx_word' id='word_1_628' title='bbox 1503 5723 1534 5790; x_wconf 80' lang='grc' dir='ltr'>ἡ</span> <span class='ocrx_word' id='word_1_629' title='bbox 1579 5720 1708 5784; x_wconf 81' lang='grc' dir='ltr'>ἄνω,</span> 
     </span>
    </p>
   </div>
   <div class='ocr_carea' id='block_1_104' title="bbox 469 5811 1181 5872">
    <p class='ocr_par' dir='ltr' id='par_1_104' title="bbox 469 5811 1181 5872">
     <span class='ocr_line' id='line_1_104' title="bbox 469 5811 1181 5872; baseline 0 -4"><span class='ocrx_word' id='word_1_630' title='bbox 469 5813 736 5872; x_wconf 71' lang='grc' dir='ltr'>ΡΑτιιοι..</span> <span class='ocrx_word' id='word_1_631' title='bbox 770 5815 884 5870; x_wconf 62' lang='lat' dir='ltr'><strong>(in.</strong></span> <span class='ocrx_word' id='word_1_632' title='bbox 924 5811 1181 5870; x_wconf 67' lang='lat' dir='ltr'><strong>XXVII.</strong></span> 
     </span>
    </p>
   </div>
   <div class='ocr_carea' id='block_1_105' title="bbox 1820 5441 2767 5506">
    <p class='ocr_par' dir='ltr' id='par_1_105' title="bbox 1820 5441 2767 5506">
     <span class='ocr_line' id='line_1_105' title="bbox 1820 5441 2767 5506; baseline 0.003 -12"><span class='ocrx_word' id='word_1_633' title='bbox 1820 5449 1948 5502; x_wconf 77' lang='lat' dir='ltr'><strong>etc.,</strong></span> <span class='ocrx_word' id='word_1_634' title='bbox 1978 5441 2248 5492; x_wconf 84' lang='grc' dir='ltr'>τουτέστιν</span> <span class='ocrx_word' id='word_1_635' title='bbox 2277 5444 2454 5504; x_wconf 83' lang='grc' dir='ltr'>τόπος,</span> <span class='ocrx_word' id='word_1_636' title='bbox 2485 5445 2638 5506; x_wconf 83' lang='grc' dir='ltr'>ὅπου,</span> <span class='ocrx_word' id='word_1_637' title='bbox 2664 5454 2767 5497; x_wconf 84' lang='lat' dir='ltr'><strong>etc.</strong></span> 
     </span>
    </p>
   </div>
   <div class='ocr_carea' id='block_1_106' title="bbox 1892 5511 3370 5584">
    <p class='ocr_par' dir='ltr' id='par_1_106' title="bbox 1892 5511 3370 5584">
     <span class='ocr_line' id='line_1_106' title="bbox 1892 5511 3370 5584; baseline -0.003 -22"><span class='ocrx_word' id='word_1_638' title='bbox 1892 5511 1965 5584; x_wconf 80' lang='lat'><strong>(6)</strong></span> <span class='ocrx_word' id='word_1_639' title='bbox 1997 5511 2059 5560; x_wconf 84' lang='lat' dir='ltr'><strong>&#39;H</strong></span> <span class='ocrx_word' id='word_1_640' title='bbox 2098 5511 2185 5584; x_wconf 72' lang='grc' dir='ltr'><strong>διά</strong></span> <span class='ocrx_word' id='word_1_641' title='bbox 2218 5511 2314 5580; x_wconf 82' lang='grc' dir='ltr'>τῆς</span> <span class='ocrx_word' id='word_1_642' title='bbox 2349 5513 2710 5584; x_wconf 75' lang='grc' dir='ltr'>κινναϐάρεως</span> <span class='ocrx_word' id='word_1_643' title='bbox 2742 5514 3000 5584; x_wconf 75' lang='grc' dir='ltr'>περιέχει,</span> <span class='ocrx_word' id='word_1_644' title='bbox 3033 5520 3161 5569; x_wconf 86' lang='lat' dir='ltr'><strong>etc.,</strong></span> <span class='ocrx_word' id='word_1_645' title='bbox 3194 5512 3370 5584; x_wconf 48' lang='grc' dir='ltr'>-ὲρμης</span> 
     </span>
    </p>
   </div>
   <div class='ocr_carea' id='block_1_107' title="bbox 1820 5579 3372 5653">
    <p class='ocr_par' dir='ltr' id='par_1_107' title="bbox 1820 5579 3372 5653">
     <span class='ocr_line' id='line_1_107' title="bbox 1820 5579 3372 5653; baseline -0.01 -8"><span class='ocrx_word' id='word_1_646' title='bbox 1820 5581 2028 5653; x_wconf 59' lang='grc' dir='ltr'>νὶὖεζειι</span> <span class='ocrx_word' id='word_1_647' title='bbox 2074 5579 2522 5653; x_wconf 74' lang='grc' dir='ltr'>μνήμηΚυρίου,</span> <span class='ocrx_word' id='word_1_648' title='bbox 2559 5579 2688 5649; x_wconf 74' lang='lat' dir='ltr'><strong>etc.,</strong></span> <span class='ocrx_word' id='word_1_649' title='bbox 2729 5579 3109 5652; x_wconf 71' lang='grc' dir='ltr'>αἶνος,”ὖμνος</span> <span class='ocrx_word' id='word_1_650' title='bbox 3151 5579 3236 5649; x_wconf 35' lang='grc' dir='ltr'><strong>τῷ.</strong></span> <span class='ocrx_word' id='word_1_651' title='bbox 3262 5579 3372 5649; x_wconf 67' lang='grc' dir='ltr'>θείς·</span> 
     </span>
    </p>
   </div>
   <div class='ocr_carea' id='block_1_108' title="bbox 1818 5649 2361 5720">
    <p class='ocr_par' dir='ltr' id='par_1_108' title="bbox 1818 5649 2361 5720">
     <span class='ocr_line' id='line_1_108' title="bbox 1818 5649 2361 5720; baseline 0.009 -20"><span class='ocrx_word' id='word_1_652' title='bbox 1818 5649 1893 5719; x_wconf 81' lang='grc' dir='ltr'><strong>τῷ</strong></span> <span class='ocrx_word' id='word_1_653' title='bbox 1930 5651 2040 5701; x_wconf 81' lang='grc' dir='ltr'>δντι</span> <span class='ocrx_word' id='word_1_654' title='bbox 2065 5653 2230 5720; x_wconf 88' lang='grc' dir='ltr'>παρά,</span> <span class='ocrx_word' id='word_1_655' title='bbox 2250 5649 2361 5705; x_wconf 18' lang='grc' dir='ltr'>θείς.</span> 
     </span>
    </p>
   </div>
   <div class='ocr_carea' id='block_1_109' title="bbox 1888 5720 2338 5788">
    <p class='ocr_par' dir='ltr' id='par_1_109' title="bbox 1888 5720 2338 5788">
     <span class='ocr_line' id='line_1_109' title="bbox 1888 5720 2338 5788; baseline 0.009 -18"><span class='ocrx_word' id='word_1_656' title='bbox 1888 5720 1963 5788; x_wconf 79' lang='lat'><strong>(7)</strong></span> <span class='ocrx_word' id='word_1_657' title='bbox 2003 5720 2201 5787; x_wconf 73' lang='grc' dir='ltr'>Ψάλαι,</span> <span class='ocrx_word' id='word_1_658' title='bbox 2235 5730 2338 5774; x_wconf 71' lang='grc' dir='ltr'><strong>ειη.</strong></span> 
     </span>
    </p>
   </div>
   <div class='ocr_carea' id='block_1_110' title="bbox 3059 5815 3130 5877">
    <p class='ocr_par' dir='ltr' id='par_1_110' title="bbox 3059 5815 3130 5877">
     <span class='ocr_line' id='line_1_110' title="bbox 3059 5815 3130 5877; baseline -0.07 0"><span class='ocrx_word' id='word_1_659' title='bbox 3059 5815 3130 5877; x_wconf 61' lang='grc'><strong>12</strong></span> 
     </span>
    </p>
   </div>
  </div>
