4094 6322
722 333 855 389 1525

780 449 835 504 2.
870 449 980 504 Deo
1011 459 1196 505 nostro
1226 450 1296 504 sit
1319 449 1560 519 jucunda
1598 451 1858 505 laudatio.

782 543 836 596 5.
870 538 1168 596 Ediﬁcans
1197 539 1496 596 Jerusalem
1525 541 1784 595 Dominus
1821 557 1834 594 :

783 634 836 688 4.
871 633 1242 703 Dispersiones
1271 634 1481 688 lsraelis
1508 634 1874 702 eongregabit.

781 725 832 779 5.
863 723 964 791 Qui
995 734 1150 778 sanat
1182 724 1446 778 contritos
1482 724 1678 787 corde;

782 816 829 870 6.
864 816 923 869 Et
965 817 1148 885 alligat
1177 815 1532 870 contritiones
1559 831 1765 877 eorum,

779 909 828 964 7.
867 908 969 974 Qui
1003 919 1251 963 numerat
1279 908 1678 962 multitudinem
1713 907 1989 962 stellarum
2013 949 2027 971 ,

781 997 830 1051 8.
866 997 930 1053 Et
963 1000 1214 1053 omnibus
1253 999 1332 1053 eis
1365 998 1582 1052 nomina
1618 1006 1791 1051 vocat.

1517 333 1572 386 S.
1615 330 1990 386 ATHANASII
2029 329 2178 386 OPP.
2223 329 2402 386 PARS
2441 332 2525 386 Ill.
2574 361 2639 374 -—
2681 331 3091 390 EXEGETICA.

3803 335 3925 398 1534

2311 458 2353 514 Α
2449 451 2501 504 2.
2541 451 2658 522 Θεῷ
2685 451 2928 522 ήδυνθείη
2952 451 3171 515 αἴνεσις.

2451 545 2502 598 '5.
2543 544 2850 614 Οἰκοδομιῖη·
2889 543 3237 614 Ἰερουσαλὴμ
3259 545 3286 596 6
3313 542 3541 614 Κύριοςο

2445 637 2496 690 5.
2537 638 2646 698 Τὰς
2680 636 2974 706 διασπορὰς
3003 635 3096 687 τοῦ
3125 635 3342 706 Ἰσραὴλ
3368 634 3703 700 ἐπισυνάξει.

2483 765 2496 778 .
2545 727 2599 779 Ὀ
2633 726 2853 795 ἰώμενος
2883 727 3006 788 τοὺς
3032 725 3518 796 συντετριμμένους
3545 725 3640 789 τὴν
3686 721 3924 794 καρδίαν·

2485 857 2495 868 .
2534 818 2639 870 Καὶ
2661 816 2935 887 δεσμεύων
2969 817 3035 868 τά
3061 818 3439 887 συντρίμματα
3460 814 3657 869 αὐτῶν.

2487 948 2498 959 .
2544 908 2603 961 '0
2630 908 2874 980 ἀριθμῶν
2902 908 3078 978 πλήθη
3101 908 3310 976 ἄστρων
3329 946 3343 970 ,

2446 998 2498 1051 8.
2535 999 2642 1050 Καὶ
2675 1000 2836 1050 πᾶσιν
2859 999 3040 1060 αὐτοῖς
3069 997 3304 1066 ὀνόματα
3331 994 3528 1049 καλῶν.

2445 656 2476 689 ο

2445 727 2477 778 5

2445 816 2477 869 6

2447 909 2474 960 7

1825 1142 2199 1198 ATHANASII
2238 1144 2821 1204 INTERPRETATIU.

713 1308 797 1344 ται
823 1285 988 1353 αἶνος
1019 1286 1113 1340 καὶ
1155 1287 1372 1354 ῦμνοςυ
1401 1285 1662 1354 Ἀγγαίου
1694 1283 1749 1336 δὲ
1781 1285 2137 1352 ἐρμηνευεται
2166 1283 2540 1352 ἐορτὰζοντος
2561 1304 2573 1316 -
2606 1291 2898 1358 Ζαχαρίου
2926 1289 2981 1342 δέ
3039 1290 3393 1359 ἑρμηνεύεται
3419 1289 3664 1358 μνήμης
3699 1288 3931 1360 Κυρίου.

712 1388 901 1458 Σαφῶς
927 1386 1019 1442 οὖν
1049 1384 1201 1437 τοῦτο
1233 1384 1397 1452 λέγει,
1431 1378 1575 1444 αἶνος
1601 1381 1691 1433 καὶ
1728 1380 1891 1450 ὕμνος
1914 1378 1991 1449 τῷ
2021 1379 2131 1432 ὄντι
2163 1379 2281 1450 Θεῴ
2321 1383 2468 1457 παρὰ
2497 1384 2588 1436 τοῦ
2619 1386 2964 1456 ἑορτάζοντος
2992 1386 3118 1438 λαοῦ
3157 1387 3250 1456 τὴν
3289 1389 3391 1458 μνή
3402 1405 3506 1458 μην
3533 1388 3643 1440 τῶν
3688 1389 3933 1458 παθημά-

711 1503 815 1538 των
839 1485 1020 1538 αὑτοῦ.

709 1596 808 1631 nus
839 1595 856 1632 :
882 1577 1057 1647 Aggwi
1099 1585 1275 1630 autem
1332 1573 1515 1640 festum
1543 1579 1742 1639 agentis
1772 1582 1790 1618 :
1823 1566 2100 1621 Zacharia:
2123 1577 2299 1620 autem
2344 1569 2728 1641 interpretatur
2767 1575 3032 1626 memoria:
3062 1573 3289 1626 Domini.
3320 1575 3515 1644 Aperte
3546 1576 3712 1646 igitur
3746 1577 3845 1630 hoc
3873 1577 3935 1629 si-

711 1674 948 1745 gniﬁcat,
981 1673 1098 1724 laus
1129 1684 1181 1723 et
1211 1671 1442 1738 hymnus
1472 1665 1582 1719 Deo
1629 1677 1759 1716 vero
1793 1677 1821 1715 a
1859 1662 2088 1731 populo,
2117 1664 2208 1732 qui
2245 1663 2443 1721 festum
2477 1670 2585 1738 agit
2622 1670 2899 1723 memoriae
2931 1671 3199 1739 passionis
3225 1672 3363 1741 ejus.

778 1787 832 1841 2.
864 1785 1224 1840 Delectabitur
1251 1783 1393 1835 enim
1427 1777 1738 1848 hujusmodi
1765 1777 1925 1831 laude
1962 1776 2124 1832 Deus.

779 1879 832 1932 5.
861 1875 1157 1928 Jerusalem
1199 1875 1580 1940 interpretatur
1615 1870 1744 1922 visio
1786 1869 1952 1937 pacis,
1996 1868 2154 1937 quale
2191 1878 2273 1922 est

710 1983 803 2021 cor
838 1965 991 2019 lidele
1020 1983 1034 2016 :
1068 1963 1278 2032 singula
1331 1960 1494 2030 igitur
1544 1959 1857 2026 hujusmodi
1899 1958 2062 2010 corda
2112 1958 2274 2012 aedili-

708 2069 798 2114 cat
831 2058 1112 2110 Dominus.
1174 2052 1654 2107 Verumenimvero
1703 2065 1990 2118 supernam
2055 2047 2273 2103 Jerusa-

712 2154 812 2206 lem
846 2153 958 2220 ipse
985 2149 1306 2214 mdilicavit;
1355 2156 1410 2200 et
1441 2146 1730 2199 multitudo
1773 2144 2092 2215 angelorum
2140 2145 2274 2198 dici-

708 2256 797 2298 tur
849 2243 1146 2296 Jerusalem
1174 2283 1187 2304 ,
1233 2249 1286 2291 et
1323 2239 1580 2292 omnibus
1613 2235 1962 2289 manifestum
1991 2245 2094 2298 est,
2127 2235 2272 2303 quod

710 2338 824 2404 ipse
851 2349 946 2388 eos
977 2333 1206 2386 aediticat
1234 2330 1456 2382 domum
1505 2326 1843 2394 spiritualem
1865 2368 1881 2392 ,
1913 2325 2272 2394 quemadmo-

709 2428 838 2480 dum
863 2424 1038 2493 inquit
1066 2422 1347 2490 apostolus
1377 2421 1442 2472 ‘°.

779 2517 832 2570 4.
867 2515 1119 2584 Dispersa
1153 2514 1392 2567 membra
1419 2521 1757 2574 sanctorum,
1782 2509 1886 2562 hoc
1911 2517 1996 2563 est
2020 2507 2270 2578 populos,

709 2609 801 2678 qui
826 2624 890 2662 ex
922 2605 1122 2661 ludatis
1149 2616 1311 2669 sunt,
1341 2614 1394 2658 et
1435 2604 1528 2674 qui
1569 2619 1637 2657 ex
1673 2602 1947 2670 gentibus,
1973 2614 2272 2668 congrega-

709 2701 787 2754 bit
814 2714 908 2767 per
931 2698 1240 2768 passionem
1266 2711 1443 2752 suam.
1471 2696 1647 2748 Aliam
1677 2693 1840 2746 etiam
1873 2691 2273 2760 interpretatio-

710 2807 835 2844 nem
880 2790 1041 2857 hujus
1070 2803 1258 2841 versus
1289 2787 1486 2839 dicant.
1541 2784 1711 2838 Israel
1758 2784 2143 2852 interpretatur
2196 2782 2272 2834 vi-

710 2883 835 2934 dens
886 2879 1051 2932 Deum
1089 2895 1106 2932 :
1149 2880 1345 2932 mentis
1386 2878 1547 2948 igitur
1583 2877 1816 2930 videntis
1873 2891 1996 2929 eum
2054 2889 2270 2927 omnem

709 2974 1070 3043 captiritatem
1100 2971 1484 3041 congregabit,
1533 2977 1588 3024 et
1621 2968 1675 3022 in
1712 2983 1866 3022 suam
1917 2967 2143 3020 liberam
2178 2979 2273 3034 po-

712 3075 956 3122 testatem
995 3067 1165 3134 ipsam
1208 3066 1474 3117 restituet.

2303 1767 2344 1820 Β
2441 1783 2494 1836 2.
2537 1785 2908 1854 Τερφθήσεται
2935 1785 3042 1855 γὰρ
3066 1787 3154 1838 ἐπὶ
3175 1790 3239 1856 τῇ
3268 1786 3486 1858 τοιαύτῃ
3515 1785 3722 1838 αἰνέσει
3749 1789 3776 1839 6
3795 1785 3935 1850 Θεδς.

2441 1875 2492 1928 5.
2522 1875 2902 1945 Ἰερουσαλὴμ
2972 1878 3324 1948 ἑρμηνεύεται
3389 1879 3598 1947 ὅρασις
3665 1879 3937 1954 εἰρήνης,

2371 1964 2506 2034 ὅπερ
2541 1965 2772 2033 ὑπάρχει
2815 1967 3009 2036 καρδία
3057 1969 3218 2035 πιστή
3247 1985 3259 1998 ’
3310 1969 3542 2037 ἑκάστην
3573 1964 3669 2020 οὖν
3696 1970 3939 2036 τοιαύτην

2372 2055 2596 2122 καρδίαν
2629 2056 2898 2125 οἰκοδομεί
2942 2061 2968 2110 6
2999 2058 3413 2128 Κύριος.”ομως
3462 2058 3521 2110 δὲ
3565 2059 3646 2127 (1)
3696 2061 3796 2129 τὴν
3841 2061 3939 2112 ἀνω

2383 2145 2734 2218 Ἰερουσαλὴμ
2779 2149 2937 2210 αὐτὸς
2978 2149 3391 2220 ἐδημιούργησε,
3428 2151 3520 2202 καὶ
3565 2149 3632 2202 τὸ
3662 2151 3862 2221 πλῆθος
3891 2152 3939 2202 δὲ

2371 2238 2477 2289 τῶν
2504 2238 2746 2305 ἀγγέλων
2771 2239 2985 2306 λέγεται
3014 2241 3380 2311 Ἰερουσαλὴμ,
3406 2243 3498 2294 καὶ
3527 2243 3687 2311 δῆλόν
3710 2244 3824 2294 ἐστι
3848 2245 3940 2293 1:3.-

2375 2345 2444 2389 σι,
2477 2328 2665 2397 ὅτιπερ
2695 2328 2852 2390 αὐτὸς
2875 2328 3067 2390 αὐτοὺς
3089 2327 3358 2398 οἰκοδομεῖ
3379 2324 3524 2381 οἷκον
3554 2328 3939 2400 πνευματικὸν,

2373 2417 2549 2480 καθὼς
2582 2419 2655 2486 (2)
2688 2413 2839 2468 εἶπεν
2869 2416 3244 2479 ὁἋπὸστολος.

2440 2510 2492 2561 4.
2535 2510 2612 2560 Τὰ
2645 2509 3099 2578 διεσκορπισμένα
3148 2508 3282 2577 μέλη
3333 2507 3439 2560 τῶν
3484 2508 3678 2576 ἁγίων,
3706 2508 3942 2561 τουτέστι

2369 2601 2494 2662 τοὺς
2544 2600 2600 2664 ἐξ
2642 2599 2906 2652 Ἰουδαίων
2953 2600 3130 2662 λαοὺς,
3192 2600 3284 2652 καὶ
3328 2601 3450 2662 τοὺς
3489 2599 3546 2663 ἐξ
3590 2601 3800 2663 ἐθνῶν,
3836 2604 3943 2652 ἐπι-

2374 2690 2586 2755 συνάξει
2614 2689 2700 2740 διὰ
2729 2690 2821 2742 τοῦ
2857 2689 3058 2750 πάθους
3081 2687 3265 2741 αὑτοῦ.
3300 2689 3407 2741 Καὶ
3441 2687 3605 2758 ἀλλην
3649 2688 3705 2740 δὲ
3739 2689 3820 2758 τῷ
3852 2691 3943 2740 αὑ-

2371 2779 2446 2849 τῷ
2468 2780 2632 2848 στίχῳ
2664 2778 2954 2850 ἑρμηνείαν
2971 2777 3210 2847 λέξομεν.
3231 2777 3460 2844 Ἰσραὴλ
3482 2778 3556 2846 (5)
3585 2777 3944 2848 ἑρμηνεύεται

2372 2867 2524 2936 ὀρῶν
2559 2870 2736 2922 Θεόν·
2773 2871 2868 2937 τῆς
2901 2868 3133 2929 διανοίας
3167 2864 3258 2919 οὖν
3287 2869 3383 2937 τῆς
3411 2866 3623 2937 ὁρώσης
3653 2868 3820 2921 αὑτὸν
3855 2870 3944 2920 πᾶα

2374 2976 2470 3012 σαν
2497 2959 2868 3028 αἰχμαλωσίαν
2892 2957 3222 3021 ἐπισυνάξει,
3253 2960 3345 3011 καὶ
3375 2959 3452 3020 εἰς
3495 2958 3592 3028 τὴν
3618 2959 3795 3029 αὐτῆς
3825 2961 3945 3012 αὺτ-

2379 3051 2728 3120 εξουσιότητα
2753 3050 2912 3104 αὑτὸν
2947 3050 3402 3121 ἀποκαταστήσει.

1090 3177 1455 3248 Interpretatio
1487 3175 1728 3230 versiculi
1763 3177 1930 3244 quinti
1957 3189 2117 3244 usque
2153 3172 2222 3224 ad
2249 3171 2504 3224 decimum
2535 3177 2773 3220 octavum
2803 3183 2904 3219 non
2929 3177 3101 3220 exstat
3135 3168 3187 3219 in
3221 3166 3336 3222 cod.
3373 3166 3534 3220 Barb.

781 3298 844 3362 5,
897 3297 949 3350 6.
1010 3295 1072 3349 Et
1150 3292 1615 3362 concupiscentias
1679 3305 1866 3344 eorum
1925 3292 2304 3342 conterentest

2440 3282 2492 3348 5,
2527 3283 2579 3335 6.
2643 3282 2752 3334 Καὶ
2801 3283 2898 3343 τὰς
2959 3282 3254 3350 ἐπιθυμίας
3317 3280 3492 3333 αὐτῶν
3534 3282 3630 3343 τὰς
3680 3282 3949 3352 πρότερον

712 3400 865 3444 antea
890 3387 1051 3443 corda
1078 3384 1353 3438 hominum
1397 3383 1624 3448 alligans
1663 3379 1893 3435 vinculis
1923 3375 2140 3432 aeternis
2169 3415 2183 3436 .
2219 3382 2273 3428 et

713 3482 928 3537 tradens
960 3478 1066 3549 igni
1097 3486 1297 3531 aeterno
1321 3516 1335 3536 ,
1375 3474 1477 3528 hoc
1501 3483 1586 3528 est
1619 3471 1918 3526 contrarias
1953 3476 2266 3538 potestates.

782 3654 834 3717 7,
883 3651 934 3707 8.
991 3647 1332 3704 Manifestum
1403 3644 1621 3714 quidem
1670 3650 1782 3706 est,
1838 3640 1981 3711 quod
2043 3639 2158 3708 ipse
2216 3646 2272 3690 ut

715 3744 919 3806 factor,
979 3742 1129 3794 novit
1159 3738 1514 3806 quantitatem
1557 3749 1744 3788 earum
1782 3733 2060 3788 stellarum
2089 3771 2103 3793 ,
2137 3745 2272 3798 quas

714 3839 860 3892 fecit.
901 3837 973 3889 De
999 3835 1200 3889 sanctis
1232 3833 1391 3886 etiam
1421 3829 1706 3898 allegorice
1735 3826 1990 3896 explicari
2025 3833 2269 3894 possunt,

711 3944 834 3998 (iure
859 3928 924 3982 de
952 3926 1223 3980 stellarum
1263 3938 1486 3976 numero
1515 3921 1802 3985 dicuntur;
1837 3919 2084 3973 similiter
2127 3918 2270 3970 enim

714 4033 766 4076 ct
794 4023 982 4075 horum
1013 4033 1294 4070 numerum
1325 4013 1586 4084 agnoscit.
1617 4011 1730 4065 Nisi
1781 4013 1923 4065 enim
1958 4009 2274 4079 praevideret

711 4127 835 4182 qua:
861 4113 930 4163 sit
953 4123 1139 4163 eorum
1167 4105 1444 4174 quantitas
1465 4143 1479 4164 ,
1513 4118 1617 4155 non
1654 4108 2010 4169 praeparasset
2039 4098 2169 4166 ipsis
2195 4097 2272 4150 ci-

715 4204 930 4257 vitatem
953 4241 968 4265 ,
1001 4214 1121 4267 quae
1147 4203 1329 4264 posset
1357 4209 1449 4247 eos
1479 4192 1748 4260 excipere.
1776 4188 2085 4242 Numerans
2115 4187 2277 4258 igitur

715 4291 1110 4350 multitudinem
1169 4287 1479 4347 stellarum,
1543 4281 1873 4350 perspiciens
1931 4288 1983 4332 et
2043 4279 2277 4346 probans

717 4386 876 4456 quale
928 4379 1198 4437 charisma
1229 4419 1242 4441 ,
1287 4386 1340 4429 et
1386 4382 1647 4444 quantum
1697 4373 1865 4441 possit
1905 4371 2276 4438 unusquisque

718 4483 1027 4532 sanctorum
1061 4471 1300 4537 accipere
1321 4510 1334 4528 ,
1363 4475 1418 4519 ct
1447 4465 1517 4518 ita
1546 4463 1827 4518 exhibens.
1875 4461 2074 4516 Deinde
2099 4464 2278 4529 sequi-

718 4580 805 4622 tur
834 4566 887 4618 in
918 4563 1124 4632 psalmo
1153 4579 1165 4613 :
1194 4559 1260 4611 Et
1290 4556 1527 4609 omnibus
1557 4555 1630 4606 eis
1662 4554 1876 4605 nomina
1908 4567 2092 4604 vocans
2119 4565 2135 4602 :
2160 4565 2277 4602 mos

2375 3374 2762 3446 συντριϐούσας
2795 3374 2893 3434 τὰς
2921 3373 3144 3442 καρδίας
3173 3371 3278 3423 τῶν
3323 3370 3618 3441 ἀνθρώπων
3665 3371 3949 3442 δεσμεύων

2371 3469 2588 3536 δεσμοῖς
2611 3466 2822 3526 ἀϊδίοις,
2847 3464 2939 3517 καὶ
2963 3463 3284 3534 παραδιδοὺς
3305 3462 3381 3531 τῷ
3402 3461 3600 3531 αἰωνίῳ
3623 3463 3784 3532 πυρὶ,
3806 3480 3942 3514 τουτ-

2374 3560 2487 3610 έστι
2513 3558 2610 3616 τὶς
2647 3555 2893 3616 ἐναντίας
2923 3554 3201 3624 δυνάμεις.

2463 3650 2516 3711 7,
2547 3649 2597 3702 8.
2660 3647 2824 3716 Δῆλον
2887 3646 2982 3716 μέν
3037 3647 3202 3706 ἐστιν,
3231 3645 3330 3707 ὅτι,
3362 3645 3436 3708 ὡς
3467 3646 3812 3713 πεποιηκὼς,
3847 3643 3949 3699 οἶδε

2374 3742 2470 3811 τὴν
2510 3740 2779 3808 ποσότητα
2803 3732 2876 3791 ὧν
2907 3736 3223 3804 πεποίηκεν.
3275 3736 3381 3788 Καὶ
3414 3737 3492 3798 εἰς
3524 3735 3645 3797 τοὺς
3676 3737 3881 3802 ἁγίους
3905 3739 3951 3790 δὲ

2377 3830 2657 3900 θεωρεῖται
2680 3831 2704 3880 6
2733 3827 2932 3879 τούτων
2956 3826 3205 3896 ἀριθμὸς.
3231 3825 3533 3894 καὶὸμοίως
3548 3824 3704 3877 πάλιν
3731 3827 3842 3877 καὶ
3871 3829 3937 3880 αὖ

2375 3921 2481 3974 τῶν
2503 3919 2756 3988 γινώσκει
2784 3919 2871 3970 τὸν
2900 3917 3146 3986 ἀριθμόν.
3167 3917 3228 3969 Εἰ
3254 3916 3325 3986 μὴ
3352 3915 3459 3986 γὰρ
3485 3914 3672 3985 προῖδη
3691 3914 3792 3982 ('5')
3817 3917 3950 3968 πὸστ

2377 4014 2528 4065 ἔσται
2560 4016 2591 4083 ἡ
2627 4013 2858 4081 ποσότης
2892 4011 3090 4073 αὐτῶν,
3116 4012 3214 4062 οὑκ
3245 4011 3306 4062 ἂν
3340 4010 3739 4079 προητοίμασεν
3767 4013 3954 4073 αὐτοῖς

2379 4106 2530 4157 πόλιν
2575 4106 2673 4173 τὴν
2708 4103 3008 4173 δυναμένην
3047 4104 3240 4165 αὐτοὺς
3267 4101 3537 4166 δέξασθαι.
3612 4101 3669 4152 ’0
3697 4101 3954 4170 ἀριθμῶν

2377 4194 2466 4251 οὖν
2503 4198 2676 4267 πλήοη
2711 4196 2923 4267 ἄστρων
2948 4235 2962 4257 ,
3011 4197 3037 4246 6
3068 4195 3286 4264 θεωρῶν
3317 4195 3408 4246 καὶ
3454 4192 3759 4261 δοκιμάζων
3806 4199 3954 4247 ποῖον

2378 4289 2618 4357 χάρισμα
2642 4327 2654 4346 ,
2693 4287 2786 4338 καὶ
2842 4286 3002 4337 πόσον
3032 4285 3252 4336 δύναται
3283 4282 3534 4346 δέξασθαι
3581 4282 3817 4344 ἕκαστος
3851 4285 3954 4336 τῶν

2380 4380 2567 4446 ἁγίων,
2601 4379 2693 4430 καὶ
2724 4378 2865 4429 οὕτω
2906 4377 3176 4445 παρέχων.
3213 4372 3363 4436 Εἶτα,
3394 4375 3502 4429 Καὶ
3535 4375 3721 4429 πᾶσιν
3743 4380 3959 4444 αὐτοῖς

2380 4473 2638 4539 ὀνόματα
2664 4469 2893 4522 καλῶν·
2937 4468 3085 4527 ἔθνος
3128 4467 3233 4535 γὰρ
3280 4468 3335 4516 ἐν
3388 4468 3456 4534 τῇ
3501 4464 3797 4534 Ἐκκλησία
3831 4472 3957 4531 τοὺς

2382 4561 2565 4626 ἁγίους
2592 4559 2757 4628 αὐτῆς
2777 4559 2901 4620 τοὺς
2930 4557 3026 4625 μέν
3049 4554 3394 4617 ἀποστόλους,
3411 4557 3536 4617 τοὺς
3559 4555 3614 4607 δέ
3641 4559 3956 4626 προφήτας,

712 4660 859 4715 enim
893 4658 944 4710 in
981 4654 1214 4709 Ecclesia
1245 4661 1318 4705 est
1352 4657 1570 4704 sanctos
1597 4661 1728 4701 suos
1774 4645 1908 4698 alios
1939 4644 2156 4711 quidem
2185 4657 2277 4694 vo-

2382 4652 2504 4712 τοὺς
2529 4651 2585 4702 δέ
2614 4650 2980 4710 διδασκάλους·
3012 4644 3129 4699 εἶτα
3151 4647 3424 4716 δυνάμεις,
3452 4648 3644 4710 οἵτινες
3676 4649 3960 4719 ὑπάρχου-

714 4764 842 4804 care
877 4746 1169 4816 apostolos,
1202 4742 1335 4794 alios
1369 4749 1546 4793 autem
1581 4735 1871 4805 prophetas
1897 4772 1910 4795 ,
1941 4733 2074 4785 alios
2097 4740 2274 4784 autem

721 4837 1042 4908 magistros;
1073 4833 1264 4887 deinde
1291 4833 1536 4890 lectores,
1570 4826 1761 4880 deinde
1786 4825 2103 4891 interpretes
2133 4821 2279 4875 Scri-

720 4941 994 5000 pturarum
1014 4943 1076 4979 ex
1107 4941 1213 4978 una
1244 4924 1422 4988 lingua
1455 4921 1505 4972 in
1527 4920 1704 4973 aliam.
1726 4914 1823 4970 Hic
1852 4915 2013 4983 igitur
2043 4929 2160 4968 mos
2176 4922 2277 4977 est,

720 5025 965 5090 inquam,
1013 5015 1262 5070 omnibus
1287 5014 1365 5067 eis
1394 5009 1610 5064 nomina
1642 5023 1842 5061 vocans
1870 5005 1965 5074 (a).

793 5138 834 5166 '°
862 5134 882 5186 ι
915 5132 1060 5184 Petr.
1093 5147 1152 5194 tt,
1188 5130 1238 5180 Ei.

2385 4758 2467 4792 σιν
2505 4743 2553 4793 οἱ
2579 4741 2812 4794 διάκονοι
2837 4756 2850 4770 ⁸
2889 4735 3006 4792 εἶτα
3039 4739 3161 4801 τοὺς
3187 4737 3566 4799 ἐπιτελοῦντας
3612 4739 3708 4801 τὰς
3742 4742 3864 4794 ίάσε
3877 4761 3955 4805 ις·

2385 4827 2500 4883 εἶτα
2523 4830 2900 4898 ἀναγνώσταςο
2929 4826 3048 4882 εἶτα
3069 4829 3193 4888 τοὺς
3221 4829 3617 4899 ἐρμηνεύοντας
3649 4831 3756 4884 ἀπὸ
3791 4834 3958 4902 τῆσδε

2385 4924 2481 4990 τῆς
2521 4921 2769 4992 γλώσσης
2798 4925 2876 4984 είς
2905 4921 3061 4991 τήνδε
3094 4920 3190 4981 τὰς
3225 4921 3468 4993 Γραφάς.
3505 4923 3680 4976 Τοῦτο
3707 4920 3805 4977 οὖν
3843 4927 3960 4978 ἐστι

2387 5011 2465 5073 τὸ,
2505 5015 2666 5064 πᾶσιν
2693 5015 2875 5075 αὐτοῖς
2900 5012 3137 5082 ὀνόματα
3165 5012 3356 5066 καλῶν.

1674 5191 1972 5252 Addenda
2013 5199 2072 5250 et
2105 5191 2477 5271 corrigenda
2513 5210 2585 5251 ex
2621 5191 2756 5252 eod.
2785 5189 2986 5250 “alio.

814 5329 862 5377 ll
902 5325 1008 5377 Καί
1039 5340 1131 5377 m'o
1164 5324 1238 5375 δέ.

788 5329 862 5394 (1)
902 5329 1008 5379 Καί
1039 5340 1131 5389 pro
1164 5329 1238 5375 δέ.

787 5401 862 5466 (Ξ)
905 5396 1095 5457 Καθῶς
1129 5390 1277 5445 εἶπεν
1303 5393 1330 5442 6
1367 5391 1701 5451 ’Δπόστολος,
1731 5389 1924 5441 desunt
1951 5389 2060 5440 hzee
2093 5389 2275 5440 ultima

716 5471 876 5523 verba
915 5473 962 5518 in
1001 5466 1097 5516 cmi
1109 5502 1120 5513 .

2456 5317 2529 5384 (ὖ)
2562 5313 2772 5384 Ἰσραὴλ
2804 5313 2911 5388 γάρ
2956 5311 3311 5381 ἑρμηνεύεται
3342 5314 3463 5378 νοῦς
3506 5318 3667 5388 ὁρῶν,
3699 5327 3832 5382 etc.,
3866 5319 3963 5374 αὑ-

2383 5388 2480 5451 τὴν
2515 5386 2970 5451 ἀποκαταστήσει.

2449 5459 2538 5524 (5‘)
2574 5455 2655 5517 I..,
2687 5455 2922 5523 προῄδει.
2948 5454 3099 5509 Eutr.

786 5587 864 5707 Sa)
909 5586 982 5638 Ex
1017 5584 1325 5651 hujusmoili
1376 5593 1553 5636 autem
1587 5584 1836 5650 loquendi
1883 5583 2090 5635 ratione
2117 5623 2129 5642 ,
2168 5597 2269 5650 qua
2305 5583 2406 5632 hoc
2453 5580 2572 5631 loco
2609 5581 2873 5647 interpres
2903 5589 3091 5633 noster
3122 5581 3301 5632 varios
3343 5591 3654 5633 sanctorum
3713 5582 3956 5635 lideliom

786 5659 933 5707 iincs
965 5656 1015 5706 in
1044 5653 1099 5703 li.
1132 5654 1280 5706 Pauli
1311 5653 1562 5707 Epistolis
1607 5668 1893 5707 exnressos
1940 5651 2140 5707 refert.
2183 5654 2414 5707 uuisuue
2467 5665 2646 5701 rerum
2688 5651 3008 5702 ιριιιοεὶιιδιίι
3026 5667 3178 5703 arum
3207 5665 3408 5707 peritus
3453 5651 3572 5707 eius
3627 5662 3956 5706 \etnstatem

716 5651 933 5709 Ordines
965 5656 1015 5706 in
1044 5653 1099 5703 li.
1132 5654 1280 5706 Pauli
1311 5653 1562 5719 Epistolis
1607 5668 1893 5718 expressos
1940 5651 2140 5711 refert,
2183 5654 2414 5717 quisque
2467 5665 2646 5701 rerum
2688 5651 3008 5702 ιριιιοεὶιιδιίι
3026 5667 3178 5703 arum
3207 5665 3408 5718 peritus
3453 5651 3572 5717 ejus
3627 5662 3956 5706 \etnstatem

717 5727 986 5790 coniicere
1015 5733 1208 5790 potest,
1243 5735 1354 5774 tum
1380 5725 1540 5775 ctiam
1575 5739 1635 5774 ex
1668 5725 1733 5772 iis
1767 5738 1885 5788 qua:
1921 5723 1973 5772 in
1998 5722 2359 5790 explicatione
2394 5736 2532 5771 vers.
2566 5719 2658 5790 12,
2691 5721 2825 5784 psal.
2856 5736 3001 5780 xxvi,
3029 5721 3316 5788 leguntur:
3347 5735 3537 5790 nempe
3571 5723 3975 5785 baptisterium.

720 5789 884 5845 fuisse
921 5789 1095 5846 locum
1129 5795 1399 5844 DCt'Uiitllll
1432 5793 1482 5844 in
1514 5793 1763 5846 ecclesia.
1801 5790 1933 5842 Nam
1969 5791 2158 5854 primis
2183 5789 2434 5844 Ecclesia
2465 5789 2682 5842 sarculis
2721 5799 2772 5841 ct
2826 5790 2878 5842 in
2910 5790 3024 5857 ipsa
3060 5791 3191 5845 urbe
3224 5789 3547 5844 Alexandria
3571 5792 3956 5860 baptisterium
