4094 6322
139 357 292 413 1325

210 473 268 527 9.
305 467 494 534 Μέγας
523 462 596 532 (a)
623 465 650 514 ὁ
673 461 872 531 Κύριος
901 458 1086 529 ήμῶν,

216 562 306 616 10.
338 558 447 611 Καὶ
485 554 691 626 μεγάλη
725 555 756 622 ἡ
795 551 944 620 ἰσχὺς
977 548 1163 612 αὐτοῦ,

220 652 310 707 11.
353 649 462 702 Ka't
494 648 592 717 τῆς
626 645 888 705 συνέσεως
926 641 1087 694 αὑτοῦ
1142 641 1241 693 οὐκ
1269 640 1414 692 ἔστιν
1466 638 1716 711 ἀριθμός.

220 744 310 796 12.
353 737 768 808 Ἀναλαμϐάνων
805 737 996 804 πραεῖς
1040 733 1066 783 ὁ
1103 730 1302 800 Κύριος
1324 749 1334 758 -

220 837 310 890 15.
344 830 624 886 Ταπεινῶν
663 829 718 881 δὲ
747 825 1103 897 ἁμαρτωλοὺς
1128 824 1231 885 ἕως
1263 823 1362 892 τῆς
1395 825 1514 892 γῆς,

223 929 312 982 14.
361 922 648 994 Ἐξάρξατε
675 918 752 989 τῷ
783 918 971 987 Κυρίῳ
1005 917 1061 968 ὲν
1092 913 1506 983 ἐξομολογήσει·

223 1019 313 1072 15.
346 1016 562 1069 Ψάλατε
595 1011 671 1080 τῷ
697 1009 815 1078 Θεῷ
840 1006 997 1078 ἡμῶν
1030 1007 1086 1057 ὲν
1122 1004 1344 1074 κιθάρᾳ.

225 1111 315 1164 16.
346 1108 434 1176 Τῷ
467 1103 841 1175 περιϐάλλοντι
878 1101 967 1152 τὸν
1002 1097 1229 1168 οὐρανὸν
1265 1098 1320 1146 ὲν
1348 1093 1618 1163 νεφέλαις,

226 1204 316 1255 17.
348 1198 437 1268 Τῷ
468 1193 803 1266 ὲτοιμάζοντι
831 1195 897 1262 τῇ
929 1193 996 1260 γῇ
1027 1189 1196 1241 ὑετόν.

226 1293 315 1346 18.
352 1290 439 1360 Τῷ
476 1287 872 1353 ὲξανατέλλοντι
901 1286 957 1334 ὲν
990 1283 1136 1352 ὃρεσι
1170 1279 1360 1350 χόρτον
1385 1319 1399 1340 ,

227 1384 315 1436 19.
351 1382 460 1434 Καὶ
493 1380 652 1450 χλόην
684 1380 746 1447 τῇ
781 1374 994 1443 δουλεία
1023 1371 1130 1425 τῶν
1163 1369 1484 1441 ἀνθρώπων.

222 1476 316 1531 20.
346 1474 548 1527 Διδόντι
576 1474 687 1533 τοῖς
712 1472 936 1538 κτήνεσι
963 1466 1168 1536 τροφὴν
1197 1463 1403 1524 αὐτῶν,

223 1567 318 1621 21.
349 1566 458 1618 Καὶ
481 1567 593 1624 τοῖς
619 1561 853 1622 νεοσσοῖς
887 1557 993 1610 τῶν
1023 1556 1273 1628 κοράκων
1299 1559 1408 1618 τοῖς
1442 1553 1731 1606 ἐπικαλου-

154 1660 344 1730 μένοις
371 1655 551 1710 αὐτόν.

1047 338 1132 392 DE
1166 335 1443 394 TITULIS
1483 333 1934 390 PSALMOBUM.
1971 364 2038 372 —
2077 330 2272 385 PSAL.
2314 327 2544 384 CXLVI.

1745 465 1787 513 Α
1888 453 1936 507 9.
1971 450 2198 519 Magnus
2229 449 2491 502 Dominus
2518 455 2722 508 noster,

1895 543 1974 598 10.
2011 544 2073 597 Et
2103 557 2296 611 magna
2323 540 2492 594 virtus
2518 538 2656 608 ejus,

1894 639 1978 690 11.
2021 636 2084 690 Et
2113 635 2390 705 sapientia:
2422 633 2540 701 ejus
2564 646 2670 685 non
2694 635 2777 683 est
2805 637 3085 679 numerus.

1898 731 1983 784 12.
2020 728 2332 798 Suscipiens
2367 733 2683 780 mansuetos
2719 719 2980 775 Dominus
3009 735 3020 768 :

1903 823 1986 875 15.
2019 820 2322 873 llumilians
2344 827 2522 872 autem
2548 825 2857 885 peccatores
2884 823 3056 878 usque
3078 806 3143 861 ad
3173 814 3389 858 terram.

1901 914 1985 966 14,
2016 910 2301 965 Prazcinite
2330 908 2559 962 Domino
2590 907 2640 959 in
2674 903 3013 960 confessione
3045 917 3060 952 :

1902 1004 1987 1057 15.
2023 1002 2241 1057 Psallite
2265 999 2374 1054 Deo
2409 1007 2596 1054 nostro
2620 996 2674 1050 in
2713 995 2937 1051 cithara.

1901 1096 1986 1150 16.
2021 1095 2124 1161 Qui
2160 1094 2333 1164 operit
2362 1091 2560 1148 cmlum
2592 1089 2826 1144 nubibus
2847 1125 2861 1148 ,

1902 1188 1987 1241 17.
2029 1188 2093 1240 Et
2129 1194 2282 1255 parat
2323 1193 2477 1237 terra:
2512 1181 2768 1251 pluviam.

1907 1279 1989 1331 18.
2031 1276 2132 1342 Qui
2168 1274 2419 1345 producit
2451 1273 2504 1326 in
2539 1269 2816 1325 montibus
2849 1265 3052 1326 fenum,

1911 1369 1995 1422 19.
2025 1366 2091 1419 Ει
2121 1365 2338 1420 herbam
2370 1361 2615 1418 servituti
2645 1359 2945 1414 hominum.

1905 1461 1994 1514 20.
2028 1456 2131 1524 Qui
2160 1459 2245 1511 dat
2277 1456 2537 1526 jumentis
2562 1468 2742 1508 escam
2779 1452 3015 1521 ipsorum
3043 1490 3056 1508 .

1909 1551 1996 1605 21.
2026 1548 2090 1603 Ει
2119 1549 2279 1618 pullis
2314 1561 2602 1601 corvorum
2634 1543 3009 1598 invocantibus
3034 1554 3178 1593 eum.

230 1771 309 1842 (al
355 1770 512 1842 Vers.
536 1768 590 1822 9.
619 1767 841 1842 Μέγας,
890 1774 1021 1842 et_c.,
1061 1779 1232 1842 usque
1264 1762 1334 1842 ad
1361 1760 1547 1840 now}.
1580 1757 1731 1842 Vcrs_.

1852 1799 1861 1809 .
1897 1755 2007 1808 Καὶ
2049 1755 2176 1824 τῆς,
2203 1764 2306 1808 etc.
2347 1751 2499 1806 Vers.
2525 1751 2609 1804 11.
2650 1745 3092 1816 Ἀναλαμὸάνων,
3118 1749 3221 1795 etc.
3249 1737 3402 1793 Vers.

155 1829 249 1898 12:
275 1839 575 1903 Ταπεινῶν,
611 1829 738 1900 εις-⁷,
771 1837 873 1898 ἕως
903 1835 1025 1904 γῆς,
1060 1843 1112 1888 et
1142 1829 1220 1888 sic
1247 1832 1501 1902 deinceps
1537 1831 1589 1883 in
1622 1829 1741 1884 cod.

1855 1841 1922 1880 l‘S.
1970 1841 2129 1879 I'CCBII
2137 1834 2289 1879 sentu
2297 1840 2336 1876 Γ.

1295 1946 1667 2002 ATIIANASII
1709 1940 2288 1998 INTEBPRETATIO.

229 2056 391 2121 9,10.
427 2053 488 2108 '0
514 2054 600 2107 διὰ
631 2050 721 2104 τοῦ
771 2050 1002 2104 θανάτου
1037 2046 1201 2101 αὑτοῦ
1234 2046 1587 2115 καταργήσας
1640 2042 1729 2096 τὸν

1903 2040 1958 2100 9,
2005 2038 2088 2092 10.
2141 2039 2240 2104 Qui
2297 2054 2390 2108 per
2450 2046 2676 2091 mortem
2714 2049 2868 2088 suam
2930 2027 3233 2099 proﬂigavit
3263 2040 3408 2088 eum,

156 2151 220 2205 τὸ
249 2149 447 2221 κράτος
475 2146 665 2216 ἔχοντα
692 2142 784 2195 τοῦ
813 2141 1063 2203 θανάτου,
1097 2138 1442 2192 τουτέστιτδν
1469 2134 1731 2188 διάϐολον.

234 2243 323 2296 11.
363 2241 427 2292 Ὤ
478 2236 670 2302 ,ϐάθος
719 2234 1007 2294 πλούτου,
1063 2231 1156 2283 καὶ
1190 2230 1445 2297 σοφίας,
1478 2227 1574 2280 καὶ
1601 2225 1741 2296 Treb-

156 2349 319 2396 σεως
353 2326 534 2382 Θεοῦ]
567 2327 640 2392 ὡς
674 2323 1108 2389 ἀνεξερεύνητα
1137 2319 1207 2372 τὰ
1247 2320 1496 2386 κρίματα
1529 2315 1736 2379 αὑτοῦ,

160 2422 262 2477 καὶ
305 2419 747 2487 ἀνεξιχνίαστοι
778 2419 836 2468 αἱ
887 2414 1012 2467 ὁδοὶ
1056 2411 1241 2464 αὐτοῦ
1266 2410 1286 2461 .'
1319 2410 1412 2473 Τίς
1451 2408 1558 2477 γὰρ
1591 2407 1743 2476 ἔγνω

157 2509 315 2567 γοῦν
362 2509 614 2577 Κυρίου;
643 2505 681 2572 ἢ
727 2505 816 2569 τίς
859 2503 1204 2570 σύμϐουλος
1236 2496 1421 2550 αὑτοῦ
1463 2494 1743 2564 ἑγένετο;

162 2605 265 2658 σὺν
294 2601 372 2672 τῷ
409 2601 584 2670 Πατρὶ
613 2596 844 2668 γὰρκαὶ
867 2593 943 2663 τῷ
970 2593 1110 2662 ἁγίῳ
1141 2590 1417 2660 Πνεύματι
1452 2588 1743 2659 βουλευσά-

165 2711 362 2767 μενος,
391 2689 720 2751 θανατωθεὶς
750 2685 1081 2757 ὲζωοποίήσε
1110 2684 1236 2746 τοὺς
1263 2681 1507 2753 νεκρούς.

239 2786 330 2840 12.
378 2782 773 2856 Προσκαλεῖται
836 2779 972 2849 πρὸς
1037 2776 1228 2829 ἑαυτὸν
1302 2774 1428 2836 τοὺς
1499 2773 1575 2844 μὴ
1622 2771 1748 2825 ἀνθ-

165 2877 495 2948 ισταμένους
527 2876 638 2937 τοῖς
669 2871 1082 2943 προστάγμασιν
1116 2864 1299 2919 αὐτοῦ.

245 2971 336 3024 15.
361 2967 642 3040 Παραδοὺς
685 2966 741 3016 δὲ
776 2963 866 3015 τὸν
904 2960 1149 3013 διάϐολον
1170 2957 1474 3030 τηρεῖσθαι,
1510 2955 1748 3018 καὶτοὺς

163 3060 434 3130 ἀγγέλους
478 3055 676 3121 αὑτοῦ,
729 3055 820 3107 καὶ
862 3052 986 3115 τοὺς
1042 3051 1400 3121 πειθομένους
1450 3047 1633 3110 αὐτοῖς
1689 3048 1749 3099 ὲν

164 3156 284 3216 τοῖς
315 3150 649 3211 κατωτάτοις
683 3147 780 3217 τῆς
819 3146 941 3216 γῆς.

242 3247 333 3301 14.
392 3243 702 3309 Διανοίξατε
765 3239 861 3302 τὰς
937 3235 1154 3307 καρδίας
1203 3232 1356 3304 ὑμῶν
1405 3231 1484 3302 τῷ
1540 3229 1749 3301 Κυρίῳ,

168 3337 651 3410 ἐξομολογούμενοι
689 3331 856 3401 αὐτῷ.
945 3374 956 3387 ,

1839 2134 1931 2203 qui
1979 2134 2172 2188 mortis
2205 2132 2492 2201 imperium
2553 2130 2814 2190 habebat,
2847 2128 2951 2181 hoc
2974 2134 3057 2179 est
3112 2121 3407 2177 diabolum.

1913 2227 1997 2279 11.
2048 2224 2092 2280 0
2134 2224 2361 2277 altitudo
2403 2224 2729 2284 divitiarum,
2771 2232 2821 2274 et
2864 2219 3152 2288 sapientia,
3179 2227 3226 2270 et
3254 2218 3413 2269 scien-

1844 2319 1931 2372 tia:
1956 2318 2093 2371 Dei!
2120 2334 2275 2388 quam
2298 2313 2776 2386 imperscrutabilia
2808 2321 2928 2366 sunt
2949 2310 3156 2380 judicia
3187 2309 3300 2377 ejus
3323 2349 3337 2371 ,
3367 2318 3414 2361 et

1842 2409 2229 2478 investigabiles
2258 2409 2354 2461 via:
2373 2409 2485 2476 ejus
2515 2407 2533 2460 !
2562 2405 2692 2471 Quis
2721 2406 2858 2460 enim
2893 2405 3033 2458 novit
3066 2413 3284 2457 mentem
3315 2400 3414 2453 Do.

1844 2502 1996 2565 mini,
2037 2511 2084 2554 et
2107 2501 2222 2570 quis
2251 2499 2587 2553 consiliarius
2618 2499 2730 2567 ejus
2751 2499 2852 2566 fuit
2871 2499 2948 2549 υτ
2967 2495 3099 2550 Nam
3118 2511 3240 2549 cum
3259 2493 3416 2549 Patre

1845 2603 1899 2649 et
1927 2609 2049 2649 cum
2081 2591 2284 2663 Spiritu
2317 2603 2507 2646 sancto
2553 2591 2686 2646 inito
2713 2590 2964 2653 consilio,
2996 2589 3156 2642 morti
3189 2587 3417 2641 traditus

1847 2695 2095 2740 mortuos
2129 2685 2436 2739 viviﬁcavit.

1919 2779 2004 2832 12.
2058 2778 2301 2832 Advocat
2342 2780 2409 2831 ad
2451 2792 2511 2830 se
2565 2778 2743 2845 ipsum
2776 2789 2883 2828 non
2912 2775 3263 2828 adversantes
3284 2786 3413 2842 pra:-

1847 2872 2020 2940 ceptis
2052 2871 2186 2924 suis.

1920 2965 2003 3018 15.
2055 2961 2299 3016 Tradidit
2345 2969 2523 3016 autem
2565 2959 2863 3021 diabolum,
2908 2967 2960 3012 et
3015 2958 3234 3027 angelos
3280 2973 3420 3026 ejus,

1849 3065 1904 3112 et
1925 3056 2243 3112 obedientes
2275 3056 2428 3124 ipsis,
2463 3063 2522 3109 ut
2550 3053 2961 3109 custodirentur
2993 3053 3047 3106 in
3080 3050 3419 3105 inferioribus

1851 3157 2027 3202 terrae.

1923 3237 2005 3292 14.
2071 3237 2281 3307 Aperite
2334 3237 2498 3291 corda
2545 3247 2719 3291 vestra
2782 3235 3041 3300 Domino,
3112 3238 3421 3290 conﬁtentes

1857 3340 1979 3393 ψει.

245 3431 335 3485 15.
369 3427 761 3498 Νεκρώσαντες
813 3423 879 3474 τὰ
907 3421 1040 3492 μέλη
1090 3419 1263 3488 ὑμῶν,
1311 3415 1566 3481 δοξάσατε
1592 3412 1749 3465 αὐτὸν

1927 3417 2012 3470 15.
2047 3415 2432 3474 Mortiﬁcantes
2465 3419 2708 3473 membra
2749 3427 2947 3484 vestra,
2977 3417 3272 3490 gloriﬁcate
3298 3433 3424 3473 eum

170 3524 234 3580 δν
261 3523 463 3584 αὐτοῖς.

243 3610 331 3667 16.
362 3609 452 3682 Τῷ
481 3608 734 3662 σκέποντι
790 3605 880 3657 τὸν
942 3602 1099 3674 χορὸν
1152 3600 1261 3655 τῶν
1301 3599 1472 3667 ἁγίων
1503 3597 1667 3650 αὑτοῦ
1695 3599 1754 3649 ὲν

169 3706 287 3767 τοῖς
311 3704 640 3776 χαρίσμασιν
666 3697 756 3752 τοῦ
781 3694 918 3749 Πνεύ
929 3711 1095 3766 ματος
1116 3692 1210 3745 τοῦ
1237 3693 1414 3760 ἁγίου.
1448 3690 1555 3742 Καὶ
1581 3688 1755 3776 ἄλλως

170 3796 238 3869 δὴ
287 3771 558 3865 λ’έξωμενο
615 3792 719 3846 Τὸν
771 3790 1081 3862 πληροῦντα.
1130 3787 1221 3840 τὸν
1270 3783 1595 3862 παράδεισον
1635 3771 1754 3833 ’τῶν

171 3883 348 3954 ἁγίων
379 3881 563 3936 αὑτοῦ.

249 3977 336 4029 1Ἱ.
383 3974 472 4043 Τῷ
528 3971 900 4043 εὐτρεπίζοντι
941 3970 1001 4021 τὸ
1035 3969 1294 4038 κήρυγμα
1351 3962 1514 4016 αὑτοῦ
1568 3965 1635 4033 τῇ
1675 3963 1757 4015 oi-

173 4067 436 4138 κουμένῃ.
503 4066 693 4135 Ὅμως
724 4063 818 4117 καὶ
851 4062 1023 4124 ἄλλως
1066 4058 1338 4128 λέξωμεν·
1392 4054 1482 4124 Τῷ
1527 4055 1757 4124 ἑτοίμως

173 4159 470 4232 παρέχοντι
495 4158 692 4230 καρδίᾳ
722 4158 886 4226 πιστῇ
918 4154 1017 4225 τὴν
1047 4152 1205 4224 χάριν
1234 4149 1419 4203 αὑτοῦ.

251 4252 340 4306 18.
375 4251 450 4323 (1)
480 4251 561 4302 Τὰ
605 4249 741 4318 ἄνθη
797 4249 906 4301 τῶν
953 4244 1306 4316 χαρισμάτων
1343 4241 1509 4296 αὑτοῦ
1557 4243 1613 4292 ὲν
1645 4243 1759 4304 τοῖς

172 4345 410 4398 ἔθνεσιν.

250 4434 339 4488 19.
362 4433 470 4486 Καὶ
496 4433 564 4484 τὰ
595 4431 750 4499 λόγια
780 4429 945 4482 αὐτοῦ
978 4430 1058 4491 εἰς
1078 4426 1382 4480 ἀνάπαυσιν
1410 4425 1529 4487 ταῖς
1559 4423 1759 4494 ψυχαῖς

173 4527 273 4581 καὶ
296 4527 410 4587 τοῖς
444 4523 627 4593 μέλεσι
656 4520 765 4574 τῶν
801 4518 1121 4590 ἀνθρώπων.

246 4617 341 4672 20.
379 4615 582 4667 Διδόντι
626 4617 736 4676 τοῖς
778 4611 1056 4670 άσυνὲτοις
1106 4609 1317 4660 σύνεσιν
1350 4605 1442 4659 τοῦ
1482 4607 1759 4676 μεταλαμ-

172 4709 364 4762 6άνειν
401 4706 506 4759 τῶν
545 4704 980 4775 προσταγμάτων
1011 4700 1175 4754 αὐτοῦ
1212 4698 1319 4751 τῶν
1354 4696 1760 4762 ζωοποιούντων

170 4802 400 4862 αὐτούς.

245 4892 342 4948 21.
373 4892 483 4944 Καὶ
513 4893 624 4952 τοῖς
665 4889 770 4942 τῶν
803 4885 1272 4958 μεμελανωμένων
1309 4884 1402 4935 καὶ
1431 4882 1757 4953 ἀκαθάρτων

173 4982 351 5038 ἰθνῶν
375 4981 582 5042 τέκνοις
621 4978 793 5041 διδοὺς
831 4977 1034 5047 τροφὴν
1075 4976 1171 5045 τὴν
1213 4975 1369 5045 χάριν
1412 4972 1574 5025 αὑτοῦ
1597 5014 1609 5036 ,
1645 4977 1758 5038 τοῖς

171 5073 268 5126 διὰ
296 5071 397 5141 τῆς
427 5071 660 5132 πίστεως
687 5068 954 5120 άναὸοῶσι
987 5067 1121 5138 πρὸς
1151 5066 1330 5118 αὐτόν.

255 5186 295 5217 ¹¹
338 5182 493 5237 Rom.
535 5199 625 5249 XI,
655 5182 745 5236 55.

1854 3523 1907 3561 ιη
1936 3523 2088 3577 ipsus.

1927 3599 2011 3654 16.
2060 3599 2164 3667 Qui
2215 3602 2444 3672 protegit
2482 3601 2708 3656 chorum
2737 3611 3050 3656 sanctorum
3080 3602 3198 3670 ejus
3245 3602 3300 3655 in
3329 3601 3428 3656 do-

1856 3689 1942 3744 nis
1978 3689 2214 3761 Spiritus
2244 3693 2440 3746 sancti.
2481 3692 2545 3746 Et
2581 3692 2736 3747 aliter
2770 3693 2986 3763 quidem
3011 3693 3425 3761 explicabimus,

1859 3781 2088 3838 dicendo
2116 3803 2128 3838 :
2154 3782 2259 3850 Qui
2289 3785 2476 3856 implet
2502 3784 2818 3856 paradisum
2849 3787 3056 3841 sanctis
3080 3787 3212 3841 suis.

1936 3961 2024 4015 17.
2066 3961 2172 4029 Qui
2207 3973 2479 4032 praeparat
2524 3964 2961 4035 praedicationem
3013 3982 3166 4022 suam
3215 3969 3430 4023 univer—

1860 4066 1935 4106 sae
1985 4064 2156 4108 terrai.
2192 4052 2577 4109 Verumtamen
2625 4064 2679 4110 et
2732 4058 2887 4112 aliter
2913 4058 3231 4126 explicando
3281 4060 3432 4114 dice.

1861 4160 1984 4200 mus
2002 4165 2012 4200 :
2030 4144 2132 4212 Qui
2155 4156 2404 4216 prompte
2425 4149 2645 4203 exhibet
2666 4149 2814 4204 cordi
2841 4149 2979 4203 ﬁdeli
3005 4151 3229 4220 gratiam
3248 4167 3426 4208 suam.

1934 4244 2017 4298 18.
2048 4244 2233 4300 Flores
2259 4244 2378 4313 ejus
2417 4245 2805 4301 charismatum
2827 4248 2880 4300 in
2911 4249 3182 4317 gentibus.

1934 4424 2022 4478 19.
2050 4424 2115 4479 Et
2145 4425 2364 4495 eloquia
2413 4427 2532 4496 ejus
2561 4427 2613 4480 in
2665 4427 2904 4498 requiem
2940 4430 3135 4485 animis
3170 4441 3226 4486 et
3257 4447 3430 4488 mem-

1861 4516 1974 4571 bris
2006 4518 2310 4572 hominum.

1937 4607 2023 4661 20.
2059 4607 2162 4674 Qui
2191 4608 2283 4664 dat
2322 4609 2702 4680 insipientibus
2729 4610 3056 4667 intellectum
3091 4614 3157 4668 ad
3187 4629 3433 4684 compre-

1867 4701 2149 4756 hendenda
2178 4702 2300 4772 ejus
2327 4713 2592 4773 praacepta
2614 4747 2629 4771 ,
2655 4705 2855 4774 quibus
2884 4707 3243 4762 viviﬁcantur.

1934 4882 2022 4937 21.
2043 4881 2108 4936 Et
2133 4883 2256 4939 ﬁliis
2281 4885 2543 4951 gentium,
2566 4901 2688 4956 qua:
2738 4885 3030 4959 denigrala:
3056 4900 3110 4945 et
3141 4891 3432 4949 immundae

1865 4982 2014 5036 sunt,
2051 4974 2416 5030 clamantibus
2442 4977 2510 5030 ad
2540 4992 2664 5031 eum
2694 4993 2791 5047 per
2821 4980 2978 5034 iidem
3008 4981 3061 5036 in
3097 4984 3277 5038 cibum
3307 5002 3431 5039 ara-

1865 5066 1992 5118 tiam
2029 5083 2184 5120 suam
2216 5070 2433 5138 praebet.

1142 5244 1445 5306 Addenda
1484 5251 1544 5305 et
1585 5245 1955 5325 corrigenda
1991 5267 2066 5310 ex
2100 5251 2237 5312 cod.
2274 5254 2474 5317 Vatic.

253 5358 331 5427 ti)
362 5357 428 5410 Ν.
464 5357 548 5410 17.
579 5355 669 5425 Τῷ
694 5351 1095 5428 ἐξανατέλλοντι
1124 5349 1190 5401 τά
1242 5347 1398 5428 ἄνθη,
1426 5355 1529 5401 etc.
1547 5345 1647 5428 ‘N;
1671 5347 1754 5428 l_8.

175 5417 376 5484 Κάὶτὰ
399 5417 770 5496 λόγια,ειὸ.Ν.
793 5426 858 5479 19
893 5417 1375 5496 ᾼιδόντι,οιο.,τοῡ
1407 5417 1753 5496 μεταλαϐεῖν,

177 5511 289 5554 etc.
313 5487 481 5554 ΝΞοί
502 5487 610 5549 Kal
635 5495 742 5548 τῶν
774 5489 1494 5565 μεμελανωμέρθωνμηςις.ΔΝ.
1521 5488 1609 5540 21.
1639 5487 1754 5565 Οὐκ

179 5571 263 5635 ἐν,
291 5581 390 5622 etc.
420 5569 486 5621 N.
516 5568 605 5621 2-2.
635 5559 1083 5635 Οὐδὲ’τῷ,είο.Ν.
1115 5561 1204 5614 25.
1240 5559 1376 5611 Ἀλλ’
1405 5560 1461 5610 ἐν
1494 5576 1548 5611 κ.
1577 5575 1627 5609 σ.
1661 5559 1754 5610 καὶ

1864 5355 2345 5434 τεταπεινωμένή,
2379 5366 2496 5434 etc._
2521 5358 2730 5434 εῇδοκεῖ
2775 5363 3065 5434 κατοικεῖν.
3103 5363 3172 5419 Ν.
3196 5363 3282 5417 24.
3327 5367 3436 5420 Καὶ

1864 5427 1921 5504 εν
1946 5439 1994 5474 τ.
2027 5442 2174 5504 μέτε.
2204 5427 2286 5504 ἐφ’
2451 5431 2518 5504 εί.
2548 5429 2744 5504 δίκαιοι
2766 5448 2779 5460 ⁸
2807 5431 3258 5504 ἐλπίζονταςμρς.
3287 5437 3438 5491 ἐλπί-

1863 5492 2066 5564 ζουσιν)
2088 5494 2175 5560 δὲ,
2207 5492 2288 5550 ὅτι
2318 5497 2404 5551 ea
2433 5500 2534 5569 τῆς
2561 5500 2893 5572 ἀγαθότητος
2919 5492 3116 5568 αὐτοῦ,
3136 5492 3240 5559 ἔξιοῖ

182 5685 354 5764 tuisse
375 5683 574 5764 WB"!
594 5673 1678 5764 διιεείξιεεῖε,δεξιυηεξφξῑιέξιηεοεῑςιξῑὲξι]
1704 5673 2040 5764 Ξαεεειπῑιίὲιξ
2062 5674 2463 5764 ,θΡεοοηάίιειεη
2497 5679 2777 5764 declarari
2813 5683 3153 5764 notissimum
3182 5700 3278 5749 ea.
3315 5702 3436 5755 ηιιαι

180 5757 253 5810 de
283 5757 428 5808 caede
453 5752 682 5807 Proterii
707 5749 944 5828 episcopi
972 5742 1324 5828 Klexandrini
1449 5742 1677 5828 Evagrio
1697 5754 1752 5797 et
1776 5743 2029 5828 hibet-ato
2055 5744 2575 5828 dia-cono,“a_liisque
2606 5742 2977 5808 tradita'sunt.
3009 5752 3222 5811 Saeculo
3252 5742 3430 5814 autem

185 5835 343 5882 sexto
369 5839 450 5882 cei
464 5834 580 5879 tum
611 5830 711 5882 est.
744 5815 1065 5882 baptisteria
1094 5817 1148 5872 in
1177 5815 1464 5885 propatulo
1497 5822 1551 5869 et
1585 5815 1640 5870 in
1676 5815 1934 5870 narthece
1963 5815 2204 5873 ecclesia:
2239 5815 2502 5876 aediﬁcata
2532 5819 2721 5878 fuisse.
