4094 6322
746 318 878 374 1327
1527 325 1584 380 S.
1629 323 2001 379 ATHANASII
2041 324 2189 378 ΟΡΡ.
2236 323 2363 376 Plit

2312 323 2412 375 .RS
2453 323 2537 378 ΙΙΙ.
2579 353 2643 363 -
2686 325 3094 384 EXEGETICA.
3816 330 3929 389 1328

793 438 882 492 22.
911 436 1026 491 Non
1060 439 1111 492 in
1149 438 1466 495 fortitudine
1503 446 1626 513 equi
1660 447 1988 500 voluntatem
2023 447 2236 501 habebit
2269 465 2280 499 :
2315 454 2356 507 Α

2162 447 2236 500 bit
2269 465 2280 499 :
2315 454 2356 507 Α
2456 445 2543 500 22.
2575 450 2684 501 Οὐκ
2721 451 2776 501 ἐν
2813 453 2876 519 τῇ
2904 450 3185 520 δυναστείᾳ
3215 451 3311 502 τοῦ
3343 451 3509 503 ἵππου
3545 451 3779 522 θελήσει*

792 528 880 582 25.
916 527 1023 583 Nec
1053 529 1106 582 iu
1140 530 1285 586 tibiis
1313 533 1411 586 viri
1437 534 1826 603 beneplacitum
1856 539 1960 592 erit
1987 540 2052 593 ei.

2457 539 2542 591 23.
2573 539 2703 591 Οὐδὲ
2733 541 2787 590 ἐν
2821 543 2936 604 ταῖς
2971 543 3200 611 κνήμαις
3227 541 3316 594 τοῦ
3348 543 3539 614 ἀνδρὸς
3567 544 3811 597 εύδοκιεῖ.

793 619 883 674 24.
907 620 1304 691 Beneplacitum
1326 633 1408 678 est
1433 624 1656 681 Domino
1682 645 1844 698 super
1867 631 2116 685 timentes
2136 647 2280 692 eum,

2224 648 2280 692 ιι,
2454 631 2541 683 24.
2582 631 2805 684 nam:
2829 632 3022 703 Κύριος
3051 637 3106 687 ἑν
3131 638 3241 697 τοῖς
3271 634 3627 704 φοῦουμένοις
3667 638 3841 698 αὐτὸν,

791 714 876 768 25.
915 712 977 766 Et
999 715 1052 767 in
1083 715 1161 769 eis
1188 716 1281 784 qui
1313 728 1530 787 sperant
1560 736 1721 789 super
1745 722 2109 776 misericordia
2143 724 2277 789 ejus.

2451 720 2540 772 25.
2577 721 2684 772 Kal
2717 723 2773 773 ἑν
2801 723 2874 790 (a)
2900 727 3011 786 τοῖς
3036 723 3338 786 ἐλπίζουσιν
3369 726 3462 778 ὲπὶ
3494 725 3554 777 τὸ
3584 725 3732 789 ἕλεος
3763 727 3927 779 αὑτοῦ.

779 820 1031 875 Alleluia.
1075 822 1253 893 Aggtei
1283 836 1331 879 et
1364 826 1660 892 Zachariaz,
1696 829 1895 884 PSAL.
1928 831 2066 886 CXL
2084 833 2209 887 γη.
2393 834 2396 842 “

2393 833 2760 898 Ἀλληλούῖω
2798 834 3070 902 Ἀγγαίου
3092 835 3186 888 καί
3207 839 3520 903 Ζαχαρίου.
3564 840 3740 892 ΨΑΛ.
3758 841 3929 892 PMZ'.

788 912 836 966 1.
869 912 1076 976 Lauda,
1115 913 1470 978 Hierusalem.
1510 920 1796 977 Dominum
1819 963 1835 988 ,

2453 924 2503 976 i.
2548 923 2803 988 Ἐπαίνει,
2839 925 3211 996 Ἰερουσαλὴμ,
3243 927 3331 979 τὸν
3372 928 3597 998 Κύριον,

783 1003 837 1058 2.
880 1003 1062 1058 Lauda
1097 1005 1261 1061 Deum
1294 1019 1469 1071 tuum,
1504 1010 1654 1066 Sion.

2448 1013 2500 1069 2.
2534 1013 2678 1066 Λῖνει
2714 1015 2804 1066 τὸν
2833 1015 2964 1067 Θεόν
2989 1033 3081 1067 σου
3103 1055 3117 1079 ,
3144 1017 3300 1069 Σιών.

782 1094 836 1149 3.
871 1093 1135 1160 Quoniam
1166 1100 1490 1156 confortavit
1522 1119 1672 1158 seras
1705 1114 1982 1172 portarum
2023 1116 2270 1162 tuarum:

2450 1105 2501 1158 3.
2539 1107 2660 1159 ’Ότι
2708 1107 2954 1176 ἑνίσχυσε
3011 1111 3136 1172 τοὺς
3177 1109 3404 1180 μοχλοὺς
3434 1128 3545 1162 των
3589 1110 3769 1164 πυλῶν
3817 1128 3933 1163 σου·

784 1183 834 1237 4.
872 1183 1147 1242 Benedixit
1182 1190 1306 1244 filiis
1336 1191 1440 1245 tuis
1473 1192 1526 1246 in
1555 1202 1624 1247 te.

2446 1196 2500 1250 4.
2538 1195 2807 1268 Εὑλόγησε
2840 1202 2964 1263 τοὺς
2994 1201 3140 1264 υἱούς
3171 1218 3262 1252 σου
3287 1203 3341 1254 ἑν
3372 1201 3473 1257 σοί.

781 1275 836 1330 5.
877 1276 978 1342 Qui
1013 1281 1191 1347 posuit
1219 1280 1351 1335 lines
1383 1293 1504 1337 tuos
1539 1300 1747 1352 pacem,

2447 1287 2500 1342 5.
2550 1287 2607 1340 Ὀ
2632 1289 2797 1352 τιθεὶς
2823 1290 2889 1342 τὰ
2917 1292 3040 1362 ὃριά
3070 1309 3161 1344 σου
3187 1295 3429 1364 εἰρήνην,

781 1365 832 1419 6.
878 1366 938 1421 Et
971 1369 1126 1437 adipe
1162 1369 1418 1425 frumenti
1448 1375 1609 1428 saliat
1643 1383 1712 1427 te.

2440 1379 2489 1433 6.
2533 1381 2642 1432 Kal
2670 1381 2832 1452 στέαρ
2862 1383 3034 1454 πυροῦ
3063 1383 3350 1453 ἐμπιπλῶν
3388 1401 3467 1437 σε.

769 1580 1018 1665 ῖὰγνέίε.
1045 1595 1134 1646 24.
1162 1593 1213 1647 in
1238 1595 1354 1649 cod.
1390 1597 1499 1647 Kal
1531 1599 1586 1649 ἑν
1621 1598 1755 1650 πᾶσι
1787 1601 1918 1665 τοῖς,
1951 1609 2054 1654 etc.

1824 1753 2196 1810 ATHANASII
2242 1755 2821 1813 INTERPRETATIO.

770 1904 859 1958 22.
892 1903 1006 1960 Non
1033 1906 1085 1959 in
1109 1905 1424 1964 fortitudine
1447 1909 1750 1980 insipientis
1771 1912 2093 1967 voluntatem
2114 1913 2270 1969 habe-
2300 1920 2343 1976 Β

2316 1920 2343 1976 Β
2439 1915 2508 1969 22
2554 1915 2668 1970 Ούκ
2693 1918 2749 1970 ἑν
2769 1919 2832 1987 τῇ
2855 1917 3140 1988 δυναστείᾳ
3164 1915 3254 1968 τοῦ
3285 1916 3546 1968 ἀσυνέτου
3575 1917 3791 1987 θελήσει
3813 1921 3933 1972 ἑνοι-

704 1995 801 2058 bit,
831 2005 888 2050 ut
917 1997 1179 2052 inhabitet
1207 2001 1377 2070 gratia
1405 2017 1526 2056 sua.

1411 2017 1526 2056 sua.
2362 2007 2525 2074 κῆσαι
2555 2006 2650 2076 τὴν
2670 2007 2827 2076 χάριν
2846 2005 3028 2058 αὑτοῦ.

772 2087 859 2140 25.
891 2087 1074 2159 Neque
1119 2093 1522 2162 magnitudine,
1567 2102 1620 2148 et
1663 2093 1828 2148 corde
1873 2095 2138 2164 cujusque
2167 2094 2262 2149 de-

2432 2095 2522 2150 25.
2556 2082 2688 2150 ῡὺδὲ
2716 2096 2791 2167 τῷ
2826 2097 3067 2166 μεγέθει,
3101 2095 3196 2147 καὶ
3224 2097 3288 2164 τῇ
3325 2093 3526 2164 καρδίᾳ
3556 2093 3790 2146 ἑκάστου
3818 2095 3933 2164 τέρ-

702 2179 948 2235 lectatur.
2368 2205 2523 2241 πεται

767 2274 857 2328 24.
895 2274 1000 2330 Sed
1033 2275 1084 2328 in
1139 2274 1304 2329 corde
1337 2275 1569 2330 contrito
1625 2285 1678 2330 et
1705 2277 1986 2331 humiliato
2013 2292 2041 2330 a
2074 2277 2267 2332 timore

2436 2281 2523 2334 24.
2567 2279 2704 2333 Ἀλλ’
2731 2283 2786 2333 ἑν
2819 2278 3012 2350 καρδία
3041 2277 3492 2347 συντετριμμένῃ.
3526 2274 3928 2344 τεταπεινωμέ-

699 2383 800 2424 suo
831 2368 1224 2438 beneplacitum
1265 2380 1348 2423 est
1373 2370 1420 2422 ei
1446 2411 1460 2432 ,
1485 2379 1538 2422 et
1570 2370 1853 2422 inhabitat.

2371 2389 2435 2445 νη
2465 2373 2568 2426 ὑπὸ
2598 2372 2690 2424 τοῦ
2727 2371 2890 2440 φόϐου
2926 2368 3088 2423 αὑτοῦ
3120 2369 3344 2428 εὐδοκεῖ,
3375 2369 3470 2421 καὶ
3499 2371 3771 2421 κατοικεῖ.

764 2457 852 2512 25.
881 2457 946 2514 Et
977 2475 1082 2514 non
1124 2461 1175 2512 in
1216 2460 1298 2514 eis
1320 2500 1336 2521 ,
1366 2461 1458 2528 qui
1484 2459 1764 2514 contidunt
1788 2462 1840 2514 in
1869 2476 1926 2514 se
1956 2460 2085 2529 ipsis
2111 2457 2258 2528 quod

2433 2465 2522 2518 25.
2562 2465 2669 2518 Kal
2696 2466 2752 2517 ὲν
2779 2466 2890 2526 τοῖς
2927 2461 3001 2532 μὴ
3031 2460 3343 2512 πεποιθόσιν
3377 2463 3433 2513 ὲν
3463 2461 3702 2522 ἑαυτοῖς,
3730 2462 3812 2513 ὅτι
3841 2462 3933 2513 εἰσὶ

696 2549 987 2618 sintjusti;
1028 2552 1118 2604 sed
1144 2552 1196 2604 in
1219 2551 1298 2604 eis
1321 2553 1412 2620 qui
1442 2562 1683 2620 sperant,
1705 2551 1850 2621 quod
1873 2551 1944 2604 ob
1967 2551 2084 2620 ejus
2109 2551 2260 2605 boni-

2363 2553 2556 2605 δίκαιοι
2596 2552 2936 2614 ἐλπίζοντας·
2969 2553 3049 2604 διὸ
3082 2551 3174 2603 καὶ
3205 2548 3344 2620 [ἀλλ’
3378 2550 3434 2601 ἑν
3462 2552 3576 2611 τοῖς
3609 2549 3931 2612 ἐλπίζουσιν,

697 2650 856 2696 tatem
891 2642 1034 2712 digni
1068 2643 1194 2696 fient
1223 2643 1611 2698 misericordia.

2364 2645 2444 2695 ὅτι
2469 2643 2671 2714 κάηδιά
2698 2643 2792 2712 τὴν
2816 2642 3124 2713 ἀγαθότητα
3138 2641 3300 2695 αὐτοῦ
3319 2641 3716 2713 άξιωθήσονται
3740 2641 3932 2704 ἐλέους.

773 2813 839 2867 Ἢ
867 2815 1196 2886 προκειμένη
1229 2816 1505 2887 ἐπιγραφὴ
1532 2818 1773 2890 περιέχει
1805 2818 1882 2887 (1)
1907 2835 1916 2844 ·
1961 2819 2342 2885 Ἀλληλούῖα,
2375 2819 2646 2887 Ἀγγαίου
2676 2817 2772 2869 καί
2806 2816 3102 2884 Ζαχαρίου
3122 2857 3136 2880 ,
3165 2815 3239 2878 ὡς
3270 2816 3569 2886 προείρηκα
3588 2857 3602 2876 ,
3647 2817 3748 2868 καὶ
3785 2816 3934 2868 πάλιν

696 2907 852 2975 λέγω,
874 2909 1207 2975 (tunicula
1235 2911 1589 2982 ἑρμηνεύεται
1619 2911 1834 2965 αἰνεῗτε
1855 2912 1962 2965 τὸν
1990 2915 2138 2967 Θεόν
2157 2929 2170 2944 ⁸
2201 2915 2464 2983 Ἀγγαίου
2493 2913 2546 2966 δὲ
2575 2912 2933 2984 ἑρμηνεύεται
2965 2913 3101 2980 νίκη
3125 2909 3372 2971 ,λέοντος
3402 2903 3575 2976 Ἰησοῦ
3613 2903 3710 2956 τοῦ
3736 2905 3933 2974 Κυρίρυ

696 3000 867 3068 ἡμῶν,
893 3002 959 3074 ἣν
989 3005 1277 3066 ἐποιήσατο
1301 3003 1386 3055 διὰ
1409 3006 1506 3075 τῆς
1537 3008 1836 3077 παρουσίας
1869 3009 1963 3060 καὶ
1991 3009 2099 3061 τῶν
2137 3000 2473 3080 παθημάτων
2499 3008 2685 3062 αὑτοῦ.

762 3088 973 3144 Titulus
1007 3095 1328 3160 praepositus
1359 3099 1600 3150 continet
1632 3116 1644 3151 :
1681 3099 1931 3162 Alleluia,
1967 3101 2147 3168 Aggwi
2190 3110 2239 3153 et
2269 3100 2545 3153 Zachariw
2573 3116 2590 3152 :
2629 3108 2688 3152 ut
2727 3099 2862 3162 dixi,
2905 3108 2959 3154 et
2993 3113 3183 3154 rursus
3230 3096 3384 3158 dico,
3413 3091 3632 3145 alleluia
3663 3091 3930 3161 interpre-

693 3190 835 3237 tatur
865 3183 1078 3237 laudate
1099 3184 1267 3240 Deum
1297 3205 1314 3242 :
1344 3188 1566 3258 Aggmus
1596 3199 1776 3243 autem
1809 3189 2195 3260 interpretatur
2227 3191 2447 3244 victaria
2466 3186 2654 3243 Leonis
2681 3187 2808 3244 Jesu
2830 3189 3042 3243 Domini
3073 3187 3265 3252 nostri,
3294 3198 3455 3255 quam
3483 3182 3666 3236 retulit
3693 3182 3932 3236 adventu

690 3283 741 3327 et
774 3274 1026 3343 passione
1055 3292 1173 3330 sua.

758 3421 807 3473 l.
843 3417 991 3472 Visio
1021 3422 1168 3488 pacis
1202 3422 1439 3492 glorifica
1473 3423 1785 3488 Dominum,
1814 3425 1918 3478 hoc
1946 3433 2030 3477 est
2061 3421 2246 3476 Eccle-
2275 3430 2316 3486 c

2311 3432 2316 3484 :
2422 3422 2471 3474 L
2503 3418 2731 3489 Ὄρασις
2763 3419 2864 3489 τῆς
2897 3419 3140 3490 είρήνης,
3165 3419 3385 3484 δόξασον
3418 3421 3506 3474 τδν
3522 3420 3757 3491 Κύριον,
3780 3438 3928 3474 τουτ-

689 3512 767 3565 sia
807 3527 871 3566 ex
909 3513 1173 3582 gentibus,
1208 3514 1259 3568 in
1293 3533 1398 3586 qua
1427 3519 1541 3572 visa
1573 3530 1654 3572 est
1674 3559 1688 3584 ,
1719 3528 1770 3572 et
1800 3518 2014 3572 videtur
2041 3531 2142 3585 pax
2171 3525 2253 3569 to-

2357 3513 2503 3565 ἑστιν
2559 3513 2591 3582 ἡ
2619 3511 2678 3574 ἑξ
2705 3510 2871 3564 ἑθνῶν
2911 3510 3202 3579 Ἐκκλησία
3226 3553 3239 3576 ,
3267 3513 3322 3562 ὲν
3406 3511 3639 3582 ἑωράθη,
3672 3513 3780 3564 καὶ
3812 3514 3922 3581 ὁρᾶ-

688 3602 796 3657 tius
829 3605 1016 3659 mundi
1044 3605 1301 3663 Dominus
1330 3619 1511 3665 noster
1531 3609 1690 3667 Jesus
1712 3629 1724 3664 :
1744 3609 2076 3664 Hierusalem
2104 3610 2249 3665 enim

2356 3623 2442 3658 ται
2477 3605 2665 3674 εἰρήνη
2709 3603 2785 3673 (2.)
2834 3601 2928 3654 τοῦ
2964 3603 3163 3665 παντὸς
3216 3603 3418 3672 κόσμου
3464 3605 3490 3654 ὁ
3523 3601 3730 3671 Κύριος
3773 3603 3926 3672 ήμῷκ

688 3692 1072 3763 interpretatur
1106 3699 1233 3751 visio
1262 3701 1426 3767 pacis.

2371 3696 2570 3764 Ἰησοῦς
2591 3711 2603 3724 ⁸
2650 3693 3032 3762 Ἰερουσαλὴμ
3063 3694 3171 3763 γὰρ
3199 3693 3553 3764 ἑρμηνεύεται
3596 3692 3824 3760 ὅρασις
3861 3698 3911 3747 εί

2345 3787 2560 3855 ρήνης·

753 3869 806 3923 2.
849 3869 1028 3926 Lauda
1061 3873 1226 3928 Deum
1254 3886 1427 3940 tuum,
1451 3875 1690 3932 Ecclesia
1726 3878 1913 3947 ipsius,
1947 3881 2000 3932 in
2038 3894 2143 3948 qua
2166 3888 2249 3934 est

2421 3878 2474 3932 2.
2511 3877 2659 3929 Αίνει
2691 3877 2778 3931 τὸν
2805 3877 2937 3930 Θεόν
2972 3892 3087 3938 σου,
3117 3878 3149 3946 ἡ
3182 3874 3345 3929 αὑτοῦ
3372 3875 3447 3944 (5)
3485 3872 3815 3944 Ἐκκλησία.
3851 3876 3925 3928 εν-

686 3965 1052 4017 sanctuarium
1100 3967 1284 4034 gratia:
1313 3968 1428 4034 ejus
1461 3985 1473 4020 :
1505 3965 1632 4021 Sion
1673 3968 1816 4021 enim
1865 3968 2247 4038 interpretatur

2352 3966 2418 4019 θα
2446 3967 2506 4019 τὸ
2549 3966 2796 4037 ἅγίασμα
2824 3967 2922 4036 τῆς
2948 3964 3165 4035 χάριτος
3197 3964 3358 4017 αὐτοῦ
3393 3965 3538 4016 ἑστι·
3609 3963 3774 4017 Σιὼν
3824 3965 3923 4035 τὰ(

685 4052 827 4105 locus
859 4053 946 4106 ubi
979 4057 1385 4111 tabernaculum.

2350 4057 2706 4128 ἑρμηνεύεται
2740 4058 2919 4120 τόπος
2955 4056 3107 4108 ὅπου
3141 4057 3178 4123 ἡ
3211 4055 3434 4122 σκηνή.

754 4143 804 4196 3.
834 4142 1100 4209 Quoniam
1131 4147 1502 4201 corroboravit
1528 4147 1824 4217 potentiam
1847 4148 2239 4217 apostolorum,

2415 4151 2469 4203 5.
2507 4149 2631 4202 ’Ότι
2661 4148 3031 4216 ἑνεδυνάμωσε
3061 4145 3158 4209 τὰς
3183 4145 3502 4206 δυναστείας
3543 4144 3648 4196 τῶν
3682 4144 3905 4199 ἀποστό

685 4248 779 4298 per
807 4251 944 4304 quos
975 4251 1164 4291 omnes
1195 4238 1570 4309 ingrediuntur
1597 4241 1662 4294 ad
1699 4249 1770 4294 te.

2346 4239 2472 4302 λων,
2498 4239 2564 4292 δι’
2597 4233 2670 4292 ὧν
2700 4239 2896 4302 πάντες
2923 4240 3257 4309 εἰσέρχονται
3283 4237 3418 4308 πρὸς
3443 4235 3521 4288 σέ.

752 4326 805 4380 4.
850 4326 1213 4384 Sanctificavit
1243 4347 1338 4385 eos
1363 4332 1415 4385 in
1441 4343 1625 4387 ventre
1652 4349 1773 4399 suo,
1821 4336 1922 4388 hoc
1945 4341 2031 4387 est
2066 4332 2120 4387 in
2159 4333 2240 4386 la-

2415 4329 2466 4382 4.
2505 4329 2754 4395 Ἠγίασεν
2784 4328 2976 4391 αὐτοὺς
3011 4329 3068 4380 ἑν
3099 4330 3164 4398 τῇ
3191 4327 3385 4398 γαστρί
3413 4343 3527 4387 σου,
3559 4325 3850 4380 τουτέστιν
3875 4331 3923 4381 ἑκ

684 4434 864 4472 vacro.

2344 4422 2410 4489 τῇ
2439 4417 2810 4489 κολυμϐήθρᾳ.

761 4512 813 4565 5.
852 4510 1028 4567 Porta
1066 4515 1207 4567 enim
1243 4513 1400 4569 inferi
1432 4531 1536 4570 non
1586 4516 1950 4584 praevalebunt
1979 4516 2239 4570 adversus

2079 4531 2239 4570 ιρι-ευε
2414 4509 2465 4562 5.
2494 4508 2663 4561 Πύλαι
2699 4509 2806 4579 γὰρ
2836 4507 2959 4578 ᾅδου
2984 4508 3045 4559 οὐ
3073 4505 3471 4578 κατασχύσουσί
3502 4523 3562 4559 σε
3599 4507 3696 4576 (4).

681 4614 735 4658 te
758 4607 820 4657 ¹¹.

751 4695 802 4748 6.
860 4696 924 4752 Et
965 4697 1121 4768 adipe
1167 4699 1567 4766 superctelestis
1615 4698 1871 4753 frumenti
1928 4699 2090 4754 satiat
2150 4709 2234 4763 te,

2412 4703 2464 4757 6.
2491 4704 2600 4756 Kal
2631 4704 2692 4755 τὸ
2727 4703 2892 4774 στέαρ
2937 4703 3029 4756 τοῦ
3075 4705 3393 4775 ἐπουρανίου
3429 4709 3578 4758 σίτου
3627 4709 3920 4778 ἐμπιπλῶν

681 4788 822 4858 quod
872 4791 1096 4844 moritur
1141 4791 1192 4843 in
1227 4799 1388 4854 terra,
1434 4800 1488 4845 et
1531 4793 1835 4862 germinare
1880 4791 2009 4847 facit
2056 4793 2234 4863 spicas
2267 4794 2298 4852 Ι]

2302 4801 2312 4845 l
2341 4810 2421 4855 σε,
2451 4793 2542 4847 τοῦ
2580 4792 2942 4856 ἀποθανόντος
2974 4795 3032 4845 ἑν
3065 4796 3129 4864 τῇ
3159 4797 3264 4864 γῇ,
3296 4795 3387 4851 καὶ
3423 4794 3498 4865 (5)
3532 4796 3919 4863 ἀνατείλαντος

681 4897 810 4937 suas
845 4882 896 4935 in
922 4893 1033 4936 toto
1066 4884 1268 4937 mundo
1286 4885 1347 4938 ".

2339 4886 2464 4948 τοὺς
2494 4884 2731 4954 στάχυας
2763 4884 2926 4940 αὑτοῦ
2955 4887 3012 4937 ἑν
3037 4885 3140 4956 ὅλῳ
3163 4885 3242 4956 τῷ
3265 4885 3473 4957 κόσμῳ.

753 5083 793 5112 ³¹
832 5079 1018 5136 Matth.
1059 5099 1170 5147 xw,
1212 5083 1295 5137 18.
1375 5084 1417 5116 ¹³
1455 5082 1612 5138 Joan.
1656 5100 1752 5150 xu,
1791 5083 1881 5147 24,
1921 5084 2012 5140 25.

1615 5311 1917 5373 Addenda
1942 5318 2003 5372 et
2052 5309 2421 5389 corrigenda
2455 5327 2533 5372 ex
2564 5310 2704 5373 cod.
2738 5311 2941 5374 Vatic.

747 5501 821 5565 (1)
854 5501 916 5553 Ἡ
932 5500 1017 5553 διὰ
1038 5500 1523 5580 τῆςικιννασάρευές
1553 5501 1952 5580 περιέχει,ςῑ‹ξ.,
1971 5502 2044 5580 ᾡς
2063 5518 2234 5580 προει-
2622 5501 2969 5580 εἰρήνη,Λθῑς.

713 5568 1317 5644 ηκαμενηξιοηαίνείτε,
1339 5568 1554 5642 ὑμνεῖτε
1572 5568 1658 5624 τὸν
1675 5568 1959 5644 ὄνταίϐεον.
1981 5568 2231 5644 ’Λγκιξαίου
2411 5572 2487 5644 (ᾇ)
2517 5568 2687 5644 ᾼ-ύτοῦ
2713 5568 2807 5644 τοῦ
2831 5570 2964 5644 Θεοῦ
2999 5568 3308 5644 Ἐκκλησία,
3337 5580 3444 5627 etc.

713 5588 1080 5640 ηκαμενμιισ..
1103 5588 1317 5633 αινειτε,
1339 5588 1554 5642 υμνειτε
1572 5588 1658 5624 τον
1675 5588 1797 5624 οντα
1812 5588 1959 5623 δεον.
1985 5588 2231 5638 Λγγαιου
2411 5588 2487 5634 ιο)
2517 5588 2687 5622 Αυτου
2713 5588 2804 5622 του
2831 5588 2964 5622 σεου
3003 5588 3064 5622 ιτ

675 5588 731 5692 ge
751 5640 1099 5712 ἑρμηνεύεται
1119 5642 1459 5711 ἑορτάζοντος
1477 5659 1489 5670 ·
1511 5641 1773 5711 Ζαχαρίου
1796 5643 1850 5694 δὲ
1875 5641 2230 5712 ἑρμηνεύεται
2408 5641 2485 5712 (ᾖ)
2527 5640 2921 5712 Κατισχύσουσί
2953 5656 3064 5712 σου.

675 5711 794 5770 νίκη
835 5711 1062 5773 λέοντος,
1088 5709 1189 5765 etc.
1592 5709 1616 5710 νγ
1666 5709 1674 5711 ⁷
1906 5709 1953 5712 Π
2008 5709 2013 5710 ⁷

1592 5709 1616 5710 ⁷⁷
1666 5709 1674 5711 ⁷
1906 5709 1914 5712 ⁷
1946 5709 1953 5711 “
2008 5709 2013 5710 “
2410 5710 2486 5779 (5)
2527 5711 2620 5773 Et;
2650 5710 2745 5764 tirv
2767 5711 2888 5778 γῆν,
2923 5709 3035 5774 καί,
3061 5720 3163 5765 etc.
