4052 6332
92 375 229 431 1329

156 487 210 543 7,
263 489 318 542 Ὁ
346 487 686 541 ἀποστέλλων
717 487 778 540 τὸ
803 487 978 555 λόγιον
1011 488 1172 542 αὑτοῦ
1199 493 1262 560 τῇ
1292 493 1362 560 γῇ
1380 507 1393 520 ⁸

150 579 206 634 8.
239 577 380 641 Ἕως
406 580 600 649 τάχους
630 578 915 648 δραμεῖται
945 581 972 631 ό
997 579 1152 647 λόγος
1179 581 1364 634 αὑτοῦ.

155 672 211 726 9.
253 671 489 728 Διδόντος
517 671 666 740 χιόνα
691 669 854 722 αὑτοῦ
880 670 1008 722 ὡσεὶ
1032 671 1172 742 ἔριον
1190 689 1204 702 ο

154 758 244 814 10.
295 758 553 829 Ὁμίχλην
577 758 706 810 ὡσεὶ
733 757 923 810 σποδὸν
954 760 1269 822 πάσσοντος.

158 851 246 904 11.
288 849 575 912 Βάλλοντος
600 849 928 922 κρύσταλλον
955 849 1116 902 αὑτοῦ
1140 851 1272 903 ὡσεὶ
1295 851 1518 921 ψωμούς
1545 870 1556 881 ·

155 942 244 996 12.
263 942 416 994 Κατὰ
437 942 725 1011 πρόσωπον
745 941 946 1012 ψύχους
966 943 1129 996 αὑτοῦ
1159 944 1242 1006 τίς
1259 945 1646 1014 ὑποστήσεται;

151 1034 242 1087 13.
269 1032 644 1097 Ἐξαποστελεί
667 1034 756 1086 τὸν
785 1034 939 1102 λόγον
967 1035 1154 1096 αὑτοῦ,
1184 1036 1274 1088 καὶ
1305 1035 1453 1106 τήξει
1476 1038 1643 1090 αὐτόν

159 1124 244 1178 14.
265 1123 491 1176 Πνεύσει
513 1124 572 1177 τὸ
590 1123 803 1194 πνεῦμα
835 1123 1018 1188 αὑτοῦ,
1047 1126 1139 1178 καὶ
1169 1126 1425 1195 ρυήσεται
1461 1125 1643 1180 ὕδατα.

155 1214 244 1268 15.
295 1215 352 1266 Ὀ
381 1214 736 1282 ἀπαγγέλλων
763 1215 822 1267 τὸ
849 1215 1026 1284 λόγιον
1051 1215 1214 1268 αὐτοῦ
1246 1216 1323 1286 τῷ
1364 1217 1575 1280 Ἰακὼϐ,

157 1304 244 1356 16.
285 1303 637 1375 Δικαιώματα
661 1307 754 1358 καὶ
779 1305 1020 1376 κρίματα
1049 1305 1211 1359 αὐτοῦ
1245 1307 1320 1376 τῷ
1358 1308 1588 1381 Ἰσραήλ.

158 1395 248 1448 17.
287 1397 398 1448 Οὐκ
423 1397 672 1464 ἐποίησεν
704 1395 846 1449 οὕτω
877 1397 1036 1449 παντὶ
1069 1397 1228 1449 ἔθνει.

153 1486 243 1539 18.
288 1486 395 1539 Kal
421 1485 486 1538 τὰ
517 1485 758 1556 κρίματα
795 1487 957 1540 αὑτοῦ
995 1489 1092 1541 οὐκ
1131 1489 1395 1560 ἐδήλωσεν
1440 1492 1641 1555 αὐτοῖς.

941 369 1025 423 DE
1062 369 1338 426 TITUUS
1377 371 1825 427 PSALMORUM.
1869 403 1938 413 —
1974 372 2164 428 PSAL.
2208 371 2462 428 CXLVII.

3169 375 3309 434 13³0

1673 500 1716 554 Α
1817 493 1867 546 7.
1908 492 2010 558 Qui
2041 493 2535 562 emittiteloquium
2567 507 2726 547 suum
2764 503 2958 548 terrae:

1819 585 1868 634 8.
1914 582 2181 636 Velociler
2209 584 2379 637 currit
2413 598 2594 638 sermo
2621 584 2761 650 ejus.

1815 672 1867 725 9.
1908 670 2012 736 Qui
2043 673 2134 726 dat
2162 674 2336 725 nivem
2367 674 2508 726 sicut
2535 675 2710 726 lanam
2743 691 2755 725 :

1820 763 1902 815 10.
1945 761 2202 818 Nebulam
2241 765 2380 818 sicut
2407 766 2644 820 cinerem
2683 766 2904 834 spargit.

1819 856 1904 908 11.
1944 853 2105 908 Mittit
2133 856 2447 924 crystallum
2473 871 2631 909 suum
2668 857 2809 910 sicut
2839 855 3111 910 buccellas
3139 872 3150 904 :

1820 945 1906 998 12.
1946 943 2088 999 Ante
2117 945 2308 1000 faciem
2346 945 2564 1016 frigoris
2592 949 2711 1017 ejus
2737 948 2856 1016 quis
2887 947 3209 1002 sustinebit?

1823 1036 1906 1090 15.
1947 1033 2166 1091 Emittet
2195 1038 2469 1107 eloquium
2503 1054 2683 1104 suum,
2708 1048 2763 1092 et
2795 1037 3104 1106 liquefaciet
3134 1051 3196 1090 ea
3227 1052 3240 1089 :

1820 1126 1904 1180 11.
1943 1125 2120 1181 Flabit
2147 1130 2370 1198 spiritus
2396 1131 2534 1199 ejus.
2569 1140 2623 1185 et
2645 1132 3005 1199 fluentaqnze.

1819 1217 1902 1271 l5.
1945 1216 2046 1282 Qui
2074 1221 2365 1274 annuntiat
2395 1222 2618 1275 verbum
2649 1237 2808 1275 suum
2835 1220 3003 1275 Jacob
3029 1237 3042 1272 :

1818 1308 1906 1364 16.
1945 1307 2199 1364 Justitias
2226 1321 2281 1365 et
2305 1311 2513 1378 judicia
2546 1328 2644 1366 sua
2670 1311 2854 1365 Israel.

1821 1398 1908 1452 17.
1951 1397 2067 1454 Νοη
2094 1399 2223 1455 fecit
2252 1402 2429 1456 taliter
2458 1403 2606 1456 omni
2633 1402 2855 1456 nationi.

1821 1493 1909 1547 18.
1951 1493 2017 1549 Ει
2039 1496 2249 1565 judicia
2273 1511 2373 1552 sua
2402 1511 2509 1550 non
2544 1495 2912 1551 manifestarit
2939 1494 3040 1552 eis.

1203 1620 1571 1677 ATHANASII
1611 1623 2192 1685 INTERPRETATIO.

163 1761 196 1812 7
219 1810 232 1824 ,
264 1761 315 1815 8.
345 1761 418 1829 (1)
468 1761 525 1812 '0
567 1760 905 1814 ἀποστέλλων
947 1763 1008 1814 τὸ
1046 1764 1304 1834 κήρυγμα
1357 1765 1520 1818 αὐτοῦ
1560 1766 1647 1819 διὰ
1681 1778 1703 1831 ε

1822 1771 1870 1836 7,
1905 1773 1958 1826 8.
2002 1772 2105 1840 Qui
2140 1775 2798 1845 emittitprzedicationem
2837 1791 2988 1828 suam
3026 1785 3200 1839 terra,
3220 1791 3312 1843 per

91 1851 194 1905 τῶν
224 1851 509 1923 προφητῶν
525 1852 624 1922 τῆς
641 1854 959 1923 συναγωγῆς
985 1855 1051 1924 τῇ
1077 1855 1242 1927 γηίνεεοΙ
1270 1856 1357 1928 [τῇ
1383 1856 1500 1928 γῇ],
1524 1858 1647 1923 ἕως,

92 1942 179 1995 τοῦ
217 1943 418 2013 κόσμου
444 1943 538 1995 τοῦ
574 1947 630 1998 ὲν
664 1945 815 2014 τάχει
853 1945 1160 2016 παριόντος,
1193 1951 1594 2021 κηρυχθήσεται
1623 1952 1652 2004 ὁ

87 2033 168 2101 λόγ
181 2051 244 2096 ος
270 2033 451 2085 αὑτοῦ.

153 2131 211 2183 9.
258 2130 328 2181 Τὸ
374 2129 611 2198 καθαρὸν
643 2129 718 2198 ('2)
771 2129 862 2181 τοῦ
911 2129 1067 2198 λόγου
1117 2131 1262 2200 λέγει
1310 2133 1402 2184 καὶ
1449 2131 1653 2186 ἁπαλὸν

89 2223 199 2282 τοῖς
232 2219 569 2290 βουλομένοις
590 2259 604 2281 ,
650 2221 741 2272 καὶ
768 2221 956 2291 ὅτιπερ
993 2227 1102 2286 τοῖς
1131 2223 1402 2293 ἐπιμελῶς
1429 2225 1656 2295 ἐργαζο-

87 2310 275 2380 μένοις
309 2310 460 2377 λόγον
487 2309 731 2377 γίνεται,
757 2312 832 2375 ὡς
860 2313 967 2365 ἀπὸ
998 2313 1178 2384 ὲρέας,
1210 2315 1549 2387 περιϐόλαιον
1587 2321 1652 2389 τῇ

87 2403 252 2471 ψυχῇ-

151 2492 245 2545 10.
275 2491 346 2544 Τὸ
369 2491 692 2546 λεπτότατον
718 2493 810 2547 καὶ
832 2493 1118 2566 δυσνόητον
1144 2500 1200 2551 ὲν
1229 2501 1341 2562 τοῖς
1366 2499 1545 2567 λόγοις
1564 2502 1656 2554 αὐ-

90 2585 180 2636 τοῦ
221 2586 529 2654 ἐγκείμενον
557 2585 739 2656 δηλοῖ’
781 2587 971 2660 ὅτιπερ
1011 2589 1080 2643 τὰ
1119 2590 1345 2662 πλησίον
1390 2591 1517 2645 ὄντα
1561 2591 1654 2644 τοῦ

87 2674 549 2744 ἀναγινώσκοντος
573 2677 728 2746 λόγια
767 2680 827 2731 οὐ
871 2683 1230 2751 συγχωρείται
1263 2685 1296 2752 ἡ
1324 2682 1530 2736 διάνοια
1560 2683 1656 2735 αὐ-

93 2768 181 2822 τοῦ
218 2768 453 2839 καθορᾷν
469 2769 554 2822 διὰ
579 2771 673 2840 τὴν
701 2765 862 2822 οὖσαν
885 2773 941 2822 ὲν
983 2772 1191 2835 ἑαυτοῖς
1215 2773 1313 2844 (21‘)
1335 2773 1654 2844 λεπτότητα,

86 2859 280 2930 ὥσπερ
304 2860 529 2930 ὁμίχλης
554 2861 904 2932 ἐπικειμένης
939 2863 995 2914 ὲν
1026 2865 1208 2929 αὐτοῖς
1229 2883 1240 2893 ·
1275 2867 1430 2937 χρεία
1454 2863 1544 2920 οὖν
1570 2868 1656 2921 ἵνα

87 2951 347 3023 ἀνατείλῃ
375 2953 431 3003 ὲν
461 2953 524 3021 τῇ
552 2950 758 3021 διανοίᾳ
796 2951 943 3022 ἥλιος
970 2955 1336 3027 δικαιοσύνης,
1369 2959 1463 3011 καὶ
1518 2976 1657 3030 παρ-

87 3044 277 3113 αγάγῃ
314 3044 387 3110 (5)
422 3043 518 3114 τὴν
546 3045 896 3116 ἐπικειμένην
921 3047 1169 3118 ὀμίχλην,
1209 3048 1272 3100 ἵν’
1296 3049 1434 3102 οὕτω
1460 3050 1654 3122 δυνηθῇ

1753 1864 2044 1932 prophetas
2078 1882 2382 1936 synagogze,
2415 1867 2586 1923 donec
2618 1908 2631 1930 ,
2677 1867 2878 1921 mnndo
2924 1867 3165 1921 celeriter
3201 1882 3313 1934 pcr-

1753 1963 2086 2022 transeunte,
2121 1959 2508 2026 praedicabitur
2534 1974 2714 2014 sermo
2739 1959 2878 2028 ejus.

1822 2129 1876 2183 9.
1915 2128 2209 2186 Puritatem
2240 2131 2507 2187 sermonis
2531 2131 2649 2201 ejus
2677 2132 2960 2202 significat.
3008 2143 3061 2187 et
3088 2132 3314 2188 facilita—

1754 2228 1859 2274 tem
1891 2221 2216 2285 volentibus,
2241 2230 2295 2277 et
2327 2223 2471 2294 quod
2504 2223 2785 2294 diligenter
2815 2223 3164 2292 operantibus
3199 2239 3314 2279 ser-

1756 2327 1967 2366 monem
2012 2314 2071 2367 fit
2102 2316 2296 2370 anima:
2349 2331 2574 2380 eorum,
2616 2315 2781 2371 Veluti
2825 2315 3218 2385 Operimentum
3248 2331 3313 2370 ex

1754 2405 1898 2458 lana.

1826 2494 1911 2549 10.
1951 2495 2354 2563 Snbtilitatem,
2407 2507 2462 2553 et
2525 2499 2855 2570 intelligendi
2916 2498 3308 2561 difficultatem,

1755 2604 1876 2658 que
1913 2591 1966 2643 in
2012 2591 2360 2646 sermonibus
2408 2591 2528 2661 ejus
2564 2601 2678 2656 est,
2718 2591 2986 2662 significat
3011 2609 3026 2646 :
3056 2592 3310 2662 quoniam

1755 2694 1880 2735 cum
1912 2695 2075 2750 prope
2117 2681 2376 2752 legentem
2426 2683 2536 2736 sint
2566 2682 2780 2752 eloquia
2805 2722 2821 2746 ,
2869 2697 2977 2735 non
3005 2682 3315 2738 conceditur

1758 2772 1924 2826 menti
1958 2773 2129 2840 ipsius
2156 2788 2218 2826 ea
2246 2773 2600 2840 introspicere
2641 2782 2858 2843 pr0pter
2881 2789 3071 2830 eorum
3101 2774 3311 2829 subtili-

1758 2872 1942 2924 tatem,
1981 2862 2203 2931 perinde
2234 2879 2297 2915 ac
2326 2864 2370 2917 si
2404 2863 2596 2916 nebula
2619 2878 2683 2917 ea
2726 2864 3034 2931 obtegeret;
3064 2879 3202 2933 opus
3230 2874 3314 2918 est

1758 2953 1938 3022 igitur,
1972 2963 2031 3005 ut
2063 2952 2114 3005 in
2144 2961 2320 3006 mente
2352 2952 2632 3007 exoriatur
2664 2953 2744 3008 sol
2766 2953 3011 3023 justitiae,
3056 2961 3110 3008 et
3136 2952 3317 3024 abigat

1761 3043 2105 3097 incubantem
2142 3044 2413 3108 nebulam,
2445 3053 2503 3097 ut
2534 3045 2604 3097 ita
2635 3045 2802 3112 possit
2833 3045 3001 3100 lector
3027 3060 3163 3114 puro
3189 3059 3316 3100 cor-

87 3135 320 3207 ιιαθαρῷ
350 3135 426 3205 τῷ
453 3136 656 3207 ὄμματι
678 3138 774 3209 τῆς
797 3139 1022 3210 καρδίας
1052 3138 1175 3192 ἰδεῖν
1203 3142 1230 3193 ὁ
1263 3141 1649 3209 ἀναγινώσκων
1677 3132 1703 3189 ί

1758 3135 1835 3190 dis
1869 3136 2027 3190 oculo
2053 3135 2232 3191 videre
2257 3151 2476 3192 sensum
2509 3137 2779 3192 latentem.

87 3228 182 3279 τὸν
216 3227 531 3296 ἐγκείμενον
555 3229 694 3282 νοῦν.

157 3317 248 3371 11.
295 3319 367 3372 Τὸ
401 3320 630 3391 σκληρὸν
673 3321 767 3374 τοῦ
811 3321 968 3390 λόγου
1010 3314 1172 3377 αὑτοῦ
1220 3325 1310 3376 καὶ
1355 3325 1657 3395 τηλαυγὲς,

87 3409 286 3482 ὥσπερ
325 3413 384 3465 τὸ
425 3412 756 3484 κρύσταλλον
784 3432 795 3444 ’
833 3415 1085 3484 σημαίνει
1115 3415 1169 3466 δὲ
1207 3414 1282 3485 (4)
1311 3417 1404 3468 καὶ
1444 3416 1504 3468 τδ
1531 3416 1662 3480 ζωο-

87 3502 283 3555 ποιοῦν
311 3503 495 3562 αὐτοῦ,
523 3504 708 3576 ὥσπερ
735 3508 762 3558 ό
792 3505 1002 3575 ψωμός.

162 3596 250 3648 12.
290 3596 361 3647 Τὸ
390 3596 656 3666 φρικῶδες
696 3598 789 3650 καὶ
819 3596 1044 3668 φοϐερὸν
1098 3595 1189 3650 τοῦ
1241 3597 1404 3668 νόμου
1444 3597 1517 3669 (5)
1543 3597 1662 3667 ἐδή-

87 3700 288 3747 Αωσεν,
319 3687 392 3749 ὡς
421 3687 645 3757 νομίζω.

165 3780 254 3833 15.
278 3778 656 3842 Ἐξαποστελεί
683 3781 772 3834 τὸν
809 3781 934 3833 Υἱὸν
965 3779 1130 3834 αὑτοῦ
1161 3779 1248 3834 τὸν
1281 3781 1538 3852 μονογενῆ
1572 3780 1662 3833 τὸν

90 3872 255 3942 ἣλιον
285 3871 382 3941 τῆς
407 3871 768 3934 δικαιοσύνης,
787 3872 880 3924 καὶ
902 3870 1139 3924 διαλύσει
1166 3870 1324 3934 αὐτὰ,
1349 3869 1662 3942 ἑρμηνεύων

89 3965 228 4033 ἡμῖν
260 3963 329 4015 τὰ
356 3963 562 4033 σκληρὰ
587 3966 678 4015 καὶ
702 3963 965 4032 δυσνόητα
1000 3962 1090 4015 τοῦ
1118 3963 1282 4032 νόμου
1308 3961 1406 4032 (6).

172 4054 262 4111 14.
326 4056 692 4126 Ἐπιφοιτήσει
737 4057 792 4109 τὸ
826 4054 1047 4126 Πνεῦμα
1098 4055 1159 4107 τὸ
1203 4056 1358 4122 ἂγιον
1406 4052 1570 4107 αὑτοῦ
1605 4055 1662 4108 ὲν

86 4149 207 4210 τοῖς
232 4146 557 4217 ἀνθρώποις,
587 4149 678 4199 καὶ
713 4150 994 4218 ῥεύσουσιν
1026 4150 1090 4200 ὲκ
1124 4147 1222 4216 τῆς
1254 4145 1460 4207 κοιλίας
1485 4143 1664 4198 αὐτῶν

90 4240 340 4309 ποταμοὶ
374 4238 560 4302 ὕδατος
584 4239 805 4303 ζῶντος.

167 4329 259 4384 15.
305 4328 360 4382 '0
391 4329 633 4399 φανερῶν
679 4329 768 4382 τὸν
803 4329 926 4381 Υίδν
961 4328 1121 4381 αὑτοῦ
1154 4325 1231 4396 τῷ
1262 4324 1372 4395 λαῷ
1404 4323 1468 4394 τῷ
1501 4323 1663 4393 ὲσχά-

88 4438 194 4492 τῳ.
213 4419 414 4474 Ἰακὼϐ
435 4420 542 4491 γὰρ
570 4420 923 4491 ἑρμηνεύεται
951 4418 1178 4488 κρατῶν
1203 4422 1454 4486 ἔσχατα.

169 4512 260 4566 16.
287 4513 390 4564 Kal
417 4513 482 4566 τὰ
501 4514 896 4584 προστάγματα
917 4510 1082 4566 αὐτοῦ
1115 4510 1363 4581 φανερῶν
1388 4510 1501 4571 τοῖς
1526 4508 1662 4580 ὁρῶ-

89 4622 185 4657 σιν
213 4604 373 4658 αὑτὸν
401 4607 467 4675 τῇ
500 4603 727 4674 διανοίᾳ.

165 4695 256 4748 17.
287 4695 430 4760 Ἕως
458 4697 562 4766 γὰρ
594 4695 694 4765 τῆς
733 4694 1030 4764 παρουσίας
1058 4693 1221 4746 αὑτοῦ
1252 4693 1350 4745 οὐκ
1411 4693 1663 4763 ἐποίησεν

86 4785 244 4838 οὕτω
277 4787 436 4839 παντὶ
487 4785 648 4850 ἔθνει,
689 4785 749 4838 τὸ
790 4784 865 4855 (7)
895 4784 985 4836 τὸν
1034 4782 1189 4852 λόγον
1225 4782 1386 4838 αὑτοῦ
1436 4781 1664 4836 ἀκοῦσαι

85 4875 162 4928 ἐκ
199 4874 462 4944 στόματός
491 4892 612 4945 μου.

175 4965 263 5020 18.
294 4967 404 5019 Kal
441 4965 584 5020 οὕτω
623 4967 693 5020 τὰ
717 4967 958 5037 κρίματα
981 4963 1142 5018 αὑτοῦ
1169 4964 1269 5016 οὐκ
1293 4962 1574 5033 ἐδήλωσεν,
1591 4961 1665 5024 ὠς

87 5060 210 5122 τοῖς
241 5058 331 5110 ἐπ’
355 5059 596 5128 ἐσχάτων
620 5057 727 5111 τῶν
750 5059 970 5131 ἡμερῶν
993 5055 1344 5110 πιστεύσασιν
1366 5056 1444 5117 εἰς
1474 5054 1658 5107 αὐτόν.

171 5196 218 5226 ’⁵
257 5193 415 5253 Joan.
458 5213 553 5264 vn,
594 5197 682 5263 58,
724 5199 814 5254 59.

1837 3318 1918 3371 ll.
1952 3316 2177 3381 Durum,
2223 3331 2287 3369 ac
2332 3314 2626 3369 dilucidum
2668 3329 2787 3369 esse
2832 3329 3138 3368 sermonem
3175 3313 3316 3384 ejus,

1762 3410 1903 3463 sicut
1946 3407 2256 3477 crystallum
2287 3422 2300 3457 :
2331 3405 2600 3475 signiﬁcat
2632 3414 2810 3459 autem
2857 3406 3019 3459 etiam
3046 3405 3316 3460 vivilicum

1761 3515 1901 3564 esse,
1936 3501 2100 3553 veluti
2136 3499 2454 3554 buccellam.

1833 3593 1918 3648 12.
1956 3590 2250 3648 Ostendere
2300 3592 2491 3657 voluit,
2519 3598 2576 3644 ut
2604 3599 2754 3661 puto,
2802 3590 3095 3644 timendum
3120 3605 3184 3644 ac
3217 3599 3320 3644 tre-

1762 3684 2016 3739 mendum
2049 3699 2168 3740 esse
2193 3696 2500 3737 sermonem
2527 3681 2668 3750 ejus.

1834 3777 1919 3831 15.
1963 3774 2182 3830 Emittet
2208 3772 2404 3827 Filium
2461 3787 2619 3827 suum
2647 3770 2982 3840 unigenitum
3027 3770 3192 3824 solem
3234 3769 3319 3840 ju-

1764 3869 1942 3934 stitiae,
1966 3877 2014 3922 el
2050 3867 2305 3921 dissolvet
2327 3881 2391 3920 ea
2424 3865 2551 3934 (hoc
2579 3872 2662 3918 est
2703 3863 2914 3932 eloquia
2962 3862 3322 3930 interpretans

1765 3963 1921 4015 nobis
1942 3960 2174 4015 obscura
2199 3966 2252 4013 et
2280 3956 2512 4012 difficilia
2540 3955 2713 4026 legis).

1835 4053 1920 4106 14.
1961 4050 2222 4104 Adveniet
2265 4048 2498 4119 Spiritus
2540 4054 2760 4100 sanctus
2803 4045 2922 4113 ejus
2949 4043 3001 4096 in
3038 4043 3319 4105 homines,

1765 4150 1819 4195 et
1855 4140 2020 4194 fluent
2049 4155 2113 4193 ex
2158 4139 2398 4208 ipsorum
2430 4146 2615 4192 ventre
2659 4133 2882 4189 ﬂumina
2917 4147 3069 4202 aqua:
3098 4130 3318 4185 vivae“.

1838 4315 1925 4369 15.
1966 4313 2070 4382 Qui
2110 4313 2425 4369 manifestat
2468 4313 2668 4368 Filium
2720 4329 2877 4368 suum
2913 4312 3112 4383 populo
3143 4311 3320 4367 novis-

1767 4409 1927 4464 simo.
1979 4407 2142 4462 Jacob
2172 4409 2316 4463 enim
2350 4410 2729 4478 interpretatur
2756 4417 2932 4462 tenens
2963 4418 3216 4461 extrema.

1835 4498 1923 4552 16.
1965 4498 2030 4554 Et
2061 4507 2325 4569 praecepta
2358 4513 2457 4551 sua
2495 4498 2809 4554 manifestat
2851 4499 2918 4552 iis
2943 4538 2958 4563 ,
3004 4497 3096 4566 qui
3145 4502 3324 4549 mente

1767 4609 1890 4648 eum
1921 4593 2117 4647 vident.

1840 4684 1926 4739 l7.
1973 4683 2153 4752 Usque
2178 4683 2320 4737 enim
2356 4682 2422 4736 ad
2464 4682 2750 4736 adventum
2777 4681 2895 4750 ejus
2925 4679 3057 4733 nulli
3084 4676 3226 4748 genti
3253 4676 3322 4730 ila

1769 4776 1915 4845 fecit,
1949 4786 2006 4831 ut
2033 4775 2257 4830 verbum
2287 4789 2445 4830 suum
2476 4789 2542 4828 ex
2575 4789 2671 4828 ore
2698 4773 2814 4844 ejus
2843 4772 3114 4827 audirent.

1843 4957 1928 5011 18.
1969 4953 2153 5025 Neque
2182 4954 2255 5006 ita
2283 4951 2486 5022 judicia
2516 4966 2614 5007 sua
2647 4949 3036 5016 manifestavit,
3067 4955 3128 5002 ut
3155 4948 3209 5000 in
3241 4947 3325 4998 υις

1768 5048 1921 5103 timis
1947 5046 2138 5102 diebus
2167 5044 2512 5100 credentibus
2539 5043 2593 5097 in
2614 5057 2762 5099 eum.

1044 5308 1344 5370 Addenda
1388 5315 1446 5368 et
1481 5303 1851 5385 corrigenda
1884 5317 1960 5362 ex
2009 5301 2146 5363 cod.
2180 5299 2382 5360 Vatic.

169 5485 252 5555 (1)
289 5481 352 5535 Ν.
377 5482 431 5535 7.
559 5480 916 5555 ἀποστέλλων,
947 5485 1072 5555 etc.,
1099 5475 1496 5555 .ﬂpOCP'lj-‘ttbliﬁﬁ
1531 5492 1654 5529 συν-

85 5546 292 5625 αγωγῇ
315 5550 585 5625 τῇγηίνῃ.
610 5549 675 5605 Ν.
703 5550 906 5625 8.*Εως
932 5547 1026 5600 τοῦ
1049 5546 1252 5625 κόσμου
1269 5546 1334 5625 ἐν
1355 5546 1530 5625 ταχει,
1548 5555 1652 5602 etc.

169 5615 703 5693 (2)”Τὸ’ὰκᾶθᾶρτον,
726 5621 827 5689 leg.
852 5627 1030 5672 tamen
1059 5615 1164 5672 vid.
1194 5615 1446 5687 καθαρόν.

172 5690 274 5762 (2')
303 5693 388 5757 L.,
418 5693 618 5753 αὐτοῖς.
655 5690 807 5743 Enn.

174 5755 267 5831 (ω’
289 5755 656 5831 Παραγαγεϊν,
682 5771 809 5824 etc.,
843 5757 1059 5820 καοδίας
1087 5755 1306 5821 ἐπιδεῖν,
1331 5765 1436 5810 etc.

1854 5475 1909 5523 sl
1948 5469 2014 5522 Δέ
2045 5469 2212 5522 deest.

1854 5484 1887 5523 4
1948 5473 2014 5522 Δέ
2045 5473 2212 5522 deest.

1833 5473 1910 5610 151
1950 5537 2056 5591 Τοῦ
2085 5539 2250 5610 νόμου
2299 5535 2584 5610 έδήλωσεν,
2617 5532 2690 5597 ὡς
2732 5531 3030 5602 λογίζομαι.
3059 5561 3125 5573 λσ-
3147 5529 3317 5599 Λόγου

1765 5611 1819 5666 in
1845 5605 2018 5676 marg.
2048 5605 2166 5662 eod.
2197 5605 2473 5660 Barberin.

1837 5678 1912 5746 (6)
1951 5678 2097 5730 Βίου.

1837 5681 1891 5746 (6
1951 5681 2097 5730 Βίου.

1837 5681 1914 5818 aj
1948 5747 2038 5818 Τῷ
2063 5747 2172 5811 τόν,
2201 5755 2331 5813 etc.,
2358 5744 2615 5816 στόματος
2649 5741 2831 5795 αὐτοῦ.
