4094 6322
153 391 298 445 1353
966 392 1052 444 DE
1094 390 1369 446 TiTULlS
1413 391 1864 446 PSALMURUM.
1901 421 1970 431 -——
2012 391 2205 445 PSAL.
2244 389 2519 443 CXLVIII.
3247 385 3388 443 1334

223 511 282 567 8.
322 511 428 563 Καὶ
461 512 520 562 τὸ
550 509 689 580 ὕδωρ
723 511 780 562 τὸ
817 512 1067 578 ὑπεράνω
1097 511 1202 563 τῶν
1236 511 1498 581 οὐρανῶν,
1748 545 1788 597 Α

1191 531 1202 562 ι
1236 511 1498 581 οὐρανῶν,
1748 545 1788 597 Α
1891 513 1944 563 8.
1988 509 2052 563 Et
2083 527 2224 579 aqua
2256 526 2376 579 quae
2418 523 2583 578 super
2623 509 2808 570 cmlos,

223 603 278 656 9.
316 602 686 654 Αίνεσάτωσαν
717 601 774 653 τὸ
806 602 970 670 ὄνομα
1005 601 1238 671 Κυρίου·

1134 601 1238 654 ίου·
1890 602 1942 654 9.
1988 601 2230 654 Laudent
2258 615 2455 653 nomen
2493 598 2708 651 Domini
2741 617 2751 650 :

225 690 313 743 10.
352 693 471 743 ’Ότι
497 693 652 753 αὑτὸς
679 686 818 753 εἷπε,
849 693 940 743 καὶ
966 691 1298 761 ἐγενήθησαν
1324 710 1335 722 ·

1895 695 1974 745 10.
2019 692 2152 758 Quia
2183 692 2295 758 ipse
2329 690 2468 744 dixit
2492 733 2506 747 .
2542 699 2593 744 et
2631 690 2773 744 facta
2809 697 2971 743 sunt:

227 782 316 835 11.
351 783 517 844 Αὐτὸς
548 783 861 842 ἐνετείλατο,
895 785 986 834 καί
1015 783 1361 852 ἐκτίσθησαν.

1316 802 1361 836 ν.
1896 787 1980 839 11.
2029 786 2145 853 Ipse
2178 783 2474 846 mandavit,
2505 795 2556 836 et
2587 791 2762 836 creata
2789 791 2933 836 sunt.

229 873 315 926 12.
355 874 614 942 Ἔστησεν
652 874 789 926 αὑτά
820 876 896 936 εἰς
926 875 1013 926 τὸν
1038 874 1226 936 αἰῶνα,

1079 874 1226 936 ἱῶνα,
1888 873 1967 925 12.
2017 872 2217 925 Statuit
2238 887 2300 924 ea
2327 872 2378 924 in
2404 881 2688 936 aeternum,

227 965 316 1018 15.
347 965 454 1016 Καὶ⁵
481 966 560 1027 είς
587 964 675 1016 τὸν
699 965 865 1018 αἰῶνα
892 964 982 1017 τοῦ
1016 966 1205 1026 αίῶνος
1227 982 1238 992 ⁸

1103 967 1238 1026 >νος·
1890 965 1973 1020 15.
2012 965 2075 1018 Et
2115 965 2166 1017 in
2198 964 2460 1018 szeculum
2493 965 2672 1017 saeculi
2710 983 2720 1018 :

228 1054 315 1106 14.
346 1055 674 1125 Πρόσταγμα
701 1055 868 1119 ἔθετο,
899 1057 988 1108 καὶ
1017 1057 1077 1108 οὑ
1114 1057 1522 1126 παρελεύσεται.

1896 1057 1980 1110 ii.
2025 1057 2353 1127 Praeceptum
2384 1061 2588 1127 posuit,
2622 1067 2676 1110 et
2708 1073 2813 1110 non
2843 1056 3154 1125 pra-teribit.

230 1146 317 1199 15.
345 1147 550 1198 Αἰνεῖτε
582 1147 669 1198 τὸν
693 1146 892 1216 Κύριον
923 1148 984 1199 ὲκ
1006 1149 1104 1216 τῆς
1127 1149 1246 1216 γῆς,

1898 1149 1981 1200 15.
2028 1149 2266 1202 Laudatc
2302 1147 2591 1203 Dominum
2619 1152 2686 1202 de
2725 1162 2886 1212 terra,

232 1235 318 1289 16.
349 1238 646 1308 Δράκοντες
677 1239 769 1290 καὶ
793 1239 960 1290 πᾶσαι
987 1239 1228 1292 ἄϐυσσοι.

1215 1279 1228 1292 .
1895 1239 1980 1294 16.
2023 1239 2294 1294 Dracoues
2325 1249 2378 1293 et
2421 1255 2609 1294 omnes
2631 1239 2828 1310 abyssi.

1269 1408 1648 1464 ATHANASII
1689 1407 2270 1464 lNTERPRETATlO.

235 1570 288 1632 8,
311 1571 362 1624 9.
393 1569 464 1621 Τὸ
496 1571 590 1639 μὲν
620 1569 760 1641 ’ὑδωρ
795 1569 854 1620 τὸ
885 1568 1140 1639 ὑπεράνω
1185 1565 1291 1619 τῶν
1315 1563 1558 1635 οὐρανῶν
1594 1564 1720 1634 ᾔνε-
1754 1571 1792 1622 Β

1773 1573 1792 1622 3
1891 1563 1944 1628 8,
1970 1565 2021 1618 9.
2055 1563 2209 1634 Aqua
2244 1565 2480 1635 quidem,
2505 1583 2624 1637 qua:
2653 1583 2817 1637 super
2844 1570 3013 1625 caelos
3043 1582 3124 1624 est
3151 1571 3390 1627 laudavit

161 1679 253 1713 σεν
278 1663 434 1714 αὑτὸν
458 1663 547 1713 ἐπὶ
574 1660 666 1714 τοῦ
699 1661 839 1723 Νῶε,
863 1661 1046 1729 σαφῶς
1076 1659 1357 1722 ἀποδεῖξαν
1379 1658 1475 1728 τὴν
1496 1657 1722 1726 δύναμιν

1828 1670 1950 1710 cum
1984 1658 2084 1711 sub
2111 1656 2257 1721 Noe,
2290 1659 2576 1714 manifeste
2597 1663 2910 1732 Iostendens
2939 1663 3196 1717 virtutem
3227 1664 3392 1720 Crea-

159 1753 252 1804 τοῦ
294 1751 650 1821 Δημιουργοῦ,
694 1751 774 1802 ὅτι
823 1750 1202 1820 προστάγματι
1236 1747 1397 1801 αὑτοῦ
1435 1747 1526 1798 καὶ
1555 1763 1721 1797 κατα-

1830 1749 1983 1810 toris,
2033 1751 2290 1818 quoniam
2328 1761 2595 1820 praecepto
2629 1753 2748 1820 ejus
2791 1761 2842 1807 et
2887 1754 3162 1809 descendit
3198 1756 3249 1810 in
3282 1766 3382 1811 ter-

159 1839 395 1910 ὖέϐηκεν
420 1843 496 1903 είς
523 1842 618 1911 τὴν
653 1841 770 1911 γῆν,
799 1841 918 1892 ὅθεν
949 1839 1156 1909 ἀνήχθη
1192 1839 1248 1890 tv
1278 1841 1343 1908 τῇ
1379 1836 1722 1906 κοσμοποιία,

1834 1852 1949 1891 ram
1971 1880 1984 1902 ,
2015 1840 2156 1892 unde
2188 1851 2463 1908 assumpta
2496 1842 2672 1895 fuerat
2701 1844 2750 1895 in
2790 1844 2976 1897 mundi
3005 1844 3311 1908 creatione;
3340 1855 3393 1900 ct

161 1934 259 1988 καὶ
297 1933 454 1986 πάλιν
499 1932 801 2003 ἀναϐέϐηκε
846 1931 980 2001 μετὰ
1024 1931 1113 1983 τὸν
1153 1929 1554 1999 κατακλυσμὸν,
1605 1927 1726 1980 ὅθεν

1833 1947 2023 1986 rursus
2056 1932 2300 1986 ascendit
2329 1942 2450 2001 post
2494 1934 2754 1988 diluvium
2777 1975 2792 2002 ,
2823 1936 2964 1988 unde
2997 1949 3250 2003 venerat,
3292 1937 3394 1992 hoc

162 2025 542 2094 κατελήλυθεν,
566 2026 838 2078 τουτέστιν
869 2027 931 2075 ὲκ
957 2023 1065 2076 τῶν
1095 2023 1336 2093 οὐρανῶν
1358 2040 1370 2052 ·
1407 2024 1554 2092 ὅμως
1581 2020 1722 2089 τάχα

1831 2032 1965 2076 este
1989 2023 2137 2076 caelis
2161 2039 2174 2087 ;
2201 2031 2377 2076 tamen
2414 2023 2551 2078 forte
2597 2041 2741 2080 nunc
2776 2025 3018 2081 invenies
3049 2042 3244 2096 aquam
3277 2044 3396 2099 qua:

163 2116 260 2168 νῦν
315 2116 564 2188 εὑρήσεις
608 2117 666 2167 τὸ
712 2115 854 2186 ὕδωρ
906 2115 965 2166 τὸ
1021 2115 1274 2184 ὑπεράνω
1324 2112 1430 2165 τῶν
1487 2109 1730 2182 οὑρανῶν

1832 2133 1994 2186 supra
2024 2117 2193 2171 caelos
2217 2127 2320 2182 est,
2353 2133 2472 2172 esse
2503 2117 2863 2191 [signiﬁcare]
2891 2134 3088 2189 aquam
3114 2120 3392 2190 baptismi,

163 2206 432 2280 [δουλοῦν]
455 2208 514 2259 τὸ
533 2207 624 2259 τοῦ
652 2208 1022 2277 βαπτίσματος
1052 2206 1217 2278 ὕδωρ,
1241 2206 1302 2258 τὸ
1326 2206 1464 2276 ὑπὲρ
1491 2204 1730 2273 κεφαλῆς

1833 2223 1952 2277 qua:
1985 2223 2147 2278 supra
2191 2217 2354 2277 caput
2384 2209 2599 2276 quidem
2651 2209 2928 2263 invenitur
2964 2209 3227 2264 ctelorum
3250 2250 3265 2275 ,
3293 2211 3396 2264 hoc

167 2299 268 2367 μὲν
320 2297 697 2366 εὑρισκόμενον
737 2295 844 2347 τῶν
884 2295 1147 2365 οὐρανῶν,
1194 2295 1390 2346 ὡσανεὶ
1423 2295 1530 2346 τῶν
1569 2309 1730 2344 πεπι-

1834 2308 1917 2353 est
1943 2299 2297 2362 credentium,
2340 2297 2507 2352 eﬁ‘usa
2540 2312 2669 2352 vero
2704 2313 2865 2367 super
2893 2301 3058 2366 ipsos.
3091 2297 3224 2352 Nam
3259 2299 3397 2353 sicut

166 2387 497 2451 στευκότων,
527 2386 834 2456 ἐκχεόμενοι
878 2386 951 2456 (1)
985 2386 1040 2438 δὲ
1074 2387 1234 2438 πάλιν
1261 2385 1483 2448 ἑαυτούς
1515 2384 1725 2456 [ἐκχεόο

1837 2406 1999 2460 aqua,
2029 2406 2150 2459 quae
2183 2407 2345 2457 super
2390 2391 2559 2445 caelos
2591 2401 2707 2455 est,
2737 2392 3062 2459 submersit,
3087 2401 3140 2447 et
3171 2392 3399 2462 perdidit

168 2496 330 2550 μενον
373 2478 427 2530 δὲ
471 2479 608 2548 ὑπὲρ
647 2477 864 2550 αὑτούς]
890 2496 903 2508 °
935 2480 1009 2541 ὡς
1040 2478 1147 2548 γὰρ
1185 2478 1244 2529 τὸ
1291 2477 1430 2549 ὕδωρ
1469 2476 1529 2530 τὸ
1565 2478 1704 2550 ὑπερ

1839 2496 2025 2534 omnes
2052 2478 2142 2531 Dei
2176 2478 2459 2544 inimicos;
2492 2481 2565 2532 ila
2599 2495 2740 2547 aqua
2767 2480 3017 2549 baptismi
3053 2482 3268 2536 inventa
3306 2497 3398 2536 su-

167 2573 283 2625 άνω
324 2571 429 2624 τῶν
475 2573 715 2642 οὐρανῶν
749 2573 1044 2624 κατέκλυσε
1067 2612 1079 2633 ,
1115 2572 1208 2624 καὶ
1241 2571 1481 2623 ἀπώλεσε
1531 2571 1736 2634 πάντας

1841 2588 1953 2641 per,
1984 2574 2224 2641 inquam,
2255 2581 2414 2639 caput
2439 2571 2796 2635 credentium,
2831 2573 3127 2642 submergit
3155 2581 3205 2627 et
3229 2574 3401 2643 perdit

166 2665 293 2726 τοὺς
321 2664 542 2736 ἐχθροὺς
573 2663 663 2715 τοῦ
692 2662 825 2714 Θεοῦ
847 2677 858 2690 ·
899 2661 1038 2714 οὕτω
1090 2662 1150 2712 τὸ
1180 2663 1273 2713 καὶ
1299 2662 1391 2714 τοῦ
1437 2662 1740 2732 Βαπτίσμα-

1843 2661 2144 2714 contrarias
2176 2669 2491 2729 potestates,
2517 2660 2977 2730 quemadmodum
3010 2663 3062 2715 in
3091 2661 3294 2716 diluvio
3324 2661 3399 2718 fe-

167 2775 261 2819 τος
306 2757 682 2827 εὑρισκόμενον
724 2754 1010 2826 ὑπεράνω,
1060 2753 1200 2822 λέγω
1234 2753 1288 2806 δὲ
1323 2755 1460 2826 ὑπὲρ
1504 2756 1740 2826 κεφαλῆς

1691 2757 1740 2826 ἧς
1848 2757 1919 2810 cit
1949 2754 2208 2808 adversus
2233 2753 2448 2823 iniquos
2475 2769 2636 2823 aqua,
2671 2768 2790 2824 qua:
2821 2768 2982 2822 super
3015 2754 3182 2809 caelos
3209 2762 3308 2809 est.

167 2850 280 2904 τῶν
330 2849 744 2911 πιστευσάντων,
793 2845 1116 2910 κατακλύζει
1179 2847 1270 2898 καὶ
1318 2847 1574 2901 ἀπόλλυσι
1626 2850 1721 2913 τὰς
1753 2847 1998 2911 ἐναντίας
2057 2845 2342 2916 δυνάμειςο
2382 2843 2456 2908 ὡς
2497 2846 2554 2897 tv
2588 2843 2662 2914 τῷ
2703 2844 3068 2915 κατακλυσμῷ
3106 2847 3402 2916 πεποίηκεν

168 2946 264 2998 ἐπὶ
291 2946 415 3007 τοὺς
442 2944 671 3014 ἀνόμους
695 2943 753 2995 τὸ
781 2942 1033 3012 ὑπεράνω
1068 2940 1175 2995 τῶν
1204 2942 1446 3013 οὐρανῶν
1481 2943 1542 2995 τὸ
1569 2942 1733 3015 ὕδωρ.

243 3038 332 3094 10.
364 3038 530 3098 Αὐτὸς
569 3037 676 3108 γὰρ
739 3033 889 3089 εἶπεν
946 3036 1374 3108 ἀναγεννηθῆναι
1422 3039 1616 3102 αὐτοὺς
1663 3041 1727 3093 δι’
1755 3043 1798 3101 C

1786 3044 1798 3100 :
1901 3035 1986 3089 10.
2027 3031 2099 3102 (a)
2150 3030 2270 3100 Ipse
2327 3027 2473 3083 enim
2521 3026 2658 3080 dixit
2703 3041 2799 3082 eos
2837 3023 3232 3096 regenerandos
3283 3040 3403 3081 esse

170 3130 366 3192 ὓδατος
389 3129 484 3180 καὶ
512 3128 850 3197 Πνεῦματος.

1839 3147 1934 3204 per
1955 3142 2150 3197 aquam
2181 3133 2235 3179 et
2267 3121 2546 3193 Spiritum.

244 3221 330 3274 11.
360 3219 529 3282 Δὺτὺς
544 3218 651 3289 γὰρ
671 3215 971 3271 ἐνετείλατο
996 3220 1105 3281 τοῖς
1123 3218 1437 3285 ἀποστόλοις
1462 3221 1625 3275 αὑτοῦ
1646 3222 1734 3275 λέ-

1915 3223 2001 3277 11.
2038 3221 2157 3289 lpse
2202 3217 2346 3271 enim
2397 3214 2643 3285 praecipit
2691 3212 2952 3282 apostolis
3002 3211 3119 3266 suis
3169 3211 3400 3268 dicens:

171 3331 306 3382 γων·
327 3315 717 3381 Πορευθέντες
743 3311 1155 3380 μαθητεύσατε
1167 3313 1360 3367 πάντα
1375 3316 1446 3368 τὰ
1456 3315 1617 3382 ἔθνη,
1627 3316 1738 3380 βα-

1846 3315 2039 3369 Euntes
2072 3311 2249 3364 docete
2282 3322 2457 3361 omnes
2499 3315 2695 3376 gentes,
2732 3304 3056 3373 baptizames
3086 3321 3172 3358 eos
3219 3304 3275 3357 in
3321 3320 3407 3356 no-

173 3400 478 3466 πτίζοντες
490 3401 711 3466 αὐτοὺς
731 3402 817 3464 εὶς
835 3398 901 3452 τὸ
917 3399 1110 3468 ὄνομα
1129 3401 1234 3455 τοῦ
1252 3403 1498 3469 Πατρός,
1520 3403 1615 3455 καί
1635 3403 1739 3456 τοῦ

1844 3408 1980 3461 mine
2023 3401 2229 3467 Patris,
2271 3410 2319 3454 et
2364 3397 2524 3460 Filii,
2567 3406 2616 3450 et
2662 3394 2893 3464 Spiritus
2929 3395 3098 3448 sancti
3126 3395 3188 3461 ¹⁸,
3237 3403 3291 3449 et
3334 3394 3405 3448 ita

185 3494 341 3556 Υιοῦ,
367 3493 461 3547 καί
475 3494 582 3549 τοῦ
604 3491 774 3562 drt'ov
796 3489 1036 3561 Πνεῦμα
1045 3508 1160 3556 τος,
1178 3493 1267 3544 καὶ
1282 3490 1452 3553 οὑτως
1467 3492 1742 3545 άνεκαινο-

1045 3493 1267 3556 τοςνκαὶ
1282 3490 1452 3553 οὕτως
1467 3492 1742 3545 ἀνεκαινο-
1845 3493 2089 3552 renovati
2114 3501 2242 3548 sunt
2271 3490 2326 3544 in
2360 3489 2656 3559 baptismo.

174 3586 478 3656 ποιήθησαν
501 3586 557 3639 tv
584 3583 662 3654 τῷ
696 3583 1052 3654 βαπτίσματι.

248 3675 336 3739 12,
369 3675 456 3729 1⁸5.
487 3674 631 3745 Δῆλα
656 3674 753 3745 μέν
782 3675 886 3727 είσι
913 3674 982 3726 τὰ
1012 3678 1142 3743 περὶ
1188 3672 1295 3726 τῶν
1335 3672 1574 3725 είδικῶν·
1618 3674 1651 3742 ἡ
1683 3671 1740 3724 δὲ

1921 3674 2006 3738 12,
2038 3673 2124 3728 15.
2167 3668 2452 3725 Manifesta
2497 3665 2714 3738 quidem
2750 3674 2898 3729 sunt,
2931 3678 3051 3733 qua:
3083 3663 3148 3716 ad
3189 3676 3409 3715 sensum

176 3766 483 3839 προφητεία
513 3767 640 3838 περὶ
682 3760 755 3819 ὧν
799 3768 928 3837 ἡμῖν
956 3769 983 3820 ὁ
1033 3765 1190 3833 λόγος
1237 3766 1399 3830 ἐστὶν,
1434 3764 1620 3836 δηλοῖ,
1660 3765 1740 3817 ὅτι

1847 3767 2127 3838 proprium
2154 3771 2430 3834 spectant;
2465 3759 2748 3830 prophetia
2776 3769 2955 3813 autem
2984 3771 3170 3812 earum
3203 3771 3407 3817 rerum,

174 3859 305 3921 τοὺς
339 3860 396 3909 tv
446 3856 522 3928 τῷ
574 3857 907 3927 βαπτίσματι
953 3858 980 3909 ὁ
1036 3857 1240 3928 Κύριος
1295 3855 1592 3928 προσέταξε
1644 3853 1743 3926 ζῇν

1847 3860 1913 3913 de
1940 3857 2136 3926 quibus
2165 3856 2320 3909 nobis
2348 3867 2525 3908 sermo
2557 3860 2659 3914 est,
2698 3850 2984 3920 signiﬁcat,
3011 3848 3155 3918 quod
3196 3855 3411 3900 renatos

175 3945 568 4016 ἀτελευτήτως,
584 3944 760 4006 καθὼς
778 3947 834 3998 tv
849 3946 1165 4015 Εὑαγγελίῳ
1185 3947 1418 4018 εἴρηκεψ
1441 3948 1744 4001 Πιστεύων

1850 3951 1904 4004 in
1930 3949 2218 4018 baptismo,
2264 3945 2527 3999 Dominus
2555 3941 2858 4006 constituit,
2887 3948 2945 3994 ut
2977 3940 3155 3992 vivant
3177 3938 3230 3991 in
3258 3948 3413 3991 teter-

175 4039 267 4102 είς
292 4035 414 4105 ἐμὲ,
450 4034 564 4088 κᾶν
591 4032 882 4102 ἀποθάνῃ,
910 4034 1166 4101 ζήσεται.

1852 4059 2006 4106 num,
2042 4039 2498 4111 quemadmodum
2528 4036 2584 4090 in
2627 4033 2920 4103 Evangelia
2958 4031 3135 4086 dixit:
3168 4029 3271 4098 Qui
3304 4045 3409 4084 rre-

1853 4135 1930 4187 dit
1961 4134 2013 4186 in
2050 4149 2147 4198 me,
2178 4129 2387 4184 etiamsi
2414 4137 2651 4183 mortuus
2685 4126 2863 4194 fuerit,
2895 4126 3022 4180 vivet
3051 4125 3136 4178 “‘.

257 4234 342 4288 M.
373 4233 483 4304 Τὴν
510 4233 724 4304 ἡμέραν
753 4234 854 4304 τῆς
889 4233 1097 4297 δικαίας
1125 4233 1545 4295 ἀνταποδόσεως.

1210 4233 1545 4295 ταποδόσεως.
1927 4225 2013 4280 14.
2058 4221 2205 4276 Diem
2233 4221 2392 4289 iusta
2430 4216 2827 4271 retributionis.

262 4329 343 4384 l5.
372 4327 457 4382 16.
493 4329 558 4380 Αἱ
591 4327 684 4380 τοῦ
735 4327 927 4398 ἐχθροῦ
958 4327 1218 4397 δυνάμεις
1251 4329 1304 4378 αἱ
1361 4327 1622 4392 ἓρπουσαι
1657 4322 1747 4376 ἐπὶ

1933 4316 2020 4380 15,
2059 4315 2146 4368 16.
2183 4313 2485 4367 Potestates
2516 4309 2722 4363 inimici
2755 4315 3002 4378 repentes
3032 4320 3192 4376 super
3216 4313 3413 4358 terram

178 4425 289 4494 τῆς
315 4422 417 4492 γῆς
457 4396 938 4490 συντριϐεῖσαιήὺτξ
962 4396 1157 4483 αὑτοῦ,
1195 4419 1287 4472 καὶ
1324 4417 1398 4488 μὴ
1435 4417 1753 4487 βουλόμεναι

1859 4409 2107 4464 contrita:
2135 4405 2202 4460 ab
2241 4405 2384 4475 ipso,
2430 4412 2485 4458 et
2514 4403 2762 4456 nolentes
2810 4397 3056 4455 conﬁteri
3088 4406 3303 4451 aeterna:
3331 4396 3417 4450 di-

180 4493 465 4586 ὁμολογεῖν
514 4515 611 4585 τῆς
656 4514 823 4567 άῖδίου
859 4513 1110 4584 θεότητος
1139 4511 1302 4565 αὑτοῦ
1365 4508 1649 4562 αὑθεντίαν
1696 4526 1753 4560 τε

1859 4502 2100 4557 vinitatis
2129 4501 2248 4569 ejus
2299 4497 2677 4553 auctoritatem
2710 4503 2765 4549 et
2796 4493 3046 4546 virtutem
3079 4493 3376 4547 clamantes
3403 4508 3417 4543 :

183 4581 284 4662 καὶ
307 4608 538 4679 δύναμιν
569 4581 809 4677 βοῶσαι·
847 4607 979 4671 Ἔα,
1006 4581 1072 4658 ντί
1107 4605 1250 4672 ἡμῖν
1284 4603 1381 4657 καὶ
1413 4605 1534 4668 σοὶ,
1562 4599 1754 4666 Ἰησοῦ

1863 4595 2006 4659 Sine,
2040 4596 2162 4665 quid
2191 4592 2338 4647 nobis
2368 4600 2417 4646 et
2449 4591 2562 4653 tibi,
2598 4588 2726 4642 Jesu
2769 4586 2978 4641 Christe
3026 4581 3137 4638 Fili
3180 4582 3294 4648 Dei,
3333 4598 3418 4636 veo

183 4699 407 4769 Χριστὲ
430 4676 523 4752 fit
560 4676 663 4750 τοῦ
691 4696 857 4761 Θεοῦ,
884 4692 1065 4766 ἦλθες
1091 4693 1201 4762 πρὸ
1225 4693 1432 4761 καιροῦ
1463 4690 1758 4746 ἀπολέσαι

1863 4691 1990 4745 nisti
2029 4698 2149 4742 ante
2180 4703 2380 4756 tempus
2409 4686 2620 4754 perdere
2666 4698 2762 4735 nos
2805 4679 2882 4731 ”?
2906 4687 2960 4734 et
2987 4687 3243 4747 tanquam
3274 4676 3419 4745 judi-

185 4789 380 4861 ήμᾶς;
412 4789 501 4843 καὶ
533 4791 679 4851 ὅπως
717 4787 905 4860 κριτὴν
948 4785 1040 4840 τοῦ
1084 4785 1362 4856 μέλλοντος
1391 4784 1482 4837 καὶ¹
1523 4783 1595 4854 μὴ
1637 4782 1760 4852 βουο

1863 4796 1978 4835 cem
2011 4778 2180 4833 futuri
2211 4778 2455 4832 nolentes
2482 4775 2645 4829 etiam
2680 4769 2930 4826 conﬁteri
2965 4771 3166 4840 ipsum,
3193 4776 3252 4823 ut
3278 4783 3420 4839 pra:-

184 4881 414 4951 λόμεναι
440 4880 717 4950 ὁμολογεῖν
754 4877 937 4939 αὑτὸν,
976 4875 1116 4929 καθὰ
1160 4875 1518 4946 προείπαμεν.
1795 4869 1838 4927 D
1863 4873 2118 4928 diximus.

265 5018 310 5048 ¹⁶
348 5015 534 5071 Matth.
561 5031 762 5080 xxvut,
796 5016 884 5070 19.
964 5017 1027 5045 ⁸⁸·
1063 5013 1218 5070 Joan.
1251 5029 1304 5066 ιι
1327 5054 1340 5078 ,
1371 5012 1460 5065 25.
1540 5012 1580 5042 ¹⁷
1622 5010 1786 5067 Marc.
1816 5029 1862 5076 t,

796 5016 884 5070 19.
964 5017 1027 5045 ⁸⁸·
1063 5013 1218 5070 Joan.
1251 5029 1304 5066 ιι
1327 5054 1340 5078 ,
1371 5012 1460 5065 25.
1540 5012 1580 5042 ¹⁷
1622 5010 1786 5067 Marc.
1816 5029 1862 5076 t,
1894 5010 1997 5078 9.3;
2027 5009 2157 5064 Luc.
2191 5024 2264 5075 tv,
2300 5009 2386 5063 35.

1135 5196 1437 5259 Addenda
1470 5202 1533 5255 et
1573 5189 1945 5271 corrigenda
1977 5206 2054 5250 ex
2085 5186 2223 5248 cod.
2256 5185 2456 5247 Vatic.

274 5353 350 5421 (1)
387 5350 731 5421 Ἐκχεόμενον
752 5348 1000 5421 ὁὲν-πάλιν
1042 5350 1126 5421 ἐπ’
1157 5348 1392 5421 αὑτοὺςη
1413 5345 1486 5407 ὡς
1519 5343 1591 5421 ’τὸ
1618 5341 1785 5412 ὕδωρσ
1863 5350 1991 5405 etc.,
2029 5338 2171 5421 λέγω
2198 5337 2281 5408 δή,
2317 5347 2442 5402 etc.,
2469 5333 2541 5400 ὡς
2589 5336 2646 5387 tv
2685 5333 2761 5404 τῷ
2815 5328 3179 5402 κατακλυσμῷ
3213 5331 3428 5400 πεποίη-

192 5414 733 5492 τὸ’ὑ’περάῖίω,ὐιρ.,
782 5419 950 5481 οὑτως
997 5419 1182 5470 καὶτὸ
1219 5416 1311 5469 τοῦ
1369 5414 1756 5485 βαπτίσματος,
1864 5427 1979 5474 κεν,
2011 5417 2114 5464 etc.

271 5580 349 5649 (a)
388 5577 678 5633 Comment.
714 5594 746 5629 a
781 5592 911 5628 vers.
953 5575 1036 5637 10,
1080 5589 1239 5649 usque
1273 5572 1340 5623 ad
1391 5570 1548 5638 ﬁnem
1591 5568 1922 5649 desideratur
1954 5583 2058 5619 una
2088 5581 2204 5619 cum
2249 5563 2518 5649 versiculis
2571 5559 2795 5643 Psalmi,
2836 5560 2926 5642 qui
2974 5557 3428 5649 alternptiinlrum

198 5625 798 5719 51.4}?‘br‘éiéii'5ﬁé,"qu
812 5625 1173 5719 interlin'eahris
1212 5651 1307 5704 est,
1345 5625 1433 5692 se'u
1484 5639 1704 5719 singulis
1760 5639 2086 5719 psalmorum
2115 5634 2407 5719 Iversicplis
2453 5633 2785 5714 interposita,
2824 5625 3007 5712 scripti
3042 5639 3182 5682 sunt.
3217 5625 3430 5719 ‘ln‘trgru

197 5703 554 5789 enim'pagina
575 5703 712 5771 deest
744 5719 795 5789 in
838 5717 1032 5789 codice.
1079 5711 1302 5789 Sequens
1346 5723 1521 5763 autem
1558 5703 1963 5778 pugina'incipit
1996 5707 2059 5758 ab
2108 5707 2189 5758 his
2217 5704 2382 5758 verbis
2429 5703 2806 5770 commentarii,
2849 5718 2937 5755 seu
2986 5703 3432 5767 interpretationis

199 5784 447 5846 versiculi
471 5790 637 5860 quinti
678 5786 869 5856 psalmi
908 5784 1165 5854 sequentis
1202 5797 1378 5836 chtx.
