4094 6322
762 386 903 444 1335

1584 382 1639 435 S.
1682 379 2054 434 ATHANASII
2092 380 2240 441 OPP.
2282 381 2463 437 PARS
2502 383 2589 438 lll.
2630 416 2699 425 —
2738 383 3145 441 EXEGETICA.

3845 387 3957 441 1336

825 505 911 559 17.
954 502 1096 575 lgnis
1120 503 1346 575 grando,
1392 502 1505 569 nis,
1542 502 1879 572 crystallum,
1922 503 2146 571 spiritus
2178 519 2306 573 pro-

2488 506 2567 558 l7.
2597 506 2732 576 Πῦρ,
2758 508 2985 576 χάλαζα,
3020 506 3150 578 χιὼν
3171 545 3185 569 ,
3226 505 3580 577 κρύσταλλος,
3620 504 3828 558 πνεῦαα
3852 524 3941 560 κστ

753 596 921 662 cellae,

822 688 907 743 18.
950 686 1077 754 Quae
1106 686 1311 742 faciunt
1335 686 1558 741 verbum
1602 685 1745 754 ejus,

819 780 904 834 19.
948 777 1156 833 Montes
1178 788 1228 832 et
1259 792 1450 831 omnes
1477 777 1666 841 colles,

817 869 905 921 20.
949 867 1117 937 Ligna
1144 865 1420 920 fructifera
1451 874 1503 920 et
1536 881 1726 920 omnes
1769 865 1936 928 cedri,

815 962 902 1015 2|.
944 960 1137 1015 Bestia:
1171 970 1224 1014 et
1274 961 1522 1015 universa
1569 974 1791 1029 pecora,

811 1053 901 1107 22.
946 1052 1232 1121 Serpentes
1262 1063 1315 1105 et
1342 1053 1589 1107 volucres
1622 1060 1890 1121 pennata,

807 1144 899 1197 25.
942 1140 1116 1211 Reges
1140 1152 1297 1197 terra:
1320 1154 1374 1197 et
1404 1156 1596 1197 omnes
1620 1142 1825 1212 populi,

808 1234 900 1287 24.
943 1232 1219 1303 Principes
1246 1242 1301 1287 et
1334 1248 1526 1288 omnes
1562 1232 1774 1302 judices
1808 1242 1986 1297 terrae,

808 1326 897 1379 2-‘5.
932 1324 1167 1381 Juvencs
1197 1337 1251 1381 et
1278 1328 1536 1397 virgines,

801 1415 890 1470 26.
961 1414 1132 1471 Senes
1166 1431 1289 1470 cum
1319 1415 1648 1484 junioribus,

804 1505 892 1559 27.
932 1503 1181 1561 Laudent
1212 1520 1411 1559 nomen
1449 1504 1664 1558 Domini
1700 1524 1711 1557 :

802 1594 891 1650 28.
932 1593 1068 1661 Quia
1094 1596 1389 1650 exaltatum
1411 1606 1489 1650 est
1527 1609 1724 1649 nomen
1770 1594 1889 1663 ejus
1926 1594 2119 1647 solius.

2418 598 2640 664 αιγίδος,

2487 688 2571 741 18.
2614 688 2692 741 Τὰ
2728 689 2979 741 ποιοῦντα
3012 686 3280 756 τὸνλόγον
3303 685 3491 752 αὑτοῦ,

2487 780 2569 833 19.
2608 781 2687 832 Τὰ
2709 781 2805 851 ὅρη
2830 781 2923 833 καὶ
2953 781 3152 842 πάντες
3178 781 3226 831 οἱ
3261 778 3453 847 βουνοὶ,

2479 871 2567 925 20.
2594 871 2734 923 Ξύλα
2763 870 3084 941 καρποφόρα
3108 870 3199 922 καὶ
3228 872 3393 923 πᾶσαι
3426 868 3625 940 κέδροι,

2479 963 2568 1016 21.
2600 963 2681 1015 Τὰ
2708 962 2871 1033 θηρία
2897 965 2988 1015 καὶ
3011 964 3186 1015 πάντα
3206 961 3273 1015 τά
3301 963 3495 1032 κτήνη,

2479 1053 2566 1107 22.
2612 1054 2844 1124 Ἐρπετὰ
2871 1055 2965 1107 καὶ
3004 1053 3224 1107 πετεινά
3250 1054 3515 1122 πτερωτὰ,

2479 1141 2570 1195 25.
2602 1140 2847 1203 Βασιλεῖς
2872 1142 2970 1211 τῆς
2992 1141 3094 1210 γῆς
3120 1141 3212 1194 καὶ
3243 1141 3441 1205 πάντες
3467 1141 3603 1205 λαοὶ,

2478 1232 2567 1284 21.
2608 1233 2896 1303 ’Ἄρχοντες
2925 1234 3020 1284 καὶ
3054 1234 3251 1296 πάντες
3280 1233 3459 1304 κριταὶ
3484 1232 3619 1303 γῆς,

2477 1320 2565 1374 25.
2602 1322 2885 1374 Νεανίσκοι
2919 1322 3011 1374 καὶ
3041 1322 3318 1392 παρθένοι,

2477 1406 2567 1467 26.
2600 1412 2961 1483 Πρεσϐύτεροι
2990 1413 3126 1482 μετά
3149 1414 3440 1483 νεωτέρων,

2476 1502 2564 1557 27.
2596 1502 2970 1555 Λίνεσάτωσαν
3004 1501 3065 1554 τὸ
3082 1501 3250 1572 ὄνομα
3279 1500 3480 1571 Κυρίου
3505 1518 3517 1530 ·

2477 1593 2565 1647 28.
2601 1592 2723 1645 "Ut:
2750 1590 2937 1662 ὑψώθη
2960 1593 3019 1645 τὸ
3051 1592 3218 1662 ὄνομα
3247 1590 3408 1645 αὐτοῦ
3435 1590 3616 1661 μόνον.

1854 1767 2233 1826 ATHANASII
2273 1766 2849 1823 INTERPRETATIO.

810 1965 901 2029 17,
944 1962 1035 2018 18.
1077 1958 1344 2013 Nimirum
1403 1958 1515 2028 igni
1587 1955 1874 2011 assimilati
1930 1961 2058 2008 sunt
2129 1953 2303 2006 sancti

2472 1947 2559 2010 17,
2592 1947 2680 2000 18.
2716 1948 2964 2016 Δηλονότι
3010 1947 3087 2017 τῷ
3121 1948 3255 2020 πυρὶ
3293 1948 3532 2001 ἐοίκασιν
3567 1949 3616 1999 οί
3652 1946 3801 2013 ἅγιοι
3833 1946 3952 1999 ἀετόν

729 2056 960 2129 apostoli
1010 2054 1393 2109 comburentes
1435 2049 1743 2105 contrarias
1792 2053 2111 2116 potestates,
2158 2058 2295 2113 quo-

730 2150 874 2204 niam
919 2161 983 2200 ex
1017 2147 1160 2214 igne,
1197 2143 1291 2214 qui
1324 2142 1439 2196 haec
1472 2140 1655 2193 omnia
1694 2137 1987 2199 consumit,
2015 2133 2293 2191 constituti

730 2248 880 2305 sunt,
903 2249 954 2293 et
986 2237 1188 2307 impleti
1218 2242 1368 2301 sunt,
1400 2235 1504 2288 hoc
1528 2241 1608 2288 est
1645 2230 1846 2300 Spiritu
1882 2236 2092 2284 sancto.
2132 2227 2295 2281 Simi-

729 2333 850 2386 liter
877 2329 1098 2401 perinde
1125 2343 1191 2382 ac
1222 2326 1430 2398 grando
1464 2333 1592 2379 sunt
1617 2323 1777 2377 iidem
1805 2320 2062 2391 apostoli,
2095 2319 2295 2373 caden-

728 2433 811 2481 tes
843 2424 987 2477 enim
1019 2436 1183 2491 super
1230 2428 1507 2488 serpentes
1538 2425 1594 2471 ct
1626 2415 1962 2484 scorpiones,
2002 2422 2055 2468 et
2078 2425 2293 2467 omnem

729 2512 938 2569 inimici
981 2519 1323 2582 potestatem,
1359 2508 1818 2565 conculcaverunt
1856 2520 1952 2560 eos
1995 2517 2297 2572 eorumque

728 2607 1023 2678 potentiam
1055 2605 1098 2636 ¹¹¹
1134 2623 1146 2657 :
1186 2606 1276 2658 nix
1308 2614 1490 2657 autem
1517 2601 1681 2657 etiam
1709 2607 1840 2653 sunt
1860 2606 2081 2668 propter
2112 2595 2296 2651 cordis

727 2698 1078 2761 munditiem;
1104 2708 1157 2751 et
1181 2694 1500 2767 crystallum
1547 2706 1766 2763 quoque
1795 2700 1924 2746 sunt
1949 2698 2171 2760 prOpter
2198 2704 2294 2744 eo-

728 2806 851 2847 rum
872 2788 1244 2845 claritudincm
1277 2796 1330 2843 et
1356 2786 1478 2842 ﬁdei
1506 2785 1819 2840 ﬁrmitatem
1858 2802 1872 2838 :
1909 2782 2093 2853 itaque
2134 2782 2292 2852 ignis,

729 2880 952 2950 grando,
984 2878 1097 2943 nix,
1140 2878 1461 2950 crystallum
1513 2876 1827 2948 signiﬁcant
1873 2875 1979 2929 hoc
2012 2875 2130 2927 locu
2163 2886 2294 2940 apo-

729 2972 922 3035 stolos,
946 2970 1405 3042 quemadmodum
1430 2971 1864 3026 demonstratum
1895 2974 1997 3020 est.
2029 2962 2293 3034 Spiritum

728 3073 911 3120 autem
966 3064 1218 3135 procella:
1252 3065 1497 3118 invenies
1550 3062 1701 3115 illum
1753 3059 2213 3128 obtemperantem
2244 3056 2293 3110 ei

730 3159 785 3211 in
823 3156 990 3210 ﬂuctu
1032 3156 1219 3217 maris,
1265 3154 1483 3224 quando
1528 3152 1777 3207 dicebant
1832 3149 2109 3220 apostoli:
2161 3146 2292 3211 Quis

725 3259 802 3304 est
832 3249 938 3314 hic,
969 3248 1094 3319 quia
1122 3257 1170 3300 et
1196 3248 1331 3300 venti
1369 3255 1416 3300 et
1456 3260 1598 3299 mare
1638 3243 1881 3298 obediunt
1913 3242 1959 3295 ei
1993 3238 2071 3291 "‘l
2095 3239 2160 3293 de
2186 3255 2295 3308 quo

726 3337 889 3392 etiam
924 3336 1196 3408 Propheta
1240 3336 1379 3391 dixit
1430 3336 1484 3389 in
1528 3335 1672 3389 libro
1719 3331 2065 3387 Psalmorum
2094 3329 2138 3359 "
2173 3346 2185 3381 :
2222 3326 2292 3381 Et

726 3429 997 3497 imperavit
1027 3428 1291 3498 procella,
1322 3439 1369 3480 et
1405 3426 1552 3481 stetit
1577 3426 1631 3478 in
1657 3440 1795 3488 aere,
1820 3434 1867 3477 et
1904 3422 2158 3476 siluerunt
2189 3422 2292 3491 ﬂu-

726 3528 840 3572 ctus
891 3518 1027 3587 ejus.
1080 3516 1326 3586 Apostoli
1380 3516 1547 3586 igitur
1590 3514 1752 3569 simul
1801 3524 1854 3569 et
1903 3522 2097 3570 ventus
2138 3523 2293 3567 erant

725 3618 858 3663 tunc
878 3608 931 3661 in
963 3607 1232 3678 idipsum;
1264 3607 1494 3677 apostoli
1524 3606 1741 3676 quidem
1790 3614 2095 3676 spectantes
2120 3606 2289 3659 mira-

726 3702 934 3766 culum,
976 3709 1169 3755 ventus
1215 3709 1397 3754 autem
1427 3699 1625 3754 cedens
1655 3699 1822 3753 verbo
1868 3699 2122 3768 imperii:
2167 3696 2290 3751 ideo

727 3793 951 3863 subjicit
998 3794 1066 3847 de
1106 3792 1367 3862 apostolis
1407 3798 1462 3845 et
1507 3789 1699 3859 spiritu
1750 3790 2128 3860 tempestatis:
2160 3786 2291 3853 ρυω

727 3886 928 3955 faciunt
975 3884 1184 3939 verbum
1212 3884 1347 3953 ejus.

795 4144 883 4209 19,
925 4142 1012 4196 20.
1056 4141 1329 4198 Sublimes
1375 4146 1693 4213 prmuiptis,
1745 4150 1802 4198 et
1835 4144 2072 4198 humiles
2126 4145 2289 4198 corde

726 4237 982 4290 facientes
1027 4234 1263 4288 fructum
1314 4234 1560 4303 iustitiae,
1610 4244 1665 4289 et
1714 4234 2011 4305 incorrupti
2072 4250 2287 4305 perma—

726 4334 934 4379 nentes.

793 4416 883 4470 21.
925 4413 982 4469 In
1022 4414 1220 4469 eremis
1252 4413 1517 4483 viventes,
1545 4423 1594 4469 et
1632 4416 1899 4471 mansueti
1927 4414 2110 4471 corde.

793 4590 883 4643 22.
924 4588 1162 4658 Corpora
1192 4597 1246 4643 et
1293 4589 1493 4645 anima:
1542 4599 1881 4647 sanctorum.

791 4680 878 4736 23.
921 4678 1196 4750 Episcopi,
1225 4689 1279 4734 et
1316 4695 1509 4736 omnes
1543 4684 1726 4752 populi
1756 4685 2056 4741 credentes.

794 4772 883 4827 24.
927 4771 1253 4842 Presbyteri.
1281 4780 1336 4826 et
1364 4773 1457 4842 qui
1490 4774 1697 4830 mundo
1742 4777 2141 4833 renuntiarunt.

794 4863 887 4917 25.
924 4862 1027 4928 Qui
1071 4862 1212 4916 malo
1240 4863 1517 4929 resistunt,
1546 4873 1600 4919 et
1628 4868 1814 4921 mundi
1842 4878 1970 4923 sunt
1996 4871 2178 4925 corde.

797 5038 887 5090 26.
926 5032 1028 5102 Qui
1072 5046 1195 5090 ante
1225 5050 1583 5104 speraverunt
1626 5040 1679 5095 in
1728 5041 1969 5107 Christo,
2014 5052 2068 5099 et
2101 5044 2287 5117 cogni-

729 5132 875 5183 tione
907 5127 1141 5198 perfecta
1168 5142 1421 5200 aguntur,
1451 5142 1505 5186 et
1541 5132 1735 5187 ﬂorent
1762 5135 1812 5187 in
1848 5134 1969 5191 ﬁde.

788 5218 877 5271 27.
919 5217 1257 5276 Unanimitcr
1322 5240 1509 5278 omnes
1551 5240 1659 5279 uno
1709 5241 1804 5280 ore
1853 5238 1906 5282 et
1956 5244 2072 5284 uno
2123 5230 2283 5284 corde

730 5306 1025 5365 Laudabunt
1060 5326 1255 5366 nomen
1292 5310 1527 5367 Domini.

791 5399 880 5455 28.
922 5399 1190 5467 Quoniam
1255 5419 1450 5460 nomen
1517 5408 1635 5475 ejus
1700 5406 2130 5463 demonstratum
2200 5419 2282 5465 est

728 5491 972 5545 omnium
1010 5492 1319 5550 dominans.

825 5752 866 5783 “
926 5754 1055 5807 Lm'.
1121 5774 1171 5822 τ,
1229 5760 1310 5816 19.

2399 2040 2598 2103 στολοι,
2624 2040 2720 2102 τὰς
2749 2039 2991 2103 ἐναντίας
3010 2040 3263 2111 δυνάμεις
3297 2038 3758 2107 καταφλέγοντες·
3788 2038 3950 2090 ἔπειῶ

2397 2134 2489 2188 καὶ
2527 2134 2590 2187 ὲκ
2621 2132 2711 2186 τοῦ
2748 2133 2915 2204 πυρὸς
2939 2132 3106 2187 ταῦτα
3130 2135 3304 2187 πάντα
3330 2132 3821 2193 καταναλίσκοντος
3849 2132 3949 2185 irai.

2397 2223 2623 2294 χθησαν,
2677 2224 2771 2277 καὶ
2815 2224 3304 2296 ὲνεπληρώθησαν,
3355 2224 3601 2277 τουτέστι
3652 2223 3949 2292 Πνεύματος

2395 2316 2571 2383 ἁγίου.
2623 2314 2851 2386 Ὁμοίως
2904 2317 2998 2369 καὶ
3045 2317 3250 2385 χάλαζα
3303 2318 3662 2387 τυγχάνουσιν
3722 2318 3774 2368 ei
3819 2316 3949 2368 wits)

2396 2405 2677 2458 ἀπόστολοι
2702 2423 2714 2435 ·
2750 2406 3109 2475 ἐμπίπτοντες
3126 2406 3232 2477 γὰρ
3253 2408 3329 2469 εἰς
3350 2407 3473 2469 τοὺς
3502 2408 3669 2474 δφεας
3690 2406 3789 2458 καὶ
3813 2419 3949 2474 σκορ-

2397 2496 2570 2557 πίους,
2603 2497 2694 2548 καὶ
2736 2498 2913 2549 πᾶσαν
2955 2496 3053 2568 τὴν
3091 2498 3313 2566 δύναμιν
3343 2495 3433 2549 τοῦ
3466 2495 3688 2566 ἐχθροῦ,
3726 2495 3949 2548 κατεπά-

2396 2605 2521 2641 τουν
2558 2588 2773 2652 αὐτοὺς,
2804 2590 2897 2643 καὶ
2922 2590 3022 2660 τὴν
3053 2590 3231 2644 αὐτῶν
3257 2589 3484 2659 δύναμιν
3510 2605 3524 2617 ⁸
3557 2590 3692 2659 χιὼν
3728 2588 3786 2641 δὲ
3810 2588 3951 2641 πάλιν

2397 2681 2701 2752 ὑπάρχουσι
2764 2681 2854 2735 διὰ
2919 2682 2978 2735 τὸ
3026 2682 3260 2754 καθαρὸν
3327 2682 3503 2736 αὐτῶν
3554 2683 3655 2752 τῆς
3700 2680 3951 2752 καρδίας,

2396 2772 2488 2823 καί
2535 2772 2863 2842 κρύσταλλός
2906 2776 3010 2826 εἱσι
3062 2775 3150 2827 διὰ
3206 2775 3267 2827 τὸ
3306 2776 3569 2844 τηλαυγὲς
3626 2775 3843 2838 αὐτῶν,
3874 2776 3948 2826 καὶ

2400 2864 2616 2933 ἰσχυρὸν
2638 2864 2738 2933 τῆς
2769 2866 3038 2926 πίστεως·
3085 2865 3273 2919 οὐκοῦν
3330 2867 3461 2937 πῦρ.
3516 2867 3753 2935 χάλαζα,
3812 2866 3948 2935 χιὼν,

2398 2954 2724 3025 κρύσταλλος
2794 2957 3124 3027 ὑπάρχουσιν
3198 2956 3427 3009 ἐνταῦθα
3508 2957 3558 3008 οἱ
3653 2956 3949 3021 ἀπόστολοι,

2394 3046 2575 3111 καθὼς
2597 3048 2994 3102 ἀποδέδεικται.
3039 3048 3260 3119 Πνεῦμα
3284 3049 3338 3101 δὲ
3367 3047 3677 3116 καταιγίδος
3712 3048 3949 3119 εὑρήσεις

2394 3138 2568 3191 ἐκεῖνο
2594 3140 2655 3191 τὸ
2685 3131 2998 3194 ὕπακοῦσαν
3032 3140 3178 3209 αὐτῷ
3202 3142 3259 3192 ἐν
3284 3139 3359 3210 τῷ
3384 3140 3615 3193 κλύδωνι
3640 3140 3742 3210 τῆς
3768 3139 3947 3192 θαλάσ-

2397 3246 2516 3299 σης,
2544 3230 2629 3282 ὅτε
2660 3230 2841 3299 ἔλεγον
2871 3232 2920 3283 οἱ
2948 3231 3267 3285 ἀπόστολοι·
3305 3232 3400 3296 Τίς
3424 3234 3595 3284 ἐστιν
3624 3227 3839 3298 οὗτος,
3874 3230 3948 3283 ὁτι

2394 3319 2491 3372 καὶ
2524 3319 2748 3388 ἄνεμοι.
2784 3319 2881 3372 καί
2903 3321 2941 3388 ἡ
2991 3319 3271 3373 θάλασσα
3300 3322 3722 3372 ὑπακούουσιν
3771 3320 3947 3384 aerii);

2394 3411 2521 3482 περὶ
2552 3403 2614 3463 οὗ
2659 3412 2749 3464 καὶ
2785 3411 2814 3463 ό
2843 3412 3126 3483 προφήτης
3169 3410 3353 3479 ἔλεγεν
3387 3412 3445 3462 ὲν
3475 3409 3646 3481 βίϐλῳ
3674 3410 3913 3481 Ψαλμῶν
3932 3427 3945 3438 ·

2393 3504 2501 3557 Καὶ
2534 3502 2783 3568 ἐπέταξε
2816 3502 2890 3571 τῇ
2916 3503 3203 3570 καταιτίδι
3228 3542 3243 3567 ,
3277 3502 3372 3556 καί
3405 3502 3554 3569 ἔστη
3606 3503 3698 3568 είς
3750 3502 3945 3569 αὔραν,

2394 3595 2489 3647 καὶ
2522 3595 2817 3663 ἐσίγησαν
2848 3595 2919 3647 τὰ
2945 3597 3175 3662 κύματα
3208 3593 3415 3660 αὐτῆς.
3446 3595 3508 3646 Οἱ
3554 3593 3847 3646 ἀπόστολοι
3869 3588 3945 3645 σειν

2392 3683 2547 3755 ὁμοῦ,
2571 3685 2663 3738 καὶ
2693 3687 2720 3738 ὁ
2743 3684 2937 3755 ἄνεμος
2963 3682 3030 3755 ἦν
3055 3683 3349 3737 ἐπαναυτὺν
3378 3683 3507 3750 [ἐπὶ
3528 3683 3587 3735 τὸ
3609 3683 3782 3755 αὐτὸ]
3807 3684 3942 3736 τότε·

2390 3779 2438 3830 οἱ
2475 3777 2572 3847 μὲν
2606 3776 2889 3829 ἀπόστολοι
2922 3776 3222 3847 ἑωρακότες
3257 3774 3318 3825 τὸ
3352 3772 3557 3843 θαῦμα,
3602 3774 3632 3824 ό
3663 3773 3719 3826 δὲ
3765 3775 3943 3844 ἄνεμος

2391 3865 2739 3936 καταπτήξας
2792 3865 2869 3937 τῷ
2906 3866 3047 3936 λόγῳ
3078 3864 3171 3918 τοῦ
3216 3864 3664 3935 προστάγματος·
3713 3864 3807 3918 διὰ
3861 3865 3943 3936 γὰρ

2388 3955 2544 4009 τοῦτο
2576 3956 2766 4025 ὲπάγει
2800 3956 2926 4027 περὶ
2969 3954 3077 4010 τῶν
3125 3954 3430 4009 ἀποστόλων
3462 3954 3557 4007 καὶ
3588 3953 3687 4011 τοῦ
3718 3957 3942 4026 πνεύμαα

2390 4065 2477 4111 τος
2498 4048 2597 4118 τῆς
2620 4049 2927 4117 καταιγίδος
2946 4066 2958 4078 ·
2997 4047 3074 4102 Τὰ
3098 4048 3383 4102 ποιοῦντα
3414 4047 3728 4117 τὸνλόγον
3748 4048 3939 4125 aurati.

2462 4140 2547 4202 19,
2582 4140 2670 4193 20.
2703 4139 2769 4194 Οἱ
2798 4140 2988 4211 ὑψηλοὶ
3014 4142 3130 4201 ταῖς
3159 4139 3416 4201 ἐντολαῖς,
3460 4138 3557 4191 καὶ
3586 4141 3839 4192 ταπεινοὶ
3888 4140 3940 4207 τῇ

2388 4231 2604 4302 καρδίᾳ,
2644 4232 2684 4285 ὦ
2710 4231 2984 4296 ποιοῦντες
3005 4231 3212 4301 καρπὸν
3224 4229 3585 4300 δικαιοσύνης,
3602 4232 3702 4283 καὶ
3728 4232 3939 4301 ἄσηπτος

2386 4322 2471 4375 δια
2478 4323 2744 4393 μένονεες.

2453 4411 2542 4465 21.
2582 4412 2671 4465 Ἐν
2697 4414 2816 4474 ταῖς
2849 4412 3073 4483 ἐρήμοις
3100 4409 3461 4480 διαιτώμενοι,
3498 4412 3593 4463 καὶ
3647 4414 3848 4482 πραεῖς
3885 4412 3937 4480 τῇ

2390 4503 2607 4575 καρδίᾳ.

2456 4594 2544 4647 22.
2575 4594 2653 4647 Τὰ
2678 4594 2901 4665 σώματα
2934 4595 3027 4648 καὶ
3050 4596 3104 4646 αἱ
3135 4593 3303 4664 ψυχαὶ
3332 4611 3438 4646 των
3462 4594 3656 4661 ἁγίων.

2319 4654 2363 4708 D
2453 4687 2543 4741 25.
2580 4688 2639 4740 Οἱ
2671 4654 2974 4751 ἐπίσκοποι,
2997 4689 3090 4741 καὶ
3124 4687 3320 4750 πάντες
3340 4686 3459 4741 λαοὶ
3499 4688 3549 4739 οἱ
3582 4688 3935 4749 πιστεύοντες.

2455 4780 2543 4833 24.
2574 4782 2635 4831 υἱ
2666 4777 3021 4851 πρεσῦύτεροι
3046 4780 3136 4831 ml.
3162 4780 3211 4832 oi
3231 4778 3307 4849 τῷ
3325 4779 3509 4849 κόσμῳ
3526 4778 3934 4848 ἀποταξάμενοι.

2455 4870 2545 4924 25.
2577 4872 2636 4922 Οί
2658 4869 3033 4941 ἀνθιστάμενοι
3060 4871 3137 4941 τῷ
3159 4870 3395 4941 πονηρῷ,
3424 4870 3517 4923 καὶ
3538 4871 3711 4941 ἁγνὴν
3738 4871 3932 4941 ἔχοντες

2384 4961 2481 5033 τὴν
2520 4961 2762 5033 καρδίαν.

2456 5052 2548 5107 26.
2581 5054 2643 5105 Οἱ
2684 5052 3073 5123 προηλπικότες
3097 5055 3153 5106 ὲν
3172 5051 3250 5122 τῷ
3270 5051 3507 5124 Χριστῷ,
3530 5053 3623 5106 καὶ
3655 5055 3721 5124 τῇ
3753 5052 3931 5121 γνώσει

2387 5144 2603 5208 τελείως
2625 5144 2930 5215 φερόμενοι,
2965 5144 3125 5196 καὶοὶ
3152 5142 3437 5206 ἀνθοῦντες
3466 5145 3593 5214 περὶ
3612 5144 3712 5214 τὴν
3742 5144 3930 5197 πίστιν.

2456 5234 2546 5287 27.
2584 5233 2951 5305 Ὀμοθυμαδδν
2974 5235 3031 5288 ἐν
3060 5235 3139 5287 ἑνὶ
3174 5235 3428 5304 στόματι,
3474 5234 3567 5287 καὶ
3608 5235 3707 5305 μιᾷ
3752 5232 3929 5305 καρδίᾳ

2385 5325 2748 5395 ἀωμνὴσουσι
2776 5324 2831 5377 τ’)
2868 5323 3038 5396 ὄνομα
3069 5323 3272 5394 Κυρίου
3307 5322 3523 5386 πάντες.

2454 5415 2543 5471 28.
2577 5418 2700 5469 Ὂτι
2724 5418 2784 5470 τὸ
2811 5416 2981 5487 δνομα
3006 5415 3167 5470 αὐτοῦ
3190 5414 3479 5486 ἀπεδείχθη
3526 5412 3781 5470 κυοιεῦον
3811 5412 3926 5466 πάν-

2392 5525 2517 5559 των.

1410 5762 1655 5820 "Matth.
1686 5780 1805 5830 rm,
1852 5764 1940 5820 27.
2022 5768 2065 5798 ¹⁹
2106 5764 2249 5821 Psal.
2291 5785 2411 5833 ενι,
2461 5768 2547 5823 29.
