4052 6332
152 370 282 426 1337
1058 374 1145 428 DE
1181 373 1453 429 TITULIS
1485 372 1932 430 PSALMORUM.
1972 405 2042 416 —
2089 374 2279 427 PSAL.
2321 372 2541 431 CXLIX.
3217 380 3348 439 l338

218 492 307 544 29.
347 490 408 543 Ἡ
438 490 817 561 ἐξομολόγησις
841 486 1002 541 αὐτοῦ
1032 489 1122 541 tul.
1147 490 1245 558 γῆς
1280 490 1373 541 καὶ
1398 486 1643 559 ούρανοῦ,

1868 490 1957 543 29.
1995 486 2281 542 Confessio
2309 489 2428 556 ejus
2456 502 2617 557 super
2644 496 2842 543 terram
2878 501 2931 544 et
2953 489 3171 555 caelum,

216 586 305 641 50.
330 586 438 637 Καὶ
468 581 667 653 ὑψώσει
699 581 865 651 κέρας
890 578 1017 632 λαοῦ
1040 578 1223 632 αὑτοῦ.

1863 581 1953 635 30.
1996 579 2060 634 Et
2086 580 2343 634 exaltabit
2370 596 2539 634 cornu
2586 581 2767 649 populi
2802 583 2905 637 sui.

218 676 303 729 5|.
337 676 540 744 ’Υμνος
568 675 698 726 πᾶσι
721 674 831 734 τοῖς
859 672 1023 733 ὁσίοις
1047 669 1231 733 αὐτοῦ,

1865 671 1949 724 5|.
1997 670 2237 739 Hymnus
2269 670 2522 723 omnibus
2549 670 2752 724 sanctis
2785 671 2925 739 ejus,

216 764 299 818 32.
332 764 456 827 Τοῖς
478 764 611 825 υἱοῖς
654 761 888 833 Ἰσραὴλ,
919 759 1030 829 λαῷ
1059 760 1324 827 ἐγγίζοντι
1352 758 1518 829 αὐτῷ.

1867 761 1957 815 32.
1998 759 2149 815 Filiis
2174 759 2361 825 Israel,
2395 760 2596 829 p0pulo
2629 761 3081 829 appropinquanti
3121 760 3245 817 sibi.

519 874 868 941 Ἀλληλούτα
930 876 1099 927 ΨΑΛ.
1130 876 1313 927 ΡΜΘ¹.

2166 871 2411 925 Alleluia.
2472 869 2673 928 PSAL.
2725 870 2973 927 CXLIX.

218 963 269 1016 1.
298 965 491 1033 ’ᾼσατε
522 964 598 1035 τῷ
623 964 809 1032 Κυρίῳ
836 960 983 1034 ᾆσμα
1015 963 1195 1016 καινόν
1214 979 1229 994 ·

1868 965 1917 1017 1.
1968 962 2193 1018 Cantate
2227 963 2456 1017 Domino
2483 965 2750 1018 canticum
2796 980 2993 1019 novum
3022 982 3038 1020 :

214 1055 271 1109 2.
308 1056 367 1108 Ἢ
394 1054 595 1119 αἴνεσις
617 1055 778 1108 αὑτοῦ
811 1058 867 1107 ἑν
896 1055 1153 1124 ἐκκλησίᾳ
1177 1056 1357 1107 ὁσίων.

1864 1055 1917 1108 2.
1958 1054 2101 1108 Laus
2142 1054 2259 1123 ejus
2302 1056 2354 1107 in
2395 1054 2621 1109 ecclesia
2670 1066 3003 1111 sanctorum.

214 1148 269 1201 3.
298 1147 658 1219 Εύερρανθήτω
688 1146 897 1217 Ἰσραὴλ
925 1148 1016 1199 ἐπὶ
1053 1142 1131 1216 τῷ
1146 1148 1432 1215 ποιήσαντι
1464 1143 1642 1208 αὑτὸν,

1870 1147 1923 1198 5.
1965 1146 2195 1199 Lretetur
2228 1144 2394 1199 Israel
2417 1146 2468 1199 in
2494 1162 2579 1209 eo,
2608 1147 2701 1217 qui
2736 1145 2862 1202 fecit
2889 1163 3039 1215 eum,

214 1238 269 1292 4.
305 1240 411 1292 Kal.
444 1237 549 1291 υἱοὶ
573 1237 707 1290 Σιὼν
733 1236 1171 1306 ἀγαλλιάσοωσαν
1221 1237 1312 1288 ἐπὶ
1366 1236 1441 1305 τῷ
1490 1233 1688 1304 βασιλεῖ

1870 1234 1923 1287 4.
1962 1234 2025 1287 Et
2065 1234 2157 1287 lilii
2196 1233 2325 1287 Sion
2372 1236 2643 1289 exsultent
2674 1236 2727 1289 in
2759 1252 2883 1307 rege
2917 1252 3037 1292 suo.

144 1328 342 1384 αὐτῶν.

217 1421 268 1475 5.
298 1421 670 1475 Αίνεσάτωσαν
692 1420 749 1472 τὸ
772 1419 937 1488 ὄνομα
963 1416 1125 1469 αὑτοῦ
1164 1418 1219 1469 ἑν
1249 1415 1413 1487 χορῷ,

1873 1411 1926 1465 5.
1964 1409 2207 1464 Laudent
2253 1425 2449 1463 nomen
2483 1410 2601 1481 ejus
2629 1411 2682 1466 in
2709 1412 2897 1477 choro,

1250 1566 1623 1623 ATHANASI!
1662 1562 2244 1619 INTERPRETATIO.

212 1730 299 1784 29.
328 1729 436 1783 Καὶ
458 1729 547 1782 ἐπὶ
588 1730 689 1799 γῆς
724 1729 831 1800 γὰρ
867 1728 1016 1790 ὄντες
1050 1726 1195 1797 αὐτῷ
1235 1723 1688 1796 ἑξομολογούμεθα

1864 1724 1953 1778 29.
1996 1722 2128 1778 Nam
2168 1732 2221 1778 et
2266 1724 2321 1778 in
2369 1732 2512 1779 terra
2544 1724 2867 1779 exsistentes
2900 1733 3115 1795 peccata
3163 1734 3348 1782 nostra

140 1822 243 1884 τὰς
273 1820 540 1891 ἁμαρτίας
586 1820 761 1891 ἡμῶν,
797 1821 890 1872 καὶ
927 1819 1086 1873 πάλιν
1124 1821 1180 1871 ὲν
1227 1816 1437 1887 ούρανῴ
1488 1817 1688 1879 πάντας

1794 1821 1896 1889 ipsi
1946 1821 2302 1884 conﬁtemur,
2352 1830 2406 1875 et
2471 1839 2662 1879 rursus
2715 1824 2770 1877 in
2820 1824 2956 1879 ctelo
3011 1840 3198 1881 omnes
3249 1843 3377 1882 nos

140 1914 288 1983 ἡμᾶς
317 1912 396 1965 δεῖ
422 1912 761 1983 παραστῆναι
785 1912 862 1982 τῷ
894 1912 1091 1982 βήματι
1128 1910 1289 1963 αὑτοῦ
1313 1909 1403 1962 τοῦ
1437 1908 1688 1980 Χριστοῦ,

1793 1920 2005 1979 oportet
2037 1920 2183 1965 stare
2217 1921 2341 1965 ante
2387 1913 2621 1966 tribunal
2652 1913 2819 1983 ipsius
2846 1915 3067 1980 Christi,
3089 1917 3349 1986 quemad-

138 2004 320 2067 καθὼς
351 2001 500 2057 εἶπεν
527 2008 555 2058 ὁ
598 2002 929 2065 Ἀπὸστολος.

1794 2003 2011 2071 modum
2057 2004 2193 2057 dixit
2222 2005 2514 2074 Apostolus
2552 2005 2619 2059 “.

209 2092 296 2145 50.
330 2092 436 2145 Καὶ
460 2090 556 2162 τὴν
585 2091 857 2162 βασιλείαν
888 2090 979 2143 τοῦ
1004 2090 1132 2145 λαοῦ
1155 2089 1503 2162 ἀτελεύτητον
1536 2092 1688 2162 ποιή-

1862 2091 1950 2146 30.
1992 2092 2055 2146 Et
2086 2108 2311 2164 regnum
2342 2097 2525 2166 populi
2557 2096 2748 2152 etliciet
2783 2097 3188 2168 sempiternum.

137 2197 245 2234 σει.

211 2273 299 2327 3|.
338 2274 592 2335 Ἔπαινος
621 2274 754 2325 πᾶσι
778 2276 889 2336 τοῖς
917 2273 1105 2337 ὁσίοις.

1865 2274 1954 2328 5|.
1995 2275 2138 2331 Laus
2172 2278 2425 2332 omnibus
2466 2279 2688 2336 sanctis.

204 2359 293 2415 32.
322 2362 443 2422 Τοῖς
478 2361 608 2424 υἱοῖς
631 2361 735 2414 τῶν
766 2361 933 2429 ἀγίων
958 2359 1284 2424 ἀποστόλων,
1310 2360 1416 2414 τῶν
1446 2360 1688 2431 ὁρώντων

1867 2364 1956 2418 52.
2000 2364 2153 2421 Filiis
2227 2379 2541 2421 sanctorum
2618 2370 2984 2439 apostolorum
3051 2370 3347 2426 videntium

132 2450 296 2503 αὐτὸν
320 2453 382 2520 τῇ
401 2449 605 2521 διανοίᾳ
627 2469 640 2481 ·
665 2451 819 2503 τοῦτο
858 2450 965 2521 γὰρ
1003 2449 1357 2522 ἑρμηνεύεται
1425 2451 1688 2520 Ἰσραὴλ,

1794 2470 1917 2509 eum
1949 2466 2159 2522 mente;
2188 2458 2259 2511 ita
2294 2458 2440 2513 enim
2484 2460 2877 2531 interpretatur
2923 2458 3116 2527 Israel,
3146 2460 3227 2517 vir
3269 2463 3347 2517 vi-

142 2540 301 2610 ἀνὴρ
330 2540 480 2609 ὀρῶν
512 2543 677 2595 Θεόν.

1796 2546 1922 2602 deus
1948 2546 2136 2604 Deum.

133 2791 179 2841 Θ
212 2698 285 2840 :5}:
336 2696 660 2768 προκειμένη
708 2696 984 2767 ἐπιγραφὴ
1027 2696 1299 2767 περιέχει’
1355 2696 1727 2765 Ἀλληλούτα,
1766 2699 1901 2771 ὅπερ
1957 2702 2316 2773 ἑρμηνεύεται
2362 2704 2660 2771 αίνέσατε,
2706 2703 3011 2775 tunicata
3056 2706 3163 2760 τὸν
3207 2705 3350 2760 ὄντα

178 2805 210 2841 ε
290 2827 303 2839 .

178 2805 303 2841 εον.

204 2881 416 2937 Titulus
454 2884 773 2953 prtepositus
823 2882 1099 2937 continet:
1139 2883 1391 2950 Alleluia,
1428 2886 1574 2955 quod
1622 2885 2009 2954 interpretatur
2059 2883 2295 2950 laudate,
2333 2884 2583 2952 hymnum
2624 2883 2785 2935 dicite
2826 2880 2932 2935 Deo
2963 2898 3101 2940 vero.

204 2999 255 3052 1.
288 2999 490 3069 ’Ὕμνον
523 2998 877 3069 ἀναπέμψατε
901 2998 977 3068 τῷ
1011 2998 1198 3070 Κυρίῳ
1245 2999 1509 3070 καθαρόν·
1542 3000 1688 3069 ὅμως

1867 3002 1917 3056 1.
1957 3000 2226 3072 Ilymnum
2277 2997 2537 3053 mundum
2588 2997 2816 3052 emittite
2868 2994 3140 3049 Domiuo':
3196 2995 3350 3049 aliter

133 3088 229 3142 καὶ
284 3089 455 3152 ἄλλως
510 3093 709 3143 νοεῖται
754 3093 781 3143 ὁ
821 3091 979 3153 αὐτὸς
1012 3090 1212 3161 στίχος,
1238 3091 1318 3143 ὅτι
1344 3089 1508 3161 ὕμνον
1538 3090 1688 3160 δόξης

1791 3094 1954 3149 etiam
1979 3092 2067 3147 hic
2097 3090 2401 3147 versiculus
2439 3088 2663 3159 intelligi
2705 3096 2901 3158 potest,
2934 3084 3159 3151 scilicet,
3191 3084 3348 3155 bym-

130 3184 323 3235 εἴπατε
350 3181 427 3251 τῷ
451 3180 637 3252 Κυρίῳ
669 3182 807 3252 ὑπὲρ
838 3181 931 3234 τοῦ
974 3180 1174 3244 πάθους
1206 3180 1390 3247 αὐτοῦ,
1435 3181 1492 3234 ὃν
1523 3181 1688 3246 οὐδεὶς

1792 3203 1921 3241 num
1948 3186 2131 3256 gloriae
2157 3172 2321 3239 dicite
2372 3181 2600 3236 Domino
2636 3180 2703 3234 de
2730 3179 2981 3247 passione
3008 3178 3149 3247 ejus,
3184 3192 3348 3247 quem

128 3274 321 3342 είρηκε
356 3270 463 3323 τῶν
495 3270 799 3341 ἔμπροσθεν
824 3270 1042 3339 γενεῶν,
1071 3273 1119 3324 εί
1152 3272 1225 3342 μὴ
1262 3271 1417 3342 μόνον
1441 3272 1620 3342 ἡμεῖς,
1646 3273 1688 3324 oi

1792 3271 1941 3324 nulla
1970 3269 2109 3323 dixit
2150 3266 2543 3335 przeteritarum
2590 3262 3002 3333 generationum
3034 3262 3137 3316 nisi
3173 3262 3348 3317 solum

127 3363 457 3433 Θεασάμενοι
492 3363 585 3417 καὶ
612 3363 938 3426 ἀκούσαντες
958 3364 1048 3415 τὸν
1078 3363 1230 3415 Θεόν.

1792 3372 1913 3416 nos.
1944 3357 2035 3425 qui
2070 3355 2303 3409 vidimus
2329 3362 2384 3407 et
2410 3352 2716 3406 audivimus
2750 3351 2939 3405 Deum.

197 3454 255 3506 Ξ.
301 3454 365 3505 Ἡ
416 3453 520 3523 γὰρ
572 3453 772 3515 αἴνεσις
833 3453 997 3505 αὐτοῦ
1053 3452 1267 3520 λέγεται
1324 3454 1381 3505 ἑν
1433 3451 1688 3523 ἐκκλησίᾳ

1858 3450 1913 3505 2.
1953 3448 2099 3505 Laus
2130 3449 2272 3503 enim
2302 3446 2420 3516 ejus
2444 3444 2639 3499 dicitur
2662 3443 2714 3496 in
2753 3440 2983 3497 ecclesia
3012 3448 3346 3497 sanctorum.

123 3545 315 3607 ὁσίων,
339 3544 609 3597 τουτέστιν
644 3546 700 3596 ἑν
731 3548 1002 3616 συστροφῇ
1036 3545 1141 3597 τῶν
1164 3545 1351 3613 ἁγίων.
1384 3545 1570 3616 Ὅμως
1601 3545 1688 3597 καὶ

1791 3542 1895 3597 hoc
1920 3552 2005 3596 est
2037 3542 2089 3594 in
2120 3538 2535 3609 congregatione
2580 3546 2912 3591 sanctorum.
2966 3530 3349 3588 Verumtamen

121 3637 305 3700 ἄλλως
338 3638 581 3690 νοεῖταιὸ
619 3635 778 3701 αὐτὸς
830 3637 1039 3707 στίχος·
1085 3638 1148 3689 Ἡ
1187 3636 1390 3699 αἴνεσις
1442 3635 1602 3688 αὐτοῦ
1636 3637 1688 3687 ἑν

1791 3635 1947 3689 aliter
1970 3635 2129 3688 etiam
2156 3630 2495 3699 interpretari
2525 3627 2850 3697 potestidem
2877 3640 3069 3679 versus
3095 3643 3108 3679 :
3136 3639 3347 3693 nempe,

118 3732 250 3793 ταῖς
278 3728 520 3800 καρδίαις
545 3729 637 3782 καὶ
666 3730 719 3781 ἑν
760 3732 868 3792 τοῖς
900 3728 1083 3799 μέλεσι
1119 3728 1225 3780 τῶν
1257 3727 1422 3797 ἁγίων
1506 3728 1688 3797 Ὑμεῖς

1790 3726 1909 3782 laus
1937 3726 2055 3794 ejus
2101 3726 2154 3777 in
2190 3722 2444 3777 cordibus
2488 3729 2541 3773 et
2572 3719 2624 3771 in
2672 3716 2935 3772 membris
2989 3723 3344 3769 sanctorum:

119 3821 263 3891 γὰρ,
316 3821 473 3889 φησὶν
498 3822 526 3873 ὁ
568 3820 907 3883 Ἀπόστολος,
936 3820 1079 3886 ναὸς
1107 3820 1252 3874 Θεοῦ
1278 3821 1441 3873 ἐστε’
1478 3821 1572 3873 καὶ
1594 3818 1688 3872 πά-

1790 3816 1902 3873 ‘los
1939 3819 2082 3872 enim
2104 3856 2118 3880 ,
2150 3815 2326 3884 inquit
2355 3809 2673 3882 Apostolus,
2710 3806 2954 3877 templum
2986 3803 3079 3858 Dei
3112 3804 3235 3857 estis
3265 3804 3344 3870 ";

116 3913 242 3963 λιν·
278 3914 397 3963 Οὐκ
425 3910 642 3981 οἴδατε,
678 3911 765 3964 ὅτι
792 3913 863 3965 τὰ
896 3912 1136 3981 σώματα
1176 3912 1341 3981 ὑμῶν
1381 3915 1526 3978 ναίς
1564 3912 1688 3965 ἐστι

1789 3920 1843 3965 et
1904 3924 2142 3964 rursus:
2191 3912 2269 3959 An
2330 3906 2563 3969 nescitis,
2612 3902 2861 3972 quoniam
2912 3913 3134 3966 corpora
3181 3905 3348 3950 vestra

115 4001 235 4055 τοῦ
269 4001 490 4071 ὲνύμῖν
512 4003 681 4072 ἁγίου
710 4004 1071 4072 Πνεύματος.
1100 4000 1170 4058 οὗ
1197 4005 1361 4073 ἔχετε
1384 4004 1501 4057 ἀπὸ
1524 4003 1688 4057 Θεοῦ.

1792 4000 2035 4070 templum
2066 4006 2185 4051 sunt
2213 3996 2441 4063 Spiritus
2465 3994 2654 4057 sancti,
2689 3991 2777 4060 qui
2812 3991 2864 4041 in
2898 3988 3038 4041 vobis
3070 3995 3169 4049 est,
3194 4001 3345 4053 quem

1789 4091 1989 4144 habetis
2014 4106 2045 4141 a
2080 4089 2181 4140 Deo
2216 4085 2306 4136 ”?
2668 4072 2674 4079 ’

196 4194 253 4248 5.
287 4192 652 4263 Εύφρανθήτω
690 4194 718 4245 ὁ
744 4191 870 4254 λαὸς
922 4208 948 4245 ο
983 4191 1393 4261 πεφωτισμένος
1438 4190 1535 4262 τὴν
1580 4192 1688 4245 διά-

1857 4182 1911 4237 5.
1952 4179 2182 4234 Laetetur
2204 4174 2433 4246 populus
2459 4181 2637 4227 mente
2658 4170 2996 4224 illuminatus
3014 4168 3068 4222 in
3092 4165 3342 4233 Domino,

112 4302 278 4341 νοιαν
306 4286 395 4337 ἐπὶ
412 4283 488 4353 τῷ
520 4283 707 4353 Κυρίῳ
736 4282 811 4352 τῷ
835 4284 1118 4351 ποιήσαντι
1145 4283 1325 4347 αὑτὸν,
1349 4281 1439 4334 καὶ
1474 4284 1529 4333 tv
1549 4282 1686 4353 ἀρχῇ

1791 4274 1883 4343 qui
1915 4272 2039 4327 fecit
2065 4285 2210 4331 eum,
2243 4278 2296 4319 et
2328 4266 2395 4320 ab
2446 4265 2623 4330 initio,
2661 4263 2787 4317 etin
2832 4261 3121 4329 baptismo.
3173 4257 3344 4312 Israel

113 4378 221 4432 καὶ
267 4376 323 4428 ἑν
365 4375 442 4445 τῷ
462 4352 834 4446 Ϋβαπτνίσματισ
880 4373 1113 4439 Ἰσραὴλ
1151 4373 1257 4444 γὰρ
1312 4352 1685 4442 ἑρμηνεύεται,

1791 4366 1933 4419 enim
1999 4363 2409 4429 interpretatur,
2477 4365 2536 4410 ut
2596 4355 2793 4424 sapius
2866 4352 3144 4415 diximus,
3200 4366 3342 4403 mens

1786 4450 1961 4505 uidens
2005 4448 2186 4501 Deum.

1854 4546 1908 4596 4.
1951 4540 2014 4594 Et
2043 4539 2134 4593 ﬁlii
2175 4536 2411 4592 cmlestis
2440 4533 2675 4588 civitatis
2700 4529 3038 4585 Hierusalem
3072 4529 3341 4584 exsultent

1786 4637 1839 4690 in
1869 4635 2097 4689 Domino
2131 4629 2255 4685 Jesu
2306 4630 2545 4699 ipsorum
2583 4640 2748 4695 rege:
2799 4622 2927 4678 Sion
2972 4622 3117 4677 enim
3168 4622 3340 4675 inter-

110 4470 201 4533 ὡς
236 4468 491 4532 πολλάκις
528 4470 845 4540 εἰρήκαμεν,
874 4468 1017 4532 νοῦς
1045 4466 1198 4534 ὀρῶν
1220 4466 1383 4519 Θεόν.

196 4562 252 4615 ι.
290 4563 397 4615 Καὶ
427 4563 475 4614 οἱ
505 4563 608 4614 υἱοὶ
626 4561 723 4630 τῆς
751 4560 1067 4629 ἐπουρανίου
1114 4557 1461 4629 Ἰερουσαλὴμ
1488 4557 1688 4619 πόλεως

110 4652 570 4722 ἁγαλλιάσθωσαν
602 4651 693 4703 tati.
721 4649 796 4720 τῷ
822 4651 1003 4720 Κυρίῳ
1047 4649 1217 4717 Ἰησοῦ
1250 4648 1326 4717 τῷ
1354 4647 1559 4716 βασιλεῖ
1590 4647 1688 4699 αὑ-

109 4717 263 4798 τέὺν·
299 4744 451 4798 Σιὼν
469 4744 577 4814 γὰρ
602 4717 957 4814 ἑρμηνεύεται
976 4717 1171 4805 τόπος
1209 4740 1359 4792 ὅπου
1396 4740 1433 4807 ἡ
1463 4736 1681 4805 σκηνή.

1786 4737 2027 4799 pretatur
2071 4725 2211 4777 locus
2255 4722 2343 4774 ubi
2375 4717 2793 4773 tabernaculum-

195 4837 249 4891 5.
288 4803 849 4889 Αἰνεσάτωσαναύτὺν
883 4835 939 4885 ἑν
971 4832 1064 4903 ὅλη
1092 4803 1305 4903 καρδίᾳ,
1343 4803 1436 4883 καῖ
1469 4831 1523 4882 ἑν
1546 4803 1683 4892 ὅλοις

1856 4820 1909 4875 5.
1960 4816 2205 4871 Laudent
2232 4828 2354 4867 eum
2387 4813 2439 4865 in
2468 4820 2579 4864 toto
2610 4810 2793 4874 corde,
2835 4816 2890 4862 et
2919 4807 2972 4861 in
3008 4803 3136 4859 totis
3168 4819 3343 4865 mem-

106 4935 237 4993 τοῖς
270 4930 482 4999 μέλεσιν
516 4928 720 4980 αὐτῶν·
751 4925 825 4989 ὡς
863 4924 967 4995 γὰρ
993 4896 1225 4995 ὁηχορδς
1254 4896 1534 4976 ύπόκειται
1578 4921 1682 4972 ὑπὸ

1787 4914 1899 4969 bris
1926 4911 2037 4965 suis
2064 4925 2079 4973 ;
2108 4904 2559 4976 quemadmodum
2590 4901 2733 4955 enim
2776 4900 2976 4954 chorus
2998 4896 3339 4965 componitur

112 4987 497 5093 (ηδίαφόρων
539 4987 856 5089 ἀνθρώπων,
876 4987 1022 5069 -οὖΙτω
1176 5016 1243 5068 τὰ
1273 5016 1405 5085 μέλη
1437 5014 1681 5082 σύγκειν-

1787 5024 1816 5061 a
1851 4999 2080 5059 diversis
2105 4996 2434 5056 hominibus,
2465 4994 2538 5049 ita
2576 4992 2738 5047 etiam
2773 4989 3012 5044 membra
3037 4987 3337 5072 composita

107 5132 208 5168 ται
237 5114 297 5165 ἑν
328 5113 403 5182 τῷ
430 5110 698 5183 ἀνθρώπῳ
757 5112 813 5162 ἓν
844 5109 980 5172 ὅλοις
1006 5105 1096 5161 οὖν
1123 5112 1232 5171 τοῖς
1266 5107 1473 5176 σώμασι
1510 5106 1602 5159 καὶ
1620 5107 1677 5157 tv

1786 5106 1909 5154 sunt
1954 5098 2006 5151 in
2048 5098 2265 5151 homine
2294 5115 2307 5150 :
2341 5096 2392 5148 iu
2452 5103 2567 5148 toto
2611 5092 2774 5161 igitur
2806 5103 3031 5160 corpore
3075 5094 3130 5142 et
3172 5084 3338 5142 corde

106 5209 184 5277 τῇ
217 5204 416 5275 καρδίᾳ
451 5203 698 5257 αἰνέσατε
722 5199 882 5255 αὐτὸν
912 5201 978 5255 δι’
1004 5201 1178 5271 ἑργων
1211 5197 1447 5267 ἀγαθῶν.

1786 5190 1997 5246 laudate
2027 5202 2151 5244 eum
2176 5202 2269 5257 per
2299 5185 2439 5239 bona
2469 5198 2649 5253 opera.

183 5389 228 5420 ⁸⁸
284 5385 444 5443 Hebr.
488 5402 541 5449 x,
576 5386 660 5438 Η.
760 5385 805 5416 ³¹
837 5380 1012 5439 lCor.
1043 5398 1126 5449 ιιι,
1159 5380 1257 5445 16;
1311 5378 1354 5432 ιι
1382 5377 1511 5433 Cor.
1544 5393 1615 5444 Vl,
1657 5376 1678 5431 1

1833 5374 1878 5406 ⁸³
1915 5370 1932 5425 l
1970 5368 2095 5426 Cor.
2134 5384 2209 5431 vi,
2238 5365 2322 5420 19.

1023 5559 1321 5620 Addenda
1372 5564 1433 5618 et
1464 5553 1833 5634 corrigenda
1888 5568 1965 5613 ex
2011 5550 2149 5613 cod.
2196 5546 2395 5611 Vatic.

182 5722 267 5793 (1)
315 5722 450 5776 Ὑπὸ
478 5720 747 5792 διαφόρων
776 5721 918 5774 ἰδίων
944 5720 1147 5791 κύκλῳ,
1178 5718 1317 5773 οὕτω
1354 5722 1465 5782 τοῖς
1495 5719 1730 5789 σώμασι,
1763 5716 1899 5771 καθά
1925 5715 2284 5789 προείπαμεν,
2308 5712 2400 5766 καὶ
2420 5712 2479 5764 ἑν
2500 5724 2589 5783 τῃ,
2624 5723 2730 5766 etc.
