4052 6332
701 354 834 410 1559

765 466 816 522 6.
861 465 917 519 ln
950 475 1200 535 tympano
1225 475 1277 522 et
1312 469 1567 537 psalterio
1618 473 1851 540 psallant
1904 477 1973 530 ei.

763 559 816 614 7.
858 558 993 622 Quia
1027 560 1413 628 beneplacitum
1443 574 1526 615 est
1562 561 1789 617 Domino
1823 565 1872 616 in
1910 568 2103 636 populo
2133 585 2250 631 suo,

765 651 817 705 8.
862 650 924 703 Et
964 652 1222 705 exaltabit
1256 664 1566 708 mansuetos
1609 658 1662 708 in
1691 657 1939 712 salutem.

764 744 815 796 9.
855 742 1214 798 Exsultabunt
1244 748 1414 799 sancti
1444 748 1495 799 in
1521 748 1688 816 gloria
1726 767 1738 802 :

768 836 854 889 10.
895 833 960 888 Et
991 837 1316 890 laetabuntur
1343 839 1394 890 in
1436 840 1704 894 cubilibus
1745 841 1881 895 suis.

766 925 850 978 11.
893 923 1576 999 Exaltationes[exaltatio']
1599 930 1690 984 Dei
1723 932 1774 984 in
1797 943 2008 1001 gutture
2039 948 2249 1000 eorum,

765 1107 854 1161 12.
895 1107 956 1161 Et
988 1107 1147 1177 gladii
1182 1109 1445 1177 ancipites
1497 1111 1550 1161 in
1603 1109 1851 1163 manibus
1900 1126 2110 1167 eorum.

765 1199 850 1253 15,
891 1197 972 1249 Ad
1018 1197 1316 1251 faciendam
1353 1200 1647 1252 vindictam
1691 1201 1742 1252 in
1780 1201 2107 1266 nationibus,

766 1289 851 1341 14.
893 1287 1294 1356 lncrepationes
1329 1291 1383 1341 in
1429 1290 1661 1358 populis.

765 1379 848 1433 15.
889 1379 968 1432 Ad
997 1381 1296 1448 alligandos
1328 1396 1479 1448 reges
1530 1396 1715 1434 eorum
1771 1382 1823 1433 in
1873 1381 2248 1450 compedibus,

768 1472 854 1527 16.
897 1473 962 1527 Et
985 1475 1191 1528 nobiles
1219 1488 1408 1527 eorum
1440 1474 1492 1526 in
1531 1475 1760 1529 manicis
1793 1474 2008 1528 ferreis.

763 1650 849 1704 17.
890 1648 954 1705 Ut
986 1650 1188 1704 faciant
1229 1652 1280 1703 in
1315 1653 1392 1704 eis
1423 1651 1686 1719 judicium
1730 1652 2093 1720 conscriptum
2127 1694 2140 1706 .

761 1742 848 1798 18.
888 1742 1069 1797 Gloria
1103 1744 1214 1795 haec
1239 1751 1321 1796 est
1342 1743 1594 1797 omnibus
1641 1743 1841 1797 sanctis
1877 1745 2014 1812 ejus.

1563 359 1618 412 S.
1663 361 2028 418 ATllANASIl
2073 366 2220 421 OPP.
2257 367 2434 423 PARS
2475 370 2559 426 ΙΙΙ.
2597 403 2666 414 -
2703 372 3113 431 EXEGETICA.

3806 392 3924 443 1510

2286 485 2328 539 Α
2425 482 2476 533 6.
2523 483 2608 533 Ἐν
2636 486 2901 553 τυμπάνῳ
2932 489 3024 537 καὶ
3055 489 3335 561 ψαλτηρίῳ
3362 494 3696 560 ψαλὰτωσαν

2425 571 2475 624 7.
2513 573 2631 624 Ὅτι
2660 575 2867 626 εὐδοκεῖ
2891 577 3091 646 Κύριος
3120 581 3174 632 ἐν
3207 583 3282 652 τῷ
3312 585 3422 655 λαῷ
3447 589 3613 640 αὐτοῦ
3632 631 3646 651 ,

2421 663 2472 715 8.
2517 665 2623 716 Καὶ
2649 664 2850 732 ὑψώσει
2884 672 3076 737 πραεῖς
3100 671 3156 722 ὲν
3183 677 3445 746 σωτηρίᾳ.

2419 754 2470 807 9.
2522 756 2894 825 Καυχήσονται
2923 761 3058 811 ὅσιοι
3094 764 3150 812 ἐν
3180 762 3324 835 δόξῃ·

2424 843 2509 897 10.
2547 845 2654 896 Καὶ
2686 847 3101 913 ἁγαλλιάσονται
3126 853 3216 904 ἐπὶ
3243 853 3349 905 τῶν
3379 856 3576 908 κοιτῶν
3598 859 3800 912 αὐτῶν.

2426 933 2510 985 11.
2546 937 2608 986 Αἱ
2632 936 2862 1005 ὑψώσεις
2967 941 3193 1014 ὖῲωσις]
3219 944 3309 997 τοῦ
3343 945 3477 999 Θεοῦ
3506 951 3566 999 ἐν
3595 950 3672 1019 τῷ
3701 950 3917 1021 ὶιάρυγτι

2355 1041 2552 1088 αυτων,

2429 1116 2514 1168 1‘2.
2550 1117 2656 1169 Καὶ
2688 1121 2948 1189 ρομφαῖαι
2981 1124 3216 1195 δίστομοι
3262 1130 3317 1180 ἐν
3347 1134 3465 1193 ταῖς
3497 1132 3692 1202 χερσὶν
3728 1134 3914 1187 αὐτῶν.

2424 1203 2508 1256 15.
2540 1205 2642 1257 Τοῦ
2685 1210 2903 1278 ποιῆσαι
2931 1214 3205 1284 ἐκδίκησιν
3229 1220 3285 1270 ἐν
3317 1223 3428 1282 τοῖς
3455 1222 3688 1286 ἔθνεσιν,

2427 1293 2508 1346 14.
2559 1296 2848 1366 Ἐλεγμοὺς
2881 1305 2935 1354 ἐν
2963 1309 3071 1367 τοῖς
3104 1306 3266 1371 λαοῖς.

2427 1385 2511 1438 15.
2545 1388 2648 1439 Τοῦ
2683 1390 2838 1458 δῆσαι
2873 1396 2996 1458 τοὺς
3028 1397 3265 1466 βασιλεῖς
3289 1402 3465 1455 αὐτῶν
3486 1406 3545 1456 ἐν
3573 1407 3784 1474 πέδαις,

2427 1479 2510 1532 16.
2544 1483 2650 1534 Καὶ
2679 1488 2801 1549 τοὺς
2826 1490 3067 1556 ἐνδόξους
3090 1496 3264 1549 αὐτῶν
3299 1502 3354 1551 ἐν
3391 1505 3739 1572 χειροπέδαις
3779 1509 3914 1576 σιδη-

2355 1586 2494 1637 ραις.

2423 1661 2507 1713 17.
2546 1665 2650 1718 Τοῦ
2685 1672 2902 1740 ποιῆσαι
2930 1674 2987 1725 ἐν
3022 1677 3201 1741 αὐτοῖς
3232 1685 3404 1750 κρῖμα
3429 1685 3747 1755 ἑγγραπτον
3770 1705 3785 1719 ’

2429 1752 2511 1805 18.
2540 1757 2675 1819 Δόξα
2708 1759 2844 1832 αῦτη
2885 1763 3032 1818 ἔσται
3067 1771 3195 1821 πᾶσι
3235 1777 3345 1836 τοῖς
3377 1776 3544 1841 ὁσίοις
3578 1781 3750 1832 αὑτοῦ

1813 1925 2182 1980 ATllANASll
2225 1926 2798 1997 INTERPRETATIO.

758 2102 811 2156 6.
852 2101 915 2156 Et
963 2102 1349 2157 niortilicantes
1398 2117 1457 2155 se
1500 2101 1668 2171 ipsos.
1712 2111 1766 2156 et
1812 2103 1994 2172 repleti
2044 2093 2291 2173 Spiritu]

2420 2112 2470 2165 σ.
2497 2116 2604 2167 Καὶ
2630 2119 2993 2189 νεκρώσαντες
3019 2127 3257 2191 ἑαυτοὺς,
3280 2131 3372 2182 καὶ
3392 2131 3737 2202 πλησθέντες
3760 2135 3894 2187 Ilva}

692 2201 876 2246 sancto
902 2191 1276 2259 gloriﬁcabunt
1307 2207 1451 2246 eum.

760 2283 808 2336 7.
850 2284 986 2350 Quia
1017 2287 1263 2340 voluntas
1301 2286 1416 2354 ejus
1455 2286 1506 2339 in
1530 2286 1661 2354 ipsis
1692 2293 1793 2340 est.

757 2372 810 2427 8.
851 2373 915 2426 Et
939 2375 1261 2444 gloriticabit
1292 2377 1605 2429 obedientes
1637 2377 1690 2427 in
1726 2376 2008 2444 praeceptis
2047 2376 2159 2430 suis
2191 2377 2244 2431 in

689 2463 846 2516 vitam
879 2474 1153 2516 aatcrnam.

752 2555 805 2608 9.
849 2553 1236 2608 Gloriabuntur
1265 2556 1496 2624 apostoli
1546 2556 1601 2609 in
1651 2555 1770 2625 ipso
1804 2557 2032 2610 Domino
2094 2566 2146 2610 et
2187 2557 2240 2610 in

687 2660 846 2698 cruce
877 2645 1069 2715 ipsius,
1106 2647 1564 2716 quemadmodum
1599 2648 1730 2702 dicit
1762 2647 2053 2716 Apostolus
2081 2664 2094 2699 :
2139 2647 2242 2711 Qui

688 2746 858 2789 autem
903 2738 1160 2807 gloriatur
1193 2739 1246 2790 in
1289 2737 1511 2791 Domino
1542 2739 1795 2808 glorietur
1841 2739 1916 2805 “;
1969 2748 2067 2795 et:
2108 2739 2242 2793 Mihi

687 2838 854 2880 autem
900 2829 1037 2882 absit
1075 2829 1316 2898 gloriari,
1367 2832 1472 2884 nisi
1508 2833 1562 2884 in
1612 2848 1761 2886 cruce
1813 2832 2023 2887 Domini
2073 2836 2242 2888 nostri

687 2919 806 2974 Iesu
840 2920 1036 2975 Christi
1067 2925 1131 2974 ³⁵.

752 3013 836 3068 10.
880 3013 943 3068 Et
974 3016 1324 3070 exsultabunt
1351 3018 1402 3070 in
1449 3018 1664 3074 :eternis
1703 3020 2060 3089 requietibus.

753 3107 836 3159 11.
882 3105 1324 3162 Pracdicationem
1390 3109 1585 3162 divina:
1655 3111 1927 3178 passionis
1977 3111 2237 3165 inclama-

684 3197 836 3251 bunL

752 3290 840 3344 12.
884 3288 1088 3346 Veteris
1129 3300 1182 3345 et
1227 3290 1360 3346 Novi
1418 3291 1750 3349 Testamenti
1785 3310 1978 3350 sensus
2021 3295 2076 3349 in
2107 3310 2231 3351 cor-

679 3381 839 3436 dibus
888 3398 1102 3439 eorum.
1153 3384 1401 3438 Attamen
1452 3387 1611 3440 etiam
1666 3386 1823 3440 aliter
1876 3386 2230 3454 intelligitur:

679 3474 909 3541 scilicet,
950 3476 1090 3529 dona
1123 3477 1294 3530 sancti
1344 3474 1582 3544 Spiritus
1612 3476 1666 3529 in
1717 3477 1968 3530 manibus
2003 3491 2231 3543 eorum;

679 3574 946 3634 quotquot
969 3566 1112 3619 enim
1137 3581 1273 3636 opus
1300 3567 1627 3621 habentibus
1648 3567 1994 3636 imponebant
2019 3584 2232 3636 manus,

680 3657 881 3712 dabant
906 3658 1037 3728 ipsis
1061 3658 1321 3728 Spiritum
1347 3669 1618 3727 sanctum,
1642 3669 1696 3713 et
1719 3669 1984 3731 quotquot
2007 3661 2235 3718 inﬁrmis

681 3764 876 3803 manus
934 3750 1320 3819 imponebant,
1370 3751 1635 3806 sanabant
1684 3767 1799 3808 eos.
1864 3751 2233 3822 Egritudines

679 3842 848 3907 enim,
884 3842 986 3896 hoc
1019 3852 1100 3896 est
1129 3844 1433 3899 contrarias
1482 3853 1801 3915 potestates,
1834 3846 2234 3900 mortilicabant

679 3932 876 3987 virtute
907 3933 1081 3988 sancti
1109 3931 1367 4001 Spiritus.

749 4022 832 4076 15.
874 4024 954 4077 Ad
989 4023 1300 4079 liberandas
1339 4040 1527 4095 gentes
1565 4039 1593 4078 a
1622 4025 1910 4079 contrariis
1955 4025 2234 4096 potestati-

676 4114 799 4179 bus,
827 4130 948 4183 qua:
971 4124 1129 4168 antea
1156 4117 1207 4169 in
1245 4117 1394 4186 ipsas
1420 4118 1860 4171 dominabantur.

748 4205 835 4260 11.
874 4206 954 4258 Ad
984 4205 1415 4277 redarguendam
1453 4209 1505 4261 in
1544 4210 1758 4277 populis
1790 4210 2092 4276 audaciam,
2125 4227 2230 4280 qua

675 4307 861 4350 contra
895 4299 1061 4352 Deum
1100 4300 1184 4352 usi
1215 4309 1365 4354 sunt.

746 4389 830 4446 15.
875 4387 957 4441 Ad
986 4389 1285 4459 alligandos
1311 4390 1583 4447 daemones
1613 4401 1901 4462 regnantes
1928 4394 1980 4447 in
2007 4394 2114 4449 illis
2138 4410 2231 4463 per

671 4487 952 4546 peccatum
967 4519 980 4536 .

742 4569 824 4622 16.
869 4569 1208 4640 Principatus
1256 4583 1306 4627 et
1360 4584 1654 4642 potestates
1714 4577 1919 4631 inimici
1997 4578 2229 4634 vinculis

670 4663 883 4716 a-ternis
916 4663 1016 4716 sub
1051 4665 1335 4734 caliginem
1384 4667 1751 4731 tradiderunt,
1790 4679 1848 4720 ut
1888 4669 2228 4724 custodiren-

671 4763 756 4807 tur
787 4755 837 4807 in
872 4755 1010 4809 diem
1035 4756 1223 4821 judicii
1252 4760 1316 4816 ’³.

739 4845 827 4912 17,
863 4847 949 4901 18.
989 4845 1060 4902 Ut
1093 4847 1294 4902 faciant
1343 4849 1633 4906 vindictam
1670 4851 1722 4905 in
1763 4853 1973 4922 populis
1996 4861 2049 4908 et
2085 4871 2217 4926 gen-

668 4939 829 4994 tibus.

733 5136 780 5167 “
829 5135 848 5188 l
881 5138 1004 5191 Cor.
1045 5154 1097 5202 ι,
1131 5140 1191 5192 51
1322 5143 1366 5173 ³³
1397 5140 1570 5197 Galat.
1607 5159 1678 5207 Vl,
1721 5144 1808 5198 14.
1887 5146 1933 5177 ⁸⁸
1971 5145 2096 5201 Jud.
2146 5147 2197 5200 6.

2353 2220 2519 2272 ματος
2549 2209 2703 2275 ἁγίου
2733 2211 3127 2284 ἀνυμνήσουσιν
3157 2221 3333 2274 αὐτόν.

2418 2294 2468 2346 7.
2509 2297 2627 2348 Ὅτι
2649 2299 2855 2371 θέλημα
2889 2306 3051 2357 αὑτοῦ
3096 2310 3150 2359 ἐν
3181 2311 3360 2373 αὐτοῖς
3388 2315 3525 2366 ἐστι.

2415 2381 2464 2434 8.
2504 2385 2610 2436 Καὶ
2636 2387 2844 2453 δοξάσει
2875 2393 2999 2455 τοὺς
3032 2395 3399 2461 ὑπακούοντας
3428 2402 3487 2452 ἐν
3520 2406 3649 2466 ταῖς
3683 2404 3913 2467 ἐντολαῖς

2344 2471 2506 2526 αὑτοῦ
2536 2479 2612 2539 είς
2647 2479 2788 2548 ζωὴν
2818 2484 3049 2537 αἰώνιον.

2412 2565 2461 2618 9.
2502 2570 2876 2640 Καυχήσονται
2907 2578 2956 2627 οἱ
2993 2580 3275 2632 ὰποστόλοι
3313 2584 3369 2635 ὲν
3405 2584 3555 2655 αὐτῷ
3596 2586 3676 2655 τῷ
3711 2589 3912 2657 Κυρίῳ,

2343 2658 2433 2708 καὶ
2463 2659 2518 2710 ἐν
2544 2661 2618 2730 τῷ
2649 2667 2865 2736 σταυρῷ
2892 2670 3076 2732 αὑτοῦ,
3106 2672 3281 2736 καθώς
3308 2693 3468 2744 φησιν
3499 2679 3526 2729 ὁ
3569 2679 3912 2744 Ἀπόστολοςο

2352 2745 2404 2798 Ὀ
2439 2749 2506 2802 δὲ
2544 2756 2923 2824 καυχώμενος
2973 2761 3041 2813 ἐν
3073 2762 3151 2826 τῷ
3177 2764 3369 2832 Κυρίῳ
3404 2771 3740 2837 καυχάσθω
3763 2790 3778 2800 °
3813 2777 3914 2836 καὶ,

2353 2839 2508 2908 Ἐμοὶ
2549 2844 2622 2913 (1)
2656 2846 2722 2898 δὲ
2761 2849 2845 2917 μὴ
2893 2850 3118 2920 γένοιτο
3159 2857 3516 2926 καυχᾶσθαι,
3540 2865 3595 2914 εὶ
3623 2864 3716 2931 μὴ
3749 2867 3824 2917 ὲν
3849 2869 3915 2933 τῷ

2337 2934 2571 3003 σταυρῷ
2605 2939 2707 2991 τοῦ
2741 2943 2956 3008 Kvplov
2986 2944 3155 3014 ἡμῶν
3188 2948 3381 3014 Ἰησοῦ
3413 2953 3699 3018 Χριστοῦ.

2407 3024 2492 3077 10.
2523 3028 2632 3080 Καὶ
2645 3030 3052 3097 ἀγαλλιάσονται
3071 3039 3149 3100 εὶς
3163 3038 3258 3101 τὰς
3277 3042 3527 3106 αἰωνίους
3543 3044 3912 3112 ἀναπαύσεις.

2406 3117 2491 3169 11.
2530 3119 2600 3170 Τὸ
2630 3122 2889 3192 κήρυγμα
2923 3125 3028 3179 τῶν
3082 3129 3414 3200 παθημάτων
3469 3134 3563 3186 τοῦ
3599 3136 3744 3190 Θεοῦ
3789 3139 3913 3192 ἀνα-

2337 3201 2477 3255 δοῶσ
2500 3223 2547 3256 ν.

2404 3294 2489 3349 12.
2523 3296 2631 3367 Τῆς
2649 3299 2891 3363 Παλαιᾶς
2927 3304 3021 3356 καὶ
3051 3305 3194 3368 Νέας
3246 3309 3514 3381 Διαθήκης
3552 3314 3624 3366 τὰ
3659 3317 3912 3386 νοήματα

2265 3419 2308 3477 C
2340 3389 2397 3440 ἐν
2423 3393 2541 3477 ταῖς
2564 3392 2808 3461 καρδίαις
2843 3394 3036 3447 αὐτῶν.
3070 3398 3256 3467 Ὅμως
3282 3399 3336 3452 δὲ
3357 3401 3431 3469 (2)
3452 3401 3629 3467 ἄλλως
3669 3410 3879 3459 νοεῖται
3897 3425 3908 3438 ·

2342 3477 2468 3550 [ὅτι]
2495 3473 2569 3532 ὧν
2596 3481 2660 3534 τὰ
2691 3485 2999 3554 χαρίσματα
3019 3486 3112 3538 τοῦ
3145 3488 3298 3556 ἁγίου
3342 3491 3660 3562 Πνεῦματος
3702 3498 3769 3549 ἐν
3797 3502 3909 3562 ταῖς

2335 3574 2516 3642 χερσὶν
2548 3574 2932 3640 αὐτῶν.”οσοις
2957 3579 3063 3650 γὰρ
3085 3580 3355 3651 ἐπέθηκαν
3383 3583 3479 3646 τὰς
3500 3589 3690 3657 χεῖρας
3723 3592 3910 3660 χρείαν

2335 3662 2582 3732 ἔχουσιν,
2614 3665 2812 3720 ἐδίδουν
2874 3672 3050 3733 αὐτοῖς
3082 3671 3303 3742 Πνεῦμα
3356 3675 3539 3742 ἅγιον·
3609 3679 3706 3731 καὶ
3768 3683 3910 3744 ὅσοις

2333 3754 2631 3826 ἀρρώστοις
2679 3759 2958 3814 ἐπετίθουν
2992 3763 3088 3825 τὰς
3114 3766 3318 3834 χεῖρας,
3352 3767 3504 3818 ίῶντο
3548 3769 3777 3832 αὐτούς.
3835 3773 3908 3824 Τὰ

2331 3846 2437 3918 γὰρ
2463 3848 2647 3920 πάθη,
2688 3853 2931 3904 τουτέστι
2971 3853 3067 3916 τὰς
3110 3855 3354 3918 ἐναντίας
3382 3857 3663 3927 δυνάμεις,
3719 3862 3907 3915 ἐθανά-

2331 3957 2454 3993 τουν
2478 3945 2542 4012 τῇ
2575 3943 2798 4014 δυνάμει
2830 3945 2923 3998 τοῦ
2955 3946 3109 4015 ἁγίου
3133 3950 3462 4022 Πνεῦματος.

2401 4031 2487 4084 15.
2517 4032 2620 4084 Τοῦ
2672 4033 3030 4104 ἐλευθερῶσαι
3066 4037 3130 4090 τὰ
3181 4039 3305 4110 ἔθνη
3364 4041 3468 4093 ἀπὸ
3500 4041 3608 4093 τῶν
3644 4045 3904 4098 ἐναντίων

2329 4122 2604 4192 δυνάμεων
2625 4125 2731 4178 τῶν
2754 4127 2812 4178 τὸ
2830 4129 3088 4199 πρότερον
3110 4131 3681 4186 καταδυναστευόντων
3699 4135 3901 4188 αὐτῶν.

2399 4216 2483 4269 14.
2521 4218 2624 4270 Τοῦ
2656 4219 2867 4286 ἐλέγξαι
2904 4223 2960 4272 ἐν
2992 4226 3102 4285 τοῖς
3132 4223 3274 4285 λαοῖς
3307 4224 3380 4291 (5)
3427 4223 3781 4296 τὴν⁸τόλμαν
3808 4230 3901 4281 ait-

2328 4308 2453 4369 τῶν,
2488 4311 2583 4379 τὴν
2616 4310 2754 4363 κατὰ
2787 4312 2879 4364 τοῦ
2912 4313 3046 4365 Θεοῦ
3086 4316 3472 4385 γεγενημένην.

2402 4399 2486 4453 15.
2515 4400 2618 4452 Τοῦ
2649 4401 2804 4471 δῆσαι
2839 4406 2962 4464 τοὺς
3013 4405 3270 4476 δαίμονας
3327 4408 3451 4470 τοῦς
3512 4408 3900 4478 βασιλεύοντας

2327 4489 2502 4541 αὐτῶν
2530 4492 2615 4543 διὰ
2642 4493 2739 4561 τῆς
2762 4494 3052 4561 ἁμαρτίας.

2401 4577 2483 4631 16.
2517 4581 2626 4643 Τὰς
2649 4581 2723 4650 (4)
2754 4583 2925 4652 ἀρχὰς
2966 4586 3058 4636 καὶ
3106 4587 3204 4649 τὰς
3252 4586 3497 4651 ἐξουσίας
3546 4589 3642 4642 τοῦ
3701 4592 3895 4663 ἐχθροῦ

2325 4669 2538 4739 δεσμοῖς
2566 4672 2754 4735 ἀϊδίοις
2789 4674 2892 4726 ὑπὸ
2919 4673 3080 4744 ζόφου
3127 4677 3447 4749 παρέδωκαν
3482 4682 3773 4752 τηρεῖσθαι
3821 4687 3897 4746 είς

2252 4776 2295 4830 ι)
2321 4764 2531 4836 ἡμέραν
2564 4764 2814 4835 κρίσεως.

2394 4862 2481 4925 17,
2517 4861 2603 4917 18.
2632 4862 2736 4914 Τοῦ
2773 4866 2940 4916 ποιεῖν
2986 4864 3060 4936 (5)
3104 4867 3158 4918 ἐν
3190 4868 3301 4930 τοῖς
3346 4866 3492 4933 λαοῖς
3525 4870 3620 4923 καὶ
3674 4873 3732 4922 ἐν
3788 4875 3894 4933 τοῖς

2324 4953 2527 5006 ἔθνεσιν
2557 4954 2850 5026 ἐκδίκησιν.

1559 5324 1858 5384 Addenda
1897 5331 1957 5385 et
1991 5325 2373 5405 Corrigenda
2421 5346 2499 5389 ex
2546 5337 2680 5393 cod.
2735 5333 2935 5396 Vatic.

731 5459 804 5525 (1)
841 5459 947 5512 Καὶ
977 5461 1098 5531 ἐμοὶ
1133 5462 1204 5535 μὴ
1243 5464 1325 5536 εἴη
1356 5468 1673 5538 καυχᾶσθαι,
1710 5473 1756 5524 εἰ
1789 5474 1886 5543 μή,
1910 5483 2035 5539 etc.;
2086 5477 2210 5532 mel.

711 5546 779 5579 ID.

661 5542 719 5580 sn
769 5570 779 5579 .
1854 5542 1858 5543 ί

663 5545 806 5686 mire)
839 5601 1146 5686 Ὅμως.κῄ
1173 5603 1344 5686 ἄλλως
1371 5609 1690 5686 νοητέον-τά
1727 5615 2036 5686 χαρίσματα
2055 5658 2068 5674 .
2107 5626 2207 5671 etc.

671 5671 842 5755 ξοσοις
867 5671 973 5751 γαρ
1000 5671 1094 5755 sat»;
1124 5674 1418 5755 ἐπέθηκαν,
1447 5671 1551 5755 etc.
1585 5671 1953 5755 Tdtjd't‘plrrdiin
1988 5671 2212 5743 ἔκοπτον

659 5739 751 5784 ἀπ’
783 5739 979 5804 αὐτῶν,
1008 5742 1105 5805 τὰς
1129 5744 1183 5795 δὲ
1209 5739 1460 5811 ποιούσας
1491 5749 1558 5803 τὰ
1581 5739 2206 5824 πάθη,’τουτέστιν,θιο.,

2316 5476 2628 5562 ἐθανᾲτρυν-
2652 5481 2744 5562 τοῦ
2803 5483 2958 5562 αγίου
2989 5485 3300 5562 ῌνεύματος
3324 5492 3389 5560 τῇ
3423 5490 3674 5562 δυνάμει.

2386 5549 2464 5616 (5)
2496 5552 2657 5614 Λαοῐς
2676 5553 2783 5606 τῶν
2821 5549 3103 5616 Ἰουδαίων,
3136 5549 3248 5610 ὀιο.

2491 5622 2600 5699 Ιὲαὶ.
2634 5624 2754 5699 τάςὲ
2771 5633 2872 5679 etc.
2905 5626 3006 5677 ὑπὸ
3027 5627 3185 5699 ζόφον
3209 5628 3547 5699 παρέδωκεν,
3570 5641 3678 5685 etc.

2386 5689 2599 5768 (5)_To§
2638 5693 2879 5763 ποιῆσαι,
2915 5689 3329 5768 ειοίὲκδίκησίν
3382 5689 3546 5753 κατᾱί
3576 5703 3684 5754 τῶν
3726 5703 3874 5757 ἐνανο

2313 5759 2442 5813 τίων
2466 5759 2766 5831 δυνάμεων.
