4094 6322
151 385 294 441 1341
1110 382 1199 438 DE
1237 382 1518 441 TITULIS
1561 383 2007 442 PSALMORUM.
2052 414 2123 426 -
2154 383 2350 440 PSAL.
2394 383 2499 438 CL.
3262 380 3396 438 £549

571 502 943 571 Ἀλληλούῖα.
980 504 1154 558 ΨΑΛ.
1187 506 1318 559 PN'.
1752 510 1800 568 Α
2266 500 2531 571 (Alleluia.
2587 498 2786 556 PSAL.
2841 500 2945 559 CL.

223 594 281 649 1.
316 593 523 646 Αἰνεῖτε
557 593 644 646 τὸν
667 592 798 645 Θεὸν
823 594 879 644 ὲν
912 594 1022 655 τοῖς
1048 594 1223 661 ἁγίοις
1244 594 1406 646 αὐτοῦ
1428 610 1443 625 ·

1902 593 1953 645 1.
2010 589 2247 645 Laudato
2285 589 2574 643 Dominum
2602 590 2656 643 in
2686 591 2887 644 sanctis
2915 590 3033 659 ejus
3067 608 3080 644 :

222 683 278 737 2.
300 686 504 736 Αἰνεῖτε
528 684 686 737 αὑτὸν
708 686 764 736 ὲν
783 701 870 736 στε
882 682 1117 753 ρεὼματι
1134 687 1230 754 τῆς
1245 685 1523 755 δυνάμεως
1540 686 1721 739 αὐτοῦ.

1648 686 1721 739 οὗ.
1896 684 1956 737 2.
1996 683 2240 737 Laudato
2268 698 2389 736 eum
2421 683 2473 736 in
2514 682 2857 736 ﬁrmamento
2883 682 3097 736 virtutis
3126 683 3265 752 ejus.

220 776 275 829 3.
304 776 511 828 Αἰνεῖτε
535 776 695 828 αὑτὸν
719 776 809 829 ἐπὶ
837 777 955 837 ταῖς
982 776 1321 839 δυναστείαις
1349 777 1511 830 αὐτοῦ
1533 791 1546 806 ⁸

1387 777 1511 829 ὐτοῦ
1533 791 1546 806 ο
1905 775 1957 827 5.
2000 772 2243 826 Laudate
2274 788 2396 827 eum
2430 772 2484 824 in
2514 772 2810 827 virtutibus
2839 773 2957 841 ejus
2989 790 3000 825 :

222 866 278 919 4.
311 869 516 920 Αἰνεῖτε
555 868 714 921 αὐτὸν
748 866 888 921 κατὰ
904 867 965 919 τὸ
999 867 1196 938 πλῆθος
1226 869 1323 939 τῆς
1360 869 1726 939 μεγαλοσύνης

1906 867 1956 918 4.
2003 865 2243 919 Laudato
2292 880 2417 919 eum
2475 865 2776 919 secundum
2830 864 3235 920 multitudinem
3283 880 3399 919 ma—

145 957 348 1012 αὑτοῦ.

1836 957 2137 1025 gnitudinis
2183 957 2322 1025 ejus.

223 1052 282 1105 5.
312 1052 518 1103 Αἰνεῖτε
547 1050 707 1105 αὑτὸν
728 1050 785 1102 ὲν
811 1050 927 1120 ήχῳ
955 1049 1271 1117 σάλπιγγος’

1260 1065 1271 1077 ’
1906 1048 1956 1101 5.
2001 1046 2242 1100 Laudato
2275 1061 2400 1099 eum
2444 1046 2497 1099 in
2525 1062 2660 1101 sono
2691 1046 2833 1101 tuba:
2863 1065 2877 1101 :

221 1143 280 1197 6.
312 1143 521 1194 Αἰνεῖτε
550 1142 713 1194 αὐτὸν
736 1143 792 1193 ἐν
818 1141 1098 1211 ψαλτηρίῳ
1121 1142 1214 1193 καὶ
1246 1141 1465 1210 κιθάρα.

1905 1138 1957 1191 6.
2000 1136 2238 1190 Laudato
2267 1152 2394 1190 eum
2426 1138 2479 1190 in
2524 1137 2781 1207 psalterio
2812 1147 2865 1192 et
2899 1138 3130 1195 cithara.

223 1232 279 1285 7.
309 1233 516 1284 Αἰνεῖτε
548 1232 709 1286 αὑτὸν
735 1235 793 1285 ὲν
823 1232 1089 1302 τυμπάνῳ
1114 1233 1206 1286 καὶ
1229 1234 1370 1303 χορῷ
1392 1249 1404 1261 ⁸

1909 1227 1959 1280 7.
2002 1226 2242 1281 Laudato
2276 1242 2399 1280 eum
2432 1227 2488 1280 in
2531 1237 2787 1298 tympano
2810 1237 2863 1283 et
2889 1228 3056 1283 choro
3088 1248 3102 1283 :

222 1324 281 1378 8.
312 1325 519 1376 Αἰνεῖτε
547 1324 709 1377 αὐτὸν
743 1326 801 1375 ὲν
822 1324 1037 1393 χορδαῖς
1072 1326 1163 1377 καὶ
1190 1325 1424 1393 ὀργάνῳ.

1905 1319 1958 1373 8.
2000 1318 2241 1374 Laudato
2270 1335 2393 1373 eum
2441 1320 2494 1374 in
2528 1320 2749 1375 chordis
2780 1331 2833 1375 ct
2864 1336 3088 1391 organo.

224 1412 282 1467 9.
308 1414 519 1467 Αἰνεῖτε
551 1414 713 1467 αὑτὸν
741 1416 797 1465 ὲν
828 1413 1129 1482 κυμϐάλοις
1158 1414 1399 1483 εὺήχοις·

1906 1410 1960 1464 9.
2000 1410 2243 1465 Laudate
2270 1426 2393 1464 eum
2421 1410 2476 1463 in
2506 1411 2775 1481 cymbalis
2800 1410 3300 1465 benesonantibus:

228 1500 319 1557 10.
349 1503 557 1555 Αἰνεῖτε
588 1502 748 1556 αὑτὸν
780 1504 838 1554 ὲν
860 1501 1159 1572 κυμϐάλοις
1180 1501 1517 1572 ἀλαλαγμοῦ.

1908 1500 2278 1557 10..Ι.ιιυᾶειο
2304 1517 2427 1557 eum
2461 1502 2516 1557 in
2542 1502 2811 1573 cymbalis
2840 1502 3202 1573 jubilationis.

1274 1678 1642 1733 ATIlANASlI
1683 1679 2281 1737 INTERPRETATIO.

220 1830 605 1903 Interpretalio
630 1875 646 1900 ,
679 1850 767 1887 seu
812 1834 1072 1903 expositio
1117 1834 1289 1887 ultimi
1318 1834 1512 1902 psalmi
1548 1836 1691 1891 deest
1733 1838 1789 1890 in
1829 1836 2008 1891 codice
2047 1837 2363 1894 Barberino.

779 1992 951 2042 ΨΑΛ.
984 1991 1115 2041 PN'.
1762 1998 1805 2052 Β

1762 1998 1805 2052 Β
2443 1990 2650 2047 PSAL.
2694 1990 2801 2045 CL.

238 2082 307 2134 Ἦ
333 2082 668 2153 προκειμένη
712 2082 991 2153 ἐπιγραφὴ
1023 2084 1055 2152 ἡ
1091 2080 1179 2134 διὰ
1223 2081 1321 2151 τῆς
1367 2080 1736 2152 κινναϐάρεως

1907 2080 2123 2137 Titulus
2155 2083 2481 2153 praepositus
2520 2084 2803 2138 cinnabari
2848 2083 3089 2151 scriptus
3129 2084 3407 2138 continet:

140 2173 434 2245 περιέχει·
469 2174 863 2241 Ἀλληλούἴα,
919 2172 993 2234 ὡς
1044 2172 1382 2243 προείρηκα,
1434 2171 1528 2224 καὶ
1576 2170 1738 2224 πάλιν

1840 2173 2094 2239 Alleluia,
2147 2184 2205 2228 ut
2237 2184 2392 2230 antea
2435 2176 2569 2240 dixi,
2615 2186 2670 2230 et
2709 2176 2905 2229 iterum
2936 2175 3059 2230 dico
3102 2192 3116 2231 :
3149 2162 3410 2245 Laudate,

140 2264 303 2333 λέγω
322 2284 334 2295 ·
363 2266 668 2327 Αἰνέσατε,
704 2263 1015 2332 ὺμνήσατε
1046 2265 1151 2315 τὸν
1179 2263 1322 2315 ὄντα
1359 2263 1526 2316 Θεόν.

1179 2263 1322 2315 ὄντα
1359 2263 1526 2316 Θεόν.
1839 2267 2047 2335 hymnis
2084 2266 2337 2320 celebrate
2363 2266 2551 2328 Deum,
2576 2269 2667 2336 qui
2694 2278 2793 2321 est.

226 2358 285 2411 1.
316 2359 523 2410 Αἰνεῖτε
540 2356 631 2408 τὸν
652 2355 782 2408 Θεὸν
809 2358 865 2408 ἐν
897 2358 1008 2418 τοῖς
1034 2355 1205 2421 ἁγίοις
1233 2352 1416 2407 αὐτοῦ.

1353 2352 1416 2407 ιῦ.
1911 2359 1963 2413 1.
2005 2357 2246 2413 Laudato
2279 2358 2449 2413 Deum
2479 2359 2531 2412 in
2561 2360 2770 2413 sanctis
2802 2357 2921 2428 ejus
2958 2376 2970 2410 :

223 2448 439 2499 Αἰνεῖτε
485 2447 577 2497 τὸν
629 2446 759 2498 Θεὸν
807 2448 864 2497 ὲν
917 2447 1028 2506 τοῖς
1070 2443 1247 2510 ἁγίοις
1286 2442 1448 2496 αὑτοῦ
1480 2483 1494 2507 ,
1541 2442 1634 2495 καὶ
1683 2442 1740 2494 ὲν

1910 2446 2151 2502 Laudate
2180 2447 2349 2503 Deum
2383 2450 2436 2503 in
2468 2451 2678 2505 sanctis
2710 2450 2853 2519 ejus,
2883 2458 2939 2504 et
2964 2448 3018 2502 in
3046 2458 3249 2503 sanctis
3278 2464 3414 2519 prae.-

144 2541 273 2600 τοῖς
297 2537 475 2604 ἁγίοις
506 2538 925 2609 προστάγμασιν
958 2535 1145 2587 αὐτοῦ.

564 2538 925 2607 >οστάγμασιν
958 2535 1145 2587 αὑτοῦ.
1842 2542 2015 2610 ceptis
2041 2541 2181 2610 ejus.

224 2630 285 2683 Ξ.
313 2631 521 2682 Αἰνεῖτε
538 2630 698 2682 αὑτὸν
717 2630 774 2682 ἐν
792 2626 1129 2699 στερεώματι
1144 2626 1241 2695 τῆς
1256 2626 1531 2697 δυνάμεως
1554 2623 1739 2677 αὑτοῦ.

1657 2623 1739 2677 ῡῦ-
1911 2633 1967 2687 2.
2007 2632 2248 2687 Laudato
2274 2648 2401 2686 eum
2429 2633 2481 2687 in
2507 2633 2858 2687 ﬁrmamento
2888 2633 3106 2689 virtutis
3132 2633 3272 2702 ejus.

245 2724 337 2774 Ἐν
366 2725 430 2793 τῇ
466 2722 646 2775 πίστει
688 2722 786 2793 τῆς
810 2721 1030 2793 χάριτος
1060 2717 1247 2772 αὑτοῦ.

998 2737 1030 2783 ις
1060 2717 1247 2772 αὑτοῦ.
1913 2723 1970 2778 ln
2012 2726 2116 2779 lide
2150 2725 2443 2780 cbaritatis
2475 2727 2615 2795 ejus.

226 2814 286 2868 3.
320 2816 526 2867 Αἰνεῖτε
555 2814 714 2866 αὑτὸν
745 2815 836 2866 ἐπὶ
862 2816 981 2875 ταῖς
1007 2810 1344 2871 δυναστείαις
1370 2808 1534 2861 αὑτοῦ
1555 2822 1571 2838 ·

1415 2808 1534 2861 ὕτοῦ
1555 2822 1571 2838 ⁸
1914 2821 1968 2877 5.
2007 2821 2251 2875 Laudate
2280 2837 2408 2875 eum
2456 2822 2511 2875 in
2545 2821 2839 2876 virtutibus
2869 2820 2992 2890 ejus
3020 2840 3032 2875 :

247 2906 340 2958 Ἐν
364 2908 478 2970 τοῖς
504 2906 819 2976 παθήμασιν
842 2904 1029 2959 αὐτοῦ.

921 2904 1029 2957 τοῦ.
1915 2914 1973 2967 1η
2011 2913 2364 2983 passionibus
2399 2914 2538 2982 ejus.

232 2998 290 3052 4.
324 3000 529 3051 Αἰνεῖτε
551 2999 710 3053 αὑτὸν
734 2999 875 3051 κατὰ
907 2997 966 3048 τὸ
998 2995 1200 3065 πλῆθος
1232 2994 1331 3065 τῆς
1362 2993 1747 3065 μεγαλωσύνης

1914 3003 1969 3057 4.
2010 3002 2255 3058 Laudato
2287 3018 2415 3058 eum
2452 3003 2752 3059 secundum
2783 3002 3186 3058 multitudinem
3214 3004 3420 3074 magni.

148 3090 357 3144 αὑτοῦ.

1848 3093 2053 3149 tudinis
2075 3093 2215 3163 ejus.

236 3180 437 3244 Καθὼς
468 3180 723 3251 ἀνίκητος
746 3180 1011 3251 ὑπάρχεις
1045 3178 1146 3248 (α).

941 3196 1011 3243 εις
1045 3178 1146 3248 (α).
1918 3186 2055 3241 Cum
2098 3184 2435 3241 invincibilis
2470 3185 2558 3240 sit.

238 3276 294 3329 5.
321 3275 529 3326 Αἰνεῖτε
556 3272 712 3325 αὑτὸν
739 3273 795 3323 ἐν
820 3272 936 3341 ἤχῳ
973 3272 1271 3341 σάλπιγγος
1291 3288 1305 3300 ·

1291 3288 1305 3300 ⁸
1920 3280 1973 3334 5.
2014 3277 2257 3333 Laudato
2285 3292 2411 3331 eum
2441 3277 2494 3329 in
2534 3290 2669 3330 sono
2705 3274 2890 3328 tubae:

252 3367 343 3418 Ἐν
373 3364 450 3435 τῷ
471 3367 783 3435 κηρύγματι
806 3362 993 3417 αὑτοῦ.
1773 3352 1816 3408 C

963 3362 993 3415 ἱ.
1773 3352 1816 3408 ο
1917 3368 1976 3424 In
2022 3368 2409 3439 praedicatione
2440 3367 2580 3435 ejus.

238 3458 294 3512 6.
322 3459 530 3510 Αἰνεῖτε
558 3456 718 3508 αὑτὸν
748 3457 805 3506 ὲν
832 3454 1119 3524 ψαλτηρίῳ
1155 3452 1247 3505 καὶ
1279 3448 1499 3518 κιθάρᾳ.

1916 3458 1969 3512 6.
2012 3456 2256 3512 Laudato
2283 3471 2409 3511 eum
2451 3455 2505 3509 in
2541 3453 2804 3524 psalterio
2830 3460 2883 3507 et
2909 3450 3140 3505 cithara-

253 3547 347 3600 Ἐν
376 3550 444 3616 τῇ
471 3547 651 3616 χάριτι
674 3543 765 3597 τοῦ
791 3542 928 3595 Πνεύ
939 3559 1101 3610 ματος
1132 3539 1224 3592 τοῦ
1252 3539 1407 3607 ἁγίου
1451 3534 1747 3607 ἁνυμνοῦν-

1920 3549 1975 3604 ln
2000 3550 2177 3619 gratia
2208 3549 2448 3618 Spiritus
2480 3546 2657 3601 sancti
2697 3545 2980 3599 laudantes
3008 3558 3133 3597 eum
3160 3542 3217 3596 in
3241 3541 3427 3607 corde,

157 3656 264 3703 τες
313 3638 473 3691 αὐτὸν
526 3639 581 3689 ὲν
614 3637 680 3704 τῇ
720 3633 936 3705 καρδία,
974 3632 1068 3685 καὶ
1116 3634 1182 3701 τῇ
1228 3629 1467 3700 γλώσσῃ,
1515 3628 1748 3689 καὶτοῖς

1032 3632 1068 3684 “-
1116 3634 1182 3701 τῇ
1228 3629 1467 3700 γλώσσῃ»
1515 3628 1608 3678 καὶ
1639 3629 1748 3689 τοῖς
1850 3653 1901 3699 ct
1927 3645 2139 3714 lingua,
2164 3652 2213 3697 ot
2247 3642 2409 3697 labiis
2434 3640 2649 3697 vestris.

160 3751 233 3806 χε
244 3733 321 3785 ίλε
329 3748 409 3783 σιν
443 3731 471 3781 ὑ
482 3729 614 3799 μῶν.

244 3826 300 3877 7.
332 3825 536 3875 Αἰνεῖτε
567 3820 726 3874 αὑτὸν
754 3821 811 3870 ὲν
837 3816 1103 3886 τυμπάνῳ
1136 3815 1227 3866 καὶ
1266 3814 1438 3883 χόρι;›’

1926 3825 1976 3881 7.
2018 3823 2259 3877 Laudato
2291 3835 2413 3873 eum
2439 3820 2494 3872 in
2529 3828 2788 3889 tympano
2813 3826 2866 3871 et
2896 3815 3065 3870 choro
3100 3831 3113 3868 :

246 3914 327 3984 Τῇ
362 3910 623 3981 νεκρώσει
659 3908 857 3969 παντὸς
890 3905 984 3958 τοῦ
1025 3905 1273 3975 σώματος
1305 3902 1460 3972 ὑμῶν
1514 3901 1751 3969 dwarf;-

1925 3913 2342 3969 Mortiﬁcatione
2366 3912 2534 3965 totius
2560 3911 2809 3981 corporis
2835 3907 3003 3963 vestri
3034 3903 3255 3960 laudate
3280 3919 3426 3958 eum.

168 4020 312 4058 σατε
350 4001 527 4053 αὐτόν.

250 4095 306 4148 8.
335 4093 538 4144 Αἰνεῖτε
566 4089 725 4142 αὐτὸν
752 4089 809 4139 ὲν
840 4086 1055 4157 χορδαῖς
1078 4084 1172 4137 καὶ
1206 4082 1441 4153 ὀργάνῳ.

1924 4090 1977 4142 8.
2021 4088 2264 4143 Laudato
2297 4102 2421 4142 eum
2456 4087 2507 4140 in
2537 4084 2757 4140 chordis
2797 4091 2851 4137 et
2883 4096 3110 4151 organo.

250 4183 475 4254 Χορδαὶ,
523 4178 849 4250 λογίζομαι,
886 4178 1053 4247 νεῖ)ρὰ
1101 4178 1237 4241 ἐστι,
1290 4174 1410 4225 καθ’
1438 4171 1607 4226 ἑαυτὰ
1658 4170 1756 4241 μὲν

1923 4182 2173 4245 Chordm,
2203 4192 2261 4235 ut
2295 4189 2448 4251 puto,
2490 4177 2643 4231 nervi
2676 4184 2803 4231 sunt
2836 4177 2889 4229 in
2940 4190 2998 4229 se
3047 4173 3181 4244 ipsis
3210 4169 3428 4242 quidem

170 4275 358 4347 νεκρὰ
412 4275 557 4336 ὄντα,
623 4274 717 4325 καὶ
758 4269 1123 4339 ἁποδεδεμένα
1171 4270 1226 4319 ὲν
1285 4266 1423 4333 ξύλῳ
1486 4265 1625 4317 τινί’
1676 4281 1759 4315 κι-

1860 4273 2081 4337 mortui,
2128 4282 2183 4327 et
2211 4271 2443 4341 colligati
2490 4272 2543 4321 in
2584 4268 2823 4338 quodam
2871 4265 3043 4337 ligno,
3075 4264 3206 4318 moti
3249 4270 3428 4316 autem

171 4370 422 4442 νούμενα
453 4369 507 4420 δὲ
534 4366 638 4418 ὑπό
668 4382 810 4426 τινος
846 4363 953 4416 τῶν
1000 4360 1276 4432 τεχνιτῶν,
1332 4357 1513 4428 φωνὴν
1564 4358 1759 4409 ἀποτε-

1860 4368 1925 4419 ah
1956 4366 2139 4433 aliquo
2170 4361 2347 4432 perito
2377 4359 2589 4413 artiﬁce
2611 4374 2800 4413 vocem
2840 4357 3098 4411 eﬂiciunt.
3156 4350 3428 4423 Organum

175 4463 371 4515 λοῦσιν
391 4478 403 4489 ⁸
438 4460 663 4530 ὄργανον
692 4456 748 4507 δὲ
779 4456 929 4508 αὑλοί
954 4451 1298 4521 συγκείμενοί
1327 4452 1451 4512 εἰσι,
1477 4449 1571 4501 καὶ
1599 4445 1761 4515 ἀλλή-

1861 4463 2041 4510 autem
2079 4454 2272 4508 ﬁstulae
2314 4460 2612 4520 compacta:
2660 4458 2808 4511 sunt,
2844 4456 2898 4501 et
2937 4446 3167 4501 invicem
3216 4445 3431 4498 hanno-

175 4554 298 4613 λοις
326 4549 641 4622 μεταδίδωσι
674 4547 734 4599 τὸ
788 4546 949 4616 μέλος
979 4543 1322 4614 ἐμπνεόμενα
1352 4541 1454 4592 ὑπὸ
1483 4537 1578 4591 τοῦ
1609 4535 1761 4587 πνεύ-

1864 4551 2008 4602 niam
2040 4546 2294 4601 emittunt
2328 4545 2523 4613 spiritu
2556 4541 2771 4603 inﬂatm,
2806 4555 2930 4593 cum
2962 4538 3181 4597 habent,
3225 4536 3315 4605 qui
3338 4549 3431 4587 eas

182 4661 382 4717 ματος,
417 4642 575 4712 ἡνίκα
607 4641 786 4709 ἔχουσι
824 4640 948 4701 τοὺς
979 4637 1112 4706 πρὸς
1143 4634 1299 4686 τοῦτο
1322 4633 1515 4695 αὐτοὺς
1550 4628 1760 4682 κινοῦν-
1794 4698 1799 4717 1

1814 4699 1835 4717 ἱ
1866 4642 1932 4695 ad
1964 4641 2013 4693 id
2066 4647 2339 4692 moveant.
2378 4635 2617 4689 Laudato
2665 4633 2829 4701 igitur
2877 4646 2999 4685 eum
3047 4630 3099 4682 in
3150 4625 3431 4697 prmceptis

179 4757 307 4808 τᾳς.
342 4737 546 4789 Αἰνεῖτε
579 4730 670 4786 οὖν
701 4732 860 4785 αὐτὸν
890 4734 947 4785 ἐν
972 4733 1089 4791 ταῖς
1117 4726 1349 4789 ἐντολαῖς
1373 4728 1490 4787 ταῖς
1518 4723 1759 4784 λεπταῖς,
1794 4745 1796 4751 ι

1814 4699 2160 4787 )ευι›ιὶ1ἰὶ›υε
2188 4770 2201 4789 ,
2262 4736 2317 4781 et
2360 4726 2575 4787 validis,
2636 4698 2709 4777 et_
2750 4721 2975 4793 illigans
3028 4714 3431 4773 mou-tilicationi

180 4831 287 4885 καὶ
321 4830 583 4898 ἰσχυραῖς,
608 4826 700 4878 καὶ
720 4828 838 4888 ταῖς
861 4820 1274 4889 ἁποδεδεμέναις
1295 4821 1358 4887 τῇ
1380 4814 1640 4887 νεκρώσει
1667 4811 1760 4864 τοῦ

1868 4818 2133 4890 corporis,
2162 4826 2215 4871 et
2258 4817 2313 4870 in
2356 4817 2641 4877 charitate,
2689 4828 2810 4881 qua:
2862 4809 3090 4863 ellicitur
3136 4821 3164 4859 a
3226 4802 3432 4875 Spiritu

185 4896 467 4991 σώματος,
499 4920 589 4973 καὶ
614 4920 669 4970 ὲν
703 4921 767 4988 τῇ
806 4916 994 4987 ἀγάπῃ
1028 4916 1092 4983 τῇ
1128 4910 1497 4982 ἐνεργουμένη
1534 4907 1637 4961 ὑπὸ
1666 4905 1760 4959 τοῦ

1870 4922 2075 4975 sancto,
2108 4919 2161 4964 et
2195 4909 2388 4963 tradita
2418 4923 2483 4960 ex
2519 4906 2622 4959 hoc
2656 4906 2709 4957 in
2736 4902 2886 4960 illud.
2917 4910 2971 4954 et
3001 4899 3230 4967 implens
3252 4896 3430 4950 omnia

183 5007 509 5075 Πνεύματος
538 5005 630 5057 τοῦ
673 5004 828 5072 ἁγίου
856 5047 867 5065 ,
904 5004 997 5057 καὶ
1033 5001 1382 5072 μεταδιδοῦσα
1432 4997 1538 5050 ἀπὸ
1571 4994 1760 5047 τούτου

1870 5004 2030 5059 simul
2061 5010 2346 5072 praecepta,
2368 5008 2421 5053 ct
2445 4998 2511 5051 ab
2534 4996 2792 5050 omnibJs
2825 4993 3029 5055 audita,
3056 4992 3101 5044 si
3124 4989 3287 5052 adsit,
3315 4987 3430 5042 vel-

186 5104 274 5163 εἰς
301 5098 459 5152 τοῦτο
482 5137 498 5162 ,
530 5098 624 5151 καὶ
659 5094 940 5167 πληροῦσα
982 5095 1161 5155 πάσας
1210 5090 1344 5161 ὁμοῦ
1380 5088 1475 5152 τὰς
1527 5086 1766 5152 ὲντολὰς,
1874 5108 1932 5152 ul
1965 5096 2155 5165 m-gani
2188 5108 2314 5151 vox,

186 5193 291 5247 καὶ
318 5193 483 5245 πᾶσιν
507 5189 833 5260 ἀκουομένη,
864 5190 911 5241 εἰ
936 5185 1297 5257 διατυγχὰνει,
1328 5182 1458 5235 ὡσεί
1480 5180 1572 5235 τοῦ
1606 5178 1767 5251 ὀργά-

185 5301 288 5339 νου
324 5300 473 5339 φωνη
485 5323 497 5334 .

267 5308 288 5337 δ
365 5300 439 5336 ων
485 5323 497 5334 .

267 5299 557 5431 9.φΑἰνὲῖτε
592 5372 752 5426 αὐτὸν
785 5374 841 5424 ὲν
877 5369 1173 5441 κυμϐάλοις
1202 5367 1418 5436 εὑήχοις
1439 5381 1451 5393 ο

1942 5356 1994 5411 9.
2038 5352 2281 5406 Laudato
2310 5366 2433 5404 eum
2467 5350 2519 5402 in
2553 5345 2814 5417 cymbalis
2844 5344 2978 5396 bene
3002 5340 3321 5396 sonantibus
3347 5353 3361 5391 :

274 5466 595 5537 Ἃνυμνεῖτε
618 5465 777 5518 αὐτὸν
796 5467 851 5515 ὲν
866 5466 976 5525 τοῖς
994 5462 1193 5532 χείλεσι
1212 5458 1303 5510 τοῦ
1326 5456 1570 5526 σώματος
1592 5450 1765 5523 ὑμῶν.

1503 5472 1570 5517 τος
1592 5450 1765 5523 ὑμῶν.
1946 5443 2188 5499 Laudato
2218 5456 2341 5495 eum
2373 5441 2427 5493 in
2468 5438 2629 5491 labiis
2659 5433 2907 5502 corporis
2935 5440 3120 5488 vestri.

1948 5534 2035 5591 10.
2077 5531 2317 5587 Laudato
2356 5544 2477 5583 enm
2528 5529 2580 5581 in
2610 5524 2870 5597 cymbalis
2897 5518 3258 5594 jubilationis.

272 5560 363 5613 10.
389 5559 598 5610 Αἰνεῖτε
624 5557 783 5609 αὑτὸν
814 5556 869 5606 ὲν
893 5552 1188 5623 κυμϐάλοις
1213 5549 1546 5618 ἀλαλαγμοῦ.

1946 5630 2011 5685 Et
2036 5628 2091 5683 in
2128 5625 2416 5698 gemitibus
2446 5619 2897 5675 inenarrabilibus
2934 5620 3129 5671 mentis
3155 5621 3366 5668 rectm).

273 5649 386 5705 Καὶ
414 5651 471 5701 ἐν
500 5649 821 5717 στεναγμοῖς
851 5646 1135 5716 ἀλαλήτοις
1158 5642 1254 5713 τῆς
1280 5640 1509 5702 διανοίας
1537 5637 1709 5709 ὑμῶν.

279 5807 357 5882 (ιι)
394 5806 522 5877 ch.
560 5806 811 5877 ὑπάρχει.
