4052 6332
682 367 818 423 ιδιδ

753 486 837 544 il.
876 483 1064 540 Omnis
1097 482 1318 550 spiritus
1355 481 1537 533 laudet
1563 478 1873 532 Dominum.

1530 359 1586 413 s.
1629 357 2000 412 ATIIANASII
2034 356 2180 412 opp.
2225 356 2403 411 PARS
2435 354 2519 411 Ill.
2557 386 2624 394 —
2664 336 3065 410 ducenas.

3783 363 3898 417 ιω

2417 480 2501 531 Η.
2539 479 2690 530 Πᾶσα
2719 480 2852 547 πνοὴ
2887 480 3154 530 αἰνεσάτῶ
3173 473 3266 530 τὸν
3289 478 3507 552 Κυριον.

1797 609 2169 664 ATllANASll
2214 609 2794 664 INTERPRETATIO.

759 730 836 781 ll.
875 724 1066 782 Omnis
1100 726 1323 794 spiritus
1367 713 1892 778 laudet'Dominum.

749 817 968 872 Psallite
1000 818 1216 886 spiritu,
1251 815 1461 885 psallite
1503 825 1556 868 et
1584 824 1785 875 mente,
1823 814 1924 868 hoc
1971 823 2052 868 est
2077 813 2244 884 glori-

682 910 836 964 ticatc
864 908 1028 962 Deum
1068 916 1119 961 et
1145 907 1325 960 anima
1353 916 1406 959 et
1435 921 1665 975 corpore
1695 913 1894 958 vestro.

2420 725 2504 777 ll.
2541 725 2696 778 Πᾶσα
2729 727 2861 796 πνοὴ
2893 726 3157 779 αἰνεσάτω
3178 727 3269 779 τὸν
3301 727 3528 799 Κύριον.

2413 815 2633 868 Ψάλατε
2686 816 2762 886 τῷ
2810 817 3073 886 πνεύματι
3101 857 3115 880 ,
3152 818 3353 887 ψάλατε
3382 821 3492 888 καὶ⁴
3517 819 3600 888 τῷ
3634 819 3742 880 νοῒ,
3772 837 3908 873 τουτ-

2348 905 2480 968 έστι,
2514 903 2766 970 δοξάσατε
2798 905 2861 976 δὴ
2910 907 2998 959 τὸν
3028 907 3159 960 Θεὸν
3183 909 3275 960 καὶ
3302 911 3365 978 τῇ
3396 909 3544 979 ψυχῇ
3581 910 3682 962 καὶ
3717 909 3796 979 τῷ

2349 1012 2475 1064 ματι
2501 1015 2529 1046 υ
2538 1013 2671 1064 μων.

1579 1348 1659 1407 ΙΝ
1705 1349 2126 1408 EXCERPTA
2176 1347 2252 1406 ΙΝ
2317 1347 2460 1406 JOB
2513 1346 2978 1407 ADMONITIO

756 1539 1031 1592 Athanasii
1053 1539 1348 1607 fragmenta
1376 1536 1554 1600 ist/rrec
1591 1550 1655 1587 ea:
1701 1533 1906 1588 Nicetaz
1961 1533 2285 1588 Heracleam:
2326 1549 2506 1590 catena
2563 1537 2840 1602 desumpta
2888 1535 3144 1589 habentur
3193 1540 3246 1589 in
3275 1539 3420 1606 prius
3452 1539 3633 1592 editis.
3682 1537 3911 1606 Sede

686 1635 921 1687 auctiora
949 1642 997 1686 et
1024 1633 1380 1686 emendutiora
1423 1633 1680 1700 prodeunt
1728 1646 1790 1682 ea:
1833 1631 2004 1683 codice
2050 1630 2206 1699 [legio
2251 1631 2409 1685 2454.
2452 1630 2584 1686 Sunt
2628 1642 2802 1684 autem
2831 1642 3072 1699 excerpta
3093 1641 3142 1684 et
3166 1647 3406 1698 expressa
3436 1648 3499 1684 ex
3531 1632 3703 1684 variis
3753 1631 3908 1684 Atha-

686 1727 822 1779 nasii
865 1741 1074 1795 operum
1103 1726 1251 1789 locis,
1286 1725 1374 1778 sed
1409 1741 1510 1776 non
1541 1725 1725 1776 iisdem
1753 1723 1938 1776 verbis.
1987 1720 2107 1774 Non
2147 1725 2282 1776 enim
2321 1725 2487 1792 fertur
2516 1724 2840 1778 Athanasius
2870 1727 3245 1778 commentaria
3274 1726 3328 1777 in
3367 1723 3561 1777 Jobum
3582 1724 3838 1779 edidisse.

754 2037 1054 2092 Athanasii.
1109 2035 1263 2102 Quod
1305 2047 1482 2090 autem
1530 2035 1810 2104 Scriptura
1851 2037 1995 2092 dicat
2032 2058 2044 2092 :
2079 2039 2236 2094 Facti

687 2139 802 2182 sunt
855 2131 901 2181 ei
950 2139 1138 2194 septem
1180 2129 1280 2196 ﬁlii
1320 2129 1386 2188 ⁸⁷,
1445 2128 1496 2180 id
1556 2129 1713 2181 nobis
1777 2129 2036 2186 adversus
2081 2133 2239 2185 Ario-

687 2221 913 2273 manilas
975 2219 1075 2272 fert
1138 2235 1290 2287 opem
1340 2237 1352 2272 :
1401 2220 1490 2288 qui
1545 2219 1700 2288 quasi
1753 2236 1976 2289 magnas
2021 2224 2239 2277 haeresis

687 2327 794 2367 Sua:
838 2313 1110 2380 suppetias
1159 2312 1287 2363 illud
1339 2321 1624 2380 usurpant,
1666 2314 1807 2380 quod
1867 2314 1933 2366 ab
1981 2314 2241 2382 Apostolo

687 2405 746 2458 de
801 2402 1086 2471 Unigenito
1128 2402 1329 2454 dictum
1395 2412 1477 2453 est
1529 2419 1541 2454 :
1589 2400 1824 2454 Fidelem
1874 2403 1920 2455 ei
1976 2406 2066 2474 qui
2123 2406 2243 2473 fecit

687 2496 853 2563 ipsum
871 2494 914 2524 "
943 2512 954 2546 :
989 2503 1150 2560 atque
1177 2493 1371 2546 acriter
1392 2494 1740 2560 contendunt,
1772 2493 1965 2548 Filium
2002 2496 2095 2550 Dei
2126 2514 2244 2552 rem

687 2596 802 2635 esse
848 2579 1062 2634 factam.
1097 2582 1166 2633 At
1211 2581 1517 2649 hujusmodi
1552 2581 1784 2635 fulcrum
1817 2588 1972 2651 quasi
2003 2587 2245 2640 calamus

688 2673 949 2726 enutritus
975 2683 1057 2726 est
1085 2673 1237 2740 ipsis.
1286 2672 1514 2737 Quando
1541 2689 1774 2742 namque
1807 2675 2110 2730 substantia
2164 2688 2247 2731 est

687 2764 809 2832 quid
852 2765 1049 2816 factum
1100 2774 1190 2816 aut
1233 2774 1493 2829 creatum,
1541 2773 1670 2819 tunc
1721 2766 1888 2829 illud,
1938 2770 2157 2830 creavit,
2191 2779 2244 2823 et

687 2854 827 2920 fecit,
873 2853 1090 2922 proprie
1116 2853 1180 2907 de
1212 2853 1278 2906 iis
1327 2856 1487 2908 rebus
1519 2857 1790 2919 dicuntur,
1838 2867 1890 2911 et
1938 2859 2246 2924 signiﬁcant

687 2962 796 2999 rem
825 2944 1040 2999 factam.
1078 2946 1212 2999 Cum
1270 2958 1450 3000 autem
1505 2949 1807 3001 substantia
1855 2950 2033 3018 proles
2081 2959 2163 3004 est
2193 2963 2244 3006 et

686 3036 848 3099 illius,
884 3045 1012 3090 tunc
1056 3037 1208 3098 illud,
1257 3037 1401 3105 fecit,
1451 3049 1503 3092 et
1543 3039 1739 3106 factum
1774 3053 1882 3105 est,
1932 3052 1985 3094 et
2031 3044 2242 3109 creavit,

687 3145 791 3180 non
825 3128 1039 3195 proprie
1075 3137 1426 3194 usurpantur,
1462 3143 1634 3196 neque
1671 3144 1782 3181 rem
1835 3129 2033 3183 factam
2079 3132 2243 3201 signi-

687 3218 868 3280 ﬁcant,
898 3217 989 3270 sed
1028 3231 1124 3285 pro
1154 3218 1239 3270 illa
1267 3232 1417 3276 voce.
1456 3219 1654 3286 genuit,
1689 3219 1811 3284 ista,
1846 3221 1988 3288 fecit,
2036 3221 2245 3276 indiﬂ‘e-

687 3318 868 3361 rentcr
920 3308 1043 3376 quis
1081 3309 1270 3360 utitur.
1312 3307 1495 3375 Itaque
1539 3324 1657 3362 sese
1706 3311 1886 3362 Ariani
1938 3310 2241 3364 damnaturi

687 3407 834 3460 sunt,
871 3397 917 3452 si
969 3397 1263 3460 Scriptura:
1325 3414 1492 3453 sacra:
1541 3401 1922 3468 proprietatem
1979 3402 2240 3457 ediscant.

686 3488 822 3541 Nam
854 3488 897 3541 si
936 3487 1126 3552 factos,
1169 3489 1363 3551 editos,
1397 3499 1626 3552 creatos,
1658 3507 1685 3542 a
1717 3509 1774 3544 se
1804 3494 2014 3561 genitos
2045 3495 2242 3548 liberos

688 3587 936 3647 parentes
962 3581 1162 3642 dicant,
1199 3596 1305 3632 non
1345 3592 1522 3634 tamen
1554 3593 1798 3635 naturam
1834 3584 1909 3636 illi
1956 3585 2242 3654 abnegauit.

689 3667 949 3726 Ezechias
993 3671 1170 3740 igitur.
1211 3681 1268 3726 ut
1315 3673 1366 3726 in
1403 3674 1534 3727 Isaia
1585 3674 1845 3744 scriptum
1891 3685 1994 3742 est,
2038 3678 2242 3732 orando

687 3763 926 3816 dicebat:
950 3762 1025 3815 Ex
1050 3763 1150 3818 hoc
1176 3765 1264 3819 die
1293 3766 1430 3819 tilios
1453 3767 1667 3832 iaciam,
1689 3783 1840 3834 voce,
1867 3769 2084 3838 facium,
2117 3787 2247 3824 usus

688 3868 788 3923 pro
828 3869 976 3918 voce,
1013 3855 1241 3923 gignam,
1295 3856 1424 3908 dum
1461 3857 1528 3910 de
1566 3857 1633 3909 iis
1679 3859 1771 3926 qui
1825 3874 1853 3911 a
1906 3875 1963 3912 se
1997 3861 2248 3930 gignendi

689 3953 843 3999 erant
876 3946 1202 4014 loqueretur.
1238 3945 1424 4016 Neque
1465 3947 1642 4001 dili‘ert
1675 3950 1968 4003 ullatenus.

760 4128 825 4179 Et
869 4127 957 4179 hie
987 4126 1052 4180 de
1103 4123 1203 4179 Job
1234 4126 1440 4179 dictum
1492 4135 1624 4179 est:
1666 4124 1823 4178 Facti
1878 4137 2000 4179 sunt
2054 4128 2100 4179 ei
2149 4126 2248 4195 ﬁlii

690 4229 880 4284 septem
893 4219 958 4270 ".
978 4216 1576 4281 Quemadmadmodum
1601 4228 1652 4271 et
1677 4216 1886 4287 Moyses
1911 4218 1961 4270 in
1990 4219 2102 4289 lege
2131 4221 2206 4272 ait
2233 4238 2246 4272 :

693 4308 748 4361 Si
778 4307 902 4361 facti
938 4305 1154 4360 iuerint.

761 4397 1005 4451 Primum
1053 4397 1426 4466 qumrendum,
1472 4413 1539 4449 an
1596 4395 1737 4450 ﬁlius
1787 4406 1889 4451 est.
1950 4396 2062 4450 Hoc
2105 4399 2247 4451 enim

694 4499 1139 4554 commonstrato,
1196 4490 1336 4543 cadit
1389 4490 1476 4542 illa
1524 4490 1589 4543 de
1639 4505 1694 4542 re
1750 4490 1887 4544 facta
1939 4491 2018 4544 vel
2068 4499 2246 4545 creata

693 4580 930 4651 suspicio
965 4599 979 4634 :
1013 4581 1373 4649 omnibusque
1415 4581 1761 4648 perspicuum
1813 4591 1909 4645 est,
1961 4581 2247 4635 dictionem

696 4690 817 4742 qure
861 4674 938 4727 sic
969 4673 1156 4736 habet,
1210 4674 1299 4741 qui
1349 4673 1470 4736 fecit
1501 4689 1640 4738 eum,
1677 4673 1877 4726 nullam
1928 4688 2118 4725 eorum
2149 4673 2251 4726 hae-

694 4768 798 4819 resi
850 4767 1129 4820 utilitatem
1175 4764 1388 4827 all‘erre,
1441 4767 1549 4818 imo
1598 4765 1775 4834 potius
1824 4765 2246 4818 damnationem.

695 4855 984 4911 Ostcnsum
1023 4858 1164 4910 enim
1201 4855 1320 4918 fuit,
1359 4871 1563 4919 vocem,
1611 4860 1782 4922 [actus
1818 4866 1913 4920 est,
1941 4857 2103 4910 etiam
2155 4868 2250 4923 pro

696 4950 967 5020 germanis
993 4958 1046 5002 et
1088 4949 1428 5002 naturalibus
1472 4948 1596 5002 tiliis
1632 4949 1685 5001 in
1731 4949 1914 5001 divina
1969 4947 2248 5017 Scriptura

2412 2037 2834 2096 ’AGANAZIOY.
2872 2036 2942 2090 Τό
2971 2054 3032 2104 γε
3056 2037 3130 2108 (1)
3163 2038 3269 2110 μὴν
3294 2038 3468 2105 λέγειν
3510 2039 3609 2106 τὴν
3640 2039 3902 2108 rgum.-

2356 2135 2654 2205 Ἐγένοντο
2677 2130 2744 2184 δὲ
2772 2129 2928 2194 αὐτῷ
2945 2130 3091 2182 ἑπτὰ
3114 2131 3248 2196 υἱοὶ,
3275 2132 3367 2184 καὶ
3389 2131 3524 2200 πρὸς
3545 2132 3674 2192 τοὺς
3718 2133 3915 2201 ’Δρειοο

2348 2228 2571 2295 μανίτας
2602 2227 2728 2294 ἡμῖν
2763 2221 3132 2292 συμϐαλεῖταγ
3164 2222 3212 2275 οἳ
3249 2223 3322 2286 ὡς
3356 2224 3493 2292 μέγα
3534 2221 3797 2291 βοήθημα
3823 2225 3914 2292 τῆς

2344 2319 2602 2389 αἱρέσεως
2629 2314 2807 2369 αὐτῶν
2855 2314 3141 2382 κατέχουσι
3179 2313 3238 2365 τὺ
3285 2314 3413 2384 περὶ
3451 2313 3543 2366 τοῦ
3577 2314 3915 2381 Μονογενοῦς

2347 2409 2498 2479 παρᾶ
2528 2407 2620 2460 τοῦ
2656 2404 2973 2459 ’Λποστόλου
3006 2404 3326 2473 λεγόμενον·
3379 2403 3605 2456 maror
3649 2403 3806 2456 ὄντα
3845 2403 3918 2466 τῷ

2346 2501 2663 2566 ποιήσαντι
2712 2497 2926 2548 αὐτῶν
2975 2495 3067 2546 καὶ
3123 2494 3479 2562 φιλονεικοῦσι
3526 2495 3746 2565 ποίημα
3786 2491 3917 2548 εἶναι

2345 2589 2434 2640 τὸν
2460 2588 2554 2639 τοῦ
2580 2585 2711 2638 Θεοῦ
2740 2585 2885 2638 Υἱόν.
2925 2585 3079 2636 Ἐστι
3129 2584 3186 2636 δὲ
3221 2584 3399 2646 αὐτοῖς
3445 2585 3686 2653 κάλαμος
3733 2586 3918 2637 τεθλα-

2347 2677 2538 2746 σμένος
2590 2676 2744 2728 τοῦτο
2801 2678 2856 2726 τὸ
2886 2674 3133 2744 ἔρεισμα.
3184 2673 3350 2725 Ὅταν
3405 2673 3500 2742 μὲν
3554 2674 3664 2743 γὰρ
3697 2675 3735 2743 ἡ
3771 2675 3918 2726 οὐσία

2346 2769 2554 2838 ποίημα
2582 2764 2729 2841 ᾗκαὶ
2758 2767 2980 2837 κτίσμα,
3018 2763 3314 2835 τηνικαῦτα
3354 2765 3412 2816 τὸ
3439 2804 3454 2826 ,
3494 2765 3777 2830 ἐποίησε,
3833 2768 3918 2817 καὶ

2343 2864 2422 2924 τὸ,
2453 2858 2902 2928 ἓκτισε,“κυρίως
2935 2856 3026 2909 ἐπὶ
3057 2857 3232 2909 αὐτῶν
3261 2857 3495 2925 λέγεται,
3530 2859 3625 2910 καὶ
3651 2859 3918 2928 σημαίνει

2342 2953 2403 3004 τὸ
2432 2951 2657 3020 ποίημα·
2689 2950 2812 3001 ὅταν
2833 2948 2890 3000 δὲ
2918 2949 2950 3017 ἠ
2974 2948 3128 3000 οὐσία
3145 2947 3389 3016 γέννημα
3473 2951 3566 3000 καὶ
3591 2949 3734 3012 υίὸς,
3764 2950 3826 3000 τό
3845 2965 3920 3010 τε,

2342 3044 2608 3109 ἐποίησε,
2643 3041 2734 3093 καὶ
2764 3041 2845 3103 τὸ,
2875 3040 3132 3108 ἐγένετο,
3163 3042 3255 3093 καὶ
3283 3040 3362 3100 τὸ,
3398 3040 3657 3098 ἔκτισεν,
3687 3040 3798 3090 οὐκ
3846 3041 3920 3090 ἔτι

2346 3132 2543 3201 κυρίως
2572 3130 2656 3182 ἐπ’
2697 3127 2856 3180 αὐτοῦ
2887 3133 3080 3192 κεῖται,
3109 3130 3227 3182 οὐδὲ
3258 3130 3464 3199 ποίημα
3504 3128 3921 3198 σημαίνει,ἁ.λλ”

2345 3223 2462 3274 ἀντὶ
2494 3222 2585 3273 τοῦ
2609 3220 2900 3289 ἐγέννησε
2956 3220 3034 3290 τῷ
3063 3222 3345 3287 ἐποίησεν
3368 3221 3671 3290 ἀδιαφόρως
3702 3238 3794 3283 τις
3829 3222 3916 3273 κέ·

2346 3329 2541 3383 χρηται
2589 3313 2809 3380 ῥήματι.
2879 3311 3038 3362 Ὥστε
3093 3308 3526 3376 καταγνώσονται
3585 3311 3807 3362 ἑαυτῶν
3867 3315 3911 3363 οξ

2359 3403 2638 3474 Ἀρειανοὶ,
2670 3404 2717 3464 εἰ
2744 3400 2961 3472 μάθοιεν
2983 3401 3041 3452 τὸ
3061 3400 3160 3468 τῆς
3193 3399 3409 3469 Γραφῆς
3433 3399 3657 3469 ἰδίωμα
3690 3403 3796 3453 καὶ
3821 3404 3920 3471 γὰρ

2345 3497 2392 3546 εἰ
2432 3493 2796 3562 ποιουμένους,
2820 3492 2912 3545 καὶ
2939 3491 3269 3560 γινομένους,
3293 3493 3385 3543 καὶ
3413 3490 3771 3560 κτιζομένους
3801 3496 3921 3554 τοὺς

2346 3586 2404 3648 ἐξ
2455 3584 2631 3637 αὐτῶν
2664 3583 2961 3653 φυομένους
3009 3581 3216 3649 λέγοιεν
3256 3584 3305 3633 οἱ
3343 3586 3534 3650 γονεῖς,
3567 3571 3722 3634 οὐδὲν
3763 3578 3919 3652 ἦττον

2346 3679 2444 3729 οὑκ
2473 3674 2756 3746 ἀρνοῦνται
2792 3674 2888 3743 τὴν
2930 3674 3106 3740 φύσιν.
3155 3672 3211 3724 Ὀ
3243 3670 3369 3738 γοῦν
3423 3671 3698 3741 Ἐζεχίας,
3761 3674 3840 3736 ὡς
3872 3676 3918 3726 ὲ*-

2275 3729 2316 3786 C
2349 3768 2425 3824 τῶ
2480 3729 2674 3836 ’ίισαῖᾳ
2702 3729 3044 3836 γέγραπται,
3079 3729 3366 3832 εὐχόμενος
3399 3729 3581 3828 ἔλεγέν
3607 3781 3618 3792 ·
3819 3729 3920 3832 γὰρ

2348 3861 2442 3929 τῆς
2491 3860 2728 3929 σήμερον
2777 3856 2963 3908 παιδία
3004 3857 3232 3925 ποιήσω,
3272 3854 3390 3908 ἀντὶ
3417 3854 3529 3917 τοῦ,
3563 3858 3842 3924 γεννήσω,
3871 3859 3919 3908 τὲ

2351 3948 2580 4016 ποιήσω
2603 3945 2974 4019 εἰρηκὼςικαὶ
2988 3947 3110 4009 τοὺς
3139 3946 3196 4010 ἐξ
3221 3944 3380 3998 αὑτοῦ
3401 3945 3704 4016 φυομένους
3729 3947 3918 3998 εἰπών.

2350 4040 2459 4093 Καὶ
2491 4044 2549 4092 οὺ
2581 4039 2910 4108 διαφέρεται.

2422 4131 2709 4184 Κάνταῦθα
2735 4130 2791 4182 δὲ
2831 4128 2960 4199 περὶ
2999 4125 3093 4181 τοῦ
3149 4127 3267 4179 Ἰὼὸ
3309 4126 3556 4198 εἴρηταιο
3609 4127 3918 4196 Ἐτένσντο

2350 4223 2415 4275 δὲ
2437 4223 2594 4288 αὐτῷ
2621 4223 2732 4276 υἱοὶ
2759 4223 2938 4273 ἑπτα·
2976 4219 3161 4290 ὥσπερ
3190 4221 3284 4273 καὶ
3307 4220 3543 4290 Μωῦσῆς
3575 4220 3637 4271 ὲν
3663 4218 3745 4290 τῷ
3779 4221 3918 4290 νόμῳ

2351 4313 2511 4384 φησίν
2531 4329 2543 4342 ⁸
2590 4313 2713 4364 Ἐὰν
2737 4311 3016 4379 γένωνται.

2421 4404 2541 4475 Χρὴ
2573 4403 2830 4473 πρότερον
2877 4399 3079 4469 ζητεῖν,
3111 4401 3158 4452 εἰ
3194 4399 3302 4462 υἱός
3332 4398 3497 4451 ἐστιν.
3554 4396 3768 4451 Τούτου
3819 4398 3918 4468 γὰρ

2350 4493 2821 4563 ἀποδεικνυμένου,
2862 4489 3300 4560 παύεταιὴπερὶ
3341 4487 3431 4541 τοῦ
3467 4489 3782 4557 ποιήματος
3835 4491 3919 4542 καὶ

2351 4585 2641 4652 κτίσματος
2673 4583 2915 4644 ὑπόνοια,
2955 4583 3048 4634 καὶ
3081 4578 3288 4650 φανερὰ
3316 4581 3480 4631 πᾶσιν
3514 4578 3820 4644 ἀπόδειξις,
3853 4579 3919 4640 ὡς

2349 4678 2381 4745 ἡ
2435 4673 2578 4738 λέξις
2627 4675 2660 4742 ἡ
2689 4672 2940 4740 λέγουσα,
2985 4670 3064 4734 τῷ
3115 4668 3436 4736 ποιήσαντι
3464 4667 3675 4731 αὑτὸν,
3711 4669 3818 4721 οῦκ
3850 4670 3919 4730 εἰς

2350 4766 2531 4830 ὄνησίν
2554 4769 2666 4818 ἐστι
2693 4768 2757 4835 τῇ
2789 4765 2997 4833 αἱρέσει
3026 4762 3220 4827 αὐτῶν,
3245 4760 3378 4814 ἀλλά
3409 4759 3605 4829 μᾶλλον
3636 4761 3718 4822 εἰς
3748 4762 3916 4813 κατα-

2351 4873 2564 4924 γνωσιν.
2597 4854 2866 4906 Δέδεικται
2925 4852 3050 4922 γὰρ,
3097 4852 3178 4903 ὅτι
3221 4853 3254 4921 ἡ
3296 4849 3422 4912 τοῦ,
3454 4848 3735 4915 ἐποίησε,
3782 4848 3918 4914 λέξις

2352 4951 2444 5000 καὶ
2477 4949 2568 5000 ἐπὶ
2616 4945 2720 4998 τῶν
2750 4944 2984 5015 γνησίων
3017 4945 3108 4996 καὶ
3139 4943 3246 4995 τῶν
3299 4940 3454 5011 φύσει
3504 4941 3711 4993 τέκνων
3757 4941 3818 4992 ἐν
3857 4942 3915 5008 τῇ

695 5041 965 5109 usurpari.
996 5041 1172 5105 Quare
1212 5057 1333 5094 cum
1375 5041 1805 5093 demonstratum
1854 5041 1924 5092 sit
1957 5038 2243 5092 Dominum

2355 5039 2471 5109 Θεία
2499 5040 2668 5091 κεῖται
2692 5037 2898 5107 Γραφῇ.
2933 5035 3092 5087 Ὅθεν
3116 5033 3208 5086 τοῦ
3231 5033 3432 5105 Κυρίου
3458 5033 3915 5102 ἀποδεικνυμένου

695 5147 812 5186 esse
850 5133 1142 5184 naturalem
1178 5147 1238 5184 ae
1267 5147 1451 5184 verum
1485 5131 1652 5183 tilium
1676 5171 1690 5195 ,
1723 5132 1847 5185 licet
1871 5130 1938 5184 de
1981 5130 2072 5183 illo
2102 5130 2251 5182 dica-

697 5240 804 5286 tur.
855 5225 1026 5293 factus
1071 5235 1168 5288 est,
1220 5234 1311 5278 aut
1347 5225 1596 5280 conditus
1639 5223 1758 5288 fuit,
1809 5224 1860 5276 id
1912 5239 2249 5292 nequaquam

696 5319 768 5372 ita
802 5318 997 5371 dicitur
1020 5333 1083 5370 ac
1117 5317 1160 5370 si
1186 5317 1257 5370 sit
1291 5317 1405 5384 ipse
1446 5331 1533 5370 res
1559 5325 1760 5378 creata,
1797 5315 1890 5369 sed
1934 5314 2248 5368 indiﬂeren-

699 5420 777 5462 ter
807 5425 868 5464 ea
905 5425 1032 5464 voce
1064 5418 1287 5462 utuntur
1315 5409 1488 5462 sancti
1528 5408 1646 5460 viri.

1763 5585 1807 5615 ²⁹
1842 5581 1967 5636 ι.›ι›-
1988 5599 2026 5647 ι,
2053 5582 2106 5635 2.

773 5588 816 5620 ⁸⁷
852 5586 953 5644 Job
998 5603 1037 5648 ι,
1061 5588 1113 5642 2.
1219 5588 1264 5619 ’³
1297 5585 1455 5640 llebr.
1497 5601 1576 5651 ιιι,
1606 5585 1659 5638 2.

2359 5133 2513 5202 φύσει
2542 5133 2634 5184 καὶ
2666 5130 2885 5200 γνησίου
2916 5126 3051 5191 υἱοῦ,
3084 5126 3186 5179 κᾶν
3216 5126 3438 5196 λέγηται
3492 5126 3577 5176 ἐπ’
3601 5123 3770 5176 αὑτοῦ
3799 5124 3914 5190 (sic)

2357 5225 2436 5289 τὸ,
2491 5223 2797 5288 ἐποίησεν,
2851 5220 2882 5288 ἢ
2920 5219 3150 5283 ἐγένετο,
3204 5217 3301 5286 οὐχ
3329 5215 3403 5278 ὼς
3438 5217 3739 5285 ποιήματος
3772 5215 3916 5274 sm,-

2359 5314 2520 5369 αὐτοῦ
2553 5312 2788 5381 λέγεται,
2819 5310 2931 5364 ἀλλ’
2958 5307 3263 5378 αδιαφόρως
3320 5309 3385 5378 τῇ
3417 5305 3559 5372 λέξει
3593 5304 3832 5377 χρῶνται
3873 5306 3914 5355 oi

2361 5407 2522 5474 ἆγιοι.

785 5769 860 5828 tl)
896 5766 1018 5823 Haec
1054 5781 1305 5830 expressa
1338 5773 1461 5819 sunt
1490 5779 1554 5818 ex
1587 5765 1816 5817 oratione
1854 5777 1889 5815 ιι
1921 5772 2101 5815 contra
2133 5760 2379 5814 Arianos.
