4094 6322
709 347 840 401 154⁸7

1561 353 1618 408 S.
1660 354 2029 409 ATHANASII
2069 356 2217 411 OPP.
2258 357 2435 412 PARS
2473 358 2558 412 Ill.
2605 391 2669 401 —
2710 360 3115 418 EXEGETICA.

3811 370 3933 425 1348

707 466 886 520 labilis
916 475 1017 530 est,
1053 474 1237 533 utpote
1263 481 1383 534 qua:
1406 468 1476 522 sit
1504 479 1652 523 extra
1676 469 1768 525 Dei
1793 473 2172 534 substantiam,
2196 485 2270 527 at-

2334 486 2341 511 ι
2371 473 2572 542 τρεπτή
2606 476 2739 537 ἐστι,
2776 475 2868 527 ἆτε
2899 476 2963 545 δὴ
2993 477 3186 542 ἔξωθεν
3217 473 3348 532 οὖσα
3377 481 3475 550 τῆς
3518 481 3615 536 τοῦ⁹
3668 483 3808 538 Θεοῦ
3848 486 3930 539 οὗ.

708 575 814 629 que
844 575 909 613 ex
933 576 1037 613 non
1065 561 1401 614 exstantibus
1423 562 1669 616 exsistat.
1694 564 2083 630 Quamobrem,
2101 568 2268 620 omnis

705 652 858 704 homo
882 652 1103 703 mendax
1137 651 1214 716 ³³;
1248 661 1318 714 et,
1354 669 1525 706 omnes
1575 667 1913 718 peccaverunt
1951 667 1996 710 et
2036 658 2128 710 Dei
2159 659 2270 726 glo-

704 744 789 796 ria
824 744 1094 808 privantur
1117 743 1178 792 “.
1218 742 1471 796 Diabolus
1503 756 1708 808 autem,
1737 748 1827 814 qui
1863 749 1914 800 in
1943 749 2117 801 medio
2147 750 2269 802 che-

704 834 1021 885 rubinorum
1043 842 1177 897 erat,
1207 849 1268 886 ac
1296 835 1530 904 sigillum
1559 838 1934 890 similitudinis
1967 839 2138 892 factus
2163 849 2265 902 est,

703 925 902 977 excidit
940 941 968 977 e
1008 926 1161 978 caulis
1225 928 1378 994 quasi
1434 927 1613 996 fulgur
1668 930 1731 981 ⁸⁵.
1789 929 2001 999 Nosque
2051 933 2268 1000 angelus

697 1015 1133 1083 iudicabimus",
1156 1031 1249 1068 eos
1274 1017 1552 1080 nimirum,
1573 1020 1662 1086 qui
1685 1036 1839 1072 suum
1862 1038 1964 1073 non
1986 1038 2268 1075 servavere

700 1104 1083 1173 principatum.
1120 1103 1178 1156 Et
1222 1109 1320 1159 hoc
1351 1107 1469 1161 loco
1507 1125 1516 1158 :
1568 1109 1611 1161 si
1659 1121 1844 1162 contra
1892 1111 2088 1165 libet-os
2137 1129 2268 1168 suos

700 1208 806 1247 non
864 1194 1070 1256 credit,
1112 1209 1173 1248 ac
1234 1195 1553 1264 simpliciter
1614 1197 1904 1265 loquendo,
1939 1213 2134 1254 creatae
2181 1217 2266 1256 res

699 1285 965 1355 ejusmodi
995 1296 1196 1340 natura:
1225 1297 1351 1340 sunt
1392 1298 1448 1341 ut
1479 1297 1772 1343 mutentur.
1811 1289 1938 1344 Sola
1971 1302 2150 1344 autem
2182 1291 2264 1345 di-

699 1377 821 1429 vina
850 1387 1039 1429 natura
1064 1387 1144 1430 est
1182 1378 1557 1432 immutabilis.

761 1467 930 1523 Juxta
970 1486 1226 1538 papyrum
1262 1509 1275 1532 ,
1327 1471 1587 1523 calamum
1635 1481 1684 1526 et
1735 1475 1981 1528 caricem.

766 1557 1036 1613 Fortassis
1069 1577 1161 1626 per
1206 1563 1526 1616 arundinem
1581 1573 1632 1616 et
1673 1580 1960 1634 papyrum,
2001 1567 2257 1623 vilitatem

702 1664 764 1704 ac
791 1659 1158 1720 paupertatem
1188 1653 1384 1707 diaboli
1419 1654 1707 1708 adumbrat
1749 1656 2051 1725 Scriptura.

777 1825 984 1882 Viscera
1009 1829 1119 1897 ejus
1154 1839 1302 1883 scuta
1334 1847 1503 1884 wnea.

764 1915 1105 1971 Athanasius.
1160 1917 1296 1972 Olim
1345 1920 1543 1974 multus
1581 1930 1695 1974 erat
1738 1921 1988 1976 inimicus
2021 1923 2072 1976 in
2110 1922 2256 1977 frau-

694 2007 853 2062 dibus
880 2009 1135 2062 adversus
1160 2009 1405 2064 homines
1437 2012 1714 2079 parandis,
1745 2015 1970 2080 suisque
2019 2015 2251 2083 phanta-

695 2099 792 2154 siis
821 2099 1081 2168 plurimos
1111 2101 1428 2170 decipiebat,
1453 2103 1680 2172 ejusque
1725 2105 1943 2160 fraudes
1975 2121 2115 2174 aegre
2161 2107 2255 2160 de-

694 2191 953 2260 prehendi
1000 2203 1276 2260 poterant;
1313 2195 1381 2246 ita
1432 2205 1488 2247 ut
1511 2197 1735 2264 spiritus
1769 2198 1832 2247 de
1867 2196 1959 2248 illo
2003 2197 2204 2250 diceret
2241 2215 2253 2249 :

694 2279 822 2344 Quis
854 2282 1096 2334 reuelabit
1139 2283 1328 2350 faciem
1361 2284 1650 2336 indumenti
1673 2283 1784 2346 eius
1833 2284 1916 2336 '7?
1957 2293 2010 2338 et
2037 2293 2252 2338 caetera.

691 2370 876 2441 Neque
896 2374 1040 2426 enim
1079 2373 1223 2442 quod
1251 2383 1387 2440 erat,
1414 2374 1646 2442 idipsum
1675 2390 1794 2429 csse
1826 2376 2134 2444 apparebat,
2163 2377 2255 2430 sed

689 2482 796 2536 qua
834 2466 1006 2520 forma
1041 2468 1105 2520 ad
1140 2466 1379 2520 fraudem
1414 2467 1487 2520 uti
1531 2468 1764 2531 volebat,
1797 2484 1914 2521 eam
1951 2470 2074 2533 sibi,
2118 2469 2258 2522 ﬁcti-

689 2558 818 2610 tiam
863 2557 1006 2621 licet,
1061 2560 1385 2612 assumebat.
1443 2558 1807 2624 Quamobrem
1859 2561 2013 2612 multi
2063 2561 2128 2614 ab
2160 2562 2252 2614 illo

688 2648 1133 2717 decipiebantur:
1182 2665 1304 2702 cum
1339 2659 1516 2702 autem
1554 2651 1770 2703 advenit
1815 2649 2089 2708 Salvator.
2139 2659 2252 2704 tum

686 2740 867 2794 omnis
913 2739 1121 2793 fallacia
1151 2740 1295 2792 illius
1329 2743 1605 2808 propalam
1638 2741 1777 2794 facta
1812 2751 1913 2795 est.
1965 2741 2097 2796 Nam
2130 2744 2248 2813 ejus

685 2838 856 2898 gesta,
886 2844 1007 2899 qua:
1041 2829 1166 2882 olim
1203 2829 1504 2891 latitabant,
1538 2845 1631 2898 per
1656 2829 1853 2886 Clu-isti
1894 2834 2125 2901 gratiam
2151 2849 2242 2887 co-

682 2929 1021 2989 gnoscuntur
1047 2939 1060 2974 :
1089 2930 1141 2974 et
1163 2921 1358 2990 quibus
1388 2922 1514 2974 olim
1547 2923 1793 2978 homines
1824 2923 2109 2990 fefellerat,
2143 2926 2238 2979 iis-

2376 561 2514 622 σίας,
2548 563 2638 612 καὶ
2676 561 2734 626 ἐξ
2762 565 2859 617 οὐκ
2889 566 3054 618 ὅντων
3085 569 3358 622 ὑποστᾶτα
3412 573 3502 624 Διὸ
3547 575 3668 640 πᾶς
3717 576 3932 643 ἀνθρωο

2371 666 2483 714 xor;
2501 653 2787 718 ψεύστηςν
2815 656 2924 717 καὶ,
2958 655 3173 720 πάντες
3197 658 3474 725 ἥμαρτον,
3493 663 3591 714 καὶ
3611 665 3931 730 ὑστεροῦιι-

2370 758 2458 792 ται
2494 742 2599 807 τῆς
2627 744 2803 811 δι’ξης
2844 745 2948 798 τοῦ
2987 748 3151 800 Θεοῦ.
3197 752 3251 802 Ὀ
3291 752 3346 803 δὲ
3387 752 3656 817 διάϐολος,
3699 757 3757 806 ἐν
3797 757 3932 826 μέσῳ

2367 832 2472 884 τῶν
2510 836 2769 904 χερουεὶμ
2825 837 2937 900 ὢν,
2981 840 3072 891 καὶ
3145 841 3568 914 ἀποσφράγισμα
3628 847 3932 914 ὁμοιώσεως

2366 924 2652 993 γενόμενος
2678 966 2691 989 ,
2741 927 2994 993 ἐξέπεσεν
3025 930 3087 982 ἐκ
3119 932 3226 984 τῶν
3270 936 3508 1003 οὐρανῶν
3544 938 3623 1000 ὡς
3659 940 3928 1008 ἀστραπή.

2365 1016 2472 1066 Καὶ
2504 1018 2762 1084 ἀγγέλους
2781 1021 3088 1092 κρινοῦμεν,
3121 1025 3244 1089 τοὺς
3263 1028 3333 1096 μὴ
3358 1030 3712 1098 τηρήσαντας
3741 1030 3931 1100 δηλαδὴ

2364 1105 2462 1174 τὴν
2492 1108 2695 1160 ἑαυτῶν
2729 1112 2921 1181 ἀρχήν.
2973 1115 3078 1166 Καὶ
3117 1116 3363 1178 ἐνταῦθα,
3421 1121 3467 1170 εξ
3518 1120 3664 1172 κατὰ
3714 1121 3932 1174 παιδίων

2365 1198 2526 1250 αὑτοῦ
2559 1201 2617 1252 οὐ
2651 1203 2912 1267 πιστεύει,
2945 1205 3037 1258 καὶ
3066 1207 3248 1270 ἁπλῶς
3273 1210 3338 1262 τὰ
3374 1210 3652 1280 κτίσματα
3685 1214 3932 1281 τοιαύτην

2363 1287 2472 1357 ἔχει
2495 1290 2590 1360 τὴν
2615 1292 2794 1359 φύσιν,
2825 1296 2916 1347 καὶ
2942 1297 3222 1368 τρέπεται.
3259 1301 3411 1372 Μόνη
3442 1302 3496 1355 δὲ
3535 1305 3568 1374 ἡ
3609 1304 3734 1358 θεία
3783 1305 3933 1374 φύσις

2360 1379 2728 1444 ἀναλλοίωτος.

2431 1471 2595 1539 Παρὰ
2628 1472 2921 1540 πάπυρον,
2955 1478 3048 1531 καὶ
3079 1478 3367 1548 κάλαμον,
3402 1483 3499 1535 καὶ
3532 1485 3868 1554 βούτομον.

2431 1561 2584 1631 Τάχα
2615 1563 2670 1614 δὲ
2705 1563 2791 1615 διὰ
2832 1565 2923 1617 τοῦ
2966 1567 3212 1638 καλάμου
3261 1571 3351 1622 καὶ
3405 1571 3493 1624 τοῦ
3539 1575 3807 1646 παπῦρου

2358 1653 2628 1706 εὐτέλειαν
2654 1655 2747 1708 καὶ
2773 1656 2870 1726 τὴν
2895 1660 3079 1712 πενίαν
3124 1661 3216 1714 τοῦ
3261 1663 3504 1716 διαϐόλου
3551 1668 3857 1720 αἰνίττεται
3904 1671 3934 1739 ἡ

2362 1742 2570 1814 Γραφή.

2291 1831 2335 1889 Β
2440 1830 2515 1884 Τὰ
2549 1831 2766 1900 ἔγκατα
2793 1835 2976 1889 αὑτοῦ
3007 1836 3258 1904 ἀσπίδες
3286 1858 3559 1907 χιι-..κείω

2429 1923 2789 1990 Ἀθανὰσιος.
2829 1927 3003 1979 Πάλαι
3059 1926 3273 1997 μὲνοῦν
3310 1931 3474 1995 πολὺς
3527 1931 3595 2005 ἦν
3659 1937 3687 1987 ὁ
3749 1937 3936 2007 ἐχθρὸς

2355 2016 2852 2084 πανουργευόμενος
2875 2020 3014 2070 κατά
3036 2019 3140 2070 τῶν
3164 2020 3480 2091 ἀνθρώπων,
3497 2026 3590 2076 καὶ
3609 2029 3937 2093 φαντασίαις

2355 2104 2520 2156 αὐτοῦ
2547 2107 2768 2168 πολλοὺς
2795 2108 2999 2177 ἠπάτα,
3029 2111 3119 2161 καὶ
3146 2111 3404 2183 δυσχερὴς
3435 2109 3502 2184 ἦν
3527 2117 3558 2184 ἡ
3592 2117 3693 2186 τῆς
3723 2120 3939 2189 ἀπάτης

2361 2193 2520 2246 αὑτοῦ
2548 2198 2877 2267 κατάληψις·
2909 2199 3045 2251 ὥστε
3078 2203 3166 2254 καὶ
3213 2203 3268 2253 τὸ
3315 2205 3530 2275 πνεῦμα
3578 2206 3768 2275 λέγειν
3816 2211 3939 2280 περὶ

2359 2286 2522 2338 αὑτοῦ
2549 2303 2559 2314 ·
2603 2290 2697 2353 Τίς
2729 2291 3106 2358 ἀποκαλύψει
3136 2297 3455 2359 πρόσωπον
3472 2299 3818 2368 ἐνδύματος
3847 2305 3941 2354 ai;-

2358 2379 2502 2442 τοῦ;
2529 2381 2619 2432 καὶ
2659 2381 2724 2433 τά
2753 2381 2898 2446 ἐξῆς.
2936 2385 3008 2435 Οὺ
3059 2384 3164 2454 γάρ
3188 2387 3322 2456 ὅπερ
3351 2383 3439 2457 ἦν,
3472 2390 3632 2443 τοῦτο
3659 2393 3756 2445 καὶ
3784 2395 3938 2462 ἐφαί-

2357 2487 2495 2534 νετο,
2532 2471 2665 2524 ἀλλὰ
2715 2474 2848 2544 πρὸς
2901 2473 2927 2524 ὃ
2958 2476 3404 2546 ἐπανουργεὺετο,
3461 2483 3597 2550 πρὸς
3629 2484 3797 2538 τοῦτο
3853 2487 3940 2537 καὶ

2358 2563 2680 2631 ὲφαντασίου
2725 2567 2936 2620 ἐαυτὸν.
2983 2569 3080 2620 Διὰ
3114 2569 3269 2622 τοῦτο
3313 2575 3404 2624 καὶ
3435 2573 3622 2627 πολλοὶ
3647 2578 3940 2644 ὴπατῶιηο

2357 2653 2446 2706 ὑπ’
2475 2657 2636 2709 αὐτοῦ
2660 2674 2672 2686 ·
2707 2659 2794 2709 ὅτε
2820 2659 2873 2711 δὲ
2907 2661 3248 2730 ἐπεδήμησεν
3281 2666 3307 2715 ὁ
3329 2664 3541 2736 Σωτὴρ,
3569 2666 3692 2718 τότε
3718 2669 3755 2736 ἡ
3793 2671 3940 2721 πᾶσα

2357 2745 2622 2810 φαντασία
2650 2747 2811 2799 αὐτοῦ
2837 2749 3218 2820 ἐδειγματίσθη
3243 2768 3254 2779 °
3280 2753 3314 2805 ὃ.
3349 2755 3456 2824 γὰρ
3483 2758 3739 2824 ἠγνοεῖτο
3773 2757 3941 2810 πάλαι

2355 2835 2541 2898 ποιῶν,
2577 2837 2743 2890 ταῦτα
2769 2843 2832 2909 τῇ
2869 2841 3050 2910 χάριτι
3086 2841 3178 2894 τοῦ
3209 2845 3444 2912 Χριστοῦ
3468 2847 3943 2913 γινώσκεται,χαὶ

2353 2926 2410 2977 ἐν
2439 2922 2517 2988 οἷς
2549 2928 2730 2996 ἠπάτα
2755 2930 2916 2981 πάλαι
2943 2932 3064 2993 τοὺς
3102 2932 3440 3004 ἀνθρώπους,
3472 2938 3530 2988 ἐν
3579 2939 3801 3002 τούτοις
3853 2940 3942 2992 ὑπ’

682 3011 928 3081 demjam
947 3013 1015 3066 ab
1034 3013 1343 3067 hominibus
1367 3015 1675 3080 proteritur.
1699 3013 1854 3069 Fides
1875 3016 2070 3085 quippe
2095 3017 2242 3070 omni
2279 3056 2280 3075 η

2351 3019 2525 3072 αὐτῶν
2547 3025 2957 3076 καταπατεῖται.
2979 3025 3163 3095 Πάσης
3182 3027 3288 3097 γὰρ
3307 3027 3617 3100 διαϐολικῆς
3634 3031 3940 3095 ἐπιθέσεως

680 3101 1195 3172 diabolicoimpetu,
1236 3112 1290 3156 et
1327 3103 1632 3158 daemonum
1677 3104 1859 3160 furore
1912 3105 2104 3160 fortior
2138 3116 2240 3161 est.

2354 3112 2445 3162 xui.
2474 3113 2666 3180 μανίας
2685 3113 2948 3184 δαιμόνων
2978 3118 3298 3188 ἰσχυροτέρα
3325 3121 3357 3189 ἡ
3391 3121 3592 3185 πίστις.

718 3317 3904 3354 ———___—__—___________________________

1091 3466 1554 3527 ADMONITIO
1610 3467 1690 3526 IN
1748 3468 2242 3528 FRAGMENTA
2293 3469 2885 3543 SUBSEQUENTIA
2957 3476 3036 3536 IN
3093 3475 3248 3539 CAN

747 3795 1110 3864 Ezpositiones
1144 3795 1425 3850 Athanasii
1464 3797 1519 3848 in
1545 3794 1833 3850 Canticum
1856 3803 2177 3854 canticorum
2223 3820 2280 3853 ml

2334 3814 2476 3856 norat
2518 3803 2738 3859 Photius
2761 3807 2840 3860 his
2881 3810 3046 3863 verbis
3076 3828 3093 3863 :
3128 3811 3425 3882 Πεποίηται
3464 3813 3522 3867 δὲ
3559 3815 3731 3887 αὐτῷ,
3770 3821 3932 3889 φησὶ,

678 3889 770 3942 καὶ
798 3891 876 3950 εἰς
899 3887 987 3938 τὸν
1037 3887 1482 3958 Ἐκκλησιαστὴν,
1520 3890 1611 3941 καὶ
1638 3891 1716 3952 εἰς
1742 3890 1802 3943 τὸ
1829 3888 2016 3962 τᾼσμα
2045 3894 2152 3946 τῶν
2175 3897 2430 3965 ᾀσμάτων
2468 3897 2852 3970 ὑπομνήματα,
2874 3901 3062 3973 ὥσπερ
3083 3905 3177 3956 καὶ
3207 3907 3283 3966 είς
3306 3907 3396 3958 τὸν
3417 3908 3707 3981 Ψαλτῆρα,
3738 3887 3850 3965 καί
3878 3917 3934 3967 ἐν

674 3982 880 4057 ἑτέροις
912 3980 1143 4044 πολλοῖς.
1171 3982 1596 4046 Commentaria,
1633 3987 1825 4053 inquit,
1858 3988 2023 4043 edidit
2061 3991 2113 4043 in
2147 3990 2540 4058 Ecclesiasten,
2573 3995 2626 4048 in
2663 3995 2948 4051 Canticum
2979 4002 3337 4064 canticorum,
3367 3980 3840 4072 quemadmodum
3881 4023 3933 4066 et

677 4075 729 4126 in
757 4075 1077 4130 Psalterium
1112 4084 1164 4129 et
1195 4076 1247 4128 in
1279 4076 1383 4129 alia
1408 4077 1598 4130 multa.
1635 4081 1762 4130 llwc
1799 4095 1954 4146 porro
1986 4081 2281 4152 fragmenta
2310 4091 2566 4156 prodeunt
2607 4105 2670 4143 ea;
2692 4093 3101 4159 expositionibus
3150 4095 3205 4146 in
3234 4093 3452 4149 Cantica
3475 4099 3630 4150 editis
3654 4117 3685 4151 a
3706 4099 3932 4157 Joanne

674 4166 906 4219 Heursio
928 4183 1063 4219 anno
1093 4165 1247 4218 1617.

746 4258 811 4312 1η
842 4258 1076 4329 gregibus
1107 4260 1399 4311 amicarum
1430 4268 1641 4312 tuarum
1657 4262 1808 4330 quasi
1838 4264 2139 4321 errabunda
2169 4269 2234 4322 ³⁸.
2268 4274 2316 4332 1)

672 4341 764 4397 Ille
812 4344 892 4397 sic
934 4358 1052 4396 eam
1088 4342 1384 4412 alloquitur
1423 4342 1641 4399 :Nosce
1694 4346 1921 4415 teipsam
1977 4351 2150 4418 prius,
2175 4364 2235 4406 ut

673 4449 760 4487 me
785 4448 1001 4502 quoque
1023 4448 1350 4502 cognoscere
1385 4436 1582 4502 possis.
1618 4433 1673 4488 Si
1700 4446 1748 4489 te
1778 4453 1938 4492 nosse
1969 4455 2076 4493 non
2100 4458 2232 4509 pos-

671 4527 748 4582 sis
776 4542 788 4577 :
821 4525 866 4581 si
896 4540 1000 4578 non
1046 4525 1279 4588 noveris,
1313 4541 1486 4594 neque
1517 4528 1659 4581 scias
1692 4529 1945 4597 teipsam,
1971 4534 2232 4602 egredere

672 4629 728 4672 tu
755 4617 819 4671 ad
850 4616 1099 4670 calcanea
1128 4625 1180 4670 et
1223 4617 1470 4686 vestigia,
1498 4628 1552 4671 et
1597 4635 1756 4687 pasce
1801 4624 2040 4691 capellas
2085 4635 2228 4689 tuas,

669 4722 732 4761 ac
771 4707 983 4761 nutries
1010 4716 1229 4775 peccata
1281 4708 1541 4761 virtutum
1584 4708 1723 4763 loco.
1766 4708 1830 4763 In
1876 4713 2229 4767 tabernaculis

667 4809 935 4868 pastorum
958 4799 1022 4865 ³⁸,
1058 4798 1111 4851 in
1153 4799 1608 4867 concupiscentiis
1648 4801 2086 4858 adversariarum
2137 4823 2234 4876 po-

669 4901 941 4956 testatum,
975 4907 1096 4960 qua:
1121 4901 1172 4945 te
1200 4900 1452 4960 pascunt.

747 4981 936 5035 Vocavi
949 4999 1085 5046 eum,
1109 4999 1196 5034 nec
1215 4982 1478 5052 respondit
1502 4985 1647 5040 mihi.
1671 4983 1899 5056 Surgam
1928 4997 1975 5040 et
1999 4990 2228 5043 circuibo

664 5074 930 5127 civitatem
959 5074 1024 5125 ⁸⁸.

736 5166 1075 5221 Athanasius.
1106 5166 1297 5238 Legem
1328 5168 1496 5236 legam
1518 5211 1532 5234 ,
1568 5172 1861 5240 prophetas
1890 5173 2098 5244 legam;
2139 5177 2224 5228 in-

665 5257 939 5325 vestigabo
971 5257 1277 5328 Evangelia.
1325 5259 1446 5314 Haec
1493 5269 1674 5315 autem
1722 5265 1795 5316 ait
1824 5266 2009 5319 divino
2039 5283 2223 5321 amore

669 5357 984 5416 compuncta
1020 5368 1033 5403 :
1081 5348 1147 5402 In
1181 5349 1311 5403 lecto
1363 5369 1472 5405 meo
1529 5355 1582 5406 in
1636 5357 1873 5410 noctibus
1903 5357 1967 5412 ⁸¹.
2000 5357 2220 5414 Lectum

2426 4274 2549 4325 Ἐπ’
2583 4273 2824 4341 ἀγέλαις
2849 4275 3096 4342 ἑταίρων
3123 4292 3237 4329 σοι*
3268 4279 3347 4343 ὡς
3361 4281 3718 4350 ῥεμϐομένη.

2409 4362 2578 4424 Αὐτὸς
2605 4362 2738 4432 πρὸς
2770 4363 2939 4434 αὑτήν
2963 4380 2976 4393 ·
3003 4364 3172 4416 Γνῶθι
3201 4368 3427 4438 σεαυτὴν
3450 4371 3681 4438 πρῶτον,
3712 4376 3810 4429 ἵνα
3833 4396 3926 4431 καί

2339 4455 2436 4523 ἐμὲ
2477 4454 2676 4521 γνῶναι
2728 4455 2976 4528 δυνηθῇς.
3024 4458 3147 4511 Ἐὰν
3179 4459 3251 4528 μὴ
3285 4461 3427 4529 γνῷς
3458 4463 3688 4533 ἑαυτήν·
3723 4470 3780 4518 εξ
3823 4473 3925 4524 οὐκ

2338 4540 2507 4606 ἔγνως
2530 4557 2542 4569 ⁶
2575 4543 2620 4593 εἰ
2651 4542 2723 4612 μὴ
2744 4539 2885 4606 οἶδας
2911 4584 2924 4607 ,
2960 4544 3138 4611 ἔξελθε
3163 4547 3224 4597 σὺ
3249 4550 3304 4599 ἐν
3326 4550 3582 4619 πτέρναις
3615 4557 3734 4608 κατ’
3770 4558 3922 4629 ἴχνη,

2337 4633 2428 4684 καὶ
2467 4633 2717 4703 ποίμαινε
2754 4636 2851 4698 τὰς
2876 4637 3094 4706 ἐρίφους
3124 4656 3215 4691 σου
3237 4655 3250 4668 '
3282 4642 3373 4694 καὶ
3397 4643 3599 4719 θρὲιξιῃς
3632 4650 3919 4721 ἁμαρτίας,

2341 4723 2460 4776 ἀντὶ
2490 4725 2714 4794 ἀρετῶν.
2758 4727 2879 4778 Ἐπί
2913 4729 3264 4798 σκηνώμασι
3309 4732 3426 4786 τῶν
3461 4738 3762 4806 ποιμένων
3785 4761 3799 4771 ·
3863 4745 3919 4796 ἐν

2339 4818 2456 4878 ταῖς
2487 4817 2798 4886 ἐπιθυμίαις
2818 4818 2924 4870 τῶν
2956 4821 3211 4874 ἐναντίων
3242 4823 3518 4893 δυνάμεων
3547 4827 3653 4879 τῶν
3681 4847 3772 4882 ποι
3781 4850 3915 4902 μαι-

2337 4905 2531 4958 νόντων
2557 4924 2635 4958 σε.

2421 4998 2707 5051 Ἐκάλεσα
2739 5002 2950 5062 αὑτὸν.
2989 5005 3087 5057 καὶ
3131 5008 3243 5073 οὐχ
3297 5007 3609 5073 ὑπήκουσέ
3647 5013 3720 5081 (5)
3759 5033 3909 5083 μου.

2334 5088 2763 5159 Ἀναστήσομαι
2788 5094 2885 5146 καὶ
2923 5094 3211 5149 κυκλώσω
3237 5098 3306 5149 ἐι·
3329 5099 3400 5167 τῇ
3431 5104 3621 5155 πόλει.

2417 5180 2782 5234 Ἀθανασίου.
2823 5183 3231 5256 Ἀναγνώσομαι
3260 5189 3348 5241 τὸν
3381 5190 3563 5261 νόμον,
3591 5195 3895 5262 ἀναγνὼσο

2335 5287 2430 5339 μαι
2459 5272 2582 5333 τοὺς
2606 5274 2907 5344 προφήτας,
2941 5275 3216 5346 ἐρευνήσω
3239 5280 3308 5332 τά
3338 5282 3664 5352 Εὑαγγέλια.
3711 5287 3910 5346 Ταῦτα

2327 5362 2382 5414 δὲ
2411 5368 2770 5431 κατανυγεῖσα
2789 5366 2865 5436 τῷ
2888 5367 3014 5438 θείῳ
3039 5371 3185 5441 πόθῳ
3204 5373 3334 5442 φησί
3359 5391 3371 5403 ·
3406 5377 3536 5431 Ἐπὶ
3555 5380 3761 5446 κοίτην
3778 5400 3907 5450 μου

735 5509 778 5540 ’³
814 5508 960 5564 Psal.
996 5526 1116 5572 ειν.
1145 5515 1198 5568 2.

671 5578 708 5609 ”
737 5580 865 5633 ibid.
911 5583 962 5637 7.

1301 5516 1345 5547 "
1389 5513 1548 5567 Rom.
1602 5532 1684 5574 ιιι.
1734 5519 1824 5573 ‘25.

1930 5522 1972 5553 ³³
2001 5521 2131 5576 Luc.
2168 5540 2220 5587 ι,
2260 5528 2343 5582 18.

1070 5583 1115 5614 δ’
1148 5586 1306 5640 Cant.
1344 5602 1427 5652 ιιι,
1457 5586 1508 5646 1,
1547 5585 1600 5639 2.

1925 5531 1972 5606 ςδ
2001 5531 2131 5576 Luc.
2168 5540 2220 5587 ι,
2260 5531 2343 5582 18.
2445 5531 2488 5562 ³⁸
2540 5533 2558 5585 Ι
2590 5534 2716 5587 Cor.
2751 5551 2822 5598 νι,
2853 5538 2903 5590 5.
3003 5539 3046 5569 ³⁷
3074 5537 3176 5593 Job
3213 5557 3295 5594 xu
3322 5580 3336 5606 ε
3364 5542 3418 5600 4.

1684 5588 1725 5618 ⁸¹
1753 5589 1883 5644 ibid.
1920 5591 1991 5646 1.·

3496 5545 3538 5576 ³⁸
3567 5541 3718 5600 Cant.
3762 5559 3805 5613 ι,
3841 5545 3894 5601 6.

738 5710 810 5779 ('5)
840 5711 913 5768 De
938 5714 1329 5787 signiﬁcatione
1365 5720 1515 5777 vocis
1543 5722 1802 5780 ὑπακούω
1819 5727 1930 5796 jam
1968 5733 2214 5799 superius
2230 5742 2409 5792 actum
2437 5734 2540 5793 fuit
2566 5748 2619 5794 et
2647 5748 2836 5809 agetur
2869 5743 2922 5798 in
2958 5742 3294 5801 Onomastim
