4094 6322
182 333 322 388 1549

1304 333 1729 389 FRAGMENTA
1773 333 1838 388 IN
1870 332 2189 387 CANTICA.

3295 338 3315 391 1
3328 339 3427 395 530

176 457 252 511 ἐν
281 456 481 521 νυξίν.
512 458 713 530 Κοίτην
740 456 993 528 ὀνομάζει
1017 458 1114 529 τὴν
1140 458 1473 530 τελειοτέραν
1503 459 1595 512 τοῦ
1624 462 1753 527 ἀγα-

1862 467 2013 512 t'ocat
2063 457 2441 528 perfectiorem
2496 458 2623 511 boni
2669 458 3173 527 participationem;
3216 475 3430 515 noctem

178 548 279 603 θοῦ
313 551 621 621 μετουσίαν,
653 552 747 604 καὶ
775 551 1118 618 νύκτα-λέγει
1158 551 1247 604 τὸν
1288 552 1384 622 τῆς
1414 552 1597 622 κοίτης
1638 570 1759 604 και-

182 641 299 711 ρόν.
331 643 427 695 Διὰ
458 642 513 695 δὲ
539 642 632 695 τοῦ
661 643 923 713 ὀνόματος
953 643 1055 710 τῆς
1088 641 1277 705 νυκτὸς
1301 642 1629 696 ἐνδείκνυται
1653 642 1761 695 τῶν

177 732 429 803 ἀοράτων
458 734 554 804 τὴν
580 734 833 803 θεωρίαν,
871 734 992 786 καθ’
1022 734 1310 803 ὁμοιότητα
1345 735 1640 797 Μωῡσέως,
1666 734 1758 787 τοῦ

178 824 240 876 ὲν
268 824 347 893 τῷ
374 825 555 893 γνόφῳ
587 824 866 893 γεγονότος
887 827 943 878 ἐν
978 818 1020 891 ᾧ
1048 820 1112 894 ἦν
1139 827 1167 877 6
1201 824 1352 887 Θεός.

810 915 917 969 Τοῦ
943 910 1151 968 αὐτοῦ.

257 1006 333 1058 Οὐ
359 1005 463 1077 γὰρ
493 1006 636 1076 ᾔδειν
661 1008 744 1069 τίς
776 1003 843 1078 ἦν
869 1009 897 1059 ὁ
929 1006 1143 1077 τρώσας
1176 1023 1264 1075 με.
1300 1004 1637 1073 Θεογνωσίαν
1672 1023 1760 1075 μοι

180 1098 503 1168 κοιμωμένῃ
532 1097 842 1168 ὲνέσπειρεν
868 1099 895 1149 6
925 1097 1115 1164 Λόγος.
1155 1096 1378 1165 Ταχέως
1406 1094 1757 1158 διαναστᾶσα,

181 1187 337 1258 ζητῶ
364 1188 454 1240 τὸν
502 1188 807 1259 τρώσαντα,
848 1189 940 1241 καὶ
971 1186 1273 1259 παρακαλῷ
1327 1186 1474 1256 αὑτῷ
1533 1186 1760 1256 ὀφθῆναί

182 1296 298 1349 μοι,
333 1279 425 1331 καὶ
455 1278 812 1350 περιέρχομαι
848 1278 1085 1350 ζητοῦσα
1116 1278 1205 1331 τὸν
1232 1276 1543 1346 ἀδελφιδοῦν
1568 1294 1687 1346 μου.

256 1458 564 1523 Ἐξέλθετε
616 1460 715 1513 καὶ
757 1461 930 1525 ἴδετε,
990 1460 1307 1531 θυγατέρες
1358 1458 1530 1523 Σιὼν,
1566 1460 1634 1512 ἐν
1684 1457 1761 1523 τῷ

170 1542 436 1611 ,Βασιλεῖ
460 1550 765 1620 Σωιομών.

271 1641 553 1706 Ἰουδαίους
585 1644 832 1714 ἐντρέπει
865 1641 1115 1710 λέγουσα,
1144 1640 1462 1705 REI-5.108129,
1488 1640 1607 1692 ἀντὶ
1635 1638 1756 1702 τοῦ,

178 1732 333 1796 "Eat;
362 1734 489 1786 πότε
529 1737 595 1806 τῇ
634 1738 760 1806 σκιᾷ
793 1735 1215 1807 παρακάθησθες
1253 1735 1361 1788 ἰδοὺ
1394 1734 1760 1804 γὰρὲξῚοὺδα

1866 567 1994 605 vero
2044 550 2177 605 dicit
2222 551 2341 603 lecti
2386 563 2617 620 tempus.
2662 550 2891 605 Nomine
2928 568 3086 619 porro
3132 553 3327 616 noctis,
3358 555 3431 607 in-

1863 643 2009 697 dicat
2058 642 2416 696 invisibilium
2457 658 2637 695 rerum
2686 644 3223 713 contemplationem,
3265 644 3329 697 ad
3358 645 3427 698 si-

1869 738 2228 792 militudinem
2256 736 2588 808 Moysis,qui
2621 737 2672 788 in
2698 737 2927 806 caligine
2960 736 3081 799 fuit,
3111 739 3161 789 in
3187 753 3291 807 qua
3316 754 3433 791 vet--

1867 830 2088 884 sabatur
2122 829 2283 884 Deus.

2507 916 2784 985 Ejusdem.

1934 1009 2252 1078 lgnoraltam
2302 1010 2448 1063 enim
2478 1010 2602 1079 quis
2649 1020 2793 1063 esset
2818 1011 2913 1079 qui
2945 1027 3031 1065 tne
3067 1012 3424 1067 vulnerasset.

1866 1100 1995 1154 Mihi
2024 1102 2370 1156 decumbenti
2402 1100 2495 1156 Dei
2526 1102 2889 1171 cognitionem
2940 1104 3135 1157 indidit
3165 1103 3424 1159 Verbum.

1863 1196 1939 1249 Ac
1971 1196 2216 1263 protinus
2247 1210 2475 1263 surgens
2511 1209 2699 1263 quem
2723 1210 2844 1249 eum
2877 1197 2966 1266 qui
2999 1212 3084 1250 me
3108 1197 3429 1260 vulnerav’t,

1863 1302 2104 1357 rogoque
2133 1287 2284 1339 illum
2313 1295 2370 1339 ut
2403 1301 2587 1339 coram
2625 1302 2713 1341 me
2745 1302 2803 1341 se
2838 1287 3030 1353 sistat,
3060 1303 3122 1341 ac
3154 1288 3431 1342 circumeo

1865 1394 2112 1449 qurercns
2144 1380 2439 1449 patruelem
2470 1395 2675 1435 meum.

1934 1467 2260 1535 Egredimini
2288 1482 2335 1523 et
2380 1471 2565 1534 videte,
2596 1472 2723 1540 ﬁlia:
2762 1469 2915 1533 Sion,
2967 1487 3133 1540 regem
3180 1471 3423 1526 Sulotmo

1862 1572 1976 1609 nent
1992 1558 2059 1611 “.

1932 1646 2143 1703 Judazos
2175 1649 2381 1718 pudore
2412 1650 2573 1703 aﬁieit
2611 1650 2840 1706 dicendo
2878 1648 3225 1720 Egredimini,
3258 1650 3421 1720 quasi

1861 1736 2065 1791 diceret
2097 1753 2110 1788 :
2148 1737 2443 1807 Quousque
2496 1738 2548 1791 in
2600 1739 2790 1791 umbra
2838 1738 3078 1793 sedetis?
3116 1754 3241 1793 ecce
3281 1740 3427 1794 enim

177 1823 543 1877 ἀνατέταλκεν
574 1829 601 1879 6
635 1827 854 1897 Κύριος,
882 1828 1102 1898 ἀγάπην
1146 1826 1252 1878 ἀπὸ
1300 1825 1615 1896 θυγατέρων
1670 1826 1756 1877 Ἰε-

1864 1843 1929 1881 ex
1960 1825 2099 1881 Juda
2139 1826 2399 1882 Dominus
2442 1836 2596 1882 ortus
2637 1837 2738 1894 est,
2775 1830 3096 1883 eltaritatem
3141 1844 3169 1882 a
3215 1829 3429 1883 ﬁliabus

179 1915 490 1986 ρουσαλήμ.
527 1917 598 1969 Τὸ
624 1919 839 1990 στερεὸν
867 1919 976 1973 τῶν
998 1918 1272 1988 λογισμῶν
1295 1959 1308 1981 ,
1344 1918 1375 1986 ἢ
1430 1919 1482 1969 οἱ
1515 1916 1765 1986 ἐσωτέρω

177 2004 319 2059 λίθοι
347 2009 509 2077 ἆγιοι.
558 2011 651 2065 Ἐν
686 2011 766 2077 τῷ
787 2011 1085 2081 στεφάνῳ,
1126 2006 1175 2079 ᾧ
1196 2010 1620 2082 ἐστεφάνωσεν
1661 2011 1764 2061 αὺ-

177 2099 294 2152 τὸν
318 2101 573 2171 ἠμήτηρ
602 2105 807 2158 αὐτοῦ.
849 2106 1116 2172 Ἐθηκας
1143 2105 1272 2175 γὰρ,
1316 2103 1469 2172 φησι,
1510 2102 1608 2155 ἐπὶ
1650 2101 1763 2171 τὴν

176 2192 460 2259 κεφαλὴ-ν
490 2195 675 2248 αὑτοῦ
715 2196 1019 2264 στέφανοι·
1050 2197 1118 2250 ἐκ
1152 2198 1324 2249 λίθου
1354 2196 1569 2263 τιμίου.

251 2282 571 2347 Καταϐἠτω
593 2284 911 2354 ἀδελφιδός
936 2304 1054 2355 μου
1076 2289 1161 2351 εις
1184 2285 1383 2353 κῆπον
1413 2285 1620 2337 αὑτοῦ.

255 2371 493 2426 Πνεῦσόν
528 2392 639 2444 μοι,
664 2371 708 2429 ὦ
731 2378 890 2445 Λόγε,
922 2378 1015 2430 καὶ
1043 2376 1251 2441 δίδαξόν
1282 2393 1348 2446 με
1373 2375 1439 2428 τὰ
1467 2375 1623 2442 λόγιά
1643 2390 1756 2438 σου,

176 2465 279 2516 κα)⁵
308 2464 376 2517 τὰ
408 2468 802 2538 προστάγματά
835 2485 926 2521 σου
962 2468 1311 2538 κατάγραψον
1356 2468 1447 2518 ἐπὶ
1473 2466 1534 2517 τὸ
1563 2465 1759 2528 πλάτος

172 2556 282 2624 τῆς
334 2558 559 2628 καρδίας
590 2576 712 2629 μου.
760 2562 980 2631 Ἑτοίμη
1008 2561 1208 2627 γέγονα
1240 2558 1454 2611 λοιπόν·
1502 2558 1755 2627 δύναμαι,

171 2651 244 2719 τῇ
272 2652 337 2720 σῇ
367 2651 544 2720 χάριτι
575 2652 931 2723 βοηθουμένη,
959 2652 1054 2706 καὶ
1093 2650 1475 2722 κυϐερνωμένη
1503 2653 1568 2720 τῇ
1597 2649 1759 2718 ἀορά-

171 2756 260 2808 τῳ
285 2758 377 2793 σου
409 2744 500 2795 καὶ
532 2744 919 2815 παντοδυνάμῳ
959 2746 1139 2816 χειρὶ,
1188 2745 1278 2796 καὶ
1308 2743 1479 2812 λόγων
1530 2741 1758 2796 ἀκοῦσαι

174 2828 362 2896 θείων,
399 2833 490 2887 καὶ
516 2836 828 2907 μυστηρίων
860 2836 1083 2908 μέτοχος
1110 2835 1381 2904 γενέσθαι.

1863 1919 2187 1973 Jerusalem.
2242 1918 2642 1987 Cogitatiouum
2693 1920 2944 1983 ﬁrmitas,
3002 1930 3091 1973 aut
3145 1918 3429 1972 interiores

1866 2010 2037 2065 sancti
2071 2010 2293 2079 lapides.
2337 2008 2401 2061 In
2437 2026 2629 2063 corona
2662 2026 2765 2080 qua
2809 2011 3075 2063 coronavit
3115 2026 3231 2062 eum
3260 2019 3429 2062 mater

1865 2120 1962 2157 sua
1984 2101 2051 2154 “.
2084 2101 2314 2154 Posuisti
2345 2101 2512 2165 enim,
2553 2100 2647 2165 ait,
2685 2117 2842 2169 super
2863 2110 3016 2169 caput
3045 2100 3157 2168 ejus
3182 2116 3428 2155 coronam

1864 2195 1928 2248 de
1955 2193 2131 2261 lapide
2152 2194 2378 2260 pretioso
2398 2192 2468 2246 “.

1937 2285 2225 2339 Descendat
2255 2284 2508 2353 plumulis
2531 2300 2673 2337 meus
2709 2286 2759 2336 in
2786 2286 2993 2337 hortum
3017 2300 3169 2337 suum
3189 2283 3252 2336 ⁸⁸.

1936 2374 2068 2428 Allia
2102 2390 2207 2438 me,
2240 2390 2272 2428 ο
2314 2373 2566 2437 Verbum,
2611 2384 2661 2427 et
2687 2374 2818 2429 doce
2850 2390 2933 2427 me
2965 2376 3123 2442 eloqu
3152 2390 3182 2428 a
3211 2382 3324 2435 tua,
3365 2391 3428 2429 ac

1865 2475 2130 2535 praecepta
2173 2474 2263 2519 tua
2302 2466 2585 2520 conscribo
2628 2466 2682 2519 in
2720 2467 2902 2519 tabula
2949 2466 3131 2519 cordis
3175 2464 3299 2518 mei.
3328 2463 3430 2519 Pa-

1864 2564 1979 2610 rata
2007 2557 2119 2625 jam
2168 2572 2287 2611 sum
2324 2576 2337 2610 :
2367 2572 2611 2627 possum,
2650 2567 2739 2612 tua
2775 2558 3072 2611 auxiliante
3100 2559 3294 2628 gratia,
3336 2566 3427 2610 tua

1867 2648 2128 2703 invisibili
2193 2656 2246 2703 et
2312 2651 2680 2718 omnipotente
2741 2651 3072 2719 gubernante
3124 2665 3322 2714 manu,
3374 2659 3431 2704 et

1864 2737 2030 2792 verba
2074 2738 2265 2793 audire
2311 2739 2490 2794 divina
2516 2782 2529 2805 ,
2565 2750 2619 2795 et
2669 2741 3058 2811 mysteriorum
3102 2754 3222 2796 esse
3265 2740 3431 2810 parti-

1864 2845 2012 2900 ceps.

936 3180 1367 3245 ΑΡΡΕΝΙΠΧ
1417 3183 1529 3243 AD
1568 3181 2096 3246 FRAGMENTA
2143 3180 2253 3247 1Ν¹
2306 3182 2693 3247 CANTICA.

1574 3549 2059 3612 ADMONITIO.

252 3735 495 3790 Homilia
516 3734 853 3806 subsequens,
890 3736 1046 3789 otiosi
1073 3747 1117 3789 et
1141 3737 1373 3807 imperiti
1398 3739 1625 3792 hominis
1653 3740 1984 3806 opusculum,
2008 3754 2071 3790 rx
2094 3738 2270 3791 codice
2297 3754 2393 3790 ms.
2426 3737 2746 3790 bibliotheca?
2770 3736 3132 3791 Ambrosiam:
3165 3754 3308 3793 nunt.
3336 3741 3424 3805 55,

172 3832 357 3901 prodit
383 3849 401 3886 :
428 3849 488 3886 eo
538 3845 791 3900 tempore.
834 3840 891 3884 ut
946 3835 1206 3888 a'stimare
1241 3834 1400 3899 licet,
1449 3834 1679 3897 editum,
1734 3851 1836 3899 quo
1870 3834 2152 3887 Mane/uri
2180 3834 2233 3885 in
2272 3831 2483 3885 Oriente
2525 3831 2700 3883 turbas
2735 3830 2951 3895 dabant,
2974 3832 3109 3901 quod
3140 3836 3427 3901 prmertim

176 3943 385 3992 octavo,
431 3944 565 3980 nono
601 3938 649 3980 et
679 3930 879 3981 decinto
920 3932 1114 3981 sceculo
1157 3932 1371 3999 contigit
1397 3946 1413 3983 .'
1439 3947 1562 3982 nam
1592 3932 1819 3998 scriptor
1853 3931 1949 3983 iste
1986 3929 2330 3989 Manio/ures,
2357 3938 2413 3980 ut
2442 3938 2561 3979 tunc
2594 3927 2815 3994 rigentes
2852 3936 3241 3979 commemorat.
3271 3924 3426 3979 Jero-

176 4024 439 4094 solymatn
462 4039 579 4077 vero
605 4024 804 4075 adiisse
838 4038 892 4074 se
924 4024 1259 4090 testiﬁcatur,
1290 4025 1380 4075 ubi
1416 4024 1588 4077 locum
1612 4024 1813 4079 Christi
1856 4025 2137 4093 suspendio
2164 4032 2522 4075 consecratum
2553 4021 2620 4073 ad
2644 4022 3039 4089 septentrionem
3073 4020 3429 4091 Jerosolymo-

177 4136 298 4174 rum
334 4122 497 4173 situm
524 4118 781 4187 afﬁrmat.
814 4115 988 4170 Hasce
1016 4116 1197 4187 quales
1220 4117 1399 4187 quales
1445 4135 1632 4173 merces
1667 4119 1761 4171 tibi
1787 4160 1801 4183 ,
1830 4119 1995 4172 lector
2036 4119 2240 4172 erudite
2260 4160 2274 4182 ,
2307 4117 2546 4171 sistimus
2573 4130 2589 4167 :
2626 4116 2770 4185 quia,
2801 4116 2899 4168 etsi
2933 4114 3305 4183 supposilititv,
3330 4130 3426 4168 suo

177 4215 362 4283 fructu
391 4231 492 4266 non
521 4222 730 4278 vacant,
760 4222 816 4265 ut
851 4210 1091 4281 pluribus
1116 4221 1193 4265 est
1219 4229 1252 4265 a
1292 4211 1439 4265 nobis
1464 4212 1600 4266 alias
1623 4215 2046 4283 comprobatum.

219 4376 334 4433 Τοῦ
363 4376 548 4450 αυτοῦ
576 4376 927 4450 Ἀθαναοέου
951 4377 1421 4450 ἀρχιεέτισξιόπου
1443 4375 1719 4441 Ἀλεξαν-

1862 4379 2107 4450 Ejusdem
2140 4377 2197 4431 S.
2244 4376 2519 4450 Athanasii
2554 4375 2931 4450 archiepiscopi
2987 4374 3320 4430 Alexandria
3368 4378 3423 4430 in

410 4446 608 4515 ὀρείας
635 4449 722 4511 εἰς
745 4446 809 4498 τὸ
835 4442 1179 4514 τᾼσιίάήτῶν
1212 4444 1516 4515 ᾀσμάτων.

250 4558 305 4613 1.
346 4557 577 4627 Ποθητοὶ
622 4558 671 4610 οἱ
714 4556 859 4623 λόγοι
907 4556 999 4607 καὶ
1033 4556 1306 4625 ἐράσμιοι,
1344 4556 1437 4607 καὶ
1480 4557 1561 4618 είς
1588 4557 1751 4627 οὐρα-

176 4653 305 4715 νοὺς
351 4649 661 4717 ἀνάγοντες,
712 4649 807 4701 καὶ
855 4646 1299 4716 πτεροποιοῖιντες
1337 4646 1461 4707 τοὺς
1505 4646 1748 4709 πιστούς.

177 4738 571 4811 Πτεροποιοῦσι
605 4738 710 4808 γὰρ
739 4734 954 4807 ἀληθῶς
992 4735 1049 4787 αἱ
1082 4734 1219 4786 θεῖαι
1252 4733 1463 4804 Γραφαὶ
1504 4733 1627 4794 τοὺς
1666 4751 1755 4785 πι-

180 4834 341 4893 στοὺς
373 4828 451 4899 τῷ
482 4828 628 4898 πόθῳ
657 4826 765 4879 τῶν
793 4824 1074 4895 οὐρανίων.
1107 4822 1303 4875 Τοῦτον
1336 4823 1444 4895 γὰρ
1476 4822 1564 4876 τὸν
1591 4821 1753 4875 πόθον

179 4924 320 4992 ἔχων
355 4914 434 4983 εἷς
456 4937 539 4983 τις
564 4920 668 4971 τῶν
695 4916 865 4985 ἁγίων
905 4916 1057 4983 ἔλεγε
1079 4933 1091 4945 ’
1135 4916 1231 4979 Τίς
1255 4913 1373 4982 δῴη
1406 4932 1507 4984 μοι
1540 4914 1752 4982 πτέρι*-

179 5031 289 5083 γας
312 5012 453 5066 ὡσεὶ
491 5006 863 5077 περιστερᾶς,
892 5008 989 5061 καὶ
1020 5006 1493 5074 πετασθήσομαι,
1519 5006 1616 5058 καὶ
1648 5022 1753 5058 κα-

178 5104 499 5165 ταπαύσω;
545 5102 602 5154 Ὀ
638 5101 801 5164 πόθος
832 5100 938 5154 τῶν
967 5100 1231 5169 οὐρανίων
1268 5098 1427 5151 αὐτὸν
1458 5096 1630 5161 εἷλκε,
1662 5098 1753 5151 καὶ

178 5194 586 5263 ὲπτεροποιείτο
618 5192 778 5243 αὑτὸν
810 5191 918 5243 τῶν
946 5191 1116 5258 ἁγίων
1161 5192 1189 5243 6
1232 5188 1375 5251 νοῦς,
1399 5187 1756 5241 ἒπιλανοανο-

180 5286 360 5356 μένων
386 5282 493 5338 τῶν
517 5284 719 5353 γηίνων
748 5284 841 5336 καὶ
858 5282 965 5335 τῶν
982 5282 1316 5352 ἐπουρανίων
1344 5298 1407 5350 με
1416 5279 1751 5350 ριμνώντων.

177 5378 283 5431 Τὸν
314 5376 422 5447 γὰρ
454 5375 577 5428 νοῦν
602 5376 811 5429 ἑαυτῶν
837 5375 1015 5438 δόντες
1050 5377 1128 5437 εἰς
1166 5376 1254 5425 τὸν
1276 5371 1520 5444 οὐρανὸν,
1547 5372 1637 5424 καὶ
1659 5390 1755 5424 πο-

175 5468 400 5531 θοῦντες
429 5468 496 5520 τὰ
516 5468 757 5537 οὐράνια.
791 5467 1211 5521 ἐπελανθάνοντο
1238 5465 1343 5517 τῶν
1374 5466 1596 5534 γηίνων.
1617 5465 1752 5517 Τοῦ-

172 5576 269 5615 τον
301 5560 411 5630 γὰρ
441 5559 532 5612 τὸν
560 5559 724 5612 πόθον
745 5560 883 5630 ἔχων
906 5561 998 5613 καὶ
1025 5558 1236 5619 Παῦλος
1266 5559 1294 5608 6
1323 5553 1617 5618 ἀπόστολος
1640 5554 1752 5607 ἔλε-

255 5735 304 5767 ⁵²
331 5733 491 5792 Cant.
523 5751 603 5801 ιιι,
638 5736 725 5789 ll.
803 5734 849 5767 “
883 5734 1013 5789 ibid.
1102 5733 1148 5766 “
1177 5732 1323 5788 Psal.
1356 5748 1446 5797 xx,
1480 5736 1532 5787 4.

1609 5731 1655 5763 ⁸⁸
1682 5730 1838 5787 Cant.
1866 5746 1939 5797 Vl,
1974 5730 2022 5784 l.

2311 4445 2588 4499 Canticum
2614 4446 2960 4498 canticorum.

1935 4562 1978 4612 l.
2036 4557 2435 4612 Desiderabiles
2464 4572 2786 4617 sermones,
2844 4556 3111 4611 amabiles
3158 4567 3319 4626 atque
3368 4574 3421 4611 tn

1855 4650 2051 4704 coelum
2094 4650 2448 4712 adducentes,
2478 4648 2593 4702 alas
2624 4664 2842 4717 quoque
2872 4648 3121 4702 ﬁdelibus
3142 4649 3420 4703 addentes.

1856 4740 2063 4795 Divitiae
2100 4742 2302 4810 quippe
2338 4739 2637 4810 Scriptura
2680 4738 2864 4793 ﬁdeles
2896 4756 2958 4793 ex
2987 4741 3288 4795 caelestium
3332 4757 3421 4795 re-

1855 4847 1976 4884 rum
2002 4830 2276 4883 desiderio
2304 4845 2488 4883 revera
2522 4829 2624 4883 alis
2657 4828 2957 4883 instruunt.
3000 4828 3121 4894 Quo
3152 4830 3424 4884 desiderio

1860 4928 2038 4972 motus
2103 4926 2418 4972 sanctorum
2478 4918 2749 4986 quispiam
2801 4918 3058 4971 dicebat:
3096 4918 3225 4983 Quis
3274 4918 3422 4971 dabit

1858 5011 1985 5063 mihi
2037 5026 2233 5077 pennas
2276 5010 2412 5063 sicut
2462 5007 2749 5072 coluntbte,
2795 5016 2842 5059 et
2894 5007 3077 5059 volabo
3122 5018 3171 5060 et
3221 5009 3425 5077 requie-

1858 5103 2103 5155 scant“?
2144 5101 2419 5155 Trabebat
2452 5103 2626 5170 ipsum
2664 5100 2966 5155 cmlestium
3000 5116 3180 5155 rerum
3208 5101 3424 5155 deside-

1858 5194 2037 5255 rium,
2093 5192 2208 5245 alas
2242 5191 2419 5246 eidem
2464 5191 2694 5245 addebat
2743 5206 2895 5245 mens
2951 5190 3040 5244 illa
3091 5199 3400 5245 sanctorum

1862 5284 2324 5353 quiterrenorum
2372 5284 2790 5345 obliviscuntur,
2837 5292 2999 5351 atque
3054 5298 3215 5335 unam
3264 5282 3399 5336 cwle

1862 5376 2024 5429 stium
2060 5386 2253 5443 gerunt
2286 5375 2733 5429 sollicitudinem.
2768 5374 2903 5427 Cum
2944 5374 3088 5427 enim
3121 5372 3221 5437 ipsi
3252 5382 3424 5426 sanet.

1862 5474 2097 5519 mentem
2130 5476 2298 5518 totam
2343 5464 2483 5519 C(BIO
2522 5463 2835 5528 dedissent,
2868 5471 2919 5517 et
2949 5462 3252 5518 ctelestium
3284 5461 3427 5514 duu-

1864 5566 2015 5610 taxat
2040 5556 2291 5627 cupidine
2326 5565 2659 5622 tenerentur,
2681 5555 2967 5611 veniebant
2998 5556 3053 5610 in
3084 5564 3422 5610 terrenarum

2098 5730 2145 5763 “
2176 5730 2320 5787 Psal.
2354 5747 2460 5797 ur,
2497 5732 2545 5786 7.
