4094 6322
148 378 296 437 I353

1299 371 1722 430 FRAGMENTA
1764 368 1830 422 lN
1869 366 2190 424 CANTICA.

3265 369 3404 428 1556

144 492 254 550 καὶ
301 495 601 548 πλούσιοι·
645 490 952 562 ψεύστην
986 493 1138 563 ὁρᾶς,
1173 494 1253 545 ὅτι
1301 493 1518 562 μισητοὶ
1561 491 1727 552 ὅντως

1846 499 2002 554 piam
2028 487 2201 540 odiosi
2232 487 2373 555 apud
2408 487 2696 542 Dominum
2725 504 2885 544 senes
2913 489 3027 544 illi?
3056 488 3193 544 Cum
3221 491 3405 562 itaque

147 587 305 660 παρὰ
337 588 414 659 τῷ
435 587 623 658 Κυρίῳ
665 588 859 639 ἐκεῖνοι
887 588 935 640 οἱ
969 586 1252 657 γέροντες
1299 587 1387 638 ὅτε
1431 582 1526 638 οὖν
1568 585 1731 638 ἐπαν-

148 681 392 749 έστησαν
427 683 492 751 τῇ
531 680 774 751 μακαρία
801 681 1092 751 Σουσάννῃ,
1129 679 1351 751 μηδενὸς
1399 680 1734 748 ὑπαρχοντος

149 774 210 826 ὲν
250 774 329 844 τῷ
354 773 522 845 τόπῳ,
561 774 800 836 θέλοντες
837 773 932 843 τὴν
965 773 1234 845 ῥαθυμίαν
1281 773 1487 827 ἑαυτῶν
1525 772 1735 825 ἐκτελέ-

152 882 269 928 σαι,
300 865 460 935 αὕτη,
496 865 1009 935 συμόουλευσαμένη
1055 866 1110 916 ὲν
1138 865 1301 934 ἑαυτῇ
1347 863 1424 933 τῷ
1468 862 1730 931 λογισμῷ,

150 958 466 1028 εὐνούχισεν
498 959 693 1029 ἑαυτὴν
726 958 812 1011 διὰ
853 959 950 1028 τὴν
1000 956 1272 1026 βασιλείαν
1315 957 1421 1009 τῶν
1466 955 1727 1026 οὐρανῶν.

155 1050 480 1119 Ἀνθρωπος
515 1050 615 1119 μὲν
660 1048 768 1120 γὰρ
793 1049 1078 1120 ἄνθρωπον
1115 1050 1351 1120 τηρῆσαι
1390 1049 1450 1102 οὐ
1478 1048 1727 1102 δύναται·

150 1141 278 1193 οὐδὲ
309 1142 490 1212 μήτηρ
520 1140 794 1211 θυγατέρα
820 1140 1039 1209 ἑαυτῆς,
1069 1140 1191 1194 οὐδὲ
1224 1140 1479 1210 παιδίσκη
1511 1142 1728 1212 κυρίαν,

151 1231 254 1286 ἐὰν
277 1230 350 1301 μὴ
378 1233 405 1283 6
426 1231 651 1301 εὐσεϐὴς
679 1233 934 1302 λογισμὸς
959 1231 1129 1300 φύλαξ
1153 1231 1375 1300 γένηται
1401 1230 1494 1284 τοῦ
1527 1231 1736 1304 ἀνθρὼ-

152 1342 282 1379 που.
309 1324 408 1378 Διά
441 1326 616 1391 τοῦτο,
652 1320 695 1378 ὧ
728 1326 878 1396 ἆνερ,
905 1325 1222 1394 εὐνουχίσας
1257 1325 1478 1378 σεαυτὸν
1523 1326 1608 1378 διὰ
1636 1327 1736 1396 τὴν

154 1415 436 1487 βασιλείαν
479 1417 586 1471 τῶν
625 1417 891 1488 οὐρανῶν,
925 1418 1018 1470 καὶ
1052 1417 1139 1479 σὺ,
1167 1411 1211 1469 ὦ
1240 1417 1419 1485 γύναι,
1452 1418 1531 1471 ἔτι
1564 1420 1736 1486 ἀσφα-

151 1508 413 1580 λέστερον
444 1510 680 1580 νοήσασα
724 1508 786 1562 τὸ
830 1509 1010 1581 ῥητὸν,
1041 1509 1474 1580 ἐπισκεψαμένη,
1506 1509 1734 1579 δοκίμα-

153 1617 252 1653 σον
305 1600 533 1672 σεαυτὴν
587 1600 821 1668 λέγουσα
864 1599 1352 1669 τόοἝξεγὲρθητι,
1383 1599 1595 1668 ﬂagiti,
1641 1602 1738 1654 καὶ

151 1693 364 1763 ἔρχου,
385 1693 520 1746 νὸτε
543 1708 557 1721 ’
585 1692 956 1746 διάπνευσον
985 1692 1186 1761 κῆπόν
1209 1710 1348 1761 μου,
1393 1693 1489 1746 καὶ
1508 1693 1736 1761 ῥευσά-

151 1800 362 1838 τωσαν
391 1783 665 1852 ἀρώματά
707 1784 981 1853 μου.⁹’οτε
1015 1783 1123 1857 γὰρ
1168 1783 1367 1854 Κύριος
1413 1784 1503 1836 καὶ
1549 1783 1736 1854 Σωτὴρ

150 1875 318 1947 ἡμῶν
367 1873 704 1946 ἐσταυρώθη,
731 1875 818 1928 ὅτε
869 1876 898 1923 δ
943 1875 1094 1946 ἣλιος
1139 1875 1450 1940 ἐσκότασεν,
1478 1877 1570 1930 καὶ
1600 1877 1630 1945 ἡ
1663 1875 1734 1945 γῆ

151 1969 386 2030 ἐσείετο,
416 1969 502 2020 ὅτε
549 1968 606 2019 αἱ
658 1967 854 2038 πέτραι
904 1967 1196 2036 ἐσχίζοντο,
1247 1968 1338 2020 καὶ
1380 1969 1449 2022 τὰ
1498 1971 1737 2038 μνημεῖα

150 2059 469 2126 ἀνοίγοντοσ
501 2057 662 2125 φόϐος
691 2060 898 2127 συνεῖχε
934 2057 1054 2108 τότε
1095 2058 1220 2120 τοὺς
1262 2057 1525 2128 μαθητὰς,
1557 2059 1632 2128 μὴ
1666 2059 1739 2109 εί-

149 2152 320 2216 δότας
345 2152 404 2205 τό
426 2167 436 2180 ·
468 2149 714 2214 Πατάξω
737 2150 843 2202 τὸν
867 2149 1140 2218 ποιμένα,
1162 2151 1257 2203 καὶ
1281 2149 1741 2216 διασκορπισθή-

150 2262 372 2300 σονται
400 2244 472 2298 τὰ
503 2243 764 2312 πρόϐατα
806 2241 914 2307 τῆς
951 2242 1240 2308 ποίμνης·
1265 2241 1384 2293 τότε
1419 2243 1467 2294 οἱ
1500 2241 1739 2311 μαθηταὶ

149 2337 247 2392 διὰ
277 2337 370 2390 τὸν
413 2334 575 2402 φόϐον
620 2334 728 2387 τῶν
766 2334 1035 2387 Ἰουδαίων
1080 2335 1417 2404 ὁμοθυμαδὸν
1464 2332 1605 2407 ἦσαν
1659 2337 1738 2397 εἰς

151 2428 369 2482 κὲλλιον
396 2424 778 2496 κρυπτόμενοι.
803 2424 894 2495 Μὴ
921 2424 1108 2495 παρὼν
1141 2424 1196 2476 δὲ
1223 2424 1455 2478 ἐνταῦθα
1484 2425 1738 2488 Ἰουδαῖος

151 2516 486 2588 χλευαζέτω,
536 2516 668 2586 μηῗὲ
717 2514 928 2568 ἁκούων
956 2514 1154 2585 Ἕλλην
1193 2517 1528 2585 γελὰτω.Έν
1567 2517 1741 2589 τούτῳ

150 2609 269 2678 γὰρ
294 2607 393 2678 τὴν
426 2606 614 2660 ἐλπίδα
659 2606 853 2678 ἔχομεν
874 2625 886 2637 ε
927 2606 1014 2660 διὰ
1055 2606 1210 2660 τοῦτο
1245 2609 1336 2660 καὶ
1361 2611 1738 2680 παρρησιαζό-

153 2715 324 2769 μενος
351 2696 514 2750 λαλῶ.
544 2690 710 2758 Οὗτος
741 2697 846 2766 γὰρ
873 2698 899 2747 ὁ
930 2695 1273 2765 κρεμάμενος
1305 2695 1395 2748 ἐπὶ
1433 2696 1613 2762 ξύλου,
1647 2697 1741 2750 αὐ-

147 2791 252 2854 τός
281 2792 428 2843 ἐστιν
457 2792 490 2860 ἡ
535 2789 779 2858 σωτηρία
808 2787 995 2857 ἡμῶν·
1025 2788 1057 2857 ἡ
1088 2786 1194 2857 γὰρ
1218 2787 1406 2839 τούτου
1436 2787 1742 2859 σταύρωσις

149 2882 432 2955 κάθαρσις
458 2879 739 2951 ἁμαρτιῶν
765 2875 849 2950 ἦν,
888 2880 996 2932 Καὶ
1019 2874 1086 2949 ἧν
1119 2880 1298 2948 θέαμα
1334 2879 1476 2950 μέγα
1513 2882 1633 2934 τότε
1658 2899 1743 2946 γι-

147 2973 441 3044 γνόμενον,
466 2973 567 3035 ὅτι,
594 2970 686 3024 τοῦ
718 2971 967 3040 σώματος
999 2971 1419 3040 σταυρουμένου,
1442 2973 1474 3040 ἡ
1500 2973 1741 3042 ἁμαρτία

148 3065 409 3119 ἔπιπτεν.
437 3064 498 3116 ΕΞ
535 3062 608 3134 μὴ
637 3064 746 3134 γὰρ
767 3059 835 3133 ἦν
879 3056 1030 3123 οὗτος
1059 3062 1470 3132 ἐσταυρωμένος
1499 3063 1625 3132 ἄχρι
1646 3063 1740 3116 τοῦ

150 3158 278 3221 νῦν,
308 3157 522 3226 εἵλομεν
551 3157 676 3219 τοὺς
713 3154 988 3226 μώλωπας
1016 3157 1109 3208 καὶ
1141 3155 1236 3219 τὰς
1265 3155 1549 3219 ἀσθενείας
1581 3158 1636 3208 ὲν
1663 3154 1741 3226 τῷ

151 3251 399 3322 σώματι.
423 3251 532 3304 Καὶ
549 3248 768 3320 θεωρῶν
798 3249 955 3320 ἡμῶν
977 3251 1004 3302 6
1023 3247 1265 3312 διάϐολος
1291 3248 1351 3301 τὺ
1371 3248 1592 3313 ἀσθενὲς
1617 3267 1745 3302 κατ-

151 3343 394 3414 εγαυρία
427 3340 585 3414 ἡμῶν
627 3339 1054 3410 ὲπανιστάμενος
1089 3337 1214 3392 καθ’
1253 3338 1430 3410 ἡμῶν.
1459 3337 1606 3393 Ehe
1637 3338 1744 3410 γὰρ

152 3437 192 3490 ὁ
211 3434 448 3506 ἐχθρός·
471 3431 690 3496 Διώξας
711 3428 1149 3498 καταλήψομαι.
1184 3428 1282 3481 Διὰ
1301 3429 1457 3482 τοῦτο
1478 3432 1506 3483 6
1521 3430 1743 3500 Κύριος,

154 3529 461 3592 κατελθὼν,
497 3525 633 3595 πρὸς
659 3524 850 3576 οὐδένα
876 3519 1038 3593 ἦλθεν
1067 3525 1116 3573 εἰ
1167 3521 1242 3592 μὴ
1288 3523 1423 3594 πρὸς
1452 3523 1542 3576 τὸν
1569 3523 1748 3576 διάϐο-

153 3622 284 3674 λονο
322 3620 526 3680 ἐκεῖνος
555 3615 663 3684 γὰρ
690 3610 757 3684 ἦν
793 3612 1020 3673 ό.διδούς
1048 3614 1180 3684 ἡμῖν
1208 3611 1277 3666 τὰ
1302 3613 1608 3685 τραύματα,
1652 3615 1746 3669 καὶ

152 3711 480 3781 διαφθείρας
507 3709 653 3779 ἡμᾶς
690 3707 749 3759 ἐν
785 3707 904 3768 ταῖς
944 3705 1265 3769 ἀσθενείαις,
1297 3705 1398 3759 Διὰ
1428 3706 1584 3759 τοῦτό
1613 3725 1745 3777 φησι

153 3807 186 3859 6
237 3803 445 3874 Κύριος
494 3800 699 3869 λέγων’
740 3797 899 3852 Ἰδοὺ
927 3796 1042 3867 ἐγὼ
1069 3797 1216 3865 πρὸς
1250 3797 1346 3861 σὲ,
1387 3795 1453 3850 τὸ
1501 3797 1633 3865 ὅρος
1681 3796 1745 3849 τὸ

154 3891 616 3964 διεφθαρμένον,
639 3889 703 3943 τὸ
733 3888 1074 3958 διαφθεῖρον
1105 3887 1313 3943 πᾶσαν
1340 3889 1455 3957 τὴν
1483 3888 1614 3959 γῆν.
1649 3889 1746 3944 Διὰ

153 3986 322 4040 τοῦτο
360 3981 454 4037 οὐν
494 4000 661 4054 φησι·
691 3983 781 4052 Μὴ
810 3982 1021 4050 γελάτω
1056 3981 1324 4046 Ἰουδαῖος,
1355 3983 1459 4035 τῶν
1490 3983 1747 4055 μαθητῶν

156 4075 579 4150 κρυπτομένων,
613 4074 707 4126 καὶ¹
754 4071 849 4126 τοῦ
902 4072 1150 4142 σώματος
1184 4073 1606 4143 σταυρουμένου.
1640 4071 1746 4125 Τοῦ

155 4171 274 4242 γὰρ
326 4168 574 4240 σώματος
618 4165 934 4235 κινουμένου
979 4166 1036 4217 ὲν
1080 4163 1157 4235 τῷ
1208 4164 1444 4236 σταυρῷ,
1494 4166 1522 4217 6
1575 4167 1746 4234 Λόγος

1769 3180 1811 3238 c
1847 3149 2048 3219 batque
2097 3149 2254 3204 nobis
2289 3169 2301 3203 :
2339 3166 2460 3204 nam
2501 3151 2649 3204 Dixit
2682 3153 2927 3206 inimicus
2963 3169 2982 3206 :

1832 576 2002 632 beata:
2060 577 2322 634 Susannze
2377 581 2760 648 imminerent,
2805 583 3021 637 nemine
3055 592 3167 637 tum
3199 583 3250 637 in
3283 584 3404 639 loco

1834 679 2130 736 pra-sonte,
2178 686 2289 725 suae
2333 672 2598 727 satiandae
2635 673 2875 729 libidinis
2923 676 3239 746 pereupidi;
3285 677 3401 745 ipsa

1833 760 2065 814 consilio
2113 761 2255 831 apud
2315 764 2664 832 semetipsam
2717 765 2926 829 habito,
2976 781 3097 820 sese
3145 769 3401 823 castravit

1833 860 2056 920 propter
2100 869 2327 922 regnum
2361 859 2647 911 (ωιυι-ιηιι,
2692 855 2866 911 llotno
2911 857 3110 928 quippe
3153 875 3258 914 non
3307 875 3404 930 po-

1835 955 1938 998 test
1963 946 2240 1000 hominem
2275 949 2572 1014 custodire,
2601 965 2779 1020 neque
2803 961 2973 1004 mater
3000 952 3164 1006 ﬁliam
3185 993 3200 1017 ,
3227 967 3405 1022 neque

1837 1037 2042 1091 ancilla
2072 1038 2376 1106 dominam,
2407 1041 2510 1094 nisi
2537 1042 2622 1110 pia
2655 1043 2915 1112 cogitatio
2949 1051 3133 1097 custos
3165 1043 3405 1097 hominis

1833 1125 2086 1181 adfuerit.
2114 1127 2368 1198 Ideoque,
2406 1131 2590 1194 homo,
2617 1132 2870 1200 quisquis
2905 1132 3001 1198 sis,
3031 1133 3124 1201 qui
3169 1133 3404 1201 teipsum

1835 1225 2087 1277 castrasti
2112 1233 2332 1293 propter
2373 1241 2596 1294 rrgnum
2637 1225 2903 1278 C(L'lorum
2941 1244 2953 1277 :
2989 1233 3042 1278 et
3077 1233 3155 1286 tu,
3187 1225 3404 1288 mulier,

1838 1324 2012 1369 tecum
2044 1317 2227 1370 habita
2262 1317 2406 1370 illius
2439 1318 2716 1372 sententia:
2750 1319 2980 1379 ratione,
3025 1317 3249 1385 teipsam
3277 1332 3408 1371 exa-

1839 1410 2008 1462 mines
2035 1419 2088 1462 et
2110 1409 2258 1463 dicas
2282 1427 2294 1462 :
2320 1408 2506 1479 Surge,
2540 1412 2716 1480 aquilo
2739 1453 2751 1474 ,
2783 1421 2831 1464 ct
2864 1411 2997 1472 veni,
3020 1422 3218 1475 auster,
3239 1411 3406 1479 per/la

1838 1499 2045 1552 hortum
2095 1518 2298 1556 meum.
2341 1511 2387 1555 et
2420 1503 2587 1570 ﬂuant
2633 1512 2872 1556 aromata
2919 1520 3050 1557 mea.
3084 1503 3220 1558 Cum
3262 1505 3406 1557 enim

1842 1588 2102 1645 Dominus
2124 1601 2173 1646 et
2207 1590 2460 1645 Salvator
2495 1602 2678 1647 noster
2722 1595 3016 1648 cruciﬁxus
3046 1604 3149 1661 est,
3173 1609 3297 1649 cum
3328 1595 3408 1650 sol

1839 1681 2190 1737 obnubilatus
2224 1694 2326 1745 est,
2356 1695 2603 1753 terraque
2634 1686 2878 1752 tremuit,
2903 1702 3026 1740 eum
3063 1697 3229 1756 petra!
3260 1688 3410 1742 scin-

1839 1772 2115 1833 dereutur,
2151 1775 2400 1842 sepulcra
2438 1777 2802 1844 aperirentur,
2839 1787 2952 1831 tum
2989 1776 3218 1832 formido
3245 1779 3410 1833 disci—

1839 1867 1995 1936 pulos
2019 1870 2328 1936 occupavit,
2355 1870 2574 1939 ignaros
2604 1870 2748 1925 illius
2778 1872 3082 1937 sententias,
3106 1869 3410 1926 Percutiam

1838 1968 2124 2026 pastorem.
2161 1970 2210 2011 et
2236 1959 2598 2029 dispergentm‘
2630 1977 2742 2015 ores
2783 1963 2950 2032 gregis
2972 1963 3056 2018 "z
3091 1972 3203 2017 tum
3251 1963 3414 2018 disci-

1842 2049 1952 2118 puli
1986 2059 2207 2120 propter
2231 2061 2435 2103 metum
2460 2049 2773 2106 Judaeorum
2805 2054 3137 2106 unanimiter
3175 2062 3330 2108 erant
3357 2056 3412 2110 in

1841 2139 2084 2192 conclavi
2130 2140 2458 2194 absconditi.
2491 2140 2567 2195 Nc
2609 2146 2732 2211 quis
2762 2141 2979 2199 Judacus
3016 2144 3136 2199 istic
3174 2142 3414 2215 pracSens

1844 2233 2096 2294 irrideat,
2138 2249 2240 2287 neu
2286 2234 2408 2302 quis
2437 2233 2658 2286 Graecus
2707 2235 2820 2289 haec
2851 2236 3078 2291 audiens
3112 2236 3414 2295 cachinnos

1841 2323 2100 2376 clIundat.
2153 2322 2211 2375 In
2260 2323 2362 2378 hoc
2407 2338 2516 2376 uno
2561 2339 2712 2392 spem
2747 2326 3046 2391 habemus,
3083 2336 3416 2397 quapmpter

1841 2428 1966 2467 cum
2015 2414 2211 2468 ﬁducia
2247 2415 2460 2485 loquor.
2496 2413 2596 2469 llic
2624 2416 2769 2470 enim
2802 2417 2894 2486 qui
2928 2417 3125 2488 pendet
3151 2419 3206 2472 in
3242 2420 3414 2489 ligno,

1843 2503 1956 2575 ipse
1986 2513 2068 2557 est
2103 2506 2252 2560 salus
2289 2519 2510 2572 nostra;
2543 2523 2669 2560 nam
2698 2509 3022 2578 supplicium
3053 2511 3232 2565 crucis
3268 2513 3413 2580 quod

1844 2598 2012 2651 subiit
2033 2640 2047 2663 ,
2075 2599 2325 2668 purgatio
2358 2610 2708 2668 peccatorum
2743 2612 3055 2657 nostrorum
3084 2616 3225 2659 erat.
3265 2603 3419 2659 Fuit-

1844 2704 1950 2758 que
1985 2698 2114 2744 tunc
2148 2689 2520 2758 spectaculum
2548 2691 2752 2758 grande
2772 2730 2786 2753 ,
2815 2693 2960 2760 quod
2997 2696 3260 2749 cruciﬁxo
3291 2712 3418 2750 cor-

1844 2795 1996 2848 pore,
2030 2790 2314 2848 peccatum
2340 2781 2581 2834 caderet.
2610 2776 2722 2835 Nisi
2752 2781 2897 2835 enim
2925 2784 3220 2839 cruciﬁxus
3248 2799 3414 2854 esset,

1844 2874 2016 2942 plagis
2040 2873 2415 2942 vibicibusque
2453 2877 2504 2927 in
2540 2888 2769 2943 corpore
2813 2885 2976 2945 atque
3012 2877 3419 2936 inﬁrmitatibus

1844 2966 2202 3020 alliceremur.
2243 2965 2547 3034 Conspecta
2597 2981 2833 3036 namque
2879 2969 3129 3025 diabolus
3177 2973 3420 3028 imbecil-

1844 3058 1992 3111 litate
2023 3066 2247 3122 nostra,
2287 3057 2579 3113 adversum
2617 3074 2715 3116 nos
2756 3062 3133 3131 superbiebat,
3169 3064 3421 3120 immine-

3035 3153 3324 3226 Persequar
3367 3167 3419 3212 et

1847 3241 2280 3309 comprehendam
2334 3243 2400 3296 ⁵⁵.
2463 3241 2826 3308 Quamobrem
2873 3261 2996 3298 cum
3047 3245 3421 3303 descendisset

1845 3334 2130 3396 Dominus,
2163 3334 2434 3390 neminem
2465 3335 2728 3390 adversus
2761 3337 2913 3399 adiit,
2952 3337 3058 3389 nisi
3092 3337 3369 3392 diabolum
3403 3359 3416 3394 :

1845 3419 1934 3474 ille
1973 3421 2117 3474 enim
2149 3429 2265 3474 erat
2305 3420 2397 3488 qui
2432 3419 2656 3473 vulnera
2700 3421 2858 3474 nobis
2884 3420 3176 3487 inﬂixerat,
3213 3437 3423 3492 nosque

1847 3519 2168 3577 corruperat
2201 3510 2255 3564 in
2284 3511 2696 3566 inﬁrmitatibus
2723 3513 2943 3581 nostris.
2976 3511 3318 3584 Quapropter
3349 3520 3426 3570 ait

1851 3603 2115 3659 Dominus
2146 3622 2158 3657 :
2188 3601 2322 3657 Ecce
2359 3621 2450 3672 ego
2479 3606 2548 3657 ad
2587 3615 2661 3672 te,
2702 3622 2851 3658 mons
2877 3620 3123 3676 corrupte
3143 3647 3157 3672 ,
3185 3609 3278 3677 qui
3308 3627 3426 3662 cor-

1853 3698 2052 3766 rumpis
2092 3698 2390 3749 unicersam
2437 3707 2629 3749 terram
2654 3696 2719 3748 ”.
2757 3696 2879 3751 ldeo
2911 3699 3107 3768 inquit,
3153 3700 3230 3755 Ne
3257 3705 3428 3759 rideat

1852 3790 2074 3844 .ludaeus
2097 3830 2110 3852 ,
2166 3790 2451 3858 discipulis
2499 3789 2816 3854 latentibus,
2859 3800 3020 3861 atque
3049 3807 3278 3862 carpere
3302 3813 3427 3851 cru-

1853 3883 2039 3937 cifixo.
2081 3883 2218 3936 Cum
2263 3881 2408 3934 enim
2455 3896 2652 3950 corpus
2687 3882 2742 3935 in
2771 3897 2932 3937 cruce
2975 3885 3253 3952 penderet,
3295 3885 3429 3941 Ver-

1859 3978 1986 4032 bum
2019 3974 2271 4045 spoliavit
2301 3971 2600 4040 inl'ernum,
2644 3989 2708 4028 ac
2756 3973 3051 4031 ittfcrnales
3081 3978 3291 4033 ostiarii
3335 3981 3429 4036 illo

1855 4076 2148 4138 conspecto
2202 4063 2609 4119 exhorruerunt
2654 4083 2666 4119 :
2712 4081 2824 4133 quo
2883 4074 3126 4136 tempore
3173 4071 3432 4127 mulieres

1854 4159 2070 4230 corpori
2099 4159 2387 4222 astabant,
2416 4158 2471 4211 in
2507 4167 2865 4211 monumento
2896 4157 3285 4230 lacrymantes.

155 4267 460 4324 ὲσκύλευσε
485 4263 574 4316 τὸν
600 4261 734 4334 ᾷδην
756 4277 769 4291 ·
803 4259 896 4312 καὶ
918 4261 966 4311 οἱ
1015 4258 1250 4331 θυρωροὶ
1295 4258 1387 4313 τοῦ
1439 4258 1564 4328 ᾇδου
1619 4260 1906 4330 βλέποντες
1937 4256 2204 4325 ἔπτησσον
2223 4269 2238 4298 -.
2272 4253 2392 4305 τότε
2415 4250 2471 4302 αἱ
2500 4251 2754 4318 γυναῖκες
2783 4251 3158 4323 παρεκάθηντο
3207 4255 3284 4326 τῷ
3329 4256 3431 4310 σὼ’

159 4377 299 4432 ματι
340 4360 398 4410 ἐν
428 4355 504 4426 τῷ
537 4353 786 4426 μνημείῳ
811 4353 1113 4406 κλαίουσαι.

237 4474 292 4528 5.
334 4468 466 4523 Τότε
492 4467 541 4521 οἱ
573 4465 810 4537 μαθηταὶ
843 4464 935 4519 τοῦ
966 4465 1170 4536 Κυρίου
1205 4466 1312 4520 ἔσω
1342 4468 1399 4520 ὲν
1446 4467 1522 4537 τῷ
1563 4466 1742 4537 κελλίο

1934 4458 1988 4512 3.
2023 4455 2177 4511 Tunc
2209 4451 2394 4506 dicant
2431 4449 2687 4520 discipuli
2725 4449 2938 4504 Domini
2974 4450 3028 4504 in
3064 4454 3308 4509 conclavi
3353 4456 3435 4510 la-

158 4560 536 4636 κρυπτόμενοι
581 4557 907 4624 λεγέτωσαν.
961 4556 1352 4625 Ἑξεγέρθητι,
1388 4555 1602 4626 βορῤᾶ,
1650 4557 1747 4610 καὶ

157 4655 374 4722 ἔρχου,
409 4649 563 4702 νότε.
617 4645 988 4702 διάπνευσον
1015 4647 1212 4716 κῆπόν
1236 4667 1374 4718 μου,
1398 4650 1491 4702 καὶ
1524 4648 1751 4716 [leuca-

157 4757 374 4796 τωσαν
401 4736 676 4808 ἀρώματα
701 4754 820 4806 μου
847 4778 860 4790 .
885 4738 957 4790 T6
984 4737 1080 4809 μὲν
1115 4739 1274 4809 σῶμα
1302 4740 1364 4791 τὸ
1387 4741 1444 4792 ὲν
1471 4738 1548 4809 τῷ
1581 4739 1751 4810 βορρᾷ

161 4829 422 4900 κείμενον
452 4825 824 4899 ὲξεγειρέσθω,
858 4828 886 4879 6
917 4827 972 4880 δὲ
1005 4827 1172 4893 Λόγος
1203 4830 1269 4881 ἐκ
1302 4828 1395 4882 τοῦ
1422 4827 1573 4880 νότου
1600 4828 1753 4898 ἐρχέ-

163 4916 436 4990 σθω.τΑρ’
463 4915 556 4984 οὖν
598 4923 656 4972 ὲν
702 4919 780 4989 τῷ
823 4918 995 4991 βορῤᾷ
1034 4920 1208 4974 ἔκειτο
1229 4921 1289 4973 τὸ
1318 4920 1476 4991 σῶμα
1515 4919 1607 4973 τοῦ
1648 4921 1754 4973 Κυ-

168 5013 335 5086 ρίου;
381 5010 487 5063 Καὶ
536 5009 836 5081 γεγόναμεν
875 5012 932 5062 ὲν
966 5009 1043 5081 τῷ
1073 5012 1224 5081 τόπῳ
1270 5013 1461 5082 ἐκείνῳ
1495 5013 1552 5063 ὲν
1601 5005 1644 5076 ᾧ
1685 5007 1752 5080 ἦν

165 5102 508 5176 σταυρωθείς
533 5105 561 5156 6
593 5101 814 5174 Κύριος,
842 5103 933 5156 καὶ
959 5098 1026 5175 ἦν
1052 5105 1116 5156 ἐκ
1147 5104 1322 5177 βορρᾶ
1349 5105 1446 5175 τῆς
1484 5104 1752 5174 Ἰερουσα-

163 5194 438 5268 λήμ.,Δια
476 5194 634 5248 τοῦτο
675 5195 704 5247 6
746 5195 908 5248 Δαυῒδ
958 5197 1490 5267 παρατετηρημένως
1533 5196 1749 5263 ἔλεγεν·

168 5291 320 5358 Ὄρη
359 5286 531 5354 Σιὼν,
571 5289 643 5343 τὰ
671 5288 902 5355 πλευρὰ
938 5289 1042 5342 τοῦ
1073 5289 1285 5357 βορῤᾶ,
1336 5291 1372 5356 ή
1425 5290 1600 5354 πόλις
1654 5289 1757 5343 τοῦ

158 5379 480 5448 βασιλέως
525 5378 630 5433 τοῦ
659 5378 946 5450 μεγάλου.
977 5379 1075 5433 Διὰ
1114 5368 1273 5432 τοῦτο
1320 5381 1411 5433 καὶ
1459 5382 1642 5449 ἡμεῖς,
1668 5381 1756 5432 ὅτε

165 5473 484 5543 γεγόναμεν
509 5473 568 5524 ὲν
597 5472 674 5543 τῷ
701 5472 852 5542 τόπῳ
870 5471 1063 5540 ἐκείνῳ
1088 5473 1220 5525 ὅπου
1243 5469 1560 5542 ἐσταυρώθη
1581 5474 1608 5525 ό
1629 5471 1756 5542 Χρι-

165 5563 325 5626 στὸς,
355 5563 449 5616 καὶ
475 5558 616 5633 ἦμεν
644 5561 873 5625 ἑστῶτες
916 5561 972 5614 ἐν
1004 5563 1067 5633 τῇ
1118 5560 1371 5633 ἀνατολῇ,
1405 5562 1499 5615 καὶ
1526 5577 1755 5632 προσευ-

276 5808 325 5840 ⁸³
353 5807 540 5863 Matth.
585 5825 706 5864 nrt
735 5851 750 5871 ,
778 5811 864 5864 5|.
941 5809 989 5841 ⁸⁸
1025 5809 1204 5865 Exod.
1229 5827 1316 5876 xv,
1347 5811 1402 5867 9.

457 5906 653 5966 'P'A'rn.
714 5907 829 5966 Gn.
890 5907 1153 5967 XXVII.

1483 5812 1524 5845 "
1555 5808 1756 5865 οἴει-ειη.
1803 5825 1850 5861 Ll
1874 5847 1888 5873 ,
1924 5808 2014 5864 ἥδ.

1857 4561 2032 4609 tentes
2059 4567 2073 4603 :
2099 4546 2283 4616 Surge,
2310 4543 2510 4613 aquilo,
2537 4555 2584 4597 et
2617 4543 2945 4607 veni,anstcr
2978 4559 2995 4597 :
3030 4547 3194 4615 per/Ia
3223 4548 3434 4601 hortum

1857 4658 2062 4705 meum,
2096 4649 2144 4692 et
2183 4638 2354 4706 ﬂuant
2397 4647 2639 4688 aromata
2682 4652 2816 4690 mea.
2856 4634 3070 4705 Corpus
3106 4639 3322 4709 quidem
3367 4657 3430 4695 ex

1859 4744 2008 4807 parte
2051 4729 2324 4801 aquilonis
2375 4729 2562 4798 jacens
2587 4739 2878 4798 exsurgat.
2917 4727 3155 4785 Verbum
3207 4747 3338 4787 vero
3367 4750 3434 4788 ex

1857 4836 2046 4880 austro
2085 4821 2294 4874 veniat.
2345 4818 2483 4872 Num
2538 4817 2605 4871 ad
2660 4818 2974 4887 aquilonem
3020 4819 3193 4888 jacuit
3237 4836 3436 4890 corpus

1860 4910 2248 4971 Domini?Nos
2299 4924 2444 4966 certe
2494 4909 2547 4962 in
2595 4909 2714 4963 loco
2765 4909 2991 4975 fuimus,
3030 4912 3083 4964 in
3119 4928 3229 4981 quo
3257 4917 3437 4968 cruci-

1860 5011 2002 5066 ﬁxus
2031 5018 2114 5062 est
2149 5004 2445 5063 Dominus,
2491 5010 2717 5070 eratque
2765 5002 2833 5054 ab
2877 5004 3133 5072 aquilone
3178 5004 3436 5058 Hieroso-

1861 5105 2035 5174 lymze.
2090 5098 2294 5154 Idcirco
2341 5093 2504 5147 David
2556 5103 2714 5149 caute
2762 5105 2815 5149 et
2860 5097 3274 5151 considerantur
3318 5098 3432 5151 ait:

1864 5194 2069 5248 Montes
2093 5189 2222 5245 Sion
2241 5226 2258 5250 ,
2282 5185 2454 5240 latera
2477 5185 2762 5255 aquilonis,
2791 5188 2973 5240 civitas
3011 5189 3144 5256 regis
3172 5189 3348 5256 magni
3369 5189 3433 5240 ⁵⁸.

1864 5287 2095 5354 Ideoque
2126 5295 2227 5336 nos
2273 5278 2498 5348 quando
2530 5278 2708 5332 locum
2738 5279 2972 5335 adiimus
3011 5281 3101 5336 ubi
3139 5280 3436 5334 cruciﬁxus

1863 5388 1947 5434 est
1984 5375 2272 5437 Christus,
2319 5385 2444 5426 cum
2485 5377 2697 5424 stantes
2723 5386 2914 5427 versus
2942 5373 3206 5426 orientem
3247 5386 3430 5440 preca-

1863 5447 2069 5534 remur,
2102 5465 2356 5522 eumdem
2391 5459 2575 5514 locum
2607 5461 2662 5515 in
2693 5477 2802 5531 quo
2835 5461 3099 5520 Dominus
3126 5465 3274 5518 cruci
3319 5460 3436 5514 luc—

1861 5568 1946 5615 rat
1998 5558 2220 5624 allixus,
2277 5554 2343 5609 ad
2397 5553 2708 5618 aquilonem
2772 5571 2894 5613 esse
2954 5552 3435 5626 deprehendimus.

2094 5810 2136 5840 “
2170 5806 2312 5861 Psal.
2361 5808 2586 5867 sum}.

2992 5901 3072 5962 i3
