4052 6332
188 351 327 409 1357

1307 331 1730 393 FRAGMENTA
1773 330 1838 384 ΙΝ
1882 329 2201 387 ΟΑΝΤΙΟΑ.

3297 320 3437 378 1558

182 488 327 545 μου·
355 467 511 524 τοῦτο
536 467 594 521 δὲ
628 465 720 520 καὶ
745 465 972 527 Ἡσαΐας
995 463 1194 530 ἔλεγεν·
1234 461 1354 514 Ἔτι
1381 476 1496 515 σου
1516 458 1773 513 λαλοῦν·

1878 466 1964 510 tus
1997 463 2081 509 est
2112 474 2124 507 :
2155 451 2340 505 Adhuc
2369 460 2416 503 te
2435 450 2697 521 loquente,
2737 447 2911 500 dicam
2937 463 2954 500 :
2986 444 3119 499 Ecce
3159 446 3348 500 adsum
3373 447 3438 499 ".

187 584 298 633 τος
342 562 483 632 ἐρῶ·
527 559 679 617 Ἰδοὺ
710 557 964 628 πάρειμι.
997 556 1070 610 Οὐ
1111 554 1220 625 γὰρ
1262 552 1518 623 ἀναμένει
1567 554 1596 605 6
1636 550 1766 614 Θεὺς

188 660 319 720 τοὺς
345 659 406 709 ἐκ
431 654 536 707 τῶν
561 653 780 724 χειλέων
806 651 1014 718 λόγους.
1033 647 1248 719 Ἀμέλει
1271 664 1332 714 γε
1355 647 1382 698 6
1409 646 1595 717 Σωτὴρ
1620 644 1769 714 ἐντῷ

189 737 511 817 Ετῦαγγελίῳ
563 746 766 813 ἔλεγεν,
819 745 900 797 ὅτι
956 741 1128 794 Οἶδεν
1177 742 1208 793 ό
1258 739 1399 804 Θεὸς
1429 733 1514 790 ὧν
1562 737 1769 806 χρείαν

188 841 364 908 ἔχετε
398 837 506 902 πρὸ
546 834 650 888 τοῦ
682 831 835 902 ὑμᾶς
866 831 1105 899 αἰτῆσαι
1139 829 1341 882 αὐτόν.
1379 828 1474 880 Διὰ
1500 827 1655 880 τοῦτο
1695 826 1768 897 μὴ

188 929 272 992 ὡς
320 927 380 991 ἐξ
426 927 583 998 ἔργου
632 925 913 995 εὐχόμενοι
959 923 1280 994 κράζωμεν·
1329 920 1442 973 ἀλλ’
1471 922 1518 972 εἰ
1557 921 1651 972 καὶ
1691 919 1768 988 τῷ

192 1021 424 1089 στόματι
468 1017 622 1089 εὔχῃ,
659 1016 818 1086 εῦχου
856 1015 948 1068 καὶ⁵
995 1014 1073 1083 τῷ
1121 1015 1235 1066 νοΐ·
1271 1011 1426 1065 τοῦτο
1476 1011 1584 1082 γὰρ
1618 1012 1709 1064 καὶ
1741 1013 1770 1064 6

193 1112 409 1174 Παῦλος
441 1111 621 1177 ἔλεγε·
662 1106 840 1162 Ψαλῶ
884 1099 963 1172 τῷ
1005 1108 1316 1174 πνεύματι,
1352 1106 1524 1172 ψαλῶ
1555 1104 1653 1160 καὶ
1691 1103 1770 1169 τῷ

186 1206 426 1258 νοῖ.Ἑκ
461 1201 698 1266 ,βαθέων
722 1201 851 1271 γὰρ,
902 1199 1055 1268 φησὶ,
1092 1196 1384 1264 ἐκέκραξα
1426 1213 1544 1259 σοι,
1574 1197 1766 1262 Κύριε.

189 1297 295 1348 Διά
326 1295 482 1348 τοῦτο
509 1296 601 1348 καὶ
631 1296 663 1363 ἡ
691 1294 826 1362 γυνὴ
875 1293 932 1344 ὲν
968 1294 1086 1353 ταῖς
1120 1291 1427 1352 Βασι).είαις
1461 1291 1546 1342 ὅτε
1574 1288 1771 1358 ηὔχετο

190 1388 493 1459 κράζουσι,
524 1389 552 1440 ὁ
590 1386 764 1455 ἱερεὺς
791 1386 1033 1454 ἐφίμωσε
1060 1383 1121 1436 τὸ
1153 1381 1322 1452 στόμα
1347 1383 1533 1452 αὐτῆς,
1565 1381 1772 1452 ἡγησά-

194 1499 358 1551 μενος
397 1481 584 1550 αὐτὴν,
615 1481 694 1532 ὅτι
740 1478 990 1544 ἐμέθυεν·
1033 1476 1127 1528 καὶ
1157 1477 1306 1546 ὅμως
1353 1475 1555 1543 ἐκείνη,
1583 1474 1660 1543 τῷ
1691 1472 1769 1526 νοῒ

191 1576 482 1646 εὐχομένη,
521 1577 612 1627 καὶ
644 1573 991 1643 εἰσηκούσθη,
1041 1575 1134 1626 καὶ
1176 1573 1327 1626 ἔτεκε
1370 1572 1460 1625 τὸν
1494 1570 1766 1641 Σαμουὴλ.

189 1669 293 1720 Διὰ
333 1667 487 1720 τοῦτο
520 1668 613 1719 καὶ
644 1668 706 1719 σὺ
731 1666 782 1717 τί
812 1665 1102 1735 εὐχόμενος
1127 1663 1367 1736 κράζεις,
1397 1663 1471 1726 ὡς
1501 1663 1594 1715 τοῦ
1634 1660 1767 1714 Θεοῦ

193 1762 275 1832 μὴ
300 1759 614 1824 άκούοντος;
649 1761 843 1810 ’Ἄκουε
875 1756 969 1810 τοῦ
1003 1757 1272 1826 λέγοντος,
1313 1757 1393 1809 ὅτι
1444 1755 1504 1807 ’0
1549 1755 1766 1824 φυτεύ-

189 1871 315 1921 σας
341 1855 406 1906 τὸ
437 1849 546 1917 οὖς
569 1852 703 1920 οὐχὶ
734 1852 974 1914 (incum;
1003 1851 1064 1903 Εἰ
1097 1851 1193 1920 μὲν
1228 1849 1334 1918 γάρ
1376 1849 1438 1900 σὺ
1473 1847 1611 1918 ἔχων
1656 1841 1768 1899 ὦτα

189 1945 435 2008 ἀκούεις,
487 1945 636 2014 πόσῳ
668 1944 866 2013 μᾶλλον
912 1945 939 1996 ὁ
986 1941 1213 2012 ποιητὴς
1265 1940 1455 2004 ὢτωνς
1489 1939 1586 1992 Διὰ
1617 1938 1771 1991 τοῦτο

189 2036 346 2106 παρὰ
379 2035 567 2104 Κυρίῳ
604 2033 677 2104 μὴ
718 2033 998 2102 εὐχόμενοι
1042 2029 1350 2101 κράξωμεν,
1395 2031 1470 2093 ὡς
1511 2028 1602 2081 τοῦ
1637 2027 1768 2080 Θεοῦ

194 2129 275 2200 μὴ
310 2128 625 2189 ἀκούοντος·
677 2126 771 2177 καὶ
814 2124 920 2194 γάρ
970 2122 1293 2176 σιωπώντων
1339 2125 1368 2174 6
1407 2122 1537 2184 Θεὸς
1563 2121 1768 2174 ἀκούει.

187 2221 432 2291 θεωρεῖς
462 2219 570 2289 γάρ
605 2217 695 2271 τὸν
725 2215 884 2268 πόθον
907 2216 998 2268 τὸν
1026 2218 1083 2268 ἐν
1116 2214 1287 2286 ταύτῃ
1309 2216 1373 2282 τῇ
1411 2214 1655 2284 μακαρίᾳ
1673 2212 1774 2282 ψυ-

189 2313 290 2382 χῇ,
320 2311 454 2373 πῶς,
493 2307 915 2378 παρακαλούσης
944 2309 1111 2377 αὐτῆς
1142 2308 1234 2359 καί
1263 2305 1525 2374 λεγούσης
1545 2322 1558 2335 ·
1588 2309 1774 2358 Κατα-

191 2403 354 2468 Glitio
377 2399 695 2468 ἀδελφιδός
711 2417 829 2467 μου
853 2401 930 2463 εἰς
962 2397 1158 2465 κῆπον
1180 2395 1385 2460 αὐτοῦ,
1417 2397 1512 2449 καὶ
1545 2396 1774 2464 φαγέτω

193 2493 433 2561 καρπὸν
454 2491 799 2558 ἀκροδρύων
820 2490 1004 2544 αὐτοῦ
1021 2508 1034 2520 ·
1072 2490 1184 2553 πῶς
1211 2489 1410 2550 εῦοέως
1436 2488 1582 2556 λέγει
1607 2490 1635 2540 6
1669 2488 1772 2541 A6-

192 2600 295 2651 γος
310 2600 322 2612 ·
343 2582 646 2650 Εἰσῆλθον
662 2585 747 2647 εἰς
772 2582 968 2649 κῆπόν
986 2600 1124 2649 μου,
1142 2581 1375 2650 ἀδελφή
1399 2598 1516 2649 μου
1537 2582 1771 2649 animm;

189 2673 272 2738 ὡς
322 2675 470 2727 οὐδὲν
518 2674 847 2744 ταχύτερον·
894 2674 973 2725 ἐτι
1019 2675 1130 2744 γὰρ
1163 2675 1330 2743 αὐτῆς
1379 2673 1662 2742 λαλούσης,
1690 2673 1778 2726 εύ-

193 2766 342 2830 οὲως
388 2767 689 2836 ὑπήκουσε·
738 2766 960 2837 Θεωρεῖς
985 2766 1045 2818 τὸ
1079 2767 1489 2836 γεγραμμένον·
1521 2766 1641 2817 ’Ότι
1676 2767 1773 2820 καὶ

191 2857 291 2912 ἔτι
314 2857 648 2920 λαλοῦντός
673 2873 786 2909 σου
811 2856 942 2922 ἐρῶ,
961 2856 1116 2910 Ἰδοὺ
1147 2857 1484 2926 πιὲρειμι;”Α
1494 2874 1566 2926 μα
1584 2856 1691 2926 γὰρ
1720 2858 1777 2908 ὲν

194 2950 281 3020 τῷ
337 2949 504 3020 αὐτὴν
564 2947 897 3018 παρακαλεῖν
959 2947 1050 2999 καὶ
1106 2947 1313 3015 λέγειν·
1375 2946 1684 3014 Κατάϐηθι,
1733 2942 1778 2999 ὦ

193 3042 368 3108 Λόγε,
414 3043 500 3105 εἰς
536 3039 642 3091 τὸν
685 3037 883 3106 κῆπόν
915 3054 1050 3101 σου,
1085 3040 1180 3092 καὶ
1215 3038 1364 3110 φάγε
1406 3039 1513 3092 τὸν
1551 3037 1779 3107 καρπὸν

1872 547 1990 601 Non
2031 545 2176 600 enim
2220 544 2361 598 Deus
2394 550 2674 612 exspectat
2707 541 2871 594 verba
2911 538 3071 593 labiis
3115 538 3343 607 prolata.
3378 538 3442 591 Et

1870 653 2002 693 sane
2036 636 2282 690 Salvator
2322 635 2376 688 in
2408 633 2704 704 Evangelia
2753 633 2826 684 ait
2865 650 2877 685 :
2909 629 3020 684 Scit
3057 628 3194 683 Deus
3221 645 3443 697 quorum

1872 747 1998 798 opus
2033 728 2270 782 habeatis
2313 736 2592 795 antequam
2643 724 2834 794 petatis
2885 722 2946 775 ab
2988 724 3098 791 ipso
3122 722 3187 774 “.
3222 720 3344 775 Ideo
3379 737 3446 775 ne

1869 820 2026 891 quasi
2054 799 2423 889 perfunctorie
2453 817 2753 872 clamemus
2791 817 2843 869 in
2887 814 3161 884 precando
3189 831 3202 879 ;
3235 814 3349 875 sed,
3397 812 3444 865 si

1871 927 1963 966 ore
1991 910 2256 980 precaris,
2290 923 2510 979 precare
2549 918 2599 961 et
2631 916 2832 962 mente.
2885 905 2939 959 ld
2986 906 3128 959 enim
3164 912 3216 958 et
3241 903 3446 958 Paulus

1871 1002 2091 1056 aiebat:
2131 999 2371 1053 Psallam
2426 1000 2618 1067 spiritu
2645 1037 2659 1060 ,
2712 996 2944 1067 psallam
2978 1005 3028 1049 et
3060 1005 3225 1050 mente
3265 994 3330 1046 ⁸⁸.
3373 993 3447 1048 De

1871 1093 2170 1162 profundis,
2235 1092 2413 1161 inquit
2455 1092 2614 1154 alius,
2660 1089 2886 1142 clamari
2929 1089 2997 1140 ad
3028 1098 3094 1153 te,
3129 1086 3346 1140 Domine
3375 1085 3443 1140 “.

1871 1184 2231 1251 Quamobrem
2284 1192 2336 1236 et
2369 1183 2564 1236 mulier
2603 1183 2657 1236 in
2689 1181 2842 1236 libris
2881 1179 3120 1248 Regum,
3166 1196 3288 1234 cum
3333 1180 3447 1234 cla-

1871 1278 2072 1331 mamlo
2101 1288 2438 1345 precaretur,
2472 1274 2732 1330 sacerdos
2776 1274 2948 1342 ipsam
2997 1271 3260 1338 coercuit,
3292 1283 3448 1327 ratus

1871 1369 2078 1424 ebriam
2118 1383 2238 1420 esse
2272 1367 2349 1432 ⁸⁷;
2384 1375 2438 1419 et
2477 1375 2658 1419 tamen
2694 1365 2784 1418 illa
2815 1380 2939 1419 cum
2973 1373 3150 1418 mente
3197 1380 3448 1435 precare-

1873 1472 1981 1528 tur,
2016 1471 2261 1531 Optatum
2302 1467 2599 1515 consecuta
2625 1499 2640 1523 ,
2691 1459 3000 1514 Samuelem
3047 1457 3272 1526 peperit.
3304 1455 3444 1521 Quid

1877 1571 2006 1624 ergo
2031 1565 2084 1610 tu
2116 1555 2321 1610 clamas
2346 1555 2398 1606 in
2426 1553 2706 1617 oratione,
2737 1567 2800 1607 ac
2826 1552 2871 1606 si
2908 1550 3052 1604 Deus
3088 1565 3195 1604 non
3221 1547 3446 1602 audiat?

1870 1647 2010 1700 Audi
2044 1663 2167 1701 eum
2217 1645 2312 1714 qui
2357 1645 2509 1709 dicit,
2560 1643 2663 1708 Qui
2704 1642 2962 1710 plantavit
3003 1656 3180 1693 aurem
3208 1656 3312 1693 non
3347 1656 3444 1690 au-

1873 1741 1979 1793 diet
2007 1740 2098 1791 “'2
2131 1736 2263 1791 Nam
2296 1737 2340 1792 si
2371 1746 2448 1802 tu,
2472 1736 2599 1805 quia
2626 1750 2784 1788 aures
2810 1733 2999 1796 habes,
3035 1731 3213 1796 audis,
3238 1740 3446 1802 quanto

1873 1832 2044 1900 magis
2086 1831 2302 1883 aurium
2335 1827 2553 1897 opifex?
2594 1826 2670 1881 Ne
2701 1826 3001 1881 clamemus
3031 1825 3212 1894 itaque
3243 1825 3309 1878 ad
3339 1822 3447 1877 Do-

1873 1918 2082 1972 minum
2124 1918 2399 1986 precando
2425 1958 2439 1983 ,
2477 1916 2634 1986 quasi
2684 1913 2830 1969 Deus
2879 1931 2986 1970 non
3032 1915 3216 1968 audiat
3249 1933 3262 1968 :
3302 1916 3444 1970 Deus

1873 2010 2016 2064 enim
2060 2009 2143 2063 vel
2184 2010 2405 2063 silentes
2446 2009 2617 2062 audit.
2647 2007 2836 2059 Viden‘
2884 2006 3214 2061 desiderium
3267 2007 3440 2063 heals:

1875 2103 2022 2157 illius
2065 2101 2292 2166 animze,
2329 2116 2438 2170 quo
2470 2110 2632 2171 pacto
2672 2100 2928 2154 hortante
2973 2098 3064 2153 illa
3100 2101 3185 2155 his
3211 2100 3391 2155 verbis
3426 2117 3444 2153 :

1876 2193 2170 2246 Descendat
2210 2192 2435 2244 dilectus
2469 2207 2611 2244 meus
2651 2191 2706 2244 in
2741 2191 2951 2245 hortum
2985 2208 3158 2254 suum,
3189 2203 3237 2245 et
3271 2209 3446 2246 come-

1874 2286 1967 2338 dat
2002 2288 2231 2354 [ructum
2261 2301 2535 2354 pomorum
2577 2300 2792 2338 suorum
2815 2285 2878 2348 ",
2922 2285 3191 2354 extemplo
3214 2295 3267 2339 et
3297 2286 3446 2340 nulla

1876 2378 2194 2446 interposita
2226 2391 2379 2431 mora
2404 2376 2643 2431 Verbum
2677 2376 2822 2431 dicat
2847 2418 2862 2439 ,
2913 2378 3120 2432 Intraui
3149 2380 3201 2432 in
3236 2378 3448 2430 hortum

1876 2486 2080 2532 meum,
2131 2486 2282 2522 soror
2330 2487 2444 2523 mea
2491 2487 2682 2538 sponsa
2718 2473 2762 2503 ⁷⁸
2791 2473 2812 2525 ?
2841 2470 2984 2524 Nihil
3021 2471 3286 2538 celerius;
3329 2472 3447 2541 ipsa

1876 2562 2075 2631 quippe
2130 2561 2385 2630 loquente
2415 2601 2430 2623 ,
2486 2563 2669 2617 subito
2723 2565 3024 2633 respondit.
3073 2562 3262 2618 Viden’
3302 2563 3452 2633 quod

1878 2655 2137 2722 scriptum
2169 2664 2293 2708 est:
2331 2652 2594 2718 Quoniam
2643 2651 2813 2708 adhuc
2855 2665 2901 2708 te
2931 2655 3192 2724 loquente,
3230 2655 3451 2711 dicam:

1879 2743 2014 2798 Ecce
2039 2746 2227 2799 adsum
2258 2745 2299 2776 ⁷¹
2323 2745 2344 2797 ?
2365 2745 2500 2800 Cum
2531 2746 2764 2816 primum
2787 2747 2930 2802 enim
2968 2747 3082 2817 ipsa
3120 2749 3329 2802 hortata
3366 2757 3454 2803 est

1880 2849 2039 2907 atque
2079 2838 2236 2904 dixit,
2270 2838 2537 2892 Descende
2560 2881 2576 2904 ,
2601 2854 2633 2893 ο
2659 2837 2932 2906 Verbum,
2957 2841 3011 2893 in
3044 2841 3252 2894 hortum
3282 2850 3452 2904 tuum,

1879 2938 1928 2982 et
1975 2930 2182 2981 comede
2223 2929 2453 2996 fructum
2517 2947 2791 2997 pomorum
2833 2941 3086 2998 tuorum,
3136 2933 3316 2987 subito
3366 2947 3453 2987 re-

1880 3020 2103 3088 spondit
2149 3019 2226 3072 illi
2259 3020 2472 3074 dicens:
2507 3019 2711 3073 Intraui
2746 3021 2799 3074 in
2829 3021 3037 3075 hortum
3068 3039 3258 3090 meum,
3302 3041 3452 3076 soror

195 3131 325 3186 τῶν
347 3133 687 3200 ἀκροδρύων
705 3148 840 3190 σου.
866 3130 1065 3194 εὐθέως
1090 3132 1396 3202 ὑπήκουσεν
1422 3133 1555 3204 αῦτῆ
1582 3131 1776 3199 λέγων·
1806 3149 1850 3206 ο
1882 3125 1996 3162 mea
2029 3125 2240 3178 δροππ-

196 3224 513 3292 Εὶσῆλθον
535 3227 620 3289 εἰς
646 3224 749 3276 τὸν
780 3222 979 3291 κῆπόν
993 3243 1134 3294 μου,
1158 3224 1388 3294 ἀδελφή
1414 3243 1533 3294 μου
1555 3226 1776 3293 νύμφη.

275 3316 331 3372 6.
371 3316 466 3368 Διὰ
497 3316 546 3368 τί
575 3316 630 3368 δὲ
656 3317 747 3368 καὶ
769 3315 987 3386 νύμφην
1015 3317 1108 3369 καὶ
1135 3316 1368 3388 ἀδελφὴν
1397 3317 1566 3386 αὐτὴν
1586 3316 1782 3386 ὀνομά-

200 3407 326 3473 ζεις
356 3410 468 3473 Πᾶς
500 3409 607 3478 γὰρ
639 3409 869 3477 νυμφίος
899 3410 996 3460 οὐκ
1025 3409 1278 3478 ὀνομάζει
1311 3409 1409 3478 τὴν
1435 3408 1652 3480 νύμφην
1687 3409 1783 3460 αὐ-

198 3501 302 3556 τοῦ
335 3501 566 3571 ἀδελφήν
587 3519 600 3532 ·
641 3496 742 3554 ὦδε
767 3503 823 3554 δὲ
859 3502 952 3553 καὶ
975 3500 1209 3570 ἀδελφὴν
1245 3500 1336 3550 καὶ
1368 3498 1584 3570 νύμφην
1612 3500 1781 3569 αὐτὴν

199 3589 492 3661 ὀνομάζει,
526 3592 612 3645 ἵνα
642 3591 808 3664 δείξῃ,
851 3594 932 3645 ὅτι
969 3592 1067 3644 οὐκ
1097 3590 1240 3642 ἔστιν
1273 3592 1300 3643 ὁ
1324 3588 1561 3660 θάλαμος
1591 3590 1783 3661 ἐπᾳδό-

206 3699 369 3751 μενος
401 3683 792 3753 σαρκός.”’οταν
823 3684 919 3753 μὲν
945 3683 1050 3753 γὰρ
1075 3683 1326 3753 ὀνομάζει
1351 3682 1519 3752 αὐτὴν
1541 3682 1778 3752 νύμφην,

200 3775 300 3829 διὰ
331 3775 416 3828 τὸν
449 3777 636 3844 Λόγον,
666 3776 753 3829 τὸν
805 3776 1205 3848 μνηστευθὲντα
1247 3776 1344 3847 τὴν
1381 3775 1576 3847 ψυχήν.
1614 3775 1784 3829 Τοῦτο

203 3868 320 3938 γάρ
347 3870 438 3921 καὶ
477 3869 684 3932 Παῦλος
718 3868 900 3937 ἔλεγεν
925 3886 938 3899 ·
969 3867 1346 3938 Ἠρμοσὰμην
1378 3866 1532 3937 ὑμᾶς
1563 3865 1652 3920 ἐνὶ
1676 3867 1781 3921 ἁν-

203 3960 306 4028 δρὶ
325 3960 620 4028 παρθένον
644 3960 839 4029 ἁγνὴν
862 3959 1243 4029 παραστῆσαι
1266 3959 1344 4026 τῷ
1363 3958 1783 4028 Χριστῷ.⁹’οταν

203 4051 266 4104 δὲ
311 4053 403 4104 καὶ
444 4052 674 4122 ἀδελφὴν
719 4051 885 4123 αὐτὴν
919 4053 1191 4122 ὀνομάζει,
1217 4051 1304 4104 διὰ
1352 4052 1451 4122 τὴν
1498 4051 1676 4122 σάρκα
1719 4052 1784 4122 ἣν

204 4144 454 4217 ἐφόρεσε.
504 4144 672 4197 Τοῦτο
719 4145 826 4215 γὰρ
875 4139 954 4208 εἷς
1005 4144 1115 4198 τῶν
1160 4144 1453 4218 προψητῶν
1507 4145 1785 4215 σημαίνων

206 4239 339 4307 περὶ
377 4237 538 4290 αὑτοῦ
576 4238 760 4306 ἔλεγεν
785 4255 798 4267 ·
838 4238 1171 4307 Ἀπαγγελῶ
1198 4237 1262 4291 τὸ
1291 4235 1477 4306 ὄνομὰ
1513 4254 1629 4291 σου
1662 4236 1785 4304 τοῖς

205 4330 491 4401 ἀδελφοῖς
517 4348 655 4398 μου.
682 4332 779 4384 Διὰ
796 4330 954 4384 τοῦτο
984 4331 1172 4402 μηδεὶς
1196 4331 1462 4401 νομιζέτω
1492 4332 1785 4402 σαρκικοὺς

205 4416 348 4473 εἶναι
393 4421 516 4483 τοὺς
549 4421 738 4488 λόγους
769 4422 1146 4484 τούτους-,Ὅτε
1180 4423 1277 4491 μεν
1327 4421 1434 4494 γὰρ
1485 4421 1784 4493 παρεκάλει

1953 3308 2006 3362 6.
2039 3304 2178 3373 Quid
2214 3317 2296 3361 est
2336 3307 2481 3377 quod
2519 3323 2774 3377 sponsam
2821 3317 2876 3363 et
2924 3324 3168 3364 sororem
3203 3311 3452 3366 eamdem

1883 3401 2078 3453 vocat?
2102 3399 2216 3453 Non
2242 3400 2386 3452 enim
2411 3400 2591 3467 quivis
2615 3414 2850 3468 Sponsus
2883 3416 3138 3470 sponsam
3171 3418 3325 3457 suam
3358 3421 3454 3460 so-

1883 3507 2058 3545 rorem
2096 3492 2511 3559 nuncupaverit.
2551 3490 2648 3546 llic
2681 3507 2809 3546 vero
2842 3506 2895 3548 et
2926 3510 3170 3549 sororem
3198 3506 3250 3550 et
3289 3512 3456 3566 spon-

1883 3599 1998 3637 sam
2053 3584 2222 3652 ipsam
2286 3583 2598 3652 compellat,
2645 3585 2852 3639 scilicet
2895 3598 2952 3638 ιιι
2995 3588 3303 3643 ostenderet
3345 3606 3455 3645 non

1884 3694 2003 3732 esse
2023 3678 2318 3730 thalamum
2340 3678 2523 3731 carnis
2538 3678 2944 3746 voluptuosum.
2969 3677 3101 3734 Nam
3136 3697 3257 3735 cum
3286 3698 3455 3753 spono

1885 3784 2000 3824 sam
2033 3779 2222 3834 vocat,
2259 3768 2306 3822 id
2334 3770 2444 3838 agit
2467 3769 2627 3822 Verbi
2652 3785 2817 3824 causa
2838 3810 2852 3834 ,
2881 3771 3024 3838 quod
3068 3772 3305 3826 animam
3360 3776 3456 3828 de-

1884 3863 2186 3930 sponsavit.
2216 3860 2453 3927 ldipsum
2495 3861 2640 3914 enim
2683 3860 2883 3916 Paulus
2920 3862 3038 3917 ait:
3073 3864 3334 3934 Despondi
3369 3883 3455 3922 vos

1884 3954 1976 4005 uni
2007 3955 2138 4014 viro,
2178 3953 2427 4020 virginem
2464 3962 2666 4005 castam
2699 3953 2940 4007 exhibere
2976 3953 3187 4008 Christo
3217 3958 3279 4009 ⁷³.
3316 3957 3453 4010 Cum

1885 4054 2062 4098 autem
2106 4044 2278 4113 ipsam
2336 4058 2580 4095 sororem
2636 4055 2931 4113 nuncupat,
2987 4045 3036 4097 id
3090 4046 3186 4111 ait,
3237 4059 3457 4117 prepter

1885 4151 2105 4189 carnem
2134 4148 2297 4203 quam
2333 4133 2584 4201 gestavit.
2612 4131 2665 4188 Id
2695 4137 2895 4204 quippe
2929 4137 3315 4206 prOphetarum
3349 4139 3451 4191 all-

1885 4229 2007 4295 qnis
2035 4226 2256 4287 indicat,
2290 4225 2405 4278 haec
2432 4225 2499 4279 de
2532 4224 2652 4294 ipso
2687 4227 2952 4296 loquens,
2990 4227 3235 4282 Narrabo
3268 4245 3453 4282 nomen

1888 4327 2031 4372 tuum
2100 4316 2354 4386 fratribus
2418 4320 2618 4384 meis",
2651 4319 2945 4374 ldeunemo
3003 4321 3295 4375 arbitretur
3335 4337 3453 4375 ser-

1889 4425 2076 4464 mones
2111 4409 2420 4479 hujusmodi
2467 4410 2708 4465 carnales
2737 4425 2876 4464 esse.
2919 4410 3054 4464 Cum
3100 4413 3242 4466 enim
3275 4413 3454 4483 ipsum

205 4511 374 4563 αὑτὸν
424 4512 457 4579 ὴ
508 4511 750 4582 μακαρία
795 4512 931 4582 αὕτη
979 4512 1124 4584 ψυχὴ
1169 4513 1429 4581 λέγουσα·
1465 4512 1775 4578 Καταϐήτω

1885 4504 2037 4557 beata
2073 4502 2162 4555 illa
2201 4503 2384 4556 anima
2450 4503 2697 4557 hortatur
2728 4500 2913 4554 dicens
2953 4524 2966 4556 :
3002 4503 3292 4558 Descendat
3321 4504 3456 4558 αξιοι

205 4599 524 4670 ἀδελφιδός
552 4619 671 4670 μου
703 4605 788 4668 εὶς
810 4601 1007 4668 κῆπον
1031 4603 1237 4666 αὐτοῦ,
1263 4603 1358 4655 καὶ
1383 4601 1613 4671 φαγέτω
1642 4619 1781 4671 καρ-

205 4694 333 4747 πὸν
361 4694 701 4764 ἀκροδρύων
726 4694 911 4747 αὑτοῦ
933 4735 947 4757 ,
982 4696 1109 4746 ὅταν
1176 4696 1272 4765 μὲν
1313 4695 1420 4766 γὰρ
1445 4695 1650 4767 ἀκούσῃ
1674 4695 1780 4763 ψυ-

207 4785 336 4856 χὴν,
371 4787 444 4855 μὴ
480 4787 604 4854 μίαν
635 4785 812 4857 ψυχὴν
856 4767 1222 4856 ύπολάμὸανε,
1259 4787 1372 4840 ἀλλ’
1405 4788 1522 4840 ὅλον
1555 4788 1644 4839 τὸν
1689 4787 1779 4840 κό-

212 4894 372 4948 σμον.
404 4879 498 4929 Διὰ
527 4878 684 4930 τοῦτο
716 4878 891 4931 τοίνυν
927 4877 1348 4949 παρακαλοῦμεν
1397 4878 1558 4931 αὑτὸν
1602 4877 1783 4946 λέγον-

207 4983 336 5033 τες·
389 4969 702 5036 Κατάόηθι,
743 4965 788 5024 ὦ
825 4971 984 5038 Λόγε,
1033 4974 1119 5037 εις
1152 4971 1258 5024 τὸν
1287 4970 1484 5038 κῆπόν
1513 4985 1649 5034 σου,
1684 4973 1780 5024 καὶ

208 5061 364 5131 φάγε
393 5065 496 5116 τὸν
519 5062 750 5130 καρπὸν
774 5061 890 5115 τῶν
914 5062 1257 5130 ἀκροδρύων
1284 5079 1400 5117 σου
1421 5080 1434 5093 ·
1469 5064 1560 5116 καὶ
1586 5062 1783 5124 εὐθέως

206 5155 379 5218 αὐτὸς
393 5157 694 5227 ἐπήκουσεν
710 5172 722 5184 ·
741 5151 1044 5224 Εὶσῆλθον
1062 5157 1148 5220 εἰς
1174 5155 1372 5222 κῆπόν
1385 5173 1524 5224 μου,
1551 5154 1782 5222 ἀδελφή

208 5267 328 5313 μου
373 5248 608 5317 νύμφη·
641 5247 940 5317 ἐτρύγησα
981 5247 1256 5316 σμύρναν
1295 5264 1414 5314 μου
1453 5245 1602 5314 μετὰ
1636 5246 1784 5314 ἀρω-

209 5339 413 5412 μάτων
455 5356 594 5408 μου.
647 5341 877 5408 Πότερον
936 5335 1312 5408 παρεκάλεσάς
1368 5353 1430 5407 μα
1489 5336 1782 5406 καταϐῆναι

210 5432 307 5484 καὶ
360 5432 551 5500 φαγεῖν
599 5431 723 5492 τοὺς
763 5429 1039 5501 καρπούςς
1095 5429 1226 5483 Ἰδοὺ
1268 5428 1646 5496 καταθεόηκα·
1695 5427 1781 5490 δός

213 5537 307 5592 μοι
336 5523 459 5584 τοὺς
483 5521 742 5591 καρπούς.
763 5521 821 5573 ὐ
851 5521 947 5592 μὲν
972 5524 1063 5573 οῦν
1089 5520 1194 5572 τῶν
1235 5510 1496 5570 Ἰουδαίων
1521 5513 1671 5586 λόγος
1686 5517 1760 5581 ,εὖ

317 5697 364 5731 ⁸³
402 5696 505 5754 lsa.
554 5716 674 5764 Lux,
729 5699 782 5753 9.
860 5697 907 5727 “
954 5693 1139 5749 Μιιιιῑι.
1178 5711 1270 5758 τι,
1331 5689 1390 5764 8ε
1459 5697 1503 5764 ⁸³
1556 5693 1735 5751 lCor.
1801 5714 1929 5761 xw,
1995 5698 2077 5753 l5.

216 5771 262 5802 ⁸⁸
292 5769 434 5824 Psal.
472 5784 601 5824 xcnt
625 5811 639 5836 ,
663 5761 723 5825 '9.
821 5767 865 5799 '-‘
895 5766 1049 5822 Cant.
1087 5783 1138 5828 ν,
1173 5766 1222 5821 1.
1292 5767 1338 5798 ⁷⁸
1367 5761 1502 5826 ibid.

1608 5768 1650 5799 “
1684 5765 1782 5822 lsa.
1829 5785 1938 5836 ιιι,
1968 5769 2019 5822 9.
2095 5771 2139 5801 ’⁸
2162 5770 2347 5826 llCur.
2377 5787 2459 5836 II,
2487 5772 2539 5824 Ξ.

1884 4603 1996 4646 ctus
2023 4608 2162 4645 meus
2198 4593 2251 4644 in
2295 4594 2505 4646 hortum
2535 4608 2704 4650 suum.
2748 4599 2796 4643 et
2841 4595 3077 4646 comedat
3111 4595 3336 4664 fructum
3360 4612 3456 4664 po-

1884 4703 2086 4739 ntorum
2113 4701 2331 4738 suorum
2361 4724 2376 4746 ,
2419 4678 2510 4735 ubi
2567 4683 2804 4737 animam
2834 4686 3012 4751 audis,
3030 4703 3098 4742 ne
3134 4703 3293 4742 unam
3326 4704 3453 4743 sus-

1881 4778 2059 4846 picere
2094 4775 2332 4829 animam
2363 4816 2377 4837 ,
2409 4775 2500 4827 sed
2534 4785 2706 4828 totum
2750 4779 3039 4832 mundum.
3085 4777 3452 4845 Quamobrem

1881 4869 2173 4922 invitemus
2214 4868 2388 4937 ipsum
2422 4866 2505 4918 his
2535 4868 2736 4922 verbis.
2785 4868 3080 4934 Descende,
3122 4886 3156 4924 ο
3198 4870 3454 4938 Verbum,

1881 4978 1936 5013 in
1967 4963 2177 5014 hortum
2207 4972 2384 5021 tuum,
2428 4969 2476 5010 et
2514 4965 2722 5013 comede
2752 4960 2985 5030 fructum
3039 4980 3309 5032 pomorum
3339 4974 3456 5017 tuo-

1883 5069 2036 5115 rum;
2079 5062 2132 5105 et
2171 5053 2346 5120 ipsum
2386 5050 2568 5105 subito
2603 5054 2993 5122 respondebit,
3026 5054 3298 5126 Ingressus
3337 5075 3454 5111 sum

1883 5147 1936 5198 in
1960 5148 2166 5197 hortum
2194 5159 2383 5206 meum,
2412 5161 2561 5197 soror
2589 5162 2702 5198 mea
2731 5162 2946 5213 sponsa,
2971 5152 3160 5202 messui
3188 5150 3454 5219 myrrham

1891 5253 2057 5290 meam
2096 5252 2215 5288 cum
2284 5236 2608 5288 aromatibus
2657 5238 2803 5290 meis.
2847 5235 2985 5292 Num
3044 5242 3328 5296 concitasti
3374 5256 3458 5297 me

1892 5339 1950 5383 ut
1979 5327 2361 5382 descenderem
2416 5337 2468 5381 et
2521 5329 2861 5384 comederem
2895 5328 3146 5387 fructus?
3186 5331 3322 5387 Ecce
3363 5334 3456 5384 de-

1890 5426 2073 5480 scendi
2096 5469 2109 5490 ,
2144 5425 2213 5484 da
2243 5426 2376 5480 mihi
2410 5425 2642 5481 fructus.
2676 5425 2987 5480 Judaeorum
3016 5424 3235 5495 quidem
3279 5436 3459 5479 sermo

1887 5534 1986 5587 pro
2017 5519 2135 5572 uvis
2167 5519 2354 5588 spinas
2387 5518 2568 5572 statim
2593 5517 2820 5588 profert,
2848 5527 2901 5573 et
2923 5534 3020 5589 pro
3062 5519 3176 5573 ﬁcis
3202 5518 3453 5574 tribulos.

2205 5700 2249 5731 ⁸⁸
2299 5698 2443 5754 l’sal.
2526 5716 2707 5757 cun.
2771 5701 2821 5754 Ι.

2933 5702 2976 5732 ⁸⁷
3009 5700 3216 5774 l__Reg.
3249 5715 3303 5771 ι,
3365 5696 3456 5764 16.

2617 5773 2663 5803 ’³
2687 5771 2830 5827 Psal.
2863 5787 2952 5826 ιιι
3009 5771 3098 5825 9.3.
