4052 6332
626 323 759 379 1559

1484 326 1520 380 S
1560 322 1929 378 ATHANASH
1968 322 2117 379 OPP.
2165 321 2343 377 PARS
2382 321 2463 375 ιιι.
2521 352 2575 361 —-
2616 321 3024 379 EXEGETICA.

3746 327 3892 385 {560

624 441 980 508 Quandonam
1024 446 1205 495 autem
1243 440 1347 511 ipsi
1377 440 1685 511 hujusmodi
1732 441 1943 497 fructus
1973 442 2179 495 obtule-

2293 439 2420 503 Βέως
2453 441 2605 511 φέρει
2637 441 2757 494 ἀντὶ
2788 440 3067 510 σταφυλῶν
3098 441 3361 505 ἀκάνθας,
3397 444 3495 495 καὶ
3532 442 3663 495 ἀντὶ
3701 443 3890 498 cum}?

623 543 769 596 runt,
802 534 905 589 nisi
936 534 1154 604 quando
1187 533 1645 603 eruciﬂgebatur?
1678 534 1841 589 Petiit
1887 536 2032 588 enim
2087 550 2183 605 po-

627 636 743 683 tum
778 643 844 681 ex
870 627 1140 682 fructibus
1172 628 1364 691 vineae,
1394 627 1578 682 etviui
1604 627 1722 682 loco
1750 628 2066 682 obtulerunt
2112 628 2185 681 illi

622 726 857 774 acetum.
880 717 1070 772 Viden'
1089 717 1325 772 fructum
1355 733 1566 781 eorum,
1587 734 1697 789 quo
1720 729 1877 788 pacto
1898 719 1951 772 in
1975 729 2186 773 acetum

622 827 811 868 versus
841 812 951 867 sit?
983 811 1136 867 Dicat
1167 811 1395 882 proinde
1427 810 1698 878 Salvator,
1743 812 1991 867 Evocasti
2025 828 2109 866 me
2133 822 2191 867 ut

619 907 1005 961 descenderem
1057 916 1111 961 et
1157 906 1499 960 comederem
1552 921 1733 975 poma,
1769 921 1893 961 ecce
1918 907 2037 960 veni
2073 906 2190 961 siti-

618 998 855 1062 bundus,
885 1011 938 1053 et
970 1009 1182 1053 acetum
1215 999 1349 1053 mihi
1380 998 1629 1053 obtulisti
1662 1017 1673 1052 :
1709 999 1829 1053 veni
1861 1000 2021 1053 etiam
2063 1014 2190 1055 esu-

618 1094 765 1147 riens
800 1093 866 1147 ad
904 1092 1061 1147 ﬁcum
1087 1134 1102 1158 ,
1145 1105 1195 1147 et
1239 1092 1365 1146 folia
1409 1092 1584 1148 solum
1624 1093 1827 1147 inveni.
1861 1092 2073 1147 Utinam
2106 1095 2187 1148 vel

621 1184 749 1239 folia
780 1197 988 1239 tantum
1017 1184 1341 1240 invenissem
1364 1225 1378 1247 ,
1414 1188 1542 1239 dum
1580 1200 1647 1239 ne
1687 1186 1899 1240 aridum
1930 1186 2137 1256 lignum
2172 1203 2187 1240 :

619 1277 852 1346 ideoque
885 1277 987 1346 ipsi
1020 1277 1295 1331 maledixi.
1344 1275 1606 1332 Descendi
1642 1276 1787 1331 enim
1835 1286 1894 1331 ut
1935 1277 2189 1332 comede-

620 1385 734 1422 rem
771 1368 981 1423 fructus
1011 1384 1297 1437 pomorum
1322 1386 1335 1434 ;
1371 1379 1421 1422 ct
1448 1384 1570 1423 cum
1600 1368 2003 1424 descendissem
2027 1411 2041 1434 ,
2066 1384 2191 1423 ecce

618 1459 950 1527 deprehendi
980 1460 1301 1529 sanguinem
1326 1474 1490 1529 super
1515 1460 1785 1529 sanguine
1815 1462 2188 1523 commistum,

622 1550 979 1613 fornicarios,
1042 1550 1317 1603 adulteros
1380 1558 1433 1603 et
1475 1550 1793 1619 sanguinem
1850 1550 2188 1603 innocentem

623 1642 875 1698 eﬂusum.
942 1641 1121 1695 lnveui
1180 1656 1277 1695 vos
1336 1644 1647 1710 sculpentes
1717 1642 1920 1711 lapides
1965 1651 2019 1696 et
2077 1658 2191 1697 rem

622 1736 889 1806 sculptam
918 1735 1087 1789 Deum
1117 1746 1372 1790 vocantes
1395 1778 1407 1801 ,
1453 1751 1516 1789 ac
1549 1736 1766 1789 demum
1799 1752 1896 1805 pro
1920 1736 2189 1792 fructibus

2291 532 2587 603 τριϐόλους.
2613 534 2749 586 Πότε
2801 534 2857 585 δὲ
2905 535 3285 605 προσήνεγκαν
3318 535 3469 604 αύτῷ
3499 536 3735 597 τούτους
3756 537 3893 600 τοὺς

2290 626 2552 696 καρποὺς,
2584 627 2630 678 εί
2665 625 2738 697 μὴ
2767 627 2854 678 ὅτε
2884 626 3245 695 ὲσταυροῦτο;
3278 627 3487 697 ’ῌτησε
3512 627 3625 699 γὰρ
3652 630 3801 681 πιεῖν
3826 629 3893 682 ἐκ

2289 716 2397 770 τῶν
2448 720 2672 788 καρπῶν
2725 717 2822 788 τῆς
2868 717 3151 787 ἀμπέλου,
3203 720 3294 773 καὶ
3340 721 3461 772 ἀντὶ
3509 722 3665 774 οἴνου
3715 739 3889 791 προσ-

2292 814 2529 883 ήνεγκαν
2558 812 2704 880 αὐτῷ
2732 811 2870 877 ὅξος.
2889 811 3049 882 Ὁρᾷς
3072 814 3162 865 τὸν
3192 814 3403 884 καρπὸν
3423 814 3612 866 αὐτῶν
3640 816 3728 867 ὅτι
3752 814 3891 882 Q51;-

2291 919 2384 966 κε;
2416 902 2631 969 Λεγέτω
2669 901 2847 954 τοίνυν
2872 903 2898 953 6
2924 903 3114 973 Σωτήρ
3134 918 3146 931 ·
3179 904 3573 973 Παρεκάλεσάς
3609 921 3681 973 με
3722 923 3890 957 κατα-

2292 996 2471 1065 ϐῆναι,
2495 995 2589 1048 καὶ
2616 997 2807 1063 φαγεῖν
2830 995 2937 1047 ἀπὸ
2960 994 3068 1046 τῶν
3097 995 3432 1066 ἀκροδρύων,
3459 996 3560 1048 καὶ
3585 996 3702 1049 ἰδοὺ
3723 992 3890 1065 ἦλθον

2290 1090 2477 1159 διψῶν,
2507 1090 2599 1142 καί
2632 1088 2750 1154 ὅξος
2796 1105 2886 1158 μοι
2925 1088 3336 1159 προσήνεγκας’
3385 1090 3478 1141 καὶ
3520 1086 3697 1159 ἦλθον
3728 1089 3889 1142 πάλιν

2293 1183 2491 1236 πεινῶν
2521 1182 2614 1233 ἐπὶ
2644 1182 2742 1252 τὴν
2776 1181 2964 1251 συκῆν,
2997 1182 3093 1233 καὶ
3140 1181 3313 1250 φύλλα
3346 1184 3507 1253 μόνον
3538 1179 3728 1254 εὗρον.
3760 1184 3887 1237 Εἴθε

2290 1274 2344 1327 δὲ
2380 1274 2479 1330 κᾶν
2510 1273 2681 1343 φύλλα
2713 1273 2870 1343 μόνον
2899 1272 3194 1344 εὑρίσκειν,
3230 1276 3322 1329 καὶ
3367 1276 3442 1345 μὴ
3478 1275 3544 1328 τὸ
3588 1276 3754 1342 ξύλον
3790 1276 3886 1345 ᾐ-

2293 1368 2417 1440 ρόν’
2450 1367 2537 1421 διὰ
2570 1366 2727 1419 τοῦτο
2760 1366 2868 1438 γὰρ
2903 1369 2994 1420 καὶ
3022 1367 3421 1439 κατηρασάμην
3461 1369 3660 1438 αὐτήν.
3697 1370 3885 1422 Κατα-

2292 1459 2498 1529 ϐέϐηκα
2529 1458 2636 1530 γὰρ
2680 1462 2871 1528 φαγεῖν
2916 1460 3041 1522 τοὺς
3086 1461 3331 1530 καρποὺς
3372 1461 3479 1513 τῶν
3532 1462 3885 1532 ἀκροδρύων,

2292 1552 2385 1603 καὶ
2412 1550 2517 1603 ἰδοὺ
2549 1550 2791 1613 καταϐὰς
2814 1545 2969 1621 εὗρον
2993 1552 3198 1621 αἵματα
3229 1552 3312 1620 ἐφ’
3347 1553 3578 1621 αἴμασιν
3614 1555 3886 1623 μισγόμε-

2292 1660 2377 1705 να,
2415 1641 2773 1715 πορνεύοντας
2806 1643 2899 1695 καὶ
2935 1642 3303 1713 μοιχεύοντας,
3352 1644 3446 1697 καὶ
3478 1645 3698 1714 αἵματα
3733 1644 3888 1697 tibi}:

2293 1736 2647 1806 ἐκχυνόμενα.
2668 1730 2838 1806 Εὗρον
2868 1735 3011 1804 ὑμᾶς
3040 1734 3345 1804 γλύφοντας
3373 1735 3559 1798 λίθους
3582 1777 3597 1800 ,
3626 1737 3729 1788 καὶ
3754 1735 3885 1789 Θεὸν

622 1829 899 1899 myrrham
926 1828 1132 1897 reperi,
1174 1836 1337 1897 atque
1369 1827 1446 1880 tui
1474 1843 1637 1881 causa
1669 1828 1912 1883 abducor
1949 1830 2015 1884 ad
2044 1844 2191 1885 mor-

2293 1828 2681 1898 ὀνομάζοντας·
2729 1828 2824 1881 καὶ
2863 1827 3046 1882 λοιπὸν
3077 1830 3201 1881 ἀντὶ
3236 1829 3557 1900 ἀκροδρύων
3588 1829 3845 1901 σμύρναν
3869 1846 3885 1859 ο

622 1930 750 1975 tem.
782 1920 1030 1974 Descendi
1074 1930 1130 1971 ut
1180 1920 1495 1973 comederem
1549 1920 1751 1989 fructus
1793 1938 2105 1989 pomorum:
2136 1930 2191 1975 et

621 2028 747 2067 ecce
777 2020 994 2081 propter
1038 2021 1087 2065 te
1130 2012 1250 2067 loco
1278 2013 1473 2068 messis
1516 2022 1745 2067 mortem
1774 2013 2011 2081 accipio;
2042 2028 2190 2083 myr-

622 2104 776 2157 rham
816 2112 962 2157 meto
998 2118 1120 2157 cum
1152 2103 1512 2157 aromatibus.
1558 2105 1626 2154 At
1662 2103 1867 2155 utinam
1900 2112 2187 2173 postquam

621 2195 902 2266 myrrham
934 2210 1032 2265 pro
1059 2211 1235 2250 messe
1261 2196 1459 2265 recepi,
1488 2195 1570 2249 vel
1610 2197 1680 2249 ita
1709 2196 1927 2249 tandem
1960 2199 2187 2252 salutem

622 2288 1016 2343 nanciscamini
1040 2328 1054 2352 ,
1102 2303 1167 2343 ac
1213 2288 1481 2343 scelerum
1518 2288 1678 2344 linem
1707 2288 1946 2354 faciatis,
1984 2306 2083 2345 nec
2103 2290 2188 2345 di—

617 2387 776 2434 catur
830 2378 1116 2433 adversum
1168 2394 1264 2433 vos
1318 2378 1368 2432 id
1417 2379 1562 2448 quod
1625 2380 1677 2432 in
1732 2380 1990 2434 vicesimo
2048 2395 2190 2433 nono

620 2472 833 2542 psalmo
884 2472 1144 2539 habetur,
1201 2472 1330 2535 Qua:
1384 2470 1592 2525 utilitas
1646 2472 1700 2524 iu
1747 2472 2001 2541 sanguine
2055 2486 2187 2533 meo,

619 2567 745 2618 dum
780 2565 1029 2618 descendo
1081 2565 1134 2617 in
1192 2565 1573 2633 corruptionem
1606 2564 1697 2615 73?
1761 2561 2188 2617 Descendieuim

620 2666 839 2728 propter
873 2667 944 2722 te,
967 2673 1030 2711 ac
1064 2664 1293 2710 mortem
1330 2656 1718 2726 myrrhamque
1756 2670 1853 2723 pro
1894 2669 2071 2709 messe
2102 2671 2192 2710 ac-

621 2749 772 2818 cepi;
809 2764 873 2802 ac
911 2764 1019 2801 non
1054 2748 1231 2801 solum
1258 2747 1557 2817 myrrham,
1597 2747 1691 2801 sed
1715 2746 1877 2801 etiam
1913 2762 2034 2801 cum
2067 2762 2191 2801 aro-

622 2840 882 2895 matibus.
958 2838 1077 2905 Quo
1156 2847 1317 2908 pacto
1383 2848 1561 2893 autem
1622 2854 1744 2893 cum
1814 2838 2191 2893 aromatibus?

621 2932 852 3000 Quando
880 2934 1023 2986 enim
1072 2931 1347 3002 myrrham
1403 2932 1626 2996 messui,
1676 2932 1886 2985 scilicet
1933 2938 2187 2993 mortem,

620 3041 818 3095 corpus
853 3028 905 3079 in
938 3034 1290 3079 monumento
1316 3025 1622 3093 depositum
1654 3021 1756 3077 fuit
1784 3041 1799 3079 :
1833 3038 1957 3077 cum
2002 3038 2189 3077 resur-

620 3119 761 3172 rexit
791 3117 931 3170 idem
962 3131 1161 3185 corpus
1187 3116 1584 3184 incorruptum,
1643 3124 1773 3168 tunc
1823 3125 2191 3183 apparuerunt

2291 1919 2385 1973 καὶ
2429 1921 2507 1982 εἰς
2557 1919 2782 1973 θάνατον
2820 1921 3022 1989 ἄγομαι
3063 1919 3151 1973 διὰ
3204 1920 3282 1973 σέ.
3350 1922 3747 1989 Καταὸέϐηκα
3781 1920 3889 1976 τσῦ

2290 2011 2501 2081 φαγεῖν
2532 2011 2672 2077 τοὺς
2716 2012 2984 2079 καρποὺς
3028 2011 3145 2065 τῶν
3189 2013 3573 2081 ἀκροδρύων’
3622 2016 3726 2067 καὶ
3776 2015 3887 2068 ise-2a

2292 2105 2518 2159 θάνατον
2548 2104 2731 2175 τρυγῶ
2782 2103 2867 2156 διὰ
2917 2104 2977 2156 σέ
3000 2122 3013 2135 ·
3062 2104 3306 2176 σμύρναν
3346 2106 3530 2177 τρυγῶ
3566 2106 3717 2176 μετά
3746 2110 3891 2176 ἀρω-

2294 2198 2495 2265 μάτων.
2517 2197 2652 2249 Ἀλλ’
2693 2195 2805 2248 εἴθε
2830 2198 3198 2269 τρυγήσαντός
3230 2216 3329 2268 μου
3364 2198 3461 2269 τὴν
3493 2198 3753 2268 σμύρναν
3784 2216 3891 2250 σω-

2291 2289 2470 2350 θέντες
2498 2284 2594 2359 ἦτε
2628 2288 2721 2341 καὶ
2752 2289 3092 2359 πεπαυμένοι
3126 2289 3233 2341 τῶν
3268 2289 3452 2341 κακῶν
3473 2331 3486 2355 ,
3531 2290 3626 2341 καὶ
3666 2289 3749 2359 μὴ
3802 2289 3888 2340 λε-

2291 2382 2432 2448 γέτω
2484 2380 2603 2433 καθ’
2637 2380 2791 2450 ὑμῶν
2840 2381 2900 2433 τὸ
2950 2383 3007 2434 ὲν
3044 2381 3120 2452 τῷ
3156 2381 3383 2451 εἰκοστῷ
3415 2382 3623 2452 ἐννάτῳ

2291 2471 2610 2541 λεγόμενον·
2653 2472 2749 2536 Τίς
2780 2472 3033 2539 ὠφέλεια
3075 2473 3144 2524 ἐν
3196 2471 3274 2536 τῷ
3313 2474 3510 2542 αἵματι
3533 2491 3658 2542 μου
3699 2475 3779 2526 ἐν
3811 2471 3892 2537 τῷ

2293 2561 2620 2629 καταϐῆναί
2639 2579 2714 2631 με
2734 2566 2820 2628 εἰς
2851 2563 3206 2632 διαφθοράη
3237 2565 3606 2636 Καταϐἐϐηκα
3639 2564 3763 2635 γὰρ
3801 2566 3892 2619 διὰ

2294 2656 2373 2719 σὲ,
2400 2659 2490 2709 καὶ
2517 2656 2746 2711 θάνατον
2784 2656 3060 2727 ὲτρύγησα
3086 2658 3180 2710 καὶ
3207 2657 3453 2729 σμύρναν
3472 2673 3485 2686 ·
3528 2657 3646 2710 ἀλλ’
3680 2658 3753 2708 οὐ
3789 2657 3889 2725 μό-

2292 2766 2379 2801 νον
2409 2749 2507 2819 τὴν
2542 2749 2806 2818 σμύρναν,
2838 2749 2970 2802 άλλά
3018 2750 3154 2818 μετά
3182 2750 3506 2820 ἀρωμάτων.
3536 2749 3664 2812 Πῶς
3700 2749 3763 2801 δὲ
3794 2749 3889 2802 καὶ

2296 2840 2432 2909 μετὰ
2462 2840 2801 2911 ἀρωμάτων;
2836 2841 2966 2892 Ὅτε
3010 2840 3116 2912 γὰρ
3154 2841 3428 2912 ὲτρύγησα
3602 2843 3885 2913 σμύρναν.

2291 2930 2533 2983 τουτέστι
2557 2930 2647 2983 τὸν
2675 2930 2928 2983 θάνατον·
2962 2930 3050 2982 ὅτε
3078 2929 3235 3001 ἐτέθη
3272 2931 3328 2984 ἐν
3367 2931 3443 3001 τῷ
3479 2933 3764 3003 μνημείῳ.
3794 2936 3887 2985 καὶ

2292 3022 2589 3095 ἀνέστησεν
2645 3024 2706 3076 τὸ
2746 3024 2904 3094 σῶμα
2952 3023 3263 3095 ἄφθαρτον,
3315 3024 3434 3077 τότε
3476 3026 3765 3096 ἐφάνησαν
3817 3042 3887 3078 τα

2293 3114 2561 3185 ἀρώματα
2583 3130 2593 3140 ·
2630 3114 2900 3185 ἀρώματα
2925 3115 2980 3168 δὲ
3003 3111 3071 3186 ἦν
3096 3117 3128 3186 ἡ
3153 3116 3431 3188 άφθαρσία
3460 3116 3553 3169 τοῦ
3580 3117 3869 3187 σώματος.

619 3224 905 3270 aromata:
938 3222 1180 3267 aromata
1230 3227 1394 3282 porro
1449 3222 1607 3265 erant
1665 3212 2004 3280 incorruptio
2039 3213 2305 3281 corporis.

689 3336 743 3390 7.
777 3334 1120 3404 Quapropter
1168 3332 1393 3402 pulchre
1449 3331 1526 3385 sic
1555 3330 1794 3401 loquitur
1838 3349 1850 3383 :

620 3446 788 3482 meam
832 3429 1022 3481 messui
1066 3444 1182 3479 cum
1235 3426 1556 3479 armantibus
1587 3427 1715 3479 meis
1738 3440 1757 3479 .'
1782 3426 1978 3479 comedi
2004 3441 2191 3495 panem

619 3538 789 3574 meum
828 3536 945 3573 cum
980 3518 1128 3571 melle
1171 3535 1316 3584 meo,
1360 3517 1466 3569 bibi
1504 3519 1678 3570 uinum
1716 3535 1883 3570 meum
1917 3517 2191 3570 cumlacte

620 3611 820 3664 meo".
878 3611 1061 3664 Videu'
1096 3608 1331 3663 Verbum
1389 3610 1454 3661 ad
1505 3623 1722 3663 omnem
1776 3618 1987 3661 aetatem
2024 3608 2191 3661 emis-

621 3703 783 3756 sum?
833 3702 987 3767 Quod
1032 3701 1231 3755 Judaeis
1259 3700 1478 3771 quidem
1512 3711 1696 3769 utpote
1739 3698 2040 3754 infantibus
2086 3700 2190 3753 mel

625 3805 673 3848 et
698 3795 782 3849 lac
813 3795 865 3846 in
888 3795 1203 3847 alimentum
1236 3793 1501 3862 praebeat;
1532 3793 1636 3845 mel
1671 3801 1723 3847 et
1754 3793 1835 3847 lac
1859 3808 1981 3847 cum
2010 3794 2188 3861 audis,

622 3885 792 3955 legem
826 3884 1118 3949 existima;
1177 3901 1299 3937 nam
1352 3885 1483 3954 ipsis
1534 3894 1719 3954 utpote
1765 3884 2064 3941 infantibus
2109 3887 2191 3943 lac

621 3981 806 4035 datum
852 3990 966 4044 est;
1006 3977 1256 4049 perlectis
1296 3994 1424 4032 vero
1455 3979 1611 4048 panis
1652 3988 1705 4033 et
1746 3979 1930 4032 vinum
1978 3980 2184 4033 datum.

622 4075 806 4130 Solida
839 4074 985 4128 enim
1030 4088 1155 4128 esca
1194 4082 1279 4128 est
1332 4072 1487 4143 panis
1530 4082 1689 4141 atque
1733 4072 1944 4137 vinum,
1983 4073 2190 4127 scilicet

621 4165 994 4235 Evangelium.
1020 4162 1383 4229 Quamobrem
1414 4162 1633 4230 pulchre
1666 4160 1915 4215 Salvator
1940 4163 2016 4216 ait
2043 4181 2054 4216 :
2082 4161 2188 4216 Co-

619 4258 757 4311 medi
790 4273 976 4327 panem
1008 4272 1179 4309 meum
1209 4272 1323 4307 cum
1354 4254 1501 4307 melle
1534 4271 1664 4321 meo,
1692 4254 1797 4307 bibi
1824 4255 1997 4307 viuum
2020 4271 2189 4308 meum

620 4366 738 4403 cum
785 4350 919 4403 lacte
950 4366 1079 4403 meo.
1117 4347 1304 4402 Viden‘
1352 4362 1461 4416 quo
1508 4357 1666 4416 pacto
1711 4347 1909 4417 ubique
1952 4348 2187 4416 idipsum

621 4440 802 4493 dicat?
855 4441 1028 4508 Ipsius
1068 4438 1213 4493 enim
1262 4446 1347 4493 est
1396 4448 1504 4491 tam
1553 4434 1761 4491 Nevum
1809 4453 1970 4506 quam
2021 4436 2189 4492 Vetus

624 4531 1051 4585 Testamentum.
1103 4529 1227 4585 Ideo
1270 4546 1348 4586 vae
1386 4529 1587 4584 Judaeis
1630 4531 1721 4600 qui
1753 4531 1857 4584 mel
1900 4540 1953 4584 et
1984 4531 2066 4584 lac
2099 4546 2190 4585 co-

622 4624 865 4678 medunt.
909 4622 1171 4676 Similiter
1225 4630 1279 4677 et
1334 4620 1618 4676 Manichaei
1658 4636 1849 4690 panem
1896 4629 1950 4674 et
2001 4620 2183 4674 vinum

620 4719 821 4785 edunt;
865 4717 1132 4773 catholica
1185 4723 1365 4769 autem
1413 4713 1653 4769 Ecclesia
1685 4713 1774 4766 illa
1810 4714 1916 4767 duo
1954 4729 2060 4767 una
2094 4728 2187 4768 co-
2220 4687 2265 4744 D

622 4812 826 4876 medit,
882 4827 1075 4881 panem
1135 4824 1259 4864 cum
1314 4808 1492 4873 melle,
1546 4807 1789 4876 bibitque
1827 4808 2015 4862 vinum
2063 4822 2186 4862 cum

622 4905 779 4958 lacte.
817 4901 881 4957 Et
916 4919 1039 4957 cum
1088 4917 1282 4973 panem
1317 4901 1674 4967 comedimus,
1710 4916 1817 4954 una
1854 4916 1976 4955 cum
2010 4900 2187 4956 Verbo

623 4996 725 5050 mel
751 4997 876 5051 item
906 4995 1265 5049 absumimus.
1304 4992 1578 5061 Scriptum
1624 4994 1749 5048 item
1792 4991 1894 5046 fuit
1928 5001 1986 5045 ut
2016 5008 2189 5063 agnus

623 5091 673 5142 in
722 5087 929 5142 Pascha
976 5087 1371 5141 comederetur.
1431 5086 1642 5155 Agnum
1693 5086 1876 5155 itaque
1920 5101 2076 5139 sumo
2138 5094 2191 5139 et

620 5199 742 5236 cum
777 5182 896 5250 ipso
937 5179 1108 5234 Verbo
1137 5178 1442 5245 manduco;
1474 5193 1573 5232 nec
1610 5193 1807 5247 agnum
1850 5177 2025 5231 solum
2059 5178 2183 5243 edo,

622 5275 712 5328 sed
741 5275 901 5327 etiam
921 5271 1182 5333 Verbum,
1207 5272 1347 5341 quod
1374 5272 1515 5325 sicut
1542 5286 1714 5339 agnus
1744 5270 1811 5325 ad
1849 5270 2182 5324 occisionem

621 5367 842 5420 ductum
901 5375 1000 5417 est.
1063 5362 1187 5417 Ideo
1236 5362 1464 5432 pulchre
1523 5363 1702 5416 dicit:
1741 5362 1953 5415 Comcdi
1996 5380 2184 5430 panem

626 5471 791 5508 meum
822 5470 935 5507 cum
972 5453 1118 5506 melle
1142 5468 1274 5516 meo,
1307 5463 1353 5505 et
1382 5452 1484 5503 bibi
1512 5453 1686 5528 vinum
1713 5469 1881 5505 meum
1909 5470 2025 5505 cum
2049 5453 2184 5506 lacte

625 5561 777 5599 meo:
810 5555 862 5599 et
901 5545 1078 5598 subito
1108 5547 1455 5613 prosequitur
1485 5564 1496 5597 :
1534 5544 1815 5609 Comedite,
1855 5546 2011 5598 vicini
2062 5546 2182 5610 mei,

694 5794 737 5822 τι
776 5790 895 5845 Psal
950 5805 1097 5854 nix,
1140 5791 1222 5844 10.
1302 5792 1347 5821 ⁷⁵
1379 5791 1532 5844 Cant.
1580 5796 1703 5855 v,1.

1912 3330 2184 3400 Myrrham
2214 3336 2254 3393 C

2357 3330 2410 3383 7.
2447 3330 2543 3383 Διὰ
2580 3330 2735 3383 τοῦτο
2766 3329 2943 3394 καλῶς
2975 3330 3157 3399 λέγει·
3210 3331 3542 3399 Ἐτρύγνησα
3585 3334 3886 3400 σμύρναν

2289 3438 2406 3489 μου
2429 3419 2578 3488 μετὰ
2601 3421 2921 3489 ἀρωμάτων
2946 3439 3064 3490 μου
3089 3438 3103 3452 °
3129 3421 3352 3491 ἔφαγον
3379 3420 3555 3490 ἄρτον
3574 3439 3698 3490 μου
3723 3426 3886 3491 μετὰ

2288 3512 2529 3582 μέλιτός
2544 3530 2663 3581 μου
2679 3530 2691 3541 ·
2714 3513 2886 3567 ἔπιον
2906 3510 3072 3568 οἶνόν
3085 3531 3202 3583 μου
3218 3516 3366 3582 μετὰ
3392 3518 3691 3584 γάλακτός
3730 3535 3853 3585 μοι
3867 3560 3879 3569 .

2294 3605 2527 3677 Θεωρεῖς
2555 3605 2645 3658 τὸν
2671 3607 2840 3674 Λόγον
2870 3607 2958 3659 τὸν
2988 3606 3122 3678 πρὸς
3151 3609 3327 3660 πᾶσαν
3360 3608 3571 3678 ἡλικίαν
3605 3612 3881 3680 γιγνόμε-

2294 3715 2414 3763 νον;
2458 3700 2549 3751 καὶ
2581 3702 2691 3762 τοῖς
2738 3700 3007 3763 Ἰουδαίοις
3033 3700 3244 3769 νηπίοις
3279 3697 3425 3754 οὖσιν
3454 3702 3629 3765 διδοὺς
3658 3706 3881 3775 τροφὴν

2296 3792 2415 3861 μέλι
2447 3794 2538 3844 καὶ
2559 3792 2700 3861 γάλα
2719 3811 2731 3823 ·
2761 3792 2881 3863 μέλι
2911 3793 2966 3845 δὲ
2989 3792 3080 3845 καὶ
3100 3791 3238 3860 γάλα
3264 3794 3357 3846 ἐὰν
3390 3793 3645 3866 ἀκούσῃς,
3672 3797 3774 3849 τὸν
3803 3799 3882 3849 νό-

2297 3903 2393 3957 μον
2444 3885 2659 3956 νόμιζεο
2694 3885 2769 3949 ὡς
2818 3884 2922 3956 γὰρ
2968 3885 3181 3955 νηπίοις
3225 3886 3404 3949 αὐτοῖς
3443 3882 3589 3939 οὖσιν
3624 3887 3790 3959 ἐδόθη
3821 3890 3881 3942 τὸ

2293 3976 2467 4043 γάλα*
2504 3979 2617 4038 τοῖς
2658 3975 2715 4028 δὲ
2755 3975 2979 4038 τελείοις
3037 3977 3064 4027 6
3097 3976 3258 4047 ἄρτος
3282 3976 3373 4029 καὶ
3401 3977 3427 4027 6
3456 3971 3596 4039 οἶνος
3628 3977 3876 4032 δίδοταιο

2295 4068 2488 4140 στερεά
2518 4069 2625 4139 γάρ
2655 4071 2768 4121 ἐστι
2795 4069 2966 4139 τροφὴ
2985 4070 3077 4121 καὶ
3098 4069 3124 4119 ὀ
3152 4070 3313 4139 ἄρτος
3338 4070 3428 4122 καὶ
3452 4072 3480 4123 6
3510 4066 3677 4133 οἶνος,
3703 4088 3871 4125 ταυτ-

2292 4162 2405 4213 έστι
2448 4161 2506 4213 τὸ
2557 4161 2902 4229 Εύαγγέλιον.
2956 4161 3053 4213 Διὰ
3091 4161 3248 4215 τοῦτο
3294 4163 3470 4214 τοίνυν
3503 4162 3687 4226 καλῶς
3724 4164 3875 4233 λέγει

2292 4258 2318 4309 6
2351 4256 2571 4326 Σωτήρ·
2635 4256 2893 4324 Ἔφαγον
2921 4253 3100 4323 ἄρτον
3125 4273 3244 4324 μου
3279 4254 3427 4324 μετὰ
3454 4254 3705 4324 μέλιτός
3725 4276 3872 4325 μου,

2293 4350 2464 4403 ἔπιον
2490 4352 2654 4403 οἶνόν
2678 4368 2796 4419 μου
2832 4351 2978 4420 μετὰ
3004 4349 3299 4420 γάλακτός
3313 4368 3447 4418 μου.
3487 4347 3729 4420 Θεωρεῖξ
3755 4352 3873 4415 πῶς

2295 4442 2564 4513 πανταχοῦ
2592 4443 2771 4510 λέγει;
2798 4443 2970 4495 Αὑτοῦ
3007 4444 3112 4513 γάρ
3152 4444 3265 4495 ἐστι
3299 4445 3391 4495 καὶ
3430 4445 3460 4513 ἡ
3501 4444 3677 4513 Καινὴ
3713 4448 3869 4515 καὶὴ

2294 4535 2520 4587 Παλαιὰ.
2550 4536 2645 4589 Διὰ
2670 4534 2825 4588 τοῦτο
2845 4536 2965 4589 οὐαὶ
2986 4539 3096 4600 τοῖς
3123 4537 3392 4599 Ἰουδαίοις
3413 4540 3523 4598 τοῖς
3539 4537 3599 4589 τὸ
3626 4538 3753 4607 μέλι
3778 4540 3871 4592 καὶ

2293 4628 2432 4696 γάλα
2464 4628 2754 4681 ἐσθίουσιν.
2826 4628 3095 4692 Ὡσαύτως
3128 4630 3183 4682 δὲ
3226 4632 3317 4684 καὶ
3349 4631 3397 4683 οἱ
3436 4632 3731 4700 Μανιχαωι
3778 4632 3868 4685 τὸν

2293 4718 2451 4789 ἄρτον
2484 4721 2577 4771 καὶ
2613 4720 2704 4772 τὸν
2748 4716 2887 4772 οἶνον
2909 4718 3196 4773 -ὲσθίουσιν
3216 4736 3231 4749 θ
3271 4723 3303 4791 ἡ
3334 4721 3388 4773 δὲ
3419 4720 3699 4792 Καθολικὴ
3742 4724 3867 4776 Ἐκ-

2293 4810 2489 4881 κλησία
2521 4812 2588 4863 τὰ
2618 4810 2709 4863 δύο
2732 4810 2864 4881 όμοῦ
2897 4811 3085 4874 ἐσθίει,
3122 4812 3209 4864 τὸν
3238 4812 3396 4883 ἄρτον
3427 4812 3562 4881 μετὰ
3581 4812 3679 4865 τοῦ
3716 4815 3866 4884 μέλι-

2291 4921 2402 4966 τος,
2433 4905 2525 4957 καὶ
2552 4904 2693 4957 πίνει
2720 4904 2809 4957 τὸν
2836 4898 2975 4956 οἶνον
3007 4904 3144 4974 μετά
3182 4904 3273 4957 τοῦ
3311 4904 3578 4971 γάλακτος
3596 4922 3610 4933 ·
3638 4906 3734 4958 καὶ
3780 4909 3864 4959 ἐσ-

2294 4996 2493 5057 Θίοντες
2531 4996 2626 5064 μὲν
2656 4997 2744 5049 τὸν
2774 4997 2934 5067 ἄρτον
2982 4997 3437 5067 συναναλίσκομεν
3480 4996 3558 5066 τῷ
3589 4997 3735 5067 λόγῳ
3770 5004 3863 5052 καὶ

2291 5087 2352 5139 τὸ
2371 5086 2509 5157 μέλι.
2531 5089 2638 5140 Καὶ
2652 5087 2709 5139 τὸ
2729 5087 2995 5160 πρόϐατον
3022 5088 3325 5158 γέγραπται
3345 5087 3543 5141 ἐσθίειν
3560 5088 3619 5140 τὸ
3644 5090 3857 5161 Πάσχα.

2292 5180 2565 5247 Λαμϐάνω
2594 5180 2653 5233 τὸ
2686 5180 2949 5253 πρόϐατον
2974 5181 3066 5233 καὶ
3100 5181 3469 5234 συναναλίσκω
3491 5182 3623 5235 αὐτὸ
3657 5182 3734 5253 τῷ
3762 5185 3862 5236 Λό-

2292 5285 2399 5338 γῳ·
2438 5270 2529 5321 καὶ
2563 5272 2660 5323 οὐκ
2693 5271 2855 5324 ἐσθίω
2880 5271 2940 5323 τὸ
2970 5272 3236 5343 πρόϐατον
3258 5272 3415 5343 μόνον
3435 5311 3449 5332 ,
3481 5272 3617 5325 ἀλλά
3644 5274 3737 5325 καὶ
3773 5275 3859 5326 τόν

2293 5363 2366 5425 ὡς
2388 5363 2653 5431 πρόϐατον
2678 5365 2769 5417 ἐπὶ
2800 5365 3010 5436 σφαγὴν
3036 5366 3298 5435 ἀγόμενον
3330 5364 3519 5433 Λόγον.
3579 5366 3678 5418 Διά
3706 5366 3859 5419 τοῦτο

2295 5454 2471 5518 καλῶς
2517 5455 2695 5523 λέγει’
2749 5458 3013 5525 "Eget-for
3048 5456 3230 5524 ἄρτον
3264 5475 3377 5526 μου
3422 5458 3575 5526 μετὰ
3616 5458 3858 5527 μέλιτός

2288 5566 2438 5617 μου,
2496 5551 2589 5603 καί
2638 5551 2808 5604 ἔπιον
2836 5546 3000 5604 οἶνόν
3042 5568 3159 5618 μου
3192 5553 3339 5618 μετά
3385 5551 3684 5620 γάλακτός
3704 5570 3854 5622 μου·
