4094 6322
195 387 337 441 1361

1357 393 1775 449 FRAGMENTA
1802 394 1865 450 lN
1894 394 2282 450 MATIUEUM.

3306 408 3325 460 i
3338 409 3438 463 369

193 502 297 553 καὶ
326 499 531 564 εὐθέως
580 500 759 569 λέγει·
813 504 1031 574 “rats
1054 549 1067 568 ,
1104 509 1156 560 ol
1196 508 1457 575 πλησίον
1488 528 1643 579 μου,
1677 510 1771 563 καὶ

1878 520 1927 564 et
1975 510 2164 577 bibite,
2214 510 2581 577 inebriamini,
2640 515 2831 583 fratres
2858 517 2923 567 ⁸⁷⁸.
2968 517 3099 571 Vide
3143 533 3252 587 quo
3283 532 3436 587 pacto

191 590 402 655 πιετε,
430 592 527 645 καί
566 594 904 661 μεθύσθητε
924 635 940 655 ,
986 594 1253 664 ἀδελφοί.
1299 598 1393 650 Ἰδὲ
1422 599 1512 651 τὸν
1546 600 1771 671 Σωτῆρα

194 683 326 746 πῶς
372 683 586 756 νηπίοις
634 687 1000 757 παραγγέλλει
1042 693 1266 757 φαγεῖν·
1301 693 1410 753 τοῖς
1458 691 1513 744 δὲ
1564 692 1773 762 μείζοσι

193 773 386 843 λέγει,
423 776 532 829 Kal
572 777 765 831 πίετε·
806 782 917 843 τοῖς
941 779 998 833 δὲ
1026 782 1249 845 τελείοις
1282 782 1464 852 ἔλεγεν
1484 824 1497 849 ,
1530 786 1611 837 ὅτι
1662 786 1771 839 Καὶ

187 868 558 935 μεθύσθητε,
581 868 848 939 ἀδελφοί.
884 871 1096 941 Ἀμέλει
1118 891 1180 942 γε
1204 875 1429 939 Παῦλος,
1454 876 1651 941 τέλειος
1675 876 1771 944 ὣν,

195 958 301 1010 καὶ
336 958 741 1029 μμεθυσμένος
787 962 884 1033 τὴν
915 962 1063 1016 θείαν
1097 964 1301 1036 ταύτην
1336 967 1524 1038 μέθην,
1556 967 1768 1035 ἔλεγεν·

193 1046 345 1099 Εἴτε
404 1047 513 1117 γὰρ
565 1049 892 1121 ἐξέστημεν
954 1052 1107 1119 Θεῷ,
1171 1057 1289 1110 εἴτε
1346 1055 1774 1127 σωφρονοῦμεν

192 1133 366 1206 ὑμῖν.
408 1139 497 1210 Μὴ
524 1142 751 1213 νομίσῃς
774 1143 828 1195 δὲ
856 1144 1036 1208 αὑτὸν,
1069 1146 1149 1199 ὅτι
1174 1148 1280 1200 ἀπὸ
1305 1148 1446 1201 οἴνου
1476 1146 1541 1221 ἦν
1569 1149 1773 1216 ἐξιστά-

198 1245 367 1296 μενος
386 1248 398 1258 ·
424 1230 581 1293 αὐτὸς
611 1231 718 1304 γὰρ
739 1234 1097 1304 παρήγγειλε·
1129 1237 1224 1305 Μὴ
1252 1238 1579 1305 μεθύσκετε
1607 1241 1768 1305 οἴνῳ,

195 1320 275 1373 ἐν
296 1313 346 1387 ᾧ
369 1321 539 1375 ἐστιν
564 1324 787 1378 ἀσωτία
805 1343 817 1355 ’
839 1325 975 1392 ἀλλ’,
1011 1328 1220 1398 Ὀλίγῳ
1246 1330 1387 1397 οἴνῳ
1410 1329 1529 1398 χρῶ
1547 1332 1645 1386 διὰ
1665 1332 1769 1385 τὸν

196 1414 516 1482 στόμαχον
540 1432 681 1474 σου.
703 1419 947 1490 Τιμοθέῳ
970 1420 1197 1493 γράφει·
1222 1424 1269 1475 εί
1294 1423 1349 1475 δὲ
1370 1424 1547 1487 ἄλλοις
1570 1441 1774 1495 παραγ-

195 1504 405 1571 γέλλει,
426 1507 574 1579 πόσῳ
601 1510 795 1579 μᾶλλον
816 1510 1023 1581 ἐαυτῷ;
1055 1513 1287 1577 Ἐκεῖνος
1306 1515 1411 1586 γὰρ
1437 1515 1770 1587 μεμεθυσμέ-

198 1613 295 1659 νος
330 1592 399 1668 ἦν
433 1599 601 1670 καλὴν
627 1601 720 1654 καὶ
747 1600 894 1654 θείαν
921 1602 1027 1656 ἀπὸ
1050 1605 1143 1657 τοῦ
1170 1606 1341 1674 Λόγου
1376 1606 1561 1676 μέθην.
1598 1608 1775 1662 Γένοι-

197 1702 266 1738 το
319 1686 377 1741 δὲ
418 1690 509 1742 καὶ
554 1692 700 1761 ἡμᾶς
751 1693 1214 1765 συναριθμηθῆναι
1272 1698 1388 1766 μετ’
1422 1698 1584 1750 αὑτοῦ
1618 1700 1674 1751 ὲν
1706 1702 1772 1771 τῇ

1880 599 2129 654 Salvator
2156 599 2457 656 infantibus
2485 604 2764 673 pracipiat
2791 615 2851 661 ut
2874 609 3178 675 comedam,
3211 612 3437 679 majori-

1873 691 1975 747 bus
1990 691 2155 756 dicat,
2175 690 2243 744 Et
2260 692 2452 757 bibite;
2476 694 2828 763 perfectis,Et
2855 698 3206 766 inebriamini,
3223 701 3433 768 fratres.

1876 782 2017 838 Sane
2048 782 2251 840 Paulus
2301 801 2423 841 cum
2477 786 2750 856 perfectus
2802 798 2969 857 esset,
3023 799 3078 845 et
3123 791 3304 846 divina
3334 792 3439 847 ista

1873 878 2133 931 ebrietate
2159 878 2353 948 plenus
2372 919 2388 943 ,
2433 879 2643 935 dicebat
2674 900 2686 935 :
2714 880 2832 937 Sive
2860 885 2995 937 enim
3026 897 3194 938 mente
3229 886 3437 939 excedi-

1876 986 1990 1022 mus
2046 969 2151 1042 Deo
2173 1011 2189 1034 ,
2238 971 2347 1025 sive
2392 973 2648 1041 sapientes
2683 990 2862 1029 sumus
2892 977 3031 1029 vobis
3064 977 3132 1030 ⁷⁷.
3173 975 3249 1032 Ne
3281 986 3439 1048 putes

1877 1048 2055 1116 autem
2094 1062 2245 1115 illum
2280 1063 2549 1119 exhausto
2588 1066 2714 1122 vino
2741 1076 2921 1122 mente
2957 1068 3287 1136 excessisse;
3324 1068 3439 1138 ipse

1878 1168 2112 1223 namque
2148 1155 2403 1224 praecepit
2429 1156 2516 1212 his
2538 1158 2717 1214 verbis
2746 1176 2758 1211 :
2794 1157 2973 1215 Nolite
3003 1161 3256 1215 inebriari
3297 1162 3438 1227 vino,

1877 1247 1931 1299 in
1962 1263 2061 1317 quo
2097 1254 2171 1300 est
2213 1246 2428 1301 luxuria
2458 1249 2502 1280 ⁷⁸
2540 1268 2553 1304 :
2591 1254 2684 1305 sed
2720 1249 3003 1306 Timotheo
3037 1252 3264 1307 scribit:
3308 1250 3440 1305 Vino

1876 1338 2082 1390 modico
2116 1348 2260 1392 utere
2288 1347 2501 1407 propter
2545 1342 2870 1395 stomachum
2924 1351 3072 1396 tuum
3112 1344 3179 1398 "’.
3211 1341 3366 1409 Quod
3394 1343 3439 1397 si

1877 1428 2000 1483 aliis
2050 1429 2155 1484 hoc
2204 1431 2519 1500 praecipiat,
2558 1442 2767 1502 quanto
2828 1436 3000 1505 magis
3045 1435 3296 1505 sibiipsi?
3348 1434 3441 1489 Ille

1877 1519 2077 1589 quippe
2127 1518 2426 1576 inebriatus
2474 1530 2590 1576 erat
2641 1521 2783 1577 bona
2837 1523 2925 1576 illa
2964 1532 3019 1577 et
3059 1524 3242 1578 divina
3277 1522 3441 1578 Verbi

1878 1610 2160 1664 ebrietate.
2206 1609 2363 1665 Faxit
2400 1619 2582 1667 autem
2617 1610 2791 1677 Deus,
2839 1624 2896 1669 ut
2937 1629 3035 1669 nos
3068 1628 3190 1668 cum
3221 1614 3314 1668 illo
3338 1630 3441 1668 an-

1876 1716 2227 1756 numeremur
2275 1702 2328 1756 in
2366 1718 2535 1774 regno
2574 1704 2874 1771 ccelorum,
2924 1706 2979 1760 in
3033 1704 3248 1762 Christo
3287 1704 3438 1761 Iesu.

203 1778 455 1852 βασιλείᾳ
480 1781 587 1834 τῶν
618 1782 859 1852 οὐρανῶν
889 1786 947 1838 ὲν
975 1787 1194 1856 Χριστῷ
1235 1787 1428 1859 Ἰησοῦ.
1502 1789 1691 1862 Ἀμήν.
1809 1834 1846 1862 D
1877 1792 2067 1845 Amen.

1806 1834 1848 1889 Β

283 1956 331 1988 ’⁵
358 1957 518 2015 Cant.
561 1976 613 2027 ν,
659 1962 710 2017 t.
789 1964 831 1995 "
873 1962 914 2016 ll
950 1962 1076 2018 Cor.
1113 1979 1165 2031 γ,
1194 1964 1280 2021 15.
1355 1968 1398 1998 ⁷⁸
1435 1965 1633 2038 Ephes.
1662 1987 1714 2039 ν,
1759 1973 1771 2024 i

1921 1972 1964 2002 ⁷⁸
1996 1970 2011 2025 Ι
2053 1970 2196 2025 Tim.
2220 1988 2274 2039 v,
2301 1972 2390 2027 25.

1533 2356 2111 2450 MONITUM

912 2567 979 2626 IN
1013 2567 1378 2626 SERMONES
1408 2567 1562 2625 SIVE
1602 2567 2153 2626 COMMENTARIUS
2190 2569 2256 2626 ΙΝ
2301 2569 2734 2627 ΜΑΤΤΗᾸΞΗΜ.

288 2928 374 2985 An
401 2926 719 2983 Athanasius
747 2905 1032 2993 sermones,
1062 2927 1167 2982 sive
1189 2931 1589 2981 commentarios
1616 2928 1667 2981 in
1686 2926 1993 2981 ilatthaeum
2014 2924 2233 2989 dederit,
2249 2940 2423 2988 necne,
2446 2939 2501 2979 re
2519 2937 2585 2978 ea:
2605 2923 2917 2993 conjecturis
2946 2922 3117 2977 solum
3136 2920 3447 2990 ponderata,

212 3026 349 3081 olim
378 3026 633 3095 ambigere
659 3025 741 3095 fas
763 3032 909 3088 erat,
934 3024 1188 3093 siquidem
1217 3034 1416 3077 catena:
1446 3024 1501 3077 in
1526 3022 1881 3093 Evangelium
1919 3021 2175 3085 Mattbaei,
2202 3020 2479 3074 Athanasii
2510 3018 2765 3073 nonnulla
2793 3018 3238 3088 circumferentes,
3266 3029 3449 3071 notato

210 3121 389 3176 solum
420 3121 695 3175 Athanasii
723 3121 948 3183 nomine,
974 3134 1065 3188 nec
1095 3120 1494 3186 commentaria,
1527 3134 1617 3173 nec
1648 3135 1907 3173 sermones
1949 3118 2255 3172 homiliasve
2298 3119 2681 3171 memorabant.
2726 3116 2789 3169 Et
2831 3117 2957 3188 quia
3000 3116 3229 3169 locorum
3265 3115 3448 3185 hujus-

215 3214 386 3271 modi.
413 3212 650 3282 quaedam
680 3221 827 3264 erant
862 3226 925 3264 ex
953 3186 1192 3279 operibus
1215 3209 1333 3279 jam
1357 3213 1494 3266 cusis
1521 3223 1786 3283 excerpta,
1814 3213 1934 3264 hinc
1972 3212 2097 3266 mihi
2126 3211 2355 3266 suboluit
2384 3222 2595 3273 caetera,
2629 3227 2743 3278 qua:
2776 3212 2829 3263 in
2863 3209 3018 3263 editis
3047 3225 3147 3262 non
3174 3209 3452 3263 exstabant

212 3321 285 3361 ea:
304 3305 511 3359 amissis
539 3307 709 3359 sancti
738 3304 975 3361 Doctoris
1006 3306 1243 3376 operibus
1268 3309 1572 3375 deprompta
1602 3305 1782 3374 fuisse.
1814 3303 1939 3356 Jam
1984 3320 2100 3356 vero
2133 3303 2299 3355 omnis
2345 3302 2647 3369 suspicandi
2685 3300 2762 3354 vel
2797 3301 3094 3371 ambigendi
3123 3317 3284 3353 causa
3312 3301 3451 3353 leva-

218 3413 312 3456 tur
342 3418 360 3455 :
395 3404 451 3456 in
494 3402 755 3456 codicibus
784 3405 920 3456 enim
971 3420 1088 3456 cum
1138 3404 1345 3456 Italicis
1382 3412 1492 3455 tum
1521 3401 1760 3464 Gallicis,
1811 3401 1865 3452 in
1910 3415 2039 3469 quos
2084 3397 2176 3451 sub
2224 3397 2333 3451 haec
2368 3396 2672 3460 incidimus,
2706 3396 3085 3449 commentaria
3112 3404 3159 3448 et
3190 3409 3450 3447 sermones

217 3490 504 3546 Athanasii
551 3492 605 3545 in
653 3490 962 3545 Matthreum
1014 3493 1207 3547 diserte
1256 3502 1544 3547 memorata
1585 3491 2053 3560 deprehendimus;
2084 3491 2188 3543 imo
2219 3490 2377 3543 etiam
2406 3504 2471 3542 ea:
2505 3504 2741 3542 sermone
2770 3496 2912 3540 sexto
2936 3496 2985 3540 et
3012 3501 3145 3539 nono
3171 3483 3238 3537 ad
3268 3500 3454 3537 manu-

215 3587 534 3654 scriptorum
562 3586 717 3654 fidem
741 3602 843 3638 non
871 3603 1040 3656 pauca
1071 3587 1279 3641 damus.
1311 3586 1422 3641 Nec
1453 3588 1665 3652 mirum,
1695 3588 1831 3657 quod
1859 3586 1967 3640 haec
1995 3586 2564 3650 commentaria,modo
2595 3584 2899 3656 ὲρμηνείαι,
2928 3588 3031 3639 sive
3054 3584 3451 3654 interpretatio-

218 3696 342 3742 nes,
374 3681 525 3733 modo
554 3680 701 3749 λόγοι
732 3683 837 3735 sive
868 3697 1169 3746 sermones,
1190 3691 1281 3735 aut
1312 3681 1497 3736 melius
1524 3682 1645 3736 libri
1672 3664 1979 3737 vocitentur.
2012 3680 2113 3735 Hic
2146 3681 2283 3733 enim
2316 3697 2425 3734 mos
2450 3679 2748 3734 Graecorum
2777 3691 2874 3740 est.
2904 3690 2957 3733 ut
2980 3679 3186 3749 prolixa
3218 3694 3374 3747 opera
3403 3686 3452 3729 et

220 3776 593 3848 συντάγματα,
621 3779 677 3832 in
701 3778 911 3847 λόγους,
948 3780 1051 3833 sive
1083 3779 1242 3833 libros
1277 3778 1619 3833 distribuant.
1652 3776 1768 3843 Qua
1805 3779 2009 3832 ratione
2033 3777 2125 3830 illa
2154 3781 2206 3830 in
2246 3775 2558 3830 Malthaeum
2594 3775 2961 3843 interpretatio
2987 3775 3039 3827 in
3068 3774 3259 3827 multos
3290 3772 3451 3824 libros

218 3871 330 3924 sive
362 3887 618 3925 sermones
644 3872 891 3926 distincta
920 3873 1039 3942 fuit.
1067 3872 1133 3927 Et
1160 3889 1275 3927 vero
1302 3873 1532 3927 videmus
1563 3874 1617 3926 in
1648 3888 1767 3942 sequ

1876 3874 2000 3936 ibus,
2036 3872 2097 3923 ὲκ
2128 3871 2225 3940 τῆς
2258 3867 2560 3939 ἑρμηνείας
2587 3866 2680 3920 τοῦ
2713 3865 2852 3920 κατὰ
2896 3866 3170 3920 Ματθαῖον
3209 3864 3453 3931 Εὐαγγε-

217 3961 339 4015 λίου
381 3961 535 4031 λόγον
566 3970 641 4029 ς’,
686 3979 751 4018 ex
784 3966 1230 4034 interpretatione
1277 3966 1551 4038 Evangelii
1586 3968 1887 4022 secundum
1926 3966 2235 4021 Matthmum
2284 3979 2593 4019 sermonem
2651 3975 2864 4019 sextum
2911 3963 3113 4031 afferri.
3151 3960 3282 4026 Quae
3328 3974 3455 4012 sane

217 4071 631 4116 commonstrant
669 4063 733 4116 iis
768 4064 993 4123 vocibus,
1027 4062 1291 4134 ἑρμηνεία
1311 4074 1359 4116 et
1388 4062 1563 4131 λόγος,
1594 4080 1709 4133 qua:
1740 4063 2021 4116 Athanasii
2051 4059 2570 4130 interpretationibus
2612 4061 3041 4127 praemittuntur,
3074 4056 3211 4109 idem
3244 4052 3451 4123 signifi-

218 4157 339 4209 cari
364 4172 510 4224 opus.

300 4249 503 4305 Horum
530 4252 705 4322 itaque
727 4255 1215 4308 commentariorum
1230 4255 1347 4325 jam
1376 4256 1668 4327 fragmenta
1695 4256 1894 4326 aliquot
1924 4271 1987 4309 ea:
2016 4254 2391 4323 manuscriptis
2416 4260 2465 4304 et
2496 4250 2696 4303 catenis
2727 4247 2821 4302 sub
2844 4248 3000 4316 finem
3031 4242 3308 4300 Athanasii
3330 4255 3451 4308 ope-

219 4344 369 4400 ribus
395 4344 672 4409 edidimus,
704 4344 793 4399 sed
821 4344 1117 4416 plerumque
1146 4364 1330 4403 manca
1358 4358 1406 4403 et
1437 4349 1631 4402 lacera.
1664 4348 1796 4403 Cum
1824 4365 1979 4415 porro
2007 4348 2171 4402 multa
2200 4348 2375 4415 plura,
2406 4341 2736 4397 inobservata
2758 4338 2958 4411 pridem
2986 4351 3049 4391 ea:
3080 4333 3449 4401 manuscriptis

220 4450 390 4503 nuper
413 4437 745 4499 accesserint,
771 4436 838 4489 ad
868 4437 1099 4489 nativum
1130 4440 1364 4493 ordinem
1396 4442 1572 4493 omnia
1607 4443 1956 4495 restiturmus.
1984 4439 2277 4508 Fateorque
2309 4448 2483 4490 tamen
2514 4452 2614 4500 me,
2636 4434 2761 4505 quia
2792 4429 3094 4494 compendio
3127 4426 3337 4479 studere
3369 4439 3453 4476 so-

221 4527 384 4589 leam,
411 4526 720 4596 aliquandiu
743 4528 971 4595 htesisse,
994 4546 1114 4582 num
1138 4531 1320 4585 isthcec
1347 4550 1518 4587 recens
1544 4544 1692 4589 eruta
1722 4546 1947 4601 tantum,
1974 4536 2339 4606 pra’termissis
2368 4534 2488 4589 aliis
2503 4535 2621 4604 jam
2650 4530 2825 4591 editis,
2854 4527 3130 4593 seiunctim
3148 4521 3382 4586 ederem;
3404 4526 3453 4575 et

223 4622 469 4674 lectorem
490 4619 707 4674 subinde
734 4623 802 4675 ad
828 4622 946 4692 jam
983 4624 1125 4679 edita
1157 4629 1488 4685 remitterem.
1527 4631 1595 4682 At
1624 4643 1735 4685 tum
1769 4636 2061 4687 amicorum
2090 4649 2271 4697 suasu,
2301 4641 2411 4685 tum
2444 4640 2646 4699 meopte
2674 4622 2892 4680 consilio
2924 4636 2986 4674 ac
3025 4627 3177 4679 nutu,
3200 4616 3455 4684 importu-

226 4730 355 4768 num
400 4716 701 4785 scrupulum
752 4715 939 4787 abegi;
982 4717 1086 4771 sive
1135 4720 1259 4789 quia
1288 4723 1541 4775 nonsatis
1585 4731 1799 4776 cautum
1829 4724 2038 4779 lectoris
2068 4735 2171 4777 otto
2201 4724 2491 4786 videbatur,
2515 4724 2562 4776 si
2586 4725 2653 4773 ad
2679 4717 2827 4772 varia
2866 4712 3148 4768 identidem
3184 4714 3321 4769 loca,
3351 4722 3455 4761 non

224 4806 369 4860 enim
395 4806 553 4859 simul
582 4809 779 4871 omnia,
806 4810 941 4863 inter
973 4808 1240 4879 legendum
1263 4815 1681 4879 amandaretur;
1707 4817 1811 4870 sive
1838 4818 2131 4886 praesertim
2167 4819 2291 4887 quia
2320 4832 2490 4886 pauca
2513 4814 2609 4867 illa
2624 4812 2740 4882 jam
2776 4807 3059 4879 publicam.
3084 4811 3141 4855 υτ
3169 4801 3454 4871 Plurimum

226 4895 404 4957 initio,
430 4896 596 4949 medio
617 4905 667 4949 et
693 4896 796 4965 fine
821 4898 1007 4950 mutila
1034 4907 1175 4964 sunt,
1199 4916 1260 4953 ac
1286 4902 1548 4955 interdum
1570 4902 1729 4973 duplo
1757 4908 2013 4974 triploque
2036 4906 2276 4959 auctiora
2298 4922 2361 4959 ea:
2388 4902 2761 4971 manuscriptis
2792 4896 3068 4967 prodeunt.

304 4984 445 5052 Quia
472 5002 587 5040 vero
615 4985 801 5050 solent,
830 5003 947 5055 qua:
974 4989 1256 5058 peregrinis
1289 4993 1345 5044 in
1393 4991 1519 5044 locis
1548 5002 1784 5057 exstant,
1810 4996 2138 5065 peregrinum
2169 4994 2324 5059 olere,
2366 4992 2593 5061 fatemur
2627 5006 2719 5044 nos
2760 4992 2824 5043 de
2857 4989 3152 5058 fragmento
3183 5000 3245 5037 ea:
3286 4984 3453 5035 Atha-

230 5082 373 5136 nasii
402 5084 773 5137 commentario
806 5083 1007 5147 avulso,
1043 5083 1116 5138 De
1148 5101 1339 5140 novem
1374 5087 1766 5143 insanabilibus
1802 5088 2010 5144 morbis
2038 5086 2286 5151 Herodis,
2315 5103 2376 5139 ac
2406 5090 2542 5140 inter
2572 5086 2959 5145 Athanasiana,
2990 5099 3089 5152 quo
3119 5080 3227 5149 fors
3263 5079 3455 5131 tulerat

230 5171 487 5241 conjecto,
527 5173 809 5244 aliquando
844 5174 1131 5229 dubitasse.
1150 5175 1336 5229 Verum
1363 5179 1469 5243 ubi,
1488 5180 1698 5247 proprio
1718 5180 1771 5232 in
1799 5178 1912 5232 loco
1944 5179 2193 5248 positum,
2219 5177 2450 5247 conferre
2482 5176 2627 5230 licuit
2662 5191 2782 5228 cum
2819 5174 2941 5227 aliis
2973 5172 3027 5226 in
3062 5168 3342 5223 Mathteum
3374 5167 3457 5219 in-

234 5265 694 5334 terpretationibus
716 5263 949 5318 eamdem
974 5266 1025 5317 in
1058 5281 1116 5318 eo
1146 5265 1304 5335 facile
1336 5268 1617 5321 Athanasii
1642 5284 1852 5321 manum
1882 5268 2207 5337 agnovimus.
2236 5264 2366 5331 Quae
2397 5280 2552 5335 porro
2578 5265 2661 5316 hic
2701 5264 2765 5315 de
2802 5277 2977 5314 novem
3009 5258 3229 5312 Herodis
3264 5256 3458 5312 morbis

231 5367 445 5418 narrat,
483 5371 547 5411 ea:
572 5355 797 5426 Josepho
828 5357 895 5410 ad
927 5356 1135 5409 verbum
1169 5374 1294 5427 pene
1324 5369 1594 5412 mutuatus
1639 5370 1712 5413 est
1756 5376 1774 5412 :
1797 5359 2003 5428 aliaque
2032 5360 2093 5412 de
2129 5359 2355 5414 Herodis
2400 5354 2668 5410 natalibus
2715 5353 2919 5407 erudite
2940 5368 3004 5407 ea:
3029 5352 3206 5404 eodem
3231 5348 3459 5418 Joscpho

231 5459 284 5507 et
305 5467 371 5505 ex
391 5451 431 5504 Α
439 5451 641 5519 fricano
671 5448 934 5503 edisserit.

310 5540 459 5594 Alius
489 5540 712 5609 fortasse
738 5539 1044 5593 suboriatur
1072 5538 1517 5608 scrupulus,quod
1549 5539 1615 5592 ad
1644 5541 2115 5609 interpretationem
2136 5539 2299 5603 illius.
2323 5560 2341 5592 ι
2365 5539 2519 5593 Beati
2542 5541 2733 5595 mundo
2750 5539 2903 5593 corde
2922 5538 3059 5603 “~“,
3086 5556 3104 5589 ι
3139 5535 3459 5590 Athanasius

235 5635 375 5692 illud
399 5632 545 5700 Jobi,
569 5653 587 5687 ι
611 5633 777 5688 Nemo
799 5634 1022 5686 mundus
1052 5651 1084 5685 a
1117 5637 1288 5697 sorde,
1320 5634 1527 5689 etiamsi
1553 5635 1703 5691 unius
1729 5636 1830 5689 diei
1851 5634 1956 5689 vita
1979 5635 2092 5703 ejus
2119 5636 2186 5688 sit
2216 5651 2369 5704 super
2395 5645 2586 5689 terram
2603 5638 2670 5703 ⁵⁵,
2702 5656 2719 5688 ι
2743 5633 2804 5688 de
2822 5630 3063 5688 sordibus
3093 5629 3351 5698 corporeis
3377 5626 3461 5681 in-

314 5767 437 5810 “-“
464 5765 652 5825 Matth.
684 5787 733 5836 ν,
764 5772 814 5825 8.
891 5772 934 5803 "
962 5770 1063 5828 Job
1094 5787 1204 5841 xw,
1243 5774 1293 5828 ι.
