4094 6322
679 359 816 416 1363
1543 366 1601 423 S.
1644 367 2016 423 ATHANASII
2053 368 2202 423 OPP.
2245 369 2425 426 PARS
2465 371 2550 426 Ill.
2595 403 2663 412 -—
2701 372 3104 428 EXEGETICA.
3785 375 3904 428 13M

675 479 1011 548 telligenaum
1041 493 1252 556 pugnet,
1281 495 1525 555 urgetque
1552 494 1736 538 contra
1770 485 2138 542 ha'reticorum
2170 488 2517 555 quorumdam
2549 487 2644 557 (sic
2674 487 2784 555 ille)
2813 489 3126 557 opinionem,
3157 489 3445 557 infantium
3488 489 3680 542 animis
3720 498 3902 554 sontes,

671 575 778 625 sive
812 589 1025 642 peccata
1059 580 1246 632 inesse.
1289 577 1499 642 Verum,
1535 591 1588 630 ut
1623 579 1731 648 ipse
1759 595 1848 632 nec
1877 580 2092 633 obscure
2119 579 2516 648 interpretatur,
2543 584 2605 632 de
2635 581 2873 634 sordibus
2897 584 3002 632 sire
3026 584 3248 648 peccatis
3278 582 3600 642 actualibus,
3632 595 3682 633 ut
3714 593 3902 644 vocant,

671 667 869 738 agitur,
900 685 1014 738 qua:
1038 672 1202 723 inesse
1231 672 1404 738 pueris
1438 688 1584 724 nemo
1621 689 1782 726 sanus
1818 673 2032 725 dixerit.
2061 672 2214 734 Quod
2249 673 2294 724 si
2335 675 2450 740 quis
2482 685 2716 741 reponat,
2759 691 2854 726 cur
2874 672 2996 725 Jobi
3029 675 3226 726 dictum
3271 675 3339 725 ad
3367 685 3638 742 peccatum
3667 676 3903 742 originale

574 771 586 784 '
671 776 772 811 non
797 763 989 830 referat
1021 766 1365 830 Athanasius,
1393 767 1512 819 huic
1547 784 1798 836 regerant,
1829 767 2181 820 Athanasium
2221 777 2268 819 et
2299 770 2344 820 si
2374 771 2463 836 qui
2491 770 2585 820 alii
2613 771 2786 838 aﬁinia
2816 771 2975 823 lncnti
3009 781 3146 831 sunt,
3181 786 3275 837 pro
3304 770 3544 820 sordibus
3582 770 3778 821 anima'
3799 786 3906 833 pro-

670 853 821 918 priis.
852 855 1042 910 delicta
1072 859 1240 912 soluat
1281 877 1312 910 a
1341 859 1564 928 quolibet
1603 858 1811 910 homine
1843 857 2078 909 admissa
2100 856 2376 919 habuisse;
2410 873 2569 925 neque
2603 869 2772 911 tamen
2807 861 3087 928 ignorasse,
3125 873 3186 911 ea:
3218 857 3405 908 Adami
3441 856 3619 923 lapsu,
3653 859 3902 907 universos

669 943 782 1008 ejns
809 958 1058 1011 posteros,
1086 947 1315 1000 debitum
1340 949 1520 1001 ntortis
1553 959 1660 999 tam
1684 948 1874 1000 anima:
1903 964 2061 1016 quam
2087 948 2322 1013 corporis
2355 950 2698 1001 contraxisse.
2750 947 2818 1000 Et
2850 951 2982 1002 alias
3014 967 3112 1001 non
3146 953 3340 1019 integer
3363 950 3509 1002 locus
3537 959 3637 1008 est,
3673 949 3764 1001 sed
3802 964 3902 996 mu-

668 1040 790 1093 tilus
815 1059 832 1094 .'
860 1045 995 1110 quod
1020 1045 1066 1096 si
1089 1055 1351 1098 exstarent
1379 1046 1575 1110 omnia,
1605 1044 1748 1097 haud
1774 1043 1930 1098 dubie
1951 1044 2085 1095 hanc
2117 1042 2393 1096 Athanasii
2427 1054 2647 1097 mentem
2673 1061 2782 1098 esse
2809 1061 2873 1097 ea:
2895 1047 3026 1098 serie
3049 1047 3565 1114 deprehenderemus.
3600 1043 3676 1097 De
3699 1043 3779 1094 his
3801 1040 3904 1108 plu-

669 1138 812 1192 ribus
839 1143 892 1193 in
915 1144 1247 1211 prwfatione.

743 1235 842 1290 llic
865 1256 1020 1306 porro
1053 1245 1310 1309 prwclara
1349 1244 1514 1295 multa
1548 1253 1828 1295 occurrunt
1864 1255 2048 1295 contra
2078 1243 2248 1310 fatum
2283 1253 2331 1294 et
2361 1245 2754 1312 genethliacos;
2785 1245 2849 1299 de
2880 1244 3186 1298 abdicandis
3217 1242 3492 1310 episcopis,
3527 1236 3837 1307 presbyteris
3860 1241 3899 1283 α

666 1326 904 1383 diaconis
933 1333 1163 1400 improbe
1203 1353 1256 1388 se
1302 1340 1594 1405 gerentibus
1623 1355 1639 1391 :
1671 1341 1732 1392 de
1759 1341 2132 1407 mysteriorum
2177 1338 2375 1392 Christi
2401 1341 2505 1393 sive
2537 1358 2704 1395 sacra'
2730 1339 3081 1396 Eucharistite
3120 1339 3487 1393 distributione
3515 1352 3606 1402 per
3632 1334 3899 1385 diaconum

665 1421 867 1488 agenda
891 1438 908 1474 :
930 1426 1017 1492 qui
1048 1426 1440 1496 intelligendum
1479 1432 1546 1482 sit
1588 1430 1762 1483 illud:
1791 1427 2125 1498 Blasphemia
2161 1429 2212 1481 in
2246 1428 2439 1483 Filium
2462 1431 2697 1486 hominis
2721 1433 3044 1499 remittetur,
3069 1433 3119 1486 in
3147 1433 3405 1504 Spiritum
3431 1445 3685 1487 sanctum
3716 1444 3896 1483 secus:

665 1526 847 1570 contra
874 1537 957 1572 eos
982 1523 1071 1589 qui
1103 1524 1282 1576 lunam
1315 1526 1447 1578 inter
1477 1527 1692 1578 numina
1721 1535 2120 1593 censerent,quo
2147 1527 2741 1582 wvumAthanasianum
2761 1529 3042 1595 indicatur,
3070 1533 3274 1599 quando
3304 1531 3675 1598 multiplicium
3697 1530 3898 1580 deorum

662 1623 810 1662 error
829 1612 998 1665 adhuc
1027 1616 1226 1683 vigebat
1255 1617 1308 1669 in
1333 1616 1474 1672 orbe.
1509 1615 1574 1668 Et
1596 1619 1673 1670 his
1701 1618 1897 1669 similia
1927 1617 2048 1669 bene
2073 1617 2258 1668 multa.

735 1705 851 1768 Quo
880 1718 1104 1776 tempore
1136 1723 1308 1764 autem
1340 1713 1448 1765 ha'c
1477 1715 1851 1765 conmentario
1894 1713 2032 1764 edita
2073 1711 2291 1778 fuerint,
2320 1711 2526 1760 nonnisi
2549 1726 2613 1762 ca:
2644 1711 2756 1762 loco
2787 1711 2879 1762 illo
2906 1713 3158 1779 augurari
3187 1711 3305 1762 licet
3337 1709 3422 1761 ubi
3461 1716 3675 1762 sanctus
3715 1708 3899 1757 Doctor

663 1803 836 1869 arguit
879 1805 1263 1874 Apollinarium
1297 1808 1602 1876 impietatis.
1641 1807 1781 1860 Nam
1818 1809 1894 1858 uti
1944 1821 2006 1858 ex
2047 1805 2210 1873 ipsius
2249 1803 2524 1854 Athanasii
2553 1803 2604 1854 in
2648 1805 2844 1871 synodo
2891 1805 3228 1867 Antiochena,
3263 1821 3396 1855 anno
3427 1802 3549 1863 562,
3585 1799 3892 1858 testimonio,

662 1909 753 1945 nec
782 1912 883 1948 non
907 1913 970 1950 ea:
1003 1896 1178 1950 Procli
1221 1900 1335 1952 loco
1373 1902 1426 1954 in
1465 1904 1662 1970 synodo
1692 1899 2279 1966 Constantinopolitano
2305 1895 2633 1963 exploratum
2666 1906 2782 1959 est;
2823 1897 3094 1963 postremis
3126 1899 3292 1948 solum
3331 1896 3453 1948 vitce
3478 1896 3633 1947 annis
3664 1893 3894 1945 Athana-

660 1990 770 2040 sius
796 2006 913 2042 cum
942 1992 1272 2060 Apollinario
1300 1997 1351 2047 in
1378 2007 1611 2059 apertum
1639 1994 1830 2048 bellum
1858 1995 2121 2063 prorupit,
2152 2006 2368 2058 eumque
2404 1999 2460 2041 ut
2492 1989 2895 2042 ltwresiarcham
2925 2006 3014 2058 per
3047 1991 3310 2043 hominum
3346 2007 3437 2042 ora
3471 1990 3736 2040 traduxit.
3767 1985 3890 2037 For-

661 2091 799 2136 tasse
826 2086 926 2137 dici
951 2098 1115 2152 posset
1147 2090 1306 2142 etiam
1354 2091 1724 2155 Athanasium,
1755 2107 1871 2144 cum
1898 2091 2006 2142 hcce
2048 2086 2424 2140 commentaria
2453 2085 2598 2154 prius
2643 2084 2911 2147 edidisset,
2939 2085 3230 2139 clausulam
3265 2083 3416 2136 illam
3439 2083 3493 2134 in
3516 2080 3891 2149 Apollinarium

658 2187 836 2240 postea
870 2179 1174 2247 adjunxisse
1200 2201 1216 2245 ;
1247 2200 1400 2252 quam
1429 2204 1532 2239 rem
1569 2203 1671 2239 non
1698 2186 1854 2239 semel
1877 2185 2184 2252 prwsritisse
2209 2190 2450 2234 sanctum
2491 2180 2766 2235 Doctarem
2788 2181 3062 2236 docuimus
3093 2183 3251 2235 alias.

901 2450 1005 2508 EX
1055 2449 1562 2510 SERMONIBUS
1608 2451 1790 2511 SlVE
1832 2450 2213 2511 COMMEN'I

2313 2449 2453 2511 RIIS
2517 2452 2598 2512 ΙΝ
2657 2446 3187 2510 EVANGELIUM
3239 2443 3654 2505 ΜΑΤΤΗᾸΞΙ.

958 2759 1110 2814 Liber
1135 2766 1480 2832 generationis
1511 2763 1638 2818 Iesu
1673 2764 1894 2824 Christi.

2528 2766 2772 2831 -Βίϐλος
2804 2763 3094 2833 γενέσεως
3131 2759 3332 2828 Ἰησοῦ
3366 2760 3646 2829 Χριστοῦ.

722 2851 789 2906 Et
825 2855 1078 2908 sacerdos
1126 2865 1180 2909 et
1207 2872 1301 2910 rex
1333 2857 1582 2913 Christus
1613 2870 1730 2914 erat
1766 2878 1779 2915 ι
1811 2860 2066 2918 sacerdos
2092 2861 2219 2932 qui-

651 2945 796 3008 dem,
846 2955 904 2998 ut
953 2947 1044 3016 qui
1103 2963 1160 3002 se
1190 2951 1449 3004 obtulerit
1504 2953 1734 3006 hostiam
1790 2969 1886 3022 pro
1933 2955 2219 3023 omnibus;

652 3054 743 3090 rex
775 3052 923 3098 vero,
951 3047 1008 3088 ut
1051 3041 1142 3105 qui
1177 3039 1440 3095 adversus
1479 3055 1758 3111 peceatum
1789 3055 1840 3098 ct
1879 3054 2108 3100 mortem
2138 3062 2224 3101 re-

652 3131 918 3201 gnaverit.

1022 3226 1388 3282 (ienerationes
1423 3229 1837 3296 quatuordecim.

722 3319 851 3384 Qum
881 3337 1046 3375 causa
1083 3332 1166 3375 est
1205 3338 1305 3376 cur
1334 3340 1456 3376 cum
1492 3323 1545 3376 in
1586 3323 1732 3377 hisce
1781 3324 2218 3392 generationibus

649 3410 935 3466 duodecim
967 3424 1174 3466 tantum
1209 3431 1454 3482 personae
1489 3427 1859 3484 compareant,
1884 3421 2216 3483 quatuorde-

648 3502 753 3555 clm
803 3512 981 3557 tamen
1023 3505 1401 3574 generationes
1444 3506 1790 3559 inveniantur
1819 3508 1902 3559 δεῖ)
1941 3505 2046 3561 Pro
2097 3524 2218 3576 per-

648 3609 801 3660 sona,
860 3597 1129 3661 arbitror,
1175 3598 1502 3666 evangelista
1543 3597 2076 3668 transmigrationem
2123 3613 2219 3668 po-

648 3687 790 3749 suit;
828 3697 883 3740 et
916 3703 1013 3756 pro
1037 3689 1140 3741 alia
1174 3704 1429 3758 persona,
1459 3689 1756 3744 Christum.

644 3795 926 3849 Athanasii
955 3797 1306 3871 Alexandrini
1331 3797 1462 3871 liber
1485 3800 1945 3871 interpretationis
1974 3799 2213 3871 Euange-

1066 3868 1125 3919 lii
1156 3870 1439 3920 secundant
1470 3868 1802 3923 blatthaeum.

730 3957 963 4016 Vidimus
1011 3961 1148 4012 enim
1203 3961 1411 4014 stellam
1459 3961 1569 4024 eius
1619 3963 1672 4015 in
1703 3963 1898 4016 oriente
1926 3963 1988 4014 ⁸⁷.
2020 3961 2075 4015 Si
2117 3979 2214 4032 pro

646 4052 874 4118 singulis
936 4051 1249 4106 hominibus
1300 4054 1453 4107 stella
1508 4055 1560 4106 in
1609 4055 1747 4108 emlo
1803 4063 1983 4118 esset,
2047 4071 2212 4124 quare

2395 2860 2468 2930 (4)
2514 2860 2623 2913 Καὶ
2665 2860 2840 2928 ἱερεὺς
2881 2857 2972 2910 καὶ
3026 2853 3272 2922 βασιλεὺς
3318 2855 3345 2904 6
3399 2852 3634 2922 Χριστὸς
3667 2851 3888 2920 ἐτύγχα-

2323 2969 2411 3006 νεν
2437 2971 2448 2982 ·
2488 2953 2664 3020 ἱερεὺς
2694 2951 2789 3020 μὲν
2824 2950 2897 3012 ὼς
2929 2948 3114 3001 ἑαντδν
3145 2945 3509 3015 προσαγαγὼν
3535 2943 3724 2998 θυσίαν
3754 2946 3888 3014 ὑπὲρ

2320 3044 2491 3115 ἡμῶν,
2525 3044 2770 3112 βασιλεὺς
2801 3042 2855 3094 δὲ
2883 3040 2954 3102 ὡς
2987 3038 3125 3093 κατὰ
3155 3039 3251 3108 τῆς
3290 3036 3560 3108 ἁμαρτίας
3592 3038 3688 3088 καὶ
3724 3036 3884 3090 θανά.-

2319 3152 2410 3190 του
2443 3133 2787 3206 βασιλεύσας.

2732 3224 2945 3278 Τενεαι
2998 3221 3436 3289 δεκατέσσαρες

2389 3319 2498 3373 Καὶ
2524 3317 2639 3381 πῶς
2666 3316 2897 3370 ἐνταῦθα
2929 3315 3020 3365 ἐπὶ
3055 3313 3159 3365 τῶν
3201 3313 3400 3380 γενεῶν
3426 3354 3439 3374 ,
3485 3311 3696 3363 δώδεκα
3727 3328 3885 3380 προσ-

2318 3410 2478 3462 ώπων
2520 3409 2806 3477 κειμένων,
2839 3404 3230 3474 δεκατέσσαρες
3277 3403 3460 3468 γενεαὶ
3499 3402 3880 3472 εὑρίσκονταις

2318 3497 2503 3569 Οἶμαι,
2531 3501 2608 3552 ὃτι
2633 3500 2723 3550 καὶ
2760 3498 2856 3566 τὴν
2891 3494 3228 3565 μετοικεσίαν
3261 3495 3427 3562 αὐτὴν
3449 3495 3569 3545 ἀντὶ
3598 3493 3881 3564 προσώπου

2317 3595 2343 3645 6
2368 3590 2752 3660 εὐαγγελιστὴς
2780 3588 2988 3641 τέθεικε
3011 3599 3024 3614 ·
3067 3587 3158 3639 καὶ
3184 3587 3304 3638 ἀντὶ
3334 3586 3428 3652 τῆς
3469 3585 3666 3654 ἐτέρας
3698 3585 3752 3636 δὲ
3797 3584 3879 3636 τὸν

2317 3688 2358 3740 Χ
2369 3686 2568 3757 ριστόν.

2317 3802 2390 3871 (ὅ)
2437 3799 2786 3871 Ἀθανασιόιί
2835 3793 3390 3871 Ἀλεξανδηρξίϐλος-
3428 3790 3534 3856 τῆς
3577 3790 3882 3861 ἑρμηνείας

2686 3867 2790 3921 τοῦ
2824 3866 2971 3919 κατὰ
3001 3866 3295 3919 Ματθαόν
3317 3867 3364 3916 Ε
3373 3866 3496 3931 bar.

2379 3963 2631 4028 Εἵδομεν
2656 3961 2761 4029 γὰρ
2789 3958 2977 4011 αὐτοῦ
3012 3957 3116 4009 τὸν
3147 3955 3369 4022 ἀστέρα
3394 3956 3462 4005 ἐν
3494 3953 3571 4020 τῇ
3596 3951 3877 4017 ἀνατολῇ.

2315 4059 2377 4110 Εἰ
2411 4057 2464 4108 δὲ
2501 4052 2566 4124 ἦν
2601 4054 2719 4106 καθ’
2753 4054 2979 4104 ’ἑκαστον
3015 4050 3294 4119 ἄνθρωπον
3319 4047 3491 4116 ἀστὴρ
3531 4048 3588 4097 ἐν
3615 4047 3695 4114 τῷ
3729 4048 3878 4114 οὐρα-

645 4143 804 4196 tertia
846 4143 933 4198 die
975 4145 1173 4198 malum
1211 4147 1436 4200 inlinitis
1465 4148 1876 4216 innumerisque
1916 4150 2090 4204 stellis
2122 4166 2209 4203 re-

2319 4145 2412 4215 νῷ,
2455 4145 2568 4207 πῶς
2601 4146 2666 4212 τῇ
2708 4142 2864 4213 τρίτῃ
2898 4140 3078 4210 ἡμέρᾳ
3134 4142 3161 4191 6
3206 4137 3429 4208 οὐρανὸς
3473 4137 3750 4205 κατέγεμε
3784 4135 3877 4188 τῶν

643 4232 845 4298 pletum
876 4242 959 4292 est
1027 4249 1150 4298 cum
1181 4244 1358 4287 tamen
1390 4234 1557 4288 Adam
1589 4244 1741 4288 sexta
1769 4235 1855 4289 die
1894 4235 2208 4290 etl‘ormatus

643 4323 748 4376 sit?

2316 4238 2558 4307 ἀπείρων
2592 4236 2685 4286 καὶ
2729 4233 3111 4303 ἀναριθμήτων
3145 4231 3379 4301 ἄστρων,
3413 4228 3505 4281 τοῦ
3552 4229 3726 4299 Ἀδὰμ
3754 4228 3876 4280 πλα-

2316 4329 2528 4392 σΟέντος
2559 4330 2622 4398 τῇ
2654 4334 2702 4390 ς’
2733 4326 2914 4397 ἡμέρα
2940 4342 2949 4351 ·

1637 4441 1706 4496 Et
1741 4446 2028 4514 iaterjectis
2063 4451 2372 4517 quibusdam
2401 4463 2465 4500 ea:
2498 4443 2886 4512 Chrysostomo.

711 4554 863 4622 Quod
899 4564 1079 4609 autem
1116 4571 1287 4625 neque
1327 4557 1530 4622 fatum,
1573 4574 1747 4629 neque
1783 4565 2018 4631 genesis,
2050 4564 2101 4618 id
2125 4574 2210 4619 est

642 4659 792 4703 ortus
819 4648 974 4712 hara,
1017 4663 1190 4717 neque
1218 4665 1410 4706 cursus
1435 4662 1706 4706 astrorum
1734 4665 1920 4709 nostra
1948 4657 2205 4726 dirigant,

641 4736 721 4788 vel
751 4736 876 4788 hinc
908 4736 1082 4803 palam
1127 4747 1227 4792 est.
1257 4737 1390 4791 Nam
1426 4741 1468 4792 si
1505 4742 1628 4796 inde
1671 4745 1855 4798 omnia
1888 4755 2035 4814 gesta
2075 4763 2208 4817 pen-

635 4829 819 4893 deant,
852 4843 960 4881 non
989 4844 1054 4882 ex
1084 4830 1366 4884 hominum
1403 4834 1681 4888 voluntate
1713 4847 1764 4889 et
1790 4837 2054 4892 electione
2109 4855 2207 4892 cur

635 4922 766 4974 furti
809 4936 961 4975 reum
1009 4922 1366 4978 domesticum
1408 4927 1702 4983 verberas?
1731 4931 1860 4996 quid
1899 4947 2076 4985 causa:
2124 4942 2207 4985 est

635 5015 780 5082 quod
812 5014 1111 5067 adulteram
1147 5031 1370 5070 uxorem
1403 5017 1468 5071 ad
1504 5020 1749 5073 tribunal
1789 5022 2010 5076 trahas?
2034 5040 2205 5092 quiare

634 5106 701 5155 de
746 5105 1010 5172 improbis
1063 5103 1222 5159 factis
1277 5109 1482 5175 pudore
1540 5110 1903 5167 suﬂ'underis?
1945 5117 2072 5182 quid
2127 5125 2208 5170 cst

635 5196 780 5263 quod
821 5198 1215 5251 contumeliosa
1249 5200 1409 5252 verba
1453 5217 1556 5254 non
1605 5201 1779 5269 feras;
1813 5205 1903 5258 sed
1935 5206 1978 5260 si
2007 5209 2126 5278 quis
2159 5217 2208 5262 te

636 5287 911 5340 nuechum
940 5298 1032 5340 aut
1061 5287 1470 5349 fornicatorem,
1504 5301 1599 5344 aut
1622 5291 1919 5357 ebriosum,
1954 5306 2046 5348 ant
2076 5295 2205 5364 quid

2385 4561 2504 4614 Ὀτι
2533 4559 2638 4630 γὰρ
2671 4558 2793 4610 οὗτε
2827 4555 3127 4627 εἱμαρμένη
3156 4595 3168 4618 ,
3198 4552 3320 4607 οὔτε
3351 4553 3582 4620 γένεσις,
3609 4554 3734 4606 οὔτε
3767 4555 3878 4625 δρὸο

2319 4671 2415 4722 μος
2440 4652 2680 4721 ἀστέρωι
2710 4650 2777 4702 τὰ
2822 4648 2940 4700 καθ’
2986 4647 3130 4716 ἡμᾶς
3163 4645 3374 4707 διοικεῖ,
3414 4645 3664 4697 ἐντεῦθεν
3702 4648 3873 4716 δῆλον.

2314 4746 2375 4796 Et
2406 4743 2512 4812 γὰρ
2546 4740 2754 4792 ἐκεῖθεν
2803 4740 3033 4809 ἤρτηται
3066 4735 3134 4788 τὰ
3165 4737 3424 4805 γινόμενα
3455 4737 3655 4797 πάντα,
3693 4738 3784 4789 κα)⁸
3821 4737 3875 4789 οὗ

2313 4838 2408 4906 τῆς
2453 4835 2819 4906 προαιρέσεως
2863 4831 2970 4883 τῶν
3006 4828 3322 4900 ἀνθρώπων,
3373 4829 3512 4890 τίνος
3549 4829 3736 4882 ἕνεκεν
3787 4847 3876 4898 μα-

2315 4932 2515 4995 στιγοῖς
2542 4927 2630 4978 τὸν
2660 4926 2874 4993 οἰκέτην
2915 4922 3246 4989 κεκλοφότα;
3283 4921 3423 4982 τίνος
3450 4922 3632 4973 ’ἐνεκεν
3671 4941 3874 4992 μοιχευ-

2305 5021 2487 5072 Θεῐσαν
2537 5019 2634 5087 τὴν
2673 5019 2904 5083 γυναῖκα
2949 5017 3027 5077 εἰς
3091 5014 3435 5082 δικαστήριον
3479 5013 3700 5076 ἓλκειςς
3743 5017 3873 5074 τίνος

2304 5112 2487 5162 ἕνεκεν
2526 5109 2755 5179 αἰσχύνῃ
2790 5107 2998 5175 πονηρᾶ
3038 5107 3327 5175 aspicio»;
3371 5105 3513 5166 τίνος
3541 5104 3731 5157 ἕνεκεν

2305 5203 2370 5255 τὰ
2409 5205 2625 5272 ῥήματα
2659 5203 2842 5270 φέρεις
2876 5199 3274 5267 ὁνειδιζὸμενα·
3313 5197 3422 5248 ἀλλ’
3455 5197 3546 5249 ἐάν
3575 5199 3659 5259 τίς
3693 5216 3750 5250 σε
3780 5215 3870 5248 κα,

2304 5288 2431 5358 λέσῃ
2466 5290 2668 5360 μοιχὸν,
2701 5291 2732 5358 ἦ
2771 5290 2987 5359 πόρνον,
3049 5289 3080 5357 ἢ
3139 5287 3390 5357 μέθυσον,
3515 5305 3569 5338 τι
3613 5289 3866 5346 τοιοῦτον,

636 5377 812 5433 'sitnile
843 5380 1091 5449 appellet,
1123 5381 1172 5433 id
1203 5382 1584 5436 contumeliam
1611 5384 1966 5438 vocas?Nam
2002 5389 2044 5441 si
2081 5405 2202 5456 pec-

2313 5380 2460 5450 ὖϐριν
2487 5382 2546 5432 τὸ
2583 5383 2812 5451 πρᾶγμα
2845 5382 3053 5442 καλεῖς;
3091 5381 3150 5432 Εἰ
3187 5379 3292 5448 γὰρ
3329 5380 3400 5450 μὴ
3440 5381 3536 5448 τῆς
3591 5380 3691 5446 σῆς
3741 5379 3866 5446 γνὼ-

635 5481 813 5525 catum
847 5489 956 5525 non
984 5488 1048 5526 ex
1081 5475 1342 5528 sententia
1377 5475 1614 5543 prodiret
1651 5486 1760 5540 tua,
1795 5493 1965 5546 neque
1995 5481 2200 5532 crimen

704 5589 750 5618 "
785 5589 969 5644 Matth.
1002 5609 1037 5656 l,
1074 5593 1153 5646 Π.
1245 5593 1288 5622 ⁵⁷
1316 5591 1505 5646 Matth.
1546 5611 1603 5658 ιι,
1631 5593 1680 5645 9..

705 5705 780 5779 lt)
802 5704 950 5779 eun.
983 5708 1204 5770 Albam,
1241 5727 1288 5779 p.
1331 5711 1479 5774 1006,
1513 5727 1575 5765 ex
1605 5723 1790 5769 catena
1812 5731 1838 5766 a
1869 5711 1924 5766 Ρ.
1969 5713 2195 5769 Possim.

633 5776 770 5831 edita
795 5777 844 5829 in
879 5775 1199 5832 .‘latlhu‘um.

2314 5491 2419 5540 μης
2449 5474 2508 5525 τὸ
2544 5476 2899 5542 ἁμαρτάνειν,
2925 5473 3045 5526 οὔτε
3073 5473 3322 5543 ἔγκλημα
3344 5473 3402 5525 τὸ
3428 5474 3726 5542 γινόμενον,
3751 5474 3861 5526 οῧτ³

2380 5719 2448 5782 (ἴδε
2487 5716 2556 5768 Ex
2587 5717 2765 5772 codice
2801 5716 2965 5786 Regio
2994 5716 3151 5782 1995,
3180 5733 3210 5769 ι
3235 5714 3413 5771 surculi
3439 5711 3556 5774 lol..
3585 5712 3670 5769 63.
