4094 6322
179 375 321 431 1565

1306 372 1740 431 FRAGMENTA
1782 372 1841 425 IN
1890 370 2335 427 MATTII£U3L

3305 366 3442 423 1566

177 493 340 563 ὗῧρις
369 496 429 546 τὸ
459 494 767 565 λεγόμενον.
800 492 912 546 Νῦν
944 491 1000 543 δὲ
1037 494 1129 545 καὶ
1167 492 1233 545 δι’
1257 484 1331 545 ὧν
1364 498 1473 557 τοῖς
1508 492 1755 565 ἁμαρτά-

1868 490 1920 545 id
1959 495 2167 561 egisse,
2224 506 2399 561 neque
2450 487 2781 546 contumelia
2832 495 2979 543 esset
3039 486 3088 540 id
3140 486 3438 555 praxlicari.

176 603 364 638 νουσιν
391 589 452 639 οὐ
481 585 889 653 συγγινώσκεις,
918 586 1011 637 καὶ
1043 584 1109 637 δι’
1140 577 1214 638 ὧν
1237 586 1397 649 αὐτὸς
1425 586 1665 657 αἰσχύνῃ
1698 583 1765 637 τά

175 672 329 724 κακά
360 672 634 743 πράττων,
675 672 768 723 καὶ
809 670 1090 723 λανθάνειν
1152 670 1492 734 σπουδάζεις,
1555 670 1653 728 καὶ
1701 669 1766 720 δι’

173 754 254 813 ὧν
280 763 406 825 τοὺς
437 760 608 814 ταῦτά
643 776 723 813 σοι
758 761 1169 831 προσφέροντας
1200 761 1461 832 ὑϐριστὰς
1496 759 1763 831 νομίζεις

172 850 265 906 διὰ
290 854 507 906 πάντων
533 852 831 924 ὁμολογεῖς,
850 854 933 907 ὃτι
959 854 1057 906 οὐκ
1074 855 1285 922 ἀνάγκη
1312 853 1515 907 δέδεται
1541 860 1610 906 τά
1631 856 1660 921 ἢ
1672 852 1767 921 μέ-

172 958 334 1012 τερα,
388 944 521 996 ἀλλά
572 944 943 1014 προαιρέσεως
984 943 1266 1015 ἐλευθερία
1294 944 1600 1014 τετίμηται.
1637 944 1766 1005 Ίόῖς

172 1034 307 1103 γοῦν
342 1038 555 1109 ἀνάγκῃ
614 1036 986 1108 συνεχομένοις
1039 1036 1434 1105 συγγινώσκειν
1494 1036 1718 1105 οἴδαμεν
1748 1052 1761 1065 ·

173 1126 279 1180 κᾶν
314 1128 418 1179 ὑπὸ
455 1127 704 1198 δαίμονός
744 1145 890 1192 τινος
934 1127 1261 1199 ὀχλούμενός
1301 1145 1384 1190 τις
1426 1128 1517 1180 τὸν
1561 1128 1766 1198 χιτῶνα

171 1217 445 1289 διαρρήξῃ
474 1219 563 1271 τὸν
590 1219 881 1290 ἡμέτερον,
911 1220 944 1291 ἢ
974 1220 1189 1289 πληγὰς
1222 1218 1514 1288 ἐπενέγκῃ,
1550 1222 1609 1272 οὔ
1660 1220 1758 1291 μό-

171 1326 266 1362 νον
298 1327 399 1362 ουκ
427 1310 777 1380 ὀνειδίζομεν,
807 1313 943 1366 ἀλλά
978 1312 1073 1366 καὶ
1123 1312 1382 1381 ἐλεοῦμεν
1428 1312 1521 1365 καὶ
1566 1328 1762 1379 συγγι-

171 1400 476 1470 νώσκομεν.
526 1403 587 1455 Τί
633 1404 868 1473 δήποτες
928 1405 1008 1456 ὃτι
1061 1405 1182 1473 οὐχὶ
1236 1403 1337 1469 τῆς
1388 1403 1761 1473 προαιρέσεως

170 1486 483 1559 ἐλευθερία,
516 1488 629 1542 ἀλλ’
659 1492 690 1558 ἡ
720 1490 811 1543 τοῦ
840 1490 1092 1561 δαίμονος
1122 1492 1215 1562 βία
1242 1492 1537 1563 εἰργάσατο
1562 1492 1756 1545 ταῦτα.

172 1578 363 1645 Ὥστε,
394 1585 442 1635 ει
470 1584 563 1636 καὶ
586 1583 655 1635 τά
688 1582 823 1635 ἄλλα
848 1586 1221 1655 ἁμαρτήματα
1248 1584 1356 1637 ἀπὸ
1379 1586 1476 1655 τῆς
1516 1585 1759 1653 ἀνάγκης

168 1672 277 1743 τῆς
334 1676 475 1726 κατά
540 1674 637 1745 τὴν
675 1676 1014 1747 εἱμαρμένην
1067 1679 1305 1746 ἐγίνοντο
1334 1719 1348 1742 ,
1414 1679 1760 1747 συνέγνωμεν

168 1768 239 1819 ἄν
260 1785 272 1797 ·
310 1766 496 1836 ἐπειδὴ
529 1766 585 1820 δὲ
609 1769 789 1837 ἴσμεν,
808 1769 889 1821 ὅτι
915 1769 1013 1821 οὐκ
1040 1768 1185 1822 εστιν
1215 1769 1581 1840 ἀνάγκης,διά
1599 1770 1760 1823 τοῦτο

1872 581 2027 637 Nunc
2078 598 2242 653 porro
2287 598 2412 636 cum
2465 579 2820 650 peccantibus
2868 593 2977 633 non
3015 577 3285 648 ignoscas,
3317 593 3439 631 cum

1871 677 2114 746 improba
2154 676 2386 745 gerendo
2410 684 2459 728 te
2488 675 2704 744 pudeat,
2725 687 2848 727 cum
2875 671 3039 725 latere
3063 671 3437 733 studeas,cum

1868 784 1964 822 eos
1994 771 2086 836 qui
2123 770 2248 821 talia
2299 767 2395 820 tibi
2438 765 2725 836 proferunt
2774 778 2868 830 pro
2898 760 3311 816 contumeliosis
3343 761 3439 811 ha.

1870 857 2030 921 beas;
2070 873 2200 911 sane
2230 857 2417 911 fateris
2442 872 2505 910 ex
2541 856 2624 908 his
2657 854 2935 916 omnibus,
2977 853 3090 905 lucc
3120 858 3307 903 nostra
3334 866 3439 902 non

1871 950 2194 1003 necessitate
2232 951 2467 1016 quadam
2517 944 2783 1016 colligari,
2820 944 2912 998 sed
2948 942 3241 997 voluntatis
3276 942 3441 994 liber-

1869 1050 1977 1095 tate
2010 1042 2274 1093 honorata
2303 1056 2444 1094 esse.
2480 1038 2549 1093 lis
2579 1052 2709 1091 sane
2739 1037 2831 1105 qui
2888 1034 3212 1090 necessitate
3254 1042 3442 1087 tenen-

1868 1144 1976 1191 tur.
2015 1134 2297 1202 ignoscere
2330 1132 2686 1186 Solemuszac
2707 1132 2752 1185 si
2778 1129 2923 1198 quis,
2953 1128 3305 1196 compellente
3330 1125 3438 1178 dte-

1868 1228 2074 1291 monio,
2110 1226 2351 1279 tunicam
2394 1224 2666 1277 discindat
2708 1232 2972 1287 nostram,
3032 1230 3123 1273 aut
3146 1219 3331 1289 plagas
3359 1218 3441 1271 in-

1868 1318 2025 1380 ferat,
2064 1332 2174 1373 non
2216 1318 2393 1371 solum
2433 1316 2509 1368 illi
2549 1330 2654 1369 non
2706 1313 3124 1383 cxprobramus,
3147 1311 3240 1365 sed
3279 1308 3443 1362 mise—

1867 1411 2101 1465 ricordia
2138 1408 2269 1463 mod
2314 1406 2651 1476 ignoscimus
2681 1406 2802 1475 ipsi.
2832 1406 2945 1457 (Zur
2992 1403 3133 1457 hoc?
3173 1401 3300 1471 quia
3332 1417 3441 1455 non

1864 1515 1927 1551 ex
1985 1497 2285 1550 voluntatis
2344 1496 2591 1557 arbitrio,
2629 1493 2721 1548 sed
2782 1494 3048 1548 daemonis
3104 1492 3337 1561 impulsu
3388 1491 3441 1543 id

1864 1594 1993 1661 egit.
2022 1592 2212 1659 Itaque
2240 1589 2285 1643 si
2319 1590 2422 1641 alia
2452 1602 2671 1657 quoque
2702 1595 2921 1655 peccata
2954 1601 3017 1639 ex
3052 1585 3376 1640 necessitate
3409 1599 3440 1637 ιι

1862 1682 1974 1740 fato
2030 1682 2252 1736 inducta
2302 1680 2744 1745 admitterentur,
2778 1679 2997 1734 veniam
3047 1679 3305 1734 daremus
3341 1679 3447 1732 uti-

1862 1790 1967 1843 que
2003 1793 2014 1827 :
2052 1775 2179 1845 quia
2219 1789 2349 1827 vero
2381 1774 2587 1828 scimus
2615 1789 2677 1827 ea
2708 1789 2815 1827 non
2856 1789 2922 1828 ex
2954 1773 3277 1827 necessitate
3312 1787 3442 1839 pro-

167 1858 235 1911 οὐ
284 1858 755 1930 συγγινώσκομεν,
788 1860 909 1913 οὔτε
936 1860 1194 1915 δεσπόται
1219 1862 1480 1925 οἰκέταις,
1504 1862 1626 1916 οὗτε
1656 1863 1751 1915 ἀν-

1859 1867 2072 1930 venire;
2099 1866 2218 1919 ideo
2248 1881 2355 1919 non
2385 1868 2687 1935 parcimus,
2725 1881 2832 1919 non
2860 1864 3067 1921 domini
3096 1864 3438 1932 domesticis,

164 1948 299 2017 δρες
332 1949 596 2015 γυναιξὶν,
620 1950 749 2004 οὔτε
780 1953 1033 2021 γυναῖκες
1052 1953 1331 2024 ἀνδράσιν,
1354 1953 1475 2007 οὕτε
1501 1954 1753 2007 διδάσκα-

166 2037 258 2090 λοι
282 2038 573 2109 μαθηταῖς,
589 2040 710 2093 οὗτε
747 2041 981 2113 πατέρες
1006 2044 1214 2108 παισὶν,
1234 2042 1359 2096 οὔτε
1384 2044 1640 2113 ἄρχοντες
1658 2045 1755 2115 ἀρ-

166 2130 443 2199 χομένοις·
477 2131 611 2184 ἀλλά
643 2134 829 2203 πικροὶ
864 2133 972 2188 τῶν
1002 2135 1421 2206 τετολμημένων
1470 2136 1754 2199 ἐξετασταὶ

168 2222 271 2272 καὶ
306 2222 536 2293 τιμωροὶ
568 2222 848 2293 γινόμεθα,
893 2229 987 2279 καῖ⁵
1023 2227 1349 2299 δικαστήρια
1394 2228 1751 2299 καταλαμϐά-

165 2329 357 2381 νομεν.
374 2317 465 2367 καὶ
480 2314 711 2385 πληγαῖς
731 2318 1125 2388 ὑποϐάλλομεν,
1142 2321 1236 2372 καὶ
1247 2322 1391 2373 ὲπιτι
1399 2322 1470 2390 μή
1480 2337 1594 2373 σεσι
1612 2321 1755 2393 χρώ-

166 2404 315 2475 μεθα
344 2444 359 2469 ,
415 2408 507 2460 καὶ
562 2408 739 2463 πάντα
790 2410 1103 2482 πράττομεν
1158 2411 1307 2475 ὅπως
1354 2412 1754 2482 ἀπαλλάξωμεν

163 2497 371 2561 αὐτοὺς
400 2500 510 2552 τῶν
538 2501 743 2555 κακῶν.

241 2590 319 2659 (6)
349 2590 440 2657 Τὸ,
476 2593 768 2663 Ἦλθομεν
816 2595 1247 2664 προσκυνῆσαι
1282 2596 1442 2661 αὐτῷ
1465 2636 1479 2660 ,
1522 2600 1753 2669 σημεῖον

161 2681 269 2752 τῆς
301 2684 410 2735 τῶν
443 2687 633 2753 μάγων
657 2688 954 2751 ἐπιεικείας
982 2688 1077 2741 καὶ
1100 2688 1352 2749 πίστεως.
1374 2691 1435 2741 0!
1454 2690 1753 2762 γάρτοιοῦ-

161 2788 260 2824 τον
304 2772 579 2845 διάστημα
621 2778 971 2843 διανύσαντες
1002 2779 1089 2833 διά
1128 2779 1191 2833 τὸ
1239 2783 1616 2853 προσκυνῆσαι
1661 2784 1752 2837 τὸν

164 2862 427 2935 Χριστὸν,
461 2866 513 2917 τί
539 2868 638 2919 οὐκ
671 2868 736 2920 ἂν
765 2869 1050 2939 ἐποίησαν,
1085 2872 1132 2922 εἰ
1161 2872 1218 2923 ὲν
1249 2873 1315 2943 τῇ
1348 2872 1573 2925 ἐκείνων
1598 2872 1751 2945 χώρα

163 2956 231 3010 τὸ
263 2957 503 3010 τοιοῦτον
536 2962 828 3030 μυστήριον
858 2961 1153 3031 γεγένητο;
1202 2964 1543 3017 Ἀποδεκτέοι
1574 2962 1669 3018 οὗν
1701 2966 1750 3017 οἱ

162 3047 364 3119 ἄνδρες
397 3049 493 3118 τῆς
519 3049 773 3113 πίστεως,
806 3053 899 3104 καὶ
929 3052 1235 3105 ὲπαινετέοι
1260 3054 1357 3123 τῆς
1380 3055 1582 3128 ἀρετῆς
1607 3057 1749 3111 κατά

164 3140 349 3194 ⁸πάντα
384 3142 600 3211 τρόπον.

324 3253 669 3307 Ἀθανασίου
716 3254 1161 3323 Ἀλεξανδρείας
1188 3256 1257 3310 ἐκ
1297 3255 1409 3326 τῆς
1456 3257 1612 3313 κατὰ

624 3327 923 3380 Ματθαῖον
951 3328 1289 3396 ἑρμηνείας.

346 3436 482 3506 Περὶ
518 3436 624 3489 τῶν
657 3438 813 3489 ἐννέα
860 3438 1094 3489 ἀνιάτων
1130 3439 1320 3493 παθῶν
1348 3440 1447 3510 τῆς
1480 3440 1575 3494 τοῦ

688 3528 925 3599 Ἡρώδου
963 3530 1241 3604 τελευτῆς.

1864 1975 1970 2013 non
2006 1960 2105 2012 viri
2141 1960 2430 2023 uxoribus,
2464 1976 2571 2012 non
2608 1974 2808 2013 uxores
2846 1960 3002 2026 viris,
3044 1974 3151 2013 non
3193 1957 3439 2028 magistri

1861 2050 2167 2119 discipulis,
2202 2066 2309 2103 non
2342 2060 2525 2120 patres
2554 2049 2699 2116 filiis,
2736 2064 2845 2104 non
2872 2050 3150 2120 principes
3173 2049 3437 2115 subditis;

1859 2145 1953 2201 sed
2012 2145 2192 2199 acerbi
2247 2144 2555 2200 facinorum
2598 2146 2973 2215 inquisitores,
3012 2153 3068 2199 et
3115 2145 3319 2200 ultores
3346 2160 3443 2198 su-

1858 2253 2017 2300 mus;
2055 2237 2351 2291 tribunalia
2393 2238 2628 2299 adimus,
2662 2238 2838 2307 plagis
2873 2236 3221 2307 subjicimus,
3252 2246 3308 2292 et
3347 2252 3443 2291 ca-

1856 2329 2153 2399 stigatione
2186 2331 2391 2383 utimur
2425 2348 2438 2383 :
2468 2331 2711 2399 nihilque
2739 2344 2845 2383 non
2885 2329 3099 2399 agimus
3136 2340 3249 2382 uta
3281 2330 3441 2385 mali:

1854 2435 1959 2476 nos
1981 2422 2307 2489 eripiamus.

1932 2593 2095 2658 illud,
2138 2592 2383 2647 Venimus
2417 2594 2643 2647 adorare
2688 2610 2829 2660 eum,
2854 2608 3134 2663 magorum
3159 2592 3443 2663 probitatis

1854 2697 2020 2757 atque
2069 2685 2192 2740 fidei
2244 2686 2457 2755 signum
2492 2694 2594 2739 est.
2631 2684 2736 2751 Qlll
2788 2686 2934 2740 enim
2988 2695 3196 2739 tantum
3234 2685 3443 2739 itinerit

1855 2780 2201 2834 intervallum
2250 2777 2457 2833 Christi
2495 2778 2763 2833 adorandi
2824 2779 3000 2849 gratia
3052 2778 3429 2845 confecerunt,

1852 2872 1984 2941 quid
2023 2888 2133 2926 non
2191 2870 2390 2924 facturi
2428 2882 2586 2925 erant
2631 2873 2678 2925 si
2720 2873 2771 2926 in
2820 2889 2917 2928 sua
2973 2873 3193 2942 regione
3227 2883 3438 2925 tantum

1853 2961 2173 3031 mysterium
2220 2960 2426 3013 editum
2478 2959 2722 3014 fuisset?
2773 2962 3204 3015 Commendandi
3257 2962 3441 3031 itaque

1850 3052 1951 3105 viri
1983 3050 2305 3120 hujnsmodi
2333 3060 2459 3105 sunt
2488 3060 2707 3120 propter
2738 3051 2896 3105 fidem
2919 3066 3099 3118 suam,
3134 3062 3296 3121 atque
3322 3067 3441 3111 ont-

1854 3142 1985 3197 nino
2018 3142 2240 3197 virtutis
2266 3157 2381 3197 sure
2411 3158 2577 3197 causa
2614 3142 2889 3199 laudandi.

1778 3246 1820 3303 (εἷ
1910 3255 2199 3311 Athanasii
2224 3256 2573 3309 Alexandrini
2608 3269 2672 3308 ea:
2696 3256 3127 3325 interpretatione
3156 3258 3210 3309 in
3245 3255 3383 3309 Mat-

2554 3326 2768 3380 tltceum.

1889 3438 1966 3495 De
2001 3455 2195 3496 novem
2231 3440 2631 3495 insanabilibus
2663 3440 2892 3506 morbis,
2924 3444 3127 3513 quibus
3160 3444 3403 3500 Herodes

2403 3534 2635 3593 aﬂlictus
2659 3535 2882 3591 interiit.

1409 3737 1570 3799 (Vide
1604 3748 1733 3795 tom.
1770 3737 1857 3807 II,
1883 3742 1987 3797 col.
2022 3741 2209 3813 i251.)

401 3906 477 3975 (7)
518 3907 798 3975 Ἐγερθεὶς
824 3905 1132 3974 παράλαϐε
1160 3906 1224 3960 τὸ
1251 3906 1509 3961 παιδίον.

237 3991 409 4061 Οὗτος
464 4000 492 4051 ὁ
546 3998 700 4066 λόγος
758 4000 973 4069 ἔλεγχός
1022 4000 1168 4051 ἐστιν
1215 4000 1447 4071 ἀκριδῆς
1512 4003 1611 4073 τῆς
1659 3999 1752 4055 τοῦ

176 4092 585 4164 ’Δπολλιναρίου
632 4091 955 4163 ἀθεότητος,
1016 4094 1258 4157 εἰπόντος
1326 4094 1399 4165 μὴ
1426 4093 1609 4147 λαϐεῖν
1664 4094 1754 4148 τὸν

163 4184 405 4255 Χριστὸν
435 4184 607 4256 ψυχὴν
628 4185 822 4256 νοεράν
843 4228 856 4252 ,
884 4185 995 4237 ἀλλ’
1021 4181 1160 4239 εἶναι
1209 4186 1369 4256 σῶμα
1420 4185 1579 4256 μόνον
1627 4186 1755 4239 ἀνευ

159 4278 349 4349 ψυχῆς
370 4278 459 4330 καὶ
494 4277 672 4346 λόγου.

243 4370 319 4439 (8)
337 4373 403 4425 Ἢ
434 4370 501 4424 δὲ
523 4371 709 4439 τροφὴ
742 4368 821 4442 ἦν
838 4373 1076 4441 ἀκρίδες
1095 4373 1191 4426 καὶ
1218 4372 1357 4443 μέλι
1391 4373 1748 4443 ἀτριον.”οτι

2239 3904 2472 3977 Surgens
2495 3909 2672 3978 accipe
2702 3923 2924 3976 puerum
2954 3909 3015 3965 ⁸⁸.

1922 3999 2048 4055 Haec
2094 4000 2352 4070 loquendi
2393 4000 2534 4055 ratio
2590 4001 2758 4071 probe
2803 4000 2983 4071 arguit
3032 3999 3435 4070 Apollinarium

1853 4093 2155 4165 impietatis
2190 4110 2203 4146 :
2234 4095 2329 4165 qui
2362 4094 2522 4160 dixit,
2550 4093 2831 4149 Christum
2874 4108 2981 4147 non
3014 4092 3292 4163 accepisse
3312 4094 3434 4147 ani-

1856 4202 1999 4241 mam
2045 4186 2383 4257 intelligendi
2434 4185 2487 4241 vi
2539 4185 2858 4255 praeditam;
2889 4185 2983 4240 sed
3028 4185 3205 4239 solum
3235 4185 3435 4255 corpus

1858 4280 1979 4335 sine
2006 4280 2187 4332 anima
2229 4290 2280 4332 et
2306 4278 2521 4331 ratione
2550 4276 2853 4331 exstitisse.

1929 4372 2090 4426 Cibus
2116 4382 2293 4424 autem
2320 4370 2433 4439 ejus
2456 4378 2610 4422 erant
2646 4365 2871 4429 acrides,
2896 4375 2947 4421 et
2974 4365 3074 4421 mel
3108 4365 3342 4421 silvestre
3363 4366 3430 4423 ".

161 4460 225 4514 δὲ
253 4462 349 4515 καὶ
383 4464 414 4531 ἡ
448 4461 644 4534 βοτάνη
676 4462 760 4527 τίς
795 4464 943 4516 ἐστιν
989 4466 1153 4533 ἀκρὶς
1190 4464 1453 4536 λεγομένη
1480 4506 1495 4529 ,
1527 4467 1555 4518 ό
1585 4466 1741 4519 Σολο-

1857 4465 2004 4533 Quod
2058 4464 2239 4518 herbae
2279 4478 2453 4533 genus
2499 4462 2776 4533 quoddam
2808 4460 2880 4515 sit
2927 4460 3065 4513 acris
3104 4459 3347 4527 dictum,
3379 4460 3434 4515 id

167 4552 291 4623 μὼν
325 4554 473 4623 ἡμᾶς
504 4553 745 4607 διδάσκει
787 4553 961 4622 λέγων
984 4572 996 4583 ο
1062 4554 1329 4622 Ἀνθήσει
1382 4556 1447 4609 τὸ
1480 4556 1745 4626 ἀμύγδα-

162 4650 305 4709 λον,
341 4647 439 4700 καὶ
472 4649 925 4717 παχυνθήσετιιι
961 4649 998 4714 ἠ
1031 4650 1223 4717 ἀκρίς.
1290 4650 1427 4702 Ἀλλ’
1473 4651 1593 4703 οὐδὲ
1638 4652 1745 4704 πόα

160 4740 252 4803 τίς
273 4741 388 4793 ἐστι
415 4740 475 4793 τὸ
503 4742 622 4811 μέλι
659 4741 871 4811 ἄγριον.
907 4741 1042 4795 ἀλλά
1069 4743 1189 4813 μέλι
1220 4742 1387 4806 ὅντως
1414 4742 1623 4813 ἄγριον,
1658 4760 1748 4795 πι-

163 4833 430 4904 κρότατον
458 4832 538 4896 ὃν,
571 4835 664 4886 καὶ
687 4833 833 4904 πάσῃ
870 4832 1055 4899 γεύσει
1082 4833 1356 4904 πολέμιον.

239 4922 336 4983 Τὸ,
370 4923 561 4987 Αὐτός
588 4921 743 4992 ὑμᾶς
786 4924 1074 4987 ,βαπτίσει
1106 4925 1176 4976 ἐν
1222 4926 1515 4993 Πνεῦματι
1559 4925 1704 4994 ἁγίῳ
1729 4966 1744 4990 ,

162 5012 329 5067 τοῦτο
355 5002 522 5085 δηλοῖ.
555 5015 638 5067 ὃτι
665 5014 919 5086 καθαριεῖ
946 5016 1090 5086 ὑμᾶς
1111 5033 1123 5045 ·
1158 5014 1246 5068 διά
1278 5016 1336 5068 τὸ
1373 5016 1446 5087 μὴ
1492 5016 1750 5070 δύνασθαι

162 5106 230 5160 τὸ
277 5105 372 5160 τοῦ
415 5107 657 5160 Ἰωάννου
687 5107 968 5180 βάπτισμα
1012 5110 1170 5163 τοῦτο
1203 5108 1447 5179 ποιῆσαι,
1504 5109 1639 5162 ἀλλά
1690 5110 1751 5161 τὸ

164 5198 263 5252 τοῦ
326 5198 595 5269 Χριστοῦ.
654 5200 713 5263 ὃς
762 5203 857 5255 καὶ
910 5202 1126 5269 ἀφιέναι
1184 5202 1458 5273 ἁμαρτίας
1503 5202 1751 5267 ἐξουσίαν

166 5291 305 5362 [χει.

238 5468 287 5499 ⁸³
316 5465 503 5520 Matth.
538 5482 615 5531 ιι,
644 5466 733 5520 20.
814 5469 856 5500 “
886 5468 1073 5525 Matth.
1122 5484 1213 5531 ιιι,
1251 5466 1302 5521 ι.

242 5664 486 5741 (6)_Edit.
530 5666 752 5733 Athan.,
800 5684 852 5741 p.
890 5668 1053 5735 l006,
1096 5686 1165 5726 ex
1201 5669 1415 5727 Possini
1454 5681 1640 5729 catena
1684 5672 1739 5725 in

166 5736 505 5791 Mamercum.

243 5806 322 5871 (7)
360 5804 493 5861 Ibid.

1396 5467 1440 5498 ‘°
1470 5464 1611 5523 Eccl.
1642 5468 1797 5535 xu,5.

1854 4573 1956 4613 nos
1985 4557 2245 4612 Salomon
2280 4556 2470 4611 edocet
2526 4555 2614 4609 bis
2662 4553 2881 4608 verbis:
2919 4551 3155 4609 Florebit
3184 4553 3435 4622 amygda-

1853 4650 1984 4713 lum,
2016 4661 2063 4703 et
2088 4650 2456 4719 coagulabitur
2474 4649 2613 4702 acris
2638 4648 2703 4700 “.
2731 4646 2838 4701 Sed
2862 4646 2968 4701 mel
3004 4645 3133 4700 illud
3158 4644 3429 4710 silvestre.

1854 4756 1962 4797 non
1994 4742 2184 4808 herba,
2219 4743 2311 4796 sed
2345 4742 2450 4795 mel
2481 4756 2671 4794 revera
2702 4740 2971 4804 silvestre,
3012 4737 3428 4793 acerbissimum

1853 4848 1917 4887 ac
1940 4834 2122 4902 gustui
2160 4833 2592 4905 ingratissimum
2624 4840 2729 4887 est.

1922 4922 2055 4977 Illud
2084 4942 2096 4978 :
2132 4922 2251 4991 Ipse
2280 4940 2366 4977 vos
2412 4921 2707 4991 baptizabit
2741 4923 2793 4973 in
2823 4919 3029 4991 Spiritu
3067 4930 3251 4975 sancto
3276 4922 3341 4987 ⁶¹,
3373 4921 3425 4974 id

1853 5017 2096 5081 denotat,
2128 5017 2272 5085 quod
2316 5017 2431 5085 ipse
2466 5030 2563 5069 vos
2592 5023 2924 5083 purgaturus
2959 5013 3032 5068 sit
3062 5031 3074 5066 :
3110 5012 3237 5082 quia
3273 5010 3423 5067 scilio

1851 5121 1937 5163 cet
1986 5110 2037 5162 id
2085 5118 2345 5178 praestare
2390 5123 2496 5162 non
2551 5107 2692 5161 valet
2717 5102 2947 5161 Joannis
2997 5105 3300 5175 baptisma;
3329 5104 3422 5157 sed

1852 5200 2077 5262 Christi,
2129 5201 2221 5269 qui
2274 5200 2438 5253 etiam
2487 5199 2800 5253 remittendi
2840 5206 3057 5272 peccata
3104 5205 3426 5265 potestatem

1853 5292 2031 5345 habet.

1884 5466 1923 5496 “
1958 5465 2145 5520 Matth.
2189 5484 2267 5527 Ill,
2308 5467 2388 5519 ll.

1923 5670 1997 5739 (8)
2022 5669 2276 5723 Eamdcm
2307 5670 2469 5735 hujus
2499 5670 2665 5733 vocis,
2694 5669 2851 5739 ἀκρίς
2875 5709 2889 5730 ,
2919 5668 3414 5734 nitet-pretationem

1843 5742 2047 5795 videsis
2072 5741 2211 5810 apud
2238 5740 2503 5796 lsidorum
2526 5739 2657 5801 νει..
2685 5740 2713 5791 1.
2746 5756 2782 5804 ι,
2802 5756 2886 5808 ep.
2945 5739 3041 5792 162
3062 5739 3233 5792 fusius
3256 5750 3416 5791 enar-

1840 5820 2035 5869 ratam.
