4094 6322
289 296 430 352 1509

1411 302 1838 359 FRAGMENTA
1880 305 1944 359 IN
1988 307 2423 368 MATTHASUM.

3372 313 3508 370 £570

284 405 613 462 οὗντούτων
641 411 744 462 τῶν
776 411 1180 481 ἁμαρτημάτων
1205 413 1272 465 τὰ
1295 412 1466 485 βρέφη
1494 417 1715 488 ἀμύητα
1745 417 1810 468 ὑπ

1914 453 1923 476 ι
1960 422 2157 476 rum“.
2192 423 2326 478 Cum
2363 428 2541 495 itaque
2582 427 2902 482 delictorum
2945 427 3254 497 hujusmodi
3278 442 3505 496 prorsus

283 502 445 572 άρχει
471 540 487 566 ,
537 501 694 553 ποίαν
725 501 998 572 ἁμαρτίαν
1015 502 1126 572 ἔχει
1149 503 1210 555 τὸ
1235 503 1592 576 ἀνθημερινὸν
1613 507 1845 568 παιδίον,

277 595 327 644 εί
358 594 430 662 μὴ
461 591 640 654 καθὼς
666 592 874 661 ἔφημεν
905 592 994 644 τὸν
1024 595 1329 664 σωματικὸν
1359 597 1528 666 ῥύπον
1547 615 1560 627 ·
1593 597 1713 651 οὔτε
1741 598 1846 668 μὴν

274 687 304 737 ὁ
335 685 508 753 λέγων
542 684 642 756 ἔφη
667 701 680 714 '
705 684 912 749 Οὐδεὶς
959 686 1221 754 καθαρὸς
1258 689 1364 740 ἀπὸ
1383 690 1654 762 ἁμαρτίας
1677 729 1691 752 ,
1731 691 1844 744 ἀλλ’

272 776 394 829 ἀπὸ
408 776 628 843 ῥύπου.
773 848 779 854 _

574 894 681 964 (10)
717 896 1060 949 Ἀθανασιόυ
1093 897 1553 967 Ἀλεξανδρείας,

270 1008 400 1070 Πῶς
443 1009 662 1079 νοητεῖον
708 1010 768 1062 τὸ
795 1051 808 1072 ,
845 1009 905 1062 '0
931 1009 1235 1079 ἐμϐλέψάς
1285 1011 1539 1079 γυναῖκα
1585 1012 1734 1078 πρὸς
1772 1012 1838 1064 τὸ

340 1078 704 1150 ἐπειθυμῆσαι
752 1079 938 1146 αὐτῆς
974 1081 1088 1148 ἤδη
1123 1078 1501 1150 ἐμοίχευσεν
1539 1083 1732 1149 αὐτὴν
1770 1083 1841 1135 ἐν

341 1147 417 1215 τῇ
450 1149 657 1216 καρδίᾳ
685 1152 891 1204 αὑτοῦ.

338 1239 595 1309 Μοιχεύει
624 1244 857 1308 γυναῖκα
906 1245 970 1313 τῇ
1008 1244 1203 1314 καρδίᾳ
1232 1245 1456 1306 ἐκεῖνος,
1499 1247 1527 1297 ὁ
1570 1244 1834 1296 συνδιατι-

265 1328 493 1400 θέμενος
530 1334 601 1403 τῇ
657 1331 874 1402 πράξει,
928 1333 1247 1386 ἀπεκώλυσε
1289 1335 1344 1387 δὲ
1384 1336 1474 1388 τὸν
1505 1336 1760 1399 τοιοῦτον,
1795 1335 1828 1406 ἢ

260 1423 518 1495 caused}
568 1425 778 1495 χρόνος,
836 1426 868 1496 ἢ
906 1426 1065 1494 φόϐος
1098 1426 1203 1479 τῶν
1267 1428 1582 1497 Ῥωμαϊκῶν
1632 1426 1828 1498 νόμων.

264 1516 392 1568 ’Ὁτι
420 1516 476 1569 δὲ
512 1517 715 1581 πολλοὶ,
751 1517 822 1586 μὴ
852 1517 1144 1588 δράσαντες
1168 1518 1264 1589 τὴν
1299 1518 1574 1582 ἀσέϐειαν,
1598 1519 1672 1582 ὡς
1711 1536 1830 1589 μοι-

1953 513 2183 582 imperiti
2207 517 2409 584 parvuli
2442 517 2582 581 sint;
2609 518 2773 584 quod,
2793 533 2996 585 quaeso,
3017 526 3292 587 peccatum
3312 517 3504 571 admit—

1953 615 2028 658 tat
2052 609 2316 675 puerulus
2346 608 2456 677 ipsa
2497 609 2586 662 die
2633 619 2814 671 natus.
2843 611 2966 672 nisi,
2996 610 3070 663 uti
3095 609 3353 672 diximus,
3381 624 3504 662 cor-

1947 713 2162 766 peream
2192 700 2406 752 sordem
2425 699 2643 770 ?Neque
2670 701 2812 755 enim
2841 701 2912 754 ita
2935 701 3154 766 dicitur,
3181 698 3344 766 Nemo
3360 715 3503 753 man-

1947 792 2044 843 dus
2077 806 2106 844 a
2133 802 2375 860 peccato,
2407 792 2520 856 sed,
2553 809 2583 845 a
2609 793 2780 850 sorde.

2398 903 2674 958 Athanasii
2693 904 3056 958 Alexandrini.

1945 1014 2064 1080 Quo
2093 1024 2250 1083 pacto
2287 1016 2690 1084 intelligendum
2723 1017 2850 1071 illud
2882 1034 2894 1069 :
2931 1017 3031 1082 Qui
3062 1018 3270 1084 respicit
3309 1017 3496 1070 malie-

2011 1101 2115 1136 rem
2150 1087 2218 1136 ad
2263 1088 2725 1152 concupiscendum
2769 1104 2903 1149 eam,
2925 1088 3043 1157 jam
3092 1088 3375 1142 mwchatas
3417 1098 3494 1142 est

2006 1172 2121 1207 eam
2149 1157 2202 1208 in
2223 1157 2373 1209 corde
2402 1173 2495 1210 suo
2516 1158 2582 1213 7°.

2008 1243 2308 1299 Mmchatur
2355 1245 2518 1298 corde
2561 1261 2684 1299 cum
2735 1249 2981 1310 muliere,
3024 1249 3116 1316 qui
3167 1247 3492 1318 perﬁciendo

1937 1331 2086 1399 operi
2119 1333 2428 1395 consensit;
2457 1333 2550 1387 sed
2573 1333 2643 1386 ab
2675 1335 2861 1388 illicito
2887 1347 2939 1389 et
2979 1352 3145 1405 pravo
3175 1353 3489 1406 congressu,

1935 1431 2029 1473 aut
2055 1421 2197 1482 loco,
2226 1430 2319 1475 aut
2339 1433 2596 1490 tempore.
2626 1434 2719 1477 aut
2739 1435 2880 1478 metu
2915 1424 3278 1480 Romanarum
3313 1427 3488 1495 legum

1932 1514 2201 1568 coercitus
2253 1522 2356 1569 est.
2394 1513 2551 1580 Quod
2586 1524 2763 1570 autem
2815 1518 3004 1580 multi,
3039 1518 3128 1586 qui
3169 1519 3406 1575 exterius
3432 1521 3486 1574 in

257 1609 349 1677 χοὶ
370 1608 756 1678 ἐκολάσθησαν,
790 1609 985 1679 ῥαδίως
1014 1611 1128 1662 ἐστὶ
1155 1611 1278 1673 τοὺς
1308 1610 1514 1674 πάντας
1560 1610 1810 1683 πληροφο

1931 1614 2213 1672 peceatum
2248 1619 2354 1658 non
2397 1617 2797 1676 proruperunt,
2831 1608 2989 1677 quasi
3039 1610 3237 1664 llilBCIli
3281 1613 3485 1681 suppli-

257 1698 498 1770 ρηθῆναι
523 1701 587 1752 ὲκ
614 1699 708 1752 τοῦ
753 1701 1120 1769 Ὀλοφέρνους.
1147 1701 1470 1766 Σπεύδοντος
1495 1706 1602 1772 γάρ
1632 1702 1826 1774 δρᾶσαι

250 1791 318 1844 τὸ
349 1791 537 1860 μύσος,
566 1794 598 1859 ἡ
629 1792 847 1855 Ἰουδὶθ,
882 1793 955 1856 ὡς
994 1794 1156 1863 νόμος
1194 1793 1564 1866 δικαιοσύνης,
1614 1813 1823 1849 σπασα-

256 1885 395 1954 μένη
426 1884 484 1937 τὸ
518 1883 670 1952 ξίφος
697 1885 968 1956 ἀπέτεμεν
1001 1885 1162 1938 αὑτοῦ
1201 1886 1299 1957 τὴν
1337 1888 1598 1957 κεφαλὴν,
1629 1891 1822 1942 ὲπικα-

250 1974 529 2045 λεσαμένη
560 1977 638 2038 είς
673 1975 924 2046 βοήθειαν
949 1977 1040 2028 καὶ
1065 1976 1481 2047 ύπερασπισμὺν
1512 1978 1600 2030 τὸν
1624 1978 1822 2049 δοτῆρα

245 2065 363 2118 τῶν
399 2067 579 2134 νόμων
631 2067 792 2128 Θεὸν,
844 2067 937 2119 καὶ¹
982 2068 1240 2138 συνεργὸν
1295 2068 1394 2136 τῆς
1448 2070 1815 2140 σωφροσύνης.

256 2157 538 2221 Ὡσαύτως
565 2158 657 2209 καὶ
683 2159 731 2210 οἱ
765 2157 856 2210 δύο
887 2159 1263 2230 πρεσϐύτεροι,
1301 2161 1580 2231 εἰρηκότες
1610 2165 1672 2233 τῇ
1707 2165 1821 2216 Σωο

245 2247 442 2319 σάννῃ,
482 2248 634 2302 Ἰδοὺ
665 2248 735 2301 ἐν
751 2249 1026 2317 ἐπιθυμίᾳ
1053 2252 1165 2302 σού
1185 2251 1390 2318 ἐσμεν,
1432 2253 1630 2323 καίπερ
1663 2253 1819 2307 τοῦτο

246 2339 328 2409 μὴ
356 2338 679 2409 πράξαντες,
717 2339 791 2402 ὡς
834 2341 1013 2409 μοιχοὶ
1042 2340 1433 2412 ἐκολάσθησαν,
1475 2346 1568 2397 καὶ
1591 2345 1689 2415 τὴν
1723 2345 1818 2416 ζη-

245 2435 380 2503 μίαν
406 2433 561 2504 ἐσχον
585 2434 830 2488 θάνατον.
864 2435 990 2487 Ἐάν
1010 2431 1103 2488 οὖν
1129 2438 1221 2490 καὶ
1249 2438 1370 2511 ἄρτι
1401 2439 1482 2502 τίς
1504 2441 1620 2491 ἐστι
1643 2438 1817 2492 τοιοῦ-

235 2539 358 2587 τος,
387 2523 700 2588 ἀκόλαστος,
729 2524 993 2595 ἀκρατὴς,
1038 2526 1318 2597 ἐπιθυμῶν
1372 2527 1664 2600 ἀλλοτρίων
1717 2545 1813 2596 γυ-

235 2615 467 2679 ναικῶν,
503 2616 642 2669 κατὰ
677 2616 915 2672 διάνοιαν
956 2617 1226 2687 μοιχεύειν
1259 2619 1286 2671 ὁ
1333 2618 1442 2689 γὰρ
1471 2620 1813 2690 ἡγεμονεύων

233 2706 351 2759 τῶν
375 2705 582 2772 παθῶν,
607 2707 923 2779 καθαρεύων
952 2708 1060 2762 ἀπὸ
1087 2709 1417 2780 ὀφλήματος,
1455 2710 1562 2764 ἀπὺ
1595 2713 1812 2783 αἰσχρο-

233 2797 447 2867 λογίας,
470 2790 622 2862 οὗτος
642 2800 741 2853 ούκ
759 2799 874 2852 ἐστι
899 2801 1102 2872 μοιχὸς,
1137 2801 1273 2855 ἀλλά
1296 2802 1758 2874 παθοκρατορικός
1793 2816 1808 2832 ⁸

232 2891 580 2944 ἀναστέλλων
632 2891 693 2943 τὸ
749 2892 986 2962 ἐπαχθὲς
1013 2894 1112 2962 τῆς
1153 2895 1344 2964 ἡδονῆς
1368 2894 1446 2964 τῷ
1469 2895 1632 2964 θεῖκῷ
1661 2897 1810 2967 φόϐῳ

232 2985 315 3047 ὡς
355 2983 505 3053 κῦμα
529 2983 816 3036 θαλάσσιον
852 2983 1289 3055 ἀνακοπτόμενον
1323 2985 1426 3037 ὑπὸ
1458 2987 1680 3056 ἰσχυρᾶς
1714 2988 1808 3039 καὶ

233 3079 469 3148 στερεᾶς
496 3075 721 3147 πέτρας.

307 3169 422 3241 (il)
451 3172 519 3223 El
544 3167 611 3221 δὲ
632 3172 662 3222 o'
693 3169 997 3237 ὀφθαλμός
1030 3183 1145 3222 σου
1176 3171 1208 3223 ό
1247 3169 1444 3240 δεξιὸς
1482 3170 1806 3224 σκανδαλί-

228 3261 313 3324 ζει
345 3277 438 3326 σε,
473 3262 648 3327 ἔξελε
684 3261 890 3326 αὐτὸν,
931 3261 1027 3315 καὶ
1065 3260 1224 3326 βάλε
1270 3263 1386 3316 ἀπὸ
1427 3263 1541 3318 σοῦ
1567 3304 1581 3326 ,
1613 3265 1707 3316 καὶ
1737 3264 1806 3317 τά

227 3355 380 3423 ἑξῆς.
430 3354 741 3418 Βαδίζοντες
785 3354 882 3424 τὴν
925 3355 1133 3424 ἀπλανῆ
1185 3355 1280 3408 καί¹
1327 3355 1607 3425 ζωηφόρον
1662 3356 1800 3422 ὁδὸν,

223 3445 508 3515 ὀφθαλμὸν
555 3445 651 3515 μὲν
708 3445 1027 3516 ὲκκὸψωμεν
1075 3445 1493 3509 σκανδαλίζοντα
1529 3464 1540 3473 ”
1593 3447 1666 3518 μὴ
1712 3448 1802 3501 τὸν

225 3538 489 3608 αἰσθητόν
518 3538 629 3610 (12)
652 3555 664 3567 ·
700 3536 919 3609 καὶγὰρ
954 3541 1123 3609 πηροὶ
1157 3538 1365 3610 μοιχοί·
1395 3538 1532 3592 ἀλλὰ
1559 3540 1647 3592 τὸν
1680 3557 1799 3612 νοη-

203 3633 345 3685 τόν.
379 3625 501 3684 Οἴον
524 3631 664 3685 save
694 3631 989 3696 ἐπίσκοπος
1022 3631 1053 3703 ἦ
1093 3633 1120 3685 ὁ
1153 3632 1534 3702 πρεσϐύτερος,
1577 3634 1624 3684 οἱ
1651 3633 1801 3696 ὄντες

223 3723 495 3795 ὀφθαλμοὶ
538 3726 638 3796 τῆς
685 3724 1034 3794 Ἐκκλησίας,
1084 3724 1265 3788 κακῶς
1318 3725 1796 3797 ἀναστρέφωνται,

223 3816 328 3872 καὶ
353 3815 740 3880 σκανδαλίζωσι
771 3816 859 3868 τὸν
887 3816 1032 3879 λαὸν,
1068 3818 1172 3888 χρὴ
1202 3799 1396 3879 αὐτοὺς
1419 3817 1794 3870 ἐκϐάλλεσθαι.

223 3905 514 3979 Συμφὲρον
547 3907 657 3978 γάρ
701 3909 848 3960 ἐστιν
879 3907 1006 3961 ἄνευ
1037 3907 1216 3960 αὐτῶν
1248 3909 1689 3980 συναθροίζεσθαι
1719 3913 1797 3973 εἰς

227 4004 517 4074 εὐκτήριον
551 3999 716 4067 οἷκον,
747 4003 780 4073 ἢ
807 4005 920 4073 μετ’
952 4004 1147 4067 αὐτοὺς
1177 4004 1532 4075 ἐμϐληθῆναι,
1560 4004 1635 4067 ὡς
1660 4005 1798 4075 μετά

253 4099 403 4151 Λννα
429 4097 522 4150 καὶ
556 4097 798 4165 Καῑάφα,
827 4097 905 4158 εἰς
940 4095 1036 4166 τὴν
1079 4096 1304 4163 γέενναν
1341 4095 1434 4148 τοῦ
1478 4087 1665 4166 πυρός.
1715 4095 1798 4150 'O-

225 4189 401 4256 μοίως
419 4185 474 4238 δὲ
513 4185 606 4239 καὶ
631 4188 662 4256 ἡ
691 4186 829 4255 χεὶρ,
857 4185 1159 4249 ὁδιάκονος,
1185 4187 1276 4238 ἐὰν
1299 4185 1528 4252 ἀναξίως
1556 4203 1606 4238 τι
1629 4186 1795 4256 πράτ-

219 4296 316 4354 τῃ,
351 4275 665 4349 χωριζέσθω
685 4276 778 4330 τοῦ
811 4277 1194 4348 θυσιαστηρίου
1227 4277 1358 4349 (13).
1404 4279 1461 4330 'U
1485 4277 1540 4330 δὲ
1587 4277 1740 4340 πούς,
1766 4281 1793 4331 ὁ

220 4371 527 4444 ὑπηρέτης,
558 4370 651 4425 ἐὰν
680 4371 865 4434 κακῶς
909 4371 1074 4443 τρέχῃ
1120 4372 1199 4433 εἰς
1230 4371 1290 4423 τὸ
1324 4371 1535 4440 ψεῦδος,
1574 4371 1666 4424 καὶ
1694 4371 1790 4442 τὴν

1929 1697 2015 1750 cio
2040 1696 2213 1752 allecti
2235 1698 2455 1763 fuerint,
2480 1700 2734 1755 omnibus
2750 1701 2922 1770 palam
2947 1699 3122 1756 facere
3150 1703 3202 1756 in
3233 1716 3485 1774 promptu

1925 1799 2010 1844 est
2037 1806 2104 1845 ex
2129 1789 2490 1861 Holopherne.
2518 1790 2650 1845 Nam
2673 1808 2795 1847 eum
2829 1792 3030 1849 fmdum
3062 1810 3200 1864 opus
3229 1811 3486 1865 peragere

1924 1883 2164 1950 gestiret,
2195 1882 2402 1950 Judith,
2430 1899 2527 1938 ceu
2557 1884 2642 1939 lex
2687 1885 2933 1954 quaedam
2960 1885 3208 1954 iustitiae,
3234 1887 3480 1941 districto

1923 1977 2102 2046 gladio
2149 1987 2309 2046 caput
2339 1978 2456 2047 ejus
2487 1977 2734 2040 abscidit,
2773 1978 3022 2032 invocato
3049 1979 3200 2048 prius
3225 1980 3292 2033 ad
3323 1995 3479 2048 opem

1920 2078 1973 2121 et
2003 2069 2365 2138 patrocinium
2411 2070 2591 2139 legum
2623 2069 2810 2124 datore
2839 2080 2889 2124 et
2923 2071 3272 2126 continentiae
3297 2074 3481 2143 opitu-

1920 2159 2091 2214 latore
2140 2159 2270 2214 Deo.
2303 2158 2505 2214 Eodem
2550 2175 2768 2230 quoque
2801 2162 2964 2215 modo
3001 2178 3158 2218 senes
3191 2164 3320 2228 duo,
3353 2181 3477 2219 eum

1921 2250 2186 2305 Susannte
2214 2251 2507 2306 dixissent:
2546 2250 2681 2306 Ecce
2707 2251 2762 2305 in
2798 2253 3221 2320 concupiscentia
3264 2254 3344 2306 tui
3385 2270 3479 2307 διι-

1918 2358 2030 2395 mas
2048 2342 2115 2407 ⁷⁸,
2148 2343 2362 2396 etiamsi
2394 2341 2604 2398 laeinus
2626 2358 2734 2397 non
2761 2349 3180 2413 perpetrassent,
3202 2354 3261 2398 ut
3278 2345 3476 2399 moechi

1917 2429 2060 2498 plexi
2095 2443 2158 2483 ac
2193 2437 2367 2482 morte
2405 2430 2651 2483 muletati
2677 2437 2824 2485 sunt.
2857 2430 2914 2484 Si
2946 2430 3049 2485 hoc
3082 2446 3210 2501 ergo
3237 2439 3477 2500 tempore

1915 2520 2183 2590 quispiam
2205 2520 2276 2576 sit
2301 2520 2633 2590 huiusmodi,
2650 2521 3039 2591 intemperans,
3069 2522 3322 2587 lascivus,
3341 2523 3474 2577 alie-

1916 2630 2014 2669 nas
2040 2629 2238 2669 uxores
2262 2624 2543 2684 appetens,
2574 2615 2620 2668 is
2647 2613 2830 2668 animo
2865 2614 3182 2669 fornicatur.
3215 2611 3347 2666 Nam
3380 2614 3472 2684 qui

1914 2702 1966 2755 iu
2002 2701 2228 2756 allectus
2262 2717 2394 2758 suos
2433 2704 2720 2773 imperium
2768 2703 2950 2770 habet,
2984 2719 3013 2756 a
3054 2704 3250 2772 quovis
3279 2703 3472 2758 delicte

1912 2809 2081 2863 purus
2111 2803 2162 2848 et
2205 2797 2272 2848 ab
2304 2795 2556 2849 obscenis
2588 2795 2746 2849 dictis
2769 2835 2784 2858 ,
2829 2795 2916 2848 hic
2946 2796 3192 2850 moechus
3231 2811 3338 2849 non
3369 2806 3471 2859 est,

1911 2886 2004 2940 sed
2054 2887 2365 2956 cupiditatis
2389 2887 2590 2950 victor;
2615 2886 2814 2955 quippe
2851 2886 2941 2955 qui
2980 2887 3269 2955 voluptatis
3298 2888 3471 2956 impe~

1912 2985 2024 3028 tum
2053 2977 2238 3030 divino
2272 2987 2440 3039 metu,
2474 2979 2629 3045 quasi
2661 2977 3022 3033 decumanum
3050 2978 3215 3030 maris
3244 2977 3467 3032 lluctum

1830 3093 1872 3150 ρ
1908 3084 1936 3120 a
1964 3068 2137 3122 solida
2161 3077 2215 3122 ct
2235 3073 2384 3122 lirma
2419 3077 2570 3138 petra
2598 3084 2929 3138 repressum,
2955 3079 3220 3126 coerceat.

1979 3160 2038 3216 Si
2077 3161 2256 3214 oculus
2295 3172 2414 3215 tuus
2438 3163 2618 3215 dexter
2646 3161 2976 3216 scandalizat
3006 3174 3076 3226 te,
3099 3179 3219 3215 erue
3255 3180 3393 3228 cum,
3419 3173 3469 3217 et

1905 3249 2100 3318 projice
2133 3248 2225 3301 abs
2260 3259 2307 3302 te
2330 3250 2396 3315 τ’,
2424 3260 2476 3303 et
2507 3262 2719 3304 cetera.
2749 3249 3060 3305 incedentes
3086 3262 3264 3305 autem
3298 3254 3350 3306 in
3383 3254 3469 3307 via

1906 3339 2036 3392 nulli
2068 3339 2239 3392 errori
2287 3340 2520 3394 obnoxia
2551 3340 2852 3404 etvivilica,
2882 3342 3101 3395 oculum
3136 3357 3390 3398 eruamus
3419 3346 3463 3398 si

1905 3432 2062 3487 nobis
2107 3432 2431 3486 oll‘endieulo
2460 3434 2560 3499 sit;
2605 3449 2710 3488 non
2747 3435 2962 3506 quidem
3001 3437 3255 3490 sensilem
3290 3437 3464 3500 illum.

1902 3540 2026 3578 nam
2055 3525 2182 3578 czeci
2229 3540 2445 3594 quoque
2472 3526 2668 3580 mwchi
2695 3536 2840 3593 sunt,
2872 3527 2965 3581 sed
3008 3528 3340 3596 spiritualem
3368 3548 3381 3594 ;
3409 3540 3467 3585 ut

1902 3618 1968 3684 si,
1997 3619 2143 3673 verbi
2175 3633 2361 3680 causa,
2387 3618 2672 3687 episcopus
2694 3631 2746 3672 et
2768 3621 3066 3690 presbyter,
3093 3621 3182 3688 qui
3213 3631 3340 3674 sunt
3359 3620 3464 3675 Ec—

1901 3712 2077 3768 clesiae
2122 3711 2284 3776 oculi,
2328 3711 2572 3780 improbe
2624 3721 2930 3776 versentur,
2963 3723 3016 3766 et
3056 3713 3252 3782 popqu
3278 3715 3462 3785 lapsus

1901 3807 2118 3860 occasio
2149 3806 2277 3867 sint,
2313 3805 2644 3875 abjicicndos
2692 3816 2918 3876 oportet.
2952 3804 3180 3861 Praestat
3229 3809 3375 3862 enim
3408 3808 3460 3862 in

1902 3899 2063 3952 domo
2084 3897 2363 3960 orationis,
2384 3899 2603 3951 remotis
2631 3897 3060 3961 illis,convcr.tus
3078 3913 3256 3967 agerc,
3272 3915 3460 3968 quam,

1900 3991 2042 4044 velut
2059 4006 2179 4044 cum
2201 3991 2354 4043 Anna
2371 3999 2421 4043 ct
2441 3988 2663 4058 Caipha,
2679 4004 2800 4043 cum
2820 3989 2899 4042 eis
2922 3988 3067 4058 injici
3089 3991 3139 4040 in
3159 3990 3458 4058 gehennam

1899 4083 2058 4154 ignis.
2097 4081 2358 4135 Similiter
2385 4083 2430 4135 si
2467 4082 2748 4146 diaconus,
2773 4081 2863 4147 qui
2889 4095 2987 4151 pro
3016 4095 3176 4133 manu
3209 4080 3458 4146 habetur,

1898 4176 2174 4244 indignum
2202 4175 2328 4244 quid
2366 4174 2555 4243 egerit,
2587 4173 2653 4226 ab
2673 4173 2827 4226 altari
2855 4183 3180 4242 segregetur.
3216 4173 3460 4227 Minister

1894 4281 2022 4319 vero
2053 4267 2143 4335 qui
2167 4282 2265 4335 pro
2299 4266 2432 4334 pede
2463 4274 2761 4335 reputatur,
2786 4267 2830 4319 si
2864 4265 3106 4335 improbe
3134 4267 3200 4319 ad
3235 4267 3459 4320 menda~

1895 4357 2062 4418 cium,
2096 4369 2148 4411 et
2179 4358 2243 4410 ad
2275 4371 2523 4422 munera,
2550 4366 2608 4411 ut
2634 4356 2782 4411 Giezi
2814 4357 2879 4421 ⁷³,
2917 4356 3230 4426 accipienda
3257 4357 3453 4410 decur-

217 4463 387 4534 λῆψιν
409 4462 515 4516 τῶν
538 4462 830 4532 χρημάτων
865 4463 1004 4515 κατά
1043 4462 1134 4515 τὸν
1166 4462 1347 4532 Γιεζῆ,
1370 4463 1449 4515 δεῖ
1484 4463 1575 4515 καὶ
1603 4463 1788 4515 τοῦτον

1914 4460 2006 4514 ὀι;
2038 4451 2181 4504 hunc
2214 4465 2429 4520 quoque
2471 4464 2608 4519 opus
2641 4458 2742 4514 est,
2780 4459 2839 4503 ut
2883 4464 3108 4518 pravum
3158 4458 3213 4504 et
3250 4449 3427 4518 impru

216 4555 325 4624 τῆς
365 4551 704 4622 λειτουργίας
734 4551 1123 4617 ἀποξενοῦσθαι
1149 4553 1224 4616 ὡς
1249 4553 1481 4622 χαλεπὸν
1507 4555 1598 4606 καὶ
1627 4553 1791 4607 ἀσύν-

1914 4545 2100 4596 lentem
2134 4543 2432 4606 hominem,
2466 4559 2496 4596 a
2538 4542 2842 4597 ministerio
2877 4542 3229 4608 submovere;
3266 4550 3324 4594 ut
3347 4539 3450 4596 Ec-

217 4662 344 4698 ετον
400 4644 680 4714 ἄνθρωπον
710 4660 722 4672 ο
780 4644 865 4698 ἵνα
912 4647 944 4715 ἡ
1006 4643 1295 4715 Ἐκκλησία
1351 4645 1790 4708 ἀσκανδαλίστως

219 4737 563 4807 συναγομὲνη
586 4735 1106 4806 διαφυλαχθήσηται.

504 4852 614 4925 (Η)
661 4853 1004 4906 Ἀθανασίου
1042 4852 1498 4920 Ἀλεξανδρείας,

325 4944 536 4998 Βιϐλίου
575 4945 672 5016 τῆς
697 4947 989 5019 ἑρμηνείας
1015 4945 1106 4998 τοῦ
1140 4947 1294 5013 ἁγίου
1323 4946 1673 5014 Εύαγγελίου.

287 5037 619 5106 Προσέχετε
645 5037 712 5090 δὲ
737 5038 850 5106 τὴν
865 5039 1282 5107 ἐλεημοσύνην
1301 5037 1466 5107 ὑμῶν
1483 5037 1568 5106 μὴ
1593 5037 1782 5091 ποιεῖν

209 5130 553 5195 ἔμπροσθεν
576 5127 692 5181 τῶν
730 5128 1054 5195 ἀνθρώπων
1089 5131 1238 5197 πρὸς
1271 5133 1334 5183 τὸ
1367 5129 1645 5197 θεαθῆναι
1675 5131 1781 5182 αὐ-

212 5219 339 5284 τοῖς
366 5235 379 5248 ·
415 5221 468 5272 εἰ
499 5217 566 5271 δὲ
592 5219 675 5288 μή
706 5237 791 5290 γε.
813 5221 1035 5289 μισθὸν
1053 5223 1163 5275 οὐκ
1190 5221 1357 5290 ἔχετε
1380 5221 1536 5289 παρὰ
1565 5220 1643 5286 τῷ
1669 5224 1785 5274 lla-

282 5337 332 5407 "_
356 5335 544 5390 Matth.
586 5353 740 5402 xvut,
779 5337 832 5392 5.
929 5338 974 5369 ⁷⁰
1002 5337 1186 5394 Matth.
1251 5356 1302 5407 v,
1360 5340 1448 5394 ‘28.

204 5407 254 5441 ’⁸
285 5405 472 5460 Matth.
532 5424 605 5473 Vl,
640 5411 691 5460 l.

281 5515 394 5597 ζ
595 5520 792 5597 Athan.
822 5537 885 5575 ex
912 5524 1094 5597 codice
1123 5526 1439 5591 Baroeiano,
1471 5545 1522 5597 p.
1556 5526 1705 5581 1026.

279 5587 411 5662 (11)-
432 5585 572 5642 Edit.
623 5591 842 5652 Athan,
896 5610 946 5662 p.
982 5595 1139 5654 1027.
1184 5616 1247 5650 cx-
1284 5585 1486 5652 codice
1508 5597 1769 5652 Vaticano

203 5655 332 5736 392.
375 5655 958 5736 Vgrumjttctiorajet
1005 5670 1371 5721 emendatiora
1408 5671 1670 5733 prodeunt
1701 5684 1764 5719 cs

197 5750 212 5776 ι
232 5730 388 5780 mlier
413 5725 543 5794 Beg.
576 5730 728 5789 1995.
763 5731 800 5784 f.
832 5733 953 5794 520,
979 5749 1026 5789 et
1057 5753 1120 5790 ex
1155 5740 1273 5791 cod.
1302 5725 1533 5792 Colhert.
1571 5740 1692 5793 504.

275 5797 386 5867 (ἱεὶ)
432 5793 554 5854 Παῖς
585 5800 776 5854 desunt
800 5805 849 5856 in
887 5793 992 5861 edit
1024 5847 1038 5871 ,
1086 5811 1174 5862 scd
1205 5810 1464 5862 habeatur
1498 5811 1548 5864 in
1584 5825 1707 5865 mss.

1541 5340 1584 5371 τι
1610 5338 1742 5392 Dan.
1802 5339 1882 5401 15,
1941 5337 2032 5398 ‘20.

1887 4635 2052 4689 clesia
2077 4635 2194 4691 sine
2218 4635 2517 4690 ollensione
2550 4645 2877 4706 congregata
2908 4644 3173 4690 servetur.

2335 4841 2613 4894 Athanasii
2644 4841 2989 4896 Alexandrini

2013 4932 2086 4985 Ex
2122 4932 2260 4986 libro
2286 4931 2742 5001 interpretationis
2772 4934 2824 4988 in
2861 4931 2916 4988 S.
2949 4932 3319 5003 Evangelium.

1962 5026 2229 5080 Attendite
2259 5042 2319 5078 ne
2345 5025 2726 5097 elcemosynam
2761 5037 2986 5081 vestram
3028 5027 3240 5096 faciatis
3271 5043 3450 5080 coram

1890 5121 2204 5185 hominibus,
2245 5130 2299 5174 ut
2347 5119 2627 5175 videamini
2668 5123 2730 5176 ab
2771 5124 2887 5177 eis:
2927 5122 3127 5191 alioqui
3165 5125 3448 5176 mercedem

1891 5233 1993 5269 non
2019 5215 2267 5270 habebitis
2293 5216 2432 5283 apud
2458 5213 2666 5268 Patrem
2690 5225 2908 5268 vestrum
2928 5216 3016 5284 qui
3041 5216 3093 5268 in
3115 5217 3255 5270 ca'lis
3278 5225 3354 5268 est
3377 5215 3442 5270 ".

2131 5337 2174 5366 τ’
2200 5335 2386 5388 Matth.
2436 5353 2504 5396 ν,
2558 5335 2644 5388 29.
2771 5335 2815 5365 ⁷³
2865 5336 2930 5388 IV
2993 5335 3120 5404 Reg.
3171 5351 3222 5399 v,
3263 5335 3443 5391 90—25.

1951 5520 2060 5575 (13)
2095 5519 2223 5594 Quae
2255 5531 2556 5594 sequuntur
2582 5524 2654 5594 ad
2691 5524 2848 5577 linem
2885 5539 3056 5594 usque
3090 5540 3150 5579 ex
3189 5538 3318 5578 mss.
3345 5523 3441 5578 de-

1880 5601 2144 5658 prompta,
2172 5592 2547 5644 dcsiderantur
2577 5593 2628 5645 in
2657 5596 2784 5646 edit.

1948 5658 2059 5734 (ll)
2094 5659 2215 5734 llaec
2277 5661 2540 5734 prodeunt
2572 5679 2636 5734 ett
2669 5665 2791 5718 cod.
2826 5664 2953 5734 Reg.
2999 5665 3154 5727 1995,
3183 5663 3219 5715 Χ
3259 5665 3439 5721 smculi

1873 5729 1909 5867 :1.
2111 5728 2552 5800 longe'auctiora
2607 5732 2672 5788 iis
2708 5750 2826 5804 qua:
2881 5728 2932 5789 in
2979 5736 3120 5792 edito
3166 5736 3436 5805 leguntur,
