4094 6322
618 366 750 422 1371

1425 365 1480 418 8.
1516 356 1885 416 ATHANASll
1923 354 2072 412 OPP.
2116 349 2296 406 PARS
2335 347 2426 403 lll.
2461 376 2533 390 -—
2570 343 2974 403 EXEGETICA.

3723 339 3850 392 L372

614 482 874 541 Hortatur
898 485 1078 551 itaque
1111 497 1212 537 nos
1235 477 1578 551 Unigenitus.
1605 491 1662 536 ut
1691 498 1755 537 ne
1781 483 2182 548 eleemosynam

2288 469 2378 537 τρὶ
2411 470 2578 538 ὑμῶν
2597 465 2676 533 τῷ
2694 468 2763 521 ἐν
2791 465 2915 531 τοῖς
2945 463 3243 533 οὐρανοῖς.
3274 459 3639 532 Συμϐουλεύει
3659 458 3716 511 δὲ
3736 461 3861 528 ἡμῖν

617 576 883 631 faciamus
910 589 1090 629 coram
1125 574 1464 637 hominibus;
1501 589 1606 628 non
1637 583 1696 627 ut
1730 583 2048 627 cunctemur
2079 568 2186 622 fra-

619 680 728 723 tres
762 679 974 721 no-tros
1007 665 1210 733 fovere,
1256 682 1318 720 ac
1356 669 1537 736 egenis
1577 668 1710 719 bene
1747 667 1962 728 facere;
2002 663 2092 716 sed
2128 669 2185 713 ut

621 775 891 824 ue,\'an:e
936 758 1112 811 laudis
1154 758 1516 825 appetentium
1568 756 1965 809 Pharisaeorum
1999 769 2183 806 exem-

623 854 738 920 plo,
791 862 1108 920 praesentem
1156 851 1379 919 gloriam
1433 865 1810 917 aucupemur:
1861 849 1953 901 sed
2004 845 2186 915 potius

621 945 920 996 nn-rcedem
950 942 1118 993 lidelis
1145 949 1197 992 et
1234 951 1499 994 accurate
1539 941 1896 1009 eleemosynae
1924 953 1952 990 a
1988 936 2095 989 Deo
2130 935 2183 986 in

618 1036 802 1090 futuro
852 1045 1256 1102 exspectemus,
1299 1035 1390 1102 qui
1439 1048 1547 1084 non
1597 1043 1806 1085 tantum
1848 1031 1915 1084 de
1961 1040 2187 1082 munere

616 1128 934 1189 delerlatur,
970 1135 1226 1194 quantum
1274 1126 1340 1180 de
1390 1126 1570 1194 opima
1617 1133 1670 1177 et
1717 1124 1856 1176 bona
1909 1120 2187 1190 largientis

617 1221 915 1283 voluntate,
953 1231 1008 1272 ut
1037 1235 1099 1272 cx
1138 1219 1315 1288 inopis
1357 1219 1553 1279 vidum,
1595 1233 1716 1286 quae
1749 1217 1858 1270 duo
1893 1215 2100 1268 minuta
2133 1212 2187 1266 in

619 1310 1060 1381 gazophylacium
1095 1309 1277 1374 misit,
1302 1308 1548 1377 exemplo
1579 1309 1825 1363 ediscere
1852 1306 2116 1360 valemus.

689 1554 758 1609 Te
793 1565 967 1609 autent
1009 1555 1237 1624 faciente
1281 1555 1698 1624 eleemosgnam,
1731 1556 1929 1607 nesciat
1974 1555 2192 1607 sinistra

619 1657 710 1700 tua
739 1648 864 1716 quid
896 1646 1060 1716 faciat
1101 1647 1318 1699 dextera
1357 1655 1468 1699 tua.
1516 1645 1568 1698 Id
1602 1656 1714 1710 est,
1743 1647 2048 1699 voluntates
2081 1661 2196 1699 car-

617 1741 701 1790 nis
751 1739 984 1804 Splrilus
1033 1738 1203 1791 sancti
1257 1738 1542 1790 consilium
1605 1752 1670 1790 ne
1756 1737 2026 1790 noverint.
2089 1735 2192 1802 Qui

2290 561 2317 611 ὸ
2347 558 2651 627 Μονογενὴς
2687 558 2761 626 μὴ
2802 559 2975 608 ποιεῖν
3011 554 3106 624 τὴν
3148 551 3516 622 ἐλεημοσύνην
3557 549 3862 620 ἔμπροσθεν

2288 647 2396 700 τῶν
2434 648 2764 718 ἀνθρώπων·
2823 647 2921 715 ούχ
2964 645 3049 697 ἵνα
3093 643 3372 714 μέλλωμεν
3421 638 3860 712 περιστέλλεσθαι

2287 743 2413 804 τοὺς
2443 741 2702 811 ἀδελφοὺς
2729 744 2788 794 ὲν
2819 740 2896 809 τῷ
2940 735 2997 791 εὖ
3047 743 3214 790 ποιεῖν
3240 740 3350 800 τοῖς
3393 735 3668 804 δεομένοις
3687 750 3703 764 ο
3751 733 3859 786 ἀλλ’

2289 833 2374 886 ἵνα
2403 835 2475 904 μὴ
2505 833 2784 903 μέλλωμεν
2812 829 3065 901 θηρεύειν
3099 828 3375 897 παροῦσαν
3403 827 3557 890 δόξαν
3581 825 3722 878 κατὰ
3741 826 3862 886 τοὺς

2289 926 2593 990 κενοδόξους
2624 925 2979 993 Φαρισαίους·
3009 921 3322 990 ἐκδέχεσθαι
3366 919 3423 972 δὲ
3468 918 3666 989 μᾶλλον
3718 919 3860 984 παρὰ

2289 1017 2423 1070 Θεοῦ
2459 1017 2556 1087 τὴν
2591 1016 2825 1086 ἀμοιϐὴν
2879 1017 2934 1067 ὲν
2984 1013 3062 1083 τῷ
3096 1013 3339 1083 μέλλοντι
3391 1011 3484 1081 τῆς
3530 1009 3730 1078 πιστῆς
3771 1010 3861 1060 καὶ

2291 1111 2752 1180 περισπουδάστου
2802 1105 3167 1178 ἐλεημοσύνης
3200 1145 3214 1169 ,
3248 1105 3306 1167 ὃς
3336 1105 3428 1156 xa‘t
3457 1101 3637 1174 χαίρει
3683 1102 3745 1152 ού
3775 1115 3862 1152 το-

2293 1203 2480 1255 σοῦτον
2507 1203 2598 1253 ἐπὶ
2625 1201 2701 1272 τῷ
2735 1201 2947 1271 δόματι,
2972 1201 3093 1251 ὅσον
3112 1199 3201 1250 ἐπὶ
3224 1199 3289 1266 τῇ
3311 1193 3540 1264 πλουσίᾳ
3568 1195 3664 1246 καὶ
3686 1191 3861 1262 ἁγαθῇ

2291 1293 2607 1364 προαιρέσει
2637 1290 2730 1344 τοῦ
2757 1289 3149 1360 μεταδιδόντος,
3180 1288 3253 1351 ὡς
3285 1287 3399 1340 ἐστι
3443 1284 3861 1356 πληροφορηθῆ-

2291 1404 2376 1440 ναι
2419 1388 2482 1438 ἐκ
2514 1386 2613 1456 τῆς
2641 1387 2899 1454 πενιχρᾶς
2952 1385 3126 1456 χήρας
3161 1382 3429 1452 βαλούσης
3467 1381 3537 1433 τά
3560 1379 3656 1433 δύο
3697 1378 3864 1431 λεπτὰ

2292 1478 2371 1539 είς
2397 1477 2458 1529 το
2483 1476 2902 1544 γαζοφυλάκιον.

2363 1567 2479 1620 Σοῦ
2501 1566 2567 1619 δὲ
2594 1567 2912 1631 ποιοῦντος
2937 1566 3378 1635 ἐλεημοσύνην,
3406 1561 3737 1632 μὴ’τνώτω,
3767 1577 3864 1631 φη·-

2296 1659 2400 1721 σὶν,
2431 1659 2468 1725 ἡ
2496 1659 2778 1728 ἀριστερὰ
2828 1659 2956 1728 χείρ
3007 1659 3063 1711 τί
3106 1657 3265 1711 ποιεῖ
3302 1658 3340 1725 ἠ
3387 1655 3576 1720 δεξιά.
3610 1652 3865 1707 Τουτὲστι

2299 1750 2373 1820 μὴ
2412 1749 2607 1802 εἰδέναι
2636 1750 2706 1802 τὰ
2736 1750 2834 1819 τῆς
2868 1750 3068 1820 σαρκὸς
3097 1749 3378 1818 θελήματα
3409 1748 3510 1819 τὴν
3553 1745 3744 1814 σκέψιν
3771 1744 3862 1797 τοῦ

616 1845 744 1882 vero
784 1831 898 1885 ficri
937 1841 1128 1898 potest,
1171 1839 1228 1882 ut
1270 1830 1397 1883 dum
1430 1831 1554 1898 quis
1595 1828 1722 1883 facit
1763 1830 2182 1899 eleemosyunm,

2288 1841 2440 1910 ἁγίου
2491 1841 2824 1911 Πνεύματος.
2887 1842 3010 1907 Πῶς
3060 1843 3117 1896 δὲ
3184 1844 3275 1896 καὶ
3316 1836 3426 1895 οἷόν
3475 1843 3534 1895 τέ
3595 1845 3711 1896 ἐστι
3769 1838 3862 1894 τοῦ

616 1936 812 1974 manus
840 1921 959 1989 ejus
994 1921 1210 1974 sinistra
1255 1920 1305 1972 in
1351 1933 1554 1990 partem
1602 1920 1783 1987 aperis
1835 1934 1898 1972 ac
1940 1919 2184 1973 beneﬁcii

617 2027 725 2064 non
767 2012 982 2064 \‘euiut?
1013 2011 1239 2080 Oportet
1271 2013 1414 2064 enim
1447 2011 1634 2065 ambas
1660 2027 1854 2065 manus
1877 2026 1935 2064 se
1956 2011 2187 2066 invicem

615 2105 670 2155 in
700 2102 1006 2171 pia-stando
1054 2100 1316 2156 beneﬁcio
1351 2116 1575 2166 prorsus
1615 2101 1826 2170 juvare.
1874 2099 2008 2155 Nam
2058 2103 2187 2155 hera

616 2211 778 2249 manu
821 2198 1104 2265 pecuniam
1152 2196 1265 2248 sive
1311 2209 1625 2248 crumenam
1681 2203 1932 2260 tenente,
1969 2195 2188 2249 dextera

614 2288 816 2342 bonum
853 2304 1036 2343 semen
1067 2291 1118 2340 in
1153 2304 1283 2355 agro
1311 2287 1492 2342 cordis
1528 2302 1825 2355 pauperum
1858 2288 2093 2358 spargit,
2131 2298 2188 2344 ut

615 2382 822 2449 spicam
873 2391 1055 2445 metat,
1107 2396 1214 2433 non
1271 2380 1456 2435 culmo
1506 2380 1830 2446 lmrentem;
1881 2383 1975 2435 sed
2022 2383 2186 2435 vitam

615 2475 1001 2542 sempiternam
1033 2484 1085 2527 et
1130 2473 1494 2527 immortalem
1530 2473 1583 2526 in
1629 2487 1792 2527 cruce
1837 2489 2185 2542 suspensam.

611 2564 731 2622 Non
761 2568 872 2620 rult
915 2576 1092 2622 autem
1137 2567 1456 2637 Unigenilus
1505 2566 1761 2620 sinistras
1835 2567 2190 2636 carnalesque

613 2661 970 2733 cogitationes
994 2660 1132 2713 scire
1167 2660 1294 2728 quid
1337 2658 1498 2712 faciat
1537 2672 1733 2712 manus
1762 2657 1978 2712 dextera
2015 2659 2188 2714 sancti

615 2750 876 2820 Spiritus,
920 2767 984 2803 ue
1019 2749 1159 2804 forte
1200 2753 1340 2803 bono
1370 2749 1648 2818 proposito
1676 2758 1730 2803 et
1766 2751 1962 2819 opima:
1994 2751 2183 2805 volun-

616 2844 713 2898 tati
745 2855 1060 2898 aversentur
1097 2843 1383 2895 dicentes:
1420 2841 1568 2910 Opus
1614 2841 1771 2895 nobis
1813 2851 1895 2895 est
1938 2841 2003 2894 ad
2053 2841 2189 2894 mul—

613 2945 702 2991 tos
738 2952 911 2990 annos
947 2937 1098 2989 cibos
1135 2945 1488 3004 Sumptusque
1519 2949 1732 2996 curare,
1773 2945 1950 2987 vestes
1987 2934 2186 3000 varias,

615 3039 836 3082 ornatas
863 3029 1074 3090 domos,
1104 3037 1418 3096 argenteum
1450 3026 1742 3091 ferculum,
1767 3025 2071 3095 depositum
2101 3041 2191 3079 au-

613 3137 788 3184 reum,
822 3120 1091 3188 mancipia
1123 3119 1187 3171 ad
1230 3119 1617 3179 ministerimn,
1657 3119 1807 3172 vicos
1847 3127 1901 3171 et
1930 3134 2090 3188 agros
2122 3120 2185 3172 ad

616 3220 934 3282 proventus.
965 3208 1174 3262 Dextrae
1197 3210 1339 3262 enim
1371 3220 1549 3277 partes
1580 3210 1752 3264 sancti
1782 3209 2018 3278 Spiritus
2051 3211 2187 3264 nihil

613 3304 810 3359 barum
853 3303 1078 3357 omnino
1106 3311 1302 3356 curant
1330 3303 1410 3355 vel
1442 3303 1858 3370 concupiscunt,
1912 3303 2037 3356 huic
2083 3301 2186 3356 Do-

613 3397 826 3451 minicze
859 3395 976 3448 voci
1017 3394 1173 3446 fidem
1219 3394 1521 3446 habentes:
1562 3392 1794 3457 Quwrite
1836 3397 2062 3464 primum
2104 3412 2186 3449 re-

612 3504 774 3560 gnum
819 3486 935 3544 Dei.
979 3495 1026 3537 et
1074 3485 1182 3537 ha'c
1237 3486 1412 3536 omnia
1465 3483 1782 3550 adﬁcientur
1825 3487 2050 3540 vobis".
2099 3485 2188 3543 Sic

613 3589 760 3636 Certe
796 3593 903 3632 non
938 3577 1149 3630 noverit
1174 3577 1396 3629 sinislra
1433 3577 1560 3645 quid
1590 3574 1749 3629 fariat
1781 3577 2019 3630 dextera.
2047 3576 2186 3631 Cum

612 3673 756 3726 enim
798 3685 950 3724 mens
975 3683 1111 3740 puro
1141 3665 1247 3720 Deo
1275 3667 1518 3738 placendi
1561 3669 1829 3722 desiderio
1865 3667 2075 3730 affecta,
2108 3679 2188 3722 to-

611 3764 795 3833 tisque
827 3762 1002 3816 nitens
1028 3761 1232 3816 viribus
1269 3775 1334 3812 ne
1369 3759 1437 3813 ab
1477 3759 1652 3813 ol'lleio
1681 3760 1926 3824 recedat,
1951 3760 2188 3830 legitime

612 3856 883 3919 decertat;
920 3863 1048 3907 tunc
1077 3867 1206 3906 sane
1238 3851 1440 3906 nullius
1473 3868 1648 3922 neque
1681 3852 1909 3905 membri
1954 3852 2186 3922 alicujus

612 3947 950 4008 recordatur,
1003 3945 1107 3998 nisi
1155 3944 1274 4014 ejus
1317 3944 1459 4013 quod
1513 3944 1578 3996 ad
1639 3958 1876 4013 praesens
1917 3959 2053 4012 opus
2085 3960 2186 4000 usu

613 4043 825 4104 veniat;
860 4040 1001 4093 haud
1036 4055 1194 4093 secus
1225 4049 1386 4108 atque
1420 4037 1636 4102 artifex,
1664 4040 1757 4107 qui
1803 4039 1998 4108 quovis
2046 4049 2186 4094 tem-

613 4148 744 4203 pore
772 4133 945 4186 solum
991 4130 1094 4184 sibi
1130 4130 1498 4184 necessarium
1547 4131 1970 4184 instrumentum
2012 4132 2185 4201 respi-

611 4227 706 4281 cit.
733 4225 980 4293 lnsuper,
1011 4223 1055 4276 si
1089 4223 1234 4276 nulla
1264 4222 1659 4276 incredulitatis
1683 4224 1733 4274 in
1760 4223 1862 4276 lide
1893 4224 2028 4278 ratio
2057 4227 2187 4280 sub-

613 4318 705 4379 sit,
741 4332 839 4371 nec
869 4317 958 4370 lux
995 4316 1166 4385 possit
1194 4329 1316 4368 esse
1344 4314 1690 4369 tenebrarum
1726 4327 1911 4378 causa,
1939 4330 2038 4367 nec
2061 4330 2183 4368 cum

613 4409 838 4463 Christo
857 4408 1105 4461 diabolus
1135 4405 1559 4462 cnmmoustrari
1594 4405 1799 4471 valeat;
1838 4403 2181 4460 manifestum

2291 1932 2568 1995 ποιοῦντος
2597 1933 2693 2002 τὴν
2726 1934 3122 2005 ἐλεημοσύνην,
3160 1935 3258 2004 τὴν
3275 1935 3567 2005 ἀριστερὰν
3598 1937 3754 2005 χεῖρα
3791 1937 3863 2006 μὴ

2292 2027 2569 2094 συνεργεῖν
2596 2027 2673 2086 εἰς
2702 2025 2763 2076 τὸ
2793 2025 2950 2095 ἔργον
2976 2027 3072 2095 τῆς
3099 2025 3345 2089 εύποιίας
3371 2043 3386 2089 ;
3413 2027 3533 2096 Χρὴ
3567 2028 3678 2096 γὰρ
3708 2027 3865 2079 παντὶ

2289 2119 2505 2180 πάντως
2535 2115 2634 2180 τὰς
2673 2117 2939 2187 ἑκατέρας
2974 2121 3159 2187 χεῖρας
3188 2121 3466 2189 συνεργεῖν
3501 2119 3764 2187 ἀλλήλαις
3789 2122 3866 2182 είς

2288 2213 2385 2281 τὴν
2407 2211 2671 2264 εὐποιίαν.
2701 2209 2816 2279 Τῆς
2855 2209 2962 2283 γὰρ
2989 2210 3283 2280 ἀριστερᾶς
3305 2212 3483 2282 χειρὸς
3534 2211 3864 2280 κατεχούσης

2287 2302 2348 2354 τὸ
2389 2304 2597 2371 χρῆμα,
2631 2303 2751 2370 ἦτοι
2795 2299 2856 2352 τὸ
2889 2298 3256 2370 βαλάντιον,ὴ
3307 2300 3453 2365 δεξιὰ
3497 2303 3619 2373 χεὶρ
3659 2301 3865 2372 σπείρει

2289 2394 2377 2445 τὸν
2413 2391 2572 2444 καλὸν
2609 2390 2809 2461 σπόρον
2866 2391 2945 2452 εἰς
2974 2390 3072 2460 τὴν
3107 2388 3290 2460 χώραν
3345 2391 3445 2460 τῆς
3504 2392 3734 2463 καρδίας
3760 2391 3866 2444 τῶν

2291 2483 2555 2551 πενήτων,
2592 2480 2678 2532 ἵνα
2705 2480 2896 2552 θερίσῃ
2925 2481 3123 2549 στάχυν
3169 2481 3245 2551 μὴ
3282 2481 3502 2552 καλάμῃ
3539 2500 3866 2553 προσανατεο

2290 2573 2538 2642 ταμένον.
2581 2571 2714 2624 ἀλλὰ
2737 2571 2831 2641 τὴν
2864 2573 3287 2642 προηρτημένην
3333 2571 3410 2642 τῷ
3452 2573 3674 2644 σταυρῷ
3701 2573 3865 2626 ἀΐδιον

2289 2667 2380 2720 καὶ
2401 2665 2664 2719 ἀθάνατον
2688 2665 2854 2734 ζωήν.
2883 2664 2958 2716 Ού
2987 2663 3232 2732 βούλεται
3256 2664 3311 2717 δὲ
3340 2667 3367 2717 ὁ
3395 2664 3706 2735 Μονογενὴς
3734 2665 3866 2718 εἰδέ-

2290 2775 2376 2812 ναι
2405 2760 2529 2821 τοὺς
2561 2757 2852 2828 σαρκικοὺς
2883 2755 3172 2825 λογισμοὺς
3213 2756 3264 2808 τί
3297 2760 3438 2810 ποιεῖ
3481 2760 3516 2829 ἡ
3545 2758 3697 2825 δεξιὰ
3749 2759 3866 2830 χεὶρ

2288 2850 2382 2903 τού
2414 2850 2569 2916 ἁγίου
2603 2850 2938 2918 Πνεύματος,
2972 2848 3059 2900 ἵνα
3085 2851 3156 2918 μή
3186 2865 3312 2901 ποτε
3355 2852 3420 2920 τῇ
3459 2851 3642 2921 ἀγαθῇ
3670 2852 3865 2923 προθέσ-

2293 2959 2372 2994 σει
2408 2943 2500 2994 καὶ
2525 2945 2588 3012 τῇ
2645 2940 2873 3010 πλουσίᾳ
2918 2940 3232 3013 προαιρέσει
3277 2942 3750 3012 προσεμποδίζωσι
3787 2942 3866 2996 λέ-

2291 3051 2503 3102 γοντες·
2554 3033 2867 3103 Ὀφείλομεν
2916 3032 3060 3101 ἔχειν
3095 3033 3301 3086 πολλῶν
3339 3031 3479 3085 ἐτῶν
3512 3036 3722 3106 τροφὴν
3779 3035 3867 3088 καὶ

2291 3124 2640 3192 ἀναλώματα.
2680 3125 2868 3192 ἱμάτια
2907 3123 3155 3193 διάφορα,
3187 3127 3367 3185 οἴκους
3415 3125 3867 3196 κεκαλλωπισμώ⁸

2292 3233 2435 3278 νους,
2472 3215 2766 3285 παράθεσιν
2805 3217 3095 3286 ἀργυρέαν,
3132 3217 3351 3286 χρυσίον
3390 3219 3738 3282 ἐναπόθετον,
3771 3218 3862 3270 ἁν-

2291 3307 2527 3377 δράποδα
2557 3309 2635 3369 εἰς
2662 3307 2985 3377 ὑπηρεσίαν,
3015 3307 3186 3377 χωρία
3225 3309 3316 3360 καὶ
3359 3310 3560 3379 ἀγροὺς
3590 3311 3673 3372 είς
3706 3325 3866 3379 προσ-

2291 3401 2457 3462 όδους.
2497 3399 2577 3452 Τὰ
2602 3399 2709 3468 γάρ
2733 3398 2881 3463 δεξιὰ
2912 3398 3050 3469 μέρη
3077 3399 3170 3451 τού
3192 3399 3348 3466 ἁγίου
3372 3401 3511 3452 Πνεύ
3521 3417 3690 3470 ματος
3719 3399 3866 3453 οὐδὲν

2289 3492 2493 3544 τούτων
2528 3490 2897 3562 φροντίζουσιν
2924 3493 2954 3561 ἢ
2987 3491 3345 3564 ἐνθυμοῦνται
3383 3494 3442 3547 τὸ
3474 3495 3696 3549 σύνολον
3722 3535 3738 3559 ,
3783 3513 3866 3548 m-

2292 3586 2546 3638 στεύοντα
2576 3587 2638 3654 τῇ
2668 3584 2956 3654 δεσποτικῇ
2991 3585 3138 3653 φωνῇ
3165 3602 3174 3611 ·
3209 3584 3444 3651 Ζητεῖτε
3471 3585 3710 3652 πρῶτον
3757 3585 3866 3651 τὴν

2283 3678 2608 3743 βασιλείαν
2632 3677 2737 3731 τοῦ
2767 3677 2935 3741 Θεοῦ,
2963 3677 3060 3728 καί
3103 3676 3289 3728 ταῦτα
3311 3677 3509 3729 πάντα
3534 3677 3864 3745 προστεθή-

2289 3784 2456 3822 σεται
2485 3767 2643 3836 ὐμῖν.
2674 3767 2782 3820 Καὶ
2816 3766 2955 3818 οὓτω
2980 3765 3024 3817 δ’
3049 3764 3114 3818 ἂν
3141 3767 3199 3818 ού
3231 3765 3496 3834 γνώσεται
3540 3771 3572 3839 ἡ
3607 3770 3865 3840 ἀριστερὰ

2289 3864 2339 3915 τί
2367 3865 2511 3914 ποιεῖ
2548 3863 2579 3932 ἡ
2623 3859 2789 3926 δεξιά.
2828 3861 2995 3912 Ὅταν
3025 3859 3133 3928 γὰρ
3159 3861 3187 3912 ὁ
3213 3859 3336 3923 νοῦς
3359 3861 3748 3933 άμετεωρίστῳ
3779 3864 3863 3917 καὶ

2287 3956 2558 4028 τεταμένῃ
2587 3953 2854 4025 ἐπιθυμίᾳ.
2883 3955 2981 4026 τῆς
3010 3953 3147 4027 πρὸς
3177 3957 3307 4010 Θεὸν
3350 3959 3781 4028 εύαρεστήσεως,
3809 3958 3862 4022 ἐξ

2287 4044 2576 4115 ὁλοκλήρου
2640 4043 2889 4112 ἀγωνιῶν
2945 4046 3017 4115 μὴ
3075 4047 3282 4120 ἐκπέσῃ
3327 4046 3418 4100 τοῦ
3475 4050 3858 4116 προσήκοντος,

2288 4135 2608 4203 ἀγωνίζεται
2643 4136 2914 4204 νομίμως·
2947 4136 3067 4188 τότε
3096 4136 3308 4200 οὐδενὸς
3345 4135 3466 4189 οὔτε
3502 4137 3700 4206 μέλους
3753 4137 3860 4190 ἑτέ-

2290 4244 2384 4297 ρου
2409 4225 2674 4296 λαμϐάνει
2708 4224 2930 4289 ἔννοιαν,
2960 4228 3007 4278 εἰ
3040 4225 3113 4297 μὴ
3143 4227 3300 4297 μόνον
3323 4229 3415 4280 τοῦ
3443 4229 3857 4300 χρησιμεύοντος

2286 4323 2366 4383 είς
2399 4321 2460 4372 τὸ
2486 4318 2863 4390 προκείμενον,
2899 4319 2974 4382 ὡς
2998 4320 3027 4371 ὁ
3054 4321 3301 4391 τεχνίτης
3337 4321 3453 4374 καθ’
3485 4322 3718 4375 ἕκαστον
3747 4336 3854 4374 zm-

2289 4413 2399 4484 ρὸν,
2431 4411 2715 4482 ἐμϐλέπων
2747 4411 2892 4483 μόνῳ
2924 4411 3001 4481 τῷ
3034 4412 3418 4484 χρησιμεύοντι
3464 4413 3612 4483 αύτῷ
3657 4414 3849 4468 σκεύει.

611 4518 745 4557 sane
769 4509 852 4555 est
875 4515 1048 4570 neque
1075 4514 1196 4553 eum
1231 4498 1436 4552 ratione
1465 4513 1584 4552 esse
1615 4513 1791 4566 posse,
1826 4498 1876 4552 id
1915 4498 2057 4567 quod
2090 4513 2179 4552 ra—

2291 4505 2410 4558 Ἕτι
2433 4507 2481 4556 εἰ
2507 4503 2680 4567 οὐδεὶς
2711 4505 2969 4566 ἀπιστίας
2999 4503 3054 4556 ὲν
3082 4507 3148 4575 τῇ
3176 4504 3354 4557 πίστει
3377 4504 3550 4573 λόγος,
3586 4506 3709 4559 οὐδὲ
3737 4506 3853 4558 σκόο

616 4595 748 4648 tioui
771 4594 996 4648 omnino
1030 4593 1362 4646 contrariqu
1396 4599 1493 4644 est.
1532 4589 1688 4655 Quod
1723 4591 1767 4644 si
1811 4605 1933 4643 cum
1975 4591 2182 4644 ratione

2288 4617 2401 4662 τους
2437 4600 2604 4652 αἴτιον
2628 4595 2766 4650 κατὰ
2788 4594 2948 4664 φύσιν
2978 4596 3211 4668 ὑπάρχει
3237 4598 3296 4650 τὸ
3319 4597 3454 4667 φῶς,
3487 4598 3607 4652 οὐδὲ
3643 4597 3854 4668 Χριστῷ

610 4701 836 4758 prorsus
862 4701 983 4741 esse
1019 4700 1123 4737 non
1163 4684 1332 4752 possit
1365 4684 1414 4736 id
1444 4684 1586 4752 quod
1619 4691 1701 4737 est
1734 4682 1928 4735 rationi
1965 4691 2182 4736 contra-

608 4781 750 4836 rium
778 4799 792 4845 ;
818 4778 908 4848 qui
937 4778 1001 4832 ad
1029 4777 1289 4830 virtutum
1323 4777 1583 4831 rationem
1617 4786 1836 4830 evectus
1871 4783 1984 4837 est,
2016 4776 2179 4829 situm

607 4872 805 4930 rationi
843 4870 1176 4926 contrarium
1225 4868 1418 4932 nescit,
1462 4868 1553 4922 scd
1593 4882 1756 4921 unam
1802 4866 2050 4921 virtutem
2086 4882 2179 4920 eo-

608 4965 849 5036 guoscit;
885 4973 1044 5032 atque
1086 4961 1206 5016 ideo
1243 4976 1418 5031 neque
1463 4961 1739 5014 dexteram
1775 4959 1951 5024 quoad
1988 4973 2176 5013 exces-

610 5075 752 5122 sum,
792 5072 964 5125 neque
992 5055 1267 5110 sinistram
1292 5056 1469 5125 quoad
1500 5053 1770 5109 defectum
1811 5055 1975 5107 novit.
2019 5052 2177 5108 Utro-

608 5150 772 5219 bique
797 5147 942 5203 enim
965 5148 1207 5202 occurrit
1231 5146 1376 5216 quod
1403 5146 1600 5201 rationi
1631 5156 1814 5216 aperte
1839 5145 2173 5201 contrarium

607 5251 712 5297 CSl.

683 5419 904 5476 Orontes
949 5430 1124 5474 autem
1167 5436 1230 5475 ne
1276 5421 1499 5474 multum
1532 5422 1823 5492 loquamini
1861 5423 1928 5478 ".
1957 5422 2175 5495 Longas

2282 4688 2750 4748 συνενδείκνυσθαι
2778 4688 3019 4758 πέφυκεν
3050 4691 3079 4741 ὁ
3101 4688 3344 4753 διάϐολος
3365 4707 3378 4720 ⁸
3414 4688 3594 4760 δῆλον,
3642 4689 3720 4753 ὡς
3742 4689 3852 4742 οὐδὲ

2277 4785 2353 4856 τῷ
2379 4785 2521 4852 λόγῳ
2547 4781 2879 4851 συνυπάρχει
2909 4781 2969 4833 τὸ
2994 4780 3144 4851 παρὰ
3174 4783 3338 4834 παντὶ
3366 4782 3695 4853 παράλογον.
3726 4783 3851 4835 Εἱδὲ

2277 4877 2355 4949 τῷ
2393 4877 2536 4946 λόγῳ
2582 4877 2815 4928 συνεῖναι
2851 4873 3125 4938 παντελῶς
3156 4875 3218 4928 ού
3254 4875 3472 4929 δύναται
3518 4877 3579 4929 τὸ
3616 4875 3851 4947 παράλο-

2283 4985 2396 5036 γον,
2425 4969 2453 5020 ό
2483 4965 2616 5037 πρὸς
2640 4965 2729 5016 τὸν
2763 4963 2917 5032 λόγον
2943 4963 3050 5015 τῶν
3075 4965 3282 5035 ἀρετῶν
3304 4964 3558 5034 ἀναχθεὶς
3588 4964 3687 5036 τὴν
3715 4965 3851 5034 παρὰ

2283 5059 2369 5112 τὸν
2403 5057 2559 5126 λόγον
2587 5058 2688 5111 οὐκ
2735 5056 3020 5110 ἐπίσταται
3071 5054 3239 5119 θέσιν,
3291 5056 3456 5127 μόνην
3489 5055 3546 5108 δὲ
3602 5058 3847 5125 γινώσκει

2281 5148 2378 5218 τὴν
2405 5150 2605 5219 ἀρετήν
2631 5163 2644 5176 ο
2675 5146 2767 5199 καὶ
2797 5145 2885 5199 διὰ
2912 5144 3070 5198 τοῦτο
3097 5144 3219 5198 οὔτε
3246 5145 3423 5212 δεξιὰν
3451 5145 3541 5198 διὰ
3573 5148 3673 5216 τῆς
3701 5146 3847 5214 ὑπερ-

2281 5244 2430 5313 οχῆς,
2455 5240 2578 5296 οὔτε
2617 5239 2908 5312 ἀριστερὰν
2947 5237 3038 5291 διὰ
3067 5237 3167 5306 τῆς
3210 5237 3496 5307 ἐλλείψεως
3542 5239 3841 5291 ἐπίσταται.

2291 5335 2406 5387 Ἐπ’
2435 5336 2637 5406 ἀμφοῖν
2671 5333 2777 5401 γὰρ
2805 5331 3088 5402 θεωρεῖται
3120 5329 3307 5398 σαφῶς
3340 5331 3400 5383 τὸ
3428 5330 3756 5401 παράλογον.

2348 5429 2824 5497 Προσευχόμενοι
2855 5423 2922 5478 δὲ
2943 5424 3028 5495 μὴ
3063 5422 3578 5492 βατταλογήσητε.
3621 5421 3840 5494 Μακρὰς

608 5512 698 5564 bic
720 5512 1000 5567 orationes
1021 5554 1036 5577 ,
1073 5513 1165 5567 sed
1198 5529 1306 5568 non
1342 5512 1653 5584 frequentes
1685 5525 1981 5572 aversatur.
2015 5515 2176 5573 Jubet

608 5602 754 5655 enim
785 5605 902 5657 sine
936 5602 1339 5662 intermissione
1372 5619 1551 5659 orare.

2278 5520 2514 5575 ἐνταῦθα
2535 5520 2904 5592 ἀποτρέπεται
2934 5517 3124 5587 εὐχάς·
3153 5513 3267 5568 ἀλλ’
3298 5515 3357 5567 ού
3405 5513 3624 5577 πολλάς.
3679 5512 3836 5568 Ἀδια-

2279 5612 2515 5676 λείπτως
2555 5611 2662 5685 γὰρ
2691 5609 2902 5665 κελεύει
2926 5606 3333 5681 προσεύχεσθαι.

685 5801 920 5860 "ﬂaui!
979 5823 1030 5861 vt
1097 5808 1188 5865 33.
1296 5810 1338 5841 "
1371 5810 1549 5863 Matth.
1599 5826 1684 5872 γι,
1721 5811 1759 5865 7.
