4094 6322
213 278 355 335 1377

1339 293 1766 360 FRAGMENTA
1802 306 1869 362 IN
1910 306 2351 363 MATTIMSUM.

3325 322 3346 375 i
3358 324 3461 379 573

212 397 487 469 σαϐϐάτῳ,
523 401 803 457 ἐκέλευσεν
825 404 929 471 ἔξω
956 408 1055 479 τῆς
1076 412 1422 487 παρεμϐολῆς
1443 418 1608 485 λίθοις
1627 425 1743 480 αὐτὶ

1846 438 1863 490 L
1892 428 1961 484 rit
1991 429 2458 501 damnaveritque,
2493 443 2545 487 ut
2567 442 2710 488 esset
2738 433 2969 491 fratrum
2998 453 3190 494 servus
3221 441 3288 495 ⁸⁸.
3318 442 3458 515 Moy-

206 492 536 546 ἀποθανεῖνο
568 496 595 549 6
640 498 695 550 δὲ
742 497 982 571 διάδοχος
1020 504 1184 559 αὐτοῦ
1214 508 1421 578 Ἰησοῦς
1470 516 1661 585 κρίνας
1694 521 1787 575 καὶ

207 582 304 635 τὸν
332 584 504 654 Ἀχαν
535 584 620 639 διὰ
648 588 741 658 τῆς
778 588 982 661 κλοπῆς
1014 597 1228 649 πανοικὶ
1258 582 1670 674 ἐξωλόθρευσεν.
1729 609 1786 663 '0

204 673 266 727 δὲ
292 677 474 740 Φινεὲς
508 678 594 731 διὰ
614 679 711 750 τὴν
739 684 992 752 πορνείαν
1013 687 1103 741 τὸν
1136 691 1349 764 Ζαμϐρὶ
1375 673 1585 767 κρίνας,
1612 718 1784 773 σειρο-

208 765 394 839 μάστῃ
425 767 760 840 ἐξεκέντησε.
790 773 898 826 Καὶ
926 775 952 826 6
981 777 1229 850 Σαμουὴλ
1253 782 1345 835 τὸν
1372 765 1544 856 ’Ᾰγάγ
1569 789 1659 843 τὸν
1686 765 1781 862 θα-

205 856 361 910 σιλέα
389 858 495 911 τῶν
530 860 909 933 Ἀμαληκιτῶν
941 868 1150 925 ἀνεῖλεν
1186 872 1417 930 ἐνώπιον
1448 881 1671 952 Κυρίου.
1724 888 1781 938 ’0

199 949 260 1003 δὲ
306 952 489 1016 Ἠλίας
513 954 702 1025 κρίνας
729 959 852 1022 τοὺς
874 959 1343 1036 ψευδοπροφήτας,
1373 971 1448 1035 ὠς
1477 975 1689 1047 χοίρους
1721 980 1777 1033 ἐν

196 1042 281 1113 τῷ
325 1048 609 1119 χειμάρρῳ
646 1049 975 1120 ἀπέσφαξεν.
1012 1055 1122 1108 Καὶ⁵
1154 1057 1181 1108 6
1214 1042 1535 1131 Ἐλισσαῖος,
1568 1042 1777 1139 ’κρίνας

195 1137 291 1190 τὸν
321 1137 483 1210 Γιεζῆ
524 1141 611 1195 διὰ
638 1142 736 1215 τὴν
766 1142 925 1214 λῆψιν
964 1146 1072 1201 τῶν
1101 1153 1422 1224 χρημάτων,
1454 1137 1652 1231 λεπρὸν
1681 1165 1775 1216 ἀν-

193 1228 417 1295 έδειξεν.
458 1234 514 1286 '0
542 1235 600 1287 δὲ
627 1237 819 1309 Δανιὴλ
840 1280 852 1303 ,
887 1241 1076 1311 κρίνας
1092 1246 1215 1307 τοὺς
1234 1246 1562 1315 ἀκολάστους
1587 1253 1773 1325 γέρον-

193 1337 296 1384 τας
328 1322 511 1376 ἕνεκεν
545 1325 642 1394 τῆς
673 1330 1061 1398 συκοφαντίας,
1098 1333 1244 1404 νόμῳ
1269 1336 1547 1409 Μωσαῖκῷ
1572 1340 1772 1412 ὲτιμω-

196 1413 420 1482 ρήσατο.
448 1416 557 1469 Καὶ
580 1420 606 1471 6
629 1418 849 1490 Πέτρος,
873 1421 1051 1476 λαϐὼν
1084 1425 1180 1488 τὰς
1207 1427 1351 1492 κλεῖς
1376 1430 1473 1501 τῆς
1500 1432 1773 1502 βασιλείας

190 1504 303 1557 τῶν
333 1507 596 1577 οὐρανῶν,
629 1511 718 1564 τὸν
740 1514 989 1568 Ἀνανίαν
1019 1517 1158 1586 μετὰ
1178 1520 1276 1591 τῆς
1308 1525 1561 1590 γυναικὸς
1590 1544 1772 1597 νοσφι-

192 1598 462 1669 σαμένους
499 1602 561 1653 ἐκ
594 1603 685 1655 τοῦ
723 1605 851 1657 ἰδίου
902 1611 1211 1679 κτήματος,
1248 1613 1466 1684 κρίνας,
1518 1620 1771 1686 παραυτὰ

188 1692 444 1763 ἐποίησεν
478 1696 674 1760 αὐτοὺς
723 1698 1014 1768 ἀποψύξαι.
1075 1703 1185 1756 Καὶ
1232 1707 1259 1757 ὀ
1304 1706 1511 1771 Παῦλος
1557 1710 1767 1781 ἔκρινεν

1889 536 2005 589 ses,
2039 524 2165 578 item
2196 524 2304 577 lato
2331 525 2536 594 judicio
2562 528 2612 580 in
2639 543 2759 582 eum
2778 529 2870 599 qui
2890 530 3032 600 ligna
3062 533 3344 603 collegerat
3367 536 3454 590 die

1887 614 2119 678 sabbati,
2160 616 2323 685 jussit
2350 633 2473 670 cum
2505 628 2656 673 extra
2687 630 2865 675 castra
2892 623 3159 691 lapidibus
3180 627 3356 680 necari
3380 626 3447 686 ⁸⁷.

1886 702 2015 771 Ejus
2042 721 2261 775 quoque
2305 722 2588 764 successor
2618 708 2805 777 Jesus,
2850 715 3117 768 sententia
3162 716 3215 769 in
3260 715 3447 771 Achan

1884 794 1953 847 ob
1982 793 2183 849 furtum
2215 801 2443 867 prolata,
2474 816 2595 855 cum
2622 803 2817 858 domus
2850 807 3181 875 supellectile
3213 818 3322 864 tota
3349 826 3448 866 ex-

1883 887 2192 941 terminavit
2223 889 2401 959 ipsum
2431 893 2495 946 “3.
2521 892 2750 950 Phiuees
2780 900 2944 951 etiam
2968 898 3185 954 Zambri
3212 899 3450 958 fornica-

1884 976 2045 1030 tionis
2070 993 2232 1034 causa
2270 981 2559 1047 damnans,
2594 985 2769 1053 ipsum
2805 988 2958 1044 basta
2984 990 3225 1046 confodit
3250 993 3313 1048 ".
3342 993 3447 1048 Sa-

1882 1068 2023 1121 muel
2049 1068 2196 1141 Agag
2227 1087 2406 1144 regem
2448 1076 2869 1135 Amaleeitarum
2904 1083 3179 1138 interemit
3217 1086 3271 1139 in
3314 1103 3447 1142 con-

1879 1170 2065 1228 spectu
2104 1161 2313 1219 Domini
2348 1167 2415 1220 '°.
2446 1166 2594 1224 Elias
2620 1170 2787 1227 falsos
2809 1176 3103 1244 prophetas
3132 1177 3442 1242 damnatos,

1876 1253 2031 1320 quasi
2057 1269 2252 1322 porcos
2279 1257 2331 1311 in
2370 1268 2611 1317 torrente
2643 1250 2906 1334 jugulavit
2939 1269 3004 1322 θ’.
3042 1268 3265 1326 Ειὶειειιε
3295 1272 3443 1327 Giezi

1874 1357 2108 1417 acceptae
2133 1352 2375 1418 pecunize
2406 1369 2556 1407 reum
2595 1356 2889 1421 damnavit,
2932 1360 3216 1435 effecitque
3259 1364 3440 1433 lepro-

1875 1452 1994 1491 sum
2042 1442 2108 1496 θ’.
2160 1440 2342 1497 Daniel
2396 1461 2524 1500 vero
2572 1447 2805 1503 lascixos
2856 1465 3012 1504 senes
3077 1455 3443 1524 symphantim

1872 1544 2037 1584 causa
2069 1532 2137 1586 ab
2167 1548 2225 1588 se
2255 1534 2562 1602 damnatos,
2586 1539 2741 1607 juxta
2768 1542 2934 1610 legem
2966 1541 3260 1599 Mosaicam
3296 1548 3440 1602 ultus

1870 1632 1951 1675 est
1975 1623 2039 1677 ”.
2066 1622 2261 1679 Petrus
2284 1637 2486 1693 autem,
2512 1632 2603 1699 qui
2646 1634 2852 1701 accepit
2879 1635 3056 1690 claves
3086 1640 3235 1707 regni
3269 1641 3437 1695 ταξιο-

1870 1729 1991 1768 rum
2024 1716 2091 1778 ’⁵,
2125 1716 2389 1772 Αιιιιιιὲιιιιι
2425 1736 2549 1774 cum
2589 1739 2792 1787 uxore,
2826 1728 2970 1794 quod
3015 1738 3221 1797 partem
3276 1748 3438 1801 pecu-

184 1782 536 1857 Ἀλέξανδρον
564 1788 651 1840 τὸν
684 1790 887 1859 χαλκέα
914 1794 1104 1846 εἰπών·
1133 1796 1451 1853 ’Λποδώσει
1474 1803 1632 1869 αὐτῷ
1652 1808 1737 1861 Κύ

2780 1782 2789 1787 ν
2846 1782 2856 1794 .
3016 1782 3029 1797 .
3276 1782 3408 1801 τπ-

1870 1804 1972 1859 nia:
2001 1821 2067 1860 ex
2103 1810 2314 1863 vendita
2351 1812 2569 1880 propria
2620 1830 2966 1883 possessnone
3017 1822 3433 1890 subduxissent,

176 1891 314 1942 ριος
348 1881 498 1931 κατὰ
523 1878 594 1932 τὰ
619 1881 762 1952 ἔργα
784 1886 990 1939 αὑτοῦ.
1039 1888 1321 1958 Ὑμεναῖον
1342 1892 1397 1945 δὲ
1427 1894 1517 1946 καὶ
1537 1896 1762 1969 Φιλητὸν

182 1966 470 2036 παρέδωκε
505 1971 581 2043 τῷ
616 1974 827 2047 Σατανᾷ
848 2019 860 2040 ,
889 1978 974 2030 ἵνα
1008 1980 1267 2054 παιδευθῇ
1302 1987 1498 2055 μηκέτι
1527 1988 1763 2062 βλασφη-

182 2060 323 2125 μεῖν.
359 2061 606 2115 Αἰτιᾶται
648 2065 833 2119 δὲκαὶ
866 2068 939 2139 μὴ
966 2070 1257 2141 κρινούσας
1303 2074 1626 2148 Ἐκκλησίας
1652 2082 1758 2134 τῶν

178 2149 482 2219 Κορινθίων
510 2155 717 2224 φήσας’
756 2160 877 2213 Οὐκ
904 2161 1075 2215 ἔστιν
1094 2164 1165 2217 ἐν
1190 2166 1331 2234 ὑμῖν
1351 2170 1544 2237 σοφὸς
1570 2172 1637 2237 ὃς
1662 2172 1759 2226 δυ-

174 2239 431 2307 νήσεται
467 2244 658 2312 κρῖναι
684 2248 989 2317 ἀναμέσον
1018 2254 1124 2307 τοῦ
1157 2255 1421 2326 ἀδελφοῦ
1456 2262 1677 2326 αὐτοῦ;
1715 2264 1753 2333 ἢ

172 2331 265 2385 ὅτι
296 2336 406 2386 οὐκ
438 2335 657 2402 οἴδατε,
683 2340 771 2393 ὅτι
794 2342 1085 2412 ἀγγέλους
1117 2351 1464 2421 κρινοῦμεν;
1494 2353 1555 2407 Et
1578 2331 1754 2411 τοίνυν

172 2423 377 2489 πάντες
399 2428 448 2480 οἱ
473 2428 687 2495 δίκαιοι,
739 2434 1041 2504 κρίναντες,
1071 2440 1131 2492 οὐ
1162 2445 1580 2517 κατεκρίθησαν,
1621 2452 1754 2520 μᾶλ-

170 2512 261 2567 λον
313 2517 369 2570 δὲ
424 2519 736 2590 ὲκλεγέντες
794 2529 874 2590 εἰς
918 2529 1014 2601 τὴν
1070 2541 1439 2610 πνευματικὴν
1481 2542 1753 2601 διακονίαν

169 2606 499 2680 ἰξελέγησαν
520 2630 535 2644 ο
590 2615 708 2680 πῶς
742 2619 799 2671 οὗ
835 2620 915 2674 δεῖ
946 2628 1064 2677 κατ’
1099 2629 1296 2694 αὐτοὺς
1320 2636 1553 2705 κρίνειν;
1585 2637 1751 2697 Εἶπεν

166 2696 262 2755 οὖν
286 2704 314 2755 6
338 2704 542 2777 Κύριος
562 2725 575 2738 ’
601 2712 659 2763 Μ
667 2710 698 2776 ὴ
722 2714 952 2779 κρίνετε
972 2759 985 2781 ,
1011 2720 1106 2772 καὶ
1130 2723 1202 2774 οὐ
1234 2725 1321 2792 μὴ
1353 2696 1591 2798 κριθῆτε
1610 2750 1623 2763 ο
1652 2738 1747 2807 οὐχ

167 2791 257 2844 ἵνα
310 2795 593 2867 μέλλωμεν
644 2801 885 2873 ἀκρίτως
916 2824 966 2858 τι
1000 2791 1259 2879 πράττειν
1366 2791 1558 2888 ποιεῖν,
1611 2791 1745 2881 ἀλλά

155 2884 251 2937 διὰ
288 2886 351 2938 τὸ
391 2888 516 2950 τοὺς
542 2891 866 2961 Φαρισαίους
896 2900 990 2951 καὶ
1023 2884 1373 2975 Γραμματεῖς
1402 2884 1607 2983 κρίνειν
1647 2918 1745 2988 μὲν

154 2975 447 3047 ἀλλήλους,
463 2981 686 3047 ἑαυτοὺς
706 2984 760 3037 δὲ
784 2988 857 3057 μὴ
879 2988 1237 3061 διορθοῦσθαι.
1266 2995 1391 3054 Οἷον
1411 2975 1629 3077 ἔκριναν
1647 2975 1744 3065 τὸν

154 3065 326 3133 φονέα
347 3068 637 3126 ἀποθανεῖν
667 3076 806 3129 κατὰ
830 3078 922 3131 τὸν
951 3082 1133 3153 νόμον,
1156 3090 1306 3143 αὐτοί
1327 3110 1384 3146 τε
1413 3098 1505 3149 καὶ
1532 3103 1742 3171 προφή-

151 3174 257 3221 τας
293 3164 626 3235 παρανόμως
650 3166 1005 3239 θανατοῦντες
1025 3191 1037 3203 ·
1075 3177 1295 3250 ἔκριναν
1326 3186 1416 3240 τὸν
1450 3192 1634 3261 μοιχὸν
1666 3194 1740 3259 ὡς

154 3250 354 3320 μοιχὸν
389 3254 746 3329 κολασθῆναι,
774 3262 869 3316 καὶ
894 3266 1043 3320 αὐτοὶ
1088 3269 1161 3335 ὡς
1210 3275 1364 3330 ἵπποι
1414 3279 1739 3354 θηλυμανεῖς

150 3343 512 3414 ἐχρεμέτιζον
542 3349 634 3402 ἐπὶ
658 3351 755 3414 τάς
777 3353 1061 3427 ἀλλοτρίας
1082 3367 1342 3428 γυναῖκας
1364 3383 1376 3394 ’
1404 3343 1623 3442 ἔκριναν
1644 3376 1736 3428 τὸν

148 3434 419 3505 κλέπτην,
442 3438 595 3493 αὐτοὶ
625 3440 776 3505 ὄντες
807 3445 1040 3499 συλωταὶ
1065 3450 1170 3504 τῶν
1202 3434 1495 3529 ἀλλοτρίων
1527 3469 1736 3537 χρημά-

144 3542 281 3579 των.
335 3524 515 3582 Ἶισαν
549 3532 605 3584 δὲ
651 3538 745 3588 καὶ
778 3537 1029 3594 κώνωπα
1062 3524 1424 3618 διυλίζοντες
1619 3524 1734 3629 τὴν

144 3618 431 3689 κάμηλον
478 3629 926 3698 καταπίνοντες,
983 3635 1103 3690 Ὅτι
1138 3639 1193 3693 δὲ
1237 3644 1465 3700 τοιοῦτοι
1503 3645 1641 3722 ἦσαν
1683 3658 1730 3709 οἱ

141 3712 435 3783 Φαρισαῖοι
468 3718 561 3770 καὶ
592 3721 640 3772 οἱ
672 3721 1041 3795 Γραμματείς,
1075 3735 1305 3806 φανερὸν
1338 3740 1401 3792 ἐκ
1428 3742 1520 3795 τοῦ
1550 3744 1727 3815 λέγειν

136 3805 236 3857 τὸν
268 3806 474 3877 Κύριον
512 3810 598 3865 διὰ
625 3813 733 3867 τῶν
778 3819 908 3889 ἑξῆς
948 3821 1084 3893 πρὸς
1129 3825 1223 3880 ἕνα
1254 3829 1479 3886 ἕκαστον
1509 3838 1685 3893 αὐτῶν
1710 3860 1723 3872 ·

146 3896 209 3947 π
245 3896 317 3949 δὲ
342 3899 593 3968 βλέπεις
633 3905 700 3958 τὸ
734 3908 958 3977 κάρφος
992 3914 1058 3967 τὸ
1101 3916 1172 3970 ἐν
1200 3918 1277 3984 τῷ
1313 3924 1596 3996 ὀφθαλμῷ
1622 3933 1725 3986 τοῦ

134 3987 415 4057 ἀδελφοῦ
442 4008 556 4047 σου
576 4035 591 4059 ,
627 3996 741 4066 τὴν
766 3999 834 4053 δὲ
861 4003 1045 4059 δοκὸν
1074 4007 1187 4077 τὴν
1212 4012 1283 4064 ἐν
1333 3987 1412 4081 τῷ
1442 3987 1726 4093 oga-(iluch

130 4093 261 4131 σου
282 4080 358 4133 οὐ
384 4086 724 4154 κατανοεῖς;
750 4092 826 4144 ’Ἡ
846 4091 971 4160 πῶς
997 4096 1191 4166 ,λέγεις
1215 4101 1294 4168 τῷ
1317 4080 1555 4177 ἀδελέτῷ
1570 4080 1719 4169 σᾶυἶ

136 4169 323 4237 ’Ἄφες
356 4173 585 4229 ἐκϐαλῶ
616 4180 684 4232 τὸ
738 4181 965 4253 κάρφος
990 4189 1058 4242 ἐκ
1090 4192 1196 4246 τοῦ
1234 4169 1543 4269 ὀφθαλμρῦ
1573 4222 1722 4273 σου;

143 4260 489 4330 ’Υποκριτὰ,
519 4266 736 4325 ἔκϐαλε
766 4275 1000 4342 πρῶτον
1027 4282 1095 4335 ἐκ
1125 4286 1230 4340 τοῦ
1260 4260 1569 4362 δφθαλμοῦ
1605 4260 1721 4354 σοῦ

127 4353 253 4421 τὴν
280 4354 487 4426 δοκὸν,
521 4362 618 4416 καὶ
648 4367 778 4420 τότε
814 4368 1156 4443 διαϐλέψεις
1186 4353 1465 4439 ἐκϐαλεῖν
1491 4388 1555 4441 τὸ
1582 4394 1719 4461 κάρ-

1865 1897 2151 1964 damnaus,
2178 1901 2478 1957 exstinctos
2514 1904 2695 1958 subito
2725 1909 2917 1963 cadere
2942 1909 3071 1966 fecit
3098 1915 3162 1968 “.
3202 1915 3265 1970 Et
3294 1915 3435 1973 Pauo

1864 1988 1950 2045 lus
1980 2007 2198 2062 quoque
2244 1994 2610 2050 Alexandrum
2650 1996 2860 2053 fabrum
2902 2002 3167 2070 judicavit
3197 2009 3382 2067 dicens
3413 2028 3428 2064 :

1860 2080 2062 2135 Reddet
2093 2084 2173 2136 illi
2202 2085 2461 2141 Dominus
2495 2092 2779 2145 secundum
2812 2111 2967 2163 opera
2999 2114 3096 2150 sua
3120 2101 3185 2153 ³⁸.
3236 2101 3432 2175 Hyme-

1859 2186 2037 2227 naeum
2090 2190 2222 2230 vero
2272 2185 2437 2247 atque
2498 2179 2766 2239 Philetum
2828 2188 3048 2243 tradidit
3104 2190 3340 2259 Satanae,
3370 2205 3432 2251 ut

1856 2263 2158 2319 ediscerent
2187 2284 2293 2321 non
2325 2270 2465 2325 ultra
2492 2272 2808 2343 blasphema
2834 2278 3005 2332 effari.
3030 2282 3218 2353 Arguit
3248 2296 3426 2341 autem

1856 2354 2126 2413 Eeelesias
2165 2359 2597 2429 Corinthiorum,
2623 2369 2769 2437 quod
2800 2385 2907 2423 non
2931 2372 3311 2445 judicaverint,
3341 2380 3428 2434 his

1857 2448 2075 2505 verbis:
2125 2450 2248 2505 Non
2290 2463 2368 2506 est
2410 2455 2546 2509 inter
2598 2475 2699 2513 ros
2737 2464 2945 2530 sapiens
2989 2467 3298 2537 quisquam,
3336 2473 3426 2541 qui

1854 2544 2018 2611 possit
2040 2543 2286 2611 judicare
2313 2545 2450 2598 inter
2479 2547 2700 2615 fratrem
2730 2555 2927 2606 suum?
2954 2556 3031 2609 An
3062 2561 3274 2614 nescitis
3301 2564 3425 2631 quia

1854 2635 2066 2705 angelos
2082 2636 2449 2705 judicabimus
2474 2640 2562 2692 '7?
2602 2640 2658 2695 Si
2692 2643 2875 2714 itaque
2923 2661 3113 2703 omnes
3140 2650 3296 2721 justi,
3327 2656 3422 2725 qui

1847 2726 2249 2795 judicaverunt,
2290 2748 2397 2785 non
2448 2733 2569 2789 ideo
2614 2736 2981 2805 condemnati,
3026 2740 3137 2797 imo
3175 2759 3303 2799 vero
3353 2748 3421 2802 ad

1850 2820 2133 2887 spirituale
2160 2822 2521 2878 ministerium
2551 2827 2727 2881 allecti
2751 2833 3053 2903 ctcooptati
3082 2846 3227 2901 sunt,
3252 2854 3423 2908 quare

1851 2926 1959 2964 non
1992 2921 2046 2964 ut
2083 2912 2156 2963 illi
2181 2912 2538 2977 judicaudum
2573 2933 2693 2972 esse
2718 2927 3087 2979 censeamus?
3117 2928 3207 2981 Ait
3240 2932 3420 3002 itaque

1849 2999 2112 3059 Dominus
2147 3022 2159 3058 :
2209 3005 2392 3061 Nolite
2413 3008 2690 3077 judicare,
2723 3022 2780 3065 ut
2811 3030 2911 3068 non
2932 3016 3275 3087 judicemiui,
3308 3040 3417 3080 non

1850 3093 1969 3149 ideo
2000 3112 2130 3151 sane
2164 3108 2221 3152 ut
2246 3100 2375 3169 quid
2408 3099 2677 3159 faciamus
2705 3106 2788 3159 vel
2819 3108 3189 3179 admittamus,
3221 3116 3285 3169 de
3307 3132 3418 3186 quo

1840 3185 2107 3255 judicium
2137 3208 2243 3247 non
2282 3192 2562 3263 feramus;
2592 3199 2685 3253 sed
2728 3202 2854 3269 quia
2895 3202 3153 3262 Pbarismi
3180 3223 3233 3265 et
3267 3213 3417 3268 Scri-

1842 3280 1923 3334 bze
1969 3298 2029 3337 se
2071 3292 2260 3339 mutuo
2305 3286 2621 3354 judicabant
2653 3298 2706 3343 et
2749 3293 3109 3362 damnabant,
3144 3300 3242 3370 ipsi
3286 3320 3413 3366 vero

1840 3388 1947 3427 non
1979 3389 2100 3429 sese
2133 3377 2515 3432 emendabant.
2544 3380 2633 3437 Sic
2663 3382 2993 3442 homicidam
3017 3390 3188 3460 illum,
3218 3411 3413 3452 secun-

1838 3465 1965 3519 dum
2025 3466 2217 3538 legem,
2265 3471 2457 3540 capitis
2492 3474 2840 3545 damnarunt,
2886 3499 3009 3537 cum
3067 3487 3167 3556 ipsi
3205 3490 3407 3549 interea

1835 3561 2129 3630 prophetas
2186 3562 2373 3633 inique
2431 3568 2798 3638 trucidarent;
2834 3577 3108 3632 mmchum
3156 3582 3407 3641 adulterii

1835 3669 1999 3707 causa
2027 3669 2216 3724 poenas
2251 3657 2399 3712 luere
2426 3659 2811 3728 decreverunt,
2848 3681 2970 3721 cum
3004 3670 3106 3741 ipsi
3151 3689 3248 3730 ceu
3278 3682 3407 3750 equi

1832 3745 2020 3801 lascivi
2059 3747 2335 3802 hinnirent
2370 3750 2437 3805 ad
2476 3752 2682 3808 alienas
2716 3773 2913 3816 uxores
2941 3762 2985 3792 ’⁸
3019 3781 3032 3815 :
3079 3772 3401 3828 sententiam

1831 3836 1886 3890 in
1936 3837 2111 3891 furem
2159 3839 2416 3905 tulerunt,
2468 3844 2571 3915 ipsi
2624 3860 2867 3917 raptores
2904 3856 3145 3922 pecunia:
3189 3860 3399 3921 alienae.

1828 3925 2105 3998 Erantque
2150 3932 2452 3988 excolautes
2497 3937 2736 4005 culicem,
2779 3950 2828 3993 et
2859 3943 3198 4014 deglutienles
3228 3970 3399 4009 came-

1826 4018 1935 4073 lum
1982 4021 2046 4075 θ’.
2092 4021 2247 4088 Quod
2289 4035 2469 4082 autem
2509 4031 2642 4085 tales
2680 4032 2883 4089 fuerint
2927 4036 3186 4098 Phariszei
3235 4057 3398 4118 atque

1828 4110 2054 4179 Scribe,
2094 4117 2270 4186 palam
2314 4128 2488 4175 estex
2536 4122 2603 4179 iis
2657 4142 2778 4195 qua:
2832 4131 3060 4202 singulis
3100 4152 3287 4193 eorum
3337 4142 3392 4197 in

1824 4208 2176 4276 sequentibus
2206 4211 2280 4264 ait
2316 4210 2579 4271 Dominus
2613 4234 2625 4269 :
2665 4218 2808 4284 Quid
2835 4234 3009 4279 autent
3043 4229 3182 4284 vides
3225 4233 3394 4301 festu-

1823 4313 1938 4350 cam
1956 4300 2023 4363 _in
2050 4301 2200 4353 oculo
2232 4303 2418 4369 fratris
2448 4307 2546 4365 tui.
2570 4310 2768 4363 trabem
2794 4323 2989 4380 autem,
3013 4335 3129 4388 qua»?
3156 4324 3211 4375 in
3240 4324 3392 4379 oculo

1822 4398 1913 4442 tuo
1954 4400 2051 4454 est,
2083 4408 2185 4444 non
2215 4396 2560 4451 consideras?
2595 4402 2697 4452 Aut
2739 4408 2998 4472 quomodo
3033 4422 3176 4477 potes
3218 4416 3391 4473 dicere

125 4464 249 4514 9ος
276 4448 347 4500 ἐκ
371 4451 474 4504 τοῦ
507 4454 816 4528 όιὲθθίῖλμοῦ
844 4463 949 4517 τοῦ
982 4466 1244 4538 ἀδελφοῦ
1278 4490 1412 4531 σου.
1460 4477 1521 4532 Εἰ
1544 4480 1600 4534 δὲ
1627 4448 1714 4537 au)-

125 4540 470 4566 -;-K.._._-_‘_
501 4547 558 4566 ,θ
628 4550 641 4566 \
713 4554 724 4566 ι
830 4555 854 4566 -ι
896 4558 907 4566 .
961 4559 979 4566 -
1026 4562 1038 4566 -
1114 4564 1135 4566 α

2040 4448 2050 4454 ⁷
2405 4448 2439 4450 ε.
2468 4448 2545 4451 η--
2596 4448 2693 4452 ---νν
2740 4448 2996 4472 νιν-ν---νιιν
3033 4448 3175 4477 μνιιο
3218 4448 3389 4473 ιηισισ

1846 4482 1981 4535 'ratri
2030 4492 2117 4536 tuo
2144 4500 2161 4536 :
2205 4482 2330 4539 Sine
2380 4491 2592 4558 ejiciam
2641 4494 2895 4563 festucam
2951 4500 3015 4553 de
3070 4504 3219 4558 oculo
3259 4514 3389 4566 tuo?

124 4540 222 4603 τὸς
246 4541 394 4610 ἔχεις
413 4545 508 4617 τὴν
530 4547 682 4602 δοκὸν
709 4554 765 4605 ἐν
786 4555 863 4627 τῷ
885 4558 1145 4636 ὀφθαλμῷ
1168 4583 1259 4619 σου
1275 4571 1373 4641 τῆς
1398 4572 1709 4642 ἀκολασίας,

122 4632 203 4686 ῶν
240 4636 470 4705 τυφλὸς,
528 4642 645 4707 πῶς
696 4645 919 4704 δύνασαι
966 4654 1301 4731 ἀποστρέψαι
1338 4664 1431 4717 τὸν
1485 4668 1710 4740 πλησίον

124 4742 222 4777 σου
253 4727 364 4780 ἀπὸ
383 4730 474 4784 τοῦ
502 4734 743 4806 κάρφους
771 4742 869 4813 τῆς
901 4749 1099 4817 μικρᾶς
1124 4727 1429 4824 ἀμαρτίαςς
1462 4758 1519 4812 '0
1546 4727 1601 4815 δέ
1625 4763 1710 4817 θε-

123 4816 358 4881 σπέσιος
385 4821 614 4889 Παῦλος,
643 4829 864 4899 γράφων
911 4816 1219 4908 Ῥωμαίοις,
1244 4816 1340 4897 καὶ
1372 4816 1531 4912 ivi-.2);
1562 4852 1707 4923 λέγει

120 4908 256 4979 περὶ
284 4909 395 4962 τῶν
430 4913 681 4970 τοιούτων
717 4921 1022 4997 ὑποκριτῶν
1043 4969 1057 4992 ,
1099 4932 1190 4983 καὶ
1222 4937 1705 5012 σχηματιζομένων

116 5002 220 5073 τὴν
267 5005 551 5061 εὐσέϐειαν
571 5024 584 5038 °
654 5012 714 5064 '0
746 5013 1049 5073 διδάσκων
1079 5022 1185 5076 τὸν
1217 5026 1418 5097 ἕτερον
1442 5070 1455 5093 ,
1491 5033 1707 5091 ἑαυτὸν

114 5098 189 5148 οὐ
218 5094 532 5167 διδάσκεις
550 5119 562 5132 ·
587 5107 619 5157 ὁ
635 5107 957 5173 κηρύσσων
971 5115 1057 5182 μὴ
1076 5094 1373 5189 κλέπτειν,
1393 5125 1671 5197 κλέπτεις
1690 5147 1704 5160 ⁸

114 5190 149 5239 ό
179 5190 387 5257 λέγων
405 5192 491 5292 {ei}
508 5200 830 5267 μοιχεύειν,
872 5210 1170 5276 μοιχεύεις
1190 5228 1202 5241 '
1233 5217 1266 5267 ό
1289 5190 1708 5292 βδελυσσόμε-

1823 4573 2135 4643 Hypocrita,
2170 4577 2298 4644 ejice
2336 4582 2564 4648 primum
2618 4585 2815 4641 trabem
2869 4590 2933 4643 de
2982 4594 3132 4647 oculo
3181 4606 3291 4660 tuo,
3334 4610 3385 4653 et

1814 4676 1939 4719 tunc
1965 4668 2241 4735 perspicies
2286 4683 2339 4724 ut
2373 4674 2564 4728 educas
2610 4676 2867 4745 festucam
2900 4682 2964 4736 de
3003 4685 3153 4740 oculo
3198 4688 3383 4758 fratris

1813 4760 1890 4811 tui
1926 4760 1963 4811 ί.
2001 4759 2153 4825 Quod
2188 4762 2233 4817 si
2268 4772 2322 4817 tu
2360 4764 2413 4817 in
2446 4766 2604 4822 oculo
2638 4778 2729 4823 tuo
2759 4770 2923 4828 habes
2955 4774 3381 4848 intemperantia:

1811 4862 1865 4907 et
1922 4853 2161 4911 libidinis
2228 4857 2457 4920 trabem,
2505 4860 2576 4915 ita
2636 4872 2693 4916 ut
2742 4867 3014 4934 excutias,
3059 4872 3152 4941 qui
3200 4876 3380 4943 possis

1810 4944 2116 5012 proximum
2153 4955 2304 5001 tuum
2348 4960 2591 5006 avertere
2626 4969 2655 5007 a
2690 4952 2893 5009 festuca
2932 4958 3063 5015 levis
3094 4962 3376 5031 cujusdam

1810 5036 2057 5104 peccati?
2100 5039 2319 5094 Divinos
2355 5054 2535 5099 autem
2583 5043 2783 5103 Paulus
2814 5049 2882 5103 ad
2930 5050 3203 5110 Romanos
3241 5059 3378 5113 scri-

1811 5128 1966 5195 bens,
2003 5130 2069 5185 de
2096 5132 2396 5204 hypocritis
2428 5137 2766 5207 hujusmodi,
2796 5145 2888 5214 qui
2917 5146 3170 5215 pietatem
3199 5166 3378 5206 ealcu-

1812 5220 2043 5287 tiunlur,
2080 5226 2205 5278 talia
2239 5225 2417 5282 fatur:
2452 5229 2557 5295 Qui
2585 5231 2753 5286 alium
2800 5237 2970 5305 doces,
3012 5242 3231 5309 teipsum
3270 5260 3373 5297 non

111 5294 222 5344 νος
246 5281 327 5334 τὰ
348 5281 583 5350 εἴδωλα,
618 5293 972 5361 ὶεροσυλεῖςο
1004 5298 1071 5365 ὃς
1100 5302 1171 5354 ἐν
1203 5307 1362 5375 νόμῳ
1396 5281 1697 5381 καυχᾶο-αι

111 5368 209 5422 διὰ
234 5372 355 5440 τῆς
376 5378 759 5448 παραϐάσεως
799 5385 903 5439 τοῦ
935 5393 1152 5459 νόμου,
1185 5368 1291 5449 τὸν
1322 5368 1468 5453 ὸεόν
1492 5368 1695 5476 ἀτιμά-

110 5460 256 5528 ζεις
294 5467 391 5519 καὶ
424 5468 614 5523 πάλιν·
659 5474 754 5529 Ἐν
783 5470 831 5544 ᾦ
875 5479 985 5549 γὰρ
1036 5486 1268 5555 κρίματι
1315 5493 1539 5563 κρίνεις
1583 5460 1693 5552 τὸν

1846 5460 1931 5465 ,,,-
1981 5460 2081 5465 ην--
2125 5460 2513 5483 -.-π----..--.τ-.-,
2566 5460 2870 5490 .uww-uuo,
2917 5460 3006 5496 ιμη
3047 5460 3369 5487 υυυυιυιαιιδ

1846 5506 1967 5568 lola,
1992 5522 2147 5559 sacra
2174 5507 2413 5573 expilas;
2452 5514 2541 5581 qui
2574 5515 2630 5568 in
2670 5515 2778 5585 lege
2811 5519 3080 5587 gloriaris,
3110 5538 3201 5590 per
3233 5540 3369 5593 pra:-

190 5602 240 5633 ⁸⁸
282 5602 425 5661 δεηο
466 5625 552 5672 IX.
582 5611 671 5666 26-
785 5615 829 5647 ⁸⁷
862 5616 1021 5678 Num.
1061 5641 1150 5689 xv,
1180 5628 1268 5683 35.
1344 5633 1389 5665 "
1426 5633 1593 5692 Josue
1635 5655 1729 5701 vn.

190 5689 267 5727 Ill.
310 5673 400 5727 40.
464 5681 598 5727 σειν
640 5682 767 5727 Βρσ-
814 5703 844 5727 υ
908 5690 975 5727 97
1060 5697 1261 5727 san-..
1320 5719 1415 5727 _..-
1488 5708 1553 5727 ιη
1650 5712 1742 5727 ..η

1846 5686 1869 5727 ,ι
1928 5644 1973 5674 ⁸⁸
2000 5641 2330 5727 Νιιιιιλκκιξι
2356 5646 2409 5727 8_.
2478 5648 2567 5702 ὀἰ
2606 5648 2739 5727 ΙζιθεΖ
2776 5670 2863 5715 xv.
2894 5655 3094 5727 δεμ-υ
3130 5655 3195 5710 ΙΙΙ
3228 5654 3363 5727 Reg.

111 5686 267 5733 ινιιι.
310 5673 400 5730 40.
464 5681 598 5735 “IV
640 5682 768 5755 Reg.
814 5703 865 5753 ν,
1060 5673 1283 5756 ῗὸι
1319 5673 1593 5763 “urg?
1642 5673 1743 5764 ὐἷ’ξη

111 5740 361 5793 "lCor-
409 5764 477 5793 vr
522 5753 555 5793 ts
607 5754 639 5793 3
737 5756 783 5788 θα
816 5756 983 5793 ιρι-...η
1038 5781 1101 5793 ....
1157 5769 1187 5793 υ
1284 5774 1327 5793 ιο
1362 5774 1400 5793 η

1846 5686 1855 5699 .
1934 5673 1965 5674 η
2000 5673 2160 5696 ηυιιι.
2195 5673 2317 5704 λιν,
2356 5673 2409 5701 ο.
2480 5673 2520 5680 --
2547 5673 2567 5702 ι
2606 5673 2735 5722 neg.
2776 5673 2863 5715 xv.
2894 5673 2982 5709 oo.
3053 5673 3094 5688 υ·
3130 5673 3195 5710 ιιι
3228 5673 3361 5727 neg.

1846 5715 1928 5793 ιιι.¹
1958 5729 2064 5793 ττι,
2096 5715 2205 5793 _l8.
2286 5716 2489 5793 "_A__ct.
2530 5736 2583 5786 ν,
2624 5722 2766 5778 1-10.
2843 5727 2891 5764 "
2920 5725 2962 5779 ll
2994 5724 3132 5781 Tim.
3168 5744 3239 5793 ιγ,
3278 5730 3361 5783 ll.

110 5740 150 5771 ’τ
178 5741 197 5794 l
226 5745 361 5800 Cor.
409 5764 481 5813 γι,
521 5753 575 5811 5.
606 5754 659 5809 5.
717 5740 783 5788 ’⁵⁸
807 5740 1005 5818 Jerem.
1037 5781 1119 5831 xv,
1155 5740 1734 5845 8Ϊ’”’⁹⁹”λιιιίιιίῖ’κχιιιξ

1846 5740 1910 5767 ιιι.
1958 5740 2064 5777 λιι,
2119 5740 2205 5770 10.
2287 5740 2329 5747 "
2370 5740 2440 5771 AC

1846 5823 1849 5836 .
1918 5785 1929 5813 '
1963 5785 2147 5839 Matth.
2187 5802 2295 5851 vu,
2333 5787 2440 5842 5-5.

1805 5315 1994 5378 doces;
2042 5317 2133 5385 qui
2184 5319 2440 5386 pra'dicas
2495 5338 2597 5376 non
2647 5325 2963 5396 furandum,
3005 5333 3240 5400 furoris;
3281 5340 3371 5407 qui

1800 5412 1933 5465 dicis
1981 5428 2082 5465 non
2123 5413 2513 5483 mox/tandum,
2564 5423 2875 5490 maecltaris;
2917 5429 3006 5496 qui
3047 5428 3370 5487 abominaris
