4052 6332
673 345 812 401 1583

1479 345 1534 400 S.
1577 347 1947 403 ATllANASll
1986 349 2135 404 UPP.
2174 348 2350 405 PARS
2386 350 2472 405 lll.
2514 381 2582 392 -—
2616 352 3019 412 EXEGETICA.

3791 365 3916 420 {58!

672 475 793 523 ceat
824 464 1028 521 Paulus
1056 467 1146 537 qui
1177 465 1254 521 ait
1285 486 1298 521 :
1332 465 1399 520 Id
1438 469 1578 522 enim
1610 475 1749 538 quod
1788 470 1843 523 in
1882 473 2126 541 praesenti
2161 483 2228 525 est

2339 475 2409 528 οὐ
2435 472 2685 528 δύναταί
2712 494 2829 545 μου
2862 473 3012 531 εἶναι
3057 479 3359 548 μαθητής·
3410 481 3541 534 ὅταν
3587 481 3795 555 κελεύῃ
3827 488 3913 537 καὶ

674 568 1088 614 momentaneum
1114 568 1164 614 et
1201 560 1305 613 leve
1336 561 1716 627 tribulationis,
1752 565 1881 616 mire
1926 581 2084 630 supra
2126 582 2237 619 mo-

672 653 797 707 dum
825 662 1075 707 wternum
1106 654 1287 723 gloria:
1310 656 1513 723 pondus
1538 668 1786 724 operatur
1812 657 1888 722 ¹⁹;
1920 666 1974 710 et
2007 674 2195 713 rursus
2224 678 2236 712 :

674 743 795 799 Non
847 756 965 799 sunt
1015 746 1287 816 condigna:
1332 748 1597 815 passiones
1644 749 1800 817 hujus
1866 751 2110 818 temporis
2167 750 2238 803 ad

671 839 904 904 futuram
939 839 1185 909 gloriam,
1212 856 1327 909 quae
1360 840 1671 894 revelabitur
1704 842 1760 893 in
1792 843 1937 896 nobis
1968 844 2035 897 ¹⁰.

2342 564 2511 636 αὐτὴν
2557 566 2835 639 ἐκδοθῆναι
2868 570 2966 641 τὴν
3013 572 3224 643 ψυχήνς
3256 573 3567 628 Διδασκέτω
3606 591 3671 628 σε
3711 575 3913 642 Παῦλος

2342 655 2545 723 λέγων·
2590 658 2659 711 Τὸ
2702 661 2811 728 γὰρ
2856 665 3189 729 παραυτίκα
3217 664 3484 734 ἐλαφρὸν
3510 665 3622 732 τῆς
3660 667 3912 736 θλίψεως

2340 748 2470 800 καθ’
2493 749 2833 815 ὑπερϐολὴν
2861 754 2949 817 εις
2973 754 3314 822 ὑπερϐολὴν
3338 756 3475 809 αἰών
3485 773 3583 810 ιον
3593 757 3796 825 ,βάρος
3828 758 3911 811 δέ·

2341 838 2453 904 ξης
2480 840 2910 909 κατεργάζεται-
2946 844 3037 897 καὶ
3072 845 3261 899 πάλιν·
3291 849 3415 901 Οὐκ
3452 848 3598 912 ἄξια
3627 847 3705 901 τὰ
3731 847 3909 915 παθή-

2333 945 2492 997 ματα
2521 929 2625 984 τοῦ
2657 930 2773 984 νῦν
2794 934 2999 1001 καιροῦ
3026 936 3173 1002 πρὸς
3204 936 3319 1004 τὴν
3339 937 3711 1007 μέλλουσαν
3734 939 3911 1003 δόξαν

2337 1022 2829 1093 ἀνακαλυφθῆναι
2859 1029 2945 1092 εὶς
2977 1027 3151 1098 ἡμᾶς.

1246 1103 1459 1165 Prodit
1493 1121 1570 1165 ex
1604 1117 1743 1168 eoa.
1780 1105 1949 1169 Colb.
1988 1109 2337 1173 membrum.
2382 1131 2447 1174 x1
2496 1116 2731 1178 seaculi.
2764 1119 2868 1179 Est
2891 1121 3017 1181 Cat.
3046 1121 3113 1182 in
3140 1122 3351 1185 Matth.

1192 1204 1376 1259 Sancti
1399 1207 1700 1260 Athanasii.

738 1292 1022 1364 Propterea
1046 1294 1163 1349 dico
1195 1299 1333 1350 vobis
1357 1339 1371 1358 .
1403 1315 1551 1351 omne
1584 1310 1856 1369 peccatum
1893 1312 1941 1356 et
1987 1302 2230 1372 blasphe-

666 1386 773 1438 mia
798 1387 1092 1439 remittetur
1128 1388 1447 1453 hominibus,
1476 1391 1565 1442 sed
1608 1391 1931 1461 blasphemia
1974 1394 2029 1446 in
2068 1393 2233 1463 Spiri-

667 1488 774 1530 tum
807 1495 909 1531 non
952 1480 1248 1532 remittetur
1282 1479 1408 1531 illis.
1450 1478 1517 1531 Et
1550 1482 1841 1551 quicunque
1880 1483 2074 1537 dixerit
2115 1502 2231 1539 rer-

662 1564 783 1617 bum
820 1578 999 1617 contra
1032 1564 1233 1618 Filium
1280 1566 1533 1630 hominis,
1564 1572 1859 1622 remittetur
1883 1572 1931 1624 ei
1958 1589 1975 1625 :
2013 1575 2102 1642 qui
2138 1592 2234 1627 au-

662 1669 762 1710 tent
810 1657 1005 1711 dixerit
1034 1659 1239 1711 rer-bunt
1285 1669 1469 1711 contra
1514 1657 1773 1728 Spiritum
1830 1674 2092 1727 sanctum,
2132 1683 2233 1720 non

660 1747 957 1799 remittetur
982 1748 1031 1800 ei
1062 1763 1222 1816 neque
1250 1748 1303 1800 in
1328 1748 1422 1801 hoc
1449 1749 1660 1815 swculo,
1690 1766 1850 1819 neque
1876 1752 1929 1804 in
1959 1753 2139 1821 futuro
2164 1757 2230 1812 ²¹,

2683 1219 2793 1289 (21)
2828 1221 2937 1276 Τοῦ
2965 1223 3136 1293 ἁγίου
3177 1226 3551 1283 Ἀθανασιου.

2404 1310 2507 1364 Διά
2547 1312 2719 1366 τοῦτο
2767 1312 2922 1383 λέγω
2956 1313 3129 1383 ὑμῖν,
3181 1316 3268 1369 ὅτι
3296 1316 3465 1373 πᾶσα
3509 1319 3774 1389 ἁμαρτία
3817 1322 3910 1375 καὶ

2328 1400 2692 1471 ,βλασφημία
2712 1402 3073 1470 ἀφεθήσεται
3093 1405 3216 1471 τοῖς
3241 1407 3576 1475 ἀνθρώποις
3594 1424 3606 1436 ·
3646 1409 3688 1475 ἡ
3715 1407 3785 1460 δὲ
3807 1410 3910 1462 τοῦ

2333 1494 2676 1561 Πνεύματος
2704 1495 3067 1566 βλασφημία
3103 1500 3213 1551 οὐκ
3264 1498 3633 1567 ἀφεθήσεται
3687 1503 3907 1567 αὐτοῖς.

2330 1584 2438 1635 Καὶ
2474 1582 2541 1649 ὃς
2573 1584 2681 1636 ἐὰν
2726 1585 2866 1652 εἴπῃ
2911 1589 3097 1657 λόγον
3128 1590 3276 1643 κατὰ
3321 1590 3423 1643 τοῦ
3456 1591 3595 1644 Υἰοῦ
3642 1591 3756 1645 τοῦ
3811 1594 3911 1646 ἁν-

2332 1675 2566 1743 θρώπου
2591 1718 2604 1741 ,
2635 1677 2997 1746 ἀφεθήσεται
3034 1680 3191 1746 αὐτῷ
3210 1696 3223 1708 ·
3256 1680 3325 1746 ὃς
3354 1682 3407 1734 δ’
3448 1681 3527 1736 ἂν
3558 1682 3705 1751 εἴπῃ
3728 1687 3913 1754 λόγον

2332 1768 2480 1820 κατὰ
2508 1769 2613 1822 τοῦ
2639 1771 2981 1838 Πνεύματος
3003 1773 3196 1840 ἁγίου,
3220 1774 3330 1826 οὐκ
3358 1774 3732 1843 ἀφεθήσεται
3757 1778 3911 1843 αὐτῷ

658 1835 760 1893 Hic
796 1840 1037 1908 apposite
1082 1839 1323 1908 Apostoli
1366 1840 1569 1895 dictum
1624 1841 1973 1911 proferatur:
2026 1844 2228 1900 Littera

2329 1855 2467 1908 οὔτε
2493 1857 2563 1909 ἐν
2598 1856 2676 1921 τῷ
2854 1835 3021 1913 αἰῶνι
3051 1835 3191 1915 οὔτε
3210 1861 3278 1914 ἐν
3302 1835 3749 1934 τῷᾏέλξλοντι.
3799 1835 3908 1921 θεῷ.

656 1932 870 1996 occidit,
901 1930 1130 2000 Spiritus
1165 1942 1337 1985 autem
1384 1934 1699 2002 rivi/ient“.
1752 1935 1918 1990 Multa
1961 1938 2224 2008 siquidem

2333 1945 2505 1998 ταῦθα
2568 1948 2727 2001 καλὸν
2776 1950 2837 2001 τὸ
2886 1950 2981 2003 τοῦ
3023 1950 3347 2006 Ἀποστόλου
3404 1928 3616 2009 εἰπεῖν·
3691 1959 3775 2012 ὅτι
3843 1960 3909 2015 Τὸ

658 2022 970 2077 divinarum
995 2021 1401 2090 Scripturarum
1438 2026 1553 2079 loca
1583 2026 1629 2081 si
1664 2028 1962 2082 secundum
1994 2029 2225 2087 litteram

656 2115 1041 2185 intelligamus,
1075 2116 1127 2168 in
1181 2115 1443 2170 nefandas
1497 2117 1864 2187 blasphemias
1914 2120 2227 2190 incidimus,

655 2210 963 2281 cujusmodi
1003 2219 1130 2264 sunt
1158 2225 1278 2279 quae
1321 2211 1478 2265 nobis
1508 2228 1653 2266 nunc
1700 2225 2078 2283 proponuntur
2123 2217 2228 2272 Do-

655 2302 789 2355 mini
823 2301 1020 2365 verba;
1053 2315 1171 2369 qua:
1202 2300 1247 2355 si
1292 2302 1590 2356 secundum
1638 2306 1809 2357 nudas
1838 2305 2105 2362 dictiones
2135 2324 2228 2362 ex-

650 2393 940 2464 cipiamus,
982 2408 1089 2447 non
1123 2394 1297 2448 solum
1333 2394 1385 2447 in
1440 2394 1702 2450 nefandas
1746 2397 2052 2452 dilabemur
2085 2402 2229 2470 cogi-

650 2487 911 2552 tationes,
946 2486 1039 2540 sed
1068 2486 1231 2539 etiam
1265 2485 1442 2555 ipsum
1479 2486 1769 2542 Dominum
1803 2490 1908 2544 sibi
1948 2492 2224 2547 adversari

647 2578 1134 2648 deprchendemus.
1176 2575 1419 2645 Namque
1462 2579 1506 2634 si
1555 2582 1850 2651 quicunque
1883 2583 2074 2638 dixerit
2109 2602 2223 2638 ver-

647 2674 769 2722 bum
816 2678 999 2722 contra
1049 2667 1247 2721 Filium
1285 2670 1542 2732 hominis,
1604 2672 1898 2723 remittetur
1948 2675 2028 2736 ei;
2081 2689 2222 2743 quo-

645 2761 807 2817 modo
853 2761 993 2815 idem
1043 2759 1215 2813 Filius
1259 2761 1433 2814 dixit:
1465 2759 1568 2825 Qui
1616 2778 1696 2815 me
1738 2766 2001 2832 negaverit
2040 2782 2219 2819 coram

643 2851 963 2911 hominibus.
983 2849 1179 2920 negabo
1197 2866 1314 2904 eum
1345 2867 1522 2904 coram
1544 2852 1741 2922 angelis
1764 2851 1859 2906 Dei
1878 2854 1923 2884 "
1944 2855 1967 2907 ?
1992 2853 2058 2908 Et
2094 2870 2219 2909 rur-

643 2961 769 3008 sus,
801 2946 848 2999 si
876 2958 1039 2997 omne
1086 2952 1369 3013 peccatum
1416 2951 1472 2998 ct
1523 2944 1865 3014 blasphemia
1913 2947 2218 3002 remittetur

642 3036 977 3100 hominibus,
1008 3035 1283 3105 quomodo
1301 3043 1354 3089 et
1382 3036 1449 3089 de
1464 3037 1637 3091 otioso
1654 3037 1817 3092 verbo
1842 3038 2104 3093 rationem
2127 3056 2219 3095 su‘

641 3141 761 3181 mus
792 3125 1053 3179 reddituri
1074 3124 1117 3154 ³⁸
1134 3126 1157 3176 ?
1177 3124 1448 3193 quomodo
1464 3126 1556 3195 qui
1580 3126 1711 3181 dicit
1732 3126 1881 3182 fratri
1905 3144 2027 3193 suo,
2048 3128 2213 3197 fatue,

639 3231 765 3271 rcus
782 3215 883 3270 erit
900 3216 1158 3285 gehennae
1184 3216 1323 3285 ignis
1339 3216 1423 3269 '5?
1446 3218 1719 3286 quomodo
1738 3218 1861 3271 item
1879 3218 2079 3274 Paulus
2104 3221 2208 3274 ait:

2332 2037 2565 2109 ῃοάμμα
2588 2042 2942 2109 ἀποκτείνει,
2966 2043 3032 2097 τὸ
3062 2043 3131 2098 δὲ
3151 2046 3393 2117 Πνεῦμα
3419 2046 3713 2107 ζωοποιεῖ.
3736 2051 3909 2107 Πολλὰ

2330 2131 2437 2203 γὰρ
2470 2132 2575 2184 τῶν
2604 2134 2760 2188 θείων
2793 2136 3023 2208 Γραςρῶν
3057 2137 3150 2190 ἐὰν
3171 2139 3310 2193 κατὰ
3342 2140 3399 2192 τὸ
3430 2142 3675 2211 γράμμα
3716 2145 3910 2215 νοήσω-

2334 2241 2430 2293 μεν
2453 2265 2467 2287 ,
2496 2227 2573 2289 εἰς
2605 2227 2872 2299 ἀθέσμους
2902 2229 3247 2301 βλασφημίας
3274 2232 3761 2303 περιπεσούμεθα’
3803 2229 3907 2288 οων

2329 2315 2444 2365 ἐστι
2471 2316 2565 2369 καὶ
2593 2318 2653 2369 τὺ
2691 2319 2785 2372 νῦν
2811 2321 3169 2393 προκείμενον
3192 2323 3283 2376 τοῦ
3311 2325 3516 2396 Κυρίου
3560 2326 3783 2395 λόγιον·
3816 2328 3907 2380 ἐὰν

2328 2405 2437 2478 γὰρ
2479 2410 2619 2462 κατὰ
2658 2410 2821 2481 ξηροῦ
2864 2415 2961 2478 τὰς
3005 2415 3179 2481 λέξεις
3229 2415 3572 2488 ὲκλάὁωμεν,
3630 2419 3694 2472 οὐ
3752 2420 3907 2489 μόνον

2327 2501 2406 2564 εἰς
2454 2501 2742 2571 ἀθεμίτους
2792 2506 2998 2570 ἐννοίας
3038 2509 3579 2580 κατενεχθησόμεθα,
3632 2512 3777 2566 ἀλλὰ
3816 2514 3907 2566 καὶ

2325 2593 2486 2645 αὐτὸν
2544 2594 2632 2647 τὸν
2700 2595 2901 2668 Κύριον
2956 2595 3362 2670 ἐναντιούμενον
3429 2602 3613 2673 ἑαυτῷ
3680 2605 3906 2675 εὑρήσο-

2328 2702 2445 2754 μεν.
2479 2686 2612 2739 Ἐὰν
2643 2688 2751 2759 γὰρ
2782 2688 2848 2755 ὃς
2872 2691 3011 2760 εἴπῃ
3044 2692 3229 2761 λόγον
3260 2693 3407 2747 κατὰ
3437 2694 3544 2748 τοῦ
3592 2697 3759 2761 Υἱοῦ,
3802 2700 3906 2766 d5;-

2325 2777 2602 2843 εθήσεται
2645 2781 2833 2846 αὐτῷ’
2892 2784 3009 2847 πῶς
3033 2786 3195 2850 αὐτὸς
3242 2788 3271 2837 6
3305 2788 3430 2852 Υἱὸς
3484 2785 3665 2857 εἶπεν,
3726 2792 3812 2846 ὅτι
3854 2794 3906 2847 Ὁ

2321 2868 2818 2938 ἁπαρνησὰμενος
2868 2875 3053 2928 αὑτὸν
3101 2876 3377 2947 [ἐνώπιον
3401 2880 3518 2933 τῶν
3547 2883 3905 2958 ἀνθρώπων]

2318 2961 2803 3031 ἀπαρνηθήσεται
2865 2965 3207 3035 ἔμπροσθεν
3267 2970 3386 3024 τῶν
3450 2974 3732 3043 ἀγγέλων
3801 2978 3906 3031 τοῦ

2320 3054 2503 3119 Θεοῦ;
2563 3058 2671 3110 Καὶ
2730 3058 2889 3111 πάλιν
2950 3060 3044 3114 ἐὰν
3098 3063 3248 3115 πᾶσα
3296 3063 3539 3136 ἁμαρτία
3596 3069 3693 3120 καὶ
3745 3068 3908 3138 βλασο

2318 3149 2496 3217 φημια
2532 3149 2858 3221 ἀφεθήσεται
2908 3154 3020 3217 τοῖς
3073 3153 3413 3225 ἀνθρώποις,
3460 3156 3577 3221 πῶς
3624 3160 3727 3211 καὶ
3767 3160 3907 3230 ὑπὲρ

2315 3241 2485 3309 ἀργοῦ
2531 3241 2689 3309 λόγου
2731 3244 3024 3311 ἀπολογίαν
3076 3247 3356 3318 δώσομενς
3390 3250 3505 3313 πῶς
3536 3253 3566 3303 6
3598 3251 3783 3320 λέγων
3830 3253 3906 3323 τῷ

643 3306 824 3361 Nolite
846 3323 1024 3360 errare
1053 3321 1071 3358 :
1112 3324 1274 3377 neque
1319 3308 1617 3377 fornicarii,
1651 3325 1811 3379 neque
1836 3310 2084 3375 adulteri,
2120 3328 2207 3364 ne—

2315 3306 2523 3402 ὰῦελφῴ
2557 3306 2758 3398 αῦτοῦ,
2807 3306 2980 3408 μωρὲ,
3034 3306 3232 3409 ἔνοχος.
3261 3306 3412 3393 ἔσεαι
3454 3306 3530 3405 ei;
3741 3309 3904 3412 7:3va

635 3416 732 3469 que
753 3400 962 3462 molles,
1002 3416 1161 3468 neque
1196 3400 1462 3465 maledici,
1491 3418 1650 3471 neque
1678 3400 1903 3474 ebriosi,
1924 3420 2089 3474 neque
2117 3420 2206 3457 ra—

634 3506 786 3559 paces
807 3505 1019 3559 regnum
1041 3487 1133 3541 Dei
1155 3489 1485 3557 possidebunt
1507 3491 1551 3520 ²⁶
1568 3488 1732 3555 'tQuae
1754 3491 1795 3545 si
1815 3491 1887 3544 ita
1910 3507 1966 3545 se
1984 3491 2203 3555 habent,

634 3582 945 3651 quomodo,
991 3597 1213 3652 quaeso,
1258 3598 1419 3636 omne
1454 3593 1735 3651 peccatum
1774 3593 1828 3637 et
1867 3585 2203 3655 blasphemia

633 3675 939 3731 remittetur
976 3675 1321 3729 hominibus?
1370 3674 1742 3745 Rursumque,
1777 3677 1821 3731 si
1854 3692 2043 3731 verum
2072 3678 2202 3732 illud

630 3777 734 3832 est,
761 3785 859 3823 cur
890 3768 1054 3824 miser
1090 3777 1380 3824 accusatur
1409 3766 1694 3840 Origenes,
1724 3770 1869 3841 quod
1907 3771 2068 3826 linem
2104 3773 2203 3825 ali-

630 3874 793 3929 quem
831 3875 1118 3928 ptenarum
1166 3861 1491 3923 constituat;
1542 3876 1607 3915 ac
1652 3862 1869 3917 tandem
1915 3865 2201 3919 remissio-

630 3968 754 4006 nem
790 3952 1041 4005 omnium
1098 3961 1471 4021 peccatorum,
1524 3952 1839 4009 hominibus
1892 3958 2096 4027 pariter
2149 3967 2203 4011 et

629 4042 968 4098 daemonibus
1003 4058 1032 4096 a
1062 4041 1172 4097 Deo
1210 4044 1609 4098 concedendam
1645 4047 1935 4115 praedicet?
1972 4046 2123 4115 Item,
2154 4050 2197 4103 si

631 4134 963 4204 blasphemia
1000 4135 1054 4189 in
1096 4135 1357 4205 Spiritum
1386 4145 1637 4191 sanctum
1671 4138 2047 4194 remissionem
2089 4157 2197 4195 non

629 4227 819 4293 habet,
868 4228 998 4298 quid
1029 4229 1276 4299 queritur
1316 4228 1555 4283 Ecclesia
1601 4228 1873 4285 Novatum
1921 4232 2195 4301 poeniten-

627 4321 757 4373 tiam
789 4319 1077 4389 reiecisse?
1102 4318 1236 4374 lllud
1266 4331 1445 4374 autem
1491 4322 1781 4376 obscurius
1821 4334 1874 4379 et
1915 4323 2197 4379 difﬁcilius

624 4412 898 4466 intellectu
956 4422 1068 4478 est,
1122 4415 1305 4483 quod,
1358 4415 1449 4483 qui
1501 4415 1699 4469 dixerit
1745 4416 1971 4470 verbum
2009 4428 2196 4471 contra

627 4501 821 4556 Filium
850 4504 1151 4559 remittetur
1167 4505 1243 4572 ei;
1270 4506 1360 4575 qui
1385 4522 1514 4561 vero
1544 4507 1740 4562 dixerit
1768 4509 1985 4562 verbum
2015 4521 2195 4563 contra

622 4595 887 4667 Spiritum
925 4605 1169 4649 sanctum
1206 4612 1310 4650 non
1344 4598 1650 4651 remittetur
1688 4599 1768 4664 ei,
1819 4599 1889 4652 ita
1923 4609 1981 4653 ut
2018 4601 2196 4653 minor

617 4690 868 4744 videntur
896 4685 1065 4741 Filius
1098 4703 1217 4742 esse
1251 4688 1457 4758 Spiritu
1497 4698 1686 4744 sancto
1730 4700 1783 4744 et
1826 4691 2008 4745 Patre.
2045 4691 2188 4758 Quid

614 4798 743 4854 ergo
772 4778 1014 4837 nefarios
1048 4780 1281 4835 Arianos
1322 4782 1619 4851 rejicimus.
1647 4782 1740 4851 qui
1769 4783 1969 4837 Filium
2000 4787 2191 4840 volunt

612 4889 732 4928 esse
782 4872 1098 4928 inferiorem
1158 4880 1211 4925 et
1268 4873 1537 4927 minorem
1582 4872 1842 4942 Spiritu?
1894 4874 2006 4929 Cur
2062 4894 2190 4943 ergo

615 4964 783 5021 Filius
834 4965 967 5020 dicit
1016 4981 1029 5017 :
1082 4962 1189 5033 Ego
1223 4972 1271 5016 et
1318 4962 1479 5017 Pater
1530 4983 1693 5019 unum
1741 4984 1922 5021 sumus
1955 4970 2031 5035 ²⁷;
2080 4980 2185 5025 et:

613 5055 716 5119 Qui
752 5073 853 5111 non
887 5056 1113 5110 honorat
1145 5054 1367 5123 Filium,
1394 5073 1493 5109 non
1527 5056 1751 5111 honorat
1782 5068 1830 5111 et
1870 5058 2088 5114 Patrem
2115 5064 2180 5126 ²⁸ς

2308 3440 2403 3476 ναν
2433 3424 2526 3477 τοῦ
2556 3425 2754 3496 πυρός;
2809 3425 2925 3490 πῶς
2951 3426 3008 3479 δέ
3038 3444 3169 3498 φησι
3201 3430 3294 3482 καὶ
3322 3430 3530 3494 Παῦλος
3550 3449 3564 3461 ο
3611 3433 3718 3501 Μὴ
3750 3439 3905 3488 πλαρ

2304 3516 2521 3571 νᾶσθε⁶
2574 3519 2709 3572 οὔτε
2750 3519 2995 3587 πόρνοι,
3028 3521 3168 3575 οὔτε
3215 3523 3452 3593 μοιχοὶ,
3505 3523 3644 3578 οὔτε
3700 3531 3905 3594 μαλε·

2306 3607 2432 3670 κοὶ,
2480 3610 2552 3661 οὐ
2619 3608 2918 3677 λοίδοροι,
2970 3613 3043 3665 οὐ
3094 3613 3380 3682 μέθυσοι,
3437 3619 3548 3685 οὐχ
3601 3617 3900 3689 ἅρπαγες,

2298 3698 2630 3762 βασιλείαν
2687 3699 2833 3753 Θεοῦ
2882 3704 2953 3755 οὐ
2992 3703 3079 3772 μὴ
3136 3706 3700 3776 κληρονομήσουσι;
3780 3711 3894 3763 Καὶ

2304 3792 2351 3843 εἰ
2400 3790 2570 3843 ταῦτα
2616 3791 2783 3854 οὕτως
2834 3791 2966 3861 ἔχει,
3005 3794 3120 3857 πῶς
3165 3795 3370 3860 λοιπὸν,
3407 3798 3526 3850 εἰπέ
3571 3816 3685 3867 μοι,
3741 3804 3899 3856 πᾶσα

2302 3880 2543 3951 ἁμαρτία
2576 3882 2667 3933 κα)⁸
2698 3880 3013 3952 βλασφημία
3045 3884 3377 3955 ἀφεθήσεται
3396 3890 3506 3948 τοῖς
3526 3887 3856 3958 ἀνθρώποις
3881 3909 3895 3953 ;

2302 3971 2411 4023 Καὶ
2446 3971 2539 4022 ἐὰν
2574 3971 2735 4025 πάλιν
2776 3972 2943 4026 τοῦτο*
2960 3975 3177 4047 ἀληθὲς,
3213 3977 3300 4031 διὰ
3329 3978 3381 4031 τί
3410 3978 3592 4033 λοιπὸν
3626 3981 3895 4048 ἐγκαλεῖ-

2299 4080 2388 4115 ται
2418 4065 2445 4115 ὁ
2475 4064 2656 4124 ἄθλιος
2702 4066 3001 4139 Ὧριγένης,
3043 4070 3197 4133 τέλος
3248 4071 3525 4142 κηρύττων
3573 4073 3673 4143 τῆς
3726 4074 3893 4129 καλά-

2302 4172 2458 4219 σεως,
2484 4157 2557 4219 ὡς
2589 4158 2933 4229 συγχώρησιν
2978 4160 3157 4232 πάσης
3198 4164 3471 4233 ἁμαρτίας
3503 4164 3772 4231 γενέσθαι
3801 4168 3891 4223 καὶ

2299 4252 2409 4311 τοῖς
2449 4249 2753 4321 ἀνθρώποις
2805 4254 2898 4306 καὶ
2935 4257 3045 4317 τοῖς
3076 4254 3293 4325 δαίμοσι
3324 4257 3470 4329 παρὰ
3508 4257 3673 4324 θεοῦ;
3715 4262 3892 4317 Πάλιν

2298 4340 2353 4393 δὲ
2384 4342 2477 4394 ἐὰν
2506 4343 2538 4411 ἡ
2572 4343 2651 4405 εἰς
2677 4344 2738 4395 τὸ
2771 4345 2994 4416 Πνεῦμα
3021 4347 3080 4399 τὸ
3104 4348 3257 4416 ἅγιον
3294 4349 3607 4423 βλασφημία
3637 4352 3752 4407 οὐκ
3778 4356 3887 4425 ἔχει

2300 4433 2663 4503 συγχώρησιν.
2700 4436 2753 4487 τί
2783 4438 3055 4509 μέμφεται
3089 4442 3121 4513 η
3151 4442 3441 4515 Ἐκκλησία
3468 4445 3725 4501 Nave-210v
3752 4450 3885 4502 ἀπο-

2300 4523 2625 4593 ϐαλλόμενον
2653 4526 2749 4597 τὴν
2777 4531 3098 4598 μετάνοιανς
3134 4534 3206 4587 Τὸ
3258 4534 3314 4587 δὲ
3349 4538 3761 4609 σκοτεινότερον
3796 4544 3885 4595 καὶ

2297 4612 2739 4686 δυσκατάληπτον
2770 4622 2942 4673 ἐκεῖνὸ
2969 4623 3135 4687 ἐστιν,
3156 4626 3235 4677 ὅτι
3256 4625 3314 4688 ὃς
3344 4626 3409 4679 ἂν
3439 4626 3562 4697 εἴπῃ
3594 4626 3764 4697 λόγον
3792 4650 3885 4685 κα-

2299 4704 2365 4756 τὰ
2401 4706 2495 4758 τοῦ
2536 4707 2687 4772 Υἱοῦ,
2721 4710 3052 4782 ἀφεθήσεται
3085 4714 3261 4786 αὐτῷ·
3293 4717 3350 4780 ὃς
3382 4716 3429 4769 δ’
3462 4717 3526 4771 ἂν
3556 4719 3685 4790 εἴπῃ
3724 4720 3882 4789 λόγον

2296 4798 2437 4851 κατὰ
2479 4801 2571 4852 τοῦ
2622 4803 2953 4873 Πνεῦματος,
2992 4807 3094 4860 οὐκ
3156 4808 3485 4880 ἀφεθήσεται
3519 4810 3703 4881 αὺτῷ-
3742 4812 3881 4867 ὥστε

2296 4888 2532 4942 ἐλάττων
2566 4892 2713 4945 ἐστὶν
2742 4896 2770 4946 ὁ
2798 4895 2924 4960 Υἱὸς
2952 4900 3102 4970 παρὰ
3127 4898 3187 4953 τὸ
3219 4899 3440 4970 Πνεῦμα
3470 4901 3559 4954 καὶ
3587 4901 3680 4954 τὸν
3705 4904 3881 4957 Πατέ-

2299 4998 2383 5052 ρα.
2436 4984 2543 5035 Καὶ
2584 4984 2636 5037 τί
2683 4986 2865 5039 λοιπὸν
2928 4989 3345 5061 ἀποϐαλλὸμεθα
3402 4995 3526 5056 τοὺς
3589 4998 3875 5065 μυσαροὺς

2308 5074 2638 5144 Ἀρειανοὺς,
2665 5080 2791 5141 τοὺς
2834 5082 3230 5150 σμικρύνοντας
3274 5084 3367 5137 καὶ
3409 5084 3877 5151 καταὸιϐἀςοντας

612 5150 845 5219 itemque
875 5150 965 5205 hic
1000 5150 1072 5204 ait
1111 5163 1123 5198 :
1154 5149 1457 5219 Quicunque
1486 5149 1683 5203 dixerit
1735 5155 1945 5205 verbum
1997 5164 2180 5207 contra

2315 5165 2379 5219 τὸν
2413 5167 2540 5220 Υἱὸν
2593 5171 2745 5240 παρὰ
2783 5173 2841 5224 τὸ
2874 5149 3126 5244 Πνεῦμα;
3170 5176 3281 5229 Καὶ
3324 5176 3441 5241 πῶς
3469 5181 3499 5231 6
3533 5178 3663 5241 Υἱὸς
3691 5149 3874 5248 λέγειζ

610 5239 833 5307 Filium,
863 5244 1159 5298 remittetur
1188 5241 1235 5293 ei
1267 5241 1350 5293 "1’
1381 5239 1520 5295 Num
1581 5242 1919 5313 blasphemia
1972 5245 2026 5299 in
2080 5245 2178 5301 Fi-

605 5335 737 5387 lium
772 5335 1071 5390 condonata
1105 5346 1186 5391 est
1224 5334 1462 5400 Arianis,
1509 5333 1866 5402 Simonianis,
1895 5337 2168 5394 Sabellia-

2300 5257 2445 5325 Ἐγὼ
2473 5261 2569 5313 καὶ
2591 5265 2623 5314 ό
2653 5265 2853 5332 Πατὴρ
2885 5266 2953 5318 ἓν
2981 5268 3169 5337 ἐσμεν
3190 5285 3203 5298 ·
3241 5271 3353 5333 καὶ,
3370 5271 3424 5323 Ὁ
3447 5270 3531 5339 μὴ
3553 5272 3747 5341 τιμῶν
3772 5274 3875 5326 ταῖν

2295 5347 2431 5400 Υὶὸν
2464 5353 2535 5404 οὺ
2559 5352 2697 5422 τιμᾷ
2734 5356 2840 5408 τὸν
2863 5358 3127 5427 Πατέραο
3165 5361 3259 5415 καὶ
3306 5361 3463 5415 πάλιν
3503 5363 3747 5417 ἐνταῦθά
3772 5381 3871 5433 φη-

604 5428 710 5489 nis,
760 5424 1139 5495 Photinianis,
1185 5426 1511 5494 exterisque
1546 5428 1841 5492 omnibus,
1887 5431 1978 5499 qui
2027 5432 2175 5486 blas-

2315 5457 2368 5493 ἰν
2387 5457 2400 5470 °
2440 5443 2536 5508 Ὃς
2564 5443 2640 5497 ἂν
2669 5446 2807 5515 εἴπῃ
2845 5424 3030 5519 λόγον
3057 5451 3206 5506 κατὰ
3245 5452 3351 5506 τοῦ
3376 5454 3537 5517 me,
3567 5424 3872 5525 ἀφεθήσε-

821 5537 1207 5636 ϐοξ⁵.ιιιι,ηὶ7.ῌ
1252 5536 1654 5636 ξὲῐῖοςιινιιι,
1921 5542 2239 5636 Manlius”,
2280 5550 2483 5636 5l,_.:32.
2515 5560 2615 5636 __”_
2641 5558 2829 5616 llCor.
2862 5579 2943 5621 tu.
2971 5564 3021 5618 6.
3107 5568 3151 5597 ³³
3174 5564 3307 5622 Luc.
3342 5586 3440 5636 χιι,
3468 5570 3523 5624 9.
3599 5571 3647 5601 “
3670 5570 3863 5627 Matth.

603 5622 701 5669 xu,
731 5608 819 5662 36.
895 5611 937 5640 ’⁵
963 5610 1147 5664 Matth.
1177 5629 1226 5679 v,
1252 5610 1345 5667 2i.
1425 5612 1469 5640 “
1503 5611 1517 5663 I
1551 5613 1673 5665 Cor.
1711 5629 1783 5678 γι,
1820 5615 1903 5667 lt).
1989 5616 2031 5645 '7
2054 5608 2228 5672 Joan.‘

2352 5608 2439 5678 £30.
2514 5629 2558 5658 ιε
2592 5608 2829 5694 tibi}.
2860 5608 2951 5688 ἐξὲξ
2974 5608 3078 5669 "si
3108 5608 3307 5693 Μᾶἷῖιῖξ
3342 5608 3440 5705 Ξῖἱζ
3470 5608 3561 5694 Ξὲ.

671 5719 892 5844 (Tenui):
1075 5722 1229 5779 Colb.
1262 5722 1367 5780 25.".-
1388 5722 1427 5787 ι,
1464 5722 1554 5792 qui
1597 5732 1678 5779 est
1736 5734 1922 5779 catena
1992 5730 2043 5780 in
2093 5728 2420 5791 Matt/uram.
2457 5738 2512 5795 ln
2557 5743 2715 5799 editis
2753 5763 2969 5819 quoque
3012 5763 3323 5823 comparet,
3379 5754 3471 5810 sed
3519 5770 3719 5825 magna
3781 5754 3863 5810 sui

676 5809 697 5841 I'
831 5808 840 5818 ⁵
884 5809 912 5842 ΙΙ
952 5826 964 5843 ι
1050 5810 1116 5845 m.

602 5804 753 5857 parte
794 5804 1116 5846 truncatum.
