4094 6322
243 366 267 419 1
280 366 386 422 585

1354 374 1773 433 FRAGMENTA
1815 374 1880 430 IN
1921 379 2352 439 MATTH/EUM.

3327 395 3465 452 1586

239 507 338 544 tat
373 490 568 555 autcf);
623 492 738 564 Apa
757 489 866 557 οῦν,
900 495 1017 549 εἰπέ
1050 515 1158 567 μοι,
1251 501 1330 563 είς
1361 501 1450 552 τὸν
1478 500 1603 554 Υἰδν
1638 499 1790 571 βλασ-

1906 501 2148 569 phemias
2208 502 2259 556 in
2329 503 2528 560 Christi
2590 507 3018 566 Incarnationem
3088 513 3466 581 protulerunt?

241 582 424 652 φημία
464 585 938 658 συγχωρηθήσεται
970 593 1080 654 τοῖς
1120 593 1430 665 Ἀρειανοῑς,
1482 597 1574 649 καὶ
1625 598 1805 668 Σιμω-

239 677 460 738 νιανοῖς,
493 676 586 728 καὶ
611 677 998 746 Σαϐελλιανοῖς,
1025 683 1120 736 καὶ
1141 686 1530 753 Φωτεινιανοῖς,
1562 691 1656 744 καὶ
1691 693 1804 754 τοῖς

237 762 445 828 λοιποῖς
475 768 605 820 πᾶσι
633 771 742 832 τοῖς
765 772 843 833 είς
862 773 957 844 τὴν
985 774 1078 834 τοῦ
1107 776 1233 829 Υίοῦ
1261 779 1533 851 σάρκωσιν
1564 781 1805 852 βλασφη-

242 859 514 927 μήσασιν;
554 862 765 931 Ἄπαγε
809 867 909 938 τῆς
940 870 1186 936 ἀτοπίας.
1233 875 1297 928 Εἰ
1329 877 1436 946 γὰρ
1477 880 1504 930 6
1529 878 1700 945 λέγων
1729 878 1806 949 τῷ

237 949 452 1022 ἀδελφῷ
481 953 664 1018 αὑτοῦ,
695 957 889 1029 Μωρέ,
920 959 1098 1032 ἔνοχός
1125 966 1270 1019 ἐστιν
1316 970 1395 1032 εἰς
1441 970 1539 1041 τὴν
1583 970 1805 1038 γέενναν

235 1044 332 1094 τοῦ
359 1044 548 1115 πυρὸς,
577 1047 656 1110 είς
684 1048 840 1102 ποίαν
874 1050 1074 1118 λοιπὸν,
1106 1058 1226 1111 εἰπέ
1262 1076 1371 1130 μοι,
1402 1061 1624 1128 γέενναν
1653 1062 1802 1129 γεέν-

236 1151 336 1203 νης
377 1136 768 1209 ἐκϐληθήσεται
797 1143 826 1195 6
857 1143 1027 1212 λέγων
1058 1147 1148 1201 τὸν
1189 1149 1322 1203 Θεὸν
1372 1152 1533 1205 αὑτοῦ
1577 1153 1800 1224 κτίσμα,

237 1227 334 1278 καὶ
359 1228 482 1298 οὐχὶ
512 1228 644 1283 Θεοῦ
675 1232 820 1299 Υἰὸν,
858 1231 992 1290 ἀλλὰ
1022 1239 1206 1294 δοῦλον
1252 1243 1347 1295 καὶ
1392 1245 1658 1315 ὑπουργὸν
1709 1247 1803 1304 καὶ

239 1321 467 1391 μικρόν;
497 1324 603 1377 Καὶ
628 1327 674 1378 εί
705 1327 852 1392 ὅστις
885 1331 1011 1403 εἴπῃ
1036 1332 1190 1402 λόγον
1219 1336 1357 1388 κατὰ
1381 1337 1473 1389 τοῦ
1510 1337 1663 1401 Υίοῦ,
1701 1341 1803 1408 ἀφ-

235 1411 490 1481 εθήσεται
523 1416 690 1487 αὐτῷ,
729 1419 845 1482 πῶς
872 1423 1033 1486 αὐτὸς
1069 1426 1096 1476 6
1127 1424 1251 1490 Υἱὸς
1296 1423 1467 1492 εἶπεν,
1516 1429 1595 1482 ὅτι
1632 1429 1685 1482 '0
1713 1430 1800 1499 μὴ

234 1503 469 1574 τρώγων
487 1525 604 1575 μου
629 1509 739 1576 τὴν
760 1511 972 1581 σάρκα,
999 1515 1096 1568 καὶ
1118 1517 1203 1586 μὴ
1234 1521 1424 1573 πίνων
1443 1539 1563 1590 μου
1601 1522 1666 1574 τὸ
1711 1518 1801 1576 αἷ-

228 1611 338 1662 μα,
363 1598 473 1650 οὐκ
497 1598 619 1667 ἔχει
641 1597 792 1669 ζωὴν
825 1603 1092 1669 aitEn-tor;
1120 1609 1242 1672 Πῶς
1264 1609 1320 1664 δὲ
1343 1612 1435 1665 καὶ
1454 1611 1674 1666 δύναταί
1695 1632 1799 1681 τις,

232 1685 516 1756 ἀτιμάζων
564 1689 653 1743 τὸν
701 1692 846 1757 Υῑὸν,
885 1698 958 1768 μὴ
1007 1699 1344 1773 βλασφημεῖν
1390 1706 1469 1767 εἰς
1510 1705 1610 1777 τὴν
1640 1707 1800 1774 ἁγίαν

234 1776 475 1848 Τριάδα;
512 1783 640 1837 ’0δέ
668 1787 748 1847 εὶς
787 1787 953 1859 αὐτὴν
994 1791 1326 1864 βλασφημῶν
1353 1776 1592 1866 δηλονότι
1624 1799 1799 1871 ἀπαρσ

233 1874 402 1924 νεῖται
432 1874 492 1926 τὸ
513 1873 664 1942 ἅγιον
696 1877 974 1953 βάπτισμα
994 1899 1007 1912 ο
1037 1886 1064 1937 6
1087 1885 1144 1938 δὲ
1169 1884 1324 1939 τοῦτο
1357 1888 1795 1960 ἁπαρνούμενος.

230 1958 294 2011 τὺ
322 1959 541 2031 Πνεῦμα
583 1965 644 2018 τὺ
683 1966 834 2036 ἅγιον
871 1971 1177 2027 ἀποδύεται.
1210 1977 1318 2028 Καὶ
1363 1976 1548 2052 ὥσπερ
1582 1982 1673 2034 ἐπὶ
1703 1981 1796 2034 τοῦ

231 2050 486 2121 αἰσθητοῦ
515 2055 680 2125 ἡλίου,
715 2059 810 2112 ἐὰν
837 2060 933 2131 τὴν
965 2063 1170 2136 θέρμην
1206 2068 1238 2139 ἦ
1275 2069 1372 2141 τὴν
1416 2072 1604 2127 ἀκτῖνα
1633 2073 1796 2127 αὑτοῦ

230 2140 586 2218 καθυῦρίσῃς,
631 2149 708 2212 είς
752 2150 878 2221 ὃλην
920 2152 1018 2225 τὴν
1052 2157 1210 2226 φύσιν
1244 2161 1408 2214 αὑτοῦ
1452 2164 1732 2236 ἀνατρέχει
1761 2166 1795 2235 ή

232 2231 421 2304 ὕϐρις’
456 2237 626 2301 οῦτως
655 2241 746 2293 καὶ
779 2243 870 2295 ἐπὶ
893 2245 986 2298 τοῦ
1014 2249 1287 2319 τρισηλίου
1316 2254 1413 2323 τῆς
1441 2254 1599 2323 ἁγίας
1629 2255 1797 2326 Τριὰε⁵

228 2324 319 2389 ao;
341 2329 514 2396 φωτὸς
541 2333 631 2384 καὶ
655 2335 948 2408 μυστηρίου
977 2340 1008 2410 η
1033 2340 1132 2408 τῆς
1161 2345 1288 2411 μιᾶς
1311 2345 1656 2411 ὑποστάσεως
1677 2351 1793 2405 ἀτι-

234 2419 336 2486 μία
370 2421 562 2484 παντὸς
588 2425 679 2478 τοῦ
715 2429 1074 2501 πληρώματος
1097 2435 1195 2504 τῆς
1222 2435 1469 2506 Οεότητός
1501 2441 1646 2495 ἐστιν
1674 2444 1794 2496 ἀτι-

232 2508 352 2577 μία.
393 2511 434 2562 Τ
442 2512 456 2564 ί
489 2510 580 2568 οῦν
616 2518 730 2572 ἐστι
770 2521 832 2573 τὸ
874 2522 1008 2592 πρὸς
1051 2525 1331 2590 Ἰουδαίους
1373 2529 1682 2602 λεγόμενον,
1711 2537 1791 2588 ὅτι

226 2599 407 2655 Πᾶσα
445 2605 696 2675 ἁμαρτία
747 2611 843 2665 καὶ
880 2615 1242 2686 ,βλασφημιά
1305 2621 1428 2688 τοῖς
1467 2599 1793 2695 ἁγθρὼποις

227 2692 617 2762 ἀφεθήσεται·
647 2703 714 2768 ὃς
747 2704 798 2756 δ’
828 2703 903 2758 ἂν
936 2707 1074 2777 εἴπῃ
1103 2713 1287 2780 λόγον
1309 2715 1461 2768 κατὰ
1516 2717 1620 2771 τοῦ
1661 2721 1792 2774 Ποῦ

226 2787 337 2841 τοῦ
363 2791 692 2860 ἀνθρώπου,
731 2799 1088 2870 ἀφεθήσεται
1121 2806 1279 2872 αὐτῷ
1299 2826 1312 2841 ο
1360 2810 1426 2877 ὃς
1459 2810 1510 2864 δ’
1536 2813 1611 2865 ἂν
1651 2815 1790 2883 εἴπῃ

223 2883 414 2950 λόγον
431 2886 576 2937 κατὰ
601 2887 705 2940 τοῦ
728 2892 1068 2961 Πνεύματος
1083 2895 1270 2966 ἁγίου,
1298 2901 1408 2952 οὐκ
1425 2902 1791 2970 ἀφεθήσεται

224 2971 387 3035 αὐτῷ
421 2973 556 3026 οὔτε
581 2975 650 3026 ἐν
675 2976 752 3042 τῷ
772 2980 888 3034 νῦν
917 2981 1082 3037 αἰῶνι
1113 2986 1250 3039 οὔτε
1270 2988 1339 3040 ἐν
1370 2989 1448 3054 τῷ
1482 2993 1786 3059 μέλλοντι.

223 3062 509 3133 Νουνεχῶς
548 3066 885 3140 ἀκούσωμεν,
921 3075 1012 3127 καὶ
1065 3076 1138 3146 μὴ
1183 3078 1562 3152 πλανηθῶμεν.
1605 3087 1790 3139 Διττὸν

222 3148 367 3205 εἶναι
385 3155 475 3206 τὸν
496 3156 726 3227 Χριστὸν
754 3160 887 3230 μετὰ
907 3163 1005 3234 τὴν
1034 3165 1308 3236 ἄφραστον
1333 3170 1544 3235 ἕνωσιν,
1572 3176 1712 3245 φημὶ
1733 3175 1790 3229 δὲ
1819 3192 1860 3249 c

221 3244 292 3296 ἐκ
331 3243 580 3316 Θεότητος
611 3249 704 3302 καὶ
749 3250 1182 3326 ἀνθρωπὸτητος,
1215 3259 1270 3312 αἱ
1316 3261 1457 3332 ἱεραὶ
1504 3263 1633 3332 ἡμῖν
1676 3266 1788 3319 δια-

221 3335 393 3390 ϐοῶσι
441 3338 680 3410 Γραφαίσ
726 3343 786 3396 '0
825 3345 933 3416 γὰρ
965 3348 1154 3417 Λόγος
1189 3351 1343 3419 σὰρξ
1390 3354 1645 3421 ἐγένετο.
1677 3358 1788 3426 Τὴν

219 3426 356 3494 γοῦν
407 3428 499 3482 τοῦ
543 3431 717 3499 Λόγου
763 3431 989 3503 οεότητα
1027 3437 1054 3486 ὁ
1102 3439 1262 3501 αὐτὸς
1304 3441 1538 3508 Χριστὸς
1563 3444 1787 3514 Πνεῦμα

221 3514 382 3582 ἅγιον
401 3517 673 3587 ὀνομάζει,
696 3518 838 3572 καθὰ
867 3522 959 3574 καὶ
983 3523 1118 3594 πρὸς
1143 3524 1240 3596 τὴν
1265 3528 1590 3599 Σαμαρεῖτιν
1612 3533 1785 3600 ἔλεγε,

217 3607 466 3678 Πνεῦμα
512 3613 544 3663 ὁ
593 3611 766 3677 Θείς’
800 3611 898 3683 τὴν
941 3613 998 3666 δέ
1045 3615 1435 3691 ἀνθρωπότητα
1467 3623 1627 3676 αὑτοῦ
1661 3608 1788 3680 Υῶν

218 3697 506 3771 ἀνθρώπου
529 3718 541 3732 ·
577 3701 708 3758 Νῦν
734 3705 860 3777 γὰρ,
893 3709 1073 3778 φησὶν,
1103 3709 1399 3780 ἐδοξάσθη
1442 3717 1474 3767 ὀ
1522 3716 1652 3781 )‘lt‘c
1681 3720 1786 3771 τοῦ

218 3790 556 3858 ἀνθρώπου.
593 3795 658 3846 Οί
692 3791 784 3849 οῦν
827 3798 914 3852 ἀεὶ
943 3799 1019 3871 τῷ
1050 3800 1168 3872 Θεῷ
1198 3803 1624 3874 προσκρούοντες
1662 3809 1788 3861 Ἰον-

215 3879 357 3933 ὃαίοι
377 3882 556 3954 διττὴν
578 3886 714 3955 πρὸς
738 3888 968 3958 Χριστὸν
996 3891 1093 3962 τὴν
1117 3891 1458 3964 βλασφημίαν
1475 3895 1782 3971 ἐκέκτηντο·

215 3972 270 4020 :‘A’.
308 3971 404 4042 μὲν
435 3973 543 4044 γὰρ
571 3978 636 4046 τῇ
672 3978 835 4049 σαρκὶ
882 3979 1069 4044 αὑτοῦ,
1117 3982 1282 4051 ἤγουν
1308 3984 1386 4054 τῷ
1424 3985 1536 4056 Υἰῷ
1564 3988 1655 4041 τοῦ
1689 3991 1786 4043 ἀν-

217 4059 439 4132 ορώπου
469 4067 916 4136 προσκόπτοντες,
935 4073 1217 4145 προφήτην
1237 4075 1416 4140 αὑτὸν,
1436 4078 1547 4130 ἀλλ’
1570 4080 1630 4132 οὐ
1655 4080 1784 4134 Θεὸν

215 4148 360 4208 εἶναι
391 4157 656 4228 ἐνόμιζον,
692 4161 787 4214 καὶ
818 4162 987 4232 φάγον
1019 4164 1179 4220 αὑτὸν
1207 4167 1300 4222 καὶ
1344 4169 1622 4241 οἰνοπότην
1652 4171 1782 4226 ἐκά-

213 4247 364 4312 λουν,
393 4245 472 4315 οἷς
513 4252 607 4305 καὶ
653 4253 979 4327 συγγνώμην
1019 4257 1249 4312 ἔδωκεν·
1284 4260 1424 4333 ἀρχὴ
1463 4262 1568 4334 γὰρ
1595 4260 1662 4334 ἦν
1689 4266 1780 4322 τοῦ

213 4337 584 4409 κηρύγματος,
615 4340 708 4393 καὶ
756 4341 906 4395 οὔπω
953 4345 1144 4416 ἐχώρει
1188 4349 1216 4400 6
1266 4351 1467 4422 κόσμος
1513 4355 1644 4407 Θεὸν
1694 4373 1783 4408 πι-

216 4431 426 4484 στεύειν
466 4434 752 4503 γενόμενον
797 4435 1098 4507 ἄνθρωπον.
1133 4441 1223 4494 Διό
1253 4459 1417 4512 φησιν
1459 4447 1486 4497 6
1527 4448 1777 4519 Χριστὸς,

1907 592 2086 663 Apage
2121 594 2261 650 hanc
2297 596 2706 654 absurditatem.
2732 597 2862 654 Nam
2906 603 2952 656 si
2985 603 3031 656 is
3060 605 3154 674 qui
3181 603 3336 661 iratri
3365 625 3466 663 suo

1906 684 2062 749 dicit,
2093 684 2263 740 Fatue
2283 728 2297 750 ,
2341 701 2472 742 rens
2508 699 2592 744 est
2620 691 2878 762 gehennae
2906 693 3076 764 ignis;
3109 698 3346 767 qualem,
3376 702 3465 755 dic

1907 775 2036 829 mihi
2057 818 2072 841 ,
2101 776 2153 828 in
2185 778 2483 847 gehennam
2513 782 2773 850 gehennm
2803 785 3089 854 projicitur
3120 789 3165 842 is
3187 789 3279 858 qui
3308 790 3463 845 aflir-

1906 879 2016 923 mat
2051 868 2217 925 Deum
2254 887 2414 926 suum
2456 883 2761 930 creaturam
2794 893 2950 943 esse;
2992 894 3100 934 non
3126 879 3320 936 Filium
3346 883 3462 950 Dei,

1905 960 1998 1016 sed
2039 977 2292 1029 servum,
2341 965 2434 1019 sed
2482 966 2898 1034 administrum,
2931 981 2985 1027 et
3024 975 3287 1042 parvum?
3320 974 3386 1029 Et
3415 977 3463 1032 si

1903 1054 1996 1121 qui
2045 1054 2244 1109 dixerit
2296 1057 2518 1116 verbum
2560 1070 2744 1114 contra
2780 1060 2977 1116 Filium
3001 1106 3016 1129 ,
3051 1066 3352 1121 remittetur
3375 1068 3460 1133 ei;

1904 1145 2173 1214 quomodo
2207 1146 2320 1215 ipse
2349 1146 2518 1202 Filius
2541 1149 2676 1204 dixit
2696 1169 2708 1204 :
2730 1152 2833 1216 Qui
2863 1169 2961 1206 non
2984 1155 3263 1209 manducat
3292 1174 3460 1211 meam

1901 1251 2130 1302 carnem,
2162 1253 2250 1290 nec
2281 1236 2405 1291 bibit
2441 1255 2613 1293 meum
2653 1246 2976 1312 sanguinem,
3013 1262 3117 1300 non
3143 1248 3347 1302 habebit
3382 1252 3460 1303 vi-

1903 1339 2012 1383 tam
2057 1341 2306 1383 azternam
2337 1330 2421 1383 3°?
2453 1332 2560 1387 Aut
2582 1333 2700 1402 qui,
2729 1350 2935 1404 quaso,
2968 1338 3143 1406 possit
3179 1340 3272 1408 qui
3307 1341 3463 1411 igno-

1901 1422 2070 1476 minia
2107 1421 2272 1478 afﬁcit
2313 1422 2508 1478 Filium
2529 1467 2543 1492 ,
2577 1441 2684 1480 non
2718 1427 3093 1497 blasphemare
3126 1431 3179 1484 in
3211 1443 3458 1488 sanctam

1902 1514 2252 1571 Trinitatem?
2301 1515 2405 1582 Qui
2439 1533 2566 1572 vero
2598 1519 2650 1572 in
2695 1521 2815 1573 eam
2846 1519 3162 1590 blasphema
3214 1522 3366 1591 dicit,
3413 1525 3460 1582 is

1901 1605 2044 1660 haud
2100 1606 2263 1660 dubie
2308 1607 2540 1676 abnegat
2592 1615 2841 1664 sanctum
2891 1609 3192 1679 baptisma;
3253 1629 3318 1669 ac
3359 1617 3452 1684 qui

1900 1698 2230 1768 baptismum
2255 1707 2436 1768 negat,
2464 1699 2707 1769 profecto
2723 1701 2984 1771 Spiritum
3008 1715 3255 1759 sanctum
3280 1709 3446 1763 exuit.

1904 1788 1968 1843 Et
1992 1790 2446 1858 quemadmodum
2493 1790 2545 1844 in
2599 1792 2713 1846 sole
2743 1794 2848 1848 isto
2877 1795 3160 1859 sensibili,
3199 1797 3245 1851 si
3281 1801 3448 1856 calori

1903 1881 2135 1936 radiisve
2173 1881 2292 1950 ejus
2330 1882 2715 1937 contumeliam
2753 1883 2947 1941 feceris
2969 1927 2982 1952 ,
3012 1887 3065 1940 in
3099 1898 3263 1944 totam
3295 1902 3451 1947 natu-

1904 1989 2020 2026 ram
2052 1974 2183 2028 solis
2219 1973 2410 2028 recidit
2464 1973 2776 2044 hujusmodi
2829 1980 3158 2034 contumeiia
3183 1997 3198 2045 ;
3227 1982 3302 2037 ita
3327 2000 3460 2054 quo,

1901 2080 2008 2134 que
2052 2079 2110 2120 se
2155 2081 2242 2119 res
2287 2065 2448 2119 habet
2488 2065 2542 2119 in
2590 2067 2876 2137 trigemino
2914 2070 3029 2124 sole
3077 2071 3359 2131 Trinitatis
3404 2089 3459 2132 et

1899 2156 2141 2227 mystcrii
2173 2158 2537 2212 :contumclia
2589 2157 2645 2211 in
2688 2175 2854 2214 unam
2898 2175 3183 2229 personam
3222 2168 3455 2237 prolata,

1899 2247 2232 2316 blasphemia
2265 2257 2350 2302 est
2379 2249 2431 2301 in
2463 2247 2774 2303 universam
2803 2250 3188 2320 plenitudinem
3214 2257 3452 2327 deitatis,

1899 2337 2036 2402 Quid
2102 2339 2263 2404 igitur
2317 2339 2420 2393 sibi
2477 2339 2592 2394 vult
2641 2341 2848 2395 dictum
2904 2343 3033 2399 illud
3083 2347 3150 2400 ad
3192 2346 3452 2407 Judzeos:

1901 2431 2064 2487 Omne
2083 2441 2349 2500 peccatum
2381 2443 2427 2485 et
2457 2432 2777 2500 blasphemia
2802 2437 3095 2491 remittetur
3121 2439 3451 2499 hominibus:

1895 2533 1945 2577 et
1969 2525 2258 2593 quicunque
2283 2524 2477 2576 dixerit
2512 2525 2720 2578 verbum
2752 2536 2935 2580 contra
2971 2527 3175 2584 Filium
3209 2534 3451 2596 hominis.

1898 2617 2192 2669 remittetur
2221 2616 2306 2678 ei;
2338 2620 2427 2685 qui
2457 2627 2632 2669 autent
2655 2618 2848 2672 dixerit
2883 2623 3088 2678 verbum
3119 2637 3302 2679 contra
3331 2627 3455 2696 Spi-

1897 2707 2056 2759 ritum
2088 2715 2346 2770 sanctum,
2372 2723 2475 2758 non
2505 2709 2798 2763 remittetur
2826 2714 2893 2776 ei,
2933 2730 3091 2784 neque
3125 2717 3178 2768 in
3219 2717 3314 2770 hoc
3355 2737 3454 2774 δω-

1897 2798 2014 2852 culo
2043 2815 2202 2867 neque
2238 2799 2290 2849 in
2326 2802 2505 2864 [uturo
2528 2798 2594 2853 ³⁸.
2628 2799 2928 2859 Prudenter
2949 2806 3256 2872 audiamus,
3293 2820 3344 2863 et
3388 2829 3454 2866 ne

1897 2890 2240 2944 seducamur.
2289 2888 2564 2956 Duplicem
2600 2906 2719 2945 esse
2755 2892 3030 2948 Christum
3068 2913 3137 2966 po
3171 2909 3188 2953 t
3232 2901 3452 2956 inenar-

1896 2981 2119 3036 rabilem
2149 2982 2404 3035 unionem
2429 3020 2442 3044 ,
2477 2982 2598 3036 dico
2639 2992 2816 3037 autem
2851 3002 2916 3039 ex
2948 2987 3146 3044 deitate
3172 3001 3226 3044 ct
3262 2994 3453 3047 huma—

1897 3073 2083 3138 nitate,
2118 3089 2286 3126 sacrae
2322 3074 2480 3128 nobis
2519 3075 2755 3130 clamant
2798 3075 3090 3147 Scriptura:
3118 3100 3130 3134 :
3159 3097 3283 3136 nam
3333 3085 3454 3138 i'er.

1897 3168 2012 3220 bum
2053 3183 2175 3219 caro
2214 3168 2410 3236 factum
2455 3178 2530 3221 est
2559 3169 2622 3223 ”.
2654 3168 2914 3224 Deitatem
2967 3189 3095 3244 ergo
3129 3173 3288 3231 Verbi
3337 3179 3452 3248 ipse

1891 3260 2140 3314 Christus
2171 3260 2431 3328 Spiritum
2464 3270 2714 3314 sanctum
2767 3264 3040 3331 appellat,
3094 3271 3450 3335 quemadznO-

1888 3349 2017 3400 dum
2075 3349 2139 3401 ad
2198 3348 2598 3402 Samaritanam
2659 3349 2872 3406 locutus
2923 3363 3025 3415 est,
3085 3357 3316 3426 Spiritus
3375 3374 3448 3414 est

1886 3439 2027 3493 Deus
2050 3441 2120 3505 ³³;
2163 3441 2552 3495 immanitatem
2603 3459 2728 3498 vero
2770 3461 2954 3515 suam,
2985 3448 3184 3505 Filium
3213 3453 3447 3512 hominis

1887 3541 2083 3585 vocat:
2120 3528 2294 3596 Nunc,
2344 3533 2552 3602 inquit,
2586 3534 2912 3606 glori/icatus
2963 3552 3038 3596 est
3083 3543 3260 3600 Filius
3291 3549 3451 3601 hami.

1887 3622 1967 3676 nis
1993 3623 2056 3676 “.
2097 3621 2267 3678 Judzei
2312 3626 2475 3695 igitur
2504 3627 2596 3696 qui
2644 3645 2856 3698 semper
2906 3635 3070 3689 Deum
3103 3638 3450 3697 oﬂenderunt

1887 3711 2120 3782 duplicis
2161 3714 2424 3770 adversus
2463 3716 2739 3772 Christum
2787 3720 3132 3791 blasphemia:
3185 3730 3260 3784 rei
3299 3742 3442 3786 sunt.

1889 3803 2133 3868 Quorum
2171 3807 2260 3860 alii
2303 3809 2353 3859 in
2386 3823 2600 3862 carnem
2640 3810 2780 3878 ejus,
2810 3815 3015 3870 scilicet
3046 3819 3098 3871 in
3125 3819 3319 3875 Filium
3352 3825 3448 3876 ho-

1887 3896 2081 3959 minis,
2143 3899 2480 3966 impingunt,
2537 3904 2886 3971 prophetam,
2949 3923 3053 3962 non
3103 3909 3271 3966 Deum
3325 3932 3446 3970 esse

1884 3985 2288 4051 existimantes;
2320 4005 2380 4042 ac
2410 4005 2662 4046 vcracem
2689 3994 2842 4048 illum
2883 4007 2936 4050 et
2966 4008 3266 4066 putatorem
3291 4020 3448 4058 voca.

1883 4079 2344 4149 bant”:quibus
2396 4084 2604 4138 veniam
2659 4088 2826 4142 dedit.
2887 4090 3164 4162 Siquidem
3229 4098 3441 4152 initium

1881 4171 2280 4240 praedicationis
2323 4183 2479 4243 crat,
2535 4179 2888 4250 nondumque
2949 4195 3159 4254 poterat
3207 4193 3441 4246 mundus

1882 4263 2048 4317 Deum
2077 4265 2223 4318 illum
2258 4266 2510 4330 credere,
2545 4270 2638 4337 qui
2678 4271 2840 4328 homo
2875 4274 3050 4330 factus
3081 4276 3275 4333 fuerat.
3305 4279 3443 4336 Hinc

1880 4355 2130 4412 Christus
2159 4358 2235 4412 ait
2262 4377 2274 4411 :
2308 4357 2614 4430 Quicunque
2644 4364 2838 4418 dixerit
2889 4368 3095 4420 uerbum
3127 4382 3311 4426 contra
3347 4373 3444 4428 Fi-

1881 4447 2008 4501 lium
2031 4449 2276 4513 hominis,
2310 4450 2724 4508 scilicetcontra
2753 4472 2949 4524 corpus
2991 4475 3175 4523 suum,
3213 4469 3443 4519 remitte-

211 4525 299 4576 ὅτι
319 4523 410 4588 Ὃς
429 4523 504 4578 ἂν
524 4525 663 4592 εἴπῃ
685 4526 869 4595 λόγον
883 4527 1032 4583 κατὰ
1047 4530 1152 4585 τοῦ
1178 4533 1312 4587 Υἱοῦ
1333 4535 1437 4589 τοῦ
1448 4538 1778 4606 ἀνθρώπου,

1892 4549 1974 4592 tur
2021 4542 2088 4594 ei.
2143 4541 2332 4594 Ausim
2359 4557 2576 4613 quoque
2605 4545 2815 4608 dicere,
2848 4562 3023 4617 neque
3065 4549 3208 4620 ipsos
3255 4554 3440 4611 beatos

211 4617 383 4686 ἦγουν
404 4614 496 4668 τοῦ
525 4616 768 4686 σώματος
790 4617 975 4684 αὑτοῦ,
1003 4621 1364 4690 ἀφεθήσεται
1385 4627 1565 4693 αὐτῷ.
1586 4631 1779 4700 Τολμῶ

208 4705 326 4776 γὰρ
367 4705 564 4774 λέγειν,
589 4709 671 4762 ὅτι
702 4709 820 4762 οὐδὲ
863 4711 1016 4764 αὐτοὶ
1056 4714 1105 4768 oi
1144 4716 1401 4788 μακάριοι
1450 4721 1688 4791 μαθηταὶ
1718 4723 1777 4776 τὸ

207 4792 416 4845 ⁸τέλειον
444 4796 569 4865 περὶ
597 4798 693 4868 τῆς
720 4797 883 4852 αὐτοῦ
911 4798 1160 4871 θεότητος
1193 4800 1337 4874 εῖχον
1371 4808 1641 4880 φρόνημα,
1673 4812 1777 4876 ἕως

207 4884 273 4938 τὸ
302 4885 522 4956 Πνεῦμα
545 4886 606 4940 τὸ
633 4888 785 4958 ἆγιον
812 4891 992 4956 αὐτοῖς
1021 4896 1084 4964 τῇ
1113 4897 1454 4971 Πεντηκοστῇ
1484 4902 1775 4975 ἐπεφοίτη-

211 4976 494 5032 σεν.Ἐπεὶ
534 4981 626 5034 καὶ
657 4981 792 5052 μετὰ
831 4984 928 5055 τὴν
968 4985 1261 5042 ἀνάστασιν
1294 4991 1489 5055 ἰδόντες
1518 4995 1698 5058 αὐτὸν,
1726 4998 1773 5049 σί

211 5070 314 5140 μὲν
341 5071 766 5143 προσεκύνησαν,
793 5077 841 5130 οἱ
869 5075 925 5129 δέ
955 5076 1236 5135 ἐδίστασαν
1261 5099 1274 5113 ο
1307 5082 1419 5136 ἀλλ’
1450 5087 1548 5138 οὐκ
1570 5087 1635 5141 ὲκ
1654 5087 1777 5141 τού-

210 5175 306 5212 του
356 5163 750 5233 κατεκρίθησαν
811 5166 873 5218 Οἱ
916 5165 973 5219 δὲ
1021 5167 1100 5229 είς
1149 5167 1211 5220 τὸ
1254 5171 1478 5242 Πνεῦμα
1508 5175 1568 5227 τὸ
1601 5175 1772 5243 ἅγιον,

209 5251 377 5322 ἢγουν
405 5254 502 5315 ἐἰς
528 5252 624 5325 τὴν
663 5253 758 5308 τοῦ
799 5257 1034 5327 Χριστοῦ
1065 5259 1316 5333 Θεότητα,
1353 5263 1778 5339 βλασφημήσαν-

209 5357 302 5404 τες
326 5342 416 5394 καὶ
443 5342 707 5411 λέγοντες,
738 5346 819 5400 ὅτι
857 5347 959 5401 Ἐν
984 5349 1340 5411 Βεελζεϐοὺλ
1377 5353 1620 5424 ἄρχοντι
1657 5357 1771 5410 τῶν

207 5431 528 5501 δαιμονίων
547 5436 823 5493 ἐκϐάλλει
847 5441 919 5496 τὰ
936 5441 1224 5511 δαιμόνια,
1253 5444 1351 5497 οὐκ
1375 5447 1622 5515 ἀφίενται
1648 5449 1769 5501 οὔτε

205 5526 268 5578 ἐν
298 5523 377 5595 τῷ
407 5527 499 5580 νῦν
527 5527 681 5581 αίῶνι
707 5528 827 5582 οὔτε
860 5533 917 5586 ἐν
949 5533 1027 5604 τῷ
1055 5533 1318 5603 μέλλοντι.
1337 5536 1769 5608 Ἐπισημειώσα-

256 5729 301 5760 ³ο
327 5729 602 5806 (parum.
624 5733 712 5788 54.
799 5734 838 5765 ⁸¹
861 5735 1046 5793 Matth.
1066 5755 1164 5806 ιιι,
1192 5739 1281 5794 '52.

205 5811 284 5865 XI,
334 5803 415 5856 19.
477 5802 520 5832 ³⁸
556 5803 684 5858 Luc.
718 5821 792 5868 χι,
832 5806 918 5859 15.

486 5900 754 5964 Parnm"
790 5902 906 5963 Gn.
943 5903 1202 5966 XXV".

1357 5741 1404 5774 “
1430 5740 1587 5798 Joan.
1622 5759 1658 5808 ι,
1695 5743 1778 5798 ii.
1861 5743 2082 5799 "Joan.
2120 5763 2188 5814 tv,
2251 5749 2340 5802 2i.

1883 4626 2003 4695 ejus
2051 4627 2378 4695 discipulos,
2422 4632 2713 4700 perfectam
2773 4634 2942 4703 ipsius
2995 4638 3292 4697 divinitatis
3344 4645 3442 4699 ha-

1882 4717 2066 4772 buisse
2092 4721 2360 4787 notitiam,
2388 4723 2562 4778 donec
2593 4723 2827 4793 Spiritus
2853 4739 3074 4786 sanctus
3104 4731 3158 4786 in
3193 4734 3279 4790 die
3302 4734 3441 4790 Pen-

1882 4819 2117 4867 tecostes
2171 4812 2222 4865 in
2275 4814 2423 4883 ipsos
2482 4817 2705 4884 illapsus
2762 4829 2924 4874 esset.
2968 4820 3218 4893 Namque
3271 4829 3436 4883 etiam

1881 4913 2003 4972 post
2038 4908 2490 4962 resurrectionem
2540 4908 2782 4966 videntes
2813 4927 2960 4977 eum,
3019 4913 3109 4968 alii
3142 4916 3439 4974 adorarunt

1877 5009 2024 5058 eum,
2083 4995 2174 5049 alii
2229 5006 2409 5052 autem
2461 4998 2874 5067 dubitaverunt;
2931 5018 3030 5058 nec
3087 5005 3208 5060 ideo
3256 5017 3436 5063 tamen

1875 5087 2215 5141 condemnati
2267 5098 2412 5143 sunt.
2465 5090 2567 5154 Qui
2600 5107 2728 5145 vero
2767 5091 2820 5146 in
2873 5092 3132 5164 Spiritum
3161 5109 3432 5170 sanctum,

1871 5178 1985 5231 sive
2021 5179 2073 5231 in
2095 5178 2296 5233 Christi
2319 5181 2570 5233 deitatem
2596 5181 2907 5251 blasphema
2942 5187 3055 5239 haec
3077 5187 3220 5242 dicta
3249 5199 3436 5258 protu-

1872 5263 2089 5317 lerunt:
2127 5262 2190 5316 Itt
2236 5265 2532 5335 Beelzebul,
2568 5270 2800 5338 principe
2843 5273 3243 5343 dwmoniorunt,
3291 5279 3436 5345 ejicit

1876 5355 2136 5408 dwmonia
2157 5355 2230 5421 ³⁶;
2259 5357 2326 5412 iis
2360 5374 2492 5435 sane
2523 5374 2630 5412 non
2659 5363 2985 5428 remittetur,
3021 5382 3196 5435 neque
3235 5369 3289 5421 in
3332 5371 3436 5424 hoc

1876 5449 2094 5513 saeculo,
2125 5464 2296 5518 neque
2325 5451 2378 5505 in
2412 5431 2622 5508 futuro.
2667 5454 3076 5512 Observandum
3120 5475 3282 5529 porro
3326 5473 3428 5525 est,

1876 5558 1983 5596 non
2019 5543 2221 5598 dixisse
2251 5542 2548 5608 Christum,
2597 5547 2986 5616 blasphemanti
3019 5567 3081 5606 ac
3111 5563 3296 5620 postea
3323 5570 3430 5623 pm.-

2457 5747 2503 5780 “
2555 5749 2714 5805 Joan.
2785 5771 2902 5823 xm,
2971 5755 3062 5810 36.
3166 5757 3209 5794 ³⁸
3241 5757 3426 5823 Matth,

2998 5919 3073 5978 Μ
