4094 6322
654 390 790 447 1387

1485 374 1543 434 5.
1585 370 1950 429 ATllANASlI
1989 368 2138 425 OPP.
2182 369 2358 423 PARS
2396 367 2482 422 lll.
2520 398 2587 406 -η
2625 363 3015 419 EXEGETICA.

3750 362 3879 418 1588

651 509 841 564 nitenti
882 505 1253 561 remissionem
1302 492 1531 550 dandam
1576 507 1683 547 nou
1719 504 1874 554 esse;
1929 486 2021 542 sed
2073 486 2210 540 blas-

2317 482 2436 537 σθαι
2459 483 2511 536 δὲ
2543 482 2667 554 χρὴ,
2690 481 2769 534 ὅτι
2802 479 2899 533 οὐκ
2919 474 3067 531 εἶπεν
3099 478 3125 529 6
3152 474 3402 548 Χριστὸς,
3550 472 3877 544 βλασφημήο

652 597 956 668 phemanti.
991 595 1101 649 sive
1148 592 1201 645 in
1245 583 1579 657 blasphemia
1615 579 1981 652 perseveranti
2010 596 2021 629 :
2048 577 2212 645 siqui-

650 667 769 743 dem
789 686 1058 754 condigna
1084 678 1403 755 pmnitentia
1429 683 1649 746 peccata
1670 670 1852 727 omnia
1878 670 2027 725 eluit.
2057 667 2211 734 Quod

651 790 826 834 autem
861 778 1081 839 dicitur,
1112 769 1505 841 blasphemiam
1552 765 1607 819 in
1658 762 1918 833 Spiritum
1963 768 2208 815 sanctum

650 885 823 939 neque
847 871 899 923 in
932 868 1055 930 hoc,
1085 876 1261 933 neque
1288 860 1341 913 in
1374 856 1559 912 futuro
1602 853 1803 909 sacculo
1839 850 2067 914 dimitti;
2097 850 2214 919 qui-

648 962 772 1015 dam
805 976 861 1014 re
883 956 1197 1029 diligentius
1228 950 1495 1021 exquisita
1525 947 1735 1012 dicunt,
1773 952 2007 1014 quatuor
2037 940 2213 996 modis

649 1063 997 1122 peccatorum
1054 1046 1265 1100 veniam
1311 1039 1571 1103 concedi;
1611 1038 1822 1091 duobus
1864 1035 1972 1098 hic,
2000 1032 2213 1087 duobus

651 1148 774 1201 item
831 1146 884 1197 iu
942 1142 1127 1195 futuro
1187 1134 1404 1191 saeculo.
1468 1131 1605 1187 Cum
1672 1129 1814 1183 enim
1868 1136 2211 1199 peccatorum

648 1236 826 1292 omnis
861 1232 1115 1302 temporis
1161 1226 1477 1283 meminisse
1520 1237 1629 1276 non
1678 1218 1987 1290 possimus,
2029 1225 2089 1271 ut
2126 1217 2213 1270 hic

649 1326 1017 1399 pmuiteutiam
1069 1320 1297 1392 quilibet
1346 1330 1506 1386 agere
1553 1314 1759 1384 possit;
1806 1311 2009 1365 idcirco
2043 1306 2215 1362 Domi-

650 1438 752 1477 nus
794 1430 995 1484 noster,
1036 1416 1189 1471 nobis
1236 1413 1325 1466 hic
1363 1406 1737 1479 paenitentiam
1769 1419 1877 1458 non
1906 1402 2211 1473 agentibus,

648 1517 806 1577 duos,
840 1523 897 1567 ut
940 1512 1147 1567 dictum
1178 1516 1281 1570 est,
1331 1506 1383 1557 in
1415 1502 1597 1556 futuro
1639 1496 1974 1569 poenitentia:
2020 1495 2213 1547 modos

649 1605 973 1675 procuravit.
1026 1600 1165 1654 Cum
1212 1596 1334 1667 quis
1391 1594 1599 1650 scilicet
1654 1592 1797 1645 bona
1849 1585 2213 1641 indiﬂ‘ercnter

647 1698 833 1766 egerit,
869 1696 981 1749 sive
1025 1688 1394 1745 misericordia
1449 1696 1504 1741 et
1552 1678 2030 1739 commiseratione
2068 1690 2211 1731 com-

644 1799 825 1844 motus
869 1789 923 1841 in
974 1784 1299 1856 proximum,
1350 1781 1465 1834 sive
1494 1777 1698 1847 qumvis
1725 1774 1828 1829 alia
1854 1768 2209 1826 humanitatis

2318 592 2464 628 σαν-ει
2516 575 2607 627 καὶ
2643 574 3025 644 μετανοήσαντι
3067 569 3166 621 οὐκ
3194 567 3559 638 ἀφεθήσεται·
3608 565 3745 617 ἀλλᾶ
3784 567 3876 635 Τῷ

2315 665 2739 738 βλασφημοῦντι.
2770 665 2867 716 εἴτ’
2900 658 2990 715 οὖν
3024 660 3331 729 ὲπιμὲνοντι
3361 660 3426 727 τῇ
3462 656 3880 727 βλασφημία.Ἱί

2313 760 2415 832 γάρ
2449 759 2722 826 ἀξιόλογος
2755 755 3011 828 μετάνοια
3036 754 3212 807 πάντα
3240 750 3353 804 λύει
3392 750 3457 803 τά
3487 749 3875 820 ἁμαρτήματα.

2311 852 2422 921 (22)
2455 851 2527 904 Τὸ
2554 851 2608 903 δὲ
2642 850 2777 919 μήτε
2809 846 3041 899 ἐνταῦθα
3078 844 3331 912 ἀφίεσθαι
3362 842 3437 912 τῷ
3464 844 3545 904 εἰς
3568 842 3632 893 τὸ
3661 840 3880 909 Πνεῦμα

2314 943 2783 1013 βλασφημήσαντι,
2821 940 2955 1010 μήτε
3004 941 3059 992 ἐν
3104 936 3180 1007 τῷ
3215 935 3479 1005 μέλλοντι,
3508 933 3654 996 τινες
3697 931 3879 995 ἐξετά-

2313 1034 2493 1098 ζοντες
2524 1051 2659 1101 φασι
2684 1032 2951 1103 τέσσαρας
2984 1027 3121 1083 εἶναι
3152 1031 3384 1102 τρόπους
3404 1028 3469 1081 δι’
3499 1022 3574 1081 ὧν
3603 1024 3882 1095 συγχώρη-

2314 1146 2395 1191 σις
2428 1126 2838 1198 ἁμαρτημάτων
2874 1125 3115 1193 γίνεται”
3147 1120 3241 1174 δύο
3281 1118 3533 1180 ἐνταῦθα,
3570 1119 3663 1170 καὶ
3706 1116 3797 1169 δύο
3824 1120 3880 1167 ἐν

2312 1221 2387 1291 τῷ
2424 1221 2683 1291 μέλλοντι.
2703 1218 2917 1287 Ἐπειδὴ
2967 1216 3073 1287 γάρ
3124 1215 3224 1268 οὐκ
3271 1213 3570 1281 ἐφικνεῖται
3611 1212 3645 1279 ἡ
3695 1209 3879 1278 μνήμη

2311 1314 2430 1367 ὅλου
2472 1312 2660 1383 χρόνου
2703 1309 3056 1381 μνημονεύειν
3096 1306 3162 1361 τά
3196 1304 3505 1374 σφάλματα,
3534 1302 3623 1354 ἴνα
3650 1300 3879 1353 ἐνταῦθα

2311 1408 2618 1480 μετανοήσῃ
2663 1408 2691 1457 ὁ
2734 1402 3034 1473 ἄνθρωπος,
3067 1397 3381 1469 ᾠκονόμησε
3411 1391 3805 1463 φιλανορὼπως
3851 1394 3879 1445 6

2310 1499 2513 1571 Κύριος
2540 1496 2695 1567 ἡμῶν
2727 1496 2799 1566 μὴ
2827 1491 3225 1563 μετανοούντων
3248 1488 3481 1559 τρόπους
3516 1484 3799 1555 μετανοίας
3821 1485 3877 1535 ἐν

2315 1592 2411 1663 μὲν
2436 1590 2514 1661 τῷ
2546 1589 2810 1660 μέλλοντι,
2834 1585 2907 1648 ὡς
2938 1586 3173 1655 εἴρηται,
3205 1581 3327 1634 δύο·
3362 1581 3491 1632 ὅταν
3538 1594 3622 1640 τις
3660 1576 3877 1642 ἀδιαφο-

2314 1701 2419 1755 ρως
2462 1680 2894 1751 ἀγαθοεργήσας,
2926 1675 3034 1727 είτε
3068 1675 3147 1735 είς
3173 1668 3350 1724 οἶκτον
3395 1670 3489 1722 καὶ
3538 1666 3876 1737 συμπάθειαν

2311 1773 2446 1845 πρὸς
2470 1773 2558 1825 τὸν
2590 1770 2812 1840 πλησίον
2842 1766 3099 1837 κινηθεὶς.
3127 1765 3159 1832 ἢ
3189 1765 3287 1815 ὅσα
3314 1762 3446 1815 ἄλλα
3472 1758 3874 1829 φιλανθρωπιας

645 1881 824 1934 ofticia
874 1874 1211 1947 prmstiterit;
1257 1888 1320 1926 ea
1370 1885 1532 1941 porro
1564 1868 1616 1921 in
1650 1864 1835 1919 futuro
1866 1862 2100 1925 smculo,
2130 1860 2209 1928 ju-

2313 1863 2541 1935 ἐχόμενα
2563 1880 2575 1893 ’
2613 1861 2785 1913 ταῦτα
2813 1860 2872 1910 ἐν
2895 1856 2971 1927 τῷ
3000 1855 3243 1926 μέλλοντι
3283 1852 3435 1905 αἰῶνι
3465 1851 3606 1905 κατά
3634 1850 3723 1902 τὸν
3761 1865 3876 1900 και-

643 1974 770 2027 dicii
805 1983 1060 2039 tempore,
1086 1966 1163 2037 ﬁn
1209 1979 1372 2035 quam
1407 1957 1814 2033 propendebunt
1838 1962 2042 2025 partem
2064 1992 2079 2017 ,
2116 1965 2207 2001 ve-

647 2066 791 2117 niam
823 2066 1240 2129 cousequentur.
1284 2053 1347 2107 Et
1384 2054 1472 2107 hic
1494 2050 1711 2119 quidem
1751 2047 1960 2117 primus
1985 2053 2067 2100 est
2093 2058 2207 2095 mo-

645 2156 747 2207 dus
780 2172 790 2205 :
819 2151 1089 2206 secundus
1120 2161 1245 2200 vero
1277 2145 1322 2198 is
1360 2153 1465 2207 est,
1498 2156 1622 2195 cum
1662 2138 1785 2209 quis
1820 2134 2054 2207 peccatis
2079 2149 2205 2189 con-

648 2244 900 2305 strictus,
933 2240 1119 2294 audita
1147 2234 1357 2291 Domini
1389 2248 1518 2287 voce
1555 2230 1785 2286 dicentis
1818 2244 1832 2280 :
1872 2225 2047 2279 Nolite
2066 2224 2207 2294 judi-

646 2353 785 2397 care,
806 2344 859 2387 ut
878 2348 980 2386 non
997 2329 1334 2400 judicentini,
1367 2326 1433 2381 de
1460 2325 1678 2379 nemine
1701 2319 1969 2391 judicare,
2000 2318 2208 2372 exami-

649 2707 824 2761 modis
857 2705 944 2759 hic
968 2703 1131 2756 venia
1158 2702 1467 2763 obtinetur;
1495 2709 1617 2748 cum
1642 2691 1765 2761 quis
1790 2688 2047 2743 nimirum
2080 2698 2205 2753 pec-

646 2797 781 2850 catis
803 2794 1093 2855 obnoxius,
1128 2788 1309 2844 divina
1334 2786 1683 2855 dispensante
1710 2777 2075 2852 providentia,
2107 2774 2208 2827 mi-

647 2887 825 2953 seriis,
852 2885 1113 2939 mrumnis
1147 2879 1457 2948 morbisque
1485 2874 1762 2945 affligitur.
1788 2869 1947 2925 Modo
1974 2881 2210 2936 namque

651 2977 750 3036 sibi
781 2977 982 3047 ignoto,
1019 2972 1103 3027 his
1132 2987 1161 3027 a
1200 2969 1312 3025 Deo
1349 2976 1631 3039 purgatur.
1672 2963 1739 3018 Et
1769 2963 1816 3017 si
1844 2961 2062 3033 quidem
2095 2968 2209 3012 ten-

669 3078 790 3121 atus
812 3046 1022 3137 gratias
1056 3070 1213 3130 agat,
1254 3057 1561 3113 mercedem
1604 3053 1676 3109 ob
1706 3053 2005 3122 gratiarum
2040 3046 2211 3102 actio-

644 3173 769 3213 nem
816 3158 1045 3225 accipit;
1090 3155 1171 3207 sin
1213 3168 1270 3204 se
1302 3152 1569 3218 ingratum
1606 3145 1875 3215 prtebcat,
1916 3140 1985 3195 de
2016 3138 2207 3192 iisdem

650 3249 883 3319 peccatis
905 3259 1136 3315 quarunt
1161 3258 1321 3297 causa
1339 3239 1653 3309 corripitur,
1681 3236 1877 3291 iterum
1901 3231 2208 3303 iudicatur:

672 3354 977 3408 nsuperquc
1005 3337 1212 3390 debitas
1258 3336 1467 3403 ingrato
1505 3331 1688 3384 animo
1731 3343 1919 3398 poenas
1950 3326 2096 3379 luere
2122 3339 2212 3376 co-

648 3430 808 3500 gitur.
845 3428 1007 3498 Igitur
1055 3436 1271 3495 peccata
1312 3426 1365 3478 in
1420 3422 1671 3476 homines
1718 3418 1979 3482 admissi,
2029 3414 2213 3468 multis

649 3530 876 3588 possunt
914 3516 1217 3570 rationibus
1248 3512 1545 3569 ennzlouari
1576 3528 1589 3564 :
1619 3525 1743 3563 nam
1788 3510 1835 3562 si
1882 3510 2006 3577 quis
2034 3508 2085 3561 in
2115 3507 2214 3559 ho-

650 3610 849 3663 minem
893 3622 1148 3678 peccans,
1179 3606 1245 3661 de
1284 3605 1390 3658 alio
1428 3601 1642 3656 homine
1678 3602 1813 3654 bene
1844 3607 2132 3659 mereatur,
2166 3596 2212 3650 is

646 3714 810 3774 quam
845 3700 897 3754 in
923 3709 1170 3755 naturam
1200 3698 1439 3768 peccavit
1469 3696 1646 3751 eidem
1683 3702 1892 3747 natura:
1926 3688 2209 3745 satisfecit.

650 3796 755 3849 Sed
801 3794 1132 3864 blasphemia
1179 3793 1231 3845 in
1290 3790 1552 3860 Spiritum
1608 3788 1751 3855 (qua
1787 3783 2074 3838 inﬁdelitas
2106 3790 2208 3840 est.

649 3886 887 3950 nullam,
931 3885 1034 3940 nisi
1067 3885 1188 3953 quis
1228 3882 1401 3936 tidelis
1434 3878 1725 3939 efticiatur,
1754 3876 1969 3930 veniam
2014 3873 2211 3927 admit-

648 3976 811 4049 tens),
854 3987 1041 4046 utpote
1082 3976 1374 4044 impietatis
1420 3982 1473 4028 et
1525 3968 1860 4024 infidelitatis
1903 3974 2210 4036 peccatum,

648 4083 823 4138 aeque
849 4067 909 4122 in
948 4070 1082 4132 hoc,
1120 4080 1292 4136 neque
1320 4067 1374 4119 in
1424 4063 1609 4117 futuro
1644 4059 1847 4115 saeculo
1885 4059 2206 4113 dimittetur.

1084 4159 1363 4213 Athanasii
1396 4153 1769 4216 Alexandrini,

1233 4249 1306 4305 De
1345 4249 1621 4304 lunaticis.

721 4344 957 4407 Domine,
992 4360 1233 4398 miserere
1262 4342 1372 4410 ﬁlio
1404 4358 1514 4395 meo
1535 4382 1550 4407 ,
1580 4343 1703 4413 quia
1732 4343 1997 4396 lunatum
2033 4348 2131 4404 est,
2162 4346 2210 4392 et

651 4439 786 4489 male
818 4438 1097 4504 patitur".
1147 4434 1445 4497 Lunaticis,
1480 4449 1587 4487 non
1635 4434 1764 4489 luna
1797 4432 2020 4488 insaniae
2046 4445 2210 4485 causa

2313 1956 2402 2024 ρὸν
2433 1954 2530 2023 τῆς
2561 1953 2795 2022 κρίσεως
2838 1946 3331 2018 ζυγοστατούμενα,
3360 1944 3443 2011 ἐφ’
3472 1942 3508 1995 ἃ.
3555 1943 3653 2013 τὴν
3708 1938 3874 2012 ῥοπὴν

2310 2046 2438 2114 ἔχει,
2472 2042 2811 2112 συγχώρησις
2828 2040 3053 2108 γίνεται.
3077 2038 3184 2090 Καὶ
3211 2029 3362 2096 οὗτος
3388 2034 3483 2103 μὲν
3510 2034 3537 2084 6
3563 2026 3641 2094 εἷς
3660 2032 3870 2100 τρόπος·

2308 2137 2553 2207 δεύτερος
2585 2134 2639 2186 δὲ
2673 2128 2823 2195 οὗτος
2846 2148 2858 2160 ⁶
2882 2132 3011 2183 ὅταν
3038 2131 3157 2191 ταῖς
3186 2126 3478 2198 ἁμαρτίαις
3509 2123 3871 2192 συνεχόμενος,

2309 2230 2517 2283 ἀκούων
2549 2228 2606 2281 δὲ
2644 2226 2738 2279 τοῦ
2778 2225 2981 2296 Κυρίου
3029 2222 3307 2289 λέγοντος·
3351 2216 3446 2285 Μὴ
3494 2217 3749 2284 κρίνετε,
3778 2217 3874 2267 ira

2304 2324 2388 2393 μὴ
2420 2320 2673 2391 κριθῆτε,
2703 2317 3031 2389 φοϐούμενος
3053 2314 3239 2367 οὐδένα
3266 2312 3441 2383 κρίνει
3468 2313 3526 2362 ὲν
3547 2312 3614 2380 τῇ
3639 2308 3872 2373 ἐξετάσει

2308 2415 2415 2468 τῶν
2444 2412 2789 2484 βεϐιωμένων
2814 2428 2826 2441 ·
2863 2409 2938 2471 ὡς
2968 2405 3139 2475 φύλαξ
3168 2405 3267 2472 τῆς
3296 2402 3511 2472 ἐντολῆς
3531 2403 3590 2455 οὐ
3617 2402 3872 2472 κρίνεται.

2310 2508 2417 2577 Τῆς
2447 2505 2553 2576 γάρ
2581 2501 2773 2556 ἑαυτοῦ
2797 2501 3016 2570 ἐντολῆς
3040 2500 3139 2552 οὐκ
3160 2496 3475 2565 ἐπιλήσμων
3500 2497 3529 2547 6
3556 2493 3877 2562 ἀψευδέστα-

2310 2616 2420 2662 τος.
2452 2598 2514 2649 Ol
2543 2597 2600 2649 δὲ
2625 2598 2799 2665 ἕτεροι
2832 2593 2925 2647 δύο
2946 2593 3134 2663 τρόποι
3163 2587 3391 2643 ἐνταῦθα
3413 2584 3510 2657 τὴν
3541 2584 3875 2656 συγχώρησιν

2314 2689 2523 2759 ἔχουσιν
2544 2704 2557 2716 ·
2594 2690 2718 2741 ὅταν
2751 2702 2852 2748 τις,
2888 2687 2945 2737 ἐν
2980 2681 3269 2753 ἁμαρτίαις
3298 2679 3394 2739 ὢν,
3429 2680 3787 2745 οἰκονομεῖται
3815 2678 3876 2727 ὲκ

2310 2782 2409 2851 τῆς
2440 2780 2691 2851 προνοίας
2730 2781 2786 2831 ἐν
2829 2777 3152 2847 συμφοραῖς,
3176 2774 3234 2826 ἐν
3261 2772 3547 2839 ἀνάγκαις,
3582 2770 3640 2820 ἐν
3671 2769 3840 2829 νόσοις
3862 2784 3874 2795 ·

2309 2874 2385 2937 ὡς
2417 2874 2515 2926 οὐκ
2558 2868 2665 2925 οἶδε
2707 2870 2816 2941 γὰρ
2841 2869 2929 2922 διὰ
2957 2868 3064 2920 τῶν
3094 2866 3351 2919 τοιούτων
3380 2862 3635 2933 καθαίρει
3666 2862 3823 2913 αὑτὸν
3852 2862 3881 2913 6

2312 2964 2459 3027 Θεός.
2493 2964 2600 3016 Καὶ
2632 2965 2679 3014 εί
2723 2962 2820 3031 μὲν
2854 2959 3165 3030 εὐχαριστεῖ
3205 2955 3615 3026 πειραζόμενος,
3656 2954 3750 3004 τὸν
3794 2954 3881 3003 ἐπὶ

2311 3059 2377 3126 τῇ
2405 3054 2723 3124 εὐχαριστίᾳ
2753 3051 2939 3121 μισθὸν
2965 3050 3226 3120 λαμϐάνει
3249 3064 3260 3077 ⁸
3306 3048 3352 3099 εἰ
3381 3047 3437 3098 δὲ
3475 3045 3781 3114 ἀχαριστεῖ,
3814 3042 3881 3094 δι’

2313 3148 2377 3209 ἀς
2409 3148 2505 3217 μὲν
2538 3146 2811 3216 ἁμαρτίας
2838 3142 3172 3206 παιδεύεται,
3204 3142 3267 3192 ἐκ
3287 3137 3394 3191 τῶν
3424 3135 3680 3189 τοιούτων
3708 3134 3885 3203 κρίνε-

2312 3260 2430 3295 ται·
2476 3243 2574 3312 τὴν
2602 3242 2658 3294 δὲ
2688 3241 2828 3309 ὑπὲρ
2865 3238 2965 3307 τῆς
3007 3236 3326 3306 ἀχαριστίας
3353 3232 3738 3301 εἰσπράττεται
3769 3244 3886 3279 ποι-

2313 3334 2597 3404 νήν.Ἐπε“ι
2635 3328 2725 3385 οὖν
2768 3333 2923 3384 άτινα
2965 3331 3043 3391 εἰς
3081 3326 3395 3396 ἀνθρώπους
3436 3340 3520 3385 τις
3560 3320 3883 3391 ἁμαρτάνει.

2314 3421 2510 3486 πολλάς
2563 3420 2672 3492 ἔχει
2726 3419 3024 3491 προφάσεις
3080 3415 3512 3485 συγχωρήσεων
3556 3410 3884 3481 ἁμαρτάνων

2313 3511 2420 3582 γάρ
2445 3528 2529 3573 τις
2570 3514 2648 3573 είς
2694 3511 2996 3578 ἄνθρωπον,
3031 3506 3188 3559 ἄλλον
3210 3506 3265 3557 δὲ
3292 3502 3576 3574 ἄνθρωπον
3604 3498 3663 3554 εὖ
3698 3500 3883 3560 ποιῶν,

2313 3605 2392 3666 εἰς
2425 3605 2490 3673 ἣν
2532 3602 2689 3671 φύσιν
2728 3602 2993 3671 ἥμαρτεν,
3028 3600 3162 3667 αὐτῇ
3192 3597 3285 3649 καὶ
3317 3594 3718 3665 ἀπελογήσατο.
3738 3594 3799 3645 Ἠ
3830 3592 3883 3642 δε

2314 3696 2391 3757 είς
2416 3695 2476 3745 τὸ
2498 3693 2717 3763 Πνεῦμα
2743 3689 3055 3761 βλασφημία
3081 3689 3216 3759 (ἐστι
3237 3688 3292 3740 δὲ
3316 3686 3563 3746 ἀπιστία,
3592 3684 3667 3753 μὴ
3694 3684 3885 3752 ἔχουσα

2315 3787 2504 3857 ἑτέραν
2546 3786 2815 3855 πρόφασιν
2871 3781 3287 3849 συγχωρήσεως,
3334 3780 3381 3828 εἰ
3427 3777 3501 3845 μὴ
3539 3776 3600 3826 τὸ
3635 3774 3881 3842 γενέσθαι

2314 3877 2545 3946 πιστὸν),
2573 3875 2694 3929 οὔτε
2721 3874 2953 3928 ἐνταῦθα
2991 3872 3113 3926 οὔτε
3148 3873 3205 3924 ἐν
3234 3868 3313 3939 τῷ
3347 3867 3589 3939 μέλλοντι
3621 3865 3879 3933 ἀφεθήσε-

2314 3987 2402 4023 ται
2430 3969 2524 4039 τῆς
2555 3968 2738 4031 ἀθεῖας
2770 3966 2862 4021 καὶ
2892 3965 3145 4028 ἀπιστίας
3171 3964 3204 4033 ή
3237 3960 3497 4033 ἁμαρτία.

2674 4158 3016 4211 Ἄθανιισίου
3051 4150 3493 4219 Ἀλεξανδρείας
3517 4187 3531 4209 ,

2706 4249 2839 4317 Περὶ
2868 4242 3329 4317 σεληνιαζομένων
3358 4239 3489 4310 (25).

2383 4340 2579 4409 Κύριε,
2601 4339 2858 4407 ἐλέησόν
2871 4356 2990 4408 μου
3011 4337 3117 4389 τὸν
3135 4334 3289 4397 υἱὸν,
3322 4332 3409 4385 ὅτι
3446 4332 3603 4396 σελη
3613 4325 3875 4386 νιὰζέται,

2313 4434 2412 4487 καὶ
2456 4433 2649 4497 κακῶς
2676 4431 2915 4500 πάσχει.
2949 4431 3010 4481 Οἱ
3043 4425 3498 4497 σεληνιαςόμενοι.
3538 4422 3639 4491 οὐχ
3683 4421 3757 4483 ὡς
3788 4422 3879 4488 τῆς

649 4535 766 4591 est,
810 4541 985 4595 neque
1016 4527 1159 4581 enim
1194 4526 1319 4579 luna
1362 4525 1428 4579 ad
1473 4524 1673 4579 malum
1708 4533 1764 4579 et
1791 4524 2048 4579 damnum
2076 4520 2210 4575 infe-

2316 4526 2539 4596 σελήνης
2571 4522 2864 4593 παραιτὶας
2905 4520 3193 4591 γινομένης
3226 4518 3325 4587 τῆς
3362 4513 3541 4568 αὐτῶν
3586 4511 3875 4587 φρενοϐλα-

652 4616 880 4670 rcndutn
914 4616 1227 4671 hominibus
1250 4628 1430 4671 creata
1454 4623 1572 4679 est,
1598 4617 1689 4671 sed
1731 4617 1796 4670 ad
1850 4613 2209 4669 ministerium

650 4708 871 4777 optimis
907 4708 1239 4776 utilibusque
1274 4710 1433 4762 rebus
1475 4708 1844 4779 przcbendum.
1883 4706 2021 4761 Cum
2062 4706 2208 4759 enim

650 4816 716 4853 ex
740 4809 931 4853 natura
967 4814 1063 4854 sua
1091 4800 1311 4854 humida
1347 4802 1440 4865 sit,
1473 4800 1860 4857 suavissimum
1890 4796 2211 4866 corporibus

652 4909 906 4948 somnum
939 4904 1214 4962 procurat,
1263 4895 1440 4950 noctis
1484 4896 1758 4956 tenebras,
1806 4892 1987 4947 colore
2035 4892 2210 4944 lacteo

652 4993 866 5047 ornata,
891 4983 1195 5048 demulcet;
1234 4986 1402 5040 solem
1428 5001 1554 5040 vero
1575 4985 1668 5056 qui
1695 4986 1875 5040 siccus
1900 4982 2214 5051 calidusque

651 5083 755 5140 est,
784 5090 938 5144 aqua
965 5076 1116 5130 lance
1138 5086 1423 5147 temperat,
1456 5088 1614 5147 atque
1642 5079 1873 5131 humore
1896 5074 2214 5144 frigiditate-

651 5180 758 5235 que
795 5179 893 5219 sua
936 5167 1151 5235 plantas
1187 5183 1396 5234 omnes,
1443 5176 1620 5238 prata.
1679 5168 1900 5231 herbas,
1953 5167 2120 5231 olera,
2157 5172 2215 5217 ut

654 5264 826 5310 mater
844 5271 969 5311 vera
993 5258 1046 5311 in
1070 5259 1212 5314 ulnis
1232 5261 1504 5332 accipiens
1525 5302 1540 5326 ,
1572 5261 1735 5326 fovet,
1764 5273 1816 5317 et
1840 5263 2109 5316 virescere
2134 5258 2213 5312 fa-

650 5346 755 5410 cit;
776 5347 847 5400 ita
862 5357 917 5400 ut
933 5348 1035 5402 sub
1053 5364 1262 5405 aurora:
1279 5354 1679 5422 crepusculum,
1699 5353 1883 5407 videre
1901 5352 1973 5407 sit
1988 5351 2212 5404 arbores

651 5439 835 5493 densis
869 5441 1150 5499 frondibus
1180 5456 1423 5511 ornatas,
1453 5455 1605 5514 prata
1648 5446 1699 5499 in
1732 5445 1958 5500 sununis
1987 5443 2211 5498 ﬂoribus

719 5575 759 5606 ³⁷
797 5571 994 5630 Matth.
1027 5591 1137 5631 xvu
1200 5578 1285 5631 Η.

724 5710 840 5777 (9.2)
875 5710 996 5766 Πωο
1030 5714 1096 5765 atl
1120 5714 1281 5767 linem
1308 5730 1499 5783 usque,
1528 5731 1647 5782 qure
1670 5715 1721 5768 in
1749 5714 1906 5770 editis
1939 5714 2211 5770 deSIdera-

658 5782 887 5846 bantur,
940 5792 991 5836 et
1038 5784 1087 5835 in
1134 5785 1366 5838 editione
1395 5782 1675 5839 Athanasii
1705 5796 1887 5841 nostra
1922 5786 2209 5853 separatim

2318 4618 2498 4681 ϐείας·
2530 4617 2650 4669 οὔτε
2685 4616 2789 4685 μὴν
2816 4617 2847 4683 η
2882 4613 3075 4683 σελήνη
3106 4608 3327 4679 ἐκτίσθη
3358 4606 3438 4668 εἰς
3476 4603 3815 4663 κακοποιίαν,
3847 4602 3877 4667 ἦ

2320 4708 2451 4779 πρὸς
2495 4706 2697 4777 βλάϐην
2726 4705 2823 4774 τῆς
2854 4702 3200 4775 ἀνθρωπίνης
3232 4698 3465 4767 φύσεως,
3501 4694 3619 4749 ἀλλ’
3648 4695 3727 4755 εἰς
3767 4708 3879 4743 συν-

2318 4802 2503 4873 εργίαν
2536 4798 2717 4851 καλῶν
2764 4799 2857 4850 καὶ
2901 4794 3189 4863 ὠφελίμων
3218 4789 3577 4863 πραγμάτων.
3608 4782 3757 4839 Οὗσα
3782 4785 3881 4853 γάρ

2317 4891 2457 4945 κατά
2505 4890 2663 4959 φύσιν
2701 4889 2865 4959 ὑγρὰ,
2902 4888 3011 4948 τοῖς
3064 4883 3277 4955 σώμασι
3319 4882 3411 4934 τὸν
3464 4880 3682 4950 ἣδιστον
3724 4876 3879 4928 ὕπνον

2314 4982 2581 5055 προξενεῖ,
2601 4982 2696 5052 τῆς
2717 4981 2773 5034 δὲ
2789 4979 2979 5040 νυκτὸς
3002 4977 3061 5029 τὸ
3092 4977 3279 5037 σκότος
3303 4971 3733 5045 παραμυθεῖται,
3756 4964 3879 5021 οὖσα

2314 5075 2696 5146 γαλακτοφαής
2716 5092 2728 5104 ·
2760 5072 2838 5141 τῷ
2857 5071 2912 5123 δὲ
2938 5069 3084 5141 ξηρῷ
3112 5070 3205 5121 καὶ
3228 5066 3306 5136 τῷ
3323 5064 3510 5139 Θερμῷ
3532 5061 3607 5134 τῷ
3633 5062 3769 5133 ἡλίῳ
3797 5064 3878 5114 ἁν-

2314 5168 2790 5227 τιταλαντεύουσα,
2814 5166 2878 5233 τῇ
2909 5163 3163 5233 ὑγρότητι
3185 5160 3279 5211 καὶ
3303 5162 3369 5229 τῇ
3394 5156 3601 5227 ψυχρίᾳ
3620 5157 3795 5208 πάντα
3819 5157 3878 5203 τὰ

2318 5262 2457 5332 φυτά
2486 5260 2723 5321 καὶτοὺς
2741 5255 3028 5326 λειμῶνας,
3046 5254 3139 5307 καὶ
3160 5253 3337 5307 πᾶσαν
3362 5250 3496 5304 πόαν
3520 5250 3614 5302 καὶ
3638 5248 3877 5317 βοτάνην,

2317 5356 2391 5417 ὡς
2415 5355 2593 5425 μήτηρ
2616 5349 2811 5420 γνησία
2834 5348 2920 5401 διὰ
2944 5348 3040 5416 τῆς
3059 5345 3247 5408 νυκτὸς
3264 5342 3745 5412 ὲναγκαλιζομένη,
3762 5341 3865 5392 ἀνα

2321 5444 2560 5515 ζωπυρεῖ
2589 5443 2680 5495 καὶ
2710 5439 2993 5494 άναθάλλει
3018 5456 3029 5468 ·
3054 5436 3194 5490 ὥστε
3220 5436 3324 5488 ὑπὸ
3338 5436 3435 5488 τὴν
3452 5436 3527 5488 Em
3546 5432 3771 5503 ὁρᾶσθαι
3797 5432 3876 5483 καὶ

2316 5724 2630 5789 ponuntur,
2679 5730 2803 5783 pag.
2860 5712 3026 5789 ψθῇ
3081 5724 3331 5789 agniti-ss.
3390 5707 3621 5761 mutuati
3649 5712 3847 5789 sum-tl:

2399 5787 2510 5858 (2'5)
2552 5774 2913 5840 lla-c'ei'cnd.
2954 5781 3084 5850 Reg.
3121 5778 3278 5844 1995,
3322 5795 3350 5831 ι
3394 5780 3617 5843 saeculi,
3646 5777 3737 5831 fol.
3763 5774 3853 5829 533
