4052 6332
177 375 327 437 13$

1419 371 1838 432 FRAGMENTA
1881 374 1945 430 ΙΝ
1986 372 2242 428 LUCMI.

3298 373 3432 428 1590

167 491 255 547 τὰ
267 490 461 563 δένδρα
476 490 586 553 τοῖς
607 490 822 560 φύλλοις
842 491 1261 563 πεπυκνωμένα,
1285 491 1408 554 τοὺς
1422 490 1478 544 δὲ
1495 489 1759 560 λειμῶνας

1867 490 1990 550 ntel,
2017 505 2154 558 opus
2183 487 2461 558 prudentis
2486 487 2834 558 impigrazque
2857 490 2995 556 apis,
3021 487 3302 557 gestantia,
3329 484 3432 545 fut-

172 583 550 654 βαστάζοντας
583 583 838 655 ὑπεράνω
862 582 971 636 τῶν
1010 583 1184 636 ἀνθῶν
1221 582 1284 636 τὸ
1316 583 1439 652 μέλι
1467 583 1564 652 τῆς
1597 584 1762 651 ὲργα-

175 677 313 739 σίας
359 675 455 745 τῆς
497 675 665 746 σοφῆς
709 675 804 728 καὶ
847 675 1040 730 ἁὸκνου
1086 675 1362 746 μελίσσης,
1397 674 1496 746 τὴν
1539 674 1595 728 δὲ
1628 674 1763 727 πόαν

173 767 603 837 ἁγλαῖζομένην,
648 768 828 821 πᾶσαν
870 768 926 822 δὲ
973 768 1201 838 βοτάνην
1244 769 1553 840 ηὐξημένην
1599 767 1764 840 ἱλαρῷ

173 858 656 930 προσώπῳ.”0οεν
689 861 780 914 καὶ
816 860 1196 932 γαλακτοφαής
1224 862 1391 924 ἐστιν,
1427 860 1527 923 ὅτι,
1557 859 1630 923 ὼς
1663 861 1764 930 μή-

170 967 290 1022 τηρ
337 951 412 1022 τῷ
443 952 674 1020 γάλακτι
704 953 893 1024 τρέφει
937 953 998 1005 τὸ
1044 954 1255 1022 νήπιον,
1302 951 1443 1005 οὕτω
1487 952 1580 1005 καὶ
1626 951 1761 1022 αὕτη

168 1044 245 1110 τῆ
283 1043 500 1114 πιότητι
543 1044 637 1096 καὶ
667 1047 734 1114 τῇ
784 1043 958 1116 δρόσῳ
1004 1043 1290 1115 μεγαλύνει
1341 1044 1408 1096 τά
1452 1042 1758 1113 σύμπαντα.

168 1129 336 1186 Οὖσα
364 1134 421 1186 δὲ
458 1135 512 1186 ὲν
540 1134 616 1204 τῷ
655 1133 885 1206 οὐρανῷ,
921 1136 1173 1206 σημαίνει
1217 1134 1477 1189 ἐνιαυτῶν
1512 1134 1760 1199 κύκλους,

175 1225 376 1293 μηνῶν
409 1225 796 1296 ἐκπληρώσεις,
832 1227 1036 1297 καιρῶν
1065 1228 1156 1287 καὶ
1193 1227 1398 1299 χρόνων
1427 1229 1649 1299 τροπὰς,
1675 1229 1762 1283 τὸν

166 1319 534 1390 προσήκοντα
560 1320 748 1392 καιρὸν
783 1320 875 1390 τοῦ
905 1319 1159 1392 ἀληθινοῦ
1189 1321 1282 1372 καὶ
1315 1319 1526 1390 βεϐαίου
1551 1321 1760 1390 Πάσχα,

169 1408 448 1479 λεγούσης
475 1410 574 1479 τῆς
607 1411 824 1481 Σοφίας,
879 1412 1012 1466 Ἀπὸ
1063 1412 1332 1480 σελήνης
1359 1412 1611 1482 σημεῖον
1636 1415 1763 1482 ἐορ-

169 1501 329 1569 τῆς·
376 1503 468 1557 καὶ
510 1505 592 1556 ὅτι
635 1504 861 1575 φωστὴρ
907 1503 1224 1574 μειούμενος
1269 1505 1362 1557 καὶ
1410 1505 1760 1575 αὑξούμενος,

163 1593 309 1664 μὴν
348 1597 408 1648 τὸ
443 1595 612 1666 ὄνομα
632 1594 796 1648 αὑτοῦ
825 1597 990 1648 ἐστιν.
1029 1595 1094 1648 Ἢ
1129 1595 1308 1664 βίϐλος
1349 1597 1448 1666 τῆς
1497 1597 1536 1648 Γ
1538 1597 1763 1660 ενὲσεως

168 1685 326 1740 οὕτω
363 1688 651 1759 διηγεῖται·
700 1687 808 1741 Καὶ
835 1683 1000 1742 εἶπεν
1024 1690 1056 1742 ό
1087 1690 1259 1755 Θεός’
1295 1688 1614 1756 Γενηθήτω
1639 1688 1762 1758 φῶς

168 1780 250 1832 ἐν
277 1778 356 1846 τῷ
382 1779 738 1850 στερεώματι
780 1781 885 1835 τοῦ
929 1781 1210 1850 οὐρανοῦ,
1259 1785 1345 1847 εὶς
1391 1781 1619 1851 φαῦσιν
1660 1782 1756 1836 ἐπὶ

170 1871 297 1940 τῆς
336 1871 463 1943 τῆς,
507 1872 604 1925 καὶ
646 1872 798 1941 ἀρχὴ
832 1871 939 1940 τῆς
984 1873 1208 1942 ἡμέρας
1239 1873 1334 1926 καὶ
1369 1873 1478 1941 τῆς
1505 1876 1756 1939 νυκτόςο

171 1963 283 2017 καὶ
313 1979 468 2016 εστω
494 1966 579 2031 είς
603 1963 818 2033 σημεῖα
860 1964 956 2017 καὶ
992 1965 1077 2028 είς
1106 1963 1349 2031 καιροὺς
1375 1965 1468 2016 καὶ
1505 1967 1587 2030 εἰς
1621 1964 1758 2033 ἡμέ-

169 2071 296 2121 ρας
332 2053 429 2108 καὶ
461 2056 547 2121 είς
576 2054 897 2119 ,ἐνιαυτούς
920 2069 934 2083 °
967 2053 1065 2106 καὶ
1104 2055 1381 2108 ἔστωσαν
1418 2057 1504 2120 εἰς
1532 2055 1762 2123 μαῦστιο

174 2146 252 2198 ἐν
283 2144 362 2210 τῷ
398 2147 760 2215 στερεώματι-
782 2145 887 2198 τοῦ
933 2146 1209 2214 οὐρανοῦ,
1249 2147 1486 2216 φαίνειν
1526 2146 1622 2198 ἐπὶ
1651 2144 1761 2213 τῆς

171 2236 320 2307 γῆς.
356 2238 537 2292 Πάντα
579 2237 636 2290 δὲ
689 2235 864 2290 ταῦτα
902 2237 1254 2308 ἠναγκάσθην
1301 2237 1651 2308 παραγνῶναι
1694 2240 1760 2308 τῇ

175 2329 444 2402 εῶλαϐεία
482 2329 634 2401 ὑμῶν
655 2369 669 2394 ,
702 2331 791 2384 ἵνα
817 2330 973 2397 δείξω
1001 2329 1059 2397 ἐξ
1089 2330 1265 2385 αὐτῶν
1289 2329 1396 2383 τῶν
1426 2331 1762 2401 πραγμάτιον

171 2424 283 2477 καὶ
310 2423 417 2476 τῶν
449 2423 816 2480 θεοπνεύστων
859 2423 1090 2495 Γραφῶν
1134 2423 1208 2496 μὴ
1241 2420 1501 2495 εἶναιτὴν
1537 2425 1761 2496 σελήνην

174 2514 369 2569 αἰτίαν
417 2515 869 2587 φρενοϐλαϐείας,
921 2518 1056 2573 ἀλλὰ
1098 2519 1188 2572 τὸν
1235 2521 1610 2590 κακομήχανον
1669 2521 1761 2573 καὶ

174 2607 357 2661 δῦλιω
386 2607 646 2662 διάϐολον.
677 2601 844 2672 Οὗτος
875 2610 981 2681 γὰρ
1013 2611 1246 2681 ὑπάρχει
1275 2611 1331 2662 ἐν
1368 2614 1558 2674 κακοῖς
1589 2613 1762 2681 τεχνίο

172 2717 334 2758 ταις·
381 2700 453 2772 μὴ
482 2699 772 2771 δυνάμενος
798 2700 970 2764 ἄλλως
999 2717 1114 2765 πως
1144 2702 1213 2754 τὰ
1247 2701 1518 2772 κτίσματα
1550 2702 1760 2754 ἐκθειά-

175 2791 402 2854 σασθαι,
434 2792 465 2858 ἢ
498 2792 907 2860 καταναγκάσαι
940 2793 1064 2856 τοὺς
1102 2791 1424 2865 ἀνθρώπους
1451 2797 1532 2857 εἰς
1564 2793 1660 2864 τὴν
1686 2795 1760 2846 εξ-

171 2880 523 2946 δωλοποιίαν,
552 2884 802 2954 ἐπιτηρεῖ
827 2883 924 2955 τὴν
963 2885 1250 2955 νεομηνίαν
1295 2886 1392 2956 τῆς
1428 2885 1688 2956 σελήνης,
1724 2883 1757 2954 ἢ

172 2973 309 3024 Ξταν
338 2971 434 3046 ἔχῃ
467 2980 527 3037 ε’,
555 2974 648 3026 καὶ
673 2974 794 3028 τότε
839 2978 982 3028 ποιεῖ
1011 2976 1102 3029 τὸν
1132 2976 1488 3047 ἐπιληπτικὺν
1515 2977 1757 3047 κράζειν,

170 3062 448 3132 ἁφρίζειν,
477 3065 687 3136 βάλλειν
718 3067 910 3121 ἑαυτὸν
951 3067 1095 3121 κατὰ
1138 3069 1388 3140 πυρὸς,ἢ
1424 3067 1635 3132 ὓδατος,
1672 3070 1758 3123 ἵνα

169 3156 228 3208 oi
263 3157 578 3228 γεννήτορες
623 3157 809 3225 αὑτοῦ,
852 3160 884 3229 ἢ
926 3159 975 3212 οἱ
1005 3158 1257 3228 ἀδελφοὶ,
1287 3159 1319 3230 ἢ
1357 3160 1405 3212 oi
1439 3163 1757 3229 προσγενεῖς
1781 3190 1825 3248 C

170 3248 699 3320 ὰναγκασθήσωνται
733 3253 799 3322 τῇ
835 3251 1029 3326 σελήνῃ
1065 3253 1469 3324 προσκυνῆσαι,
1498 3253 1754 3324 νομίσαν·

169 3356 293 3403 τες,
321 3341 398 3394 ὅτι
421 3340 555 3414 αὕτη
585 3342 798 3414 ἔπεμψε
822 3345 911 3397 τὸν
937 3345 1164 3417 δαίμονα
1184 3345 1261 3416 τῷ
1289 3346 1574 3416 νεανίσκῳ.
1593 3346 1753 3400 Ὅθεν

169 3432 275 3486 καὶ
293 3433 342 3486 οἱ
359 3432 616 3504 ’Έλληνες
643 3433 958 3504 βασίλισσαν
981 3435 1148 3506 αὐτὴν
1171 3437 1632 3507 προσαγορεύουσι
1657 3435 1750 3488 τοῦ

170 3523 429 3593 οὐρανοῦ,
456 3521 620 3581 οὖσαν
657 3525 870 3579 δουλίδα
903 3529 1000 3597 τῆς
1045 3526 1268 3590 νυκτὸς,
1299 3527 1391 3580 καὶ
1419 3527 1752 3598 ὑπηρέτριαν

170 3614 280 3684 τῆς
310 3614 652 3688 ἀνθρωπίνης
681 3615 924 3686 φύσεως
959 3619 1020 3671 οὐ
1055 3619 1235 3688 μέντοι
1269 3617 1557 3671 δέσποιναν
1587 3617 1618 3688 ἦ
1649 3618 1749 3689 ἂρ-

170 3721 398 3774 χονσαν.
441 3707 536 3762 Διά
582 3707 738 3760 τοῦτο
778 3708 869 3761 καὶ
904 3708 1109 3780 Ἰησοῦς
1148 3710 1175 3761 ὁ
1204 3708 1446 3779 διάδοχος
1477 3710 1754 3773 Μωῦσὲως

170 3795 463 3851 ἐκέλευσεν
490 3798 672 3863 αὐτοῖς
709 3797 910 3853 εἰπών·
946 3799 1148 3866 Στήτω
1185 3801 1218 3854 ὀ
1268 3799 1440 3867 ’ἥλιος
1466 3798 1616 3854 κατὰ
1639 3803 1756 3853 Fa-

172 3887 318 3956 σαὼ,
345 3891 440 3944 καὶ
535 3891 765 3960 σελήνη
785 3891 936 3947 κατὰ
957 3891 1231 3962 φάραγγα
1254 3891 1461 3962 Ἐζλὼμ,
1482 3891 1593 3957 ἕως
1613 3891 1753 3958 τοὺς

1869 591 1996 628 num
2042 575 2240 640 nitens,
2273 590 2541 645 omneque
2570 575 2750 630 herba!
2790 590 2962 645 genus
3006 588 3221 633 auctum
3274 579 3433 634 hilari

1867 664 2023 720 facie.
2059 664 2210 720 Unde
2257 666 2430 720 lacteo
2470 665 2648 720 colore
2676 673 2778 729 cst,
2805 664 2932 734 quia
2963 666 3123 722 veluti
3149 674 3324 724 mater
3351 667 3435 722 iu-

1868 753 2065 810 rantem
2100 756 2293 820 lactat;
2341 757 2420 811 sic
2447 765 2500 810 et
2526 756 2640 825 ipsa
2672 756 2998 827 pinguedine
3021 765 3076 812 et
3101 772 3224 813 rore
3253 759 3433 814 omnia

1867 864 2210 904 succrescere
2240 848 2386 902 facit.
2423 853 2479 902 tn
2511 847 2648 902 cmio
2672 849 2844 916 posita
2869 863 3136 904 annorum
3177 851 3432 910 circulos.

1869 942 2134 996 mensium
2205 942 2500 1006 terminos,
2568 954 2870 1012 temporum
2946 952 3437 1015 tempestatumque

1867 1033 2284 1098 conversiones,
2331 1033 2442 1086 νιϊί
2494 1048 2556 1088 ac
2607 1031 2744 1086 ﬁrmi
2786 1032 3068 1089 Paschalis
3130 1049 3435 1106 congruens

1868 1135 2079 1192 tempus
2110 1124 2330 1177 indicat.
2375 1122 2646 1192 Sapientia
2693 1124 2764 1178 ita
2799 1125 3051 1196 loquente
3079 1144 3092 1179 :
3119 1127 3160 1179 A
3205 1126 3330 1180 luna
3362 1131 3437 1180 si-

1866 1232 2022 1285 gnum
2048 1216 2154 1268 dici
2183 1216 2302 1286 festi
2334 1216 2377 1246 ³³
2414 1234 2428 1269 :
2463 1226 2515 1270 ct
2542 1218 2669 1287 quia
2714 1219 2981 1274 luminare
3017 1230 3097 1275 est
3139 1220 3301 1276 modo
3327 1222 3433 1275 mi-

1867 1316 2092 1371 nutum,
2141 1308 2301 1361 modo
2343 1323 2611 1372 crescens,
2643 1310 2770 1365 hinc
2800 1327 2915 1365 men
2944 1313 3265 1382 appellatur.
3296 1312 3430 1366 Rem

1866 1402 1936 1456 ita
1969 1413 2151 1456 narrat
2178 1403 2313 1457 iiber
2344 1401 2616 1458 Gcncseos
2651 1423 2662 1456 :
2694 1403 2762 1458 Et
2795 1403 2931 1458 dixit
2960 1405 3141 1462 Deus:
3176 1404 3303 1460 Fiat
3340 1407 3433 1460 lux

1863 1494 1914 1546 in
1948 1494 2280 1563 firmamento
2314 1494 2451 1561 ca’li,
2499 1495 2568 1548 ad
2616 1496 2892 1550 lucendth
2938 1514 3092 1566 super
3124 1508 3350 1562 terram,
3384 1509 3433 1552 et

1866 1586 1934 1638 ad
1959 1587 2311 1655 principatum
2357 1587 2461 1640 dici
2495 1599 2543 1640 et
2578 1590 2780 1644 noctis:
2810 1600 2859 1642 ct
2884 1591 2989 1644 sint
3029 1591 3084 1644 in
3113 1593 3262 1661 signa
3292 1604 3340 1646 et
3376 1594 3431 1643 in

1863 1691 2094 1749 tempora
2125 1690 2171 1732 ct
2209 1682 2260 1733 in
2304 1681 2413 1733 dies
2448 1693 2494 1733 rt
2534 1681 2586 1734 in
2623 1698 2786 1736 annos
2818 1697 2836 1735 :
2876 1692 2923 1734 et
2956 1683 3062 1736 sint
3095 1685 3150 1736 in
3181 1684 3348 1739 lucem
3376 1687 3432 1739 in

1863 1773 2193 1841 ﬁrmamento
2228 1772 2340 1825 ccc-li
2375 1773 2442 1824 ad
2486 1771 2764 1827 lucentium
2805 1785 2962 1844 super
2989 1786 3186 1829 terram
3211 1776 3275 1829 ³³.
3310 1775 3350 1830 11
3371 1795 3432 1834 ec

1862 1867 2043 1920 omnia
2089 1876 2281 1922 vesta-2e
2333 1866 2517 1936 pietati
2569 1868 2841 1924 recitanda
2891 1869 3044 1936 duxi,
3089 1879 3150 1924 ut
3194 1885 3258 1926 ex
3297 1871 3430 1941 ipsis

1859 1958 2023 2013 rebus
2057 1967 2218 2028 atque
2245 1974 2309 2012 ex
2339 1957 2634 2030 Scripturis
2661 1960 2920 2016 divinitus
2947 1963 3223 2034 inspiratis
3247 1975 3432 2022 osten-

1857 2055 2038 2107 det-cm
2077 2053 2260 2108 iuuant
2296 2069 2400 2107 non
2445 2069 2565 2109 esse
2602 2055 2824 2110 insania:
2853 2071 3113 2124 causam;
3149 2059 3241 2114 sed
3275 2061 3435 2115 mali.-

1859 2163 2020 2216 gnnzu
2073 2148 2430 2216 dolosumque
2492 2146 2788 2202 diabolum.
2841 2146 2956 2218 ipse
3006 2165 3240 2220 namque
3290 2151 3431 2206 inter

1861 2239 2126 2308 malignos
2151 2236 2386 2293 artiﬁces
2413 2249 2825 2304 annumeratur,
2856 2249 2908 2295 et
2940 2255 3064 2297 cum
3111 2259 3217 2297 non
3258 2245 3432 2313 possit

1859 2328 1964 2382 alia
1997 2331 2206 2384 ratione
2256 2331 2416 2388 rebus
2453 2331 2686 2387 conditis
2730 2333 2968 2388 numinis
3011 2335 3244 2404 speciem
3271 2336 3429 2391 aliin-

1862 2436 2003 2490 gerc,
2036 2421 2118 2474 vel
2150 2420 2397 2475 homines
2443 2420 2507 2474 ad
2553 2420 2820 2477 idolorum
2871 2423 3140 2479 lictionem
3192 2429 3430 2497 compel-

1861 2513 1990 2575 lere,
2037 2512 2289 2566 obscrrat
2333 2513 2672 2569 neoutcniam
2704 2513 2843 2568 luna:
2871 2531 2884 2565 :
2914 2527 2968 2568 ct
3004 2533 3128 2570 cum
3165 2519 3230 2572 ad
3269 2520 3430 2589 quin-

1859 2615 1973 2658 tum
2007 2603 2147 2658 diem
2183 2607 2507 2675 pervenerit,
2543 2617 2672 2662 tunc
2715 2619 2970 2678 procurat
3015 2620 3072 2664 ut
3116 2611 3430 2680 cpilepticus

1861 2697 2078 2763 clamet,
2109 2713 2326 2766 spumas
2357 2698 2562 2764 cllerat,
2593 2716 2711 2756 sese
2745 2701 2795 2755 in
2833 2701 3008 2774 ignem
3045 2703 3298 2772 conjiciat
3335 2715 3430 2760 aut

1860 2786 1914 2840 in
1951 2803 2169 2857 aquam,
2193 2798 2250 2840 ut
2279 2789 2396 2857 ejus
2422 2800 2675 2860 parentes
2697 2802 2790 2846 aut
2815 2792 3031 2858 fratres,
3065 2793 3178 2847 sive
3204 2808 3429 2849 consan-

1861 2879 2069 2948 guinei,
2115 2889 2376 2950 cogantur
2415 2880 2596 2936 lunam
2638 2883 2886 2944 adorare.
2919 2884 3018 2938 rati
3054 2885 3222 2953 ipsam
3255 2901 3429 2957 puero

1859 2969 2187 3023 dsetnonium
2221 2969 2530 3025 immisisse.
2567 2970 2930 3036 Quamobrem
2977 2972 3146 3029 Graeci
3185 2977 3427 3045 reginam

1860 3060 1986 3114 εωιί
2028 3068 2224 3114 vocant
2259 3061 2461 3132 ipsam;
2497 3077 2618 3131 quae
2664 3069 2841 3117 tamen
2885 3063 3085 3118 famula
3119 3067 3298 3120 .noctis
3323 3077 3427 3132 cst,

1859 3161 1913 3206 et
1942 3152 2191 3206 humana:
2229 3164 2437 3208 naturze
2472 3154 2720 3209 ministra
2741 3195 2756 3218 ,
2787 3170 2894 3208 non
2922 3167 3101 3210 autem
3130 3156 3348 3212 domina
3377 3169 3432 3211 ct.

1861 3245 2131 3315 princeps.
2178 3243 2358 3311 Quare
2404 3244 2531 3301 Jesu
2597 3245 2796 3318 Moysis
2839 3261 3125 3303 successor
3171 3249 3431 3320 praecepit

1861 3337 2014 3406 ipsis,
2061 3339 2146 3392 his
2179 3339 2359 3393 verbis
2395 3354 2408 3390 :
2459 3337 2573 3392 Stet
2616 3340 2694 3394 sol
2732 3327 2916 3393 contra
2942 3339 3180 3406 Cabaon,
3213 3352 3262 3395 et
3299 3341 3430 3396 luna

1861 3439 2042 3482 contra
2088 3428 2272 3482 vallem
2329 3429 2517 3496 lflom,
2561 3431 2722 3485 donec
2767 3432 2990 3502 quinque
3043 3449 3184 3502 reges
3232 3433 3429 3495 Amor-

1861 3521 2123 3575 rltworunt
2147 3520 2199 3572 in
2225 3521 2404 3592 fugam
2434 3534 2628 3577 vertam
2657 3524 2722 3577 “.
2752 3522 2928 3580 Homo
2960 3525 3145 3603 itaque
3172 3525 3264 3595 qui
3288 3525 3432 3580 luna:

1862 3613 2107 3682 imperat,
2163 3615 2436 3685 quomodo
2503 3625 2682 3686 potest
2743 3616 2812 3672 ab
2872 3617 3006 3688 ipsis
3067 3617 3431 3675 iuminaribus

1860 3706 2007 3762 maio
2057 3705 2226 3772 allici,
2282 3709 2457 3779 iisque
2504 3709 2734 3779 subjici?
2762 3709 2945 3781 Apage
2987 3725 3118 3783 ergo
3146 3711 3430 3769 machinas

1861 3798 2114 3856 draconis
2141 3811 2421 3872 apostatae,
2453 3819 2516 3857 ac
2543 3804 2794 3872 gentilem
2825 3820 3064 3863 errorem
3091 3815 3144 3859 et
3165 3805 3435 3874 supersti-

1864 3892 2086 3948 tionem.

168 3981 358 4036 σεέντε
379 3983 662 4050 βασιλεῖς
691 3984 808 4037 τῶν
843 3987 1190 4056 Ἀμορῤαἰωγ
1215 3985 1606 4054 τροπώσομαι.
1647 3986 1703 4037 '0
1734 3985 1911 4040 τοίνυν
1949 3988 2254 4044 ἐπιτάσσων
2277 3988 2558 4061 ἄνθρωπος
2589 3992 2654 4062 τῇ
2689 3989 2905 4062 σελήνῃ,
2939 3990 3054 4052 πῶς
3083 3981 3194 4044 οἷόν
3217 3988 3281 4041 τέ
3306 3989 3428 4048 ἐστι

167 4076 308 4148 παρ’
354 4077 538 4142 αὐτοῖς
587 4079 992 4133 κακοποιεῖσθαι
1035 4079 1194 4133 αὐτὸν
1237 4077 1742 4150 ἥδεσποτεὺεσθαι;
1787 4081 1999 4150 Ἀπαγε
2027 4078 2121 4136 οὖν
2158 4084 2252 4154 ἀφ’
2287 4086 2482 4140 ἑαυτοῦ
2527 4087 2596 4140 τὰ
2645 4085 3007 4158 μηχανήματα
3053 4082 3147 4140 τοῦ
3191 4084 3438 4156 suam,

167 4182 271 4220 του
309 4167 619 4239 δράκοντος,
653 4169 746 4222 καὶ
790 4169 888 4240 τὴν
924 4167 1237 4241 Ἑλληνικὴν
1269 4167 1477 4239 πλάνην
1511 4168 1604 4222 καὶ
1636 4167 2071 4244 δεισιδαιμονίαν,

250 4258 359 4330 (24)
392 4261 508 4314 Ὅτι
547 4260 774 4315 κλείετε
803 4261 917 4330 τὴν
939 4262 1268 4326 βασιλείαν
1297 4261 1417 4316 τῶν
1457 4260 1745 4330 οὐρανῶν.

185 4351 249 4404 '0
291 4350 350 4402 δὲ
392 4351 606 4414 Λουκᾶς
636 4350 816 4418 λέγει·
848 4352 968 4407 ’Ότι
1015 4351 1197 4421 ἤρατε
1234 4352 1350 4422 τὴν
1399 4351 1607 4407 κλεῖδα
1645 4349 1754 4419 τῆς

170 4440 471 4514 γνώσεως,
500 4443 744 4497 τουτέστι
771 4443 869 4515 τὴν
903 4445 982 4508 είς
1017 4442 1248 4517 Χριστὸν
1277 4444 1480 4509 πίστιν,
1511 4442 1587 4507 ὡς
1618 4461 1752 4516 προ-

1930 4265 2070 4332 Quia
2115 4269 2362 4326 clauditis
2399 4286 2616 4342 regnum
2656 4270 2902 4324 caelorum
2927 4270 2993 4324 “.
3040 4268 3217 4326 Lucas
3245 4279 3431 4326 autem

1858 4365 1935 4418 ait
1966 4382 1981 4418 :
2025 4363 2166 4429 Quia
2204 4365 2402 4420 tulistis
2445 4364 2640 4418 clavem
2678 4364 2914 4418 scientia:
2949 4364 3017 4429 “,
3056 4361 3108 4416 id
3145 4371 3228 4418 est
3262 4362 3425 4418 ﬁdem

1860 4457 1915 4512 in
1948 4455 2248 4521 Christum,
2293 4465 2479 4525 utpote
2524 4469 2645 4524 quae
2671 4456 2812 4511 viam
2865 4463 3016 4525 paret
3049 4454 3116 4510 ad
3161 4454 3426 4526 cognitio—

156 4529 522 4590 ὀδοποιοῦσαν
563 4537 642 4599 εἰς
692 4535 789 4606 τὴν
835 4535 1035 4605 γνῶσιν
1080 4536 1181 4606 τῆς
1223 4535 1481 4608 ἀληθείας
1523 4535 1618 4589 καὶ
1653 4534 1754 4605 τῆς

1862 4563 1983 4608 nem
2028 4547 2274 4605 veritatis
2329 4555 2389 4603 et
2445 4546 2706 4602 doctrinae
2752 4542 2946 4616 ipsius.
2997 4541 3172 4610 Quam
3215 4541 3426 4610 clavem

173 4626 523 4691 διδασκαλίας
569 4626 754 4682 αὑτοῦ.
801 4628 1028 4682 Ἤντινα
1073 4628 1255 4682 κλεῖδα
1297 4623 1440 4701 ἦραν
1479 4627 1588 4682 ἀπὸ
1643 4626 1753 4680 τῶν

178 4716 479 4788 μελλόντων
508 4717 574 4774 δι’
605 4719 777 4792 αὐτῆς
807 4717 1148 4789 είσέργεσθαι

250 4873 296 4906 ⁸⁸
332 4873 500 4930 Eccii.
526 4889 682 4942 mn,
707 4872 759 4927 7.
835 4875 880 4910 ³⁸
910 4875 1048 4932 Gen.
1085 4891 1127 4946 ι,
1157 4875 1245 4932 14.

251 5027 362 5100 (τι)
387 5027 447 5084 ιιι
478 5027 610 5085 edit.
641 5028 841 5086 Athan.
871 5045 926 5100 p.
956 5027 1114 5096 1009,
1145 5043 1210 5086 ex
1241 5026 1492 5086 Possino.

1323 4873 1370 4906 “
1396 4873 1564 4931 losue
1597 4888 1650 4941 ι,
1683 4873 1771 4928 12.
1845 4872 1890 4903 ⁸⁸
1921 4869 2112 4930 Matth.
2146 4886 2299 4935 χχιιι,
2329 4870 2416 4926 13.

1860 4641 2204 4698 abstulerunt
2227 4640 2300 4697 ab
2327 4639 2394 4698 iis
2420 4640 2514 4711 qui
2548 4637 2666 4710 ejus
2695 4652 2797 4708 ope
2826 4636 3080 4692 intraturi
3105 4644 3283 4700 erant.

2494 4870 2538 4901 δ’
2571 4866 2702 4923 Luc.
2732 4882 2810 4935 ιι,
2837 4866 2934 4923 52.

646 5303 1033 5382 MONITUM
1087 5314 1172 5377 IN
1229 5317 1663 5382 EXCERPTA
1702 5311 2486 5381 COMMENTARIORUM
2534 5311 2618 5373 1N
2661 5308 2936 5378 LUCAM

252 5611 595 5668 Hercbamus
625 5611 750 5668 olim
779 5628 903 5667 num
929 5612 1254 5669 Athanasius
1286 5611 1677 5668 Commentario
1706 5611 1760 5665 in
1791 5611 2000 5665 Lucam
2027 5605 2294 5668 edidisset,
2327 5617 2504 5657 necne.
2540 5600 2683 5655 Licet
2716 5600 2858 5654 enim
2885 5597 3102 5654 Catena:
3128 5597 3180 5652 in
3217 5594 3422 5658 Lucam

181 5709 379 5780 aliquot
410 5709 521 5778 ejus
553 5701 844 5782 fragmenta
873 5712 1204 5781 prteferrcnt,
1235 5728 1333 5766 non
1370 5712 1424 5764 in
1449 5721 1695 5780 promptu
1723 5718 1838 5763 erat
1882 5709 2053 5763 dicere
2099 5721 2162 5760 ex
2197 5702 2692 5762 Commentariisnc,
2724 5716 2791 5752 an
2823 5713 2888 5752 ex
2913 5697 3034 5751 aliis
3064 5695 3261 5766 injuria
3289 5705 3449 5772 teme

181 5819 366 5870 parum
391 5803 703 5858 oblitteratis
734 5802 972 5863 operibus
999 5805 1117 5860 hinc
1144 5805 1263 5860 inde
1299 5811 1571 5872 cxsumpta
1603 5820 1633 5856 α
1667 5801 1986 5857 Catenarum
2015 5798 2316 5855 auctoribus
2361 5795 2602 5864 fuissent.
2639 5791 2735 5845 llis
2770 5787 3138 5864 rcromrclatis
3168 5788 3221 5849 in
3246 5786 3418 5851 lucem
