4094 6322
651 357 789 411 1595

1454 370 1508 424 S.
1552 371 1916 431 ATUANASH
1956 377 2104 435 OPP.
2143 379 2321 439 PARS
2364 382 2449 440 Ill.
2490 412 2560 425 -
2598 384 3003 443 EXEGETICA.

3744 394 3880 449 i396

642 481 727 525 est
750 473 929 532 homo.
970 478 1124 545 Quod
1170 482 1213 538 si
1241 486 1362 554 qnis
1401 487 1549 547 illud.
1588 499 1644 545 ut
1681 494 1921 550 sisterent
1954 514 2068 552 eam
2103 496 2209 555 Da-

2318 503 2649 577 ριὸἑϐληται,
2686 506 2800 560 ἀλλ’
2832 504 3020 561 ἕνεκεν
3042 505 3134 561 τοῦ
3182 506 3426 577 ἀγιάξειν
3458 510 3558 582 τὴν
3584 508 3764 583 σάρκα
3790 526 3878 581 γε-

644 567 809 631 mino,
856 570 924 624 tle
974 572 1091 643 ipso
1137 574 1369 635 Domino
1412 581 1613 637 dictum
1658 588 1913 657 excipiat,
1945 591 1991 645 is
2016 607 2146 646 sane
2175 609 2205 648 a

638 660 1115 723 verisimilitudine
1156 668 1375 728 labitur.
1400 672 1757 741 Quandonam
1785 681 2049 739 Dominus
2077 701 2207 741 ocu.

637 745 706 803 lis
753 747 929 809 Patris
975 756 1327 819 absconditus
1370 762 1489 829 fuit,
1541 777 1599 821 ut
1637 785 1741 825 non
1782 782 1963 840 posset
1990 775 2058 828 ah
2089 774 2207 846 ipso

636 842 982 903 videri?Aut
1020 852 1143 920 quis
1192 854 1342 910 locus
1369 866 1519 912 extra
1580 861 1699 930 ejus
1752 864 2007 921 ditionem
2062 842 2208 938 posi-

636 940 745 1000 tus,
774 945 835 991 ut
865 938 970 995 illic
996 942 1223 1013 degens,
1266 946 1415 1003 Patri
1459 967 1697 1021 praesens
1727 971 1833 1009 non
1872 967 2036 1021 esset,
2070 962 2204 1014 niSI-

634 1023 1029 1101 Jerosolymam
1076 1036 1273 1093 allatus
1299 1050 1351 1095 et
1386 1042 1439 1096 in
1474 1045 1730 1115 templum
1759 1048 2012 1105 inductus
2033 1054 2207 1107 esset?

638 1117 749 1213 (Zur
778 1121 1062 1213 ﬁguratam
1104 1129 1334 1187 hostiam
1398 1136 1691 1194 oll'erehant
1792 1157 1916 1196 cum
1967 1145 2081 1213 ipse
2138 1147 2205 1200 sit

634 1208 880 1265 veritas?
909 1212 993 1268 An
1037 1216 1173 1271 forte
1210 1236 1315 1275 non
1350 1239 1446 1292 pro
1491 1226 1599 1291 illo,
1626 1228 1717 1283 sed
1752 1246 1850 1299 pro
1883 1208 2041 1287 nobis
2090 1234 2205 1289 haec

634 1302 835 1373 scripta
860 1308 1025 1361 sunt?
1059 1307 1529 1374 Quemadmodum
1563 1319 1732 1385 enim,
1770 1320 1911 1377 Deus
1957 1339 2079 1378 cum
2111 1326 2200 1387 sit,

634 1408 743 1448 non
778 1395 861 1450 sui
886 1413 1071 1466 causa,
1092 1411 1283 1459 natura
1311 1406 1495 1473 homo,
1526 1409 1643 1464 sine
1671 1415 1969 1469 mutatione
1996 1426 2199 1483 tamen,

633 1484 882 1552 ellicitur,
921 1506 1082 1548 carne
1114 1495 1545 1565 circumciditur,
1579 1503 1901 1573 baptizatur,
1933 1517 2061 1568 etc..
2108 1512 2199 1564 sed

635 1580 809 1634 nostri
838 1585 1035 1652 gratia,
1058 1596 1111 1641 ut
1146 1605 1267 1652 nos,
1290 1592 1382 1661 qui
1408 1592 1657 1651 homines
1680 1614 1889 1665 smnus,
1915 1602 2202 1672 adoptione

633 1684 730 1738 per
757 1675 984 1742 gratiam
1035 1677 1109 1732 dii
1146 1681 1445 1738 elliciamur
1466 1724 1481 1750 ,
1509 1696 1564 1740 et
1609 1688 2065 1747 circumcidamur
2092 1695 2210 1765 spi-

635 1762 924 1832 ritualiter,
953 1784 1060 1823 non
1094 1774 1393 1829 secundum
1432 1777 1624 1847 legem,
1657 1780 1845 1835 sordes
1872 1785 2072 1851 peccati
2108 1762 2202 1853 per

632 1849 961 1920 baptismum
997 1858 1305 1929 abluamus,
1342 1867 1729 1936 crueiligamur
1773 1873 1996 1934 mundo,
2033 1884 2086 1929 et
2118 1892 2203 1927 re-
2235 1864 2275 1923 Β

632 1958 920 2012 surgamus
954 1949 1096 2015 Deo;
1129 1953 1202 2007 ita
1248 1958 1391 2024 quod
1429 1958 1517 2014 hic
1552 1960 1751 2016 dicitur
1786 1964 1853 2018 de
1884 1968 2202 2037 purgatione

628 2051 844 2102 eorum,
874 2052 946 2103 et,
980 2054 1032 2094 ut
1065 2045 1446 2106 sisterenteum
1478 2048 1726 2117 Domino,
1762 2064 1814 2107 et
1858 2056 1924 2108 de
1957 2056 2200 2126 liguratis

638 2124 984 2194 ltostiis,nou
1019 2135 1210 2203 ipsius,
1239 2137 1333 2192 sed
1383 2135 1557 2195 nostri
1591 2158 1755 2199 causa
1795 2158 1946 2214 geSIa
1978 2124 2031 2201 et
2064 2151 2200 2202 seri-

628 2227 721 2284 pta
755 2232 913 2285 sunt,
946 2235 1003 2277 ttt
1050 2227 1328 2283 discamus
1384 2233 1661 2300 quomodo
1711 2250 1812 2289 nos
1874 2252 2104 2306 purgare
2147 2249 2201 2292 ιιι

629 2308 825 2366 sistere
875 2314 983 2368 Deo
1010 2317 1322 2385 debeamus,
1357 2325 1588 2393 mystice
1612 2342 1675 2381 ac
1710 2328 2065 2397 spiritualiter
2114 2332 2201 2385 ol-

628 2401 864 2460 l'crentes
899 2407 1005 2476 ipsi
1033 2426 1130 2479 par
1165 2423 1459 2482 turturum,
1497 2429 1591 2473 aut
1611 2421 1748 2475 duos
1779 2423 1954 2491 pullos
1983 2424 2196 2478 colum-

630 2498 847 2551 barum.
885 2501 1090 2556 Turtur
1119 2507 1318 2576 quippe
1353 2513 1721 2580 temperatttite
1750 2524 1803 2567 et
1825 2516 2021 2583 quietis
2048 2533 2195 2588 sym-

629 2588 809 2643 bolum
841 2603 959 2646 est:
1011 2611 1135 2649 nant
1190 2599 1497 2657 solitudinis
1545 2619 1734 2660 amans
1792 2607 2197 2662 continentissi-

628 2696 888 2750 tnttmque
914 2685 1115 2741 animal
1146 2699 1267 2756 est;
1313 2690 1384 2745 ita
1430 2703 1487 2747 ut
1520 2695 1635 2749 sive
1675 2710 1823 2750 mare
1852 2696 1965 2752 sive
1996 2698 2195 2753 femina

625 2771 915 2838 defunctis,
951 2788 1140 2833 neuter
1156 2796 1346 2835 eorum
1373 2783 1528 2838 alteri
1558 2791 1877 2856 copuletur:
1914 2792 2046 2858 pulli
2072 2809 2197 2845 vero

628 2865 1029 2933 columbarum,
1081 2871 1405 2930 innocentiae
1452 2888 1505 2932 ct
1553 2884 1990 2937 mansuetudinis
2038 2896 2197 2955 typus

624 2964 771 3009 sunt.
810 2958 1093 3031 Quotquot
1129 2965 1297 3032 igitur”
1320 2984 1438 3023 sese
1471 2986 1573 3040 per
1590 2974 1980 3029 continentiam
2013 2992 2043 3029 a
2077 2993 2197 3030 car-

626 3048 841 3105 nalibus
873 3054 1239 3126 voluptatibus
1264 3069 1317 3115 et
1350 3065 1810 3134 concupiscentiis
1844 3079 2146 3138 expungant
2176 3112 2191 3136 ,

625 3153 690 3194 ac
711 3155 806 3209 per
833 3142 1196 3205 innocentiam
1224 3161 1278 3205 et
1316 3156 1790 3211 mansuetudinem
1833 3159 1902 3212 ab
1930 3160 2007 3214 ira
2037 3169 2091 3214 et
2119 3160 2201 3215 fu-

624 3245 751 3286 rore
788 3243 1108 3306 temperant,
1146 3242 1403 3309 pulchras
1426 3260 1614 3301 revera
1651 3248 1855 3304 hostias
1887 3250 2199 3319 ali‘erentes,
2222 3220 2266 3279 ο

624 3322 719 3378 Dei
760 3331 1001 3397 aspectui
1068 3343 1272 3403 patent,
1308 3353 1371 3392 ac
1430 3339 1483 3392 in
1531 3338 1830 3397 Jerusalem
1876 3343 2081 3399 cmlesti
2136 3360 2197 3399 se

628 3417 849 3474 sistunt.
870 3420 1230 3497 Nihilquippe
1255 3428 1325 3483 ita
1350 3428 1458 3486 Deo
1483 3432 1708 3487 charum
1742 3446 1825 3490 est
1855 3448 1914 3491 ut
1944 3437 2173 3492 innocen

628 3512 706 3564 tia
754 3525 807 3566 et
848 3515 1202 3572 continentia.
1244 3519 1318 3573 lta
1348 3537 1479 3576 sane
1524 3539 1624 3579 nos
1679 3527 2018 3581 continentes
2072 3542 2195 3583 esse

630 3606 856 3673 expetit,
886 3617 945 3662 ut
983 3625 1049 3663 ne
1089 3612 1305 3680 quidem
1353 3614 1420 3669 ad
1473 3618 1966 3687 concupiscentiam
2023 3636 2195 3689 usque

630 3696 911 3751 mulierem
939 3700 1299 3769 respiciamus
1326 3706 1342 3735 '
1378 3746 1390 3759 .
1428 3704 1502 3759 De
1533 3708 1841 3762 innocentia
1873 3719 2054 3762 autem
2083 3711 2196 3763 ha-c

630 3788 743 3841 ait:
781 3788 907 3844 Nisi
956 3797 1185 3847 conversi
1238 3796 1448 3863 [ueritis
1477 3808 1526 3851 et
1557 3801 1855 3869 e/ficiamini
1903 3803 2038 3855 sicut
2073 3818 2196 3869 par-

628 3879 737 3932 vuli
773 3881 841 3947 ⁸³,
882 3898 989 3937 non
1024 3900 1282 3953 corporea
1319 3890 1537 3956 quidem
1570 3900 1813 3957 statura;
1847 3893 1941 3945 sed
1973 3893 2039 3946 iis
2067 3910 2201 3962 pue-

630 3985 817 4027 rorum
854 3975 1219 4032 innocentiam
1249 3980 1538 4050 signiﬁcat.
1571 3982 1997 4039 Mansuetudinis
2028 4001 2190 4054 porro

628 4075 682 4117 et
709 4063 1035 4123 humilitatis
1066 4086 1186 4124 sese
1243 4071 1296 4125 in
1325 4075 1631 4143 exemplum
1669 4078 1918 4145 proponit
1961 4077 2146 4131 dicens
2176 4098 2188 4133 :

628 4154 830 4211 Discite
854 4175 885 4211 α
912 4176 990 4213 me
1012 4164 1133 4230 quia
1156 4166 1299 4217 mitis
1323 4182 1438 4219 sum
1463 4177 1510 4219 et
1533 4168 1747 4221 humilis
1768 4169 1921 4221 corde
1945 4169 2006 4221 “.
2032 4168 2183 4234 Quod

632 4247 677 4300 si
710 4249 832 4318 quis
854 4250 1071 4315 dixctit,
1114 4254 1293 4320 Quare
1337 4267 1635 4311 memorata
1670 4259 1925 4314 animalia
1956 4260 2079 4314 bina
2114 4260 2197 4313 of-

632 4336 762 4392 ferri
790 4344 1064 4412 przecepit,
1095 4354 1150 4398 et
1184 4348 1286 4399 alia
1316 4348 1535 4416 quidem
1587 4350 1821 4418 perfecta
1842 4392 1857 4416 ,
1889 4352 1992 4405 alia
2025 4352 2198 4421 pullos

630 4430 745 4483 vult
772 4432 936 4487 esse?
976 4436 1105 4489 huic
1146 4451 1405 4504 reponam
1437 4480 1451 4504 ,
1500 4456 1623 4493 cum
1683 4441 1943 4496 homoex
1982 4442 2196 4497 duobus

632 4532 862 4586 constet,
882 4526 1062 4580 anima
1090 4528 1298 4584 scilicet
1329 4540 1384 4584 et
1415 4547 1663 4600 corpore,
1683 4534 1950 4603 duplicem
1982 4550 2009 4587 a
2043 4536 2198 4590 nobis

630 4617 1021 4673 continentiam
1056 4631 1107 4675 ct
1137 4623 1608 4679 mansuetudinem
1670 4626 1838 4681 Deum
1892 4629 2185 4699 requirere.

632 4704 766 4760 Nam
795 4709 837 4761 si
866 4726 1095 4781 corpore
1128 4715 1346 4783 quidem
1396 4732 1425 4771 a
1460 4718 1772 4773 carnalibus
1831 4720 2196 4789 voluptatibus

555 4802 559 4807 “
631 4803 953 4868 abstineam,
980 4806 1173 4860 animo.
1196 4818 1375 4863 autem
1418 4810 1483 4864 ad
1517 4826 1704 4864 earum
1737 4810 2043 4881 cupidinem
2080 4828 2198 4865 mu-

633 4909 779 4960 vcar,
806 4911 913 4951 non
946 4899 1255 4962 continens,
1309 4903 1399 4955 sed
1434 4903 1681 4957 mmchus
1719 4921 1858 4958 sum.
1913 4902 2045 4957 Nam
2104 4905 2196 4973 qui

631 4989 888 5055 respexit,
922 4990 1020 5051 ait,
1064 4991 1131 5043 ad
1166 4994 1658 5061 concupiscendum
1693 5036 1707 5057 ,
1750 4995 1861 5063 jam
1898 4998 2200 5051 moechatus

629 5089 714 5133 est
742 5080 793 5133 in
826 5080 991 5137 corde
1033 5082 1098 5133 ⁸⁷η.
1125 5086 1202 5138 Ae
1224 5101 1466 5149 rursum,
1496 5089 1585 5155 qui
1615 5090 1792 5157 specie
1813 5089 2029 5159 quidem
2054 5106 2201 5144 mau-

633 5184 827 5227 suetus
873 5189 994 5228 esse
1031 5175 1276 5244 videtur;
1324 5180 1504 5233 anima
1533 5191 1712 5233 autem
1769 5182 1833 5234 ad
1881 5182 2015 5235 iram
2053 5197 2200 5237 eom-

635 5280 883 5324 movetur
910 5287 923 5337 ;
952 5288 1059 5326 non
1094 5272 1373 5339 innocens,
1400 5274 1492 5329 sed
1528 5275 1802 5344 hypocrita
1826 5284 1879 5328 et
1910 5276 2202 5330 iracundus

633 5368 737 5423 est,
780 5362 1007 5416 occulta:
1038 5363 1257 5417 malitia:
1287 5364 1683 5432 operimentum
1716 5364 1920 5417 habens
1971 5366 2219 5417 ementis

638 5459 744 5503 tam
779 5451 923 5504 illam
953 5453 1278 5508 innocentiae.
1308 5454 1543 5523 speciem
1577 5474 1593 5510 ε
1623 5454 1766 5524 quod
1811 5472 1989 5522 genus
2023 5457 2199 5509 homi-

644 5555 771 5593 num
806 5544 1069 5613 ptophela
1098 5545 1405 5599 subindicat
1434 5546 1518 5599 his
1558 5548 1771 5601 \‘erbis:
1803 5545 1903 5601 Ore
1929 5564 2022 5601 suo
2053 5548 2202 5601 bene-

636 5632 879 5687 direbant
931 5646 979 5689 et
1024 5639 1179 5691 corde
1212 5656 1304 5691 suo
1346 5639 1723 5692 maledicebant
1760 5640 1825 5696 ⁵³.
1853 5641 1931 5695 Ac
1961 5657 2151 5694 rursus
2186 5659 2201 5693 ι

635 5725 739 5789 Qui
766 5726 1055 5797 loqttttttmr
1079 5747 1260 5797 pacem
1292 5747 1409 5783 cum
1440 5732 1679 5801 proximo
1715 5747 1833 5799 suo,
1859 5732 2002 5785 mala
2024 5742 2198 5785 autent

706 5869 751 5903 ⁸⁸
783 5869 972 5927 Matth.
1022 5888 1074 5941 ν,
1120 5872 1212 5927 28.
1292 5874 1335 5905 ⁸⁸
1396 5873 1582 5929 Matth.
1644 5876 1874 5943 “111,3.

1951 5877 1996 5908 “
2027 5874 2299 5944 MJUILM,
2327 5879 2415 5931 39.

2310 616 2467 666 γονεν
2496 596 2800 670 ἄνθρωπος.
2837 601 2899 654 El
2929 599 2985 655 δὲ
3028 600 3121 655 καὶ
3151 599 3230 665 τὸ,
3281 601 3667 672 παραστῆσαι
3691 606 3880 659 αὐτὸν

2308 688 2387 755 τῷ
2428 692 2638 759 Κυρίῳ,
2668 693 2795 765 περὶ
2825 691 2988 748 αύτοῦ
3021 693 3114 747 τοῦ
3148 692 3351 765 Κυρίου
3388 714 3473 761 τις
3504 696 3745 761 ὲκλάϐοι,
3785 702 3877 752 καὶ

2308 781 2480 845 οὕτως
2509 784 2763 837 ἐκπίπτει
2807 784 2900 838 τοῦ
2934 784 3160 849 εἰκότος.
3211 783 3346 840 Πότε
3395 788 3502 858 γὰρ
3531 789 3827 861 ἀπεκρύϐη
3855 792 3881 842 ὁ

2307 875 2510 947 Κύριος
2539 878 2602 930 ὲκ
2647 877 2756 930 τῶν
2795 877 3084 948 ὀφθαλμῶν
3118 877 3213 932 τοῦ
3248 880 3458 951 Πατρὸς
3480 921 3495 947 ,
3541 882 3625 937 ἴνα
3678 882 3754 954 μὴ
3788 882 3849 933 δυ

2307 966 2442 1039 νηθῇ
2493 965 2583 1020 ὐπ’
2625 966 2789 1021 αὐτοῦ
2826 966 3091 1037 (marem;
3128 970 3198 1022 Ἢ
3227 974 3377 1033 ποῖος
3405 970 3567 1034 τόπος
3625 971 3735 1037 ἐξω
3783 972 3882 1040 τῆς

2307 1057 2473 1112 αὐτοῦ
2500 1058 2813 1123 δεσποτείας
2841 1060 3093 1132 ὑπάρχει,
3126 1060 3210 1113 ἴνα
3241 1063 3355 1114 ἐκεῖ
3393 1061 3468 1116 ῶν
3502 1063 3574 1134 μὴ
3604 1066 3753 1134 παρῇ
3804 1061 3881 1132 τῷ

2306 1150 2501 1221 Πατρὶ,
2534 1152 2582 1204 εί
2615 1151 2689 1222 μὴ
2728 1154 2807 1215 εἰς
2843 1152 3188 1223 Ἰεροσόλυμα
3232 1153 3519 1225 ἀνηνέχθη,
3556 1156 3649 1207 καὶ
3681 1158 3763 1217 εἰς
3788 1156 3882 1209 τὸν

2306 1241 2432 1293 ναὸν
2482 1241 2814 1313 dative-(On;
2848 1242 2974 1304 Πῶς
3004 1242 3060 1295 δὲ
3104 1243 3198 1297 καὶ
3250 1243 3346 1307 τὰς
3393 1247 3626 1310 τυπικὰς
3683 1246 3881 1309 θυσίας

2306 1332 2664 1407 προσέφερον,
2701 1333 2865 1387 αὑτοῦ
2909 1334 3244 1405 ὑπάρχοντος
3276 1336 3375 1407 τῆς
3420 1335 3709 1404 ἁληθείας;
3755 1339 3881 1409 Μή·

2308 1427 2427 1477 ποτ’
2449 1422 2542 1480 οὖν
2567 1426 2628 1480 οὗ
2668 1426 2740 1479 δι’
2781 1427 2942 1479 αὑτὸν
2962 1465 2975 1490 ,
3011 1426 3147 1480 ἀλλὰ
3188 1428 3255 1480 δι’
3284 1430 3433 1499 ἡμᾶς
3461 1429 3628 1481 ταῦτα
3665 1431 3877 1501 γέγραο

2305 1533 2479 1573 mat:
2530 1517 2741 1590 Ὥσπερ
2776 1517 2907 1589 γὰρ,
2938 1516 3069 1581 Θεὸς
3114 1516 3223 1583 ὢν,
3266 1521 3326 1572 οὐ
3369 1520 3433 1573 δι’
3469 1522 3661 1573 ἑαυτὸν
3714 1523 3880 1590 φύσει

2304 1608 2590 1681 ἄνθρωπος
2636 1609 2920 1679 ἀτρέπτως
2968 1611 3196 1682 γίνεται,
3227 1612 3322 1665 καὶ
3356 1612 3512 1683 σαρκὶ
3555 1613 3881 1683 περιτέμνε-

2301 1718 2414 1765 ται,
2451 1702 2544 1755 xui.
2579 1700 2918 1770 βαπτίζεται,
2954 1706 3047 1757 καὶ
3076 1704 3276 1769 τᾶλλα,
3320 1704 3451 1757 ἀλλὰ
3484 1705 3549 1757 δι’
3587 1707 3755 1776 ἡμᾶς,
3788 1706 3878 1759 ἵνα

2304 1795 2489 1863 ἡμεῖς,
2526 1792 2800 1865 ἂνθρωποι
2832 1796 3003 1859 ὄντες,
3034 1796 3177 1850 θέσει
3209 1796 3295 1851 διὰ
3323 1797 3418 1867 τῆς
3450 1797 3670 1868 χάριτος
3702 1798 3877 1866 γενώ-

2308 1884 2449 1953 μεθα
2488 1884 2618 1949 θεοὶ,
2652 1887 2745 1937 καὶ
2778 1887 3204 1959 περιτμηθῶμεν
3234 1888 3639 1957 πνευματικῶς,
3669 1890 3786 1941 ἀλλ’
3810 1890 3873 1942 οὐ

2302 1979 2559 2049 νομικῶς,
2592 1979 2799 2033 καὶτὸν
2831 1980 3001 2051 ῥύπον
3035 1981 3425 2053 ἀπονιψώμεθα
3469 1982 3569 2052 τῆς
3600 1984 3877 2053 ἁμαρτίας

2300 2072 2387 2124 διὰ.
2418 2072 2512 2124 τοῦ
2544 2071 2937 2144 βαπτίσματος,
2973 2073 3064 2126 καὶ
3112 2073 3514 2145 σταυρωθῶμεν
3549 2073 3624 2144 τῷ
3658 2075 3871 2145 κόσμῳ.

2300 2167 2393 2219 καὶ
2431 2165 2752 2236 ἀναστῶμεν
2786 2165 2862 2236 τῷ
2887 2165 3005 2237 Θεῷ
3030 2182 3045 2197 ⁸
3081 2165 3223 2219 οὕτω
3254 2167 3482 2220 κάνθάδε
3528 2166 3588 2219 τὸ
3617 2168 3744 2236 περὶ
3773 2167 3872 2219 τοῦ

2301 2257 2646 2328 καθαρισμοῦ
2667 2257 2865 2319 αὐτῶν,
2899 2257 2991 2311 καὶ
3032 2258 3114 2319 τὺ,
3155 2258 3540 2327 παραστῆσαι
3573 2259 3759 2311 αὑτὸν
3790 2257 3873 2323 τῷ

2301 2352 2353 2401 Κ
2356 2347 2512 2414 ιιοίῳ,
2531 2347 2763 2418 καὶπερὶ
2791 2346 2899 2400 τῶν
2926 2347 3170 2401 τυπικῶν
3194 2347 3414 2412 θυσιῶν,
3429 2350 3493 2400 οὐ
3515 2348 3579 2400 δι’
3598 2348 3875 2411 citima).-

2299 2437 2365 2490 λα
2378 2440 2441 2492 δι’
2458 2438 2604 2509 ἡμᾶς
2625 2439 2716 2491 καὶ
2729 2438 3015 2509 γεγένηται
3050 2440 3143 2492 καὶ
3159 2440 3483 2511 γέγραπταιο
3506 2440 3592 2491 ἵνα
3611 2440 3866 2509 μάθωμεν

2299 2530 2579 2601 καθαίρειν
2605 2530 2697 2583 καὶ
2717 2530 3065 2601 παριστάνειν
3090 2531 3313 2607 ἑαυτοὺς
3334 2530 3410 2600 τῷ
3434 2530 3575 2600 θεῷ,
3596 2531 3869 2600 μυστικῶς

2301 2624 2702 2694 προσφέροντες
2733 2621 2880 2690 αὐτῷ
2917 2623 3010 2673 καὶ
3040 2622 3421 2692 πνευματικῶς
3454 2620 3648 2688 ζεῦγος
3673 2622 3872 2691 τρυυὸ-

2301 2734 2427 2779 νων,
2458 2714 2492 2786 ἦ
2519 2714 2612 2767 δύο
2634 2713 2887 2777 νεοσσοὺς
2921 2713 3279 2785 περιστερῶν.
3315 2714 3425 2766 Καὶ
3451 2715 3483 2783 ἡ
3524 2714 3621 2777 μὲν
3653 2713 3869 2783 τρυερὼν

2300 2808 2651 2877 σωφροσύνης
2691 2807 2783 2858 καὶ
2818 2804 3047 2876 ἡσυχίας
3086 2805 3350 2876 σύμϐολον
3375 2821 3387 2834 ·
3424 2804 3724 2874 φιλέρημον
3758 2804 3867 2873 γὰρ

2298 2903 2359 2954 τὸ
2392 2900 2529 2965 ζῶον
2554 2901 2647 2953 καὶ
2679 2899 3121 2971 σωφρονέστατον
3142 2915 3155 2928 ο
3186 2899 3327 2951 ῶστε
3351 2898 3440 2950 τοῦ
3466 2898 3690 2968 ἄρρενος
3713 2898 3744 2968 ῆ
3771 2898 3867 2950 τοῦ

2299 2994 2488 3063 θήλεος
2547 2992 3008 3062 ἀποθνήσκοντος,
3049 2989 3169 3062 μηδ’
3225 2992 3407 3062 ἓτερον
3461 2990 3637 3043 αὐτῶν
3697 2991 3867 3060 ἑτέρῳ

2299 3084 2723 3154 συζεύγνυσθαιο
2771 3085 2818 3136 οἱ
2863 3084 2919 3137 δὲ
2954 3085 3163 3136 νεοσσοὶ
3209 3084 3315 3135 τῶν
3349 3083 3691 3155 περιστερῶν
3734 3084 3878 3135 ἀκασι

2300 3179 2423 3242 κίας
2456 3178 2551 3232 καὶ
2585 3178 2889 3249 πραότητος
2916 3176 2978 3228 τύ
2993 3192 3105 3240 πος.
3138 3176 3292 3228 Ὅσοι
3324 3177 3503 3228 τοίνυν
3533 3176 3619 3228 διὰ
3655 3192 3869 3245 σωφροο

2301 3271 2465 3341 σύνης
2508 3269 2860 3340 καθαίρουσιν
2909 3270 3134 3333 ἑαυτοὺς
3184 3267 3290 3321 ἀπὸ
3347 3268 3623 3337 σαρκικῶν
3668 3267 3872 3339 ἡδονῶν

2298 3366 2389 3417 καὶ
2416 3362 2741 3434 ἐπιθυμιῶν,
2769 3362 2863 3414 καὶ
2890 3361 2977 3414 διὰ
3013 3361 3111 3431 τῆς
3147 3360 3381 3423 ἀκακίας
3433 3363 3523 3413 καὶ
3566 3361 3870 3431 πραότητος

2297 3458 2589 3526 ἀπέχονται
2613 3453 2783 3525 θυμοῦ
2810 3456 2904 3507 καὶ
2926 3454 3115 3526 ὀργῆς,
3149 3448 3315 3517 ὅντως
3339 3453 3507 3516 καλὰς
3533 3453 3722 3516 θυσίας
3752 3456 3881 3506 ἐπν-

2298 3550 2606 3618 φερόμενοι,
2646 3546 2969 3599 ὀπτάνονται
3003 3544 3079 3615 τῷ
3100 3544 3236 3616 Θεῷ,
3275 3544 3368 3597 καὶ
3395 3545 3757 3613 παρίστανται
3791 3546 3875 3606 εἰς

2308 3637 2659 3710 Ἰερουσαλὴμ
2687 3638 2783 3708 τὴν
2828 3636 3166 3707 ἐπουράνιον.
3217 3634 3380 3688 Οἰδέν
3421 3635 3527 3706 γὰρ
3577 3635 3722 3688 οὖτω
3751 3635 3875 3704 Θεῷ

2298 3731 2449 3798 φίλον
2481 3728 2555 3792 ὡς
2586 3729 2790 3783 ἀκακία
2836 3730 2930 3781 καὶ
2975 3726 3311 3798 σωφροσύνη.
3367 3726 3581 3795 Ἀμέλει
3619 3726 3877 3779 τοσοῦτον

2298 3825 2443 3894 ἡμᾶς
2474 3816 2611 3875 εἶναι
2644 3822 2897 3892 βούλεται
2932 3820 3232 3891 σώφρονας,
3260 3820 3333 3882 ὡς
3371 3819 3503 3889 μηδὲ
3530 3798 3724 3889 μέχρις
3748 3820 3875 3870 ἐπιο

2300 3914 2499 3986 θυμίας
2533 3911 2824 3985 ἐμϐλέπειν
2853 3912 3093 3981 γυναικί.
3141 3912 3273 3983 Περὶ
3307 3910 3361 3963 δὲ
3386 3908 3481 3978 τῆς
3504 3911 3738 3972 ἁκακίας
3768 3927 3878 3979 φη·-

2302 4006 2384 4057 σίν
2406 4023 2419 4035 ο
2467 4002 2700 4073 Ἐὰνμὴ
2737 4001 3041 4071 στραφῆτε
3070 4003 3167 4055 καὶ
3204 4002 3459 4066 γένησθε
3507 4000 3587 4065 ὡς
3616 4000 3689 4053 τὰ
3739 4017 3877 4052 παι·

2298 4094 2415 4155 δία,
2455 4095 2514 4148 οὐ
2546 4094 2684 4145 κατὰ
2708 4095 2807 4162 τὴν
2841 4090 3156 4162 σωματικὴν
3183 4091 3415 4161 ἠλικίαν,
3448 4088 3583 4143 ἀλλὰ
3622 4091 3718 4159 τὴν
3738 4091 3879 4142 ἀκα-

2300 4188 2421 4241 κίαν
2449 4187 2538 4239 διὰ
2565 4186 2672 4239 τῶν
2714 4185 2918 4238 παίδων
2967 4184 3265 4255 σημαίνων.
3320 4181 3631 4254 Πραότητος
3671 4182 3727 4234 δὲ
3777 4184 3877 4233 καὶ

2298 4275 2795 4348 ταπεινοφροσύνης
2850 4274 3041 4327 ἑαυτὸν
3092 4273 3396 4343 ὑπόδειγμα
3423 4270 3601 4341 τίθησι
3650 4272 3825 4340 λέγων
3854 4288 3869 4299 ·

2300 4369 2523 4423 Μάθετε
2547 4368 2647 4422 ἀπ’
2677 4368 2844 4437 ἐμοῦ,
2876 4366 2964 4420 ὅτι
2994 4364 3184 4435 πρᾶός
3232 4367 3348 4434 εἰμι
3370 4364 3465 4418 καὶ
3492 4365 3769 4429 ταπεινὸς
3795 4363 3875 4432 τῇ

2300 4461 2531 4527 καρδίᾳ.
2563 4460 2625 4512 Εἰ
2650 4460 2706 4512 δέ
2740 4476 2821 4521 τις
2844 4458 3020 4510 εἴποι·
3049 4456 3145 4509 Διὰ
3172 4457 3223 4509 τί
3272 4451 3363 4508 δύο
3390 4453 3480 4507 καὶ
3512 4452 3607 4506 δύο
3629 4454 3871 4524 προσφέ-

2232 4572 2275 4625 Ῑ)
2308 4552 2493 4624 ρεσθαι
2531 4551 2597 4604 τὰ
2634 4549 2895 4621 εἰρημένα
2947 4546 3059 4613 ζῶα
3089 4546 3360 4609 ἐκέλευσε,
3412 4546 3504 4598 καὶ
3548 4545 3618 4597 τὰ
3654 4546 3750 4616 μὲν
3779 4545 3875 4597 τὲ·-

2304 4645 2442 4705 λεια,
2474 4643 2541 4695 τὰ
2580 4643 2637 4695 δὲ
2674 4640 2965 4706 νεοσσούς;
3015 4641 3179 4711 φημὶ,
3214 4639 3315 4699 ὅτι,
3347 4638 3437 4691 τοῦ
3474 4638 3759 4714 ἀνθρώπου
3791 4637 3881 4689 ϐι-

2306 4733 2439 4786 πλοῦ
2491 4733 2639 4794 ὄντος
2669 4774 2683 4797 ,
2716 4731 2994 4784 τουτέστιν
3029 4732 3093 4782 ὲκ
3131 4729 3309 4799 ψυχῆς
3354 4728 3445 4781 καὶ
3482 4727 3751 4801 σώματος,
3794 4728 3877 4779 δι-

2306 4826 2444 4895 πλῆν
2473 4824 2625 4895 ζητεῖ
2654 4824 2782 4895 παρ’
2828 4822 2983 4893 ἡμῶν
3024 4823 3052 4872 ὁ
3094 4821 3224 4883 Θεὸς
3260 4823 3359 4890 τήν
3407 4838 3467 4872 τε
3519 4820 3875 4891 σωφροσύνην

2307 4919 2399 4971 καὶ
2432 4919 2527 4988 τὴν
2552 4916 2853 4988 πραότητα.
2886 4915 2947 4965 Εἰ
2978 4913 3084 4983 γὰρ
3108 4913 3247 4966 κατὰ
3274 4912 3369 4983 μὲν
3394 4912 3451 4963 τὸ
3477 4912 3637 4981 σῶμα
3668 4912 3875 4980 ἀπέχο-

2312 5025 2405 5076 μαι
2442 5005 2717 5078 σαρκικῶν
2746 5003 2967 5073 ἡδονῶν,
2996 5004 3133 5056 κατὰ
3157 5002 3212 5055 δὲ
3237 5004 3333 5070 τὴν
3360 5001 3535 5070 ψυχὴν
3588 5002 3725 5070 πρὸς
3752 5004 3874 5053 ἑπι-

2309 5096 2507 5165 θυμίαν
2557 5094 2760 5147 τούτων
2804 5092 3055 5162 κινοῦμαι
3083 5136 3095 5153 ,
3146 5090 3246 5143 οὐκ
3280 5091 3393 5159 εἰμὶ
3429 5089 3660 5159 σώφρων
3690 5132 3704 5149 ,
3740 5089 3876 5143 ἀλλὰ

2313 5187 2514 5257 μοιχός.
2562 5186 2619 5237 '0
2650 5185 2756 5254 γὰρ
2806 5182 3097 5253 ἐμϐλέψας,
3127 5182 3276 5250 φησι,
3331 5181 3465 5250 πρὸς
3497 5179 3557 5231 τὸ
3601 5180 3877 5249 ἐπιθυμῆ-

2314 5296 2420 5342 σαι,
2440 5278 2539 5347 ἤδη
2570 5278 2882 5346 ἐμοίχευσεν
2912 5277 2968 5326 ὲν
3001 5276 3064 5341 τῇ
3089 5269 3305 5340 καρδία.
3336 5272 3444 5323 Καὶ
3479 5266 3635 5331 αὖθις
3660 5271 3689 5321 ὁ
3737 5268 3878 5321 κατὰ

2309 5369 2368 5421 τὸ
2393 5368 2710 5437 φαινόμενον
2738 5365 2906 5417 ὁοκῶν
2927 5359 3063 5416 εἶναι
3087 5362 3277 5431 πρᾶος,
3312 5361 3449 5412 κατὰ
3484 5360 3537 5412 δὲ
3568 5359 3665 5427 τὴν
3699 5358 3877 5428 ψυχὴν

2312 5460 2623 5528 κινούμενος
2647 5458 2781 5529 πρὸς
2808 5456 2997 5525 θυμὸν,
3030 5453 3128 5504 οὐκ
3156 5452 3301 5506 ἐστιν
3331 5451 3555 5513 ἄκακος,
3589 5451 3704 5503 ἀλλ’
3740 5450 3876 5503 ὑπο-

2315 5552 2507 5623 κριτὴς
2536 5551 2630 5603 καὶ
2662 5546 2957 5619 μηνιαστὴς
2978 5586 2991 5609 ,
3030 5545 3165 5617 ἔχων
3214 5544 3311 5612 τῆς
3356 5542 3748 5613 κεκρυμμένης
3776 5558 3876 5594 και

2312 5646 2433 5707 κξας
2478 5644 2539 5695 τὸ
2589 5638 2941 5709 ἐπικάλυμμα
2982 5642 3078 5707 την
3114 5635 3438 5706 φαινομένην
3486 5634 3580 5686 καὶ
3615 5630 3874 5686 δοκοῦσαν

2312 5733 2449 5791 εἶναι
2484 5732 2751 5786 ἀκακίαν·
2778 5730 2870 5792 οὓς
2899 5730 2926 5782 ὁ
2951 5728 3233 5801 προφήτης
3270 5723 3637 5792 αἰνιττόμενος
3677 5722 3819 5789 λέγει

2492 5878 2533 5905 ⁸⁷
2565 5874 2753 5928 Matth.
2790 5890 2839 5937 τ,
2867 5873 2957 5926 28.
3037 5872 3080 5902 ³⁸
3100 5866 3240 5924 Psal.
3279 5879 3391 5928 ut,
3420 5866 3470 5925 ε.
