4094 6322
631 319 771 380 1399

1439 318 1496 372 S.
1533 316 1903 373 ATIIANASII
1943 315 2092 375 OPP.
2135 315 2320 372 PARS
2359 316 2441 375 ιιι.
2487 348 2554 360 -
2593 317 3002 375 EXEGETICA.

3741 317 3854 372 μου

629 443 698 497 de
737 440 827 495 illo
857 444 1208 508 scripserunt,
1243 437 1506 498 ediscere,
1540 435 1719 504 ipsum
1758 433 1936 489 solum
1961 446 2082 488 esse
2109 430 2226 491 Fin

2312 435 2328 486 i
2379 433 2717 504 ararentdc,
2752 431 2846 486 καὶ
2879 432 3028 504 παρὰ
3074 431 3181 484 τῶν
3227 447 3684 502 προσκυνουντων
3714 431 3853 485 αὑτὸν

631 535 762 588 lium
789 543 844 586 et
873 529 1111 585 Verbum
1147 527 1259 582 Dei.
1293 526 1483 580 Ariani
1523 542 1674 590 vero,
1715 535 1903 596 utpote
1931 539 2038 580 non
2063 538 2198 594 pura

629 635 810 681 mente
838 621 1069 694 praediti,
1099 635 1223 674 cum
1253 634 1363 673 non
1395 618 1605 673 valeant
1633 635 1664 672 a
1713 618 1916 673 divinis
1959 626 2013 672 et
2045 618 2200 671 theo-

633 716 771 786 logis
807 714 936 769 viris
957 712 1007 768 id
1035 712 1242 776 audire,
1267 711 1352 764 vel
1384 726 1414 764 a
1442 709 1717 765 similibus
1747 710 1830 764 sui
1857 707 2200 764 daemonibus

631 809 900 868 ediscant,
944 805 1094 876 ipsos
1140 819 1249 858 non
1305 804 1458 874 quasi
1517 802 1672 856 multi
1698 802 2056 864 exsisterent,
2105 799 2199 855 sed

633 914 800 953 unum
831 913 953 953 esse
980 897 1234 962 scientes,
1265 895 1491 958 dixisse,
1533 893 1610 947 Tu
1648 909 1700 947 es
1729 891 1955 947 Sanctus
1985 891 2103 959 Dei,
2146 900 2201 945 et

636 989 812 1042 Filius
870 987 982 1040 Dei.
1037 983 1172 1040 Nam
1205 987 1297 1055 qui
1343 985 1574 1040 IlI-resin
1608 983 1741 1054 ipsis
1764 983 2056 1054 suggessit,
2086 996 2198 1036 non

633 1082 788 1145 dixit,
821 1079 900 1134 Tu
944 1097 996 1133 es
1036 1089 1250 1133 sanctus
1303 1079 1441 1143 Dei,
1479 1078 1636 1148 quasi
1677 1075 1767 1130 alii
1796 1087 2018 1140 essent;
2055 1075 2149 1131 sed
2180 1115 2196 1139 ,

637 1173 714 1227 Tu
739 1189 792 1226 es
823 1173 912 1225 ille
935 1170 1163 1225 Sanctus
1185 1170 1298 1234 Dei,
1325 1170 1482 1240 quasi
1515 1169 1718 1223 scilicet
1752 1168 1870 1237 ipso
1903 1168 2019 1223 solo
2052 1167 2196 1223 exsi-

635 1274 830 1319 stentc.
863 1263 1118 1333 Apposite
1141 1263 1304 1331 igitur
1325 1263 1587 1316 articulus
1611 1261 1864 1314 additur:
1902 1274 2024 1312 nam
2057 1275 2200 1312 unus

634 1367 716 1409 cst
741 1355 834 1423 qui
869 1364 1056 1408 natura
1083 1362 1304 1408 sanctus
1334 1361 1439 1416 est,
1476 1351 1632 1420 cujus
1667 1351 2079 1421 participatione
2105 1349 2198 1403 alii

637 1446 809 1500 sancti
838 1445 1092 1500 evadunt.
1125 1443 1198 1497 Ita
1229 1445 1550 1513 plerumque
1576 1443 1658 1496 vel
1683 1443 1783 1512 ipsi
1813 1442 2081 1495 mendacii
2114 1456 2200 1494 ar-

638 1540 830 1602 titices,
881 1537 948 1591 ab
985 1538 1099 1606 ipsa
1139 1535 1385 1590 veritatis
1437 1535 1825 1606 perspicuitate
1857 1535 2028 1590 coacti
2067 1575 2082 1598 ,
2118 1535 2200 1588 vel

637 1629 788 1682 inviti
820 1629 1191 1684 testimonium
1220 1626 1435 1681 veritati
1489 1624 1691 1682 ferunt.
1748 1625 2025 1696 Siquidem
2078 1627 2201 1680 rbe-

636 1737 828 1776 mones
875 1738 985 1775 non
1042 1721 1503 1791 evangelistarum
1544 1720 1780 1774 ollicium
1825 1721 2197 1787 praestabant;

2300 525 2565 594 ἀγγέλων,
2596 525 2686 578 καὶ
2712 524 2820 578 τῶν
2854 525 2981 596 περὶ
3015 521 3178 577 αὐτοῦ
3204 522 3534 594 γραψάντων
3562 520 3737 590 ἁγίων
3770 541 3854 594 μα-

2303 619 2432 683 Θεῖν,
2468 621 2548 672 ὅτι
2599 618 2762 682 αὐτὸς
2795 617 2950 688 μόνος
2988 617 3132 670 ἐστὶν
3171 617 3201 669 6
3236 616 3365 680 Υἱος
3408 615 3505 669 καὶ
3555 615 3730 684 Λόγος
3774 618 3853 671 τοῦ

2303 711 2462 765 Θεοῦ.
2506 712 2770 782 ’Δρειανεὶ
2803 711 2858 764 δὲ
2882 713 3002 764 ἐπεὶ
3033 709 3130 780 τὴν
3155 709 3392 763 διάνοιαν
3422 709 3523 761 οὐκ
3554 707 3740 778 ἔχουσι
3771 727 3852 763 κα-

2302 804 2497 874 Θαρὰν,
2525 805 2644 857 οὐδὲ
2671 802 2920 857 δύνανται
2947 801 3103 856 θείων
3137 801 3430 855 ἐπακούειν
3465 802 3563 854 καὶ
3611 801 3855 870 θεολόγων

2301 895 2544 967 ἀνδρῶν,
2599 895 2746 966 παρὰ
2789 892 2919 962 γοῦν
2965 892 3072 946 τῶν
3117 891 3317 963 ὁμοίων
3361 891 3550 954 αὐτοῖς
3605 890 3856 961 δαιμόνων

2305 986 2641 1058 μαθέτωσαν,
2669 989 2751 1039 ὅτι
2779 985 2854 1056 μὴ
2877 984 2951 1048 ὡς
2981 983 3188 1036 πολλῶν
3231 980 3398 1036 ὄντων
3429 982 3762 1052 ἀνεφώνουν,
3787 983 3857 1036 ἀλ-

2300 1079 2367 1133 λὰ
2387 1080 2575 1134 τοῦτον
2605 1079 2766 1150 μόνον
2789 1078 2986 1140 ειδότες
3012 1077 3194 1145 ἔλεγον
3216 1091 3231 1106 ⁸
3264 1075 3347 1130 Σὺ
3375 1072 3435 1129 εἷ
3468 1079 3502 1130 ὁ
3527 1077 3735 1144 Ἀτιος
3764 1074 3858 1128 τοῦ

2307 1174 2476 1235 Θεοῦ,
2503 1173 2595 1226 καὶ
2626 1175 2657 1225 ό
2694 1171 2824 1237 Υἱὸς
2847 1169 2952 1223 τοῦ
2990 1169 3158 1224 Θεοῦ.
3192 1162 3303 1222 Kal.
3335 1167 3445 1239 γὰρ
3475 1170 3505 1221 6
3528 1169 3631 1239 τὴν
3662 1168 3856 1236 αἵρεσιν

2302 1266 2483 1328 αὐτοῖς
2511 1262 2794 1316 ὑποϐαλὼν
2813 1261 2912 1314 οὐκ
2942 1260 3113 1329 ἔλεγε,
3149 1259 3232 1313 Σὺ
3263 1255 3319 1313 εἷ
3336 1260 3540 1328 "Artog-
3565 1259 3674 1312 τοῦ
3707 1258 3858 1321 Θεοῦ,

2301 1353 2375 1419 ὡς
2405 1355 2570 1408 ὄντων
2593 1355 2685 1408 καὶ
2713 1354 2908 1417 ἄλλων,
2934 1351 3089 1416 ἀλλὰ,
3111 1350 3193 1405 Σὺ
3213 1348 3269 1404 εἴ
3285 1355 3316 1405 ὀ
3340 1351 3546 1420 ’Ἄγιος
3564 1350 3673 1404 τοῦ
3705 1349 3858 1415 Θεοῦ,

2301 1448 2376 1512 ὼς
2412 1447 2572 1518 μόνου
2603 1447 2753 1511 ὄντος
2783 1439 2968 1502 αὑτοῧ.
3007 1446 3161 1518 Καλὴ
3195 1442 3291 1498 οὖν
3330 1445 3423 1497 καὶ
3470 1445 3505 1514 ἡ
3541 1443 3637 1495 τοῦ
3668 1441 3856 1515 ἄρθρου

2303 1539 2583 1610 προσθήκη
2606 1557 2620 1570 σ
2649 1533 2728 1602 εἷς
2752 1539 2861 1610 γάρ
2886 1541 3030 1592 ἐστιν
3048 1541 3076 1592 6
3101 1538 3256 1607 φύσει
3288 1537 3460 1606 ἅγιος,
3491 1529 3553 1589 οὗ
3583 1534 3726 1588 κατὰ
3753 1533 3862 1604 μέθ-

2308 1633 2420 1698 εξιν
2459 1633 2550 1685 καὶ
2599 1633 2648 1684 οἱ
2691 1632 2838 1686 ἄλλοι
2868 1633 3033 1700 ἆγιοι.
3083 1630 3239 1684 Οὕτω
3285 1630 3378 1683 καὶ
3411 1629 3568 1681 αὐτοὶ
3615 1627 3858 1688 πολλάκις

2303 1726 2350 1776 οἱ
2381 1725 2608 1794 ἐργάται
2644 1721 2737 1776 τοῦ
2769 1722 3017 1794 ψεύδους,
3047 1721 3150 1776 ὑπὸ
3174 1722 3272 1793 τῆς
3302 1720 3591 1792 ἐναργείας
3634 1721 3860 1786 ἀναγκα-

638 1812 732 1867 sed
766 1827 890 1867 cum
918 1812 1166 1866 veritatis
1198 1813 1372 1866 lucem
1405 1811 1616 1864 obtueri
1649 1826 1756 1862 non
1788 1811 2050 1873 valerent,
2093 1813 2204 1865 cla-

2312 1813 2548 1883 ζόμενοι,
2586 1810 2919 1883 μαρτυροῦσι
2944 1815 3009 1882 τῇ
3039 1810 3264 1881 ἀληθείᾳ
3301 1810 3395 1863 καὶ
3420 1810 3492 1880 μὴ
3540 1808 3856 1879 βουλόμενοι·

636 1903 888 1958 mabant:
919 1901 1125 1956 Scimus
1156 1913 1203 1955 te
1229 1903 1345 1972 quis
1380 1903 1474 1966 sis,
1517 1900 1742 1955 Sanctus
1788 1900 1901 1955 Dei.

2312 1908 2433 1958 ἐπεὶ
2463 1905 2556 1958 καὶ
2589 1906 2637 1956 οἱ
2664 1905 2913 1975 δαίμονες
2939 1904 3059 1975 οὐχὶ
3090 1903 3198 1956 τῶν
3234 1900 3634 1971 εὐαγγελιστῶν
3662 1901 3863 1951 ἐποίουν

636 1995 816 2064 ἐργον,
852 1993 964 2046 ἀλλ’
1018 1993 1356 2048 ἀντιϐλέπειν
1402 1994 1477 2064 μὴ
1508 1994 1793 2064 δυνάμενοι
1828 1994 1906 2064 τῷ
1948 1995 2046 2065 τῆς
2084 1995 2342 2067 ἀληθείας
2381 1999 2537 2066 φωτὶ,
2589 1997 2788 2051 ἐϐόων·
2825 1997 3082 2067 Οῖδαμέν
3119 2010 3192 2051 σε
3232 1996 3322 2061 τίς
3360 1990 3433 2059 εἷ,
3468 1995 3501 2047 ό
3535 1993 3728 2062 ’Ἄγιος
3769 1991 3862 2046 τοῦ

640 2081 812 2139 Θεοῦ.

711 2174 866 2229 Jesus
900 2187 1107 2237 autem,
1166 2175 1248 2227 his
1298 2175 1517 2239 auditis,
1563 2174 1826 2242 respondit
1875 2175 1922 2226 ei
1979 2174 2199 2227 dicens:

641 2267 772 2323 Noli
803 2269 1001 2332 timere,
1047 2267 1196 2322 crede
1238 2278 1463 2328 tantum,
1496 2278 1545 2320 et
1594 2269 1741 2320 salva
1782 2267 1879 2319 erit
1917 2267 1981 2319 ετ.
2018 2266 2200 2321 Fidem

640 2363 816 2432 primo
846 2361 1081 2429 postulat
1115 2359 1375 2413 Dominus
1392 2359 1459 2412 ab
1482 2359 1568 2421 iis,
1592 2357 1684 2426 qui
1713 2359 1968 2412 invocant
1988 2359 2161 2427 ipsum
2188 2375 2201 2422 ;

638 2453 1098 2523 quemadmodum
1150 2467 1178 2502 a
1228 2466 1372 2504 caeco
1427 2451 1508 2502 his
1569 2452 1746 2504 verbis
1777 2469 1797 2504 ε·
1843 2451 2026 2505 Credis
2078 2452 2202 2521 quia

639 2560 850 2613 possunt
882 2543 974 2594 hoc
1003 2542 1094 2594 tibi
1116 2542 1288 2610 facere
1319 2543 1400 2594 "3?
1423 2551 1469 2594 ct
1511 2543 1747 2596 lunatico
1773 2545 1881 2597 ait:
1919 2543 1980 2597 Si
2009 2544 2201 2606 credis,

642 2634 731 2702 [iet
766 2632 831 2685 ".
869 2629 923 2684 id
966 2643 1142 2684 autem
1195 2629 1446 2685 Servator
1477 2633 1736 2701 postulat,
1771 2649 1876 2686 non
1929 2633 2074 2702 quod
2123 2634 2203 2686 al-

644 2725 812 2779 terius
841 2739 942 2794 ope
967 2733 1154 2794 egeat:
1192 2725 1305 2793 ipse
1336 2740 1569 2794 namque
1601 2725 1720 2778 lidei
1749 2739 1968 2794 quoque
2018 2724 2202 2778 domi-

641 2832 746 2870 nus
769 2825 821 2870 et
845 2816 1067 2884 largitor
1101 2825 1224 2882 est;
1257 2817 1349 2869 sed
1377 2832 1442 2870 ne
1481 2817 1725 2869 videatur
1751 2831 2014 2886 personas
2061 2815 2208 2870 acci-

644 2921 790 2975 pere,
834 2914 998 2972 utque
1032 2915 1250 2974 putetur
1297 2905 1474 2975 ipsum
1529 2905 1878 2960 credentibus
1917 2922 2159 2961 annuerc
2191 2947 2208 2973 ,

645 2995 1004 3066 hominesque
1030 2997 1147 3051 sine
1183 2996 1285 3051 tide
1323 2997 1586 3051 beneﬁcia
1615 3014 1723 3052 non
1757 3010 2098 3069 accepturos,
2129 3010 2210 3055 at-

645 3103 749 3157 que
780 3103 845 3141 ex
899 3087 1214 3142 inﬁdelitate
1267 3088 1458 3142 eadem
1521 3091 1822 3148 amissuros
1873 3107 2016 3146 esse.
2073 3091 2207 3147 Nam

2380 2174 2492 2243 (30)
2536 2174 2596 2226 Ὀ
2633 2173 2701 2225 δὲ
2754 2171 3012 2239 Ἰησοῦς,
3061 2171 3354 2237 ἀκούσας,
3392 2171 3686 2239 ἀπεκρίθη
3716 2170 3863 2236 αὐτῷ

2308 2271 2502 2339 λέγων
2522 2286 2534 2298 ·
2565 2267 2659 2335 Μὴ
2683 2266 2870 2336 φοϐοῦ
2891 2283 2903 2294 ·
2943 2266 3134 2334 μόνον
3171 2265 3440 2327 πίστευε,
3474 2265 3571 2317 καὶ
3607 2263 3864 2330 σωθήσε-

2309 2378 2422 2414 ται.
2459 2359 2650 2414 Πίστιν
2676 2376 2737 2428 γε
2763 2361 2982 2412 ἀπαιτεῖ
3016 2356 3232 2430 πρῶτον
3260 2358 3385 2420 τοὺς
3417 2357 3864 2427 ἐπικαλουμένους

2311 2454 2472 2506 αὑτὸν
2501 2455 2530 2505 6
2561 2451 2795 2524 Κύριος·
2844 2450 2918 2514 ὡς
2962 2451 3052 2503 ἐπί¹
3099 2448 3191 2502 τοῦ
3247 2448 3448 2517 τυξλοῦ
3495 2448 3669 2517 λέγων
3704 2465 3717 2478 ·
3778 2452 3866 2501 Πι-

2313 2547 2571 2610 στεύεις,
2591 2544 2679 2597 ὅτι
2712 2543 2969 2613 δύναμαί
2991 2559 3089 2597 σοι
3117 2542 3292 2596 τοῦτο
3331 2540 3614 2608 ποιῆσαι;
3647 2541 3739 2593 καὶ
3779 2541 3870 2593 ἐπὶ

2309 2638 2402 2691 τοῦ
2443 2637 2889 2710 σεληνιαζομένου
2924 2635 2980 2688 δέ
3023 2653 3215 2707 φησιν,
3255 2636 3336 2688 ὃτι
3381 2635 3514 2687 Ἐὰν
3563 2634 3868 2698 πιστεύῃς,

2317 2733 2560 2800 γίνεται.
2598 2731 2843 2783 Ἀπαιτεῖ
2867 2728 2928 2781 δὲ
2957 2727 3113 2782 τοῦτο
3143 2731 3172 2782 6
3199 2728 3387 2799 Σωτὴρ
3407 2767 3422 2791 ,
3453 2728 3552 2779 οὐκ
3580 2725 3872 2794 ἐπειδήπερ

2315 2823 2514 2897 ἔχρῃζε
2559 2823 2658 2893 τῆς
2686 2822 2812 2893 παρ’
2844 2820 3043 2892 ἐτέρων
3078 2820 3363 2892 συνεργίας
3383 2835 3396 2846 ·
3451 2819 3612 2881 αὐτὸς
3643 2818 3750 2889 γὰρ
3779 2816 3874 2870 καὶ

2317 2914 2420 2984 τῆς
2448 2913 2680 2976 πίστεως
2724 2911 2909 2982 κύριος
2940 2909 3032 2964 καὶ
3057 2910 3289 2981 χορηγός
3315 2913 3460 2963 ἐστιν
3486 2926 3500 2939 ·
3530 2909 3641 2962 ἀλλ’
3678 2910 3764 2962 ἵνα
3801 2908 3872 2979 μὴ

2316 3005 2387 3068 ώς
2418 3003 2726 3076 προσώποις
2751 3003 3104 3074 χαριζόμενος
3138 3005 3302 3073 φανῇ,
3357 3001 3470 3056 ἀλλ’
3509 3003 3590 3054 ὃτι
3620 3003 3730 3063 τοῖς
3793 3016 3875 3050 πι-

2313 3098 2589 3151 στεύουσιν
2619 3094 2874 3160 ἐπινεύει,
2907 3097 3003 3150 καὶ
3034 3096 3120 3150 ἵνα
3141 3099 3212 3166 μὴ
3230 3097 3396 3168 χωρὶς
3426 3095 3658 3157 πίστεως
3682 3094 3876 3158 δέξων-

646 3195 769 3231 cutn
803 3177 1032 3248 gratiam
1071 3179 1314 3243 confert,
1347 3179 1462 3233 vult
1501 3181 1732 3250 gratiam
1771 3196 2130 3250 permanere;
2157 3192 2212 3238 et

2314 3207 2405 3242 ται
2430 3189 2525 3252 τὰς
2567 3187 2900 3259 εὐεργεσίας,
2951 3190 3042 3241 καὶ
3072 3191 3135 3258 τῇ
3181 3187 3405 3256 ἀπιστίᾳ
3437 3186 3636 3248 ταύτας
3671 3183 3873 3237 ἀπολέο

646 3270 866 3336 quando
896 3279 1072 3333 curat,
1115 3270 1452 3324 curationem
1482 3287 1760 3340 nunquam
1791 3273 2004 3327 cadere.
2038 3272 2207 3328 Para-

651 3362 868 3432 lyticum
894 3377 1026 3434 ergo
1059 3362 1417 3417 conﬁrmabat
1453 3363 1673 3418 dicens:
1716 3363 1888 3419 Sanus
1915 3366 2088 3436 factus
2130 3384 2205 3432 es,

647 3457 752 3509 noli
780 3455 1005 3525 amplius
1031 3471 1244 3524 peccare
1271 3456 1337 3508 ⁷ο.
1368 3459 1445 3511 Ac
1476 3457 1933 3526 quemadmodum
1965 3459 2009 3512 si
2040 3460 2209 3514 medi-

649 3566 746 3604 cus
770 3564 892 3603 cum
918 3550 1106 3603 morbo
1133 3549 1440 3606 laborantes
1466 3553 1599 3616 adit,
1626 3551 1931 3606 sciscitetur
1951 3553 2218 3620 primum,.

649 3658 716 3696 an
751 3640 931 3695 curari
960 3640 1148 3703 velint,
1177 3658 1240 3694 ne
1271 3641 1412 3710 ipso,
1443 3643 1870 3712 repugnantibus
1891 3644 2070 3713 aagris,
2097 3660 2212 3698 me-

650 3734 826 3788 delam
878 3733 1208 3796 adltibentc,
1275 3733 1482 3787 inutilis
1552 3749 1684 3788 cura
1743 3735 1970 3792 evadat:
2021 3737 2210 3790 eodem

653 3840 877 3895 prorsus
911 3826 1014 3877 ritu
1051 3824 1312 3878 Dominus
1341 3827 1612 3879 curandos
1645 3825 2035 3897 interrogabat,
2058 3828 2216 3899 ipsis-

653 3931 758 3986 que
803 3915 1149 3971 credentibus
1188 3915 1414 3984 gratiam
1455 3914 1787 3979 conferebat,
1843 3927 1904 3972 ut
1951 3920 2054 3974 lide
2088 3935 2212 3988 gra-

656 4011 787 4064 tiam
822 4012 1052 4064 retinere
1083 4016 1334 4078 possent:
1368 4025 1492 4063 nam
1521 4011 1820 4066 voluntatis
1855 4013 2022 4066 animi
2079 4012 2211 4067 ﬁdes

654 4109 1029 4173 argumentum
1053 4111 1155 4156 est.
1196 4101 1286 4156 Sic
1318 4103 1498 4170 itaque
1524 4102 1630 4170 iam
1659 4122 1670 4156 :
1705 4102 1870 4158 Crede
1894 4114 2125 4167 tantum,
2157 4116 2209 4158 et

652 4195 799 4250 salva
833 4197 956 4250 erit.

2320 3299 2472 3336 σωσι.
2509 3280 2659 3333 Θέλει
2681 3281 2788 3350 γὰρ
2817 3275 3172 3350 χαριζόμενος
3207 3277 3540 3348 παραμένειν
3570 3276 3667 3344 τὴν
3692 3274 3873 3344 χάριν.

2317 3372 2406 3426 καὶ
2460 3370 2775 3443 Θεραπεύων
2833 3371 3170 3424 ἀδιάπτωτον
3215 3364 3355 3421 εἶναι
3409 3368 3506 3438 τὴν
3560 3365 3872 3437 Θεραπείαν.

2330 3464 2684 3532 Ἦσφαλίζετο
2715 3462 2844 3532 γοῦν
2874 3463 2964 3516 τὸν
2993 3459 3357 3532 παραλυτικδν
3389 3458 3558 3527 λέγων
3579 3475 3591 3488 ·
3673 3455 3877 3524 ’Υῖ-ιὶδς

2317 3557 2584 3627 γέγονας,
2609 3555 2820 3626 μηκέτι
2855 3554 3173 3625 ἁμάρτανε.
3209 3553 3319 3606 Καὶ
3359 3549 3546 3621 ὥσπερ
3587 3551 3651 3604 ἄν
3680 3565 3763 3611 τις
3797 3550 3879 3600 Ξα-

2310 3647 2436 3718 τρὸς
2469 3645 2651 3700 εἰσιὼν
2686 3647 2822 3717 πρὸς
2859 3645 2985 3708 τοὺς
3037 3645 3344 3714 κάμνοντας
3377 3641 3694 3696 πυνθάνοιτο
3734 3638 3879 3710 πρῶ-

2308 3755 2420 3800 τον,
2457 3740 2504 3790 εἰ
2538 3736 2808 3806 βούλοιντο
2837 3735 3255 3807 θεραπεύεσθαι,
3283 3735 3368 3786 ἵνα
3399 3733 3492 3804 μὴ,
3519 3731 3681 3784 αὑτοῦ
3713 3747 3875 3800 φρον-

2310 3827 2568 3890 τίζοντος,
2595 3827 2862 3879 κάκείνων
2899 3827 2972 3896 μὴ
3006 3821 3372 3895 βουλομένων,
3401 3821 3680 3892 ἀνωφελὴς
3711 3824 3743 3891 ἡ
3791 3820 3877 3874 θε-

2321 3917 2517 3990 ραπεία
2549 3919 2792 3987 γένηται,
2826 3913 3249 3988 ἐναντιουμένων
3282 3915 3387 3969 τῶν
3412 3914 3722 3984 καμνόντων
3744 3913 3877 3979 πρὸς

2319 4013 2417 4082 τὴν
2449 4009 2540 4065 τοῦ
2577 4010 2761 4081 ἰατροῦ
2790 4010 2982 4080 τέχνην
3007 4025 3020 4038 ⁸
3056 4007 3199 4062 οὕτω
3233 4006 3326 4061 καὶ
3359 4009 3387 4060 6
3415 4005 3618 4076 Κύριος
3644 4005 3750 4058 τῶν
3785 4005 3875 4058 θε-

2321 4102 2699 4174 ραπευομένων
2730 4101 3078 4160 ἐπυνθάνετο.
3095 4100 3189 4152 καὶ
3204 4101 3317 4162 τοῖς
3345 4096 3686 4151 πιστεύουσιν
3706 4095 3879 4166 ἐχαρίο

2318 4194 2458 4260 ζετο,
2482 4195 2567 4246 ἵνα
2590 4197 2657 4264 τῇ
2681 4193 2860 4246 πίστει
2875 4195 2969 4246 καὶ
2989 4192 3086 4263 τὴν
3107 4191 3266 4263 χάριν
3284 4192 3571 4259 κατασχεῖν
3589 4187 3872 4259 δυνηθῶσι·

653 4291 938 4362 γνώρισμα
963 4291 1070 4361 γὰρ
1095 4290 1195 4359 τῆς
1221 4290 1593 4361 προαιρέσεως
1619 4289 1721 4363 τῆς
1756 4290 1932 4362 ψυχῆς
1965 4292 1997 4361 ἡ
2030 4291 2210 4353 πίστις
2247 4290 2381 4343 ἐστί.
2414 4290 2523 4343 Καὶ
2549 4290 2642 4344 νῦν
2672 4285 2765 4344 οὖν
2813 4305 2974 4360 φησιο
3015 4289 3218 4342 Μόνον
3257 4287 3523 4350 πίστευε,
3554 4284 3653 4337 καί
3691 4281 3878 4347 σωθή-

655 4402 841 4439 σεται.

730 4481 959 4535 Factum
998 4487 1073 4534 est
1104 4492 1299 4545 autem,
1329 4477 1720 4532 ambulantibus
1749 4477 1857 4531 illis
1895 4479 1950 4532 in
1992 4481 2098 4544 via,
2131 4480 2204 4533 di»

2394 4473 2503 4544 (3|)
2571 4472 2834 4542 Ἐγένετο
2867 4470 2974 4537 δὲ,
3014 4471 3430 4540 πορευομένων
3477 4468 3674 4523 αὐτῶν
3717 4467 3879 4535 ἐνεῇ

656 4575 737 4626 σει
774 4571 989 4642 quidam
1043 4572 1110 4624 ad
1155 4571 1345 4625 illum:
1386 4569 1590 4641 Sequar
1633 4580 1681 4622 te
1722 4586 2028 4640 quocunque
2073 4573 2218 4638 ieris,

658 4666 898 4720 Domine.
943 4664 1011 4718 Et
1046 4664 1182 4716 dixit
1222 4663 1304 4716 illi
1337 4662 1530 4717 Jesus.‘
1585 4658 1770 4731 Vulpes
1806 4664 1979 4731 foveas
2010 4664 2219 4729 habent,

659 4774 706 4816 et
747 4764 983 4816 volucres
1023 4761 1138 4814 caeli
1183 4759 1455 4812 domicilia
1490 4774 1508 4822 ;
1557 4757 1736 4812 Filius
1791 4768 1964 4812 autem
1998 4760 2222 4813 hominis

663 4873 769 4910 non
797 4855 948 4908 habet
977 4855 1064 4907 ubi
1101 4862 1257 4922 caput
1293 4851 1506 4905 reclinet
1548 4852 1615 4903 ⁷³.
1666 4852 2029 4916 Quamobrem
2080 4853 2225 4905 hunc

662 4950 899 5005 Scribam
919 4989 933 5012 ,
964 4949 1058 5017 qui
1089 4964 1144 5001 se
1162 4963 1285 5001 eum
1316 4955 1633 5000 secuturum
1665 4946 2042 5013 pollicebatur,
2062 4945 2224 4998 verbo

665 5042 872 5096 scilicet
906 5040 1256 5102 clamantem,
1284 5054 1346 5092 ac
1381 5047 1561 5092 mente
1590 5037 1723 5092 nihil
1766 5038 2069 5104 curantem,
2131 5037 2225 5092 sed

667 5135 788 5189 aliis
838 5141 1166 5203 pertractum
1208 5131 1438 5200 negotiis
1483 5130 1671 5184 videns
1727 5129 2011 5193 Dominus,
2062 5145 2224 5199 argu-

669 5237 852 5282 mento
880 5242 1002 5280 eum
1042 5225 1248 5294 pudore
1285 5222 1539 5277 suffudit:
1598 5238 1792 5291 neque,
1822 5231 2102 5276 aversatus
2151 5220 2231 5272 vi-

673 5337 791 5376 rum
824 5320 1040 5390 repulit,
1077 5334 1254 5389 neque
1294 5318 1440 5372 velut
1484 5318 1706 5387 ignarus
1755 5316 1872 5386 ejus
1917 5317 2084 5371 dictis
2132 5317 2227 5370 dc—

745 5514 786 5544 “
827 5521 959 5578 Luc.
989 5536 1106 5584 vm,
1146 5523 1231 5576 50.
1312 5521 1354 5552 ⁶⁸
1387 5519 1576 5575 Matth.
1622 5539 1697 5588 ιι,
1726 5524 1817 5577 28.
1893 5523 1936 5554 ⁶⁹
1967 5523 2131 5577 Marc.
2177 5539 2226 5575 nt

768 5721 857 5789 ΞΟ)
885 5719 1004 5773 Haec
1037 5719 1089 5774 in
1117 5737 1302 5776 eodem
1340 5723 1549 5778 codice.

2237 5563 2247 5583 ,
2279 5521 2368 5574 ΞΕ.

2319 4566 2454 4630 ὁδῷ,
2477 4561 2607 4618 εἶπέ
2628 4581 2716 4629 τις
2745 4562 2894 4631 πρὸς
2918 4562 3102 4615 αὐτόν
3123 4577 3137 4592 ο
3175 4560 3586 4627 Ἀκολουθήσω
3613 4577 3709 4614 σοι
3729 4560 3878 4613 ὅπου

2321 4657 2396 4709 ἂν
2413 4655 2665 4725 ἀπέρχῃ,
2699 4657 2898 4723 Κύριε.
2930 4654 3039 4709 Kal
3059 4653 3229 4710 εἶπεν
3254 4653 3413 4720 αὐτῷ
3435 4658 3468 4707 ό
3506 4652 3748 4721 Ἰησοῦς
3773 4669 3790 4683 ·
3815 4654 3881 4705 At

2320 4747 2624 4813 ἀλώπεκες
2653 4749 2922 4816 φωλεοὺς
2954 4748 3197 4816 ἔχουσι,
3244 4748 3340 4802 καὶ
3387 4747 3456 4800 τὰ
3488 4747 3727 4800 πετεινὰ
3777 4746 3880 4798 τοῦ

2323 4838 2580 4905 οὐρανοῦ
2615 4835 3104 4905 κατασκηνώσεις
3130 4856 3144 4870 ·
3190 4842 3223 4892 ό
3255 4837 3322 4891 δὲ
3357 4838 3491 4902 mg
3525 4837 3627 4890 τοῦ
3662 4835 3881 4903 ἀνθρώ·

2323 4945 2439 4982 που
2474 4930 2581 4981 οὐκ
2604 4930 2726 4996 ἔχει
2754 4930 2871 4982 ποῦ
2899 4928 3014 4996 τὴν
3037 4928 3312 4998 κεφαλὴν
3333 4929 3526 4995 κλίνῃ.
3561 4925 3649 4980 Διὸ
3677 4929 3766 4980 και¹
3793 4926 3882 4979 τόν

2322 5018 2648 5090 γραμματέα
2682 5020 2868 5072 τοῦτον
2899 5020 3362 5089 ἐπαγγελλόμενον
3391 5019 3770 5089 ἀκολουθήσειν
3797 5018 3884 5070 ci.-

2323 5111 2418 5182 τῷ.
2451 5113 2543 5165 καὶ
2584 5111 2661 5182 τῷ
2697 5114 2794 5183 μὲν
2827 5114 3030 5183 ῥήματι
3068 5113 3296 5183 βοῶντα,
3340 5116 3405 5184 τῇ
3452 5113 3509 5165 δὲ
3549 5112 3754 5181 διανοίᾳ
3810 5111 3882 5179 μὴ

2328 5203 2674 5273 σχολάζοντα,
2711 5203 2824 5256 ἀλλ’
2853 5207 2908 5256 ἐν
2936 5205 3144 5276 ἑτέροις
3164 5202 3527 5273 άφελκὸμενον
3545 5201 3687 5274 ὁρῶν
3717 5204 3746 5255 6
3776 5200 3884 5252 Κύ-

2330 5312 2462 5365 ριος,
2494 5293 2759 5346 ἐδυσώπει
2791 5293 2878 5346 διὰ
2907 5293 3000 5347 τοῦ
3048 5294 3268 5364 ἐλέγχου
3295 5310 3307 5325 ο
3340 5293 3433 5346 καὶ
3478 5291 3601 5346 οὕτε
3637 5293 3712 5355 ὡς
3754 5291 3884 5344 απο-

2443 5522 2487 5551 ’θ
2535 5519 2688 5574 Joan.
2743 5538 2792 5582 ι’,
2840 5521 2922 5574 li.
2997 5522 3041 5552 ⁷¹
3071 5521 3194 5578 Luc.
3235 5523 3538 5591 "557,58.

2410 5724 2520 5794 (3i)
2552 5722 2605 5778 lu
2637 5723 2822 5779 eodem
2853 5723 3050 5778 codice.
