4094 6322
203 341 337 393 1401

1420 334 1843 389 FRAGMENTA
1882 336 1944 387 IN
1984 335 2233 390 LUCAM.

3278 339 3411 392 H02

198 455 529 528 τρεπόμενος
558 453 742 506 τοῦτον
770 450 1010 512 ἐδίωκεν,
1054 448 1175 503 οὕτε
1224 449 1299 513 ὡς
1338 450 1549 518 ἀγνοῶν
1596 449 1761 502 ἐπλα-

1880 461 2048 520 :eptus
2088 462 2203 517 est;
2249 452 2341 507 sed
2372 454 2517 508 velut
2557 468 2758 522 gnarus
2791 456 3139 525 coarguebat,
3173 463 3226 509 et
3256 456 3413 526 quasi

200 548 334 601 νᾶτο
358 545 461 597 ὑπὸ
484 543 589 595 τῶν
614 541 799 595 τούτου
836 540 1129 611 ῥημάτων·
1170 541 1305 593 ἀλλά
1345 541 1435 593 καὶ
1489 541 1563 603 ὡς
1606 540 1761 604 εἰδὼς

202 634 425 703 ἧλεγχε,
458 629 553 684 καὶ
580 631 652 693 ὼς
685 628 950 683 παιδεύων
982 628 1294 701 διωρθοῦτο.
1332 630 1628 699 Μονονουχὶ
1656 628 1762 699 γὰρ

203 724 366 779 τοῦτο
406 723 580 792 λέγων
610 722 906 787 ἐδίδασκεν,
938 712 1012 785 ὡς
1058 722 1167 792 ἄρα
1198 721 1370 785 οὐδεὶς
1422 721 1641 773 δύναται
1688 719 1763 789 τῷ

202 818 363 887 Λόγῳ
392 814 696 869 ἀκολουθεῖν
723 814 1129 883 ἀναπαυόμενος
1161 816 1217 867 ἐν
1247 813 1477 882 ἀλόγοις,
1508 812 1626 866 οὐδὲ
1659 812 1764 865 τῶν

205 906 462 973 ἀλόγωνό
493 906 639 974 φίλος
676 904 893 958 δύναται
930 905 1021 956 τὸν
1073 904 1241 972 Λόγον
1286 904 1557 973 δέχεσθαι,
1592 902 1712 956 οὐδὲ
1738 905 1765 956 6

206 998 280 1051 τὰ
315 997 480 1066 ἄλογα
528 994 922 1067 φανταζόμενος
974 994 1193 1048 δύναται
1245 994 1337 1047 τοῦ
1388 995 1559 1062 Λόγου
1604 1011 1767 1064 μετα-

208 1089 502 1160 λαμϐάνειν
533 1089 757 1142 ἔννοιαν.
808 1087 1020 1158 Ἀμέλει
1059 1089 1122 1139 ὲκ
1165 1086 1261 1156 τῆς
1299 1083 1501 1156 τόλμης
1539 1086 1600 1138 τὸ
1628 1085 1767 1153 γνώ-

212 1196 385 1253 ρισμα
408 1180 508 1250 τῆς
541 1179 867 1251 προπετείας
906 1180 998 1232 καὶ
1024 1178 1373 1240 ἀπαιδευσίας
1425 1177 1633 1242 ἔξεστιν
1666 1179 1766 1231 αὺ-

209 1273 306 1326 τοῦ
328 1272 678 1343 καταμαθεῖν.
703 1273 764 1325 Εἰ
789 1270 896 1343 γὰρ
925 1272 1188 1342 ἠπίστατο
1213 1270 1307 1323 τοῦ
1341 1255 1640 1341 Λόγουτὴν
1672 1271 1767 1325 δύο

208 1382 398 1435 ναμιν,
427 1366 526 1418 οὐκ
553 1364 618 1418 ἂν
646 1365 781 1428 ὅλως
808 1364 1107 1434 φαντασίαν
1155 1363 1364 1433 εἰλήφει
1403 1362 1766 1432 πνευματικοῦ

210 1458 412 1526 Λόγου,
446 1459 542 1510 οὐκ
574 1458 640 1511 ἂν
660 1456 941 1528 ἄνθρωπος
983 1455 1058 1507 ὢν
1090 1454 1298 1519 ὲξισοῦν
1348 1455 1538 1508 ἑαυτὸν
1569 1454 1769 1524 ἐτόλμα

210 1552 281 1619 τῇ
311 1549 402 1601 τοῦ
437 1549 683 1619 Σωτῆρος
710 1546 1075 1618 ἀκαταλήπτῳ
1101 1547 1325 1617 δυνάμει
1356 1546 1524 1614 λέγων
1554 1563 1566 1577 '
1616 1548 1770 1601 Ἀκοδ

212 1638 497 1703 λουθήσω
536 1654 636 1690 σοι
677 1638 827 1691 ὅπου
858 1638 965 1691 ἐὰν
1006 1636 1253 1706 ἀπέρχῃ.
1309 1636 1640 1690 Ἀκολουθεῖν
1672 1638 1771 1708 μὲν

214 1731 323 1800 γὰρ
344 1730 705 1801 ἁπλούστερον
733 1729 808 1799 τῷ
834 1729 1045 1801 Σωτῆρι
1070 1730 1202 1801 πρὸς
1228 1730 1287 1781 τὸ
1308 1730 1404 1798 τῆς
1431 1729 1768 1793 διδασκαλίας

214 1820 381 1873 αὐτοῦ
405 1819 619 1873 ἀκούειν
642 1819 863 1873 δυνατὸν
882 1823 945 1891 τῇ
964 1818 1273 1890 ἀνθρωπίνῃ
1296 1819 1473 1888 φύσει,
1499 1820 1591 1871 καὶ
1619 1819 1773 1872 τοῦτο

218 1910 361 1963 κατὰ
390 1912 487 1980 τὴν
536 1912 697 1964 αὐτοῦ
745 1911 1146 1983 φιλανθρωπίαν
1181 1929 1192 1941 ·
1239 1912 1664 1965 συνεκτείνεσθαι
1715 1912 1773 1966 δὲ

219 2003 317 2053 καὶ
349 2002 653 2072 συντρέχειν
688 2001 834 2071 αὐτῷ
868 2001 1140 2073 πανταχοῦ
1168 2042 1181 2065 ,
1211 2003 1365 2056 τοῦτο
1397 2003 1488 2055 καὶ
1518 2003 1777 2056 ἀδύνατον

219 2095 316 2157 καὶ
359 2094 627 2167 τολμηρὸν
661 2094 736 2164 τῷ
784 2094 1257 2165 ἐπαγγελλομένῳ.
1312 2092 1448 2147 Οὔτε
1497 2094 1601 2165 γάρ
1646 2096 1775 2149 ἀνα-

216 2183 507 2253 παυομένῳ
539 2182 683 2253 αὐτῷ
720 2183 867 2253 παρά
902 2183 979 2253 τῷ
1016 2184 1189 2255 Πατρὶ
1217 2187 1448 2237 συνεῖναι
1480 2183 1769 2255 δυνάμεθα·

218 2274 339 2337 πῶς
367 2275 493 2345 γὰρ,
523 2275 685 2343 ἄλλης
711 2276 921 2343 φύσεως
946 2277 1336 2345 τυγχάνοντες;
1365 2274 1485 2328 οὔτε
1504 2274 1774 2345 πανταχοῦ

219 2368 368 2437 αὐτῴ
394 2367 504 2420 ὄντι
537 2368 855 2439 συνδραμεῖν
903 2362 1011 2422 οἷόν
1042 2385 1119 2420 τε.
1163 2368 1223 2420 '0
1280 2368 1375 2438 μὲν
1413 2368 1520 2439 γὰρ
1558 2368 1775 2440 ἀχώρη-

218 2475 332 2523 τος,
367 2461 413 2510 οἱ
439 2460 492 2511 δὲ
521 2459 784 2531 χωρητοί⁴
825 2461 917 2513 καὶ
939 2462 967 2512 6
1000 2461 1096 2530 μὲν
1128 2462 1185 2511 ὲν
1219 2460 1294 2529 τῷ
1338 2461 1498 2513 παντί
1545 2462 1639 2513 καὶ
1675 2460 1777 2525 ἔξω

220 2550 317 2601 τοῦ
349 2551 544 2613 παντός
577 2554 741 2616 ἐστιν,
779 2553 829 2604 oi
858 2552 914 2604 δὲ
945 2553 1002 2603 ἐν
1044 2551 1120 2621 τῷ
1151 2553 1311 2605 παντὶ
1362 2552 1776 2623 μεμετρημένην

222 2639 415 2710 ἔχομεν
445 2642 541 2712 τὴν
570 2641 820 2695 σύστασιν
840 2659 851 2670 ·
884 2642 976 2694 καὶ
995 2643 1022 2694 6
1042 2642 1137 2713 μὲν
1162 2643 1364 2712 Κύριος
1394 2645 1661 2714 ἀκινήτως
1688 2645 1777 2697 καὶ

222 2732 581 2800 ἁμεταεάτως
608 2736 745 2786 κινεῖ
779 2733 845 2785 τά
874 2734 1167 2804 πανταχοῦ,
1197 2736 1289 2788 καὶ
1318 2735 1385 2789 τὰ
1422 2735 1516 2789 ὅλα
1547 2736 1774 2789 διοικεῖ·

224 2823 497 2894 ἄνθρωποι
535 2824 608 2887 δὲ,
638 2825 1047 2895 μεταϐαίνοντες
1087 2827 1177 2894 ἀφ’
1206 2818 1267 2878 οὗ
1310 2826 1623 2896 κινούμεθα,
1673 2827 1780 2880 λει-

226 2914 438 2985 πόμεθα
462 2918 526 2985 τῇ
561 2915 835 2985 ἀπολείψει
879 2918 973 2970 τοῦ
1012 2920 1175 2970 τόπου
1211 2918 1344 2988 πρὸς
1384 2916 1482 2988 τὴν
1515 2918 1782 2987 ἀμετάϐα·

222 3023 314 3057 τον
358 3006 625 3075 πανταχοῦ
668 3008 766 3077 τῆς
800 3008 1047 3079 θεότητος
1072 3009 1239 3062 αὐτοῦ
1271 3009 1593 3079 παρουσίαν.
1639 3009 1777 3060 Ἀλλ’

1862 541 2115 595 erudiens
2147 542 2470 611 corrigebat.
2504 542 2638 596 Cum
2672 543 2783 597 haec
2812 545 2952 597 enim
2973 544 3195 608 diceret,
3216 544 3410 601 docere

1864 633 2167 698 videbatur,
2201 634 2467 687 neminem
2498 647 2657 701 posse
2706 632 2941 688 Verbum
2976 636 3090 689 sive
3132 633 3413 692 Rationem

1864 724 2036 793 sequi,
2064 724 2107 778 si
2139 724 2191 779 in
2222 724 2684 781 irrationabilibus
2717 726 3039 795 quiesceret,
3078 742 3253 798 neque
3280 730 3419 784 irra-

1864 814 2205 870 tionabilium
2237 826 2531 870 amatorem
2581 832 2743 887 posse
2786 816 3017 872 Verbum
3066 818 3179 873 sive
3226 818 3417 875 Ratio-

1865 921 1983 959 nem
2024 906 2294 975 excipere,
2341 922 2515 976 neque
2564 907 2963 963 irrationabilia
2996 910 3416 966 comminiscen-

1869 1006 1973 1050 tem
2021 1012 2181 1067 posse
2227 996 2473 1053 Rationis
2501 998 2746 1053 notitiam
2766 1001 3003 1071 assequi.
3030 1001 3105 1055 Ex
3128 1018 3261 1057 ausu
3287 1018 3419 1059 sane

1869 1089 2037 1153 illius,
2067 1088 2386 1144 temeritatis
2413 1098 2467 1143 et
2490 1088 2716 1143 inscitiae
2745 1090 2865 1159 ejus
2915 1101 3291 1163 argumentum
3319 1093 3416 1149 de-

1868 1180 2199 1250 prehendere
2246 1180 2397 1234 licet.
2434 1179 2570 1235 Nam
2618 1182 2662 1237 si
2695 1180 2857 1236 Verbi
2890 1184 2998 1237 vim
3032 1186 3286 1248 novisset,
3323 1201 3420 1240 ne-

1868 1287 2141 1341 quaquam
2168 1272 2271 1326 sibi
2306 1274 2604 1342 spiritualis
2634 1273 2792 1329 Verbi
2822 1276 3248 1329 eommentitiam
3294 1291 3417 1345 spe-

1869 1365 2004 1418 ciem
2037 1363 2356 1430 eliinxisset;
2395 1380 2589 1434 neque,
2628 1368 2791 1420 homo
2830 1382 2955 1421 cum
2986 1374 3132 1421 esset
3164 1408 3178 1433 ,
3210 1368 3418 1422 ineoru-

1870 1452 2215 1521 prehensibili
2251 1454 2556 1508 Servatoris
2584 1456 2771 1509 virtuti
2804 1471 2919 1511 sese
2947 1472 3231 1527 exaequare
3254 1474 3420 1514 ausus

1875 1544 2082 1608 fuisset,
2114 1545 2337 1599 dicens:
2375 1542 2576 1614 Sequar
2605 1555 2653 1599 te
2682 1564 2982 1617 quocunque
3013 1548 3154 1601 ieris.
3211 1546 3421 1604 Etenim

1874 1632 2210 1688 Servatorem
2245 1634 2557 1704 simpliciter
2579 1637 2731 1706 sequi
2757 1638 2823 1690 ad
2851 1638 3149 1692 doctrinam
3173 1640 3291 1707 ejus
3320 1658 3420 1694 au-

1871 1725 2141 1789 diendam,
2176 1725 2423 1780 humanae
2468 1727 2688 1795 quidem
2736 1738 2945 1784 natura:
2991 1730 3245 1799 possibile
3296 1743 3420 1797 est,

1874 1816 2031 1884 idque
2052 1831 2117 1867 ex
2148 1815 2266 1882 ejus
2298 1816 2630 1885 benignitate
2676 1818 2790 1872 lieri
2818 1828 3031 1887 potest;
3082 1829 3135 1874 at
3174 1836 3295 1875 cum
3330 1822 3421 1877 illo

1876 1922 1978 1959 una
2006 1907 2220 1959 extendi
2249 1922 2313 1961 ac
2341 1924 2671 1962 concurrere
2700 1909 2917 1979 ubique,
2945 1909 2994 1963 id
3029 1926 3159 1965 Sane
3180 1912 3296 1966 ﬁeri
3324 1928 3421 1966 ne-

1873 1999 2009 2068 quit,
2054 2010 2107 2051 et
2164 1998 2470 2067 pollicentis
2515 1999 2796 2052 audaciam
2841 2000 3037 2068 prodit.
3070 1999 3251 2070 Neque
3280 2001 3421 2055 enim

1874 2108 1994 2145 cum
2019 2091 2132 2155 illo,
2160 2090 2213 2142 in
2240 2091 2361 2144 sinu
2394 2090 2569 2144 Patris
2603 2092 2920 2159 quiescenti,
2954 2106 3060 2144 una
3084 2106 3203 2145 esse
3232 2107 3426 2160 possu-

1875 2197 2019 2237 mus.
2050 2179 2184 2234 Nam
2212 2182 2303 2250 qui
2345 2182 2394 2233 id
2440 2191 2697 2250 praeuare
2734 2181 3005 2251 possimus
3032 2197 3152 2236 cum
3204 2182 3427 2240 alterius

1875 2284 2081 2325 natura:
2111 2271 2326 2325 simus?
2360 2268 2545 2340 Neque
2603 2287 2724 2325 cum
2761 2271 2854 2324 illo
2884 2312 2898 2337 ,
2946 2272 3039 2342 qui
3080 2273 3276 2342 ubique
3321 2285 3423 2338 est,

1875 2377 2204 2418 concurrere
2233 2363 2497 2416 valemus.
2534 2360 2668 2416 Nam
2697 2363 2784 2416 ille
2819 2362 3032 2431 quidem
3067 2379 3095 2416 a
3121 2365 3266 2418 nullo
3298 2381 3427 2417 con-

1876 2456 2099 2517 tinetur,
2135 2469 2233 2508 nos
2269 2454 2646 2518 continemur;
2683 2454 2771 2507 ille
2815 2454 2869 2507 in
2922 2455 3172 2509 universo
3196 2465 3248 2509 et
3275 2464 3427 2510 extra

1877 2544 2191 2596 universum
2225 2553 2328 2605 est,
2359 2557 2457 2596 nos
2486 2558 2613 2596 vero
2641 2543 2691 2595 in
2719 2544 2971 2598 universo
3002 2545 3302 2599 dimensam
3336 2547 3431 2601 ha-

1880 2635 2071 2688 bemus
2102 2635 2544 2689 constitutionem
2574 2652 2588 2699 ;
2626 2635 2734 2701 ille,
2762 2620 3033 2690 ‘Dominus
3074 2637 3299 2703 scilicet,
3328 2639 3431 2692 im-

1880 2724 2065 2777 mobili
2094 2735 2146 2779 et
2186 2725 2506 2779 immutabili
2538 2726 2698 2781 modo
2731 2726 2911 2779 omnia
2948 2736 3142 2791 movet,
3176 2729 3429 2783 universa

1880 2815 2250 2881 administrat;
2298 2831 2397 2869 nos
2421 2830 2550 2868 vero
2578 2816 2844 2881 homines,
2871 2824 3209 2870 transeuntes
3244 2832 3273 2870 a
3306 2817 3427 2871 loco

1881 2905 2022 2957 unde
2083 2920 2423 2970 amovemur,
2488 2919 2619 2958 sane
2680 2905 2915 2973 impares
2972 2920 3200 2969 sumus,
3243 2908 3429 2961 relicto

1890 2995 2127 3063 loeo,qui
2155 2998 2452 3065 praesentia:
2483 2998 2702 3052 deitatis
2731 2998 2898 3067 ipsius
2924 2998 3121 3067 ubique
3150 3001 3430 3054 exsistenti

222 3099 252 3149 6
294 3095 494 3167 Κύριος
520 3100 637 3149 κατ’
667 3098 948 3170 ἀμφότερα
992 3100 1178 3153 τοῦτον
1226 3098 1550 3169 διορθοῦται,
1592 3100 1683 3153 καὶ
1719 3100 1777 3153 τὸ

1880 3098 1932 3141 et
1962 3088 2225 3142 immobili
2265 3105 2631 3160 exaaquemur.
2684 3086 2789 3145 Sed
2820 3089 3080 3146 Dominus
3112 3092 3177 3146 de
3207 3102 3432 3163 utraque

227 3185 327 3256 μὲν
357 3187 634 3257 ἀνέτοιμον
668 3190 764 3260 τῆς
794 3189 1104 3259 προθέσεως
1143 3191 1423 3263 διελέγχει,
1461 3193 1559 3265 τὴν
1588 3194 1644 3246 δὲ
1680 3195 1780 3265 τῆς

225 3277 473 3347 θεότητος
500 3279 659 3332 αὑτοῦ
706 3282 1095 3353 μεγαλειότητα
1146 3284 1425 3346 παιδεύει,
1462 3285 1632 3354 λέγων
1658 3302 1671 3316 '
1712 3290 1780 3339 At

226 3368 530 3435 ἀλώπεκες
557 3372 824 3439 φωλεοὺς
853 3372 1061 3441 ἔχουσι
1080 3414 1095 3439 ,
1125 3375 1218 3427 καὶ
1255 3374 1322 3428 τά
1357 3375 1500 3445 ἑξῆς.
1543 3378 1684 3429 Ἴσον
1724 3377 1782 3429 δὲ

224 3460 398 3530 τούτῳ
443 3464 613 3514 εἰπεῖν
653 3466 785 3528 ἐστι,
836 3465 902 3517 τὰ
955 3466 1051 3534 μὲν
1104 3469 1303 3537 γενητά
1352 3470 1529 3522 πάντα
1561 3469 1783 3541 χωρητὰ

225 3552 505 3620 τυγχάνει,
541 3556 631 3606 καὶ
672 3556 852 3620 τόποις
884 3556 1186 3624 διίσταται,
1222 3562 1251 3613 6
1290 3560 1347 3613 δὲ
1390 3561 1560 3628 Λόγος
1613 3563 1641 3614 6
1686 3560 1782 3614 τοῦ

227 3643 363 3695 Θεοῦ
384 3643 662 3715 ἀχὼρητον
694 3646 804 3717 ἔχει
835 3648 931 3719 τὴν
965 3648 1192 3719 δύναμιν
1213 3666 1224 3678 ·
1258 3650 1396 3703 ὥστε
1431 3651 1522 3704 τοῦ
1568 3652 1662 3722 μὲν
1695 3652 1782 3705 λέ-

229 3752 370 3803 γειν,
424 3737 503 3789 ὃτι
552 3736 740 3791 Ὅπου
793 3740 899 3792 ἐὰν
940 3742 1171 3811 ἀπέρχῃ
1218 3742 1608 3808 ἀκολουθήσω
1651 3760 1781 3809 σοι,

230 3827 474 3881 παῦσαν
529 3830 575 3881 εἰ
630 3830 684 3881 δε
727 3831 1124 3901 μαθητεύεσθαι
1187 3834 1387 3900 θέλεις,
1425 3835 1637 3888 ἀπόστα
1679 3836 1784 3888 τῶν

226 3918 456 3985 ἀλόγων,
481 3919 786 3990 οίκειώθητι
807 3921 862 3972 δὲ
895 3922 971 3992 τῷ
1008 3924 1165 3993 Λόγῳ
1196 3942 1207 3953 ·
1241 3925 1503 3979 ἀδύνατον
1540 3926 1645 3995 γὰρ
1693 3927 1781 3980 τὸν

229 4009 441 4077 ἀλογίᾳ
474 4009 694 4061 συνόντα
728 4011 899 4080 Λόγου
925 4012 1178 4081 γενέσθαι
1203 4014 1470 4087 μαθητήν.

305 4184 413 4253 (52)
454 4186 572 4238 Τίνι
623 4184 885 4254 ὁμοιώσω
912 4187 1026 4255 τὴν
1071 4189 1397 4252 ,ϐασιλείαν
1444 4192 1547 4246 τοῦ
1593 4195 1785 4260 Θεοῦ;

244 4275 445 4343 Ὁμοία
463 4277 590 4329 ἐστὶ
620 4276 761 4347 ζύμῃ
793 4318 807 4341 ,
850 4276 931 4346 ἢν
962 4281 1232 4333 λαϐοῦσα
1272 4282 1424 4351 γυνὴ
1457 4282 1790 4354 ἐνέκρυψεν

233 4368 321 4429 εἰς
346 4367 601 4435 ἀλεύρου
629 4368 783 4422 σάτα
812 4372 944 4437 τρία
975 4413 989 4435 ,
1039 4372 1142 4437 ἓως
1186 4369 1256 4428 οὗ
1300 4374 1557 4443 ἐζυμώθη
1620 4377 1784 4430 ὅλον.

1881 3196 1939 3233 re
1964 3181 2185 3251 corrigit
2218 3182 2388 3245 illum,
2412 3191 2572 3251 atque
2601 3183 2923 3251 imparatum
2960 3184 3433 3253 inconsultumque

1881 3277 2213 3341 prepositum
2254 3274 2463 3342 arguit:
2498 3274 3032 3343 magnitudinemque
3063 3276 3277 3331 deitatis
3317 3293 3429 3331 suae

1880 3364 2055 3427 docet,
2112 3364 2319 3427 dicens,
2372 3362 2560 3432 Vulpes
2615 3364 2788 3433 foveas
2843 3364 3067 3429 habent,
3115 3375 3169 3420 et
3217 3378 3430 3421 caetera.

1881 3454 2133 3510 Fortasse
2167 3472 2297 3511 vero
2324 3456 2410 3510 his
2442 3457 2778 3519 signiﬁcatur
2804 3498 2822 3525 ,
2852 3458 3065 3526 cpiiicia
3094 3463 3271 3514 omnia
3306 3476 3436 3515 con-

1884 3549 2042 3603 tineri
2097 3549 2235 3613 loco,
2279 3558 2332 3603 et
2380 3548 2498 3604 loco
2544 3549 2735 3605 dissita
2767 3566 2920 3617 esse;
2967 3561 3022 3605 at
3071 3550 3306 3607 Verbum
3342 3552 3434 3606 Dei

1884 3642 2140 3695 vi:tntem
2174 3642 2392 3705 habere,
2421 3658 2542 3712 qua:
2582 3659 2611 3696 a
2654 3644 2802 3697 nullo
2831 3644 3173 3711 continetur;
3209 3645 3280 3699 ita
3314 3654 3373 3698 ut
3402 3661 3432 3698 a

1888 3737 1979 3791 tali
2007 3737 2168 3799 dicto,
2203 3734 2402 3805 Sequar
2439 3744 2486 3787 te
2522 3752 2823 3806 quocunque
2857 3738 2979 3791 ieris
3011 3777 3023 3801 ,
3059 3738 3434 3793 abstinendum

1886 3832 1974 3885 sit.
2005 3827 2160 3893 Quod
2192 3828 2237 3881 si
2264 3828 2469 3880 erudiri
2504 3827 2658 3890 velis,
2691 3829 2759 3881 ab
2802 3828 3266 3883 irrationabilibus
3297 3831 3439 3883 absi-

1886 3934 1987 3986 ste,
2010 3929 2062 3974 ct
2092 3918 2306 3973 liationi
2339 3935 2431 3973 seu
2465 3917 2643 3973 Verbo
2672 3930 2722 3974 te
2756 3921 3000 3989 applica:
3035 3936 3158 3973 nam
3196 3921 3310 3974 tieri
3345 3936 3440 3976 ne-

1887 4011 2009 4079 quit
2036 4020 2095 4064 nt
2116 4009 2208 4079 qui
2240 4024 2363 4064 cum
2408 4012 2880 4064 irrationabilitate
2909 4010 3076 4081 degit,
3105 4009 3267 4065 Verbi
3314 4013 3429 4067 sive

1888 4102 2134 4156 Rationis
2167 4101 2463 4172 discipulus
2496 4103 2705 4156 evadat.

1956 4194 2056 4247 Cui
2083 4194 2257 4248 simile
2295 4193 2566 4248 aestimabo
2597 4208 2808 4262 regnum
2850 4192 2991 4248 Dei?
3024 4192 3209 4248 Simile
3235 4203 3311 4246 est
3337 4194 3442 4262 fer-

1888 4295 2079 4350 mento,
2110 4285 2246 4353 quod
2289 4292 2555 4351 acceptum
2598 4283 2788 4336 mulier
2832 4284 3107 4337 abscondit
3159 4284 3214 4335 in
3252 4282 3442 4351 farinae

1890 4388 2005 4429 suta
2042 4379 2169 4443 tria,
2201 4377 2356 4429 donec
2382 4376 2750 4445 fermentatum
2780 4384 2854 4429 est
2896 4385 3061 4427 totum
3092 4375 3159 4428 ".
3198 4373 3310 4428 Hoc
3339 4376 3442 4429 ita-

235 4454 405 4508 Τοῦτο
425 4452 516 4509 οὖν
542 4458 752 4523 σκόπει,
778 4462 883 4524 πᾶς
916 4478 999 4525 τις
1036 4464 1064 4514 6
1096 4467 1206 4526 τοῖς
1242 4464 1481 4535 ῥηθεῖσιν
1513 4470 1777 4539 ἀμφισϐη-

1889 4482 1993 4536 Quc
2018 4469 2302 4537 perpende,
2331 4465 2584 4534 quisquis
2611 4466 2676 4519 de
2728 4465 2888 4518 dictis
2923 4464 3233 4533 hujusmodi
3271 4465 3443 4519 ambi-

233 4549 361 4609 τών,
396 4552 581 4621 ὅτιπερ
605 4552 829 4617 ἕκαστος
861 4555 965 4608 τών
996 4556 1293 4625 ἀνθρώπων
1321 4559 1349 4608 ὀ
1375 4562 1574 4629 μικρὰν
1610 4560 1785 4630 ζύμην

234 4639 432 4708 ἀρετῆς
469 4642 823 4711 κτησάμενος,
859 4644 931 4715 μὴ
962 4646 1256 4714 πεφθακὼς
1297 4649 1352 4701 δὲ
1393 4648 1593 4720 ταύτην
1630 4651 1789 4720 ἀρτο-

237 4731 455 4799 ποιῆσαι
480 4749 492 4761 ·
522 4732 656 4784 ἀλλὰ
685 4734 960 4803 βουληθεὶς
1002 4737 1119 4806 μὲν,
1147 4740 1221 4810 μὴ
1248 4739 1492 4811 δυνηθεὶς
1516 4741 1570 4793 δὲ
1609 4744 1786 4805 τοῦτο,

237 4822 269 4891 ἢ
308 4824 576 4893 ῥᾳθυμίας
609 4825 639 4894 ἣ
685 4827 938 4895 ἀμελείας
970 4829 1001 4898 ἢ
1030 4830 1315 4902 ἀνανδρίας
1359 4833 1519 4886 ἕνεκα
1568 4837 1662 4888 καὶ
1694 4836 1790 4905 τῆς

240 4916 296 4977 ἐξ
329 4916 540 4984 ἡμέρας
565 4918 643 4978 είς
668 4919 875 4989 ἡμέραν
904 4921 1168 4993 ἀναϐολῆς
1188 4942 1199 4954 ·
1229 4924 1578 4991 ὲπιφθασθεὶς
1607 4925 1662 4978 δὲ
1698 4928 1790 4978 καὶ

238 5004 503 5072 θεριςθεὶς
530 5010 653 5079 παρ’
677 5008 884 5073 ἐλπίδα,
906 5004 1056 5075 οὗτος
1077 5015 1175 5065 οὐκ
1198 5014 1617 5085 ἐπιλησθήσεται
1640 5015 1790 5086 παρὰ

236 5096 329 5149 τοῦ
352 5097 557 5151 δικαίου
588 5102 771 5171 κριτοῦ
793 5119 806 5129 ·
837 5104 950 5155 ἀλλ’
989 5110 1170 5177 ἐγερεῖ
1211 5108 1353 5179 αὐτῷ
1386 5109 1524 5179 μετά
1564 5109 1793 5162 θάνατον

237 5190 361 5250 τοὺς
393 5191 641 5253 οἰκείους,
687 5194 779 5245 καὶ
820 5194 1019 5247 τούτων
1061 5198 1157 5261 τὰς
1187 5198 1407 5270 γνώμας
1457 5201 1643 5266 ίθυνεῖ,
1698 5202 1791 5256 καὶ

239 5280 337 5342 τὰς
371 5283 593 5351 καρδίας
617 5284 849 5344 έλκύσει,
880 5287 971 5338 καὶ
1010 5288 1105 5351 τὰς
1132 5289 1305 5359 ψυχὰς
1340 5292 1662 5362 ἐπικάμιξκει,
1699 5292 1793 5344 καὶ

242 5372 374 5439 πρὸς
403 5374 623 5444 ἀρωγὴν
654 5378 746 5427 καὶ
793 5376 1040 5445 βοήθειαν
1082 5380 1272 5434 τούτου
1316 5382 1606 5437 σπεύσουσι
1637 5400 1792 5454 κινη-

243 5461 437 5525 θέντες.
474 5464 631 5517 Ὂθεν
667 5468 759 5519 καὶ
791 5468 1066 5537 ἁψαμένου
1106 5471 1197 5523 τοῦ
1228 5474 1493 5526 Δεσπότου
1518 5475 1625 5529 τῶν
1662 5493 1795 5545 καρ-

311 5599 354 5627 ”
392 5598 521 5654 Luc.
557 5619 675 5667 xm,
707 5603 794 5655 21.

316 5738 423 5808 (32)
458 5738 529 5792 lix
556 5739 738 5794 codice
780 5755 887 5810 reg.
920 5739 1073 5809 1995,
1108 5755 1204 5795 λιιι
1237 5741 1438 5796 saeculi.

1892 4563 1994 4630 gis.
2022 4557 2319 4629 quemlibet
2374 4556 2647 4610 hominem
2682 4556 2773 4624 qui
2812 4570 3035 4623 parvum
3067 4556 3286 4611 virtutis
3336 4556 3444 4611 fer-

1895 4662 2133 4703 mentum
2186 4644 2445 4717 possidet,
2486 4647 2687 4714 quique
2734 4643 2801 4697 ad
2852 4661 3045 4715 panem
3076 4662 3142 4700 ex
3172 4661 3237 4700 eo
3275 4645 3446 4699 conii-

1894 4746 2142 4800 ciendum
2176 4742 2411 4795 nondum
2462 4756 2593 4795 usus
2651 4752 2770 4803 est,
2825 4748 2878 4791 et
2925 4746 3101 4791 tamen
3147 4735 3197 4790 id
3232 4736 3439 4800 voluit,

1897 4837 1990 4891 sed
2016 4834 2282 4904 segnitiei,
2314 4832 2559 4894 incuriae,
2594 4830 2838 4901 ignaviae,
2876 4837 2971 4882 aut
2999 4826 3446 4896 procrastinatio-

1897 4930 1980 4983 nis
2016 4942 2145 4997 ergo
2196 4941 2301 4979 non
2339 4924 2566 4993 potuit,
2611 4924 2967 4989 interceptum
3021 4934 3085 4972 ac
3136 4918 3442 4971 demessum

1894 5038 2003 5093 quo
2030 5032 2266 5089 tempore
2298 5033 2404 5071 non
2453 5015 2824 5088 exspectabat,
2874 5013 3015 5083 apud
3069 5013 3270 5079 justum
3306 5011 3444 5077 iudi-

1896 5098 2009 5170 cem
2038 5129 2141 5167 non
2178 5122 2464 5166 venturum
2493 5110 2546 5163 in
2572 5109 2898 5163 oblivionem
2926 5125 2938 5160 :
2980 5107 3072 5160 sed
3110 5104 3301 5175 '(Deus)
3330 5110 3444 5171 post

1897 5210 2015 5271 eius
2066 5205 2340 5257 interitum
2373 5201 2671 5255 familiares
2704 5208 2757 5254 et
2790 5208 3052 5268 cognatos
3091 5197 3211 5265 ejus
3246 5195 3446 5247 eXeita-

1902 5298 1997 5363 bit,
2044 5310 2232 5350 eorum
2264 5303 2496 5348 mentem
2542 5291 2768 5361 diriget,
2810 5290 2971 5345 corda
3011 5287 3305 5358 pertrahet,
3333 5285 3449 5337 ani-

1902 5403 2024 5442 mas
2051 5387 2265 5441 ﬂectet:
2301 5396 2462 5454 atque
2495 5383 2531 5437 ii
2578 5382 2645 5438 ad
2676 5398 2831 5451 opem
2859 5392 2912 5435 et
2940 5381 3200 5435 auxilium
3233 5377 3333 5446 ipsi
3372 5375 3450 5427 fe-

1902 5479 2125 5533 reudum
2160 5477 2434 5533 accedent.
2494 5473 2673 5540 Quare
2724 5472 2908 5537 iidem,
2947 5480 3193 5526 movente
3225 5466 3446 5522 Domino
