4094 6322
654 322 675 374 1
690 319 787 376 $07

1569 313 1626 370 S.
1661 317 2031 374 ATHANASII
2075 315 2215 374 OPP.
2271 317 2452 374 PARS
2489 317 2564 375 Ill.
2611 349 2667 364 -—
2717 317 3122 376 EXEGETICA.

3761 316 3877 371 θεοῦ

664 436 772 493 Nec
805 437 871 492 iis
897 437 998 492 sibi
1037 437 1272 507 prepriis
1312 446 1634 502 contentus,
1678 438 1842 492 etiam
1873 454 1938 493 ea
1974 454 2096 508 qua:
2132 453 2228 492 e-x-

2332 437 2574 508 ὴρκέσθη
2603 439 2694 492 ἐπὶ
2717 441 2830 502 τοῖς
2844 436 3029 500 αὑτοῦ,
3053 435 3187 490 ἀλλὰ
3208 435 3300 489 καὶ
3318 433 3428 486 τῶν
3743 437 3880 504 ἐμνηο

657 531 926 584 trinsecus
956 529 1290 584 advenerunt
1334 540 1586 586 enarrat.
1649 529 1973 594 Quotidiana
2018 530 2220 584 sollici-

655 621 781 674 tudo
827 623 1056 688 onuu'um
1111 619 1567 676 Ecclesiarum".
1626 621 1780 678 Unde
1823 640 2100 694 nunquam
2162 625 2215 679 in

657 713 988 768 conscientia
1015 729 1112 768 sua
1163 715 1287 783 quis
1331 714 1747 780 inﬁrmabatur,
1798 718 1930 786 quin
1976 719 2089 787 ipse
2134 719 2218 771 in-

656 807 1006 870 ﬁrmaretur,
1065 822 1174 861 non
1220 807 1441 876 quidem
1492 823 1767 877 corpore,
1845 809 1936 864 sed
1999 810 2216 879 spiritu.

652 900 786 953 Cum
845 908 1020 952 autem
1069 915 1347 956 aerumnas
1399 901 1455 954 in
1528 902 1754 970 gloriam
1824 901 1928 956 sibi
1985 911 2219 958 verteret

651 990 843 1044 beatus
879 989 966 1042 ille
1004 989 1106 1053 \‘ir,
1161 990 1369 1044 aiebat:
1429 989 1666 1044 Gloriari
1711 1000 1846 1045 certe
1902 1008 2004 1044 non
2057 1009 2216 1062 opor-

663 1093 781 1148 tet,
831 1083 920 1136 sed
972 1081 1036 1135 de
1099 1082 1504 1152 inﬁrmitatibus
1596 1084 1722 1137 meis
1789 1084 2060 1154 gloriabor
2128 1085 2216 1149 ⁸¹,

657 1173 711 1228 id
746 1182 830 1228 est
857 1173 923 1227 de
965 1173 1135 1227 variis
1199 1174 1619 1230 tribulationum
1660 1191 1902 1230 mearum
1948 1176 2218 1246 passioni-

657 1265 779 1321 bus.
816 1264 1178 1332 Quamobrem
1208 1265 1341 1321 alibi
1371 1283 1592 1337 quoque
1623 1276 1682 1322 ut
1719 1270 1960 1338 optimus
1994 1271 2215 1332 athleta,

657 1359 750 1423 qui
800 1358 1160 1414 immortalem
1207 1359 1305 1414 Dei
1365 1361 1589 1430 gloriam
1643 1378 1754 1430 pra:
1791 1362 1965 1416 oculis
2017 1362 2214 1415 mentis

660 1451 885 1506 haberet
911 1459 964 1505 et
985 1454 1378 1516 censidetaret,
1412 1454 1514 1509 ait:
1553 1453 1676 1507 Non
1712 1456 1850 1508 enim
1879 1465 1999 1508 sunt
2036 1453 2217 1508 condi-

661 1560 776 1614 gna
809 1547 1077 1613 passiones
1102 1546 1257 1612 hujus
1296 1548 1541 1615 temporis
1576 1547 1644 1599 ad
1680 1546 1915 1614 futuram
1951 1547 2175 1616 gloriam
2203 1584 2216 1606 ,

655 1653 773 1706 quae
804 1636 1126 1690 revelabitur
1165 1639 1216 1691 in
1255 1637 1401 1692 nobis
1438 1640 1482 1670 ⁸¹
1509 1657 1521 1692 :
1551 1640 1676 1707 quia
1725 1654 1916 1707 nempe
1947 1637 2220 1692 divinissi-

653 1740 778 1780 mus
800 1726 889 1782 ille
915 1727 1019 1793 vir,
1054 1729 1148 1798 qui
1178 1743 1411 1800 superne
1432 1737 1672 1782 erectum
1710 1729 1929 1800 gerebat
1952 1729 2216 1792 animum,

2328 530 2583 598 μὸνευσεν
2606 568 2621 593 ,
2690 528 2752 584 ⁸11
2811 526 3173 598 καθημερινὴ
3210 525 3466 596 μέριμνα
3514 523 3731 578 πασῶν
3777 523 3880 577 τῶν

2327 620 2721 690 Ἐκκλησιώϊὲ.
2750 621 2911 675 Ὅθεν
2944 622 3038 674 καὶ
3089 624 3154 692 τῇ
3187 619 3486 688 συνειδήσει
3532 634 3618 680 τις
3659 616 3878 670 ἀσθενῶν

2328 714 2421 767 καὶ
2453 713 2612 776 αὐτὸς
2639 711 2875 782 ἠσθένει.
2901 713 2961 765 οὐ
2995 711 3229 780 σώματι,
3256 709 3392 763 ἀλλὰ
3415 709 3710 779 πνεύματι.
3745 709 3878 760 Kai-

2323 823 2475 877 χημα
2513 805 2570 859 δὲ
2610 806 2746 876 έχων
2793 807 2891 870 τὰς
2921 803 3128 874 θλίψεις
3152 804 3180 856 6
3219 802 3486 874 μακάριος
3513 802 3720 869 ἐλεγενο
3745 804 3879 855 Καυ-

2323 896 2544 967 χᾶσθαι
2584 897 2660 966 δὴ
2707 899 2777 952 οὐ
2824 895 3113 966 συμφέρει
3139 912 3259 964 μοι,
3294 894 3455 948 ἀλλὰ
3481 893 3556 946 τὰ
3579 893 3690 958 τῆς
3719 893 3880 946 ἀσθε-

2325 993 2489 1056 νείας
2519 1008 2638 1060 μου
2688 988 3104 1058 καυχήσομαι·
3137 989 3304 1058 ἤγουν
3355 987 3426 1039 τὰ
3471 986 3581 1038 τῶν
3624 984 3881 1054 διαφόρων

2326 1082 2555 1154 θλίψεων
2575 1101 2673 1151 μου
2705 1082 2871 1152 πάθη.
2896 1080 2987 1134 Διὸ
3011 1082 3104 1135 καὶ
3123 1079 3372 1151 ἑτέρωθι,
3392 1079 3467 1142 ὡς
3493 1079 3711 1148 ἄριστος
3729 1076 3881 1146 ἀθλη-

2323 1177 2421 1246 τὴς
2443 1177 2535 1230 καὶ
2564 1177 2664 1248 τὴν
2696 1176 2970 1246 ἀκήρατον
3001 1174 3156 1238 δόξαν
3193 1171 3287 1225 τοῦ
3325 1170 3458 1225 Θεοῦ
3497 1173 3608 1234 τοῖς
3653 1171 3752 1240 τῆς
3773 1171 3882 1223 δια-

2325 1268 2472 1331 νοίας
2505 1266 2798 1338 ὀφθαλμοῖς
2825 1267 3122 1328 κατανοῶν,
3155 1265 3334 1333 λέγει·
3375 1265 3462 1316 οὺ
3506 1262 3618 1330 γὰρ
3644 1260 3780 1324 ἄξια
3816 1263 3883 1315 τὰ

2324 1358 2639 1428 παθήματα
2665 1359 2772 1412 τοῦ
2800 1359 2917 1413 νῦν
2961 1359 3165 1427 καιροῦ
3200 1357 3348 1426 πρὸς
3390 1354 3505 1421 τὴν
3539 1353 3885 1422 μέλλουσαν

2324 1450 2514 1515 δόξαν
2543 1444 3043 1520 ἀποκαλυφθῆναι
3076 1453 3162 1514 εις
3191 1447 3348 1518 ἡμᾶς
3370 1464 3382 1477 ·
3417 1448 3604 1518 ἐπειδὴ
3627 1487 3640 1508 ,
3668 1446 3742 1509 ὡς
3767 1462 3881 1514 τερ-

2327 1541 2432 1594 πνὰ
2460 1541 2770 1612 ὀρφίσματα
2796 1542 2823 1594 6
2845 1537 3116 1601 θειότατος
3139 1537 3276 1608 ἀνὴρ
3311 1538 3401 1590 καὶ
3419 1538 3530 1590 ἄνω
3558 1535 3618 1589 τὸ
3645 1534 3885 1606 φρόνημα

2326 1631 2681 1702 κεκτημένος,
2719 1632 2933 1685 ἅπαντα
2960 1629 3030 1684 τὰ
3057 1631 3385 1700 κολαστήρια
3412 1628 3703 1696 ἐλογίζετο.
3732 1621 3884 1689 Αὖθις

2326 1724 2697 1795 ἐμνημόνευσε
2753 1722 2850 1793 τὴν
2891 1720 3364 1790 ἀποκαλυφθεῖσαν
3413 1720 3564 1790 αὑτῷ
3611 1719 3881 1780 ὀπτασίαν,

653 1818 839 1872 οιηηὶιι
902 1820 1168 1889 supplicia
1230 1835 1327 1874 ceu
1388 1820 1766 1874 delectabilem
1811 1827 2134 1874 concentum
2169 1831 2224 1873 ct

2332 1817 2418 1868 καὶ
2473 1817 2729 1886 ἁρπαγὴν
2775 1817 2857 1878 εἰς
2875 1815 2966 1867 τὸν
3031 1813 3391 1887 παράδεισον,
3440 1814 3536 1866 καὶ
3588 1812 3657 1864 τὰ
3686 1811 3881 1882 ἄρρητα

656 1909 998 1964 harmoniam
1038 1911 1341 1978 reputabat.
1388 1911 1739 1981 Rursumque
1793 1912 2058 1966 visionem
2116 1911 2218 1964 sibi

656 1999 956 2055 immissam
994 2011 1046 2056 et
1081 2004 1341 2067 oblatam,
1366 2015 1580 2071 raptum
1620 2005 1671 2056 in
1711 2003 2023 2073 paradisum
2057 2012 2109 2056 ct
2135 2018 2223 2057 ar-

658 2107 796 2146 cana
834 2093 920 2147 illa
947 2095 1109 2150 verba
1139 2105 1427 2148 memorat.
1466 2094 1856 2160 Quamobrem,
1905 2106 2088 2165 utpote
2128 2093 2221 2162 qui

657 2182 824 2235 nollet
856 2181 926 2235 de
955 2183 1135 2255 seipse
1165 2183 1410 2252 gloriari,
1435 2185 1540 2237 ait:
1574 2183 1644 2236 De
1673 2183 1868 2253 meipso
1895 2201 1995 2237 non
2024 2184 2223 2253 gloria-

658 2273 771 2336 bor,
815 2273 917 2326 nisi
950 2275 1002 2326 iu
1037 2274 1433 2342 inﬁrmitatibus
1461 2276 1590 2329 meis
1620 2277 1686 2338 ⁸³,
1733 2292 1794 2329 ac
1830 2275 1874 2329 si
1909 2277 2132 2339 diceret,
2170 2277 2222 2329 in

659 2364 1102 2420 tribulationibus
1129 2374 1181 2418 et
1212 2365 1565 2434 passiouibus
1599 2365 1756 2419 lucis.
1793 2364 1858 2419 Et
1908 2383 1969 2418 ne
2017 2368 2225 2436 magni-

659 2456 784 2508 tudo
817 2455 1188 2508 recelationum
1215 2456 1432 2508 extollat
1466 2471 1566 2521 nte,
1590 2456 1747 2509 datus
1773 2468 1846 2509 est
1885 2457 2014 2509 mihi
2036 2459 2225 2510 stimu-

658 2548 740 2600 lus
764 2549 938 2600 carnis
964 2548 1030 2614 ³⁵,
1055 2548 1262 2602 scilicet
1297 2549 1740 2618 impedimentum
1777 2565 1845 2602 ne
1878 2549 2077 2602 erectis
2104 2563 2224 2603 cer-

661 2639 870 2693 vicibus
893 2640 1143 2702 extollar,
1172 2639 1387 2708 angelus
1414 2639 1650 2703 Satauw,
1678 2642 1768 2708 qui
1797 2655 1875 2692 me
1911 2638 2224 2702 colaphizet.

661 2730 826 2785 Satan
859 2732 1159 2800 explicatur
1185 2732 1540 2784 adversarius.
1569 2729 1798 2794 Quidam
1819 2731 1962 2783 enim
1994 2729 2052 2784 Β.
2091 2731 2228 2784 Pau-

661 2824 713 2876 lo
757 2825 810 2876 in
852 2823 1232 2892 prmdicatione
1283 2822 1658 2886 obsistebant,
1709 2823 1996 2892 ipsumque
2045 2824 2225 2892 gravi—

661 2915 763 2969 bus
816 2913 1061 2985 ﬂagellis.
1115 2914 1410 2984 multisque
1456 2915 1732 2970 atrocibus
1793 2917 1968 2985 pcnuis
2022 2916 2227 2986 afﬂige-

662 3007 792 3061 baut
830 3023 928 3062 ceu
963 3006 1094 3076 legis
1152 3008 1551 3072 adversarium,
1600 3024 1707 3063 non
1758 3011 2114 3064 concedentes
2171 3018 2230 3062 ut

662 3104 924 3160 doctrina:
954 3105 1180 3156 verbum
1217 3106 1365 3157 clare
1396 3104 1732 3172 prmdicaret.
1785 3103 1896 3159 llos
1928 3106 2092 3171 igitur
2141 3105 2223 3159 di-

2322 1908 2504 1960 ἐκεῖνα
2545 1908 2792 1976 ῥήματα·
2847 1905 2987 1966 ὅθεν,
3025 1904 3100 1968 ὡς
3139 1905 3210 1974 μὴ
3246 1903 3564 1974 βουλόμενος
3593 1903 3660 1956 δι’
3703 1902 3881 1955 ἑαυτοῦ

2323 1997 2719 2070 καυχήσασθαι,
2762 1997 2898 2066 ἔφη·
2947 1995 3122 2064 ’Υπὲρ
3171 1997 3240 2049 δὲ
3283 1995 3541 2066 ἐμαυτοῦ
3573 1998 3644 2048 οὐ
3672 1993 3883 2062 καυχή-

2321 2106 2522 2158 σομαι,
2555 2092 2606 2142 εὶ
2626 2108 2669 2158 μ
2681 2089 2711 2156 ἡ
2734 2090 2802 2140 ἐν
2828 2088 2954 2154 ταῖς
2971 2089 3310 2155 ἀσθενείαις
3326 2107 3442 2158 μου
3463 2105 3478 2118 ο
3499 2087 3664 2141 οἱονεὶ
3692 2088 3746 2138 ἐν
3772 2090 3882 2149 ταῖς

2323 2180 2534 2254 θλίψεσί
2579 2199 2680 2250 μου
2719 2182 2813 2233 καὶ
2839 2181 2908 2234 τὰ
2961 2180 3108 2252 πάθη
3165 2200 3286 2251 μου.
3345 2182 3451 2237 Καὶ
3476 2179 3549 2247 τῇ
3591 2177 3882 2247 ὑπερϐολῇ

2325 2273 2441 2326 τῶν
2493 2275 2951 2340 ἀποκαλύψεων,
2979 2275 3077 2327 ἵνα
3101 2275 3187 2344 μὴ
3238 2275 3635 2342 ὑπεραίρωμαι
3663 2315 3677 2339 ,
3718 2271 3880 2336 ἐδόθη

2319 2382 2418 2434 μοι
2446 2367 2692 2434 σκόλοψ
2715 2365 2792 2434 τῇ
2812 2366 3012 2433 σαρκὶ,
3038 2367 3199 2437 ἡγουν
3221 2367 3495 2436 ἐμπόδιον,
3526 2367 3614 2419 ἵνα
3634 2364 3706 2435 μὴ
3726 2363 3883 2432 ὑψαυ-

2323 2456 2495 2525 χενῶν
2528 2457 2790 2527 αἴρωμαι,
2825 2457 3078 2527 ἄγγελος
3104 2457 3319 2521 Sator,
3351 2459 3451 2512 ἵνα
3480 2476 3556 2528 με
3586 2456 3877 2526 κολαφίζῃ-

2327 2549 2500 2601 Σατᾶν
2549 2550 2915 2618 ἑρμηνεύεται.
2945 2551 3374 2621 ἀντικείμενος·
3435 2551 3739 2604 ἀντέκειντο
3781 2547 3882 2616 γὰρ

2325 2644 2389 2712 τῇ
2426 2641 2650 2712 κηρύξει
2685 2642 2763 2712 τῷ
2804 2643 3054 2714 μακαρίῳ
3112 2645 3307 2714 Παύλῳ
3336 2644 3503 2706 τινὲς,
3551 2645 3643 2695 καὶ
3680 2638 3882 2712 μάστιξι

2326 2731 2515 2796 δεινοῖς
2545 2733 2637 2786 καὶ
2659 2733 2872 2797 πολλοῖς
2895 2736 3082 2797 κακοῖς
3109 2733 3483 2803 κολαστηρίοις
3500 2733 3683 2786 τοῦτον
3710 2732 3780 2793 ὡς
3795 2728 3881 2782 τοῦ

2326 2825 2489 2895 νόμου
2517 2822 2807 2878 ἀντίπαλον
2843 2825 3171 2878 κατεπόνουν
3190 2865 3204 2889 ,
3245 2826 3316 2896 μὴ
3352 2824 3770 2894 συγχωρούντων
3798 2838 3884 2875 τον

2326 2918 2422 2988 τῆς
2443 2917 2786 2981 διδασκαλίας
2807 2919 2962 2986 λόγον
2981 2919 3160 2986 σαφῶς
3185 2919 3436 2990 κηρύξαι.
3465 2917 3697 2980 Τούτους
3719 2917 3884 2969 τοίνυν

2327 3011 2355 3062 ὁ
2375 3009 2516 3073 θεῖος
2543 3009 2836 3074 ἀπόστολος
2869 3010 3182 3065 ὑποῦάλλων
3210 3011 3285 3074 ὡς
3332 3012 3480 3074 υἱοὺς
3523 3011 3760 3063 διαῆόλου
3792 3012 3886 3064 Σα-

2331 3102 2429 3154 τᾶν
2471 3102 2744 3169 ὀνομάζει.
2777 3099 2866 3154 Διὸ
2907 3103 2970 3172 δὴ
3020 3103 3113 3154 xui.
3150 3105 3178 3155 6
3207 3102 3310 3156 τῶν
3344 3104 3654 3156 ἀποστόλων
3686 3103 3886 3174 πρωτὸ-

664 3198 823 3251 vinus
852 3195 1142 3265 Apostolus
1175 3167 1505 3266 deprimens,
1544 3213 1642 3250 ceu
1670 3197 1810 3251 ﬁlios
1834 3167 2033 3251 diaboli
2062 3197 2228 3250 Satan

2335 3190 2519 3263 θρονος
2541 3193 2767 3261 Πέτρος,
2797 3193 2872 3255 ὡς
2904 3195 2968 3263 τῇ
3003 3193 3318 3245 διδασκάλου
3347 3194 3535 3264 γνώμη
3593 3196 3889 3264 ἀντικείμε-

663 3299 837 3344 vocat.
878 3288 1076 3343 Eadem
1121 3287 1187 3341 de
1237 3305 1406 3344 causa
1448 3290 1541 3359 qui
1578 3290 1815 3358 primum
1862 3289 2230 3359 apostolorum

663 3386 921 3436 thronum
970 3383 1257 3451 occuparit
1317 3379 1547 3445 Petrus,
1594 3392 1653 3436 ut
1711 3383 1805 3451 qui
1866 3384 2110 3453 magistri
2148 3383 2230 3436 sui

667 3475 948 3527 sententia:
977 3474 1359 3528 adversaretur
1386 3513 1399 3536 ,
1431 3484 1483 3526 et
1517 3474 1832 3540 neutiquam
1871 3473 2054 3526 divina
2089 3514 2104 3537 ,
2141 3472 2232 3526 sed
2263 3510 2267 3514 -

669 3564 905 3616 humana
941 3565 1118 3618 solum
1151 3571 1387 3630 saperet,
1423 3562 1589 3614 Satan
1620 3561 1688 3614 ab
1715 3563 1834 3630 ipso
1867 3559 2097 3615 Domino
2129 3576 2229 3614 vo-

667 3660 822 3703 catus
849 3659 954 3715 est,
988 3651 1070 3705 bis
1101 3652 1281 3704 verbis
1313 3669 1324 3704 :
1381 3647 1520 3703 Vade
1561 3661 1701 3703 retro
1724 3666 1827 3710 me,
1855 3647 2028 3702 Satan
2052 3650 2134 3716 '5;
2184 3648 2236 3703 id

669 3751 772 3804 est,
807 3742 1128 3798 Adrersaris
1158 3744 1352 3796 divina:
1383 3759 1446 3796 ac
1487 3743 1714 3797 salutari
1771 3743 2053 3796 sententia:
2080 3757 2231 3806 mete,

672 3835 797 3903 quia
825 3837 1006 3904 passio
1053 3852 1169 3889 mea
1201 3851 1546 3890 communem
1593 3833 1799 3888 mundo
1830 3835 2059 3889 salutem
2097 3834 2231 3888 alla-

673 3937 792 3980 tura
824 3937 927 3982 est.
959 3926 1096 3981 Cum
1132 3928 1297 3997 igitur
1328 3937 1410 3981 ter
1441 3927 1628 3981 eadem
1654 3928 1720 3981 de
1748 3943 1914 3982 causa
1943 3926 2231 3981 Dominum

672 4019 873 4073 Paulus
901 4026 1162 4086 rogasset,
1194 4018 1269 4070 ait
1293 4018 1403 4071 illi:
1442 4015 1646 4085 Su/Iicit
1674 4019 1768 4070 tibi
1808 4019 1982 4085 gratia
2020 4034 2133 4070 mea
2169 4018 2234 4070 “.

675 4108 884 4164 Sufﬁcit
913 4110 1008 4164 tibi
1045 4120 1102 4164 ut
1125 4126 1220 4165 vas
1244 4110 1527 4165 electionis
1558 4111 1679 4171 ﬁas,
1703 4121 1762 4163 ut
1794 4125 1970 4179 praeco
1993 4110 2236 4164 omnium

674 4202 1040 4257 Ecclesiarum
1077 4203 1451 4268 constituaris,
1510 4210 1571 4256 ut
1623 4217 1795 4270 usque
1834 4203 1899 4255 ad
1950 4203 2148 4256 coelum
2186 4212 2240 4256 et

676 4295 741 4348 ad
772 4295 1104 4364 paradisum,
1134 4296 1310 4349 adhuc
1345 4296 1398 4348 in
1451 4309 1617 4349 carne
1651 4294 1859 4356 vivens,
1898 4294 2148 4362 rapiaris,
2183 4301 2242 4346 ut

679 4388 1061 4442 revelatiouem
1099 4388 1484 4456 mysteriorum
1506 4429 1519 4450 ,
1555 4401 1676 4454 qua:
1711 4401 1817 4440 non
1852 4385 1941 4438 bic
1991 4385 2141 4440 eﬁ'ari
2174 4386 2240 4437 li-

2332 3303 2439 3348 νος,
2473 3287 2566 3338 καὶ
2596 3286 2669 3355 μὴ
2713 3285 2780 3338 τὰ
2816 3285 2954 3350 θεῖα,
3017 3285 3152 3338 ἀλλὰ
3201 3286 3268 3338 τὰ
3304 3285 3617 3357 ἀνθρώπινα
3664 3286 3887 3356 φρονῶν.

2335 3378 2508 3429 Σατᾶν
2540 3378 2700 3429 αὑτὸν
2723 3380 2750 3431 6
2775 3377 2980 3448 Κύριος
3032 3376 3401 3448 προηγόρευσε
3448 3375 3645 3447 λέγων·
3672 3379 3890 3446 ’Υπατε

2334 3468 2525 3520 ὀπίσω
2551 3487 2691 3536 μου,
2712 3471 2908 3523 Sator
2933 3486 2946 3499 ·
2974 3469 3161 3540 ἤγουν,
3208 3470 3531 3523 Ἀντίκεισαι
3555 3473 3621 3540 τῇ
3657 3470 3775 3542 θείᾳ
3803 3470 3890 3522 καὶ

2336 3557 2672 3629 σωτηριὼδει
2693 3560 2882 3632 γνώμῃ
2922 3578 3022 3632 μου
3044 3578 3056 3590 ·
3092 3561 3279 3631 ἐπειδὴ
3298 3562 3358 3613 τὺ
3387 3561 3555 3625 πάθος
3586 3580 3684 3632 μου
3716 3563 3891 3629 κοινὴν

2337 3651 2608 3720 σωτηρίαν
2651 3657 2715 3722 τῇ
2767 3655 3060 3726 οἰκουμένῃ
3091 3653 3276 3722 μέλλει
3305 3653 3656 3722 ἐργάσασθαι.
3695 3654 3779 3716 Ὧς
3806 3650 3889 3705 οὖν

2335 3743 2566 3815 τρισσῶς
2589 3745 2680 3796 τὸν
2706 3745 2908 3816 Κύριον
2935 3763 2999 3797 πε
3011 3748 3062 3814 ρ“ι
3083 3743 3274 3797 τούτου
3308 3745 3688 3815 παρακαλέσας
3707 3786 3721 3808 ,
3751 3745 3891 3815 εἰρή-

2335 3853 2419 3888 κει
2445 3835 2592 3904 αὐτῷ
2613 3852 2625 3865 ·
2679 3835 2865 3904 Ἀρκεῖ
2889 3851 2988 3888 σοι
3013 3837 3048 3903 ἡ
3077 3833 3246 3902 χάρις
3266 3853 3406 3903 μου.
3461 3836 3641 3906 Ἀρκεῖ
3686 3851 3764 3885 σοι
3811 3833 3892 3884 ἵνα

2340 3926 2532 3991 σκεῦος
2561 3927 2790 3998 ἐκλογῆς
2817 3929 3044 3998 γενήσῃ,
3081 3929 3167 3980 ἵνα
3194 3931 3375 4000 ῥήτωρ
3418 3927 3524 3980 τῶν
3572 3924 3890 3996 Ἐκκλησιῶν

2337 4019 2740 4090 κατασταθήσῃ,
2783 4020 2867 4072 ἵνα
2903 4021 3061 4090 μέχρι
3088 4020 3174 4071 τὸν
3202 4021 3428 4090 οὐρανὸν
3459 4021 3550 4073 καὶ
3583 4019 3892 4088 παράδεισον

2339 4113 2596 4182 ἁρπαγῇς
2627 4110 2706 4162 ἔτι
2745 4107 2850 4173 ζῶν
2875 4112 2932 4163 ἐν
2967 4109 3042 4178 τῷ
3082 4109 3312 4180 σιρκίῳ,
3340 4111 3424 4162 ἵνα
3445 4110 3542 4180 τὴν
3568 4109 3891 4175 ἀποκαλυιᾲεν

2338 4205 2444 4256 τῶν
2497 4205 2750 4275 ἀρρήτων
2806 4203 3116 4274 μυστηρίων
3151 4205 3242 4256 καλ⁵
3297 4205 3367 4257 τὰ
3407 4204 3513 4256 τῶν
3575 4201 3894 4271 ἐπουρανίων

2339 4297 2630 4366 ταγμάτων
2655 4295 2793 4366 ὑπὲρ
2818 4298 2996 4348 πᾶσαν
3022 4296 3270 4365 γλῶσσαν
3297 4296 3541 4369 βροτείαν
3570 4295 3788 4368 λαλήσῃ,
3812 4294 3892 4346 ἵνα

2342 4391 2555 4461 πλήρης
2587 4389 2736 4452 θείας
2761 4390 2974 4458 σοφίας,
3009 4393 3102 4443 καὶ
3138 4390 3450 4460 ιΙνεύματος
3498 4389 3650 4456 ἁγίου
3695 4388 3893 4457 ἐμπλη-

680 4490 784 4543 cct,
824 4489 874 4532 et
900 4493 1022 4547 quae
1055 4480 1304 4532 cwlestes
1337 4479 1555 4531 ordines
1606 4486 1853 4546 spectant
1875 4492 2105 4546 qumque
2139 4477 2239 4531 bu-

2347 4481 2540 4550 σθήσῃ,
2565 4479 2650 4530 ἵνα
2685 4479 3050 4552 συγκαθεδρος
3077 4479 3184 4532 τῶν
3225 4479 3558 4551 συμμυστῶν
3601 4477 3896 4532 ἀποστόλων

679 4585 894 4624 manam
927 4584 1144 4623 omnem
1204 4569 1443 4638 linguam
1489 4578 1840 4640 exsuperant,
1875 4569 2154 4639 eloquare,
2185 4578 2242 4622 ut

679 4662 872 4731 plenus
898 4661 1080 4714 divina
1131 4661 1398 4730 sapientia
1428 4699 1442 4722 ,
1478 4663 1607 4717 item
1658 4660 1863 4732 Spiritu
1920 4672 2111 4716 sancto
2157 4677 2240 4715 reo

678 4754 882 4823 pleare,
923 4761 978 4805 et
1023 4766 1146 4806 cmn
1198 4753 1510 4822 symmystis
1556 4754 1665 4808 tuis
1717 4752 1978 4822 apostolis
2017 4769 2123 4806 una
2159 4768 2246 4806 se-

681 4847 832 4899 deas.
864 4843 1149 4899 Sullieiuut
1185 4847 1278 4900 tibi
1317 4847 1431 4900 lucc
1487 4856 1539 4899 et
1573 4848 1767 4900 similia
1801 4865 1829 4900 ιι
1864 4861 1948 4899 me
1984 4846 2080 4898 tibi
2117 4846 2245 4898 data

683 4952 929 5002 munera,
963 4936 1107 4990 Nam
1129 4940 1290 4991 virtus
1317 4955 1427 4991 mea
1456 4939 1511 4992 iu
1544 4937 1853 5007 inﬁrmitate
1882 4939 2152 5007 perﬁcitur
2175 4940 2242 5004 ‘7;

683 5030 737 5082 in
777 5029 1090 5084 inﬁrmitate
1120 5032 1326 5085 scilicet
1358 5047 1464 5084 non
1509 5031 1754 5100 corporis
1786 5032 1867 5084 vel
1909 5033 2122 5094 animae,
2153 5031 2246 5086 sed

686 5123 751 5176 de
788 5123 1253 5188 tribulationibus,
1287 5127 1402 5179 sive
1459 5121 1522 5179 de
1561 5125 1957 5180 tentationilms
1984 5125 2246 5193 loquitur.

693 5214 825 5268 Nam
857 5217 949 5284 qui
982 5218 1144 5271 animi
1175 5218 1474 5270 inﬁrmitati
1511 5219 1779 5273 obnoxius
1804 5229 1969 5282 esset,
1999 5219 2089 5287 qui
2119 5233 2247 5286 pos-

689 5315 770 5360 set
805 5306 970 5360 animi
1009 5308 1353 5376 aegritudines
1405 5308 1634 5361 aliorum
1684 5307 1910 5362 curare?
1942 5307 2060 5376 Ipse
2091 5323 2243 5360 nam—

2345 4572 2568 4640 γενήσῃ.
2614 4570 2798 4638 Ἀρκεῖ
2826 4587 2908 4623 σοι
2936 4572 3002 4624 τὰ
3029 4572 3249 4626 δοθέντα
3286 4589 3364 4624 σοι
3416 4570 3586 4623 ταῦτα
3615 4571 3703 4622 καὶ
3735 4586 3896 4638 παρα-

2346 4664 2548 4732 πλήσια
2608 4663 2736 4731 παρ’
2785 4662 2920 4732 ἐμοῦ
2991 4665 3341 4736 χαρίσματα·
3391 4663 3451 4717 Ἡ
3494 4666 3604 4731 γὰρ
3659 4660 3897 4728 δύναμίς

2344 4778 2459 4829 μου
2514 4761 2582 4814 ἐν
2610 4761 2893 4826 ἀσθενείᾳ
2927 4758 3282 4814 τελειοῦται·
3323 4757 3622 4817 ἀσθένειαν,
3649 4754 3802 4824 φημὶ,
3839 4755 3895 4805 οὐ

2349 4853 2445 4924 τὴν
2466 4852 2557 4906 τοῦ
2591 4853 2859 4923 σώματος,
2896 4852 3032 4905 ἀλλὰ
3059 4853 3155 4914 τὰς
3179 4850 3410 4920 θλίψεις,
3429 4850 3553 4911 τοὺς
3575 4847 3897 4918 πειρασμοῦς

2343 4941 2510 5011 λέγει.
2553 4942 2609 4994 ὐ
2642 4942 2750 5013 γὰρ
2773 4941 3024 5012 ἀσθενείᾳ
3052 4940 3255 5010 ψυχικῇ
3284 4934 3635 5008 ὑ¹ποκείμενος
3659 4934 3768 4995 πῶς
3792 4931 3899 4982 ὲτέ-

2349 5048 2460 5103 ροις
2487 5032 2553 5085 τὰ
2587 5032 2792 5101 ψυχικέι
2823 5032 3120 5102 παθήματα
3157 5031 3302 5082 ἰεῖσαι
3329 5028 3578 5090 δύναται;
3611 5025 3772 5086 Αὐτὸς
3797 5021 3900 5092 γὰρ

2344 5126 2372 5176 6
2397 5124 2538 5187 θεῖος
2571 5125 2889 5186 ’Λπόστολος
2916 5123 3152 5193 εἴρηκεν·
3177 5123 3356 5175 Ὅταν
3379 5117 3630 5181 ἀσθενῶς
3657 5119 3782 5170 τότε
3805 5114 3900 5166 δι”

2348 5219 2526 5282 νατιὲς
2541 5219 2675 5284 εἰμι,
2700 5215 2967 5274 τουτέστι,
2986 5215 3112 5268 ὅταν
3125 5212 3424 5266 ἁσθενῶσιν
3438 5214 3486 5265 οἱ
3503 5209 3720 5280 πονηροὶ
3730 5208 3897 5270 λογίου

2355 5309 2444 5376 μοί
2463 5305 2570 5356 τῶν
2588 5305 2771 5358 παθῶν
2792 5306 3002 5373 ἑνὲμοὶ,
3025 5305 3142 5356 τότε
3161 5304 3382 5365 δυνατός
3403 5321 3424 5354 ε
3437 5305 3517 5371 ius
3535 5301 3610 5371 τῷ
3628 5299 3900 5366 πνεύματι.

687 5415 792 5468 que
838 5401 1053 5456 divinus
1096 5402 1386 5470 Apostolus
1441 5403 1617 5455 dixit:
1649 5401 1778 5456 Cum
1823 5401 2084 5469 inﬁrmor,
2130 5411 2251 5455 tunc
2301 5411 2480 5469 potens
2521 5417 2636 5452 sum
2663 5400 2731 5466 ⁸⁸,
2768 5400 2869 5453 hoc
2904 5407 2986 5453 est
3029 5414 3151 5452 cum
3210 5400 3554 5454 inﬁrm-amur
3582 5397 3634 5448 in
3682 5409 3762 5446 rue
3788 5404 3903 5458 pm-

686 5505 766 5542 t'a:
796 5489 1148 5558 cogitationes
1168 5492 1502 5558 passionum,
1525 5506 1653 5544 tunc
1672 5493 1860 5560 spiritu
1889 5503 2077 5562 potens
2110 5509 2250 5546 sum.

761 5670 806 5700 ‘°
838 5669 876 5721 ll
919 5667 1044 5721 Cor.
1091 5686 1164 5729 XI,
1213 5669 1304 5722 εκ.

692 5738 736 5771 ⁸⁸
771 5738 811 5792 ll
845 5737 968 5793 Cor.
999 5755 1093 5800 xu.
1122 5741 1172 5794 9.

1381 5671 1420 5700 ⁸¹
1467 5670 1594 5725 ibid.
1632 5670 1716 5721 50.

1247 5743 1288 5771 ⁸⁷
1333 5741 1460 5795 ibid.
1529 5743 1570 5773 ⁸⁷³
1599 5740 1727 5795 ibid.
1771 5742 1850 5794 l0.

1796 5671 1836 5701 λ’
1867 5671 2018 5727 llom.
2065 5689 2180 5737 νιιι,
2215 5671 2298 5725 l8.

2375 5668 2642 5722 ⁸³110οι⁴
2703 5681 2798 5732 xu,
2837 5667 2886 5720 5.
2996 5667 3038 5699 "
3089 5667 3214 5724 ibid.
3252 5667 3299 5720 7.
3381 5667 3422 5695 ’⁵
3450 5665 3633 5720 Matth.
3686 5676 3785 5726 XVI,
3818 5658 3903 5712 35.
