3944 6220
413 464 3641 529 m

1624 735 2431 850 ADMONITIO

599 1061 726 1151 ΙΝ
796 1059 1526 1169 SEQUENTEM
1605 1060 1754 1148 AD
1826 1061 2695 1150 MARCELLINUM
2777 1062 3443 1156 EPISTOLAM

1278 1345 1383 1407 DE
1432 1340 2197 1407 INTERPRETATIONE
2257 1341 2773 1405 PSALMORUM.

1442 1601 1668 1667 (0119.6.
1704 1602 1879 1654 Athan.
1907 1602 1989 1652 ed.
2029 1599 2208 1652 Venet.
2255 1601 2392 1664 1777,
2417 1607 2455 1653 t.
2502 1602 2608 1665 ill.)

1987 1873 2052 1885 ι.-

462 2110 668 2170 Textut
696 2111 922 2171 Graecus
954 2121 1205 2183 sumptus
1231 2120 1406 2168 estex
1438 2112 1843 2185 Prolegomenis
1886 2115 2017 2170 tomi
2054 2114 2118 2169 IV
2162 2114 2371 2172 Veteris
2400 2114 2733 2172 Testamenti
2758 2115 2914 2187 juxta
2951 2118 3255 2173 versionem
3299 2121 3640 2191 septuaginta

386 2208 776 2281 lnterpretum,
807 2225 974 2281 quam
998 2224 1065 2264 ex
1094 2208 1280 2264 codice
1313 2208 1683 2265 Alexandrino
1716 2221 1968 2268 accurate
1994 2212 2164 2268 edidit
2194 2210 2435 2269 Joannes
2464 2214 2730 2269 Eruestus
2764 2211 2962 2277 Grabe,
2998 2213 3094 2284 qui
3123 2213 3263 2269 inter
3288 2214 3393 2269 alia
3434 2215 3548 2271 hanc
3572 2214 3641 2268 de

387 2309 581 2364 eadem
613 2308 843 2377 epistola
866 2306 1162 2364 admonet:
1206 2304 1467 2361 Caeterum
1511 2307 1631 2362 licet
1655 2307 1708 2362 in
1739 2310 1979 2379 pluribus
2022 2310 2081 2365 S.
2121 2310 2404 2365 Athanasii
2439 2311 2777 2377 editionibus,
2827 2327 2889 2365 ac
2928 2311 2983 2364 in
3022 2320 3285 2378 postrema
3318 2312 3638 2366 celeberrimi

390 2404 785 2474 Hontfauconi,
817 2405 1050 2459 omnium
1078 2403 1297 2474 optima,
1328 2413 1454 2458 tom.
1484 2401 1536 2469 1,
1563 2415 1700 2473 part.
1732 2422 1793 2471 Il,
1826 2423 1947 2478 pag.
1980 2408 2086 2464 982
2123 2425 2287 2479 usque
2328 2407 2485 2473 1005,
2518 2408 2616 2462 iste
2638 2408 2707 2461 ad
2742 2406 3115 2461 Marcellinum
3143 2407 3350 2462 libellus
3376 2407 3554 2463 Grtece
3578 2426 3640 2461 ac

388 2500 584 2555 Latine
613 2502 681 2554 sit
707 2517 929 2557 excusus
952 2518 972 2567 ;
1008 2516 1127 2555 eum
1180 2508 1353 2553 tanten
1384 2499 1437 2552 in
1485 2502 1867 2571 antiquissimis
1911 2520 1975 2557 ac
2019 2502 2080 2558 S.
2130 2502 2287 2557 Patri
2331 2503 2438 2573 fere
2476 2504 2662 2557 cowvis
2704 2501 3020 2556 membranis
3048 2506 3241 2557 nostris
3277 2502 3417 2556 haud
3446 2520 3635 2573 parun.

387 2595 757 2647 correctiorem
782 2609 847 2647 ac
870 2593 1179 2662 pleniorem,
1209 2606 1267 2651 ut
1289 2599 1578 2669 conferenti
1592 2598 1810 2669 patebit,
1843 2598 1927 2652 hic
1948 2598 2118 2652 denuo
2140 2598 2288 2652 edere
2311 2597 2532 2668 placuit,
2553 2596 2742 2667 absque
2758 2594 2953 2650 Latina
2975 2608 3147 2653 tamen
3166 2599 3416 2654 versione.
3445 2599 3638 2653 Versin

387 2692 557 2760 igitur
590 2688 781 2746 latina
818 2700 1035 2763 sumpta
1060 2708 1091 2747 a
1117 2708 1205 2749 me
1238 2705 1320 2750 est
1361 2710 1427 2750 ex
1457 2695 1672 2751 laudata
1711 2693 1890 2751 Patris
1921 2693 2293 2750 Montfauconi
2324 2694 2560 2748 editione
2589 2692 2824 2762 Operum
2863 2690 2920 2744 S.
2956 2688 3267 2756 Athanasii;
3317 2688 3383 2743 ad
3435 2698 3635 2743 textum

384 2793 574 2838 autem
607 2783 852 2840 Grecam
893 2787 1096 2843 codicis
1120 2789 1496 2854 Alexandrini,
1530 2790 1625 2845 ubi.
1653 2790 1704 2845 ei
1733 2805 1845 2845 non
1881 2790 2263 2861 respondebat,
2298 2788 2547 2861 pluribus
2590 2786 2811 2861 inlocis
2844 2783 3273 2840 accommodata.
3306 2781 3419 2837 llac
3454 2792 3634 2839 autem

386 2882 643 2936 versione
670 2882 1035 2953 antiquiorem
1068 2883 1231 2938 aliam
1277 2884 1447 2939 edidit
1474 2884 1606 2939 clar.
1638 2899 1802 2938 mem.
1838 2883 1990 2939 card.
2022 2882 2352 2938 Thomasius
2378 2880 2432 2936 in
2457 2882 2600 2936 libro
2624 2880 2711 2935 cui
2741 2878 2967 2933 titulus:
3002 2874 3321 2929 Psalterium
3342 2876 3504 2945 juxta
3532 2877 3636 2929 du-

383 2972 577 3040 plicem
617 2972 919 3037 editionem,
951 2981 1081 3038 etc.,
1122 2983 1178 3029 et
1216 2975 1271 3029 in
1316 2972 1638 3029 Praafatione
1679 2975 1744 3029 ad
1796 2974 2053 3030 lectorem
2094 2996 2106 3030 :
2141 2972 2317 3037 Hanc.
2348 2972 2549 3043 inquit,
2578 2970 2829 3026 Latinam
2853 2977 3113 3037 repertam
3137 2968 3190 3020 in
3218 2966 3353 3020 libro
3382 2984 3481 3022 ms.
3513 2968 3636 3021 licet

381 3079 488 3115 non
522 3062 805 3117 admodum
827 3073 1026 3117 vetusto
1044 3063 1372 3121 bibliotheca:
1415 3064 1775 3121 Vallicellance
1795 3066 2134 3136 proferimus,
2160 3067 2230 3120 ad
2258 3064 2500 3121 ercum
2525 3074 2700 3117 tamen
2720 3059 2988 3130 exemplar
3012 3066 3291 3128 utrumque
3319 3062 3631 3113 recensitam

379 3169 431 3211 et
469 3159 822 3213 emendatam.
859 3158 932 3215 De
968 3164 1068 3214 hac
1096 3157 1325 3227 epistola
1354 3157 1495 3212 idem
1541 3156 1882 3213 clarissimus
1921 3157 2216 3213 cardinalis
2251 3175 2264 3211 :
2311 3154 2541 3219 Celebre,
2584 3154 2681 3216 ait,
2708 3150 2847 3221 apud
2891 3157 3082 3202 veteres
3115 3163 3291 3201 omnes
3322 3148 3632 3216 opusculum

380 3250 527 3303 beati
564 3250 848 3305 Athanasii
884 3250 1111 3319 episc0pi
1144 3248 1493 3302 Alexandrini
1539 3247 1616 3303 De
1652 3247 1790 3302 libro
1827 3244 2195 3311 Psalmorum,
2239 3244 2379 3315 quod
2407 3245 2589 3297 beatus
2635 3240 2989 3312 Hieronymus
3037 3238 3303 3306 appellare
3332 3240 3539 3293 videtur
3577 3241 3637 3293 in

378 3340 651 3412 Catalogo
702 3342 1031 3412 scriptorum
1075 3339 1569 3396 ecclesiasticorum
1601 3357 1617 3396 :
1653 3338 1726 3393 De
1760 3338 2085 3405 psalmorum
2129 3338 2320 3392 titulis.
2350 3335 2457 3392 Sed
2494 3352 2620 3391 cum
2664 3336 2846 3391 adhuc
2884 3335 3084 3391 lateret
3115 3336 3170 3390 in
3204 3337 3462 3400 tenebris,
3496 3345 3549 3413 et
3575 3338 3630 3391 in

379 3433 659 3503 publicam
685 3433 863 3488 lucem
901 3432 1107 3489 editum
1156 3450 1263 3491 non
1292 3434 1489 3491 luisset
1516 3449 1705 3491 verum
1756 3450 1894 3505 opus
1933 3433 1998 3488 Β.
2029 3434 2316 3490 Athanasii
2357 3432 2433 3488 De
2464 3433 2633 3488 titulis
2666 3432 3018 3503 psalmorum,
3063 3432 3208 3503 quod
3253 3433 3414 3488 modo
3445 3432 3499 3487 in
3530 3448 3633 3502 pu-

378 3529 587 3583 blicum
621 3528 942 3594 emittimus,
973 3528 1117 3584 haud
1146 3530 1347 3585 mirum
1377 3540 1482 3596 est,
1533 3534 1583 3587 si
1610 3531 1961 3589 doctissimus
1997 3531 2081 3585 vir
2125 3546 2249 3586 eum
2285 3530 2407 3585 aliis
2445 3530 2693 3601 pluribus
2724 3529 2981 3600 deceptus
3018 3537 3102 3583 est
3137 3544 3201 3583 ac
3224 3529 3446 3597 erravit,
3479 3538 3632 3583 ratus

376 3619 529 3673 idem
563 3633 704 3688 opus
733 3633 856 3674 esse
889 3618 1087 3674 librum
1115 3617 1193 3674 De
1226 3620 1396 3674 titulis
1426 3622 1749 3691 psalmorum
1786 3637 1851 3677 ac
1878 3620 2179 3691 Epistolam
2217 3637 2312 3677 seu
2337 3620 2595 3675 Libellum
2631 3621 2701 3675 ad
2740 3619 3127 3677 Marcellinum.
3166 3622 3321 3690 Quod
3347 3639 3477 3678 sane
3504 3639 3629 3678 cum

374 3714 892 3771 animadvertissent
919 3714 1107 3770 Patres
1139 3713 1497 3777 Benedictini,
1524 3713 1578 3769 in
1607 3712 1991 3769 Admonitione
2014 3729 2179 3784 quam
2208 3722 2621 3783 praeposuerunt
2644 3712 2821 3767 eidem
2848 3711 3106 3783 Epistola:
3135 3714 3205 3767 ad
3232 3713 3625 3779 Marcellinum,

377 3808 453 3861 ita
481 3805 690 3875 pmlati
713 3817 841 3861 sunt
870 3824 883 3860 :
916 3805 1220 3875 Opinantur
1252 3807 1437 3876 nuperi
1468 3806 1749 3874 scriptores
1784 3805 2020 3875 quidam,
2047 3804 2347 3876 Epistolam
2392 3805 2459 3860 ad
2486 3804 2859 3860 Marcellinum
2888 3822 2997 3860 esse
3024 3805 3161 3859 illud
3190 3823 3318 3876 opus
3342 3805 3417 3861 De
3451 3808 3628 3863 titulis

377 3901 738 3968 psalmorum,
774 3898 912 3968 quod
942 3902 1007 3951 ab
1039 3897 1360 3967 Hieronymo
1390 3898 1526 3951 inter
1549 3896 1915 3951 Athanasiana
1942 3898 2143 3968 scripta
2164 3907 2539 3951 enumeratur:
2569 3906 2625 3950 at
2648 3913 2767 3950 cum
2792 3898 2853 3950 de
2879 3897 3049 3951 titulis
3076 3914 3166 3950 seu
3195 3897 3626 3967 inscriptionibus

372 3988 704 4056 psalmorum
750 4006 813 4043 ne
855 3989 1062 4043 verbum
1096 3989 1307 4058 quidem
1336 3988 1436 4041 hac
1462 3988 1516 4041 in
1545 3988 1769 4056 epistola
1793 3999 2114 4054 compareat,
2145 3987 2423 4057 propalam
2453 3986 2598 4041 nobis
2627 3997 2727 4051 est,
2753 3987 2920 4040 alium
2959 3988 3024 4040 ab
3061 3985 3381 4056 Hieronymo
3410 3986 3624 4040 laudari

372 4082 596 4147 librum,
626 4091 729 4137 etc.
761 4081 837 4136 De
868 4083 1319 4151 praestantissima
1344 4080 1447 4136 hac
1471 4080 1699 4151 epistola
1737 4089 1931 4151 praeter
1951 4082 2220 4153 synodum
2250 4080 2524 4136 Nicatnam
2554 4082 2963 4145 secundam,ita
2993 4082 3239 4137 meminit
3260 4083 3627 4140 Cassiodorus

372 4176 429 4228 in
463 4175 605 4229 libro
633 4174 706 4228 De
730 4176 1062 4229 institutione
1088 4175 1388 4228 divinarum
1431 4173 1752 4240 litterarum,
1780 4188 1900 4243 cap.
1948 4174 1983 4227 4
2012 4192 2024 4228 :
2064 4171 2333 4244 Legendus
2366 4182 2444 4227 est
2477 4175 2638 4227 etiam
2680 4172 2888 4247 libellus
2930 4174 3213 4228 Athanasii
3242 4175 3620 4232 Alexandrina:

369 4270 611 4323 civitatis
647 4270 895 4339 episcopi,
923 4286 1073 4340 quem
1098 4267 1408 4323 Marcellino
1436 4276 1553 4337 post
1578 4268 1946 4338 aegritudinem
1977 4270 2032 4323 in
2080 4268 2255 4323 locum
2280 4269 2577 4339 refectionis
2614 4269 2938 4325 dulcissima:
2966 4270 3272 4333 destinavit.
3322 4273 3411 4342 qui
3434 4275 3623 4328 inscri-

370 4358 521 4410 bitur
548 4373 565 4410 :
597 4356 672 4413 De
700 4359 836 4414 libro
868 4358 1245 4424 Psalmorum;
1279 4355 1367 4410 ubi
1388 4357 1595 4411 diversa
1627 4372 1982 4423 commoneas,
2012 4358 2264 4413 virtutem
2292 4361 2463 4429 operis
2494 4360 2661 4428 ipsius
2686 4360 3046 4423 minutissima
3073 4369 3398 4425 discussione
3420 4371 3624 4441 patefe-

365 4452 461 4515 cit,
505 4453 737 4507 diversos
758 4454 1029 4509 hominum
1066 4472 1219 4511 casus
1252 4474 1369 4511 cum
1394 4458 1505 4511 suis
1541 4458 1781 4512 remediis
1807 4458 2040 4511 suaviter
2060 4457 2422 4511 introducens.
2450 4456 2842 4529 Argumentum
2869 4462 3110 4533 ejusdem
3145 4466 3387 4537 epistolae
3416 4466 3619 4521 laudati

366 4554 561 4609 Patres
594 4553 927 4611 Benedictini
965 4558 1155 4627 paucis
1188 4558 1367 4613 verbis
1396 4558 1659 4613 exhibent
1688 4557 1742 4611 in
1775 4558 1922 4612 hunc
1965 4557 2187 4611 modum
2226 4574 2240 4611 :
2290 4558 2475 4611 Primo
2505 4558 2559 4610 id
2596 4560 2813 4627 ponitur
2840 4558 3161 4613 discriminis
3200 4556 3446 4612 Psalmos
3484 4546 3620 4611 inter

361 4657 415 4699 et
444 4647 579 4701 alios
621 4644 915 4717 Scriptura:
952 4665 1119 4703 sacrae
1151 4648 1334 4715 libros,
1357 4658 1416 4704 ut
1436 4650 1527 4717 qui
1549 4648 1683 4703 alios
1702 4650 1846 4720 legit,
1872 4648 2027 4703 verba
2054 4664 2156 4701 non
2181 4659 2237 4701 ut
2259 4664 2379 4715 sua,
2400 4650 2491 4704 sed
2515 4665 2717 4716 eorum,
2747 4666 2968 4721 quorum
2990 4650 3115 4704 libri
3141 4659 3282 4716 sunt,
3310 4648 3389 4704 vel
3415 4663 3617 4715 eorum,

359 4745 454 4814 qui
486 4744 632 4815 loqui
672 4745 1006 4811 exhibentur,
1043 4745 1316 4816 proferat:
1355 4746 1446 4817 qui
1479 4754 1656 4799 autem
1680 4744 1927 4799 Psalmos
1955 4745 2164 4810 recitat,
2189 4744 2343 4799 verba
2370 4745 2607 4815 proferat
2631 4748 2785 4816 quasi
2810 4764 2929 4814 sua,
2954 4757 3005 4802 et
3040 4748 3110 4801 ad
3133 4763 3188 4802 se
3215 4748 3425 4817 proprie
3453 4747 3620 4815 perti-

356 4839 564 4891 nentia.
594 4835 735 4892 Hinc
759 4837 1069 4891 dividuntur
1102 4837 1308 4894 Psalmi
1334 4839 1388 4892 in
1411 4839 1560 4893 varia
1577 4852 1784 4909 genera,
1808 4837 1999 4892 orandi
2028 4836 2252 4904 scilicet,
2285 4838 2593 4908 conﬁtendi,
2615 4849 2665 4893 et
2684 4840 2763 4895 his
2784 4840 3317 4913 similia:deindeque
3347 4840 3619 4893 indicatur

351 4951 459 5005 quo
495 4936 720 5005 quisque
752 4934 990 5005 psalmus
1019 4950 1167 5001 casu,
1202 4950 1305 5004 qua
1324 4934 1643 5002 conditione,
1673 4950 1779 5005 qua
1802 4933 2193 5005 opportunitate
2229 4934 2350 4989 cani
2377 4934 2581 4991 debeat.
2614 4932 2683 4990 In
2711 4935 2852 4992 hisce
2886 4946 2995 4991 tota
3034 4946 3271 4991 versatur
3298 4934 3540 5004 epistola.

675 5806 955 5870 Parnm.
1003 5810 1113 5875 tia.
1162 5813 1424 5879 XXVII.
3248 5827 3283 5871 ³

1757 6044 1771 6063 -‘
1804 6038 1829 6086 ὶ
1858 6047 1923 6101 ri:
2150 6048 2181 6107 -ς

1766 6102 1773 6113 Δ
1828 6110 1831 6113 γ
1908 6106 1921 6113 Α
2012 6112 2015 6113 ν
2060 6094 2126 6113 η”-η-
2178 6112 2181 6113 ν

1858 6084 1866 6095 -’
1894 6082 1919 6101 ἰ
1950 6082 1963 6095 ⁷
1986 6082 2015 6103 τι
2074 6082 2105 6103 .—"
2161 6082 2179 6103 Ὠ
2210 6086 2213 6087 ⁷

2106 6105 2182 6131 1'?"
