3944 6220
368 349 432 403 HS
1199 383 1204 392 -
1492 352 1818 408 EPIS'I'OLA
1859 351 1948 406 AD
1989 350 2512 407 MARCELLINUM.
3539 338 3602 400 ιι

381 467 572 522 Ἰακὼϐ
587 469 660 522 ἐκ
694 469 1183 538 λαοῦβαρϐάρου,
1214 473 1465 542 ἐγενήθη
1497 474 1741 528 Ἰουδαία
1769 475 1925 544 ἁγία-

2042 471 2213 526 Israel
2251 482 2481 541 potestas
2529 471 2660 541 ejus.
2713 471 2789 524 Ea
2825 471 2941 540 ipsa
2987 468 3164 538 psallit
3199 468 3250 521 in
3308 466 3604 522 centesimo

372 577 488 627 σμα
523 561 736 626 αὑτοῦ,
755 563 985 630 Ἰσραὴλ
1005 566 1090 628 είς
1111 564 1398 629 ἐξουσίαν
1415 567 1619 619 αὐτοῦ.
1648 565 1852 619 Ψάλλει
1876 565 1932 617 δὲ

374 652 459 704 καὶ
515 652 691 706 ταῦτα
719 656 778 706 ἐν
812 655 886 725 τῷ
915 655 1186 726 ἑκατοστῷ
1213 658 1474 728 τετάρτῳ·
1519 657 1932 721 Ἐξαπέστειλε

374 741 636 810 Μωῦσῆν
656 745 766 796 τὸν
787 745 1006 800 δοῦλον
1027 745 1230 808 αὐτοῦ,
1249 746 1480 814 Ἀαρὼν,
1512 746 1583 800 ὃν
1614 746 1931 811 ἐξελέξατο

371 834 553 887 αὐτόν
571 851 585 864 ·
611 833 778 888 ἔθετο
805 835 874 888 ἐν
908 837 1111 901 αὐτοῖς
1132 836 1273 900 τοὺς
1293 838 1512 906 λόγους
1535 855 1654 890 των
1673 837 1933 906 σημείων

371 923 554 977 αὐτοῦ
574 925 812 980 καὶτῶν
832 926 1088 995 τεράτων
1113 929 1297 1006 αὐτοᾷ
1320 929 1390 982 ἐν
1417 927 1492 998 γῇ
1539 929 1685 997 Χάμ.
1719 929 1927 993 Ἐξαπ-

371 1016 604 1072 έστειλε
625 1020 861 1084 σκότος,
901 1020 1000 1074 καὶ
1026 1022 1339 1084 ἐσκότασε,
1364 1021 1461 1074 καὶ
1487 1021 1930 1089 παρεπίκραναν

369 1108 510 1173 τοὺς
532 1110 751 1177 λόγους
781 1109 984 1164 αὐτοῦ.
1023 1111 1398 1180 Μετέστρεψε
1426 1113 1498 1166 τὰ
1528 1112 1713 1165 ὕδατα
1736 1112 1930 1166 αὐτῶν

370 1204 454 1264 εις
477 1196 639 1270 αἷμα,
657 1202 754 1255 καί
785 1203 1092 1256 ἀπέκτεινε
1110 1203 1251 1267 τοὺς
1275 1204 1481 1272 ίχθύας
1501 1204 1712 1258 αὐτῶν.
1734 1204 1826 1268 Ἐξ
1832 1203 1930 1272 ἡρ-

371 1296 487 1359 ﬁer
517 1293 556 1359 ἡ
593 1291 669 1360 γῆ
704 1293 902 1347 αὐτῶν
923 1294 1265 1363 βατράχους
1293 1295 1363 1347 ἐν
1397 1295 1516 1360 τοῖς
1536 1295 1794 1363 ταμείοις
1815 1293 1933 1348 τῶν

365 1383 672 1446 ,ϐασιλέων
713 1383 926 1438 αὐτῶν.
960 1382 1138 1450 Eine,
1169 1387 1266 1439 καὶ
1314 1382 1458 1456 ἦλθε
1499 1389 1790 1454 κυνόμυια
1833 1385 1931 1439 καὶ

371 1474 621 1544 σκνῖςςες
642 1476 710 1529 ἐν
729 1475 876 1531 πᾶσι
909 1478 1032 1542 τοῖς
1058 1480 1240 1548 ὁρίοις
1271 1478 1483 1532 αὐτῶν.
1517 1478 1626 1532 Καὶ
1655 1478 1791 1542 ὅλως
1811 1478 1929 1532 ὅλον

371 1579 426 1618 τε
456 1567 546 1619 τὸν
575 1567 786 1639 ψαλμὸν
831 1570 1016 1624 τοῦτόν
1047 1587 1107 1623 τε
1151 1570 1244 1624 καὶ
1292 1571 1482 1623 ἑκατὸν
1529 1569 1773 1640 πέμπτον
1805 1569 1932 1642 περὶ

371 1656 473 1709 τῶν
518 1659 694 1712 αὐτῶν
743 1660 886 1714 ἔστιν
930 1663 1108 1731 εὑρεῖν
1142 1662 1543 1732 γεγραμμένον.
1572 1662 1679 1713 Καὶ
1725 1661 1794 1714 τὰ
1837 1662 1934 1732 μὲν

373 1748 635 1818 ἱερατείας
665 1751 757 1804 καὶ
784 1751 883 1821 τῆς
914 1751 1114 1821 σκηνῆς
1130 1752 1402 1820 ἀναφωνεῖ
1425 1753 1483 1803 ὲν
1522 1751 1708 1821 ὲξοδίῳ
1735 1752 1939 1822 σκηνῆς

2030 573 2224 634 quarto
2260 582 2272 616 ε
2311 564 2457 617 Misit
2514 563 2727 632 Moysen
2762 577 2966 615 servum
3011 577 3188 622 situm,
3215 561 3412 622 Aaron,
3451 567 3601 627 quem

2027 656 2179 726 elegit
2228 657 2399 725 ipsum
2431 671 2448 707 .·
2480 657 2652 724 posuit
2681 656 2735 707 in
2765 655 2838 707 eis
2886 653 3039 707 verba
3067 654 3336 722 signorum
3367 666 3602 704 suorum.

2028 758 2076 801 et
2119 749 2483 817 prodigiorum
2538 749 2593 800 in
2644 755 2783 799 terra
2828 745 3012 799 Citam.
3067 743 3216 798 Misit
3268 741 3503 796 tenebras
3555 748 3603 790 rt

2030 839 2343 904 obscuravit,
2391 848 2440 892 et
2487 838 2930 891 exacerbaverunt
2973 851 3229 888 sermones
3279 851 3420 886 suos.
3462 829 3603 885 Con-

2031 931 2186 986 vertit
2219 946 2384 1000 aquas
2423 945 2603 983 eorum
2635 930 3035 998 insauguinem
3070 945 3086 980 :
3123 939 3170 980 et
3212 926 3403 979 occidit
3439 923 3602 993 piscis

2033 1038 2230 1076 eorum.
2281 1021 2466 1074 Edidit
2516 1032 2656 1074 terra
2711 1037 2890 1073 eorum
2939 1036 3096 1073 ranas
3142 1019 3194 1072 iu
3253 1013 3600 1087 penetralibus

2035 1129 2211 1184 regum
2235 1113 2487 1181 ipsorum.
2525 1111 2668 1166 Dixit
2698 1128 2715 1164 :
2742 1123 2790 1165 et
2815 1113 2948 1165 venit
2979 1111 3266 1179 cmnomyia
3295 1120 3343 1162 et
3374 1105 3601 1174 ciniplzrs

2037 1206 2092 1257 in
2130 1203 2367 1256 omnibus
2403 1202 2597 1271 finibus
2625 1218 2825 1255 eorum.
2861 1201 3037 1271 Atque
3072 1201 3336 1268 integrum
3379 1196 3602 1249 omnino

2037 1296 2306 1366 psalmum
2337 1296 2524 1360 istum,
2567 1303 2619 1348 et
2650 1294 3004 1349 centesimum
3046 1293 3292 1362 quintum
3318 1283 3383 1342 de
3411 1286 3599 1342 iisdem

2037 1386 2202 1440 rebus
2235 1385 2603 1452 conscriptum
2634 1399 2754 1438 esse
2774 1383 3169 1452 deprehendere
3196 1388 3297 1435 est.
3322 1378 3451 1445 Quae
3473 1391 3602 1431 vero

2035 1474 2396 1530 sacerdotium
2451 1473 2966 1538 Iabernaeulumque
3016 1477 3290 1540 spectant,
3337 1467 3499 1521 refert
3546 1468 3599 1518 in

2044 1566 2192 1620 exitu
2242 1564 2596 1626 tabernaculi,
2634 1563 2888 1617 vicesimo
2919 1572 3110 1616 octavo
3131 1562 3337 1630 psalmo
3369 1577 3382 1611 :
3409 1557 3603 1626 A/ferte

2047 1657 2296 1720 Domino,
2346 1656 2448 1724 ﬁlii
2493 1655 2625 1719 Dei,
2665 1656 2849 1724 afferte
2895 1653 3117 1706 Domino
3164 1651 3304 1722 ﬁlios
3347 1650 3600 1712 arietum,

2046 1750 2228 1819 σπανία
2260 1749 2485 1802 Domino
2523 1747 2747 1818 gloriam
2779 1757 2827 1801 et
2867 1747 3132 1799 honorem.

371 1841 424 1890 ἐν
454 1840 532 1912 τῷ
575 1849 659 1912 κη’
685 1842 879 1913 ψαλμῷ
896 1860 910 1874 ·
949 1842 1259 1914 Ἐνέγκατε
1279 1841 1358 1908 τῷ
1378 1843 1592 1911 Κυρίῳ,
1620 1842 1736 1896 υἱοὶ
1759 1841 1928 1909 Θεοῦ,
1967 1841 2246 1912 ἐνέγκατε
2275 1839 2352 1904 τῷ
2373 1841 2563 1908 Κυρίῳ
2588 1838 2754 1902 υἱοὺς
2785 1837 2981 1905 κριῶν,
3005 1830 3278 1905 ἐνέγκατε
3299 1831 3377 1898 τῷ
3407 1829 3603 1898 Κυρίῷ

368 1929 551 1994 δόξαν
575 1932 670 1985 καὶ
699 1934 896 2001 τιμήν.

427 2025 489 2076 δ’.
511 2024 591 2077 Τὰ
619 2023 674 2077 δὲ
697 2024 789 2078 τοῦ
821 2025 977 2097 Ναυῆ
1007 2026 1102 2079 καὶ
1130 2026 1240 2080 τῶν
1268 2026 1483 2098 Κριτῶν
1515 2026 1765 2097 ἐμφαίνει
1802 2043 1920 2090 πως

2087 2023 2139 2077 4.
2171 2021 2276 2077 Res
2296 2037 2421 2076 vero
2449 2019 2577 2076 Jesu
2626 2018 2772 2076 Nave
2809 2028 2864 2074 et
2900 2017 3149 2074 iudicum
3194 2015 3365 2088 tangit
3393 2015 3601 2086 psalmo

368 2117 424 2170 ὲν
461 2117 540 2187 τῷ
581 2117 854 2188 ἑκατοστῷ
891 2119 1052 2190 ἕκτῳ,
1088 2119 1258 2188 λέγων
1278 2137 1291 2150 °
1341 2119 1450 2174 Kal
1478 2120 1938 2187 συνεστήσαντο

365 2212 569 2276 πόλεις
625 2212 1024 2278 κατοικεσίας,
1073 2214 1173 2267 καὶ
1217 2215 1504 2284 ἕσπειραν
1552 2216 1790 2285 ἀγροὺς,
1843 2217 1940 2271 καί

363 2303 706 2371 ἐφύτευσαν
733 2303 1108 2371 ἀμπελῶνας.
1127 2305 1247 2358 Ἐπὶ
1276 2307 1382 2378 γὰρ
1408 2306 1498 2360 τοῦ
1528 2307 1684 2378 Ναυῆ
1707 2308 1931 2362 διαδέδοο

364 2411 450 2447 ται
480 2396 663 2459 αὐτοῖς
682 2397 716 2467 ὴ
742 2397 812 2466 γῆ
837 2397 935 2467 τῆς
965 2397 1316 2467 ἐπαγγελίας.
1346 2398 1534 2467 Λέγων
1562 2400 1619 2453 δὲ
1647 2402 1704 2453 ἐν
1730 2401 1808 2472 τῷ
1837 2402 1937 2455 αὐ-

363 2485 437 2556 τῷ
479 2486 678 2558 ψαλμῷ
719 2489 987 2559 συνεχῶς’
1015 2489 1126 2544 Καὶ
1163 2490 1492 2559 ἐκέκραξαν
1533 2491 1683 2560 πρὸς
1720 2493 1938 2560 Κύριον

361 2579 428 2631 ἐν
448 2578 530 2644 τῷ
549 2581 851 2635 θλίϐεσθαι
875 2580 1122 2646 αὐτοὺς,
1164 2582 1264 2635 καὶ
1290 2581 1358 2634 ἐκ
1386 2580 1504 2634 τῶν
1527 2559 1811 2651 ἀναγκῶν
1827 2583 1934 2636 αὐ-

361 2671 477 2724 τῶν
504 2671 741 2725 ἔσωσεν
770 2673 990 2736 αὐτούς
1009 2689 1022 2702 ³
1061 2671 1314 2744 σημαίνει
1343 2672 1450 2725 τῶν
1487 2672 1705 2744 Κριτῶν
1728 2673 1827 2746 τὴν
1856 2674 1935 2743 βί-

361 2762 509 2816 ϐλον·
545 2764 666 2817 τότε
696 2763 805 2834 γὰρ
849 2762 1158 2836 κραζόντων
1198 2763 1377 2817 αὐτῶν
1423 2764 1612 2834 ἧγειρε
1663 2763 1804 2818 κατὰ
1843 2765 1934 2819 τὸν

361 2854 548 2923 καιρὸν
575 2854 790 2926 κριτὰς,
818 2855 912 2908 κα)⁸
935 2854 1104 2918 ἔσωζε
1127 2854 1216 2908 τὸν
1235 2853 1362 2907 λαὸν
1385 2855 1494 2908 ἀπὸ
1512 2854 1620 2909 τῶν
1647 2855 1934 2909 θλιϐόντων

361 2944 575 3008 αὐτούς.
611 2946 720 2998 Καὶ
747 2945 814 3001 τὰ
847 2944 955 2999 τῶν
985 2945 1282 3000 Βασιλειῶν
1304 2944 1496 3015 ψάλλει
1530 2962 1646 3008 πως
1673 2947 1732 2998 ὲν
1750 2945 1828 3016 τῷ
1849 2947 1933 2999 ὲν-

359 3035 778 3106 νεακαιδεκάτῳ,
800 3035 972 3103 λέγων
991 3052 1004 3065 ·
1035 3031 1212 3092 Οὗτοι
1235 3036 1306 3090 ἐν
1323 3036 1544 3106 ἅρμασι
1556 3035 1656 3090 καὶ
1681 3031 1844 3092 οὗτοι
1863 3037 1934 3092 ἐν

357 3127 581 3193 ἵπποις,
615 3126 783 3197 ’ἡμεῖς
830 3127 899 3180 δὲ
941 3127 1012 3180 ἐν
1062 3128 1306 3198 ὀνόματι
1334 3129 1556 3197 Κυρίου
1587 3127 1736 3182 Θεοῦ
1763 3127 1932 3198 ἡμῶν

349 3219 943 3288 μεταλυνθησόμεθα.
991 3218 1174 3273 Αὐτοὶ
1232 3219 1769 3289 συνεποδίσθησαν
1827 3220 1929 3275 καὶ

352 3311 604 3377 ἔπεσαν,
646 3311 818 3381 ἡμεῖς
861 3311 930 3365 δὲ
968 3311 1308 3382 ἀνέστημεν
1342 3312 1442 3367 καί
1483 3314 1924 3384 ἁνωρθώθημεν.

2041 2115 2337 2170 centesimo
2387 2125 2570 2178 s'exto,
2619 2115 2700 2168 sic
2746 2131 2759 2164 :
2810 2111 2878 2165 Et
2936 2113 3318 2167 constituerunt
3366 2109 3600 2163 civitates

2037 2206 2402 2273 habitationis,
2440 2215 2491 2259 et
2523 2206 2906 2261 seminaverunt
2938 2221 3114 2276 agros,
3153 2211 3204 2258 et
3231 2194 3599 2273 plantaverunt

2041 2301 2237 2354 vineas.
2274 2297 2409 2352 Nam
2456 2298 2558 2352 sub
2598 2295 2727 2353 Jesu
2773 2297 2919 2353 Nave
2949 2298 3143 2352 tradita
3176 2297 3284 2352 illis
3315 2287 3418 2350 fuit
3460 2306 3601 2351 terra

2037 2389 2436 2459 promissionis.
2486 2389 2624 2445 Cum
2667 2395 2844 2443 autem
2890 2389 2945 2442 in
2988 2403 3054 2443 eo
3093 2389 3211 2458 ipso
3250 2388 3459 2458 psalmo
3489 2384 3600 2442 fre-

2034 2491 2261 2551 quenter
2290 2482 2436 2537 dicat
2477 2499 2488 2534 :
2540 2480 2607 2534 Et
2651 2479 3008 2534 clamauerunt
3040 2479 3108 2533 ad
3152 2470 3434 2536 Dominum
3481 2495 3599 2533 cum

2036 2572 2435 2639 tribularentur,
2461 2583 2509 2626 et
2533 2572 2597 2626 de
2625 2572 3018 2626 necessitatibus
3033 2587 3212 2624 eorum
3228 2570 3464 2625 liberavit
3481 2585 3599 2625 eos:

2033 2663 2230 2718 librum
2253 2661 2506 2718 Iudicum
2550 2662 2772 2717 indicat.
2804 2661 2944 2716 Tum
2980 2661 3124 2716 enim
3155 2661 3287 2730 ipsis
3317 2661 3600 2716 clamanti-

2033 2755 2158 2819 bus,
2211 2754 2379 2810 variis
2433 2754 2769 2826 temporibus
2811 2750 3023 2824 iudices
3053 2753 3351 2818 excitabat,
3403 2749 3602 2807 libera-

2031 2845 2230 2915 batque
2271 2845 2533 2916 populum
2573 2847 2642 2900 ab
2673 2845 2740 2900 iis
2773 2846 2868 2915 qui
2917 2845 3090 2915 ipsum
3147 2844 3459 2914 allligerent.
3494 2835 3600 2901 Re-

2035 2951 2265 3006 gnorum
2319 2951 2536 3007 quoque
2590 2936 2848 2992 historias
2901 2936 3302 3006 quodammodo
3353 2937 3501 2992 canit
3541 2938 3596 2992 in

2035 3026 2245 3082 decimo
2270 3041 2415 3082 nono
2447 3028 2632 3082 dicens
2664 3045 2678 3081 :
2713 3025 2788 3080 Hi
2822 3028 2879 3080 in
2906 3025 3167 3093 curribus,
3197 3035 3248 3081 et
3271 3027 3325 3080 lii
3354 3029 3406 3081 in
3431 3029 3596 3098 equis.

2031 3135 2126 3172 nos
2155 3127 2332 3173 autem
2368 3120 2427 3173 in
2459 3120 2666 3174 nomine
2710 3118 2922 3172 Domini
2953 3118 3052 3172 Dei
3102 3112 3270 3173 nostri
3295 3121 3600 3190 magniﬁca-

2031 3211 2223 3266 bimur.
2265 3209 2380 3280 Ipsi
2406 3211 2644 3280 impediti
2675 3220 2816 3275 sunt,
2849 3219 2901 3265 et
2930 3209 3264 3276 ceciderunt;
3299 3227 3390 3264 nos
3423 3222 3595 3265 autem

2028 3303 2374 3370 surreximus,
2423 3311 2476 3356 et
2532 3303 2692 3357 erecti
2747 3317 2949 3358 sumus.
3001 3302 3238 3369 Domine,
3266 3301 3468 3358 saluum
3511 3305 3597 3374 {ac

353 3403 552 3472 Κύριε,
573 3401 783 3459 σῶσον
806 3402 915 3457 τὸν
937 3403 1221 3470 βασιλέα,
1255 3404 1353 3459 καὶ
1380 3405 1726 3460 ἐπάκουσον
1755 3403 1925 3475 ἡμῶν

2029 3409 2214 3464 regem,
2249 3403 2300 3448 et
2341 3394 2536 3448 exaudi
2569 3410 2663 3448 nos
2694 3395 2750 3447 in
2797 3385 2884 3448 die
2926 3411 3031 3464 qua
3079 3395 3484 3450 inoocdverimus
3525 3403 3594 3450 te.

351 3494 422 3547 ἐν
441 3487 482 3566 ᾖ
504 3493 582 3547 ἂν
601 3493 788 3562 ἡμέρᾳ
807 3493 1297 3564 ἑπικαλεσώμεθά
1321 3505 1415 3550 σε.
1430 3494 1512 3550 Τὰ
1536 3494 1593 3548 δὲ
1612 3493 1707 3548 τοῦ
1723 3495 1927 3568 Ἐσδρα

351 3585 412 3637 ὲν
440 3583 519 3655 τῷ
550 3584 972 3656 ἑκατονεικοστῷ
1001 3585 1238 3656 πέμπτῳ
1281 3585 1391 3639 τῶν
1429 3583 1758 3657 ἀναϐαθμῶν
1776 3585 1891 3658 ᾅδει
1908 3601 1922 3617 ο

362 3675 458 3729 ἐν
479 3676 562 3741 τῷ
579 3675 936 3745 ἐπιστρέψαι
953 3677 1172 3745 Κύριον
1190 3677 1305 3746 τὴν
1325 3678 1738 3747 αἰχμαλωσίαν
1751 3676 1924 3741 Σιὼν,

349 3765 718 3835 ἐγενήθημεν
736 3767 881 3824 ὡσεὶ
899 3769 1412 3839 παρακεκλημένοι
1429 3787 1442 3801 ο
1469 3771 1562 3824 καὶ
1590 3769 1750 3823 πάλιν
1773 3772 1831 3824 ὲν
1848 3769 1927 3841 τῷ

350 3853 772 3929 δκατονεικοστῷ
804 3857 1004 3930 πρώτῳ
1024 3876 1038 3890 ο
1067 3858 1428 3928 Εὐφράνθην
1472 3860 1570 3913 ἐπὶ
1611 3859 1734 3926 τοῖς
1772 3860 1928 3927 είρη-

349 3947 489 3999 πόσι
517 3963 620 4014 μοι
639 3963 655 3979 ·
681 3949 787 4012 Εις
823 3943 990 4002 οἷκον
1009 3950 1230 4016 Κυρίου
1261 3949 1700 4018 πορευσώμεθα.
1717 3948 1927 4002 Ἐστῶ-

350 4052 449 4102 τες
475 4033 642 4108 ἦσαν
679 4041 733 4092 ol
765 4037 946 4105 πόδες
988 4038 1150 4108 ἡμῶν
1185 4041 1256 4094 ἐν
1282 4040 1411 4106 ταῖς
1433 4039 1648 4104 αὐλαῖς
1681 4056 1817 4105 σου,
1834 4041 1926 4094 Ἱε-

339 4129 684 4197 ρουσαλήμ.
702 4129 1086 4200 Ἰερουσαλὴμ
1127 4130 1594 4200 οἰκοδομουμένη
1617 4131 1697 4196 ὡς
1722 4131 1923 4198 πόλις,

345 4215 472 4288 ἧςή
483 4220 711 4290 μετοχὴ
731 4221 920 4290 αὐτῆς
945 4223 1040 4276 ἐπὶ
1058 4222 1125 4276 τὸ
1145 4223 1292 4277 αὐτό
1306 4239 1318 4252 ·
1341 4221 1472 4275 ἐκεῖ
1490 4221 1599 4292 γὰρ
1619 4221 1925 4288 ἀνέϐησαν

344 4313 405 4361 al
432 4310 644 4378 φυλαὶ,
662 4313 721 4365 al
739 4311 926 4380 φυλαὶ
941 4312 1182 4380 Κυρίου,
1206 4314 1529 4382 μαρτύριον
1559 4311 1639 4378 τῷ
1664 4310 1918 4381 Ἰσραήλ.

414 4408 473 4454 ε’.
513 4403 597 4457 Τά
621 4413 682 4455 τε
709 4402 813 4455 τῶν
855 4403 1158 4474 Προφητῶν
1179 4405 1362 4474 σχεδὸν
1391 4405 1449 4456 ὲν
1481 4405 1696 4475 ἑκάστῳ
1725 4405 1923 4475 σημαί-

349 4509 450 4548 νει.
487 4492 626 4564 Περὶ
652 4494 749 4564 τῆς
775 4494 869 4547 τοῦ
899 4495 1151 4565 Σωτῆρος
1199 4495 1512 4566 ἐπιδημίας,
1555 4497 1647 4549 καὶ
1691 4497 1776 4549 ὅτι
1825 4499 1922 4568 μὲν

343 4585 476 4648 Θεὸς
520 4584 595 4638 ὣν
637 4585 984 4657 ὲπιδημήσει,
1012 4587 1184 4651 οὕτως
1229 4589 1394 4658 φησὶν
1423 4589 1479 4641 ὲν
1508 4589 1607 4659 μὲν
1631 4590 1708 4660 τῷ
1727 4607 1922 4644 τεσσα-

345 4676 595 4747 ρακοστῷ
635 4677 836 4748 ὲννάτῳ
874 4677 1071 4749 ψαλμῷ
1091 4696 1106 4708 ·
1146 4680 1202 4731 '0
1233 4679 1444 4748 Κύριος
1464 4679 1740 4748 ἐμφανῶς
1766 4681 1917 4748 ἥξει,

2028 3481 2160 3550 Quae
2197 3498 2361 3554 porro
2388 3482 2616 3539 Esdram
2662 3491 2909 3554 spectant
2930 3484 2984 3538 in
3012 3484 3306 3540 centesimo
3336 3485 3596 3540 vicesimo

2026 3575 2509 3648 quinto-graduum
2534 3575 2786 3632 decantat
2818 3593 2834 3630 :
2872 3565 2941 3630 In
2969 3577 3307 3631 conuertenda
3339 3576 3594 3632 Dominus

2027 3667 2383 3736 captivitatem
2414 3665 2564 3733 Sion,
2617 3667 2748 3737 [acti
2799 3675 2981 3722 sumus
3026 3669 3164 3722 sicut
3215 3665 3492 3724 consolati.
3529 3669 3596 3724 Et

2025 3773 2244 3812 rursum
2273 3758 2328 3812 in
2354 3757 2651 3814 centesimo
2671 3758 2930 3813 vicesimo
2961 3760 3136 3829 primo
3168 3778 3182 3815 :
3212 3753 3447 3816 Lartatus
3475 3778 3592 3815 suns

2025 3848 2082 3900 in
2113 3848 2212 3914 his,
2241 3865 2357 3916 qua
2382 3850 2526 3902 dicta
2554 3858 2680 3904 sunt
2709 3850 2837 3902 mihi
2866 3865 2886 3903 :
2923 3849 2992 3904 In
3017 3845 3231 3905 domum
3256 3848 3468 3909 Domini
3491 3855 3592 3911 ibi-

2026 3954 2162 3991 mus.
2198 3937 2407 3992 Stantes
2430 3948 2580 3993 erant
2615 3941 2768 4008 pedes
2795 3941 2960 3992 nostri
2999 3941 3056 3992 in
3089 3943 3243 3996 atriis
3282 3944 3408 4008 tuis,
3434 3943 3590 3998 Jeru-

2025 4026 2209 4080 salem.
2245 4026 2542 4083 Jerusalem
2563 4066 2578 4092 ,
2619 4044 2736 4098 quae
2769 4023 3066 4098 tedi/icatur
3098 4035 3157 4083 ut
3199 4034 3402 4098 ciuitas,
3439 4031 3591 4104 cujus

2024 4117 2365 4186 participatio
2403 4118 2515 4187 ejus
2545 4119 2600 4170 in
2630 4119 2878 4187 idipsum.
2911 4118 3048 4174 Illuc
3085 4124 3222 4176 enim
3249 4128 3589 4182 ascenderunt

2027 4207 2192 4260 tribus
2213 4249 2227 4273 ,
2264 4208 2429 4263 tribus
2460 4209 2691 4276 Domini,
2734 4211 3085 4266 testimonium
3119 4206 3310 4272 Israel.

2090 4403 2140 4456 5.
2164 4402 2295 4469 Quae
2325 4412 2505 4458 autem
2538 4404 2928 4476 Prophetarum
2958 4417 3104 4476 sunt,
3127 4411 3180 4464 in
3204 4413 3430 4484 singulis
3452 4430 3589 4484 pene

2022 4495 2244 4564 psalmis
2279 4495 2566 4564 signiﬁcat.
2597 4496 2670 4551 De
2703 4501 2932 4555 adventu
2989 4499 3304 4570 Salvatoris,
3351 4514 3405 4559 et
3439 4509 3584 4576 quod

2023 4585 2167 4642 Deus
2201 4602 2324 4642 eum
2365 4589 2456 4653 sit,
2508 4593 2767 4648 venturus
2812 4597 2902 4660 sit,-
2943 4596 3016 4651 ita
3043 4598 3095 4650 in
3124 4599 3332 4668 psalmo
3364 4601 3582 4672 quidem

2021 4679 2439 4746 quadragesimo
2471 4696 2617 4736 nono
2656 4684 2756 4736 ait:
2784 4685 2924 4739 Deus
2947 4689 3216 4758 manifeste
3237 4693 3418 4757 veniet,
3445 4693 3584 4748 Deus

339 4769 375 4820 ὁ
407 4766 553 4830 Θεὸς
591 4767 778 4835 ἡμῶν,
804 4767 904 4821 καὶ
945 4771 1017 4823 οὑ
1060 4769 1611 4836 παρασιωπήσεταισ
1652 4771 1709 4822 ἐν
1741 4770 1797 4822 δὲ
1840 4770 1918 4841 τῷ

2029 4776 2214 4830 noster,
2241 4777 2291 4820 et
2315 4785 2416 4821 non
2442 4771 2658 4836 silebit;
2685 4775 2736 4827 in
2764 4779 3058 4832 centesimo
3080 4781 3292 4836 decimo
3320 4786 3582 4853 septimo:

338 4854 620 4925 ἑκατοστῷ
643 4856 1083 4928 ἑπτακαιδεκάτῳ
1101 4875 1114 4886 ·
1141 4859 1561 4926 Εὐλογημένος
1602 4862 1635 4913 ό
1677 4860 1916 4928 ἐρχόμε-

337 4963 446 5011 νος
475 4947 546 5001 ἐν
573 4948 814 5016 ὀνόματι
836 4949 1076 5016 Κυρίου.
1098 4950 1528 5020 Εὐλογήκιιμεν
1546 4950 1702 5019 ὑμᾶς
1740 4951 1807 5015 ἐξ
1833 4951 1915 5004 οἵ-

338 5053 450 5090 κου
488 5038 745 5104 Κυρίου·
802 5039 944 5105 Θεὸς
988 5041 1220 5108 Κύριος,
1269 5041 1370 5095 καὶ
1417 5041 1716 5110 ἐπέφανεν
1748 5042 1909 5111 ἡμῖν.

342 5124 462 5176 Ὅτι
491 5124 547 5178 δὲ
574 5117 728 5190 οὗτός
749 5127 894 5179 ἐστιν
915 5128 944 5180 ὁ
970 5128 1064 5181 τοῦ
1089 5128 1301 5201 Πατρὺς
1329 5129 1520 5197 Λόγος,
1552 5129 1722 5193 οὕτως
1751 5130 1808 5184 ὲν
1833 5129 1912 5200 τῷ

341 5215 614 5286 ἑκατοστῷ
641 5216 784 5288 ἕκτῳ
806 5217 994 5287 ψάλλει
1021 5235 1036 5249 ο
1074 5221 1416 5277 Ἀπέστειλε
1449 5221 1556 5276 τὸν
1596 5226 1790 5293 Λόγον
1807 5227 1911 5279 αὐ-

339 5302 466 5367 τοῦ,
494 5307 591 5359 καὶ
637 5307 848 5362 ίὰσατο
871 5310 1110 5376 αὐτοὺς,
1143 5310 1240 5364 καί
1261 5313 1552 5380 ἐρρύσατο
1585 5312 1806 5377 αὐτοὺς
1841 5314 1910 5367 ἐκ

339 5393 457 5446 τῶν
481 5393 820 5465 διαφθορῶν
836 5399 1055 5456 αὐτῶν.
1075 5402 1133 5455 'O
1154 5401 1264 5472 γὰρ
1286 5404 1575 5475 ἐρχόμενος
1598 5405 1728 5469 Θεὸς
1748 5404 1909 5470 αὐτός

342 5483 452 5537 ἔστι
479 5486 572 5539 καὶ
597 5486 771 5555 Λόγος
794 5489 1271 5562 ἀποστελλόμενος.
1308 5492 1507 5546 Τοῦτον
1536 5493 1594 5546 δὲ
1627 5495 1717 5548 τὸν
1737 5495 1908 5562 Λόγον

341 5573 487 5640 εωὼς
505 5577 634 5632 ὄντα
659 5578 752 5632 τὸν
779 5579 908 5633 Υἱὸν
927 5580 1020 5634 τοῦ
1044 5582 1198 5646 Θεοῦ,
1225 5583 1337 5654 ᾅδει
1363 5585 1546 5656 φωνὴν
1569 5585 1660 5638 τοῦ
1693 5583 1905 5656 Πατρὸς

341 5665 395 5717 ὲν
426 5669 500 5741 τῷ
524 5671 948 5743 τεσσαρακοστῷ
971 5675 1213 5746 τετάρτῳ
1237 5675 1437 5747 ψαλμῷ
1456 5693 1468 5705 ·
1513 5677 1904 5746 Ἐξηρεύξατο

340 5756 376 5821 ὴ
403 5761 609 5830 καρδία
629 5781 753 5833 μου
781 5765 974 5835 Λόγον
1000 5766 1216 5834 ἀγαθόν
1245 5784 1256 5797 ·
1287 5767 1380 5821 καὶ
1411 5767 1569 5823 πάλιν
1589 5772 1644 5823 ἐν
1670 5770 1748 5840 τῷ
1770 5772 1902 5824 sxa-

2019 4853 2350 4926 Benedictus,
2368 4863 2458 4932 qui
2479 4866 2611 4918 venit
2639 4867 2690 4918 in
2721 4871 2924 4922 nomine
2954 4869 3186 4925 Domini.
3211 4872 3583 4932 Benediximus

2019 4947 2160 5000 vobis
2199 4947 2262 5000 de
2294 4949 2447 5002 domo
2483 4950 2726 5018 Domini;
2751 4954 2889 5010 Deus
2921 4957 3173 5015 Dominus
3207 4973 3257 5016 et
3285 4965 3464 5020 illuxit
3490 4984 3580 5020 na-

2021 5040 2119 5094 bis.
2165 5039 2318 5106 Quod
2353 5053 2529 5097 autem
2573 5045 2689 5114 ipse
2721 5037 2793 5101 sit
2834 5047 3010 5106 Patris
3036 5050 3296 5119 Verbum,
3337 5056 3410 5109 ita
3437 5058 3576 5111 canit

2018 5130 2073 5184 in
2108 5133 2404 5187 centesimo
2431 5145 2586 5189 sexlo
2619 5155 2630 5190 :
2673 5136 2818 5191 Misit
2861 5139 3080 5195 Verbum
3109 5161 3280 5210 suum,
3303 5154 3353 5198 et
3373 5149 3574 5200 sanavit

2013 5239 2123 5288 eos,
2153 5232 2202 5276 et
2217 5225 2410 5294 eripuit
2433 5243 2518 5279 eos
2539 5217 2602 5279 de
2617 5228 3006 5286 interitionibus
3027 5249 3223 5287 eorum.
3243 5233 3388 5290 Deus
3407 5237 3570 5298 enim.

2013 5313 2107 5382 qui
2133 5315 2302 5379 venit,
2351 5325 2434 5371 est
2482 5318 2663 5387 ipsum
2691 5307 2949 5389 Verbum,
2993 5325 3134 5391 quod
3173 5324 3397 5380 missum
3452 5325 3566 5384 fuit.

2013 5395 2129 5460 Hoc
2155 5420 2318 5475 porro
2345 5401 2580 5463 Verbum
2616 5425 2738 5464 cum
2772 5415 2934 5468 sciret
2959 5426 3078 5468 esse
3114 5415 3201 5470 Dei
3231 5415 3448 5488 Filium,
3476 5436 3574 5476 vo-

2013 5511 2130 5550 cent
2157 5495 2335 5553 Patris
2361 5499 2510 5554 canit
2535 5500 2589 5554 in
2615 5502 3028 5573 quadragesimo
3053 5515 3279 5575 quarto:
3299 5508 3564 5574 Eructavil

2015 5604 2105 5641 cor
2142 5605 2310 5642 meum
2349 5589 2568 5643 Verbum
2613 5593 2837 5657 bonum;
2867 5603 2922 5649 et
2950 5595 3145 5652 iterum
3185 5599 3239 5655 in
3279 5605 3568 5659 centesimo

2014 5693 2159 5732 nono
2182 5698 2194 5733 :
2217 5678 2302 5734 Ea:
2335 5691 2484 5735 utero
2509 5692 2631 5735 ante
2652 5682 2956 5752 Luciferum
2986 5692 3139 5757 genui
3175 5701 3240 5747 te.
3265 5693 3402 5760 Quid
3427 5695 3566 5749 enim

2012 5767 2156 5824 aliud
2197 5771 2320 5839 quis
2385 5771 2582 5826 dixerit
2618 5773 2823 5845 prolem
2867 5775 3061 5860 Patris,
3103 5798 3267 5851 quam
3315 5783 3571 5858 Verbum,
