3944 6220
358 327 426 385 {'5
732 340 737 345 '
1199 329 1255 383 S.
1300 328 1676 385 ATHANASII
1715 328 1865 386 OPP.
1906 328 2090 386 PARS
2129 328 2220 386 lll.
2256 360 2327 374 —
2359 329 2772 389 EXEGETICA.
3547 337 3617 391 16

356 461 411 504 et
446 446 778 520 Sapientiam
798 447 1016 517 ipsius?
1042 447 1175 503 Cum
1196 450 1362 505 sciret
1380 450 1545 521 igitur
1571 452 1747 522 ipsum
1780 465 1924 513 esse.

2037 450 2208 522 τοο-τῷ
2263 453 2504 523 ὲννάτῳ’
2547 453 2643 507 Ἐκ
2686 452 2945 524 γαστρὸς
2976 453 3089 523 πρὸ
3133 453 3469 527 Ἑωσφόρου
3515 457 3616 523 ἐξ·

355 544 411 596 in
445 557 556 612 quo
601 539 766 597 Pater
799 542 975 596 dixit:
1014 540 1139 594 Fiat
1183 541 1297 609 lux,
1343 554 1392 597 et
1425 544 1837 612 ﬁrmamentum,
1882 553 1932 598 et

355 632 533 686 omnia
578 631 621 698 ⁸,
653 632 815 686 etiam
848 632 983 686 liber
1026 633 1115 687 hic
1144 630 1486 688 Psalmorum
1522 634 1663 688 idem
1691 634 1936 689 continet

353 726 542 780 (licens
588 726 641 778 in
702 726 978 780 tricesimo
1025 728 1310 782 secundo:
1364 726 1527 781 Verbo
1573 725 1787 779 Domini
1816 725 1936 779 caeli

354 819 555 889 {innati
580 828 724 882 sunt,
751 826 798 871 et
829 819 1021 887 spiritu
1051 819 1159 871 oris
1196 820 1309 887 ejus
1341 819 1510 873 omnis
1535 820 1702 871 virtus
1727 833 1930 871 eorum.

2034 544 2338 615 εγέννησά
2362 561 2455 599 σε.
2484 545 2549 598 Τί
2574 545 2682 616 γὰρ
2709 545 2775 599 ἂν
2800 545 2926 599 ἄλλο
2957 564 3041 612 τις
3068 547 3209 601 εἴποι
3241 549 3484 621 γέννημα
3521 550 3618 603 τοῦ

2035 637 2249 708 Πάτρος
2292 637 2326 707 ἢ
2373 635 2465 688 τὸν
2508 636 2678 705 Λόγον
2712 636 2806 688 καὶ
2838 634 2936 706 τὴν
2963 636 3162 705 Σοφίαν
3184 636 3380 705 αὑτοῦ;
3417 638 3618 691 Τοῦτον

2036 727 2205 781 εἰδυῖα
2228 726 2377 793 δντα,
2401 720 2446 795 ᾧ
2476 722 2628 780 εἶπεν
2664 728 2692 780 ὁ
2728 728 2919 798 Πατήρ
2940 744 2952 756 ·
2983 728 3301 796 Γενηθήτω
3333 729 3479 798 φῶς,
3515 731 3615 784 καὶ

2035 808 2355 886 στερέωμα,
2380 817 2479 870 καὶ
2499 817 2570 870 τὰ
2590 816 2810 883 πάντα,
2831 818 2926 871 καὶ
2947 817 3086 888 αὕτη
3112 820 3145 889 ἡ
3173 819 3353 889 βίϐλος
3375 816 3617 890 περιέχει

353 908 584 979 λέγουσα
622 911 728 981 (εγ
764 910 848 975 Τῷ
873 910 1271 979 ΛόγῳΚιιρίου
1296 911 1348 964 οι
1380 913 1621 980 οὐρανοὶ
1649 909 2120 980 ἐστερεώθησαν,
2161 911 2258 965 καὶ
2292 909 2371 975 τῷ
2401 913 2691 980 πνεύματι
2737 911 2843 966 τοῦ
2890 913 3185 982 στόματος
3221 912 3406 968 αὐτοῦ
3451 912 3617 969 πᾶσα

354 1005 394 1072 ἡ
428 1003 680 1073 δύναμις
704 1002 921 1058 αὐτῶν.

425 1095 478 1149 6.
507 1096 648 1162 Quin
694 1105 748 1150 et
796 1096 1072 1152 Christum
1128 1099 1301 1169 ipsum
1352 1110 1640 1156 venturum
1703 1101 1928 1155 minime

356 1188 658 1257 ignoravit;
694 1189 803 1243 imo
846 1205 908 1243 ea
951 1190 1017 1244 de
1062 1206 1121 1245 re
1166 1193 1495 1247 mentionem
1545 1193 1672 1247 iacit
1718 1193 1929 1263 psalmo

355 1274 768 1347 quadragesimo
809 1290 1004 1348 quarto
1036 1296 1048 1331 :
1097 1279 1333 1335 Thronus
1366 1292 1506 1348 tuus,
1542 1281 1703 1348 Deus,
1742 1285 1801 1337 in
1833 1300 1931 1338 ste-

355 1368 533 1420 culum
564 1369 746 1423 swculi
763 1386 781 1433 ;
815 1372 955 1441 virga
979 1373 1306 1436 directionis,
1342 1375 1488 1444 virga
1517 1376 1662 1446 regni
1701 1377 1797 1431 tui.
1830 1375 1931 1430 Di-

355 1460 532 1512 lexisti
573 1460 881 1529 justitiam,
935 1471 983 1515 et
1031 1465 1191 1518 odisti
1240 1467 1605 1536 iniquitatem,
1658 1477 1928 1537 proyterea

356 1553 508 1604 unxit
548 1562 596 1604 te
630 1551 764 1605 Deus
799 1553 934 1607 Deus
963 1564 1082 1608 tuus
1127 1555 1239 1610 oleo
1279 1556 1478 1612 latitia:
1512 1575 1624 1629 pra:
1659 1562 1921 1613 consorti—

354 1642 450 1696 bus
491 1646 613 1697 tuis.
666 1644 732 1699 Et
775 1662 841 1700 ne
886 1649 1010 1717 quis
1068 1665 1191 1703 eum
1244 1652 1542 1706 secundum
1584 1653 1924 1722 phantasiam

2108 1105 2189 1164 ς’.
2215 1098 2322 1151 Καὶ
2345 1094 2577 1168 Χριστὸν
2597 1094 2652 1148 δὲ
2686 1092 2849 1148 αὐτὸν
2897 1093 3185 1164 ἐρχόμενον
3205 1094 3303 1146 οὐκ
3322 1092 3584 1164 ἠγνόησεν
3602 1108 3614 1119 ·

2034 1189 2175 1245 ἀλλὰ
2204 1190 2298 1242 καὶ
2333 1187 2566 1259 μάλιστα
2593 1186 2722 1258 περὶ
2752 1186 2940 1239 τούτου
2975 1185 3120 1253 λέγει
3154 1186 3212 1237 ὲν
3239 1182 3316 1254 τῷ
3345 1200 3616 1255 τεσσαρα-

2034 1281 2211 1353 κοστῴ
2234 1282 2477 1352 τετάρτῳ
2505 1277 2702 1349 ψαλμῷ
2721 1293 2734 1306 ·
2769 1278 2831 1331 '0
2860 1279 3073 1346 θρόνος
3103 1292 3248 1343 σου,
3277 1279 3310 1329 ό
3340 1269 3502 1341 Θεὸς,
3531 1277 3619 1340 εἰς

2030 1373 2138 1426 τὸν
2174 1370 2361 1426 αἰῶνα
2400 1370 2507 1425 τοῦ
2538 1368 2786 1436 αἰῶνος*
2835 1369 3056 1438 ῥάϐδος
3093 1369 3416 1434 εὐθύτητος
3443 1367 3481 1434 ἠ
3503 1365 3614 1434 ρά-

2031 1464 2169 1530 ϐδος
2204 1462 2316 1531 τῆς
2351 1461 2672 1528 ,βασιλείας
2720 1476 2855 1515 σου.
2922 1459 3267 1530 Ἠγάπησας
3308 1457 3615 1512 δικαιοσύ-

2031 1573 2164 1624 νην,
2192 1555 2291 1608 καί
2332 1555 2630 1623 ἐμίσησας
2664 1552 2903 1607 ἀδικίαν
2925 1570 2938 1582 ’
2970 1552 3068 1606 διὰ
3098 1552 3273 1611 τοῦτο
3308 1550 3515 1620 ἕχρισέ
3544 1567 3617 1603 σε

2029 1652 2060 1702 ό
2088 1648 2231 1715 Θεὸς
2256 1649 2288 1701 ό
2312 1646 2455 1713 Θεός
2477 1662 2594 1700 σου
2615 1645 2822 1700 ἔλαιον
2846 1643 3266 1717 ἀγαλλιάσεως
3291 1642 3451 1712 παρὰ
3476 1633 3618 1708 toti;-

354 1739 569 1795 venisse
603 1742 898 1796 arbitretur
923 1783 938 1807 ,
973 1744 1243 1815 signiﬁcat
1279 1761 1404 1800 eum
1440 1746 1617 1816 ipsum
1655 1744 1930 1800 hominem

2037 1743 2324 1810 μετόχους
2353 1724 2496 1793 σου.
2557 1739 2667 1792 Καὶ
2693 1739 2778 1792 ἵνα
2806 1737 2880 1811 μὴ
2913 1737 3052 1793 κατὰ
3086 1736 3383 1808 φαντασίαν
3413 1753 3497 1799 τις
3530 1736 3618 1807 ἕρ-

355 1830 619 1895 futurum.
656 1834 918 1905 illumque
945 1852 1066 1891 esse
1084 1854 1181 1907 per
1206 1855 1367 1909 quem
1404 1839 1590 1894 omnia
1617 1836 1755 1893 facta
1784 1848 1932 1902 sunt,

359 1938 485 1978 cum
514 1924 647 1980 dicit
674 1926 728 1979 in
757 1928 967 1996 psalmo
996 1931 1327 2001 octogesimo
1356 1941 1510 1988 sexto
1541 1950 1556 1987 :
1605 1930 1776 1984 Mater
1806 1928 1935 1985 Sion

362 2016 546 2071 dicet:
572 2015 768 2083 Homo,
805 2031 853 2074 et
890 2020 1043 2075 homo
1073 2032 1230 2076 natus
1261 2034 1335 2078 est
1367 2024 1421 2077 in
1462 2040 1544 2087 ea,
1581 2031 1630 2077 et
1666 2024 1776 2092 ipse
1808 2022 1934 2093 fun-

364 2107 510 2160 davit
548 2122 664 2161 eam
704 2108 1023 2164 Altissimus.
1069 2107 1183 2165 Hoc
1223 2113 1367 2165 enim
1412 2113 1634 2183 perinde
1680 2122 1763 2166 est
1795 2126 1859 2167 ac
1889 2113 1934 2166 si

357 2199 607 2254 diceret:
656 2197 724 2252 Et
771 2200 905 2253 Deus
948 2210 1063 2256 erat
1114 2201 1368 2269 Verbum;
1411 2205 1589 2258 omnia
1630 2220 1723 2274 per
1764 2205 1934 2275 ipsum

356 2288 501 2360 facta
531 2301 687 2357 sunt;
730 2302 777 2344 et
810 2290 1034 2346 Verbum
1059 2308 1182 2348 caro
1206 2294 1409 2363 factum
1436 2306 1514 2349 est
1544 2296 1585 2347 ’.
1612 2293 1789 2361 Quare
1808 2310 1931 2350 cum

355 2399 422 2438 ex
472 2380 686 2454 Virgine
713 2386 1050 2440 nasciturum
1079 2386 1260 2451 sciret,
1294 2403 1635 2458 nequaquam
1665 2388 1718 2442 id
1746 2387 1933 2450 siluit,

359 2475 454 2529 sed
486 2475 668 2530 statim
718 2476 880 2546 hujus
926 2477 1005 2531 rei
1048 2477 1306 2532 indicium
1350 2478 1495 2533 dedit
1543 2478 1596 2532 in
1631 2478 1936 2549 quadragev

354 2567 494 2621 Simo
534 2575 728 2635 quarto
762 2582 775 2618 :
819 2567 980 2631 Audi,
1014 2567 1153 2637 ﬁlia,
1183 2578 1232 2622 et
1266 2569 1415 2632 vide,
1443 2579 1491 2621 et
1516 2567 1716 2621 inclina
1752 2570 1933 2623 aurem

356 2664 523 2721 tuam,
554 2665 603 2708 et
630 2655 929 2710 obliviscere
955 2656 1207 2727 populum
1236 2668 1385 2711 tuum
1419 2667 1468 2712 et
1510 2658 1722 2711 domum
1761 2659 1931 2727 patris

356 2746 454 2807 tui,
504 2748 629 2815 quia
670 2747 998 2815 concupiscet
1043 2763 1135 2801 rex
1182 2749 1418 2802 decorem
1471 2757 1639 2814 tuum,
1685 2749 1932 2817 quoniam

355 2838 466 2906 ipse
498 2846 574 2891 est
609 2826 861 2893 Dominus
898 2847 1044 2893 tuus.
1090 2838 1205 2894 Hoc
1249 2839 1449 2909 quippe
1480 2839 1659 2894 simile
1690 2847 1774 2894 est
1806 2839 1933 2894 huic

358 2930 626 2987 Gabrielis
651 2931 833 2987 dicto:
860 2931 985 2999 Ave,
1013 2933 1190 3002 gratia
1213 2932 1389 3001 plena,
1414 2931 1673 2985 Dominus
1701 2940 1868 2985 tecum
1888 2932 1930 2985 ⁸.

2036 1832 2226 1904 ηχεσθαι
2254 1832 2414 1885 αὐτὸν
2446 1826 2626 1902 (εἶναι)
2673 1831 2870 1904 νομίσῃ
2888 1873 2903 1897 ,
2938 1829 3192 1902 σημαίνει
3221 1828 3382 1881 αὑτὸν
3407 1826 3617 1899 ὂὶνθρω⁶

2040 1940 2139 1977 πον
2187 1921 2549 1993 γενησόμενον
2575 1960 2589 1986 ,
2636 1922 2729 1975 καὶ
2759 1920 2946 1973 τοῦτον
2978 1917 3116 1974 εἶναι
3146 1920 3213 1974 δι’
3241 1915 3301 1974 οὗ
3335 1919 3402 1973 τὰ
3442 1919 3616 1972 πάντα

2036 2015 2244 2084 γέγονε,
2273 2014 2442 2083 λέγων
2463 2016 2522 2068 ἐν
2542 2013 2619 2085 τῷ
2646 2012 2985 2086 ὀγδοηκοστῷ
3008 2012 3150 2083 ἕκτῳ
3175 2029 3186 2042 ·
3229 2012 3435 2081 Μήτηρ
3460 2008 3616 2065 Σιὼν

2034 2107 2156 2176 ἐρεῖ
2172 2123 2185 2137 ·
2214 2109 2580 2176 Ἀνθρωπος,
2620 2107 2721 2161 καὶ
2758 2106 3070 2174 ἅνθρωπος
3097 2104 3386 2177 ἐγεννήθη
3416 2104 3485 2158 ἐν
3510 2106 3615 2159 αὺ-

2034 2198 2112 2268 τῇ
2135 2239 2150 2265 ,
2190 2199 2288 2254 καὶ
2337 2197 2520 2264 αὐτὸς
2561 2199 2956 2268 ἐθεμελίωσεν
2986 2196 3180 2266 αὐτὴν
3219 2200 3252 2251 ό
3295 2198 3609 2266 ’Υψιστος.

2036 2290 2205 2345 Τοῦτο
2231 2292 2337 2364 γὰρ
2372 2290 2483 2347 ἴσον
2519 2293 2646 2345 ἐστὶ·
2666 2290 2744 2362 τῷ
2779 2291 2979 2343 εἰπεῖν’
3022 2289 3130 2344 Καὶ
3169 2289 3310 2355 Θεὸς
3335 2284 3413 2359 ἦν
3438 2291 3472 2342 ὁ
3505 2289 3614 2342 Λό-

2035 2399 2173 2453 γος’
2207 2382 2402 2436 πάντα
2436 2382 2510 2437 δι’
2536 2382 2723 2436 αὑτοῦ
2748 2382 3005 2451 ἐγένετο,
3051 2379 3151 2434 καὶ
3174 2384 3208 2434 ό
3235 2382 3426 2450 Λόγος
3456 2378 3611 2447 σὰρξ

2032 2473 2289 2545 ἐγένετο.
2347 2475 2446 2528 Διὰ
2469 2474 2628 2528 τοῦτο
2653 2475 2747 2528 καὶ
2772 2474 2833 2527 τὸ
2853 2514 2866 2538 ,
2903 2474 2969 2526 ἐκ
2997 2472 3269 2545 Παρθένου
3286 2512 3301 2539 ,
3331 2470 3610 2541 γινώσκων

2032 2568 2134 2621 οὐκ
2166 2566 2505 2639 ἐσιώπησεν,
2540 2566 2654 2621 ἀλλ’
2688 2566 2847 2632 εὐθὺς
2883 2565 3118 2637 ἔμφασιν
3155 2582 3275 2618 τινα
3310 2565 3521 2618 δίδωσιν
3556 2566 3612 2615 ἐν

2031 2659 2111 2731 τῷ
2139 2659 2557 2732 τεσσαρακοστῷ
2607 2660 2854 2732 τετάρτῳ
2877 2657 3102 2728 ψαλμῷ,
3134 2657 3304 2727 λέγων
3325 2674 3338 2688 ·
3395 2657 3612 2711 Ἀκου-

2033 2770 2166 2819 σον,
2199 2753 2468 2823 θύγατερ,
2502 2752 2601 2806 καὶ
2626 2752 2736 2817 ιδε,
2761 2750 2859 2805 καὶ
2882 2748 3090 2805 κλῖνον
3114 2749 3181 2804 τὸ
3205 2745 3313 2815 οὖς
3335 2763 3450 2803 σου
3470 2786 3484 2814 ,
3510 2749 3609 2801 καὶ

2030 2843 2319 2899 ἐπιλάθου
2338 2845 2447 2899 τοῦ
2467 2843 2621 2899 λαοῦ
2645 2859 2762 2899 σου
2789 2843 2890 2897 καὶ
2916 2842 3023 2898 τοῦ
3047 2842 3214 2897 οἴκου
3240 2841 3347 2895 τοῦ
3391 2841 3614 2908 πατρός

2026 2952 2168 3003 σου,
2186 2935 2275 2990 ὅτι
2293 2937 2674 3006 ἐπεθύμησεν
2690 2940 2724 2990 ό
2745 2935 3047 3001 ,βασιλεὺς
3064 2933 3172 2989 τοῦ
3191 2932 3455 3000 κάλλους
3473 2948 3609 2987 σου.

356 3021 492 3078 Nam
512 3025 603 3079 ubi
618 3039 741 3079 eum
762 3023 1037 3080 Christum
1063 3025 1308 3092 dixisset,
1328 3026 1623 3081 humanam
1645 3026 1824 3081 statim
1842 3041 1931 3096 ge-

2037 3028 2202 3081 Τοῦτο
2227 3026 2334 3101 γὰρ
2356 3028 2519 3081 πάλιν
2541 3028 2725 3099 ὅμοιόν
2751 3031 2865 3083 ἐστι
2887 3027 2983 3081 τοῦ
3015 3026 3306 3098 λεγομένου
3339 3025 3490 3100 παρὰ
3518 3024 3611 3078 τοῦ

354 3117 690 3173 nerationem
714 3134 781 3174 ex
801 3117 1021 3189 Virgine
1047 3117 1245 3172 iactam
1271 3118 1569 3173 declaravit
1597 3118 1682 3173 his
1711 3118 1929 3174 verbis:

2037 3117 2274 3190 Γαόριήλ
2288 3136 2302 3151 ·
2326 3119 2523 3188 Χαῖρε,
2543 3117 3001 3188 κεχαριτωμένη,
3022 3121 3054 3172 ὁ
3073 3110 3288 3186 Κύριος
3304 3117 3451 3188 μετὰ
3472 3116 3609 3171 σοῦ.

356 3208 536 3273 Audi,
564 3209 700 3278 ﬁlia.
744 3207 812 3263 Et
842 3208 1059 3264 Gabriel
1087 3207 1306 3279 quidem
1345 3224 1410 3264 ex
1438 3209 1660 3264 nomine
1706 3206 1929 3264 Mariam

2037 3213 2145 3265 Καὶ
2170 3210 2278 3284 γὰρ
2305 3210 2543 3283 εἰρηκὼς
2574 3211 2736 3265 αὑτὸν
2769 3209 3004 3283 Χριστὸν
3023 3248 3038 3273 ,
3088 3209 3249 3273 εὐθὺς
3276 3210 3371 3262 καὶ
3394 3208 3491 3280 τὴν
3518 3209 3612 3261 ἁν-

358 3301 612 3371 appellat,
639 3302 783 3371 quod
816 3316 1011 3372 genere
1037 3301 1104 3356 ab
1130 3301 1221 3355 illa
1256 3301 1468 3356 alienus
1490 3310 1635 3356 esset
1657 3320 1670 3355 :
1690 3310 1745 3356 at
1763 3300 1930 3356 David

2037 3304 2312 3376 θρωπίνην
2338 3305 2550 3373 γένεσιν
2576 3306 2641 3357 ἐκ
2669 3304 2770 3374 τῆς
2812 3301 3090 3375 Παρθένου
3122 3301 3377 3374 ἐδήλωσε,
3409 3301 3579 3370 λέγων
3596 3318 3609 3331 ·

358 3394 530 3464 ipsam
558 3410 623 3449 ex
650 3410 749 3449 suo
774 3393 983 3450 semine
1003 3394 1312 3459 oriundam,
1338 3394 1501 3448 tiliam
1524 3393 1717 3449 merito
1745 3403 1922 3448 vocat.

2037 3398 2356 3461 Ἀκουσσν,
2395 3397 2664 3467 θύγατερ.
2714 3395 2807 3449 Ἰδὲ
2833 3397 2862 3449 ὁ
2892 3396 2989 3466 μὲν
3020 3393 3255 3468 Γαϐριὴλ
3278 3393 3337 3459 ἐξ
3356 3393 3615 3464 ὀνόματος

358 3486 513 3539 καλεῖ
542 3486 793 3558 Μαρίαν,
833 3485 981 3554 ξένος
1021 3484 1096 3540 ὢν
1143 3487 1313 3557 αὐτῆς
1351 3485 1493 3540 κατὰ.
1518 3486 1616 3558 τὴν
1646 3486 1857 3555 γένεσιν
1876 3503 1890 3518 ·
1926 3490 1954 3542 ὁ
1985 3488 2042 3543 δὲ
2068 3489 2231 3544 Δαϐὶδ
2262 3492 2326 3544 ὲκ
2354 3488 2448 3542 τοῦ
2476 3488 2785 3562 σπέρματος
2826 3486 2991 3543 αὑτοῦ
3036 3486 3403 3557 τυγχάνουσαν
3448 3484 3614 3554 αὐτὴν

360 3578 581 3651 εἰκότως
611 3577 881 3652 θυγατέρα
920 3582 1230 3651 προσφωνεῖ
1255 3579 1477 3652 ταύτην.

431 3666 484 3722 7.
516 3665 621 3723 Ubi
679 3677 859 3725 autem
900 3668 1039 3723 dixit
1076 3667 1418 3725 Psalmorum
1479 3670 1614 3725 liber
1655 3670 1930 3726 hominem

354 3775 481 3814 eum
516 3758 758 3815 iuturum
796 3776 950 3824 esse,
995 3769 1393 3832 consequenter
1420 3761 1573 3816 illum
1606 3777 1772 3818 carne
1807 3778 1932 3833 pas-

361 3850 574 3907 sibilem
605 3850 894 3922 signiﬁcat.
925 3850 1061 3905 Dum
1088 3861 1270 3906 autem
1298 3851 1444 3906 videt
1477 3850 1694 3907 futuras
1719 3851 1931 3907 Judaeu-

361 3958 482 4019 rum
515 3943 763 4007 insidias,
792 3942 940 3998 canit
969 3943 1022 3997 in
1051 3943 1293 3999 secundo
1321 3944 1534 4013 psalmo
1568 3962 1581 3997 :
1620 3942 1796 4009 Quare
1826 3945 1931 4009 fre-

359 4042 600 4087 muerunt
618 4043 816 4105 gentes,
839 4038 889 4087 et
910 4033 1090 4104 populi
1108 4033 1348 4087 meditati
1384 4043 1508 4087 sunt
1532 4034 1763 4087 inania?
1788 4035 1932 4088 Asti-

361 4134 532 4178 terunt
566 4140 707 4195 reges
739 4135 912 4189 term,
935 4132 987 4178 et
1024 4125 1283 4194 principes
1308 4132 1655 4179 convenerunt
1682 4125 1741 4178 in
1768 4140 1931 4179 unum

363 4216 609 4271 adversus
658 4215 939 4270 Dominum
983 4225 1032 4270 et
1081 4216 1330 4271 adversus
1376 4215 1644 4271 Christum
1691 4216 1826 4286 ejus.
1870 4217 1931 4271 ln

364 4308 622 4363 vicesimo
651 4317 832 4363 autem
881 4309 1056 4378 primo
1096 4309 1270 4378 ipsam
1313 4312 1505 4364 mortis
1555 4309 1823 4363 rationem
1865 4325 1928 4364 ex

363 4415 595 4470 persona
643 4397 937 4454 Salvatoris
974 4399 1219 4469 loquitur
1268 4419 1283 4456 :
1332 4397 1399 4453 In
1436 4400 1699 4470 pulverem
1748 4402 1932 4456 mortis

366 4492 629 4547 deduxisti
682 4507 781 4546 me.
831 4491 1094 4558 Quoniam
1139 4493 1597 4547 circumdederunt
1649 4510 1729 4548 me
1779 4510 1932 4548 canes

365 4583 539 4653 multi,
562 4584 844 4639 consilium
866 4583 1271 4656 malignantium
1299 4585 1500 4640 obsedit
1525 4601 1625 4640 me.
1661 4584 1930 4640 Foderunt

364 4690 550 4729 manus
584 4691 725 4728 meas
758 4683 809 4728 et
852 4673 1004 4745 pedes
1038 4691 1177 4731 meos
1204 4717 1219 4739 ,
1256 4674 1716 4730 dinumeraverunt
1754 4676 1933 4730 omnia

365 4784 485 4822 ossa
526 4783 661 4823 mea.
709 4766 823 4838 Ipsi
862 4784 978 4822 vero
1013 4768 1473 4824 consideraverunt
1504 4778 1555 4823 et
1595 4769 1935 4840 inspexerunt

2102 3672 2134 3737 ζ
2146 3671 2319 3728 ’.Ἂνθ
2329 3687 2506 3744 ρωπον
2529 3669 2586 3723 δὲ
2610 3670 2772 3724 αὐτὸν
2796 3672 3047 3743 εἰρηκυῖα
3072 3670 3432 3740 γενησόμενον
3457 3707 3472 3730 ,
3495 3669 3616 3723 ἁκο-

2031 3766 2235 3830 λούθως
2253 3766 2347 3819 καὶ
2369 3765 2609 3836 παθητὸν
2627 3764 2790 3818 αὐτὸν
2813 3765 2975 3834 σαρκὶ⁵
2993 3762 3263 3834 σημαίνει.
3288 3762 3400 3833 Τήν
3415 3778 3475 3814 τε
3495 3763 3614 3814 ἐπι-

2033 3859 2226 3930 6ουλὴν
2257 3857 2409 3929 παρὰ
2438 3856 2548 3910 τῶν
2581 3856 2849 3910 Ἰουδαίων
2879 3855 3061 3928 ὁρῶσα
3089 3854 3400 3927 γινομένην,
3424 3852 3613 3925 ψάλλει

2033 3949 2091 4002 ὲν
2114 3948 2211 4020 μὲν
2233 3948 2309 4019 τῷ
2331 3946 2567 4019 δευτέρῳ
2588 3945 2789 4017 ψαλμῷ
2806 3964 2819 3977 ·
2858 3947 2992 4001 Ἵνα
3016 3946 3074 4000 τι
3103 3944 3408 4016 ἐφρύαξαν
3443 3944 3607 4011 ἔθνη,

2033 4042 2130 4096 καὶ
2142 4042 2277 4096 λαοὶ
2291 4040 2664 4110 ἐμελέτησαν
2676 4040 2852 4105 κενά;
2869 4038 3267 4108 Παρέστησαν
3273 4037 3555 4100 οίβασιλε
3561 4035 3616 4102 ἴς

2032 4132 2145 4202 τῆς
2160 4132 2293 4203 γῆς,
2319 4133 2419 4186 καὶ
2444 4133 2498 4185 ot
2522 4129 2810 4200 ἄρχοντες
2830 4129 3232 4198 συνήχθησαν
3249 4128 3345 4181 ἐπὶ
3369 4127 3438 4181 τὸ
3465 4128 3612 4189 αὐτὸ

2033 4225 2182 4277 κατὰ
2197 4221 2302 4276 τοῦ
2319 4221 2541 4290 Κυρίου
2557 4219 2819 4274 καὶκατὰ
2833 4220 2941 4273 τοῦ
2956 4218 3214 4286 Χριστοῦ
3238 4217 3424 4273 αὑτοῦ
3443 4235 3457 4249 ο
3480 4222 3537 4272 ὲν
3556 4219 3613 4272 δὲ

2033 4313 2110 4382 τῷ
2136 4309 2364 4382 εἰκοστῷ
2398 4310 2493 4362 καὶ
2523 4307 2725 4381 πρώτῳ
2751 4310 2849 4382 τὴν
2878 4309 3139 4381 ποιότητα
3165 4308 3260 4363 τοῦ
3287 4309 3515 4364 θανάτου
3547 4310 3613 4364 ἐκ

2035 4401 2326 4474 προσώπου
2367 4402 2460 4457 τοῦ
2497 4402 2746 4474 Σωτῆρος
2772 4418 2936 4473 φησιν
2954 4418 2969 4433 ο
3017 4404 3121 4469 Eli;
3170 4401 3322 4472 χοῦν
3356 4400 3611 4456 θανάτου

2033 4491 2364 4563 κατήγαγές
2386 4508 2464 4562 με
2485 4508 2499 4522 ⁸
2533 4491 2624 4545 ὅτι
2651 4490 3010 4546 ἐκύκλωσαν
3045 4508 3123 4562 με
3166 4493 3346 4558 κύνες
3372 4489 3607 4550 πολλοὶ,

2034 4581 2354 4651 συναγωγὴ
2379 4580 2876 4652 πονηρευομένων
2895 4581 3216 4653 περιέσχον
3230 4599 3326 4653 με.
3351 4580 3613 4651 Ὠρυξαν

2036 4675 2236 4745 χεῖράς
2251 4694 2370 4745 μου
2396 4678 2492 4731 καί
2523 4677 2712 4743 πόδας
2730 4692 2871 4747 μου,
2900 4676 3308 4747 ἐξηρίθμησαν
3324 4674 3520 4729 πάντα
3540 4673 3611 4728 τὰ

2037 4765 2189 4822 ὀστᾶ
2205 4785 2345 4837 μου.
2388 4769 2571 4823 Αὐτοὶ
2597 4768 2666 4822 δὲ
2693 4767 3089 4836 κατενόησαν,
3122 4767 3219 4821 καὶ
3241 4765 3480 4820 ἐπεῐδόν
3501 4780 3577 4833 με
3595 4780 3609 4794 ο

364 4875 483 4923 me;
513 4860 805 4914 diviserunt
835 4860 935 4914 sibi
974 4863 1282 4916 vestimenta
1312 4878 1426 4916 mea
1446 4903 1459 4928 ,
1485 4873 1535 4916 et
1562 4878 1719 4932 super
1742 4872 1931 4917 vestem

2041 4854 2450 4926 διεμερίσαντο
2473 4857 2547 4911 τὰ
2576 4855 2773 4927 ἱμάτιά
2797 4873 2918 4926 μου
2956 4856 3189 4922 ἑαυτοῖς
3210 4894 3225 4917 ,
3255 4854 3351 4908 καὶ
3375 4854 3473 4908 ἐπὶ
3505 4853 3613 4907 τὸν

363 4964 534 5007 meam
574 4952 827 5006 miserunt
857 4962 1067 5007 sortem.
1113 4952 1267 5020 Quod
1302 4954 1379 5008 ait
1413 4963 1592 5009 autem
1643 4968 1840 5009 manus
1877 4962 1934 5009 et

364 5042 530 5113 pedes
553 5055 682 5096 suos
711 5040 992 5099 confossos
1022 5058 1163 5108 esse,
1186 5043 1316 5113 quid
1338 5045 1482 5099 aliud
1511 5059 1673 5114 quam
1713 5059 1931 5098 crucem

363 5130 672 5203 signiﬁcat?
709 5129 835 5189 Haac
879 5135 1061 5189 omnia
1102 5144 1390 5206 postquam
1431 5135 1618 5191 docuit
1643 5177 1656 5199 ,
1702 5135 1933 5205 adjicit,

366 5236 476 5276 non
517 5222 601 5277 sui
634 5237 838 5287 causa,
878 5223 971 5278 sed
1012 5232 1231 5294 propter
1263 5238 1363 5278 nos
1396 5222 1450 5278 id
1475 5222 1585 5294 pati
1619 5221 1932 5278 Dominum.

369 5313 564 5382 Aitque
589 5329 808 5369 rursum
841 5329 873 5370 e
896 5329 1126 5385 persona
1163 5316 1282 5387 ejus
1309 5316 1363 5370 in
1392 5316 1727 5387 octogesimo
1762 5315 1935 5386 septi-

370 5420 495 5459 mo:
535 5405 700 5477 Super
725 5427 806 5465 me
845 5410 1185 5479 conﬁrmatus
1214 5418 1290 5463 est
1324 5409 1477 5479 furor
1501 5418 1663 5474 tuus;
1688 5402 1753 5462 in‘
1778 5423 1936 5462 sexa-

368 5494 574 5563 gesimo
597 5508 771 5553 autem
800 5509 991 5555 octavo
1021 5517 1035 5555 :
1082 5498 1212 5564 Quae
1240 5514 1345 5553 non
1382 5501 1567 5568 rapui,
1599 5509 1721 5552 tunc
1754 5498 1933 5553 exsol-

2038 4949 2353 5018 ἱματισμόν
2375 4967 2493 5019 μου
2510 4950 2730 5012 ἔϐαλον
2743 4947 2991 5017 κλῆρον.
3019 4948 3091 5001 Τὸ
3109 4947 3166 5000 δὲ
3186 4947 3286 5011 τὰς
3308 4950 3493 5019 χεῖρας
3518 4947 3603 5000 καὶ

2037 5041 2162 5104 τοὺς
2207 5040 2369 5104 πόδας
2422 5040 2771 5113 ὀρύττεσθαι,
2812 5041 2866 5093 τί
2899 5040 3080 5110 ἕτερον
3117 5039 3151 5109 ἢ
3184 5038 3413 5110 σταυρὸν
3442 5038 3597 5106 λέγω»

2039 5132 2326 5202 σημαίνει,
2352 5133 2535 5187 Πάντα
2556 5128 2729 5185 ταῦτα
2763 5131 3083 5185 διδάσκουσα
3106 5129 3458 5201 προστίθησιν
3479 5167 3492 5193 ,
3532 5129 3590 5181 ὅτ

2041 5224 2114 5296 μὴ
2138 5224 2204 5278 δι’
2221 5224 2430 5291 ἑαυτὸν,
2449 5225 2517 5279 δι’
2538 5226 2684 5297 ἡμᾶς
2707 5224 2764 5277 δὲ
2784 5222 2954 5276 ταῦτα
2981 5223 3180 5293 πάσχει
3203 5224 3233 5275 ὁ
3255 5222 3475 5294 Κύριος.
3504 5223 3586 5272 Κα

2038 5333 2202 5386 φησιν
2233 5317 2297 5369 ἐκ
2327 5314 2617 5387 προσώπου
2650 5313 2811 5369 πάλιν
2831 5312 2996 5366 αὐτοῦ
3016 5314 3074 5366 ὲν
3102 5312 3202 5383 μὲν
3224 5311 3303 5382 τῷ
3326 5308 3453 5374 ﬂ"
3491 5310 3589 5362 Ἐπ

2036 5406 2141 5476 ἐμὲ
2162 5407 2564 5478 ἐπεστηρίχθη
2598 5409 2632 5461 ό
2659 5405 2846 5476 θυμός
2873 5421 2991 5459 σου
3014 5421 3029 5438 ·
3057 5407 3114 5458 ὲν
3140 5402 3197 5457 δὲ
3223 5402 3303 5474 τῷ
3329 5399 3605 5473 ἑξηκοστῷ

2037 5498 2232 5571 ὀγδόῳ·
2277 5502 2344 5556 Ἀ
2380 5501 2493 5570 οὐχ
2518 5498 2785 5569 ἦρπασιι,
2817 5499 2948 5553 τότε
2973 5496 3351 5553 ἀπεκτίννυον.
3393 5494 3468 5547 Οὐ
3499 5493 3608 5564 γὰρ

442 5632 459 5663 ¹
488 5629 682 5688 Gencs.
709 5650 747 5701 ι,
775 5634 809 5688 5
833 5651 982 5707 seqq.
1059 5640 1079 5669 ’
1111 5635 1269 5693 Joan.
1309 5654 1347 5701 I,
1385 5638 1436 5704 l,
1461 5637 1516 5705 2,
1554 5639 1637 5693 14.
1715 5638 1734 5671 ³
1760 5637 1892 5693 Luc.
1938 5653 1978 5704 ι,
2013 5637 2103 5692 28.

439 5769 517 5844 (2)
570 5771 656 5826 Ἐν
682 5776 986 5848 τριακοστῷ
1012 5777 1245 5849 δευτέρῳ
1271 5777 1357 5833 ed.
