3944 6220
279 360 287 368 ·
326 342 390 401 {7
1439 334 1771 390 EPiSTOLA;
1808 336 1898 389 AD
1935 333 2448 391 MARCELLINUM.
3490 327 3563 383 18,

327 452 618 516 ὑπεύθυνος
648 453 729 507 ὣν
770 453 1108 525 ἀπέθνησκεν
1131 493 1144 515 ,
1183 452 1294 506 ἀλλ’
1322 452 1460 524 ὑπὲρ
1490 452 1645 524 ἡμῶν
1676 454 1899 523 ἔπασχε,

2018 453 2201 509 aebam.
2252 451 2370 509 Non
2418 452 2561 507 enim
2611 450 2732 504 ideo
2784 460 3030 503 mortuus
3075 452 3179 511 est,
3235 444 3380 516 quod
3431 460 3557 500 rcus

328 544 525 600 καὶτὸν
552 544 676 597 καθ’
713 545 868 616 ἡμῶν
897 545 1065 614 θυμὸν
1098 545 1185 599 διὰ
1210 545 1308 618 τὴν
1338 544 1643 615 παράϐασιν
1665 545 1748 612 ἐφ’
1766 546 1896 597 ἑαν-

1995 557 2159 609 csset,
2196 546 2287 601 sed
2321 558 2422 614 pro
2456 543 2609 598 nobis
2642 557 2833 612 passus
2855 549 2958 605 est,
2999 540 3246 609 iramque
3270 537 3554 592 adversum

328 637 411 691 τὸν
434 635 701 701 ὲϐἀσταζε
720 677 736 702 ,
777 636 997 705 λέγοντα
1016 635 1103 690 διὰ
1133 634 1227 688 τοῦ
1272 637 1490 690 Ἡσαΐου
1516 653 1528 665 ·
1563 635 1755 701 Αὐτὸς
1795 635 1912 702 τὰς.

2018 653 2097 693 nos
2121 646 2433 706 conceptam
2466 636 2536 690 ob
2566 633 3063 704 praevaricationem
3091 632 3144 685 in
3170 646 3228 686 se
3265 629 3556 695 sustinuit,

329 727 640 793 ἀσθενείας
666 725 837 796 ἡμῶν
860 727 1066 781 ἔλαϐε·
1101 726 1194 779 καὶ
1223 726 1487 795 λεγόντων
1534 726 1694 796 μὲνοή
1703 725 1816 794 μῶν
1842 727 1898 778 ὲν

2018 729 2207 783 licente
2235 743 2329 797 per
2348 725 2541 783 Isaiam
2561 725 2614 780 Ι’;
2646 723 2991 793 Inﬁrmitates
3017 733 3221 777 nostras
3252 721 3360 790 ipse
3387 735 3560 774 susce-

327 819 399 889 τῷ
426 818 703 889 ἑκατοστῷ
723 819 1026 891 τριακοστῷ
1043 818 1252 889 ἑϐδόμῳ
1274 816 1472 889 ψαλμῷ
1486 835 1499 849 ο
1530 818 1745 887 Κύριος
1764 818 1902 871 ἀντ-

326 909 622 964 (amoebaei
663 911 818 978 ὑπὲρ
855 910 1000 981 ἐμοῦ
1019 927 1032 942 ο
1098 910 1345 979 λέγοντος
1384 910 1442 962 δὲ
1482 910 1575 964 καὶ⁵
1610 908 1703 963 τοῦ
1735 909 1902 964 Πνεῦ-

1999 820 2111 887 pit;
2163 828 2216 873 et
2275 817 2580 872 dicentibus
2635 816 2792 870 nobis
2842 815 2895 868 in
2951 813 3244 868 centesimo
3281 813 3563 866 tricesimo

2000 911 2229 979 septimo
2263 926 2279 965 :
2314 909 2568 963 Dominus
2592 908 2839 962 retribuet
2861 923 2956 975 pro
2981 922 3081 959 me.
3115 904 3318 975 Spiritu
3343 919 3561 973 quoque

329 1019 494 1073 ματος
544 1002 605 1054 ἐν
652 1001 1035 1073 ἑϐδομηκοστῷ
1069 1001 1271 1074 πρώτῳ
1292 1017 1306 1033 '
1373 1002 1480 1056 Kal
1530 1001 1715 1057 σώσει
1759 1002 1902 1068 τοὺς

2018 1001 2211 1057 licente
2252 1001 2305 1054 in
2351 999 2748 1070 septuagesimo
2799 985 3025 1068 primo:
3077 995 3142 1050 Et
3187 997 3357 1051 salvos
3402 996 3572 1066 facie:

325 1094 493 1158 υἱοὺς
520 1092 642 1146 τῶν
664 1092 954 1160 πενήτων,
984 1094 1080 1147 καὶ
1102 1091 1455 1148 ταπεινώσει
1482 1094 1896 1163 συκοφάντην,

2002 1096 2141 1165 ﬁlios
2179 1109 2486 1163 pauperum,
2537 1102 2586 1147 et
2615 1092 2914 1147 humiliabit
2952 1091 3405 1156 calumniatorem,
3436 1089 3560 1161 quia

326 1185 411 1239 ὅτι
438 1187 756 1255 ἐρρύσατο.
784 1186 1022 1254 πτωχὸν
1066 1186 1135 1239 ἐκ
1179 1184 1378 1254 χειρὸς
1423 1184 1730 1240 δυνάστου
1757 1224 1772 1249 ,
1804 1184 1903 1239 καὶ

2018 1186 2242 1241 'iberavit
2284 1201 2560 1255 pauperem
2593 1200 2627 1238 ο
2663 1193 2901 1252 potente,
2931 1191 2979 1237 et
3002 1199 3312 1253 pauperem,
3350 1182 3435 1235 cui
3460 1197 3580 1234 ποετ

328 1274 572 1343 πένητα,
606 1269 655 1342 ᾧ
686 1279 799 1346 οὐχ
821 1276 1057 1347 ὑπῆρχε
1076 1276 1319 1343 βοηθός.
1374 1300 1379 1303 ·

394 1374 473 1438 η’.
507 1367 604 1422 Διὰ
635 1367 792 1421 τοῦτο
819 1369 912 1422 καὶ
940 1369 1040 1439 τὴν
1074 1370 1152 1432 εἰς
1175 1369 1437 1440 οὐρανοὺς
1471 1368 1786 1440 σωματικήν
1811 1370 1906 1423 αὑ-

2002 1289 2116 1335 erat
2138 1279 2375 1348 adjutor.

2074 1373 2128 1428 8.
2159 1371 2497 1442 Quapropter
2547 1368 2666 1438 eius
2705 1383 2923 1439 quoque
2958 1367 3010 1422 in
3059 1368 3226 1423 caelos
3277 1379 3579 1422 ascensum

330 1457 417 1511 τοῦ
447 1459 633 1513 ἄνοδον
662 1459 984 1532 προμηνύει,
1026 1461 1120 1513 καὶ
1150 1460 1298 1529 λέγει
1330 1461 1387 1513 ἐν
1428 1461 1525 1532 μὲν
1553 1461 1782 1533 εἰκοστῷ
1812 1462 1905 1514 καὶ

2018 1467 2275 1536 oraedicit,
2303 1465 2489 1535 aitque
2523 1464 2576 1518 in
2608 1464 2869 1519 vicesimo
2904 1462 3063 1517 tertio
3098 1479 3111 1515 :
3165 1461 3405 1515 Attollite
3442 1476 3568 1529 por-

333 1567 491 1603 τοιτω
513 1567 530 1584 ⁸

336 1569 530 1621 τριτῳ·
600 1569 814 1620 -ᾼρατε
846 1569 1075 1619 mystae,
1115 1569 1170 1607 οι
1211 1569 1532 1623 αρχοντες,
1574 1569 1770 1623 υμων,
1806 1569 1905 1609 και

336 1640 639 1710 ὲπάρθητε,
681 1643 867 1696 πύλαι
902 1640 1145 1708 αἱώνιοι,
1183 1642 1284 1696 καὶ
1315 1642 1721 1696 εἰσελεύσεται
1748 1645 1780 1695 ὀ
1803 1643 1908 1706 βα-

336 1732 539 1798 σιλεὺς
563 1731 674 1802 τῆς
715 1732 936 1800 δόξης·
999 1736 1057 1787 ἐν
1096 1734 1153 1788 δὲ
1188 1733 1265 1806 τῷ
1291 1733 1737 1805 τεσσαρακοστῷ·
1781 1735 1907 1786 Ἀν-

599 1553 814 1620 Ἃρατε
846 1553 1075 1619 πύλας,
1115 1556 1170 1607 οι
1211 1551 1532 1623 ἄρχοντες,
1574 1553 1770 1623 ὑμῶν,
1806 1555 1905 1609 καὶ

2018 1572 2109 1626 tas,
2131 1560 2410 1629 principes,
2435 1567 2653 1623 vestras,
2680 1567 2728 1610 et
2751 1555 3040 1619 elevanzini,
3074 1565 3238 1623 portte
3268 1554 3579 1617 aternales.

2005 1661 2055 1706 et
2071 1649 2310 1704 introibit
2335 1664 2426 1703 rex
2459 1648 2660 1719 gloria.
2679 1645 2736 1700 ln
2758 1647 3172 1716 quadragesimo
3188 1652 3365 1699 autem
3381 1653 3563 1709 sexto:

2011 1741 2256 1796 Ascendit
2288 1740 2427 1794 Deus
2451 1740 2505 1793 in
2526 1737 2868 1809 jubilatione,
2892 1736 3145 1791 Dominus
3176 1736 3229 1790 in
3261 1752 3380 1789 voce
3407 1734 3563 1790 tuba.

334 1821 432 1891 ἐση
454 1826 487 1876 ό
505 1822 651 1888 Θεὸς
669 1824 738 1878 ὲν
765 1824 1107 1896 ἀλαλαγμῷ,
1138 1801 1351 1893 Κύριος
1374 1826 1443 1878 ἐν
1463 1801 1635 1895 ςσωνῇ
1659 1801 1909 1894 σάλπιγ-

2018 1834 2316 1889 Sessionem
2348 1848 2565 1902 quoque
2591 1833 2875 1887 annuntiat
2897 1869 2913 1894 ,
2956 1832 3139 1899 aitque
3184 1829 3238 1883 in
3273 1829 3568 1885 centesimo

336 1929 451 1983 τος.
494 1913 605 1987 Τὴν
641 1915 739 1986 μὲν
768 1915 984 1970 κάθισιν
1014 1916 1351 1986 ἀναγγέλλει,
1385 1915 1478 1969 καί
1527 1932 1690 1986 φησιν
1716 1916 1775 1970 ὲν
1810 1914 1908 1985 μὲν

2018 1941 2152 1982 nono
2188 1946 2200 1980 :
2243 1925 2390 1979 Dixit
2419 1925 2672 1979 Dominus
2715 1923 2934 1978 Domino
2971 1940 3117 1978 meo:
3144 1921 3275 1977 Sede
3309 1940 3341 1976 (ι
3366 1921 3568 1975 dextris

334 2005 407 2076 τῷ
429 2006 708 2077 ἑκατοστῷ
733 2007 969 2078 ὲννάτῳο
1020 2008 1207 2062 Εἶπεν
1241 2010 1273 2062 ό
1324 2008 1537 2076 Κύριος
1583 2006 1664 2072 τῷ
1713 2007 1907 2074 Κυρίῳ

2018 2013 2135 2066 meis
2156 2051 2172 2076 ,
2202 2008 2363 2067 donec
2404 2028 2596 2082 ponam
2636 2013 2878 2067 inimicos
2919 2022 3035 2067 tuos
3066 2010 3349 2066 scnbellum
3380 2010 3573 2080 pedum

332 2111 442 2166 μου
466 2113 482 2127 °
537 2095 736 2151 Κάθου
788 2098 857 2151 ἐκ
891 2096 1104 2162 δεξιῶν
1143 2115 1293 2166 μου,
1341 2097 1453 2163 ἕως
1504 2097 1580 2151 ἂν
1632 2094 1713 2151 θῶ
1765 2096 1909 2162 τοὺς

2018 2116 2237 2159 tuorum.
2284 2105 2341 2159 In
2388 2121 2533 2160 nono
2559 2114 2737 2159 autem
2772 2105 2985 2174 psalmo
3026 2102 3319 2174 perniciem
3353 2116 3573 2171 quoque

336 2187 582 2256 ἐχθρούς
609 2204 726 2242 σου
754 2188 1087 2243 ὑποπόδιον
1105 2188 1225 2242 τῶν
1249 2186 1451 2241 ποδῶν
1482 2202 1598 2242 σου
1617 2204 1630 2216 ·
1671 2187 1731 2241 ὲν
1755 2186 1811 2241 δὲ
1831 2187 1908 2258 τῷ

2018 2194 2206 2249 diaboli
2250 2194 2438 2258 addit,
2479 2203 2530 2250 et
2570 2196 2817 2250 clamat:
2854 2191 3051 2249 Sediin
3098 2210 3252 2263 super
3291 2194 3570 2259 thronum,

337 2280 539 2351 éwdup
559 2280 653 2333 καὶ
670 2278 768 2351 τὴν
788 2280 1085 2353 γενομένην
1106 2280 1382 2335 ἀπώλειαν
1404 2279 1500 2333 τοῦ
1515 2278 1757 2334 διαϐόλου
1774 2278 1873 2350 βοᾷ
1890 2296 1905 2311 ⁸

346 2369 657 2436 Ἐκάθισας
703 2370 801 2424 ἐπὶ
832 2371 1048 2439 θρόνου
1076 2409 1091 2434 ,
1146 2374 1180 2425 ό
1229 2372 1450 2441 κρίνων
1476 2370 1906 2440 δικαιοσύνηνο

2007 2290 2097 2359 qui
2138 2288 2353 2357 judicas
2381 2287 2652 2357 justitiam
2687 2302 2706 2341 :
2757 2288 3039 2357 increpasti
3081 2295 3290 2357 gentes,
3331 2297 3377 2340 et
3416 2286 3573 2352 periit
3666 2285 3673 2297 ‘

2010 2382 2220 2450 impius.
2257 2380 2390 2435 Nam
2418 2380 2562 2451 quod
2588 2395 2756 2437 omne
2790 2380 3056 2449 judicium
3087 2392 3116 2431 a
3155 2376 3315 2433 Patre
3351 2392 3574 2446 accepe-

335 2449 703 2532 ἐπετίμησας
728 2464 963 2527 ἔθνεσι,
1004 2464 1103 2518 καὶ
1128 2462 1398 2520 ἀπώλετο
1421 2466 1454 2518 ὁ
1491 2463 1739 2530 ἀσεϐής.
1800 2463 1911 2517 Καὶ

2018 2449 2099 2539 rit,
2138 2472 2192 2526 id
2220 2449 2446 2526 minime
2472 2470 2687 2534 celavit,
2717 2471 2810 2525 sed
2842 2470 3020 2539 ipsum
3049 2467 3295 2528 omnium
3322 2466 3585 2538 judiccnu

338 2556 442 2626 γὰρ
468 2556 548 2608 ὅτι
582 2556 681 2624 τὴν
713 2556 894 2627 κρίσιν
921 2558 1102 2611 πᾶσαν
1143 2555 1302 2610 ἔλαϐε
1336 2557 1486 2629 παρὰ
1533 2557 1627 2611 τοῦ
1672 2558 1907 2628 Πατρὸς,

2009 2570 2295 2617 venturum
2317 2560 2641 2630 praenuntiat
2666 2561 2719 2614 in
2747 2560 3143 2629 septuagesimo
3167 2560 3343 2630 primo
3367 2576 3380 2610 :
3408 2557 3572 2620 Deus,

337 2649 431 2700 οὐκ
467 2647 701 2719 ἔκρυψεν
726 2689 740 2712 ,
790 2647 925 2702 ἀλλὰ
957 2651 1050 2702 καὶ
1084 2650 1275 2722 κριτὴν
1307 2651 1526 2704 πάντων
1561 2649 1723 2703 αὑτὸν
1757 2648 1911 2721 ἐρχό-

2018 2652 2265 2713 iudicium
2290 2661 2435 2705 tuum
2465 2653 2573 2723 regi
2595 2651 2696 2718 da,
2733 2660 2782 2705 et
2801 2651 3073 2721 justitiam
3103 2660 3246 2703 tuam
3274 2649 3385 2719 ﬁlio
3410 2651 3571 2719 regis,

342 2755 497 2808 μενον
530 2739 835 2810 προμηνὺει
861 2741 918 2793 ἐν
949 2741 1046 2811 μὲν
1076 2747 1166 2793 oa'
1187 2756 1201 2770 ⁸
1235 2741 1298 2795 '0
1319 2740 1480 2807 Θεὸς,
1501 2740 1567 2795 τὸ
1593 2740 1768 2810 κρῖμα
1794 2755 1910 2794 σου

2018 2742 2246 2802 iudicare
2265 2740 2514 2811 populum
2552 2734 2699 2794 tuum
2732 2742 2785 2793 in
2820 2739 3072 2809 justitia,
3095 2750 3144 2794 et
3174 2756 3425 2809 pauperes
3457 2750 3573 2794 tuos

339 2827 413 2892 τῷ
441 2828 698 2892 βασιλεῖ
741 2830 847 2897 δὸς
870 2873 884 2895 ,
938 2831 1037 2886 καὶ
1090 2830 1205 2897 τὴν
1252 2830 1647 2899 δικαιοσύνην
1683 2846 1799 2886 σου
1833 2831 1912 2897 τῷ

2018 2835 2065 2887 in
2086 2832 2312 2902 judicio.
2354 2835 2412 2886 In
2446 2832 2860 2904 quadragesimo
2890 2842 3070 2887 autem
3113 2848 3257 2888 nono
3286 2833 3363 2887 ait
3403 2849 3418 2887 :
3465 2832 3579 2887 Ad-

338 2920 443 2985 υἰῷ
464 2922 570 2977 τοῦ
580 2923 909 2991 βασιλέως,
926 2926 1154 2994 κρίνειν
1175 2924 1283 2978 τὸν
1303 2925 1454 2979 λαόν
1471 2939 1585 2979 σου
1611 2926 1680 2979 ἐν
1700 2925 1912 2979 δίκαιοι

2018 2924 2212 2979 vocabit
2245 2924 2429 2978 caelum
2463 2924 2738 2978 desursum
2762 2965 2775 2987 ,
2803 2933 2851 2978 et
2883 2932 3078 2977 terram
3100 2964 3116 2991 ,
3160 2925 3453 2980 discernere
3479 2939 3574 2993 po-

336 3012 494 3081 σύνῃ
514 3053 530 3077 ,
569 3013 672 3068 καὶ
702 3013 842 3080 τοὺς
894 3016 1169 3083 πτωχούς
1198 3030 1313 3070 σου
1345 3015 1415 3068 ἐν
1446 3016 1672 3083 κρίσει⁸
1748 3017 1804 3068 ὲν
1854 3014 1912 3069 δὲ

2018 3015 2191 3081 pulum
2219 3031 2393 3069 suum.
2431 3012 2501 3068 Et
2547 3013 2933 3067 annuntiabunt
2975 3014 3087 3066 creti
3120 3014 3387 3084 justitiam
3424 3014 3572 3082 ejus,

335 3102 409 3172 τῷ
437 3105 525 3176 μθ¹
558 3107 722 3179 φησί·
746 3106 1230 3175 Προσκαλέσεται
1254 3108 1362 3163 τὸν
1388 3107 1646 3176 οιῖιρανὸν
1673 3107 1794 3161 ἇνω
1812 3107 1909 3161 καὶ

2018 3107 2262 3177 quoniam
2294 3105 2430 3161 Deus
2449 3106 2621 3176 judea:
2656 3118 2756 3161 est.
2790 3105 2855 3160 Et
2883 3106 2939 3161 in
2978 3106 3311 3176 octogesimo
3343 3106 3524 3177 primo
3560 3124 3573 3161 :

335 3193 449 3263 τὴν
497 3196 617 3268 γῆν
641 3239 656 3263 ,
711 3194 818 3254 τοῦ
859 3197 1151 3268 διακρῖναι
1184 3199 1289 3253 τὸν
1324 3199 1477 3254 λαὸν
1521 3199 1727 3253 αὐτοῦ.
1796 3200 1907 3254 Καὶ

2018 3198 2153 3253 Deus
2178 3200 2319 3253 stetit
2366 3200 2422 3253 in
2465 3215 2731 3270 synagoga
2756 3199 3011 3263 deorum,
3063 3200 3120 3252 in
3171 3198 3341 3253 medio
3403 3209 3579 3254 autem

334 3289 776 3361 ἁνατγελοῦσιν
824 3293 879 3344 οι
918 3291 1157 3360 οὐρανοὶ
1210 3290 1325 3359 τὴν
1372 3290 1768 3359 δικαιοσύνην
1803 3291 1910 3344 αὑ-

334 3382 471 3435 τοῦο
511 3381 605 3435 ὅτι
660 3385 694 3436 ό
742 3382 885 3449 Θεὸς
925 3381 1128 3452 κριτής
1159 3383 1321 3436 ἐστι’
1391 3382 1483 3435 καὶ
1532 3383 1590 3435 ὲν
1639 3379 1717 3451 τῷ
1765 3388 1867 3435 πα¹
1891 3398 1904 3411 ·

346 3473 405 3525 '0
434 3474 585 3539 Θεὸς
617 3473 766 3543 ἔστη
820 3476 891 3528 ἐν
940 3473 1263 3544 συναγωγῇ
1293 3472 1475 3528 θεῶν·
1539 3474 1609 3525 ἐν
1649 3472 1815 3542 μέσῳ
1843 3472 1911 3526 δὲ

2015 3290 2140 3345 deos
2196 3291 2481 3360 dijudicat.
2513 3289 2654 3358 Quin
2683 3304 2738 3346 et
2764 3292 3101 3345 vocationem
3134 3291 3372 3363 gentium
3420 3306 3482 3345 ex
3513 3304 3581 3344 eo

2016 3385 2135 3453 ipso
2160 3382 2299 3438 libro
2322 3382 2565 3453 pluribus
2593 3383 2833 3438 ediscere
2857 3384 3001 3450 licet,
3023 3382 3321 3453 praesertim
3354 3396 3421 3436 ex
3445 3396 3582 3451 qua—

2017 3474 2321 3545 dragesimo
2353 3484 2505 3530 sexto
2537 3492 2549 3528 :
2583 3474 2773 3529 Omnes
2802 3484 2996 3545 gentes,
3038 3474 3275 3543 plaudite
3313 3473 3576 3535 manibus,

336 3565 506 3631 θεοὺς
533 3565 841 3634 διακρινεῖ.
883 3565 988 3620 Kal
1021 3565 1126 3637 μὴν
1156 3566 1248 3619 καὶ
1272 3566 1369 3637 τὴν
1395 3565 1591 3637 κλῆσιν
1617 3564 1726 3618 τῶν
1747 3563 1912 3617 ὲθνῶν

2018 3564 2237 3631 jubilate
2275 3564 2384 3620 Deo
2417 3567 2471 3619 in
2505 3581 2623 3621 voce
2650 3567 3041 3620 exsultationis.
3082 3564 3137 3619 In
3182 3564 3581 3635 septuagesimo

336 3656 479 3710 ἐστιν
503 3658 604 3710 ἀπ’
632 3657 804 3729 αὐτῆς
836 3657 1024 3729 μαθεῖν
1055 3659 1146 3711 ἐπὶ
1173 3657 1382 3710 πολλῶν
1417 3658 1513 3728 μὲν
1534 3696 1548 3720 ,
1598 3656 1830 3727 μάλιστα
1858 3654 1916 3708 δὲ

336 3745 439 3799 ἀπὸ
462 3746 564 3800 τοῦ
599 3752 703 3817 μς⁹
727 3763 743 3778 ο
794 3747 997 3801 Πάντα
1024 3746 1096 3801 τὰ
1120 3747 1288 3816 ἔθνη,
1322 3745 1653 3814 κροτήσατε
1690 3745 1912 3814 χεῖρας,

337 3832 684 3901 ἀλαλάξατε
733 3838 817 3905 τῷ
859 3838 979 3904 Θεῷ
1004 3839 1093 3906 ἑνέ
1115 3837 1285 3908 φωνῇ
1333 3837 1749 3906 ἀγαλλιάσεως
1773 3854 1787 3868 ·
1857 3839 1914 3890 ὲν

336 3928 389 3981 δὲ
418 3929 496 4000 τῷ
522 3935 647 3983 οα’·
694 3928 976 3983 Ἐνώπιον
1015 3928 1201 3983 αὐτοῦ
1240 3928 1682 3996 προπεσοῦνται
1723 3929 1915 3983 Αἰθίο-

338 4035 463 4086 πες,
510 4021 619 4075 καὶ
667 4023 721 4074 οἱ
768 4018 966 4090 ἐχθροὶ
1002 4019 1187 4074 αὑτοῦ
1212 4020 1365 4090 χοῦν
1388 4018 1661 4083 λείξουσι
1683 4036 1696 4050 ·
1731 4018 1915 4083 βασι-

333 4109 459 4177 λεῖς
510 4110 770 4180 Θαρσεῖς
807 4110 904 4163 καὶ
952 4113 1010 4164 αἱ
1054 4108 1235 4177 νῆσοι
1288 4108 1448 4178 δῶρα
1479 4109 1915 4176 προσοίσουσιο

2016 3666 2194 3712 autem
2226 3657 2404 3727 primo
2439 3676 2453 3713 :
2492 3657 2680 3713 Coram
2725 3659 2821 3711 illo
2860 3658 3127 3728 procident
3173 3655 3450 3726 ΑΞιΙιὶορεδ
3476 3694 3491 3719 ,
3529 3663 3581 3708 et

2015 3746 2221 3801 inimici
2241 3748 2353 3817 ejus
2379 3758 2576 3802 terram
2604 3749 2836 3819 lingent;
2868 3765 3012 3819 reges
3044 3746 3283 3809 Tharsis,
3317 3757 3366 3800 et
3392 3744 3583 3799 insqu

2016 3856 2236 3893 munera
2256 3840 2510 3909 offerent;
2538 3859 2678 3912 reges
2712 3844 2945 3896 Arabum
2974 3851 3023 3895 et
3063 3839 3206 3894 Saba
3233 3844 3372 3892 dona
3413 3837 3583 3890 addu-

2018 3939 2172 3995 cent;
2199 3942 2248 3985 et
2289 3933 2585 3987 adorabunt
2627 3950 2745 3989 eum
2777 3949 2950 3986 omnes
2987 3949 3128 4001 reges
3169 3942 3321 3985 terrm
3346 3971 3360 3995 ,
3407 3944 3581 3984 omnes

2021 4029 2192 4087 gentes
2226 4021 2446 4074 servient
2474 4022 2540 4075 ei.
2566 4021 2634 4076 Et
2657 4023 2771 4077 luec
2793 4023 3008 4091 quidem
3036 4023 3089 4076 in
3114 4020 3344 4075 Psalmis
3376 4034 3584 4073 canun-

2026 4119 2133 4177 tur,
2167 4112 2218 4165 in
2254 4113 2484 4185 singulis
2518 4125 2697 4170 autem
2732 4116 2851 4169 aliis
2874 4114 3031 4170 libris
3060 4112 3473 4169 annuntiantur.

330 4202 620 4269 ,ϐασιλεῖς
669 4202 928 4270 Ἀράϐων
950 4203 1047 4256 καὶ
1096 4203 1255 4256 Σαϐὰ
1284 4200 1443 4269 δῶρα
1475 4199 1885 4271 προσάξουσιο
1928 4204 2024 4256 καὶ
2058 4206 2599 4275 προσκυνήσουσιν
2640 4206 2798 4274 αὐτῷ
2825 4205 3045 4273 πάντες
3076 4209 3128 4259 ot
3165 4203 3443 4270 ,βασιλεῖς
3474 4201 3583 4274 τῆς

334 4294 464 4363 τῆς,
495 4295 701 4351 πάντα
731 4296 805 4350 τὰ
832 4296 980 4364 ἔθνη
1008 4296 1458 4352 δουλεύσουσιν
1498 4294 1679 4361 αὐτῷ.
1733 4296 1919 4351 Ταῦτα
1960 4298 2059 4370 μὲν
2087 4303 2142 4354 ὲν
2166 4304 2278 4365 τοῖς
2310 4302 2554 4374 Ψαλμοῖς
2581 4303 2793 4375 ᾄδεται,
2834 4304 2891 4358 ὲν
2917 4303 2974 4357 δὲ
3013 4304 3212 4375 ἑκάστῃ
3257 4302 3363 4356 τῶν
3411 4302 3581 4356 ἄλλων
3675 4370 3682 4376 ι

336 4384 532 4453 βίϐλων
559 4387 1082 4458 προαπαγγέλλεται.

400 4482 465 4537 θ’.
510 4484 635 4537 Οὐκ
673 4483 879 4552 ἀγνοῶν
906 4484 963 4538 δὲ
988 4485 1148 4538 πάλιν
1170 4484 1371 4553 ἔλεγεν,
1398 4485 1479 4537 ὅτι
1512 4485 1606 4537 καὶ
1634 4485 1691 4538 ὲν
1714 4485 1912 4557 ἑκάστῃ

2086 4487 2144 4541 9.
2191 4495 2458 4541 ueterum
2496 4501 2554 4541 se
2596 4501 2703 4541 non
2752 4484 3005 4556 ignorare
3051 4485 3229 4539 aiebat
3261 4484 3315 4538 in
3355 4485 3582 4555 singulis

333 4571 500 4645 βίϐλῳ
530 4574 639 4644 τῆς
676 4574 898 4646 Γραφῇ
934 4573 1001 4628 τὰ
1032 4575 1172 4629 αὐτὰ
1206 4577 1337 4648 περὶ
1365 4576 1458 4630 τοῦ
1488 4577 1739 4647 Σωτῆρος
1772 4577 1918 4641 ἐξαι-

334 4666 501 4737 ρέτως
530 4668 896 4739 σημαίνεταιο
930 4670 1023 4723 καὶ
1051 4668 1166 4722 ἐστι
1192 4668 1350 4723 τοῦτο
1389 4668 1464 4741 (5)
1501 4669 1701 4732 πάσαις
1731 4670 1921 4733 αὐταῖς

332 4757 697 4830 ἀπαγγελμα,
733 4762 825 4814 καὶ
879 4760 1164 4831 συμφωνία
1211 4761 1243 4831 ἡ
1283 4759 1418 4831 αὑτὴ
1454 4759 1546 4813 τοῦ
1584 4750 1921 4832 Πνεῦματοςέ

332 4848 441 4902 Kal
469 4850 586 4922 γὰρ
620 4850 813 4923 ὥσπερ
842 4852 906 4905 τὰ
933 4852 1041 4905 τῶν
1080 4851 1254 4907 ἄλλων
1282 4852 1340 4903 ὲν
1372 4850 1543 4924 ταύτῃ
1581 4850 1802 4905 δυνατὸν
1831 4852 1923 4905 ea.

335 4942 445 5009 ρεῖν
472 4957 488 4971 ο
531 4940 714 5004 οὕτως
744 4943 837 4995 καὶ
867 4940 937 4996 τὰ
959 4942 1163 5013 ταύτης
1190 4943 1246 4994 ἐν
1270 4943 1389 5005 ταῖς
1427 4941 1641 5011 ἑτέραις
1665 4939 1921 5005 πολλάκις

332 5031 678 5101 εὑρίσκεται.
720 5030 830 5084 Καὶ
868 5031 978 5102 γὰρ
1006 5031 1245 5102 Μωῦσῆς
1272 5030 1414 5103 ᾠδὴν
1439 5030 1637 5101 γράφει
1660 5070 1675 5093 ,
1702 5031 1798 5085 xal
1828 5030 1921 5082 Ἡ-

335 5123 489 5186 σαΐας
517 5121 662 5194 ᾅδει,
694 5122 788 5176 καὶ
813 5123 842 5175 ὁ
881 5123 1153 5193 Ἀμϐακοὺ
1162 5139 1201 5192 μ
1231 5119 1588 5192 προσεύχεται
1616 5119 1732 5190 μετ’
1752 5119 1929 5190 ᾠδῆς,

334 5212 503 5267 Πάλιν
523 5230 589 5267 τε
622 5215 681 5266 ἐν
710 5213 915 5285 ἑκάστῃ
944 5211 1109 5284 βίϐλῳ
1130 5212 1276 5266 ἔστιν
1308 5212 1434 5265 ἰδεῖν
1467 5212 1561 5264 καὶ
1584 5211 1922 5283 προφητείας

334 5308 425 5360 καὶ
457 5305 793 5378 νομοθεσίας
840 5306 936 5360 καὶ
968 5304 1226 5374 ἱστορίας.
1288 5303 1361 5357 Τὸ
1399 5303 1507 5376 γὰρ
1537 5303 1668 5356 αὐτὸ
1696 5303 1920 5373 Πνεῦμα

334 5395 424 5449 ἐπὶ
456 5396 678 5459 πάντας
709 5396 859 5448 ἐστί·
897 5398 993 5448 καὶ
1029 5393 1170 5447 κατὰ
1202 5394 1298 5464 μὲν
1325 5393 1422 5465 τὴν
1468 5396 1547 5457 είς
1571 5394 1797 5448 ἕκαστον
1824 5410 1919 5463 γε-

334 5488 572 5560 νομένην
616 5486 786 5541 αὑτοῦ
831 5486 1091 5558 διαίρεσιν
1124 5486 1349 5551 ἕκαστος
1377 5486 1473 5556 τὴν
1502 5486 1744 5541 δοθεῖσαν
1772 5483 1920 5556 αὐτῷ

401 5623 424 5655 ⁸
458 5621 565 5676 lsa.
602 5636 720 5687 LIII,
755 5621 815 5674 4.

406 5753 482 5825 t3)
527 5750 730 5806 Κοινὸν
758 5747 850 5805 ed.
872 5774 877 5784 -

2023 4577 2317 4647 Scripturae
2360 4577 2513 4631 libris
2561 4578 2749 4631 eadem
2796 4577 2864 4630 de
2912 4575 3190 4631 Salvatore
3241 4575 3581 4644 potissimum

2021 4670 2349 4740 signiﬁcari,
2399 4683 2631 4737 esseque
2668 4669 2799 4724 illud
2851 4669 3092 4722 omnium
3142 4668 3383 4736 ipsorum
3431 4682 3585 4722 com~

2023 4776 2187 4815 mune
2226 4771 2641 4832 argumentum,
2684 4761 3038 4830 eamdemque
3085 4760 3319 4830 Spiritus
3361 4774 3587 4814 concor-

2021 4854 2187 4906 diam.
2220 4849 2433 4905 Etenim
2469 4850 2608 4905 sicnt
2634 4866 2698 4905 ea
2730 4866 2851 4920 quae
2894 4853 2948 4905 in
2978 4851 3099 4906 aliis
3140 4859 3357 4906 exstant
3390 4851 3543 4904 libris
3567 4890 3584 4915 ,

2025 4947 2079 5000 in
2114 4946 2217 5002 hoc
2256 4946 2494 5017 reperire
2526 4945 2688 5001 licet:
2718 4946 2792 4999 ita
2830 4958 2950 5015 quae
2979 4944 3033 4998 in
3058 4944 3162 4998 boc
3189 4954 3348 5008 sunt,
3376 4946 3429 4998 in
3466 4944 3587 4997 aliis

2026 5052 2397 5106 saepenumero
2427 5036 2795 5091 inveniuntur.
2827 5033 2962 5089 Nam
2998 5045 3052 5089 et
3074 5036 3284 5107 Moyses
3317 5034 3590 5088 canticum

2025 5127 2338 5189 conscribit,
2384 5136 2438 5181 et
2484 5126 2650 5181 Isaias
2695 5126 2863 5189 canit,
2895 5133 2948 5180 et
2981 5126 3277 5179 Ambacum
3306 5137 3429 5177 cum
3458 5138 3589 5177 can-

2026 5219 2132 5273 tico
2164 5227 2433 5287 precatur.
2461 5214 2701 5271 Rursum
2731 5215 2783 5269 in
2808 5215 3049 5285 quolibet
3093 5215 3230 5268 libro
3281 5212 3461 5266 videre
3507 5224 3590 5269 est

2025 5310 2357 5382 prophetias,
2386 5308 2750 5378 lcgislaliones
2778 5318 2833 5362 et
2859 5307 3116 5361 historias
3138 5322 3153 5369 ;
3179 5305 3318 5359 idem
3352 5319 3589 5375 namque

2027 5404 2262 5473 Spiritus
2293 5412 2377 5459 est
2416 5404 2470 5457 in
2515 5402 2802 5464 omnibus,
2838 5412 2891 5454 et
2936 5396 3229 5452 secundum
3264 5396 3588 5451 divisionem

2027 5497 2145 5566 ejus
2188 5497 2240 5551 in
2290 5495 2516 5567 singulis
2556 5493 2788 5561 factam,
2838 5489 3212 5559 unusquisque
3262 5489 3441 5544 datam
3489 5490 3595 5547 sibi
