3944 6220
286 323 360 379 .Sl
1448 322 1783 379 EPISTULA
1822 322 1916 377 AD
1955 323 2479 381 MARCELLINUM.
3492 326 3559 384 2‘3

306 435 676 507 παράγγελμα
735 451 856 491 εστι
911 436 972 490 τὺ
1025 436 1323 507 μετανοεῖν*
1376 437 1438 491 τὸ
1489 438 1547 490 δὲ
1605 437 1886 508 μετανοεῖν

2010 438 2148 494 nalis
2172 440 2243 495 sit
2265 439 2651 495 abstinendum
2693 441 3016 511 exprimitur
3046 463 3058 496 :
3094 442 3325 512 exempli
3354 459 3517 499 causa
3542 487 3557 510 ,

309 523 566 579 παύεσθαι
584 527 695 595 τῆς
727 526 1001 596 ἁμαρτίας
1051 525 1219 579 ἐστίν·
1252 525 1486 579 ὶνταῦθα
1514 525 1570 579 δὲ
1619 525 1715 578 καὶ
1770 523 1886 586 πῶς

317 614 605 683 μετανοεῖν,
635 613 741 667 καὶ
782 614 835 666 τί
870 613 949 667 δεῖ
979 613 1157 681 λέγειν
1191 614 1283 667 ἐπὶ
1319 617 1386 686 τῇ
1423 614 1706 685 μετανοίᾳ,
1728 614 1886 666 τετύ-

316 719 505 756 mas.
536 702 655 755 Καὶ
675 702 842 756 πάλιν
892 703 1111 774 εἴρηκεν
1149 703 1430 768 ὁΠαῦλος·
1481 704 1543 759 Ἡ
1581 705 1786 773 θλίψις
1814 702 1890 773 τῇ

318 791 483 864 ψυχῇ
514 794 841 863 ὑπομονὴν
869 793 1296 865 κατεργάζεται,
1325 796 1363 863 ἡ
1394 795 1463 849 δὲ
1493 795 1767 865 ὑπομονὴ
1801 795 1890 849 δο-

319 886 517 957 κιμὴν,
548 887 589 955 ἡ
619 887 691 942 δὲ
720 887 935 958 δοκιμὴ
983 889 1223 953 ἐλπίδα,
1261 890 1301 958 ἡ
1325 888 1394 942 δὲ
1436 889 1613 955 ἐλπὶς
1642 890 1714 943 οὐ
1751 905 1889 942 κατ-

317 980 612 1049 αισχύνει.
676 981 764 1034 Ἐν
783 981 841 1035 δὲ
868 984 980 1045 τοῖς
1002 982 1253 1053 Ψαλμοῖς
1296 982 1403 1036 καὶ-
1432 980 1548 1047 πῶς
1594 980 1675 1035 δεῖ
1706 980 1892 1052 φέρειν

316 1071 412 1136 τὰς
440 1071 671 1142 θλίψεις,
700 1073 794 1128 καὶ
812 1074 865 1126 τί
892 1073 1204 1146 θλιϐόμενον
1226 1074 1307 1128 δεῖ
1331 1073 1530 1143 λέγειν,
1553 1073 1648 1127 καὶ
1671 1073 1725 1127 τί
1757 1073 1894 1142 μετὰ

319 1161 415 1225 τὰς
444 1162 672 1232 θλίψεις,
695 1162 795 1216 καὶ
834 1161 953 1226 rubr;
1008 1162 1235 1225 ἕκαστος
1289 1160 1660 1233 δοκιμάζεται,
1695 1160 1791 1219 καὶ
1816 1160 1895 1214 τί-

320 1268 406 1315 νες
429 1253 479 1305 οί
503 1251 655 1320 λόγοι
686 1250 794 1305 τῶν
819 1251 1144 1316 ἐλπιζόντων
1180 1252 1274 1305 ἐπὶ
1328 1250 1552 1323 Κύριον,
1585 1249 1893 1322 γέγραπται

200 1416 203 1425 λ
321 1344 412 1398 καὶ
441 1343 801 1413 κεχάρακται.
847 1342 1014 1398 Πάλιν
1065 1360 1124 1397 τε
1168 1343 1357 1415 ἐντολή
1417 1344 1566 1397 ἐστιν
1616 1346 1674 1396 δν
1730 1341 1896 1396 παντὶ

320 1436 680 1506 εὐχαριστεῖν·
708 1434 845 1488 ἀλλὰ
868 1435 962 1489 καὶ
998 1434 1050 1488 τί
1076 1436 1156 1489 δεῖ
1213 1434 1393 1505 λέγειν
1443 1431 1896 1505 εὐχαριστοῦντας

322 1524 662 1578 διδάσκουσιν
692 1525 743 1577 οἱ
772 1523 1011 1596 Ψαλμοί.
1040 1520 1172 1579 Εἶτα
1194 1527 1323 1596 παρ’
1359 1523 1561 1597 ἑτέρων
1585 1523 1895 1585 ἀκούοντες

325 1616 488 1671 Ὅσοι
524 1616 812 1672 θέλουσιν
837 1616 1100 1685 εὐσεϐῶς
1130 1616 1238 1687 ζῇν
1268 1617 1722 1689 διωχθήσονται,
1748 1614 1901 1686 παρὰ

323 1706 526 1761 τούτων
554 1707 940 1780 διδασκόμεθα,
969 1711 1064 1765 καὶ
1096 1709 1212 1774 πῶς
1233 1709 1314 1764 δεῖ
1349 1709 1648 1780 φεύγοντας
1680 1711 1894 1779 φωνεῖν,

325 1798 594 1863 καὶτίνας
621 1799 979 1873 διωκομένους
1007 1803 1101 1856 καὶ
1127 1801 1265 1873 μετὰ
1288 1801 1382 1855 τὸν
1410 1801 1644 1872 διωγμὸν
1677 1799 1900 1873 ρυσθέν-
1930 1792 1974 1848 Β

321 1909 418 1956 τας
462 1892 547 1947 δεῖ
585 1892 778 1962 λόγους
808 1893 1101 1967 ἀναφέρειν
1124 1892 1204 1964 τῷ
1224 1892 1362 1965 Θεῷ.
1392 1893 1648 1962 Εὐλογεῖν
1682 1908 1901 1963 παραγ·-

322 1985 622 2057 γελλόμεθα
685 1987 778 2041 τὸν
819 1987 1048 2058 Κύριον,
1102 1987 1196 2040 καὶ
1246 1984 1689 2058 ἐξομολογεῖσθαι
1730 1984 1898 2056 αὐτῷ’

323 2077 435 2131 ἀλλ’
465 2080 524 2131 εν
566 2079 677 2141 τοῖς
719 2078 969 2149 Ψαλμοῖς
999 2077 1317 2149 τυπούμεθα
1355 2076 1473 2141 πῶς
1508 2094 1570 2131 τε
1629 2078 1795 2131 αἰνεῖν
1823 2076 1903 2130 δεῖ

322 2170 411 2223 τὸν
443 2169 671 2242 Κύριον,
695 2171 788 2224 καὶ
817 2170 940 2225 τίνα
1006 2170 1228 2242 ῥήματα
1278 2169 1530 2239 λέγοντες
1552 2167 1905 2241 ἐξομολογού-

327 2261 464 2330 μεθα
492 2262 833 2333 πρεπόντως.
861 2261 973 2315 Καὶ
1021 2262 1106 2330 ἐφ’
1133 2261 1366 2317 ἑκάστου
1406 2261 1465 2315 δέ
1505 2279 1589 2326 τις
1637 2261 1810 2326 οὕτως
1836 2260 1923 2328 ἂν,

325 2351 473 2424 εὖροι
503 2353 605 2417 τὰς
624 2353 775 2416 θείας
803 2352 965 2425 ᾠδάς,
993 2353 1130 2425 πρὸς
1150 2354 1299 2424 ἡμᾶς
1333 2352 1429 2408 καὶ
1481 2353 1638 2425 ἡμῶν
1663 2355 1904 2426 κινήσεις

326 2448 421 2502 καὶ
458 2448 819 2512 καταστάσεις
847 2446 1127 2519 κειμένας.

396 2637 483 2683 ια’.
516 2630 631 2684 Καὶ
654 2629 764 2703 γὰρ
786 2629 879 2684 καὶ
936 2629 1096 2684 τοῦτο
1134 2629 1436 2703 παράδοξόν
1488 2629 1604 2683 ἐστι
1647 2629 1809 2683 πάλιν
1846 2630 1904 2685 ὲν

325 2725 434 2787 τοῖς
460 2722 734 2794 Ψαλμοῖς,
764 2724 846 2777 δτι
872 2724 930 2775 ὲν
961 2722 1058 2794 μὲν
1105 2725 1226 2787 ταῖς
1271 2722 1461 2786 ἄλλαις
1518 2720 1720 2794 βίϐλοις
1761 2721 1797 2776 ἃ
1821 2720 1907 2775 λέ-

331 2830 516 2882 γουσιν
543 2816 592 2868 οῖ
654 2815 820 2883 ἅγιοι,
869 2814 965 2869 καὶ
992 2813 1120 2885 περὶ
1143 2807 1217 2869 ὧν
1246 2813 1312 2868 ἂν
1352 2814 1573 2883 λέγωσι,
1607 2813 1782 2879 ταῦτα
1813 2812 1907 2867 καὶ

328 2905 377 2958 oi
400 2905 888 2976 ἀναγινώσκοντες,
916 2906 1043 2976 περὶ
1075 2898 1149 2960 ὧν
1176 2907 1358 2960 ὲκεῖνα
1380 2906 1708 2976 γέγραπται,
1735 2906 1909 2973 άπαγ-

330 2996 607 3065 γέλλοντές
651 2998 807 3051 εἰσιν·
862 2997 917 3051 οῖ
959 3013 1019 3050 τε
1081 2996 1387 3072 ἀκούοντες.
1433 2995 1628 3061 ἄλλους
1683 2995 1907 3059 ἑαυτοὺς

1989 530 2297 600 praccipitur
2321 531 2674 601 poenitentia;
2717 532 3037 603 ptenitentia
3064 543 3245 590 autem
3267 542 3352 589 est
3380 549 3560 592 cessa-

1991 622 2067 676 tio
2099 637 2129 676 a
2158 631 2407 690 peccato;
2453 622 2507 677 in
2546 623 2649 678 hoc
2693 632 2876 679 autem
2919 624 3060 680 libro
3087 641 3196 696 qua
3234 625 3449 682 ratione
3492 627 3574 683 sit.

1989 709 2396 778 pmnitendum,
2430 720 2483 766 et
2533 711 2733 782 quibus
2775 712 2830 767 in
2878 712 3196 784 pcenitentia
3248 715 3431 770 verbis
3482 716 3561 769 uti

1991 811 2258 872 Oporteat,
2283 802 2560 859 edocetur.
2590 803 2830 859 Rursum
2863 804 2940 859 ait
2966 802 3217 863 Paulus:
3264 803 3577 861 Tributatio.

1991 894 2303 962 patientiam
2354 906 2605 964 operatur
2630 936 2646 962 ,
2696 895 2971 964 patientia.
3000 912 3118 953 vero
3161 896 3523 966 probationem
3544 938 3562 963 ,

1991 984 2232 1054 probatio
2260 996 2432 1041 autem
2455 1002 2617 1056 spem,
2649 1003 2762 1056 spes
2784 995 2960 1045 autem
2985 1003 3085 1046 non
3116 987 3391 1057 confundit
3409 986 3475 1042 “.
3502 985 3570 1043 In

1992 1078 2225 1135 Psalmis
2251 1094 2381 1134 vero
2404 1080 2666 1150 scriptum
2692 1094 3121 1150 expressumque
3147 1088 3251 1146 est,
3284 1081 3561 1151 quomodo

1995 1170 2225 1225 tolerare
2263 1178 2508 1240 oporteat
2537 1170 2935 1235 tribulationes,
2961 1172 3091 1240 quid
3118 1172 3435 1236 tribulatum
3475 1172 3557 1226 di-

1995 1275 2120 1316 cere
2146 1276 2245 1331 par
2272 1261 2364 1326 sit,
2404 1262 2534 1332 quid
2579 1260 3123 1343 posttribulationes
3145 1301 3163 1327 ,
3208 1277 3317 1333 qua
3352 1261 3575 1323 ratione,

1995 1352 2228 1423 quisque
2252 1353 2532 1422 probetur,
2557 1354 2780 1425 quinam
2811 1353 2927 1408 sint.
2950 1366 3227 1417 sermones
3244 1367 3446 1417 reorum
3470 1353 3582 1423 qui

1996 1451 2220 1512 sperant
2259 1442 2315 1497 in
2346 1441 2663 1510 Dominum._
2692 1442 3026 1519 Praeceptum
3069 1444 3221 1502 item.
3241 1451 3325 1499 est
3354 1443 3412 1499 in
3442 1458 3567 1499 om-

1997 1536 2159 1590 nibus
2187 1534 2392 1605 gratias
2430 1550 2590 1616 agere
2615 1534 2765 1601 "sat
2794 1534 2989 1591 docent
3031 1534 3236 1591 Psalmi
3270 1534 3436 1607 quid,
3474 1537 3569 1606 qui

1998 1627 2201 1698 gratias
2241 1626 2372 1702 agit,
2402 1626 2549 1696 loqui
2576 1624 2791 1682 debeat.
2822 1625 3026 1684 Deinde
3057 1643 3182 1683 cum
3210 1628 3280 1683 ab
3311 1627 3435 1684 aliis
3471 1643 3571 1683 au—

1998 1717 2246 1773 diamus:
2268 1716 2578 1797 Quicunque
2605 1719 2689 1789 pie
2715 1717 2894 1772 volunt
2918 1719 3083 1773 vivere
3110 1719 3166 1774 in
3189 1716 3424 1785 Christo,
3452 1734 3575 1789 per-

2000 1794 2618 1878 nationem-patientur
2663 1809 2740 1876 ",
2775 1824 2808 1865 a
2844 1808 3080 1866 Psalmis
3120 1810 3411 1866 edocemur
3436 1811 3571 1881 quid

2002 1897 2271 1982 fugientes
2304 1900 2483 1957 dicere
2509 1910 2799 1972 oporteat,
2836 1902 3025 1973 quales
3058 1902 3116 1958 in
3154 1904 3535 1974 persecutione
3555 1945 3570 1970 ,

2000 1991 2191 2073 quales
2235 2000 2360 2062 post
2412 1993 2848 2063 persecutionem
2902 1994 3076 2065 erepti
3126 1991 3241 2052 Deo
3292 2010 3575 2053 sermones

2001 2076 2244 2147 proferre
2277 2078 2593 2136 debeamus.
2638 2079 2902 2137 Jubemur
2935 2081 3169 2138 Domino
3212 2083 3533 2142 benedicere
3555 2127 3574 2153 .

2000 2166 2233 2225 Domino
2260 2169 2540 2239 conﬁteri;
2576 2179 2632 2225 at
2677 2171 2734 2227 in
2785 2171 3021 2230 Psalmis
3061 2172 3424 2232 informamur
3464 2193 3577 2249 qua

2001 2261 2215 2317 ratione
2253 2260 2426 2318 Deum
2470 2263 2696 2320 laudare
2725 2272 3013 2335 oporteat,
3057 2267 3367 2340 quibusque
3394 2271 3577 2327 verbis

2000 2352 2256 2409 decenter
2299 2348 2679 2410 conﬁteamur.
2729 2354 2873 2423 Quin
2923 2368 2979 2413 et
3022 2359 3253 2431 singulis
3301 2362 3355 2416 in
3413 2361 3580 2420 rebus

2002 2445 2237 2516 quisque
2265 2446 2502 2516 reperiet
2530 2446 2713 2503 divina
2742 2448 2956 2505 cantica
2995 2449 3063 2506 ad
3107 2466 3208 2509 nos
3247 2461 3581 2525 nostrosque

2002 2544 2187 2592 motus
2214 2544 2576 2608 motuumque
2603 2539 3025 2609 temperationes
3048 2543 3480 2602 accommodata.

2074 2628 2164 2685 11.
2192 2627 2406 2684 Etenim
2435 2629 2543 2686 hoc
2565 2645 2787 2701 quoque
2814 2647 3008 2689 rursus
3053 2633 3108 2690 in
3134 2633 3373 2694 Psalmis
3399 2635 3580 2692 admi-

2002 2720 2256 2786 randum,
2279 2720 2423 2791 quod
2453 2719 2508 2774 in
2539 2719 2661 2775 aliis
2691 2720 2908 2790 quidem
2934 2721 3119 2790 libris,
3155 2738 3276 2795 qua:
3301 2723 3479 2781 sancti
3513 2725 3582 2780 de

2002 2810 2328 2882 quibusdam
2363 2811 2589 2877 dicunt,
2617 2811 2734 2868 haec
2775 2812 2894 2884 ipsa
2925 2814 3019 2886 qui
3051 2814 3273 2887 legunt,
3297 2815 3366 2871 ad
3387 2830 3484 2871 eos
3513 2816 3583 2872 de

2003 2901 2204 2974 quibus
2261 2901 2519 2959 dicuntur
2572 2903 2846 2970 referant;
2896 2914 2952 2964 et
2994 2907 3089 2979 qui
3145 2908 3408 2974 audiunt,
3462 2922 3583 2965 sese

2004 2995 2144 3052 alios
2188 2995 2504 3053 existiment
2546 2996 2616 3053 ab
2655 2997 2724 3054 iis
2758 2999 2826 3056 de
2867 3000 3069 3071 quibus
3111 3016 3291 3057 sermo
3330 3000 3583 3069 habetur,

329 3089 551 3143 ἐκείνων
595 3087 877 3160 ἡγοῦνται,
910 3089 1040 3158 napi.
1086 3082 1160 3143 ὧν
1193 3091 1222 3142 ὁ
1273 3088 1431 3161 λόγος
1476 3090 1633 3159 φησὶ,
1682 3087 1777 3140 καὶ
1808 3085 1905 3151 τάς

2010 3087 2083 3143 ita
2117 3095 2180 3142 ut
2218 3102 2340 3158 qua:
2372 3098 2524 3160 gesta
2549 3089 2807 3147 dicuntur
2830 3133 2847 3159 ,
2886 3090 3234 3147 admirationi
3273 3092 3450 3149 solum
3481 3093 3584 3151 lia-

330 3180 803 3252 ὲπαγγελλομένας
847 3181 903 3234 δὲ
923 3179 1172 3254 πράξεις,
1200 3180 1327 3252 ἄχρι
1357 3178 1453 3233 τοῦ
1493 3179 1791 3251 θαυμάζειν
1813 3180 1909 3233 καὶ

2012 3180 2175 3236 beant
2203 3189 2257 3241 et
2289 3181 2555 3239 imitanda
2600 3183 2705 3241 sibi
2735 3192 3060 3255 proponant.
3096 3184 3165 3239 At
3192 3183 3395 3243 librum
3419 3183 3603 3242 istum.

331 3272 523 3344 ζηλοῦν
552 3274 743 3341 αὐτὰς,
776 3275 856 3340 εἰς
895 3274 955 3329 τὸ
986 3273 1267 3346 μιμεῖσθαι
1296 3273 1560 3342 γίνονται.
1607 3270 1825 3343 Ταύτην
1852 3271 1910 3325 δὲ

334 3365 510 3435 βίϐλον
528 3366 558 3418 ὁ
581 3365 875 3436 λαμϐάνων
906 3367 1006 3430 τὰς
1050 3367 1148 3437 μὲν
1177 3367 1305 3437 περὶ
1343 3364 1438 3418 τοῦ
1468 3364 1718 3435 Σωτῆρος
1776 3381 1911 3435 προ-

334 3458 559 3529 φητείας
581 3459 827 3528 συνήθως
852 3461 909 3512 ὲν
943 3460 1063 3522 ταῖς
1111 3457 1299 3522 ἄλλαις
1332 3459 1575 3529 Γραφαῖς
1618 3456 1913 3528 θαυμάζων

333 3550 423 3602 καὶ
447 3549 773 3622 προσκυνῶν
793 3550 1145 3623 διεξέρχεται,
1177 3552 1303 3614 τοὺς
1330 3550 1388 3604 δὲ
1416 3550 1635 3622 ἑτέρους
1667 3549 1915 3622 ψαλμοὺς

334 3642 407 3704 ὡς
440 3642 604 3706 ἰδίους
627 3643 786 3707 ὄντας
816 3642 1007 3719 λόγους
1055 3642 1438 3712 ἀναγινώσκειο
1497 3642 1593 3697 καὶ
1645 3643 1674 3696 δ
1705 3641 1917 3696 ἁκούων

335 3735 388 3788 δὲ
414 3737 490 3799 ὡς
528 3735 690 3799 αὐτὸς
721 3734 896 3804 λέγων
945 3735 1364 3802 κατανύσσεται,
1393 3734 1489 3789 καὶ
1519 3734 1919 3791 συνδιατίθεται

337 3827 445 3890 τοῖς
476 3826 585 3880 τῶν
622 3826 775 3897 ᾠδῶν
808 3828 1066 3899 ῥήμασιν,
1116 3827 1191 3891 ὡς
1223 3827 1359 3881 ἰδίαν
1411 3826 1580 3882 δντων
1616 3826 1783 3882 αὐτοῦ
1821 3828 1917 3899 (9).

339 3919 641 3991 Σαφηνείας
664 3919 729 3972 δὲ
749 3920 907 3991 χάριν
939 3920 1040 3973 ούκ
1088 3918 1367 3990 ὀκνητέον,
1414 3919 1558 3974 κατὰ
1599 3921 1692 3974 τὸν
1737 3920 1917 3994 μακά-

341 4026 452 4082 ριον
521 4009 868 4075 ’Δπόστολον,
928 4009 1340 4064 ὲπαναλαϐόντα
1393 4010 1455 4064 τὸ
1517 4011 1648 4064 αὐτὸ
1717 4010 1915 4079 λέγειν.

339 4101 585 4155 Πλεῖστοι
621 4101 771 4171 λόγοι
796 4101 906 4155 τῶν
928 4100 1281 4175 πατριαρχῶν
1314 4103 1421 4156 εισι
1442 4144 1456 4169 ,
1487 4104 1582 4156 xal.
1617 4101 1738 4157 ῐδιοι
1788 4103 1921 4174 παρ’

339 4195 511 4249 αὐτῶν
572 4194 871 4268 εἰρημένοι·
929 4196 1025 4249 καὶ
1080 4195 1324 4266 Μωῦσῆς
1368 4195 1567 4259 ἐλάλει,
1617 4197 1646 4248 ό
1675 4194 1732 4247 δὲ
1790 4194 1922 4258 Θεὸς

340 4288 691 4360 ἀπεκρίνατο·
746 4287 928 4351 Ἠλίας
978 4304 1040 4341 τε
1088 4288 1185 4342 καὶ
1223 4288 1525 4351 Ἐλισσαῖος
1562 4288 1654 4341 ἐπὶ
1677 4287 1738 4340 τὸ
1771 4289 1924 4358 Καρ-

345 4379 530 4455 μήλιον
557 4379 683 4451 ὅρος
706 4378 1002 4450 καθήμενοι
1053 4380 1414 4435 ἐπεκαλοῦντο
1446 4380 1537 4433 τὸν
1569 4379 1794 4450 Κύριον,
1828 4380 1924 4433 καὶ

2009 3272 2106 3342 qui
2138 3273 2326 3339 sumit,
2376 3275 2690 3347 prophetias
2723 3274 2941 3346 quidem
2978 3275 3046 3330 de
3091 3273 3404 3344 Salvatore,
3434 3283 3496 3332 ut
3531 3276 3587 3332 in

2012 3364 2136 3421 aliis
2186 3364 2488 3437 Scripturis
2538 3381 2692 3422 more
2740 3366 2902 3422 solito
2945 3381 3070 3422 cum
3127 3366 3486 3425 admiratione
3531 3374 3589 3423 et

2012 3458 2327 3515 adoratione
2373 3458 2642 3528 percurrit
2681 3475 2696 3513 :
2750 3456 2887 3514 alios
2929 3473 3060 3514 vero
3102 3460 3343 3530 psalmos
3367 3499 3383 3525 ,
3428 3460 3589 3530 quasi

2013 3551 2266 3621 proprios
2296 3549 2400 3605 sibi
2442 3564 2727 3606 sermones
2763 3550 2932 3621 legit;
2968 3550 3061 3622 qui
3101 3559 3282 3608 autem
3316 3550 3588 3615 audierit.

2016 3642 2174 3714 quasi
2229 3642 2345 3697 haec
2399 3640 2590 3697 eadem
2638 3641 2753 3713 ipse
2806 3640 3116 3712 proferret,
3163 3641 3587 3712 compungitur,

2018 3743 2179 3803 atque
2208 3733 2285 3787 ita
2314 3733 2649 3789 canticorum
2693 3731 2875 3787 verbis
2903 3731 3156 3798 aiiicitnr,
3183 3731 3341 3803 quasi
3373 3746 3472 3787 sua
3502 3746 3591 3786 es-

2020 3832 2160 3879 sent.
2208 3822 2602 3895 Expiicationis
2642 3838 2844 3889 causa,
2889 3839 2958 3879 ne
2986 3839 3310 3893 gravemur,
3344 3823 3593 3892 exemplo
3701 3833 3703 3835 ‘

2020 3916 2163 3971 beati
2192 3916 2346 3971 Pauli
2373 3917 2636 3987 apostoli,
2656 3916 2890 3986 idipsum
2916 3925 3178 3986 repetere.
3202 3915 3443 3972 Plurima
3465 3924 3622 3977 sunt.

2020 4005 2455 4076 patriarcharum
2499 4005 2664 4060 verba
2704 4005 2838 4075 ipsis
2874 4005 3093 4074 propria
3150 4022 3164 4059 :
3205 4019 3331 4060 nam
3380 4002 3623 4076 Moyses,

2021 4097 2365 4167 loquebatur,
2399 4106 2454 4153 et
2486 4095 2631 4153 Deus
2668 4096 3027 4167 respondebat
3052 4114 3081 4164 ;,
3100 4094 3254 4154 Eiias
3285 4105 3340 4153 et
3366 4095 3615 4154 Eiisaeus.

2022 4187 2078 4242 in
2112 4186 2364 4243 Carmelo
2389 4194 2576 4243 monte
2622 4186 2872 4243 sedentes
2904 4185 3195 4243 Dominum
3231 4187 3588 4251 invocabant,

2023 4276 2385 4348 dicebantque
2407 4292 2620 4347 semper
2652 4295 2671 4333 ι
2706 4277 2843 4332 Vivit
2880 4277 3160 4347 Dominus,
3200 4279 3256 4333 in
3292 4278 3443 4349 cujus
3473 4295 3596 4334 con-

2024 4378 2203 4443 spectu
2232 4369 2381 4425 astiti
2404 4369 2558 4424 hodie
2590 4368 2654 4422 ¹¹⁵.
2684 4367 2933 4424 Aliorum
2962 4370 3091 4425 item
3123 4377 3437 4425 sanctorum
3466 4383 3596 4441 pro-

340 4469 425 4522 a’tsl.
453 4468 673 4537 ἔλεγονοι
705 4466 793 4537 Ζῇ
815 4470 1051 4538 Κύριος,
1085 4462 1134 4536 ᾧ
1182 4469 1493 4538 παρέστην
1518 4467 1775 4526 ἐνώπιον
1818 4469 1909 4522 αὺ-

2025 4463 2314 4532 phetarum
2362 4460 2529 4515 verba
2588 4461 2644 4515 in
2694 4460 2888 4531 primis
2949 4460 3168 4530 quidem
3212 4460 3279 4516 de
3316 4459 3598 4515 Salvatore

342 4559 444 4614 τοῦ
488 4558 779 4630 σήμερον.
815 4560 882 4614 Οἵ
932 4578 995 4614 τε
1045 4560 1155 4615 τῶν
1183 4561 1357 4615 ἄλλων
1403 4560 1573 4630 ἁγίων
1624 4558 1921 4637 προφητῶν

341 4650 495 4720 λόγοιν
516 4652 918 4725 προηγούμενοι
948 4653 1046 4724 μέν
1102 4656 1239 4707 εἰσιν
1282 4654 1333 4706 ot
1372 4652 1498 4724 περὶ
1529 4650 1622 4711 τοῦ
1644 4651 1916 4722 Σωτῆρος·

343 4740 530 4796 ἔπειτα
557 4741 615 4795 δὲ
637 4742 732 4796 καὶ
759 4741 998 4797 πλεῖστοι
1025 4744 1279 4813 γεγόνασι
1307 4745 1419 4807 τοῖς
1439 4759 1498 4796 τε
1524 4741 1699 4796 ἔθνεσι
1725 4742 1820 4796 καὶ
1844 4740 1920 4813 τῷ

357 4832 590 4905 Ἰσραήλ.
614 4833 723 4887 Καὶ
755 4834 903 4905 ὅμως
931 4835 1107 4899 οὐδεὶς
1141 4835 1266 4888 οὔτε
1298 4834 1407 4889 τῶν
1453 4833 1804 4908 πατριαρχῶν
1827 4833 1919 4887 λό-

345 4941 471 4995 γους
503 4925 581 4988 ὡς
616 4924 780 4989 ἰδίους
806 4926 871 4980 ἄν
897 4944 1027 4980 ποτε
1052 4927 1216 4993 εἴποι,
1247 4925 1373 4980 οὔτε
1413 4926 1674 4998 τολμήσοι
1700 4943 1784 4990 τις
1835 4945 1924 4995 μι-

349 5016 625 5086 μήσασθαι
658 5017 754 5071 καὶ
775 5018 949 5071 εἰπεῖν
986 5019 1055 5072 τά
1080 5018 1363 5082 Μωῦσέως
1392 5017 1499 5072 ῖδια
1527 5019 1771 5090 ῥήματα,
1801 5018 1922 5078 οὐδὲ

345 5107 438 5186 τοῦ
478 5107 730 5180 Ἁϐραάμ
765 5109 892 5181 περὶ
937 5108 1031 5162 τοῦ
1061 5108 1370 5181 οίκογενοῦς
1416 5109 1509 5162 καὶ
1567 5108 1660 5162 τοῦ
1696 5108 1923 5181 Ἰσμαὴλ

348 5196 518 5252 καὶτὰ
542 5198 795 5270 περὶτοῦ
822 5200 1057 5272 μεγάλου
1091 5200 1294 5265 Ἰσαάκ,
1351 5199 1453 5253 κᾶν
1507 5202 1539 5271 ἡ
1591 5200 1731 5271 αὐτὴ
1764 5199 1922 5271 χρεία

346 5288 470 5342 τινὰ
496 5290 593 5344 καὶ
615 5290 829 5363 ἀνάγκη
855 5290 1159 5364 καταλάϐῃ,
1193 5291 1465 5362 τολμήσας
1500 5290 1564 5344 ἄν
1585 5307 1668 5354 τις
1708 5290 1784 5354 ὡς
1816 5290 1923 5343 ἴδια

347 5379 512 5433 εἴποι.
550 5380 650 5434 Ἂν
672 5380 730 5434 δὲ
760 5381 856 5434 καὶ
886 5380 1183 5453 συμπάσχῃ
1209 5397 1294 5442 τις
1346 5382 1457 5441 τοῖς
1508 5379 1796 5448 πάσχουσι,
1830 5377 1925 5431 καὶ

349 5469 516 5524 πόθον
546 5469 679 5524 ποτὲ
712 5469 854 5541 λάϐῃ
887 5468 984 5523 τοῦ
1009 5469 1337 5541 κρείττονος,
1368 5467 1552 5522 οΰποτ’
1596 5467 1660 5521 ἂν
1687 5467 1830 5521 εῖποι
1851 5468 1927 5531 ὡς

420 5582 462 5615 ’⁸
491 5581 650 5639 Rom.
682 5598 735 5645 ν,
774 5583 891 5638 3.5.
1005 5582 1045 5614 ¹¹
1081 5581 1313 5636 iThess.
1351 5597 1402 5648 ν,
1439 5581 1525 5637 l8.

352 5665 547 5720 Xxxm,
572 5654 660 5709 15.
735 5654 780 5685 ⁸⁸
805 5651 975 5706 Exod.
1009 5662 1169 5713 χχιιι,
1194 5652 1282 5706 5‘2.

427 5742 499 5813 (9)
550 5736 719 5800 ’ἰδίων
746 5744 912 5799 αὐτοῦ
938 5743 1122 5799 ὄντων.

1623 5581 1666 5612 ¹³
1701 5578 1743 5635 ii
1774 5579 1916 5636 Tim.
1963 5595 2045 5651 ιιι,
2090 5582 2172 5640 12.

2028 4560 2158 4608 sunt
2183 4570 2197 4607 :
2229 4552 2424 4608 deinde
2448 4552 2683 4623 plurima
2712 4552 2856 4608 dicta
2879 4562 3008 4608 sunt
3036 4552 3287 4623 gentibus
3312 4561 3366 4608 et
3388 4551 3594 4609 lsraeli.

2026 4647 2280 4702 Attamen
2328 4661 2490 4701 nemo
2524 4660 2769 4717 unquam
2815 4645 3253 4716 patriarcharum
3294 4645 3491 4711 verba,
3538 4654 3601 4701 ut

2027 4738 2131 4794 sibi
2166 4738 2385 4810 propria
2412 4738 2629 4796 locutus
2664 4737 2827 4793 fuerit
2852 4756 2867 4792 :
2904 4752 3080 4808 neque
3099 4737 3304 4810 Moysis
3331 4737 3517 4804 verba,
3538 4744 3600 4794 ut

2027 4827 2246 4899 propria
2272 4828 2475 4884 imitari
2508 4828 2863 4900 proferreque
2904 4844 3073 4885 ausus
3096 4827 3280 4896 fuerit,
3298 4844 3397 4886 nec
3422 4828 3598 4885 Abra-

2027 4921 2176 4976 hami
2204 4921 2270 4976 de
2297 4936 2487 4987 verna,
2512 4930 2567 4977 et
2593 4921 2661 4978 de
2686 4919 2933 4986 lsmaele,
2974 4929 3029 4977 et
3058 4920 3127 4976 de
3155 4935 3354 4993 magno
3377 4918 3596 4984 Isaaco,

2028 5009 2282 5079 quamvis
2311 5010 2503 5065 eadem
2533 5010 2650 5080 ipsa
2691 5010 3021 5065 necessitate
3052 5018 3348 5081 prematur.
3400 5007 3507 5063 Nec
3550 5007 3603 5065 si

2029 5101 2155 5171 quis
2184 5102 2514 5172 patientibus
2542 5102 2903 5172 compatiatur
2927 5140 2943 5167 ,
2986 5109 3082 5158 aut
3125 5101 3204 5157 rei
3237 5098 3476 5155 melioris
3507 5100 3603 5153 de-

2030 5193 2236 5250 siderio
2262 5203 2546 5260 teneatur,
2578 5209 2821 5266 unquam
2861 5195 3060 5251 dixerit
3103 5202 3163 5249 ut
3199 5191 3413 5262 Moyses
3445 5205 3459 5243 :
3502 5188 3605 5246 θι-

2032 5283 2182 5336 tende
2225 5284 2353 5337 mihi
2394 5286 2614 5356 teipsum
2639 5286 2682 5319 “
2710 5302 2726 5352 ;
2773 5285 2893 5352 vel,
2922 5285 2984 5340 Si
3026 5283 3237 5354 quidem
3266 5282 3492 5336 remittis
3526 5283 3601 5337 eis

2032 5382 2303 5442 peccatum
2349 5392 2566 5443 eorum,
2612 5378 2854 5442 remitte;
2889 5377 2973 5431 sin
3011 5374 3218 5438 minus,
3257 5372 3372 5429 dele
3417 5388 3499 5427 me
3539 5373 3604 5428 ds

2034 5464 2171 5519 libro
2219 5476 2328 5535 tuo,
2375 5485 2526 5539 quem
2572 5469 2835 5539 scripsisti
2864 5468 2924 5520 “.
2977 5466 3084 5521 Sed
3131 5480 3232 5523 nec
3266 5465 3625 5537 quisquam..

2280 5585 2322 5617 "
2352 5583 2417 5641 lli
2438 5585 2569 5657 Reg.
2596 5600 2726 5652 xm,
2759 5586 2821 5650 t;
2848 5579 2917 5637 iV
2948 5578 3200 5652 Remi".
3224 5579 3313 5637 il.
3365 5577 3407 5611 "
3427 5576 3627 5644 Exodg
