3944 6220
325 318 398 374 23
1171 317 1230 372 S.
1280 317 1649 374 ATIIANASII
1690 319 1837 376 OPP.
1881 320 2062 377 PARS
2102 319 2189 374 Ill.
2232 353 2298 362 -
2337 319 2746 378 EXEGETICA.
3480 321 3552 377 24

325 433 712 504 prophetarum
738 433 900 491 verba
931 443 988 490 ut
1020 437 1236 506 propria
1263 453 1557 507 usurpans,
1593 438 1680 493 liis
1710 454 1890 508 repre-

1996 439 2260 510 Μωῦσῆςο
2310 439 2675 508 Ἐμςσὰνισὸν
2701 457 2801 508 μοι
2832 440 3090 493 σεαυτόν
3115 455 3129 470 ο
3177 438 3210 512 ἦ
3263 439 3442 493 πάλιν·
3485 441 3554 494 El

325 524 594 590 lienderit,
623 524 705 579 vel
751 525 1049 579 laudaverit
1091 541 1186 582 eos
1227 527 1317 597 qui
1369 527 1568 583 similia
1619 527 1884 596 fecerint,

323 616 523 686 quibus
579 616 681 686 ipsi
722 616 1224 687 reprehenderunt,
1260 619 1756 689 laudaveruntque;
1796 635 1889 674 ne-

322 723 429 778 que
457 707 589 762 illud
623 723 636 759 :
680 706 816 762 Vivit
852 706 1125 774 Dominus,
1144 709 1199 762 in
1239 709 1389 778 cujus
1421 722 1697 780 conspectu
1735 711 1889 772 hodie

323 808 427 864 sto,
451 808 513 854 ut
544 797 823 869 prOprium
853 799 955 854 sibi
982 814 1284 854 sermonem
1313 799 1514 855 imitari
1534 817 1878 872 praesumpse-

315 889 414 948 ‘rit.
458 889 668 948 Etenim
712 891 909 962 legenti
958 893 1128 948 libros
1178 893 1521 963 perSpicuum
1549 905 1664 958 est,
1692 907 1750 947 se
1798 892 1887 946 illa

318 981 511 1048 Verba,
539 998 649 1037 non
671 990 732 1036 ut
760 981 1002 1052 propria,
1033 980 1128 1036 sed
1168 990 1226 1036 ut
1256 989 1569 1037 sanctorum
1604 989 1659 1036 et
1699 996 1886 1036 eorum

325 1073 419 1141 qui
457 1087 544 1142 per
579 1073 680 1128 ista
706 1071 1106 1140 significantur,
1131 1071 1395 1142 proferre.
1427 1073 1497 1128 At
1526 1072 1618 1143 qui
1642 1071 1890 1130 Psalmos

325 1164 484 1234 legit,
516 1179 604 1218 res
644 1164 817 1230 mira,
863 1171 984 1233 post
1012 1162 1322 1233 prophetias
1363 1179 1485 1234 quae
1514 1163 1579 1219 de
1612 1163 1890 1219 Salvatore

324 1253 471 1308 etde
495 1253 745 1324 gentibus
787 1261 956 1318 sunt,
991 1252 1198 1323 reliqua
1230 1261 1489 1322 tanquam
1527 1253 1630 1308 sibi
1671 1253 1890 1324 propria

327 1345 489 1398 verba
529 1345 801 1414 loquitur,
846 1353 900 1398 et
939 1359 1000 1398 ea
1034 1344 1190 1412 quasi
1235 1344 1301 1398 de
1341 1359 1400 1399 se
1444 1345 1642 1414 scripta
1675 1354 1888 1411 essent,

325 1437 558 1506 quisque
582 1435 790 1507 psallit,
819 1451 918 1491 nec
950 1436 1107 1505 quasi
1149 1435 1289 1491 alius
1325 1450 1387 1491 ea
1417 1435 1584 1503 dicat,
1622 1435 1706 1490 vel
1734 1437 1888 1507 quasi

326 1528 492 1582 alium
529 1527 862 1597 signiﬁcent,
892 1542 954 1581 ea
994 1526 1189 1596 accipit
1211 1534 1265 1580 et
1299 1527 1603 1596 percurrit;
1639 1527 1732 1582 sed
1769 1541 1891 1597 per-

328 1618 450 1672 inde
495 1619 725 1673 aﬂicitur
762 1626 925 1688 atque
963 1617 1010 1672 si
1045 1617 1158 1687 ipse
1182 1617 1248 1671 de
1275 1633 1334 1672 se
1364 1617 1662 1688 loquatur;
1693 1626 1747 1672 et
1771 1633 1891 1689 quae
1919 1660 1941 1673 κ

324 1707 601 1774 dicuntur,
641 1711 796 1780 quasi
830 1709 945 1777 ipse
986 1708 1155 1778 egerit
1185 1716 1238 1762 et
1263 1723 1327 1762 ex
1359 1724 1416 1764 se
1450 1710 1564 1780 ipse
1597 1709 1850 1780 loquatur
1873 1749 1889 1777 ,

1982 521 2099 600 ῖιὲν
2125 531 2286 602 ἀφῇς
2309 533 2516 598 αὐτοῖς
2565 530 2680 598 τὴν
2715 531 3024 600 ἁμαρτίαν,
3082 530 3248 600 ἄφες·
3279 533 3331 585 ει
3381 530 3552 600 δὲμὴ

1986 623 2165 692 ἀφῇς,
2191 622 2516 691 ἐξάλειψόν
2533 640 2611 691 με
2632 621 2698 676 ἐκ
2731 620 2841 690 τῆς
2864 609 3083 686 βίϐλου
3110 636 3247 686 σου,
3275 615 3350 690 ἧς
3386 620 3556 690 ἔγρα-

1985 715 2126 781 ψας.
2178 711 2314 764 Ἀλλ’
2337 711 2478 776 οὐδὲ,
2511 711 2609 776 τὰς
2640 710 2748 765 τῶν
2799 709 3088 782 προφητῶν
3137 726 3220 772 τις
3265 709 3556 779 λαμϐάνων

1987 800 2061 864 ὡς
2078 801 2183 854 ῐδια
2210 801 2450 873 ῥήματα,
2485 801 2760 872 μέμψαιτό
2779 817 2861 864 τις
2882 800 2915 870 ἢ
2933 800 3235 854 ἐπαινέσειε
3253 799 3460 863 τούτοις
3489 799 3556 853 τὰ

1987 893 2147 962 ὃμοια
2168 892 2502 964 πράξαντας,
2530 888 2611 957 οἷς
2642 892 2956 964 ἐμέμψαντο
2981 892 3073 944 καί
3123 890 3391 961 ἐπῄνεσαν
3413 892 3556 944 ἐκεί-

1987 1002 2085 1039 νοι·
2117 985 2237 1038 οὐδὲ
2259 985 2338 1051 τὸ,
2363 984 2452 1054 Ζῇ
2470 986 2703 1053 Κύριος,
2723 977 2772 1050 ᾧ
2799 982 3109 1052 παρέστην
3143 983 3400 1037 ἐνώπιον
3452 984 3558 1036 αὺ-

1986 1076 2092 1130 τοῦ
2121 1075 2406 1145 σήμερον,
2436 1077 2742 1146 μιμήσηται
2771 1075 2835 1128 ἄν
2893 1091 2975 1136 τις
3003 1076 3174 1126 εἰπεῖν
3202 1073 3276 1136 ὡς
3312 1073 3440 1126 ἴδιον
3471 1072 3559 1124 λό-

1987 1175 2100 1228 γον.
2132 1158 2240 1211 Kal.
2269 1157 2380 1230 γὰρ
2407 1157 2500 1212 καὶ
2530 1158 2557 1209 6
2585 1157 2923 1226 ἐντυγχάνων
2942 1158 3060 1218 ταῖς
3095 1154 3295 1224 βίϐλοις
3327 1155 3555 1226 φανερός

1987 1249 2103 1302 ἐστι
2157 1249 2232 1320 μὴ
2260 1249 2335 1312 ὡς
2362 1248 2541 1311 ἰδίους,
2570 1247 2705 1301 ἀλλὰ
2725 1247 2835 1301 τῶν
2857 1245 3024 1315 ἁγίων
3054 1246 3150 1300 καὶ
3172 1247 3279 1299 τῶν
3331 1246 3398 1300 δι’
3455 1248 3556 1299 αὑ-

1987 1340 2096 1394 τῶν
2119 1340 2463 1412 δηλουμένων
2487 1341 2658 1410 λέγων
2683 1340 2808 1404 τοὺς
2830 1338 3039 1407 λόγους.
3065 1339 3202 1402 Τοὺς
3230 1338 3287 1390 δέ
3311 1355 3375 1406 γε
3407 1337 3558 1391 Ψαλ-

1993 1432 2144 1502 μοὺς,
2171 1432 2232 1484 τὸ
2259 1431 2579 1502 παράδοξον,
2612 1430 2749 1501 μετὰ
2775 1430 2872 1493 τὰς
2913 1430 3039 1500 περὶ
3071 1428 3162 1482 τοῦ
3191 1429 3434 1500 Σωτῆρος
3465 1428 3558 1482 καὶ

1989 1526 2098 1580 τῶν
2127 1525 2297 1578 ἐθνῶν
2323 1524 2656 1597 προφητείας
2687 1527 2716 1578 6
2738 1524 2910 1592 λέγων
2931 1523 2998 1576 τα
3022 1523 3155 1578 ἄλλα
3185 1523 3261 1586 ὠς
3320 1523 3425 1576 ἴδια
3460 1527 3556 1595 ῥή-

1994 1633 2138 1687 ματα
2189 1615 2364 1670 λαλῶν
2421 1618 2558 1680 ἐστι,
2612 1617 2706 1668 καὶ
2737 1615 2812 1678 ὡς
2860 1615 2988 1687 περὶ
3029 1613 3193 1668 αὑτοῦ
3251 1614 3559 1684 γραφέντας

1992 1708 2187 1771 αὐτοὺς
2215 1706 2444 1771 ἕκαστος
2466 1707 2676 1777 ψάλλει,
2704 1707 2798 1760 καὶ
2836 1707 2934 1777 οὐχ
2981 1707 3055 1770 ὡς
3097 1706 3279 1778 ἐτέρου
3313 1705 3560 1773 λέγοντος

327 1799 436 1854 Deo
479 1798 664 1854 refert.
715 1800 1064 1871 Nequaquam
1089 1791 1251 1856 enim
1297 1801 1388 1856 illa
1425 1816 1521 1856 ceu
1552 1801 1890 1872 patriarcha-

1996 1797 2026 1869 ἢ
2054 1815 2119 1850 πε
2130 1798 2182 1870 ρὶ
2204 1796 2388 1870 ἐτέρου
2424 1795 2777 1868 σημαίνοντος
2797 1796 3031 1866 δέχεται,
3059 1796 3152 1849 καὶ
3193 1795 3556 1866 διεξέρχεται·

327 1908 470 1956 rum,
524 1901 618 1946 aut
667 1890 888 1963 Moysis,
951 1893 1249 1949 aliorumve
1292 1893 1677 1964 prophetarum
1725 1894 1890 1949 verba

327 1996 592 2051 usurpare
629 1979 989 2037 reformidat:
1039 1981 1132 2037 sed
1176 1997 1340 2052 quam
1391 1982 1626 2035 maxime
1670 1990 1730 2035 ut
1766 1996 1892 2051 pro-

325 2074 442 2141 pria
475 2081 530 2126 et
561 2073 628 2127 de
679 2073 860 2144 seipso
889 2074 1088 2142 scripta
1134 2073 1250 2128 haec
1286 2072 1468 2127 dicere
1495 2071 1732 2142 psallens
1761 2088 1895 2127 con-

326 2162 464 2227 ﬁdit.
497 2161 631 2218 Nam
679 2163 879 2219 Psalmi
925 2175 1032 2218 tam
1077 2164 1196 2235 ejus
1221 2164 1314 2234 qui
1361 2171 1626 2234 praecepta
1659 2164 1896 2220 servavit

325 2270 489 2324 quam
529 2255 649 2326 ejus
690 2255 785 2327 qui
826 2255 1212 2326 praevaricatus
1255 2265 1370 2320 est,
1412 2255 1697 2326 utriusque
1744 2266 1893 2326 gesta

329 2349 630 2402 continent.
672 2346 906 2403 Necesse
958 2357 1138 2404 autem
1189 2357 1274 2404 est
1319 2348 1569 2420 quemvis
1618 2349 1892 2403 hominem

327 2437 642 2492 alterutrius
683 2437 1012 2494 conditionis
1059 2451 1217 2503 esse,
1272 2446 1436 2508 atque
1486 2439 1561 2494 ita
1609 2437 1774 2492 verba
1825 2436 1895 2492 de

329 2529 574 2600 utrisque
609 2530 784 2599 posita
813 2529 998 2600 loqui,
1026 2529 1110 2584 vel
1147 2529 1194 2585 si
1219 2540 1482 2601 praecepta
1514 2529 1742 2586 servarit
1761 2568 1777 2594 ,
1808 2528 1893 2584 vel

327 2621 374 2675 si
404 2632 819 2693 przelergressus
847 2623 938 2678 sit.

1991 1888 2106 1944 ἀλλ’
2141 1889 2216 1952 ὠς
2249 1889 2408 1953 αὐτὸς
2436 1889 2564 1960 περὶ
2587 1888 2752 1944 αὑτοῦ
2792 1887 2968 1942 λαλῶν
3011 1885 3326 1940 διατίθεται⁸
3356 1887 3450 1940 καὶ
3474 1882 3562 1940 οἷά

1991 1983 2199 2038 ἐστιτὰ
2227 1983 2514 2055 λεγόμενα,
2559 1981 2733 2036 ταῦτα
2785 1983 2862 2047 ῶς
2916 1980 3076 2046 αὐτὸς
3122 1981 3332 2053 πράξας
3366 1981 3460 2036 καὶ
3502 1979 3562 2045 ἐξ

1993 2073 2184 2129 ἐαυτοῦ
2213 2075 2389 2129 λαλῶν
2435 2075 2695 2148 ἀναφέρει
2721 2074 2796 2146 τῷ
2825 2074 2962 2146 Θεῷ.
2991 2073 3067 2129 Οὐ
3111 2073 3218 2146 γὰρ
3246 2072 3322 2137 ὼς
3360 2073 3428 2128 τὰ
3451 2071 3562 2125 τῶν

1995 2166 2348 2240 πατριαρχῶν
2375 2169 2612 2239 ῥήματα,
2648 2167 2742 2220 καὶ
2763 2166 3057 2230 Μωῦσέως,
3100 2165 3192 2220 καὶ
3238 2164 3346 2218 τῶν
3387 2164 3561 2218 ἄλλων

1995 2258 2310 2330 προφητῶν,
2356 2257 2782 2328 εύλαϐηθήσεται
2826 2256 2920 2310 καὶ
2946 2255 3137 2310 ταῦτα’
3166 2255 3300 2309 ἀλλὰ
3335 2254 3428 2308 καὶ
3461 2254 3564 2326 μό.-

1993 2350 2152 2404 λιστα
2183 2350 2259 2415 ὡς
2288 2350 2395 2404 ἴδια
2436 2351 2529 2402 καὶ
2559 2349 2686 2421 περὶ
2727 2349 2918 2402 ἐαυτοῦ
2945 2347 3224 2420 γραφέντα
3258 2347 3445 2420 θαρσεῖ
3471 2343 3561 2398 λέ-

1995 2457 2106 2509 γων
2136 2445 2164 2496 6
2195 2442 2411 2512 ψάλλων
2453 2440 2643 2496 ταῦτα.
2693 2441 2796 2494 Τὸν
2827 2439 2934 2512 γὰρ
2989 2438 3297 2509 φυλάξαντα
3329 2437 3427 2508 τὴν
3475 2439 3562 2490 ἐν-

1994 2531 2179 2602 τολὴν,
2236 2533 2329 2586 καὶ
2380 2532 2700 2603 παραϐάντα
2737 2528 2970 2602 ταύτην,
3028 2529 3128 2600 τήν
3188 2545 3248 2581 τε
3303 2527 3560 2598 ἐκατέρου

1979 2624 2195 2695 κπρᾶξιν
2233 2625 2576 2697 περιέχουσιν
2629 2623 2678 2675 οἱ
2711 2622 2951 2693 Ψαλμοί.
3013 2621 3247 2690 Ἀνάγκη
3280 2619 3336 2672 δὲ
3382 2619 3564 2672 πάντα

326 2711 608 2785 ἄνθρωπον
633 2715 690 2765 ἐν
717 2713 926 2778 τούτοις
972 2713 1308 2786 συνέχεσθαι,
1355 2714 1449 2768 καὶ
1474 2713 1510 2784 ἢ
1538 2712 1614 2778 ὡς
1640 2712 1947 2784 φυλάξαντα
1996 2716 2096 2788 τὴν
2139 2717 2376 2790 ἐντολὴν,
2417 2717 2450 2789 ἦ
2482 2717 2557 2781 ὡς
2615 2715 2935 2789 παραϐάντα
2963 2712 3184 2785 ταύτην,
3214 2711 3391 2780 λέγειν
3437 2711 3564 2775 τοὺς

327 2804 455 2876 περὶ
484 2805 714 2858 ἑκάστου
744 2803 1157 2875 γεγραμμένους
1177 2805 1387 2874 λόγους.

401 2895 490 2950 12.
522 2895 699 2966 Atque
725 2895 858 2950 mibi
878 2896 1094 2966 quidem
1120 2897 1354 2962 videtur,
1375 2895 1628 2968 psallenti
1649 2895 1894 2954 Psalmos

2077 2897 2164 2969 ιβ’.
2193 2897 2300 2952 Καί
2333 2914 2423 2968 μοι
2469 2896 2615 2949 δοκεῖ
2652 2894 2729 2965 τῷ
2756 2893 3009 2964 ψάλλοντι
3057 2890 3303 2960 γίνεσθαι
3343 2889 3565 2954 τούτους

327 3004 450 3045 esse
485 2989 658 3044 instar
690 2988 916 3059 speculi,
945 2997 1007 3045 ut
1033 2999 1088 3045 et
1129 2991 1366 3061 seipsum
1408 3000 1461 3046 et
1497 2990 1702 3062 proprii
1730 2991 1894 3046 animi

2003 2988 2188 3060 ῶσπερ
2215 2987 2518 3057 εῐσοπτρον,
2547 2987 2626 3050 είς
2650 2984 2710 3038 τὸ
2743 2985 3023 3038 κατανοεῖν
3059 2981 3153 3036 καὶ
3181 2981 3343 3035 αὐτὸν
3378 2983 3437 3035 ἐν
3469 2981 3567 3034 αύ-

329 3090 511 3136 motus
556 3081 609 3134 in
651 3079 783 3151 ipsis
810 3081 1228 3152 contempletur.
1256 3090 1418 3152 atque
1449 3082 1524 3138 ita
1555 3082 1779 3138 allectus
1803 3096 1894 3138 eos

2002 3079 2112 3142 τοῖς
2149 3078 2243 3130 καὶ
2268 3075 2339 3130 τὰ
2367 3077 2464 3146 τῆς
2498 3075 2690 3129 ἐαυτοῦ
2719 3074 2896 3146 ψυχῆς
2949 3073 3243 3146 κινήματα,
3272 3070 3366 3124 καὶ
3393 3069 3565 3135 οὕτως

326 3172 537 3224 recitet.
582 3167 794 3223 Etenim
842 3167 936 3238 qui
981 3167 1246 3238 legentem
1287 3168 1475 3233 audit,
1509 3168 1582 3223 ita
1622 3167 1894 3223 canticum

2000 3171 2320 3242 αἰσθόμενον
2367 3168 2730 3238 ἀπαγγέλλειν
2782 3167 2998 3230 αὐτούς.
3073 3167 3184 3219 Καὶ
3238 3165 3346 3236 γὰρ
3399 3164 3492 3218 καλ⁸
3536 3165 3566 3217 6

330 3259 556 3329 suscipit
596 3274 661 3313 ac
690 3259 735 3313 si
764 3258 830 3313 de
861 3273 920 3312 se
961 3259 1232 3314 diceretur
1264 3277 1278 3312 :
1307 3267 1361 3315 et
1389 3258 1473 3313 vel
1506 3257 1722 3329 propria
1767 3273 1894 3312 con-

1997 3263 2208 3316 άκούων
2247 3261 2340 3315 τοῦ
2367 3259 2828 3331 ἀναγινώσκοντος
2871 3260 2946 3323 ὡς
2981 3260 3106 3332 περὶ
3151 3255 3313 3311 αὑτοῦ
3339 3255 3566 3326 λεγομέ-

327 3353 504 3406 victus
547 3350 919 3414 conscientia,
963 3358 1327 3418 compunctus
1363 3348 1678 3419 resipiscet;
1709 3348 1792 3402 vel
1833 3349 1894 3402 de

1999 3373 2094 3427 νην
2127 3357 2225 3428 τὴν
2265 3356 2406 3428 ᾠδὴν
2427 3355 2796 3426 καταδέχεται·
2857 3355 2950 3408 καὶ
3002 3353 3033 3424 ἢ
3082 3351 3432 3423 ἐλεγχόμενος
3463 3349 3566 3403 ὑπὸ

330 3457 425 3511 spe
456 3441 510 3495 in
537 3440 706 3496 Deum
735 3441 964 3497 audiens
988 3441 1075 3496 vel
1111 3441 1180 3498 de
1204 3439 1408 3495 auxilio
1432 3439 1778 3497 credentibus
1800 3454 1894 3494 ex-

1996 3448 2089 3501 τοῦ
2135 3448 2429 3511 συνειδότος
2459 3447 2781 3515 κατανυγε“ις
2841 3445 3180 3516 μετανοήσει,
3219 3444 3252 3514 ἢ
3299 3441 3427 3513 περὶ
3469 3441 3568 3511 τῆς

329 3535 521 3598 l-ibito,
573 3533 732 3603 quasi
771 3532 875 3587 sibi
921 3532 1284 3602 praeberetur,
1321 3530 1518 3603 gaudio
1563 3529 1857 3586 exsultabit
1882 3569 1896 3594 ,

328 3633 493 3693 atque
522 3626 724 3695 gratias
763 3622 874 3679 Deo
917 3637 1078 3695 agere
1109 3621 1349 3694 incipiet.
1392 3621 1528 3682 Cum
1575 3622 1759 3693 itaque
1791 3631 1900 3676 ter-

330 3716 466 3768 tium
514 3715 784 3785 psalmum
827 3713 1098 3784 quispiam
1147 3714 1326 3777 canit,
1383 3729 1512 3769 suas
1562 3713 1899 3784 perpendens

328 3820 600 3861 aerumnas
620 3845 636 3869 ,
668 3806 824 3874 quasi
863 3821 960 3861 sua
991 3815 1205 3876 reputat
1235 3805 1382 3862 illius
1411 3805 1574 3860 verba
1605 3822 1620 3872 ;
1677 3803 1900 3859 undeci-

334 3912 485 3951 mum
533 3912 662 3951 vero
712 3907 764 3951 et
793 3897 1068 3952 decimum
1096 3907 1308 3952 sextum
1342 3896 1499 3967 quasi
1532 3897 1585 3952 in
1621 3897 1896 3966 propriam

327 3988 581 4044 ﬁduciam
603 3996 657 4043 et
678 3989 979 4043 orationem
1007 3989 1358 4060 pronuntiat;
1387 3989 1897 4059 quinquagesimum

327 4088 541 4146 autem,
587 4079 745 4150 quasi
777 4079 996 4150 propria
1043 4079 1375 4149 paenitentiae
1420 4095 1534 4135 suae
1564 4078 1726 4134 verba
1774 4092 1900 4148 pro-

328 4170 452 4225 fert.
499 4170 637 4224 Cum
686 4185 818 4226 vero
863 4171 1047 4240 psallit
1082 4171 1594 4242 quinquagesimum
1641 4168 1897 4233 tertium,

327 4261 839 4332 quinquagesimum
868 4262 1142 4331 quintum,
1174 4261 1555 4324 centesimum,
1599 4259 1900 4330 quadrage-

331 4357 532 4411 simum
565 4356 826 4425 primum,
867 4371 975 4408 non
1033 4355 1189 4425 quasi
1237 4355 1399 4419 alius,
1446 4354 1541 4409 sed
1587 4353 1744 4424 quasi
1783 4351 1899 4422 ipse

1996 3539 2076 3602 είς
2105 3537 2236 3591 Θεὸν
2269 3537 2480 3602 ἐλπίδος
2505 3537 2716 3592 ἀκούων
2741 3537 2832 3590 καὶ
2867 3536 2967 3607 τῆς
3000 3538 3080 3600 εἰς
3132 3536 3259 3598 τοὺς
3287 3533 3567 3587 πιστεύον-

1995 3647 2095 3696 τας
2128 3630 2416 3700 γινομένης
2445 3629 2801 3701 ἀντιλήψεως,
2833 3627 2909 3692 ῶς
2950 3628 3030 3692 εἰς
3077 3626 3238 3682 αὑτὸν
3270 3625 3566 3698 γενομένης

1996 3722 2252 3795 τοιαύτης
2299 3724 2517 3797 χάριτος
2567 3721 2906 3792 ἁγαλλιᾶται,
2946 3719 3040 3774 καὶ
3088 3719 3428 3790 εὐχαριστεῖν
3467 3714 3566 3786 dp-

1999 3831 2152 3886 χεται
2180 3815 2258 3886 τῷ
2283 3814 2422 3886 Θεῷ.
2458 3815 2584 3868 Ὅτε
2609 3812 2738 3884 γοῦν
2785 3813 2876 3868 τὸν
2921 3811 3101 3884 τρίτον
3136 3809 3326 3882 ψάλλει
3369 3825 3455 3872 τις
3486 3807 3566 3868 είς

1997 3905 2098 3969 τὰς
2131 3906 2268 3969 ἰδίας
2322 3905 2528 3976 θλίψεις
2555 3905 2816 3978 συνορῶν,
2856 3902 2931 3969 ὡς
2960 3903 3121 3958 αὑτοῦ
3173 3897 3312 3956 εἶναι
3357 3899 3564 3970 νομίζει

1999 3997 2068 4049 τὰ
2095 3997 2153 4050 ἐν
2181 3997 2259 4068 τῷ
2307 3996 2509 4069 ψαλμῷ
2534 3999 2774 4069 ῥήματαο
2819 3996 2912 4049 καὶ
2953 3995 3073 4048 τότε
3111 3994 3200 4047 τὸν
3253 3998 3318 4045 ια’
3359 3989 3564 4044 καὶτὸν

2001 4095 2076 4154 ις’
2108 4089 2184 4152 ὡς
2213 4090 2292 4154 εἰς
2330 4089 2430 4160 τὴν
2459 4089 2593 4142 ίδίαν
2620 4087 2941 4158 πεποίθησιν
2964 4086 3058 4138 καὶ
3084 4083 3389 4156 προσευχήν
3417 4082 3562 4132 ἐστιν

1999 4179 2377 4248 ἀπαγγέλλωνο
2405 4179 2613 4232 καὶτὸν
2665 4179 2761 4250 μὲν
2801 4185 2844 4232 ν’
2886 4175 3101 4248 ψαλμὸν
3141 4175 3215 4239 ὡς
3246 4172 3408 4235 αὐτός
3446 4173 3561 4224 ἐστι

1998 4269 2065 4322 τὰ
2097 4269 2204 4322 ῑδια
2230 4267 2330 4338 τῆς
2357 4265 2642 4338 μετανοίας
2671 4266 2863 4320 ἑαυτοῦ
2905 4265 3076 4335 λέγων
3115 4267 3351 4337 ῥήματα’
3381 4261 3471 4314 τὸν
3507 4259 3563 4313 δέ

2000 4364 2100 4427 νγ’,
2141 4355 2235 4410 καὶ
2261 4355 2354 4409 τὸν
2384 4361 2476 4421 νε¹,
2508 4355 2602 4409 καὶ
2630 4355 2718 4408 τὸν
2756 4362 2863 4422 νς’,
2893 4356 2985 4409 καὶ
3011 4355 3102 4409 τὸν
3145 4353 3291 4427 ρμα’,
3315 4353 3402 4407 ὅτε
3430 4349 3564 4422 ψάλ-

330 4449 759 4520 pcrseculionem
811 4455 1108 4516 pateretur,
1155 4445 1234 4500 sic
1277 4444 1538 4509 aﬂicitur,
1571 4451 1625 4499 et
1661 4443 1742 4499 sic
1791 4444 1894 4496 ista

1999 4448 2078 4502 λει
2140 4465 2245 4515 τις,
2279 4448 2377 4518 οὐχ
2434 4447 2510 4510 ῶς
2549 4445 2709 4500 ἄλλου
2766 4447 3114 4518 διωκομένου,
3163 4445 3276 4500 ἀλλ’
3315 4444 3391 4506 ὡς
3434 4441 3508 4496 ὢν
3537 4443 3566 4495 6

329 4542 531 4603 verba,
578 4539 735 4610 quasi
777 4539 998 4608 propria
1041 4536 1168 4602 sibi,
1223 4538 1328 4591 Deo
1371 4537 1537 4592 canit.
1571 4538 1648 4592 Ac
1675 4537 1894 4592 demum

2004 4540 2227 4610 πάσχων
2268 4538 2678 4605 συνδιατίθεται,
2719 4539 2813 4593 καὶ
2841 4538 2954 4610 ᾅδει
2977 4536 3054 4609 τῷ
3084 4537 3273 4609 Κυρίῳ
3305 4536 3380 4599 ὡς
3405 4533 3564 4596 ἰδίους

329 4634 562 4704 quisque
597 4631 842 4701 psalmus
882 4631 955 4684 ita
992 4643 1022 4683 a
1052 4628 1256 4698 Spiritu
1288 4629 1522 4685 dictatus
1553 4638 1714 4700 atque
1746 4644 1894 4685 com-

2001 4633 2126 4695 τοὺς
2146 4630 2338 4701 λόγους
2385 4629 2625 4693 τούτους.
2666 4631 2774 4683 Καὶ
2800 4629 2935 4692 ὅλως
2970 4628 3138 4692 οὔτως
3169 4628 3398 4689 ἕκαστος
3425 4623 3564 4693 ψαλ-

329 4719 542 4789 positus
572 4728 674 4784 est,
704 4727 763 4772 ut
793 4720 846 4772 in
877 4732 944 4773 eo
966 4757 980 4783 ,
1009 4718 1467 4788 quemadmodum
1503 4734 1669 4789 supra
1690 4719 1894 4774 dictum

330 4819 434 4876 ost,
467 4810 637 4864 animi
664 4809 841 4865 nostri
865 4819 1046 4865 motus
1072 4809 1568 4880 deprehendantur,
1599 4825 1897 4881 omnesque

328 4905 484 4975 quasi
516 4906 582 4960 de
608 4906 768 4961 nobis
789 4904 984 4975 prolati
1010 4913 1063 4960 et
1089 4903 1234 4958 velut
1255 4903 1412 4958 nobis
1439 4903 1643 4974 proprii
1671 4903 1802 4969 sint,
1828 4902 1897 4956 ad

332 4998 763 5055 recordationem
804 5007 1050 5052 motuum
1100 5006 1417 5054 nostrorum
1446 5007 1499 5051 et
1545 4995 1613 5051 ad
1652 4997 1776 5050 vitae
1802 5010 1901 5050 ηο-

331 5100 458 5146 stne
487 5088 943 5147 emendationem.
962 5087 1094 5154 Quae
1123 5088 1270 5142 enim
1302 5089 1594 5158 psallentes
1626 5086 1898 5151 dixerunt,

334 5180 447 5236 hac
473 5196 573 5252 pro
604 5179 780 5236 forma
811 5179 968 5235 nobis
996 5194 1118 5235 esse
1147 5187 1396 5250 possunt.

408 5459 493 5513 15.
577 5458 702 5514 Haec
751 5475 915 5530 porro
951 5473 1146 5512 rursus
1197 5456 1368 5527 gratia
1415 5464 1498 5509 est
1556 5451 1894 5516 Salvatoris;

334 5552 500 5608 homo
553 5551 752 5619 quippe
795 5562 1017 5620 propter
1079 5562 1180 5602 nos
1216 5545 1411 5609 factus,
1439 5545 1720 5614 proprium
1773 5558 1896 5598 cor-

336 5659 437 5711 pus
489 5655 587 5710 pro
652 5639 810 5694 nobis
859 5643 914 5694 in
963 5637 1465 5700 mortem-obtulit,
1506 5646 1567 5690 ut
1617 5651 1809 5691 omnes
1865 5648 1896 5689 a

335 5740 509 5786 morte
582 5728 888 5784 redimeret.
955 5729 1096 5796 Quin
1143 5739 1193 5784 ct
1239 5727 1512 5783 cwlcstcm
1577 5726 1894 5798 probatissi—

2007 4723 2103 4796 μὺς
2138 4723 2288 4796 παρὰ
2323 4721 2415 4775 τοῦ
2472 4721 2784 4793 Πνεύματος
2843 4719 3054 4792 εἴρηταί
3111 4736 3170 4772 τε
3223 4717 3318 4772 καὶ
3377 4714 3563 4769 συντέ-

2005 4832 2223 4880 τακται,
2260 4815 2336 4878 ὡς
2394 4815 2453 4868 ἐν
2500 4814 2702 4877 αὐτοῖς,
2739 4811 2880 4866 καθὰ
2925 4809 3186 4881 πρότερον
3217 4808 3453 4880 εἴρηται,
3496 4802 3567 4856 τὰ

2003 4906 2282 4976 κινήματα
2328 4903 2425 4975 τῆς
2457 4903 2636 4974 ψυχῆς
2681 4900 2833 4974 ὴμῶν
2856 4898 3255 4960 κατανοεῖσθαι,
3290 4896 3382 4950 καὶ
3432 4894 3566 4949 πάν-

1998 5014 2097 5060 τας
2129 4997 2327 5059 αὐτοὺς
2353 4995 2428 5060 ὡς
2450 4996 2578 5067 περὶ
2608 4995 2762 5066 ἡμῶν
2811 4991 3079 5066 εἰρῆσθαι,
3113 4989 3206 5044 καὶ
3229 4984 3366 5040 εἶναι
3408 4984 3565 5056 ἡμῶν

1999 5088 2194 5150 αὐτοὺς
2219 5086 2294 5149 ὼς
2327 5086 2490 5149 ἰδίους
2511 5085 2722 5154 λόγους,
2755 5085 2834 5146 εἰς
2861 5082 3161 5152 ἀνάμνησιν
3217 5077 3325 5130 τῶν
3353 5077 3410 5128 ἐν
3435 5076 3566 5146 ἡμῖν

1997 5179 2311 5249 κινημάτων
2371 5177 2468 5233 καὶ
2512 5176 2794 5247 διόρθωσιν
2833 5175 2934 5250 τῆς
2963 5171 3120 5244 ἡμῶν
3169 5167 3462 5231 πολιτείας.
3499 5166 3566 5217 Ἀ

1997 5271 2103 5341 γὰρ
2135 5273 2183 5322 οἱ
2208 5269 2496 5339 ψάλλοντες
2552 5271 2823 5339 εἰρήκασι,
2857 5265 3028 5319 ταῦτα
3065 5262 3160 5322 καὶ
3197 5259 3354 5333 ἡμῶν
3374 5259 3565 5314 δύναν-

1999 5378 2087 5414 ται
2115 5361 2274 5414 τύποι
2300 5362 2392 5414 καὶ
2418 5359 2759 5433 χαρακτῆρες
2781 5355 2934 5412 εἶναι.

2078 5459 2166 5520 ιγ’.
2196 5451 2343 5522 Αὕτη
2373 5453 2430 5505 δέ
2481 5451 2639 5505 πάλιν
2688 5448 2783 5506 τοῦ
2822 5445 3071 5518 Σωτῆρός
3123 5445 3270 5500 ἐστιν
3321 5439 3563 5512 ἠχάριςο

2007 5543 2292 5615 ἄνθρωπος
2323 5544 2431 5616 γὰρ
2467 5542 2535 5596 δι’
2564 5543 2709 5618 ἡμᾶς
2761 5539 3066 5612 γενόμενος,
3107 5535 3167 5588 τὸ
3201 5533 3301 5604 μὲν
3325 5531 3482 5601 σῶμα
3507 5530 3568 5583 τὸ

2009 5636 2136 5688 ἴδιον
2167 5635 2306 5706 ὑπὲρ
2337 5634 2491 5704 ἡμῶν
2517 5634 2888 5704 προσήνεγκεν
2935 5631 3013 5692 είς
3044 5626 3288 5686 θάνατον,
3319 5622 3407 5674 ἵνα
3433 5621 3566 5673 πάν-

2005 5745 2102 5790 τας
2156 5725 2438 5794 ἀπαλλάξῃ
2488 5725 2578 5778 τοῦ
2613 5723 2860 5776 θανάτου·
2914 5721 3010 5792 τὴν
3057 5719 3114 5772 δὲ
3180 5713 3427 5786 οὐράνιον
3474 5711 3566 5767 καὶ
