3944 6220
308 337 378 403 25
1458 356 1795 416 EPISTOLA
1833 362 1924 416 AD
1965 362 2488 422 uascuuuuu.
3494 343 3574 430 es

317 470 600 541 εὐάρεστον
631 471 843 527 ἑαυτοῦ
898 475 1168 531 πολιτείαν
1199 477 1367 546 δεῖξαι
1421 479 1591 535 θέλων
1632 484 1786 554 ἡμῖν,
1841 498 1894 538 εν

2005 503 2255 560 mamque
2309 506 2466 546 suam
2524 491 2739 546 vivendi
2801 492 3068 548 rationem
3133 493 3293 550 nobis
3318 493 3575 552 exhibere

325 563 489 633 ἑαυτῳ
517 561 729 635 ταύτην
779 566 1080 633 ὲτύπωσεν,
1118 570 1260 642 ὑπὲρ
1281 572 1374 624 τοῦ
1412 573 1609 644 μηκέτι
1643 575 1798 640 τινὰς
1821 577 1904 630 εὑ-

326 653 490 725 χερῶς
513 653 838 713 ἀπατᾶσθαι
874 658 1021 730 παρὰ
1059 657 1152 713 τοῦ
1201 661 1418 734 ἐχθροῦ,
1468 664 1693 736 ἔχοντας
1720 667 1904 739 ἐνέχυ-

330 761 415 816 ρον
436 744 569 816 πρὸς
598 747 926 816 ἀσφάλειαν,
958 751 1055 822 τὴν
1085 755 1213 825 παρ’
1241 753 1406 808 αὑτοῦ
1444 759 1740 829 γενομένην
1762 760 1903 831 ὑπὲρ

327 835 476 906 ἡμῶν
502 837 642 891 κατὰ
675 837 770 892 τοῦ
816 841 1060 896 διαϐόλου
1092 844 1268 916 νίκην.
1321 845 1420 899 Διὰ
1480 847 1637 903 τοῦτο
1660 851 1790 919 γοῦν
1839 853 1899 905 οὐ

329 928 484 996 μόνον
515 929 773 995 ἐδίδαξεν,
809 933 945 986 ἀλλὰ
976 935 1070 987 καὶ
1120 937 1418 1007 πεποίηκεν
1449 938 1485 993 ἃ
1524 940 1778 1006 ἐδίδαξεν,
1815 943 1901 997 ἵνα

324 1014 553 1081 ἕκαστος
584 1018 755 1091 ἀκούῃ
787 1021 886 1091 μὲν
913 1023 1076 1076 αὑτοῦ
1127 1024 1434 1092 λαλοῦντος,
1486 1031 1562 1094 ὡς
1617 1033 1676 1084 ἐν
1732 1033 1899 1088 εἰκόνι

324 1109 379 1161 δὲ
414 1109 628 1180 βλέπων
675 1111 926 1186 λαμϐάνῃ
948 1115 1077 1188 παρ’
1113 1117 1277 1172 αὑτοῦ
1311 1119 1372 1172 τὸ
1429 1122 1779 1194 παράδειγμα
1806 1125 1898 1180 τοῦ

325 1203 515 1264 ποιεῖν,
541 1201 774 1256 ἀκούων·
798 1205 1026 1260 Μὰθετε
1087 1208 1188 1263 ἀπ’
1216 1210 1384 1278 ἐμοῦ,
1435 1211 1525 1266 ὅτι
1569 1217 1761 1283 πραῢς
1782 1220 1900 1287 εἰμι

325 1295 419 1347 καὶ
453 1297 733 1364 ταπεινὸς
759 1296 834 1366 τῇ
884 1300 1116 1368 καρδίᾳ.
1165 1300 1516 1376 Τελειοτέραν
1555 1306 1611 1360 δὲ
1668 1309 1762 1361 καὶ
1819 1309 1900 1372 είς

325 1388 526 1460 ἀρετὴν
568 1390 914 1446 διδασκαλίαν
941 1394 1042 1446 οὐκ
1089 1394 1154 1448 ἄν
1215 1411 1296 1459 τις
1331 1395 1504 1468 εὕροι,
1531 1393 1600 1471 ἦς
1627 1401 1655 1452 ὁ
1694 1399 1900 1472 Κύριος

325 1477 602 1534 ὲτύπωσεν
633 1483 689 1534 ὲν
709 1481 906 1553 ἐαυτῷ.
944 1484 1064 1536 Εἴτε
1091 1484 1198 1557 γάρ
1228 1485 1598 1552 ἀνεξικακίαν,
1639 1490 1748 1543 εἴτε
1779 1490 1897 1560 φιλ-

325 1572 658 1643 ανθρωπίαν,
728 1575 839 1629 εἴτε
896 1577 1228 1645 άγαθότητα,
1295 1581 1406 1634 εἴτε
1481 1582 1721 1654 ἀνδρίαν,
1786 1585 1895 1637 εῐτε

322 1664 710 1737 ἐλεημοσύνην,
751 1667 860 1722 εῖτε
907 1669 1275 1743 δικαιοσύνην,
1313 1673 1487 1728 πάντα
1519 1676 1576 1728 ὲν
1620 1674 1766 1747 αὐτῷ
1809 1694 1894 1742 τις

321 1759 539 1831 εὑρήσει
579 1761 866 1831 γενόμενα,
893 1760 1031 1816 ὥστε
1060 1764 1229 1835 μηδὲν
1253 1767 1334 1829 είς
1352 1767 1552 1838 ἀρετὴν
1594 1767 1795 1822 λείπειν
1814 1769 1892 1840 τῷ

321 1853 672 1906 κατανοοῦντι
701 1854 791 1907 τὸν
822 1854 1164 1923 ἀνθρώπινον
1199 1856 1312 1928 βίον
1346 1859 1552 1916 τοῦτον.
1585 1860 1755 1915 Τοῦτο
1781 1862 1890 1934 γὰρ

320 1943 576 2007 ὁΠαῦλος
602 1943 758 2008 εἰδὼς
795 1945 966 2016 ἕλε-γε’
1011 1949 1270 2017 Μιμηταί
1282 1967 1401 2018 μου
1437 1951 1696 2020 γίνεσθε,
1753 1958 1892 2009 καθα

321 2035 401 2101 ὼς
462 2035 627 2105 κάγὼ
652 2039 932 2106 Χριστοῦ.
953 2040 1016 2093 Ol
1051 2040 1152 2112 μὲν
1185 2044 1316 2114 παρ’
1353 2042 1576 2116 Ἕλλησι
1603 2045 1890 2116 νομοθέται

319 2127 443 2200 ἄχρι
475 2127 572 2181 τοῦ
600 2128 780 2198 λέγειν
825 2130 1005 2200 ἔχουσι
1034 2131 1132 2204 τὴν
1170 2134 1350 2205 χάριν·
1387 2135 1414 2188 ὁ
1439 2135 1495 2190 δὲ
1533 2136 1755 2208 Κύριος,
1815 2137 1890 2201 ὼς

317 2218 533 2289 άληθῶς
560 2220 766 2292 Κύριος
811 2221 887 2274 ὢν
933 2220 1024 2275 τοῦ
1076 2225 1298 2288 παντὸς,
1328 2225 1422 2279 καὶ
1474 2227 1769 2299 κηδόμενος
1816 2223 1890 2286 ὧν

316 2312 629 2382 εἰργάσατο,
659 2315 720 2367 οὐ
753 2315 912 2385 μόνον
939 2315 1234 2386 νομοθετεῖ,
1267 2317 1403 2372 ἀλλὰ
1433 2320 1528 2374 καὶ
1567 2320 1734 2375 τύπον
1767 2324 1892 2376 ἐαυ-

316 2404 403 2456 τὸν
437 2405 690 2469 δέδωκεν,
716 2408 795 2470 εἰς
816 2407 877 2460 τὸ
899 2407 1097 2462 εἰδέναι
1117 2411 1244 2473 τοὺς
1271 2409 1628 2482 βουλομένους
1671 2412 1770 2486 τήν
1797 2414 1890 2469 τοῦ

318 2500 490 2550 ποιεῖν
515 2497 764 2569 δύναμιν.
791 2499 890 2554 Διά
921 2499 1076 2554 τοῦτο
1097 2499 1230 2570 γοῦν
1263 2502 1356 2556 καὶ
1381 2503 1487 2574 πρὸ
1508 2504 1606 2575 τῆς
1637 2505 1716 2568 εἰς
1746 2506 1892 2576 ἡμᾶς

316 2587 478 2640 αἰτοῦ
536 2589 833 2660 ἐπιδημίας
883 2591 1117 2662 ἐνήχησε
1180 2592 1275 2646 καὶ
1342 2594 1400 2647 ὲν
1457 2596 1572 2658 τοῖς
1632 2595 1890 2664 ψάλλουσι

314 2680 490 2746 τοῦτο,
521 2682 588 2734 ἵν’
614 2681 803 2753 ὥσπερ
839 2685 899 2736 έν
947 2683 1095 2755 αὑ.τῷ
1120 2686 1212 2738 τὸν
1237 2684 1475 2754 ἐπίγειον
1507 2688 1602 2740 καὶ
1643 2687 1891 2758 οὐράνιον

315 2773 598 2844 ἄνθρωπον
622 2775 808 2827 τυπῶν
835 2775 1053 2841 ἔδειξεν,
1083 2775 1226 2830 οὕτω
1270 2779 1363 2831 καὶ
1391 2779 1456 2832 ὲκ
1505 2778 1615 2832 τῶν
1644 2779 1891 2851 Ψαλμῶν

316 2866 380 2919 τὶ
423 2869 701 2938 κινήματα
751 2870 844 2922 καὶ
869 2868 965 2933 τὰς
992 2869 1258 2933 διαθέσεις
1282 2870 1391 2924 τῶν
1416 2869 1602 2940 ψυχῶν
1649 2874 1678 2925 ὁ
1708 2871 1892 2942 βουλό-

320 2977 475 3029 μενος
522 2962 862 3032 καταμαθεῖν
934 2961 1192 3034 δύνηται,
1259 2963 1527 3035 εὑρίσκων
1597 2966 1654 3017 ἐν
1707 2964 1892 3029 αὐτοῖς

315 3055 404 3108 καὶ
483 3055 582 3126 τὴν
643 3054 874 3107 ἑκάστου
949 3055 1248 3127 κινήματος
1313 3055 1611 3126 θεραπείαν
1677 3073 1737 3109 τε
1795 3055 1892 3110 καὶ

312 3144 615 3217 διόρθωσιν.

387 3237 464 3290 ιδ’.
494 3237 559 3289 Εἰ
597 3235 708 3306 γὰρ
739 3236 821 3290 δεῖ
853 3236 944 3290 καὶ
984 3235 1348 3307 πιθανώτερον
1379 3239 1574 3300 εἰπεῖν,
1618 3238 1768 3292 πᾶσα
1796 3237 1894 3309 μὲν

313 3331 346 3399 ἡ
375 3330 493 3382 θεία
526 3329 720 3400 Γραφὴ
755 3329 1071 3393 διδάσκαλός
1107 3331 1252 3384 ἐστιν
1304 3331 1504 3400 ἀρετῆς
1535 3330 1630 3383 καὶ
1659 3331 1895 3394 πίστεως

313 3417 566 3489 ἀληθοῦς·
599 3419 633 3489 ή
692 3418 749 3471 δέ
777 3435 840 3486 γε
873 3418 1054 3489 βίϐλος
1081 3417 1189 3472 τῶν
1217 3418 1463 3490 Ψαλμῶν
1515 3418 1626 3490 ἔχει
1659 3418 1754 3473 καὶ
1796 3419 1896 3490 τὴν

314 3511 495 3564 εἰκόνα
528 3527 652 3574 πως
678 3513 776 3581 τῆς
830 3509 1105 3582 διαγωγῆς
1145 3509 1254 3566 τῶν
1286 3511 1493 3581 ψυχῶν.
1562 3511 1650 3574 Ὠς
1700 3511 1810 3584 γὰρ
1867 3515 1896 3565 ὁ

315 3602 694 3674 εἰσερχόμενος
719 3601 855 3673 πρὸς
898 3601 1122 3672 βασιλέα
1163 3603 1426 3656 τυποῦται
1486 3603 1581 3656 καὶ
1628 3603 1704 3674 τῷ
1765 3603 1896 3674 σχή-

319 3712 444 3763 ματι
472 3696 569 3747 καὶ
598 3698 708 3758 τοῖς
739 3696 1002 3766 ῥήμασιν,
1037 3696 1124 3748 ἵνα
1171 3695 1266 3766 μὴ,
1310 3696 1459 3768 παρὰ
1486 3695 1654 3748 ταῦτα
1699 3696 1892 3765 λέγων,

315 3787 388 3849 ὡς
440 3786 766 3850 ἀπαίδευτος
821 3785 1081 3858 ἐκϐληθῇ·
1125 3786 1298 3850 οὕτως
1346 3789 1380 3859 ἡ
1427 3787 1547 3841 θεία
1578 3786 1758 3857 βίϐλος
1803 3787 1894 3839 τὸν

314 3879 397 3930 ἐπ’
424 3879 595 3948 ἀρετῇ
627 3877 893 3948 τρέχοντα
918 3877 1009 3930 καὶ
1045 3876 1369 3948 βουλόμενον
1423 3877 1754 3947 κατανοῆσαι
1796 3876 1895 3946 τὴν

311 3971 407 4023 τοῦ
453 3971 704 4041 Σωτῆρος
753 3973 809 4022 ὲν
884 3969 1095 4041 σώματι
1162 3969 1442 4024 πολιτείαν
1493 3969 1895 4040 ὑπομιμνήσκει

314 4064 529 4136 πρῶτον
559 4063 647 4117 διὰ
673 4064 772 4135 τῆς
817 4063 1176 4132 ἀναγνώσεως
1229 4062 1298 4116 τὰ
1331 4062 1616 4132 κινήματα
1645 4062 1744 4131 τῆς
1787 4061 1892 4130 ψυ-

313 4156 382 4226 χῆ
389 4173 435 4219 ς,
470 4156 568 4208 καὶ
597 4154 740 4208 οὕτω
763 4155 947 4207 λοιπὸν
966 4157 1129 4207 τυποῖ
1149 4153 1243 4207 καὶ
1294 4152 1534 4207 διδάσκει
1568 4153 1694 4215 τοὺς
1717 4153 1896 4221 ἐντυγ·

312 4248 580 4318 χάνοντας
621 4250 734 4310 τοῖς
791 4245 1052 4310 τοιούτοις
1107 4245 1306 4314 λόγοις.
1352 4245 1473 4298 Εἰσὶ
1523 4243 1622 4316 μὲν
1663 4240 1775 4308 οὖν,
1809 4244 1894 4297 ῖνα

310 4339 473 4392 τοῦτο
505 4337 722 4410 πρῶτόν
751 4354 834 4401 τις
853 4337 951 4408 τῆς
991 4336 1169 4406 βίϐλου
1197 4335 1674 4406 παρατηρήσηται,
1711 4336 1760 4388 οἱ
1795 4333 1893 4406 μὲν

312 4432 369 4483 ἐν
404 4430 708 4501 διηγήματι
761 4427 1076 4498 λεγόμενοι,
1132 4427 1182 4479 οἱ
1234 4425 1290 4479 δὲ
1343 4428 1400 4481 ὲν
1445 4425 1783 4496 παραινέσει,
1840 4426 1889 4478 oi

2006 577 2226 643 volens,
2285 581 2338 634 in
2401 582 2695 651 semetipso
2763 583 2914 637 illam
2968 585 3271 654 expressit,
3331 601 3398 639 ne
3449 586 3574 656 quis

2004 679 2194 740 postea
2220 671 2289 725 ab
2323 671 2547 730 inimico
2580 672 2739 729 facile
2791 675 3166 746 deciperetur,
3208 675 3332 731 eum
3371 677 3437 732 ad
3487 693 3570 732 se-

2003 762 2292 818 curitatem
2329 763 2526 835 pignus
2551 765 2768 830 habeat,
2820 782 3014 838 nempe
3068 768 3354 823 victoriam
3405 783 3569 838 quam

2002 852 2117 921 ipse
2155 854 2222 908 de
2269 855 2485 911 diabolo
2519 872 2618 926 pro
2673 859 2832 914 nobis
2863 860 3183 929 reportavit.
3231 859 3574 930 Quapropter

2002 961 2109 999 non
2151 947 2326 1001 solum
2383 949 2589 1018 docuit,
2641 952 2734 1006 sed
2789 961 2844 1006 et
2890 951 3018 1008 fecit
3079 969 3202 1023 quae
3255 953 3464 1018 docuit,
3512 963 3574 1007 ut

2003 1041 2381 1112 unusquisque
2433 1043 2619 1098 audiat
2650 1044 2867 1114 quidem
2899 1046 3077 1115 ipsum
3125 1047 3460 1116 loquentem,
3489 1045 3570 1101 si-

2000 1132 2223 1202 mulque
2245 1139 2258 1168 ’·
2285 1134 2338 1188 in
2390 1134 2540 1189 illum
2591 1136 2746 1206 quasi
2801 1138 2852 1192 in
2901 1138 3191 1208 imaginem
3246 1138 3569 1208 respiciens,

1999 1223 2308 1292 exemplum
2351 1227 2540 1296 agendi
2601 1229 2670 1282 ab
2720 1228 2836 1298 ipso
2894 1231 3147 1300 accipiat,
3181 1231 3310 1284 dum
3366 1229 3516 1284 audit
3546 1249 3566 1285 ·.

2001 1309 2202 1368 Discite
2231 1332 2262 1368 a
2287 1332 2383 1378 me,
2405 1318 2530 1388 quia
2552 1319 2696 1372 mitis
2721 1337 2837 1373 sum
2866 1331 2914 1374 et
2938 1321 3152 1376 humilis
3171 1323 3326 1375 corde
3357 1321 3420 1376 ¹⁷.
3444 1321 3570 1376 Per-

1999 1403 2277 1460 fectiorem
2305 1423 2470 1477 porro
2523 1411 2739 1466 virtutis
2771 1412 3074 1467 doctrinam
3115 1429 3275 1468 nemo
3300 1413 3570 1468 invenerit

1995 1511 2060 1551 ea
2087 1514 2252 1568 quam
2281 1499 2541 1557 Dominus
2573 1504 2840 1571 expressit
2865 1505 2916 1558 in
2948 1508 3257 1575 semetipso.
3290 1505 3424 1560 Nam
3454 1507 3568 1563 sive

1999 1588 2338 1657 injuriarum.
2386 1592 2756 1658 tolerantiam,
2825 1596 2940 1651 sive
2995 1596 3408 1664 humanitatem,
3454 1599 3568 1653 sive

1996 1679 2364 1750 clementiam,
2392 1684 2505 1739 sive
2528 1683 2922 1750 fortitudinem,
2954 1688 3071 1742 sive
3109 1688 3564 1752 miscricordiam.

1999 1769 2112 1824 sive
2137 1770 2405 1840 justitiam
2437 1783 2678 1842 spectes,
2711 1775 2963 1830 omnia-in
3011 1776 3129 1846 ipso
3161 1786 3376 1846 peracta
3413 1793 3568 1848 repe-

1997 1858 2127 1923 ries,
2161 1861 2296 1915 adeo
2324 1873 2382 1916 ut
2405 1863 2537 1917 nihil
2564 1863 2702 1918 eiad
2753 1867 3009 1920 virtutem
3046 1867 3208 1932 desit,
3243 1868 3337 1936 qui
3374 1868 3566 1922 huma-

1996 1968 2122 2007 uam
2178 1951 2394 2008 Domini
2417 1955 2583 2009 vitam
2613 1957 3011 2026 contemplatus
3035 1955 3217 2014 fuerit.
3250 1957 3404 2025 Quod
3439 1974 3563 2014 cum

1997 2056 2187 2100 nosset
2221 2045 2428 2101 Paulus
2475 2047 2548 2101 ait
2580 2065 2592 2100 :
2623 2045 2930 2104 Imitatores
2970 2050 3072 2103 mei
3108 2060 3290 2113 estote,
3335 2051 3470 2104 sicut
3515 2059 3565 2104 et

1995 2153 2088 2207 ego
2121 2127 2323 2191 Christi
2353 2138 2416 2192 ’⁸.
2442 2137 2758 2194 Graecorum
2785 2140 3055 2211 siquidem
3091 2142 3429 2212 legislatores
3447 2156 3566 2196 ver-

1998 2229 2194 2285 borum
2221 2232 2821 2306 solumtenusgratiam
2874 2235 3109 2303 habent;
3164 2233 3426 2288 Dominus
3463 2250 3564 2289 au-

1995 2326 2126 2384 tem,
2169 2328 2232 2374 ut
2258 2336 2445 2376 revera
2501 2313 2748 2375 omnium
2793 2320 3081 2388 Dominus,
3121 2323 3210 2393 qui
3249 2339 3348 2377 sua
3410 2331 3568 2377 curat

1996 2426 2183 2480 opera,
2220 2427 2330 2466 non
2366 2413 2530 2468 modo
2564 2413 2711 2484 leges
2761 2415 3028 2480 condidit,
3057 2415 3150 2469 sed
3208 2415 3564 2484 semetipsum

1995 2497 2273 2567 exemplar
2307 2500 2550 2564 tradidit,
2579 2509 2640 2555 ut
2690 2501 2786 2570 qui
2825 2502 3119 2566 voluerint,
3163 2503 3356 2573 agendi
3399 2505 3566 2558 ratio-

1997 2604 2119 2643 nem
2144 2599 2331 2643 notam
2365 2590 2621 2646 habeant.
2661 2591 3006 2662 Quapropter
3049 2593 3342 2648 anteillius
3370 2592 3422 2645 in
3464 2607 3568 2648 nos

1995 2683 2312 2750 adventum,
2358 2683 2596 2754 idipsum
2634 2685 2687 2739 in
2725 2683 2958 2740 Psalmis
2985 2686 3248 2752 insonuit,
3295 2694 3566 2755 utquem-

1996 2773 2288 2830 admodum
2321 2775 2374 2829 in
2411 2777 2705 2847 semetipso
2756 2787 3034 2833 terrenum
3075 2786 3128 2832 et
3155 2777 3429 2832 caelestem
3461 2777 3562 2830 bo-

1995 2868 2199 2923 minem
2238 2869 2506 2934 exhibuit,
2542 2869 2622 2924 sic
2646 2885 2712 2925 ex
2749 2869 2981 2926 Psalmis
3010 2879 3194 2925 motus
3225 2869 3568 2924 affectiones-

1995 2977 2103 3032 que
2131 2961 2441 3016 auimorum
2473 2963 2565 3032 qui
2593 2963 2827 3018 voluerit
2856 2964 3162 3034 perdiscere
3190 2964 3404 3030 valeat,
3439 2977 3564 3018 cum

1997 3053 2052 3110 in
2077 3052 2209 3122 ipsis
2239 3053 2509 3124 cujusque
2533 3063 2715 3111 motus
2738 3056 3080 3110 curationem
3109 3055 3568 3109 emendationem-

1996 3159 2103 3215 que
2134 3143 2392 3198 inveniat.

2065 3237 2152 3293 M.
2205 3239 2410 3306 Quodsi
2463 3238 2667 3309 aliquid
2729 3239 2797 3294 ad
2869 3237 3305 3309 persuadendum
3383 3237 3567 3306 aptius

1995 3327 2144 3398 loqui
2175 3331 2500 3400 Oportuerit,
2563 3331 2746 3384 omnis
2791 3329 3011 3400 quidem
3077 3328 3361 3397 Scriptura
3409 3342 3564 3382 sacra

1994 3420 2213 3476 virtutis
2267 3430 2352 3476 est
2401 3435 2652 3492 veraeque
2703 3419 2827 3474 fidei
2875 3421 3166 3490 magistra;
3201 3419 3338 3472 liber
3383 3427 3564 3472 autem

1996 3512 2340 3568 Psalmorum
2366 3512 2584 3583 praefert
2615 3513 2911 3582 quamdam
2944 3512 3236 3581 imaginem
3268 3509 3566 3565 institutio-

1995 3606 2084 3660 nis
2119 3605 2244 3660 vita:
2270 3605 2600 3659 animarum.
2635 3603 3110 3670 Quemadmodum
3137 3603 3305 3664 enim,
3355 3601 3445 3670 qui
3477 3615 3564 3654 re-

1995 3710 2114 3765 gem
2143 3695 2275 3760 adit,
2302 3695 2548 3748 habitum
2579 3695 2852 3764 verbaque
2886 3709 2984 3747 sua
3012 3692 3290 3761 componit
3321 3698 3375 3746 et
3405 3691 3567 3745 ador-

1993 3795 2109 3852 nat,
2147 3801 2217 3840 ne
2250 3787 2436 3840 statim
2493 3793 2657 3855 atque
2711 3783 2971 3854 loquendi
3026 3783 3240 3837 initium
3286 3781 3470 3846 faciet,
3505 3788 3568 3835 ut

1995 3879 2148 3935 rudis
2186 3886 2241 3934 et
2291 3878 2578 3948 imperitus
2606 3876 2895 3947 ejiciatur:
2935 3876 3008 3929 ita
3060 3875 3278 3930 divinus
3305 3874 3395 3929 hic
3427 3873 3567 3928 liber

1992 3985 2118 4026 eum
2148 3970 2237 4040 qui
2273 3971 2339 4023 ad
2363 3969 2616 4023 virtutem
2645 3977 2898 4038 properat
2928 3977 2982 4022 et
3033 3965 3331 4019 Salvatoris
3355 3964 3410 4017 in
3444 3979 3567 4017 cor—

1994 4075 2126 4131 pore
2151 4060 2274 4114 vitze
2297 4059 2609 4114 institutum
2637 4074 2798 4114 nosse
2823 4058 2992 4127 cupit,
3026 4057 3261 4127 primum
3296 4071 3392 4125 per
3417 4055 3560 4110 hanc

1995 4151 2283 4206 lectionem
2319 4147 2577 4202 admonet
2629 4148 2696 4202 de
2748 4147 2988 4202 motibus
3035 4146 3243 4211 animi,
3294 4153 3456 4215 atque
3487 4145 3562 4198 ita

1994 4241 2254 4312 deinceps
2293 4237 2557 4293 informat
2588 4238 2857 4308 docetque
2915 4237 3174 4308 legentes.
3206 4234 3346 4290 Sunt
3397 4234 3564 4312 igitur

1993 4333 2080 4403 (ut
2131 4331 2238 4387 hoc
2267 4331 2508 4402 primum
2538 4330 2592 4384 in
2621 4329 2728 4384 isto
2779 4328 2921 4384 libro
2967 4327 3307 4398 observetur)
3334 4325 3562 4395 Psalmi,

1993 4425 2084 4480 alii
2118 4425 2220 4481 sub
2261 4425 2436 4479 forma
2475 4422 2825 4490 narrationis,
2861 4421 2949 4478 alii
2989 4420 3305 4491 prOphetize,
3337 4418 3428 4472 alii
3463 4417 3562 4472 ad-

310 4524 364 4576 δὲ
399 4526 460 4577 ἐν
509 4523 848 4594 προφητείᾳ,
897 4522 947 4574 οἱ
986 4521 1043 4575 δὲ
1091 4520 1167 4585 ὡς
1209 4523 1268 4574 ὲν
1312 4521 1467 4592 εὐχῇ,
1536 4522 1584 4574 οἱ
1625 4519 1681 4572 δὲ
1709 4521 1766 4574 ὲν
1806 4519 1892 4586 ἐξ·

2005 4518 2341 4580 mouitionia,
2381 4517 2472 4571 alii
2509 4517 2859 4588 precationis,
2897 4515 2987 4569 alii
3015 4512 3395 4570 confessionis.

308 4614 659 4684 ομολογήσει.

381 4706 495 4758 Καὶ
519 4705 626 4758 εἰσὶ
648 4704 754 4775 μὲν
779 4705 827 4756 οἱ
850 4705 906 4756 ἐν
934 4703 1231 4775 διηγήματι
1264 4709 1352 4774 ιη’,
1379 4709 1488 4773 μγ’,
1525 4706 1637 4774 μη’,
1660 4700 1763 4773 μθ’,
1793 4700 1892 4772 οβ’,

311 4800 413 4864 στ’,
439 4797 538 4862 οξκ
573 4791 686 4868 mi".
720 4803 828 4869 ρςτ
859 4803 980 4869 ριγ,
1013 4803 1157 4868 ρκς’›
1191 4794 1331 4868 ρλς’·

379 4892 447 4944 υἱ
473 4890 528 4944 δὲ
563 4889 639 4952 ὡς
668 4891 725 4942 ἐν
750 4889 905 4959 εὐχῇ,
940 4895 1034 4953 ις’,
1060 4887 1155 4954 ξξι,
1186 4887 1294 4955 πθ’,
1329 4893 1408 4958 ρα’
1441 4885 1576 4959 ρλα’,
1607 4886 1753 4959 ρμα’.

381 5069 448 5120 ΟΞ
482 5065 539 5120 δὲ
584 5065 663 5130 ὡς
712 5067 770 5118 ὲν
811 5064 1032 5136 ἐντυχία
1083 5065 1178 5117 καὶ
1223 5064 1355 5135 εὐχῇ
1387 5062 1482 5116 καὶ
1512 5061 1692 5136 δεήσει
1721 5069 1781 5127 ε’,
1817 5068 1892 5128 ς’,

315 5157 378 5222 ζ’,
406 5165 499 5226 ια’,
538 5159 629 5229 ιβ’,
671 5165 756 5224 ιε’,
781 5159 880 5225 κδ’,
943 5157 1052 5223 κζ’,
1083 5157 1150 5222 λ’,
1195 5157 1288 5222 λδ¹,
1329 5157 1429 5222 λζ’,
1492 5155 1603 5228 μβ’,
1652 5163 1754 5226 νγ’,
1798 5157 1893 5223 νδ’,

314 5258 404 5310 νε’,
440 5256 552 5314 νς’,
587 5255 691 5320 νη’,
746 5249 845 5313 νϐ’,
877 5249 942 5316 ξ’,
969 5247 1069 5316 ξγ’,
1122 5247 1231 5320 φιβ’,
1273 5254 1376 5313 πε’,
1432 5247 1540 5312 etC,
1578 5247 1708 5320 ρλζ’,
1763 5246 1894 5320 ρλϐ’,

319 5341 499 5489 ρμιῗέιι
517 5436 547 5488 ὁ
576 5433 678 5506 μὲν
709 5433 786 5497 ὠς
821 5435 877 5485 ἐν
901 5433 1118 5506 ἐντυχίᾳ
1147 5432 1242 5487 καὶ
1273 5433 1593 5504 εὐχαριστίᾳ
1620 5433 1756 5505 ρλη’.

389 5527 451 5578 Ol
481 5525 537 5578 δὲ
561 5525 640 5589 ὡς
662 5526 722 5577 ἐν
751 5524 973 5595 ὲντυχίᾳ
1023 5525 1160 5596 μόνῃ
1193 5531 1240 5592 γ’
1262 5565 1275 5589 ,
1304 5531 1401 5588 κε’,
1439 5523 1539 5594 ξη’,
1571 5522 1665 5590 ξθ’,
1699 5531 1760 5590 o',
1796 5529 1894 5592 ογ’,

319 5621 418 5685 θ’θ’*
449 5616 544 5680 00"
589 5621 695 5687 Ρηί
729 5613 872 5686 Ρκβἰ
911 5613 1043 5682 Ρκθ’ν
1079 5613 1174 5684 Ρλ”

399 5801 434 5828 "
468 5799 657 5854 Matth.
693 5817 770 5859 xi,
808 5797 898 5851 ‘39.
981 5798 1022 5829 ¹⁸
1057 5797 1072 5849 |
1105 5797 1230 5852 Cor.
1261 5812 1334 5857 XI,
1378 5797 1422 5852 l.

2066 4697 2124 4752 ln
2161 4696 2334 4752 forma
2357 4693 2688 4749 narrationis
2712 4693 2764 4748 hi
2797 4701 2959 4747 sunt:
2996 4689 3078 4754 l8,
3109 4690 3200 4753 45,
3228 4686 3317 4753 48,
3361 4685 3449 4754 49,
3473 4684 3565 4747 72,

1999 4791 2086 4854 76,
2114 4790 2202 4855 77,
2238 4789 2328 4855 88,
2353 4787 2444 4854 89,
2481 4787 2606 4852 106,
2650 4787 2773 4851 115,
2807 4786 2929 4848 126,
2957 4784 3080 4837 156.

2066 4885 2123 4938 lu
2149 4885 2322 4939 forma
2341 4896 2470 4937 vero
2494 4879 2763 4936 orationis
2803 4888 2932 4932 sunt
2950 4875 3039 4943 16,
3057 4875 3146 4941 67,
3167 4871 3402 4938 89,101,
3439 4869 3564 4931 151,

1997 4977 2119 5032 Ml.

2071 5068 2174 5135 Qui
2208 5065 2484 5136 colloquii,
2508 5063 2836 5135 precationis
2871 5071 2926 5117 et
2952 5057 3344 5116 obsecrationis
3373 5053 3561 5113 modo,

1997 5160 2052 5221 5,
2082 5158 2134 5225 6,
2171 5158 2224 5224 7,
2256 5158 2342 5221 11,
2376 5155 2464 5222 12,
2493 5156 2582 5219 15,
2617 5154 2711 5216 24,
2741 5153 2832 5218 27,
2869 5153 2958 5217 50,
2989 5152 3078 5216 54,
3115 5149 3204 5211 57,
3237 5147 3325 5210 12,
3351 5145 3440 5208 55,
3471 5142 3563 5206 54,

1997 5253 2086 5317 55,
2113 5249 2200 5315 56,
2227 5248 2317 5314 58,
2369 5249 2460 5313 59,
2515 5246 2606 5312 60,
2638 5246 2728 5313 65,
2751 5244 2840 5308 82,
2863 5244 2953 5309 85,
3001 5243 3091 5306 87,
3127 5240 3248 5301 157,
3283 5236 3403 5300 159,
3438 5233 3569 5287 ΗΞ..

2068 5423 2172 5492 Qui
2205 5425 2257 5479 in
2287 5422 2462 5478 forma
2491 5420 2714 5495 alloquii
2739 5429 2792 5474 et
2828 5417 3122 5488 gratiarum
3151 5409 3404 5475 actionis,
3434 5408 3566 5463 158.

2053 5516 2154 5581 Qui
2191 5513 2465 5583 colloquii'
2497 5518 2705 5565 tantum
2747 5509 2944 5570 forma,
2975 5507 3028 5573 3,
3074 5503 3164 5572 25,
3219 5500 3307 5571 68,
3333 5499 3422 5566 69,
3454 5500 3559 5567 70,,

2003 5608 2090 5677 75,
2123 5606 2210 5674 78,
2245 5606 2333 5673 '19,
2364 5604 2488 5671 ms,
2523 5601 2790 5669 122,129,
2823 5599 2938 5653 l30.
