3944 6220
351 343 408 398 29
1483 345 1822 402 EPISTOLA
1858 344 1950 399 AD
1985 340 2501 399 MARCELLINUM.
3515 348 3585 403 50

352 456 403 510 rb
426 455 565 528 πρωῒ
593 455 771 525 ψάλλε
793 458 891 514 τὸν
922 465 983 513 ε’.
1005 456 1334 530 Δίσθόμενος
1362 458 1417 512 δὲ
1440 458 1670 528 ἀπειλῆς
1690 458 1784 513 τοῦ
1808 460 1888 513 Κυ

1989 455 2151 514 .mini
2178 455 2661 512 comminationem
2719 455 2981 521 senseris,
3026 464 3185 527 teque
3215 470 3279 511 ea
3304 458 3372 513 de
3416 475 3583 517 causa

352 546 482 617 ρίου,
516 545 611 600 ὲάν
654 547 750 602 διά
787 547 949 601 τοῦτο
985 548 1382 619 ταραττόμενον
1430 547 1654 600 σεαυτὸν
1692 547 1914 618 βλέπῃς,

352 638 559 693 δύνασαι
590 639 778 709 λέγειν
800 641 892 696 τὸν
919 638 971 708 ς’
1003 642 1098 696 καὶ
1128 642 1220 695 τὸν
1258 641 1355 706 λζ’.
1393 641 1520 696 Ἐἀν
1554 641 1610 695 δὲ
1659 642 1752 695 καὶ
1791 640 1915 711 βου-

350 730 602 785 λεύωνται
628 749 779 797 τινες
821 732 961 788 κατά
993 733 1088 788 σοῦ
1114 775 1130 801 ,
1157 733 1234 797 ὡς
1260 736 1290 788 ό
1341 733 1620 804 ’Δχιτόφελ
1653 732 1794 788 κατά
1819 732 1913 787 τοῦ

347 822 523 891 Δαὸὶδ,
575 824 671 878 κα)⁸
704 823 865 879 τοῦτό
895 824 977 879 σοί
1016 842 1102 890 τις
1146 826 1455 900 ἀπαγγείλῃ
1476 867 1491 893 ,
1524 825 1690 897 eam
1726 825 1816 880 τδν
1846 824 1912 893 ζ’,

346 916 435 971 καὶ
480 915 674 989 θάρῤει
701 915 781 990 τῷ
812 917 1059 990 ρυομένῳ
1080 934 1140 972 σε
1168 918 1306 990 Θεῷ.

410 1012 507 1072 ις’.
529 1006 756 1061 Βλέπων
796 1007 855 1061 δὲ
886 1007 987 1080 τὴν
1025 1008 1299 1080 πανταχοῦ
1337 1010 1497 1081 χάριν
1542 1009 1634 1064 τοῦ
1663 1010 1913 1083 Σωτῆρος

344 1098 729 1169 ἰκτεταμένην,
756 1099 849 1152 καὶ
879 1098 1050 1154 σωθὲν
1066 1099 1129 1153 τὸ
1153 1100 1309 1169 γένος
1330 1099 1441 1154 τῶν
1460 1099 1783 1174 ἀνθρώπων,
1814 1101 1911 1156 ἐὰν

344 1191 677 1260 προσφωνεῖν
720 1188 879 1262 θέλῃς
905 1190 983 1261 τῷ
1024 1191 1232 1264 Κυρίῳ,
1284 1191 1454 1263 ψάλλε
1488 1193 1580 1247 τὸν
1618 1200 1687 1265 η’.
1749 1193 1909 1249 Ἀλλά

341 1276 496 1331 πάλιν
531 1272 663 1350 ᾆσαι
693 1275 868 1342 θέλεις
890 1279 1187 1351 ἐπιλήνιον,
1218 1279 1556 1351 εὐχαριστῶν
1583 1278 1663 1352 τῷ
1693 1278 1904 1350 Κυρίῳ,

339 1369 477 1440 εχεις
497 1368 661 1424 αὐτὸν
690 1368 851 1424 πάλιν
869 1370 962 1424 τδν
990 1368 1040 1443 η’
1070 1370 1163 1425 καὶ
1186 1371 1279 1425 τδν
1308 1378 1419 1442 πγθ.
1459 1371 1582 1426 Ἐπὶ
1607 1371 1665 1425 δὲ
1689 1370 1769 1443 τῷ
1781 1387 1909 1426 κατ-

343 1459 615 1532 ηργῆσθαι
643 1460 738 1515 τὸν
790 1461 985 1534 ὲχθρδν
1022 1462 1117 1517 καὶ
1150 1462 1418 1517 σεσῶσθαι
1450 1463 1550 1535 τὴν
1593 1463 1790 1530 κτίσιν,
1830 1462 1905 1535 μὴ

339 1549 687 1623 καυχώμενος
738 1552 832 1606 ἐπὶ
864 1552 1046 1624 σαυτῷ
1073 1591 1089 1616 ,
1121 1551 1257 1607 ἀλλά
1303 1552 1458 1617 είδὼς
1492 1552 1584 1608 τὸν
1616 1553 1762 1622 ,Υἱὸν
1809 1554 1904 1608 τοῦ

336 1641 467 1694 Θεοῦ
495 1640 654 1695 τοῦτο
685 1641 1126 1714 κατορθώσαντα,
1156 1642 1279 1712 λέγε
1311 1643 1403 1697 τδν
1443 1646 1524 1708 είς
1561 1645 1723 1699 αὐτὸν
1751 1645 1906 1717 εἰρη-

2017 546 2401 601 conturbatum
2443 545 2668 610 videris,
2705 553 2860 615 potes
2914 546 3094 602 dicere
3132 546 3166 603 6
3197 557 3252 603 et
3273 548 3362 606 37.
3401 548 3458 605 Si
3487 552 3584 606 ad-

2016 654 2234 696 versum
2287 648 2340 696 te
2370 639 2612 711 quipiam
2671 640 2962 695 consilium
2995 640 3261 709 dederim,
3321 645 3586 713 quemad-

2016 731 2236 786 modum
2261 729 2583 803 Achitophel
2611 731 2875 786 adversus
2931 730 3210 800 Davidem,
3237 742 3293 789 et
3346 736 3451 790 hoc
3483 735 3583 791 tibi

2015 823 2215 893 aliquis
2240 823 2538 891 renuntiet,
2567 822 2739 894 psalle
2754 822 2808 891 7,
2838 831 2890 879 et
2909 822 3139 879 Domino
3169 825 3384 882 conﬁde
3407 827 3502 897 qui
3528 836 3582 884 te

2014 914 2285 970 liberabit.
2899 932 2908 941 ο

2023 1002 2026 1006 “
2083 1004 2172 1061 16.
2192 1005 2438 1061 Cernens
2465 1004 2765 1061 Salvatoris
2792 1005 3019 1077 gratiam
3049 1005 3253 1076 ubique
3302 1006 3576 1074 diﬁ‘usam,

2010 1098 2463 1169 redemptumque
2487 1112 2660 1168 genus
2686 1098 3011 1163 humanum,
3046 1097 3094 1153 si
3144 1098 3349 1170 alloqui
3392 1098 3578 1154 Domi-

2009 1206 2142 1244 num
2165 1190 2325 1258 velis,
2358 1199 2612 1247 octavum
2647 1191 2887 1260 psallito.
2927 1189 2985 1247 Si
3007 1206 3228 1247 rursum
3260 1206 3362 1262 pro
3392 1200 3576 1248 torcu-
3688 1215 3705 1228 ο

2008 1280 2219 1337 laribus
2246 1279 2453 1350 gratias
2477 1294 2643 1349 agens
2676 1277 2912 1334 Domino
2962 1295 3159 1336 canere
3186 1281 3446 1348 volueris,
3475 1282 3578 1337 ha-

2006 1369 2104 1426 bes
2122 1369 2375 1427 eumdem
2413 1370 2448 1425 8
2472 1379 2525 1425 et
2556 1370 2646 1425 83.
2682 1369 2788 1426 Pro
2833 1372 3066 1427 victoria
3120 1371 3189 1429 de
3244 1373 3491 1440 inimico,
3519 1385 3576 1430 et

2006 1470 2271 1520 creatura;
2319 1462 2663 1531 liberatione,
2737 1478 2807 1519 ne
2856 1463 2910 1518 in
2962 1464 3134 1533 teipse
3168 1465 3436 1536 glorieris,
3477 1468 3574 1523 sed

2004 1570 2207 1626 gnarus
2267 1554 2371 1611 hoc
2434 1553 2605 1611 fuisse
2674 1554 2994 1625 praeclarum
3035 1554 3248 1612 facinus
3291 1555 3415 1612 Filii
3452 1556 3572 1621 Dei,

2004 1646 2172 1702 recita
2206 1646 2581 1717 supradictum
2613 1646 2886 1716 psalmum
2932 1661 3165 1701 nonum.
3208 1644 3276 1702 Et
3294 1646 3340 1702 si
3372 1656 3423 1703 te
3446 1649 3573 1719 quis

336 1729 494 1799 μόνον
524 1728 573 1784 θ’
618 1731 853 1803 ψαλμόν.
911 1732 1022 1788 Καὶ
1062 1733 1160 1788 ὲάν
1190 1732 1312 1789 λίαν
1365 1734 1426 1788 σέ
1472 1751 1558 1799 τις
1607 1735 1888 1808 ταράσσειι

2003 1750 2152 1793 metu
2182 1737 2510 1793 conturbare
2537 1738 2794 1805 voluerit,
2825 1737 2965 1794 habe
2987 1747 3044 1792 tu
3092 1737 3347 1793 ﬁduciam
3384 1739 3440 1794 in
3467 1738 3574 1795 Do-

332 1820 509 1894 ιθέλη,
543 1822 634 1893 Ex:
689 1823 754 1878 σὺ
778 1823 878 1896 τὴν
909 1823 1235 1895 πεποίθησιν
1278 1826 1359 1890 είς
1397 1825 1488 1880 τὸν
1535 1825 1775 1900 Κύριον,
1806 1827 1888 1881 καῖ

2002 1823 2176 1891 mino,
2225 1832 2280 1878 et
2305 1824 2477 1895 psalle
2505 1825 2803 1881 decimum.
2842 1823 2981 1880 Cum
3036 1825 3332 1881 multorum
3381 1843 3569 1898 super.

329 1911 498 1982 ψάλλε
518 1913 610 1969 τὸν
643 1920 697 1967 ι’.
736 1914 906 1969 Ὅταν
931 1915 990 1970 δὲ
1011 1916 1113 1988 τὴν
1142 1916 1251 1971 τῶν
1283 1916 1493 1971 πολλῶν
1519 1917 1888 1989 ὑπερηφανίαν

1999 1913 2146 1970 biam
2190 1916 2396 1972 videris
2451 1916 2966 1987 improbitatemque
3014 1917 3238 1973 modum
3283 1918 3570 1985 excedere,

329 2003 445 2075 ἴδῃς
475 2004 571 2058 καὶ
589 2003 984 2070 πλεονάζουσαν
1005 2005 1105 2078 τήν
1128 2005 1349 2073 κακίαν,
1378 2005 1523 2060 ὥστε
1558 2006 1725 2078 μηδὲν
1753 2008 1888 2062 ὅσιον

1998 2003 2159 2063 ita'ut
2177 2005 2313 2062 nihil
2336 2017 2587 2065 sanctum
2613 2008 2669 2062 in
2699 2008 3015 2064 hominibus
3063 2009 3388 2080 reperiatur,
3439 2025 3570 2068 coa-

328 2094 414 2148 ἀπ’
446 2093 755 2167 ἀνθρώποις
786 2097 1069 2167 γενέσθαι,
1114 2098 1395 2169 κατάφυγε
1425 2099 1490 2153 σὺ
1533 2099 1629 2153 ἐπὶ
1657 2099 1749 2155 τδν
1783 2098 1888 2154 Κύ-

1997 2094 2125 2168 fuge
2167 2104 2225 2153 tu
2256 2098 2325 2153 ad
2369 2097 2684 2164 Dominum,
2721 2108 2776 2156 et
2812 2099 2902 2156 dic
2939 2098 3310 2156 undecimum.
3358 2099 3563 2169 Quodsi

331 2205 467 2260 ριον,
499 2189 595 2243 καὶ
618 2187 745 2259 λέγε
780 2189 872 2244 τὸν
902 2195 991 2245 ια’.
1050 2188 1499 2261 Ἐγχρονιζούσης
1535 2189 1593 2244 δὲ
1615 2190 1711 2262 τῆς
1745 2191 1888 2264 παρά

1995 2185 2272 2243 diuturnae
2302 2187 2415 2244 sint
2444 2187 2793 2246 inimicorum
2835 2189 3067 2258 insidiae,
3092 2206 3161 2247 ue
3204 2192 3391 2248 animo
3435 2192 3571 2249 del-

1995 2276 2139 2343 ciss,
2171 2278 2331 2350 quasi
2348 2276 2614 2337 Dominus
2649 2280 2722 2339 sit
2752 2280 2830 2337 tui
2858 2281 3082 2349 oblitus,
3122 2285 3217 2340 sed
3248 2284 3441 2341 invoca
3462 2283 3571 2340 Do—

1994 2366 2228 2435 minum,
2292 2382 2497 2424 canens
2536 2369 2810 2426 decimum
2843 2372 3168 2429 secundum.
3200 2372 3338 2429 Cum
3384 2386 3566 2432 autem

328 2462 419 2534 ιβ’.
460 2464 714 2519 Ἐπειδὰν
745 2464 1206 2537 βλασφημούντων
1240 2463 1403 2519 τινῶν
1438 2463 1581 2519 κατά
1615 2465 1716 2536 τῆς
1745 2465 1888 2537 Προ-

1997 2458 2264 2529 quosdam
2307 2460 2547 2517 audieris
2597 2461 3039 2533 blasphemantes
3087 2463 3348 2521 adversus
3374 2463 3566 2522 Brovi-

325 2553 475 2619 νοίας
503 2554 762 2627 ἀκούσῃς,
797 2555 874 2629 μὴ
904 2553 1147 2611 κοινώνει
1186 2554 1289 2627 μὲν
1318 2555 1500 2611 αὐτῶν
1540 2557 1610 2627 τῇ
1644 2555 1888 2628 ἀσεϐείᾳ,

1993 2549 2258 2619 dentiam,
2295 2551 2408 2606 noli
2447 2566 2636 2608 eorum
2688 2552 2954 2624 impietati
2991 2555 3435 2624 communicare;
3466 2556 3565 2613 sed

324 2643 673 2715 ὲντυγχάνων
690 2643 749 2699 δὲ
771 2644 853 2717 τῷ
883 2644 1022 2718 Θεῷ,
1044 2644 1170 2715 λέγε
1192 2645 1284 2700 τὸν
1318 2651 1386 2715 ιγ’
1411 2646 1507 2701 καὶ⁵
1523 2644 1623 2717 νβ’.
1650 2646 1760 2699 Καὶ
1778 2644 1888 2701 λοι-

1995 2640 2229 2698 Domino
2254 2644 2586 2715 supplicans,
2626 2643 2795 2702 recita
2817 2646 2887 2703 15
2910 2653 2965 2703 et
2995 2646 3086 2703 52.
3134 2646 3341 2715 Quodsi
3374 2655 3564 2720 postea

325 2736 425 2791 πδν
452 2736 549 2796 ἐὰν
581 2736 741 2810 θέλῃς
780 2735 972 2809 μαθεῖν
999 2737 1182 2803 ὁποῖός
1207 2739 1324 2793 ἔστι
1343 2738 1442 2810 τῆς
1471 2736 1749 2809 βασιλείας
1780 2737 1888 2793 τῶν

1990 2732 2235 2790 ediscere
2260 2735 2439 2807 cupis,
2467 2736 2774 2808 qualisnam
2821 2735 2895 2794 sit
2921 2737 3055 2794 civis
3072 2738 3238 2811 segni
3273 2739 3562 2807 caelorum,

325 2826 572 2898 οὐρανῶν
586 2829 621 2882 ό
641 2827 888 2900 πολίτης,
909 2827 1080 2900 ψάλλε
1101 2828 1195 2883 τδν
1225 2828 1307 2884 ιδ’.
1990 2824 2161 2896 psalle
2191 2825 2277 2880 14.

396 2918 483 2985 ιζ’.
529 2920 846 2993 Προσευχῆς
895 2937 978 2976 σοι
1008 2920 1167 2993 χρεία
1204 2919 1294 2976 διά
1322 2920 1449 2987 τοὺς
1496 2920 1888 2994 ἀνθεστηκότας

1994 2953 2026 2971 ..
2062 2916 2152 2972 17.
2192 2915 2451 2974 Oratione
2493 2933 2631 2990 opus
2680 2928 2766 2975 est
2802 2920 2898 2976 tibi
2943 2930 3168 2993 propter
3215 2921 3562 2981 adversarios

324 3029 407 3066 σοι
437 3013 534 3067 καὶ⁵
556 3013 904 3085 περιέχοντας
933 3029 1026 3067 σου
1050 3013 1148 3087 τὴν
1171 3012 1368 3087 ψυχὴν,
1394 3011 1487 3086 ᾆδε
1521 3014 1614 3070 τὸν
1654 3020 1751 3080 ις’,
1795 3014 1888 3068 καὶ

1992 3014 2134 3076 tuos,
2169 3018 2224 3065 et
2262 3023 2394 3076 eos,
2430 3010 2526 3081 qui
2555 3010 2896 3069 circumdant
2941 3013 3178 3068 animam
3210 3020 3361 3070 tuam
3385 3054 3402 3081 ,
3426 3031 3563 3071 cane

320 3103 412 3157 τὸν
438 3110 545 3170 m’,
574 3104 669 3162 καὶ
698 3105 790 3158 τὸν
820 3103 929 3171 πζ¹,
965 3105 1059 3159 καὶ
1091 3105 1181 3159 τὸν
1216 3112 1325 3177 ρμ¹.
1375 3105 1537 3160 Ἀλλά
1579 3105 1751 3170 θέλεις
1787 3122 1888 3177 μα·-

1994 3097 2064 3154 16
2086 3139 2102 3163 ,
2138 3099 2242 3166 85,
2275 3099 2347 3156 87
2374 3108 2429 3155 et
2456 3099 2581 3155 140.
2612 3100 2685 3157 At
2723 3100 2808 3158 vis
2858 3103 3000 3159 scire
3043 3105 3317 3175 quomodo
3345 3104 3562 3177 Moyses

320 3194 455 3260 θεῖν,
495 3193 614 3259 πῶς
645 3194 887 3265 Μωῦσῆς
911 3193 1274 3265 προσηύξατο,
1305 3194 1449 3266 ἔχεις
1467 3194 1558 3250 τὸν
1594 3195 1704 3249 πθ’.
1747 3194 1886 3248 Ἀλλ’

1989 3191 2246 3257 oraverit,
2274 3190 2446 3248 habes
2477 3192 2871 3263 octogesimum
2913 3210 3138 3250 nonum.
3171 3194 3457 3253 Liberatus
3496 3212 3559 3253 es

328 2280 438 2335 τῶν
463 2280 675 2356 ἐχθρῶν
702 2280 993 2354 ἐπιϐουλῆς
1009 2321 1025 2347 ,
1069 2281 1145 2354 μὴ
1172 2281 1429 2355 ὀλιγώρει
1469 2280 1546 2346 ὡς
1584 2281 1895 2353 ὲπιλησθεὶς

327 2372 482 2447 παρά
504 2372 585 2445 τῷ
608 2372 747 2446 Θεῷ,
772 2374 909 2431 ἀλλά
934 2373 1239 2445 παρακάλει
1273 2373 1365 2429 τὸν
1395 2372 1602 2445 Κύριον
1634 2372 1778 2447 ᾅδων
1800 2372 1896 2428 τὸν

317 3284 531 3356 ἐσώθης
555 3285 665 3339 ἀπὸ
683 3285 792 3339 τῶν
821 3284 1030 3357 ἐχθρῶν
1061 3302 1176 3351 σου,
1203 3284 1298 3339 καὶ
1340 3284 1613 3357 ὲῤῥύσθης
1643 3286 1752 3339 ἀπὸ
1778 3284 1887 3339 τῶν

317 3375 617 3431 διωκόντων
644 3392 725 3442 σε,
881 3377 976 3430 καὶ
1008 3377 1073 3430 σὺ
1098 3377 1189 3431 τὸν
1222 3375 1286 3441 ιζ’
1309 3376 1540 3448 ψαλμόν.
1574 3376 1887 3447 Θαυμάξεις

315 3465 415 3535 τὴν
440 3465 544 3536 τῆς
562 3465 793 3529 κτίσεως
818 3464 990 3533 τάξιν,
1025 3464 1117 3519 καὶ
1164 3465 1263 3538 τὴν
1289 3468 1370 3530 είς
1398 3464 1569 3537 αὐτὴν
1606 3465 1704 3537 τῆς
1741 3466 1885 3537 Προ-

315 3557 460 3621 νοίας
500 3557 687 3629 χάριν,
722 3555 817 3610 τοῦ
864 3573 925 3609 τε
965 3555 1131 3628 νόμου
1176 3557 1246 3611 τά
1289 3555 1410 3628 ίερά
1463 3556 1882 3629 προστάγματα,

310 3648 482 3719 ψάλλε
504 3650 597 3703 τὸν
625 3655 693 3720 ιη’
717 3649 812 3702 καὶ
836 3647 926 3701 τὸν
948 3654 1054 3717 κγ’.
1084 3647 1443 3719 Θλιὸομένους
1484 3647 1543 3701 δὲ
1581 3647 1745 3719 ὁρῶν,
1776 3665 1883 3702 πα-

314 3740 540 3812 ρακάλει
561 3738 803 3805 τούτους,
825 3739 1187 3812 ἐπευχόμενος
1208 3739 1302 3793 καί¹
1328 3739 1501 3809 λέγων
1522 3740 1707 3803 αὐτοῖς
1727 3739 1799 3793 τὰ
1826 3723 1885 3796 ἐν

308 3832 387 3903 τῷ
414 3833 479 3886 ιθ¹
504 3831 708 3902 ψαλμῶ
738 3832 977 3903 ῥήματα.
1026 3832 1190 3903 Ὁρᾷς
1224 3829 1447 3883 σεαυτὸν
1468 3829 1885 3902 ποιμαινόμενον

309 3926 405 3982 καὶ
435 3924 784 3995 εὐοδούμενον
808 3923 959 3994 παρὰ
992 3922 1086 3978 τοῦ
1103 3923 1332 3995 Κυρίου,
1354 3922 1561 3993 χαίρων
1592 3922 1684 3976 ἐπὶ
1711 3925 1886 3994 τούτῳ

307 4016 475 4087 sane
501 4015 595 4070 τὸν
615 4015 721 4088 κβκ
747 4018 810 4070 υἱ
837 4015 1021 4087 ἐχθροὶ
1052 4014 1179 4087 περὶ
1210 4014 1291 4081 σὲ,
1316 4013 1452 4070 ἀλλά
1482 4015 1548 4068 σὺ
1577 4013 1677 4085 τὴν
1706 4013 1884 4086 ψυχὴν

308 4105 553 4177 ἐπαίρων
586 4105 724 4177 πρὸς
750 4104 916 4169 Θεὸν,
963 4103 1089 4173 λέγε
1114 4103 1204 4158 τὸν
1239 4103 1338 4167 κδ’,
1382 4103 1478 4157 καὶ
1512 4101 1632 4173 ὄψει
1662 4103 1884 4167 τούτους

306 4193 758 4265 ἁμαρτάνοντας
786 4192 1086 4261 διακενῆς.
1151 4194 1531 4263 Ἐπιμένουσιν
1585 4196 1634 4248 οἱ
1677 4194 1880 4267 ἐχθροὶ,

306 4286 457 4339 οὐδὲν
481 4287 671 4357 ἕτερον
696 4285 730 4356 ἢ
762 4285 861 4350 τὰς
886 4287 1072 4356 χεῖρας
1106 4284 1318 4356 ἔχοντες
1347 4286 1593 4357 αἱμάτων
1633 4286 1880 4358 πλήρεις,

306 4377 400 4430 καὶ
434 4373 727 4447 ζητοῦντες
750 4372 972 4428 ὲλκῢσαί
1006 4391 1067 4427 σε
1094 4374 1191 4427 καὶ
1220 4374 1515 4439 ἀπολέσαι,
1545 4374 1618 4446 μὴ
1647 4373 1752 4445 δῷς
1788 4377 1883 4428 ἀν-

1986 3282 2056 3337 ab
2090 3281 2326 3338 inimicis
2378 3283 2490 3339 tuis
2537 3293 2594 3339 et
2634 3293 2882 3341 servatus
2915 3301 2948 3341 ι
2990 3286 3441 3357 persequentibus
3471 3297 3556 3354 te,

1986 3385 2123 3426 cane
2166 3381 2221 3427 et
2252 3381 2309 3427 tu
2350 3373 2625 3429 decimum
2666 3375 2955 3445 septimum
3002 3378 3294 3447 psalmum.
3344 3377 3561 3433 Miraris

1984 3470 2192 3518 natura:
2219 3463 2463 3520 ordinem
2502 3473 2556 3520 et
2584 3464 2944 3523 Providentiae
2971 3469 3200 3540 gratiam
3228 3469 3285 3524 in
3314 3469 3406 3525 illa
3424 3512 3440 3537 ,
3470 3471 3552 3525 le-

1983 3554 2174 3624 gisque
2207 3570 2361 3611 sacra
2383 3566 2672 3626 praecepta,
2695 3559 2866 3628 psalle
2899 3560 2966 3615 18
2988 3566 3042 3615 et
3068 3560 3159 3615 25.
3192 3559 3329 3616 Cum
3354 3562 3558 3617 videris

1985 3643 2233 3713 amictos,
2266 3647 2553 3703 consolare
2590 3648 2714 3704 illos
2742 3649 2879 3705 bene
2903 3652 3194 3721 precando,
3226 3667 3291 3708 ac
3327 3652 3555 3709 dicendo

1984 3736 2091 3793 illis
2119 3738 2281 3794 verba
2315 3739 2512 3795 decimi
2550 3741 2681 3796 noni
2720 3741 2937 3811 psalmi.
2973 3740 3135 3798 Vides
3168 3750 3223 3797 te
3250 3758 3281 3797 a
3323 3741 3557 3802 Domino

1983 3829 2134 3897 pasci
2181 3843 2245 3883 ac
2271 3829 2454 3900 dirigi,
2484 3831 2590 3886 hac
2623 3831 2679 3885 in
2703 3846 2762 3886 re
2794 3833 3034 3901 gaudens
3061 3832 3231 3903 psalle
3256 3833 3348 3888 22.
3392 3832 3553 3887 Inva-

1984 3919 2119 3974 dunt
2144 3927 2194 3973 te
2228 3920 2437 3974 inimici
2467 3921 2569 3987 tui,
2596 3931 2653 3975 at
2684 3930 2741 3976 tu
2763 3922 3001 3976 animam
3026 3923 3240 3993 erigens
3269 3922 3336 3978 ad
3369 3922 3554 3978 Domi-

1983 4022 2112 4060 num
2139 4007 2226 4062 dic
2263 4008 2357 4073 24,
2392 4018 2448 4063 et
2487 4008 2696 4064 videbis
2746 4011 2921 4080 inique
2959 4021 3168 4081 agentes
3214 4027 3547 4081 supervacue.

1980 4094 2310 4167 Exspectant
2333 4098 2540 4153 inimici
2561 4139 2576 4165 ,
2605 4099 2740 4153 nihil
2770 4100 3031 4154 habentes
3062 4100 3209 4157 aliud
3235 4117 3399 4172 quam
3429 4118 3550 4157 ma—

1983 4201 2088 4239 nus
2113 4186 2378 4257 sanguine
2421 4186 2638 4255 plenas,
2685 4202 2750 4242 ac
2794 4196 3104 4256 quaerentes
3144 4195 3199 4241 te
3243 4202 3439 4242 vexare
3486 4203 3552 4244 ac

1980 4277 2223 4346 perdere,
2255 4292 2323 4332 ne
2342 4277 2555 4333 deferas
2583 4278 2792 4332 homini
2812 4278 3100 4347 judicium,
3126 4288 3377 4348 suspecta
3402 4278 3546 4334 enim

1982 4375 2112 4424 sunt
2152 4370 2334 4438 omnia
2365 4369 2641 4437 humana;
2675 4370 2770 4425 sed
2797 4369 2966 4425 Deum
2992 4369 3228 4439 judicem
3263 4372 3547 4440 postulans

534 4467 598 4521 τὸ
618 4469 790 4539 κρῖμα
816 4465 1055 4537 (ὕποπτα
1081 4468 1189 4539 γὰρ
1208 4467 1385 4520 πάντα
1415 4466 1484 4520 τά
1510 4464 1878 4538 ἀνθρώπινα)ο

1989 4458 2155 4528 (solus
2198 4460 2342 4514 enim
2372 4460 2463 4514 ille
2496 4460 2724 4530 judex),
2760 4460 2850 4515 dic
2892 4459 2998 4525 25,
3025 4461 3133 4525 54,
3156 4461 3244 4516 42.
3284 4460 3342 4516 Si
3369 4462 3549 4516 acrius

308 4559 446 4613 ἀλλά
479 4560 574 4613 τὸν
604 4558 737 4612 Θεδν
772 4559 939 4625 ἀξιῶν
991 4559 1185 4632 κριτὴν
1228 4557 1481 4627 γενέσθαι
1521 4556 1723 4628 (μόνος
1769 4557 1879 4629 γάρ

305 4652 469 4721 αὐτὸς
499 4650 762 4722 δίκαιος),
788 4650 914 4719 λέγε
941 4651 1010 4705 τὰ
1042 4653 1101 4704 ὲν
1133 4649 1211 4721 τῷ
1258 4656 1336 4704 κε’
1358 4689 1373 4713 ,
1405 4648 1499 4703 καὶ
1526 4650 1617 4704 τὸν
1663 4649 1758 4714 λδ¹,
1784 4651 1879 4703 καὶ

304 4744 395 4797 τὸν
418 4743 528 4814 “pa
573 4742 697 4809 Ἐἀν
729 4742 787 4797 δὲ
814 4742 909 4796 καὶ
928 4740 1259 4814 τραχύτερον
1288 4739 1605 4806 ὲπίθωνται,
1628 4742 1721 4794 καὶ
1749 4741 1881 4811 πλῆ-

305 4832 395 4897 θος
415 4833 493 4897 ὡς
517 4832 859 4904 παρεμϐολαὶ
887 4832 1149 4901 γένωνται
1171 4834 1218 4885 οἱ
1244 4830 1448 4903 ἐχθροὶ,
1479 4830 1879 4902 καταφρονοῦν-

304 4939 392 4986 τες
435 4922 514 4986 ὡς
572 4924 736 4994 μήπω
770 4939 862 4975 σου
896 4921 1227 4993 χρισθέντος,
1261 4920 1357 4973 καὶ
1400 4920 1489 4974 διὰ
1526 4918 1685 4973 τοῦτο
1719 4920 1876 4974 πολε-

308 5017 428 5083 μεῖν
454 5013 759 5077 ὲθέλοντες’
793 5014 866 5085 μὴ
888 5012 1117 5084 πτήξῃς,
1147 5010 1259 5065 ἀλλ’
1408 5011 1499 5065 τὸν
1529 5018 1621 5076 κς¹
1642 5011 1873 5081 ψαλμόν.

317 5104 533 5175 Ἐπειδὴ
574 5104 633 5164 δὲ
663 5103 897 5176 ἀσθενής
952 5107 1100 5158 ἐστιν
1153 5104 1188 5175 ἡ
1216 5103 1378 5172 φύσις
1402 5103 1511 5158 τῶν
1551 5101 1872 5175 ἀνθρώπων,

306 5196 398 5251 ἑὰν
422 5196 587 5250 πάλιν
628 5196 1053 5266 ἀναισχυντῶσιν
1092 5197 1143 5250 οἱ
1178 5195 1645 5261 ἐπιϐουλεύοντες,
1682 5196 1769 5249 ἵνα
1799 5195 1873 5267 μὴ

305 5288 439 5358 πρὸς
463 5288 711 5351 ἐκείνους
735 5286 867 5358 ἔχῃς
885 5287 983 5357 τὴν
1015 5286 1229 5358 σχολὴν,
1258 5285 1428 5358 κράζε
1451 5287 1587 5359 πρὸς
1607 5286 1697 5342 τὸν
1720 5286 1871 5351 Θεὸν,

304 5375 471 5447 λέγων
502 5378 572 5434 τὰ
596 5380 655 5432 ὲν
684 5378 764 5449 τῷ
793 5377 893 5442 κζ’.
933 5380 1044 5432 Καὶ
1079 5377 1175 5431 ἐὰν
1206 5378 1365 5449 θέλῃς
1392 5379 1730 5450 εὐχαριστῶν
1767 5394 1872 5447 μα-

309 5467 414 5522 θεῖν
464 5469 583 5534 πῶς
636 5469 721 5523 δεῖ
750 5469 1078 5539 προσφέρειν
1115 5467 1193 5539 τῷ
1240 5470 1452 5541 Κυρίῳ,
1482 5469 1687 5541 νοητῶς
1737 5469 1873 5523 νοῶν

306 5557 465 5627 eam
491 5560 587 5616 τὸν
617 5565 729 5630 κη’.
754 5560 863 5612 Καὶ
889 5559 1072 5613 λοιπὸν
1117 5558 1438 5627 ἐγκαινίζων
1480 5559 1570 5613 τὸν
1603 5555 1747 5616 οἶκόν
1780 5576 1871 5613 σου

310 5649 401 5719 τήν
423 5667 484 5703 τε
512 5650 697 5721 ψυχὴν
719 5648 820 5719 τὴν
846 5649 937 5701 τὸν
958 5649 1160 5720 Κύριον
1183 5648 1583 5720 ὑποδεχομένην
1607 5688 1621 5711 ,
1656 5649 1749 5701 καὶ
1781 5649 1872 5702 τὸν

312 5745 610 5811 σωματικὸν
638 5736 814 5805 οἶκον,
842 5742 898 5793 έν
920 5732 963 5807 ᾧ
994 5738 1320 5810 σωματικῶς
1365 5742 1634 5802 κατοικεῖς
1655 5779 1668 5803 ,
1707 5740 1870 5810 εύχαο

1981 4550 2186 4606 instent
2230 4560 2285 4606 et
2334 4566 2447 4622 pra:
2486 4551 2833 4606 multitudine
2860 4554 3016 4622 quasi
3051 4553 3324 4607 exercitus
3346 4552 3549 4609 fuerint

1980 4643 2206 4708 inimici,
2241 4653 2294 4698 te
2322 4653 2579 4712 tanquam
2613 4644 2854 4699 nondum
2889 4654 3110 4700 unctum
3155 4645 3543 4715 despicientcs,

1980 4738 2213 4808 ideoque
2244 4752 2558 4808 oppugnare
2597 4739 2796 4802 velint;
2835 4754 2904 4793 ne
2946 4736 3238 4806 formides,
3285 4740 3377 4795 sed
3412 4754 3547 4796 cane

1978 4830 2300 4885 vicesimum
2357 4837 2570 4884 sextum
2606 4829 2900 4899 psalmum.
2948 4829 3019 4883 At
3061 4830 3317 4899 quoniam
3370 4830 3545 4887 imbe-

1978 4922 2100 4976 cilla
2129 4930 2213 4977 est
2248 4921 2532 4975 hominum
2576 4929 2769 4975 natura
2793 4959 2809 4986 ,
2846 4920 2891 4975 si
2915 4919 3256 4990 impudenter
3288 4921 3546 4977 insistant

1979 5011 2356 5077 insidiatores,
2409 5027 2478 5067 ne
2514 5012 2760 5065 attendas
2805 5011 2941 5081 ipsis
2965 5052 2981 5077 ,
3014 5011 3107 5065 sed
3152 5011 3219 5065 ad
3252 5010 3542 5067 Dominum

1977 5103 2172 5166 clama,
2192 5104 2380 5158 dicens
2406 5104 2570 5158 verba
2600 5101 2843 5157 vicesimi
2870 5102 3105 5171 septimi.
3133 5100 3285 5168 Quod
3327 5102 3373 5156 si
3420 5116 3541 5170 gra-

1975 5193 2081 5248 tias
2106 5192 2312 5263 agendo
2339 5193 2581 5247 ediscere
2607 5192 2761 5256 velis,
2783 5191 3060 5261 quomodo
3088 5198 3330 5263 oporteat
3351 5188 3543 5245 oll‘erre

1978 5281 2240 5347 Domino,
2265 5281 2619 5351 spiritualiter
2657 5280 2961 5351 intelligens
3004 5278 3174 5348 psalle
3222 5276 3541 5360 vicesimum

1975 5383 2247 5429 octavum.
2279 5372 2346 5427 Et
2389 5373 2607 5427 demum
2647 5388 2771 5427 cum
2820 5372 3041 5427 domum
3089 5380 3233 5422 tuam
3281 5367 3538 5434 dedicas,

1975 5464 2080 5518 hoc
2108 5472 2192 5518 est
2222 5464 2460 5517 animam
2493 5472 2663 5526 tuam,
2694 5477 2815 5532 quae
2843 5460 3133 5515 Dominum
3161 5457 3398 5529 excipit,
3426 5459 3537 5512 imo

1973 5551 2286 5608 sensibilem
2337 5552 2556 5608 domum
2580 5593 2595 5619 ,
2648 5551 2703 5605 in
2737 5564 2843 5619 qua
2891 5547 3245 5615 corporaliter
3285 5547 3495 5601 habitas
3519 5588 3537 5613 ,

1972 5644 2177 5715 gratias
2206 5660 2324 5715 age,
2358 5654 2410 5707 et
2432 5645 2517 5700 dic
2550 5642 2865 5700 vicesimum
2890 5652 3114 5706 nonum,
3136 5647 3190 5695 et
3215 5653 3279 5695 ex
3306 5638 3535 5709 gradus.

1973 5737 2121 5795 libus
2152 5735 2278 5803 126,

317 5829 491 5899 Dioren,
524 5834 621 5888 καὶ
655 5831 785 5900 λέγε
825 5831 912 5885 τόν
939 5848 996 5884 τε
1022 5830 1101 5885 κθ¹
1147 5836 1239 5887 καὶ
1267 5832 1357 5886 τον
1399 5833 1456 5886 ἐν
1495 5834 1604 5896 τοῖς
1633 5833 1962 5907 ἀναϐαθμοῖς
1998 5839 2140 5907 ρκς’.
