3944 6220
398 366 464 423 ει
486 366 492 372 ’
1235 358 1324 418 8.ν”
1336 361 1712 418 ATHANASII
1750 360 1901 419 OPP.
1942 357 1961 412 l

2066 359 2128 414 ιδ
2166 359 2248 414 Ill.
2290 390 2357 400 —
2396 357 2805 413 EXEGETICA.
3564 361 3635 416 5%

474 485 562 542 18.
603 486 738 543 Cum
763 494 943 541 autem
969 492 1018 539 te
1040 483 1109 539 ab
1132 482 1385 539 omnibus
1437 484 1630 540 amicis
1654 493 1708 539 et
1725 484 1961 554 cognatis

2146 478 2233 550 ιη’.
2271 479 2439 531 Ὅταν
2465 477 2522 530 δὲ
2556 476 2750 530 σαυτὸν
2785 475 2872 528 διὰ
2910 474 3007 543 τὴν
3032 472 3286 545 ἀλήθειαν
3313 473 3634 545 μισούμενον

408 586 627 648 propter
671 576 951 630 verit-atem
987 574 1113 628 odio
1140 572 1326 628 haberi
1356 575 1717 645 perspexeris,
1751 588 1819 628 ne
1851 573 1967 641 ejus

407 668 478 722 rei
513 682 679 724 causa
720 667 963 721 animum
991 665 1352 736 despondeas,
1397 679 1571 736 neque
1596 674 1776 728 notos,
1801 665 1891 735 qui
1918 674 1969 718 te

406 766 745 825 aversantur,
779 756 1126 823 reformides,
1158 758 1250 812 sed
1277 756 1346 810 ab
1376 756 1486 811 illis
1521 765 1573 809 te
1603 770 1891 826 segregans
1915 763 1970 808 et

404 851 588 904 futura
646 849 979 918 respiciens,
1030 848 1201 917 psalle
1255 847 1609 903 tricesimum.
1663 846 1969 916 Baptizatos

405 952 585 996 autem
632 952 686 997 et
711 958 742 997 a
771 941 1113 1012 corruptibili
1139 941 1487 1012 generatione
1512 939 1818 1008 redemptos
1843 954 1965 992 cum

405 1033 638 1099 videris,
670 1030 764 1087 Dei
798 1033 1143 1087 clementiam
1190 1030 1508 1094 admirans,
1566 1043 1700 1084 cane
1752 1027 1966 1081 illorum

405 1127 579 1194 gratia
632 1127 966 1179 tricesimum
1019 1124 1276 1195 primum.
1333 1122 1562 1189 Quando
1606 1136 1731 1177 cum
1782 1119 1968 1174 multis

405 1216 634 1286 psallere
683 1215 1150 1285 volueris,justos
1212 1214 1359 1269 viros
1418 1220 1473 1268 et
1519 1213 1685 1283 probe
1725 1211 1969 1265 viventes

407 1322 744 1379 congregans
770 1346 785 1369 ,
815 1306 983 1375 psalle
1020 1304 1355 1360 tricesimum
1386 1301 1706 1357 secundum.
1743 1302 1881 1356 Cum
1912 1301 1967 1354 in

408 1398 591 1453 hostes
621 1397 893 1460 incideris,
927 1405 981 1451 et
1016 1396 1310 1465 prudenter
1345 1395 1465 1449 illos
1498 1392 1778 1463 eﬂ‘ugeris,
1806 1400 1970 1461 atque

407 1488 763 1545 di-tlinaveris
816 1487 885 1542 ab
940 1501 1129 1540 eorum
1183 1484 1429 1551 insidiis;
1477 1484 1522 1538 si
1576 1483 1709 1537 velis
1765 1483 1969 1552 gratias

407 1595 596 1648 agere,
627 1578 770 1637 viros
809 1585 1120 1633 mansuetos
1150 1589 1488 1644 congregans
1511 1615 1526 1638 ,
1565 1574 1733 1642 psalle
1755 1589 1877 1628 cum
1901 1574 1968 1628 iis

405 1669 742 1723 tricesimum
788 1671 1024 1722 tertium.
1062 1669 1130 1722 Et
1174 1667 1218 1720 si
1251 1665 1451 1720 videris
1490 1665 1802 1734 iniquorum
1838 1681 1965 1735 erga

407 1762 671 1814 malitiam
703 1759 972 1825 studium,
1009 1774 1076 1812 ne
1124 1757 1402 1812 existimes
1431 1756 1692 1811 malitiam
1740 1756 1791 1810 in
1831 1756 1966 1827 ipsis

2075 571 2520 641 xa‘tBthdpevov
2550 569 2698 639 παρὰ
2728 566 2943 622 πάντων
2971 567 3079 619 τῶν
3104 584 3163 619 τε
3196 567 3364 636 φίλων
3393 566 3486 619 καὶ
3514 583 3636 633 συγ-

2072 661 2243 730 γενῶν
2270 661 2493 733 βλέπῃς,
2529 660 2602 731 μὴ
2629 659 2838 722 τούτοις
2863 657 2993 729 μηδέ
3020 656 3196 727 σαυτῷ
3225 657 3502 711 κατανοῶν
3521 657 3633 710 όλι-

2073 754 2348 826 γωρήσῃς,
2374 752 2517 823 μηδ’,
2549 751 2616 805 ἂν
2645 751 2772 813 τοὺς
2808 750 3114 820 γνωρίμους
3164 748 3279 822 ἴδῃς
3305 749 3637 821 ἀποστρεφο-

2077 842 2271 914 μένους
2295 860 2375 907 σε,
2403 841 2629 914 πτήξῃς,
2655 840 2769 895 ἀλλ’
2791 839 2988 902 ἐκστὰς
3016 839 3122 892 ἀπὸ
3146 839 3368 904 τούτων,
3396 839 3488 893 καὶ
3511 855 3637 892 σκοο

2076 934 2192 989 πῶν
2221 934 2289 987 τὰ
2315 932 2596 1004 μέλλοντα,
2630 933 2796 1003 ψάλλε
2823 932 2913 985 τὸν
2946 932 3009 985 λ’.
3040 932 3176 994 Τοὺς
3204 931 3261 986 δέ
3307 930 3637 1002 βαπτιζομέ-

2073 1040 2196 1089 νους
2247 1006 2342 1077 καὶ
2368 1022 2765 1095 λυτρουμένους
2822 1020 2930 1074 ἀπὸ
2957 1021 3057 1091 τῆς
3087 1019 3331 1092 φθαρτῆς
3369 1021 3635 1088 γενέσεως

2074 1115 2306 1186 βλέπων,
2334 1117 2429 1169 καὶ
2457 1113 2745 1185 θαυμάζων
2767 1114 2866 1185 τὴν
2908 1111 3001 1166 τοῦ
3034 1112 3168 1166 Θεοῦ
3207 1111 3633 1184 φιλανθρωπίαν,

2073 1204 2165 1280 ᾆδε
2185 1209 2265 1270 είς
2293 1206 2535 1270 ἐκείνους
2564 1206 2653 1260 τὸν
2685 1204 2786 1258 λα’.
2828 1205 2938 1257 Καὶ
2962 1206 3089 1258 ὅταν
3122 1203 3219 1274 μὲν
3242 1202 3463 1272 ψάλλειν
3498 1202 3637 1274 μετὰ

2074 1299 2282 1353 πολλῶν
2311 1298 2522 1372 ἐθέλῃς,
2553 1298 2678 1361 τοὺς
2699 1297 2937 1359 δικαίους
2968 1296 3163 1368 ἄνδρας
3187 1297 3280 1349 καὶ
3305 1297 3429 1359 τοὺς
3444 1294 3636 1366 ὀρθοὺς

2071 1389 2150 1460 τῷ
2170 1388 2269 1460 βίῳ
2296 1387 2614 1457 συναγαγὼν
2638 1428 2653 1451 ,
2691 1387 2818 1456 λέγε
2848 1386 2942 1440 καὶ
2975 1386 3039 1441 σὺ
3067 1386 3158 1439 τὸν
3192 1385 3292 1458 λβ’.
3350 1385 3635 1457 Ἐμπεσὼν

2071 1479 2127 1533 δὲ
2177 1481 2258 1542 είς
2288 1479 2415 1542 τοὺς
2448 1478 2707 1550 ἐχθροὺς,
2740 1477 2836 1531 καὶ
2880 1474 3060 1545 σοφῶς
3114 1476 3306 1539 αὐτοὺς
3337 1461 3633 1545 διαφυγὼν,

2074 1568 2168 1623 καὶ
2194 1569 2448 1632 ἐκκλίνας
2469 1568 2578 1622 ἀπὸ
2603 1567 2702 1638 τῆς
2730 1566 3019 1636 ἐπιϐουλῆς
3045 1565 3243 1631 αὐτῶν,
3274 1567 3323 1618 εί
3355 1564 3527 1628 θέλεις
3547 1564 3636 1618 εύ-

2071 1665 2415 1738 χαριστῆσαι,
2444 1661 2784 1731 συγκαλέσας
2806 1660 2932 1723 τοὺς
2962 1661 3154 1730 πραεῖς
3185 1656 3402 1728 ἄνδρας,
3430 1654 3518 1710 ἐπ’
3540 1657 3635 1710 αὑ-

2070 1755 2178 1809 τῶν
2205 1753 2372 1826 ψάλλε
2401 1753 2491 1808 τὸν
2518 1753 2619 1822 λγθ.
2643 1750 2753 1805 Καὶ
2782 1749 2876 1804 ἐὰν
2908 1749 3021 1821 ἴδῃς
3048 1748 3154 1802 τῶν
3176 1746 3633 1820 παρανομούντων

407 1851 707 1906 naturalem
739 1865 861 1905 esse
884 1890 898 1914 ,
929 1857 989 1902 ut
1018 1849 1255 1902 haeretici
1289 1847 1476 1914 aiunt,
1509 1848 1602 1902 sed
1629 1847 1717 1902 die
1754 1847 1961 1902 tricesi-

2068 1850 2165 1921 τὴν
2191 1850 2283 1902 ἐπὶ
2306 1847 2367 1900 τὸ
2392 1846 2559 1902 κακὸν
2593 1843 2920 1915 φιλονεικίαν
2951 1881 2966 1906 ,
3004 1842 3078 1914 μὴ
3132 1839 3317 1912 νόμιζε
3365 1843 3423 1896 ἐν
3452 1840 3635 1901 αὐτοῖς

405 1959 553 1996 mum
581 1943 853 2014 quintum,
896 1941 1208 2011 videbisque
1249 1941 1395 2010 ipsos
1429 1940 1528 1994 sibi
1566 1941 1826 2010 peccandi
1864 1955 1967 1994 au-

405 2044 580 2091 ctores
603 2049 743 2090 esse.
765 2034 822 2089 Si
846 2034 1121 2104 improbos
1139 2033 1343 2088 ‘videris
1371 2032 1538 2087 multa
1566 2033 1748 2103 inique
1775 2047 1969 2103 perpe-

407 2134 570 2191 trare,
595 2134 756 2195 atque
780 2125 1068 2180 adversum
1097 2124 1322 2195 pusillos
1347 2124 1624 2197 insurgere
1644 2165 1659 2190 ,
1695 2132 1750 2177 et
1776 2125 1965 2179 volue—

408 2215 486 2271 ris
531 2216 744 2285 aliquos
799 2215 1090 2270 admonere
1140 2229 1209 2268 ne
1256 2214 1388 2284 ipsis
1442 2215 1755 2278 attendant,
1794 2229 1969 2283 neque

407 2306 730 2361 :eznulentur
760 2306 905 2372 illos,
942 2306 1070 2376 quia
1091 2304 1241 2360 brevi
1283 2306 1524 2360 futurum
1572 2315 1654 2361 est
1687 2315 1748 2360 ut
1770 2306 1969 2360 exstin-

406 2410 667 2472 guantur,
708 2411 814 2454 tam
851 2400 949 2455 tibi
1002 2399 1106 2470 ipsi
1154 2415 1317 2471 quam
1359 2400 1487 2456 aliis‘
1518 2399 1605 2456 die
1638 2402 1966 2457 tricesimum

402 2502 638 2550 Sextutn.

472 2712 559 2767 19.
601 2712 737 2766 (lum
774 2725 942 2781 porro,
989 2712 1083 2768 tibi
1129 2713 1406 2770 attendere
1458 2714 1747 2783 statueris,
1800 2716 1848 2772 si
1893 2716 1967 2771 ir-

403 2805 648 2851 ruentem
681 2797 886 2852 videris
909 2798 1121 2853 hostem
1155 2818 1169 2853 :
1204 2815 1329 2854 nam
1361 2801 1622 2858 adversus
1654 2804 1964 2873 hujusmodi

400 2888 652 2944 homines
683 2889 863 2945 acrius
890 2890 980 2946 ille
1013 2891 1248 2963 insurgit
1275 2912 1288 2948 :
1323 2903 1480 2966 teque
1501 2896 1739 2952 volueris
1776 2898 1968 2953 adver-

402 2996 498 3035 sus
532 2979 685 3034 illum
721 2980 993 3045 excitare,
1029 2981 1119 3038 die
1150 2983 1482 3039 tricesimum
1531 2995 1782 3041 ortavum
1823 2986 1967 3056 psalo

401 3089 573 3128 mum.
625 3073 682 3127 Si
733 3073 1068 3131 irruentibus
1116 3076 1353 3133 inimicis
1396 3093 1670 3135 aerumnas
1699 3079 1962 3150 patiaris,

2071 1940 2211 1996 κατά
2247 1939 2405 2009 φύσιν
2453 1939 2551 2010 τὴν
2585 1936 2780 1991 κακίαν
2807 1930 2969 1998 εἶναι,
3004 1931 3091 1991 οἷα
3127 1933 3374 2002 λέγουσιν
3406 1933 3457 1986 oi
3486 1933 3635 2004 αἱρε-

2068 2031 2210 2086 τικοί
2231 2049 2245 2062 ο
2290 2029 2426 2084 ἀλλὰ
2480 2028 2602 2098 λέγε
2628 2027 2719 2083 τὸν
2763 2027 2858 2091 λε’,
2891 2025 2986 2081 καὶ
3033 2024 3175 2095 ὕψει,
3223 2025 3305 2077 ὅτι
3357 2022 3507 2076 αὐτοὶ
3537 2019 3632 2075 τοῦ

2070 2122 2402 2196 ἁμαρτάνειν
2431 2122 2565 2174 εἰσιν
2598 2119 2780 2174 αἴτιοι.
2822 2118 2946 2174 Ἐὰν
3000 2118 3058 2172 δέ
3092 2115 3259 2171 πολλὰ
3296 2114 3633 2187 πράττοντας

2068 2216 2243 2286 ἄνομα
2270 2213 2396 2277 τοὺς
2430 2213 2695 2285 πονηροὺς
2722 2210 2941 2282 βλέπῃς,
2985 2210 3079 2264 καὶ
3105 2208 3495 2280 ἐπαιρομένους
3538 2207 3633 2261 αύ-

2068 2306 2193 2369 τοὺς
2220 2304 2362 2359 κατὰ
2382 2302 2490 2357 τῶν
2520 2302 2751 2374 μικρῶν,
2782 2303 2877 2356 καὶ
2911 2301 3069 2374 θέλῃς
3101 2303 3385 2373 παραινεῖν
3411 2317 3522 2353 τισι
3556 2299 3631 2371 μὴ

2069 2395 2354 2467 προσέχειν
2388 2393 2617 2459 τούτοις,
2643 2393 2775 2464 μηδέ
2806 2390 3153 2464 παραζηλοΰν
3182 2391 3396 2456 αὐτοὺς,
3443 2389 3534 2444 διὰ
3569 2391 3634 2443 τὸ

2067 2484 2274 2555 ταχέως
2300 2483 2496 2545 αὐτοὺς
2538 2481 2999 2547 ἀποσϐέννυσθαι,
3026 2481 3152 2550 λέγε
3180 2480 3274 2534 καὶ
3313 2479 3496 2555 σαυτῷ
3536 2480 3633 2534 καὶ

2066 2578 2178 2641 τοῖς
2203 2575 2408 2646 ἑτέροις
2430 2574 2522 2629 τὸν
2550 2574 2659 2639 λς’.

2144 2708 2231 2764 ιθ¹.
2272 2707 2430 2762 Ἀλλὰ
2453 2706 2516 2777 δὴ
2534 2706 2628 2760 καὶ
2647 2705 2732 2772 σὺ,
2760 2704 3093 2777 προθέμενος
3122 2702 3405 2775 προσέχειν
3427 2701 3629 2774 σαυτῷ,

2068 2802 2161 2857 ἐὰν
2190 2801 2393 2874 βλέπῃς
2439 2797 2814 2868 ἐπιτιθέμενον
2844 2797 2934 2850 τὸν
2962 2795 3151 2868 ἐχθρὸν
3178 2794 3330 2869 (τότε
3355 2793 3463 2867 γὰρ
3489 2793 3629 2864 μᾶλ-

2066 2888 2155 2944 λον
2182 2888 2525 2959 ἐπεγείρεται
2548 2884 2689 2941 κατὰ
2714 2884 2821 2939 τῶν
2847 2883 3160 2955 τοιούτων),
3200 2883 3291 2937 καὶ
3314 2883 3476 2955 θέλῃς
3529 2884 3629 2936 ἐπ-

2066 2980 2306 3051 αλείφειν
2341 2979 2532 3032 σαυτὸν
2560 2977 2682 3032 κατ’
2707 2974 2891 3043 αὐτοῦ,
2920 2972 3014 3049 ᾇδε
3037 2974 3126 3030 τὸν
3154 2975 3232 3046 λη’
3267 2975 3495 3046 ψαλμόν.
3522 2975 3630 3028 Καὶ

2066 3074 2182 3141 ἐὰν,
2204 3073 2312 3126 τῶν
2332 3070 2538 3144 ἐχθρῶν
2567 3069 2978 3141 ἐπιτιθεμένων,
2996 3066 3271 3142 ὑπομένῃς
3285 3068 3382 3132 τὰς
3398 3067 3624 3137 θλίψεις,

406 3163 749 3234 volucrisque
773 3164 1038 3229 ediscere,
1067 3176 1266 3237 quanta
1286 3167 1358 3225 sit
1383 3168 1434 3223 in
1456 3168 1713 3240 patientia
1736 3170 1961 3233 utilitas.

2066 3166 2163 3220 καὶ
2213 3164 2371 3235 θέλῃς
2431 3162 2620 3234 μαθεῖν
2657 3161 2752 3233 τὴν
2803 3163 2868 3214 ἐκ
2901 3161 3000 3233 τῆς
3034 3161 3308 3232 ὑπομονῆς
3340 3160 3623 3229 ὠφέλειαν,

401 3255 576 3326 psalle
607 3256 941 3312 tricesimum
989 3273 1194 3312 nonum
1244 3260 1537 3330 psalmum.
1585 3261 1722 3328 Cum
1765 3263 1961 3321 multos

2066 3258 2233 3331 ψάλλε
2260 3256 2352 3312 τὸν
2398 3255 2475 3310 λθ¹
2511 3254 2743 3327 ψαλμόν.
2772 3254 2992 3309 Βλέπων
3025 3254 3083 3309 δέ
3125 3253 3349 3318 πολλοὺς
3393 3252 3627 3324 πένητας

404 3347 556 3403 vides
579 3363 846 3418 pauperes
871 3356 925 3402 et
953 3349 1231 3405 mendicos
1250 3390 1267 3416 ,
1291 3361 1559 3422 optasque
1584 3367 1774 3408 eorum
1800 3354 1965 3410 mise-

402 3439 535 3507 reri,
568 3440 772 3509 poteris
804 3440 1019 3509 quidem
1041 3458 1136 3498 eos
1159 3444 1250 3512 qui
1271 3443 1382 3513 jam
1408 3444 1528 3500 illos
1550 3446 1790 3501 miserati
1815 3456 1963 3514 sunt,

401 3532 645 3599 laudare,
670 3541 1003 3603 eaeterosque
1031 3535 1097 3590 ad
1122 3535 1356 3605 idipsum
1388 3537 1660 3592 cohortari
1686 3579 1705 3606 ,
1734 3540 1964 3598 dicendo

399 3624 670 3694 psalmum
696 3625 1192 3696 quadragesimum.
1223 3625 1427 3682 Deinde
1447 3628 1494 3682 si
1526 3644 1721 3701 magno
1752 3630 1845 3686 Dei
1871 3633 1963 3687 de-

401 3711 601 3771 siderio
620 3714 875 3784 ﬂagrans,
905 3716 1145 3772 audieris
1160 3717 1409 3773 inimicos
1423 3719 1813 3789 exprobrantes
1837 3722 1928 3776 tibi
1944 3764 1960 3790 ,

399 3821 469 3862 ne
500 3806 768 3874 turberis;
794 3807 889 3863 sed
911 3807 1159 3878 cogitans
1192 3808 1555 3865 immortalem
1584 3827 1652 3869 ex
1696 3812 1789 3867 tali
1818 3812 1963 3868 desi-

396 3897 552 3953 derio
581 3896 857 3962 fructum,
892 3906 1041 3953 tuam
1084 3914 1181 3967 spe
1228 3899 1284 3953 in
1320 3897 1490 3954 Deum
1532 3900 1817 3956 consolare
1844 3901 1963 3956 ani-

395 4006 564 4056 mam.
589 3998 644 4045 et
663 3990 742 4046 sic
764 3992 1008 4047 allevans
1040 3990 1462 4062 demulcensque
1492 3991 1729 4055 dolores,
1761 3994 1959 4063 quibus

396 4080 493 4134 illa
516 4079 784 4150 premitur
825 4080 880 4134 in
931 4080 1036 4135 hac
1080 4080 1226 4145 vita,
1258 4080 1346 4136 die
1386 4080 1450 4135 41
1498 4081 1787 4151 psalmum.
1819 4081 1957 4136 Cum

395 4171 614 4226 assidue
639 4173 954 4227 meminisse
982 4172 1222 4228 volueris
1257 4171 1644 4227 beneﬁciorum
1679 4171 1810 4239 Dei,
1837 4189 1959 4243 qua:

394 4262 638 4332 patribus
662 4263 859 4317 collata
888 4274 1036 4328 sunt,
1073 4273 1127 4317 et
1157 4262 1333 4318 exitus
1364 4278 1431 4317 es
1454 4261 1688 4335 Egypto
1707 4303 1721 4330 ,
1746 4278 1959 4319 necnon

395 4355 842 4411 commorationis
870 4355 924 4408 iu
952 4355 1263 4416 solitudine,
1288 4365 1342 4410 et
1370 4372 1532 4424 quam
1554 4356 1761 4411 scilicet
1782 4357 1958 4413 bonus

395 4450 468 4505 sit
499 4447 661 4514 Deus,
697 4461 859 4518 quam
888 4454 1067 4502 autem
1091 4445 1289 4515 ingrati
1324 4447 1574 4502 homines
1610 4448 1754 4511 sint,
1791 4448 1957 4504 habes

2065 3349 2159 3404 καὶ
2195 3347 2465 3419 πτωχοὺς,
2507 3347 2600 3399 καὶ
2632 3344 2804 3409 θέλεις
2834 3345 3097 3400 ἐλεεῖσθαι
3134 3346 3358 3410 αὐτοὺς,
3404 3345 3626 3401 δύνασαι

2061 3441 2186 3505 τοὺς
2209 3440 2306 3512 μὲν
2335 3439 2434 3512 ήδη
2459 3438 2784 3511 ἐλεήσαντας
2805 3438 3181 3510 ἀποδέχεσθαι,
3211 3440 3337 3504 τοὺς
3354 3438 3410 3492 δὲ
3435 3439 3627 3503 ἄλλους

2062 3533 2142 3597 είς
2174 3533 2234 3586 τὸ
2259 3534 2431 3586 ποιεῖν
2456 3530 2878 3605 προτρέπεσθαι,
2901 3532 2958 3584 ἐν
2980 3529 3057 3601 τῷ
3076 3530 3250 3598 λέγειν
3277 3531 3366 3584 τὸν
3397 3536 3468 3602 μ’.
3494 3527 3627 3584 Εἶτα

2063 3626 2179 3688 ἐὰν,
2218 3625 2358 3680 πάνυ
2383 3622 2475 3678 τὸν
2500 3624 2663 3678 πόθον
2694 3624 2831 3694 ἔχων
2859 3626 2939 3687 είς
2963 3624 3052 3678 τὸν
3078 3623 3230 3685 Θεὸν,
3265 3622 3501 3694 ἀκούσῃς
3518 3622 3631 3677 τῶν

2062 3716 2269 3789 ἐχθρῶν
2294 3716 2679 3783 ὀνειδιζόντων,
2715 3716 2790 3788 μὴ
2812 3716 3081 3789 ταράσσον
3104 3733 3116 3746 ο
3145 3715 3281 3770 ἀλλὰ
3313 3717 3508 3779 συνιεὶς
3535 3715 3624 3769 τὸν

2061 3812 2127 3866 ἐκ
2158 3810 2250 3864 τοῦ
2282 3809 2520 3865 τοιούτου
2567 3809 2729 3863 πόθου
2757 3809 3018 3864 ἀθάνατον
3047 3809 3277 3881 καρπὸν,
3322 3808 3624 3882 παρακάλει

2062 3901 2258 3957 σαυτοῦ
2288 3902 2384 3974 τὴν
2416 3901 2593 3973 ψυχὴν
2624 3904 2688 3972 τῇ
2716 3903 2796 3965 είς
2819 3901 2950 3955 Θεὸν
2981 3900 3177 3965 ἐλπίδι,
3200 3902 3484 3974 καὶταύτῃ
3512 3900 3625 3952 ἐπι-

2060 3993 2333 4063 κουφίζων
2369 3993 2462 4048 καὶ
2494 3992 2896 4065 καταπραΰνων
2953 3993 3053 4056 τὰς
3095 3993 3153 4045 ἐν
3198 3993 3276 4062 τῷ
3308 3992 3405 4063 βίῳ
3448 3991 3623 4056 λύπας

2058 4087 2248 4156 αὐτῆς,
2289 4078 2415 4154 λέγε
2448 4084 2541 4138 τὸν
2575 4091 2663 4155 μα’
2693 4084 2923 4155 ψαλμόν.
2959 4084 3202 4153 Συνεχῶς
3230 4083 3284 4135 δὲ
3317 4084 3624 4155 ἀναμιμνή-

2061 4175 2284 4231 σκεσθαι
2311 4175 2479 4227 θέλων
2506 4173 2604 4238 τὰς
2632 4173 2947 4244 εὐεργεσίας
2974 4172 3069 4226 τοῦ
3100 4173 3232 4226 Θεοῦ
3280 4174 3377 4237 τὰς
3398 4176 3625 4245 γενομέ-

2058 4285 2154 4331 νας
2179 4269 2258 4330 είς
2279 4266 2406 4329 τοὺς
2433 4266 2696 4336 πατέρας,
2720 4266 2813 4318 καὶ
2841 4282 2970 4337 περι
2998 4266 3097 4336 τῆς
3125 4264 3303 4330 ἐξόδου
3332 4266 3429 4336 τῆς
3455 4266 3620 4336 Atri-

2059 4374 2193 4410 πτου
2213 4355 2306 4409 καὶ
2337 4356 2436 4427 τῆς
2480 4357 2537 4409 ἐν
2575 4357 2640 4426 τῇ
2666 4356 2856 4428 ἐρήμῳ
2882 4355 3152 4428 διαγωγῆς
3171 4399 3186 4424 ,
3231 4357 3346 4422 πῶς
3375 4375 3432 4411 τε
3460 4358 3489 4411 ὁ
3520 4358 3620 4431 μὲν

2058 4445 2188 4508 Θεὸς
2213 4444 2432 4514 ἀγαθὸς,
2462 4445 2508 4498 οἱ
2526 4444 2581 4498 δὲ
2600 4444 2873 4518 ἄνθρωποι
2899 4446 3200 4519 ἀχάριστοι,
3228 4447 3368 4519 ἔχεις
3393 4449 3483 4502 τὸν
3507 4456 3617 4519 μγ,

396 4539 486 4602 ιδ,
528 4540 615 4606 77,
654 4539 744 4603 88,
801 4539 925 4604 104,
982 4539 1105 4603 l05,
1154 4536 1420 4602 106,115.
1468 4538 1605 4594 Cum
1661 4549 1839 4594 autem
1888 4539 1953 4595 ad

2066 4537 2150 4591 καὶ
2175 4535 2264 4591 τὸν
2290 4534 2386 4603 οζ’,
2416 4536 2509 4590 καὶ
2553 4543 2663 4609 πη’,
2697 4538 2791 4591 καὶ
2834 4537 2925 4593 τὸν
2959 4538 3032 4609 ρδ¹
3057 4578 3072 4604 ,
3110 4540 3203 4592 καὶ
3234 4540 3327 4593 τὸν
3368 4547 3438 4614 pe’
3460 4582 3475 4607 ,
3524 4544 3618 4596 καὶ

382 4631 566 4712 ηίιουηι
608 4631 948 4702 eonfugeris.
994 4630 1254 4685 liberatus
1297 4630 1365 4685 ab
1404 4630 1662 4707 aerumnis
1700 4645 1822 4701 qua!
1859 4630 1955 4686 tibi

308 4712 738 4783 “acciderunt,
786 4721 832 4776 si
877 4720 1118 4776 volueris
1160 4718 1273 4774 Deo
1316 4720 1518 4789 gratias
1566 4734 1743 4789 agere.
1792 4726 1955 4786 ειιίιυθ

392 4830 648 4869 enarrare
667 4814 788 4883 ejus
821 4829 946 4885 erga
972 4825 1025 4869 te
1052 4812 1418 4880 clementiam,
1452 4812 1621 4867 habes
1655 4813 1956 4882 quadrage-

392 4908 591 4961 simum
621 4907 893 4978 quintum.

459 5040 549 5096 20.
589 5039 693 5095 Sed
726 5052 982 5109 peccasti,
1014 5049 1068 5095 et
1094 5040 1296 5110 pudore
1326 5040 1551 5095 affectus
1577 5042 1950 5109 paenitentiam

389 5131 503 5199 agis
525 5139 580 5185 et
607 5129 1033 5184 misericordiam
1060 5128 1294 5200 ﬂagitas,
1326 5129 1494 5185 habes
1518 5128 1879 5184 confessionis
1899 5140 1953 5184 et

392 5219 721 5289 posnitentiaa
760 5218 922 5273 verba
956 5218 1010 5272 in
1043 5219 1253 5288 psalmo
1294 5218 1762 5289 quinquagesimo.
1795 5217 1948 5285 Quod

390 5311 611 5380 si-apud
657 5327 832 5384 regem
871 5311 1115 5381 iniquum
1149 5310 1475 5366 calumniam
1510 5325 1705 5380 passus
1743 5325 1833 5377 es,
1868 5311 1949 5364 vi—

387 5408 593 5473 desque
622 5406 854 5475 superbe
886 5405 1237 5459 insultantcm
1263 5403 1731 5469 calumniatorem,
1758 5405 1949 5459 secede

389 5501 442 5547 tu
464 5533 479 5558 ,
511 5502 563 5547 et
585 5492 673 5548 die
704 5510 765 5549 ea
796 5511 918 5565 quae
946 5495 1001 5549 in
1036 5495 1099 5550 51
1126 5495 1414 5549 habentur.
1444 5492 1511 5546 Et
1539 5509 1661 5547 cum
1697 5503 1745 5548 te
1778 5494 1947 5561 aliqui

376 5594 804 5656 persequuntur,
840 5595 895 5639 et
932 5566 1343 5640 calumniantur
1371 5594 1455 5650 te,
1498 5585 1641 5640 velut
1670 5585 1867 5655 Ziphaei
1894 5598 1948 5640 et

386 5676 642 5746 allopbyIi
697 5676 950 5734 Davidem
978 5722 994 5749 ,
1033 5698 1100 5738 ne
1148 5689 1379 5737 mmstus
1423 5681 1538 5743 sis,
1581 5683 1675 5737 sed
1716 5682 1946 5737 Domino

391 5767 668 5824 confidens
718 5784 950 5839 eu'nque
991 5773 1217 5830 laudans
1268 5773 1431 5829 rrrita
1474 5776 1541 5830 55
1583 5784 1633 5831 et
1678 5776 1765 5831 55.
1793 5774 1945 5841 Quod

2057 4616 2167 4699 pg",
2204 4627 2300 4681 καὶ
2336 4634 2459 4698 ριγ’.
2493 4627 2838 4697 Καταφυγὼν
2860 4628 2918 4681 δέ
2946 4629 3079 4700 πρὸς
3102 4629 3192 4683 τὸν
3220 4629 3352 4683 Θεὸν
3383 4631 3475 4684 καὶ
3498 4631 3615 4686 δια·-

2057 4720 2249 4784 σωθεὶς
2271 4720 2376 4774 ἀπὸ
2403 4720 2511 4773 τῶν
2548 4722 2673 4793 περὶ
2707 4720 2766 4774 σὲ
2796 4721 3102 4792 γενομένων
3127 4721 3379 4792 θλίψεων,
3414 4723 3508 4777 ἐὰν
3539 4723 3619 4778 θέ-

2053 4812 2152 4886 λῃς
2181 4813 2572 4885 εὑχαριστῆσαι
2602 4813 2682 4885 τῷ
2711 4813 2848 4885 Θεῷ,
2904 4815 2996 4867 καὶ
3020 4815 3379 4887 διηγήσασθαι
3408 4815 3506 4886 τὴν
3538 4818 3618 4880 είς

2057 4905 2113 4959 σὲ
2140 4905 2435 4975 γενομένην
2463 4905 2888 4977 φιλανθρωπίαν,
2919 4905 3061 4978 ἔχεις
3084 4905 3174 4960 τὸν
3202 4912 3302 4978 με’.
3573 4896 3577 4900 ’

2126 5037 2193 5094 κ’.
2239 5040 2378 5094 Ἀλλ’
2410 5042 2654 5112 ἥμαρτες
2674 5079 2690 5106 ,
2743 5042 2837 5095 καὶ
2873 5042 3161 5114 ἐντραπεὶς
3190 5042 3616 5114 μεταγινώσκεις

2054 5134 2146 5185 καὶ
2184 5131 2466 5205 ἐλεηθῆναι
2485 5133 2674 5212 ἀξιοῖς,
2709 5133 2852 5205 ἔχεις
2880 5135 3004 5197 τοὺς
3036 5134 3137 5204 τῆς
3178 5132 3615 5205 ἐξομολογήσεως

2053 5223 2143 5275 καὶ
2179 5225 2465 5292 μετανοίας
2497 5224 2687 5293 λόγους
2719 5226 2778 5278 ἐν
2806 5224 2882 5296 τῷ
2910 5230 2972 5277 ν’.
3008 5224 3071 5277 Εἰ
3097 5223 3154 5276 δὲ
3196 5224 3289 5278 καὶ
3325 5224 3612 5297 διεϐλήθης

2052 5311 2272 5384 πονηρῷ
2305 5312 2533 5382 βασιλεῖ,
2565 5314 2655 5369 καὶ
2683 5314 2817 5385 ὁρᾷς
2838 5313 2929 5365 τὸν
2967 5313 3210 5368 διάϐολον
3252 5311 3611 5383 κατακαυχώο

2053 5421 2233 5474 μενον,
2263 5403 2554 5475 άναχώρει,
2588 5404 2679 5457 καὶ⁵
2704 5405 2827 5472 λέγε
2861 5405 2954 5458 καὶ
2982 5405 3046 5458 σὺ
3073 5404 3142 5459 τὰ
3170 5407 3229 5459 ἐν
3254 5404 3331 5477 τῷ
3351 5404 3450 5459 να’.
3501 5404 3610 5457 Καὶ

2048 5500 2137 5552 ὅτε
2169 5497 2266 5568 μὲν
2297 5497 2487 5570 διώκῃ,
2511 5498 2605 5552 καὶ
2633 5497 2973 5551 διαϐάλλουσι
3011 5514 3157 5562 τινες
3188 5496 3518 5569 παραδοῦναί
3550 5513 3607 5550 σε

2049 5590 2313 5653 θέλοντες,
2341 5590 2417 5653 ὡς
2444 5590 2493 5641 oi
2516 5591 2728 5659 Ζιφαῖοι
2769 5590 2862 5643 καὶ
2884 5591 2933 5643 οἱ
2973 5590 3254 5661 ἀλλόφυλοι
3297 5590 3390 5645 τὸν
3423 5591 3607 5654 Δαϐὶδ,

2053 5681 2126 5752 μὴ
2149 5680 2466 5753 ἀκήδιάσῃς,
2503 5680 2638 5733 ἀλλὰ
2673 5679 2888 5751 θαρρῶν
2921 5682 2997 5753 τῷ
3025 5682 3244 5752 Κυρίῳ,
3290 5682 3383 5737 καὶ
3424 5681 3609 5753 ὑμνῶν

2048 5773 2228 5837 αὐτὸν,
2265 5772 2387 5841 λέγε
2429 5773 2494 5826 τὰ
2527 5774 2593 5826 ἐν
2612 5772 2688 5844 τῷ
2716 5780 2794 5843 vr
2835 5775 2928 5827 καὶ
2971 5782 3062 5830 νε’.
3106 5774 3228 5827 Ἐὰν
3265 5774 3322 5828 δὲ
3358 5774 3450 5829 καὶ
3476 5791 3607 5827 συν-
