3944 6220
315 355 383 414 εδ
1424 345 1763 402 ειηδτοιι
1801 348 1894 402 AD
1930 348 2452 408 MARCELLINUM.
3490 363 3558 423 ss

319 468 494 542 δράμῃ
515 469 543 520 6
562 466 811 533 διώκων,
830 466 919 520 καὶ
943 465 1014 538 μὴ
1031 464 1312 534 γινώσκων
1333 464 1549 538 εἰσέλθῃ
1572 467 1652 530 είς
1675 466 1735 520 τὸ
1759 467 1878 539 σπή⁴

1997 469 2043 526 si
2090 472 2306 542 ingruat
2335 472 2642 541 persecutio
2664 514 2679 539 ,
2711 482 2767 528 et
2806 475 3121 545 imprudens
3153 485 3468 549 persecutor
3505 477 3559 535 ii.

323 561 467 615 λαιον
500 562 557 613 ἐν
584 552 629 626 ᾧ
661 560 765 612 καὶ
794 559 858 613 σὺ
878 557 1108 630 κρύπτῃ,
1136 557 1260 629 μηδ’
1279 556 1451 621 οὕτως
1479 558 1719 630 πτήξῃς·
1748 558 1892 631 ἔχεις

327 648 431 720 γὰρ
456 648 579 710 τοὺς
605 648 665 699 ἐν
697 645 921 718 τοιαύτῃ
948 646 1159 718 ἀνάγκῃ
1181 646 1463 718 χρησμοὺς
1502 648 1582 712 είς
1615 649 1893 721 παράκλη-

334 760 412 796 σιν
438 740 530 795 καὶ
554 739 960 811 στηλογραφίας
986 738 1195 808 λόγους,
1219 740 1345 804 τοὺς
1366 741 1423 794 ἐν
1438 739 1516 811 τῷ
1539 747 1626 807 νς⁹
1657 742 1749 795 καὶ
1767 741 1893 805 τοὺς

331 837 385 888 ἐν
415 834 490 905 τῷ
519 838 668 903 ρμα’.
721 832 848 885 Ἐὰν
872 831 928 884 δέ
960 831 1052 884 καὶ
1079 832 1418 904 φυλαχθῆναι
1459 831 1556 905 τὴν
1599 834 1776 888 οίκίαν
1803 850 1894 888 κε-

328 923 492 996 λεύσῃ
511 924 539 976 ὁ
564 919 946 986 ἐπιϐουλεύων,
974 921 1067 975 καὶ
1092 921 1376 993 διαφύγῃς,
1401 921 1640 975 άνατίθει
1667 921 1745 991 τῷ
1778 924 1891 977 Κυ-

333 1017 428 1087 ρίῳ
448 1015 548 1086 τὴν
581 1013 761 1084 χάριν,
799 1010 873 1075 ὡς
900 1013 956 1065 ἐν
984 1012 1205 1083 στήλαις
1250 1015 1478 1086 γράφων
1532 1013 1700 1086 αὐτὴν
1743 1016 1800 1069 ἐν
1823 1017 1888 1087 τῇ

326 1106 491 1177 ψυχῇ,
529 1102 870 1176 μνημόσυνον
900 1097 1063 1157 οὖσαν
1107 1102 1201 1156 τοῦ
1228 1103 1302 1176 μὴ
1340 1104 1660 1175 διεφθάρθαι
1694 1122 1773 1171 σε,
1800 1108 1892 1159 καὶ

326 1197 446 1265 λέγε
466 1195 538 1248 τὰ
567 1197 625 1248 ὲν
648 1193 727 1265 τῷ
757 1200 838 1264 νη¹
855 1193 1070 1265 ψαλμῷ.
1104 1194 1229 1247 Ἐὰν
1256 1194 1311 1248 δέ
1331 1195 1425 1249 καὶ
1448 1196 1748 1261 δνειδίζωσι
1774 1197 1889 1251 θλίι-

327 1288 509 1352 ϐοντες
540 1288 588 1339 οἱ
640 1285 843 1357 ἐχθροὶ,
894 1286 986 1339 καὶ
1030 1284 1393 1357 φλυαροῦντες
1449 1286 1807 1342 διαϐάλλωσιν
1839 1292 1888 1343 οί

324 1378 604 1442 δοκοῦντες
632 1373 769 1431 εἶναι
788 1376 951 1446 φίλοι,
992 1377 1085 1430 καὶ
1116 1376 1362 1449 λυπηθῇς
1390 1381 1449 1433 ἐν
1492 1383 1558 1451 τῇ
1607 1381 1890 1455 ἀδολεσχίᾳ

328 1490 418 1527 σου
452 1474 589 1545 πρὸς
614 1471 811 1541 ὀλίγον,
836 1472 971 1527 ἀλλὰ
1000 1472 1219 1526 δύνασαι
1254 1473 1679 1546 παρακαλεῖσθαι
1704 1476 1889 1547 ὑμνῶν

328 1566 420 1620 καὶ
448 1568 509 1619 σὺ
544 1565 637 1620 τὸν
678 1564 831 1629 Θεὸν,
869 1565 962 1620 καὶ
1012 1565 1185 1636 λέγων
1228 1567 1296 1621 τὰ
1328 1569 1386 1621 ἐν
1417 1567 1495 1639 τῷ
1541 1567 1612 1622 νδ¹
1652 1569 1883 1641 ῥήματα.

328 1656 434 1711 Καὶ
461 1655 597 1728 πρὸς
624 1656 722 1727 μὲν
739 1657 1199 1729 ὑποκρινομένους
1228 1660 1321 1713 καὶ
1360 1661 1417 1712 ἐν
1446 1659 1724 1733 προσώπῳ
1755 1677 1888 1715 καυ-

325 1749 600 1820 χωμένους
639 1747 763 1819 λέγε
794 1749 932 1821 πρὸς
969 1751 1233 1824 ἐντροπὴν
1264 1751 1487 1806 ἐκείνων
1533 1752 1623 1806 τὸν
1645 1751 1721 1817 νζ⁹
1754 1754 1888 1824 ψαλ-

1996 575 2115 616 eam
2145 562 2456 632 speluncam
2497 563 2732 628 incidat,
2764 566 2817 620 in
2848 582 2955 637 qua
2997 578 3054 624 tu
3090 571 3462 639 absconderis,
3494 589 3561 629 ne

1999 649 2344 720 reformides;
2384 654 2551 710 habes
2576 658 2720 711 enim
2761 665 2815 711 et
2864 659 2917 713 in
2950 660 3042 713 tali
3088 661 3411 717 necessitate
3441 678 3561 733 per-

2000 744 2156 799 utiles
2176 745 2243 799 ad
2272 747 2694 803 consolationem
2711 758 2764 804 et
2787 750 2922 805 tituli
2951 751 3327 823 inscriptionis
3355 766 3560 808 sermo-

1998 850 2093 890 nes
2115 837 2168 889 in
2201 837 2426 907 psalmis
2446 837 2515 892 56
2547 847 2600 893 et
2638 840 2758 893 Ml.
2798 840 2855 895 Si
2907 852 3087 897 autem
3123 843 3349 913 jusserit
3379 859 3562 913 persc-

1997 935 2153 980 cutor
2184 928 2441 982 custodiri
2476 929 2697 984 domum
2748 940 2894 986 tuam
2916 975 2931 999 ,
2957 942 3012 989 et
3056 944 3236 990 tamen
3268 936 3517 1006 (ﬁngeris
3541 978 3557 1001 ,

1997 1015 2108 1072 Deo
2136 1017 2279 1072 refer
2309 1020 2537 1089 gratiam
2561 1062 2574 1086 ,
2608 1038 2839 1093 eamque
2866 1025 2919 1079 in
2957 1027 3137 1081 anima
3179 1036 3265 1082 tua
3311 1028 3470 1096 quasi
3503 1028 3558 1082 in

1996 1111 2155 1179 cippo
2187 1110 2444 1179 inscribe,
2471 1121 2531 1167 ut
2561 1117 2876 1170 memoriale
2901 1117 2971 1172 sit
3000 1126 3106 1173 tua:
3138 1119 3556 1183 incolumitatis,

1995 1208 2049 1254 et
2073 1200 2159 1254 dic
2185 1216 2246 1256 ea
2270 1217 2392 1272 qum
2420 1212 2548 1259 sunt
2584 1206 2637 1259 in
2667 1206 2754 1261 58.
2793 1206 2849 1261 Si
2877 1218 3054 1263 autem
3085 1212 3413 1281 exprobrent
3436 1212 3555 1275 tibi,

1994 1290 2085 1360 qui
2128 1298 2179 1346 te
2206 1291 2446 1363 aiﬂigunt
2490 1294 2699 1350 inimici
2752 1300 2824 1351 tui
2850 1338 2864 1361 ,
2898 1309 2952 1353 et
2993 1300 3081 1370 qui
3113 1300 3362 1356 videntur
3395 1302 3558 1357 amici

1994 1397 2114 1438 esse
2141 1384 2217 1437 tui
2244 1425 2259 1450 ,
2296 1384 2649 1456 obloquentes
2687 1389 3061 1455 detraxerint,
3104 1400 3158 1445 et
3192 1391 3246 1445 in
3288 1392 3556 1448 exercita-

1995 1473 2140 1526 tione
2171 1481 2258 1527 tua
2283 1473 2351 1528 ad
2379 1475 2653 1530 modicum
2685 1479 2944 1547 temporis
2981 1481 3352 1546 contristeris,
3382 1491 3436 1535 et
3461 1496 3558 1552 po-

1997 1572 2077 1619 tes
2133 1580 2266 1620 sane
2314 1566 2544 1636 teipsum
2602 1570 2871 1623 consolari
2924 1571 3140 1641 hymnis
3196 1571 3365 1627 Deum
3415 1573 3557 1629 cele—

1992 1655 2200 1711 brando
2246 1672 2310 1713 ac
2353 1658 2634 1714 recitando
2668 1661 2934 1730 psalmum
2963 1664 3053 1717 54.
3084 1662 3131 1716 Α
3154 1669 3357 1719 Iversus
3387 1665 3559 1736 hypo«

1992 1748 2159 1803 critas
2206 1756 2261 1803 et
2302 1748 2356 1802 in
2395 1748 2536 1804 facie
2571 1750 2898 1820 gloriantes,
2938 1754 3024 1807 dic
3058 1756 3124 1809 ad
3178 1756 3553 1811 confusionem

326 1842 457 1911 μόν·
490 1841 629 1913 πρὸς
657 1841 711 1894 δέ
740 1842 865 1906 τοὺς
903 1842 1188 1915 ὁρμῶντας
1216 1845 1423 1916 ἀγρίως
1462 1845 1600 1900 κατὰ
1627 1844 1743 1915 σοῦ,
1795 1848 1878 1901 καὶ

1987 1853 2175 1894 eorum
2210 1841 2478 1909 psalmum
2529 1842 2618 1899 57.
2640 1842 2919 1900 Adversus
2957 1859 3050 1900 eos
3080 1855 3260 1901 autem
3292 1849 3383 1917 qui
3418 1848 3469 1902 in
3503 1860 3555 1903 to

322 1931 572 1996 θέλοντας
601 1931 785 1985 λαϐεῖν
815 1949 906 1984 σου
938 1932 1036 2004 τὴν
1055 1933 1254 2004 ψυχὴν,
1285 1934 1498 1998 ἀντίθες
1525 1937 1589 1989 σὺ
1628 1936 1726 2007 τὴν
1750 1937 1887 2008 πρὸς

319 2022 408 2075 τὸν
433 2022 568 2075 Θεόν
591 2036 683 2075 σου
703 2021 998 2093 ὑποταγὴν,
1041 2024 1132 2076 καὶ
1158 2023 1368 2096 θάρῤει.
1408 2025 1556 2096 Ὅσῳ
1587 2026 1696 2098 γὰρ
1747 2029 1887 2081 ἐκεῖ·

318 2131 397 2167 νοι
434 2115 756 2185 μαίνονται,
812 2116 1050 2187 τοσούτῳ
1086 2116 1286 2180 μᾶλλον
1336 2118 1640 2172 ὑποτάσσου
1696 2121 1759 2175 σὺ
1809 2120 1886 2192 τῷ

320 2204 525 2277 Κυρίῳ,
558 2204 649 2257 καὶ
676 2204 800 2273 λέγε
832 2205 902 2258 τὰ
920 2207 977 2259 ἐν
1009 2204 1086 2277 τῷ
1116 2205 1216 2272 Ea’.
1273 2207 1383 2260 Kal.
1415 2206 1511 2261 ἐὰν
1553 2209 1653 2279 μὲν
1696 2209 1887 2265 διωκό-

322 2312 479 2365 μενος
499 2297 580 2359 είς
611 2296 844 2368 ἐρημίαν
867 2296 1129 2369 ἀπέλθῃς,
1163 2298 1237 2369 μὴ
1268 2294 1508 2370 φοϐηθῇς
1533 2299 1609 2364 ὡς
1628 2301 1787 2371 μόνος
1810 2301 1884 2356 ὣν

317 2389 452 2452 ἐκεῖ,
482 2386 623 2457 ἔχων
660 2387 717 2440 δὲ
758 2387 850 2440 τὸν
889 2387 1019 2443 Θεὸν
1052 2389 1169 2441 ἐκεῖ
1212 2392 1306 2443 καὶ
1338 2391 1485 2462 ⁸πρὸς
1517 2393 1677 2447 αὐτὸν
1708 2395 1886 2468 ὀρθρί-

317 2479 425 2543 ζων
461 2478 631 2549 cm:
667 2478 758 2532 τὸν
784 2478 882 2549 ξβο.
922 2479 1324 2549 Ἐκιροϐούντων
1351 2481 1408 2536 δέ
1426 2483 1535 2537 τῶν
1562 2484 1771 2557 ἐχθρῶν
1791 2489 1883 2541 καὶ

322 2570 393 2642 μὴ
422 2571 746 2642 παυομένων
772 2571 866 2624 τοῦ
899 2571 1229 2643 ἐνεδρεύειν,
1256 2573 1391 2628 ἀλλὰ
1437 2575 1530 2628 καὶ
1558 2576 1881 2649 ἐξερευνών-

313 2680 420 2717 των
459 2665 567 2717 πᾶν
600 2663 745 2719 κατὰ
797 2664 912 2730 σού,
953 2665 1057 2718 κᾶν
1090 2664 1291 2736 πλῆθος
1337 2660 1459 2732 ὦσι,
1495 2668 1570 2741 μὴ
1611 2670 1879 2743 ὑπενδῷςο

316 2753 441 2827 βέλη
472 2756 583 2827 γὰρ
605 2756 814 2825 νηπίων
840 2755 1049 2810 ἔσονται
1080 2756 1288 2810 τούτων
1311 2758 1367 2810 αί
1400 2759 1626 2831 πληγαὶ,
1657 2760 1883 2831 ψάλλον-

312 2847 401 2910 τὸς
421 2864 515 2900 σου
548 2846 638 2900 τὸν
668 2846 767 2915 ξγθ,
795 2846 889 2901 καλ.
916 2846 1003 2900 τὸν
1038 2846 1128 2916 ξδ’,
1161 2851 1257 2903 καὶ
1280 2847 1376 2915 ξθ’,
1413 2851 1507 2904 καὶ
1535 2858 1599 2907 ο’.

379 3049 483 3097 κα’.
516 3043 630 3098 Καὶ
657 3043 786 3097 ὅταν
814 3043 911 3114 μὲν
943 3036 1178 3116 ὑμνῆσαι
1206 3040 1370 3119 βούλῃ
1396 3045 1488 3099 τὸν
1515 3044 1752 3119 Κύριον,
1782 3040 1877 3119 ᾆδε

308 3133 375 3186 τά
401 3136 459 3186 ἐν
488 3133 568 3203 τῷ
601 3130 691 3198 ξδ’.
735 3132 860 3188 Ἐὰν
898 3132 956 3187 δὲ
1000 3133 1309 3205 κατηχῆσαι
1353 3134 1514 3206 θέλῃς
1559 3136 1712 3200 τινὰς
1748 3136 1877 3230 περὶ
1904 3168 1949 3230 C

309 3224 674 3288 ἀναστάσεως,
704 3220 794 3296 ᾆδε
818 3223 886 3278 τὰ
911 3226 969 3278 ἐν
993 3223 1073 3296 τῷ
1116 3223 1206 3289 Es'.
1249 3225 1581 3297 Οίκτιρμοὺς
1606 3226 1663 3280 δέ
1711 3226 1878 3281 αἰτῶν

311 3318 457 3389 παρὰ
483 3317 579 3371 τοῦ
610 3316 766 3382 Θεοῦ,
803 3315 959 3389 ὕμνει
1001 3316 1185 3382 αὐτὸν,
1232 3318 1447 3387 ψάλλων
1478 3319 1568 3372 τὸν
1607 3319 1713 3385 Eg’.
1753 3321 1881 3374 Ὅτε

308 3409 364 3463 δὲ
394 3409 611 3479 βλέπεις
639 3408 766 3472 τοὺς
798 3409 895 3479 μέν
913 3408 1127 3473 ἀσεϐεῖς
1155 3409 1213 3462 ἐν
1242 3410 1432 3482 εἰρήνῃ
1453 3408 1679 3479 εύθηνου
1689 3410 1882 3481 μένους

309 3502 402 3557 καὶ
427 3492 780 3573 καταθυμίως
820 3494 1028 3566 ζῶντας
1068 3501 1194 3564 τοὺς
1245 3501 1300 3554 δέ
1350 3498 1588 3565 δικαίους
1635 3501 1880 3573 θλιϐομέ-

307 3609 450 3656 νους,
474 3592 564 3646 ἵνα
610 3589 687 3663 μὴ
715 3588 1107 3660 σκανδαλισθῇς
1143 3588 1237 3643 καὶ
1274 3589 1724 3662 παρασαλευθῇς,
1756 3590 1879 3661 λέγε

307 3685 403 3739 καὶ
432 3685 496 3738 σὺ
515 3682 586 3737 τὰ
608 3685 666 3737 ὲν
689 3674 765 3753 τῷ
793 3680 869 3752 οβ’
888 3680 1107 3752 ψαλμῷ.
1147 3680 1258 3734 Καὶ
1285 3680 1412 3735 ὅταν
1453 3682 1551 3752 μέν
1584 3681 1808 3754 ὀργισθῇ
1850 3685 1879 3736 ὁ

307 3776 437 3841 Θεὸς
458 3777 553 3830 ἐπὶ
571 3775 663 3829 τὸν
687 3773 837 3839 λαὸν,
868 3772 1010 3845 ἔχεις
1042 3773 1122 3835 είς
1145 3771 1488 3843 παράκλησιν
1519 3774 1648 3844 περὶ
1688 3772 1875 3826 τούτου

303 3867 495 3939 λόγους
543 3867 797 3930 συνετοὺς
827 3866 954 3929 τοὺς
1001 3864 1058 3917 ἐν
1110 3861 1188 3935 τῷ
1224 3868 1301 3933 ογ⁹
1325 3879 1340 3894 ο
1376 3865 1465 3917 ὅτε
1496 3863 1561 3917 δέ
1590 3865 1748 3935 χρεία
1795 3881 1877 3918 σοι

302 3952 745 4029 ἐξομολογήσεώς
773 3955 912 4018 ἐστι,
947 3952 1114 4023 ψάλλε
1147 3952 1238 4007 τὸν
1279 3950 1345 4017 θ’,
1394 3951 1467 4004 06'
1519 3953 1612 4006 καὶ
1647 3957 1754 4020 μα’,
1782 3954 1876 4008 καὶ

308 4050 401 4121 ρδ’,
433 4049 530 4104 καὶ
564 4053 659 4119 ρε’,
686 4046 780 4100 καὶ
810 4052 920 4118 pg",
946 4045 1039 4099 καὶ
1074 4042 1176 4117 ρξ’,
1222 4044 1316 4099 καὶ
1352 4050 1439 4116 ρι’,
1475 4043 1569 4096 καὶ
1601 4042 1733 4116 ριζ’,
1782 4045 1876 4098 καὶ

306 4142 432 4211 ρλε¹,
459 4140 559 4194 καὶ
581 4138 708 4211 ρλζ’.
738 4139 849 4192 Καὶ
872 4136 1188 4208 δυσωπῆσαι
1215 4136 1315 4208 μὲν
1341 4135 1509 4189 θέλων
1535 4134 1602 4188 τὰ
1623 4136 1731 4190 τῶν
1766 4136 1878 4189 Ἑλ-

301 4232 477 4305 λήνων
506 4233 603 4285 καὶ
631 4231 699 4284 sit
727 4229 833 4283 τῶν
862 4227 1177 4300 αἱρετικῶν,
1210 4228 1291 4281 ὅτι
1317 4227 1391 4299 μὴ
1418 4227 1548 4299 παρ’
1580 4227 1765 4290 αὐτοῖς
1794 4226 1873 4281 ἔνι

305 4322 623 4392 θεογνωσία,
653 4321 766 4375 ἀλλ’
814 4322 873 4374 ἐν
929 4318 1064 4391 μόνῃ
1106 4322 1173 4391 τῇ
1234 4318 1493 4390 καθολικῇ
1560 4317 1870 4391 Ἐκκλησία,

302 4416 530 4469 δύνασαι
561 4412 696 4468 νοῶν
733 4411 879 4484 ᾄδειν
910 4411 1003 4464 καὶ
1031 4409 1210 4479 λέγειν
1235 4409 1304 4463 τὰ
1336 4409 1394 4463 ἐν
1425 4408 1502 4478 τῷ
1527 4406 1618 4462 σε’.
1662 4409 1786 4461 Τῶν
1813 4407 1870 4461 δὲ

1989 1932 2245 1986 atrociter
2272 1932 2487 1988 irruunt
2508 1943 2561 1987 et
2599 1951 2791 2004 capere
2817 1940 3004 1992 volunt
3029 1938 3265 1992 animam
3298 1948 3467 2003 tuam,
3497 1949 3553 1994 tu

1988 2036 2229 2090 opponas
2276 2023 2383 2079 illis
2426 2032 2576 2079 tuam
2624 2042 2749 2097 erga
2793 2027 2963 2083 Deum
3009 2030 3455 2099 obsequentiam,
3500 2041 3556 2086 et

1986 2113 2196 2168 confide
2228 2132 2241 2167 :
2270 2124 2475 2184 quanto
2504 2115 2648 2170 enim
2681 2117 2759 2173 illi
2801 2119 3174 2174 vehementius
3208 2121 3508 2176 institerint
3536 2161 3552 2184 ,

1986 2208 2138 2258 tanto
2167 2206 2342 2276 magis
2373 2215 2422 2260 te
2465 2205 2695 2262 Domino
2733 2209 3022 2265 submittas
3045 2250 3060 2274 ,
3085 2219 3138 2265 et
3167 2211 3253 2266 dic
3277 2214 3441 2268 verba
3464 2214 3551 2268 6i.

1988 2292 2047 2348 Si
2078 2296 2512 2363 persecutionem
2548 2312 2744 2368 passus
2780 2300 2832 2354 in
2858 2301 3202 2357 solitudinem
3238 2305 3551 2370 recesseris,

1984 2400 2053 2440 ne
2092 2385 2353 2442 formides
2391 2390 2548 2458 quasi
2596 2390 2746 2447 solus
2775 2393 2847 2447 ibi
2890 2392 3088 2463 degas,
3120 2410 3243 2449 cum
3287 2397 3429 2451 adsit
3457 2399 3553 2452 tibi

1984 2473 2146 2543 Deus,
2179 2477 2244 2530 ad
2287 2493 2449 2547 quem
2494 2479 2715 2534 diliculo
2757 2495 2892 2536 cane
2928 2483 3195 2552 psalmum
3223 2485 3313 2539 62.
3353 2485 3410 2540 Si
3444 2496 3554 2541 ter-

1984 2575 2139 2622 reant
2164 2575 2217 2622 te
2240 2553 2600 2633 inimicifnec
2630 2570 2790 2625 finem
2824 2572 3030 2628 faciant
3054 2574 3374 2631 insidiarum
3396 2615 3412 2642 ,
3442 2576 3553 2630 imo

1982 2659 2269 2714 adversum
2318 2668 2371 2714 te
2406 2661 2591 2716 omnia
2621 2673 2956 2731 scrutentur,
2990 2666 3202 2721 etiamsi
3244 2668 3401 2723 multi
3432 2667 3551 2724 fue-

1982 2750 2125 2813 rint,
2176 2766 2521 2822 nequaquam
2568 2754 2769 2810 cedas:
2801 2772 2924 2810 nam
2958 2758 3166 2829 sagittae
3200 2760 3552 2829 parvulorum

1980 2852 2138 2899 erunt
2178 2844 2348 2915 plagae
2383 2859 2598 2911 eorum,
2643 2857 2871 2903 canente
2918 2856 2969 2903 te
3007 2851 3246 2919 psalmos
3301 2849 3407 2916 65,
3440 2851 3549 2918 6i,

1981 2933 2050 2991 69
2064 2973 2080 2998 ,
2114 2932 2199 2988 70.

2048 3046 2137 3102 2|.
2179 3045 2410 3113 Quando
2471 3045 2641 3103 Deum
2717 3049 2993 3107 celebrare
3067 3051 3329 3118 volueris,
3381 3053 3551 3109 recita

1980 3137 2376 3207 sexagesimum
2415 3148 2693 3208 quartum.
2721 3137 2777 3193 Si
2803 3140 3020 3212 aliquos
3042 3140 3109 3196 de
3145 3144 3547 3199 resurrectione

1983 3228 2258 3293 instituas,
2286 3231 2453 3284 recita
2487 3226 2576 3285 65.
2610 3230 2902 3289 Postulans
2932 3250 2962 3288 a
2990 3232 3221 3290 Domino
3246 3236 3551 3292 miseratio-

1982 3334 2112 3382 nes,
2137 3317 2300 3374 lauda
2328 3320 2479 3374 illum
2506 3363 2519 3386 ,
2552 3323 2789 3391 psallens
2820 3322 2909 3378 66.
2939 3324 3075 3378 Cum
3113 3325 3317 3380 videris
3351 3326 3550 3397 impios

1980 3407 2034 3462 in
2066 3424 2196 3478 pace
2226 3426 2489 3480 prospere
2514 3424 2737 3483 agentes
2767 3423 2821 3468 et
2850 3414 3083 3469 libenter
3130 3415 3376 3473 viventes
3400 3458 3414 3483 ,
3454 3401 3550 3489 ju-

1977 3509 2091 3556 stos
2117 3510 2294 3557 autem
2310 3502 2558 3569 afﬂictos,
2586 3521 2654 3559 ne
2676 3506 3082 3573 scandalizeris,
3104 3523 3278 3578 neque
3305 3522 3551 3565 commo-

1976 3592 2176 3656 vearis,
2210 3594 2302 3647 sed
2338 3594 2425 3649 dic
2453 3597 2723 3665 psalmum
2751 3596 2837 3650 72.
2861 3595 2998 3652 Cum
3023 3599 3193 3654 iratus
3220 3598 3383 3655 fuerit
3404 3600 3548 3655 Deus

1977 3681 2242 3739 adversus
2283 3687 2584 3754 populum,
2626 3686 2792 3743 babes
2831 3688 2899 3742 ad
2931 3690 3360 3746 consolationem
3402 3692 3547 3748 illius

1975 3773 2134 3829 verba
2157 3776 2457 3845 prudentiae
2473 3777 2526 3830 in
2551 3776 2637 3831 75.
2661 3776 2892 3844 Quando
2914 3780 3257 3837 confessione
3291 3783 3386 3838 tibi
3409 3788 3547 3854 opus

1974 3866 2100 3930 erit,
2125 3866 2294 3936 psalle
2319 3867 2372 3933 9,
2402 3865 2489 3935 74,
2520 3866 2607 3933 9i,
2644 3869 2905 3935 104,105,
2929 3882 2981 3925 et
3000 3872 3194 3939 106,et
3217 3873 3544 3941 l07,etild,

1974 3964 2028 4011 et
2051 3956 2175 4022 H7,
2205 3971 2255 4011 et
2274 3958 2398 4023 125,
2425 3968 2480 4013 et
2501 3958 2622 4014 137.
2662 3957 2753 4016 Vis
2782 3961 3061 4031 gentilium
3089 3973 3143 4017 et
3168 3965 3545 4020 hazreticorum

1974 4045 2255 4117 opiniones
2275 4048 2628 4116 confundere,
2654 4060 2705 4105 et
2730 4064 3161 4107 commonstrare
3182 4069 3288 4108 non
3312 4056 3453 4125 apud
3486 4058 3544 4110 il-

1973 4137 2055 4193 los
2074 4153 2194 4193 esse
2218 4138 2313 4194 Dei
2334 4141 2720 4210 cognitionem,
2744 4143 2836 4198 sed
2864 4143 2917 4196 in
2945 4144 3062 4197 sola
3081 4143 3346 4214 Ecclesia,
3366 4158 3539 4217 potes,

1974 4227 2325 4284 considerans
2349 4270 2364 4294 ,
2396 4244 2596 4284 canere
2625 4240 2787 4301 atque
2811 4230 2993 4286 dicere
3016 4248 3138 4302 qua:
3172 4234 3228 4288 in
3254 4245 3538 4307 septuage-

1974 4317 2115 4373 simo
2144 4322 2335 4387 quinto
2363 4320 2654 4376 habentur.
2690 4322 2930 4377 Inimicis
2957 4332 3136 4378 autem
3169 4323 3365 4397 effugia
3402 4344 3538 4398 pra:-

1972 4412 2360 4480 occupantibus
2385 4427 2448 4466 ac
2478 4423 2529 4467 te
2552 4429 2898 4485 summopere
2926 4414 3140 4481 afﬂicto,
3178 4416 3303 4472 licet
3324 4429 3537 4488 pertur-

300 4506 512 4579 ἐχθρῶν
536 4500 1049 4577 προκαταλαϐόντων
1075 4498 1175 4564 τὰς
1206 4499 1503 4569 διεκφυγάς
1528 4541 1544 4565 ,
1590 4498 1684 4552 καὶ
1722 4499 1867 4552 πάνυ

1984 4499 2133 4567 seris,
2174 4517 2240 4556 ne
2269 4502 2514 4557 animum
2556 4503 2932 4573 despondeas,
2965 4507 3058 4559 sed
3102 4521 3236 4561 ora:
3278 4509 3400 4563 etsi
3428 4510 3539 4565 cla-

301 4595 635 4664 θλιϐόμενος,
660 4592 760 4646 κᾶν
781 4589 1075 4662 ταραχθῇς,
1113 4590 1189 4661 μὴ
1218 4588 1545 4660 ἀπελπίσῃς,
1597 4588 1731 4643 ἀλλὰ
1775 4589 1866 4642 εὖ-

296 4704 421 4758 χου·
469 4687 567 4740 καὶ
615 4684 709 4739 ἐάν
750 4681 966 4757 κράζων
1016 4678 1393 4751 εἰσακουσθῇς,
1446 4680 1757 4751 εὐχαρίστει
1790 4679 1867 4750 τῷ

299 4777 439 4849 Θεῷ,
465 4778 640 4845 λέγων
668 4775 736 4829 τὰ
780 4777 838 4828 ἐν
868 4773 948 4844 τῷ
989 4778 1094 4837 ος¹.
1145 4770 1269 4826 Ἐάν
1314 4771 1372 4824 δὲ
1406 4771 1766 4856 ,ἐπιμένοντες
1817 4773 1865 4824 οἱ

298 4870 484 4942 ἐχθροὶ
513 4865 886 4930 ἐπεισέλθωσι,
920 4864 1014 4917 καὶ
1043 4862 1275 4934 μιάνωσι
1298 4862 1387 4915 τὸν
1411 4856 1559 4915 οἷκον
1589 4861 1683 4914 τοῦ
1707 4860 1862 4926 Θεοῦ,

295 4962 421 5026 τούς
445 4979 507 5015 τε
535 4960 723 5029 ἁγίους
750 4957 1128 5021 ἀποκτείνωσι,
1158 4955 1251 5008 καὶ
1300 4955 1368 5008 τὰ
1417 4952 1644 5025 σώματα
1688 4954 1865 5008 αὐτῶν

301 5055 497 5124 ρίψωσι
516 5054 629 5115 τοῖς
661 5050 925 5111 πετεινοῖς
949 5047 1044 5102 τοῦ
1073 5043 1323 5118 οὐρανοῦ,
1378 5045 1464 5098 ἵνα
1503 5044 1577 5116 μὴ
1613 5044 1867 5098 συνελκυ-

298 5145 445 5208 σθεὶς
467 5140 817 5215 καταπτήξῃς
841 5139 1016 5193 αὐτῶν
1031 5138 1127 5211 τὴν
1148 5138 1426 5209 ὠμότητα,
1453 5135 1736 5206 σύμπασχε
1766 5136 1864 5207 μὲν

295 5241 408 5301 τοῖς
441 5236 758 5306 πάσχουσιν,
794 5231 1088 5301 ὲντύγχανε
1114 5231 1169 5284 δέ
1196 5229 1273 5301 τῷ
1295 5228 1431 5299 Θεῷ,
1464 5228 1639 5297 λέγων
1669 5228 1760 5281 τὸν
1783 5236 1863 5300 οη’

294 5331 527 5403 ψαλμάν.

365 5441 469 5513 κβ’.
518 5441 607 5495 Ἔν
639 5440 801 5511 ἑορτῇ
830 5435 907 5497 δέ,
940 5433 1109 5487 θέλων
1129 5427 1258 5504 ᾄσαι
1288 5430 1365 5501 τῷ
1396 5430 1607 5503 Κυρίῳ,
1660 5448 1863 5500 συγκα-

296 5530 452 5594 λέσας
481 5532 607 5593 τοὺς
634 5528 732 5582 τοῦ
756 5524 891 5579 Θεοῦ
916 5523 1153 5586 δούλους,
1187 5520 1356 5590 eam
1380 5520 1450 5573 τὰ
1475 5522 1533 5573 ἐν
1564 5518 1644 5591 τῷ
1672 5526 1723 5573 π’
1767 5520 1861 5573 καὶ

298 5620 395 5687 ί-,δ¹.
429 5619 549 5673 Τῶν
584 5620 644 5673 δὲ
671 5614 883 5687 ἐχθρῶν
930 5612 1087 5666 πάλιν
1127 5611 1596 5682 ἐπισυναχθέντων
1643 5611 1859 5664 πάντων

299 5712 648 5782 πανταχόθεν,
709 5709 807 5761 καὶ
843 5705 1205 5761 ἀπειλούντων
1252 5703 1392 5756 κατὰ
1446 5702 1538 5756 τοῦ
1585 5702 1732 5754 οἴκου
1764 5702 1857 5756 τοῦ

298 5799 448 5869 Θεοῦ,
473 5801 751 5867 συνθήκας
783 5813 841 5852 τε
888 5793 1180 5849 ποιούντων
1228 5792 1365 5846 κατὰ
1397 5793 1495 5864 τῆς
1538 5792 1813 5847 εὐσεϐείας
1843 5833 1854 5843 .

1972 4593 2171 4648 mando
2204 4594 2519 4661 exaudiare,
2547 4596 2753 4665 gratias
2779 4594 2890 4651 Deo
2916 4611 3034 4667 age,
3068 4598 3302 4653 recitans
3322 4609 3538 4670 septua-

1971 4686 2238 4757 gesimum
2265 4696 2499 4741 sextum.
2527 4686 2583 4741 Si
2610 4687 2961 4757 persistentes
2987 4688 3192 4744 inimici
3219 4690 3535 4761 irruperint,

1972 4787 2025 4831 et
2053 4777 2276 4832 domum
2315 4775 2413 4832 Dei
2456 4778 2894 4848 profanaverint,
2925 4790 3253 4850 sanctosque
3296 4782 3533 4837 trucida-

1973 4869 2116 4934 rint,
2153 4869 2484 4939 illorumque
2516 4885 2742 4941 corpora
2783 4870 3097 4926 volucribus
3128 4872 3249 4926 caeli
3296 4873 3537 4944 projece-

1970 4961 2101 5029 rint,
2146 4976 2214 5016 ne
2242 4961 2328 5017 his
2358 4962 2642 5032 perculsus
2668 4961 2988 5018 reformides
3032 4978 3218 5017 eorum
3249 4965 3541 5021 crudelita-

1971 5060 2079 5108 tem
2105 5094 2120 5118 ,
2167 5052 2290 5108 dole
2333 5053 2551 5124 quidem
2589 5054 2913 5108 miserorum
2966 5054 3136 5109 vicem
3163 5095 3177 5120 ,
3219 5070 3312 5108 ora
3352 5066 3532 5109 autem

1970 5143 2161 5210 Deum,
2193 5145 2380 5199 dicens
2420 5146 2876 5215 septuagesimum
2896 5154 3145 5201 octavum
3170 5146 3456 5213 psalmum.

2035 5423 2127 5477 22.
2163 5421 2220 5477 In
2248 5422 2473 5479 solemni
2509 5422 2597 5477 die
2627 5424 2814 5479 volens
2843 5424 3075 5478 Domino
3105 5438 3326 5490 canrre,
3359 5424 3528 5506 advo-

1966 5518 2105 5572 catis
2146 5513 2242 5569 Dei
2268 5515 2474 5580 servis,
2510 5516 2675 5583 psalle
2717 5516 3107 5582 ottogesimum
3154 5523 3207 5568 et
3241 5516 3529 5587 nonagesi-

1966 5624 2114 5662 mum
2151 5615 2429 5678 quartum.
2465 5605 2704 5660 Inimicis
2733 5607 2927 5659 iterum
2963 5605 3200 5674 undique
3228 5596 3525 5676 congrega-

1967 5701 2055 5763 tis,
2084 5708 2137 5753 et
2185 5698 2371 5753 domui
2406 5696 2499 5752 Dei
2531 5698 2705 5749 minus
2748 5696 3139 5751 intentantibus
3165 5739 3180 5762 ,
3217 5697 3526 5765 fmderaque

1965 5800 2154 5848 contra
2189 5791 2440 5861 pietatem
2486 5787 2834 5851 facientibus,
2864 5803 2929 5841 ne
2970 5790 3152 5844 animo
3185 5789 3402 5845 delicias
3454 5789 3525 5842 ob
