3944 6220
387 334 458 387 5:;
1230 313 1286 368 s-
1328 306 1700 387 A'rrmvasu
1743 302 1895 359 ove.
1941 297 2118 353 rans
2160 297 2243 351 lli.
2285 329 2353 337 —
2395 268 2803 352 extumus.
2869 259 2876 274 ’
3546 291 3616 343 se

386 471 578 516 eorum
607 450 1002 510 multitudinem
1037 454 1091 501 et
1115 442 1408 514 potentiam
1433 459 1444 492 :
1468 438 1637 491 habes
1667 431 1821 504 quasi
1847 446 1945 483 an—

2078 445 2140 482 να
2167 425 2240 497 μὴ
2269 424 2553 494 ἀθυμήσῃς
2580 421 2667 474 διὰ
2696 420 2756 472 τὸ
2789 416 2990 487 πλῆθος
3033 415 3127 468 καί⁸
3167 414 3262 485 τὴν
3303 412 3618 466 δυναστείαν

387 551 610 604 choram
636 545 747 613 spei
776 541 937 594 verba
966 533 1285 604 octogesimi
1312 528 1533 585 secundi
1559 524 1770 596 psalmi.
1793 521 1948 587 Quod

389 640 436 695 si
466 635 665 692 videris
701 634 922 688 domum
954 628 1046 682 Dei
1072 669 1086 690 ,
1119 634 1172 680 et
1197 633 1397 678 :eterna
1427 620 1544 689 ejus
1567 613 1915 671 tabernacula
1935 653 1948 673 ,

389 737 554 797 atque
606 738 794 780 eorum
840 718 1110 774 desiderio
1167 711 1441 775 tenearis,
1496 703 1950 777 quemadmodum

393 793 720 888 Apostolus,
778 813 864 867 dic
919 805 1306 878 octogesimum
1373 799 1589 854 tertium
1662 793 1950 864 psalmum.

389 883 649 965 cessante
676 907 888 961 tandem
915 903 994 956 ira
1025 899 1308 965 solutaque
1339 891 1664 961 captivitate,
1691 886 1737 940 si
1768 883 1955 936 volue-

395 1004 469 1057 ris
502 1001 729 1055 Domino
768 995 970 1067 gratias
996 1007 1156 1062 agere
1181 1031 1194 1053 ,
1238 986 1404 1040 habes
1449 982 1517 1036 84
1547 989 1600 1033 et
1645 977 1765 1032 19.5.
1805 974 1869 1028 Et
1908 972 1954 1028 si

393 1106 724 1164 cognoscere
779 1066 911 1142 velis
944 1084 1071 1154 quid
1103 1079 1316 1135 intersit
1353 1073 1683 1131 discriminis
1725 1066 1953 1124 catholi-

395 1200 512 1238 cam
541 1183 678 1235 inter
709 1177 1005 1232 Ecclesiam
1051 1181 1104 1226 et
1137 1169 1427 1224 schismata
1452 1163 1658 1232 ,atquc
1689 1161 1957 1214 schisma-

395 1277 534 1330 ticos
555 1271 906 1331 confundere,
936 1267 1116 1320 dicere
1140 1271 1290 1331 potes
1311 1256 1700 1327 octogesimum
1721 1261 1954 1306 sextum.

397 1366 454 1421 Si
511 1365 644 1418 velis
684 1362 778 1415 tibi
827 1359 1055 1437 aliisque
1099 1355 1297 1407 addere
1338 1347 1586 1404 ﬁduciam
1628 1349 1692 1398 ad
1726 1342 1818 1396 Dei
1846 1341 1958 1396 cul-

397 1469 533 1523 tum,
568 1466 620 1511 et
653 1433 1108 1516 ostenderequod
1137 1459 1260 1514 spes
1296 1443 1348 1495 in
1385 1439 1551 1492 Deum
1581 1451 1686 1491 non
1729 1433 1959 1488 confun-

399 1552 532 1612 dat,
568 1546 659 1601 sed
695 1542 1023 1611 intrepidum
1065 1538 1304 1592 animum
1343 1533 1555 1593 reddat,
1589 1529 1747 1582 lauda
1788 1525 1956 1580 Deum

399 1639 634 1694 recitans
688 1632 1122 1701 nonagesimum.
1177 1625 1414 1680 Psallere
1461 1622 1543 1675 vis
1595 1621 1648 1673 in
1691 1615 1960 1671 Sabbato?

399 1731 564 1785 habes
593 1726 1006 1794 nonagesimum
1035 1719 1295 1788 primum.

2053 519 2249 582 αὐτῶν,
2301 516 2443 587 ἔχεις
2482 513 2667 581 ὥσπερ
2693 512 2939 581 ἄγκυραν
2983 506 3189 568 ἐλπίδος
3239 505 3307 557 τὰ
3344 507 3400 556 ὲν
3422 503 3501 572 τῷ
3528 500 3616 572 πβ⁹

2058 612 2293 684 ῥήματα.
2325 608 2436 660 Kal.
2457 605 2573 668 ἐὰν,
2609 603 2819 674 βλέπων
2848 601 2936 654 τὸν
2967 594 3113 652 οἷκον
3145 597 3237 651 τοῦ
3261 590 3394 650 Θεοῦ
3430 595 3522 649 καὶ
3549 595 3619 648 τὰ

2053 700 2246 756 αἰώνια
2275 697 2436 752 αὐτοῦ
2466 693 2817 765 σκηνώματα,
2846 692 2936 745 τὸν
2978 691 3137 743 πόθον
3179 689 3307 761 ἔχῃς
3348 689 3427 750 είς
3458 687 3616 747 αὐτὰ,

2053 795 2128 857 ὼς
2156 790 2298 863 εἶχεν
2327 792 2355 842 ὁ
2395 785 2734 850 Ἀπόστολος,
2761 781 2884 853 λέγε
2914 777 3008 836 καὶ
3036 783 3098 834 σὺ
3131 781 3220 834 τὸν
3253 777 3340 846 πγ⁹
3385 777 3615 848 ψαλμόν.

2054 883 2413 954 Παυσαμένης
2435 879 2490 932 δέ
2520 895 2648 931 ποτε
2670 877 2768 948 τῆς
2789 868 2974 948 ὀργῆς,
3004 875 3098 927 καὶ
3123 875 3217 943 τῆς
3249 869 3619 940 αἰχμαλωσίας

2057 976 2326 1045 λυθείσης,
2348 972 2443 1025 ἐὰν
2473 971 2632 1042 θέλῃς
2658 969 3064 1038 εὐχαριστῆσαι,
3096 964 3237 1035 ἔχεις
3256 964 3332 1025 εἰς
3362 958 3419 1013 τὸ
3445 961 3620 1028 λέγειν

2057 1069 2125 1123 τὰ
2163 1070 2218 1120 ἐν
2251 1065 2328 1136 τῷ
2363 1064 2442 1116 πδ⁹
2489 1059 2583 1116 καὶ
2633 1067 2763 1132 ρκε’.
2796 1060 2902 1112 Kal.
2952 1057 3048 1128 τὴν
3086 1056 3182 1127 μὲν
3227 1052 3486 1123 διαφορὰν
3523 1053 3620 1122 τῆς

2058 1159 2350 1228 καθολικῆς
2398 1154 2721 1225 Ἐκκλησίας
2749 1151 2886 1222 πρὸς
2925 1150 2992 1202 τὰ
3030 1148 3299 1218 σχίσματα
3344 1145 3436 1198 ἐὰν
3462 1143 3621 1215 θέλῃς

2056 1253 2342 1321 γινώσκειν
2367 1289 2381 1312 ,
2431 1247 2527 1301 καὶ
2575 1244 2854 1316 ἐντρέπειν
2886 1241 3146 1302 ἐκείνους,
3189 1237 3412 1289 δύνασαι
3444 1234 3622 1301 λέγειν

2056 1346 2124 1399 τὰ
2177 1346 2236 1398 ἐν
2283 1342 2362 1414 τῷ
2419 1347 2514 1405 πς¹
2552 1335 2930 1410 γεγραμμένα.
2986 1329 3405 1404 Πα-ραθαρσῦναι
3457 1325 3623 1379 θέλων

2061 1438 2282 1493 σεαυτὸν
2313 1435 2549 1497 καὶτοὺς
2581 1431 2800 1502 ἑτέρους
2834 1429 2912 1486 είς
2945 1423 3282 1487 θεοσέϐειαν,
3319 1420 3411 1475 καὶ
3443 1419 3516 1482 ὡς
3546 1419 3626 1480 είς

2058 1534 2148 1587 τὸν
2186 1532 2317 1585 Θεὸν
2343 1528 2497 1591 ἐλπὶς
2534 1525 2658 1579 οὔτε
2693 1520 3064 1591 καταισχύνει,
3113 1517 3248 1570 ἀλλὰ
3295 1515 3388 1568 καὶ
3426 1511 3625 1581 ἄφοϐον

2060 1625 2157 1694 τὴν
2184 1621 2359 1692 ψυχὴν
2383 1615 2798 1678 κατασκευάζει,
2829 1615 2964 1666 αἴνει
2988 1611 3076 1664 τὸν
3108 1609 3259 1673 Θεὸν,
3281 1607 3450 1674 λέγων
3477 1605 3542 1657 τὰ
3568 1606 3625 1657 ὲν

2061 1713 2141 1784 τῷ
2173 1719 2243 1780 ιιι.
2273 1711 2453 1764 Ψὰλαι
2477 1709 2648 1771 θέλεις
2676 1707 2755 1778 τῷ
2782 1703 3076 1771 Σαϐϐάτῳ;
3104 1699 3245 1770 έχεις
3271 1698 3361 1750 τὸν
3392 1701 3496 1762 μα’.

467 1821 558 1874 2⁸5.
598 1817 692 1872 Vis
736 1787 936 1887 gratias
976 1787 1136 1880 agere
1171 1806 1455 1862 Dominico
1493 1803 1617 1857 die?
1658 1799 1822 1854 habes
1866 1797 1958 1850 25.

2132 1813 2236 1875 κγ’.
2271 1802 2672 1875 Εὐχαριστῆσαι
2721 1799 2895 1860 θέλεις
2945 1798 3011 1866 τῇ
3059 1791 3509 1865 Κυριακῇ;ἒχεις
3537 1787 3629 1839 τὸν

404 1910 497 1964 Vis
525 1910 758 1963 secunda
797 1903 1021 1958 Sabbati
1053 1898 1318 1970 psallere?
1351 1898 1439 1952 dic
1469 1910 1590 1964 qute
1621 1899 1750 1947 sunt
1793 1891 1844 1943 in
1873 1889 1962 1944 47.

401 2001 610 2055 Canere
633 1997 712 2051 vis
736 1997 788 2049 in
814 1992 1143 2048 Parasceve?
1166 1989 1377 2044 Iaudem
1426 1986 1592 2040 babes
1618 1985 1668 2036 in
1693 1983 1780 2036 92.
1812 1981 1966 2034 Tunc

399 2093 545 2146 enim
575 2098 791 2161 peracta
815 2084 1183 2147 cruciﬁxione,
1213 2082 1406 2135 domus
1431 2078 1691 2132 aediﬁcata
1714 2083 1816 2136 est,
1845 2073 1969 2126 licet

405 2179 611 2234 inimici
657 2176 944 2246 prohibere
991 2173 1293 2228 niterentur
1342 2189 1354 2223 :
1410 2181 1579 2238 quare
1644 2162 1970 2232 triumphale

404 2284 624 2324 carmen
653 2267 763 2321 Deo
785 2278 980 2320 canere
1012 2262 1296 2324 convenit,
1330 2274 1393 2313 ea
1427 2256 1652 2319 scilicet,
1688 2268 1809 2323 quae
1842 2261 1970 2306 tunc

403 2363 546 2414 dicta
582 2367 708 2414 sunt
755 2358 809 2412 in
854 2355 1210 2425 nonagesimo
1257 2350 1518 2406 secundo.
1553 2347 1612 2401 Si
1661 2344 1972 2415 captivitate

405 2453 548 2508 facta
573 2493 588 2518 ,
617 2450 802 2505 excisa
832 2447 1000 2502 fuerit
1046 2447 1242 2501 domus
1269 2485 1284 2506 ,
1335 2458 1400 2497 ac
1434 2454 1651 2495 rursum
1684 2437 1968 2502 aediﬁcata,

405 2557 540 2598 came
586 2555 708 2611 quae
742 2547 871 2594 sunt
915 2538 971 2592 in
1015 2537 1105 2592 95.
1140 2535 1307 2590 Terra
1358 2549 1386 2586 a
1434 2530 1787 2585 bellatoribus
1821 2527 1973 2597 quie—

407 2642 612 2697 scente,
641 2640 806 2700 atque
843 2630 1061 2684 demum
1097 2627 1150 2680 in
1182 2640 1314 2696 pace
1357 2623 1583 2692 degente
1608 2660 1624 2687 ,
1659 2631 1714 2676 et
1743 2619 1973 2673 Domino

407 2731 697 2794 regnante,
725 2721 772 2776 si
798 2735 861 2775 ea
887 2720 955 2774 de
971 2733 1030 2774 re
1055 2733 1251 2774 canere
1286 2716 1455 2780 velis,
1486 2714 1654 2768 habes
1689 2710 1975 2780 nonagesi-

409 2830 557 2869 mum
595 2821 831 2869 sextum.
864 2810 960 2865 Vis
1001 2817 1199 2879 quarta
1233 2806 1460 2861 Sabbati
1502 2803 1774 2874 psallere?
1804 2801 1975 2856 habes

409 2904 820 2974 nonagesimum
848 2900 1103 2966 tertium;
1137 2907 1268 2954 tunc
1289 2897 1435 2952 enim
1457 2896 1687 2956 traditus
1709 2893 1977 2948 Dominus

409 2997 669 3050 ultionem
701 2993 768 3048 de
800 3001 973 3046 morte
1011 3004 1229 3046 sumere
1264 2988 1449 3060 coepit,
1492 2987 1669 3057 deque
1708 3001 1772 3040 ea
1805 2982 1978 3040 conﬁ-

407 3088 601 3141 denter
627 3083 989 3153 triumphare.
1023 3081 1162 3136 Cum
1197 3079 1360 3149 igitur
1385 3079 1570 3149 legens
1595 3075 1971 3148 Evangelium,

633 3137 831 3246 quarta
859 3172 1082 3229 Sabbati
1105 3137 1396 3227 consilium
1423 3137 1613 3225 iniisse
1637 3137 1854 3223 Iudaeos
1876 3137 1975 3222 ad;
1999 3137 2042 3196 θ

407 3283 598 3324 versus
626 3266 916 3322 Dominum
947 3283 963 3320 :
1013 3279 1243 3321 cernens
1276 3270 1405 3318 tunc
1433 3261 1614 3333 ipsum
1641 3260 1978 3317 conﬁdenter

401 3377 572 3435 agere
593 3402 608 3428 ,
639 3369 700 3425 ut
728 3376 828 3432 pro
860 3360 1020 3415 nobis
1069 3358 1137 3414 de
1175 3357 1394 3414 diabolo
1439 3357 1732 3413 vindictam
1766 3364 1976 3422 sumat,

405 3454 585 3526 psalle
609 3453 771 3508 verba
804 3451 1000 3523 psalmi
1027 3450 1118 3506 93.
1142 3448 1384 3504 Rursum
1414 3448 1633 3520 quando
1659 3448 1858 3505 videris
1876 3447 1982 3504 Do-

412 3545 550 3600 mini
594 3544 650 3599 in
701 3544 886 3598 omnia
928 3541 1358 3613 providentiam,
1405 3547 1460 3594 et
1503 3539 1802 3594 dominium
1840 3538 1976 3609 ejus,

405 3645 576 3705 atque
618 3633 853 3689 volueris
890 3632 1181 3688 nonnullos
1216 3631 1269 3685 in
1309 3631 1413 3686 ﬁde
1446 3629 1566 3700 ejus
1591 3637 1646 3685 et
1676 3629 1982 3684 obedientia

413 3726 734 3792 instituere,
797 3723 1034 3780 suadens
1097 3721 1206 3777 illis
1262 3729 1323 3775 ut
1369 3719 1548 3791 primo
1596 3719 1979 3782 conﬁteantur,

411 3819 586 3888 psalle
622 3817 712 3872 99.
745 3815 812 3870 Et
845 3814 937 3870 ubi
983 3811 1307 3884 coguOVeris
1350 3811 1470 3881 ejus
1505 3809 1784 3880 iudicandi
1829 3817 1982 3878 pote-

415 3919 644 3976 statem,
677 3909 823 3980 quod
852 3907 1060 3963 scilicet
1085 3903 1458 3960 misericordia
1479 3901 1747 3972 judicium
1776 3910 1984 3969 tempe-

414 4001 592 4057 rando
625 4000 830 4070 judicat
865 3997 1009 4051 Deus
1033 4037 1050 4062 ,
1080 3995 1125 4049 si
1168 3995 1234 4049 ad
1269 4009 1397 4048 eum
1429 3993 1688 4048 accedere
1716 3991 1982 4056 volueris,

419 4095 586 4149 habes
617 4091 685 4146 ad
712 4105 832 4146 eam
871 4104 986 4144 rem
1015 4086 1177 4142 verba
1201 4085 1395 4156 psalmi
1424 4083 1729 4139 centesimi.

485 4266 576 4319 ει.
617 4263 752 4317 Cum
780 4263 993 4316 inﬁrma
1015 4261 1084 4315 sit
1105 4267 1301 4313 natura
1331 4268 1536 4321 nostra,
1572 4257 1617 4312 si
1644 4263 1868 4325 propter
1897 4252 1984 4307 vi-

420 4371 490 4413 ta:
515 4356 813 4427 angustias,
842 4355 997 4423 quasi
1023 4353 1178 4420 inops
1204 4349 1380 4404 factus
1413 4349 1596 4402 animo
1622 4346 1862 4410 deﬁcias,
1892 4361 1988 4398 vo-

2065 1906 2170 1968 κγθ.
2193 1894 2358 1969 τᾼσαι
2389 1895 2561 1958 θέλεις
2590 1893 2816 1962 δευτέρᾳ
2849 1889 3180 1951 Σαϐϐάτων;
3211 1885 3336 1953 λέγε
3369 1883 3436 1937 τὰ
3473 1884 3528 1934 ὲν
3551 1883 3629 1952 τῷ

2071 1991 2175 2063 μζ¹.
2214 1968 2434 2042 Αἰνέσαι
2468 1985 2644 2055 βούλει
2668 1986 2734 2054 τῇ
2763 1981 3124 2052 Παρασκευῇ;
3171 1976 3313 2047 ἔχεις
3352 1973 3441 2026 τὸν
3485 1968 3629 2026 αἶνον

2068 2059 2125 2136 έν
2158 2081 2234 2152 τῷ
2274 2078 2378 2150 ιιβκ
2410 2078 2541 2132 Τότε
2563 2076 2692 2148 γὰρ,
2715 2073 3005 2143 γενομένου
3035 2070 3127 2122 τοῦ
3151 2059 3407 2138 σταυροῦ,
3431 2068 3458 2118 ό
3486 2060 3631 2126 οἶκος

2067 2173 2158 2228 τοῦ
2189 2170 2323 2226 Θεοῦ
2355 2166 2698 2242 ᾠκοδομήθη,
2739 2164 2914 2218 καίτοι
2947 2162 3053 2216 τῶν
3093 2158 3300 2230 ἐχθρῶν
3351 2158 3630 2228 ὲπιχειρηυ

2071 2263 2276 2317 σάντων
2309 2260 2576 2314 κωλῦσαι·
2611 2256 2705 2310 καὶ
2744 2255 2831 2307 διὰ
2858 2251 3016 2305 τοῦτο
3061 2251 3323 2303 ἐπινίκιον
3367 2248 3510 2320 ᾄδειν
3555 2245 3633 2318 τῷ

2069 2353 2187 2424 Θεῷ
2244 2351 2442 2422 πρέπει
2473 2350 2594 2402 τότε
2642 2347 2709 2400 τὰ
2742 2345 3006 2416 εἰρημένα
3038 2345 3094 2395 ὲν
3137 2342 3214 2412 τῷ
3258 2341 3365 2409 agr.
3421 2338 3545 2391 Ἐὰν
3576 2337 3632 2390 δὲ

2071 2446 2184 2510 καὶ,
2221 2442 2590 2514 αἰχμαλωσίας
2619 2436 2935 2507 γενομένης,
2967 2433 3260 2505 καθαιρεθῇ
3297 2435 3325 2484 ό
3349 2426 3512 2495 οἶκος,
3541 2429 3635 2482 καὶ

2073 2537 2232 2590 πάλιν
2260 2531 2608 2603 οίκοδομηθῇ,
2645 2525 2737 2601 ᾇδε
2766 2527 2834 2581 τὰ
2857 2529 2910 2580 ὲν
2939 2525 3016 2595 τῷ
3058 2530 3159 2590 ιιεκ
3187 2524 3301 2593 Τῆς
3329 2516 3385 2575 δὲ
3409 2523 3509 2592 γῆς
3538 2537 3636 2574 κα-

2071 2631 2329 2683 τάστασιν
2359 2623 2630 2694 λαϐούσης
2659 2621 2764 2674 ἀπὸ
2791 2619 2901 2673 τῶν
2943 2616 3318 2687 πολεμούντων
3341 2654 3356 2678 ,
3394 2615 3488 2668 καὶ
3528 2614 3638 2666 λοι-

2074 2715 2526 2790 πὸνὴρεμούσης,
2554 2713 2646 2767 καὶ
2675 2708 3086 2781 βασιλεύσαντος
3129 2698 3224 2759 τοῦ
3265 2700 3491 2776 Κυρίου,
3544 2704 3639 2758 ἐὰν

2075 2787 2390 2880 θέλῃςνᾷσαι
2437 2805 2564 2876 περὶ
2611 2802 2822 2862 τούτου,
2856 2798 2998 2868 ἔχεις
3043 2796 3132 2849 τὸν
3173 2787 3287 2862 ἵης’.
3336 2788 3521 2856 Θέλεις

2074 2897 2288 2971 τετράδι
2320 2895 2412 2950 τοῦ
2435 2894 2712 2949 Σαϐϐάτου
2747 2889 3015 2960 ’ψάλλειν;
3057 2885 3198 2958 ἔχεις
3234 2886 3325 2938 τὸν
3358 2889 3443 2953 1.,γ¹
3467 2899 3482 2914 ο
3517 2882 3638 2936 τότε

2076 2992 2182 3063 γὰρ
2217 2986 2534 3059 παραδοθεὶς
2588 2987 2616 3038 ό
2635 2982 2837 3054 Κύριος
2868 2979 3100 3033 ἐκδικεῖν
3150 2976 3353 3049 ἡρξατο
3375 2975 3472 3046 τὴν
3497 2973 3640 3028 κατὰ

2076 3082 2172 3137 τοῦ
2201 3081 2431 3136 θανάτου
2462 3077 2637 3149 δίκην,
2656 3069 3124 3144 καὶθριαμϐεύειν
3151 3068 3309 3122 αὑτὸν
3338 3065 3638 3137 παρρησίᾳ.

2080 3176 2193 3229 Ὃτ’
2221 3170 2287 3227 ἂν
2340 3166 2452 3232 οὖν,
2503 3164 2890 3236 ἀναγινώσκων
2920 3162 2980 3216 τὸ
3034 3159 3381 3229 Εὑαγγέλιον,
3431 3156 3544 3231 ίδῃς
3571 3159 3639 3227 τῇ

2075 3264 2290 3338 τετράδι
2343 3262 2438 3316 τοῦ
2487 3258 2764 3314 Σαδϐάτου
2827 3253 3149 3325 συμϐούλιον
3202 3248 3463 3312 λαϐόντας
3515 3248 3642 3310 τοὺς

2091 3356 2373 3420 Ἰουδαίους
2399 3353 2539 3408 κατὰ
2570 3351 2664 3406 τοῦ
2697 3346 2923 3420 Κυρίου,
2958 3345 3099 3417 ὁρῶν
3143 3343 3305 3398 αὑτὸν
3343 3341 3465 3395 τότε
3503 3342 3644 3408 παρα

2081 3444 2469 3524 ρησιαζόμενον
2518 3447 2577 3498 ὲν
2620 3445 2688 3514 τῇ
2717 3440 2859 3494 κατὰ
2890 3438 2983 3493 τοῦ
3039 3436 3286 3492 διαϐόλου
3327 3433 3466 3502 ὑπὲρ
3492 3430 3644 3502 ὑμῶν

2079 3523 2309 3613 ἐκδικίᾳ,
2360 3537 2527 3609 ψάλλε
2571 3535 2640 3589 τὰ
2669 3535 2726 3587 ὲν
2755 3529 2902 3602 αὐτῷ
2933 3529 3011 3600 τῷ
3068 3533 3174 3597 ια’.
3229 3525 3397 3581 Πάλιν
3431 3523 3645 3594 βλέπων

2078 3634 2177 3706 τὴν
2198 3635 2275 3696 είς
2299 3627 2476 3684 πάντα
2506 3628 2760 3698 πρόνοιαν
2792 3624 2885 3679 τοῦ
2927 3619 3132 3693 Κυρίου
3181 3617 3276 3672 καὶ
3305 3615 3407 3688 τὴν
3465 3613 3647 3684 κυριό-

2078 3703 2217 3797 τητα
2242 3721 2428 3787 αὑτοῦ,
2460 3721 2553 3774 καὶ
2578 3719 2745 3772 θέλων
2777 3711 3086 3788 κατηχῆσαί
3110 3726 3261 3772 τινας
3305 3705 3388 3770 είς
3417 3706 3516 3776 τὴν
3552 3703 3649 3757 αὐ-

2079 3816 2174 3869 τοῦ
2199 3815 2379 3867 πίστιν
2404 3809 2498 3865 καὶ
2528 3809 2796 3880 ὑπακοὴν,
2833 3805 3034 3860 πείθων
3066 3801 3262 3864 αὐτοὺς
3286 3797 3500 3870 πρῶτον
3555 3793 3644 3860 ἐξ·

2080 3898 2480 3978 ομολογεῖσθαι,
2514 3899 2683 3972 ψάλλε
2721 3898 2812 3952 τὸν
2845 3897 2950 3965 ιιθν.
2979 3893 3091 3949 Kal.
3121 3892 3234 3956 ἐὰν,
3271 3888 3454 3963 μαθὼν
3487 3884 3650 3942 αὑτοῦ

2080 3999 2180 4070 τὴν
2208 3996 2460 4068 κριτικὴν
2484 3993 2733 4063 δύναμιν,
2761 3990 2854 4044 καὶ
2872 3990 2953 4042 ὃτι
2985 3986 3119 4055 ἐλέῳ
3145 3983 3243 4054 τὴν
3269 3982 3450 4052 κρίσιν
3482 3978 3650 4050 κερά-

2083 4067 2182 4150 σας
2207 4067 2381 4156 κρίνει
2408 4081 2436 4136 ό
2464 4081 2687 4154 Κύριος,
2713 4079 2943 4148 θελήσῃς
2969 4073 3115 4144 αύτῷ
3137 4067 3482 4142 προσελθεῖν)
3507 4068 3651 4139 ἔχεις

2081 4179 2163 4239 είς
2197 4174 2354 4228 τοῦτο
2383 4169 2576 4240 λόγους
2608 4170 2734 4231 τοὺς
2760 4168 2818 4219 ὲν
2851 4165 2928 4234 τῷ
2962 4165 3024 4236 ρ’.

2153 4262 2251 4320 κδ’.
2292 4260 2574 4323 Ἀσθενοῦς
2611 4260 2666 4312 δὲ
2719 4256 2876 4328 ἡμῶν
2918 4257 3016 4326 τῆς
3068 4251 3281 4324 φύσεως
3320 4247 3520 4320 οὔσης,
3555 4246 3651 4300 ἐὰν

2083 4357 2170 4411 διὰ
2202 4354 2300 4418 τὰς
2335 4349 2561 4423 συνοχὰς
2598 4348 2691 4403 τοῦ
2724 4349 2839 4420 βίου
2865 4347 2948 4420 Δὡς
2973 4344 3184 4414 πτωχὸς
3215 4338 3500 4412 γενόμενος
3524 4341 3655 4408 ἀκη-

423 4449 698 4517 luerisque
736 4443 1163 4500 consolationem
1209 4441 1490 4509 accipere,
1521 4439 1687 4492 habes
1714 4437 1973 4506 psalmum

2088 4448 2277 4519 διάσῃς
2302 4444 2453 4504 ποτὲ,
2489 4439 2581 4495 καὶ
2604 4441 2762 4513 θέλῃς
2795 4434 3234 4509 παρακληθῆναι,
3268 4431 3410 4503 ἔχεις
3446 4427 3536 4483 τὸν
3573 4434 3652 4500 ρα⁹

422 4540 547 4594 101.
576 4536 643 4590 Et
683 4534 941 4605 quoniam
975 4532 1128 4586 decet
1159 4545 1257 4583 nos
1288 4543 1382 4596 per
1413 4527 1594 4580 omnia
1631 4533 1685 4580 et
1723 4525 1776 4579 in
1803 4525 1985 4579 omni-

419 4629 525 4682 bus
557 4625 759 4697 gratias
784 4622 894 4677 Deo
923 4636 1084 4691 agere
1107 4661 1122 4686 ,
1144 4635 1269 4674 cum
1297 4617 1535 4672 volueris
1565 4618 1739 4686 ipsum
1769 4613 1990 4670 benedi-

421 4736 580 4780 cere.
623 4717 792 4771 habes
819 4715 885 4768 ad
936 4712 1181 4765 animum
1232 4719 1380 4763 tuum
1409 4709 1754 4763 excitandum
1804 4707 1907 4761 102
1938 4713 1993 4760 et

425 4811 549 4865 105.
572 4807 668 4862 Vis
693 4807 913 4860 laudare
933 4804 1099 4857 Deum
1125 4813 1285 4872 atque
1310 4817 1471 4856 nosse
1497 4801 1771 4870 quomodo
1807 4808 1862 4854 et
1885 4811 1992 4868 qua

424 4905 492 4956 de
521 4915 686 4956 causa
717 4897 1023 4952 laudandus
1051 4895 1140 4959 sit,
1168 4903 1220 4948 et
1254 4907 1503 4962 quaenam
1543 4891 1849 4945 laudantem
1875 4905 1994 4958 pro-

423 4995 566 5048 ferre
583 4990 803 5045 deceat?
827 4991 990 5043 habes
1015 4987 1130 5050 IN,
1151 4995 1204 5039 et
1230 4984 1348 5050 l06,
1368 4982 1556 5047 et154,
1575 4990 1628 5036 et
1651 4981 1771 5041 145,
1793 4989 1845 5033 et
1867 4979 1990 5045 “6,

423 5098 474 5140 et
497 5084 619 5148 M7,
653 5094 700 5137 et
740 5083 863 5148 HS,
890 5090 942 5135 et
975 5079 1090 5134 150.
1129 5076 1309 5131 Habes
1340 5076 1520 5138 ﬁdem,
1553 5075 1696 5128 sicut
1731 5072 1993 5126 Dominus

423 5178 582 5242 dixit,
599 5184 653 5229 et
669 5172 845 5228 credis
875 5186 937 5225 ea
971 5186 1092 5238 quae
1111 5169 1319 5223 orando
1349 5162 1628 5236 loqueris?
1650 5162 1737 5216 dic
1764 5162 1996 5216 centesi-

427 5286 576 5322 mum
591 5268 858 5323 decimum
873 5263 1142 5332 quintum.
1159 5259 1337 5313 Sentis
1355 5264 1404 5309 te
1421 5254 1673 5322 operibus
1691 5252 1797 5307 tuis
1812 5267 1996 5306 ascen-

427 5362 571 5421 dere,
603 5361 675 5413 ita
701 5367 759 5412 ut
778 5357 956 5410 dicere
983 5353 1160 5422 possis
1189 5369 1202 5404 :
1230 5348 1360 5413 Quae
1387 5357 1524 5400 retro
1549 5353 1670 5398 sunt
1693 5344 1991 5409 obliviscar,

429 5453 498 5503 ad
523 5465 733 5518 ea,quw
767 5459 884 5502 ante
915 5455 1036 5501 sunt
1059 5488 1073 5510 ,
1102 5443 1324 5497 extendo
1358 5439 1611 5506 meipsum
1638 5436 1758 5467 ²⁰·²¹
1780 5435 1803 5487 ?
1829 5435 1994 5488 habes

429 5539 498 5591 ad
556 5537 838 5590 dicendum
887 5538 941 5590 in
997 5533 1225 5604 singulis
1275 5526 1630 5601 profectubus
1680 5525 1990 5596 quindecim

432 5628 696 5698 graduum
729 5629 957 5681 cantica.

443 5790 447 5792 _
505 5719 618 5751 ”"‘
650 5717 881 5787 Philipp.
923 5735 1002 5778 Ill,
1042 5718 1124 5771 l5.

2091 4531 2319 4608 ψαλμόν.
2348 4535 2455 4586 Καὶ
2485 4530 2671 4601 ἐπειδὴ
2703 4529 2900 4600 πρέπει
2930 4525 3016 4579 διὰ
3043 4525 3258 4578 πάντων
3281 4522 3373 4574 καὶ
3397 4523 3454 4572 ὲν
3491 4519 3653 4570 πᾶσιν

2093 4607 2430 4697 εὐχαριστεῖν
2456 4620 2603 4692 ἡμᾶς
2633 4618 2708 4689 τῷ
2728 4617 2865 4688 Θεῷ,
2885 4617 2971 4669 ὅτε
3005 4615 3176 4676 θέλεις
3205 4613 3442 4678 εὐλογεῖν
3470 4607 3651 4667 αὐτὸν,

2093 4718 2233 4788 ἔχεις
2258 4716 2335 4778 είς
2363 4713 2520 4766 τοῦτο
2546 4707 2947 4782 προτρέπεσθαι
2975 4703 3171 4758 σαυτοῦ
3205 4701 3302 4773 τὴν
3332 4698 3526 4769 ψυχὴν,
3562 4697 3655 4749 καὶ

2092 4787 2267 4875 λέγειν
2294 4805 2384 4856 τὸν
2415 4803 2493 4874 ρβ’
2543 4801 2634 4854 καὶ
2666 4798 2766 4871 ργ’.
2798 4797 2974 4850 Αίνεῖν
3013 4795 3185 4857 θέλεις
3223 4793 3312 4845 τὸν
3345 4790 3475 4843 Θεὸν
3497 4828 3511 4850 ,
3560 4787 3656 4841 καὶ

2095 4898 2290 4951 εἰδέναι
2319 4895 2432 4956 πῶς
2455 4891 2549 4946 καὶ
2578 4889 2668 4944 ἐπὶ
2695 4891 2799 4943 τίνι
2839 4889 2920 4942 δεῖ
2941 4887 3128 4948 αίνεῖν,
3157 4883 3251 4936 καλ⁹
3285 4881 3434 4943 τίνας
3457 4878 3659 4950 πρέπει

2093 4987 2271 5055 λέγειν
2298 4983 2386 5037 τὸν
2418 4979 2596 5045 αἷνονς
2626 4981 2767 5051 ἔχεις
2793 4979 2882 5033 τὸν
2912 4977 3004 5046 ρδ’,
3031 4977 3124 5028 καὶ
3148 4974 3238 5027 τὸν
3263 4977 3370 5045 ρς·¹,
3401 4971 3494 5024 καὶ
3531 4966 3654 5039 ρλό,

2095 5081 2188 5131 καὶ
2226 5084 2360 5148 ρμε’,
2404 5074 2496 5128 καὶ
2515 5074 2606 5126 τὸν
2643 5078 2795 5144 ρμς¹,
2831 5068 3042 5122 καὶτὸν
3074 5062 3214 5136 ρμξ,
3253 5063 3346 5114 καὶ
3383 5061 3474 5113 τὸν
3509 5065 3654 5131 ρμη’,

2094 5169 2187 5221 καὶ
2220 5167 2307 5219 τὸν
2339 5163 2433 5236 ρν’.
2466 5165 2650 5233 Ἔχεις
2696 5161 2896 5221 πίστιν,
2946 5158 3020 5220 ὡς
3055 5151 3206 5207 εἶπεν
3233 5154 3262 5205 ό
3293 5151 3513 5222 Κύριος,
3565 5149 3657 5201 καὶ

2097 5258 2369 5320 πιστεύεις
2395 5251 2475 5318 οἷς
2507 5254 2797 5324 εὐχόμενος
2821 5249 3034 5312 λαλεῖς;
3061 5245 3185 5313 λέγε
3213 5243 3301 5296 τὸν
3335 5248 3451 5314 ριε’.
3501 5239 3658 5293 Ἀλλὰ

2095 5349 2449 5404 ἀναϐαίνοντα
2490 5345 2684 5398 σαυτὸν
2715 5342 2878 5412 αἴσθῃ
2909 5342 3029 5400 ταῖς
3064 5334 3326 5408 πράξεσιν
3350 5374 3364 5397 ,
3395 5332 3532 5385 ὥστε
3567 5331 3656 5384 λέ-

2095 5460 2212 5512 γειν
2236 5457 2250 5471 ’
2291 5440 2366 5494 Τὰ
2387 5437 2502 5507 μὲν
2525 5437 2717 5489 ὀπίσω
2743 5428 3210 5497 ἐπιλανθάνομαι
3229 5469 3244 5491 ,
3287 5425 3412 5490 τοῖς
3452 5416 3519 5478 δὲ
3557 5425 3658 5494 ἐμ-

2096 5534 2360 5601 προσθεν
2390 5527 2797 5593 ἐπεκτείνομαι
2814 5539 2832 5587 ;
2865 5521 3006 5592 ἔχεις
3033 5517 3154 5572 καθ’
3180 5517 3412 5586 ἑκάστην
3459 5531 3657 5586 προκο-

2136 5625 2203 5695 ὴν
2230 5625 2306 5685 είς
2327 5621 2387 5674 τὸ
2405 5619 2585 5686 λέγειν
2609 5615 2705 5678 τὰς
2742 5621 2800 5666 ιε’
2822 5613 2929 5666 τῶν
2954 5607 3277 5678 ἀναϐαθμῶν
3297 5604 3460 5676 ᾠδάς.
