  <div class='ocr_page' id='page_1' title='image "/cluster/home/n/w/nwhite01/storage/ocr_20150623/27/mdp.39015007065769/026.png"; bbox 0 0 3944 6220; ppageno 0'>
   <div class='ocr_carea' id='block_1_1' title="bbox 320 323 2468 394">
    <p class='ocr_par' dir='ltr' id='par_1_1' title="bbox 320 323 2468 394">
     <span class='ocr_line' id='line_1_1' title="bbox 320 323 2468 394; baseline 0.007 -16"><span class='ocrx_word' id='word_1_1' title='bbox 320 323 383 378; x_wconf 73' lang='lat'><strong>37</strong></span> <span class='ocrx_word' id='word_1_2' title='bbox 1437 328 1774 384; x_wconf 81' lang='lat' dir='ltr'><strong>EPISTULA</strong></span> <span class='ocrx_word' id='word_1_3' title='bbox 1815 330 1907 384; x_wconf 78' lang='lat' dir='ltr'><strong>AD</strong></span> <span class='ocrx_word' id='word_1_4' title='bbox 1948 333 2468 394; x_wconf 79' lang='lat' dir='ltr'><strong>MARCELLINUM.</strong></span> 
     </span>
    </p>
   </div>
   <div class='ocr_carea' id='block_1_2' title="bbox 3500 355 3568 408">
    <p class='ocr_par' dir='ltr' id='par_1_2' title="bbox 3500 355 3568 408">
     <span class='ocr_line' id='line_1_2' title="bbox 3500 355 3568 408; baseline 0 -4"><span class='ocrx_word' id='word_1_5' title='bbox 3500 355 3568 408; x_wconf 63' lang='grc' dir='ltr'><strong>ΚΒ</strong></span> 
     </span>
    </p>
   </div>
   <div class='ocr_carea' id='block_1_3' title="bbox 389 425 1868 538">
    <p class='ocr_par' dir='ltr' id='par_1_3' title="bbox 389 439 1868 518">
     <span class='ocr_line' id='line_1_3' title="bbox 389 439 1868 518; baseline 0.005 -26"><span class='ocrx_word' id='word_1_6' title='bbox 389 443 483 492; x_wconf 79' lang='grc' dir='ltr'><strong>κε’.</strong></span> <span class='ocrx_word' id='word_1_7' title='bbox 529 439 998 514; x_wconf 80' lang='grc' dir='ltr'>ᾘχμαλωτεύθης</span> <span class='ocrx_word' id='word_1_8' title='bbox 1021 444 1126 498; x_wconf 83' lang='grc' dir='ltr'>ὑπὸ</span> <span class='ocrx_word' id='word_1_9' title='bbox 1152 445 1444 517; x_wconf 82' lang='grc' dir='ltr'>ἀλλοτρίων</span> <span class='ocrx_word' id='word_1_10' title='bbox 1477 446 1771 518; x_wconf 83' lang='grc' dir='ltr'><strong>λογισμῶν,</strong></span> <span class='ocrx_word' id='word_1_11' title='bbox 1801 465 1868 500; x_wconf 92' lang='grc' dir='ltr'><strong>κα</strong></span> 
     </span>
    </p>
   </div>
   <div class='ocr_carea' id='block_1_4' title="bbox 1972 425 3565 538">
    <p class='ocr_par' dir='ltr' id='par_1_4' title="bbox 2067 451 3565 538">
     <span class='ocr_line' id='line_1_4' title="bbox 2067 451 3565 538; baseline 0.015 -34"><span class='ocrx_word' id='word_1_12' title='bbox 2067 451 2158 509; x_wconf 77' lang='grc'><strong>25.</strong></span> <span class='ocrx_word' id='word_1_13' title='bbox 2201 453 2256 507; x_wconf 91' lang='lat' dir='ltr'><strong>ln</strong></span> <span class='ocrx_word' id='word_1_14' title='bbox 2286 457 2653 526; x_wconf 73' lang='lat' dir='ltr'><strong>captivitatem</strong></span> <span class='ocrx_word' id='word_1_15' title='bbox 2687 460 2936 518; x_wconf 86' lang='lat' dir='ltr'><strong>redactus</strong></span> <span class='ocrx_word' id='word_1_16' title='bbox 2958 479 3018 519; x_wconf 88' lang='lat' dir='ltr'><strong>es</strong></span> <span class='ocrx_word' id='word_1_17' title='bbox 3044 465 3113 520; x_wconf 91' lang='lat' dir='ltr'><strong>ab</strong></span> <span class='ocrx_word' id='word_1_18' title='bbox 3146 467 3336 524; x_wconf 84' lang='lat' dir='ltr'><strong>alienis</strong></span> <span class='ocrx_word' id='word_1_19' title='bbox 3363 469 3565 538; x_wconf 73' lang='lat' dir='ltr'><strong>cogita-</strong></span> 
     </span>
    </p>
   </div>
   <div class='ocr_carea' id='block_1_5' title="bbox 323 531 1892 608">
    <p class='ocr_par' dir='ltr' id='par_1_5' title="bbox 323 531 1892 608">
     <span class='ocr_line' id='line_1_5' title="bbox 323 531 1892 608; baseline 0.004 -23"><span class='ocrx_word' id='word_1_20' title='bbox 323 531 480 603; x_wconf 64' lang='grc' dir='ltr'>ᾔσθου</span> <span class='ocrx_word' id='word_1_21' title='bbox 498 533 729 585; x_wconf 79' lang='grc' dir='ltr'>σεαυτὸν</span> <span class='ocrx_word' id='word_1_22' title='bbox 760 536 1124 606; x_wconf 83' lang='grc' dir='ltr'><strong>ἀπαγόμενον,</strong></span> <span class='ocrx_word' id='word_1_23' title='bbox 1144 539 1236 590; x_wconf 71' lang='grc' dir='ltr'>καὶ</span> <span class='ocrx_word' id='word_1_24' title='bbox 1269 538 1558 608; x_wconf 89' lang='grc' dir='ltr'>μετέγνως,</span> <span class='ocrx_word' id='word_1_25' title='bbox 1575 539 1779 592; x_wconf 77' lang='grc' dir='ltr'><strong>παῦσαι</strong></span> <span class='ocrx_word' id='word_1_26' title='bbox 1799 538 1892 592; x_wconf 75' lang='grc' dir='ltr'><strong>τοῦ</strong></span> 
     </span>
    </p>
   </div>
   <div class='ocr_carea' id='block_1_6' title="bbox 325 623 1892 700">
    <p class='ocr_par' dir='ltr' id='par_1_6' title="bbox 325 623 1892 700">
     <span class='ocr_line' id='line_1_6' title="bbox 325 623 1892 700; baseline 0.007 -26"><span class='ocrx_word' id='word_1_27' title='bbox 325 623 523 688; x_wconf 80' lang='grc' dir='ltr'>λοιποῦ,</span> <span class='ocrx_word' id='word_1_28' title='bbox 555 624 651 676; x_wconf 67' lang='grc' dir='ltr'>καὶ</span> <span class='ocrx_word' id='word_1_29' title='bbox 668 626 877 696; x_wconf 81' lang='grc' dir='ltr'>μείνας</span> <span class='ocrx_word' id='word_1_30' title='bbox 897 627 978 696; x_wconf 76' lang='grc' dir='ltr'><strong>ἐφ’</strong></span> <span class='ocrx_word' id='word_1_31' title='bbox 1000 623 1080 692; x_wconf 78' lang='grc' dir='ltr'><strong>οἷς</strong></span> <span class='ocrx_word' id='word_1_32' title='bbox 1101 629 1480 700; x_wconf 84' lang='grc' dir='ltr'>ἁμαρτάνοντα</span> <span class='ocrx_word' id='word_1_33' title='bbox 1507 631 1730 684; x_wconf 81' lang='grc' dir='ltr'>σεαυτὸν</span> <span class='ocrx_word' id='word_1_34' title='bbox 1761 649 1892 685; x_wconf 86' lang='grc' dir='ltr'>κατ-</span> 
     </span>
    </p>
   </div>
   <div class='ocr_carea' id='block_1_7' title="bbox 315 712 1893 791">
    <p class='ocr_par' dir='ltr' id='par_1_7' title="bbox 315 712 1893 791">
     <span class='ocr_line' id='line_1_7' title="bbox 315 712 1893 791; baseline 0.006 -27"><span class='ocrx_word' id='word_1_35' title='bbox 315 712 529 777; x_wconf 68' lang='grc' dir='ltr'><strong>έλαϐες,</strong></span> <span class='ocrx_word' id='word_1_36' title='bbox 560 714 758 778; x_wconf 80' lang='grc' dir='ltr'><strong>κάθου,</strong></span> <span class='ocrx_word' id='word_1_37' title='bbox 791 716 886 768; x_wconf 73' lang='grc' dir='ltr'><strong>καὶ</strong></span> <span class='ocrx_word' id='word_1_38' title='bbox 909 716 1138 771; x_wconf 82' lang='grc' dir='ltr'>κλαῦσον</span> <span class='ocrx_word' id='word_1_39' title='bbox 1168 719 1260 772; x_wconf 79' lang='grc' dir='ltr'><strong>καὶ</strong></span> <span class='ocrx_word' id='word_1_40' title='bbox 1296 721 1358 772; x_wconf 76' lang='grc' dir='ltr'><strong>σὺ</strong></span> <span class='ocrx_word' id='word_1_41' title='bbox 1385 761 1399 782; x_wconf 95' lang='grc'><strong>,</strong></span> <span class='ocrx_word' id='word_1_42' title='bbox 1435 721 1508 784; x_wconf 86' lang='grc' dir='ltr'><strong>ὡς</strong></span> <span class='ocrx_word' id='word_1_43' title='bbox 1535 723 1834 791; x_wconf 86' lang='grc' dir='ltr'>πεποίηκεν</span> <span class='ocrx_word' id='word_1_44' title='bbox 1865 724 1893 774; x_wconf 99' lang='lat'><strong>6</strong></span> 
     </span>
    </p>
   </div>
   <div class='ocr_carea' id='block_1_8' title="bbox 323 804 1892 883">
    <p class='ocr_par' dir='ltr' id='par_1_8' title="bbox 323 804 1892 883">
     <span class='ocr_line' id='line_1_8' title="bbox 323 804 1892 883; baseline 0.004 -25"><span class='ocrx_word' id='word_1_45' title='bbox 323 805 438 858; x_wconf 78' lang='grc' dir='ltr'>τότε</span> <span class='ocrx_word' id='word_1_46' title='bbox 461 804 609 868; x_wconf 72' lang='grc' dir='ltr'>λαὸς,</span> <span class='ocrx_word' id='word_1_47' title='bbox 634 805 814 874; x_wconf 83' lang='grc' dir='ltr'><strong>λέγων</strong></span> <span class='ocrx_word' id='word_1_48' title='bbox 844 808 912 860; x_wconf 82' lang='grc' dir='ltr'>τὰ</span> <span class='ocrx_word' id='word_1_49' title='bbox 941 810 997 863; x_wconf 84' lang='grc' dir='ltr'>ἐν</span> <span class='ocrx_word' id='word_1_50' title='bbox 1026 808 1102 880; x_wconf 80' lang='grc' dir='ltr'>τῷ</span> <span class='ocrx_word' id='word_1_51' title='bbox 1133 808 1273 882; x_wconf 80' lang='grc' dir='ltr'><strong>ρλς’.</strong></span> <span class='ocrx_word' id='word_1_52' title='bbox 1309 811 1445 874; x_wconf 81' lang='grc' dir='ltr'>Τοὺς</span> <span class='ocrx_word' id='word_1_53' title='bbox 1471 811 1526 864; x_wconf 84' lang='grc' dir='ltr'>δὲ</span> <span class='ocrx_word' id='word_1_54' title='bbox 1557 813 1892 883; x_wconf 80' lang='grc' dir='ltr'>πειρασμοὺς</span> 
     </span>
    </p>
   </div>
   <div class='ocr_carea' id='block_1_9' title="bbox 322 896 1892 978">
    <p class='ocr_par' dir='ltr' id='par_1_9' title="bbox 322 896 1892 978">
     <span class='ocr_line' id='line_1_9' title="bbox 322 896 1892 978; baseline 0.006 -28"><span class='ocrx_word' id='word_1_55' title='bbox 322 899 618 970; x_wconf 66' lang='grc' dir='ltr'><strong>ἡγούμενος</strong></span> <span class='ocrx_word' id='word_1_56' title='bbox 642 896 782 954; x_wconf 83' lang='grc' dir='ltr'>εἶναί</span> <span class='ocrx_word' id='word_1_57' title='bbox 813 919 906 954; x_wconf 89' lang='grc' dir='ltr'><strong>σου</strong></span> <span class='ocrx_word' id='word_1_58' title='bbox 932 902 1184 974; x_wconf 86' lang='grc' dir='ltr'>δοκιμὴν,</span> <span class='ocrx_word' id='word_1_59' title='bbox 1217 904 1353 974; x_wconf 82' lang='grc' dir='ltr'>μετά</span> <span class='ocrx_word' id='word_1_60' title='bbox 1391 906 1516 968; x_wconf 82' lang='grc' dir='ltr'>τοὺς</span> <span class='ocrx_word' id='word_1_61' title='bbox 1555 907 1892 978; x_wconf 81' lang='grc' dir='ltr'>πειρασμοὺς</span> 
     </span>
    </p>
   </div>
   <div class='ocr_carea' id='block_1_10' title="bbox 321 976 1887 1067">
    <p class='ocr_par' dir='ltr' id='par_1_10' title="bbox 321 976 1887 1067">
     <span class='ocr_line' id='line_1_10' title="bbox 321 976 1887 1067; baseline 0.004 -25"><span class='ocrx_word' id='word_1_62' title='bbox 321 976 412 1042; x_wconf 67' lang='grc' dir='ltr'><strong>ἐὰν</strong></span> <span class='ocrx_word' id='word_1_63' title='bbox 455 990 849 1061; x_wconf 71' lang='grc' dir='ltr'>εὐχαριστῆσαι</span> <span class='ocrx_word' id='word_1_64' title='bbox 898 991 1149 1066; x_wconf 80' lang='grc' dir='ltr'><strong>θελήσῃς,</strong></span> <span class='ocrx_word' id='word_1_65' title='bbox 1197 993 1339 1064; x_wconf 73' lang='grc' dir='ltr'><strong>ἔχεις</strong></span> <span class='ocrx_word' id='word_1_66' title='bbox 1388 995 1478 1049; x_wconf 87' lang='grc' dir='ltr'>τὸν</span> <span class='ocrx_word' id='word_1_67' title='bbox 1521 976 1887 1067; x_wconf 62' lang='grc' dir='ltr'>ρλη¹φαλμὸν.</span> 
     </span>
    </p>
   </div>
   <div class='ocr_carea' id='block_1_11' title="bbox 321 1076 1890 1155">
    <p class='ocr_par' dir='ltr' id='par_1_11' title="bbox 321 1076 1890 1155">
     <span class='ocr_line' id='line_1_11' title="bbox 321 1076 1890 1155; baseline 0.008 -28"><span class='ocrx_word' id='word_1_68' title='bbox 321 1076 523 1149; x_wconf 84' lang='grc' dir='ltr'><strong>Συνέχῃ</strong></span> <span class='ocrx_word' id='word_1_69' title='bbox 561 1079 721 1132; x_wconf 89' lang='grc' dir='ltr'>πάλιν</span> <span class='ocrx_word' id='word_1_70' title='bbox 742 1082 849 1133; x_wconf 77' lang='grc' dir='ltr'><strong>ἀπὸ</strong></span> <span class='ocrx_word' id='word_1_71' title='bbox 868 1082 1097 1154; x_wconf 79' lang='grc' dir='ltr'><strong>ἐχθρῶν,</strong></span> <span class='ocrx_word' id='word_1_72' title='bbox 1125 1085 1220 1137; x_wconf 79' lang='grc' dir='ltr'><strong>καὶ</strong></span> <span class='ocrx_word' id='word_1_73' title='bbox 1250 1084 1511 1155; x_wconf 82' lang='grc' dir='ltr'>ρυσθῆναι</span> <span class='ocrx_word' id='word_1_74' title='bbox 1529 1085 1736 1151; x_wconf 88' lang='grc' dir='ltr'>θέλεις;</span> <span class='ocrx_word' id='word_1_75' title='bbox 1765 1085 1890 1154; x_wconf 83' lang='grc' dir='ltr'><strong>λέγε</strong></span> 
     </span>
    </p>
   </div>
   <div class='ocr_carea' id='block_1_12' title="bbox 319 1167 1885 1248">
    <p class='ocr_par' dir='ltr' id='par_1_12' title="bbox 319 1167 1885 1248">
     <span class='ocr_line' id='line_1_12' title="bbox 319 1167 1885 1248; baseline 0.01 -31"><span class='ocrx_word' id='word_1_76' title='bbox 319 1167 384 1218; x_wconf 81' lang='grc' dir='ltr'>τὰ</span> <span class='ocrx_word' id='word_1_77' title='bbox 416 1169 474 1220; x_wconf 83' lang='grc' dir='ltr'><strong>ὲν</strong></span> <span class='ocrx_word' id='word_1_78' title='bbox 501 1168 582 1240; x_wconf 79' lang='grc' dir='ltr'>τῷ</span> <span class='ocrx_word' id='word_1_79' title='bbox 610 1169 738 1241; x_wconf 85' lang='grc' dir='ltr'><strong>ρλθ⁹.</strong></span> <span class='ocrx_word' id='word_1_80' title='bbox 757 1173 1022 1244; x_wconf 83' lang='grc' dir='ltr'>Δεηθῆναι</span> <span class='ocrx_word' id='word_1_81' title='bbox 1047 1175 1103 1228; x_wconf 84' lang='grc' dir='ltr'>δὲ</span> <span class='ocrx_word' id='word_1_82' title='bbox 1133 1175 1227 1230; x_wconf 75' lang='grc' dir='ltr'><strong>καὶ</strong></span> <span class='ocrx_word' id='word_1_83' title='bbox 1261 1177 1656 1248; x_wconf 79' lang='grc' dir='ltr'><strong>προσεύξασθαι</strong></span> <span class='ocrx_word' id='word_1_84' title='bbox 1681 1178 1885 1244; x_wconf 87' lang='grc' dir='ltr'><strong>θέλεις;</strong></span> 
     </span>
    </p>
   </div>
   <div class='ocr_carea' id='block_1_13' title="bbox 313 1259 1885 1344">
    <p class='ocr_par' dir='ltr' id='par_1_13' title="bbox 313 1259 1885 1344">
     <span class='ocr_line' id='line_1_13' title="bbox 313 1259 1885 1344; baseline 0.009 -32"><span class='ocrx_word' id='word_1_85' title='bbox 313 1259 479 1328; x_wconf 56' lang='lat' dir='ltr'><strong>eme</strong></span> <span class='ocrx_word' id='word_1_86' title='bbox 509 1262 601 1316; x_wconf 81' lang='grc' dir='ltr'>τὸν</span> <span class='ocrx_word' id='word_1_87' title='bbox 651 1270 689 1315; x_wconf 89' lang='grc' dir='ltr'><strong>ε’</strong></span> <span class='ocrx_word' id='word_1_88' title='bbox 730 1265 823 1317; x_wconf 72' lang='grc' dir='ltr'><strong>καὶ</strong></span> <span class='ocrx_word' id='word_1_89' title='bbox 869 1265 1012 1337; x_wconf 80' lang='grc' dir='ltr'><strong>ρμβ’.</strong></span> <span class='ocrx_word' id='word_1_90' title='bbox 1061 1267 1278 1339; x_wconf 84' lang='grc' dir='ltr'>Ἐχθρὸς</span> <span class='ocrx_word' id='word_1_91' title='bbox 1300 1269 1568 1341; x_wconf 33' lang='grc' dir='ltr'>,τύραννος</span> <span class='ocrx_word' id='word_1_92' title='bbox 1618 1271 1885 1344; x_wconf 73' lang='grc' dir='ltr'><strong>ἐπανέστη</strong></span> 
     </span>
    </p>
   </div>
   <div class='ocr_carea' id='block_1_14' title="bbox 313 1349 1882 1434">
    <p class='ocr_par' dir='ltr' id='par_1_14' title="bbox 313 1349 1882 1434">
     <span class='ocr_line' id='line_1_14' title="bbox 313 1349 1882 1434; baseline 0.012 -34"><span class='ocrx_word' id='word_1_93' title='bbox 313 1349 389 1419; x_wconf 81' lang='grc' dir='ltr'><strong>τῷ</strong></span> <span class='ocrx_word' id='word_1_94' title='bbox 413 1349 529 1421; x_wconf 87' lang='grc' dir='ltr'><strong>λαῷ</strong></span> <span class='ocrx_word' id='word_1_95' title='bbox 558 1351 652 1406; x_wconf 92' lang='grc' dir='ltr'><strong>καί</strong></span> <span class='ocrx_word' id='word_1_96' title='bbox 678 1370 778 1418; x_wconf 83' lang='grc' dir='ltr'>σοι,</span> <span class='ocrx_word' id='word_1_97' title='bbox 798 1355 986 1427; x_wconf 80' lang='grc' dir='ltr'>ὥσπερ</span> <span class='ocrx_word' id='word_1_98' title='bbox 1007 1357 1198 1410; x_wconf 87' lang='grc' dir='ltr'>Γολιάθ</span> <span class='ocrx_word' id='word_1_99' title='bbox 1223 1359 1298 1430; x_wconf 85' lang='grc' dir='ltr'>τῷ</span> <span class='ocrx_word' id='word_1_100' title='bbox 1334 1361 1514 1426; x_wconf 65' lang='grc' dir='ltr'>Δαόὶδ,</span> <span class='ocrx_word' id='word_1_101' title='bbox 1549 1362 1623 1433; x_wconf 86' lang='grc' dir='ltr'><strong>μὴ</strong></span> <span class='ocrx_word' id='word_1_102' title='bbox 1645 1362 1853 1434; x_wconf 81' lang='grc' dir='ltr'>πτήξῃς</span> <span class='ocrx_word' id='word_1_103' title='bbox 1869 1381 1882 1393; x_wconf 89' lang='grc'><strong>·</strong></span> 
     </span>
    </p>
   </div>
   <div class='ocr_carea' id='block_1_15' title="bbox 312 1443 1886 1527">
    <p class='ocr_par' dir='ltr' id='par_1_15' title="bbox 312 1443 1886 1527">
     <span class='ocr_line' id='line_1_15' title="bbox 312 1443 1886 1527; baseline 0.01 -34"><span class='ocrx_word' id='word_1_104' title='bbox 312 1443 445 1494; x_wconf 79' lang='grc' dir='ltr'>ἀλλὰ</span> <span class='ocrx_word' id='word_1_105' title='bbox 470 1445 695 1498; x_wconf 86' lang='grc' dir='ltr'>πίστευε</span> <span class='ocrx_word' id='word_1_106' title='bbox 730 1448 824 1501; x_wconf 78' lang='grc' dir='ltr'><strong>καὶ</strong></span> <span class='ocrx_word' id='word_1_107' title='bbox 850 1449 935 1512; x_wconf 78' lang='grc' dir='ltr'>σὺ,</span> <span class='ocrx_word' id='word_1_108' title='bbox 965 1449 1039 1513; x_wconf 85' lang='grc' dir='ltr'><strong>ὡς</strong></span> <span class='ocrx_word' id='word_1_109' title='bbox 1063 1453 1092 1504; x_wconf 91' lang='lat'><strong>6</strong></span> <span class='ocrx_word' id='word_1_110' title='bbox 1124 1451 1306 1518; x_wconf 75' lang='grc' dir='ltr'>Δαϐἱδ,</span> <span class='ocrx_word' id='word_1_111' title='bbox 1337 1454 1430 1506; x_wconf 75' lang='grc' dir='ltr'><strong>καὶ</strong></span> <span class='ocrx_word' id='word_1_112' title='bbox 1463 1453 1587 1522; x_wconf 83' lang='grc' dir='ltr'><strong>λέγε</strong></span> <span class='ocrx_word' id='word_1_113' title='bbox 1626 1455 1695 1508; x_wconf 83' lang='grc' dir='ltr'>τὰ</span> <span class='ocrx_word' id='word_1_114' title='bbox 1726 1456 1784 1510; x_wconf 83' lang='grc' dir='ltr'>ὲν</span> <span class='ocrx_word' id='word_1_115' title='bbox 1809 1456 1886 1527; x_wconf 85' lang='grc' dir='ltr'>τῷ</span> 
     </span>
    </p>
   </div>
   <div class='ocr_carea' id='block_1_16' title="bbox 316 1533 1886 1620">
    <p class='ocr_par' dir='ltr' id='par_1_16' title="bbox 316 1533 1886 1620">
     <span class='ocr_line' id='line_1_16' title="bbox 316 1533 1886 1620; baseline 0.008 -32"><span class='ocrx_word' id='word_1_116' title='bbox 316 1542 460 1606; x_wconf 83' lang='grc' dir='ltr'><strong>ρμγ’.</strong></span> <span class='ocrx_word' id='word_1_117' title='bbox 489 1533 626 1592; x_wconf 77' lang='grc' dir='ltr'>Εἶτα</span> <span class='ocrx_word' id='word_1_118' title='bbox 655 1538 947 1610; x_wconf 78' lang='grc' dir='ltr'><strong>θαυμάζων</strong></span> <span class='ocrx_word' id='word_1_119' title='bbox 970 1543 1068 1608; x_wconf 79' lang='grc' dir='ltr'><strong>τὰς</strong></span> <span class='ocrx_word' id='word_1_120' title='bbox 1091 1546 1170 1607; x_wconf 86' lang='grc' dir='ltr'><strong>είς</strong></span> <span class='ocrx_word' id='word_1_121' title='bbox 1200 1544 1406 1609; x_wconf 85' lang='grc' dir='ltr'>πάντας</span> <span class='ocrx_word' id='word_1_122' title='bbox 1434 1547 1525 1600; x_wconf 77' lang='grc' dir='ltr'><strong>τοῦ</strong></span> <span class='ocrx_word' id='word_1_123' title='bbox 1557 1546 1690 1600; x_wconf 79' lang='grc' dir='ltr'><strong>Θεοῦ</strong></span> <span class='ocrx_word' id='word_1_124' title='bbox 1732 1549 1886 1620; x_wconf 84' lang='grc' dir='ltr'><strong>εὐερ-</strong></span> 
     </span>
    </p>
   </div>
   <div class='ocr_carea' id='block_1_17' title="bbox 313 1628 1884 1707">
    <p class='ocr_par' dir='ltr' id='par_1_17' title="bbox 313 1628 1884 1707">
     <span class='ocr_line' id='line_1_17' title="bbox 313 1628 1884 1707; baseline 0.011 -29"><span class='ocrx_word' id='word_1_125' title='bbox 313 1628 518 1694; x_wconf 82' lang='grc' dir='ltr'>γεσίας,</span> <span class='ocrx_word' id='word_1_126' title='bbox 554 1631 649 1682; x_wconf 79' lang='grc' dir='ltr'>καὶ</span> <span class='ocrx_word' id='word_1_127' title='bbox 691 1635 1041 1704; x_wconf 81' lang='grc' dir='ltr'>μνημονεύων</span> <span class='ocrx_word' id='word_1_128' title='bbox 1062 1636 1160 1707; x_wconf 90' lang='grc' dir='ltr'><strong>τῆς</strong></span> <span class='ocrx_word' id='word_1_129' title='bbox 1180 1655 1238 1690; x_wconf 89' lang='grc' dir='ltr'>τε</span> <span class='ocrx_word' id='word_1_130' title='bbox 1269 1640 1348 1702; x_wconf 85' lang='grc' dir='ltr'>είς</span> <span class='ocrx_word' id='word_1_131' title='bbox 1377 1638 1436 1692; x_wconf 80' lang='grc' dir='ltr'>σὲ</span> <span class='ocrx_word' id='word_1_132' title='bbox 1457 1641 1548 1692; x_wconf 67' lang='grc' dir='ltr'><strong>καὶ</strong></span> <span class='ocrx_word' id='word_1_133' title='bbox 1579 1640 1657 1704; x_wconf 86' lang='grc' dir='ltr'>είς</span> <span class='ocrx_word' id='word_1_134' title='bbox 1679 1641 1884 1706; x_wconf 85' lang='grc' dir='ltr'>πάντας</span> 
     </span>
    </p>
   </div>
   <div class='ocr_carea' id='block_1_18' title="bbox 310 1721 1881 1805">
    <p class='ocr_par' dir='ltr' id='par_1_18' title="bbox 310 1721 1881 1805">
     <span class='ocr_line' id='line_1_18' title="bbox 310 1721 1881 1805; baseline 0.011 -34"><span class='ocrx_word' id='word_1_135' title='bbox 310 1721 604 1793; x_wconf 74' lang='grc' dir='ltr'><strong>γενομένης</strong></span> <span class='ocrx_word' id='word_1_136' title='bbox 628 1724 962 1796; x_wconf 78' lang='grc' dir='ltr'>ἀγαθότητος</span> <span class='ocrx_word' id='word_1_137' title='bbox 990 1729 1154 1782; x_wconf 79' lang='grc' dir='ltr'>αὑτοῦ</span> <span class='ocrx_word' id='word_1_138' title='bbox 1177 1772 1191 1795; x_wconf 97' lang='grc'><strong>,</strong></span> <span class='ocrx_word' id='word_1_139' title='bbox 1242 1729 1338 1783; x_wconf 76' lang='grc' dir='ltr'><strong>ἐὰν</strong></span> <span class='ocrx_word' id='word_1_140' title='bbox 1386 1731 1548 1805; x_wconf 83' lang='grc' dir='ltr'>θέλῃς</span> <span class='ocrx_word' id='word_1_141' title='bbox 1578 1731 1666 1786; x_wconf 82' lang='grc' dir='ltr'><strong>διὰ</strong></span> <span class='ocrx_word' id='word_1_142' title='bbox 1710 1733 1881 1788; x_wconf 83' lang='grc' dir='ltr'>ταῦτα</span> 
     </span>
    </p>
   </div>
   <div class='ocr_carea' id='block_1_19' title="bbox 1993 541 3564 629">
    <p class='ocr_par' dir='ltr' id='par_1_19' title="bbox 1993 541 3564 629">
     <span class='ocr_line' id='line_1_19' title="bbox 1993 541 3564 629; baseline 0.013 -35"><span class='ocrx_word' id='word_1_143' title='bbox 1993 541 2234 599; x_wconf 88' lang='lat' dir='ltr'><strong>tionibus</strong></span> <span class='ocrx_word' id='word_1_144' title='bbox 2255 585 2270 609; x_wconf 93' lang='lat'><strong>,</strong></span> <span class='ocrx_word' id='word_1_145' title='bbox 2312 558 2471 618; x_wconf 89' lang='lat' dir='ltr'><strong>atque</strong></span> <span class='ocrx_word' id='word_1_146' title='bbox 2505 551 2727 606; x_wconf 80' lang='lat' dir='ltr'><strong>sensisti</strong></span> <span class='ocrx_word' id='word_1_147' title='bbox 2771 563 2822 608; x_wconf 92' lang='lat' dir='ltr'><strong>te</strong></span> <span class='ocrx_word' id='word_1_148' title='bbox 2851 556 3134 611; x_wconf 91' lang='lat' dir='ltr'><strong>seductum</strong></span> <span class='ocrx_word' id='word_1_149' title='bbox 3157 599 3172 621; x_wconf 91' lang='lat'><strong>,</strong></span> <span class='ocrx_word' id='word_1_150' title='bbox 3204 569 3257 612; x_wconf 88' lang='lat' dir='ltr'><strong>et</strong></span> <span class='ocrx_word' id='word_1_151' title='bbox 3298 564 3564 629; x_wconf 70' lang='lat' dir='ltr'><strong>poeniten-</strong></span> 
     </span>
    </p>
   </div>
   <div class='ocr_carea' id='block_1_20' title="bbox 1992 633 3560 721">
    <p class='ocr_par' dir='ltr' id='par_1_20' title="bbox 1992 633 3560 721">
     <span class='ocr_line' id='line_1_20' title="bbox 1992 633 3560 721; baseline 0.013 -35"><span class='ocrx_word' id='word_1_152' title='bbox 1992 633 2123 688; x_wconf 83' lang='lat' dir='ltr'><strong>tiam</strong></span> <span class='ocrx_word' id='word_1_153' title='bbox 2178 637 2366 707; x_wconf 77' lang='lat' dir='ltr'><strong>egisti,</strong></span> <span class='ocrx_word' id='word_1_154' title='bbox 2417 640 2470 693; x_wconf 90' lang='lat' dir='ltr'><strong>in</strong></span> <span class='ocrx_word' id='word_1_155' title='bbox 2515 652 2789 710; x_wconf 90' lang='lat' dir='ltr'><strong>posterum</strong></span> <span class='ocrx_word' id='word_1_156' title='bbox 2843 646 3061 715; x_wconf 88' lang='lat' dir='ltr'><strong>desine,</strong></span> <span class='ocrx_word' id='word_1_157' title='bbox 3122 660 3284 721; x_wconf 90' lang='lat' dir='ltr'><strong>atque</strong></span> <span class='ocrx_word' id='word_1_158' title='bbox 3335 655 3560 721; x_wconf 88' lang='lat' dir='ltr'><strong>gradum</strong></span> 
     </span>
    </p>
   </div>
   <div class='ocr_carea' id='block_1_21' title="bbox 1993 724 3564 809">
    <p class='ocr_par' dir='ltr' id='par_1_21' title="bbox 1993 724 3564 809">
     <span class='ocr_line' id='line_1_21' title="bbox 1993 724 3564 809; baseline 0.015 -33"><span class='ocrx_word' id='word_1_159' title='bbox 1993 724 2191 780; x_wconf 85' lang='lat' dir='ltr'><strong>sistens</strong></span> <span class='ocrx_word' id='word_1_160' title='bbox 2225 727 2318 782; x_wconf 89' lang='lat' dir='ltr'><strong>ubi</strong></span> <span class='ocrx_word' id='word_1_161' title='bbox 2370 738 2420 784; x_wconf 92' lang='lat' dir='ltr'><strong>te</strong></span> <span class='ocrx_word' id='word_1_162' title='bbox 2468 742 2780 800; x_wconf 84' lang='lat' dir='ltr'><strong>peccantem</strong></span> <span class='ocrx_word' id='word_1_163' title='bbox 2827 736 3262 806; x_wconf 86' lang='lat' dir='ltr'><strong>deprehendisti,</strong></span> <span class='ocrx_word' id='word_1_164' title='bbox 3306 745 3469 809; x_wconf 89' lang='lat' dir='ltr'><strong>sede,</strong></span> <span class='ocrx_word' id='word_1_165' title='bbox 3509 757 3564 799; x_wconf 79' lang='lat' dir='ltr'><strong>et</strong></span> 
     </span>
    </p>
   </div>
   <div class='ocr_carea' id='block_1_22' title="bbox 1991 813 3560 905">
    <p class='ocr_par' dir='ltr' id='par_1_22' title="bbox 1991 813 3560 905">
     <span class='ocr_line' id='line_1_22' title="bbox 1991 813 3560 905; baseline 0.016 -39"><span class='ocrx_word' id='word_1_166' title='bbox 1991 813 2141 905; x_wconf 88' lang='lat' dir='ltr'><strong>plora</strong></span> <span class='ocrx_word' id='word_1_167' title='bbox 2161 854 2176 878; x_wconf 92' lang='lat'><strong>,</strong></span> <span class='ocrx_word' id='word_1_168' title='bbox 2209 826 2262 871; x_wconf 92' lang='lat' dir='ltr'><strong>et</strong></span> <span class='ocrx_word' id='word_1_169' title='bbox 2289 827 2450 888; x_wconf 88' lang='lat' dir='ltr'><strong>prout</strong></span> <span class='ocrx_word' id='word_1_170' title='bbox 2476 818 2604 876; x_wconf 81' lang='lat' dir='ltr'><strong>fecit</strong></span> <span class='ocrx_word' id='word_1_171' title='bbox 2631 824 2759 877; x_wconf 91' lang='lat' dir='ltr'><strong>olim</strong></span> <span class='ocrx_word' id='word_1_172' title='bbox 2799 829 3031 896; x_wconf 90' lang='lat' dir='ltr'><strong>populus</strong></span> <span class='ocrx_word' id='word_1_173' title='bbox 3051 869 3067 894; x_wconf 90' lang='lat'><strong>,</strong></span> <span class='ocrx_word' id='word_1_174' title='bbox 3094 831 3181 886; x_wconf 87' lang='lat' dir='ltr'><strong>dic</strong></span> <span class='ocrx_word' id='word_1_175' title='bbox 3211 834 3371 888; x_wconf 84' lang='lat' dir='ltr'><strong>verba</strong></span> <span class='ocrx_word' id='word_1_176' title='bbox 3411 836 3560 905; x_wconf 87' lang='lat' dir='ltr'><strong>psal-</strong></span> 
     </span>
    </p>
   </div>
   <div class='ocr_carea' id='block_1_23' title="bbox 1991 904 3556 989">
    <p class='ocr_par' dir='ltr' id='par_1_23' title="bbox 1991 904 3556 989">
     <span class='ocr_line' id='line_1_23' title="bbox 1991 904 3556 989; baseline 0.015 -33"><span class='ocrx_word' id='word_1_177' title='bbox 1991 904 2064 958; x_wconf 89' lang='lat' dir='ltr'><strong>mi</strong></span> <span class='ocrx_word' id='word_1_178' title='bbox 2093 905 2210 959; x_wconf 80' lang='grc'><strong>156.</strong></span> <span class='ocrx_word' id='word_1_179' title='bbox 2252 906 2600 966; x_wconf 84' lang='lat' dir='ltr'><strong>Tentationes</strong></span> <span class='ocrx_word' id='word_1_180' title='bbox 2624 913 3000 982; x_wconf 84' lang='lat' dir='ltr'><strong>probationem</strong></span> <span class='ocrx_word' id='word_1_181' title='bbox 3042 934 3164 975; x_wconf 90' lang='lat' dir='ltr'><strong>esse</strong></span> <span class='ocrx_word' id='word_1_182' title='bbox 3193 930 3339 976; x_wconf 85' lang='lat' dir='ltr'><strong>tuam</strong></span> <span class='ocrx_word' id='word_1_183' title='bbox 3372 904 3556 989; x_wconf 87' lang='lat' dir='ltr'><strong>ratus,</strong></span> 
     </span>
    </p>
   </div>
   <div class='ocr_carea' id='block_1_24' title="bbox 1991 992 3554 1078">
    <p class='ocr_par' dir='ltr' id='par_1_24' title="bbox 1991 992 3554 1078">
     <span class='ocr_line' id='line_1_24' title="bbox 1991 992 3554 1078; baseline 0.014 -33"><span class='ocrx_word' id='word_1_184' title='bbox 1991 992 2035 1046; x_wconf 90' lang='lat' dir='ltr'><strong>si</strong></span> <span class='ocrx_word' id='word_1_185' title='bbox 2073 1002 2198 1063; x_wconf 88' lang='lat' dir='ltr'><strong>post</strong></span> <span class='ocrx_word' id='word_1_186' title='bbox 2234 999 2558 1054; x_wconf 85' lang='lat' dir='ltr'><strong>tentationes</strong></span> <span class='ocrx_word' id='word_1_187' title='bbox 2595 1002 2730 1058; x_wconf 81' lang='lat' dir='ltr'><strong>velis</strong></span> <span class='ocrx_word' id='word_1_188' title='bbox 2774 1007 2978 1078; x_wconf 77' lang='lat' dir='ltr'><strong>gratias</strong></span> <span class='ocrx_word' id='word_1_189' title='bbox 3006 1022 3167 1078; x_wconf 82' lang='lat' dir='ltr'><strong>agere</strong></span> <span class='ocrx_word' id='word_1_190' title='bbox 3189 1051 3202 1073; x_wconf 91' lang='lat'><strong>,</strong></span> <span class='ocrx_word' id='word_1_191' title='bbox 3237 1012 3402 1068; x_wconf 79' lang='lat' dir='ltr'><strong>habes</strong></span> <span class='ocrx_word' id='word_1_192' title='bbox 3435 1015 3554 1069; x_wconf 76' lang='grc'><strong>158.</strong></span> 
     </span>
    </p>
   </div>
   <div class='ocr_carea' id='block_1_25' title="bbox 1989 1077 3558 1171">
    <p class='ocr_par' dir='ltr' id='par_1_25' title="bbox 1989 1077 3558 1171">
     <span class='ocr_line' id='line_1_25' title="bbox 1989 1077 3558 1171; baseline 0.014 -35"><span class='ocrx_word' id='word_1_193' title='bbox 1989 1082 2072 1138; x_wconf 85' lang='lat' dir='ltr'><strong>Ab</strong></span> <span class='ocrx_word' id='word_1_194' title='bbox 2114 1086 2352 1144; x_wconf 89' lang='lat' dir='ltr'><strong>inimicis</strong></span> <span class='ocrx_word' id='word_1_195' title='bbox 2402 1091 2599 1146; x_wconf 88' lang='lat' dir='ltr'><strong>iterum</strong></span> <span class='ocrx_word' id='word_1_196' title='bbox 2645 1096 2880 1163; x_wconf 87' lang='lat' dir='ltr'><strong>teneris,</strong></span> <span class='ocrx_word' id='word_1_197' title='bbox 2907 1077 2971 1151; x_wconf 35' lang='lat' dir='ltr'><strong>et.</strong></span> <span class='ocrx_word' id='word_1_198' title='bbox 2995 1077 3212 1154; x_wconf 83' lang='lat' dir='ltr'><strong>liberari</strong></span> <span class='ocrx_word' id='word_1_199' title='bbox 3251 1103 3442 1171; x_wconf 88' lang='lat' dir='ltr'><strong>cupis?</strong></span> <span class='ocrx_word' id='word_1_200' title='bbox 3471 1105 3558 1158; x_wconf 89' lang='lat' dir='ltr'><strong>dic</strong></span> 
     </span>
    </p>
   </div>
   <div class='ocr_carea' id='block_1_26' title="bbox 1988 1177 3554 1263">
    <p class='ocr_par' dir='ltr' id='par_1_26' title="bbox 1988 1177 3554 1263">
     <span class='ocr_line' id='line_1_26' title="bbox 1988 1177 3554 1263; baseline 0.012 -34"><span class='ocrx_word' id='word_1_201' title='bbox 1988 1177 2153 1232; x_wconf 83' lang='lat' dir='ltr'><strong>verba</strong></span> <span class='ocrx_word' id='word_1_202' title='bbox 2184 1179 2306 1234; x_wconf 81' lang='grc'><strong>159.</strong></span> <span class='ocrx_word' id='word_1_203' title='bbox 2345 1180 2440 1237; x_wconf 80' lang='lat' dir='ltr'><strong>Vis</strong></span> <span class='ocrx_word' id='word_1_204' title='bbox 2467 1184 2769 1253; x_wconf 89' lang='lat' dir='ltr'><strong>supplicare</strong></span> <span class='ocrx_word' id='word_1_205' title='bbox 2795 1196 2847 1242; x_wconf 94' lang='lat' dir='ltr'><strong>et</strong></span> <span class='ocrx_word' id='word_1_206' title='bbox 2872 1189 3069 1244; x_wconf 85' lang='lat' dir='ltr'><strong>orare?</strong></span> <span class='ocrx_word' id='word_1_207' title='bbox 3103 1192 3272 1261; x_wconf 84' lang='lat' dir='ltr'><strong>psalle</strong></span> <span class='ocrx_word' id='word_1_208' title='bbox 3310 1196 3554 1263; x_wconf 82' lang='lat' dir='ltr'><strong>quintum</strong></span> 
     </span>
    </p>
   </div>
   <div class='ocr_carea' id='block_1_27' title="bbox 1988 1267 3557 1353">
    <p class='ocr_par' dir='ltr' id='par_1_27' title="bbox 1988 1267 3557 1353">
     <span class='ocr_line' id='line_1_27' title="bbox 1988 1267 3557 1353; baseline 0.013 -33"><span class='ocrx_word' id='word_1_209' title='bbox 1988 1268 2188 1322; x_wconf 66' lang='grc'><strong>111149..</strong></span> <span class='ocrx_word' id='word_1_210' title='bbox 2220 1267 2478 1328; x_wconf 83' lang='lat' dir='ltr'><strong>inimicus</strong></span> <span class='ocrx_word' id='word_1_211' title='bbox 2512 1283 2775 1345; x_wconf 85' lang='lat' dir='ltr'><strong>tyrannus</strong></span> <span class='ocrx_word' id='word_1_212' title='bbox 2801 1278 3094 1336; x_wconf 80' lang='lat' dir='ltr'><strong>insurrexit</strong></span> <span class='ocrx_word' id='word_1_213' title='bbox 3116 1284 3168 1336; x_wconf 94' lang='lat' dir='ltr'><strong>in</strong></span> <span class='ocrx_word' id='word_1_214' title='bbox 3193 1285 3474 1353; x_wconf 83' lang='lat' dir='ltr'><strong>populum,</strong></span> <span class='ocrx_word' id='word_1_215' title='bbox 3503 1297 3557 1340; x_wconf 88' lang='lat' dir='ltr'><strong>et</strong></span> 
     </span>
    </p>
   </div>
   <div class='ocr_carea' id='block_1_28' title="bbox 1988 1357 3550 1435">
    <p class='ocr_par' dir='ltr' id='par_1_28' title="bbox 1988 1357 3550 1435">
     <span class='ocr_line' id='line_1_28' title="bbox 1988 1357 3550 1435; baseline 0.013 -23"><span class='ocrx_word' id='word_1_216' title='bbox 1988 1357 2043 1412; x_wconf 89' lang='lat' dir='ltr'><strong>in</strong></span> <span class='ocrx_word' id='word_1_217' title='bbox 2083 1367 2172 1427; x_wconf 88' lang='lat' dir='ltr'><strong>te,</strong></span> <span class='ocrx_word' id='word_1_218' title='bbox 2203 1361 2345 1417; x_wconf 88' lang='lat' dir='ltr'><strong>sicut</strong></span> <span class='ocrx_word' id='word_1_219' title='bbox 2389 1364 2444 1418; x_wconf 90' lang='lat' dir='ltr'><strong>in</strong></span> <span class='ocrx_word' id='word_1_220' title='bbox 2479 1365 2649 1422; x_wconf 84' lang='lat' dir='ltr'><strong>David</strong></span> <span class='ocrx_word' id='word_1_221' title='bbox 2690 1367 2942 1435; x_wconf 87' lang='lat' dir='ltr'><strong>Goliath,</strong></span> <span class='ocrx_word' id='word_1_222' title='bbox 2985 1389 3053 1429; x_wconf 93' lang='lat' dir='ltr'><strong>ne</strong></span> <span class='ocrx_word' id='word_1_223' title='bbox 3085 1376 3279 1431; x_wconf 89' lang='lat' dir='ltr'><strong>timeas</strong></span> <span class='ocrx_word' id='word_1_224' title='bbox 3316 1397 3328 1430; x_wconf 89' lang='lat'><strong>:</strong></span> <span class='ocrx_word' id='word_1_225' title='bbox 3366 1378 3459 1433; x_wconf 88' lang='lat' dir='ltr'><strong>sed</strong></span> <span class='ocrx_word' id='word_1_226' title='bbox 3495 1388 3550 1432; x_wconf 91' lang='lat' dir='ltr'><strong>tu</strong></span> 
     </span>
    </p>
   </div>
   <div class='ocr_carea' id='block_1_29' title="bbox 1987 1453 3551 1535">
    <p class='ocr_par' dir='ltr' id='par_1_29' title="bbox 1987 1453 3551 1535">
     <span class='ocr_line' id='line_1_29' title="bbox 1987 1453 3551 1535; baseline 0.013 -31"><span class='ocrx_word' id='word_1_227' title='bbox 1987 1453 2445 1520; x_wconf 88' lang='lat' dir='ltr'><strong>quemadmodum</strong></span> <span class='ocrx_word' id='word_1_228' title='bbox 2489 1456 2658 1511; x_wconf 85' lang='lat' dir='ltr'><strong>David</strong></span> <span class='ocrx_word' id='word_1_229' title='bbox 2709 1462 2904 1531; x_wconf 90' lang='lat' dir='ltr'><strong>crede,</strong></span> <span class='ocrx_word' id='word_1_230' title='bbox 2933 1473 2988 1518; x_wconf 91' lang='lat' dir='ltr'><strong>et</strong></span> <span class='ocrx_word' id='word_1_231' title='bbox 3037 1467 3206 1535; x_wconf 86' lang='lat' dir='ltr'><strong>psalle</strong></span> <span class='ocrx_word' id='word_1_232' title='bbox 3241 1470 3399 1524; x_wconf 91' lang='lat' dir='ltr'><strong>verba</strong></span> <span class='ocrx_word' id='word_1_233' title='bbox 3431 1471 3551 1524; x_wconf 81' lang='grc'><strong>145.</strong></span> 
     </span>
    </p>
   </div>
   <div class='ocr_carea' id='block_1_30' title="bbox 1985 1539 3554 1631">
    <p class='ocr_par' dir='ltr' id='par_1_30' title="bbox 1985 1539 3554 1631">
     <span class='ocr_line' id='line_1_30' title="bbox 1985 1539 3554 1631; baseline 0.014 -37"><span class='ocrx_word' id='word_1_234' title='bbox 1985 1539 2190 1600; x_wconf 88' lang='lat' dir='ltr'><strong>Deinde</strong></span> <span class='ocrx_word' id='word_1_235' title='bbox 2221 1547 2498 1604; x_wconf 90' lang='lat' dir='ltr'><strong>admirans</strong></span> <span class='ocrx_word' id='word_1_236' title='bbox 2521 1549 2781 1608; x_wconf 91' lang='lat' dir='ltr'><strong>beneﬁcia</strong></span> <span class='ocrx_word' id='word_1_237' title='bbox 2807 1554 2898 1609; x_wconf 91' lang='lat' dir='ltr'><strong>Dei</strong></span> <span class='ocrx_word' id='word_1_238' title='bbox 2925 1556 2979 1612; x_wconf 90' lang='lat' dir='ltr'><strong>in</strong></span> <span class='ocrx_word' id='word_1_239' title='bbox 3005 1573 3214 1625; x_wconf 90' lang='lat' dir='ltr'><strong>omnes,</strong></span> <span class='ocrx_word' id='word_1_240' title='bbox 3241 1577 3554 1631; x_wconf 86' lang='lat' dir='ltr'><strong>memorque</strong></span> 
     </span>
    </p>
   </div>
   <div class='ocr_carea' id='block_1_31' title="bbox 1984 1635 3549 1724">
    <p class='ocr_par' dir='ltr' id='par_1_31' title="bbox 1984 1635 3549 1724">
     <span class='ocr_line' id='line_1_31' title="bbox 1984 1635 3549 1724; baseline 0.013 -35"><span class='ocrx_word' id='word_1_241' title='bbox 1984 1635 2104 1705; x_wconf 85' lang='lat' dir='ltr'><strong>ejus</strong></span> <span class='ocrx_word' id='word_1_242' title='bbox 2133 1652 2259 1708; x_wconf 88' lang='lat' dir='ltr'><strong>erga</strong></span> <span class='ocrx_word' id='word_1_243' title='bbox 2290 1649 2343 1695; x_wconf 88' lang='lat' dir='ltr'><strong>te</strong></span> <span class='ocrx_word' id='word_1_244' title='bbox 2385 1650 2439 1696; x_wconf 89' lang='lat' dir='ltr'><strong>et</strong></span> <span class='ocrx_word' id='word_1_245' title='bbox 2464 1659 2590 1715; x_wconf 83' lang='lat' dir='ltr'><strong>erga</strong></span> <span class='ocrx_word' id='word_1_246' title='bbox 2625 1660 2814 1703; x_wconf 87' lang='lat' dir='ltr'><strong>omnes</strong></span> <span class='ocrx_word' id='word_1_247' title='bbox 2847 1648 3104 1707; x_wconf 87' lang='lat' dir='ltr'><strong>bonitatis</strong></span> <span class='ocrx_word' id='word_1_248' title='bbox 3127 1693 3140 1717; x_wconf 97' lang='lat'><strong>,</strong></span> <span class='ocrx_word' id='word_1_249' title='bbox 3175 1654 3221 1708; x_wconf 92' lang='lat' dir='ltr'><strong>si</strong></span> <span class='ocrx_word' id='word_1_250' title='bbox 3269 1665 3549 1724; x_wconf 89' lang='lat' dir='ltr'><strong>pr0pterea</strong></span> 
     </span>
    </p>
   </div>
   <div class='ocr_carea' id='block_1_32' title="bbox 1984 1728 3552 1814">
    <p class='ocr_par' dir='ltr' id='par_1_32' title="bbox 1984 1728 3552 1814">
     <span class='ocr_line' id='line_1_32' title="bbox 1984 1728 3552 1814; baseline 0.013 -34"><span class='ocrx_word' id='word_1_251' title='bbox 1984 1728 2220 1785; x_wconf 90' lang='lat' dir='ltr'><strong>volueris</strong></span> <span class='ocrx_word' id='word_1_252' title='bbox 2255 1730 2366 1786; x_wconf 90' lang='lat' dir='ltr'><strong>Deo</strong></span> <span class='ocrx_word' id='word_1_253' title='bbox 2395 1733 2744 1801; x_wconf 89' lang='lat' dir='ltr'><strong>benedicere,</strong></span> <span class='ocrx_word' id='word_1_254' title='bbox 2775 1738 2862 1793; x_wconf 89' lang='lat' dir='ltr'><strong>die</strong></span> <span class='ocrx_word' id='word_1_255' title='bbox 2887 1738 3106 1796; x_wconf 89' lang='lat' dir='ltr'><strong>Davidis</strong></span> <span class='ocrx_word' id='word_1_256' title='bbox 3130 1744 3312 1809; x_wconf 87' lang='lat' dir='ltr'><strong>verba,</strong></span> <span class='ocrx_word' id='word_1_257' title='bbox 3345 1761 3467 1814; x_wconf 67' lang='lat' dir='ltr'><strong>qua:</strong></span> <span class='ocrx_word' id='word_1_258' title='bbox 3497 1757 3552 1800; x_wconf 78' lang='lat' dir='ltr'><strong>et</strong></span> 
     </span>
    </p>
   </div>
   <div class='ocr_carea' id='block_1_33' title="bbox 309 1810 1868 1905">
    <p class='ocr_par' dir='ltr' id='par_1_33' title="bbox 309 1810 1868 1899">
     <span class='ocr_line' id='line_1_33' title="bbox 309 1810 1868 1899; baseline 0.012 -38"><span class='ocrx_word' id='word_1_259' title='bbox 309 1810 553 1879; x_wconf 79' lang='grc' dir='ltr'><strong>εὐλογεῖν</strong></span> <span class='ocrx_word' id='word_1_260' title='bbox 581 1814 673 1866; x_wconf 86' lang='grc' dir='ltr'><strong>τὸν</strong></span> <span class='ocrx_word' id='word_1_261' title='bbox 698 1815 850 1880; x_wconf 83' lang='grc' dir='ltr'>Θεὸν,</span> <span class='ocrx_word' id='word_1_262' title='bbox 879 1818 1002 1886; x_wconf 84' lang='grc' dir='ltr'><strong>λέγε</strong></span> <span class='ocrx_word' id='word_1_263' title='bbox 1033 1819 1100 1872; x_wconf 90' lang='grc' dir='ltr'><strong>τά</strong></span> <span class='ocrx_word' id='word_1_264' title='bbox 1130 1819 1224 1874; x_wconf 79' lang='grc' dir='ltr'><strong>τοῦ</strong></span> <span class='ocrx_word' id='word_1_265' title='bbox 1251 1821 1415 1876; x_wconf 72' lang='grc' dir='ltr'>Δαῦὶδ</span> <span class='ocrx_word' id='word_1_266' title='bbox 1443 1824 1684 1894; x_wconf 80' lang='grc' dir='ltr'>ῥήματα,</span> <span class='ocrx_word' id='word_1_267' title='bbox 1736 1824 1868 1899; x_wconf 66' lang='grc' dir='ltr'>άπερ</span> 
     </span>
    </p>
   </div>
   <div class='ocr_carea' id='block_1_34' title="bbox 1972 1810 3547 1905">
    <p class='ocr_par' dir='ltr' id='par_1_34' title="bbox 1983 1810 3547 1905">
     <span class='ocr_line' id='line_1_34' title="bbox 1983 1810 3547 1905; baseline 0.01 -32"><span class='ocrx_word' id='word_1_268' title='bbox 1983 1819 2099 1890; x_wconf 90' lang='lat' dir='ltr'><strong>ipse</strong></span> <span class='ocrx_word' id='word_1_269' title='bbox 2135 1820 2276 1876; x_wconf 75' lang='lat' dir='ltr'><strong>dixit</strong></span> <span class='ocrx_word' id='word_1_270' title='bbox 2311 1822 2366 1876; x_wconf 95' lang='lat' dir='ltr'><strong>in</strong></span> <span class='ocrx_word' id='word_1_271' title='bbox 2390 1824 2599 1893; x_wconf 89' lang='lat' dir='ltr'><strong>psalmo</strong></span> <span class='ocrx_word' id='word_1_272' title='bbox 2632 1827 2756 1882; x_wconf 84' lang='grc'><strong>144.</strong></span> <span class='ocrx_word' id='word_1_273' title='bbox 2789 1827 2879 1884; x_wconf 85' lang='lat' dir='ltr'><strong>Vis</strong></span> <span class='ocrx_word' id='word_1_274' title='bbox 2908 1828 3136 1886; x_wconf 91' lang='lat' dir='ltr'><strong>Domino</strong></span> <span class='ocrx_word' id='word_1_275' title='bbox 3161 1810 3394 1888; x_wconf 39' lang='lat' dir='ltr'><strong>cancre&#39;?</strong></span> <span class='ocrx_word' id='word_1_276' title='bbox 3424 1851 3547 1905; x_wconf 83' lang='lat' dir='ltr'><strong>quae</strong></span> 
     </span>
    </p>
   </div>
   <div class='ocr_carea' id='block_1_35' title="bbox 308 1903 1879 1988">
    <p class='ocr_par' dir='ltr' id='par_1_35' title="bbox 308 1903 1879 1988">
     <span class='ocr_line' id='line_1_35' title="bbox 308 1903 1879 1988; baseline 0.011 -36"><span class='ocrx_word' id='word_1_277' title='bbox 308 1903 398 1954; x_wconf 82' lang='grc' dir='ltr'>καὶ</span> <span class='ocrx_word' id='word_1_278' title='bbox 427 1905 594 1968; x_wconf 77' lang='grc' dir='ltr'>αὐτὸς</span> <span class='ocrx_word' id='word_1_279' title='bbox 618 1903 766 1960; x_wconf 82' lang='grc' dir='ltr'>εἶπεν</span> <span class='ocrx_word' id='word_1_280' title='bbox 791 1910 849 1962; x_wconf 79' lang='grc' dir='ltr'><strong>ἐν</strong></span> <span class='ocrx_word' id='word_1_281' title='bbox 874 1909 953 1980; x_wconf 82' lang='grc' dir='ltr'><strong>τῷ</strong></span> <span class='ocrx_word' id='word_1_282' title='bbox 995 1911 1114 1982; x_wconf 86' lang='grc' dir='ltr'>ρμδ⁹</span> <span class='ocrx_word' id='word_1_283' title='bbox 1138 1912 1356 1985; x_wconf 73' lang='grc' dir='ltr'>ψαλμῷ.</span> <span class='ocrx_word' id='word_1_284' title='bbox 1389 1909 1556 1985; x_wconf 63' lang='grc' dir='ltr'>τᾼσαι</span> <span class='ocrx_word' id='word_1_285' title='bbox 1599 1915 1772 1980; x_wconf 79' lang='grc' dir='ltr'><strong>Θέλεις</strong></span> <span class='ocrx_word' id='word_1_286' title='bbox 1801 1916 1879 1988; x_wconf 83' lang='grc' dir='ltr'>τῷ</span> 
     </span>
    </p>
   </div>
   <div class='ocr_carea' id='block_1_36' title="bbox 307 1991 1878 2075">
    <p class='ocr_par' dir='ltr' id='par_1_36' title="bbox 307 1991 1878 2075">
     <span class='ocr_line' id='line_1_36' title="bbox 307 1991 1878 2075; baseline 0.01 -29"><span class='ocrx_word' id='word_1_287' title='bbox 307 1991 527 2064; x_wconf 80' lang='grc' dir='ltr'><strong>Κυρίῳ;</strong></span> <span class='ocrx_word' id='word_1_288' title='bbox 558 1995 701 2066; x_wconf 77' lang='grc' dir='ltr'><strong>ἔχεις</strong></span> <span class='ocrx_word' id='word_1_289' title='bbox 734 2001 813 2062; x_wconf 84' lang='grc' dir='ltr'>είς</span> <span class='ocrx_word' id='word_1_290' title='bbox 862 1999 925 2053; x_wconf 78' lang='grc' dir='ltr'>τὸ</span> <span class='ocrx_word' id='word_1_291' title='bbox 951 2000 1130 2068; x_wconf 88' lang='grc' dir='ltr'><strong>λέγειν</strong></span> <span class='ocrx_word' id='word_1_292' title='bbox 1162 2003 1252 2056; x_wconf 82' lang='grc' dir='ltr'><strong>τὸν</strong></span> <span class='ocrx_word' id='word_1_293' title='bbox 1307 2005 1391 2075; x_wconf 74' lang='grc' dir='ltr'><strong>1.,β’</strong></span> <span class='ocrx_word' id='word_1_294' title='bbox 1424 2007 1519 2060; x_wconf 76' lang='grc' dir='ltr'><strong>καὶ</strong></span> <span class='ocrx_word' id='word_1_295' title='bbox 1587 2003 1690 2074; x_wconf 49' lang='grc' dir='ltr'><strong>κζ’.</strong></span> <span class='ocrx_word' id='word_1_296' title='bbox 1753 2009 1878 2062; x_wconf 85' lang='grc' dir='ltr'><strong>Ἑάν</strong></span> 
     </span>
    </p>
   </div>
   <div class='ocr_carea' id='block_1_37' title="bbox 309 2085 1878 2170">
    <p class='ocr_par' dir='ltr' id='par_1_37' title="bbox 309 2085 1878 2170">
     <span class='ocr_line' id='line_1_37' title="bbox 309 2085 1878 2170; baseline 0.011 -33"><span class='ocrx_word' id='word_1_297' title='bbox 309 2085 504 2156; x_wconf 80' lang='grc' dir='ltr'>μικρὸς</span> <span class='ocrx_word' id='word_1_298' title='bbox 554 2087 630 2141; x_wconf 83' lang='grc' dir='ltr'>ὣν</span> <span class='ocrx_word' id='word_1_299' title='bbox 678 2091 976 2163; x_wconf 83' lang='grc' dir='ltr'>προκριθῇς</span> <span class='ocrx_word' id='word_1_300' title='bbox 1023 2095 1102 2158; x_wconf 79' lang='grc' dir='ltr'><strong>εἰς</strong></span> <span class='ocrx_word' id='word_1_301' title='bbox 1126 2095 1302 2167; x_wconf 86' lang='grc' dir='ltr'>ἀρχήν</span> <span class='ocrx_word' id='word_1_302' title='bbox 1348 2113 1467 2150; x_wconf 88' lang='grc' dir='ltr'>τινα</span> <span class='ocrx_word' id='word_1_303' title='bbox 1491 2097 1597 2151; x_wconf 82' lang='grc' dir='ltr'>τῶν</span> <span class='ocrx_word' id='word_1_304' title='bbox 1635 2099 1878 2170; x_wconf 84' lang='grc' dir='ltr'><strong>ἀδελφῶν</strong></span> 
     </span>
    </p>
   </div>
   <div class='ocr_carea' id='block_1_38' title="bbox 307 2180 1876 2265">
    <p class='ocr_par' dir='ltr' id='par_1_38' title="bbox 307 2180 1876 2265">
     <span class='ocr_line' id='line_1_38' title="bbox 307 2180 1876 2265; baseline 0.011 -37"><span class='ocrx_word' id='word_1_305' title='bbox 307 2193 420 2241; x_wconf 90' lang='grc' dir='ltr'>σου,</span> <span class='ocrx_word' id='word_1_306' title='bbox 452 2180 529 2251; x_wconf 83' lang='grc' dir='ltr'><strong>μὴ</strong></span> <span class='ocrx_word' id='word_1_307' title='bbox 559 2181 786 2250; x_wconf 88' lang='grc' dir='ltr'>ὲπαίρου</span> <span class='ocrx_word' id='word_1_308' title='bbox 818 2186 940 2237; x_wconf 87' lang='grc' dir='ltr'>κατ’</span> <span class='ocrx_word' id='word_1_309' title='bbox 970 2186 1150 2240; x_wconf 82' lang='grc' dir='ltr'>αὐτῶν</span> <span class='ocrx_word' id='word_1_310' title='bbox 1171 2205 1184 2220; x_wconf 89' lang='grc'><strong>·</strong></span> <span class='ocrx_word' id='word_1_311' title='bbox 1240 2189 1376 2244; x_wconf 86' lang='grc' dir='ltr'><strong>ἀλλά</strong></span> <span class='ocrx_word' id='word_1_312' title='bbox 1419 2190 1496 2261; x_wconf 85' lang='grc' dir='ltr'>τῷ</span> <span class='ocrx_word' id='word_1_313' title='bbox 1533 2192 1876 2265; x_wconf 76' lang='grc' dir='ltr'><strong>ἐκλεξαμένῳ</strong></span> 
     </span>
    </p>
   </div>
   <div class='ocr_carea' id='block_1_39' title="bbox 307 2267 1876 2351">
    <p class='ocr_par' dir='ltr' id='par_1_39' title="bbox 307 2267 1876 2351">
     <span class='ocr_line' id='line_1_39' title="bbox 307 2267 1876 2351; baseline 0.012 -33"><span class='ocrx_word' id='word_1_314' title='bbox 307 2267 494 2338; x_wconf 83' lang='grc' dir='ltr'>Κυρίῳ</span> <span class='ocrx_word' id='word_1_315' title='bbox 526 2269 700 2334; x_wconf 77' lang='grc' dir='ltr'>διδοὺς</span> <span class='ocrx_word' id='word_1_316' title='bbox 729 2273 903 2338; x_wconf 84' lang='grc' dir='ltr'>δόξαν,</span> <span class='ocrx_word' id='word_1_317' title='bbox 929 2275 1094 2344; x_wconf 71' lang='grc' dir='ltr'>ψάλλε</span> <span class='ocrx_word' id='word_1_318' title='bbox 1121 2279 1214 2331; x_wconf 81' lang='grc' dir='ltr'><strong>καὶ</strong></span> <span class='ocrx_word' id='word_1_319' title='bbox 1242 2279 1305 2331; x_wconf 83' lang='grc' dir='ltr'><strong>σὺ</strong></span> <span class='ocrx_word' id='word_1_320' title='bbox 1336 2279 1426 2332; x_wconf 80' lang='grc' dir='ltr'><strong>τὸν</strong></span> <span class='ocrx_word' id='word_1_321' title='bbox 1461 2287 1570 2351; x_wconf 87' lang='grc' dir='ltr'><strong>ρνα⁹</strong></span> <span class='ocrx_word' id='word_1_322' title='bbox 1600 2280 1726 2335; x_wconf 85' lang='grc' dir='ltr'>ίδιον</span> <span class='ocrx_word' id='word_1_323' title='bbox 1747 2281 1876 2337; x_wconf 78' lang='grc' dir='ltr'>ὄντα.</span> 
     </span>
    </p>
   </div>
   <div class='ocr_carea' id='block_1_40' title="bbox 303 2359 1874 2444">
    <p class='ocr_par' dir='ltr' id='par_1_40' title="bbox 303 2359 1874 2444">
     <span class='ocr_line' id='line_1_40' title="bbox 303 2359 1874 2444; baseline 0.01 -32"><span class='ocrx_word' id='word_1_324' title='bbox 303 2359 393 2412; x_wconf 77' lang='grc' dir='ltr'><strong>τοῦ</strong></span> <span class='ocrx_word' id='word_1_325' title='bbox 433 2362 614 2416; x_wconf 78' lang='grc' dir='ltr'>Δαδίδ.</span> <span class='ocrx_word' id='word_1_326' title='bbox 660 2363 819 2420; x_wconf 78' lang='grc' dir='ltr'><strong>Ἀλλά</strong></span> <span class='ocrx_word' id='word_1_327' title='bbox 855 2367 1027 2432; x_wconf 85' lang='grc' dir='ltr'><strong>θέλεις</strong></span> <span class='ocrx_word' id='word_1_328' title='bbox 1049 2369 1269 2438; x_wconf 76' lang='grc' dir='ltr'><strong>ψάλλειν</strong></span> <span class='ocrx_word' id='word_1_329' title='bbox 1302 2372 1546 2443; x_wconf 78' lang='grc' dir='ltr'>ὲπακοὴν</span> <span class='ocrx_word' id='word_1_330' title='bbox 1568 2372 1790 2444; x_wconf 78' lang='grc' dir='ltr'><strong>ἔχοντας</strong></span> <span class='ocrx_word' id='word_1_331' title='bbox 1813 2375 1874 2428; x_wconf 75' lang='grc' dir='ltr'>τὸ</span> 
     </span>
    </p>
   </div>
   <div class='ocr_carea' id='block_1_41' title="bbox 316 2449 1870 2534">
    <p class='ocr_par' dir='ltr' id='par_1_41' title="bbox 316 2449 1870 2534">
     <span class='ocr_line' id='line_1_41' title="bbox 316 2449 1870 2534; baseline 0.009 -33"><span class='ocrx_word' id='word_1_332' title='bbox 316 2449 650 2521; x_wconf 74' lang='grc' dir='ltr'>Ἀλληλούῖα,</span> <span class='ocrx_word' id='word_1_333' title='bbox 681 2453 826 2524; x_wconf 79' lang='grc' dir='ltr'><strong>ἔχεις</strong></span> <span class='ocrx_word' id='word_1_334' title='bbox 861 2457 952 2509; x_wconf 87' lang='grc' dir='ltr'><strong>τὸν</strong></span> <span class='ocrx_word' id='word_1_335' title='bbox 984 2457 1080 2529; x_wconf 83' lang='grc' dir='ltr'>ρδ’,</span> <span class='ocrx_word' id='word_1_336' title='bbox 1117 2465 1188 2528; x_wconf 82' lang='grc' dir='ltr'><strong>ρε¹</strong></span> <span class='ocrx_word' id='word_1_337' title='bbox 1213 2500 1227 2522; x_wconf 95' lang='grc'>,</span> <span class='ocrx_word' id='word_1_338' title='bbox 1261 2458 1372 2530; x_wconf 82' lang='grc' dir='ltr'>ρς’,</span> <span class='ocrx_word' id='word_1_339' title='bbox 1403 2458 1505 2532; x_wconf 84' lang='grc' dir='ltr'><strong>ρια¹</strong></span> <span class='ocrx_word' id='word_1_340' title='bbox 1526 2503 1540 2526; x_wconf 93' lang='grc'><strong>,</strong></span> <span class='ocrx_word' id='word_1_341' title='bbox 1573 2461 1674 2532; x_wconf 76' lang='grc' dir='ltr'><strong>ριβ¹</strong></span> <span class='ocrx_word' id='word_1_342' title='bbox 1694 2501 1709 2526; x_wconf 93' lang='grc'><strong>,</strong></span> <span class='ocrx_word' id='word_1_343' title='bbox 1744 2468 1870 2534; x_wconf 68' lang='grc' dir='ltr'><strong>ριγθ,</strong></span> 
     </span>
    </p>
   </div>
   <div class='ocr_carea' id='block_1_42' title="bbox 302 2542 1869 2624">
    <p class='ocr_par' dir='ltr' id='par_1_42' title="bbox 302 2542 1869 2624">
     <span class='ocr_line' id='line_1_42' title="bbox 302 2542 1869 2624; baseline 0.015 -21"><span class='ocrx_word' id='word_1_344' title='bbox 302 2543 419 2612; x_wconf 73' lang='grc' dir='ltr'>ριδν.</span> <span class='ocrx_word' id='word_1_345' title='bbox 446 2542 566 2614; x_wconf 82' lang='grc' dir='ltr'><strong>ριε’.</strong></span> <span class='ocrx_word' id='word_1_346' title='bbox 599 2543 734 2615; x_wconf 77' lang='grc' dir='ltr'>ρις’,</span> <span class='ocrx_word' id='word_1_347' title='bbox 767 2545 886 2618; x_wconf 63' lang='grc' dir='ltr'><strong>ριςκ</strong></span> <span class='ocrx_word' id='word_1_348' title='bbox 918 2556 1042 2620; x_wconf 62' lang='lat' dir='ltr'><strong>pur»</strong></span> <span class='ocrx_word' id='word_1_349' title='bbox 1077 2547 1200 2618; x_wconf 78' lang='grc' dir='ltr'>ρλδ’,</span> <span class='ocrx_word' id='word_1_350' title='bbox 1226 2551 1352 2621; x_wconf 63' lang='grc' dir='ltr'><strong>ρλέ.</strong></span> <span class='ocrx_word' id='word_1_351' title='bbox 1376 2557 1516 2622; x_wconf 63' lang='lat' dir='ltr'><strong>mw.</strong></span> <span class='ocrx_word' id='word_1_352' title='bbox 1546 2559 1700 2622; x_wconf 74' lang='grc' dir='ltr'><strong>ρμς’.</strong></span> <span class='ocrx_word' id='word_1_353' title='bbox 1726 2554 1869 2624; x_wconf 65' lang='grc' dir='ltr'><strong>ρμξι</strong></span> 
     </span>
    </p>
   </div>
   <div class='ocr_carea' id='block_1_43' title="bbox 303 2636 766 2708">
    <p class='ocr_par' dir='ltr' id='par_1_43' title="bbox 303 2636 766 2708">
     <span class='ocr_line' id='line_1_43' title="bbox 303 2636 766 2708; baseline 0.009 -3"><span class='ocrx_word' id='word_1_354' title='bbox 303 2642 447 2706; x_wconf 63' lang='lat' dir='ltr'><strong>Pw.</strong></span> <span class='ocrx_word' id='word_1_355' title='bbox 483 2636 630 2706; x_wconf 65' lang='grc' dir='ltr'>ρμθ¹τ</span> <span class='ocrx_word' id='word_1_356' title='bbox 666 2645 766 2708; x_wconf 66' lang='lat' dir='ltr'><strong>W-</strong></span> 
     </span>
    </p>
   </div>
   <div class='ocr_carea' id='block_1_44' title="bbox 369 2729 1871 2809">
    <p class='ocr_par' dir='ltr' id='par_1_44' title="bbox 369 2729 1871 2809">
     <span class='ocr_line' id='line_1_44' title="bbox 369 2729 1871 2809; baseline 0.009 -31"><span class='ocrx_word' id='word_1_357' title='bbox 369 2734 482 2791; x_wconf 77' lang='grc' dir='ltr'>κς’.</span> <span class='ocrx_word' id='word_1_358' title='bbox 521 2729 648 2781; x_wconf 86' lang='grc' dir='ltr'><strong>Ὅτε</strong></span> <span class='ocrx_word' id='word_1_359' title='bbox 681 2729 738 2782; x_wconf 86' lang='grc' dir='ltr'>δὲ</span> <span class='ocrx_word' id='word_1_360' title='bbox 761 2729 921 2802; x_wconf 83' lang='grc' dir='ltr'><strong>θέλῃς</strong></span> <span class='ocrx_word' id='word_1_361' title='bbox 949 2733 1068 2786; x_wconf 81' lang='grc' dir='ltr'>κατ’</span> <span class='ocrx_word' id='word_1_362' title='bbox 1097 2732 1230 2786; x_wconf 92' lang='grc' dir='ltr'>ίδίαν</span> <span class='ocrx_word' id='word_1_363' title='bbox 1263 2733 1333 2787; x_wconf 80' lang='grc' dir='ltr'>τὰ</span> <span class='ocrx_word' id='word_1_364' title='bbox 1356 2735 1600 2807; x_wconf 79' lang='grc' dir='ltr'>περὶτοῦ</span> <span class='ocrx_word' id='word_1_365' title='bbox 1622 2738 1871 2809; x_wconf 84' lang='grc' dir='ltr'><strong>Σωτῆρος</strong></span> 
     </span>
    </p>
   </div>
   <div class='ocr_carea' id='block_1_45' title="bbox 295 2817 1872 2899">
    <p class='ocr_par' dir='ltr' id='par_1_45' title="bbox 295 2817 1872 2899">
     <span class='ocr_line' id='line_1_45' title="bbox 295 2817 1872 2899; baseline 0.006 -28"><span class='ocrx_word' id='word_1_366' title='bbox 295 2817 542 2889; x_wconf 67' lang='grc' dir='ltr'><strong>ψάλλειν,</strong></span> <span class='ocrx_word' id='word_1_367' title='bbox 575 2822 632 2874; x_wconf 81' lang='grc' dir='ltr'><strong>ὲν</strong></span> <span class='ocrx_word' id='word_1_368' title='bbox 657 2821 874 2893; x_wconf 77' lang='grc' dir='ltr'>ἑκάστῳ</span> <span class='ocrx_word' id='word_1_369' title='bbox 911 2823 1007 2893; x_wconf 84' lang='grc' dir='ltr'><strong>μὲν</strong></span> <span class='ocrx_word' id='word_1_370' title='bbox 1039 2824 1223 2894; x_wconf 84' lang='grc' dir='ltr'>σχεδὸν</span> <span class='ocrx_word' id='word_1_371' title='bbox 1258 2825 1533 2896; x_wconf 79' lang='grc' dir='ltr'><strong>εὑρίσκεις</strong></span> <span class='ocrx_word' id='word_1_372' title='bbox 1563 2826 1760 2899; x_wconf 78' lang='grc' dir='ltr'>ψαλμῷ</span> <span class='ocrx_word' id='word_1_373' title='bbox 1805 2827 1872 2880; x_wconf 83' lang='grc' dir='ltr'>τὰ</span> 
     </span>
    </p>
   </div>
   <div class='ocr_carea' id='block_1_46' title="bbox 296 2911 1872 2991">
    <p class='ocr_par' dir='ltr' id='par_1_46' title="bbox 296 2911 1872 2991">
     <span class='ocr_line' id='line_1_46' title="bbox 296 2911 1872 2991; baseline 0.006 -28"><span class='ocrx_word' id='word_1_374' title='bbox 296 2911 548 2965; x_wconf 78' lang='grc' dir='ltr'>τοιαῦτα·</span> <span class='ocrx_word' id='word_1_375' title='bbox 579 2911 722 2983; x_wconf 79' lang='grc' dir='ltr'><strong>ἔχεις</strong></span> <span class='ocrx_word' id='word_1_376' title='bbox 741 2914 796 2967; x_wconf 83' lang='grc' dir='ltr'>δὲ</span> <span class='ocrx_word' id='word_1_377' title='bbox 826 2915 1058 2986; x_wconf 86' lang='grc' dir='ltr'>μάλιστα</span> <span class='ocrx_word' id='word_1_378' title='bbox 1080 2917 1170 2970; x_wconf 87' lang='grc' dir='ltr'><strong>τὸν</strong></span> <span class='ocrx_word' id='word_1_379' title='bbox 1197 2916 1298 2988; x_wconf 88' lang='grc' dir='ltr'>μὲν</span> <span class='ocrx_word' id='word_1_380' title='bbox 1326 2915 1408 2988; x_wconf 89' lang='grc' dir='ltr'><strong>μδ¹</strong></span> <span class='ocrx_word' id='word_1_381' title='bbox 1431 2919 1634 2972; x_wconf 74' lang='grc' dir='ltr'>καὶτὸν</span> <span class='ocrx_word' id='word_1_382' title='bbox 1665 2919 1749 2991; x_wconf 83' lang='grc' dir='ltr'><strong>ρθ¹</strong></span> <span class='ocrx_word' id='word_1_383' title='bbox 1775 2919 1872 2991; x_wconf 78' lang='grc' dir='ltr'>δηο</span> 
     </span>
    </p>
   </div>
   <div class='ocr_carea' id='block_1_47' title="bbox 295 3001 1870 3082">
    <p class='ocr_par' dir='ltr' id='par_1_47' title="bbox 295 3001 1870 3082">
     <span class='ocr_line' id='line_1_47' title="bbox 295 3001 1870 3082; baseline 0.006 -27"><span class='ocrx_word' id='word_1_384' title='bbox 295 3001 520 3066; x_wconf 79' lang='grc' dir='ltr'>λοῦντας</span> <span class='ocrx_word' id='word_1_385' title='bbox 547 3003 644 3074; x_wconf 83' lang='grc' dir='ltr'><strong>τὴν</strong></span> <span class='ocrx_word' id='word_1_386' title='bbox 678 3008 743 3058; x_wconf 84' lang='grc' dir='ltr'>ὲκ</span> <span class='ocrx_word' id='word_1_387' title='bbox 770 3005 864 3059; x_wconf 79' lang='grc' dir='ltr'><strong>τοῦ</strong></span> <span class='ocrx_word' id='word_1_388' title='bbox 898 3007 1112 3080; x_wconf 79' lang='grc' dir='ltr'><strong>Πατρὸς</strong></span> <span class='ocrx_word' id='word_1_389' title='bbox 1149 3009 1313 3062; x_wconf 81' lang='grc' dir='ltr'>αὑτοῦ</span> <span class='ocrx_word' id='word_1_390' title='bbox 1352 3011 1582 3082; x_wconf 82' lang='grc' dir='ltr'>γνησίαν</span> <span class='ocrx_word' id='word_1_391' title='bbox 1617 3010 1870 3082; x_wconf 83' lang='grc' dir='ltr'><strong>γέννησιν</strong></span> 
     </span>
    </p>
   </div>
   <div class='ocr_carea' id='block_1_48' title="bbox 1980 1907 3548 1992">
    <p class='ocr_par' dir='ltr' id='par_1_48' title="bbox 1980 1907 3548 1992">
     <span class='ocr_line' id='line_1_48' title="bbox 1980 1907 3548 1992; baseline 0.011 -30"><span class='ocrx_word' id='word_1_392' title='bbox 1980 1908 2130 1962; x_wconf 91' lang='lat' dir='ltr'><strong>dicas</strong></span> <span class='ocrx_word' id='word_1_393' title='bbox 2158 1920 2456 1979; x_wconf 89' lang='lat' dir='ltr'><strong>suppetunt</strong></span> <span class='ocrx_word' id='word_1_394' title='bbox 2495 1913 2550 1968; x_wconf 93' lang='lat' dir='ltr'><strong>in</strong></span> <span class='ocrx_word' id='word_1_395' title='bbox 2581 1914 2651 1969; x_wconf 80' lang='lat'><strong>9‘2</strong></span> <span class='ocrx_word' id='word_1_396' title='bbox 2684 1925 2737 1970; x_wconf 92' lang='lat' dir='ltr'><strong>et</strong></span> <span class='ocrx_word' id='word_1_397' title='bbox 2767 1916 2857 1973; x_wconf 86' lang='lat'><strong>97.</strong></span> <span class='ocrx_word' id='word_1_398' title='bbox 2891 1919 2947 1972; x_wconf 70' lang='lat' dir='ltr'><strong>Si</strong></span> <span class='ocrx_word' id='word_1_399' title='bbox 2974 1935 3096 1974; x_wconf 90' lang='lat' dir='ltr'><strong>cum</strong></span> <span class='ocrx_word' id='word_1_400' title='bbox 3136 1907 3364 1992; x_wconf 82' lang='lat' dir='ltr'><strong>pusillus</strong></span> <span class='ocrx_word' id='word_1_401' title='bbox 3399 1940 3548 1980; x_wconf 88' lang='lat' dir='ltr'><strong>esses</strong></span> 
     </span>
    </p>
   </div>
   <div class='ocr_carea' id='block_1_49' title="bbox 1978 1998 3546 2083">
    <p class='ocr_par' dir='ltr' id='par_1_49' title="bbox 1978 1998 3546 2083">
     <span class='ocr_line' id='line_1_49' title="bbox 1978 1998 3546 2083; baseline 0.013 -32"><span class='ocrx_word' id='word_1_402' title='bbox 1978 1998 2234 2068; x_wconf 57' lang='lat' dir='ltr'><strong>praelatus</strong></span> <span class='ocrx_word' id='word_1_403' title='bbox 2264 2001 2340 2058; x_wconf 88' lang='lat' dir='ltr'><strong>sis</strong></span> <span class='ocrx_word' id='word_1_404' title='bbox 2381 2006 2446 2057; x_wconf 92' lang='lat' dir='ltr'><strong>ad</strong></span> <span class='ocrx_word' id='word_1_405' title='bbox 2482 2019 2642 2060; x_wconf 92' lang='lat' dir='ltr'><strong>usum</strong></span> <span class='ocrx_word' id='word_1_406' title='bbox 2676 2011 2986 2079; x_wconf 89' lang='lat' dir='ltr'><strong>quempiam</strong></span> <span class='ocrx_word' id='word_1_407' title='bbox 3027 2011 3255 2068; x_wconf 86' lang='lat' dir='ltr'><strong>fratrum</strong></span> <span class='ocrx_word' id='word_1_408' title='bbox 3290 2022 3508 2072; x_wconf 89' lang='lat' dir='ltr'><strong>tuorum</strong></span> <span class='ocrx_word' id='word_1_409' title='bbox 3530 2059 3546 2083; x_wconf 96' lang='lat'><strong>,</strong></span> 
     </span>
    </p>
   </div>
   <div class='ocr_carea' id='block_1_50' title="bbox 1977 2090 3543 2176">
    <p class='ocr_par' dir='ltr' id='par_1_50' title="bbox 1977 2090 3543 2176">
     <span class='ocr_line' id='line_1_50' title="bbox 1977 2090 3543 2176; baseline 0.011 -31"><span class='ocrx_word' id='word_1_410' title='bbox 1977 2106 2046 2145; x_wconf 89' lang='lat' dir='ltr'><strong>ne</strong></span> <span class='ocrx_word' id='word_1_411' title='bbox 2079 2090 2337 2150; x_wconf 88' lang='lat' dir='ltr'><strong>adversus</strong></span> <span class='ocrx_word' id='word_1_412' title='bbox 2369 2095 2492 2151; x_wconf 92' lang='lat' dir='ltr'><strong>illos</strong></span> <span class='ocrx_word' id='word_1_413' title='bbox 2519 2099 2779 2156; x_wconf 80' lang='lat' dir='ltr'><strong>extollare</strong></span> <span class='ocrx_word' id='word_1_414' title='bbox 2818 2119 2832 2154; x_wconf 89' lang='lat'><strong>:</strong></span> <span class='ocrx_word' id='word_1_415' title='bbox 2881 2103 2976 2158; x_wconf 88' lang='lat' dir='ltr'><strong>sed</strong></span> <span class='ocrx_word' id='word_1_416' title='bbox 3023 2104 3247 2176; x_wconf 82' lang='lat' dir='ltr'><strong>gloriam</strong></span> <span class='ocrx_word' id='word_1_417' title='bbox 3294 2108 3543 2170; x_wconf 85' lang='lat' dir='ltr'><strong>Domino,</strong></span> 
     </span>
    </p>
   </div>
   <div class='ocr_carea' id='block_1_51' title="bbox 1977 2184 3545 2268">
    <p class='ocr_par' dir='ltr' id='par_1_51' title="bbox 1977 2184 3545 2268">
     <span class='ocr_line' id='line_1_51' title="bbox 1977 2184 3545 2268; baseline 0.01 -31"><span class='ocrx_word' id='word_1_418' title='bbox 1977 2184 2070 2252; x_wconf 91' lang='lat' dir='ltr'><strong>qui</strong></span> <span class='ocrx_word' id='word_1_419' title='bbox 2109 2194 2158 2240; x_wconf 93' lang='lat' dir='ltr'><strong>te</strong></span> <span class='ocrx_word' id='word_1_420' title='bbox 2191 2186 2394 2258; x_wconf 78' lang='lat' dir='ltr'><strong>elegit,</strong></span> <span class='ocrx_word' id='word_1_421' title='bbox 2439 2190 2706 2258; x_wconf 87' lang='lat' dir='ltr'><strong>tribuens,</strong></span> <span class='ocrx_word' id='word_1_422' title='bbox 2734 2193 2903 2262; x_wconf 87' lang='lat' dir='ltr'><strong>psalle</strong></span> <span class='ocrx_word' id='word_1_423' title='bbox 2935 2204 2988 2249; x_wconf 91' lang='lat' dir='ltr'><strong>et</strong></span> <span class='ocrx_word' id='word_1_424' title='bbox 3023 2205 3078 2252; x_wconf 83' lang='lat' dir='ltr'><strong>tu</strong></span> <span class='ocrx_word' id='word_1_425' title='bbox 3113 2198 3245 2265; x_wconf 71' lang='grc'><strong>131,</strong></span> <span class='ocrx_word' id='word_1_426' title='bbox 3274 2199 3369 2268; x_wconf 91' lang='lat' dir='ltr'><strong>qui</strong></span> <span class='ocrx_word' id='word_1_427' title='bbox 3415 2214 3545 2268; x_wconf 90' lang='lat' dir='ltr'><strong>pro-</strong></span> 
     </span>
    </p>
   </div>
   <div class='ocr_carea' id='block_1_52' title="bbox 1975 2277 3546 2358">
    <p class='ocr_par' dir='ltr' id='par_1_52' title="bbox 1975 2277 3546 2358">
     <span class='ocr_line' id='line_1_52' title="bbox 1975 2277 3546 2358; baseline 0.01 -30"><span class='ocrx_word' id='word_1_428' title='bbox 1975 2277 2127 2345; x_wconf 83' lang='lat' dir='ltr'><strong>prius</strong></span> <span class='ocrx_word' id='word_1_429' title='bbox 2158 2288 2242 2334; x_wconf 92' lang='lat' dir='ltr'><strong>est</strong></span> <span class='ocrx_word' id='word_1_430' title='bbox 2273 2279 2513 2336; x_wconf 87' lang='lat' dir='ltr'><strong>Davidis.</strong></span> <span class='ocrx_word' id='word_1_431' title='bbox 2553 2281 2657 2338; x_wconf 88' lang='lat' dir='ltr'><strong>Sed</strong></span> <span class='ocrx_word' id='word_1_432' title='bbox 2690 2301 2884 2340; x_wconf 87' lang='lat' dir='ltr'><strong>canere</strong></span> <span class='ocrx_word' id='word_1_433' title='bbox 2913 2287 2994 2342; x_wconf 91' lang='lat' dir='ltr'><strong>vis</strong></span> <span class='ocrx_word' id='word_1_434' title='bbox 3019 2290 3258 2358; x_wconf 87' lang='lat' dir='ltr'><strong>psalmos</strong></span> <span class='ocrx_word' id='word_1_435' title='bbox 3283 2305 3546 2346; x_wconf 83' lang='lat' dir='ltr'><strong>resonan-</strong></span> 
     </span>
    </p>
   </div>
   <div class='ocr_carea' id='block_1_53' title="bbox 1975 2370 3545 2445">
    <p class='ocr_par' dir='ltr' id='par_1_53' title="bbox 1975 2370 3545 2445">
     <span class='ocr_line' id='line_1_53' title="bbox 1975 2370 3545 2445; baseline 0.008 -23"><span class='ocrx_word' id='word_1_436' title='bbox 1975 2377 2056 2424; x_wconf 89' lang='lat' dir='ltr'><strong>tes</strong></span> <span class='ocrx_word' id='word_1_437' title='bbox 2084 2370 2300 2425; x_wconf 89' lang='lat' dir='ltr'><strong>laudem</strong></span> <span class='ocrx_word' id='word_1_438' title='bbox 2324 2371 2439 2441; x_wconf 88' lang='lat' dir='ltr'><strong>Dei,</strong></span> <span class='ocrx_word' id='word_1_439' title='bbox 2459 2389 2556 2428; x_wconf 92' lang='lat' dir='ltr'><strong>seu</strong></span> <span class='ocrx_word' id='word_1_440' title='bbox 2577 2376 2840 2432; x_wconf 90' lang='lat' dir='ltr'><strong>habentes</strong></span> <span class='ocrx_word' id='word_1_441' title='bbox 2864 2378 3078 2433; x_wconf 86' lang='lat' dir='ltr'><strong>titulum</strong></span> <span class='ocrx_word' id='word_1_442' title='bbox 3101 2381 3354 2445; x_wconf 86' lang='lat' dir='ltr'><strong>Alleluia,</strong></span> <span class='ocrx_word' id='word_1_443' title='bbox 3379 2382 3545 2435; x_wconf 84' lang='lat' dir='ltr'><strong>habes</strong></span> 
     </span>
    </p>
   </div>
   <div class='ocr_carea' id='block_1_54' title="bbox 1977 2459 3540 2538">
    <p class='ocr_par' dir='ltr' id='par_1_54' title="bbox 1977 2459 3540 2538">
     <span class='ocr_line' id='line_1_54' title="bbox 1977 2459 3540 2538; baseline 0.006 -24"><span class='ocrx_word' id='word_1_444' title='bbox 1977 2459 2098 2524; x_wconf 79' lang='grc'><strong>104,</strong></span> <span class='ocrx_word' id='word_1_445' title='bbox 2143 2463 2585 2531; x_wconf 83' lang='grc'><strong>105,106,111,</strong></span> <span class='ocrx_word' id='word_1_446' title='bbox 2640 2468 3383 2538; x_wconf 66' lang='grc'><strong>112,115,114,115,116,</strong></span> <span class='ocrx_word' id='word_1_447' title='bbox 3419 2473 3540 2535; x_wconf 84' lang='grc'><strong>117,</strong></span> 
     </span>
    </p>
   </div>
   <div class='ocr_carea' id='block_1_55' title="bbox 1976 2554 3340 2630">
    <p class='ocr_par' dir='ltr' id='par_1_55' title="bbox 1976 2554 3340 2630">
     <span class='ocr_line' id='line_1_55' title="bbox 1976 2554 3340 2630; baseline 0.007 -23"><span class='ocrx_word' id='word_1_448' title='bbox 1976 2554 2101 2620; x_wconf 89' lang='grc'><strong>118,</strong></span> <span class='ocrx_word' id='word_1_449' title='bbox 2136 2555 2258 2622; x_wconf 70' lang='grc'><strong>154,</strong></span> <span class='ocrx_word' id='word_1_450' title='bbox 2296 2556 2563 2623; x_wconf 72' lang='grc'><strong>155,115,</strong></span> <span class='ocrx_word' id='word_1_451' title='bbox 2599 2557 2722 2625; x_wconf 87' lang='grc'><strong>146,</strong></span> <span class='ocrx_word' id='word_1_452' title='bbox 2757 2560 2882 2628; x_wconf 79' lang='grc'><strong>117,</strong></span> <span class='ocrx_word' id='word_1_453' title='bbox 2912 2561 3034 2624; x_wconf 81' lang='grc'><strong>148,</strong></span> <span class='ocrx_word' id='word_1_454' title='bbox 3068 2563 3340 2630; x_wconf 73' lang='grc' dir='ltr'><strong>1.19,1εο.</strong></span> 
     </span>
    </p>
   </div>
   <div class='ocr_carea' id='block_1_56' title="bbox 2040 2731 3541 2809">
    <p class='ocr_par' dir='ltr' id='par_1_56' title="bbox 2040 2731 3541 2809">
     <span class='ocr_line' id='line_1_56' title="bbox 2040 2731 3541 2809; baseline 0.006 -24"><span class='ocrx_word' id='word_1_455' title='bbox 2040 2731 2129 2786; x_wconf 72' lang='lat'><strong>26.</strong></span> <span class='ocrx_word' id='word_1_456' title='bbox 2171 2731 2306 2787; x_wconf 89' lang='lat' dir='ltr'><strong>Cum</strong></span> <span class='ocrx_word' id='word_1_457' title='bbox 2356 2734 2590 2790; x_wconf 88' lang='lat' dir='ltr'><strong>volueris</strong></span> <span class='ocrx_word' id='word_1_458' title='bbox 2655 2750 2720 2790; x_wconf 74' lang='lat' dir='ltr'><strong>ea</strong></span> <span class='ocrx_word' id='word_1_459' title='bbox 2767 2751 2890 2806; x_wconf 71' lang='lat' dir='ltr'><strong>quas</strong></span> <span class='ocrx_word' id='word_1_460' title='bbox 2937 2737 3268 2793; x_wconf 84' lang='lat' dir='ltr'><strong>Salvatorem</strong></span> <span class='ocrx_word' id='word_1_461' title='bbox 3324 2739 3541 2809; x_wconf 82' lang='lat' dir='ltr'><strong>proprie</strong></span> 
     </span>
    </p>
   </div>
   <div class='ocr_carea' id='block_1_57' title="bbox 1973 2826 3539 2899">
    <p class='ocr_par' dir='ltr' id='par_1_57' title="bbox 1973 2826 3539 2899">
     <span class='ocr_line' id='line_1_57' title="bbox 1973 2826 3539 2899; baseline 0.004 -20"><span class='ocrx_word' id='word_1_462' title='bbox 1973 2833 2216 2894; x_wconf 85' lang='lat' dir='ltr'><strong>spectant</strong></span> <span class='ocrx_word' id='word_1_463' title='bbox 2240 2826 2468 2895; x_wconf 88' lang='lat' dir='ltr'><strong>psallere</strong></span> <span class='ocrx_word' id='word_1_464' title='bbox 2503 2867 2519 2893; x_wconf 98' lang='lat'><strong>,</strong></span> <span class='ocrx_word' id='word_1_465' title='bbox 2546 2826 2599 2881; x_wconf 94' lang='lat' dir='ltr'><strong>in</strong></span> <span class='ocrx_word' id='word_1_466' title='bbox 2628 2826 2857 2897; x_wconf 76' lang='lat' dir='ltr'><strong>singulis</strong></span> <span class='ocrx_word' id='word_1_467' title='bbox 2887 2844 3023 2899; x_wconf 88' lang='lat' dir='ltr'><strong>pene</strong></span> <span class='ocrx_word' id='word_1_468' title='bbox 3047 2829 3274 2898; x_wconf 88' lang='lat' dir='ltr'><strong>psalmis</strong></span> <span class='ocrx_word' id='word_1_469' title='bbox 3313 2831 3428 2886; x_wconf 70' lang='lat' dir='ltr'><strong>haec</strong></span> <span class='ocrx_word' id='word_1_470' title='bbox 3451 2832 3539 2886; x_wconf 91' lang='lat' dir='ltr'><strong>in-</strong></span> 
     </span>
    </p>
   </div>
   <div class='ocr_carea' id='block_1_58' title="bbox 1969 2915 3540 2993">
    <p class='ocr_par' dir='ltr' id='par_1_58' title="bbox 1969 2915 3540 2993">
     <span class='ocr_line' id='line_1_58' title="bbox 1969 2915 3540 2993; baseline 0.006 -25"><span class='ocrx_word' id='word_1_471' title='bbox 1969 2915 2186 2971; x_wconf 74' lang='lat' dir='ltr'><strong>venies:</strong></span> <span class='ocrx_word' id='word_1_472' title='bbox 2219 2917 2486 2987; x_wconf 66' lang='lat' dir='ltr'><strong>praecipue</strong></span> <span class='ocrx_word' id='word_1_473' title='bbox 2539 2927 2718 2972; x_wconf 88' lang='lat' dir='ltr'><strong>autem</strong></span> <span class='ocrx_word' id='word_1_474' title='bbox 2743 2918 2911 2973; x_wconf 81' lang='lat' dir='ltr'><strong>habes</strong></span> <span class='ocrx_word' id='word_1_475' title='bbox 2940 2919 3011 2974; x_wconf 89' lang='grc'><strong>44</strong></span> <span class='ocrx_word' id='word_1_476' title='bbox 3042 2929 3097 2976; x_wconf 89' lang='lat' dir='ltr'><strong>et</strong></span> <span class='ocrx_word' id='word_1_477' title='bbox 3131 2919 3252 2988; x_wconf 85' lang='grc'><strong>109,</strong></span> <span class='ocrx_word' id='word_1_478' title='bbox 3281 2922 3374 2991; x_wconf 94' lang='lat' dir='ltr'><strong>qui</strong></span> <span class='ocrx_word' id='word_1_479' title='bbox 3404 2937 3540 2993; x_wconf 57' lang='lat' dir='ltr'><strong>prae</strong></span> 
     </span>
    </p>
   </div>
   <div class='ocr_carea' id='block_1_59' title="bbox 1969 3006 3541 3082">
    <p class='ocr_par' dir='ltr' id='par_1_59' title="bbox 1969 3006 3541 3082">
     <span class='ocr_line' id='line_1_59' title="bbox 1969 3006 3541 3082; baseline 0.004 -20"><span class='ocrx_word' id='word_1_480' title='bbox 1969 3006 2185 3077; x_wconf 89' lang='lat' dir='ltr'><strong>cipuam</strong></span> <span class='ocrx_word' id='word_1_481' title='bbox 2211 3008 2330 3080; x_wconf 86' lang='lat' dir='ltr'><strong>ejus</strong></span> <span class='ocrx_word' id='word_1_482' title='bbox 2361 3023 2424 3063; x_wconf 75' lang='lat' dir='ltr'><strong>ex</strong></span> <span class='ocrx_word' id='word_1_483' title='bbox 2457 3006 2616 3065; x_wconf 85' lang='lat' dir='ltr'><strong>Patre</strong></span> <span class='ocrx_word' id='word_1_484' title='bbox 2641 3010 3064 3080; x_wconf 77' lang='lat' dir='ltr'><strong>generationem,</strong></span> <span class='ocrx_word' id='word_1_485' title='bbox 3092 3012 3320 3082; x_wconf 89' lang='lat' dir='ltr'><strong>ejusque</strong></span> <span class='ocrx_word' id='word_1_486' title='bbox 3349 3013 3402 3067; x_wconf 92' lang='lat' dir='ltr'><strong>in</strong></span> <span class='ocrx_word' id='word_1_487' title='bbox 3426 3029 3541 3070; x_wconf 63' lang='lat' dir='ltr'><strong>coro</strong></span> 
     </span>
    </p>
   </div>
   <div class='ocr_carea' id='block_1_60' title="bbox 296 3094 1868 3174">
    <p class='ocr_par' dir='ltr' id='par_1_60' title="bbox 296 3094 1868 3173">
     <span class='ocr_line' id='line_1_60' title="bbox 296 3094 1868 3173; baseline 0.006 -27"><span class='ocrx_word' id='word_1_488' title='bbox 296 3094 388 3147; x_wconf 80' lang='grc' dir='ltr'>καὶ</span> <span class='ocrx_word' id='word_1_489' title='bbox 414 3095 514 3166; x_wconf 77' lang='grc' dir='ltr'>τὴν</span> <span class='ocrx_word' id='word_1_490' title='bbox 541 3096 802 3169; x_wconf 76' lang='grc' dir='ltr'>ενσαρκον</span> <span class='ocrx_word' id='word_1_491' title='bbox 835 3099 1000 3153; x_wconf 79' lang='grc' dir='ltr'>αὐτοῦ</span> <span class='ocrx_word' id='word_1_492' title='bbox 1037 3103 1372 3173; x_wconf 60' lang='grc' dir='ltr'>παρουσίαν</span> <span class='ocrx_word' id='word_1_493' title='bbox 1421 3102 1512 3156; x_wconf 75' lang='grc' dir='ltr'>τὸν</span> <span class='ocrx_word' id='word_1_494' title='bbox 1543 3102 1599 3156; x_wconf 72' lang='grc' dir='ltr'>δὲ</span> <span class='ocrx_word' id='word_1_495' title='bbox 1645 3108 1731 3157; x_wconf 71' lang='grc' dir='ltr'><strong>κα⁹</strong></span> <span class='ocrx_word' id='word_1_496' title='bbox 1773 3102 1868 3157; x_wconf 76' lang='grc' dir='ltr'>καὶ</span> 
     </span>
    </p>
   </div>
   <div class='ocr_carea' id='block_1_61' title="bbox 1972 3094 3536 3174">
    <p class='ocr_par' dir='ltr' id='par_1_61' title="bbox 1972 3101 3536 3174">
     <span class='ocr_line' id='line_1_61' title="bbox 1972 3101 3536 3174; baseline 0.003 -19"><span class='ocrx_word' id='word_1_497' title='bbox 1972 3115 2102 3170; x_wconf 89' lang='lat' dir='ltr'><strong>pore</strong></span> <span class='ocrx_word' id='word_1_498' title='bbox 2124 3101 2416 3156; x_wconf 82' lang='lat' dir='ltr'><strong>adventum</strong></span> <span class='ocrx_word' id='word_1_499' title='bbox 2451 3101 2794 3173; x_wconf 83' lang='lat' dir='ltr'><strong>signiﬁcant;</strong></span> <span class='ocrx_word' id='word_1_500' title='bbox 2817 3102 2880 3156; x_wconf 74' lang='grc'><strong>21</strong></span> <span class='ocrx_word' id='word_1_501' title='bbox 2913 3111 2968 3157; x_wconf 87' lang='lat' dir='ltr'><strong>et</strong></span> <span class='ocrx_word' id='word_1_502' title='bbox 2995 3102 3086 3168; x_wconf 88' lang='lat'><strong>68,</strong></span> <span class='ocrx_word' id='word_1_503' title='bbox 3131 3105 3224 3174; x_wconf 90' lang='lat' dir='ltr'><strong>qui</strong></span> <span class='ocrx_word' id='word_1_504' title='bbox 3255 3103 3323 3160; x_wconf 92' lang='lat' dir='ltr'><strong>de</strong></span> <span class='ocrx_word' id='word_1_505' title='bbox 3354 3105 3536 3160; x_wconf 82' lang='lat' dir='ltr'><strong>divina</strong></span> 
     </span>
    </p>
   </div>
   <div class='ocr_carea' id='block_1_62' title="bbox 297 3185 1864 3267">
    <p class='ocr_par' dir='ltr' id='par_1_62' title="bbox 297 3185 1864 3267">
     <span class='ocr_line' id='line_1_62' title="bbox 297 3185 1864 3267; baseline 0.007 -29"><span class='ocrx_word' id='word_1_506' title='bbox 297 3185 371 3255; x_wconf 81' lang='grc' dir='ltr'><strong>ξη¹</strong></span> <span class='ocrx_word' id='word_1_507' title='bbox 400 3187 766 3259; x_wconf 83' lang='grc' dir='ltr'><strong>προλέγοντας</strong></span> <span class='ocrx_word' id='word_1_508' title='bbox 797 3191 924 3262; x_wconf 79' lang='grc' dir='ltr'>περὶ</span> <span class='ocrx_word' id='word_1_509' title='bbox 974 3191 1070 3246; x_wconf 80' lang='grc' dir='ltr'>τοῦ</span> <span class='ocrx_word' id='word_1_510' title='bbox 1099 3192 1241 3247; x_wconf 89' lang='grc' dir='ltr'>θείου</span> <span class='ocrx_word' id='word_1_511' title='bbox 1278 3193 1544 3267; x_wconf 83' lang='grc' dir='ltr'>σταυροῦ,</span> <span class='ocrx_word' id='word_1_512' title='bbox 1591 3195 1686 3248; x_wconf 75' lang='grc' dir='ltr'>καὶ</span> <span class='ocrx_word' id='word_1_513' title='bbox 1732 3194 1864 3266; x_wconf 83' lang='grc' dir='ltr'>ὅσην</span> 
     </span>
    </p>
   </div>
   <div class='ocr_carea' id='block_1_63' title="bbox 289 3277 1862 3352">
    <p class='ocr_par' dir='ltr' id='par_1_63' title="bbox 289 3277 1862 3352">
     <span class='ocr_line' id='line_1_63' title="bbox 289 3277 1862 3352; baseline 0.006 -23"><span class='ocrx_word' id='word_1_514' title='bbox 289 3277 356 3329; x_wconf 81' lang='grc' dir='ltr'><strong>δι’</strong></span> <span class='ocrx_word' id='word_1_515' title='bbox 375 3280 527 3350; x_wconf 79' lang='grc' dir='ltr'><strong>ἡμᾶς</strong></span> <span class='ocrx_word' id='word_1_516' title='bbox 560 3279 852 3352; x_wconf 74' lang='grc' dir='ltr'>ἐπιϐουλὴν</span> <span class='ocrx_word' id='word_1_517' title='bbox 886 3281 1190 3349; x_wconf 78' lang='grc' dir='ltr'><strong>ἀνεδέξατο,</strong></span> <span class='ocrx_word' id='word_1_518' title='bbox 1249 3285 1343 3337; x_wconf 78' lang='grc' dir='ltr'><strong>καὶ</strong></span> <span class='ocrx_word' id='word_1_519' title='bbox 1395 3285 1539 3339; x_wconf 84' lang='grc' dir='ltr'>πόσα</span> <span class='ocrx_word' id='word_1_520' title='bbox 1592 3284 1862 3338; x_wconf 75' lang='grc' dir='ltr'><strong>πέπονθεο</strong></span> 
     </span>
    </p>
   </div>
   <div class='ocr_carea' id='block_1_64' title="bbox 294 3370 1863 3448">
    <p class='ocr_par' dir='ltr' id='par_1_64' title="bbox 294 3370 1863 3448">
     <span class='ocr_line' id='line_1_64' title="bbox 294 3370 1863 3448; baseline 0.005 -26"><span class='ocrx_word' id='word_1_521' title='bbox 294 3371 386 3423; x_wconf 80' lang='grc' dir='ltr'><strong>καὶ</strong></span> <span class='ocrx_word' id='word_1_522' title='bbox 416 3371 509 3423; x_wconf 83' lang='grc' dir='ltr'><strong>τὸν</strong></span> <span class='ocrx_word' id='word_1_523' title='bbox 543 3371 643 3442; x_wconf 79' lang='grc' dir='ltr'><strong>μὲν</strong></span> <span class='ocrx_word' id='word_1_524' title='bbox 671 3370 714 3441; x_wconf 83' lang='grc' dir='ltr'><strong>β’</strong></span> <span class='ocrx_word' id='word_1_525' title='bbox 752 3371 847 3426; x_wconf 81' lang='grc' dir='ltr'>καὶ</span> <span class='ocrx_word' id='word_1_526' title='bbox 875 3380 957 3444; x_wconf 82' lang='grc' dir='ltr'><strong>ρη¹</strong></span> <span class='ocrx_word' id='word_1_527' title='bbox 985 3375 1346 3446; x_wconf 80' lang='grc' dir='ltr'>σημαίνοντας</span> <span class='ocrx_word' id='word_1_528' title='bbox 1383 3376 1483 3448; x_wconf 76' lang='grc' dir='ltr'>τήν</span> <span class='ocrx_word' id='word_1_529' title='bbox 1517 3393 1573 3429; x_wconf 79' lang='grc' dir='ltr'><strong>τε</strong></span> <span class='ocrx_word' id='word_1_530' title='bbox 1598 3375 1706 3430; x_wconf 82' lang='grc' dir='ltr'><strong>τῶν</strong></span> <span class='ocrx_word' id='word_1_531' title='bbox 1731 3377 1863 3430; x_wconf 90' lang='grc' dir='ltr'><strong>Ἰου-</strong></span> 
     </span>
    </p>
   </div>
   <div class='ocr_carea' id='block_1_65' title="bbox 290 3461 1862 3540">
    <p class='ocr_par' dir='ltr' id='par_1_65' title="bbox 290 3461 1862 3540">
     <span class='ocr_line' id='line_1_65' title="bbox 290 3461 1862 3540; baseline 0.007 -27"><span class='ocrx_word' id='word_1_532' title='bbox 290 3461 454 3515; x_wconf 75' lang='grc' dir='ltr'>δαίων</span> <span class='ocrx_word' id='word_1_533' title='bbox 479 3462 766 3534; x_wconf 73' lang='grc' dir='ltr'><strong>ἐπιϐουλὴν</strong></span> <span class='ocrx_word' id='word_1_534' title='bbox 798 3464 893 3518; x_wconf 82' lang='grc' dir='ltr'><strong>καὶ</strong></span> <span class='ocrx_word' id='word_1_535' title='bbox 940 3467 1232 3537; x_wconf 87' lang='grc' dir='ltr'>πονηρίαν,</span> <span class='ocrx_word' id='word_1_536' title='bbox 1281 3467 1376 3520; x_wconf 74' lang='grc' dir='ltr'><strong>καὶ</strong></span> <span class='ocrx_word' id='word_1_537' title='bbox 1425 3467 1525 3540; x_wconf 76' lang='grc' dir='ltr'><strong>τὴν</strong></span> <span class='ocrx_word' id='word_1_538' title='bbox 1568 3468 1738 3523; x_wconf 86' lang='grc' dir='ltr'>Ἰούδα</span> <span class='ocrx_word' id='word_1_539' title='bbox 1768 3469 1862 3524; x_wconf 80' lang='grc' dir='ltr'><strong>τοῦ</strong></span> 
     </span>
    </p>
   </div>
   <div class='ocr_carea' id='block_1_66' title="bbox 306 3552 1863 3630">
    <p class='ocr_par' dir='ltr' id='par_1_66' title="bbox 306 3552 1863 3630">
     <span class='ocr_line' id='line_1_66' title="bbox 306 3552 1863 3630; baseline 0.006 -24"><span class='ocrx_word' id='word_1_540' title='bbox 306 3552 652 3625; x_wconf 78' lang='grc' dir='ltr'>Ἰσκαριώτου</span> <span class='ocrx_word' id='word_1_541' title='bbox 704 3557 1021 3627; x_wconf 79' lang='grc' dir='ltr'>προδοσίαν·</span> <span class='ocrx_word' id='word_1_542' title='bbox 1066 3558 1157 3612; x_wconf 82' lang='grc' dir='ltr'>τόν</span> <span class='ocrx_word' id='word_1_543' title='bbox 1188 3575 1248 3612; x_wconf 85' lang='grc' dir='ltr'><strong>τε</strong></span> <span class='ocrx_word' id='word_1_544' title='bbox 1277 3558 1346 3624; x_wconf 84' lang='grc' dir='ltr'><strong>κ’,</strong></span> <span class='ocrx_word' id='word_1_545' title='bbox 1382 3561 1477 3614; x_wconf 76' lang='grc' dir='ltr'>καὶ</span> <span class='ocrx_word' id='word_1_546' title='bbox 1521 3560 1631 3630; x_wconf 87' lang='grc' dir='ltr'><strong>μθ’,</strong></span> <span class='ocrx_word' id='word_1_547' title='bbox 1666 3562 1762 3616; x_wconf 72' lang='grc' dir='ltr'>καὶ</span> <span class='ocrx_word' id='word_1_548' title='bbox 1783 3568 1863 3616; x_wconf 80' lang='grc' dir='ltr'><strong>οα⁹</strong></span> 
     </span>
    </p>
   </div>
   <div class='ocr_carea' id='block_1_67' title="bbox 293 3645 1860 3727">
    <p class='ocr_par' dir='ltr' id='par_1_67' title="bbox 293 3645 1860 3727">
     <span class='ocr_line' id='line_1_67' title="bbox 293 3645 1860 3727; baseline 0.008 -29"><span class='ocrx_word' id='word_1_549' title='bbox 293 3645 457 3716; x_wconf 78' lang='grc' dir='ltr'>(καὶ)</span> <span class='ocrx_word' id='word_1_550' title='bbox 493 3645 788 3718; x_wconf 82' lang='grc' dir='ltr'>δηλοῦντας</span> <span class='ocrx_word' id='word_1_551' title='bbox 817 3651 915 3720; x_wconf 79' lang='grc' dir='ltr'>τήν</span> <span class='ocrx_word' id='word_1_552' title='bbox 944 3667 1003 3703; x_wconf 90' lang='grc' dir='ltr'><strong>τε</strong></span> <span class='ocrx_word' id='word_1_553' title='bbox 1039 3649 1314 3720; x_wconf 84' lang='grc' dir='ltr'>βασιλείαν</span> <span class='ocrx_word' id='word_1_554' title='bbox 1346 3651 1511 3707; x_wconf 78' lang='grc' dir='ltr'>αὐτοῦ</span> <span class='ocrx_word' id='word_1_555' title='bbox 1555 3653 1646 3708; x_wconf 75' lang='grc' dir='ltr'>καὶ</span> <span class='ocrx_word' id='word_1_556' title='bbox 1683 3672 1860 3727; x_wconf 88' lang='grc' dir='ltr'>κριτι-</span> 
     </span>
    </p>
   </div>
   <div class='ocr_carea' id='block_1_68' title="bbox 289 3736 1862 3814">
    <p class='ocr_par' dir='ltr' id='par_1_68' title="bbox 289 3736 1862 3814">
     <span class='ocr_line' id='line_1_68' title="bbox 289 3736 1862 3814; baseline 0.006 -25"><span class='ocrx_word' id='word_1_557' title='bbox 289 3737 390 3808; x_wconf 78' lang='grc' dir='ltr'>κὴν</span> <span class='ocrx_word' id='word_1_558' title='bbox 409 3736 663 3807; x_wconf 85' lang='grc' dir='ltr'>δύναμιν,</span> <span class='ocrx_word' id='word_1_559' title='bbox 687 3739 781 3792; x_wconf 76' lang='grc' dir='ltr'><strong>καὶ</strong></span> <span class='ocrx_word' id='word_1_560' title='bbox 804 3739 904 3812; x_wconf 83' lang='grc' dir='ltr'>τὴν</span> <span class='ocrx_word' id='word_1_561' title='bbox 931 3741 1011 3804; x_wconf 90' lang='grc' dir='ltr'>είς</span> <span class='ocrx_word' id='word_1_562' title='bbox 1040 3741 1186 3812; x_wconf 77' lang='grc' dir='ltr'><strong>ἡμᾶς</strong></span> <span class='ocrx_word' id='word_1_563' title='bbox 1215 3739 1379 3795; x_wconf 83' lang='grc' dir='ltr'>αὑτοῦ</span> <span class='ocrx_word' id='word_1_564' title='bbox 1409 3741 1572 3797; x_wconf 87' lang='grc' dir='ltr'>πάλιν</span> <span class='ocrx_word' id='word_1_565' title='bbox 1600 3742 1862 3814; x_wconf 74' lang='grc' dir='ltr'>ἔνσαρκον</span> 
     </span>
    </p>
   </div>
   <div class='ocr_carea' id='block_1_69' title="bbox 291 3829 1860 3905">
    <p class='ocr_par' dir='ltr' id='par_1_69' title="bbox 291 3829 1860 3905">
     <span class='ocr_line' id='line_1_69' title="bbox 291 3829 1860 3905; baseline 0.004 -24"><span class='ocrx_word' id='word_1_566' title='bbox 291 3829 615 3900; x_wconf 78' lang='grc' dir='ltr'>παρουσίαν,</span> <span class='ocrx_word' id='word_1_567' title='bbox 645 3830 741 3883; x_wconf 74' lang='grc' dir='ltr'>καὶ</span> <span class='ocrx_word' id='word_1_568' title='bbox 765 3831 865 3903; x_wconf 80' lang='grc' dir='ltr'>τὴν</span> <span class='ocrx_word' id='word_1_569' title='bbox 894 3830 1086 3900; x_wconf 83' lang='grc' dir='ltr'>κλῆσιν</span> <span class='ocrx_word' id='word_1_570' title='bbox 1113 3832 1224 3885; x_wconf 84' lang='grc' dir='ltr'>τῶν</span> <span class='ocrx_word' id='word_1_571' title='bbox 1251 3831 1442 3887; x_wconf 83' lang='grc' dir='ltr'><strong>ὲθνῶν.</strong></span> <span class='ocrx_word' id='word_1_572' title='bbox 1475 3835 1584 3887; x_wconf 79' lang='grc' dir='ltr'><strong>Καὶ</strong></span> <span class='ocrx_word' id='word_1_573' title='bbox 1605 3837 1634 3888; x_wconf 88' lang='lat'><strong>6</strong></span> <span class='ocrx_word' id='word_1_574' title='bbox 1670 3835 1768 3905; x_wconf 80' lang='grc' dir='ltr'><strong>μὲν</strong></span> <span class='ocrx_word' id='word_1_575' title='bbox 1799 3833 1860 3888; x_wconf 89' lang='grc' dir='ltr'><strong>ιε’</strong></span> 
     </span>
    </p>
   </div>
   <div class='ocr_carea' id='block_1_70' title="bbox 285 3918 1859 3995">
    <p class='ocr_par' dir='ltr' id='par_1_70' title="bbox 285 3918 1859 3995">
     <span class='ocr_line' id='line_1_70' title="bbox 285 3918 1859 3995; baseline 0.004 -23"><span class='ocrx_word' id='word_1_576' title='bbox 285 3918 558 3974; x_wconf 79' lang='grc' dir='ltr'>δείκνυσιν</span> <span class='ocrx_word' id='word_1_577' title='bbox 580 3920 746 3975; x_wconf 80' lang='grc' dir='ltr'>αὐτοῦ</span> <span class='ocrx_word' id='word_1_578' title='bbox 777 3922 877 3994; x_wconf 79' lang='grc' dir='ltr'>τὴν</span> <span class='ocrx_word' id='word_1_579' title='bbox 910 3923 974 3975; x_wconf 79' lang='grc' dir='ltr'>ἐκ</span> <span class='ocrx_word' id='word_1_580' title='bbox 997 3923 1206 3995; x_wconf 87' lang='grc' dir='ltr'><strong>νεκρῶν</strong></span> <span class='ocrx_word' id='word_1_581' title='bbox 1241 3925 1535 3978; x_wconf 83' lang='grc' dir='ltr'>ἀνάστασιν</span> <span class='ocrx_word' id='word_1_582' title='bbox 1555 3941 1569 3955; x_wconf 95' lang='grc'><strong>·</strong></span> <span class='ocrx_word' id='word_1_583' title='bbox 1603 3926 1632 3977; x_wconf 89' lang='lat'><strong>6</strong></span> <span class='ocrx_word' id='word_1_584' title='bbox 1675 3925 1733 3978; x_wconf 80' lang='grc' dir='ltr'>δὲ</span> <span class='ocrx_word' id='word_1_585' title='bbox 1772 3931 1859 3995; x_wconf 83' lang='grc' dir='ltr'><strong>κγ’</strong></span> 
     </span>
    </p>
   </div>
   <div class='ocr_carea' id='block_1_71' title="bbox 289 4012 1857 4087">
    <p class='ocr_par' dir='ltr' id='par_1_71' title="bbox 289 4012 1857 4087">
     <span class='ocr_line' id='line_1_71' title="bbox 289 4012 1857 4087; baseline 0.003 -22"><span class='ocrx_word' id='word_1_586' title='bbox 289 4013 382 4065; x_wconf 75' lang='grc' dir='ltr'>καὶ</span> <span class='ocrx_word' id='word_1_587' title='bbox 406 4018 503 4082; x_wconf 82' lang='grc' dir='ltr'><strong>μς⁹</strong></span> <span class='ocrx_word' id='word_1_588' title='bbox 531 4012 936 4082; x_wconf 84' lang='grc' dir='ltr'>ἀπαγγέλλουσι</span> <span class='ocrx_word' id='word_1_589' title='bbox 957 4014 1055 4086; x_wconf 82' lang='grc' dir='ltr'>τὴν</span> <span class='ocrx_word' id='word_1_590' title='bbox 1075 4016 1155 4079; x_wconf 91' lang='grc' dir='ltr'><strong>είς</strong></span> <span class='ocrx_word' id='word_1_591' title='bbox 1171 4015 1431 4087; x_wconf 83' lang='grc' dir='ltr'>οὐρανοὺς</span> <span class='ocrx_word' id='word_1_592' title='bbox 1450 4014 1632 4069; x_wconf 79' lang='grc' dir='ltr'>ἄνοδον</span> <span class='ocrx_word' id='word_1_593' title='bbox 1657 4015 1821 4069; x_wconf 75' lang='grc' dir='ltr'>αὑτοῦ</span> <span class='ocrx_word' id='word_1_594' title='bbox 1841 4033 1857 4048; x_wconf 76' lang='grc' dir='ltr'><strong>ο</strong></span> 
     </span>
    </p>
   </div>
   <div class='ocr_carea' id='block_1_72' title="bbox 286 4101 1855 4177">
    <p class='ocr_par' dir='ltr' id='par_1_72' title="bbox 286 4101 1855 4177">
     <span class='ocr_line' id='line_1_72' title="bbox 286 4101 1855 4177; baseline 0.003 -23"><span class='ocrx_word' id='word_1_595' title='bbox 286 4101 377 4155; x_wconf 79' lang='grc' dir='ltr'>τὸν</span> <span class='ocrx_word' id='word_1_596' title='bbox 407 4101 464 4154; x_wconf 80' lang='grc' dir='ltr'>δὲ</span> <span class='ocrx_word' id='word_1_597' title='bbox 485 4101 594 4173; x_wconf 68' lang='grc' dir='ltr'><strong>ιιβν,</strong></span> <span class='ocrx_word' id='word_1_598' title='bbox 637 4103 732 4157; x_wconf 75' lang='grc' dir='ltr'>καὶ</span> <span class='ocrx_word' id='word_1_599' title='bbox 765 4101 864 4171; x_wconf 56' lang='lat' dir='ltr'><strong>ke&#39;,</strong></span> <span class='ocrx_word' id='word_1_600' title='bbox 907 4104 1001 4157; x_wconf 73' lang='grc' dir='ltr'>καὶ</span> <span class='ocrx_word' id='word_1_601' title='bbox 1033 4105 1136 4172; x_wconf 62' lang='grc' dir='ltr'><strong>ιιζν,</strong></span> <span class='ocrx_word' id='word_1_602' title='bbox 1181 4105 1274 4158; x_wconf 76' lang='grc' dir='ltr'><strong>καὶ</strong></span> <span class='ocrx_word' id='word_1_603' title='bbox 1321 4109 1408 4177; x_wconf 58' lang='grc' dir='ltr'><strong>ιιην</strong></span> <span class='ocrx_word' id='word_1_604' title='bbox 1447 4103 1855 4174; x_wconf 80' lang='grc' dir='ltr'>ἀναγινώσκων,</span> 
     </span>
    </p>
   </div>
   <div class='ocr_carea' id='block_1_73' title="bbox 287 4191 1858 4266">
    <p class='ocr_par' dir='ltr' id='par_1_73' title="bbox 287 4191 1858 4266">
     <span class='ocr_line' id='line_1_73' title="bbox 287 4191 1858 4266; baseline 0.003 -23"><span class='ocrx_word' id='word_1_605' title='bbox 287 4191 561 4264; x_wconf 83' lang='grc' dir='ltr'>θεωρῆσαι</span> <span class='ocrx_word' id='word_1_606' title='bbox 588 4192 790 4266; x_wconf 81' lang='grc' dir='ltr'>δυνήσῃ</span> <span class='ocrx_word' id='word_1_607' title='bbox 822 4195 921 4258; x_wconf 80' lang='grc' dir='ltr'><strong>τὰς</strong></span> <span class='ocrx_word' id='word_1_608' title='bbox 954 4195 1033 4258; x_wconf 90' lang='grc' dir='ltr'><strong>είς</strong></span> <span class='ocrx_word' id='word_1_609' title='bbox 1059 4195 1206 4264; x_wconf 76' lang='grc' dir='ltr'><strong>ἡμᾶς</strong></span> <span class='ocrx_word' id='word_1_610' title='bbox 1231 4195 1328 4249; x_wconf 76' lang='grc' dir='ltr'>τοῦ</span> <span class='ocrx_word' id='word_1_611' title='bbox 1358 4195 1607 4266; x_wconf 83' lang='grc' dir='ltr'>Σωτῆρος</span> <span class='ocrx_word' id='word_1_612' title='bbox 1631 4194 1720 4248; x_wconf 88' lang='grc' dir='ltr'><strong>διὰ</strong></span> <span class='ocrx_word' id='word_1_613' title='bbox 1748 4193 1858 4248; x_wconf 87' lang='grc' dir='ltr'>τῶν</span> 
     </span>
    </p>
   </div>
   <div class='ocr_carea' id='block_1_74' title="bbox 289 4283 1520 4358">
    <p class='ocr_par' dir='ltr' id='par_1_74' title="bbox 289 4283 1520 4358">
     <span class='ocr_line' id='line_1_74' title="bbox 289 4283 1520 4358; baseline 0.006 -23"><span class='ocrx_word' id='word_1_614' title='bbox 289 4284 630 4355; x_wconf 80' lang='grc' dir='ltr'>παθημάτων</span> <span class='ocrx_word' id='word_1_615' title='bbox 654 4283 816 4344; x_wconf 80' lang='grc' dir='ltr'>αὑτοῦ</span> <span class='ocrx_word' id='word_1_616' title='bbox 852 4286 1149 4356; x_wconf 86' lang='grc' dir='ltr'><strong>γενομένας</strong></span> <span class='ocrx_word' id='word_1_617' title='bbox 1182 4286 1520 4358; x_wconf 80' lang='grc' dir='ltr'><strong>εὐεργεσίας.</strong></span> 
     </span>
    </p>
   </div>
   <div class='ocr_carea' id='block_1_75' title="bbox 356 4377 1856 4453">
    <p class='ocr_par' dir='ltr' id='par_1_75' title="bbox 356 4377 1856 4453">
     <span class='ocr_line' id='line_1_75' title="bbox 356 4377 1856 4453; baseline 0.003 -22"><span class='ocrx_word' id='word_1_618' title='bbox 356 4378 460 4442; x_wconf 79' lang='grc' dir='ltr'><strong>κζ’.</strong></span> <span class='ocrx_word' id='word_1_619' title='bbox 492 4378 745 4442; x_wconf 82' lang='grc' dir='ltr'><strong>Τοιοῦτος</strong></span> <span class='ocrx_word' id='word_1_620' title='bbox 768 4379 864 4450; x_wconf 86' lang='grc' dir='ltr'><strong>μὲν</strong></span> <span class='ocrx_word' id='word_1_621' title='bbox 885 4377 978 4434; x_wconf 80' lang='grc' dir='ltr'><strong>οὖν</strong></span> <span class='ocrx_word' id='word_1_622' title='bbox 1003 4383 1119 4434; x_wconf 78' lang='grc' dir='ltr'>ἐστι</span> <span class='ocrx_word' id='word_1_623' title='bbox 1141 4381 1235 4434; x_wconf 72' lang='grc' dir='ltr'><strong>καὶ</strong></span> <span class='ocrx_word' id='word_1_624' title='bbox 1253 4383 1281 4434; x_wconf 91' lang='lat'><strong>6</strong></span> <span class='ocrx_word' id='word_1_625' title='bbox 1301 4381 1587 4453; x_wconf 82' lang='grc' dir='ltr'>χαρακτὴρ</span> <span class='ocrx_word' id='word_1_626' title='bbox 1607 4381 1686 4445; x_wconf 86' lang='grc' dir='ltr'>είς</span> <span class='ocrx_word' id='word_1_627' title='bbox 1713 4381 1856 4451; x_wconf 80' lang='grc' dir='ltr'><strong>ὠφέ-</strong></span> 
     </span>
    </p>
   </div>
   <div class='ocr_carea' id='block_1_76' title="bbox 1968 3194 3540 3266">
    <p class='ocr_par' dir='ltr' id='par_1_76' title="bbox 1968 3194 3540 3266">
     <span class='ocr_line' id='line_1_76' title="bbox 1968 3194 3540 3266; baseline 0.004 -20"><span class='ocrx_word' id='word_1_628' title='bbox 1968 3206 2130 3247; x_wconf 90' lang='lat' dir='ltr'><strong>cruce</strong></span> <span class='ocrx_word' id='word_1_629' title='bbox 2167 3194 2555 3262; x_wconf 75' lang='lat' dir='ltr'><strong>prtenuntiant,</strong></span> <span class='ocrx_word' id='word_1_630' title='bbox 2597 3203 2832 3265; x_wconf 87' lang='lat' dir='ltr'><strong>quantas</strong></span> <span class='ocrx_word' id='word_1_631' title='bbox 2873 3210 2972 3266; x_wconf 87' lang='lat' dir='ltr'><strong>pro</strong></span> <span class='ocrx_word' id='word_1_632' title='bbox 3017 3194 3177 3252; x_wconf 89' lang='lat' dir='ltr'><strong>nobis</strong></span> <span class='ocrx_word' id='word_1_633' title='bbox 3219 3196 3540 3253; x_wconf 86' lang='lat' dir='ltr'><strong>sustinuerit</strong></span> 
     </span>
    </p>
   </div>
   <div class='ocr_carea' id='block_1_77' title="bbox 1966 3280 3539 3356">
    <p class='ocr_par' dir='ltr' id='par_1_77' title="bbox 1966 3280 3539 3356">
     <span class='ocr_line' id='line_1_77' title="bbox 1966 3280 3539 3356; baseline 0.004 -20"><span class='ocrx_word' id='word_1_634' title='bbox 1966 3280 2214 3346; x_wconf 90' lang='lat' dir='ltr'><strong>insidias,</strong></span> <span class='ocrx_word' id='word_1_635' title='bbox 2245 3292 2302 3338; x_wconf 91' lang='lat' dir='ltr'><strong>et</strong></span> <span class='ocrx_word' id='word_1_636' title='bbox 2321 3299 2486 3353; x_wconf 92' lang='lat' dir='ltr'><strong>quam</strong></span> <span class='ocrx_word' id='word_1_637' title='bbox 2519 3286 2687 3340; x_wconf 91' lang='lat' dir='ltr'><strong>multa</strong></span> <span class='ocrx_word' id='word_1_638' title='bbox 2708 3300 2906 3356; x_wconf 88' lang='lat' dir='ltr'><strong>passus</strong></span> <span class='ocrx_word' id='word_1_639' title='bbox 2935 3286 3038 3353; x_wconf 90' lang='lat' dir='ltr'><strong>sit;</strong></span> <span class='ocrx_word' id='word_1_640' title='bbox 3065 3296 3120 3342; x_wconf 89' lang='lat' dir='ltr'><strong>et</strong></span> <span class='ocrx_word' id='word_1_641' title='bbox 3151 3288 3450 3343; x_wconf 85' lang='lat' dir='ltr'><strong>secundum</strong></span> <span class='ocrx_word' id='word_1_642' title='bbox 3482 3298 3539 3344; x_wconf 87' lang='lat' dir='ltr'><strong>et</strong></span> 
     </span>
    </p>
   </div>
   <div class='ocr_carea' id='block_1_78' title="bbox 1967 3371 3537 3450">
    <p class='ocr_par' dir='ltr' id='par_1_78' title="bbox 1967 3371 3537 3450">
     <span class='ocr_line' id='line_1_78' title="bbox 1967 3371 3537 3450; baseline 0.006 -24"><span class='ocrx_word' id='word_1_643' title='bbox 1967 3371 2092 3436; x_wconf 82' lang='grc'><strong>108,</strong></span> <span class='ocrx_word' id='word_1_644' title='bbox 2119 3373 2422 3430; x_wconf 88' lang='lat' dir='ltr'><strong>indicantes</strong></span> <span class='ocrx_word' id='word_1_645' title='bbox 2453 3373 2765 3431; x_wconf 69' lang='lat' dir='ltr'><strong>Judzeorum</strong></span> <span class='ocrx_word' id='word_1_646' title='bbox 2800 3376 3026 3432; x_wconf 88' lang='lat' dir='ltr'><strong>insidias</strong></span> <span class='ocrx_word' id='word_1_647' title='bbox 3059 3378 3450 3450; x_wconf 74' lang='lat' dir='ltr'><strong>malitiamque,</strong></span> <span class='ocrx_word' id='word_1_648' title='bbox 3479 3388 3537 3435; x_wconf 80' lang='lat' dir='ltr'><strong>et</strong></span> 
     </span>
    </p>
   </div>
   <div class='ocr_carea' id='block_1_79' title="bbox 1963 3461 3532 3537">
    <p class='ocr_par' dir='ltr' id='par_1_79' title="bbox 1963 3461 3532 3537">
     <span class='ocr_line' id='line_1_79' title="bbox 1963 3461 3532 3537; baseline 0.005 -19"><span class='ocrx_word' id='word_1_649' title='bbox 1963 3461 2117 3520; x_wconf 72' lang='lat' dir='ltr'><strong>Iuda:</strong></span> <span class='ocrx_word' id='word_1_650' title='bbox 2156 3463 2428 3521; x_wconf 67' lang='lat' dir='ltr'><strong>lscariotaa</strong></span> <span class='ocrx_word' id='word_1_651' title='bbox 2468 3466 2870 3536; x_wconf 87' lang='lat' dir='ltr'><strong>proditionem;</strong></span> <span class='ocrx_word' id='word_1_652' title='bbox 2909 3477 2964 3524; x_wconf 91' lang='lat' dir='ltr'><strong>et</strong></span> <span class='ocrx_word' id='word_1_653' title='bbox 3002 3469 3322 3525; x_wconf 86' lang='lat' dir='ltr'><strong>vicesimum</strong></span> <span class='ocrx_word' id='word_1_654' title='bbox 3346 3509 3364 3537; x_wconf 94' lang='lat'><strong>,</strong></span> <span class='ocrx_word' id='word_1_655' title='bbox 3399 3471 3532 3528; x_wconf 78' lang='lat' dir='ltr'><strong>item</strong></span> 
     </span>
    </p>
   </div>
   <div class='ocr_carea' id='block_1_80' title="bbox 1963 3552 3535 3628">
    <p class='ocr_par' dir='ltr' id='par_1_80' title="bbox 1963 3552 3535 3628">
     <span class='ocr_line' id='line_1_80' title="bbox 1963 3552 3535 3628; baseline 0.005 -20"><span class='ocrx_word' id='word_1_656' title='bbox 1963 3552 2032 3608; x_wconf 85' lang='grc'><strong>49</strong></span> <span class='ocrx_word' id='word_1_657' title='bbox 2060 3563 2114 3609; x_wconf 88' lang='lat' dir='ltr'><strong>et</strong></span> <span class='ocrx_word' id='word_1_658' title='bbox 2142 3554 2242 3622; x_wconf 83' lang='grc'><strong>71,</strong></span> <span class='ocrx_word' id='word_1_659' title='bbox 2289 3555 2660 3626; x_wconf 87' lang='lat' dir='ltr'><strong>signiﬁcantes</strong></span> <span class='ocrx_word' id='word_1_660' title='bbox 2709 3571 2937 3628; x_wconf 82' lang='lat' dir='ltr'><strong>regnum</strong></span> <span class='ocrx_word' id='word_1_661' title='bbox 2988 3558 3110 3628; x_wconf 90' lang='lat' dir='ltr'><strong>ejus</strong></span> <span class='ocrx_word' id='word_1_662' title='bbox 3164 3569 3218 3615; x_wconf 90' lang='lat' dir='ltr'><strong>et</strong></span> <span class='ocrx_word' id='word_1_663' title='bbox 3253 3559 3535 3627; x_wconf 79' lang='lat' dir='ltr'><strong>iudicandi</strong></span> 
     </span>
    </p>
   </div>
   <div class='ocr_carea' id='block_1_81' title="bbox 1961 3643 3536 3714">
    <p class='ocr_par' dir='ltr' id='par_1_81' title="bbox 1961 3643 3536 3714">
     <span class='ocr_line' id='line_1_81' title="bbox 1961 3643 3536 3714; baseline 0.003 -16"><span class='ocrx_word' id='word_1_664' title='bbox 1961 3652 2309 3714; x_wconf 88' lang='lat' dir='ltr'><strong>potestatem,</strong></span> <span class='ocrx_word' id='word_1_665' title='bbox 2340 3659 2549 3699; x_wconf 89' lang='lat' dir='ltr'><strong>necnon</strong></span> <span class='ocrx_word' id='word_1_666' title='bbox 2599 3643 2900 3700; x_wconf 89' lang='lat' dir='ltr'><strong>secundum</strong></span> <span class='ocrx_word' id='word_1_667' title='bbox 2923 3645 3043 3714; x_wconf 89' lang='lat' dir='ltr'><strong>ejus</strong></span> <span class='ocrx_word' id='word_1_668' title='bbox 3069 3646 3125 3700; x_wconf 92' lang='lat' dir='ltr'><strong>in</strong></span> <span class='ocrx_word' id='word_1_669' title='bbox 3151 3659 3318 3704; x_wconf 83' lang='lat' dir='ltr'><strong>carne</strong></span> <span class='ocrx_word' id='word_1_670' title='bbox 3338 3645 3409 3701; x_wconf 87' lang='lat' dir='ltr'><strong>ad</strong></span> <span class='ocrx_word' id='word_1_671' title='bbox 3433 3661 3536 3702; x_wconf 86' lang='lat' dir='ltr'><strong>nos</strong></span> 
     </span>
    </p>
   </div>
   <div class='ocr_carea' id='block_1_82' title="bbox 1961 3733 3534 3807">
    <p class='ocr_par' dir='ltr' id='par_1_82' title="bbox 1961 3733 3534 3807">
     <span class='ocr_line' id='line_1_82' title="bbox 1961 3733 3534 3807; baseline 0.002 -18"><span class='ocrx_word' id='word_1_672' title='bbox 1961 3737 2250 3789; x_wconf 81' lang='lat' dir='ltr'><strong>adventum</strong></span> <span class='ocrx_word' id='word_1_673' title='bbox 2277 3773 2293 3799; x_wconf 96' lang='lat'><strong>,</strong></span> <span class='ocrx_word' id='word_1_674' title='bbox 2353 3742 2410 3789; x_wconf 90' lang='lat' dir='ltr'><strong>et</strong></span> <span class='ocrx_word' id='word_1_675' title='bbox 2464 3733 2800 3791; x_wconf 91' lang='lat' dir='ltr'><strong>vocationem</strong></span> <span class='ocrx_word' id='word_1_676' title='bbox 2846 3736 3110 3805; x_wconf 87' lang='lat' dir='ltr'><strong>gentium.</strong></span> <span class='ocrx_word' id='word_1_677' title='bbox 3173 3734 3242 3792; x_wconf 84' lang='lat' dir='ltr'><strong>Et</strong></span> <span class='ocrx_word' id='word_1_678' title='bbox 3289 3736 3534 3807; x_wconf 72' lang='lat' dir='ltr'><strong>decimus</strong></span> 
     </span>
    </p>
   </div>
   <div class='ocr_carea' id='block_1_83' title="bbox 1961 3826 3529 3898">
    <p class='ocr_par' dir='ltr' id='par_1_83' title="bbox 1961 3826 3529 3898">
     <span class='ocr_line' id='line_1_83' title="bbox 1961 3826 3529 3898; baseline 0.003 -17"><span class='ocrx_word' id='word_1_679' title='bbox 1961 3826 2188 3897; x_wconf 90' lang='lat' dir='ltr'><strong>quintus</strong></span> <span class='ocrx_word' id='word_1_680' title='bbox 2221 3826 2465 3883; x_wconf 84' lang='lat' dir='ltr'><strong>declarat</strong></span> <span class='ocrx_word' id='word_1_681' title='bbox 2512 3827 2632 3898; x_wconf 87' lang='lat' dir='ltr'><strong>ejus</strong></span> <span class='ocrx_word' id='word_1_682' title='bbox 2673 3841 2705 3882; x_wconf 88' lang='lat' dir='ltr'><strong>a</strong></span> <span class='ocrx_word' id='word_1_683' title='bbox 2754 3829 2988 3884; x_wconf 89' lang='lat' dir='ltr'><strong>mortuis</strong></span> <span class='ocrx_word' id='word_1_684' title='bbox 3023 3829 3478 3887; x_wconf 88' lang='lat' dir='ltr'><strong>resurrectionem</strong></span> <span class='ocrx_word' id='word_1_685' title='bbox 3513 3849 3529 3886; x_wconf 85' lang='lat'><strong>:</strong></span> 
     </span>
    </p>
   </div>
   <div class='ocr_carea' id='block_1_84' title="bbox 1961 3920 3532 3992">
    <p class='ocr_par' dir='ltr' id='par_1_84' title="bbox 1961 3920 3532 3992">
     <span class='ocr_line' id='line_1_84' title="bbox 1961 3920 3532 3992; baseline 0.003 -18"><span class='ocrx_word' id='word_1_686' title='bbox 1961 3920 2260 3976; x_wconf 81' lang='lat' dir='ltr'><strong>vicesimus</strong></span> <span class='ocrx_word' id='word_1_687' title='bbox 2285 3922 2480 3977; x_wconf 88' lang='lat' dir='ltr'><strong>tertius</strong></span> <span class='ocrx_word' id='word_1_688' title='bbox 2515 3929 2568 3975; x_wconf 90' lang='lat' dir='ltr'><strong>et</strong></span> <span class='ocrx_word' id='word_1_689' title='bbox 2611 3921 3060 3992; x_wconf 84' lang='lat' dir='ltr'><strong>quadragesimus</strong></span> <span class='ocrx_word' id='word_1_690' title='bbox 3105 3932 3292 3978; x_wconf 79' lang='lat' dir='ltr'><strong>sextus</strong></span> <span class='ocrx_word' id='word_1_691' title='bbox 3319 3939 3532 3979; x_wconf 77' lang='lat' dir='ltr'><strong>annun-</strong></span> 
     </span>
    </p>
   </div>
   <div class='ocr_carea' id='block_1_85' title="bbox 1961 4010 3530 4084">
    <p class='ocr_par' dir='ltr' id='par_1_85' title="bbox 1961 4010 3530 4084">
     <span class='ocr_line' id='line_1_85' title="bbox 1961 4010 3530 4084; baseline 0.001 -18"><span class='ocrx_word' id='word_1_692' title='bbox 1961 4011 2100 4066; x_wconf 89' lang='lat' dir='ltr'><strong>tiant</strong></span> <span class='ocrx_word' id='word_1_693' title='bbox 2130 4011 2250 4080; x_wconf 85' lang='lat' dir='ltr'><strong>ejus</strong></span> <span class='ocrx_word' id='word_1_694' title='bbox 2282 4011 2350 4066; x_wconf 92' lang='lat' dir='ltr'><strong>ad</strong></span> <span class='ocrx_word' id='word_1_695' title='bbox 2395 4011 2563 4066; x_wconf 65' lang='lat' dir='ltr'><strong>oculos</strong></span> <span class='ocrx_word' id='word_1_696' title='bbox 2589 4025 2900 4066; x_wconf 90' lang='lat' dir='ltr'><strong>ascensum.</strong></span> <span class='ocrx_word' id='word_1_697' title='bbox 2933 4010 3070 4066; x_wconf 91' lang='lat' dir='ltr'><strong>Cum</strong></span> <span class='ocrx_word' id='word_1_698' title='bbox 3113 4022 3292 4067; x_wconf 89' lang='lat' dir='ltr'><strong>autem</strong></span> <span class='ocrx_word' id='word_1_699' title='bbox 3333 4014 3530 4084; x_wconf 86' lang='lat' dir='ltr'><strong>legeris</strong></span> 
     </span>
    </p>
   </div>
   <div class='ocr_carea' id='block_1_86' title="bbox 1958 4100 3528 4173">
    <p class='ocr_par' dir='ltr' id='par_1_86' title="bbox 1958 4100 3528 4173">
     <span class='ocr_line' id='line_1_86' title="bbox 1958 4100 3528 4173; baseline 0.001 -17"><span class='ocrx_word' id='word_1_700' title='bbox 1958 4100 2368 4173; x_wconf 88' lang='lat' dir='ltr'><strong>nonagesimum</strong></span> <span class='ocrx_word' id='word_1_701' title='bbox 2385 4100 2703 4165; x_wconf 83' lang='lat' dir='ltr'><strong>secundum,</strong></span> <span class='ocrx_word' id='word_1_702' title='bbox 2718 4110 2772 4155; x_wconf 94' lang='lat' dir='ltr'><strong>et</strong></span> <span class='ocrx_word' id='word_1_703' title='bbox 2792 4100 2882 4166; x_wconf 83' lang='lat'><strong>95,</strong></span> <span class='ocrx_word' id='word_1_704' title='bbox 2899 4112 2953 4156; x_wconf 91' lang='lat' dir='ltr'><strong>et</strong></span> <span class='ocrx_word' id='word_1_705' title='bbox 2967 4101 3056 4170; x_wconf 87' lang='lat'><strong>97,</strong></span> <span class='ocrx_word' id='word_1_706' title='bbox 3077 4111 3132 4157; x_wconf 90' lang='lat' dir='ltr'><strong>et</strong></span> <span class='ocrx_word' id='word_1_707' title='bbox 3155 4101 3247 4170; x_wconf 89' lang='lat'><strong>98,</strong></span> <span class='ocrx_word' id='word_1_708' title='bbox 3269 4102 3528 4158; x_wconf 86' lang='lat' dir='ltr'><strong>beneﬁcia</strong></span> 
     </span>
    </p>
   </div>
   <div class='ocr_carea' id='block_1_87' title="bbox 1960 4192 3528 4264">
    <p class='ocr_par' dir='ltr' id='par_1_87' title="bbox 1960 4192 3528 4264">
     <span class='ocr_line' id='line_1_87' title="bbox 1960 4192 3528 4264; baseline 0.001 -16"><span class='ocrx_word' id='word_1_709' title='bbox 1960 4193 2260 4248; x_wconf 88' lang='lat' dir='ltr'><strong>Salvatoris</strong></span> <span class='ocrx_word' id='word_1_710' title='bbox 2293 4207 2390 4264; x_wconf 90' lang='lat' dir='ltr'><strong>per</strong></span> <span class='ocrx_word' id='word_1_711' title='bbox 2427 4192 2704 4250; x_wconf 84' lang='lat' dir='ltr'><strong>cruciatus</strong></span> <span class='ocrx_word' id='word_1_712' title='bbox 2728 4193 2847 4264; x_wconf 90' lang='lat' dir='ltr'><strong>ejus</strong></span> <span class='ocrx_word' id='word_1_713' title='bbox 2893 4193 3052 4249; x_wconf 91' lang='lat' dir='ltr'><strong>nobis</strong></span> <span class='ocrx_word' id='word_1_714' title='bbox 3087 4193 3283 4249; x_wconf 89' lang='lat' dir='ltr'><strong>collata</strong></span> <span class='ocrx_word' id='word_1_715' title='bbox 3324 4195 3528 4264; x_wconf 88' lang='lat' dir='ltr'><strong>poteris</strong></span> 
     </span>
    </p>
   </div>
   <div class='ocr_carea' id='block_1_88' title="bbox 1957 4283 2334 4352">
    <p class='ocr_par' dir='ltr' id='par_1_88' title="bbox 1957 4283 2334 4352">
     <span class='ocr_line' id='line_1_88' title="bbox 1957 4283 2334 4352; baseline -0.008 -13"><span class='ocrx_word' id='word_1_716' title='bbox 1957 4283 2334 4352; x_wconf 90' lang='lat' dir='ltr'><strong>contemplari.</strong></span> 
     </span>
    </p>
   </div>
   <div class='ocr_carea' id='block_1_89' title="bbox 2023 4371 3525 4432">
    <p class='ocr_par' dir='ltr' id='par_1_89' title="bbox 2023 4371 3525 4432">
     <span class='ocr_line' id='line_1_89' title="bbox 2023 4371 3525 4432; baseline -0.004 0"><span class='ocrx_word' id='word_1_717' title='bbox 2023 4378 2113 4432; x_wconf 74' lang='lat'><strong>27.</strong></span> <span class='ocrx_word' id='word_1_718' title='bbox 2170 4376 2318 4432; x_wconf 89' lang='lat' dir='ltr'><strong>Talis</strong></span> <span class='ocrx_word' id='word_1_719' title='bbox 2340 4384 2424 4432; x_wconf 90' lang='lat' dir='ltr'><strong>est</strong></span> <span class='ocrx_word' id='word_1_720' title='bbox 2459 4376 2743 4432; x_wconf 88' lang='lat' dir='ltr'><strong>character</strong></span> <span class='ocrx_word' id='word_1_721' title='bbox 2774 4374 2898 4430; x_wconf 91' lang='lat' dir='ltr'><strong>libri</strong></span> <span class='ocrx_word' id='word_1_722' title='bbox 2940 4371 3284 4428; x_wconf 91' lang='lat' dir='ltr'><strong>Psalmorum</strong></span> <span class='ocrx_word' id='word_1_723' title='bbox 3325 4373 3393 4427; x_wconf 89' lang='lat' dir='ltr'><strong>ad</strong></span> <span class='ocrx_word' id='word_1_724' title='bbox 3425 4373 3525 4426; x_wconf 90' lang='lat' dir='ltr'><strong>ho-</strong></span> 
     </span>
    </p>
   </div>
   <div class='ocr_carea' id='block_1_90' title="bbox 286 4465 1868 4557">
    <p class='ocr_par' dir='ltr' id='par_1_90' title="bbox 286 4469 1850 4543">
     <span class='ocr_line' id='line_1_90' title="bbox 286 4469 1850 4543; baseline 0.002 -21"><span class='ocrx_word' id='word_1_725' title='bbox 286 4469 433 4523; x_wconf 88' lang='grc' dir='ltr'><strong>λειαν</strong></span> <span class='ocrx_word' id='word_1_726' title='bbox 466 4473 580 4534; x_wconf 80' lang='grc' dir='ltr'>τοῖς</span> <span class='ocrx_word' id='word_1_727' title='bbox 613 4469 917 4542; x_wconf 82' lang='grc' dir='ltr'>ἀνθρώποις</span> <span class='ocrx_word' id='word_1_728' title='bbox 965 4474 1029 4525; x_wconf 84' lang='grc' dir='ltr'>ὲκ</span> <span class='ocrx_word' id='word_1_729' title='bbox 1076 4472 1175 4542; x_wconf 81' lang='grc' dir='ltr'><strong>τῆς</strong></span> <span class='ocrx_word' id='word_1_730' title='bbox 1217 4471 1398 4542; x_wconf 76' lang='grc' dir='ltr'><strong>βίϐλου</strong></span> <span class='ocrx_word' id='word_1_731' title='bbox 1444 4471 1553 4525; x_wconf 83' lang='grc' dir='ltr'>τῶν</span> <span class='ocrx_word' id='word_1_732' title='bbox 1585 4471 1850 4543; x_wconf 83' lang='grc' dir='ltr'>Ψαλμῶν,</span> 
     </span>
    </p>
   </div>
   <div class='ocr_carea' id='block_1_91' title="bbox 1972 4465 3522 4557">
    <p class='ocr_par' dir='ltr' id='par_1_91' title="bbox 1972 4465 3522 4534">
     <span class='ocr_line' id='line_1_91' title="bbox 1972 4465 3522 4534; baseline -0.005 -8"><span class='ocrx_word' id='word_1_733' title='bbox 1972 4471 2164 4526; x_wconf 67' lang='lat' dir='ltr'><strong>uinum</strong></span> <span class='ocrx_word' id='word_1_734' title='bbox 2215 4470 2500 4524; x_wconf 89' lang='lat' dir='ltr'><strong>utilitatem</strong></span> <span class='ocrx_word' id='word_1_735' title='bbox 2569 4467 3047 4532; x_wconf 88' lang='lat' dir='ltr'><strong>accommodatus;</strong></span> <span class='ocrx_word' id='word_1_736' title='bbox 3103 4479 3243 4534; x_wconf 91' lang='lat' dir='ltr'><strong>quos</strong></span> <span class='ocrx_word' id='word_1_737' title='bbox 3301 4465 3522 4534; x_wconf 88' lang='lat' dir='ltr'><strong>quidem</strong></span> 
     </span>
    </p>
   </div>
   <div class='ocr_carea' id='block_1_92' title="bbox 293 4556 1868 4636">
    <p class='ocr_par' dir='ltr' id='par_1_92' title="bbox 293 4563 1851 4636">
     <span class='ocr_line' id='line_1_92' title="bbox 293 4563 1851 4636; baseline 0 -17"><span class='ocrx_word' id='word_1_738' title='bbox 293 4563 516 4634; x_wconf 67' lang='grc' dir='ltr'>ὶχοὺσης</span> <span class='ocrx_word' id='word_1_739' title='bbox 537 4564 705 4636; x_wconf 75' lang='grc' dir='ltr'>αὐτῆς</span> <span class='ocrx_word' id='word_1_740' title='bbox 743 4564 906 4628; x_wconf 81' lang='grc' dir='ltr'>ίδίους</span> <span class='ocrx_word' id='word_1_741' title='bbox 935 4564 1202 4636; x_wconf 79' lang='grc' dir='ltr'><strong>ψαλμοὺς,</strong></span> <span class='ocrx_word' id='word_1_742' title='bbox 1225 4565 1318 4618; x_wconf 73' lang='grc' dir='ltr'>καὶ</span> <span class='ocrx_word' id='word_1_743' title='bbox 1343 4567 1400 4617; x_wconf 83' lang='grc' dir='ltr'>ὲν</span> <span class='ocrx_word' id='word_1_744' title='bbox 1419 4566 1533 4628; x_wconf 86' lang='grc' dir='ltr'>τοῖς</span> <span class='ocrx_word' id='word_1_745' title='bbox 1560 4565 1764 4629; x_wconf 85' lang='grc' dir='ltr'><strong>λοιποῖς</strong></span> <span class='ocrx_word' id='word_1_746' title='bbox 1795 4565 1851 4618; x_wconf 83' lang='grc' dir='ltr'>δὲ</span> 
     </span>
    </p>
   </div>
   <div class='ocr_carea' id='block_1_93' title="bbox 1972 4556 3522 4636">
    <p class='ocr_par' dir='ltr' id='par_1_93' title="bbox 1972 4556 3522 4633">
     <span class='ocr_line' id='line_1_93' title="bbox 1972 4556 3522 4633; baseline -0.006 -15"><span class='ocrx_word' id='word_1_747' title='bbox 1972 4563 2197 4633; x_wconf 67' lang='lat' dir='ltr'><strong>psalmos</strong></span> <span class='ocrx_word' id='word_1_748' title='bbox 2239 4562 2378 4616; x_wconf 86' lang='lat' dir='ltr'><strong>alios</strong></span> <span class='ocrx_word' id='word_1_749' title='bbox 2405 4563 2471 4616; x_wconf 91' lang='lat' dir='ltr'><strong>ad</strong></span> <span class='ocrx_word' id='word_1_750' title='bbox 2501 4559 2932 4616; x_wconf 88' lang='lat' dir='ltr'><strong>emendationem</strong></span> <span class='ocrx_word' id='word_1_751' title='bbox 2982 4565 3226 4610; x_wconf 92' lang='lat' dir='ltr'><strong>motuum</strong></span> <span class='ocrx_word' id='word_1_752' title='bbox 3277 4556 3522 4626; x_wconf 89' lang='lat' dir='ltr'><strong>singula—</strong></span> 
     </span>
    </p>
   </div>
   <div class='ocr_carea' id='block_1_94' title="bbox 291 4653 1852 4726">
    <p class='ocr_par' dir='ltr' id='par_1_94' title="bbox 291 4653 1852 4726">
     <span class='ocr_line' id='line_1_94' title="bbox 291 4653 1852 4726; baseline 0 -20"><span class='ocrx_word' id='word_1_753' title='bbox 291 4655 410 4725; x_wconf 75' lang='grc' dir='ltr'><strong>περὶ</strong></span> <span class='ocrx_word' id='word_1_754' title='bbox 434 4655 533 4725; x_wconf 83' lang='grc' dir='ltr'><strong>τῆς</strong></span> <span class='ocrx_word' id='word_1_755' title='bbox 561 4658 618 4707; x_wconf 84' lang='grc' dir='ltr'>ὲν</span> <span class='ocrx_word' id='word_1_756' title='bbox 652 4654 861 4725; x_wconf 85' lang='grc' dir='ltr'>σώματι</span> <span class='ocrx_word' id='word_1_757' title='bbox 887 4654 1188 4726; x_wconf 86' lang='grc' dir='ltr'>παρουσίας</span> <span class='ocrx_word' id='word_1_758' title='bbox 1214 4654 1307 4706; x_wconf 81' lang='grc' dir='ltr'><strong>τοῦ</strong></span> <span class='ocrx_word' id='word_1_759' title='bbox 1330 4654 1536 4726; x_wconf 84' lang='grc' dir='ltr'>Κυρίου</span> <span class='ocrx_word' id='word_1_760' title='bbox 1562 4657 1594 4724; x_wconf 85' lang='grc' dir='ltr'>ή</span> <span class='ocrx_word' id='word_1_761' title='bbox 1605 4653 1720 4723; x_wconf 83' lang='grc' dir='ltr'><strong>μῶν</strong></span> <span class='ocrx_word' id='word_1_762' title='bbox 1757 4654 1852 4708; x_wconf 75' lang='grc' dir='ltr'>καὶ</span> 
     </span>
    </p>
   </div>
   <div class='ocr_carea' id='block_1_95' title="bbox 289 4743 1850 4818">
    <p class='ocr_par' dir='ltr' id='par_1_95' title="bbox 289 4743 1850 4818">
     <span class='ocr_line' id='line_1_95' title="bbox 289 4743 1850 4818; baseline -0.002 -19"><span class='ocrx_word' id='word_1_763' title='bbox 289 4744 533 4818; x_wconf 62' lang='grc' dir='ltr'>Σωτῆρος</span> <span class='ocrx_word' id='word_1_764' title='bbox 557 4746 730 4816; x_wconf 90' lang='grc' dir='ltr'><strong>Ἰησοῦ</strong></span> <span class='ocrx_word' id='word_1_765' title='bbox 761 4745 994 4816; x_wconf 71' lang='grc' dir='ltr'>Χριστοῦ</span> <span class='ocrx_word' id='word_1_766' title='bbox 1021 4745 1354 4815; x_wconf 85' lang='grc' dir='ltr'>πυκνοτέρας</span> <span class='ocrx_word' id='word_1_767' title='bbox 1373 4744 1469 4808; x_wconf 84' lang='grc' dir='ltr'><strong>τὰς</strong></span> <span class='ocrx_word' id='word_1_768' title='bbox 1495 4743 1850 4816; x_wconf 71' lang='grc' dir='ltr'>προφητείας,</span> 
     </span>
    </p>
   </div>
   <div class='ocr_carea' id='block_1_96' title="bbox 287 4834 1854 4910">
    <p class='ocr_par' dir='ltr' id='par_1_96' title="bbox 287 4834 1854 4910">
     <span class='ocr_line' id='line_1_96' title="bbox 287 4834 1854 4910; baseline -0.003 -18"><span class='ocrx_word' id='word_1_769' title='bbox 287 4839 422 4892; x_wconf 84' lang='grc' dir='ltr'><strong>καθά</strong></span> <span class='ocrx_word' id='word_1_770' title='bbox 457 4842 738 4910; x_wconf 85' lang='grc' dir='ltr'>προεῖπον.</span> <span class='ocrx_word' id='word_1_771' title='bbox 769 4838 868 4891; x_wconf 89' lang='grc' dir='ltr'><strong>Διὰ</strong></span> <span class='ocrx_word' id='word_1_772' title='bbox 892 4837 943 4891; x_wconf 83' lang='grc' dir='ltr'><strong>τί</strong></span> <span class='ocrx_word' id='word_1_773' title='bbox 969 4837 1025 4891; x_wconf 85' lang='grc' dir='ltr'>δὲ</span> <span class='ocrx_word' id='word_1_774' title='bbox 1057 4837 1193 4908; x_wconf 80' lang='grc' dir='ltr'>μετὰ</span> <span class='ocrx_word' id='word_1_775' title='bbox 1214 4836 1404 4907; x_wconf 87' lang='grc' dir='ltr'><strong>μέλους</strong></span> <span class='ocrx_word' id='word_1_776' title='bbox 1432 4836 1525 4890; x_wconf 72' lang='grc' dir='ltr'>καὶ</span> <span class='ocrx_word' id='word_1_777' title='bbox 1557 4835 1699 4906; x_wconf 82' lang='grc' dir='ltr'>ᾠδῆς</span> <span class='ocrx_word' id='word_1_778' title='bbox 1717 4834 1854 4904; x_wconf 76' lang='grc' dir='ltr'>ψάλ-</span> 
     </span>
    </p>
   </div>
   <div class='ocr_carea' id='block_1_97' title="bbox 285 4926 1853 4999">
    <p class='ocr_par' dir='ltr' id='par_1_97' title="bbox 285 4926 1853 4999">
     <span class='ocr_line' id='line_1_97' title="bbox 285 4926 1853 4999; baseline -0.001 -18"><span class='ocrx_word' id='word_1_779' title='bbox 285 4929 462 4984; x_wconf 72' lang='grc' dir='ltr'><strong>λοπαι</strong></span> <span class='ocrx_word' id='word_1_780' title='bbox 486 4932 538 4984; x_wconf 89' lang='grc' dir='ltr'><strong>οἱ</strong></span> <span class='ocrx_word' id='word_1_781' title='bbox 567 4930 798 4984; x_wconf 83' lang='grc' dir='ltr'><strong>τοιοῦτοι</strong></span> <span class='ocrx_word' id='word_1_782' title='bbox 829 4929 998 4998; x_wconf 92' lang='grc' dir='ltr'><strong>λόγοι,</strong></span> <span class='ocrx_word' id='word_1_783' title='bbox 1030 4929 1323 4997; x_wconf 84' lang='grc' dir='ltr'>ἀναγκαῖον</span> <span class='ocrx_word' id='word_1_784' title='bbox 1351 4927 1482 4999; x_wconf 82' lang='grc' dir='ltr'>μηδὲ</span> <span class='ocrx_word' id='word_1_785' title='bbox 1520 4926 1676 4980; x_wconf 79' lang='grc' dir='ltr'>τοῦτο</span> <span class='ocrx_word' id='word_1_786' title='bbox 1713 4943 1853 4997; x_wconf 84' lang='grc' dir='ltr'>παρ-</span> 
     </span>
    </p>
   </div>
   <div class='ocr_carea' id='block_1_98' title="bbox 287 5019 1853 5093">
    <p class='ocr_par' dir='ltr' id='par_1_98' title="bbox 287 5019 1853 5093">
     <span class='ocr_line' id='line_1_98' title="bbox 287 5019 1853 5093; baseline -0.002 -20"><span class='ocrx_word' id='word_1_787' title='bbox 287 5022 474 5078; x_wconf 86' lang='grc' dir='ltr'><strong>ελθεῖν.</strong></span> <span class='ocrx_word' id='word_1_788' title='bbox 505 5023 666 5086; x_wconf 83' lang='grc' dir='ltr'><strong>Τινὲς</strong></span> <span class='ocrx_word' id='word_1_789' title='bbox 695 5023 793 5093; x_wconf 80' lang='grc' dir='ltr'>μὲν</span> <span class='ocrx_word' id='word_1_790' title='bbox 827 5022 934 5092; x_wconf 83' lang='grc' dir='ltr'><strong>γὰρ</strong></span> <span class='ocrx_word' id='word_1_791' title='bbox 960 5020 1066 5074; x_wconf 82' lang='grc' dir='ltr'><strong>τῶν</strong></span> <span class='ocrx_word' id='word_1_792' title='bbox 1099 5023 1230 5091; x_wconf 78' lang='grc' dir='ltr'>παρ’</span> <span class='ocrx_word' id='word_1_793' title='bbox 1261 5022 1390 5090; x_wconf 82' lang='grc' dir='ltr'>ἡμῖν</span> <span class='ocrx_word' id='word_1_794' title='bbox 1417 5020 1710 5091; x_wconf 85' lang='grc' dir='ltr'>ἀκεραίων,</span> <span class='ocrx_word' id='word_1_795' title='bbox 1729 5019 1853 5071; x_wconf 79' lang='grc' dir='ltr'>καίο</span> 
     </span>
    </p>
   </div>
   <div class='ocr_carea' id='block_1_99' title="bbox 286 5107 1852 5181">
    <p class='ocr_par' dir='ltr' id='par_1_99' title="bbox 286 5107 1852 5181">
     <span class='ocr_line' id='line_1_99' title="bbox 286 5107 1852 5181; baseline -0.001 -17"><span class='ocrx_word' id='word_1_796' title='bbox 286 5129 362 5165; x_wconf 85' lang='grc' dir='ltr'>τοι</span> <span class='ocrx_word' id='word_1_797' title='bbox 395 5112 764 5166; x_wconf 86' lang='grc' dir='ltr'>πιστευόντων</span> <span class='ocrx_word' id='word_1_798' title='bbox 786 5107 924 5164; x_wconf 75' lang='grc' dir='ltr'>εἶναι</span> <span class='ocrx_word' id='word_1_799' title='bbox 956 5109 1286 5164; x_wconf 87' lang='grc' dir='ltr'>θεόπνευστα</span> <span class='ocrx_word' id='word_1_800' title='bbox 1311 5109 1379 5162; x_wconf 77' lang='grc' dir='ltr'><strong>τά</strong></span> <span class='ocrx_word' id='word_1_801' title='bbox 1405 5111 1470 5181; x_wconf 81' lang='grc' dir='ltr'><strong>ρή</strong></span> <span class='ocrx_word' id='word_1_802' title='bbox 1481 5127 1626 5181; x_wconf 87' lang='grc' dir='ltr'>ματα</span> <span class='ocrx_word' id='word_1_803' title='bbox 1645 5149 1660 5174; x_wconf 94' lang='grc'>,</span> <span class='ocrx_word' id='word_1_804' title='bbox 1702 5111 1852 5180; x_wconf 86' lang='grc' dir='ltr'>ὅμως</span> 
     </span>
    </p>
   </div>
   <div class='ocr_carea' id='block_1_100' title="bbox 287 5200 1849 5273">
    <p class='ocr_par' dir='ltr' id='par_1_100' title="bbox 287 5200 1849 5273">
     <span class='ocr_line' id='line_1_100' title="bbox 287 5200 1849 5273; baseline -0.003 -17"><span class='ocrx_word' id='word_1_805' title='bbox 287 5205 556 5273; x_wconf 78' lang='grc' dir='ltr'>νομίζουσι</span> <span class='ocrx_word' id='word_1_806' title='bbox 601 5203 690 5256; x_wconf 74' lang='grc' dir='ltr'>διὰ</span> <span class='ocrx_word' id='word_1_807' title='bbox 722 5203 784 5254; x_wconf 84' lang='grc' dir='ltr'><strong>τὸ</strong></span> <span class='ocrx_word' id='word_1_808' title='bbox 812 5201 1048 5271; x_wconf 74' lang='grc' dir='ltr'>εὔφωνον</span> <span class='ocrx_word' id='word_1_809' title='bbox 1100 5203 1194 5255; x_wconf 77' lang='grc' dir='ltr'>καὶ</span> <span class='ocrx_word' id='word_1_810' title='bbox 1221 5201 1464 5273; x_wconf 77' lang='grc' dir='ltr'>τέρψεως</span> <span class='ocrx_word' id='word_1_811' title='bbox 1517 5200 1702 5254; x_wconf 80' lang='grc' dir='ltr'>ἓνεκεν</span> <span class='ocrx_word' id='word_1_812' title='bbox 1752 5201 1849 5270; x_wconf 88' lang='grc' dir='ltr'><strong>τῆς</strong></span> 
     </span>
    </p>
   </div>
   <div class='ocr_carea' id='block_1_101' title="bbox 285 5290 1847 5368">
    <p class='ocr_par' dir='ltr' id='par_1_101' title="bbox 285 5290 1847 5368">
     <span class='ocr_line' id='line_1_101' title="bbox 285 5290 1847 5368; baseline -0.003 -20"><span class='ocrx_word' id='word_1_813' title='bbox 285 5295 444 5366; x_wconf 83' lang='grc' dir='ltr'>ἀκοῆς</span> <span class='ocrx_word' id='word_1_814' title='bbox 473 5295 831 5368; x_wconf 84' lang='grc' dir='ltr'>μελῳδεῖσθαι</span> <span class='ocrx_word' id='word_1_815' title='bbox 855 5295 980 5355; x_wconf 81' lang='grc' dir='ltr'>τοὺς</span> <span class='ocrx_word' id='word_1_816' title='bbox 1007 5293 1272 5363; x_wconf 81' lang='grc' dir='ltr'>ψαλμούς.</span> <span class='ocrx_word' id='word_1_817' title='bbox 1301 5293 1413 5346; x_wconf 80' lang='grc' dir='ltr'>Οὐκ</span> <span class='ocrx_word' id='word_1_818' title='bbox 1438 5291 1628 5346; x_wconf 84' lang='grc' dir='ltr'>ἔστιδὲ</span> <span class='ocrx_word' id='word_1_819' title='bbox 1648 5290 1847 5353; x_wconf 69' lang='grc' dir='ltr'><strong>οὕτως⁹</strong></span> 
     </span>
    </p>
   </div>
   <div class='ocr_carea' id='block_1_102' title="bbox 285 5385 1850 5462">
    <p class='ocr_par' dir='ltr' id='par_1_102' title="bbox 285 5385 1850 5462">
     <span class='ocr_line' id='line_1_102' title="bbox 285 5385 1850 5462; baseline -0.002 -22"><span class='ocrx_word' id='word_1_820' title='bbox 285 5388 340 5440; x_wconf 74' lang='grc' dir='ltr'>οὐ</span> <span class='ocrx_word' id='word_1_821' title='bbox 364 5389 467 5462; x_wconf 80' lang='grc' dir='ltr'><strong>γὰρ</strong></span> <span class='ocrx_word' id='word_1_822' title='bbox 493 5390 554 5443; x_wconf 85' lang='grc' dir='ltr'><strong>τὸ</strong></span> <span class='ocrx_word' id='word_1_823' title='bbox 583 5391 684 5461; x_wconf 77' lang='grc' dir='ltr'>ἡδὺ</span> <span class='ocrx_word' id='word_1_824' title='bbox 716 5389 813 5441; x_wconf 78' lang='grc' dir='ltr'>καὶ</span> <span class='ocrx_word' id='word_1_825' title='bbox 842 5385 1063 5440; x_wconf 84' lang='grc' dir='ltr'>πιθανὸν</span> <span class='ocrx_word' id='word_1_826' title='bbox 1094 5385 1408 5459; x_wconf 80' lang='grc' dir='ltr'>ὲζήτησενὴ</span> <span class='ocrx_word' id='word_1_827' title='bbox 1441 5387 1628 5457; x_wconf 84' lang='grc' dir='ltr'>Γραφή</span> <span class='ocrx_word' id='word_1_828' title='bbox 1649 5401 1663 5416; x_wconf 77' lang='grc' dir='ltr'><strong><em>ο</em></strong></span> <span class='ocrx_word' id='word_1_829' title='bbox 1716 5385 1850 5438; x_wconf 88' lang='grc' dir='ltr'><strong>ἀλλά</strong></span> 
     </span>
    </p>
   </div>
   <div class='ocr_carea' id='block_1_103' title="bbox 285 5477 1852 5553">
    <p class='ocr_par' dir='ltr' id='par_1_103' title="bbox 285 5477 1852 5553">
     <span class='ocr_line' id='line_1_103' title="bbox 285 5477 1852 5553; baseline -0.002 -20"><span class='ocrx_word' id='word_1_830' title='bbox 285 5482 369 5534; x_wconf 78' lang='grc' dir='ltr'><strong>καὶ</strong></span> <span class='ocrx_word' id='word_1_831' title='bbox 392 5482 546 5538; x_wconf 83' lang='grc' dir='ltr'>τοῦτο</span> <span class='ocrx_word' id='word_1_832' title='bbox 577 5481 855 5553; x_wconf 79' lang='grc' dir='ltr'>ὠφελείας</span> <span class='ocrx_word' id='word_1_833' title='bbox 878 5479 1062 5532; x_wconf 75' lang='grc' dir='ltr'>ἕνεκεν</span> <span class='ocrx_word' id='word_1_834' title='bbox 1086 5479 1184 5550; x_wconf 82' lang='grc' dir='ltr'><strong>τῆς</strong></span> <span class='ocrx_word' id='word_1_835' title='bbox 1212 5479 1387 5550; x_wconf 74' lang='grc' dir='ltr'>ψυχῆς</span> <span class='ocrx_word' id='word_1_836' title='bbox 1432 5477 1739 5532; x_wconf 82' lang='grc' dir='ltr'>τετύπωται</span> <span class='ocrx_word' id='word_1_837' title='bbox 1763 5477 1852 5531; x_wconf 81' lang='grc' dir='ltr'><strong>διά</strong></span> 
     </span>
    </p>
   </div>
   <div class='ocr_carea' id='block_1_104' title="bbox 282 5569 1847 5649">
    <p class='ocr_par' dir='ltr' id='par_1_104' title="bbox 282 5569 1847 5649">
     <span class='ocr_line' id='line_1_104' title="bbox 282 5569 1847 5649; baseline -0.003 -23"><span class='ocrx_word' id='word_1_838' title='bbox 282 5575 445 5646; x_wconf 74' lang='grc' dir='ltr'>πάντα</span> <span class='ocrx_word' id='word_1_839' title='bbox 477 5577 603 5649; x_wconf 84' lang='grc' dir='ltr'><strong>μὲν,</strong></span> <span class='ocrx_word' id='word_1_840' title='bbox 638 5574 884 5647; x_wconf 87' lang='grc' dir='ltr'>μάλιστα</span> <span class='ocrx_word' id='word_1_841' title='bbox 912 5571 966 5623; x_wconf 80' lang='grc' dir='ltr'>δὲ</span> <span class='ocrx_word' id='word_1_842' title='bbox 994 5571 1079 5625; x_wconf 81' lang='grc' dir='ltr'><strong>διὰ</strong></span> <span class='ocrx_word' id='word_1_843' title='bbox 1111 5571 1204 5625; x_wconf 83' lang='grc' dir='ltr'>δύο</span> <span class='ocrx_word' id='word_1_844' title='bbox 1233 5570 1402 5623; x_wconf 80' lang='grc' dir='ltr'>ταῦτα</span> <span class='ocrx_word' id='word_1_845' title='bbox 1422 5587 1434 5600; x_wconf 72' lang='grc' dir='ltr'><strong>ο</strong></span> <span class='ocrx_word' id='word_1_846' title='bbox 1479 5569 1695 5641; x_wconf 83' lang='grc' dir='ltr'>πρῶτον</span> <span class='ocrx_word' id='word_1_847' title='bbox 1728 5569 1847 5639; x_wconf 89' lang='grc' dir='ltr'>μὲν,</span> 
     </span>
    </p>
   </div>
   <div class='ocr_carea' id='block_1_105' title="bbox 275 5662 1846 5743">
    <p class='ocr_par' dir='ltr' id='par_1_105' title="bbox 275 5662 1846 5743">
     <span class='ocr_line' id='line_1_105' title="bbox 275 5662 1846 5743; baseline -0.006 -22"><span class='ocrx_word' id='word_1_848' title='bbox 275 5670 348 5723; x_wconf 80' lang='grc' dir='ltr'>ὅτι</span> <span class='ocrx_word' id='word_1_849' title='bbox 378 5671 584 5743; x_wconf 74' lang='grc' dir='ltr'>ἔπρεπε</span> <span class='ocrx_word' id='word_1_850' title='bbox 611 5671 719 5741; x_wconf 79' lang='grc' dir='ltr'>τὴν</span> <span class='ocrx_word' id='word_1_851' title='bbox 753 5665 910 5719; x_wconf 82' lang='grc' dir='ltr'>θείαν</span> <span class='ocrx_word' id='word_1_852' title='bbox 934 5665 1150 5735; x_wconf 77' lang='grc' dir='ltr'>Γραφὴν</span> <span class='ocrx_word' id='word_1_853' title='bbox 1183 5665 1256 5734; x_wconf 81' lang='grc' dir='ltr'><strong>μὴ</strong></span> <span class='ocrx_word' id='word_1_854' title='bbox 1295 5664 1452 5734; x_wconf 81' lang='grc' dir='ltr'><strong>μόνον</strong></span> <span class='ocrx_word' id='word_1_855' title='bbox 1478 5667 1543 5735; x_wconf 84' lang='grc' dir='ltr'>τῇ</span> <span class='ocrx_word' id='word_1_856' title='bbox 1577 5662 1846 5733; x_wconf 77' lang='grc' dir='ltr'>συνεχείᾳ,</span> 
     </span>
    </p>
   </div>
   <div class='ocr_carea' id='block_1_106' title="bbox 267 5756 1844 5834">
    <p class='ocr_par' dir='ltr' id='par_1_106' title="bbox 267 5756 1844 5834">
     <span class='ocr_line' id='line_1_106' title="bbox 267 5756 1844 5834; baseline -0.005 -17"><span class='ocrx_word' id='word_1_857' title='bbox 267 5762 391 5821; x_wconf 60' lang='grc' dir='ltr'><strong>ἀλλὰ</strong></span> <span class='ocrx_word' id='word_1_858' title='bbox 435 5767 528 5820; x_wconf 76' lang='grc' dir='ltr'>καὶ</span> <span class='ocrx_word' id='word_1_859' title='bbox 578 5767 647 5834; x_wconf 74' lang='grc' dir='ltr'>τῇ</span> <span class='ocrx_word' id='word_1_860' title='bbox 689 5760 840 5814; x_wconf 72' lang='grc' dir='ltr'>κατᾶ</span> <span class='ocrx_word' id='word_1_861' title='bbox 877 5757 1074 5820; x_wconf 81' lang='grc' dir='ltr'>πλάτος</span> <span class='ocrx_word' id='word_1_862' title='bbox 1124 5759 1273 5827; x_wconf 73' lang='grc' dir='ltr'>φωνῇ</span> <span class='ocrx_word' id='word_1_863' title='bbox 1325 5756 1415 5810; x_wconf 78' lang='grc' dir='ltr'>τὸν</span> <span class='ocrx_word' id='word_1_864' title='bbox 1467 5756 1598 5811; x_wconf 79' lang='grc' dir='ltr'>Θεὸν</span> <span class='ocrx_word' id='word_1_865' title='bbox 1638 5756 1844 5826; x_wconf 84' lang='grc' dir='ltr'>ὑμνεῖν.</span> 
     </span>
    </p>
   </div>
   <div class='ocr_carea' id='block_1_107' title="bbox 1954 4647 3524 4721">
    <p class='ocr_par' dir='ltr' id='par_1_107' title="bbox 1954 4647 3524 4721">
     <span class='ocr_line' id='line_1_107' title="bbox 1954 4647 3524 4721; baseline -0.003 -13"><span class='ocrx_word' id='word_1_866' title='bbox 1954 4671 2073 4708; x_wconf 87' lang='lat' dir='ltr'><strong>rum</strong></span> <span class='ocrx_word' id='word_1_867' title='bbox 2094 4653 2398 4708; x_wconf 90' lang='lat' dir='ltr'><strong>animarum</strong></span> <span class='ocrx_word' id='word_1_868' title='bbox 2414 4651 2754 4721; x_wconf 91' lang='lat' dir='ltr'><strong>conscriptos</strong></span> <span class='ocrx_word' id='word_1_869' title='bbox 2769 4665 2910 4715; x_wconf 89' lang='lat' dir='ltr'><strong>esse,</strong></span> <span class='ocrx_word' id='word_1_870' title='bbox 2931 4649 3172 4720; x_wconf 90' lang='lat' dir='ltr'><strong>reliquos</strong></span> <span class='ocrx_word' id='word_1_871' title='bbox 3190 4663 3317 4702; x_wconf 87' lang='lat' dir='ltr'><strong>vero</strong></span> <span class='ocrx_word' id='word_1_872' title='bbox 3346 4649 3413 4702; x_wconf 92' lang='lat' dir='ltr'><strong>de</strong></span> <span class='ocrx_word' id='word_1_873' title='bbox 3429 4647 3524 4703; x_wconf 85' lang='lat' dir='ltr'><strong>ad-</strong></span> 
     </span>
    </p>
   </div>
   <div class='ocr_carea' id='block_1_108' title="bbox 1953 4737 3522 4814">
    <p class='ocr_par' dir='ltr' id='par_1_108' title="bbox 1953 4737 3522 4814">
     <span class='ocr_line' id='line_1_108' title="bbox 1953 4737 3522 4814; baseline -0.005 -14"><span class='ocrx_word' id='word_1_874' title='bbox 1953 4755 2116 4801; x_wconf 78' lang='lat' dir='ltr'><strong>ventu</strong></span> <span class='ocrx_word' id='word_1_875' title='bbox 2141 4747 2194 4800; x_wconf 91' lang='lat' dir='ltr'><strong>in</strong></span> <span class='ocrx_word' id='word_1_876' title='bbox 2213 4759 2441 4814; x_wconf 90' lang='lat' dir='ltr'><strong>corpore</strong></span> <span class='ocrx_word' id='word_1_877' title='bbox 2461 4741 2676 4796; x_wconf 88' lang='lat' dir='ltr'><strong>Domini</strong></span> <span class='ocrx_word' id='word_1_878' title='bbox 2699 4741 2871 4796; x_wconf 93' lang='lat' dir='ltr'><strong>nostri</strong></span> <span class='ocrx_word' id='word_1_879' title='bbox 2889 4739 2916 4794; x_wconf 82' lang='lat' dir='ltr'><strong>J</strong></span> <span class='ocrx_word' id='word_1_880' title='bbox 2925 4756 3019 4794; x_wconf 90' lang='lat' dir='ltr'><strong>esu</strong></span> <span class='ocrx_word' id='word_1_881' title='bbox 3043 4739 3244 4794; x_wconf 91' lang='lat' dir='ltr'><strong>Christi</strong></span> <span class='ocrx_word' id='word_1_882' title='bbox 3267 4737 3522 4808; x_wconf 78' lang='lat' dir='ltr'><strong>frequen-</strong></span> 
     </span>
    </p>
   </div>
   <div class='ocr_carea' id='block_1_109' title="bbox 1953 4829 3520 4904">
    <p class='ocr_par' dir='ltr' id='par_1_109' title="bbox 1953 4829 3520 4904">
     <span class='ocr_line' id='line_1_109' title="bbox 1953 4829 3520 4904; baseline -0.006 -10"><span class='ocrx_word' id='word_1_883' title='bbox 1953 4841 2123 4894; x_wconf 87' lang='lat' dir='ltr'><strong>tiores</strong></span> <span class='ocrx_word' id='word_1_884' title='bbox 2164 4836 2363 4891; x_wconf 90' lang='lat' dir='ltr'><strong>habere</strong></span> <span class='ocrx_word' id='word_1_885' title='bbox 2405 4834 2738 4904; x_wconf 88' lang='lat' dir='ltr'><strong>prophetias,</strong></span> <span class='ocrx_word' id='word_1_886' title='bbox 2774 4833 3029 4903; x_wconf 87' lang='lat' dir='ltr'><strong>superius</strong></span> <span class='ocrx_word' id='word_1_887' title='bbox 3074 4831 3332 4886; x_wconf 78' lang='lat' dir='ltr'><strong>diximus.</strong></span> <span class='ocrx_word' id='word_1_888' title='bbox 3379 4829 3520 4896; x_wconf 90' lang='lat' dir='ltr'><strong>Quid</strong></span> 
     </span>
    </p>
   </div>
   <div class='ocr_carea' id='block_1_110' title="bbox 1953 4923 3518 4996">
    <p class='ocr_par' dir='ltr' id='par_1_110' title="bbox 1953 4923 3518 4996">
     <span class='ocr_line' id='line_1_110' title="bbox 1953 4923 3518 4996; baseline -0.007 -11"><span class='ocrx_word' id='word_1_889' title='bbox 1953 4945 2131 4985; x_wconf 70' lang='lat' dir='ltr'><strong>causae</strong></span> <span class='ocrx_word' id='word_1_890' title='bbox 2184 4937 2364 4982; x_wconf 88' lang='lat' dir='ltr'><strong>autem</strong></span> <span class='ocrx_word' id='word_1_891' title='bbox 2433 4927 2526 4990; x_wconf 90' lang='lat' dir='ltr'><strong>sit,</strong></span> <span class='ocrx_word' id='word_1_892' title='bbox 2567 4925 2710 4996; x_wconf 92' lang='lat' dir='ltr'><strong>quod</strong></span> <span class='ocrx_word' id='word_1_893' title='bbox 2764 4923 3031 4995; x_wconf 89' lang='lat' dir='ltr'><strong>ejusmodi</strong></span> <span class='ocrx_word' id='word_1_894' title='bbox 3079 4937 3358 4978; x_wconf 89' lang='lat' dir='ltr'><strong>sermones</strong></span> <span class='ocrx_word' id='word_1_895' title='bbox 3393 4937 3518 4976; x_wconf 91' lang='lat' dir='ltr'><strong>cum</strong></span> 
     </span>
    </p>
   </div>
   <div class='ocr_carea' id='block_1_111' title="bbox 1953 5018 3520 5087">
    <p class='ocr_par' dir='ltr' id='par_1_111' title="bbox 1953 5018 3520 5087">
     <span class='ocr_line' id='line_1_111' title="bbox 1953 5018 3520 5087; baseline -0.009 -10"><span class='ocrx_word' id='word_1_896' title='bbox 1953 5021 2323 5077; x_wconf 87' lang='lat' dir='ltr'><strong>modulatione</strong></span> <span class='ocrx_word' id='word_1_897' title='bbox 2373 5029 2425 5074; x_wconf 91' lang='lat' dir='ltr'><strong>et</strong></span> <span class='ocrx_word' id='word_1_898' title='bbox 2454 5027 2614 5072; x_wconf 91' lang='lat' dir='ltr'><strong>cantu</strong></span> <span class='ocrx_word' id='word_1_899' title='bbox 2655 5018 2975 5087; x_wconf 90' lang='lat' dir='ltr'><strong>psallantnr,</strong></span> <span class='ocrx_word' id='word_1_900' title='bbox 3011 5029 3352 5085; x_wconf 88' lang='lat' dir='ltr'><strong>nequaquam</strong></span> <span class='ocrx_word' id='word_1_901' title='bbox 3379 5028 3520 5081; x_wconf 56' lang='lat' dir='ltr'><strong>pne-</strong></span> 
     </span>
    </p>
   </div>
   <div class='ocr_carea' id='block_1_112' title="bbox 1953 5101 3516 5173">
    <p class='ocr_par' dir='ltr' id='par_1_112' title="bbox 1953 5101 3516 5173">
     <span class='ocr_line' id='line_1_112' title="bbox 1953 5101 3516 5173; baseline -0.008 -7"><span class='ocrx_word' id='word_1_902' title='bbox 1953 5110 2355 5166; x_wconf 83' lang='lat' dir='ltr'><strong>termittendum</strong></span> <span class='ocrx_word' id='word_1_903' title='bbox 2380 5117 2482 5163; x_wconf 89' lang='lat' dir='ltr'><strong>est.</strong></span> <span class='ocrx_word' id='word_1_904' title='bbox 2527 5107 2757 5173; x_wconf 80' lang='lat' dir='ltr'><strong>Quidam</strong></span> <span class='ocrx_word' id='word_1_905' title='bbox 2792 5108 2936 5162; x_wconf 87' lang='lat' dir='ltr'><strong>enim</strong></span> <span class='ocrx_word' id='word_1_906' title='bbox 2991 5107 3132 5160; x_wconf 91' lang='lat' dir='ltr'><strong>inter</strong></span> <span class='ocrx_word' id='word_1_907' title='bbox 3169 5120 3270 5159; x_wconf 89' lang='lat' dir='ltr'><strong>nos</strong></span> <span class='ocrx_word' id='word_1_908' title='bbox 3309 5101 3516 5170; x_wconf 84' lang='lat' dir='ltr'><strong>simpli-</strong></span> 
     </span>
    </p>
   </div>
   <div class='ocr_carea' id='block_1_113' title="bbox 1952 5190 3515 5266">
    <p class='ocr_par' dir='ltr' id='par_1_113' title="bbox 1952 5190 3515 5266">
     <span class='ocr_line' id='line_1_113' title="bbox 1952 5190 3515 5266; baseline -0.009 -9"><span class='ocrx_word' id='word_1_909' title='bbox 1952 5203 2151 5266; x_wconf 84' lang='lat' dir='ltr'><strong>ciores,</strong></span> <span class='ocrx_word' id='word_1_910' title='bbox 2183 5201 2394 5256; x_wconf 56' lang='lat' dir='ltr'><strong>timetsi</strong></span> <span class='ocrx_word' id='word_1_911' title='bbox 2439 5201 2667 5253; x_wconf 90' lang='lat' dir='ltr'><strong>credunt</strong></span> <span class='ocrx_word' id='word_1_912' title='bbox 2703 5197 2867 5253; x_wconf 89' lang='lat' dir='ltr'><strong>verba</strong></span> <span class='ocrx_word' id='word_1_913' title='bbox 2902 5212 3023 5252; x_wconf 91' lang='lat' dir='ltr'><strong>esse</strong></span> <span class='ocrx_word' id='word_1_914' title='bbox 3049 5196 3309 5251; x_wconf 89' lang='lat' dir='ltr'><strong>divinitus</strong></span> <span class='ocrx_word' id='word_1_915' title='bbox 3345 5190 3515 5260; x_wconf 89' lang='lat' dir='ltr'><strong>inspi-</strong></span> 
     </span>
    </p>
   </div>
   <div class='ocr_carea' id='block_1_114' title="bbox 1952 5286 3512 5359">
    <p class='ocr_par' dir='ltr' id='par_1_114' title="bbox 1952 5286 3512 5359">
     <span class='ocr_line' id='line_1_114' title="bbox 1952 5286 3512 5359; baseline -0.01 -11"><span class='ocrx_word' id='word_1_916' title='bbox 1952 5303 2102 5359; x_wconf 89' lang='lat' dir='ltr'><strong>rata,</strong></span> <span class='ocrx_word' id='word_1_917' title='bbox 2145 5293 2480 5347; x_wconf 85' lang='lat' dir='ltr'><strong>arbitrantur</strong></span> <span class='ocrx_word' id='word_1_918' title='bbox 2526 5300 2705 5344; x_wconf 89' lang='lat' dir='ltr'><strong>tamen</strong></span> <span class='ocrx_word' id='word_1_919' title='bbox 2754 5290 2825 5344; x_wconf 92' lang='lat' dir='ltr'><strong>ob</strong></span> <span class='ocrx_word' id='word_1_920' title='bbox 2881 5288 3000 5343; x_wconf 81' lang='lat' dir='ltr'><strong>soni</strong></span> <span class='ocrx_word' id='word_1_921' title='bbox 3050 5286 3369 5341; x_wconf 87' lang='lat' dir='ltr'><strong>suavitatem</strong></span> <span class='ocrx_word' id='word_1_922' title='bbox 3414 5295 3512 5335; x_wconf 87' lang='lat' dir='ltr'><strong>vo-</strong></span> 
     </span>
    </p>
   </div>
   <div class='ocr_carea' id='block_1_115' title="bbox 1951 5377 3511 5456">
    <p class='ocr_par' dir='ltr' id='par_1_115' title="bbox 1951 5377 3511 5456">
     <span class='ocr_line' id='line_1_115' title="bbox 1951 5377 3511 5456; baseline -0.008 -15"><span class='ocrx_word' id='word_1_923' title='bbox 1951 5388 2320 5456; x_wconf 87' lang='lat' dir='ltr'><strong>luptatemque</strong></span> <span class='ocrx_word' id='word_1_924' title='bbox 2364 5384 2577 5438; x_wconf 87' lang='lat' dir='ltr'><strong>aurium</strong></span> <span class='ocrx_word' id='word_1_925' title='bbox 2622 5382 2865 5453; x_wconf 88' lang='lat' dir='ltr'><strong>psalmos</strong></span> <span class='ocrx_word' id='word_1_926' title='bbox 2898 5380 3041 5434; x_wconf 92' lang='lat' dir='ltr'><strong>cani.</strong></span> <span class='ocrx_word' id='word_1_927' title='bbox 3077 5377 3146 5429; x_wconf 82' lang='lat' dir='ltr'><strong>At</strong></span> <span class='ocrx_word' id='word_1_928' title='bbox 3174 5389 3511 5444; x_wconf 85' lang='lat' dir='ltr'><strong>nequaquam</strong></span> 
     </span>
    </p>
   </div>
   <div class='ocr_carea' id='block_1_116' title="bbox 1952 5467 3513 5543">
    <p class='ocr_par' dir='ltr' id='par_1_116' title="bbox 1952 5467 3513 5543">
     <span class='ocr_line' id='line_1_116' title="bbox 1952 5467 3513 5543; baseline -0.005 -11"><span class='ocrx_word' id='word_1_929' title='bbox 1952 5479 2024 5533; x_wconf 84' lang='lat' dir='ltr'><strong>ita</strong></span> <span class='ocrx_word' id='word_1_930' title='bbox 2057 5494 2115 5532; x_wconf 89' lang='lat' dir='ltr'><strong>se</strong></span> <span class='ocrx_word' id='word_1_931' title='bbox 2149 5494 2234 5532; x_wconf 88' lang='lat' dir='ltr'><strong>res</strong></span> <span class='ocrx_word' id='word_1_932' title='bbox 2261 5477 2461 5543; x_wconf 86' lang='lat' dir='ltr'><strong>habet;</strong></span> <span class='ocrx_word' id='word_1_933' title='bbox 2495 5491 2602 5530; x_wconf 90' lang='lat' dir='ltr'><strong>non</strong></span> <span class='ocrx_word' id='word_1_934' title='bbox 2629 5475 2774 5529; x_wconf 91' lang='lat' dir='ltr'><strong>enim</strong></span> <span class='ocrx_word' id='word_1_935' title='bbox 2827 5485 3015 5533; x_wconf 83' lang='lat' dir='ltr'><strong>suave,</strong></span> <span class='ocrx_word' id='word_1_936' title='bbox 3057 5477 3150 5522; x_wconf 89' lang='lat' dir='ltr'><strong>aut</strong></span> <span class='ocrx_word' id='word_1_937' title='bbox 3201 5467 3513 5524; x_wconf 84' lang='lat' dir='ltr'><strong>demulcens</strong></span> 
     </span>
    </p>
   </div>
   <div class='ocr_carea' id='block_1_117' title="bbox 1951 5559 3517 5641">
    <p class='ocr_par' dir='ltr' id='par_1_117' title="bbox 1951 5559 3517 5641">
     <span class='ocr_line' id='line_1_117' title="bbox 1951 5559 3517 5641; baseline -0.009 -15"><span class='ocrx_word' id='word_1_938' title='bbox 1951 5570 2198 5641; x_wconf 66' lang='lat' dir='ltr'><strong>qumsivit</strong></span> <span class='ocrx_word' id='word_1_939' title='bbox 2235 5567 2513 5637; x_wconf 85' lang='lat' dir='ltr'><strong>Scriptura</strong></span> <span class='ocrx_word' id='word_1_940' title='bbox 2546 5585 2558 5620; x_wconf 90' lang='lat'><strong>:</strong></span> <span class='ocrx_word' id='word_1_941' title='bbox 2593 5567 2684 5622; x_wconf 89' lang='lat' dir='ltr'><strong>sed</strong></span> <span class='ocrx_word' id='word_1_942' title='bbox 2721 5565 2773 5620; x_wconf 92' lang='lat' dir='ltr'><strong>id</strong></span> <span class='ocrx_word' id='word_1_943' title='bbox 2799 5574 3015 5633; x_wconf 89' lang='lat' dir='ltr'><strong>quoque</strong></span> <span class='ocrx_word' id='word_1_944' title='bbox 3045 5560 3116 5613; x_wconf 90' lang='lat' dir='ltr'><strong>ad</strong></span> <span class='ocrx_word' id='word_1_945' title='bbox 3140 5560 3333 5613; x_wconf 65' lang='lat' dir='ltr'><strong>animas</strong></span> <span class='ocrx_word' id='word_1_946' title='bbox 3368 5559 3517 5612; x_wconf 63' lang='lat' dir='ltr'><strong>utili»</strong></span> 
     </span>
    </p>
   </div>
   <div class='ocr_carea' id='block_1_118' title="bbox 1951 5649 3512 5720">
    <p class='ocr_par' dir='ltr' id='par_1_118' title="bbox 1951 5649 3512 5720">
     <span class='ocr_line' id='line_1_118' title="bbox 1951 5649 3512 5720; baseline -0.01 -4"><span class='ocrx_word' id='word_1_947' title='bbox 1951 5672 2112 5716; x_wconf 83' lang='lat' dir='ltr'><strong>tatem</strong></span> <span class='ocrx_word' id='word_1_948' title='bbox 2132 5660 2487 5715; x_wconf 76' lang='lat' dir='ltr'><strong>constitutum</strong></span> <span class='ocrx_word' id='word_1_949' title='bbox 2512 5666 2614 5720; x_wconf 90' lang='lat' dir='ltr'><strong>est,</strong></span> <span class='ocrx_word' id='word_1_950' title='bbox 2634 5653 2907 5716; x_wconf 88' lang='lat' dir='ltr'><strong>omnibus,</strong></span> <span class='ocrx_word' id='word_1_951' title='bbox 2928 5649 3020 5704; x_wconf 87' lang='lat' dir='ltr'><strong>sed</strong></span> <span class='ocrx_word' id='word_1_952' title='bbox 3034 5650 3253 5704; x_wconf 85' lang='lat' dir='ltr'><strong>duabus</strong></span> <span class='ocrx_word' id='word_1_953' title='bbox 3277 5649 3512 5702; x_wconf 80' lang='lat' dir='ltr'><strong>maxime</strong></span> 
     </span>
    </p>
   </div>
   <div class='ocr_carea' id='block_1_119' title="bbox 1950 5738 3509 5821">
    <p class='ocr_par' dir='ltr' id='par_1_119' title="bbox 1950 5738 3509 5821">
     <span class='ocr_line' id='line_1_119' title="bbox 1950 5738 3509 5821; baseline -0.01 -13"><span class='ocrx_word' id='word_1_954' title='bbox 1950 5753 2016 5809; x_wconf 87' lang='lat' dir='ltr'><strong>de</strong></span> <span class='ocrx_word' id='word_1_955' title='bbox 2037 5752 2218 5810; x_wconf 86' lang='lat' dir='ltr'><strong>causis</strong></span> <span class='ocrx_word' id='word_1_956' title='bbox 2251 5769 2265 5821; x_wconf 88' lang='lat'><strong>;</strong></span> <span class='ocrx_word' id='word_1_957' title='bbox 2294 5752 2490 5821; x_wconf 88' lang='lat' dir='ltr'><strong>primo,</strong></span> <span class='ocrx_word' id='word_1_958' title='bbox 2517 5747 2644 5817; x_wconf 88' lang='lat' dir='ltr'><strong>quia</strong></span> <span class='ocrx_word' id='word_1_959' title='bbox 2679 5741 2857 5799; x_wconf 88' lang='lat' dir='ltr'><strong>decuit</strong></span> <span class='ocrx_word' id='word_1_960' title='bbox 2905 5738 3140 5794; x_wconf 81' lang='lat' dir='ltr'><strong>divinam</strong></span> <span class='ocrx_word' id='word_1_961' title='bbox 3177 5739 3509 5807; x_wconf 78' lang='lat' dir='ltr'><strong>Scripturam</strong></span> 
     </span>
    </p>
   </div>
  </div>
