3944 6220
294 382 301 388 -
368 348 438 405 ’69
1213 342 1272 398 S.
1313 338 1680 396 ATHANASL!
1715 334 1866 396 OPP.
1914 333 2094 392 PARS
2129 332 2213 387 lll.
2269 363 2325 372 —
2364 329 2781 387 EXEGETICA.
3523 326 3594 380 ιο

372 483 480 522 non
533 476 878 535 compresse,
929 461 1023 517 sed
1082 462 1136 515 in
1209 461 1498 516 latitudine
1552 461 1703 516 vocis
1762 459 1968 532 Deum!

2072 457 2191 511 ζατὰ
2219 452 2506 524 συνέχειαν
2541 453 2639 524 μὲν
2663 447 2757 504 οὖν
2784 447 3017 521 εἴρηται,
3047 440 3137 499 οἶά
3164 447 3279 498 ἐστι
3304 439 3372 494 τὰ
3401 441 3496 494 τοῦ
3520 441 3605 495 νό-

373 558 589 631 ltymnis
627 557 915 611 celebrare.
963 552 1233 608 Continua
1285 553 1448 624 igitur
1471 554 1716 606 oratione
1741 552 1936 606 dicun-

377 660 466 704 tur
523 649 655 718 legis
699 656 752 702 et
792 644 1176 716 prophetarum
1205 643 1388 707 verba,
1427 658 1640 696 necnon
1697 641 1940 696 historia:

377 755 587 803 omnes,
624 753 746 793 cum
778 735 926 790 Novo
951 734 1299 788 Tesiamento
1325 751 1339 800 ;
1387 733 1563 788 fusius
1597 741 1777 787 autem
1809 731 1940 787 effe-

379 840 572 884 runtur
618 829 968 898 psalmorum.
1000 825 1226 879 odarum
1266 832 1320 878 et
1368 827 1706 878 canticorum
1734 821 1933 886 verba;

381 933 540 992 atque
570 921 643 974 ita
677 928 923 974 servatur
953 917 1104 982 illud,
1134 925 1191 970 ut
1225 915 1470 970 homines
1499 915 1631 968 totis
1660 914 1867 967 viribus
1890 921 1943 967 et

381 1024 492 1069 tota
517 1015 713 1067 virtute
735 1011 902 1065 Deum
923 1010 1166 1080 diligant.
1196 1008 1464 1072 Secundo,
1487 1006 1944 1078 quemadmodum

383 1105 690 1169 harmonia,
716 1102 879 1156 tibias
901 1109 1022 1170 apte
1047 1112 1400 1167 componens,
1420 1111 1586 1150 unum
1621 1104 1944 1149 concentum

383 1197 563 1262 ellicit,
595 1197 667 1250 ita
689 1210 812 1250 cum
843 1193 897 1247 in
923 1192 1098 1245 anima
1117 1190 1250 1244 varii
1281 1190 1388 1245 sint
1408 1197 1584 1243 motus
1611 1189 1844 1256 insitquc
1865 1185 1946 1242 vis

386 1287 690 1358 cogitandi,
749 1284 1190 1354 concupiscendi,
1248 1281 1550 1345 irascendi,
1599 1295 1664 1334 ex
1715 1293 1946 1348 quarum

387 1381 623 1435 motione
675 1378 1042 1432 membrorum
1095 1374 1342 1444 corporis
1397 1371 1637 1442 operatio
1685 1370 1944 1436 exoritur,

387 1473 526 1527 ratio
556 1471 790 1542 postulat
831 1469 1104 1523 hominem
1146 1480 1330 1522 secum
1367 1479 1474 1517 non
1503 1462 1810 1526 dissentire,
1851 1477 1950 1516 nec

391 1578 421 1618 a
457 1563 746 1631 semetipso
792 1560 1054 1615 dissidere
1101 1576 1115 1612 :
1151 1557 1223 1611 ita
1264 1565 1323 1611 ut
1370 1554 1572 1623 optima
1602 1554 1816 1623 quidem
1854 1569 1950 1608 co-

393 1650 541 1718 gitet,
569 1647 807 1718 pessima
835 1660 963 1699 vero
991 1643 1173 1709 faciat,
1205 1650 1266 1696 ut
1291 1639 1522 1706 Pilatus,
1550 1641 1642 1709 qui
1665 1640 1799 1693 dixit
1824 1638 1948 1709 qui-

391 1742 511 1792 dem
548 1757 560 1792 :
597 1736 820 1791 Nullam
863 1751 1080 1788 causam
1126 1737 1311 1786 mortis
1363 1731 1564 1785 invenio
1621 1731 1675 1782 in
1729 1729 1823 1783 illo
1873 1729 1948 1795 ³²;

2043 568 2142 621 μου
2174 549 2268 602 καὶ
2295 547 2404 601 τῶν
2430 543 2746 618 προφητῶν,
2774 543 2867 595 καὶ
2895 540 2963 592 τὰ
3013 536 3367 607 ἱστορούμενα
3404 533 3602 599 πάντα,

2043 638 2182 710 μετά
2213 637 2312 707 τῆς
2339 635 2551 704 Καινῆς
2608 631 2884 702 Διαθήκης
2905 644 2918 657 θ
2949 625 3093 681 κατά
3134 622 3333 687 πλάτος
3365 623 3423 676 δὲ
3455 622 3608 690 λέγε-

2041 747 2153 794 ται,
2182 723 2270 783 οἶά
2287 729 2401 780 ἐστι
2426 725 2496 779 τά
2517 724 2624 778 τῶν
2650 721 2878 793 ψαλμῶν
2915 718 3008 772 καὶ
3045 715 3194 788 ᾠδῶν
3220 713 3316 767 καὶ
3348 713 3606 785 ᾀσμάτων

2044 823 2292 894 ῥήματα·
2321 819 2414 873 καὶ
2439 817 2608 880 οὕτως
2636 815 2744 886 γὰρ
2779 812 3078 882 σωθήσεται
3093 809 3155 862 τὸ
3183 805 3241 872 ἐξ
3271 805 3397 876 ὅλης
3427 803 3607 876 ἰσχύος

2043 913 2442 984 καὶδυνάμεως
2493 911 2712 980 ἀγαπᾷν
2756 905 2848 960 τὸν
2901 905 3034 959 Θεὸν
3087 903 3211 965 τοὺς
3265 898 3603 971 ἀνθρώπους.

2042 1006 2300 1077 Δεύτερον
2330 1004 2408 1068 δὲ,
2445 1004 2546 1066 ὅτι,
2581 1001 2769 1071 ὥσπερ
2797 995 3029 1070 ἁρμονία
3052 995 3178 1058 τοὺς
3202 992 3395 1054 αὐλοὺς
3425 1002 3609 1043 συντι-

2045 1098 2198 1152 θεῖσα
2242 1094 2370 1166 μίαν
2410 1092 2508 1165 τὴν
2538 1089 2854 1162 συμφωνίαν
2884 1084 3154 1146 ἀποτελεῖ,
3203 1082 3395 1145 οὕτως,
3425 1077 3610 1150 ἐπειδὴ

2045 1188 2138 1242 καὶ
2169 1188 2226 1240 ὲν
2251 1187 2316 1256 τῇ
2331 1184 2475 1256 ψυχῇ
2497 1182 2727 1252 διάφορα
2749 1178 3024 1249 κινήματα
3048 1174 3318 1244 φαίνεται,
3348 1171 3441 1225 καὶ
3464 1169 3610 1222 ἔστιν

2047 1281 2105 1332 ὲν
2137 1277 2272 1349 αὐτῇ
2307 1276 2367 1329 τὸ
2393 1273 2722 1344 λογίζεσθαι,
2757 1269 2849 1324 καὶ
2875 1268 2934 1322 τὸ
2959 1266 3263 1336 ἐπιθυμεῖν,
3305 1263 3399 1316 καὶ
3426 1261 3488 1314 τὸ
3518 1259 3611 1312 θυ-

2050 1367 2278 1441 μοειδὲς,
2307 1367 2372 1420 ὲκ
2391 1365 2448 1418 δὲ
2471 1365 2567 1436 τῆς
2592 1361 2794 1416 τούτων
2819 1361 3082 1430 κινήσεως
3109 1356 3204 1408 καὶ
3227 1358 3260 1425 ὴ
3290 1355 3397 1407 τῶν
3438 1350 3612 1423 μελῶν

2047 1459 2254 1529 γίνεται
2276 1456 2372 1510 τοῦ
2408 1454 2656 1527 σώματος
2687 1453 2955 1524 ἐνέργεια,
2993 1449 3238 1520 βούλεται
3271 1447 3299 1498 6
3323 1445 3478 1514 λόγος
3537 1443 3613 1514 μὴ

2049 1550 2372 1621 ἀσύμφωνον
2399 1542 2535 1602 εἶναι
2555 1547 2646 1600 τὸν
2692 1545 2973 1615 ἄνθρωπον
3005 1539 3202 1611 ἑαυτῷ,
3241 1538 3375 1609 μηδὲ
3414 1537 3615 1590 διίστα-

2053 1642 2173 1696 σθαι
2207 1639 2343 1711 πρὸς
2377 1637 2599 1691 ἑαυτόνο
2634 1635 2774 1689 ὥστε
2796 1632 3100 1703 λογίζεσθαι
3134 1631 3229 1701 μὲν
3253 1629 3322 1681 τὰ
3345 1628 3611 1699 βέλτιστα,

2054 1733 2311 1803 πράττειν
2337 1729 2395 1783 δὲ
2422 1727 2500 1799 τῷ
2523 1725 2680 1799 θυμῷ
2699 1725 2768 1778 τὰ
2799 1724 2996 1794 φαῦλα,
3027 1723 3102 1786 ὼς
3137 1723 3165 1775 6
3189 1720 3418 1782 Πιλᾶτος
3443 1717 3614 1786 λέγων

393 1841 628 1884 attamen
672 1843 794 1883 cum
841 1825 1148 1882 Iudaeorum
1200 1824 1465 1880 sententia
1521 1822 1818 1877 convenit:
1864 1828 1955 1874 aut

2072 1825 2157 1892 ιὲν
2176 1839 2190 1853 ⁶
2222 1820 2517 1890 Οὑδεμίαν
2542 1819 2739 1873 αἰτίαν
2761 1817 3017 1885 εὑρίσκω
3037 1817 3121 1878 εὶς
3149 1812 3363 1864 αὐτόν’
3399 1807 3620 1879 συντρέα

393 1937 557 1993 prava
602 1920 973 1990 concupiscat,
1024 1934 1132 1971 non
1169 1917 1341 1986 possit
1381 1924 1560 1971 autem
1615 1920 1952 1984 perpetrare,

396 2025 453 2068 ut
479 2028 632 2069 senes
668 2013 720 2067 in
759 2010 1063 2066 Susannam
1091 2027 1105 2063 :
1137 2017 1231 2062 aut
1273 2023 1489 2062 rursum
1528 2021 1556 2060 a
1599 2005 1957 2060 fornicatione

398 2105 670 2159 abstineat
722 2103 964 2174 quidem,
1018 2101 1115 2157 sed
1164 2099 1402 2166 l'uretur;
1454 2105 1549 2153 aut
1589 2113 1695 2152 non
1750 2095 1958 2151 luretur

397 2197 640 2266 quidem,
689 2196 783 2251 sed
815 2194 1055 2262 occidat;
1098 2201 1192 2248 aut
1241 2207 1348 2246 non
1400 2190 1629 2256 occidat,
1682 2190 1774 2245 sed
1815 2189 1959 2244 blas-

399 2291 634 2358 pltcmet.

470 2381 558 2435 28.
602 2378 682 2435 Ne
727 2380 910 2449 itaque
946 2379 1130 2449 aliqua
1176 2377 1487 2448 hujusmodi
1538 2375 1877 2448 perturbatio
1906 2374 1961 2428 in

403 2472 558 2527 noois
593 2471 683 2539 sit,
733 2471 872 2526 ratio
919 2468 1177 2540 postulat,
1230 2478 1289 2523 ut
1337 2469 1538 2535 anima,
1591 2483 1732 2537 quae,
1782 2475 1844 2522 ut
1890 2465 1966 2520 ait

403 2562 691 2632 Apostolus
723 2561 806 2628 ",
847 2560 1051 2617 Christi
1087 2569 1324 2616 mentem
1369 2559 1551 2624 habet,
1591 2575 1654 2614 ea
1681 2559 1819 2614 duce
1846 2565 1964 2612 uta-

404 2663 511 2711 tur,
566 2660 728 2721 atque
773 2665 865 2721 per
919 2651 1064 2705 illam
1112 2649 1280 2704 animi
1327 2648 1551 2703 aﬂ‘ectus
1594 2649 1864 2712 cohibeat,
1913 2655 1967 2702 et

403 2742 649 2812 corporis
684 2741 939 2795 membris
967 2741 1228 2810 imperet,
1268 2755 1377 2810 quo
1423 2739 1627 2794 rationi
1666 2739 1967 2808 obsequan-

409 2845 526 2898 tur;
564 2834 790 2888 utsicut
827 2833 881 2887 iu
917 2833 1204 2886 harmonia
1235 2832 1519 2902 plectrum,
1552 2831 1628 2886 ita
1655 2831 1770 2900 ipse
1805 2832 1967 2885 homo

408 2927 563 2996 quasi
595 2923 907 2997 psalterium
937 2923 1179 2989 effectus,
1215 2932 1268 2978 et
1303 2924 1516 2994 spiritui
1547 2923 1770 2977 omnino
1793 2921 1970 2974 inten-

407 3027 517 3082 tus,
564 3015 818 3070 omnibus
867 3015 1126 3070 membris
1186 3015 1534 3084 motibusque
1590 3013 1706 3068 suis
1755 3012 1971 3066 obediat

410 3106 774 3176 inscrviatque
817 3103 912 3160 Dei
960 3104 1249 3159 voluntati.
1293 3102 1603 3159 Istiusmodi
1646 3110 1826 3157 autem
1869 3102 1971 3156 im-

408 3165 702 3270 pcrturbati
741 3205 796 3252 et
820 3197 988 3252 sedati
1015 3195 1184 3250 animi
1217 3195 1397 3265 imago
1427 3206 1696 3264 typusque
1730 3203 1812 3248 est
1845 3193 1971 3246 ltar-
1997 3165 2042 3227 ο

411 3289 626 3343 monica
674 3289 764 3342 illa
832 3285 1174 3342 Psalmorum
1252 3284 1432 3338 lectio.
1505 3281 1972 3349 Quemadmodum

411 3381 554 3435 enim
599 3379 797 3446 verbis,
856 3393 978 3448 quae
1021 3373 1369 3446 proferimus,
1421 3373 1588 3428 animi
1621 3372 1974 3443 cogitationes

414 3472 694 3541 prodimus
725 3479 886 3539 atque
911 3469 1209 3523 indicamus
1239 3484 1252 3520 :
1289 3467 1369 3521 sic
1400 3480 1525 3540 cum
1557 3464 1889 3534 spiritualem
1919 3463 1975 3518 in

414 3563 595 3618 anima
638 3561 978 3615 harmoniam
1008 3599 1022 3624 ,
1051 3558 1339 3613 verborum
1385 3556 1771 3623 modulatione,
1818 3554 1976 3625 quasi

417 3653 662 3725 symbolo
711 3650 1004 3720 signiﬁcari
1053 3649 1186 3704 velit
1215 3648 1501 3712 Dominus,
1548 3647 1711 3717 jussit
1767 3655 1826 3700 ut
1853 3661 1976 3699 cum

418 3747 786 3802 modulatione
829 3744 1171 3815 psalleretur,
1218 3751 1379 3810 atque
1427 3739 1621 3810 psalmi
1665 3754 1788 3794 cum
1816 3745 1977 3793 cantu

417 3838 798 3893 recitarentur.
847 3835 915 3890 Et
967 3835 1100 3889 illud
1146 3842 1230 3888 est
1277 3835 1472 3887 animae
1520 3831 1872 3894 desiderium,
1921 3836 1981 3883 ut

418 3942 564 3985 recte
597 3929 787 3984 aliccta
833 3937 887 3982 et
928 3925 1228 3996 composita
1260 3924 1350 3988 sit,
1387 3933 1444 3977 ut
1487 3924 1744 3992 scriptum
1779 3929 1863 3975 est
1893 3918 1978 3972 ’δι

420 4019 657 4075 Laztatur
687 4020 803 4090 quis
843 4019 898 4072 in
938 4016 1128 4072 vobis?
1171 4015 1392 4086 psallat.
1441 4011 1555 4067 Hoc
1584 4013 1743 4066 modo
1773 4011 1819 4066 si
1852 4009 1982 4081 quid

422 4113 476 4167 in
502 4127 564 4165 ea
621 4110 1008 4175 turbulentum,
1049 4121 1300 4177 asperum
1337 4115 1389 4160 et
1427 4102 1844 4173 incompositum
1880 4114 1980 4168 cst,

424 4202 724 4273 psalmodia
777 4202 1113 4270 mitigatur;
1172 4197 1384 4252 tristitia
1426 4212 1555 4250 vero
1598 4196 1804 4250 levatur
1836 4195 1985 4264 psal-

425 4293 658 4346 leutibus
684 4292 838 4345 nobis
865 4309 878 4344 :
902 4291 1076 4354 Quare
1101 4289 1266 4341 tristis
1288 4304 1362 4352 es,
1395 4288 1572 4340 anima
1601 4300 1734 4348 mea,
1759 4293 1807 4338 et
1828 4298 1986 4353 quare

426 4380 707 4436 conturbas
727 4396 805 4432 me
831 4378 877 4410 "
903 4378 926 4431 ?
968 4378 1219 4431 Errorem
1259 4389 1387 4429 vero
1416 4390 1576 4429 suum
1608 4382 1865 4443 agnoscet
1902 4371 1986 4425 di—

427 4473 638 4528 cendo:
678 4471 782 4526 Mei
819 4478 995 4522 autem
1025 4483 1150 4538 pene
1174 4467 1303 4520 moti
1343 4476 1462 4520 sunt
1500 4466 1652 4536 pedes
1694 4465 1760 4518 ".
1790 4463 1984 4518 Melum

427 4573 607 4619 autem
637 4578 732 4634 spe
769 4561 1111 4616 conﬁrmabit
1155 4559 1340 4614 dicens
1371 4577 1382 4613 :
1427 4558 1680 4614 Dominus
1723 4558 1851 4611 mihi
1884 4556 1985 4609 ad-

430 4654 589 4718 iutor,
622 4662 670 4706 et
697 4668 802 4707 non
840 4650 1026 4705 timebo
1047 4650 1171 4722 quid
1193 4649 1356 4720 faciat
1384 4650 1510 4702 mihi
1537 4650 1689 4703 homo
1717 4648 1783 4702 ³⁷.

501 4940 592 4996 29.
649 4939 752 5006 Qui
782 4937 944 5009 igitur
976 4935 1078 4990 hoc
1103 4934 1264 4990 modo
1296 4933 1478 4989 divina
1506 4933 1717 4988 cantica
1761 4946 1869 4986 non
1913 4933 1992 4988 le-

435 5041 586 5103 gunt,
628 5046 734 5085 nou
780 5030 1071 5099 prudenter
1112 5026 1369 5096 psallunt,
1414 5026 1509 5081 sed
1546 5041 1667 5080 sese
1697 5025 1988 5094 oblectant,

435 5124 687 5196 culpandi
737 5137 890 5184 sane,
943 5121 1068 5190 quia
1104 5119 1225 5173 Non
1263 5129 1337 5173 est
1371 5118 1603 5186 speciosa
1656 5123 1774 5171 laus
1819 5121 1875 5172 in
1905 5136 1992 5174 ore

434 5215 722 5284 peccatoris
767 5213 832 5267 ".
883 5211 986 5277 Qui
1017 5221 1193 5266 autem
1230 5211 1486 5281 praedicto
1545 5209 1706 5264 modo
1735 5211 1992 5279 psallunt,

439 5311 511 5363 ita
553 5319 610 5363 ut
633 5307 924 5362 verborum
965 5304 1262 5358 modulatio
1315 5318 1381 5356 ex
1420 5301 1615 5357 aniuue
1664 5304 1902 5359 numeris
1942 5314 1996 5360 et

439 5416 504 5454 ex
534 5401 890 5456 consonantia
929 5413 1052 5452 cum
1087 5397 1280 5466 spiritu
1325 5393 1655 5466 proferatur,
1709 5396 1764 5451 hi
1812 5398 1994 5468 lingua

442 5489 658 5558 quidem
704 5489 960 5558 psallunt,
1007 5488 1297 5558 psallentes
1337 5493 1516 5540 autem
1545 5493 1599 5540 et
1643 5499 1842 5553 mente,
1885 5506 1995 5547 non

2055 1933 2163 1987 χων
2186 1913 2243 1968 δὲ
2267 1916 2332 1984 τῇ
2367 1910 2560 1984 γνώμῃ
2598 1908 2706 1966 τῶν
2749 1907 3017 1962 Ἰουδαίων
3043 1922 3056 1935 ·
3106 1905 3140 1975 ἢ
3195 1901 3480 1974 ἐπιθυμεῖν
3519 1900 3617 1971 μὲν

2054 2006 2123 2059 τὰ
2150 2004 2348 2075 φαῦλα,
2410 2002 2485 2074 μὴ
2535 1999 2794 2054 δύνασθαι
2837 1997 2894 2050 δὲ
2937 1996 3230 2068 πράττειν,
3279 1993 3354 2056 ὡς
3391 1992 3440 2043 οἱ
3479 1989 3618 2044 κατά

2057 2097 2360 2168 Σουσάννης
2412 2093 2798 2165 πρεσϐύτεροι·
2825 2091 2858 2160 ἢ
2893 2088 3052 2143 πάλιν
3082 2086 3156 2158 μὴ
3189 2081 3456 2156 μοιχεύειν
3501 2081 3617 2152 μὲν,

2059 2189 2310 2244 κλέπτειν
2345 2187 2403 2240 δέ
2422 2204 2435 2218 ·
2464 2186 2498 2257 ἢ
2526 2185 2600 2258 μὴ
2630 2183 2882 2238 κλέπτειν
2925 2181 3041 2252 μὲν,
3075 2177 3318 2248 φονεύειν
3358 2175 3414 2228 δέ
3433 2191 3449 2206 ·
3479 2173 3513 2244 ἢ
3546 2173 3621 2244 μὴ

2060 2279 2304 2353 φονεύειν
2328 2279 2447 2352 μὲν,
2473 2276 2812 2350 βλασφημεῖν
2837 2270 2913 2324 δέ.

2130 2379 2234 2445 κη’.
2259 2373 2354 2426 Ἴν⁸
2379 2366 2470 2426 οὖν
2505 2368 2579 2440 μὴ
2600 2365 2822 2436 τοιαύτη
2861 2381 2944 2427 τις
2973 2363 3034 2415 ὲν
3069 2363 3202 2432 ἡμῖν
3232 2357 3442 2430 ταραχὴ
3475 2356 3627 2426 γίνη-

2061 2485 2170 2530 ται,
2201 2465 2343 2518 θέλει
2373 2464 2472 2534 τὴν
2495 2461 2671 2533 ψυχὴν
2694 2461 2723 2512 6
2747 2457 2903 2526 λόγος
2935 2455 3162 2527 ἔχουσαν
3209 2451 3444 2524 Χριστοῦ
3478 2449 3623 2511 νοῦν,

2061 2559 2136 2622 ὼς
2158 2553 2307 2612 εἶπεν
2338 2559 2366 2611 6
2409 2552 2744 2617 Ἀπόστολος,
2761 2550 2932 2620 τούτῳ
2956 2546 3284 2617 καθηγεμόνι
3305 2541 3625 2615 χρήσασθαι,

2067 2651 2160 2704 κα)⁵
2187 2651 2246 2703 ὲν
2275 2647 2449 2718 τούτῳ
2496 2645 2601 2699 τῶν
2627 2644 2724 2716 μὲν
2753 2645 2810 2696 ὲν
2843 2641 2978 2711 αὐτῇ
3029 2635 3343 2708 παθητικῶν
3388 2635 3628 2706 κρατεῖν,

2064 2743 2172 2796 τῶν
2197 2741 2254 2795 δὲ
2282 2738 2372 2794 τοῦ
2402 2737 2648 2808 σώματος
2679 2733 2853 2806 μελῶν
2882 2732 3089 2804 ἄρχειν,
3115 2729 3194 2793 εἰς
3239 2729 3299 2780 τὸ
3339 2723 3631 2779 ὑπακούειν

2064 2833 2142 2905 τῷ
2163 2833 2323 2902 λόγῳο
2361 2830 2466 2896 ἵνα,
2495 2829 2570 2893 ὡς
2599 2829 2656 2881 ἐν
2678 2825 2909 2898 ἁρμονίᾳ
2934 2823 2994 2876 τὸ
3015 2821 3307 2892 πλῆκτρον,
3337 2817 3508 2881 οὕτως
3540 2817 3635 2870 αύ-

2065 2923 2157 2986 τὸς
2193 2923 2222 2974 6
2252 2920 2533 2992 ἄνθρωπος
2556 2916 2851 2988 ψαλτήριον
2879 2914 3185 2984 γενόμενος,
3242 2910 3335 2964 καὶ
3370 2907 3446 2979 τῷ
3476 2905 3636 2960 πνεύ-

2074 3033 2202 3087 ματι
2246 3013 2525 3086 προσέχων
2571 3010 2897 3080 ὁλοκλήρως,
2954 3006 3048 3060 καὶ
3105 3006 3238 3058 πᾶσι
3297 3005 3407 3064 τοῖς
3453 3001 3636 3072 μέλεσι

2072 3109 2167 3164 καὶ
2201 3111 2313 3171 τοῖς
2345 3109 2636 3177 κινήμασιν
2675 3101 2946 3173 ὑπακούῃ,
2972 3099 3066 3152 καὶ
3098 3097 3323 3169 δουλεύῃ
3348 3093 3424 3164 τῷ
3447 3093 3638 3164 βουλή-

2075 3219 2202 3274 ματι
2248 3199 2340 3253 τοῦ
2367 3198 2520 3251 Θεοῦ,
2547 3196 2658 3266 Τῆς
2678 3195 2734 3246 δὲ
2761 3192 3014 3262 τοιαύτης
3056 3189 3162 3243 τῶν
3216 3185 3485 3257 λογισμῶν
3509 3187 3640 3238 ἀτα-

2075 3291 2263 3365 ραξίας
2288 3289 2381 3344 καὶ
2398 3287 2668 3359 ἀκύμονος
2691 3283 3074 3345 καταστάσεως
3107 3277 3290 3334 ἐἰκὼν
3329 3277 3422 3332 καὶ
3471 3276 3641 3337 τύπος

2073 3383 2274 3452 ἐστὶνὴ
2302 3379 2408 3434 τῶν
2457 3375 2702 3448 Ψαλμῶν
2759 3373 3000 3446 ἐμμελὴς
3050 3371 3374 3440 ἀνάγνωσις.
3436 3366 3642 3434 ’Ὠσπερ

2074 3476 2185 3546 γὰρ
2213 3474 2282 3528 τὰ
2309 3473 2407 3544 τῆς
2433 3469 2612 3540 ψυχῆς
2640 3470 2884 3540 νοήματα
2916 3463 3254 3536 γνωρίζομεν
3272 3461 3365 3514 καὶ
3387 3457 3648 3530 σημαίνον

2079 3582 2176 3638 μεν
2209 3565 2276 3616 δι’
2299 3557 2372 3618 ὧν
2406 3561 2751 3633 προφέρομεν
2792 3558 2985 3627 λόγων,
3031 3555 3223 3617 οὕτως,
3257 3552 3354 3621 τῆς
3400 3563 3643 3638 πνευμα-

2075 3637 2229 3728 τικῆς
2253 3657 2310 3709 ὲν
2329 3654 2472 3725 ψυχῇ
2502 3652 2765 3723 ἁρμονίας
2795 3649 2892 3721 τὴν
2913 3651 2977 3701 ὲκ
3003 3647 3110 3700 τῶν
3154 3644 3325 3712 λόγων
3382 3637 3646 3711 μελῳδίαν

2079 3747 2343 3819 σύμϐολον
2365 3741 2500 3798 εἶναι
2530 3744 2697 3797 θέλων
2719 3745 2747 3796 6
2771 3741 2997 3813 Κύριος,
3047 3737 3356 3792 τετύπωκεν
3396 3728 3648 3802 ἐμμελῶς

2077 3840 2173 3901 τὰς
2198 3839 2340 3911 ᾠδάς
2381 3836 2697 3907 ψάλλεσθαι,
2749 3834 2844 3887 καὶ
2893 3833 3020 3895 τοὺς
3063 3828 3310 3901 ψαλμοὺς
3367 3825 3478 3896 μετ’
3505 3821 3648 3911 ᾠδῆς

2079 3910 2565 3999 ἀναγινώσκεσθαι.
2626 3928 2735 3979 Καὶ
2784 3924 2926 3978 τοῦτ’
2979 3922 3125 3975 ἐστιν
3176 3923 3209 3990 ἡ
3248 3913 3511 3986 ἐπιθυμία
3537 3910 3646 3984 (10)

2079 4023 2179 4094 τῆς
2198 4021 2394 4092 ψυχῆς,
2422 4019 2483 4072 τὸ
2511 4017 2690 4081 καλῶς
2747 4015 2915 4086 αὐτὴν
2977 4010 3299 4074 διακεῖσθαι,
3341 4008 3416 4070 ὡς
3448 4006 3650 4076 γέγρα-

2084 4131 2234 4168 πται·
2259 4110 2520 4180 Eoo-vasi
2541 4127 2630 4174 τις
2663 4109 2732 4161 ἐν
2782 4107 2926 4176 ὑμῖν
2945 4121 2964 4169 ;
3017 4101 3322 4172 ψαλλέτω.
3351 4097 3534 4159 Οὕτως
3593 4097 3652 4148 τὸ

2088 4206 2184 4277 μὲν
2215 4207 2271 4258 ὲν
2295 4205 2432 4274 αὐτῇ
2482 4200 2792 4270 ταραχῶδες
2821 4199 2913 4251 καὶ
2943 4195 3114 4268 τραχὺ
3153 4193 3248 4248 καὶ
3310 4193 3542 4246 ἄτακτον
3569 4189 3654 4256 ἐξ-

2084 4294 2420 4366 ομαλίζεται·
2468 4291 2529 4344 τὸ
2580 4291 2637 4342 δὲ
2663 4287 2862 4341 λυποῦν
2909 4283 3291 4358 θεραπεύεται,
3341 4280 3654 4352 ψαλλόντων

2085 4386 2260 4457 ἡμῶν·
2291 4385 2424 4437 Ἵνα
2453 4383 2510 4435 τί
2528 4382 2856 4449 περίλυπος
2877 4374 2949 4445 εἷ,
2977 4378 3016 4445 ’ἠ
3053 4374 3221 4445 ψυχή
3242 4392 3380 4445 μου,
3426 4373 3523 4426 καὶ
3555 4372 3655 4424 ἵνα

2089 4479 2145 4531 τί
2175 4475 2620 4546 συνταράσσεις
2645 4489 2756 4543 με;
2786 4473 2896 4526 Καὶ
2937 4469 2998 4524 τὸ
3047 4469 3142 4540 μὲν
3175 4464 3503 4537 ἐσφαλμένον
3534 4465 3655 4515 ἐπι-

2091 4566 2353 4638 γνώσεται
2393 4565 2642 4634 λέγουσασ
2685 4563 2863 4632 Ἐμοῦ
2889 4560 2959 4614 δὲ
2985 4560 3141 4629 παρὰ
3167 4557 3385 4628 μικρὸν
3405 4555 3656 4609 ἐσαλεύ-

2095 4661 2289 4725 θησαν
2313 4657 2366 4710 ol
2391 4654 2589 4720 πόδες·
2625 4653 2686 4708 τὸ
2715 4653 2771 4706 δὲ
2800 4651 3036 4723 φοϐηθὲν
3067 4647 3365 4720 ὲπιρῤὠσει
3393 4647 3459 4716 τῇ
3484 4643 3656 4696 ἐλπίδι

2095 4749 2154 4800 ὲν
2179 4744 2256 4816 τῷ
2281 4745 2476 4814 λέγειν’
2509 4743 2721 4812 Κύριος
2760 4742 2887 4811 ἐμοὶ
2910 4738 3158 4808 βοηθὸς,
3190 4737 3289 4791 καὶ
3315 4737 3385 4790 οὐ
3409 4731 3660 4803 φοϐηθή-

2097 4852 2275 4905 σομαι
2299 4836 2355 4888 τί
2381 4834 2619 4901 ποιήσει
2647 4850 2748 4903 μοι
2779 4832 3107 4900 ἄνθρωπος.

2165 4939 2266 4995 κθ’.
2303 4941 2366 4994 Ol
2401 4941 2500 5010 μὲν
2542 4935 2634 4994 οῦν
2675 4939 2748 5010 μὴ
2779 4938 2966 4991 τοῦτον
3008 4936 3098 4990 τὸν
3138 4935 3338 5007 τρόπον
3395 4928 3661 4999 ἀναγινώ-

2098 5047 2316 5092 σκοντες
2347 5029 2446 5092 τὰς
2481 5029 2630 5092 θείας
2652 5029 2794 5099 ᾠδὰς
2821 5028 2880 5080 οὑ
2938 5023 3168 5089 συνετῶς
3201 5023 3510 5092 ψάλλουσιν,
3546 5017 3660 5073 ἀλλ’

2098 5122 2325 5185 ἑαυτοὺς
2353 5122 2450 5192 μὲν
2481 5122 2793 5193 τέρπουσιν,
2824 5119 3005 5191 ἔχουσι
3028 5118 3086 5172 δὲ
3143 5117 3370 5188 μέμψιν,
3429 5115 3510 5166 ὃτι
3535 5110 3660 5180 Οὐχ

2098 5211 2306 5280 ὡραῖος
2334 5207 2502 5278 αἶνος
2528 5213 2597 5264 ἐν
2647 5211 2895 5280 στόματι
2944 5206 3313 5278 ἀμαρτωλοῦι
3360 5206 3410 5258 οἱ
3439 5203 3496 5257 δὲ
3522 5201 3661 5256 κατὰ

2098 5300 2188 5353 τὸν
2215 5301 2606 5372 προειρημένον
2633 5301 2830 5373 τρόπον
2852 5299 3161 5369 ψάλλοντες,
3191 5295 3331 5350 ὥστε
3350 5293 3447 5366 τὴν
3489 5290 3661 5364 μελῳ-

2099 5390 2216 5444 δίαν
2234 5391 2342 5445 τῶν
2372 5393 2629 5464 ῥημάτων
2660 5395 2724 5446 ὲκ
2753 5390 2846 5444 τοῦ
2881 5389 3086 5462 ῥυθμοῦ
3106 5389 3206 5460 τῆς
3235 5387 3412 5459 ψυχῆς
3445 5384 3540 5439 καὶ⁵
3567 5383 3665 5453 τῆς

2101 5483 2235 5553 πρὸς
2259 5483 2320 5535 τὸ
2349 5483 2564 5554 πνεῦμα
2584 5482 2899 5554 συμφωνίας
2920 5477 3343 5552 προσφέρεσθαι,
3372 5475 3422 5528 oi.
3440 5471 3664 5526 τοιοῦτοι

509 5580 568 5661 '1
619 5577 773 5661 J_oan.
822 5595 990 5661 xvt'tt.
1029 5575 1284 5661 5§.n"__l
1320 5575 1560 5661 (Σοί-,ηιμ
1594 5576 1678 5630 l6.
1759 5580 1804 5613 “
1836 5581 1952 5644 Jac,

2072 5588 2149 5645 l5.
2228 5591 2273 5622 "
2295 5590 2438 5648 Psal.
2480 5608 2590 5658 xu,
2623 5591 2674 5661 6,
2713 5589 2803 5655 l2;
2837 5604 2968 5656 ml,
3015 5589 3068 5643 5.
3143 5583 3353 5640 "Psal.
3389 5592 3538 5635 um
3605 5576 3662 5631 9.

443 5650 486 5682 ’τ
529 5648 672 5704 Psal.
701 5663 842 5701 cxvu
865 5687 879 5712 ,
904 5651 956 5701 6.
1062 5651 1107 5679 “
1131 5645 1294 5701 Eccli.
1325 5663 1412 5712 xv,
1448 5647 1501 5701 9.

515 5740 628 5808 (l0)
665 5739 928 5810 Εὑθυμία,
955 5740 1228 5809 gaudium.
