3944 6220
283 391 343 444 ιι
1411 385 1743 444 EPISTULA
1786 389 1874 442 AD
1913 385 2431 443 MARCELLI-NUM.
3477 386 3547 442 Β

284 503 546 575 ψάλλουσι
590 506 686 576 μὲν
720 510 789 578 τῇ
821 505 1056 578 γλώσσῃ,
1090 505 1377 574 ψάλλοντες
1401 507 1458 558 δὲ
1511 507 1604 558 καὶ
1653 504 1732 574 τῷ
1758 504 1860 568 νοῒ,

1998 503 2069 556 ibi
2110 502 2309 559 solum.
2347 501 2440 555 sed
2491 500 2654 555 etiam
2709 499 2899 558 audire
2935 516 3030 557 eos
3066 499 3380 558 volentibus
3428 519 3548 558 ma-

289 600 348 653 οὐ
386 599 547 670 μόνον
583 601 836 664 ἑαυτοὺς,
867 601 1000 653 ἀλλὰ
1033 602 1124 654 καὶ
1183 600 1306 663 τοὺς
1357 598 1606 661 θέλοντας
1649 599 1867 652 ἀκούειν

295 689 469 744 αὐτῶν
509 688 764 758 μεγάλως
784 689 1101 758 ὠφελοῦσιν.
1141 689 1200 742 '0
1227 687 1355 756 γοῦν
1391 688 1655 758 μακάριος
1686 687 1868 750 Δασιδ,

296 779 463 844 οὕτως
498 780 860 848 καταψάλλων
891 781 982 833 τοῦ
1011 781 1202 843 Σαοὺλ,
1250 779 1408 842 αὐτὸς
1467 779 1750 849 εὐηρέστει
1792 778 1871 849 τῷ

299 870 432 942 Θεῷ,
469 871 564 923 καὶ
615 870 704 923 τὸν
758 869 992 941 τάραχον
1045 871 1138 922 καὶ
1191 869 1251 922 τὸ
1307 870 1530 940 μανικὸν
1576 869 1745 934 πάθος
1777 870 1871 922 τοῦ

302 963 472 1015 Σαοὺλ
520 960 820 1032 ἀπήλαυνε,
879 963 973 1014 καὶ
1041 961 1304 1032 γαληνιᾷν
1338 961 1435 1031 τὴν
1484 961 1662 1032 ψυχὴν
1708 961 1872 1014 αὐτοῦ

303 1053 732 1126 παρεσκεύαζεν.
761 1054 944 1117 Οὕτως
972 1057 1018 1106 οἱ
1086 1056 1250 1125 ἱερεῖς
1291 1054 1604 1123 ψάλλοντες,
1637 1057 1715 1118 είς
1744 1058 1875 1109 ἀτα-

309 1148 490 1220 ραξίαν
523 1147 624 1209 τάς
652 1147 824 1216 ψυχάς
873 1147 978 1199 τῶν
1005 1147 1150 1200 λαῶν
1194 1148 1286 1200 κοιλ⁵
1319 1149 1398 1209 είς
1423 1148 1677 1218 ὁμόνοιαν
1705 1149 1875 1212 αὐτάς

304 1241 407 1294 τῶν
432 1242 489 1294 ὲν
517 1241 765 1312 οὐρανοῖς
799 1239 1130 1310 χορευόντων
1176 1239 1626 1310 προσεκαλοῦντο.
1668 1241 1740 1293 Τὸ
1767 1241 1876 1312 ἄρα

310 1329 443 1400 μετὰ
471 1328 664 1399 μέλους
711 1327 962 1397 λέγεσθαι
1003 1328 1130 1392 τοὺς
1188 1328 1435 1399 ψαλμοὺς
1467 1330 1568 1382 οὐκ
1613 1329 1757 1382 ἔστιν
1790 1331 1879 1382 εὐ-

309 1422 508 1491 φωνίας
539 1421 760 1491 σπουδὴ,
795 1421 929 1475 ἀλλά
961 1423 1258 1492 τεκμήριον
1298 1423 1397 1493 τῆς
1451 1423 1717 1494 ἁρμονίας
1769 1424 1878 1477 τῶν

311 1515 363 1565 ἐν
391 1516 454 1583 τῇ
477 1512 623 1582 ψυχῇ
671 1512 965 1583 λογισμῶν.
995 1513 1102 1566 Καὶ
1152 1515 1186 1584 ἡ
1223 1513 1468 1584 ἐμμελὴς
1495 1515 1550 1567 δὲ
1575 1515 1879 1583 ἀνάγνωσις

315 1605 572 1674 σύμϐολόν
598 1607 712 1658 ἐστι
754 1603 853 1674 τῆς
906 1604 1179 1676 εὐρύθμου
1212 1606 1304 1658 καὶ
1348 1607 1680 1678 ἀχειμάστου
1715 1625 1882 1660 κατα-

315 1693 547 1755 στάσεως
569 1693 670 1762 τῆς
697 1693 951 1757 διανοίας.
983 1696 1090 1748 Καὶ
1141 1695 1248 1767 γάρ
1290 1696 1350 1748 τὸ
1385 1699 1554 1750 αἰνεῖν
1604 1697 1695 1750 τὸν
1750 1695 1881 1749 Θεὸν

312 1786 365 1837 ἐν
388 1785 684 1856 κυμϐάλοις
704 1786 922 1856 εὐήχοις
949 1788 1040 1840 καὶ
1067 1788 1265 1859 κιθάρᾳ
1295 1789 1389 1841 καὶ
1412 1790 1718 1861 δεκαχόρδῳ
1748 1789 1882 1859 ψαλ-

313 1878 500 1948 τηρίῳ,
531 1876 800 1947 σύμϐολον
821 1877 980 1930 πάλιν
997 1874 1062 1948 ἦν
1080 1879 1173 1930 καὶ
1199 1881 1526 1950 σημαντικὸν
1548 1881 1639 1934 τοῦ
1669 1885 1883 1950 συγκεῖ-
1915 1852 1958 1911 Β

317 1968 432 2022 σθαι
457 1970 555 2040 μὲν
587 1971 832 2040 νομίμως
866 1969 933 2023 τὰ
959 1968 1091 2041 μέλη
1139 1970 1233 2024 τοῦ
1270 1971 1518 2042 σώματος
1547 1973 1621 2038 ὼς
1664 1974 1881 2044 χορδάς,

313 2063 433 2125 τοὺς
461 2063 516 2114 δὲ
550 2061 844 2132 λογισμοὺς
872 2062 970 2131 τῆς
1000 2061 1178 2132 ψυχῆς
1200 2063 1275 2124 ὡς
1315 2062 1569 2134 κύμϐαλα
1614 2067 1881 2135 γίνεσθαι,

314 2156 401 2206 καὶ
432 2155 616 2207 λοιπὸν
649 2158 715 2226 τῇ
765 2156 871 2226 ἠχῇ
917 2155 1010 2208 καὶ
1062 2156 1140 2227 τῷ
1176 2155 1404 2228 νεύματι
1452 2157 1544 2210 τοῦ
1580 2159 1886 2230 πνεύματος

315 2247 478 2301 ταῦτα
508 2247 684 2300 πάντα
712 2246 973 2300 κινεῖσθαι
1008 2249 1097 2300 καὶ
1142 2247 1260 2318 ζῇψ
1312 2248 1476 2314 ὥστε,
1531 2251 1670 2305 κατὰ
1711 2252 1772 2306 τὸ
1795 2269 1888 2321 γε·-

314 2335 647 2409 γραμμένον,
679 2337 759 2403 τῷ
788 2340 1077 2408 πνεύματι
1128 2339 1234 2392 τὸν
1263 2338 1576 2408 ἄνθρωπον
1607 2340 1712 2409 ζῇν
1748 2343 1884 2411 μὲν,

316 2431 405 2483 καὶ
436 2432 544 2495 τὰς
575 2429 820 2498 πράξεις
864 2430 970 2483 τοῦ
1018 2431 1292 2500 σώματος
1354 2433 1670 2486 θανατοῦν.
1703 2434 1888 2499 Οὕτως

315 2521 424 2598 γάρ
445 2523 539 2574 καὶ
567 2521 747 2584 καλῶς
770 2520 987 2590 ψάλλων
1033 2522 1286 2594 ῥυθμίζει
1339 2523 1438 2596 τὴν
1472 2525 1650 2596 ψυχὴν
1698 2525 1886 2591 αὐτοῦ,

316 2614 404 2666 καὶ
436 2612 624 2684 ὥσπερ
649 2611 708 2676 ἐξ
735 2612 1050 2684 ἀνισότητος
1075 2616 1154 2676 εἰς
1186 2614 1406 2685 ἰσότητα
1449 2615 1591 2683 ἄγει·
1645 2615 1783 2668 ὥστε
1831 2618 1890 2670 ὲν

314 2701 389 2774 τῷ
426 2702 567 2757 κατὰ
602 2702 762 2772 φύσιν
804 2704 970 2775 αὐτὴν
997 2704 1288 2774 ἑστηκυῖαν
1339 2705 1414 2778 μὴ
1458 2708 1737 2760 πτοεῖσθαι
1784 2709 1890 2762 ὑπό

314 2808 472 2856 τινος,
505 2792 644 2846 ἀλλὰ
694 2793 788 2846 καὶ
847 2794 1045 2864 μᾶλλον
1087 2795 1446 2864 εὐφαντάσιον
1499 2799 1763 2867 γίνεσθαι,
1799 2801 1890 2854 καὶ

319 2885 471 2938 πλέον
499 2885 666 2956 αὐτὴν
699 2885 998 2956 λαμϐάνειν
1054 2887 1217 2942 πόθον
1256 2889 1363 2942 τῶν
1417 2890 1718 2961 μελλόντων
1749 2893 1889 2961 ἀγα-

320 2974 442 3030 θῶν.
467 2974 544 3045 Τῇ
569 2976 676 3046 γάρ
715 2976 824 3029 τῶν
858 2978 1116 3049 ῥημάτων
1167 2979 1402 3051 μελῳδίᾳ
1447 2982 1890 3055 συνδιατιθεμένη

318 3066 724 3122 ἐπιλανθάνεται
789 3069 897 3123 τῶν
964 3071 1151 3126 παθῶν
1175 3113 1192 3137 ,
1267 3071 1362 3125 καὶ¹
1431 3074 1696 3143 χαίρουσα
1771 3075 1892 3145 βλέ-

319 3173 406 3211 πει
438 3161 578 3231 πρὸς
613 3160 704 3214 τὸν
746 3160 868 3215 νοῦν
910 3161 1003 3216 τὸν
1045 3165 1104 3217 ὲν
1152 3164 1402 3236 Χριστῷ,
1461 3165 1782 3240 λογιζομένη
1828 3170 1894 3223 τά
1922 3198 1965 3258 C

322 3251 586 3322 βέλτιστα.

384 3345 446 3399 λ’.
473 3348 568 3399 Δεῖ
597 3345 797 3412 τοίνυν,
837 3341 882 3400 ὦ
907 3348 1115 3412 τέκνον,
1157 3349 1264 3402 τῶν
1292 3349 1728 3420 ἐντυγχανόντων
1768 3351 1898 3405 ’ἐκα-

323 3453 441 3491 στον
459 3437 636 3512 ταύτῃ
677 3441 745 3510 τῇ
795 3438 958 3510 βίϐλῳ
999 3440 1344 3510 ἐντυγχάνειν
1401 3444 1499 3512 μὲν
1553 3445 1724 3498 ἆπασι
1762 3461 1896 3514 γνη-

321 3530 447 3593 σίως
468 3533 580 3593 τοῖς
607 3533 664 3583 ὲν
693 3531 828 3602 αὐτῇ
865 3531 1242 3595 θεοπνεύστοις
1297 3527 1445 3596 οὖσι,
1509 3534 1806 3604 λαμϐάνειν
1843 3535 1898 3587 δὲ

322 3623 504 3678 λοιπὸν
526 3626 823 3681 ἀπἀὐτῶν
869 3625 944 3691 ὡς
997 3629 1062 3680 ὲκ
1112 3626 1443 3697 παραδείσου
1493 3627 1720 3698 καρπῶν
1753 3626 1896 3696 ὠφε-

324 3714 486 3780 λείας,
540 3719 676 3790 πρὸς
733 3718 762 3770 ὃ
816 3718 913 3790 τὴν
962 3718 1152 3790 χρείαν
1205 3720 1394 3773 ἑαυτὸν
1455 3719 1647 3790 ἔχοντα
1678 3720 1894 3790 συνορᾷ.

337 3809 493 3877 Ἡγοῦ
504 3827 599 3880 μαι
621 3811 728 3881 γὰρ
761 3811 819 3864 ὲν
844 3811 1053 3876 τούτοις
1074 3815 1186 3875 τοῖς
1212 3811 1391 3881 λόγοις
1417 3811 1514 3882 τῆς
1573 3811 1758 3880 βίϐλου
1809 3811 1898 3863 τὸν

327 3901 498 3954 πάντα
526 3901 637 3972 βίον
665 3902 772 3954 τῶν
797 3902 1117 3975 ἀνθρώπων,
1169 3904 1268 3966 τάς
1323 3917 1382 3955 τε
1434 3903 1530 3972 τῆς
1569 3903 1745 3972 ψυχῆς
1793 3903 1902 3954 δια-

328 3990 518 4055 θέσεις,
554 3993 648 4044 καὶ¹
677 3991 745 4044 τά
779 3992 887 4045 τῶν
913 3992 1188 4064 λογισμῶν
1217 3993 1490 4062 κινήματα
1525 3989 1898 4061 μεμετρῆσθαι

329 4081 417 4135 καὶ
436 4080 803 4151 περιέχεσθαι·
842 4083 934 4134 καὶ
964 4077 1127 4152 μηδὲν
1150 4081 1310 4134 πλέον
1337 4079 1542 4133 τούτων
1592 4080 1648 4132 ἐν
1695 4077 1901 4150 ἀνθρὼ-

327 4187 446 4237 ποις
465 4173 836 4245 εὑρίσκεσθαι.
860 4173 985 4228 Εἴτε
1016 4173 1124 4246 γάρ
1169 4173 1453 4244 μετανοίας
1489 4172 1521 4243 ἢ
1579 4171 1902 4242 ἐξομολογή-

331 4280 461 4327 σεως
497 4265 678 4336 χρεία,
732 4265 765 4335 ἢ
817 4263 993 4334 θλίψις
1039 4265 1132 4318 καὶ
1185 4265 1487 4334 πειρασμὸς
1517 4261 1897 4332 κατέλαϐεν,ἢ

330 4355 554 4427 ἐδιώχθη
581 4374 686 4420 τις,
744 4357 838 4410 καὶ
883 4356 917 4428 ἢ
971 4357 1449 4427 ἐπιϐουλευόμενος
1470 4355 1730 4428 ὲρῤύσθη,
1765 4357 1812 4408 εί
1844 4355 1900 4408 δὲ

328 4450 420 4502 καὶ
443 4449 740 4518 περίλυπός
765 4467 847 4512 τις
874 4450 1096 4517 γέγονεν
1137 4451 1232 4503 καὶ
1269 4450 1616 4520 ταράττεται,
1657 4449 1750 4502 καὶ
1796 4448 1902 4501 πά-

1971 610 2090 664 gnze
2141 602 2268 648 sunt
2316 591 2552 646 utilitati.
2613 591 2810 646 Beatus
2863 592 3028 663 igitur
3061 592 3252 656 David,
3305 609 3429 648 cutn
3480 613 3546 646 eo

1973 685 2136 740 modo
2169 684 2318 739 Sauli
2349 685 2623 754 psalleret,
2658 699 2762 737 non
2799 685 2975 737 solum
3021 682 3132 740 Deo
3161 685 3426 754 placebat.
3452 685 3547 740 secl

1973 789 2027 832 et
2089 779 2554 850 perturbationem
2621 788 2675 833 et
2728 777 2938 834 furoris
2978 779 3230 835 morbum
3265 795 3330 834 ex
3384 779 3550 835 Saule

1973 869 2238 939 abigebat,
2268 870 2600 939 parabatque
2631 868 2777 924 illius
2798 869 2993 924 anima:
3017 870 3462 940 tranquillitatem
3481 872 3546 922 ".

1975 958 2050 1013 Ita
2091 974 2309 1029 quoque
2354 959 2668 1014 sacerdotes
2694 961 2823 1014 dum
2869 959 3183 1029 psallerent,
3219 962 3545 1031 populorum

1977 1052 2190 1107 animos
2219 1053 2284 1106 ad
2309 1053 3108 1122 tranquillitatemadvocabant
3137 1063 3190 1107 et
3221 1054 3285 1107 ad
3318 1069 3546 1109 concor-

1977 1145 2121 1199 diam
2156 1159 2278 1198 cum
2319 1145 2382 1198 iis
2425 1147 2515 1214 qui
2564 1145 2616 1198 iu
2670 1145 2824 1199 coelis
2872 1145 3100 1199 choreas
3153 1153 3338 1214 agunt.
3393 1143 3548 1210 Quod

1979 1235 2162 1304 itaque
2206 1249 2331 1288 cum
2372 1235 2746 1290 modulatione
2790 1236 2982 1305 psalmi
3031 1236 3304 1302 dicantur,
3340 1235 3393 1291 id
3440 1251 3549 1289 non

1981 1327 2040 1380 lit
2073 1343 2138 1380 ex
2162 1327 2346 1381 suavis
2369 1336 2668 1380 concentus
2697 1327 2900 1388 studio,
2937 1328 3030 1382 sed
3061 1327 3274 1397 signum
3312 1335 3395 1382 est
3421 1327 3551 1381 har-

1980 1417 2176 1472 moniae
2216 1417 2606 1487 cogitationum
2640 1419 2852 1472 animae.
2904 1416 3343 1489 Harmonicaque
3393 1419 3555 1473 lectio

1982 1508 2243 1563 indicium
2275 1517 2358 1563 est
2401 1509 2597 1562 animae
2644 1519 2789 1562 recte
2808 1508 3141 1578 'compositae
3193 1518 3357 1578 atque
3404 1519 3543 1562 tran-

1983 1602 2185 1673 quillae.
2219 1600 2428 1656 Etenim
2457 1600 2624 1654 Deum
2655 1599 2878 1654 laudare
2918 1600 2970 1653 in
3008 1600 3272 1670 cymbalis
3302 1601 3440 1656 bene
3464 1615 3558 1655 so—

1984 1695 2261 1757 nantibus,
2293 1695 2347 1749 in
2399 1694 2612 1748 cithara
2656 1701 2710 1747 et
2766 1692 3109 1747 decachordo
3159 1690 3419 1762 psalterio
3469 1691 3556 1753 ⁸ο.

1985 1797 2364 1860 argumentum
2406 1787 2537 1840 illud
2593 1797 2712 1840 erat
2774 1795 2828 1840 et
2890 1785 3105 1854 signum
3145 1783 3390 1838 membra
3437 1797 3560 1838 cor-

1986 1881 2154 1952 poris,
2187 1881 2360 1938 instar
2386 1881 2739 1943 chordarum,
2773 1879 2874 1932 rite
2900 1877 3203 1948 composita
3231 1891 3376 1942 esse,
3410 1877 3559 1948 cogi—

1987 1974 2330 2042 tatiouesque
2365 1973 2562 2026 anima:
2591 1972 2733 2026 sicut
2773 1969 3020 2041 cymbala
3064 1983 3206 2032 esse,
3240 1983 3305 2024 ac
3328 1968 3561 2038 denique

1987 2078 2145 2130 sono,
2200 2073 2254 2118 et
2283 2072 2418 2118 nutu
2465 2063 2691 2133 spiritus
2738 2062 2852 2117 haac
2892 2061 3076 2116 omnia
3131 2060 3338 2115 moveri
3382 2069 3436 2115 et
3481 2061 3556 2114 vi-

1989 2171 2144 2221 vere;
2179 2169 2242 2210 ac
2275 2153 2523 2224 proinde,
2552 2153 2852 2209 secundum
2881 2151 3024 2223 quod
3067 2153 3330 2221 scriptum
3361 2161 3445 2215 est
3478 2153 3518 2182 "
3544 2191 3560 2214 ,

1987 2249 2178 2318 spiritu
2227 2248 2434 2318 quidem
2486 2246 2744 2300 hominem
2802 2247 2985 2310 virere,
3037 2255 3086 2299 et
3129 2245 3275 2315 facta
3329 2245 3563 2313 corporis

1989 2338 2330 2407 mortiﬁcare.
2368 2336 2731 2403 Quamobrem
2766 2336 2858 2407 qui
2895 2345 3040 2391 recte
3089 2335 3288 2406 psallit,
3323 2336 3562 2390 animam

1990 2446 2143 2486 suam
2171 2431 2467 2500 cmupouit,
2493 2439 2543 2484 et
2587 2430 2745 2498 quasi
2783 2444 2850 2483 ex
2881 2427 3252 2499 inaequalitate
3285 2425 3351 2481 ad
3383 2442 3564 2496 aequa-

1989 2521 2195 2576 litatem
2231 2520 2489 2583 adducit;
2523 2520 2593 2572 ita
2628 2527 2685 2572 ut
2736 2518 3035 2573 secundum
3088 2526 3341 2572 naturam
3376 2517 3564 2571 conisi-

1992 2623 2140 2670 stetis
2175 2629 2204 2667 a
2239 2612 2389 2667 nullo
2422 2621 2807 2682 perterreatur,
2847 2611 2977 2681 quin
3027 2611 3209 2681 potius
3261 2609 3564 2680 phantasiis

1994 2707 2286 2776 tranquilla
2339 2707 2552 2766 evadat,
2611 2715 2665 2759 et
2711 2705 2904 2774 majori
2938 2704 3246 2759 futurorum
3296 2702 3565 2758 desiderio

1992 2799 2280 2854 afﬁciatur.
2341 2797 2633 2853 Sacrorum
2689 2811 2926 2866 namque
2981 2797 3272 2851 verborum
3325 2793 3569 2849 modula-

1995 2893 2142 2948 tione
2190 2900 2338 2947 recte
2373 2891 2697 2961 composita,
2742 2892 3061 2959 passionum
3120 2906 3342 2946 suarum
3376 2890 3568 2945 oblivi-

1994 2985 2199 3045 scitur,
2231 2992 2284 3038 et
2315 2983 2435 3038 laeta
2478 2983 2701 3052 respicit
2736 2982 2802 3035 ad
2847 2982 3180 3038 intellectum
3223 2997 3413 3037 eorum
3447 2997 3568 3053 quae

1996 3083 2123 3132 sunt
2151 3076 2205 3130 in
2230 3073 2474 3140 Christo,
2505 3073 2706 3146 optima
2741 3089 2971 3144 quaeque
3004 3073 3268 3145 cogitans.

2068 3359 2156 3416 30.
2188 3357 2412 3428 Oportet
2437 3358 2623 3430 igitur,
2649 3373 2682 3412 ο
2707 3357 2780 3412 ﬁli
2803 3399 2817 3423 ,
2841 3368 2900 3414 ut
2928 3359 3178 3430 quisquis
3199 3359 3346 3416 hunc
3368 3358 3567 3416 librum

1999 3453 2146 3521 legit,
2182 3453 2322 3521 legat
2358 3452 2578 3520 quidem
2624 3452 2837 3506 sincere
2886 3461 2941 3506 et
2969 3452 3141 3522 probo
3168 3453 3353 3508 animo
3387 3454 3572 3510 omnia

1999 3555 2119 3608 qum
2147 3540 2199 3592 in
2234 3538 2324 3593 illo
2357 3538 2642 3599 habentur,
2679 3547 2863 3606 utpote
2895 3537 3156 3594 divinitus
3185 3541 3470 3609 inspirata,
3507 3554 3573 3595 ac

1999 3632 2218 3686 demum
2260 3647 2323 3684 ex
2355 3630 2484 3696 illis,
2523 3629 2686 3685 veluti
2733 3646 2796 3685 ex
2834 3630 2975 3686 horti
3010 3631 3302 3697 fructibus,
3351 3648 3446 3688 eos
3479 3633 3546 3688 de

1999 3733 2184 3795 cerpat
2221 3738 2359 3794 quos
2399 3723 2503 3779 sibi
2553 3723 2716 3777 utiles
2761 3734 2813 3778 et
2863 3724 3287 3780 necessitatibus
3337 3725 3454 3781 suis
3483 3742 3546 3780 ac

2001 3813 2318 3870 commodos
2345 3828 2466 3868 esse
2509 3813 2866 3883 perspexerit.
2919 3811 3186 3868 Existimo
3235 3829 3471 3884 namque
3518 3814 3571 3866 in

2001 3905 2232 3974 hujusce
2272 3903 2392 3956 libri
2423 3902 2624 3966 verbis,
2670 3917 2888 3958 omnem
2931 3903 3226 3958 humanam
3258 3904 3425 3957 vitam
3455 3905 3574 3958 ani-

2000 4012 2211 4066 masque
2243 3994 2578 4057 affectiones,
2633 3995 3132 4064 cogitationumque
3187 4006 3366 4050 motus
3401 3996 3575 4050 conti-

2001 4092 2118 4146 neri
2151 4100 2314 4159 atque
2341 4086 2597 4150 describi,
2643 4087 2886 4156 nihilque
2918 4087 2988 4140 iis
3025 4086 3257 4156 amplius
3297 4086 3349 4140 in
3394 4087 3572 4140 homi-

2001 4181 2164 4236 nibus
2200 4177 2448 4249 reperiri.
2491 4174 2626 4229 Nam
2667 4176 2780 4228 sive
2822 4176 3140 4244 poenitentia
3193 4177 3306 4232 sive
3360 4175 3578 4232 confes.

2003 4274 2160 4328 sione
2195 4271 2266 4327 sit
2298 4286 2454 4339 opus,
2506 4269 2620 4322 sive
2657 4266 2933 4321 tribulatio
2977 4277 3072 4322 aut
3125 4267 3349 4322 tentatio
3386 4282 3578 4337 appre-

2003 4362 2272 4424 hentlerit,
2310 4362 2424 4416 sive
2469 4361 2594 4430 quis
2641 4358 3072 4431 persecutionem
3116 4373 3332 4427 passus,
3363 4357 3476 4412 sive
3509 4359 3578 4413 ab

2005 4455 2221 4510 insidiis
2251 4455 2535 4517 liberatus,
2573 4456 2687 4510 sive
2711 4461 2944 4508 maestus
2979 4457 3074 4504 aut
3097 4450 3346 4506 turbatus
3367 4451 3456 4513 sit,
3484 4459 3580 4505 aut

330 4557 445 4610 σχει
471 4559 523 4594 τι
558 4541 816 4606 τοιοῦτον,
841 4535 951 4594 οἷον
980 4544 1037 4594 ὲν
1069 4545 1180 4605 τοῖς
1235 4541 1543 4613 ἔμπροσθεν
1575 4541 1809 4612 εἴρηται,
1867 4539 1889 4591 ’ἲ

2007 4546 2210 4616 aliquid
2255 4546 2566 4615 hujusmodi
2597 4546 2855 4615 patiatur,
2905 4541 3364 4625 quemadmodum
3414 4557 3579 4610 supe-

329 4634 420 4687 καὶ
459 4634 660 4704 συνορᾷ
684 4632 872 4686 ἑαυτὸν
921 4632 1018 4702 μὲν
1067 4633 1464 4704 προκόπτοντα,
1497 4633 1586 4685 τὸν
1624 4633 1680 4685 δὲ
1712 4631 1902 4703 ἐχθρὸν

329 4722 790 4794 καταργούμενον,
819 4722 850 4792 ἢ
887 4721 981 4775 καὶ
1011 4723 1216 4776 αἰνέσαι
1247 4724 1339 4775 καὶ
1365 4724 1778 4795 εὐχαριστῆσαι,
1810 4724 1904 4776 καὶ

329 4815 617 4886 εὐλογῆσαι
673 4816 917 4886 βούλεται
973 4816 1064 4869 τὸν
1109 4817 1330 4886 Κύριον,
1373 4817 1485 4888 ἔχει
1514 4817 1612 4888 τὴν
1653 4817 1905 4870 διδασκα-

329 4907 447 4961 λίαν
471 4908 678 4962 τούτων
714 4911 772 4961 ὲν
803 4913 914 4972 τοῖς
948 4906 1112 4973 θείοις
1143 4909 1397 4980 ψαλμοῖς.
1444 4909 1778 4978 Ἐκλεγέσθω
1797 4910 1905 4980 γὰρ

330 5002 392 5054 τά
421 5002 479 5054 ὲν
502 5002 688 5064 αὐτοῖς
713 5003 839 5072 περὶ
867 5001 1095 5054 ἑκάστου
1127 5001 1330 5056 τούτων
1353 5002 1638 5073 εἰρημένα,
1677 5003 1769 5056 καὶ
1818 5000 1908 5056 οὐ·

330 5110 434 5156 τως
464 5094 541 5156 ὼς
575 5095 704 5164 περὶ
732 5093 921 5146 ἑαυτοῦ
955 5093 1310 5165 γεγραμμένα
1338 5094 1529 5162 λέγων,
1568 5094 1664 5146 καὶ
1692 5095 1905 5148 συνδιαι

332 5181 609 5250 τιθέμενος
635 5185 749 5245 τοῖς
771 5184 1195 5253 γεγραμμένοις,
1228 5186 1490 5256 ἀναφέρει
1523 5184 1597 5255 τῷ
1627 5185 1834 5256 Κυρίῳ.

399 5270 498 5325 λα’.
533 5274 624 5344 Μὴ
658 5272 1029 5344 περιϐαλλέτω
1056 5275 1235 5345 μέντοι
1269 5293 1352 5339 τις
1381 5276 1518 5329 αὐτὰ
1571 5279 1682 5339 τοῖς
1711 5275 1907 5340 ἔξωθεν

334 5363 575 5428 πιθανοῖς
611 5367 838 5436 ῥήμασι,
870 5366 1002 5436 μηδὲ
1032 5367 1337 5436 πειραζέτω
1378 5367 1477 5430 τὰς
1529 5368 1700 5435 λέξεις
1743 5386 1906 5439 μετα-

335 5457 557 5526 ποιεῖνῆ
603 5456 742 5520 ὅλως
773 5459 1136 5512 ὲναλλάσσειν·
1191 5459 1305 5512 ἀλλ’
1335 5457 1504 5522 οὕτως
1558 5460 1796 5530 ἀτεχνῶς
1838 5459 1907 5512 τά

333 5546 694 5617 γεγραμμένα
725 5547 930 5614 λεγέτω
985 5549 1078 5602 καὶ
1115 5547 1384 5618 ψαλλέτω,
1446 5548 1635 5620 ὥσπερ
1673 5549 1905 5620 εἴρηται,

339 5637 468 5708 ὑπὲρ
493 5638 588 5692 τοῦ
622 5640 718 5692 καὶ
767 5639 894 5701 τοὺς
927 5639 1346 5712 διακονήσαντας
1401 5639 1718 5712 ἀνθρώπους
1770 5639 1910 5694 αὐτά

408 5793 450 5824 ⁸⁹
481 5794 496 5847 Ι
525 5793 658 5863 Reg.
707 5810 794 5847 .\Vl
822 5833 837 5856 ,
875 5791 966 5847 25.
1071 5796 1113 5826 ³ο
1167 5795 1311 5851 Psal.
1353 5813 1434 5866 CL,
1481 5795 1596 5852 5-5.

575 5886 854 5946 PATBOL.
887 5884 1001 5943 Gtt.
1042 5886 1302 5946 XXVII.

2006 4635 2122 4691 rius
2151 4637 2354 4690 dictum
2381 4645 2495 4701 est,
2536 4645 2630 4690 aut
2670 4635 2714 4690 si
2759 4634 2904 4688 videt
2946 4647 3004 4687 se
3043 4632 3260 4701 quidem
3294 4632 3578 4702 prolicere,

2009 4726 2218 4780 hostem
2266 4741 2395 4780 vero
2450 4725 2679 4789 destrui,
2734 4724 2850 4778 sive
2906 4721 3165 4786 laudare,
3211 4722 3325 4776 sive
3375 4721 3577 4789 gratias

2007 4835 2187 4890 agere,
2220 4819 2334 4874 sive
2365 4817 2596 4872 Domino
2640 4816 2961 4871 benedicere
2989 4816 3140 4878 velit,
3185 4815 3345 4870 habet
3385 4816 3576 4868 horum

2006 4912 2312 4967 doctrinam
2361 4912 2416 4964 in
2469 4910 2672 4964 divinis
2708 4908 2952 4978 psalmis.
3003 4903 3154 4962 Licet
3200 4907 3343 4961 enim
3398 4907 3474 4960 illi
3524 4906 3578 4958 in

2008 5003 2263 5074 singulis,
2312 5001 2456 5072 quod
2512 5001 2744 5055 voluerit
2786 5015 2852 5054 ex
2897 4998 3226 5069 supradictis
3271 4999 3488 5067 eligere,
3526 5005 3582 5050 et

2008 5095 2164 5164 quasi
2198 5094 2264 5148 de
2297 5109 2356 5148 se
2383 5093 2527 5148 dicta
2569 5099 2771 5156 essent,
2824 5106 2885 5146 ea
2927 5091 3194 5156 recitare;
3253 5105 3316 5144 ac
3360 5087 3582 5158 perinde

2009 5184 2260 5239 affectum
2285 5194 2447 5254 atque
2467 5184 2730 5253 scriptum
2769 5191 2874 5248 est,
2906 5197 2968 5238 ea
2999 5181 3113 5253 ipsa
3147 5180 3254 5234 Deo
3287 5177 3506 5233 referte.

2080 5273 2167 5327 51.
2212 5272 2288 5327 Ne
2318 5274 2442 5342 quis
2478 5280 2660 5326 autem
2691 5287 2754 5326 ea
2783 5271 3062 5327 saecularis
3107 5268 3428 5337 eloquentia;
3459 5281 3582 5322 ver-

2009 5365 2093 5420 bis
2123 5380 2388 5419 exornare
2435 5363 2800 5435 aggrediatur,
2839 5378 3013 5434 neque
3049 5371 3271 5416 conetur
3308 5359 3578 5430 quispiam

2015 5457 2154 5511 dicta
2217 5465 2595 5524 transponere,
2649 5464 2742 5510 aut
2790 5455 3061 5510 ullatenus
3109 5451 3431 5519 immutare;
3485 5452 3578 5505 sed

2017 5549 2134 5602 sine
2173 5547 2285 5601 ullo
2325 5547 2579 5612 artiﬁcio,
2628 5555 2787 5616 prout
2811 5544 2954 5599 dicta
3001 5550 3151 5605 sunt,
3181 5557 3243 5596 ea
3287 5542 3494 5604 recitet,
3527 5551 3581 5594 et

2015 5639 2231 5710 psallat,
2264 5648 2322 5694 ιιι
2361 5639 2534 5694 sancti
2564 5637 2687 5701 viri,
2716 5635 2808 5706 qui
2847 5648 2912 5688 ea
2963 5633 3081 5704 ipsa
3115 5632 3290 5713 nobis,
3327 5643 3386 5689 ut
3419 5631 3582 5688 mini-

1693 5795 1736 5826 ³¹
1797 5793 1957 5847 Rom.
2005 5807 2134 5855 vnt,
2192 5793 2278 5846 13.
