3944 6220
318 369 392 427 13
1175 370 1233 423 S.
1274 368 1643 424 ATHANASII
1683 369 1833 424 OPP.
1872 381 1875 383 '

1979 367 2055 422 RS
2089 366 2176 423 ιιι.
2219 397 2288 407 —-
2327 367 2734 425 EXECETlCA.
3481 370 3542 422 Η

315 489 438 552 atri,
489 485 777 546 tradidere,
824 497 919 538 sua
959 493 1316 552 agnoscentes
1360 485 1547 546 verba,
1595 484 1875 538 nobiscum

1980 483 2434 552 ἐπιγινώσκοντας
2460 485 2519 537 τὸ
2542 484 2746 537 ἑαυτῶν
2781 482 3130 553 συνεύχεσθαι
3161 485 3312 554 ἡμῖν·
3344 483 3542 553 μᾶλλον

316 590 502 647 orent;
532 580 644 633 imo
681 576 859 647 potius
897 585 954 629 ut
996 573 1253 643 Spiritus,
1283 577 1376 645 qui
1414 575 1466 628 in
1498 578 1701 630 sanctis
1730 577 1879 630 locu-

313 679 403 725 tus
430 677 533 730 est,
581 665 654 721 ibi
698 665 1040 734 conspiciens
1083 664 1247 717 verba
1293 679 1390 718 sua
1436 665 1543 719 illis
1591 665 1876 735 inspirata,

312 759 473 814 nobis
502 757 815 827 opituletur.
841 754 1053 820 Quanto
1085 756 1230 809 enim
1264 756 1609 824 praestantior
1642 766 1724 812 est
1752 773 1878 812 san-

313 861 526 907 ctorum
558 849 669 904 vita
689 848 920 902 aliorum
937 848 1063 912 vita,
1099 855 1249 901 tanto
1280 847 1660 902 excellentiora
1686 864 1875 903 eorum

314 943 478 998 verba
522 939 867 997 sermonibus
920 939 1144 1003 nostris,
1199 947 1360 1005 atque
1393 936 1700 993 efﬁcaciora
1755 954 1876 994 esse

310 1036 434 1105 jure
481 1033 606 1103 quis
637 1031 855 1086 dixerit.
907 1029 1002 1085 llis
1053 1031 1196 1083 enim
1259 1028 1368 1084 Deo
1415 1029 1775 1099 placuerunt;
1823 1040 1878 1084 et

315 1127 429 1179 haec
456 1124 715 1185 dicentes,
750 1128 809 1174 ut
851 1119 927 1174 ait
956 1118 1248 1188 Apostolus
1288 1117 1331 1148 ³³
1360 1136 1372 1171 :
1427 1115 1668 1170 Vicerunt
1695 1133 1874 1185 regna,

312 1219 516 1290 operati
563 1227 682 1272 sunt
711 1215 1006 1295 justitiam,
1051 1211 1226 1281 adepti
1269 1220 1393 1265 sunt
1428 1211 1872 1280 repromissiones,

313 1313 683 1364 obturauerunt
700 1324 793 1360 ora
812 1305 1038 1368 leonum,
1059 1303 1420 1356 exstinxerunt
1437 1303 1687 1371 impetum
1715 1303 1872 1372 ignis,

312 1404 607 1473 effugerunt
641 1399 805 1453 aciem
842 1397 1028 1467 gladii,
1058 1393 1513 1448 convalueruntde
1539 1393 1872 1461 inﬁrmitate,

313 1497 474 1562 fortes
515 1492 646 1562 facti
685 1497 805 1542 sunt
847 1489 901 1542 in
947 1486 1100 1553 bello,
1145 1493 1324 1539 castra
1360 1494 1623 1538 verterunt
1661 1494 1870 1538 extero-

309 1602 447 1653 wm,
492 1591 798 1654 acceperunt
828 1581 1071 1635 mulieres
1112 1579 1177 1634 de
1221 1577 1595 1634 resurrectione
1635 1585 1869 1632 mortuos

291 1693 450 1731 suos.

375 1931 465 1986 52.
509 1930 891 2000 Unusquisque
933 1929 1095 1999 igitur
1135 1927 1248 1982 haec
1281 1927 1396 1997 jam
1422 1927 1611 1982 dicens
1643 1927 1876 1982 conﬁdat

306 2026 443 2091 fore,
487 2032 680 2094 ut..per
708 2037 770 2076 ea
811 2022 953 2076 Deus
1003 2021 1367 2091 supplicantes
1409 2021 1695 2077 auditurus
1739 2021 1810 2076 sit
1857 2039 1871 2075 :

307 2118 420 2172 sive
455 2115 598 2170 enim
635 2115 940 2180 tribulatur,
970 2113 1060 2184 qni
1091 2114 1204 2168 haec
1231 2113 1378 2180 dicit,
1415 2128 1665 2183 magnam
1705 2114 1874 2183 perci-

307 2209 413 2276 piet
443 2208 495 2261 in
532 2207 666 2276 ipsis
695 2207 1159 2271 consolationem;
1194 2205 1308 2261 sive
1343 2213 1602 2270 tentatur,
1631 2215 1721 2260 aut
1755 2221 1874 2276 per-

305 2301 632 2356 secutionem
671 2300 887 2370 patitur,
911 2300 1002 2368 qui
1030 2300 1101 2352 ita
1125 2298 1322 2368 psallit,
1353 2298 1628 2368 probatior
1651 2313 1876 2368 appare—

227 2403 230 2405 ‘
307 2391 401 2454 bit,
431 2399 591 2460 atque
617 2406 647 2444 a
679 2391 904 2444 Domino
928 2398 1256 2459 protegetur,
1285 2387 1377 2458 qui
1413 2388 1577 2442 etiam
1609 2389 1722 2443 bzec
1754 2404 1876 2458 pro-

306 2484 564 2537 ferentem
617 2481 890 2547 defendit;
944 2481 1030 2534 bis
1075 2479 1347 2534 diabolum
1401 2479 1627 2549 fugabit,
1677 2481 1876 2535 daemo-

306 2589 510 2643 nesque
548 2572 665 2640 eius
708 2572 904 2642 abiget.
950 2569 1075 2627 Haec
1119 2586 1282 2641 porro
1323 2571 1528 2638 dicens,
1570 2573 1618 2628 si
1658 2573 1874 2642 quidem

305 2664 627 2735 peccaverit,
656 2677 776 2719 sese
808 2661 1164 2732 adpndorem
1199 2670 1388 2729 vertet,
1419 2673 1581 2733 atque
1618 2665 1876 2734 peccandi

304 2757 466 2811 ﬁnem
507 2753 697 2818 faciet;
743 2753 788 2807 si
829 2767 936 2807 non
976 2752 1303 2822 peccaverit,
1339 2767 1397 2806 se
1439 2754 1619 2808 laatum
1656 2755 1874 2824 conspi-

302 2849 428 2909 cie‘t,
459 2845 584 2918 quia
607 2846 673 2900 iis
697 2860 824 2914 quae
841 2853 964 2898 ante
993 2851 1140 2905 sunt,
1165 2843 1492 2906 extenditur,
1522 2854 1688 2914 atque
1712 2858 1878 2914 oppu‘

304 2947 499 3007 gnatus
523 2938 594 2992 ita
617 2937 949 3007 psalmorum
981 2937 1034 2989 vi
1062 2935 1406 3004 praevalebit;
1432 2950 1541 2990 non
1569 2951 1878 2992 commove-

305 3030 450 3084 bitur
480 3038 655 3083 autem
686 3028 739 3082 in
767 3035 1083 3082 :eternuma
1113 3027 1338 3081 veritate
1363 3044 1375 3079 :
1409 3025 1519 3080 imo
1541 3025 1874 3096 deceptores,

1979 575 2034 626 δὲ
2068 575 2152 626 ἵνα
2177 575 2269 627 καὶ
2296 574 2357 627 τὸ
2376 575 2595 645 Πνεῦμα
2625 576 2684 627 τὸ
2707 574 2940 645 λαλῆσαν
2975 576 3031 626 ἐν
3053 577 3164 629 τοῖς
3187 575 3378 642 ἁγίοις,
3407 575 3540 630 Θεω-

1983 666 2106 738 ροῦν
2127 667 2250 729 τοὺς
2281 669 2408 738 παρ’
2431 665 2593 720 αὐτοῦ
2653 666 2842 735 λόγους
2879 665 3238 735 ὲνηχηθέντας
3293 667 3537 730 ἐκείνοις,

1980 757 2539 828 συναντιλαμϐάνηται
2585 760 2736 828 ἡμῖν.
2793 758 2941 827 Ὅσῳ
2991 757 3098 827 γὰρ
3150 758 3259 808 τῶν
3310 758 3478 826 ἁγίων
3511 759 3544 811 ὁ

1979 848 2091 917 βίος
2116 849 2333 919 βελτίων
2368 849 2473 902 τῶν
2501 847 2672 901 ἄλλων
2717 847 2852 912 ἐστὶ,
2885 847 3124 916 τοσούτῳ
3162 847 3254 899 καὶ
3291 847 3359 900 τὰ
3409 849 3537 919 παρ’

1976 939 2152 993 αὐτῶν
2178 942 2394 1010 ῥήματα
2423 940 2531 994 τῶν
2559 943 2683 1010 παρ’
2701 939 2855 1010 ἡμῶν
2878 939 3270 1009 συντιθεμένων
3297 939 3540 1010 βελτίονα

1977 1033 2071 1086 καὶ
2112 1033 2432 1103 ἰσχυρότερα
2490 1031 2554 1085 ἄν
2604 1049 2688 1093 τις
2717 1031 2859 1083 εἴποι
2905 1031 3143 1094 δικαίως.
3190 1032 3277 1082 Ἑν
3330 1032 3540 1094 τούτοις

1974 1124 2083 1195 γάρ
2113 1124 2480 1195 εύηρέστησαν
2511 1121 2588 1192 τῷ
2621 1122 2758 1192 Θεῷ,
2789 1124 2882 1175 καὶ
2928 1123 3099 1176 ταῦτα
3151 1123 3418 1191 λέγοντες,
3463 1123 3538 1186 ὡς

1975 1211 2126 1268 εἶπεν
2158 1217 2186 1268 ὁ
2246 1214 2584 1278 Ἀπόστολος·
2643 1213 3138 1284 Κατηγωνίσαντο
3191 1214 3533 1277 βασιλείας,

1973 1305 2324 1375 εἰργάσαντο
2376 1305 2786 1372 δικαιοσύνην,
2824 1303 3119 1373 ἐπέτυχον
3149 1303 3534 1374 ἐπαγγελιῶν,

1972 1396 2239 1464 ἔφραξαν
2290 1397 2557 1465 στόματα
2616 1398 2910 1459 λεόντων,
2967 1396 3229 1448 ἔσϐεσαν
3285 1395 3541 1461 δύναμιν

1973 1485 2182 1554 πυρὸς,
2212 1487 2437 1557 ἔφυγον
2460 1487 2723 1555 στόματα
2761 1487 3074 1555 μαχαίρας,
3097 1485 3543 1556 ἐνεδυναμώθη-

1971 1593 2093 1630 trav
2151 1575 2268 1629 ἀπὸ
2337 1576 2683 1641 ἀσθενείας,
2749 1576 3120 1644 ἐγενήθησαν
3175 1577 3408 1645 ἰσχυροὶ
3470 1578 3546 1629 ἐν

1971 1665 2230 1736 πολέμῳ,
2281 1665 2659 1736 παρεμϐολὰς
2703 1666 2951 1721 ἔκλιναν
2991 1667 3340 1736 ἀλλοτρίων,
3397 1669 3536 1721 ἔλα-

1973 1760 2080 1811 ϐον
2148 1758 2426 1828 γυναῖκες
2483 1758 2552 1822 ἐξ
2619 1758 3007 1822 ἀναστάσεως
3073 1756 3216 1823 τοὺς
3288 1758 3545 1826 νεκροὺς

1899 1838 1942 1894 Β
1969 1849 2186 1905 αὐτῶν.

2042 1943 2140 2013 λβ¹.
2187 1942 2394 1996 Οὐκοῦν
2453 1943 2546 1996 καὶ
2580 1941 2672 1996 νῦν
2725 1939 2896 1994 ταῦτα
2939 1941 3113 2009 λέγων
3139 1940 3366 2004 ἕκαστος
3398 1941 3542 1995 ἔστω

1973 2036 2208 2109 θαρρῶν,
2235 2038 2317 2090 ὅτι
2343 2035 2408 2089 δι’
2442 2034 2619 2088 αὐτῶν
2665 2034 2874 2104 ταχέως
2912 2036 2939 2086 ὁ
2987 2033 3119 2096 Θεὸς
3175 2033 3538 2087 ἐπακούσεται

1971 2135 2084 2195 τοῖς
2113 2131 2404 2202 δεομένοιςο
2435 2131 2544 2184 εἴτε
2589 2130 2700 2201 γὰρ
2726 2129 2961 2182 θλίϐεται
3016 2128 3186 2197 λέγων
3223 2128 3410 2192 ταῦτα,
3449 2145 3540 2198 με-

1973 2226 2144 2295 γάλην
2176 2225 2364 2294 ὄψεται
2397 2223 2493 2295 τὴν
2521 2225 2578 2276 ἐν
2604 2225 2785 2285 αὐτοῖς
2813 2221 3175 2292 παράκλησιν·
3213 2220 3322 2273 εἴτε
3357 2221 3544 2291 πειρά-

1974 2317 2123 2382 ζεται
2153 2317 2245 2369 καὶ
2269 2313 2520 2368 διώκεται
2546 2314 2760 2384 ψάλλων
2790 2311 2982 2376 οὕτως,
3010 2311 3373 2382 δοκιμώτερος
3407 2311 3540 2363 ἁνα-

1975 2411 2288 2481 φανήσεται,
2325 2408 2417 2459 καὶ
2449 2405 2880 2475 σκεπασθήσεται
2904 2404 3051 2475 παρὰ
3075 2404 3166 2456 τοῦ
3192 2401 3539 2473 Κυρίου,”τοῦ

1973 2505 2067 2556 καὶ
2101 2501 2191 2554 τὸν
2220 2501 2438 2553 εἰπόντα
2468 2497 2640 2552 ταῦτα
2685 2494 3071 2557 σκεπάσαντοςο
3106 2495 3162 2546 ὲν
3205 2494 3410 2556 τούτοις
3448 2493 3540 2546 τὸν

1977 2596 2074 2666 μὲν
2106 2593 2345 2647 διάϐολον
2375 2589 2688 2662 ἀνατρέψει,
2718 2590 2844 2652 τοὺς
2872 2588 2927 2641 δὲ
2975 2587 3229 2658 δαίμονας
3262 2585 3539 2642 αὑτοῦ,σο-

1976 2688 2152 2757 6ἡσει.
2191 2684 2372 2739 Ταῦτα
2415 2683 2586 2752 λέγων
2618 2684 2666 2734 εί
2699 2681 2795 2752 μὲν
2825 2682 3087 2751 ἥμαρτεν,
3141 2679 3331 2733 ἑαυτὸν
3369 2678 3543 2747 ἐντρέ-

1973 2777 2065 2846 ψει
2099 2777 2190 2830 καὶ
2222 2775 2510 2828 παύσεταιο
2546 2774 2593 2825 εί
2625 2773 2681 2826 δὲ
2716 2773 2789 2844 μὴ
2839 2774 3106 2846 ἥμαρτεν,
3133 2771 3320 2839 ὄψεται
3350 2769 3542 2823 ἑαυτὸν

1975 2868 2255 2941 χαίροντα,
2289 2869 2368 2921 ὃτι
2408 2869 2520 2930 τοῖς
2558 2867 2654 2936 μὲν
2688 2863 2994 2935 ἔμπροσθεν
3027 2842 3420 2924 ἐπεκτείνεται,
3449 2861 3542 2913 καί

1976 2960 2371 3031 ἀγωνιζόμενος
2400 2959 2497 3029 μὲν
2525 2957 2730 3027 ἰσχύσει
2758 2956 2973 3026 ψάλλων
3017 2954 3210 3018 οὕτως,
3245 2953 3303 3006 οὺ
3353 2952 3542 3006 σαλευ-

1977 3052 2194 3122 θήσεται
2217 3048 2274 3100 δὲ
2306 3049 2386 3110 είς
2411 3046 2501 3100 τὸν
2555 3045 2727 3100 αίῶνα
2787 3043 2895 3098 ἀπὸ
2932 3044 3031 3114 τῆς
3070 3041 3345 3113 ἀληθείας,
3407 3038 3540 3092 ἀλλά

303 3133 356 3178 et
385 3124 477 3193 qui
506 3138 631 3178 eum
673 3121 728 3176 in
770 3134 1010 3174 errorem
1042 3117 1308 3174 deducere
1347 3117 1687 3185 tentaverint,
1715 3134 1873 3173 coar-

341 3224 424 3234 η-.
450 3233 456 3234 ,
504 3224 547 3234 -4
583 3213 742 3234 I-__!__-
784 3212 858 3234 _-2
898 3227 1128 3234 -_‘-_--_
1159 3226 1264 3234 _....
1304 3211 1461 3234 1......Δ
1498 3222 1570 3234 --Α
1637 3214 1725 3234 --Δ
1756 3214 1863 3234 2__,_

1979 3142 2071 3194 καὶ
2127 3139 2254 3202 τοὺς
2315 3135 2638 3199 ἀπατῶντας
2711 3136 2807 3190 καὶ
2859 3135 3066 3206 πλανᾷν
3135 3131 3543 3202 ἐπιχειροῦντας

303 3224 462 3285 guet;
498 3224 551 3269 et
583 3213 745 3282 huius
784 3212 862 3266 rei
897 3227 1128 3282 sponsor
1159 3226 1267 3265 non
1303 3211 1467 3267 homo
1493 3222 1594 3278 est,
1633 3214 1727 3268 sed
1756 3214 1872 3283 ipsa

301 3307 482 3362 divina
505 3304 805 3375 Scriptura.
830 3303 971 3358 Deus
990 3303 1137 3359 enim
1150 3306 1588 3380 praecepitMoysi
1605 3310 1668 3372 ³³,
1689 3317 1748 3364 ut
1770 3325 1878 3364 rna-

302 3412 460 3468 gnam
478 3394 647 3450 Odam
666 3395 1048 3460 conscriberet,
1065 3395 1388 3467 doceretqne
1400 3401 1655 3469 populum
1679 3418 1692 3467 ;
1714 3413 1876 3472 atque

301 3502 450 3552 eum,
485 3485 577 3556 qui
615 3484 866 3554 princeps
895 3484 1224 3540 constitutus
1253 3495 1416 3555 esset,
1445 3488 1601 3558 jubet
1637 3491 1875 3547 scribere

305 3571 868 3638 Deuteronominm“,
912 3582 967 3627 et
1019 3573 1150 3628 illud
1190 3590 1299 3644 prae
1350 3578 1603 3633 manibus
1652 3579 1872 3646 habere,

305 3679 624 3735 semperque
669 3664 788 3732 ejus
821 3663 986 3718 verba
1025 3663 1293 3728 meditari,
1324 3667 1524 3737 quippe
1557 3666 1874 3723 sullicicntia

305 3764 433 3812 sunt
460 3764 571 3810 tum
603 3756 670 3810 ad
702 3754 917 3810 virtutis
949 3757 1451 3824 commonitionem,
1480 3766 1593 3812 tum
1622 3759 1689 3814 ad
1719 3773 1874 3828 opem

303 3847 374 3901 iis
402 3845 713 3911 ferendam,
743 3845 835 3916 qui
870 3845 1084 3900 sincero
1134 3847 1318 3901 animo
1362 3849 1604 3904 meditati
1651 3865 1714 3904 ea
1759 3849 1877 3906 fue-

302 3937 433 3994 rint.
479 3937 789 3993 Sane-cum
835 3936 889 3991 in
933 3945 1131 3991 terram
1179 3937 1556 4008 promissionis
1597 3939 1878 4012 ingressus

301 4037 384 4083 est
412 4026 571 4082 Jesus
602 4024 768 4092 Nave,
806 4027 1107 4106 conspectis
1136 4027 1371 4096 gentium
1403 4030 1622 4098 castris,
1657 4030 1876 4101 regibus

299 4117 740 4172 Amorrhaeorum
766 4117 1021 4172 omnibus
1047 4117 1113 4170 ad
1139 4117 1334 4173 bellum
1363 4121 1728 4190 congregatis,
1761 4123 1877 4177 vice

303 4210 533 4263 telorum
589 4208 996 4279 gladiorumque
1077 4209 1553 4267 Deuteronomium
1615 4214 1741 4285 legit
1806 4216 1874 4271 ad

302 4315 464 4354 aures
527 4299 805 4364 omnium,
836 4301 1106 4368 verbaque
1138 4298 1268 4369 legis
1321 4298 1375 4352 in
1429 4301 1740 4355 memoriam
1789 4317 1878 4356 re-

301 4391 603 4455 vocavit",
650 4399 813 4461 atque
843 4405 968 4445 cum
1015 4391 1083 4443 iis
1116 4390 1374 4459 populum
1420 4406 1518 4445 ceu
1562 4393 1729 4449 armis
1795 4394 1878 4447 in-

1975 3229 2200 3299 ὲλέγξει’
2235 3229 2326 3281 καὶ
2374 3226 2559 3284 τούτου
2609 3226 2710 3279 οὐκ
2755 3225 3037 3298 ἅνθρωπος
3087 3224 3378 3295 ἐγγυητὴς,
3427 3221 3542 3275 ἀλλ’

1974 3322 2109 3394 αὐτὴ
2139 3323 2172 3392 ἡ
2205 3321 2324 3374 θεία
2370 3321 2577 3389 γίνεται
2606 3319 2815 3390 Γραφή.
2859 3318 2917 3371 '0
2939 3318 3046 3389 γάρ
3092 3316 3220 3380 Θεὸς
3246 3313 3544 3368 ἐνετείλατο

1973 3413 2052 3482 τῷ
2082 3401 2286 3482 Μωῦξῇ
2323 3410 2529 3482 γράψαι
2558 3409 2656 3480 τὴν
2693 3409 2933 3480 μεγάλην
2983 3407 3156 3479 ᾩδὴν,
3205 3407 3299 3458 καὶ
3339 3403 3544 3467 διδάξαι

1971 3505 2064 3556 τὸν
2094 3503 2240 3556 λαόν·
2269 3502 2360 3555 τόν
2393 3518 2451 3553 τε
2478 3501 2873 3571 καθιστάμενον
2899 3501 3132 3570 ἄρχοντα
3167 3496 3374 3551 κελεύει
3407 3496 3543 3567 γρά-

1971 3596 2070 3664 ψαι
2106 3595 2166 3646 τὸ
2189 3594 2623 3665 Δευτερονὸμιον,
2653 3591 2794 3662 ἔχειν
2837 3608 2897 3643 τε
2939 3590 3095 3643 τοῦτο
3145 3588 3281 3659 μετὰ
3333 3591 3542 3658 χεῖρας,

1975 3687 2067 3740 καὶ
2104 3686 2328 3756 μελετᾷν
2353 3685 2438 3738 ἀεὶ
2470 3684 2537 3737 τὰ
2572 3685 2629 3738 ὲν
2663 3681 2810 3754 αὐτῷ
2842 3684 3081 3754 ῥήματα,
3127 3680 3202 3744 ὡς
3234 3679 3546 3751 ἀρκούντων

1974 3778 2081 3832 τῶν
2111 3779 2168 3831 ὲν
2198 3778 2377 3840 αὐτοῖς
2405 3775 2577 3844 λόγων
2608 3774 2744 3846 πρός
2776 3791 2838 3826 τε
2865 3775 3166 3844 ὑπόμνησιν
3199 3771 3418 3843 ἀρετῆς,
3449 3771 3544 3824 καὶ

1979 3869 2227 3941 βοήθειαν
2279 3869 2462 3940 φέρειν
2531 3869 2643 3929 τοῖς
2697 3865 2936 3937 γνησίως
2999 3865 3192 3928 αὐτοὺς
3229 3862 3542 3933 μελετῶσιν.

1991 3960 2205 4032 Ἀμέλει
2248 3959 2484 4030 ὁπηνίκα
2516 3959 2595 4022 είς
2620 3957 2716 4028 τὴν
2753 3958 2856 4026 γῆν
2907 3955 3154 4024 είσῆλθεν
3183 3954 3336 4007 ὁ-τοῦ
3364 3953 3541 4022 Ναυῆ,

1979 4049 2190 4121 βλέπων
2214 4050 2312 4112 τὰς
2338 4048 2444 4102 τῶν
2464 4046 2673 4118 ἐχθρῶν
2702 4047 2992 4114 διατάξεις,
3028 4045 3123 4098 καὶ
3150 4045 3274 4106 τοὺς
3305 4043 3544 4112 βασιλεῖς

1976 4140 2084 4194 τῶν
2125 4139 2464 4210 Ἀμορραίων
2505 4138 2710 4201 πάντας
2751 4136 3098 4199 συνελθόντας
3163 4137 3243 4198 είς
3286 4135 3543 4204 πόλεμον,

1979 4230 2140 4293 αὐτὸς
2171 4229 2284 4282 ἀνθ’
2309 4229 2486 4282 ὃπλων
2512 4230 2605 4281 καὶ
2647 4226 2814 4298 ξιφῶν
2860 4228 2922 4280 τὸ
2964 4228 3376 4298 Δευτερονόμιον
3416 4227 3548 4282 ἀνα·

1978 4321 2140 4389 γνοὺς
2160 4322 2238 4383 είς
2259 4319 2328 4373 τὰ
2377 4314 2490 4373 ῶτα
2540 4320 2776 4384 πάντων,
2809 4320 2878 4374 τά
2901 4337 2961 4373 τε
2996 4321 3216 4391 ῥήματα
3257 4319 3350 4372 τοῦ
3378 4320 3542 4390 νόμου

1980 4412 2314 4482 ὑπομνήσας,
2369 4412 2461 4463 καὶ
2496 4411 2703 4475 τούτοις
2749 4411 2838 4464 τὸν
2881 4412 3006 4466 λαὸν
3067 4411 3420 4474 καθοπλίσας,
3449 4426 3546 4461 πε-

304 4483 594 4537 struxisset
625 4523 640 4548 ,
702 4481 950 4536 inimicos
1017 4480 1309 4550 superavit.
1375 4480 1489 4536 Rex
1551 4491 1729 4538 autem
1783 4482 1875 4538 Jo-

1981 4480 2223 4573 ριγέγονε
2273 4501 2380 4555 τῶν
2437 4502 2729 4573 πολεμίων.
2796 4503 2854 4557 '0
2887 4503 2944 4556 δὲ
3011 4501 3258 4572 βασιλεὺς
3317 4500 3544 4564 Ἰωσίας,

305 4574 450 4638 sias,
503 4573 726 4630 invento
781 4573 942 4638 libro,
998 4581 1051 4627 et
1081 4571 1148 4626 ad
1193 4573 1435 4627 omnium
1493 4589 1653 4628 aures
1699 4577 1873 4644 perle-

303 4676 393 4720 eto
411 4665 477 4733 “,
513 4681 624 4720 non
650 4666 786 4720 ultra
811 4666 1060 4720 inimicos
1085 4663 1470 4720 reformidavit.
1496 4665 1559 4719 Et
1583 4666 1626 4720 si
1658 4671 1876 4736 quando

305 4759 507 4816 bellum
527 4759 732 4830 populo
771 4759 1067 4830 ingrueret,
1100 4773 1247 4823 arca,
1281 4774 1401 4827 qua:
1430 4759 1563 4829 legis
1599 4761 1875 4815 volumina

307 4851 640 4918 continebat,
676 4866 866 4906 omnes
901 4851 1257 4921 praecedebat,
1287 4859 1340 4905 et
1376 4851 1429 4906 id
1469 4854 1578 4907 illis
1615 4870 1768 4926 aaqne
1808 4855 1874 4908 ad

306 4941 608 4996 subsidium
639 4941 955 5004 sulliciebat,
987 4956 1052 4996 ac
1083 4941 1335 5011 quaelibet
1359 4943 1522 5008 acies,
1560 4943 1664 4999 nisi
1705 4945 1877 5014 quod-

307 5035 432 5088 dam
490 5031 627 5087 inter
673 5031 884 5100 baiulos
931 5033 1050 5103 ejus
1096 5041 1192 5087 aut
1241 5033 1379 5088 inter
1430 5035 1688 5104 papulum
1732 5045 1878 5090 esset

305 5134 612 5193 peccatum,
676 5132 770 5178 aut
826 5123 1147 5196 hypocrisis,
1191 5141 1313 5196 qum
1365 5126 1701 5195 praevaleret.
1747 5127 1877 5184 Fide

306 5230 542 5287 namque
586 5223 641 5271 et
678 5216 846 5286 probo
888 5216 1211 5288 sinceraque
1255 5217 1448 5272 ali'ectu
1499 5227 1580 5273 est
1623 5233 1782 5289 opus,
1819 5231 1879 5278 ut

305 5305 389 5360 lex
426 5307 480 5361 in
512 5308 599 5374 iis,
631 5324 752 5379 quae
785 5309 839 5364 in
868 5311 1010 5366 votis
1040 5319 1185 5376 sunt,
1221 5310 1560 5381 sum-agetur.

378 5397 470 5452 35.
509 5398 621 5469 Ego
649 5409 814 5466 certe,
840 5401 1020 5456 aiebat
1041 5416 1227 5469 senex,
1245 5387 1436 5456 audivi
1464 5418 1496 5456 a
1524 5404 1880 5472 prudentibus

307 5486 459 5553 viris,
501 5491 645 5558 quod
681 5492 809 5546 olim
850 5493 904 5547 in
939 5490 1136 5548 lsraele
1193 5492 1308 5549 sola
1357 5491 1760 5565 Scripturarum
1807 5499 1882 5555 le-

408 5684 452 5721 ²⁶
494 5683 656 5740 Hebr.
698 5703 783 5753 χι,
841 5690 1022 5746 55-55.

1139 5689 1363 5747 "Deut.
1412 5711 1562 5766 nm,
1619 5699 1704 5756 l9.

337 5769 470 5822 xm,
501 5756 590 5810 8-1
607 5757 646 5808 l.

1981 4593 2292 4665 εὑρεθέντος
2323 4595 2416 4648 τοῦ
2447 4594 2669 4666 βιϐλίου,
2722 4596 2816 4650 καὶ
2853 4595 3285 4664 ἀναγνωσθέντος
3324 4595 3404 4657 είς
3449 4592 3546 4656 τὰς

1982 4684 2197 4737 πάντων
2221 4683 2408 4748 ἀκοὰς,
2438 4683 2619 4738 οὐκέτι
2638 4685 2764 4749 τοὺς
2795 4684 3024 4758 ἐχθροὺς
3051 4684 3315 4754 ἐφοϐεῖτο.
3348 4685 3458 4738 Καὶ
3496 4685 3550 4736 εί

1983 4793 2112 4830 ποτε
2145 4775 2200 4828 δὲ
2223 4776 2455 4848 πόλεμος
2491 4772 2656 4848 ἦντῷ
2694 4777 2827 4848 λαῷ,
2879 4779 2911 4849 ἡ
2971 4777 3199 4840 κιϐωτὸς
3250 4777 3446 4846 ἔχουσα
3480 4783 3548 4830 cdt

1983 4867 2146 4931 πυξία
2199 4867 2292 4920 τοῦ
2339 4867 2502 4938 νόμου
2576 4869 2849 4940 προώδευε
2893 4870 3130 4934 πάντων,
3185 4868 3277 4920 καὶ
3331 4870 3550 4939 ἠρκεῖτο

1982 4957 2191 5022 τούτοις
2219 4959 2338 5012 ἀντὶ
2365 4960 2546 5030 πάσης
2577 4961 2932 5031 παρατάξεως
2961 4962 3042 5022 είς
3068 4959 3340 5030 βοήθειαν,
3389 4960 3438 5012 εί
3474 4960 3546 5029 μή

1983 5067 2066 5112 τις
2103 5045 2169 5120 ἦν
2234 5049 2384 5120 παρὰ
2440 5053 2551 5114 τοῖς
2605 5050 2929 5120 βαστάζουσι
2985 5051 3079 5103 καὶ
3131 5053 3188 5104 ὲν
3245 5053 3357 5113 τοῖς
3407 5049 3551 5111 λαοῖς

1985 5141 2412 5210 προκρατήσασα
2443 5141 2686 5212 ἁμαρτία
2713 5143 2806 5196 καὶ
2837 5143 3140 5213 ὑπόκρισις.
3173 5142 3412 5204 Πίστεως
3446 5141 3552 5211 γὰρ

1987 5229 2081 5282 καὶ
2116 5231 2346 5300 γνησίας
2397 5230 2688 5296 διαθέσεως
2746 5233 2924 5304 χρεία,
2967 5232 3053 5284 ἶνα
3094 5233 3123 5284 ὁ
3153 5231 3312 5302 νόμος
3363 5233 3443 5294 είς
3485 5229 3553 5282 τὰ

1987 5323 2106 5374 κατ’
2135 5321 2300 5392 εὐχὴν
2334 5322 2746 5394 συνεργάζηται.

2056 5412 2157 5480 λγ’.
2215 5413 2356 5482 Ἐγὼ
2418 5415 2569 5483 γοῦν,
2633 5415 2828 5486 ἔλεγεν,
2863 5418 2890 5470 ὁ
2951 5415 3148 5491 γέρων,
3203 5417 3428 5486 ηκουσα·
3459 5413 3554 5468 καὶ

1990 5505 2138 5576 παρὰ
2183 5506 2458 5578 φρονίμων
2501 5508 2730 5578 ἀνδρῶν,
2758 5508 2833 5572 ὡς
2870 5509 2976 5580 ἄρα
3007 5509 3068 5562 τὸ
3094 5508 3321 5562 παλαιὸν
3374 5509 3431 5559 ὲν
3475 5503 3553 5575 τῷ

1810 5704 1853 5737 ³⁸
1887 5704 2042 5762 Deut.
2109 5723 2242 5776 χιιι,
2306 5711 2392 5764 18.
2469 5711 2514 5742 ³⁵
2559 5679 2724 5770 Josue
2757 5728 2876 5782 vm,
2909 5712 3114 5783 54,55.
3212 5709 3256 5742 “
3287 5707 3353 5761 ιν
3414 5706 3542 5778 Reg.
