3944 6220
374 364 441 416 45
1299 357 1666 417 ΑΟΜΟΝΠΊΟ
1706 362 1769 416 1N
1810 363 1894 416 ΕΧ
1907 363 1943 416 P

2049 361 2304 420 [TIONES
2343 362 2708 418 PSALMORU
2721 363 2786 418 Μ,
3548 359 3616 415 ιο

386 471 618 545 Ἰσραὴλ,
659 472 826 545 μόνον
859 474 1313 543 ἀναγινώσκοντες
1343 477 1438 540 τὰς
1465 478 1502 528 Γ
1508 477 1705 548 ραφὰς,
1720 477 1939 530 ὲδίωκον

2049 481 2216 535 ctione
2235 480 2509 536 daemones
2531 479 2811 550 lugebant,
2841 486 2894 532 et
2925 477 3150 533 insidias
3180 477 3248 532 ab
3273 475 3406 547 ipsis
3428 477 3618 531 adver-

373 567 650 636 δαίμονας,
699 567 795 620 καὶ
829 567 1047 637 ἠλέξουν
1075 571 1173 632 τὰς
1231 569 1360 639 παρ’
1383 569 1560 622 αὐτῶν
1589 573 1704 632 τοῖς
1744 569 1947 640 ἀνθρὼο

375 676 490 723 ποις
521 659 821 728 γινομένας
884 659 1192 723 ὲπιὸουλάς.
1227 663 1386 714 Ὅθεν
1431 662 1525 716 καὶ
1555 660 1946 729 καταγνώσεως

377 756 552 824 πάσης
584 755 769 820 ἀξίους
790 749 930 808 εἶναι
963 755 1113 824 ἔλεγε
1144 757 1270 819 τοὺς
1305 755 1477 810 ταῦτα
1533 756 1628 826 μὲν
1666 756 1943 824 ἀφιέντας,

379 843 723 908 συντιθέντας
771 844 827 897 δὲ
872 845 1082 908 ἑαυτοῖς
1112 845 1306 910 ἔξωθεν
1346 844 1545 899 πιθανὰ
1585 846 1822 915 ῥήματα,
1854 843 1947 897 καλ⁴

379 938 435 989 ὲν
479 936 690 998 τούτοις
725 935 1043 1008 ὲξορκιστὰς
1073 938 1294 1000 ἑαυτοὺς
1332 936 1714 1006 ὀνομάζοντας.
1734 935 1945 989 Μᾶλλον

377 1030 483 1100 γὰρ
509 1030 795 1094 παίζουσι,
845 1033 938 1083 καὶ
967 1033 1295 1102 παρέχουσιν
1335 1031 1560 1092 ἑαυτοὺς
1601 1030 1826 1092 ἐκείνοις
1866 1029 1946 1091 είς

377 1123 435 1175 τὸ
460 1122 835 1192 χλευάζεσθαιο
880 1120 968 1175 οἷα
1026 1122 1355 1176 πεπόνθασιν
1413 1121 1652 1174 Ἰουδαῖοι
1695 1122 1743 1173 οἱ
1770 1120 1946 1173 Σκευᾶ

378 1214 500 1274 υἱοὶ,
530 1214 978 1284 ἐπιχειρήσαντες
1039 1213 1134 1266 καὶ
1184 1213 1334 1266 αὐτοὶ
1375 1212 1464 1264 τὸν
1506 1212 1705 1283 τρόπον
1759 1210 1945 1264 τοῦτον

378 1303 694 1376 ὲξορκίζειν.
758 1306 940 1358 Ταῦτα
985 1306 1082 1375 μὲν
1135 1305 1244 1374 γὰρ
1308 1303 1596 1366 ἀκούοντες
1641 1302 1793 1373 παρὰ
1836 1302 1945 1354 τῶν

376 1395 630 1448 τοιούτων
655 1397 705 1448 οἱ
731 1397 976 1466 δαίμονες
1007 1394 1278 1459 παίζουσι*
1314 1395 1382 1448 τὰ
1407 1395 1464 1447 δὲ
1499 1395 1606 1447 τῶν
1645 1395 1814 1462 ἁγίων
1851 1396 1946 1466 ῥή-

381 1506 524 1557 ματα
555 1487 867 1556 φοϐοῦνται,
913 1488 1072 1557 ﬂuat
1119 1487 1305 1558 φέρειν
1365 1487 1503 1539 αὐτὰ
1554 1487 1613 1539 ού
1664 1486 1938 1540 δύνανται.

384 1581 532 1632 Ἐστι
558 1579 667 1651 γὰρ
707 1581 765 1632 ὲν
798 1582 910 1642 τοῖς
951 1578 1059 1631 τῶν
1093 1578 1322 1648 Γραφῶν
1365 1579 1598 1647 ῥήμασιν
1627 1577 1655 1629 ὁ
1717 1576 1941 1646 Κύριος,

379 1669 435 1721 ὃν
477 1671 550 1739 μὴ
583 1670 870 1740 δυνάμενοι
897 1671 1078 1740 φέρειν
1139 1668 1384 1739 ἔκραζον
1427 1667 1640 1736 Δέομαί
1687 1682 1824 1729 σου,
1859 1666 1943 1736 μή

2050 587 2171 626 sum
2239 573 2484 627 homines
2532 583 2750 642 parat-as
2802 571 3172 626 destruebant.
3230 570 3412 636 Quare
3469 571 3614 624 omni

2050 663 2396 718 damnatione
2428 663 2621 733 dignos
2646 678 2766 718 csse
2797 663 3010 718 dicebat
3041 676 3138 717 eos
3169 662 3284 732 qui,
3332 662 3417 716 his
3450 660 3614 716 omis-

2051 753 2148 819 sis,
2197 754 2527 824 adscitisque
2567 754 2788 808 aliunde
2825 755 3006 808 verbis
3049 751 3408 821 elegantibus,
3451 751 3504 804 in
3553 752 3622 806 iis

2051 859 2171 898 sese
2200 843 2500 898 exorcistas
2526 845 2889 898 nominarent.
2921 842 3109 899 Potius
3137 842 3281 896 enim
3313 843 3524 906 ludunt,
3559 858 3622 897 ac

2051 947 2110 988 se
2150 933 2490 989 daemonibus
2536 934 2790 990 ridendos
2824 934 3076 999 oti'erunt,
3122 934 3265 989 sicut
3304 933 3499 990 accidit
3527 931 3624 986 Ju-

2051 1023 2182 1080 diuis
2221 1025 2344 1079 ﬁliis
2387 1024 2657 1090 Scevze",
2692 1025 2784 1095 qui
2835 1041 2902 1080 eo
2944 1025 3063 1095 ipso
3109 1025 3270 1080 modo
3310 1025 3623 1079 exorcizare

2051 1123 2418 1171 tentaverunt.
2466 1115 2592 1171 "asc
2623 1117 2803 1186 itaque
2831 1129 2953 1174 cum
2992 1116 3220 1170 audiunt
3243 1116 3310 1171 ab
3340 1116 3472 1186 ipsis
3509 1117 3622 1171 dae-

2051 1223 2262 1271 mones,
2295 1209 2376 1264 eis
2417 1209 2682 1275 illudunt;
2720 1217 2908 1263 contra
2942 1225 3071 1264 vero
3111 1218 3419 1265 sanctorum
3457 1210 3622 1263 verba

2051 1297 2426 1363 reformidant,
2461 1315 2561 1354 nec
2594 1308 2824 1369 possunt
2850 1313 2913 1353 ea
2949 1298 3239 1354 sustinere.
3277 1297 3334 1352 In
3375 1297 3622 1368 Scriptu-

2050 1407 2232 1445 rarum
2259 1407 2493 1461 namque
2519 1392 2699 1446 verbis
2721 1401 2804 1446 est
2835 1391 3115 1454 Dominus,
3140 1407 3301 1462 quem
3329 1407 3452 1446 cum
3484 1391 3625 1444 ferre

2050 1498 2159 1536 non
2189 1493 2431 1553 possent,
2458 1484 2766 1538 clamabant
2794 1503 2807 1538 :
2839 1483 2976 1553 Rogo
3000 1495 3046 1536 te
3073 1499 3134 1536 ne
3164 1500 3242 1537 me
3270 1493 3390 1537 ante
3425 1493 3623 1550 tempus

2053 1583 2293 1642 torqueas
2316 1575 2380 1628 ³⁸.
2416 1573 2753 1629 ..Urebantur
2805 1576 3072 1644 siquidem
3125 1589 3249 1629 cum
3303 1584 3625 1643 praesenti-in

2052 1663 2340 1720 Dominum
2401 1675 2610 1722 tantum
2663 1668 2939 1722 viderent.
2988 1668 3065 1722 Ita
3111 1678 3164 1722 et
3204 1667 3404 1722 Paulus
3451 1667 3625 1736 impe-

377 1777 446 1821 με
464 1761 576 1828 πρὸ
607 1761 812 1828 καιροῦ
841 1761 1213 1828 βασανίσῃς·
1247 1761 1491 1814 ὲκαῐοντο
1516 1760 1625 1831 γὰρ
1655 1759 1749 1813 καὶ
1786 1759 1945 1829 μόνον

2050 1759 2190 1811 ravit
2257 1758 2485 1828 impuris
2544 1759 2884 1815 daemonibus
2945 1759 2989 1792 ”
3023 1799 3040 1826 ,
3105 1759 3179 1813 ita
3235 1768 3288 1814 et
3341 1757 3628 1827 discipulis

377 1851 661 1920 βλέποντες
688 1853 927 1924 παρόντα
952 1854 1044 1906 τὸν
1082 1853 1305 1924 Κύριον.
1337 1852 1523 1917 Οὕτως
1553 1853 1648 1907 καὶ
1669 1855 1698 1906 ὁ
1733 1854 1942 1916 Παῦλος

2049 1849 2471 1919 subjicicbantur
2510 1850 2777 1906 dmmonia
2796 1850 2861 1902 ⁸ο.
2895 1848 2960 1904 Et
3019 1864 3183 1918 super
3225 1847 3462 1904 Eliseum
3500 1864 3628 1918 pro-

378 1943 708 2012 παρήγγειλε
750 1947 860 2008 τοῖς
909 1944 1239 2016 ἀκαθάρτοις
1292 1944 1616 2015 πνεύμασιν·
1641 1944 1813 2008 οὕτως
1847 1945 1942 1999 καὶ

2049 1942 2265 2012 phetam
2305 1941 2444 1997 facta
2479 1951 2564 1998 est
2601 1959 2798 1998 manus
2836 1942 3050 1997 Domini
3073 1943 3143 2008 “,
3167 1956 3292 1996 cum
3331 1941 3504 1996 tribus
3541 1956 3626 1994 re-

373 2031 482 2093 τοῖς
532 2030 802 2101 μαθηταῖς
851 2033 1183 2086 ὑπετάσσετο
1235 2033 1304 2086 τὰ
1344 2034 1614 2104 δαιμόνια.
1681 2035 1789 2088 Καὶ
1823 2035 1944 2108 ,ἐπὶ

386 2125 685 2178 Ἐλισσαίου
740 2127 796 2180 δὲ
839 2126 932 2179 τοῦ
963 2129 1240 2199 προφήτου
1283 2127 1497 2196 ἐγένετο
1543 2128 1662 2199 χεὶρ
1712 2127 1939 2200 Κυρίου,

374 2215 467 2267 καὶ
494 2217 865 2288 προεφήτευσε
899 2218 1030 2289 περὶ
1069 2219 1177 2271 τῶν
1214 2218 1418 2271 ὑδάτων
1471 2221 1581 2279 τοῖς
1617 2219 1762 2287 τρισὶ
1790 2218 1942 2288 βασι·

373 2305 577 2370 λοῦσιν,
630 2309 719 2360 ὅτε
756 2307 952 2376 ἔψαλλε
1010 2310 1130 2362 κατ’
1162 2308 1381 2379 ἐντολὴν
1418 2307 1581 2361 αὑτοῦ
1635 2310 1664 2360 ὁ
1704 2308 1939 2377 ψάλλων.

373 2397 558 2461 Οὕτως
588 2399 682 2453 καὶ
708 2398 822 2462 νῦν,
851 2401 903 2453 εί
927 2413 1009 2463 τις
1030 2399 1250 2470 κήδεται
1275 2399 1382 2452 τῶν
1410 2400 1744 2470 πασχόντων,
1772 2401 1942 2454 ταῦτα

371 2487 594 2556 λεγέτω,
625 2489 720 2542 καὶ
777 2489 972 2560 μᾶλλον
1007 2490 1094 2542 τόν
1145 2507 1204 2542 τε
1264 2490 1541 2560 πάσχοντα
1579 2491 1777 2560 ὠφελεῖ
1815 2492 1939 2558 (9'),

373 2581 464 2632 καὶ
501 2580 694 2634 ἑαυτοῦ
722 2582 819 2652 τὴν
870 2582 1051 2634 πίστιν
1079 2581 1251 2652 ἀληθῆ
1302 2582 1396 2635 καὶ
1436 2581 1656 2651 βεϐαίαν
1680 2582 1941 2648 ἐπιδείξε-

371 2688 479 2725 ται’
514 2672 675 2736 ὥστε,
729 2674 822 2727 καὶ
873 2673 1077 2742 ταύτην
1129 2674 1339 2745 ὁρῶντα
1382 2673 1490 2726 τὸν¹
1538 2673 1693 2739 Θεὸν,
1733 2674 1941 2728 τελείαν

373 2763 468 2832 τὴν
495 2763 794 2834 θεραπείαν
829 2767 1132 2835 παρασχεῖν
1155 2767 1267 2827 τοῖς
1294 2764 1588 2835 δεομένοις.
1636 2762 1806 2817 Τοῦτο
1834 2763 1941 2836 γὰρ

373 2855 466 2906 καὶ
496 2856 523 2906 ὁ
563 2857 718 2922 ᾰγιος
754 2854 1056 2922 γινώσκων,
1087 2855 1273 2923 ἔλεγεν
1327 2857 1386 2908 ὲν
1445 2855 1525 2926 τῷ
1581 2862 1682 2928 ριη¹
1707 2854 1937 2926 ψαλμῷο

386 2943 487 2998 Ἐν
508 2946 630 3010 τοῖς
651 2945 1004 3014 δικαιώμασί
1057 2963 1172 3001 σου
1205 2945 1540 3016 μελετήσω,
1575 2949 1688 3000 οὐκ
1735 2946 1941 3012 ἐπιλή-

372 3047 550 3101 σομαι
569 3033 688 3085 τῶν
717 3036 914 3103 λόγων
969 3049 1104 3089 σου·
1157 3037 1250 3089 καὶ
1295 3036 1475 3090 πάλιν⁸
1536 3037 1745 3092 Ψαλτὰ
1775 3034 1940 3108 ἦσάν

365 3139 462 3189 μοι
486 3124 554 3176 τὰ
582 3124 938 3194 δικαιώματά
975 3143 1088 3182 σου
1143 3128 1212 3180 ἐν
1246 3129 1403 3195 τόπῳ
1445 3130 1757 3198 παροικίας
1795 3147 1936 3199 μου.

383 3214 469 3266 Ἐν
497 3214 703 3278 τούτοις
727 3216 834 3290 γὰρ
858 3219 950 3270 καὶ
981 3219 1252 3290 σωτηρίαν
1289 3221 1596 3292 ἐκέρδαινον
1617 3264 1632 3287 ,
1666 3221 1934 3290 λέγοντες
1964 3199 2007 3256 C

370 3309 439 3360 Et
455 3307 542 3376 μὴ
573 3308 661 3362 ὅτι
697 3313 728 3364 ό
763 3311 943 3380 νόμος
980 3326 1095 3365 σου
1119 3312 1339 3381 μελέτη
1355 3331 1474 3382 μου
1513 3313 1665 3373 ἐστὶ,
1703 3317 1836 3369 τότε
1866 3315 1944 3369 ἂν

369 3399 698 3469 ἀπωλόμην
751 3402 822 3455 ἐν
868 3402 943 3472 τῇ
1009 3401 1362 3459 ταπεινώσει
1381 3421 1524 3472 μου.
1581 3403 1742 3456 Ὅθεν
1793 3405 1942 3457 καὶὸ

369 3490 577 3556 Παῦλος
603 3495 658 3546 ὲν
693 3493 901 3558 τούτοις
927 3495 1250 3564 ἡσφαλίζετο
1287 3494 1376 3548 τὸν
1413 3494 1607 3549 ἑαυτοῦ
1661 3493 1934 3567 μαθητὴν,

367 3579 565 3649 λέγων·
608 3585 798 3638 Ταῦτα
835 3585 1076 3654 μελέτα,
1123 3587 1194 3640 ἐν
1237 3589 1470 3654 τούτοις
1519 3588 1662 3652 Ζσθι,
1688 3587 1790 3640 ἵνα
1820 3603 1936 3640 σου

365 3673 404 3739 ἦ
429 3674 705 3743 προκοπὴ
731 3676 956 3745 φανερὰ
983 3677 1242 3746 γένηται.
1303 3679 1486 3733 Ταῦτα
1536 3678 1631 3732 καὶ
1682 3677 1746 3730 σὺ
1787 3676 1944 3748 μελε-

364 3763 493 3827 τῶν,
519 3767 615 3819 καὶ
649 3769 883 3832 συνετῶς
909 3769 1252 3840 ἐντυγχάνων
1302 3768 1474 3834 οὕτως
1531 3771 1642 3832 τοῖς
1687 3768 1939 3840 ψαλμοῖς,

2049 2034 2206 2103 gibus
2259 2035 2599 2104 prophetarit
2637 2035 2706 2090 de
2760 2035 2917 2106 aquis
2959 2052 2972 2088 :
3021 2034 3150 2088 dum
3189 2033 3397 2089 scilicet
3426 2033 3626 2102 psaltes

2044 2125 2200 2195 juxta
2225 2127 2344 2196 ejus
2376 2128 2692 2180 mandatum
2722 2127 2993 2193 psalleret.
3030 2125 3236 2181 Eodem
3267 2125 3432 2180 modo
3459 2125 3623 2180 etiam

2050 2232 2194 2271 nunc
2224 2218 2269 2272 si
2301 2219 2425 2287 quis
2459 2218 2526 2273 de
2551 2219 2880 2288 patientibus
2905 2218 3172 2274 Sollicitus
3205 2219 3296 2282 sit,
3327 2219 3430 2272 ista
3454 2217 3622 2280 dicat,

2048 2310 2450 2380 patientemque
2493 2312 2648 2366 valde
2684 2311 2916 2380 juvabit,
2941 2325 3208 2379 suamque
3244 2309 3406 2365 tidem
3436 2324 3622 2364 veram

2047 2399 2369 2471 ﬁrmamque
2411 2401 2828 2470 comprobauit;
2867 2400 3003 2455 adeo
3051 2409 3109 2454 ut
3147 2400 3294 2454 illam
3352 2399 3496 2455 Deus
3541 2399 3626 2454 in-

2047 2501 2226 2558 tuens,
2270 2492 2564 2562 perfectam
2611 2493 2900 2548 sanitatem
2941 2491 3263 2562 rogantibus
3299 2490 3520 2546 tribuat.
3565 2489 3620 2544 ld

2046 2597 2172 2638 cum
2210 2593 2563 2654 cognosceret
2605 2593 2827 2639 sanctus
2861 2584 2970 2650 iHe,
3009 2583 3189 2637 aiebat
3229 2583 3286 2636 in
3325 2581 3624 2637 centesimo

2047 2664 2259 2727 decimo
2306 2685 2500 2728 octavo
2543 2675 2753 2743 psalmo
2803 2691 2816 2727 :
2878 2671 2943 2726 In
2987 2671 3462 2741 justiﬁcationibus
3517 2672 3620 2725 tuis

2048 2765 2362 2830 meditabor,
2410 2782 2511 2820 non
2550 2765 2830 2821 obliviscar
2859 2781 3119 2819 sermones
3166 2773 3281 2818 tuos
3297 2763 3363 2818 “.
3402 2762 3469 2818 Et
3500 2779 3621 2818 rur-

2047 2870 2168 2910 sum
2209 2873 2224 2910 :
2266 2855 2567 2910 Cantabiles
2614 2855 2742 2908 mihi
2787 2863 2938 2909 erant
2972 2853 3382 2923 justiﬁcationes
3423 2862 3528 2907 tua:
3565 2854 3620 2906 in

2045 2946 2161 3000 loco
2193 2947 2628 3017 peregrinationis
2658 2963 2784 3000 mea:
2801 2945 2867 3001 “.
2899 2947 2954 3000 In
2993 2946 3080 3001 his
3099 2945 3242 3000 enim
3269 2944 3432 2999 ctiam
3473 2939 3620 2999 s‘alu-

2047 3047 2154 3092 tem
2207 3038 2486 3093 consecuti
2526 3049 2673 3104 sunt,
2710 3037 2952 3092 dicentes
2995 3051 3010 3090 :
3049 3033 3173 3090 Nisi
3217 3033 3356 3104 quod
3394 3034 3477 3087 lex
3526 3043 3619 3086 tua

2046 3131 2321 3185 meditatio
2357 3147 2472 3186 mea
2503 3140 2602 3198 est,
2635 3141 2757 3186 tunc
2786 3131 2921 3200 forte
2947 3131 3214 3201 periissem
3240 3129 3294 3182 in
3323 3127 3621 3181 humilitate

2045 3239 2161 3278 mea
2177 3224 2242 3278 “.
2289 3223 2438 3279 Unde
2463 3233 2518 3280 et
2545 3223 2745 3280 Paulus
2778 3223 2865 3279 his
2900 3225 3032 3294 ipsis
3064 3221 3422 3278 conﬁrmabat
3452 3219 3622 3275 disci-

2046 3317 2234 3386 pulum
2272 3331 2431 3371 suum
2464 3316 2652 3371 dicens
2675 3316 2720 3348 ⁸⁸
2751 3334 2766 3371 :
2809 3315 2936 3371 Haec
2967 3317 3238 3380 meditare,
3279 3315 3336 3368 in
3371 3313 3452 3367 his
3481 3321 3614 3372 esto.
3711 3354 3714 3358 η

2046 3415 2105 3460 ut
2131 3407 2395 3477 profectus
2427 3417 2544 3462 tuus
2583 3408 2894 3478 manifestus
2924 3409 3014 3460 sit.
3049 3405 3176 3462 Haec
3208 3407 3371 3461 etiam
3406 3414 3461 3460 tu
3498 3419 3614 3459 me-

2043 3493 2246 3559 ditans,
2283 3504 2448 3565 atque
2486 3496 2560 3550 ita
2598 3495 2836 3566 psalmos
2872 3497 3148 3566 sapienter
3185 3495 3390 3566 legens,
3426 3494 3618 3549 unius-

2043 3584 2310 3655 cujusque
2353 3600 2597 3649 sensum,
2644 3586 2854 3656 Spiritu
2889 3587 3038 3652 duce,
3081 3584 3342 3656 consequi
3389 3585 3612 3655 poteris.

2049 3673 2234 3730 Talem
2277 3691 2407 3732 vero
2454 3677 2621 3731 vitam
2665 3686 2723 3731 tu
2768 3691 2987 3748 quoque
3032 3676 3353 3738 imitaberis,
3399 3674 3612 3745 qualem

2047 3767 2377 3834 habuerunt,
2418 3768 2512 3838 qui
2553 3769 2670 3824 haec
2695 3769 2862 3824 locuti
2902 3779 3029 3824 sunt
3057 3767 3246 3824 deﬂeri
3287 3767 3460 3824 sancti
3487 3765 3610 3819 viri.

363 3859 455 3912 τὸν
485 3861 586 3931 μὲν
626 3863 683 3915 ὲν
710 3863 923 3936 ἑκάστῳ
945 3863 1069 3920 νοῦν
1093 3864 1493 3934 ὀδηγούμενος
1523 3863 1642 3918 ὑπὸ
1672 3863 1778 3917 τοῦ
1815 3864 2162 3933 Πνεύματος
2208 3863 2536 3918 καταλαϐεῖν
2583 3863 2804 3934 δυνήσῃ.
2859 3863 3109 3918 Τοιοῦτον
3162 3863 3218 3918 δὲ
3265 3864 3360 3916 καὶ
3408 3862 3471 3915 σὺ
3520 3859 3615 3930 ζη-

365 3949 555 4016 λώσεις
589 3952 724 4024 βίον,
749 3951 860 4010 οἷον
881 3957 1038 4028 ἔσχον
1065 3957 1114 4010 ot
1137 3956 1314 4011 ταῦτα
1339 3953 1751 4028 θεοφορούμενοί.
1772 3954 2101 4027 λαλήσαντες
2131 3955 2322 4028 ἄνδρες
2343 3956 2508 4024 ἅγιοι.

367 4081 410 4114 ’ν
437 4082 557 4139 Act.
591 4099 706 4151 six,
735 4084 921 4139 u-lB.
991 4085 1037 4117 ³³
1066 4085 1198 4142 Luc.
1230 4101 1349 4153 vni,
1375 4085 1466 4140 28.
1547 4085 1592 4118 ”
1622 4083 1740 4140 Act.
1775 4099 1886 4147 va,
1914 4083 2002 4139 18.

364 4173 450 4230 16.
553 4175 600 4208 ⁸³
628 4176 760 4232 ibid.
789 4178 879 4233 54.
973 4179 1020 4211 “
1050 4180 1182 4236 ibid.
1217 4179 1306 4235 99.

432 4291 533 4363 (9‘)
588 4291 892 4364 Ὠφελήσει,
920 4292 1008 4347 ed.

1405 4180 1452 4212 ⁸⁵
1478 4177 1499 4234 1
1526 4177 1668 4233 Tim.
1707 4194 1780 4243 tv,
1811 4179 1897 4233 15.

2091 4086 2136 4117 ⁴⁰
2164 4085 2294 4140 Luc.
2319 4104 2374 4154 ι,
2412 4087 2497 4141 17.
2553 4088 2596 4120 δ’
2630 4085 2697 4143 ιν
2725 4086 2854 4160 Reg.
2886 4103 2966 4153 ut,
3002 4088 3089 4143 l5.
3169 4087 3212 4119 δ’
3243 4085 3386 4142 Psal.
3419 4101 3610 4155 cum,

618 4531 1324 4634 'ADMONITIO
1402 4543 1525 4632 1Ν
1598 4537 2494 4632 EXPOSITIONES
2567 4538 3337 4636 PSALMORUM.

419 4777 680 4888 Dugicem
721 4776 958 4852 habemus
978 4778 1229 4852 Athanasii
1252 4779 1610 4842 expositionem
1646 4781 1694 4830 in
1721 4781 1956 4830 Psalmos.
1985 4781 2208 4831 Priorem
2227 4779 2436 4830 exhibet
2455 4778 2608 4829 editio
2628 4777 2846 4829 Maurina
2863 4784 2996 4850 etes
3026 4787 3105 4829 est
3125 4780 3185 4830 ad
3210 4793 3355 4852 quam
3377 4783 3456 4832 hic
3480 4797 3606 4844 ρης»

419 4855 484 4888 ;ur
557 4839 913 4888 ontt'aucomus.
945 4843 1022 4888 cui
1047 4848 1194 4888 etiam
1216 4843 1455 4888 accedunt
1477 4845 1818 4888 supplementa
1846 4841 1906 4888 ab
1930 4843 2036 4888 luso
2076 4844 2385 4888 postmodum
2408 4843 2538 4888 edita
2561 4849 2671 4888 cum
2702 4841 2957 4888 Athanasu
2978 4843 3335 4888 Araumentam
3361 4843 3597 4888 Psalnms

358 4840 484 4911 fatur
503 4838 913 4911 Montfauconius,
945 4843 1022 4889 cui
1047 4843 1194 4911 etiam
1216 4838 1456 4911 accedunt
1477 4845 1818 4911 supplementa
1846 4841 1906 4890 ab
1930 4843 2385 4911 ipso__postmodum
2407 4843 2538 4911 edita
2559 4838 3270 4911 cum.Athanasii‘Argumenio
3286 4841 3335 4893 in
3361 4838 3598 4911 Psalino's.

356 4901 730 5012 apggticigﬁm
755 4903 958 4952 alteram
980 4915 1070 4952 seu
1093 4903 1270 4952 librum
1310 4905 1379 4954 De
1405 4901 1908 4953 titulis‘Psalmorum
1939 4901 2128 4965 publici
2167 4905 2292 4967 juris
2327 4904 2442 4952 fecit
2474 4903 2731 4952 Antouelli
2770 4903 2908 4962 cujus
2948 4901 3291 4955 Praefationem
3333 4904 3445 4954 vide
3480 4907 3603 4956 infra

426 5133 463 5189 Ι.
504 5134 875 5205 Ezpositiones
918 5141 1092 5193 sancti
1120 5139 1401 5194 Athanasii
1441 5141 1495 5192 in
1535 5139 1777 5195 Psalmos
1823 5144 2062 5197 sistimus
2104 5142 2221 5204 tibi,
2252 5139 2440 5194 Lector
2484 5140 2707 5205 erudite,
2744 5138 2868 5193 illas
2899 5138 3097 5194 scilicet
3133 5138 3224 5194 diu
3264 5140 3537 5207 expetitas,
3567 5158 3600 5192 a

356 5231 535 5282 multis
568 5231 840 5298 laudatas,
869 5233 1120 5304 antiqua,
1155 5234 1358 5299 medim,
1390 5233 1584 5302 inﬁma:
1613 5235 1788 5288 artatis
1819 5236 2142 5290 auctoribus.
2187 5231 2424 5299 Quarum
2463 5231 2889 5302 ἁποσπασμάτια
2916 5237 3153 5306 quadam
3187 5234 3240 5284 in
3277 5232 3421 5300 prius
3443 5233 3598 5286 editis

353 5321 648 5377 exstabant.
690 5321 877 5377 Utrum
918 5341 1034 5378 vero
1059 5325 1114 5377 hi
1143 5327 1501 5378 commentarii
1535 5327 1764 5394 idipsum
1789 5329 1892 5380 sint
1913 5328 2050 5397 quod
2074 5327 2206 5381 liber
2236 5325 2310 5381 De
2333 5325 2502 5381 titulis
2522 5326 2857 5398 psalmorum
2882 5327 2945 5380 ab
2987 5325 3300 5392 Hieronymo
3324 5323 3596 5386 laudatus.

354 5420 408 5460 ut
438 5413 622 5478 nuperi
649 5414 926 5480 cujusdam
950 5413 1050 5482 fert
1080 5415 1274 5482 opinio,
1299 5432 1398 5468 non
1421 5425 1500 5468 sat
1535 5415 1868 5484 exploratum
1891 5431 2003 5482 est;
2035 5419 2090 5471 id
2116 5435 2243 5472 sane
2272 5419 2317 5472 si
2345 5434 2522 5472 verum
2551 5425 2704 5485 esset,
2740 5432 2842 5471 non
2872 5418 3138 5472 commode
3162 5416 3292 5470 satis
3325 5417 3599 5485 inscriptio

352 5508 520 5572 posita
548 5508 756 5578 fuisset,
792 5525 910 5562 cum
937 5526 1036 5563 non
1071 5512 1134 5564 de
1161 5511 1334 5566 titulis
1380 5515 1554 5578 modo,
1578 5514 1668 5568 sed
1700 5515 1860 5567 etiam
1897 5513 1961 5568 de
1987 5515 2256 5570 uersiculis
2297 5515 2535 5570 omnibus
2573 5517 2656 5569 hic
2682 5526 2890 5586 agatur.
2924 5512 3027 5577 Qui
3054 5511 3290 5581 proxime
3315 5513 3598 5565 secundum

358 5594 734 5670 Hieronymum
765 5602 920 5654 hasce
945 5606 1291 5671 expositiones
1327 5605 1568 5659 laudavit
1589 5648 1603 5672 ,
1635 5617 1713 5660 est
1749 5606 2118 5670 Theodoretus,
2151 5610 2198 5662 si
2223 5620 2398 5663 tamen
2426 5626 2542 5680 quia
2568 5620 2854 5680 sequuntur
2878 5623 2978 5660 non
3006 5606 3112 5659 sint
3137 5605 3414 5675 cujusdam
3445 5621 3593 5657 anta-

354 5687 556 5741 nuensis
580 5690 714 5757 regii
739 5690 938 5742 codicis
960 5690 1064 5744 228
1089 5693 1468 5763 antiquissimi,
1494 5696 1584 5749 ubi
1595 5706 1821 5776 .exstant
1853 5696 2231 5767 Expositiones
2264 5690 2586 5756 Theodoreti
2613 5703 2665 5755 in
2689 5701 2872 5756 titulos
2899 5702 3228 5772 psalmorum
3251 5720 3266 5764 ;
3304 5718 3414 5756 nare
3449 5701 3594 5752 illius

355 5776 502 5830 verba
523 5789 648 5832 sunt
671 5780 736 5834 de
767 5779 974 5848 psalmo
996 5797 1079 5836 cu
1109 5785 1363 5855 loquentis
1389 5802 1407 5840 :
1437 5787 1496 5842 Ὀ
1525 5789 1581 5843 δὲ
1613 5790 1762 5859 ἅγιος
1793 5791 1945 5844 Ἀθαν

2050 5808 2107 5856 ος
2135 5793 2276 5847 οῦτω
2311 5795 2478 5864 φησί’
2520 5811 2538 5846 ι
2563 5794 2671 5864 Την
2705 5792 2844 5846 κατὰ
2882 5795 3057 5866 σάρκα
3088 5795 3338 5866 γέννησιν
3366 5791 3461 5844 τοῦ
3484 5792 3599 5843 Ku-
