3944 6220
332 341 400 394 £7
1165 332 1222 385 S.
1266 330 1638 385 ATIIANASH
1674 331 1823 388 OPP.
1867 332 2044 387 PARS
2084 333 2170 389 111.
2206 364 2277 375 --
2316 331 2723 390 EXEGETICA.
3487 336 3556 393 48

335 458 449 528 ρίου
474 454 563 510 διὰ
592 452 697 508 τῶν
737 451 1018 523 παρόντων
1056 448 1474 518 κατασημαίνει,
1525 450 1618 502 καὶ
1646 450 1734 502 τὸν
1777 450 2126 519 εὐαγγελικὸν
2169 451 2331 504 αὑτοῦ
2366 452 2526 522 νόμον
2558 453 2648 506 τὸν
2681 452 2793 522 (l0)
2828 453 3042 506 πάντων
3070 450 3429 524 κυριεύσαντα
3452 453 3559 507 τῶν

331 545 520 610 ἐθνῶν,
553 545 639 599 καὶ
663 545 760 615 τὴν
788 545 866 605 εἰς
892 542 1151 612 οὐρανοὺς
1196 541 1377 596 ἄνοδον
1411 543 1596 611 αὐτοῦ,
1632 539 1700 614 ἧς
1728 547 1821 598 καὶ
1851 546 2153 617 ἁπάρχεται
2185 548 2213 598 ὁ
2242 546 2454 616 ψαλμὸς
2482 546 2655 615 λέγων
2693 562 2706 576 ’
2737 546 2921 599 Εἶπεν
2952 550 2985 599 ό
3017 547 3230 614 Κύριος
3262 545 3341 612 τῷ
3368 549 3559 615 Κυρίῳ

325 657 443 707 μου
476 656 489 668 ·
530 638 728 694 Κάθου
780 639 849 692 ἐκ
905 636 1119 697 δεξιῶν
1168 655 1285 706 μου
1332 637 1445 704 ἕως
1485 637 1560 692 ἂν
1609 639 1689 692 θῶ
1737 640 1878 706 τοὺς
1922 641 2172 710 ἐχθρούς
2225 660 2340 696 σου
2382 641 2716 697 ὑποπόδιον
2749 641 2866 695 τῶν
2895 640 3097 695 ποδῶν
3130 657 3266 697 σου.
3303 642 3559 713 Ἐχθροὺς

326 735 383 787 δὲ
411 734 439 786 ὁ
478 732 795 798 lit-$3.010;
820 733 971 804 δηλοῖ
998 732 1168 800 λέγων
1196 732 1241 803 (Ι
1259 733 1306 798 l)
1333 747 1346 760 °
1382 735 1680 802 Ἔσχατος
1730 736 1883 805 ἐχθρι

1998 738 2354 808 καταργεῖται
2383 741 2416 793 ό
2441 736 2712 807 θάνατος.
2754 757 2773 788 ι
2804 736 2916 792 Hoc
2944 747 3019 792 est
3052 754 3071 791 :
3116 736 3346 793 Sanctus
3377 745 3555 792 autem

324 826 660 883 Athanasius
685 827 759 882 ita
787 826 1026 896 loquitur
1059 845 1074 885 :
1107 846 1124 879 ι
1155 824 1317 883 Hisce
1345 828 1525 884 verbis
1552 831 1952 900 generationem
1981 830 2195 886 Domini
2223 832 2520 888 secundum
2551 846 2768 887 carnem
2798 830 3086 901 signiﬁcat,
3110 840 3164 885 et
3191 831 3555 903 evangelicam

327 917 447 984 ejus
472 917 664 988 legem,
693 931 813 988 quae
840 917 1094 972 omnibus
1123 916 1374 987 gentibus
1396 917 1712 974 dominatur
1737 939 1749 975 :
1779 932 1943 992 atque
1976 921 2096 991 ejus
2126 936 2416 978 ascensum
2446 922 2501 976 in
2531 920 2719 988 caelos,
2749 923 2909 992 quem
2937 934 3158 980 enarrat
3193 927 3441 996 psalmus
3471 926 3557 980 di-

326 1010 499 1065 cendo
527 1028 541 1064 :
585 1009 737 1065 Dixit
766 1010 1022 1064 Dominus
1060 1010 1283 1066 Domitio
1330 1027 1440 1067 meo
1468 1027 1488 1066 :
1515 1014 1634 1069 sede
1656 1031 1688 1068 a
1715 1012 1916 1069 dextris
1938 1017 2087 1081 meis,
2114 1016 2278 1070 donec
2297 1032 2490 1087 ponam
2511 1015 2753 1071 inimicos
2778 1026 2896 1071 tuos
2916 1018 3198 1073 s'cabellum
3226 1020 3413 1089 pedum
3437 1029 3556 1075 tuo-

327 1122 467 1162 rum.
506 1105 740 1172 Quinam
763 1105 967 1162 inimici
992 1107 1120 1172 sint,
1137 1108 1376 1165 declarat
1402 1111 1694 1182 Apostolus
1729 1110 1816 1167 his
1858 1111 2035 1166 verbis
2063 1129 2076 1165 :
2113 1110 2418 1166 Novissima
2441 1110 2674 1166 omnium
2703 1111 3001 1168 destruetur
3027 1130 3167 1168 mors
3199 1113 3267 1171 “.
3319 1133 3340 1167 ι
3386 1113 3554 1181 Quem

318 1201 494 1255 locum
524 1200 771 1270 inferius,
800 1201 953 1254 initio
982 1205 1342 1258 commentarii
1370 1205 1425 1259 in
1448 1203 1710 1272 psalmum
1732 1219 1843 1270 Ctx,
1871 1206 2130 1275 integrum
2160 1204 2401 1275 legimus.

399 1290 462 1346 11.
494 1291 800 1346 Chronicon
833 1300 1007 1345 autem
1042 1291 1490 1361 Alexandrinum,
1518 1294 1738 1363 septimo
1768 1292 1961 1348 steculo
1993 1294 2367 1362 conscriptum,
2405 1310 2458 1363 p.
2485 1293 2613 1359 225,
2644 1295 2754 1350 haec
2786 1295 2938 1350 habet
2969 1312 2988 1350 :
3020 1294 3131 1350 Καὶ
3154 1298 3184 1349 ὁ
3217 1299 3373 1365 ἅγιος
3397 1294 3556 1349 Ἀθα·

322 1383 504 1446 νὰσιος
525 1381 837 1452 ἑρμηνεύων
863 1381 953 1434 τὸν
984 1379 1097 1452 ρλα¹
1125 1380 1360 1452 ψαλμὸν,
1392 1382 1626 1456 ἔγραψεν
1659 1382 1830 1446 οὕτως
1855 1399 1870 1412 ’
1905 1401 1924 1433 t
1967 1383 2305 1453 Ἀνάστηθι,
2329 1386 2523 1453 Κύριε,
2556 1387 2643 1452 εις
2661 1386 2776 1455 τὴν
2800 1387 3148 1443 ἀνάπαυσιν
3176 1402 3310 1442 σου.
3340 1389 3449 1460 Τὴν
3474 1390 3555 1452 εἰς

210 1492 215 1497 π
310 1473 581 1543 νούρανοὺς
611 1470 876 1542 ἀνάληψιν
919 1469 1331 1524 ὲπισπεύδουσιν
1360 1471 1546 1525 αὑτοῦ.
1592 1471 1674 1526 Σὺ
1706 1471 1806 1525 καὶ
1832 1474 1871 1540 ή
1903 1471 2147 1540 κιϐωτὸς
2176 1473 2281 1528 τοῦ
2310 1473 2674 1543 ἀγιὰσματός
2699 1490 2836 1531 σου.
2865 1478 2974 1549 Τὴν
3000 1478 3160 1546 ἁγίαν
3186 1478 3349 1532 αὐτοῦ
3377 1479 3553 1550 σάρκα

321 1571 475 1641 φησι·
510 1569 627 1640 μετ’
643 1567 813 1638 αὐτῆς
851 1566 959 1638 γὰρ
987 1566 1281 1643 ἀνελήφθη.
1316 1568 1390 1621 Οὐ
1418 1567 1527 1640 γὰρ
1558 1568 1961 1639 ἀποσαρκοῦται
1991 1569 2072 1632 εἰς
2098 1568 2224 1628 τοὺς
2252 1570 2562 1641 ἀγηράτους
2592 1570 2794 1636 αἰῶνας
2817 1573 2924 1628 τῶν
2949 1571 3179 1628 αἰώνων.
3207 1592 3225 1624 ι
3262 1571 3328 1626 Id
3356 1582 3464 1627 est:
3487 1570 3555 1629 Et

310 1671 538 1717 sanctus
565 1659 896 1714 Athanasius
926 1659 1191 1728 psalmum
1221 1674 1380 1714 cxxxt
1414 1659 1796 1730 interpretans,
1831 1661 1902 1715 ita
1932 1661 2121 1716 scribit
2149 1679 2162 1715 :
2194 1679 2212 1711 ι
2245 1659 2430 1730 Surge,
2460 1661 2702 1728 Domine,
2751 1664 2807 1716 in
2862 1662 3085 1733 requiem
3120 1671 3282 1716 tuam.
3333 1661 3463 1732 Ejus
3496 1662 3575 1715 in.

316 1754 483 1807 enatos
511 1766 797 1807 ascensum
836 1750 945 1805 cito
991 1749 1247 1804 accedere
1291 1750 1551 1819 gestiunt.
1590 1755 1663 1805 Tu
1691 1761 1738 1804 et
1769 1767 1897 1805 arca
1929 1752 2371 1820 sanctiﬁcationis
2403 1760 2528 1808 tute.
2572 1752 2828 1806 Sanctam
2858 1751 2977 1822 ejus
3005 1766 3222 1806 carnem
3256 1751 3403 1816 dicit,
3425 1766 3549 1806 cum

316 1844 407 1898 illa
441 1854 674 1912 namque
695 1850 1009 1911 assumptus
1041 1849 1156 1907 est;
1186 1856 1363 1910 neque
1387 1842 1532 1896 enim
1566 1856 1786 1896 carnem
1817 1842 2039 1896 dimittit
2067 1858 2163 1912 per
2189 1842 2401 1896 inﬁnita
2441 1842 2637 1898 saecula
2674 1843 3017 1898 saeculorum.
3059 1861 3078 1893 ι
3123 1840 3252 1897 Hcce
3274 1858 3429 1909 porro
3457 1842 3553 1895 ha-

314 1936 400 1988 bes
432 1936 487 1987 in
506 1935 828 2003 expositione
854 1933 1089 2004 ejusdem
1119 1937 1309 2004 psalmi
1333 1936 1574 2006 inferius,
1603 1954 1650 1992 υ.
1669 1935 1722 1990 8.
1747 1936 1871 1991 Post

1995 1954 2020 1991 α
2047 1947 2223 1992 autem
2246 1937 2423 2002 verba,
2463 1938 2579 2010 μετ’
2593 1938 2762 2009 αὐτῆς
2789 1938 2898 2009 γὰρ
2927 1937 3223 2009 ἀνελήφθη,
3259 1945 3387 2002 etc.,
3414 1926 3552 1992 desi-

304 2029 571 2084 derantur
598 2027 690 2094 ibi,
721 2028 829 2082 sive
851 2030 977 2098 quia
1002 2044 1137 2100 swpe
1171 2031 1372 2085 codices
1400 2033 1586 2101 quibus
1613 2033 1696 2086 usi
1727 2048 1908 2088 sumus
1935 2033 2221 2087 sententias
2250 2036 2587 2095 detruncant,
2617 2037 2723 2088 sive
2747 2035 2871 2104 quia
2904 2033 3013 2087 hare
3041 2032 3267 2103 fortasse
3294 2033 3550 2102 glossema

314 2132 436 2175 sunt
478 2123 712 2176 auctoris
736 2121 1015 2176 Chronici.
1051 2121 1247 2178 Octavo
1272 2123 1484 2189 steculo,
1508 2120 1800 2177 Germanus
1835 2125 2146 2193 patriarcha
2187 2122 2806 2195 Constantinopolitanus
2838 2125 2892 2178 in
2930 2123 3154 2194 epistola
3187 2125 3255 2177 ad
3300 2123 3549 2178 Thomam

309 2214 608 2281 episcopum
632 2212 1034 2283 Claudiopoleos
1061 2213 1173 2285 (12)
1225 2215 1334 2267 Ιιαέ
1362 2214 1517 2282 aﬂ‘ert
1540 2231 1558 2267 :
1593 2213 1752 2268 Ἀλλὰ
1776 2216 1866 2268 καὶ

1989 2215 2222 2287 ,ακάριος
2256 2215 2588 2281 Ἀθανάσιος,
2624 2216 2686 2268 τὸ
2711 2215 2984 2286 ψαλμικὸν
3017 2213 3331 2287 ἑρμηνεύων
3365 2215 3546 2287 ρηυόνο

325 2305 378 2357 '0
402 2305 735 2375 καθήμενος
767 2305 867 2358 ἐπὶ
901 2305 1008 2359 τὸν
1057 2307 1353 2376 χερουϐὶμ,
1394 2304 1706 2375 ἐμφάνηθι,
1745 2307 2000 2378 τοιαύτην
2032 2307 2161 2378 περὶ
2178 2307 2356 2361 αὐτῶν
2381 2308 2741 2379 παραδίδωσιν
2772 2307 2978 2362 ἔννοιαν
3008 2327 3019 2340 ·
3059 2327 3079 2360 ‹
3114 2308 3304 2362 Καίτοι
3331 2307 3552 2361 ἐκείνων

308 2397 419 2450 τῶν
434 2397 699 2470 χερουόὶμ
712 2396 782 2451 τὰ
799 2397 1078 2468 ἀρχέτυπα
1095 2397 1346 2466 ἄγνωστα
1360 2401 1457 2469 τὴν
1488 2398 1648 2468 φύσιν
1674 2399 1979 2470 ἀνθρώποις
2003 2401 2346 2454 παντάπασιν
2360 2400 2489 2456 ὄντα
2508 2418 2522 2431 ⁸
2543 2400 2759 2471 πνεῦμα
2775 2399 2883 2470 γὰρ
2900 2400 2993 2453 καὶ
3014 2398 3123 2472 πῦρ
3143 2399 3441 2470 ὑπάρχουσι
3457 2400 3551 2451 καὶ

305 2491 489 2563 πάσης
514 2490 942 2563 σχηματοθεσίας
969 2490 1221 2562 ἀλλότρια
1249 2492 1341 2545 καὶ
1365 2490 1597 2562 φύσεως.
1622 2512 1658 2547 -ι
1710 2492 1824 2547 Hoc

2008 2492 2111 2551 Sed
2143 2504 2198 2553 et
2224 2496 2413 2554 beatus
2439 2496 2772 2553 Athanasius
2804 2497 3127 2568 psalmicum
3166 2498 3297 2553 illud
3338 2500 3544 2555 dictum

310 2583 620 2653 explicans:
650 2583 754 2648 Qui
776 2584 920 2637 sedes
945 2598 1099 2654 super
1140 2581 1426 2647 cherubim,
1457 2597 1649 2652 appara
1662 2582 1733 2649 ",
1760 2583 1917 2665 talem
1939 2585 2007 2639 de
2040 2584 2145 2640 illis
2175 2586 2338 2641 tradit
2368 2587 2612 2643 notitiam
2639 2606 2652 2642 :
2687 2605 2705 2638 ι
2735 2586 2848 2644 Etsi
2880 2588 3304 2645 cherubinorum
3332 2590 3547 2646 illorum

311 2676 600 2747 archetypa
628 2683 820 2729 natura
851 2676 961 2730 sint
1005 2672 1320 2728 hominibus
1365 2688 1587 2742 prorsus
1630 2673 1813 2745 ignota
1845 2693 1858 2729 :
1888 2675 2112 2745 spiritus
2135 2676 2279 2731 enim
2314 2685 2369 2732 et
2395 2677 2536 2749 ignis
2579 2687 2706 2734 sunt
2733 2688 2788 2735 et
2809 2680 2986 2737 aliena
3012 2682 3081 2736 ab
3110 2682 3260 2738 omni
3283 2685 3550 2754 corporali

309 2768 498 2823 habitu
522 2777 577 2822 et
603 2776 815 2822 natura.
866 2785 887 2812 ι
921 2767 1026 2830 Qui
1068 2768 1214 2822 locus
1258 2769 1376 2822 ideo
1421 2784 1524 2822 non
1563 2780 1828 2839 comparet
1870 2772 1926 2825 in
1963 2773 2375 2842 expositionibus
2417 2775 2634 2842 nostris,
2664 2776 2804 2848 quod
2843 2777 2907 2831 ab
2938 2779 3344 2835 amanuensibus
3391 2782 3550 2836 omis-

309 2876 398 2913 sus
440 2858 600 2928 fuerit
648 2857 966 2923 versiculus,
996 2868 1052 2910 ut
1099 2866 1147 2910 et
1191 2858 1303 2911 alia
1348 2858 1540 2921 multa,
1580 2859 1718 2928 quod
1760 2875 1863 2929 qua
1899 2862 2101 2914 ratione
2132 2871 2335 2932 gestum
2373 2865 2443 2918 sit
2478 2880 2603 2918 mox
2635 2878 2908 2920 narratur.
2941 2860 3060 2922 Etsi
3095 2884 3213 2923 vero
3239 2869 3360 2924 huic
3386 2872 3548 2925 versi-

309 2951 429 3004 culo
456 2967 473 3005 :
496 2949 597 3017 Qui
628 2949 782 3005 sedes
811 2963 974 3019 super
1001 2949 1305 3011 cherubim,
1340 2947 1692 3005 manifestare
1713 2963 1898 3005 coram
1933 2949 2214 3020 Ephraim,
2246 2950 2550 3023 Benjamin,
2578 2964 2633 3009 et
2654 2953 2923 3023 Manasse,
2953 2959 3211 3027 expositio
3233 2976 3331 3014 sua
3358 2961 3550 3029 adjici-

311 3055 396 3098 tur
430 3045 671 3114 inferius,
694 3042 831 3112 psal.
856 3059 1002 3108 L-xtx,
1023 3061 1071 3099 υ.
1109 3043 1161 3110 5,
1190 3060 1251 3098 ea
1285 3053 1420 3098 certe
1452 3044 1735 3099 secundam
1760 3044 1932 3101 solum
1954 3046 2197 3101 versiculi
2219 3057 2423 3117 partem
2448 3059 2666 3119 spectat,
2691 3051 3040 3110 manifestare
3060 3069 3246 3110 coram
3264 3055 3544 3126 Ephraim,

308 3135 588 3207 Bt-njamin
623 3147 675 3190 et
700 3134 970 3203 Manassc,
995 3136 1294 3191 nullatenus
1325 3148 1497 3192 autem
1519 3138 1743 3206 primam
1771 3154 1789 3193 :
1823 3138 1927 3205 Qui
1962 3140 2118 3196 sedes
2143 3156 2304 3212 super
2329 3142 2636 3209 cherubim,
2664 3155 2720 3200 ut
2754 3146 2874 3200 hinc
2896 3151 3172 3218 propalant
3202 3153 3271 3207 sit
3298 3154 3548 3207 omissam

307 3231 471 3300 fuisse
497 3230 684 3282 horum
713 3228 1211 3297 interpretationem.
1247 3226 1382 3283 Item
1411 3227 1679 3283 Adrianus
1710 3227 1740 3283 1
1769 3228 1990 3299 epistola
2012 3230 2082 3284 ad
2118 3229 2370 3286 Carolum
2397 3231 2652 3304 Magnum
2679 3236 2811 3308 (15),
2836 3239 2975 3293 hunc
3007 3242 3316 3296 versiculum
3356 3259 3549 3297 memo-

211 3334 219 3342 ‘
308 3341 434 3381 rans
458 3341 477 3379 :
512 3323 756 3389 Domine,
782 3324 837 3377 in
863 3323 1082 3378 civitate
1119 3329 1211 3376 tua
1250 3320 1538 3392 imaginem
1571 3320 1813 3391 ipsorum
1837 3323 1904 3377 ad
1934 3322 2162 3377 nihilum
2185 3322 2478 3395 rediges",
2505 3327 2615 3381 htec
2632 3314 2859 3397 adjicit':
2883 3351 2899 3382 ι
2925 3331 3053 3387 Item
3072 3336 3241 3388 sancti
3265 3334 3546 3391 Athanasii

312 3423 386 3479 De
424 3421 849 3492 interpretatione
879 3418 1223 3486 psalmorum,
1254 3418 1393 3472 inter
1422 3426 1615 3473 caetera
1644 3435 1659 3472 :
1691 3417 1895 3473 Civitas
1928 3416 2073 3471 enim
2104 3416 2339 3486 Domini,
2363 3435 2485 3489 quae
2511 3436 2755 3489 sursum,
2785 3421 3085 3479 Jerusalem
3114 3444 3127 3480 :
3159 3425 3337 3498 imago
3362 3438 3540 3484 autem

307 3529 520 3577 eorum,
545 3512 834 3567 terrestris.
863 3509 1019 3577 Quod
1050 3509 1193 3564 enim
1219 3509 1350 3566 dicit
1375 3510 1481 3565 tale
1513 3522 1596 3566 est
1626 3528 1640 3565 :
1679 3509 1951 3578 Quoniam
1991 3513 2269 3568 terrestris
2289 3553 2304 3578 ,
2336 3513 2545 3584 inquit,
2575 3516 2750 3570 induti
2794 3529 2940 3581 sunt,
2988 3519 3276 3593 imaginem
3305 3564 3319 3587 ,
3351 3532 3405 3579 et
3434 3539 3543 3578 non

310 3606 566 3670 cmicstis,
594 3613 810 3674 propter
837 3601 941 3657 hoc
962 3602 1026 3657 ad
1062 3601 1291 3656 nihilum
1323 3602 1654 3672 redigentur.
1681 3602 1916 3657 Audient
1944 3602 2085 3657 enim
2111 3601 2201 3657 illo
2233 3615 2490 3674 tempore,
2521 3604 2711 3661 Nescio
2740 3625 2825 3665 vos
2842 3612 2887 3643 ι’
2913 3632 2926 3666 :
2966 3621 3149 3683 utpote
3178 3630 3285 3671 non
3326 3617 3546 3674 indutos

307 3698 494 3752 eadem
524 3694 735 3750 Domini
767 3693 1017 3762 imagine.
1046 3711 1065 3741 ι
1102 3689 1230 3746 Htec
1264 3692 1441 3745 omnia
1470 3691 1657 3746 videsis
1680 3692 1878 3760 psalm.
1913 3707 2082 3760 uxn,
2110 3709 2158 3747 v.
2181 3691 2273 3756 20,
2310 3694 2379 3747 ad
2410 3694 2547 3749 hunc
2569 3712 2792 3752 versum.

379 3784 463 3840 Ill.
497 3785 578 3839 Ad
601 3785 713 3838 hac
736 3785 791 3835 in
816 3782 992 3836 codice
1023 3779 1144 3853 Reg.
1186 3780 1328 3835 2219
1367 3779 1652 3851 explicatio
1698 3780 1846 3835 illius
1886 3797 2062 3836 versus
2094 3798 2111 3835 :
2143 3780 2222 3837 Tu
2254 3800 2312 3839 es
2343 3784 2596 3842 sacerdos
2649 3787 2702 3841 in
2734 3794 3024 3858 “aeternum,
3057 3795 3334 3865 ipsissimis
3374 3799 3542 3853 verbis

304 3877 547 3947 aﬂ‘ertur,
572 3883 631 3928 ut
660 3873 853 3944 legitur
870 3876 1005 3944 psal.
1030 3892 1140 3942 cex,
1166 3892 1211 3931 v.
1244 3877 1296 3931 4.
1323 3875 1492 3945 Super
1519 3877 1628 3931 haec
1652 3876 1831 3930 omnia
1865 3874 2086 3931 Nicetas
2109 3876 2402 3944 Ileraclea',
2432 3892 2489 3935 ut
2514 3883 2668 3939 habet
2699 3882 3081 3943 Felckmannus
3107 3892 3328 3961 inferius
3354 3892 3543 3949 Monit.

305 3970 360 4024 in
392 3967 633 4042 Fragm.,
672 3969 1032 4042 Expositiones
1064 3976 1343 4029 Athanasii
1376 3977 1430 4030 in
1462 3972 1734 4039 Psalmos,
1764 3984 1821 4028 ut
1854 3991 1947 4028 nos
1963 3976 2303 4045 proferimus,
2337 3981 2390 4032 in
2424 3977 2623 4035 Catena
2657 3998 2755 4037 sua
2787 3984 2977 4053 edidit,
3010 4003 3129 4040 cum
3161 3988 3285 4042 aliis
3316 3990 3543 4044 aliorum

306 4064 532 4120 Patrum
580 4068 965 4131 commentariis
1005 4069 1303 4139 adjunctus.
1357 4069 1561 4125 Narrat
1603 4068 1818 4124 Gabriel
1863 4069 2149 4126 Grodecius
2181 4071 2566 4143 Dantzicanus,
2601 4077 2870 4147 professor
2924 4078 3199 4134 llebraica:
3241 4082 3438 4151 lingua:
3486 4086 3542 4136 in

303 4157 587 4210 Academia
616 4156 892 4226 Lipsiana,
918 4161 997 4213 vir
1019 4160 1204 4215 doctus
1234 4177 1297 4215 ac
1326 4160 1712 4214 necessitudine
1735 4159 1862 4214 milti
1888 4161 2220 4231 conjunctae,
2257 4172 2464 4216 exstare
2501 4164 2555 4217 in
2596 4164 2907 4220 bibliotheca
2943 4168 3003 4222 S.
3044 4165 3335 4223 Salvatoris
3367 4170 3544 4225 Bono-

303 4247 494 4300 niensis
524 4248 579 4299 in
611 4248 787 4301 codice
816 4252 1144 4319 perantiquo,
1172 4254 1553 4321 expositionem
1582 4253 1863 4307 Athanasii
1883 4255 1936 4308 in
1968 4253 2214 4309 Psalmns
2248 4252 2503 4309 Serviano
2527 4255 2732 4325 lingua,
2757 4272 2873 4326 qua:
2899 4269 2975 4313 est
3008 4258 3232 4315 Slavice:
3258 4262 3539 4332 dialectus,

302 4349 423 4392 sunt
452 4350 625 4393 autem
655 4337 822 4393 Servii
845 4338 1033 4409 Mysia:
1064 4342 1349 4409 superioris
1374 4343 1593 4410 populus
1619 4357 1639 4405 ;
1671 4358 1760 4395 nec
1782 4343 1991 4414 ambigo
2021 4359 2085 4398 ea:
2112 4344 2191 4397 his
2216 4344 2411 4398 nostris
2438 4343 2870 4414 Expositionibus
2897 4348 3104 4406 Slavice
3129 4370 3329 4409 versam
3354 4355 3536 4426 fuisse.

303 4429 432 4485 ch
454 4432 632 4499 augeri
665 4439 895 4499 possent,
928 4446 1103 4483 verum
1126 4432 1259 4485 satis
1294 4448 1549 4501 superque
1571 4442 1694 4485 sunt
1722 4441 1779 4486 ut
1813 4433 2177 4503 comprobetur
2207 4433 2653 4490 Commentarium
2686 4436 2975 4493 Athanasii
3007 4442 3060 4495 in
3090 4441 3338 4499 Psalmos
3363 4446 3538 4499 omni-

299 4523 395 4577 bus
427 4525 532 4592 {ere
558 4521 840 4576 secundum
880 4522 1229 4575 Athanasium
1255 4523 1464 4576 stecults
1491 4523 1767 4576 laudatum
1791 4523 1974 4592 fuisse.
2002 4523 2181 4593 Neque
2196 4522 2381 4577 desunt
2408 4524 2465 4576 in
2487 4525 2702 4593 hujusce
2731 4532 2906 4597 operis
2945 4532 3165 4588 decursu
3188 4537 3538 4591 Athanasiani

297 4610 422 4679 styli
450 4619 586 4665 nota:
608 4610 884 4679 pleraeque.
920 4608 1063 4662 Nunt
1090 4610 1177 4664 ubi
1208 4611 1412 4664 occasio
1456 4628 1563 4665 sese
1603 4611 1757 4681 offert
1799 4620 1857 4665 ut
1881 4610 2149 4666 Christum
2179 4611 2472 4682 comprobet
2510 4631 2619 4669 esse
2652 4616 2835 4684 Deum,
2861 4620 2917 4674 id
2943 4623 3034 4677 ille
3054 4636 3292 4693 praestat,
3324 4644 3424 4697 quo
3452 4629 3537 4682 in-

300 4707 485 4759 nuitur
505 4723 563 4758 eo
591 4717 813 4773 tempore
841 4706 949 4759 haec
981 4707 1178 4775 scripta
1203 4707 1386 4776 fuisse,
1417 4723 1519 4778 quo
1548 4708 1918 4762 controversia:
1941 4707 2005 4760 de
2031 4705 2228 4761 Christi
2254 4708 2450 4762 deitate
2474 4709 2671 4764 oborta:
2693 4724 2833 4767 sunt.
2868 4713 2957 4769 Sic
2984 4716 3130 4773 Psal.
3160 4735 3305 4787 xLIx,
3328 4738 3376 4775 v.
3404 4721 3459 4784 6,
3481 4723 3537 4775 in

297 4796 408 4849 licet:
436 4795 588 4850 verba
616 4815 631 4851 :
658 4795 925 4862 Quoniam
963 4795 1106 4851 Deus
1140 4794 1308 4866 judex
1342 4803 1446 4861 est,
1482 4795 1558 4848 sic
1583 4794 1669 4849 ille
1695 4796 1913 4867 arguit:
1937 4794 2036 4850 llic
2060 4793 2347 4851 manifeste
2376 4796 2657 4853 Christum
2690 4800 2820 4857 dicit
2853 4804 3020 4860 Deum
3050 4826 3064 4864 :
3097 4824 3223 4863 nam
3254 4827 3405 4864 omne
3437 4811 3534 4879 ju-

297 4887 498 4940 dicium
524 4887 667 4941 dedit
690 4886 853 4941 Pater
877 4886 1019 4941 Fitio
1037 4889 1106 4941 '°.
1134 4886 1288 4953 Quod
1320 4886 1367 4941 si
1393 4902 1555 4943 omne
1594 4887 1861 4956 judicium
1894 4887 2042 4943 dedit
2082 4888 2180 4953 illi,
2210 4898 2264 4943 et
2298 4889 2438 4944 Deus
2476 4891 2641 4960 judex
2683 4903 2767 4948 est
2791 4914 2803 4948 :
2828 4914 2958 4969 ergo
2987 4900 3232 4957 Christus
3257 4913 3338 4957 est,
3374 4905 3532 4958 ne“,

298 4982 561 5041 Similiter
583 4981 856 5037 Christum
879 4986 1064 5054 probat
1089 5000 1201 5037 esse
1228 4983 1391 5037 Deum
1414 4993 1464 5036 et
1494 4984 1681 5037 iisdem
1715 4984 1902 5054 quibus
1926 4981 2088 5036 Pater
2115 4985 2413 5040 nominibus
2438 4990 2620 5041 ornari
2648 4991 2784 5055 psal.
2815 5007 3032 5055 Lxxm,
3059 5009 3104 5045 v.
3134 4992 3225 5047 25.

364 5075 451 5130 ιν.
483 5072 759 5129 Peculiare
783 5087 859 5130 est
885 5075 1175 5129 Athanasio
1202 5073 1340 5144 quod
1361 5073 1472 5127 solo
1487 5072 1769 5144 ἀγαπητοῦ
1794 5073 2002 5127 nomine
2022 5071 2355 5143 Unigenitum
2379 5076 2471 5129 Dei
2498 5078 2757 5149 intelligat
2782 5083 2952 5151 cujus,
2979 5084 3114 5137 vocis
3140 5089 3275 5137 hunc
3298 5100 3449 5139 usum
3470 5100 3534 5138 e1:

302 5169 525 5226 Homero
554 5172 835 5242 conﬁrmat
864 5171 973 5236 ille,
995 5188 1117 5243 pag.
1140 5171 1265 5227 507.
1303 5170 1502 5226 Eodem
1533 5183 1707 5226 autem
1740 5188 1839 5225 usu
1873 5186 1990 5224 eant
2021 5187 2195 5224 vocem
2218 5171 2374 5225 habes
2397 5173 2449 5226 in
2480 5173 2618 5228 hisce
2643 5173 3071 5244 Expositionibus
3096 5173 3232 5245 psal.
3256 5191 3430 5243 Ltv,v.
3456 5180 3489 5230 6
3515 5196 3529 5231 :

305 5264 468 5318 Ἀλλὰ
518 5266 681 5336 φόϐος
725 5266 819 5320 καὶ
859 5267 1058 5338 τρόμος
1102 5267 1366 5321 ἐπέπεσεν
1395 5266 1473 5339 τῷ
1499 5269 1752 5340 προφήτῃ
1792 5265 1988 5339 ὁρῶντι
2018 5267 2108 5321 τὸν
2148 5258 2458 5340 3Aram-(vim
2483 5270 2574 5324 τοῦ
2604 5270 2740 5325 Θεοῦ
2777 5271 3000 5326 τοιαῦτα
3044 5274 3149 5329 ὑπὸ
3183 5273 3293 5329 τῶν
3322 5274 3531 5332 ἀσεϐῶν

296 5356 590 5426 πάσχοντα.
621 5357 738 5412 lloc
769 5370 844 5414 est
880 5375 898 5413 :
938 5359 1043 5415 Sed
1088 5362 1249 5415 etiam
1305 5358 1468 5415 timor
1520 5370 1574 5414 et
1615 5372 1816 5414 tremor
1857 5361 2170 5431 prophetam
2218 5362 2436 5429 invasit,
2491 5375 2798 5421 cernentem
2848 5367 3104 5423 dilectum
3150 5369 3286 5443 (sive
3330 5366 3529 5440 Unige-

293 5452 490 5519 nilum)
536 5451 626 5507 Dei
672 5456 785 5510 haec
817 5457 885 5512 ab
914 5456 1095 5527 impiis
1133 5457 1264 5527 pati.
1298 5454 1604 5510 Notandum
1645 5456 1767 5510 item
1794 5457 1846 5508 in
1884 5455 2027 5511 hisce
2062 5455 2466 5511 Commentariis
2496 5457 2695 5513 Filium
2726 5460 2820 5514 Dei
2838 5463 3035 5527 passim
3066 5480 3172 5517 una
3205 5480 3344 5533 voce,
3376 5477 3531 5533 μονο-

362 5570 451 5623 ιιι
487 5570 613 5625 Cor.
648 5588 735 5637 xv,
762 5573 851 5629 26.
945 5576 989 5606 ⁸⁷
1015 5573 1160 5631 Psal.
1185 5591 1369 5638 Latus,
1391 5575 1481 5631 20.
1557 5576 1600 5608 ⁸⁸
1627 5574 1769 5631 Psal.
1800 5592 1970 5641 um,
2001 5574 2056 5650 2.
2167 5575 2211 5606 ⁸³
2247 5574 2437 5637 Matth.
2478 5593 2597 5639 xxv,
2634 5577 2721 5631 12.
2805 5578 2851 5609 ⁸ο
2881 5575 3041 5636 Joan.
3075 5596 3127 5646 v,
3154 5579 3243 5635 22.

498 5666 647 5748 infra
679 5667 822 5748 [’sal.
852 5686 962 5737 cut,
987 5687 1038 5729 v.
1076 5672 1126 5737 1,
1150 5671 1305 5741 λόγον

2031 5672 2141 5748 (ig)
2171 5674 2331 5748 flium.
2355 5674 2692 5748 ‘VllWConcil.
2725 5693 2776 5748 p.
2805 5677 2930 5734 512.

358 5736 471 5809 (11)
498 5736 641 5794 Infra
680 5738 839 5811 βοῶν.
950 5736 953 5737 ⁷
1116 5736 1119 5737 ⁷
1223 5736 1234 5741 ⁷

1116 5736 1119 5737 ν
1223 5736 1234 5741 ⁷
2032 5736 2142 5816 (1⁸5)
2167 5743 2300 5800 ibid.
2335 5763 2385 5816 ιι.
2418 5747 2541 5801 951.
