3944 6220
359 311 425 368 Si
1203 317 1258 372 S.
1303 319 1673 376 ATHANASII
1712 321 1862 376 OPP.
1905 320 2086 376 PARS
2122 320 2210 375 ΙΙΙ.
2258 346 2324 369 -
2359 320 2767 378 EXEGETICA.
3533 317 3606 374 ἕ,ίὲ

359 433 528 485 dorus
547 429 936 495 Antiochenus,
962 431 1138 498 Nilus,
1155 433 1479 489 Anastasius
1518 401 1789 500 Nicatnus,
1820 444 1869 489 et
1895 434 2218 490 Anastasius
2235 433 2441 490 Sinaita
2458 436 2846 498 Antiochenus,
2867 434 3135 499 Asterius,
3154 431 3601 506 Olympiodorus.

361 519 712 590 Epiphanius,
739 522 983 577 Andreas
1029 521 1324 590 Cretensis,
1368 524 1614 580 Andreas
1665 526 2037 590 Caesariensis,
2091 525 2316 582 Cosmas
2372 526 2808 595 lndicopleustes,
2867 525 3250 592 (Ecumenius,
3297 524 3601 579 M‘arcus....

359 615 674 680 Cassianus,
703 615 1021 688 Hippolytus
1054 617 1354 686 Romanus,
1391 618 1752 685 Herodianus,
1785 620 2245 692 Thaumaturgus,
2276 631 2473 692 praeter
2508 621 2647 676 alios
2685 637 3006 692 anonymos,
3040 627 3101 675 ut
3133 621 3334 675 dicitur
3375 618 3598 672 ibidem.

359 713 424 766 Et
449 715 718 771 editiones
753 715 1115 781 Psalmorum,
1143 731 1238 771 seu
1269 717 1675 781 translationes,
1701 719 1901 788 quibus
1933 720 2014 774 usi
2049 727 2177 774 sunt
2203 719 2256 772 in
2285 727 2501 781 catena,
2537 717 2735 772 ibidem
2769 718 2989 782 dicitur,
3019 715 3241 770 fuerunt
3264 713 3598 784 Symmachi,

359 810 589 879 Aquilae,
625 809 1043 875 Thcodotionis,
1080 819 1133 864 et
1171 808 1521 880 Septuaginta
1551 809 1935 879 lnterpretum.
1969 809 2148 865 Codex
2185 808 2466 878 originalis
2507 809 2560 861 in
2592 824 2916 879 pergamena
2953 805 3389 876 antiquissimus,
3419 813 3472 858 et
3510 803 3597 857 di-

359 921 512 961 versa
543 915 673 961 sunt
705 907 943 978 plurima
981 907 1050 961 ab
1079 907 1184 961 illis
1218 921 1248 960 a
1278 905 1522 960 Barbaro
1546 906 1729 961 editis.
1759 905 1819 960 In
1845 907 1948 962 hac
1975 905 2292 960 collectione
2319 903 2504 958 Graece
2527 912 2760 958 tantum.
3041 965 3058 986 .

427 1016 445 1044 σ
486 996 738 1055 Extracta
785 1015 850 1054 ex
891 999 1093 1056 Catena
1141 999 1476 1054 Psalmorum
1527 999 1582 1053 in
1628 1013 1954 1068 pergameno
1980 999 2034 1052 iu
2061 997 2184 1053 cod.
2233 1012 2317 1063 ιιι,
2345 995 2412 1052 Η.
2449 996 2536 1061 14,
2582 1010 2650 1050 ea
2689 1011 2809 1065 qua:
2838 992 3110 1064 pertinent
3140 990 3208 1044 ad
3239 989 3596 1044 Athanasium

359 1093 543 1149 Graece
572 1105 802 1150 tantum.

429 1206 444 1234 ι
464 1185 741 1242 Pcriochm
769 1196 823 1242 et
852 1189 1179 1260 hypotheses
1214 1189 1404 1244 breves
1430 1188 1792 1253 Psalmorum,
1823 1203 1946 1258 quae
1973 1187 2348 1242 attribuuntur
2379 1182 2614 1238 Eusebio
2648 1181 2700 1234 in
2731 1179 2919 1235 codice
2951 1195 3046 1242 vn,
3079 1176 3138 1230 E.
3164 1177 3248 1240 18,
3268 1177 3470 1240 Greece,
3500 1194 3592 1229 ex-

352 1287 547 1347 cerpta:
587 1295 652 1334 ex
703 1291 892 1336 catena
946 1281 1152 1353 integra
1201 1281 1256 1334 in
1306 1279 1562 1334 Psalmos
1600 1287 1654 1334 et
1695 1279 1958 1335 attributa
2002 1277 2323 1341 Athanasio,
2373 1275 2596 1329 diversa
2627 1280 2810 1326 tamen
2842 1287 2873 1326 a
2899 1277 3088 1326 catena
3136 1268 3363 1357 Barbari
3410 1268 3595 1323 Graece

357 1381 588 1427 tantum.

427 1485 447 1519 ι
488 1466 811 1537 Fragmenta
840 1468 1122 1526 Athanasii
1165 1486 1229 1525 ex
1263 1469 1428 1525 variis
1455 1469 1662 1526 catenis
1701 1469 1927 1525 collecta
1971 1469 2026 1522 in
2060 1468 2325 1538 Epistolas
2355 1466 2462 1520 divi
2502 1463 2684 1529 Pauli,
2715 1470 2768 1517 et
2803 1476 2868 1518 ex
2894 1466 3077 1515 catena
3104 1459 3159 1512 in
3191 1457 3350 1512 libros
3371 1457 3588 1528 Regum,

349 1559 552 1616 erce.
600 1561 831 1631 Subjicit
854 1547 1043 1616 auctoi‘
1070 1563 1276 1619 Latium
1304 1562 1594 1629 versionis,
1627 1577 1788 1633 quem
1815 1577 1978 1631 supra
2009 1561 2242 1616 iudicavi
2279 1579 2293 1616 :

423 1677 442 1708 ι
470 1655 548 1710 Ex
575 1658 964 1713 commentario
990 1673 1085 1713 seu
1113 1667 1302 1712 catena
1327 1656 1430 1710 Titi
1465 1655 1770 1711 Bostrensis
1800 1657 1854 1708 in
1881 1654 2099 1718 Lucam,
2127 1671 2195 1710 ex
2222 1655 2616 1725 Chrysostomo
2651 1660 2705 1706 et
2736 1651 2858 1706 aliis
2883 1651 3128 1713 collecta,
3165 1652 3278 1705 haec
3317 1652 3490 1721 reperi
3521 1667 3588 1706 ex

354 1773 371 1803 ι
410 1753 726 1818 Athanasio,
763 1770 884 1825 qua:
911 1762 1102 1824 postea
1129 1753 1332 1809 contuli
1363 1768 1486 1807 cum
1515 1752 1673 1808 editis
1702 1767 1732 1806 a
1769 1749 2014 1816 Peltauo,
2047 1765 2167 1819 qua:
2192 1749 2380 1803 eodem
2413 1748 2578 1801 modo
2602 1761 2661 1802 se
2695 1746 2916 1809 habent,
2952 1745 3047 1800 sed
3081 1760 3276 1799 nomen
3304 1730 3588 1800 Athanasii

353 1867 370 1898 ι
407 1862 514 1902 non
559 1848 632 1901 ibi
661 1864 1002 1918 expressum,
1030 1863 1128 1903 nec
1169 1847 1256 1902 hic
1284 1847 1377 1902 ubi
1411 1847 1708 1910 desierunt,
1743 1846 1973 1915 ideoque
2011 1861 2122 1899 non
2148 1845 2301 1914 plura
2324 1843 2609 1912 descripsi,
2637 1843 2766 1911 quia
2806 1841 3062 1896 sublesta:
3091 1853 3270 1896 essent
3299 1841 3442 1894 tidei.
3478 1841 3590 1911 Οὐχ

350 1962 370 1994 ι
408 1942 592 2006 ἁπλῶς
614 1943 669 1994 δὲ
697 1943 758 1995 τὸ
780 1942 1112 2014 γεννώμενὸν
1136 1960 1296 2014 φησιν
1320 1942 1456 2014 πρὸς
1482 1941 1578 2012 τὴν
1602 1941 1877 2013 Παρθένον
1909 1942 1937 1993 ὁ
1958 1941 2204 2010 ἄγγελος,
2233 1940 2319 1993 ἵνα
2353 1940 2427 2010 μὴ
2469 1936 2668 2002 ἔξωθεν
2701 1939 3123 2008 ὲπεισαγόμενον
3152 1940 3286 2009 αὐτῇ
3323 1937 3480 2007 σῶμα
3503 1954 3589 1989 νο-

350 2057 366 2085 σ
400 2037 586 2110 μισθῇ,
612 2038 985 2110 ἁλλ’ὲῖτήγαγε
1038 2040 1133 2096 καὶ
1177 2039 1256 2103 τὸ,
1281 2041 1344 2092 ἐκ
1375 2039 1467 2091 σοῦ
1501 2055 1514 2068 ·
1555 2037 1639 2090 ἵνα
1669 2037 1728 2102 ἐξ
1747 2036 1914 2106 αὐτῆς
1946 2035 2156 2106 φύσεως
2183 2035 2244 2088 τὸ
2270 2034 2604 2104 γεννώμενον
2634 2028 2772 2084 εἶναι
2805 2033 3044 2103 πιστωθῇ
3076 2050 3089 2062 ·
3127 2032 3278 2101 ἅγιον
3300 2032 3356 2084 δὲ
3389 2030 3592 2102 κληθη.

349 2147 365 2176 ι
401 2129 644 2200 σύμενον,
669 2133 765 2202 οὐχ
786 2133 859 2196 ὡς
878 2133 1084 2187 ἕνοικον
1112 2134 1302 2198 ἕξοντα
1328 2134 1418 2187 τὸν
1444 2134 1571 2187 Υἱὺν
1600 2132 1692 2186 τοῦ
1719 2131 1853 2185 Θεοῦ
1885 2134 1977 2186 καὶ
2003 2134 2066 2185 ἐκ
2095 2132 2326 2202 μετοχῆς
2347 2129 2580 2200 ἁγιασθη
2591 2128 2812 2199 σύμενον
2834 2145 2848 2158 ·
2873 2127 2986 2194 ἀλλ’
3002 2128 3076 2191 ὡς
3101 2129 3227 2180 ὅντα
3260 2127 3399 2182 κατὰ
3427 2126 3588 2196 φύσιν

348 2245 364 2273 ι
401 2222 572 2292 ἅγιον,
595 2227 670 2297 τῷ
692 2227 780 2280 τὸν
806 2229 964 2281 αὐτὸν
983 2229 1106 2282 Υἱὸν
1134 2230 1396 2301 ὑπάρχειν
1437 2227 1571 2281 Θεοῦ
1607 2229 1699 2280 καὶ
1723 2228 1817 2280 ἕνα
1851 2225 1905 2280 εἴ·

2040 2226 2115 2281 lta
2139 2243 2198 2281 se
2221 2227 2490 2281 habebant
2519 2234 2627 2279 tres
2657 2223 2870 2278 codices
2901 2226 2954 2277 in
2984 2240 3310 2294 pergamcua
3337 2241 3462 2282 cum
3491 2239 3585 2278 ειν

346 2335 365 2373 ι
407 2332 593 2383 presso
631 2319 850 2375 nomine
873 2321 1191 2387 Athanasii;
1224 2322 1324 2377 hoc
1349 2322 1469 2376 loco
1496 2320 1777 2376 translatio
1801 2311 2008 2374 Peltani
2033 2335 2142 2373 uou
2169 2318 2423 2388 exprimit
2451 2328 2720 2387 postrema
2752 2318 3000 2373 ﬁdeliter.
3042 2337 3065 2369 ι,

415 2430 435 2463 ‹
469 2411 533 2467 Et
561 2424 682 2483 post
710 2431 877 2486 pauca
908 2417 1010 2472 alia
1043 2415 1343 2488 fragmenta
1372 2417 1533 2471 allata
1561 2417 1676 2472 haec
1702 2417 2007 2472 observatio
2043 2415 2240 2470 ibidem
2278 2415 2542 2484 reperitur
2577 2433 2590 2469 :

411 2527 429 2560 ι
465 2508 521 2563 In
554 2511 866 2582 Ant/tologio
895 2513 1130 2584 quodam
1156 2509 1256 2565 SS.
1287 2510 1510 2566 Patrum
1541 2512 1654 2565 haec
1682 2510 1855 2580 reperi
1893 2525 1959 2565 ex
1983 2510 2288 2564 Athanasio
2329 2510 2381 2562 in
2406 2509 2589 2564 littera
2622 2508 2688 2573 A,
2713 2508 2904 2563 ordine
2941 2510 3085 2564 enim
3123 2509 3460 2578 alphabetico
3498 2511 3583 2565 di-

341 2622 361 2652 c
400 2615 548 2671 gesta
576 2617 730 2660 erant
762 2608 960 2675 capita,
991 2615 1044 2662 et
1070 2606 1255 2660 omnia
1290 2606 1574 2676 desumpta
1601 2622 1666 2660 ex
1696 2606 1898 2661 vetcrib

2025 2604 2277 2668 iatrihus,
2309 2606 2523 2675 istaque
2548 2613 2700 2659 erant
2736 2605 2789 2658 in
2817 2619 2948 2658 voce
2983 2606 3376 2672 Ἀστρολογιά,
3399 2617 3582 2677 utpraa

341 2716 358 2747 ι
399 2713 456 2760 se
481 2698 584 2758 fert
614 2701 821 2765 titulus,
857 2718 980 2762 cum
1014 2705 1213 2764 titulo:
1249 2704 1372 2760 Ὅτι
1402 2706 1449 2758 εἰ
1471 2704 1610 2764 κατὰ
1644 2704 1898 2782 ἀστρολογ

2029 2702 2097 2761 τὰ
2119 2702 2239 2756 καθ’
2258 2701 2757 2780 ἡμᾶς,Ἀθανασίου
2788 2699 3191 2772 Ἀλεξανδρείας
3222 2703 3285 2762 ὲκ
3308 2702 3407 2772 τῆς
3441 2705 3579 2763 κατὰ

339 2807 356 2838 ι
399 2790 671 2846 Ματθαίον
708 2793 910 2863 βίϐλου.
948 2813 966 2846 ι
1001 2793 1126 2850 ἱΙιθο
1155 2800 1209 2850 in
1243 2798 1470 2867 epistola
1494 2797 1768 2853 Grodecii.

411 2881 512 2938 νιι.
549 2884 634 2939 Ex
670 2887 809 2940 hisce
833 2899 1005 2952 autem
1034 2907 1196 2944 unum
1224 2901 1321 2956 est,
1352 2891 1488 2961 quod
1529 2908 1785 2960 nusquam
1818 2899 2167 2945 memoratum
2207 2891 2526 2956 audivimus,
2565 2891 2799 2954 scilicet,
2838 2887 3261 2944 Commentarius
3297 2887 3580 2943 Athanasii

332 2975 386 3030 in
425 2975 646 3032 Cantica
677 2977 861 3033 Maria:
887 2989 941 3036 et
969 2979 1303 3040 biosis.AHoc
1329 2992 1507 3036 autem
1553 2982 1862 3052 opusculum
1899 3000 2272 3054 germanumne
2309 2983 2376 3037 sit
2430 2996 2495 3035 ex
2533 2981 2648 3034 sola
2678 2981 2896 3034 lectione
2926 2980 3204 3032 internosci
3231 2987 3426 3048 potest,
3459 2994 3576 3030 cum

331 3084 364 3126 a
393 3068 560 3132 nullo,
594 3071 732 3140 quod
761 3074 967 3142 quidem
1003 3080 1194 3140 norim,
1221 3078 1436 3148 antiquo
1470 3077 1747 3132 laudatum
1775 3078 1956 3146 fuerit.
2001 3077 2202 3133 Obnixe
2228 3092 2345 3131 vero
2374 3075 2754 3143 postulavimus
2793 3091 2851 3128 ea
2880 3074 3172 3126 transmitti
3208 3073 3354 3126 nobis
3384 3089 3499 3142 qua
3519 3073 3576 3126 in

332 3161 781 3219 lucubrationibus
815 3171 1009 3222 nostris
1041 3169 1428 3237 desiderantur,
1463 3173 1551 3226 sed
1591 3188 1709 3226 cum
1741 3172 1921 3226 nullus
1963 3173 2086 3226 istic
2129 3172 2462 3224 amanuensis
2499 3169 2678 3225 Greece
2717 3167 3060 3222 transcribere
3097 3169 3281 3237 possit,
3322 3168 3451 3220 rotis
3481 3183 3575 3220 no-

331 3258 456 3310 stris
480 3259 688 3329 obsequi
712 3263 926 3316 minime
949 3265 1118 3332 potuit
1144 3267 1222 3319 vir
1250 3265 1586 3320 doctissimus
1631 3265 1980 3321 Muratorius.
2013 3267 2080 3320 Et
2114 3277 2371 3337 quantum
2401 3281 2638 3334 auguror
2675 3265 3000 3333 conjectura,
3034 3280 3138 3316 non
3178 3265 3314 3317 tanti
3346 3265 3576 3330 fortasse

330 3348 485 3414 pretii
507 3358 627 3400 sunt
660 3362 850 3404 caetera
879 3367 897 3404 :
929 3369 1052 3404 nam
1075 3355 1371 3424 fragmenta
1407 3356 1505 3409 illa
1543 3357 1596 3410 iu
1629 3357 1796 3410 libros
1827 3355 2032 3427 Regum
2075 3365 2125 3410 et
2174 3357 2229 3410 in
2279 3355 2613 3420 Matthaaum,
2642 3372 2744 3408 non
2765 3371 2829 3408 ex
2862 3355 3119 3426 peculiari
3163 3356 3389 3426 quodam
3429 3373 3573 3409 com-

334 3444 589 3494 mentario
613 3444 664 3496 in
697 3444 848 3498 hosce
876 3445 1058 3508 libros.
1076 3449 1165 3500 sed
1191 3464 1254 3501 ex
1277 3449 1397 3501 aliis
1421 3465 1538 3519 qua:
1549 3450 1666 3519 jam
1691 3459 1898 3503 exstant
1921 3448 2200 3502 Athanasii
2224 3447 2464 3518 operibus
2490 3447 2721 3500 maxima
2741 3462 2862 3515 pars
2879 3449 3138 3515 exscripta
3158 3451 3320 3514 luere,
3345 3457 3401 3499 ut
3429 3447 3570 3513 infra

331 3547 619 3596 monemus,
650 3543 698 3586 et
725 3538 1046 3604 experientia
1083 3542 1549 3607 comprobavimus.
1588 3541 1957 3608 Expositiones
1985 3553 2161 3594 autem
2190 3539 2245 3593 in
2280 3538 2528 3594 Psalmos
2554 3537 2744 3592 eadem
2777 3547 3031 3606 putantur
3057 3553 3167 3592 esse
3195 3553 3311 3607 qua:
3343 3547 3569 3590 nostrae:

329 3627 567 3694 sgnopsis
593 3643 731 3694 vero,
764 3645 854 3682 seu
879 3631 1242 3701 interpretatio
1286 3634 1380 3687 illa
1411 3651 1590 3689 cocum
1619 3635 2003 3689 Hebraicar-utn
2042 3652 2159 3706 qua:
2198 3636 2254 3688 in
2298 3632 2713 3704 expositionibus
2743 3632 3024 3687 Athanasii
3063 3643 3269 3686 exstant
3294 3643 3350 3685 ut
3392 3633 3465 3685 vel
3503 3647 3572 3685 ex

327 3719 591 3786 prioribus
632 3721 796 3775 verbis
830 3725 1202 3778 aestimandum
1239 3727 1572 3798 relinquitur,
1607 3729 1761 3782 nihili
1788 3739 1880 3782 est.
1926 3728 2003 3782 De
2035 3728 2248 3798 reliquis
2282 3729 2328 3780 si
2362 3727 2571 3796 quando
2597 3726 2763 3779 lucem
2803 3727 3026 3780 viderint
3049 3727 3312 3795 judicium
3345 3727 3564 3793 [eretur-

399 3808 531 3864 Vlll.
551 3812 632 3864 Ad
662 3814 862 3868 codices
885 3814 1000 3883 jam
1017 3819 1284 3872 veniamus
1308 3819 1446 3872 unde
1466 3819 1560 3872 has
1585 3819 1865 3872 Athanasii
1885 3819 2234 3888 expositiones
2262 3819 2490 3870 mutuati
2515 3834 2697 3870 sumus
2721 3833 2739 3870 :
2771 3827 2874 3870 tres
2903 3816 3050 3886 Regii
3080 3828 3222 3880 sunt,
3248 3815 3384 3869 1807
3411 3816 3569 3868 nimi-

327 3918 467 3967 rum,
492 3920 641 3974 quem
673 3903 891 3974 Regium
923 3908 1152 3975 primum
1192 3921 1458 3970 vocamus,
1488 3905 1612 3976 Reg.
1645 3923 1763 3960 vero
1791 3907 1845 3970 ‘2,
1881 3905 2040 3969 1878.
2070 3905 2196 3976 Reg.
2221 3906 2276 3972 5,
2306 3904 2465 3958 1879.
2502 3903 2694 3975 Regius
2734 3907 2938 3974 primus
2967 3915 3044 3959 est
3086 3913 3269 3958 catena
3304 3905 3566 3973 antiquis-

327 4000 463 4054 sima
501 4004 564 4054 ab
604 4004 756 4055 annis
800 4001 918 4070 plus
955 4003 1292 4072 septingentis
1324 4011 1596 4070 exat-atus,
1639 4004 1788 4057 bona:
1831 4013 1988 4057 notat.
2019 4001 2417 4055 Incommodum
2452 4011 2623 4055 tamen
2647 4001 2860 4064 accidit,
2891 4012 2947 4055 ut
2988 4001 3202 4055 nomina
3247 4002 3565 4069 scriptorum

332 4097 665 4150 amanuensis
708 4112 935 4166 persa'pe
982 4107 1198 4152 taceret.
1243 4096 1516 4152 Secundus
1550 4097 1674 4168 Reg.
1718 4099 1918 4168 egregie
1947 4099 2240 4167 descriptus
2273 4107 2323 4153 et
2351 4098 2495 4167 paris
2522 4098 2882 4167 antiquitatis,
2914 4097 3085 4148 minus
3119 4104 3291 4146 tamen
3319 4107 3563 4149 accurate

326 4201 576 4246 exoratus
615 4195 828 4246 nomina
875 4203 1048 4248 tamen
1070 4195 1344 4264 diligenter
1373 4195 1611 4249 ascribit.
1641 4194 1869 4258 Tertius,
1898 4195 1987 4264 qui
2019 4196 2243 4248 mediam
2259 4192 2472 4247 secundi
2498 4203 2697 4261 partem
2727 4191 3105 4259 complectitur,
3136 4205 3306 4242 recens
3332 4198 3406 4243 est
3429 4199 3476 4243 et
3497 4206 3564 4244 ex

330 4288 554 4341 secundo
577 4289 893 4360 exscriptus,
918 4291 1131 4360 ideoque
1154 4307 1256 4344 non
1280 4292 1414 4344 tanti
1437 4307 1582 4344 usus.
1611 4290 1736 4344 Tres
1761 4294 1883 4346 item
1910 4290 2058 4347 Colb.
2077 4301 2220 4354 sunt,
2239 4289 2398 4356 4445,
2423 4305 2573 4359 quem
2595 4289 2823 4355 primum
2847 4284 2993 4341 Colb.
3012 4285 3258 4351 dicimus,
3276 4284 3563 4339 secundum

330 4396 446 4434 vero
470 4383 530 4435 41
543 4381 646 4446 82;
679 4387 889 4436 tertium
921 4385 974 4438 in
1011 4366 1144 4438 duas
1186 4394 1361 4455 partes
1391 4386 1640 4448 diuisum,
1667 4403 1890 4456 quarum
1925 4389 2098 4456 prima
2133 4401 2402 4439 numerum
2432 4385 2625 4439 obtinet
2651 4383 2809 4443 4680,
2838 4383 3066 4437 secunda
3099 4399 3216 4437 vero
3243 4381 3406 4436 t681.
3435 4382 3530 4438 Col

327 4472 557 4526 bertinus
587 4485 780 4534 autent.
803 4491 951 4544 quem
975 4478 1204 4545 primunt
1233 4476 1482 4539 dicimus,
1511 4473 1700 4528 librum
1729 4476 1798 4529 ad
1829 4475 2200 4529 Marcellinum
2241 4472 2317 4527 De
2342 4473 2784 4542 interpretatione
2805 4470 3148 4528 Psalmorum
3178 4483 3384 4527 tantum
3409 4474 3558 4527 exhi-

329 4565 430 4619 bet.
460 4562 728 4619 Secundus
755 4567 1034 4621 Athanasii
1059 4577 1108 4620 et
1145 4566 1451 4620 Theodoreti
1481 4568 1829 4637 expositiones
1866 4567 1920 4620 in
1950 4567 2216 4630 Psalmos,
2243 4574 2420 4635 estque
2449 4564 2566 4633 plus
2600 4565 2702 4618 700
2729 4581 2985 4618 annorum
3015 4568 3250 4644 :_tertius
3275 4565 3556 4635 expositio-

326 4674 416 4714 nes
441 4662 565 4714 item
588 4660 871 4716 Athanasii
899 4679 1017 4716 cum
1045 4662 1309 4718 nonnullis
1339 4672 1648 4717 cceterorum
1681 4663 1929 4727 Patrum,
1959 4664 2044 4715 hic
2075 4662 2277 4716 tuendis
2301 4670 2486 4728 scatet,
2513 4663 2915 4731 quingentorum
2936 4663 3144 4715 circiter
3171 4679 3449 4716 annorum.

393 4748 600 4804 Harum
625 4754 1006 4822 expositionum
1031 4756 1323 4826 fragmenta
1350 4761 1592 4828 quaedam
1616 4776 1649 4812 a
1683 4758 1899 4814 Daniele
1924 4757 2182 4820 Barbara,
2211 4757 2300 4826 qui
2334 4767 2512 4826 postea
2559 4757 2862 4823 patriarcha
2889 4757 3235 4826 Aquileiensis
3263 4757 3386 4824 fuit,
3413 4756 3555 4808 edita

322 4843 534 4909 fuerunt
575 4846 629 4898 in
673 4856 857 4899 catena
892 4846 1118 4902 Patrum
1160 4848 1461 4906 Crtecorum
1485 4852 1536 4906 iu
1569 4851 1838 4914 Psalmos,
1879 4851 2103 4908 Venetiis
2147 4868 2275 4904 cusa
2298 4868 2435 4904 anno
2465 4850 2626 4913 1569,
2659 4851 2747 4904 ubi
2783 4849 2852 4904 ad
2879 4851 3366 4920 quinquagesimum
3393 4867 3554 4921 usque

321 4942 578 5004 t’salmum
607 4943 868 4998 duntaxat
895 4948 1244 5014 expositiones
1273 4953 1559 5004 ducuntur.
1586 4947 1653 5000 Et
1681 4949 1982 5002 accuratior
2009 4947 2214 5017 quidem
2242 4948 2295 5000 in
2324 4947 2505 5000 multis
2531 4957 2605 4998 est
2631 4943 2972 5003 Corderiana.
3002 4946 3136 5000 Hinc
3161 4964 3298 5002 anno
3323 4947 3453 5001 1601
3486 4961 3552 5001 ex

319 5049 507 5094 catena
533 5038 1075 5098 Dt'icetheracleottc
1107 5041 1489 5099 Felckmannus
1535 5054 1780 5113 excerpta
1820 5045 2067 5114 quadam
2107 5043 2275 5097 edidit
2301 5043 2650 5096 Athanasium
2697 5045 3007 5111 spectantia.
3052 5043 3322 5097 Postremo
3359 5043 3552 5098 Corde-

321 5136 430 5188 rius
455 5152 594 5190 anno
627 5135 762 5191 1645
788 5137 1132 5207 prolixiorem
1174 5151 1410 5194 catenam
1443 5139 1670 5194 Patrum
1701 5139 2004 5195 Grtccorum
2049 5139 2103 5192 iu
2146 5147 2320 5191 totum
2360 5137 2683 5192 Psalterium
2715 5137 2901 5199 edidit,
2933 5136 3100 5191 tribus
3133 5138 3288 5191 tomis
3319 5154 3550 5206 compn-

319 5231 548 5295 hensam,
583 5233 636 5288 in
661 5250 762 5305 qua
791 5235 923 5290 necvi
944 5253 1048 5289 non
1077 5240 1231 5306 pauci
1255 5247 1555 5292 occurrunt.
1584 5236 1773 5291 Nobile
1801 5246 1976 5290 autem
2000 5249 2074 5290 est
2100 5236 2231 5288 illud
2258 5245 2492 5288 erratum
2521 5235 2659 5305 quod
2685 5233 3026 5304 expositiones
3052 5229 3306 5285 Theodori
3328 5240 3374 5285 et
3395 5230 3553 5284 Theo-

316 5321 484 5374 doreti
512 5323 808 5381 Athanasio
833 5327 1083 5381 ascribat.
1126 5325 1192 5378 Et
1225 5328 1454 5396 quidem,
1477 5336 1532 5380 ut
1553 5345 1896 5397 auguramur,
1925 5327 2247 5394 ha'c.lapsus
2279 5343 2438 5379 causa
2479 5327 2621 5394 fuit:
2656 5327 3006 5378 Amanuenses
3040 5323 3128 5375 ubi
3165 5325 3218 5376 in
3252 5323 3448 5376 catenis
3480 5323 3550 5378 ad

319 5413 601 5479 marginem
639 5418 848 5469 nomina
891 5418 1205 5486 scriptorum
1239 5427 1442 5483 notant,
1477 5419 1753 5472 Athanasii
1791 5435 1975 5471 nomen
2008 5417 2245 5471 indicant
2285 5434 2377 5486 per
2405 5418 2636 5471 litteram
2660 5418 2724 5482 A,
2746 5420 2832 5470 cui
2861 5431 3149 5488 sequentem
3182 5420 3237 5472 in
3271 5418 3548 5471 Athanasii

318 5504 543 5565 nomine,
569 5506 610 5557 Θ
643 5509 842 5564 scilicet
865 5513 1158 5582 imponunt.
1201 5511 1298 5566 Ubi
1329 5524 1500 5567 autem
1535 5514 1793 5568 Theodori
1821 5515 1972 5567 lectio
1995 5523 2089 5578 est,
2116 5515 2340 5583 primani
2369 5514 2617 5567 similiter
2636 5513 2677 5566 Θ
2698 5513 3015 5576 describunt,
3041 5515 3125 5569 cui
3146 5517 3374 5567 litteram
3399 5515 3436 5564 Δ
3459 5514 3549 5566 den

317 5614 471 5665 super
494 5603 760 5670 scribunt;
791 5607 899 5661 hare
935 5620 1107 5663 autem
1134 5611 1310 5663 littera
1338 5616 1390 5664 tn
1410 5610 1674 5670 codicibus
1703 5613 1940 5680 proxime
1966 5613 2034 5666 ad
2060 5611 2290 5664 litteram
2321 5610 2364 5663 A
2389 5611 2608 5674 accedit,
2646 5607 2732 5665 ubi
2766 5609 2927 5684 igitur
2956 5609 3084 5666 vidit
3123 5608 3186 5675 A,
3218 5616 3272 5660 ut
3301 5605 3543 5677 putabat,

314 5696 554 5759 superius
614 5700 655 5750 Θ
689 5715 802 5756 vero
831 5703 1049 5772 inferius
1082 5706 1321 5772 deseribi,
1364 5709 1705 5766 Athanasium
1735 5708 1815 5765 his
1844 5708 2132 5780 signiﬁcari
2168 5707 2461 5763 arbitratus
2490 5719 2586 5761 cst.
