3944 6220
290 288 357 348 53
1209 303 1693 365 ARGUMENTUM
1733 310 1800 366 IN
1841 311 2173 371 PSALMOS.
2214 318 2650 381 —MONITUM.
3194 360 3205 374 ι
3481 335 3552 392 54

360 404 446 461 IX.
474 404 573 462 Hae
599 418 795 466 autem
830 414 1176 483 expositiones
1202 420 1384 476 multis
1415 424 1469 476 in
1496 424 1624 479 locis
1647 427 1919 495 deﬁciunt,
1951 430 2078 500 quia
2108 430 2310 488 scilicet
2331 451 2673 493 amanuenses
2698 456 2801 494 non
2828 445 3004 499 omnia
3033 448 3439 515 aescripserunt,
3460 455 3550 506 sed

295 499 538 570 pauciora
567 501 881 559 attulerunt
906 522 1062 577 quam
1086 509 1279 576 ferrent
1320 514 1605 572 Athanasii
1633 518 1855 576 codices.
1890 499 2031 576 Raro
2063 524 2229 578 evenit
2267 534 2327 579 ut
2370 531 2659 600 peregrinis
2686 531 3140 606 interpretationes
3170 499 3351 596 nomen
3385 542 3549 596 Atha-

299 590 431 643 nasii
456 590 773 660 prteferant,
806 596 863 649 id
891 599 1065 667 quoad
1096 600 1323 670 facultas
1351 607 1471 661 tulit
1497 611 1567 662 ad
1601 613 1890 682 marginem
1913 617 2232 671 notavimus.
2262 616 2330 671 Et
2363 590 2775 692 sanevperfacile
2805 590 2967 678 estin
2995 625 3135 678 hisce
3163 625 3358 695 stylum
3382 626 3549 681 Atha-

298 687 427 739 nasii
453 687 831 759 internoscere,
868 701 979 747 tum
1008 697 1131 765 quia
1171 698 1225 751 in
1258 713 1562 772 argumento
1604 707 1905 778 plerumque
1934 725 2027 763 ceu
2056 715 2306 781 synopsin
2342 687 2625 784 quamdam
2666 719 2826 773 totius
2853 717 3047 788 psalmi
3086 718 3146 774 ob
3174 721 3353 775 oculos
3380 723 3548 791 ponit,

295 791 342 831 et
373 780 575 848 quidem
626 798 753 837 mox
791 786 1072 854 afferendi:
1103 791 1528 863 interpretationi
1575 800 1798 869 afﬁnem,
1823 810 1881 855 ut
1914 802 2010 856 hac
2043 812 2239 859 tessera
2275 807 2433 877 facile
2468 810 2537 862 sit
2572 826 2691 865 vera
2714 827 2745 864 a
2771 811 2926 881 falsis
2952 827 3250 876 secernere;
3285 823 3394 866 tum
3422 815 3548 882 quia

297 884 404 927 tam
435 879 767 947 perspicuus,
804 892 914 936 tam
949 886 1115 941 brevis
1144 899 1297 962 atque
1327 910 1536 962 pressus
1557 897 1611 949 in
1652 897 1790 951 hisce
1819 910 1894 952 est
1919 899 2261 967 Athanasius,
2290 913 2347 956 ut
2376 904 2474 957 hac
2502 906 2625 960 item
2656 908 2707 960 in
2733 879 2884 975 parte
2907 923 2939 959 a
2969 907 3171 959 cceteris
3206 906 3416 975 perinde
3439 908 3550 960 dis-

299 975 464 1042 tingui
490 980 678 1046 possit.
710 977 776 1032 In
808 979 949 1036 hisce
977 993 1154 1036 autem
1183 983 1337 1054 vulgo
1391 989 1701 1042 sententiam
1726 993 1958 1060 exponit,
2008 1004 2067 1048 ut
2114 1008 2299 1052 vocant
2323 999 2776 1067 spiritualem,ita
2796 1010 2853 1055 ut
2877 997 3095 1054 Nicetas
3135 1002 3188 1053 in
3226 1010 3412 1054 catena
3451 1016 3547 1053 sua

300 1070 682 1129 Theodoretum
707 1093 802 1146 pro
832 1077 1077 1146 litterati,
1112 1079 1464 1136 Athanasium
1492 1083 1599 1153 fere
1621 1101 1718 1153 pro
1749 1088 2012 1155 Spirituali
2045 1093 2256 1162 aﬂ'erat.
2283 1093 2379 1149 Est
2413 1105 2586 1151 tamen
2606 1095 2750 1151 haud
2776 1114 2899 1153 raro
2923 1115 3043 1153 cum
3077 1098 3311 1153 litteram
3335 1100 3548 1169 attingit

293 1172 343 1218 et
364 1163 577 1234 quidem
606 1168 896 1223 rectissime
923 1170 993 1224 ad
1030 1188 1245 1241 scopum
1273 1171 1573 1243 Prophette,
1602 1187 1658 1231 ut
1689 1196 1837 1234 nemo
1863 1198 1965 1235 non
1990 1186 2347 1241 mstimaturus
2369 1199 2468 1244 est.
2494 1191 2816 1260 Arguntmta
2837 1190 3158 1262 psalmorum
3183 1192 3403 1245 maximi
3422 1208 3549 1246 sane

293 1259 448 1325 pretii
492 1271 639 1327 sunt,
668 1262 759 1316 ubi
801 1264 1086 1320 litteralem
1116 1268 1277 1322 etiam
1324 1284 1461 1339 scepe
1500 1280 1721 1326 mentem
1775 1274 2008 1344 apprime
2036 1284 2087 1330 et
2116 1287 2269 1332 acute
2309 1281 2477 1350 tangit
2521 1259 2801 1353 antequam
2831 1259 2900 1335 ad
2945 1280 3277 1353 spiritualem
3310 1280 3545 1336 accedat.

299 1352 483 1410 Multa:
501 1354 590 1410 hic
612 1356 858 1413 lectiones
887 1360 1090 1431 Aquila!
1117 1372 1167 1417 et
1196 1362 1501 1434 Symmachi
1527 1377 1739 1423 exstant
1767 1370 2019 1426 hactenus
2047 1371 2392 1429 inobservata!
2416 1392 2449 1429 a
2481 1352 2673 1431 Drusio
2705 1388 2752 1431 et
2780 1377 2924 1431 aliis.

363 1446 460 1503 Est
510 1450 657 1507 locus
697 1456 889 1522 psalmi
915 1471 1081 1523 vau,
1107 1464 1258 1529 quem
1286 1464 1515 1517 aliquam
1555 1466 1882 1522 mstimamus
1925 1477 1973 1523 et
2018 1481 2363 1525 commentum
2402 1472 2526 1535 olet,
2564 1472 2699 1526 illud
2727 1474 2927 1528 scilicet
2957 1474 3020 1528 de
3045 1472 3330 1527 calamoad
3345 1488 3547 1527 versum

299 1541 384 1597 3L
402 1544 522 1598 Alia
544 1545 775 1615 fortasse
788 1551 1045 1606 nonnulla
1061 1567 1164 1606 non
1187 1551 1459 1607 observata
1481 1572 1512 1607 a
1532 1556 1677 1611 nobis
1692 1557 1890 1626 fuerint
1903 1575 2020 1629 qua:
2039 1559 2245 1615 erudito
2261 1561 2446 1617 lectori
2462 1562 2751 1632 supplenda
2767 1561 3168 1618 demandamus.
3187 1562 3336 1617 Psal.
3356 1577 3544 1624 unm.

300 1652 347 1690 v.
382 1637 469 1705 i7,
491 1641 695 1696 dicitur
722 1642 901 1699 Filius
929 1663 1046 1700 cum
1076 1646 1291 1702 Patrem
1319 1648 1400 1703 his
1434 1652 1602 1706 verbis
1638 1654 2044 1723 deprecaretur:
2068 1655 2335 1713 Transeat
2368 1673 2399 1713 a
2435 1673 2522 1713 me
2564 1659 2705 1713 calix
2744 1658 2864 1724 iste,
2904 1674 3007 1714 non
3037 1659 3093 1714 in
3119 1657 3408 1729 hypocrisi,
3444 1674 3547 1710 non

298 1736 353 1780 ut
379 1725 639 1785 Satanam
664 1734 915 1791 inescaret
947 1754 1010 1792 ac
1038 1737 1319 1809 deciperet,
1354 1757 1459 1795 non
1490 1744 1629 1810 quod
1658 1745 1842 1799 mundi
1874 1747 2192 1803 voluntatem
2221 1759 2278 1804 ut
2302 1751 2569 1820 propriam
2601 1751 2829 1820 efferret,
2856 1752 2933 1806 ita
2953 1751 3183 1807 locutum
3211 1753 3392 1823 fuisse.
3415 1753 3548 1818 Qui-

302 1835 388 1873 ιω
414 1832 594 1891 aperte
619 1836 873 1897 repugnat
900 1829 1182 1897 explicatio
1218 1848 1334 1902 qua:
1358 1842 1531 1888 exstat
1567 1836 1619 1889 in
1657 1836 1794 1891 libro
1828 1837 1903 1893 De
1930 1840 2181 1909 passione
2211 1840 2425 1897 Domini
2467 1851 2596 1897 tom.
2626 1841 2715 1909 IV,
2741 1860 2891 1913 quem
2931 1845 3071 1899 inter
3114 1854 3378 1915 suspectos
3404 1844 3547 1899 haud

293 1910 495 1980 injuria
523 1913 895 1986 ablegavimus.
927 1917 1146 1990 Argum.
1179 1921 1372 1991 psalmi
1396 1939 1498 1979 ιη
1530 1927 1758 1995 primum
1807 1929 1901 1984 sub
1942 1929 2195 1987 Romanis
2229 1930 2681 2005 Jerosolymorum
2708 1935 2970 1990 excidium
3012 1946 3284 2001 memorat,
3308 1938 3432 2007 quia
3464 1954 3549 1993 se-

290 2009 521 2063 cundum
552 2011 677 2065 item
699 2029 731 2065 a
752 2012 1004 2070 Romanis
1033 2015 1242 2071 illatum
1267 2019 1368 2088 fuit
1398 2020 1491 2073 sub
1518 2023 1776 2078 Adriano.
1812 2024 1943 2080 Hazc
1964 2027 2028 2082 de
2052 2028 2466 2098 expositionibus
2497 2030 2548 2083 in
2582 2027 2829 2086 Psalmos
2851 2031 2984 2086 satis
3013 2039 3189 2085 sunto.

359 2096 663 2154 Secundum
691 2102 827 2156 hanc
846 2105 1195 2174 conscriptam
1227 2107 1636 2166 admonitionem
1663 2112 1872 2169 litteras
1901 2118 2078 2184 accepi
2106 2096 2176 2171 cl.
2210 2115 2271 2171 V.
2289 2117 2511 2173 Antonii
2538 2118 2847 2186 Muratorii,
2870 2120 2962 2191 qui
2991 2136 3150 2173 manu
3177 2119 3396 2190 propria
3419 2121 3547 2177 mihi

288 2211 345 2249 ea
380 2198 657 2265 exscripsit
689 2198 745 2252 in
772 2198 1048 2254 laudatum
1071 2208 1506 2261 commentarium
1530 2207 1584 2262 in
1618 2209 1906 2265 Canticum
1935 2211 2116 2268 Mariae
2137 2213 2348 2269 sororis
2375 2211 2542 2270 Mosis
2571 2215 2896 2283 paucissima
2935 2230 3064 2269 sane
3097 2222 3156 2267 ut
3183 2213 3346 2268 vides.

358 2282 445 2337 En
467 2285 635 2355 igitur
655 2286 1037 2345 Commentarii
1066 2295 1235 2348 nostri
1266 2296 1524 2365 specimen
1551 2298 1605 2353 in
1628 2298 1914 2357 Canticum
1938 2300 2367 2360 Deuteronomii.

351 2378 620 2450 Σημαίνει
644 2381 738 2434 καὶ
765 2383 900 2454 αὑτὴ
923 2383 1018 2456 τὴν
1056 2384 1325 2441 ἔκπτωσιν
1355 2389 1464 2442 τῶν
1491 2390 1754 2446 Ἰουδαίων
1793 2395 1885 2448 καὶ
1919 2395 2018 2466 τὴν
2047 2395 2353 2468 ἀγαθότητα
2394 2385 2487 2450 τοῦ
2517 2394 2672 2460 Θεοῦ,
2712 2398 2777 2471 ἢν
2809 2395 3075 2470 παρέσχεν
3098 2394 3299 2462 αὐτοῖς,
3331 2401 3423 2453 καὶ
3451 2399 3526 2472 τὴν

283 2472 597 2545 εἰσαγωγὴν
617 2474 727 2528 τῶν
752 2475 942 2532 ἐθνῶν.

286 2561 551 2633 Πρόσεχε,
581 2563 799 2634 οὐρανὲ,
821 2567 916 2630 καὶ
939 2566 1175 2641 λαλήσω,
1207 2571 1321 2636 καί,
1348 2584 1443 2630 etc.

433 2654 593 2708 Ἐπεὶ
629 2652 864 2729 μέγαῆν
891 2658 951 2712 τὸ
981 2663 1334 2736 παράπτωμα
1368 2665 1673 2730 Ἰουδαίων,
1715 2667 1810 2720 καὶ
1842 2669 1899 2720 ἐν
1945 2668 2194 2738 οὐρανοῖς
2238 2668 2511 2741 μάρτυρες
2543 2672 2641 2742 οὐχ
2692 2671 3022 2743 εὑρίσκοντο,
3053 2678 3142 2732 τὸν
3176 2677 3425 2750 οὐρανὸν,
3457 2676 3553 2732 καὶ

420 2746 525 2814 τὴν
554 2745 659 2815 γῆν
677 2746 747 2801 τὰ
776 2748 986 2819 μεγάλα
1015 2757 1252 2827 στοιχεῖα
1280 2756 1616 2829 μαρτύρεται
1643 2758 1672 2810 ὁ
1691 2757 1823 2822 Θεὸς
1843 2757 1931 2811 διὰ
1952 2758 2044 2811 τοῦ
2078 2760 2376 2831 προφήτου.

286 2864 703 2934 Προσδοκάσθω.

350 2957 527 3022 Πολὺς
559 2960 671 3032 γὰρ
697 2961 774 3025 ὡς
799 2961 975 3026 ὑετὸς,
1005 2964 1102 3017 καὶ
1130 2965 1423 3039 ὲπωφελὴς
1448 2969 1477 3020 ὁ
1496 2967 1652 3036 λόγος
1681 2969 1777 3023 τοῦ
1805 2971 1941 3025 Θεοῦ
1975 2976 2358 3046 κατεχόμενος.

286 3054 386 3108 Καὶ
406 3056 730 3128 κατιὸήτω.

349 3151 509 3205 Μετὰ
538 3152 850 3224 πραὰτητος
885 3152 977 3205 καὶ
1010 3153 1261 3223 ἡσυχίας,
1287 3155 1565 3209 τουτέστιν
1581 3157 1656 3221 ὡς
1670 3156 1873 3231 ὃμϐρος
1899 3160 1985 3213 ἐπ’
2007 3162 2302 3235 ἄγρωστιν,
2334 3168 2431 3222 καὶ
2459 3167 2534 3233 ὡς
2568 3171 2801 3241 νιφετός.

288 3243 406 3300 Post
430 3247 570 3301 duos
600 3245 739 3301 alios
775 3247 1058 3302 versiculos
1089 3247 1375 3304 subditur:
1410 3249 1615 3306 Desunt
1646 3252 1880 3325 reliqua,
1914 3266 2070 3329 atque
2093 3261 2179 3314 hic
2208 3261 2364 3331 ﬁnem
2388 3264 2738 3333 expositiones
2765 3266 3144 3339 Athanasiance
3163 3269 3376 3324 habent.

352 3343 431 3399 Ex
458 3342 864 3399 Commentario
899 3353 1073 3401 autem
1106 3354 1397 3400 memorato
1429 3347 1483 3401 in
1514 3345 1786 3416 Psalmos,
1817 3354 2015 3426 aliquot
2057 3357 2328 3419 clausulas
2361 3366 2691 3426 brevissimas
2732 3373 2927 3427 nostris
2954 3381 3037 3426 sat
3079 3371 3362 3426 dissimiles
3403 3370 3555 3428 misit,
3594 3442 3603 3449 _

288 3438 525 3493 laudatus
561 3439 666 3503 vir,
697 3439 776 3492 ita
811 3449 869 3492 ut
900 3439 1168 3493 brevitatis
1190 3456 1353 3494 causa
1375 3456 1479 3495 non
1499 3442 1664 3511 possit
1684 3444 1953 3513 judicium
1985 3453 2114 3521 ferri
2135 3458 2395 3513 eademne
2414 3461 2520 3516 sint
2546 3462 2656 3518 illa:
2680 3482 2743 3521 ac
2767 3467 3114 3535 expositiones
3138 3474 3352 3521 nostrae.
3376 3461 3546 3530 Quid-

286 3535 401 3603 quid
439 3537 660 3590 tandem
686 3537 778 3601 sit,
804 3552 924 3589 cum
948 3537 1239 3606 stepisst'me
1268 3548 1464 3593 nostrae
1488 3541 1554 3593 ab
1587 3546 1891 3602 auctoribus
1919 3548 2208 3610 laudentur
2231 3556 2514 3614 Athanasii
2537 3563 2767 3627 nomine,
2798 3563 2919 3619 hinc
2944 3564 3244 3636 conﬁcitur,
3267 3562 3410 3632 ipsas
3442 3576 3545 3617 nor.

288 3645 395 3685 vero
415 3632 554 3688 alias
580 3648 700 3688 esse
725 3647 1006 3703 germanas
1029 3632 1312 3688 Athanasii
1338 3637 1708 3704 expositiones.

1565 4008 2269 4107 ADMONITIO

510 4202 584 4265 lu
621 4202 1090 4282 Argumentum
1121 4198 1453 4263 Athanasii
1483 4199 1557 4262 in
1587 4201 1993 4279 Psalterium,
2035 4206 2186 4267 etin
2217 4206 2665 4286 supplementa
2694 4210 3157 4294 subsequentia
3187 4218 3298 4300 (α).

354 4521 535 4579 Prodit
580 4526 857 4596 egregium
899 4526 953 4579 in
997 4524 1242 4579 Psalmos
1293 4526 1673 4596 Argumentum
1718 4543 1785 4581 ex
1824 4526 2001 4582 codice
2031 4528 2358 4583 bibliothecrc
2409 4529 2776 4586 Ambrosiante
2805 4534 3196 4589 membranaceo
3230 4549 3286 4590 χι
3333 4539 3538 4608 swculi,

286 4620 486 4687 cptimte
519 4631 672 4676 nota:
699 4635 719 4675 .'
749 4622 902 4690 cujus
929 4621 1138 4693 singula
1171 4621 1318 4677 dicta
1350 4622 1618 4693 judicium
1644 4614 2007 4694 'peritiamque
2049 4624 2324 4695 scriptoris
2363 4635 2611 4697 arguunt.
2655 4625 2881 4683 Orditur
2931 4640 3104 4685 autem
3140 4631 3463 4690 Athanasius
3506 4654 3541 4689 a

291 4712 618 4773 Psalmorum
669 4718 875 4783 ordine,
920 4736 1143 4790 quorum
1190 4719 1556 4790 perturbatam
1603 4721 1791 4775 seriem
1831 4736 2176 4790 promanasse
2217 4730 2372 4791 putat
2413 4738 2480 4777 ex
2512 4720 2827 4779 Judatorum
2862 4725 3074 4780 incuria
3116 4737 3165 4781 et
3200 4728 3536 4801 negligentia.

286 4806 519 4867 Paternis
560 4814 764 4884 quippe
793 4812 1046 4883 despectis
1077 4814 1300 4884 legibus,
1333 4816 1722 4888 inclinanteque
1748 4817 1817 4870 ad
1843 4816 2254 4871 simulacrorum
2284 4818 2485 4873 cultum
2508 4819 2705 4887 animo,
2743 4820 2906 4875 libros
2940 4838 3003 4875 ac
3043 4823 3323 4894 scriptores
3351 4827 3540 4895 priscae

287 4906 545 4979 religionis
590 4912 906 4979 interpretes
945 4911 1436 4980 pessumdederuut,
1480 4914 1559 4966 ita
1589 4924 1642 4967 ut
1678 4912 1833 4966 multi
1860 4912 1981 4965 hinc
2010 4913 2133 4967 inde
2159 4914 2406 4968 distracti
2440 4931 2502 4968 ac
2531 4925 2786 4970 vetustate
2823 4932 2951 4986 pene
2984 4916 3158 4973 obruti
3186 4921 3315 4986 sint,
3346 4937 3538 4992 magna

285 5014 397 5064 pars
425 5002 590 5055 etiam
624 5015 853 5071 prorsus
883 5002 1200 5057 interierint.
1228 5000 1337 5057 Sub
1367 5003 1478 5057 ha'c
1514 5020 1690 5057 autem
1730 5019 1849 5055 cum
1874 5003 1933 5057 in
1976 5018 2181 5072 prunam
2207 5003 2486 5071 scelerum,
2514 5002 2697 5059 multis
2726 5007 2900 5060 attriti
2932 5006 3194 5075 cladibus,
3225 5012 3282 5064 in
3308 5009 3540 5081 Babylo-

287 5093 415 5145 niam
443 5098 715 5149 victorum
732 5092 895 5163 jussu
930 5097 1420 5166 transmigrassent,
1464 5096 1680 5166 quidam
1723 5096 1860 5149 inter
1890 5111 1977 5149 eos
2018 5095 2271 5165 propheta
2321 5112 2500 5149 sacros
2532 5095 2697 5151 libros
2728 5097 3007 5170 colligendi
3051 5117 3234 5155 curam
3268 5103 3540 5169 suscepit:

286 5198 401 5250 quos
440 5186 533 5240 ille
563 5187 646 5240 uti
679 5202 795 5240 sese
829 5185 1051 5252 dabant,
1083 5197 1364 5258 partesque
1393 5189 1635 5259 singulas
1664 5190 1743 5242 uti
1763 5190 1934 5257 primo
1968 5190 2332 5253 occurrebant,
2364 5206 2457 5244 nec
2500 5191 2677 5244 nativo
2709 5192 2909 5259 ordine,
2942 5192 3180 5264 digessit.
3217 5191 3358 5246 Hinc
3381 5191 3543 5247 Psal-

287 5293 479 5334 morum
510 5281 614 5335 illa
657 5281 925 5350 confusio,
960 5283 1083 5337 hinc
1126 5285 1282 5339 seriei
1327 5286 1652 5353 perturbatio
1699 5287 1890 5339 oritur.
1933 5285 2065 5341 Hac
2104 5302 2222 5340 vero
2270 5302 2335 5341 ex
2370 5286 2595 5343 Eusebio
2640 5299 2912 5344 mutuatus
2949 5290 3155 5343 videtur
3192 5288 3538 5355 Athanasius,

289 5373 425 5440 cujus
465 5377 632 5430 etiam
668 5377 829 5431 verba
854 5374 1159 5451 plerumque
1204 5380 1534 5434 transcribit.
1582 5380 1649 5435 In
1693 5383 1793 5436 hoc
1825 5392 1997 5437 tamen
2034 5384 2255 5454 paulum
2298 5386 2495 5452 variat,
2523 5386 2661 5456 quod
2704 5389 3067 5442 restaurandce
3099 5383 3390 5455 Scriptura:
3419 5402 3568 5480 ορε-ἱ

292 5476 417 5530 ram,
460 5483 624 5538 quam
666 5465 929 5521 Eusebius
959 5469 1024 5522 ab
1055 5468 1233 5523 Esdra
1264 5480 1561 5540 susceptam
1585 5474 1682 5537 ait,
1718 5474 1829 5543 ipse
1857 5474 2022 5528 alicui
2048 5474 2442 5545 prophetarum,
2476 5475 2623 5530 nullo
2642 5478 2912 5545 speciatim
2946 5484 3262 5541 memorato,
3288 5476 3539 5546 assignet.

347 5578 413 5663 ςαξ
435 5579 549 5663 Πῶς
569 5580 1590 5663 ptestipseinta_m_Maquns‘m_editionem_
1608 5586 1792 5663 publici
1828 5588 1954 5650 juris
1994 5586 2112 5663 fecit
2136 5588 2549 5663 liontfaueonius
2565 5591 2615 5640 in
2639 5591 2781 5663 Nova
2810 5586 3102 5663 Bibliotheca
3128 5591 3350 5662 Patrum.
3379 5593 3545 5663 Argn-

292 5646 497 5716 mentum
518 5642 902 5716 in'Psslterium
933 5656 1040 5716 mor
1064 5649 1313 5716 sequitur;
1337 5642 1685 5716 supplementa
1715 5642 1915 5702 \‘ero'ex
1950 5652 2119 5702 codice
2160 5650 2481 5704 Ambrosiam
2521 5654 2809 5716 deprompta
2847 5648 3178 5704 distinctionis
3219 5642 3559 5705 causa'un‘Lis»

295 5704 606 5754 conclusimus
632 5712 688 5754 et
710 5706 865 5768 priori
886 5708 1040 5756 textui
1062 5704 1373 5759 inséruimus.
1399 5704 1531 5759 Ebur.
