3944 6220
365 289 436 344 55
1206 281 1265 335 S.
1306 275 1683 334 ATHANASII
1723 273 1874 330 OPP.
1915 268 2095 327 PARS
2134 269 2221 325 ΙΙΙ.
2264 299 2333 310 --
2372 265 2782 322 EXEGETICA.
3538 257 3612 315 56

364 406 496 468 Quae
530 402 594 459 de
631 401 970 459 Psalmorum
1014 398 1318 454 auctoribus
1347 407 1527 467 postea
1554 396 1825 458 dicuntur,
1871 402 2126 447 accurata
2167 406 2292 443 sane
2320 398 2369 443 et
2408 388 2611 441 erudite
2641 383 2932 455 proposita,
2979 397 3223 452 magnam
3251 378 3437 434 habent
3487 391 3607 430 cum

363 496 607 567 Origenis
642 494 914 566 opusculo,
947 512 978 549 a
1011 494 1159 549 nobis
1206 493 1505 563 propediem
1530 490 1728 545 edendo
1762 487 1862 559 (a),
1900 489 2221 556 afﬁnitatem.
2271 488 2649 556 Argumentum
2678 498 2837 551 porro
2867 496 3021 537 suum
3049 480 3401 551 pulcherrima
3421 478 3607 531 admo-

359 590 559 643 nitione
596 587 796 641 claudit
844 586 1170 642 Athanasius
1198 625 1214 652 ,
1259 584 1349 638 ubi
1395 600 1499 653 qua
1540 593 1708 636 mente
1740 579 1944 637 Psalmi
1981 581 2090 633 sint
2140 578 2374 649 legendi,
2418 584 2620 630 ascetas
2678 572 2968 642 alloquens,
3019 571 3118 624 etsi
3144 569 3358 638 paucis,
3409 568 3608 637 egregie

359 688 536 733 tamen
577 678 839 733 edisserit.
1843 668 1845 671 ’

430 770 802 841 Supplementa
834 768 1241 840 Expositionum
1271 769 1326 822 in
1374 766 1641 832 Psalmos,
1676 782 1741 820 ea:
1784 763 1960 820 codice
1993 764 2036 817 Α
2062 763 2385 827 mbrosiano,
2410 760 2536 813 dum
2563 756 2852 813 Mediolani
2884 770 3173 827 ageremus,
3216 751 3605 819 exscripsimus.

360 862 559 935 Estque
603 862 767 918 codex
796 862 888 916 ille
923 877 1119 925 recens,
1147 861 1211 914 ab
1242 861 1537 931 antiquiore
1572 857 1895 915 Scorialensi
1935 857 2264 924 desumptus.
2310 851 2476 919 Nam,
2511 858 2571 905 ut
2616 851 2671 903 in
2711 847 2996 902 Athanasii
3025 847 3192 907 edito,
3226 860 3259 897 a
3290 841 3436 896 nobis
3465 841 3608 935 haud

360 957 436 1011 ita
462 931 664 1026 pridem
691 961 970 1019 adornata,
1005 954 1304 1009 monuimus
1337 951 1544 1024 (supra,
1598 952 1703 1007 col.
1746 949 1870 1020 55).
1908 946 2280 1017 Expositiones
2306 944 2417 999 illm
2462 941 2768 1007 Athanasii,
2810 956 2913 994 non
2946 937 3186 993 omnibus
3226 936 3336 988 suis
3368 931 3607 1003 partibus

358 1059 408 1103 et
443 1050 676 1104 numeris
706 1049 963 1105 absoluta:
990 1059 1133 1115 sunt,
1176 1049 1266 1103 sed
1294 1047 1697 1102 amanuensium
1722 1044 1940 1099 ausibus
1973 1044 2173 1113 passim
2210 1049 2470 1094 truncatas
2506 1047 2555 1091 et
2582 1038 2637 1090 in
2676 1034 3038 1104 compendium
3068 1031 3293 1085 redactae
3324 1045 3342 1082 :
3368 1027 3608 1096 quaedam

360 1141 518 1195 etiam
555 1157 620 1194 ea:
644 1142 842 1195 catenis
868 1152 1055 1195 erutaz.
1096 1138 1248 1193 Nihil
1276 1148 1470 1192 'moror
1500 1139 1810 1207 scriptorem
1850 1150 2128 1198 nuperum,
2157 1133 2247 1203 qui
2278 1129 2648 1201 Expositiones
2673 1126 2796 1181 illas
2829 1126 2883 1180 in
2908 1123 3148 1179 Psalmos
3182 1138 3282 1175 non
3305 1137 3413 1174 esse
3444 1118 3612 1172 Atha-

362 1233 499 1288 nasii
535 1249 834 1304 prapopere
866 1234 1242 1303 pronuntiavit,
1288 1233 1378 1291 sed
1420 1232 1570 1285 nulla
1610 1230 1790 1285 oblata
1820 1228 2044 1300 negandi
2100 1228 2324 1280 ratione.
2376 1224 2529 1277 Nihil
2598 1222 2689 1276 ille
2735 1220 2962 1285 curauit,
2998 1218 3102 1271 into
3152 1217 3327 1287 potius
3358 1214 3610 1267 dissimu-

362 1327 509 1389 lavit,
533 1327 630 1381 hoc
652 1328 822 1396 operis
838 1326 1077 1383 omnibus
1118 1337 1235 1397 post
1259 1328 1618 1383 Athanasium
1661 1325 1892 1390 sarculis,
1931 1323 2211 1378 Athanasii
2239 1321 2467 1384 nomine,
2506 1317 2689 1372 allatis
2710 1318 3013 1387 plerumque
3035 1312 3163 1369 locis
3196 1324 3248 1366 ut
3284 1312 3339 1365 in
3362 1308 3612 1363 hodierno

320 1455 324 1459 -
363 1417 750 1472 Commentario
774 1429 1016 1484 exstant,
1059 1437 1093 1471 a
1139 1419 1399 1489 plerisque
1448 1418 1796 1487 scriptoribus
1834 1416 2124 1472 memorari
2155 1431 2173 1469 :
2205 1414 2339 1468 nihil
2373 1413 2528 1467 movit
2561 1412 2788 1480 afﬁnitas
2825 1409 2979 1479 styli,
3024 1408 3275 1477 verbaque
3317 1401 3611 1475 frequentia

362 1515 713 1577 Athanasiani
742 1534 888 1584 usus,
921 1520 1053 1574 nihil
1084 1521 1323 1574 codicum
1358 1522 1494 1574 unde
1517 1522 1825 1591 prodierunt
1859 1528 2086 1576 vetustas
2116 1536 2133 1573 :
2162 1535 2283 1590 quis
2308 1533 2435 1572 sane
2468 1522 2715 1569 accurato
2741 1508 2966 1571 censori,
2993 1513 3270 1574 antequam
3299 1497 3612 1552 sententiam

362 1609 551 1681 ferret,
584 1613 720 1665 serio
750 1624 899 1666 erant
938 1614 1270 1668 excutienda.
1313 1611 1501 1666 Verum
1542 1613 1631 1666 ille
1680 1613 1873 1677 ,nasuti
1908 1629 1962 1667 se
2001 1612 2174 1666 critici
2200 1619 2378 1681 partes
2415 1609 2581 1678 egisse
2619 1602 2849 1674 putavit,
2909 1613 3049 1659 cum,
3106 1595 3269 1647 missa
3313 1591 3615 1681 importune:

361 1702 457 1755 illa
492 1704 841 1775 investigandi
872 1714 919 1758 et
950 1705 1273 1776 disquirendi
1303 1723 1480 1776 opera,
1505 1706 1869 1761 incunctanter
1894 1704 2275 1774 pronuntiavit,
2306 1697 2424 1755 Non
2470 1707 2598 1755 sunt
2620 1690 2920 1750 Athanasii.
2958 1687 3057 1744 Cui
3084 1702 3176 1741 nos
3201 1683 3319 1755 pari
3349 1680 3615 1754 facilitate

364 1798 684 1865 reponimus,
715 1798 847 1854 Sunt
880 1799 1163 1855 Athanasii
1196 1819 1210 1854 :
1238 1817 1271 1854 a
1291 1817 1395 1871 qua
1419 1818 1472 1856 re
1500 1801 1667 1857 denuo
1692 1798 2080 1870 comprobanda
2104 1813 2195 1852 nos
2231 1795 2491 1861 exemisti,
2515 1792 2549 1846 d
2570 1808 2658 1846 um
2691 1787 2824 1843 nihil
2857 1786 3014 1855 a/Ters
3047 1798 3146 1852 quo
3178 1787 3250 1832 tot
3284 1777 3607 1871 scriptorum

364 1889 683 1950 testimonia.
713 1879 886 1960 to'tque
911 1892 1020 1944 alia
1057 1868 1409 1964 γνησιότητος
1435 1905 1744 1964 argumenta
1766 1868 2047 1949 convellas.
2089 1891 2257 1946 Nemo
2286 1905 2411 1944 sane
2449 1886 2598 1941 nobis
2635 1885 2811 1939 dicam
2846 1879 3125 1948 impingat,
3150 1872 3286 1945 quod
3321 1868 3613 1964 exdaﬂ‘ectu

364 1980 441 2037 rel
469 1981 820 2051 prwjudicata
853 1985 1093 2052 opinione
1127 1961 1312 2053 spuria
1350 1985 1427 2039 vel
1456 1961 1617 2039 dubia
1660 2002 1815 2054 opera
1843 2001 1937 2053 pro
1967 1982 2228 2055 germanis
2263 1988 2314 2035 et
2351 1978 2565 2033 assertis
2619 1975 2918 2030 dederimus
2951 1985 2967 2021 :
2996 1984 3118 2024 nam
3151 1981 3245 2036 pro
3274 1961 3435 2023 virili.
3460 1969 3507 2014 et
3543 1966 3601 2011 αι

365 2077 503 2147 a'qui
536 2080 672 2131 ratio
713 2079 1040 2146 postulabat,
1080 2081 1292 2144 νοθείας
1319 2082 1395 2136 uel
1435 2083 1792 2157 γνησιότητος
1818 2091 1969 2136 notas
2006 2080 2295 2150 quibusque
2333 2075 2685 2146 praemisimus
2708 2089 2726 2126 :
2764 2087 2826 2125 ac
2856 2070 2977 2125 licet
3009 2066 3191 2134 cuique
3222 2059 3443 2115 liberum
3480 2072 3599 2157 scn-

366 2172 545 2226 tentia’
583 2172 857 2229 adversum
889 2191 982 2230 nos
1010 2176 1239 2245 fereudtr
1285 2178 1568 2231 arbitrium
1597 2180 1869 2233 mittamus
1892 2219 1908 2244 ,
1948 2178 1993 2232 si
2027 2177 2144 2247 quis
2192 2185 2367 2228 tamen
2402 2173 2537 2226 hanc
2566 2169 2886 2241 provinciam
2919 2165 3094 2228 adeat,
3131 2157 3338 2213 nonnisi
3361 2153 3596 2210 ϐκσαδδίδ

366 2266 688 2334 argumentis
714 2276 763 2321 et
795 2271 956 2331 notis,
984 2286 1115 2337 quas
1141 2286 1233 2340 pro
1262 2272 1518 2342 facultate
1557 2274 1869 2328 tractatibus
1907 2272 2132 2342 singulis
2175 2270 2565 2341 praemisimus,
2591 2266 2792 2337 judicis
2833 2272 2882 2317 et
2917 2257 3148 2314 censoris
3181 2258 3603 2342 partesﬂoccu‘pet

435 2355 706 2415 Lectorem
737 2376 943 2415 monere
964 2362 1143 2430 juvat;
1183 2362 1636 2418 Commentarium
1673 2363 1840 2417 alium
1868 2363 2152 2416 Athanasii
2182 2361 2387 2414 nomine
2419 2358 2546 2428 ferri
2578 2358 2631 2410 in
2662 2352 2972 2409 bibliotheca
3002 2345 3309 2402 Iustiniana
3345 2339 3594 2399 Venetiis,

366 2453 520 2521 inque
545 2450 895 2507 Ambrosiana
925 2454 1234 2521 Mediolani,
1270 2472 1488 2526 prorsus
1531 2458 1793 2511 diversum
1827 2456 1889 2508 ab
1925 2472 1939 2509 ι

2048 2471 2085 2517 ›,
2132 2453 2282 2523 cujus
2318 2452 2532 2505 initium
2561 2465 2580 2501 :
2606 2448 2670 2501 'H
2708 2446 2805 2517 μὲν
2848 2440 3153 2516 προφητεία
3188 2436 3488 2509 πληροῦται
3531 2435 3610 2496 είς

364 2543 456 2597 τὸν
509 2544 705 2615 Ἰωσὴφ
729 2545 819 2599 τὸν
860 2546 1232 2616 Ἀριμαθαῖον.
1285 2546 1388 2603 Sed
1433 2565 1551 2602 cum
1591 2566 1624 2602 a
1661 2548 1861 2600 nemine
1904 2563 1939 2600 s4

2051 2558 2223 2605 tarum
2256 2549 2590 2607 memoratur,
2635 2537 2713 2593 uel
2762 2535 2978 2591 alterius
3012 2540 3189 2586 nostra
3218 2528 3424 2601 gentilis
3459 2541 3588 2595 opus

367 2635 545 2708 luerit,
588 2635 666 2697 vel
702 2636 1055 2699 Athanasium
1085 2638 1237 2699 illum
1274 2655 1521 2720 magnum
1561 2641 1861 2699 ementitur,

436 2855 1238 2930 sangyuuruutvasn
1287 2861 1299 2878 '
1345 2861 1933 2920 ARCHIEPISCOPI
1963 2874 2008 2930 Α

469 2925 1020 3053 ῗιιόιηὲΧΑΝυιιιΝι,
1046 2919 1566 2987 ARGUMENTUM
1600 2932 1691 2989 1N
1717 2919 1934 2991 esst.-

439 3112 497 3168 ιιι
531 3112 797 3171 Hebraico
827 3115 969 3171 libro
994 3114 1357 3181 Psalmorum,
1391 3118 1507 3173 sine
1539 3120 1752 3175 numeri
1780 3120 1936 3176 addi-

369 3207 518 3262 tione
561 3222 752 3264 omnes
801 3208 994 3278 psalmi
1067 3208 1311 3279 inscripti
1351 3219 1515 3276 sunt,
1569 3220 1730 3282 atque
1771 3213 1939 3268 variis

371 3297 567 3354 modis.
621 3298 729 3354 Alii
778 3300 999 3370 quidem
1043 3315 1150 3355 una
1195 3300 1393 3369 juncti,
1450 3301 1543 3356 alii
1597 3302 1754 3357 divisi
1788 3312 1965 3376 sunt.»

320 3421 337 3439 ο
371 3392 565 3448 Statim
587 3390 785 3462 quippe
822 3391 890 3446 ab
915 3391 1066 3446 initio
1086 3390 1290 3461 primus
1318 3400 1373 3447 et
1397 3394 1671 3450 secundus
1706 3393 1757 3448 in
1788 3404 1939 3452 textu

371 3482 637 3543 llebraico
677 3482 1029 3554 copulantur;
1066 3493 1253 3541 contra
1284 3499 1415 3539 vero
1440 3499 1636 3550 nouus,
1670 3485 1764 3556 qui
1796 3487 1940 3556 apud

371 3591 472 3633 nos
499 3575 823 3645 coniunctus
848 3585 950 3639 est,
1000 3575 1054 3629 in
1090 3574 1355 3633 Hebraico
1403 3587 1550 3634 textu
1581 3579 1840 3634 dividitur
1884 3579 1939 3634 in

372 3667 530 3722 duos.
577 3664 749 3721 Totus
791 3680 958 3735 porro
1002 3664 1344 3722 Psahnorum
1403 3668 1539 3723 liber
1589 3668 1644 3722 in
1697 3669 1942 3738 quinque

371 3765 555 3830 partes
584 3755 909 3811 distributus
942 3742 1055 3813 est;
1096 3755 1506 3815 Observandum
1535 3766 1619 3812 est
1641 3766 1819 3812 autem
1851 3771 1942 3810 οι·-

373 3848 555 3904 dinem
603 3847 936 3917 psalmorum
997 3863 1342 3918 nequaquam
1379 3848 1620 3903 historiaa
1647 3858 1701 3903 et
1731 3857 1942 3918 tempo-

373 3954 495 3994 rum
528 3941 725 3995 seriem
776 3949 830 3996 et
888 3940 1154 3997 rationem
1196 3948 1411 4003 tenere;
1453 3955 1635 3994 verum
1668 3939 1724 3994 in
1755 3940 1942 3995 multis

374 4031 573 4086 mutari
615 4040 916 4102 temporum
965 4032 1233 4095 ordinem,
1268 4039 1329 4086 ut
1380 4040 1777 4087 commonstrat
1806 4032 1942 4087 liber

377 4118 712 4193 Regnorum.
757 4122 893 4178 Cum
927 4123 1073 4178 enim
1113 4121 1376 4181 Iudaicus
1405 4124 1639 4193 populus
1670 4124 1939 4179 idolorum

2041 2868 2180 2923 ΤΟΥ
2199 2865 2424 2917 ΑΓΙΟΥ
2441 2859 2827 2916 ΑΘΑΝΑΣῙΟΥ
2849 2849 3426 2923 ΑΡΧΙΕΙῙΙΣΚΟῌρΥ

2103 2917 2518 2989 ΞᾺΝΔΡΕΙΑΣ
2592 2928 2956 2985 ΥΠοΘΕΣιΣ
3017 2920 3146 2977 ΕΙΣ
3210 2921 3387 2974 ΊῸΥΣ
3437 2917 3622 2972 mn-

2104 3007 2201 3059 ΜΟ
2213 3005 2321 3057 ΥΣ.

2119 3116 2207 3169 Ἐν
2234 3116 2300 3186 τῇ
2347 3112 2604 3184 Ἐϐραῖκῇ
2634 3109 2799 3181 βίϐλῳ
2823 3107 2931 3162 τῶν
2957 3104 3202 3176 Ψαλμῶν
3228 3103 3356 3159 ἄνευ
3388 3103 3487 3173 τῆς
3526 3099 3618 3155 τοῦ

2037 3204 2271 3279 ἀριθμοῦ
2301 3200 2617 3274 προσθήκης
2648 3198 3034 3270 ἀνεγράφησαν
3062 3197 3110 3248 οἱ
3146 3194 3346 3257 πάντες
3372 3192 3466 3246 καὶ
3502 3190 3619 3244 δια-

2038 3299 2218 3369 φόρως
2239 3312 2252 3326 ’
2292 3295 2342 3347 οἱ
2380 3293 2478 3364 μέν
2503 3294 2606 3345 εἰσι
2631 3289 2981 3361 συνημμένοι,
3007 3288 3055 3341 oi
3079 3287 3134 3340 δὲ
3155 3284 3492 3360 διῃρημένοι.
3519 3281 3623 3336 Αὐ-

2036 3391 2164 3446 τίκα
2193 3387 2323 3457 γοῦν
2358 3389 2386 3440 ὁ
2428 3385 2641 3457 πρῶτος
2666 3383 2759 3436 καὶ
2786 3384 2813 3435 ό
2840 3380 3089 3453 δεύτερος
3122 3379 3262 3433 κατά
3290 3378 3356 3431 τὸ
3404 3375 3619 3448 Ἐϐραῖ-

2039 3480 2134 3540 κδν
2154 3474 2486 3550 συνημμένοι
2502 3494 2515 3508 ·
2554 3476 2648 3529 καὶ
2675 3474 2835 3529 πάλιν
2854 3476 2882 3527 ό
2901 3472 3105 3535 ἔνατος,
3127 3471 3466 3542 συνημμένος
3491 3465 3624 3539 παρ’

2040 3574 2193 3644 ἡμῖν,
2226 3572 2284 3624 ὲν
2310 3569 2388 3640 τῷ
2428 3566 2699 3640 Ἔϐραῖκῷ
2727 3566 2976 3638 διῄρηται
3031 3567 3111 3629 είς
3156 3563 3268 3618 δύο.
3332 3563 3439 3616 Καὶ
3471 3563 3624 3615 πᾶσα

2039 3663 2096 3719 δὲ
2128 3661 2294 3734 ἡτῶν
2325 3659 2571 3731 Ψαλμῶν
2605 3657 2783 3728 βίϐλος
2832 3658 2912 3721 είς
2963 3655 3105 3728 μέρη
3155 3655 3315 3709 πέντε
3347 3652 3621 3724 διῄρηται.

2041 3752 2465 3825 Παρατηρητέον
2495 3751 2550 3806 δὲ
2573 3789 2588 3814 ,
2622 3750 2704 3802 ὅτι
2739 3747 2813 3819 μὴ
2846 3747 2987 3801 κατὰ
3030 3745 3345 3800 ἀκολουθίαν
3380 3743 3488 3797 τῶν
3524 3742 3624 3813 τῆς

2044 3843 2285 3916 ἱστορίας
2300 3842 2506 3915 χρόνων
2527 3843 2560 3912 ή
2582 3839 2688 3893 τῶν
2702 3838 2948 3909 Ψαλμῶν
2971 3836 3252 3906 σύγκειται
3269 3835 3421 3902 τάξις
3442 3852 3453 3862 ·
3478 3833 3626 3904 ἐνήλ-

2041 3930 2237 3993 λακται
2270 3929 2328 3984 δὲ
2354 3928 2506 4000 παρὰ
2527 3927 2740 3989 πολλοῖς
2765 3929 2878 3990 τοῖς
2905 3926 3137 3997 χρόνοις,
3163 3925 3288 3995 ὼςὴ
3315 3923 3497 3994 βίϐλος
3518 3922 3624 3976 τῶν

2041 4021 2334 4075 Βασιλειῶν
2365 4019 2531 4091 δηλοῖ.
2592 4016 2800 4088 Πολλῆς
2831 4017 2941 4087 γὰρ
2979 4013 3419 4085 είδωλολατρείας
3458 4030 3625 4088 κατα-

2042 4109 2396 4182 κρατησάσης
2421 4106 2515 4161 τοῦ
2544 4106 2654 4160 τῶν
2694 4105 2963 4160 Ἰουδαίων
2995 4103 3178 4167 ἔθνους
3195 4143 3209 4168 ,
3230 4101 3401 4173 λήθην
3429 4103 3626 4167 αὐτοὺς
3653 4134 3660 4140 .

377 4212 545 4267 cultui
562 4213 851 4268 admodum
870 4213 1120 4269 addictus
1142 4222 1306 4279 esset,
1325 4215 1379 4267 in
1400 4228 1669 4269 summam
1691 4222 1939 4284 paterna-

2048 4201 2370 4270 1εποιῆσθαι
2391 4199 2497 4256 τῶν
2518 4196 2797 4269 πατρικῶν
2816 4195 3068 4269 Γραφῶν,
3090 4195 3165 4258 ὡς
3187 4195 3318 4266 μηδὲ
3338 4193 3625 4263 φαίνεσθαι

378 4320 500 4359 rum
520 4303 926 4375 Scripturarum
948 4305 1276 4361 oblivionem
1304 4316 1590 4373 venerunt,
1607 4322 1780 4376 usque
1806 4305 1944 4361 adeo

379 4404 439 4450 ut
481 4410 550 4449 ne
578 4393 827 4449 Mosaicae
856 4394 1074 4465 quidem
1103 4395 1240 4466 legis
1271 4394 1781 4481 liber‘compareret
1800 4437 1815 4459 ,
1847 4411 1946 4450 nec

378 4485 656 4557 quidpiam
673 4494 909 4556 paternae
931 4484 1143 4555 pietatis
1163 4500 1326 4556 penes
1343 4483 1489 4554 ipsos
1501 4485 1762 4555 reliquum
1777 4494 1943 4540 esset.

378 4578 514 4631 (tum
534 4576 717 4646 itaque
732 4576 1460 4647 prophetasinteremissent,
1484 4577 1627 4646 quod
1649 4590 1836 4630 eorum
1854 4576 1947 4629 im-

380 4668 606 4742 pietates
630 4676 1007 4738 coarguerent,
1047 4683 1112 4722 ac
1133 4678 1417 4737 propterea
1457 4668 1509 4720 in
1536 4682 1732 4722 manus
1780 4668 1946 4738 Assy-

380 4759 588 4813 riorum
606 4757 809 4825 traditi,
831 4760 886 4814 in
906 4758 1271 4829 captivitatem
1302 4759 1517 4814 abducti
1542 4759 1810 4825 fuissent;
1839 4759 1941 4813 sub

381 4851 493 4906 haec
504 4850 724 4920 quidam
743 4851 1028 4922 propheta,
1047 4851 1138 4921 qui
1158 4847 1499 4922 Synagouam
1516 4866 1705 4906 eorum
1725 4859 1945 4906 strenue

379 4942 633 5009 curabat;
664 4956 788 5000 cum
822 4943 945 4999 aliis
973 4941 1269 5015 Scripturis
1304 4945 1502 4999 librum
1542 4959 1760 5015 quoque
1791 4941 1945 4997 Psal-

381 5049 592 5091 morum
617 5034 875 5105 collegit:
906 5051 1015 5089 non
1039 5033 1184 5104 quod
1229 5031 1392 5088 simul
1436 5050 1655 5102 unoque
1707 5043 1947 5102 tempore

380 5126 622 5194 psalmos
665 5141 855 5184 omnes
888 5126 1169 5197 repererit.
1200 5127 1292 5181 sed
1313 5126 1544 5180 diversis
1577 5124 1945 5192 temporibus;

381 5233 443 5273 ac
458 5218 664 5288 primos
681 5218 873 5274 ordine
889 5219 1175 5288 posuiteos
1190 5219 1281 5288 qui
1305 5217 1467 5287 primi
1485 5215 1680 5286 reperti
1699 5214 1942 5269 fuerant:

382 5324 491 5378 quo
540 5310 745 5367 factum
786 5320 873 5366 est
907 5321 1049 5366 utne
1086 5325 1276 5365 omnes
1310 5308 1528 5378 quidem
1585 5307 1755 5376 ipsius
1786 5305 1948 5360 Davi-

382 5398 467 5453 dis
501 5402 697 5468 psalmi
740 5403 931 5459 ordine
969 5412 1263 5474 ponantur,
1293 5409 1455 5469 atque
1490 5399 1684 5468 psalmi
1713 5398 1947 5452 lilinrum

383 5485 543 5553 Core,
564 5499 617 5545 et
642 5491 824 5564 Asaph
855 5503 908 5548 et
934 5492 1261 5553 Salomonis,
1285 5488 1450 5544 Musis
1466 5505 1701 5560 quoque,
1724 5487 1946 5549 .AEtham

445 5647 522 5715 (1)
540 5649 665 5702 Vide
687 5658 804 5707 tom.
848 5655 929 5707 XV
948 5691 965 5719 ,
1021 5655 1154 5704 inter
1179 5651 1550 5713 Prolcgomena.
1580 5650 1711 5699 Enrr.
1739 5649 1893 5705 Pun.

2048 4292 2226 4362 βίϐλον
2253 4290 2347 4344 τοῦ
2375 4289 2617 4352 Μωσέως
2645 4288 2811 4359 νόμου
2834 4326 2850 4351 ,
2904 4288 3037 4359 μηδὲ
3074 4287 3179 4358 μὴν
3205 4287 3303 4358 τῆς
3325 4285 3431 4340 τῶν
3459 4287 3626 4340 πατέο-

2050 4400 2156 4455 ρων
2185 4381 2464 4444 εὐσεϐείας
2496 4398 2547 4433 τι
2584 4365 2849 4444 σώζεσθαι
2907 4380 3033 4452 παρ’
3073 4380 3275 4443 αὐτοῖς.
3335 4381 3462 4433 Ὅτε
3492 4378 3625 4448 γοῦν

2045 4458 2138 4527 καὶ
2163 4474 2288 4536 τοὺς
2322 4473 2605 4544 προφήτας
2637 4471 2871 4544 ἀνῄρουν
2888 4512 2903 4537 ,
2926 4471 3301 4544 διελέγχοντας
3329 4472 3506 4525 αὐτῶν
3526 4470 3626 4534 τὰς

2044 4562 2391 4627 δυσσεϐείας,
2443 4561 2538 4615 καὶ⁹
2590 4561 2792 4615 τούτων
2842 4560 3004 4615 ἕνεκα
3051 4562 3112 4614 τὸ
3147 4561 3360 4633 πρῶτον
3393 4563 3459 4632 τῇ
3514 4559 3623 4615 τῶν

2058 4653 2355 4724 Ἀσσυρίων
2388 4652 2762 4725 παρεδόθησαν
2791 4653 3137 4726 αἰχμαλωσίᾳ
3156 4670 3169 4684 ⁸
3221 4653 3356 4725 μετὰ
3376 4652 3431 4706 δὲ
3455 4648 3625 4707 ταῦτά

2045 4765 2171 4801 τινα
2213 4746 2321 4799 τῶν
2370 4747 2699 4819 προφητῶν,
2755 4749 2883 4818 περὶ
2939 4747 3037 4818 τῆς
3083 4748 3399 4817 συναγωγῆς
3447 4745 3624 4801 αὐτῶν

2047 4839 2433 4903 ἐσπουδακότα,
2465 4839 2605 4911 μετά
2625 4856 2687 4910 γε
2708 4839 2816 4893 τῶν
2842 4838 3044 4895 λοιπῶν
3077 4841 3169 4893 καὶ
3187 4838 3284 4911 τὴν
3315 4838 3491 4910 βίϐλον
3515 4837 3624 4892 τῶν

2044 4933 2292 5004 Ψαλμῶν
2342 4933 2769 5005 συναγηοχέναι·
2810 4934 2910 4988 οὐκ
2962 4932 3173 5003 ἁθρόως
3224 4932 3450 5005 εὑρόντα
3502 4931 3624 4993 τοὺς

2047 5025 2254 5089 πάντας
2274 5065 2288 5089 ,
2317 5025 2449 5080 ἀλλὰ
2480 5025 2622 5079 κατὰ
2653 5024 2942 5098 διαφόρους
2967 5026 3190 5096 χρόνους
3209 5040 3223 5053 ’
3270 5022 3624 5077 κατατάττειν

2046 5116 2101 5168 δὲ
2127 5118 2184 5167 ἐν
2207 5116 2445 5188 πρώτοις
2474 5117 2600 5180 τοὺς
2635 5115 2882 5188 πρώτους
2904 5116 3317 5186 εὑρισκομένους
3336 5133 3348 5146 ·
3380 5115 3461 5169 διὸ
3492 5111 3624 5184 μηδὲ

2045 5208 2139 5263 τοῦ
2170 5209 2331 5262 Δαυῒδ
2358 5208 2557 5279 ἑφεξῆς
2582 5207 2931 5262 εὑρίσκεσθαι
2964 5207 3089 5270 τοὺς
3114 5204 3340 5270 πάντας,
3371 5207 3427 5259 ὲν
3459 5204 3516 5258 δὲ
3549 5200 3624 5271 τῷ

2051 5304 2250 5375 μεταξὺ
2281 5305 2374 5357 καὶ
2402 5303 2509 5357 τῶν
2530 5303 2662 5355 υἱῶν
2688 5301 2853 5365 Reos,
2883 5299 2977 5353 καὶ
3000 5299 3093 5352 τοῦ
3129 5299 3322 5368 Ἀσὰφ,
3351 5300 3444 5352 καὶ
3472 5296 3625 5349 Σολοοο

2051 5396 2276 5469 μῶντος,
2308 5396 2401 5449 καὶ
2422 5394 2684 5459 Μωσέως,
2714 5391 2893 5463 Δίθόιμ
2931 5409 2988 5444 τε
3021 5391 3113 5445 τοῦ
3150 5391 3502 5463 Ἰσραηλίτου,
3533 5386 3625 5447 καὶ

2048 5487 2226 5560 Αἰμὰν
2245 5528 2259 5553 ,
2289 5488 2382 5542 καὶ
2411 5485 2569 5541 πάλιν
2602 5484 2693 5538 τοῦ
2731 5480 2922 5547 una,
2956 5480 3303 5555 εὑρίσκεσθαι
3339 5476 3538 5550 ἀναμὶξ
3566 5478 3622 5535 ἐν
