3944 6220
302 259 371 320 57
1427 258 1910 319 ARGUMENTUM

2016 260 2027 315 ι
2063 262 2400 323 PSALMOS.
3471 256 3559 331 δε

306 385 369 455 τῇ
415 379 576 453 βίϐλῳ
612 379 990 450 τεταγμένους
1012 396 1025 410 ⁸
1054 380 1114 434 οὐ
1148 379 1269 435 καθ’
1301 378 1393 444 οὓς
1427 379 1723 451 ἐλέχθησαν
1745 377 1875 450 χρό-
1905 426 1910 436 ι

2016 381 2258 448 traelitae,
2291 383 2510 450 Eman,
2543 401 2871 457 rursumque
2887 385 3105 446 Davidis
3127 390 3426 460 permistim
3454 406 3555 463 po-

306 491 453 539 νους,
483 472 621 528 ἀλλὰ
655 472 783 526 καθ’
807 472 903 536 οὒς
934 471 1180 544 εὕραντο.
1237 471 1311 527 Τὸ
1349 471 1394 525 δ’
1417 473 1551 526 αὐτὸ
1574 471 1754 541 εὕροις
1792 487 1886 540 γε-

308 568 603 640 γενημένον
625 566 720 620 καὶ
750 568 809 621 ὲν
829 568 949 630 ταῖς
976 565 1085 620 τῶν
1110 564 1403 639 προφητῶν
1428 568 1775 637 περικοπαῖς.

383 748 524 812 Τοὺς
540 747 597 801 δὲ
629 747 768 818 μετὰ
794 746 888 800 τὸν
921 745 1135 817 πρῶτον
1158 745 1252 800 καὶ
1270 744 1567 799 δωδέκατον
1590 744 1890 815 ἀνεπιγρά-

313 857 446 909 φους
473 839 722 909 ψαλμοὺς
741 878 757 904 ,
788 839 883 891 καὶ
911 840 1035 902 τοὺς
1072 838 1384 909 ἐπιγραφὴν
1414 836 1633 907 ἔχοντας
1651 876 1666 900 ,
1701 836 1762 889 οὐ
1794 836 1891 907 δη·-

312 931 538 995 λοῦντας
578 930 721 995 τίνος
746 930 912 994 εἰσὶν,
955 929 1177 984 ἐκείνων
1202 926 1342 982 εἶναι
1391 929 1577 992 παῖδες
1620 926 1891 999 Ἐϐραίων

314 1024 465 1093 φασὶ,
511 1017 585 1077 ῶν
611 1022 847 1095 τοῦνομα
883 1022 1106 1092 φέρεται
1132 1024 1190 1075 ὲν
1218 1024 1339 1085 ταῖς
1368 1020 1475 1075 τῶν
1505 1020 1889 1091 ἀνεπιγράφων

315 1116 798 1188 προτεταγμέναις.
854 1115 957 1169 Τὸν
1002 1114 1059 1168 δὲ
1106 1114 1323 1183 πρῶτον
1355 1113 1448 1167 καὶ
1475 1113 1725 1183 δεύτερον
1748 1152 1762 1176 ,
1793 1112 1892 1165 ἕνα

313 1209 470 1271 ὄντας
490 1208 678 1278 ἄμφω,
702 1205 797 1260 τοῦ
820 1205 983 1260 Δαυῖδ
1002 1206 1266 1277 ὑπάρχειν
1284 1203 1546 1276 ἡγοῦμαι,
1570 1203 1656 1258 διὰ
1677 1203 1736 1256 τὸ
1759 1203 1895 1256 πάν-

312 1317 410 1363 τας
452 1302 580 1363 τοὺς
612 1301 673 1352 ἐν
718 1298 796 1371 τῷ
827 1297 1026 1370 πρώτῳ
1076 1299 1232 1372 μέρει
1262 1296 1370 1350 τῶν
1403 1296 1648 1368 Ψαλμῶν
1693 1294 1894 1364 ἐφεξῆς

314 1391 478 1445 αὑτοῦ
507 1387 668 1445 εἶναι.
713 1390 845 1443 Ἀπὸ
877 1389 1006 1459 γοῦν
1030 1390 1123 1443 τοῦ
1149 1390 1332 1461 τρίτου
1369 1390 1528 1461 μέχρι
1560 1386 1655 1441 τοῦ
1694 1394 1759 1458 μ’
1797 1385 1892 1439 τοῦ

312 1482 475 1537 Δαυῖδ
496 1482 888 1553 ἐπιγράφονται
909 1484 957 1535 oi
982 1483 1206 1545 πάντες·
1230 1481 1311 1535 διό
1338 1499 1426 1552 μοι
1449 1480 1697 1535 δοκοῦσιν
1720 1479 1898 1550 ὑπάρ-

314 1592 434 1647 χειν
460 1574 551 1628 τοῦ
583 1574 750 1628 αὑτοῦ
773 1575 803 1627 ὅ
824 1591 885 1627 τε
914 1573 1127 1644 πρῶτος
1155 1574 1246 1628 καὶ
1274 1576 1302 1627 ὁ
1327 1572 1601 1644 δεύτερος.
1661 1569 1893 1625 Πιστοῦ-

312 1681 408 1719 ται
435 1665 491 1718 δὲ
517 1664 673 1733 λόγον
708 1666 741 1737 ἡ
774 1663 882 1717 τῶν
912 1664 1169 1736 Πράξεων
1206 1662 1314 1717 τῶν
1347 1662 1662 1716 ἀποστόλων
1697 1660 1895 1732 βίϐλος,

1985 470 2078 526 siti
2110 471 2164 526 in
2197 471 2336 527 libro
2386 484 2713 541 occurrant;
2745 491 2853 531 non
2885 493 2995 547 quo
3021 485 3260 549 tempore
3285 481 3433 546 editi,
3459 484 3554 539 sed

1985 577 2094 632 quo
2137 563 2342 619 inventi
2395 563 2547 620 fuere
2589 567 2783 637 :quod
2830 569 3007 638 ipsum
3061 570 3117 625 iu
3168 575 3551 643 prophetarum

1984 652 2225 723 periodis
2259 663 2314 710 et
2350 655 2610 713 clausulis
2657 659 2919 729 reperias.

2057 745 2162 813 Qui
2205 748 2400 817 psalmi
2445 764 2576 805 vero
2632 759 2757 821 post
2792 753 3030 822 primum
3083 762 3138 810 et
3176 754 3556 811 duodecimum

1988 851 2397 911 consequuntur
2430 842 2547 899 sine
2578 844 2757 910 titulo,
2806 861 3018 902 necnon
3048 848 3085 902 ii
3132 848 3331 918 quibus
3369 850 3562 905 titulus

1989 932 2207 1003 quidem
2239 934 2598 1002 praemittitur,
2647 951 2747 991 nec
2787 945 2964 992 tamen
3012 937 3283 994 indicatur
3317 956 3427 1009 quo
3454 943 3563 996 sint

1992 1031 2215 1079 auctore
2261 1025 2411 1090 editi,
2457 1040 2648 1081 eorum
2696 1043 2820 1084 esse
2853 1030 3043 1084 dicunt
3070 1028 3302 1093 Hebraei,
3327 1047 3560 1101 quorum

1991 1129 2189 1169 nomen
2225 1116 2481 1172 scribitur
2513 1117 2567 1172 in
2611 1119 2835 1188 psalmis
2887 1120 2980 1190 qui
3026 1122 3181 1176 titulo
3230 1137 3432 1177 vacuos
3461 1138 3561 1175 an-

1992 1204 2264 1259 tecedunt.
2290 1202 2532 1260 Estimo
2563 1215 2744 1262 autem
2772 1210 3011 1279 primum
3041 1219 3095 1264 ct
3116 1211 3438 1278 secundum,
3469 1212 3565 1282 qui

1995 1310 2163 1349 unum
2216 1299 2554 1353 constituunt
2592 1299 2900 1369 psalmum,
2970 1301 3189 1358 Davidis
3237 1317 3386 1370 esse;
3439 1304 3566 1374 quia

1995 1395 2262 1455 quotquot
2293 1389 2345 1441 in
2381 1392 2556 1459 prima
2579 1401 2730 1460 parte
2753 1393 3187 1463 subsequuntur,
3220 1394 3393 1463 ipsius
3416 1406 3563 1451 sunt.

1995 1475 2039 1530 A
2079 1478 2234 1533 tertio
2277 1481 2424 1534 enim
2473 1481 2539 1535 ad
2583 1483 3061 1553 quadragesimum
3108 1500 3299 1540 omnes
3352 1486 3569 1541 Davidis

2000 1569 2391 1636 inscribuntur,
2438 1574 2791 1642 quamobrem
2828 1576 2959 1629 mihi
3012 1576 3078 1632 ad
3106 1578 3284 1647 ipsum
3321 1578 3572 1632 videntur

2000 1662 2269 1731 pertinere
2290 1664 2498 1733 primus
2520 1674 2681 1736 atque
2717 1669 3008 1723 secundus.
3041 1668 3215 1735 Quam
3249 1671 3570 1725 sententiam

314 1759 374 1812 ὲν
463 1760 680 1829 εἴρηται
699 1775 713 1788 ·
752 1756 1041 1819 Δέσποτα,
1076 1755 1157 1810 σὺ
1196 1755 1490 1824 ἐποίησας
1520 1754 1626 1808 τὸν
1643 1754 1902 1821 οὐρανὸν

2016 1754 2292 1809 conﬁrmat
2317 1756 2455 1811 liber
2490 1757 2724 1812 Aetuum
2757 1760 3150 1828 apostolorum,
3183 1762 3235 1815 in
3278 1777 3388 1831 quo
3431 1760 3573 1816 dici-

314 1850 414 1903 καὶ
445 1849 563 1917 τὴν
588 1846 706 1917 γῆν
724 1887 740 1912 ,
770 1848 868 1902 καὶ
904 1848 1018 1916 τὴν
1042 1847 1365 1902 θάλασσαν
1388 1888 1402 1912 ,
1442 1847 1541 1901 καί
1581 1847 1779 1900 πάντα
1830 1845 1902 1901 τὰ

312 1939 384 1996 ἐν
415 1939 625 2006 αὐτοῖς
647 1957 661 1971 ·
727 1942 762 1994 ὁ
805 1939 913 1993 τοῦ
951 1938 1173 2008 πατρὸς
1208 1937 1378 2008 ἡμῶν
1413 1937 1513 1991 διὰ
1560 1938 1903 2006 Ila-stipato;-

316 2032 490 2103 ἁγίου
516 2032 814 2102 στόματος
838 2029 1052 2097 παιδός
1085 2044 1202 2085 σου
1232 2029 1414 2085 Δαυῒδ
1438 2027 1654 2083 εἰπών’
1685 2030 1811 2083 Ἵνα
1846 2028 1905 2081 τί

321 2121 632 2192 ἐφρύαξαν
656 2104 799 2187 ἔθνη
824 2162 841 2189 ,
869 2121 970 2176 καὶ
993 2122 1128 2176 λαοὶ
1152 2120 1527 2191 ἐμελέτησαν
1552 2119 1735 2184 md;
1794 2120 1903 2174 Σα-

326 2213 442 2286 φῶς
472 2215 584 2285 γὰρ
607 2212 694 2268 διὰ
720 2213 924 2269 τούτων
950 2214 1040 2267 τὸν
1069 2213 1122 2285 β’
1148 2212 1361 2285 ψαλμὸν
1390 2211 1484 2266 τοῦ
1514 2211 1676 2266 Δαυῒδ
1705 2210 1905 2283 ἔφησεν

321 2305 480 2367 εἶναι.
553 2307 1064 2378 Ἀποσεσιωπῆσθαι
1107 2306 1166 2361 δὲ
1191 2307 1335 2371 εἰκὸς
1369 2308 1457 2360 ἐπ’
1499 2306 1658 2360 αὐτὸν
1683 2304 1781 2375 τὴν
1809 2302 1902 2357 τοῦ

324 2398 487 2453 Δαυῒδ
517 2398 842 2472 προγραφὴν
864 2438 881 2464 ,
911 2397 1001 2451 διὰ
1023 2398 1083 2450 τὸ
1114 2398 1327 2469 γυμνὴν
1353 2396 1496 2467 ἔχειν
1527 2394 1767 2468 περὶτοῦ
1791 2397 1905 2448 Κυ-

327 2493 445 2565 ρίου
496 2490 868 2563 προφητείαν,
915 2490 972 2545 ὲν
1003 2482 1037 2563 ᾖ
1075 2489 1290 2561 εἴρηται
1309 2506 1322 2519 ·
1354 2491 1516 2542 Κατὰ
1548 2486 1654 2541 τοῦ
1683 2487 1906 2555 Κυρίου

325 2583 426 2638 καὶ
448 2585 599 2637 κατὰ
626 2582 733 2637 τοῦ
762 2582 1019 2651 Χριστοῦ
1048 2581 1256 2636 αὐτοῦ.
1320 2575 1415 2644 Οἷς
1443 2579 1755 2642 ἀκολούθως
1789 2580 1908 2632 ἑπι-

325 2677 469 2747 λέγει
493 2676 553 2741 ἐξ
578 2674 743 2731 αὐτοῦ
762 2674 857 2728 τοῦ
882 2672 1172 2742 προσώπου
1195 2672 1289 2727 τοῦ
1311 2672 1546 2745 Χριστοῦ
1576 2670 1634 2725 τό
1652 2686 1665 2700 ·
1694 2670 1908 2738 Κύριος

322 2766 456 2825 εἷπε
475 2767 626 2837 πρὸς
650 2766 727 2837 μέ
744 2784 757 2797 ·
785 2767 921 2832 Υἱός
940 2783 1057 2835 μου
1081 2761 1142 2820 εἷ
1159 2766 1263 2820 σύ.
1290 2764 1548 2835 Φέρονται
1573 2763 1749 2817 τοίνυν
1775 2760 1911 2832 ψαλ-

330 2861 425 2933 μοὶ
452 2861 500 2913 οἱ
533 2858 734 2922 πάντες
771 2864 880 2929 ρν¹.
917 2855 1074 2920 Τινὲς
1112 2855 1167 2910 δὲ
1216 2853 1500 2927 νομίζουσι
1536 2853 1662 2916 τοὺς
1701 2851 1910 2914 πάντας

328 2948 470 3004 εἶναι
497 2947 590 3002 τοῦ
625 2946 897 3018 μακαρίου
932 2942 1124 2998 Δαυΐδ·
1157 2944 1223 2998 οὐ
1258 2942 1582 3015 σημαίνεται
1631 2941 1688 2994 δὲ
1731 2940 1906 2993 τοῦτο.

2001 1856 2089 1898 tur
2121 1845 2166 1877 “
2193 1863 2206 1899 :
2246 1844 2465 1900 Domine
2498 1855 2554 1900 tu
2584 1847 2758 1917 fecisti
2787 1848 2970 1902 calum
3005 1859 3053 1902 et
3078 1858 3294 1914 terram,
3316 1858 3363 1901 et
3404 1864 3573 1914 mare,

2001 1945 2051 1990 et
2083 1938 2262 1991 omnia
2289 1953 2407 2008 quae
2443 1938 2500 1993 in
2562 1940 2637 1994 eis
2671 1949 2813 1994 sunt.
2847 1939 2986 1996 Deus
3028 1951 3241 2010 patrum
3276 1950 3576 1995 nostrarum

2001 2029 2090 2097 qui
2130 2028 2319 2082 dixisti
2358 2046 2450 2099 per
2476 2029 2737 2098 Spiritum
2761 2041 3001 2085 sanctum
3026 2049 3119 2101 per
3147 2049 3204 2087 es
3239 2033 3405 2087 David
3429 2032 3578 2102 pueri

2004 2119 2081 2171 tui
2101 2118 2317 2186 :Quare
2348 2120 2678 2190 fremuerunt
2697 2132 2870 2193 gentes
2896 2133 2946 2178 et
2967 2124 3148 2195 populi
3180 2123 3425 2178 meditati
3456 2133 3577 2177 sunt

2003 2209 2229 2266 inania?
2256 2208 2351 2267 His
2377 2212 2523 2266 enim
2560 2212 2846 2282 perspicue
2876 2213 3034 2278 diuit,
3076 2213 3346 2282 psalmum
3380 2226 3579 2267 secun-

2005 2299 2135 2354 dum
2179 2299 2400 2358 Davidis
2429 2317 2571 2357 esse.
2605 2301 2916 2360 Verisimile
2943 2314 3124 2359 autem
3158 2314 3260 2371 est,
3300 2303 3423 2359 ideo
3456 2304 3585 2358 titu-

2006 2392 2140 2455 lum,
2171 2392 2412 2460 Davidis,
2460 2395 2723 2451 omissum
2757 2395 2926 2452 fuisse
2973 2398 3025 2451 in
3071 2413 3137 2452 eo
3182 2398 3413 2467 psalmo,
3454 2398 3584 2468 quia

2008 2484 2209 2538 nudam
2238 2494 2291 2539 et
2322 2497 2561 2554 apertam
2596 2486 2975 2556 complectitur
3009 2487 3349 2557 prophetiam
3386 2488 3454 2542 de
3478 2486 3586 2541 Do-

2009 2576 2179 2642 mino,
2230 2591 2336 2645 qua
2378 2576 2599 2642 dicitur,
2630 2577 2890 2631 Adversus
2929 2577 3211 2631 Dominum
3256 2588 3304 2632 et
3339 2577 3588 2634 adversus

2010 2666 2280 2722 Christum
2315 2667 2451 2736 ejus.
2486 2666 2699 2734 Quibus
2735 2676 3134 2738 consequenter
3166 2669 3353 2739 adjicit
3373 2685 3439 2724 ex
3472 2670 3588 2740 ipsa

2010 2760 2211 2817 Christi
2244 2778 2474 2832 persona
2502 2762 2790 2817 :Dominus
2819 2763 2958 2817 dixit
2990 2762 3059 2816 ad
3084 2780 3163 2818 me
3194 2779 3212 2817 :
3243 2761 3419 2817 Filius
3443 2779 3590 2818 meus

2010 2870 2064 2908 es
2093 2863 2149 2907 tu
2182 2855 2252 2909 δ’.
2277 2852 2480 2909 Omnes
2502 2854 2685 2925 itaque
2716 2855 2936 2926 psalmi,
2956 2865 3173 2910 centum
3197 2856 3589 2927 quinquaginta

2012 2942 2283 3000 feruntur.
2337 2942 2568 3011 Quidam
2622 2958 2787 3016 porro
2834 2946 3168 3002 arbitrantur
3212 2962 3405 3003 omnes
3446 2946 3593 3005 beati

328 3045 392 3098 Oi
418 3043 517 3116 μὲν
546 3041 651 3113 γὰρ
679 3040 880 3104 πάντες
902 3037 1261 3110 ἀναφέρονται
1284 3035 1378 3090 τοῦ
1401 3035 1566 3089 Δαυῖδ
1589 3052 1602 3064 ·
1633 3036 1690 3089 ὲν
1709 3033 1765 3087 δὲ
1789 3035 1910 3096 ταῖς

2020 3034 2239 3092 Davidis
2272 3051 2393 3092 esse
2421 3052 2436 3091 :
2481 3052 2657 3108 neque
2692 3046 2872 3092 tamen
2919 3038 2971 3092 id
3006 3038 3187 3108 aliqua
3227 3046 3356 3093 nota
3386 3037 3595 3108 signiﬁ-

333 3135 670 3207 ἐπιγραφαῖς
721 3132 999 3185 δείκνυται
1030 3129 1113 3193 τίς
1158 3128 1303 3192 τίνος
1348 3126 1562 3199 eam;
1603 3124 1911 3196 γεγένηται.

327 3228 609 3300 τέσσαρες
644 3227 753 3298 γὰρ
780 3225 1038 3298 ἄρχοντες
1060 3221 1213 3293 ᾠδῶν
1243 3220 1588 3291 ὲξελέγησαν,
1622 3224 1760 3290 σπη’
1789 3216 1917 3271 ἀκό-

328 3320 531 3376 λουθοι.
583 3317 703 3372 Τῶν
750 3311 843 3371 οὖν
896 3315 1174 3386 τεσσάρων
1225 3312 1502 3383 ἀρχόντων
1556 3308 1916 3382 παράκεινται

324 3411 572 3483 ψαλμοὶ,
601 3411 678 3475 ὡς
714 3410 804 3463 καὶ
835 3410 891 3463 αἱ
927 3405 1232 3479 ἐπιγραφαὶ
1262 3405 1622 3459 διδάσκουσιν.
1687 3402 1918 3457 Ὀπὸταν

330 3503 443 3576 γὰρ
462 3503 597 3576 λέγῃ
616 3520 630 3535 ·
663 3501 907 3571 Ψαλμὸς
933 3500 1056 3566 τοῖς
1075 3498 1231 3563 υἱοῖς
1258 3497 1429 3566 Κορὲ,
1456 3497 1663 3559 Αιθὰν,
1703 3493 1915 3564 Ἀσὰερ,

333 3594 435 3650 καὶ
479 3592 704 3664 Αίμάνο
738 3593 891 3647 αὐτοὶ
921 3590 1217 3661 ψάλλουσιν
1256 3589 1306 3642 οἱ
1346 3589 1451 3643 υίοὶ
1495 3589 1676 3659 Κορὲ,
1724 3586 1917 3651 Meam,

346 3682 543 3753 Ἀσάφ,
574 3682 670 3736 καὶ
694 3679 892 3752 Αίμάν.
916 3680 1087 3733 Ὅταν
1108 3677 1260 3751 εἴπῃ.
1290 3676 1534 3746 Ψαλμὸς
1563 3677 1668 3731 τοῦ
1706 3676 1919 3745 Ἀσάφ,

333 3776 500 3839 αὐτὸς
524 3770 679 3828 εἶπεν
711 3775 741 3826 ὁ
782 3772 985 3841 Ἀσάφ·
1013 3772 1141 3825 ὅταν
1174 3771 1302 3842 εἴπῃ
1328 3809 1342 3834 ,
1373 3766 1620 3837 suam;
1640 3766 1746 3821 τοῦ
1785 3765 1919 3820 Ἰδι-

339 3868 524 3939 θοὺμ,
581 3867 744 3929 αὐτὸς
792 3864 984 3935 ψάλλει
1031 3861 1304 3932 Ἰδιθούμ·
1360 3859 1561 3915 ὁπόταν
1612 3857 1765 3931 εἴπῃ,
1814 3854 1923 3910 τοῦ

339 3952 522 4014 lauta
540 3999 557 4024 ,
588 3958 750 4022 αὐτὸς
778 3956 955 4025 λέγων
987 3950 1055 4026 ἦν
1105 3953 1269 4007 Δαυῖδ
1288 3966 1302 3982 ·
1352 3950 1492 4005 ἐπὰν
1531 3949 1588 4003 δὲ
1621 3948 1756 4022 λέγῃ
1776 3990 1789 4014 ,
1844 3945 1925 4013 τῷ

338 4051 552 4113 Auum,
590 4050 681 4120 ὑφ’
720 4048 922 4121 ἑτέρων
949 4046 1167 4115 λέγεται
1199 4046 1279 4108 είς
1306 4043 1398 4097 τὸν
1437 4040 1622 4096 Δαυῒδ.
1675 4039 1798 4093 Εἰσὶ¹
1827 4040 1926 4111 μὲν

340 4147 391 4200 οἱ
423 4143 627 4207 πάντες
654 4147 729 4213 ρν¹
751 4180 765 4204 ,
799 4133 875 4194 ὧν
899 4138 985 4209 οβ’
1011 4137 1117 4192 εἰσὶ
1141 4136 1235 4190 τοῦ
1265 4134 1445 4200 Δαυῒδ,
1476 4133 1521 4187 θ’
1547 4133 1603 4186 δὲ
1629 4132 1708 4204 τῷ
1740 4131 1924 4197 Δαυῒδ,

347 4237 427 4309 ιβ’
452 4236 548 4290 τοῦ
582 4234 755 4304 Ἀσάφ
782 4274 796 4299 ,
829 4233 907 4304 ιβ’
934 4234 1047 4295 τοῖς
1080 4232 1215 4294 υίοῖς
1239 4228 1405 4300 Κορὲ,
1438 4221 1518 4291 εἷς
1542 4225 1635 4280 τοῦ
1672 4224 1924 4295 Ἰδιθοὺμ,

344 4325 427 4393 εἷς
459 4324 553 4382 τοῦ
582 4325 782 4397 mssa,
814 4319 894 4389 εἷς
927 4322 1020 4377 τοῦ
1046 4321 1246 4394 Αίμὰν,
1284 4315 1364 4384 εἷς
1400 4318 1493 4373 τοῦ
1517 4316 1800 4389 Σαλομὼν,
1834 4315 1927 4369 δύο

2020 3138 2202 3184 catur.
2234 3126 2300 3183 Et
2329 3142 2519 3185 verum
2551 3128 2769 3198 quidem
2798 3139 2880 3185 est
2914 3130 3199 3185 universos
3220 3127 3595 3185 Davidiascri-

2017 3220 2100 3287 bi;
2131 3229 2186 3274 at
2209 3220 2264 3275 in
2298 3219 2471 3276 titulis
2500 3220 2771 3275 indicatur
2797 3221 2910 3291 quo
2930 3229 3151 3277 auctore
3185 3221 3418 3291 quisque
3446 3220 3595 3292 psale

2019 3328 2143 3367 mus
2169 3312 2349 3369 editus
2378 3313 2467 3369 sit.
2493 3312 2629 3368 Nam
2661 3323 2899 3384 quatuor
2928 3313 3267 3370 canticorum
3294 3313 3592 3383 principes,

2019 3404 2254 3462 ministri
2294 3420 2425 3461 vero
2455 3404 2678 3461 ducenti
2723 3406 2997 3476 octaginta
3030 3416 3174 3472 octo,
3205 3406 3365 3461 electi
3421 3405 3593 3460 fuere.

2020 3497 2229 3551 Horum
2267 3505 2505 3568 quatuor
2547 3498 2852 3568 principum
2878 3498 3076 3569 psalmi
3110 3498 3318 3568 aliquot
3355 3498 3598 3553 circum-

2021 3588 2294 3654 feruntur,
2332 3598 2392 3645 ut
2434 3589 2518 3645 vel
2554 3590 2689 3659 ipsis
2715 3590 2942 3645 docetur
2980 3590 3170 3645 titulis.
3199 3589 3429 3656 Quando
3453 3590 3598 3644 enim

2022 3678 2456 3734 dicit-:Psalmus
2494 3679 2624 3749 ﬁliis
2643 3679 2797 3746 Core,
2827 3678 3055 3747 ΑΞιΙιαη,
3090 3680 3266 3749 Asaph
3289 3689 3338 3733 et
3376 3676 3601 3743 jEman,

2024 3770 2093 3824 ab
2124 3770 2256 3840 ipsis
2276 3769 2504 3837 Ethan,
2530 3772 2738 3842 Asaph,
2759 3770 2980 3836 Eman,
3000 3771 3128 3827 ﬁliis
3155 3770 3296 3826 Core
3330 3770 3605 3841 psallitur,

2024 3859 2161 3915 Cum
2193 3861 2345 3926 dicit,
2383 3861 2635 3916 Psalmus
2680 3863 2901 3932 Asaph,’
2952 3862 3066 3933 ipse
3107 3863 3288 3932 Asaph
3324 3862 3603 3931 recitavit;

2026 3967 2152 4008 cum
2182 3953 2334 4018 dicit,
2367 3952 2623 4008 Psalmus
2656 3952 2918 4020 lditbum,
2944 3954 3078 4025 'ipse
3112 3954 3347 4007 ldithum
3381 3953 3601 4023 psallit:

2027 4044 2121 4100 ubi
2153 4043 2308 4110 dicit,
2340 4044 2586 4111 Davidie,
2619 4046 2737 4115 ipse
2767 4043 2936 4100 David
2971 4054 3054 4100 est
3077 4045 3170 4115 qui
3211 4043 3608 4114 pronuntiavit,

2027 4134 2164 4191 Cum
2189 4145 2369 4192 autem
2388 4137 2540 4203 dicit,
2576 4136 2789 4205 Davidi,
2820 4136 2890 4192 ab
2920 4137 3042 4192 aliis
3073 4137 3334 4192 recitatur
3364 4136 3614 4207 psalmus

2030 4229 2085 4284 in
2114 4227 2392 4285 Davidem.
2425 4227 2566 4284 Sunt
2610 4229 2827 4300 quidem
2859 4245 3050 4286 omnes
3072 4238 3293 4286 centum
3331 4229 3607 4299 quinqua-

2031 4322 2202 4393 ginta,
2230 4336 2464 4396 quorum
2502 4323 2845 4395 septuaginta
2861 4322 2969 4378 duo
2991 4320 3214 4377 Davidis
3237 4330 3384 4385 sunt,
3414 4334 3606 4375 novem

357 4419 613 4490 ’Δγγαίου
638 4418 732 4472 καὶ
756 4416 1050 4488 Ζαχαρίου,
1070 4413 1431 4486 ἀνεπίγραφοι
1456 4409 1517 4464 λθ
1534 4418 1546 4439 '
1575 4411 1671 4465 καὶ
1695 4404 1777 4475 εἷς
1805 4411 1910 4464 Μω

2036 4414 2245 4483 Davidi,
2272 4413 2559 4471 duodecim
2584 4415 2810 4486 Asaphi,
2828 4415 3109 4470 duodecim
3139 4413 3263 4468 ﬁliis
3279 4411 3437 4478 Core,
3466 4424 3612 4466 unus

344 4514 489 4576 σὲως
506 4528 523 4544 ·
558 4511 758 4574 πάντες
784 4515 888 4582 ρν’.

2034 4507 2292 4576 lditbum,
2340 4523 2484 4564 unus
2521 4496 2768 4572 Etham,
2813 4523 2958 4563 unus
3001 4505 3225 4572 IEman,
3274 4519 3415 4560 unus
3456 4500 3617 4556 Salo-

348 4604 551 4669 monis,
582 4602 692 4657 duo
725 4598 906 4671 Αεεωί
945 4606 999 4653 et
1038 4594 1350 4663 Zachariae;
1377 4594 1494 4649 sine
1563 4593 1722 4650 titulo
1773 4596 1992 4668 triginta
2028 4617 2248 4668 novem,
2277 4616 2529 4671 unusque
2570 4600 2737 4657 Mosis
2782 4618 2798 4657 :
2849 4614 3040 4656 omnes
3082 4608 3299 4654 centum
3341 4597 3613 4670 quinqua-

348 4697 520 4768 ginta.

415 4792 509 4844 Δεῖ
543 4787 721 4843 τοίνυν
748 4785 1020 4858 θεωρῆσαι
1052 4785 1113 4838 τδ
1141 4784 1437 4855 μυστήριον
1468 4782 1575 4836 τίνι
1608 4781 1781 4855 λόγῳ,
1813 4784 1929 4839 δια-

351 4883 534 4954 φόρων
573 4879 725 4953 ᾠδῶν
770 4877 1145 4951 ὑπαρχόντων,
1176 4877 1270 4931 καὶ
1306 4877 1380 4947 μὴ
1407 4874 1630 4929 πάντων
1661 4875 1769 4930 τῶν
1797 4876 1929 4948 ψαλ-

356 4976 471 5046 μῶν
494 4973 662 5028 ὄντων
685 4971 868 5035 Δαυῒδ,
899 4971 1225 5041 ἀναφέρεται
1254 4971 1332 5031 είς
1355 4967 1446 5020 τὸν
1471 4967 1634 5021 Δαυῖδ
1652 4983 1665 4997 °
1693 4969 1786 5021 καὶ
1817 4968 1935 5022 τοῦ-

354 5084 414 5120 το
441 5068 502 5120 οὔ
529 5062 1055 5138 παραδραμούμεθα.
1078 5059 1278 5114 Τούτου
1303 5058 1411 5130 γὰρ
1435 5057 1595 5130 χάριν
1617 5059 1902 5131 ἐπεγράφη
1919 5098 1934 5123 ,

356 5158 478 5212 ἐπεὶ
501 5157 665 5221 αὐτὸς
691 5155 862 5219 αἴτιος
912 5153 1201 5223 γεγένηται
1224 5150 1319 5204 τοῦ
1353 5145 1489 5204 εἶναι
1519 5149 1687 5203 ταῦτα
1706 5166 1721 5179 ·
1778 5151 1938 5214 αὐτὸς

354 5250 464 5322 γὰρ
490 5248 697 5314 ἐξέλεξε
720 5249 846 5310 τοὺς
861 5246 1051 5317 ᾠδούς.
1075 5244 1246 5308 Αὐτὸς
1268 5242 1443 5296 τοίνυν
1460 5244 1630 5306 αἴτιος
1652 5242 1941 5314 γενόμενος

354 5340 557 5412 ἠξιώθη
587 5340 689 5411 τῆς
723 5337 890 5409 τιμῆς
910 5335 1111 5407 ταύτης
1137 5374 1152 5399 ,
1189 5335 1275 5387 ἵνα
1309 5333 1508 5397 πάντες
1557 5334 1658 5387 ὅσα
1687 5329 1843 5387 εἶπαν
1888 5336 1938 5388 oi

356 5433 480 5505 ᾠδοί
507 5437 587 5498 είς
620 5435 710 5488 τὸν
730 5429 895 5486 Δαυῒδ
920 5426 1306 5498 καταλογισθῇ.

429 5663 471 5697 ιι
506 5663 630 5721 Act.
664 5677 737 5726 tv,
768 5658 865 5726 ἓξ,
891 5656 996 5723 35;
1026 5654 1168 5713 Psal.
1188 5672 1248 5724 ιι,
1277 5655 1325 5710 Ι.
1404 5654 1450 5689 ⁸²
1488 5652 1629 5711 Psal.
1671 5668 1731 5723 ll,
1773 5652 1829 5723 2,
1856 5653 1909 5713 Ἰ.

2112 4787 2665 4844 Animadvertendum
2689 4786 2874 4855 itaque
2891 4781 3232 4854 mysterium,
3256 4792 3378 4850 qua:
3405 4767 3617 4833 scilice‘

2040 4896 2209 4937 causa
2251 4881 2323 4936 sit
2367 4896 2487 4945 cur,
2522 4895 2644 4935 cum
2695 4877 2897 4934 diversi
2952 4877 3062 4932 sint
3107 4880 3379 4938 cantores,
3434 4884 3615 4939 neque

2042 4990 2233 5031 omnes
2268 4974 2466 5045 psalmi
2506 4971 2728 5029 Davidis
2773 4970 2907 5036 sint,
2940 4967 3262 5040 psalterium
3314 4975 3495 5020 tamen
3540 4961 3609 5015 ad

2043 5064 2299 5120 Davidem
2345 5062 2614 5119 referatur
2647 5080 2660 5116 :
2713 5063 2827 5116 haec
2857 5074 2943 5113 ne~
2977 5057 3195 5114 silentio
3235 5050 3610 5124 praetermitta-

2045 5176 2189 5216 mus.
2223 5161 2351 5214 Ideo
2385 5159 2466 5213 sic
2505 5156 2827 5226 inscriptum
2865 5152 2989 5218 luit,
3042 5152 3170 5223 quia
3205 5151 3321 5221 ipse
3346 5143 3516 5199 David
3554 5142 3611 5197 in

2047 5270 2210 5311 causa
2241 5253 2342 5308 fuit
2392 5268 2493 5307 cur
2529 5251 2679 5306 istmc
2722 5248 3010 5303 ederentur
3041 5265 3056 5300 :
3091 5244 3205 5314 ipse
3226 5253 3461 5310 namque
3481 5251 3614 5299 cans-

2047 5358 2192 5403 tores
2218 5345 2398 5417 elegit.
2439 5344 2491 5399 ls
2520 5343 2683 5414 igitur
2711 5339 2807 5410 qui
2851 5352 3013 5394 causa
3044 5335 3169 5402 fuit,
3214 5339 3368 5388 tanto
3404 5329 3617 5385 honore

2043 5444 2296 5512 dignatus
2315 5444 2420 5505 est,
2452 5442 2511 5489 ut
2538 5447 2877 5506 quaecunque
2903 5440 3152 5487 cantores
3171 5423 3423 5493 dixerint,
3445 5423 3607 5494 quasi

2046 5533 2263 5592 Davidis
2292 5536 2611 5603 reputeutur
2643 5540 2787 5587 esse.

2968 5614 3035 5658 λιιι
