  <div class='ocr_page' id='page_1' title='image "/cluster/home/n/w/nwhite01/storage/ocr_20150623/27/mdp.39015007065769/037.png"; bbox 0 0 3944 6220; ppageno 0'>
   <div class='ocr_carea' id='block_1_1' title="bbox 360 268 3591 345">
    <p class='ocr_par' dir='ltr' id='par_1_1' title="bbox 360 268 3591 345">
     <span class='ocr_line' id='line_1_1' title="bbox 360 268 3591 345; baseline 0.005 -21"><span class='ocrx_word' id='word_1_1' title='bbox 360 268 429 325; x_wconf 78' lang='lat'><strong>59</strong></span> <span class='ocrx_word' id='word_1_2' title='bbox 1139 338 1145 345; x_wconf 48' lang='grc'><strong>,</strong></span> <span class='ocrx_word' id='word_1_3' title='bbox 1202 276 1257 332; x_wconf 88' lang='lat' dir='ltr'><strong>S.</strong></span> <span class='ocrx_word' id='word_1_4' title='bbox 1300 277 1670 337; x_wconf 78' lang='lat' dir='ltr'><strong>ATHANASII</strong></span> <span class='ocrx_word' id='word_1_5' title='bbox 1711 271 1860 336; x_wconf 65' lang='lat' dir='ltr'><strong>0M&quot;.</strong></span> <span class='ocrx_word' id='word_1_6' title='bbox 1906 281 2088 337; x_wconf 81' lang='lat' dir='ltr'><strong>PARS</strong></span> <span class='ocrx_word' id='word_1_7' title='bbox 2127 281 2215 337; x_wconf 80' lang='lat' dir='ltr'><strong>Ill.</strong></span> <span class='ocrx_word' id='word_1_8' title='bbox 2254 310 2325 324; x_wconf 90' lang='lat'><strong>-—-</strong></span> <span class='ocrx_word' id='word_1_9' title='bbox 2360 278 2771 338; x_wconf 82' lang='lat' dir='ltr'><strong>EXEGETICA.</strong></span> <span class='ocrx_word' id='word_1_10' title='bbox 3522 277 3591 329; x_wconf 71' lang='grc' dir='ltr'><strong>σο</strong></span> 
     </span>
    </p>
   </div>
   <div class='ocr_carea' id='block_1_2' title="bbox 425 388 2000 470">
    <p class='ocr_par' dir='ltr' id='par_1_2' title="bbox 425 388 2000 470">
     <span class='ocr_line' id='line_1_2' title="bbox 425 388 2000 470; baseline 0.01 -27"><span class='ocrx_word' id='word_1_11' title='bbox 425 388 596 443; x_wconf 82' lang='lat' dir='ltr'><strong>Cnm-</strong></span> <span class='ocrx_word' id='word_1_12' title='bbox 627 391 889 461; x_wconf 89' lang='lat' dir='ltr'><strong>propheta</strong></span> <span class='ocrx_word' id='word_1_13' title='bbox 936 404 1083 450; x_wconf 86' lang='lat' dir='ltr'><strong>esset</strong></span> <span class='ocrx_word' id='word_1_14' title='bbox 1142 394 1334 463; x_wconf 78' lang='lat' dir='ltr'><strong>David,</strong></span> <span class='ocrx_word' id='word_1_15' title='bbox 1375 408 1535 470; x_wconf 89' lang='lat' dir='ltr'><strong>atque</strong></span> <span class='ocrx_word' id='word_1_16' title='bbox 1576 401 1924 457; x_wconf 85' lang='lat' dir='ltr'><strong>interioribus</strong></span> <span class='ocrx_word' id='word_1_17' title='bbox 1952 414 2000 465; x_wconf 75' lang='grc' dir='ltr'><strong>Α</strong></span> 
     </span>
    </p>
   </div>
   <div class='ocr_carea' id='block_1_3' title="bbox 359 479 1923 559">
    <p class='ocr_par' dir='ltr' id='par_1_3' title="bbox 359 479 1923 559">
     <span class='ocr_line' id='line_1_3' title="bbox 359 479 1923 559; baseline 0.007 -28"><span class='ocrx_word' id='word_1_18' title='bbox 359 479 560 548; x_wconf 84' lang='lat' dir='ltr'><strong>apertis</strong></span> <span class='ocrx_word' id='word_1_19' title='bbox 601 481 796 547; x_wconf 89' lang='lat' dir='ltr'><strong>oculis,</strong></span> <span class='ocrx_word' id='word_1_20' title='bbox 832 481 998 550; x_wconf 85' lang='lat' dir='ltr'><strong>probe</strong></span> <span class='ocrx_word' id='word_1_21' title='bbox 1021 495 1207 540; x_wconf 91' lang='lat' dir='ltr'><strong>nosset</strong></span> <span class='ocrx_word' id='word_1_22' title='bbox 1235 487 1502 557; x_wconf 81' lang='lat' dir='ltr'><strong>malignos</strong></span> <span class='ocrx_word' id='word_1_23' title='bbox 1539 490 1761 558; x_wconf 78' lang='lat' dir='ltr'><strong>spiritus</strong></span> <span class='ocrx_word' id='word_1_24' title='bbox 1792 505 1923 559; x_wconf 84' lang='lat' dir='ltr'><strong>gau-</strong></span> 
     </span>
    </p>
   </div>
   <div class='ocr_carea' id='block_1_4' title="bbox 359 570 1923 648">
    <p class='ocr_par' dir='ltr' id='par_1_4' title="bbox 359 570 1923 648">
     <span class='ocr_line' id='line_1_4' title="bbox 359 570 1923 648; baseline 0.006 -24"><span class='ocrx_word' id='word_1_25' title='bbox 359 570 488 625; x_wconf 84' lang='lat' dir='ltr'><strong>dere</strong></span> <span class='ocrx_word' id='word_1_26' title='bbox 516 571 581 624; x_wconf 86' lang='lat' dir='ltr'><strong>de</strong></span> <span class='ocrx_word' id='word_1_27' title='bbox 615 570 770 640; x_wconf 87' lang='lat' dir='ltr'><strong>lapsu</strong></span> <span class='ocrx_word' id='word_1_28' title='bbox 818 573 1128 638; x_wconf 87' lang='lat' dir='ltr'><strong>hominum,</strong></span> <span class='ocrx_word' id='word_1_29' title='bbox 1188 585 1244 631; x_wconf 91' lang='lat' dir='ltr'><strong>et</strong></span> <span class='ocrx_word' id='word_1_30' title='bbox 1285 585 1476 631; x_wconf 83' lang='lat' dir='ltr'><strong>contra</strong></span> <span class='ocrx_word' id='word_1_31' title='bbox 1534 577 1719 633; x_wconf 86' lang='lat' dir='ltr'><strong>dolere</strong></span> <span class='ocrx_word' id='word_1_32' title='bbox 1770 580 1923 648; x_wconf 85' lang='lat' dir='ltr'><strong>quasi</strong></span> 
     </span>
    </p>
   </div>
   <div class='ocr_carea' id='block_1_5' title="bbox 360 662 1923 738">
    <p class='ocr_par' dir='ltr' id='par_1_5' title="bbox 360 662 1923 738">
     <span class='ocr_line' id='line_1_5' title="bbox 360 662 1923 738; baseline 0.006 -23"><span class='ocrx_word' id='word_1_33' title='bbox 360 663 534 716; x_wconf 87' lang='lat' dir='ltr'><strong>victos</strong></span> <span class='ocrx_word' id='word_1_34' title='bbox 573 662 639 718; x_wconf 89' lang='lat' dir='ltr'><strong>de</strong></span> <span class='ocrx_word' id='word_1_35' title='bbox 669 663 983 720; x_wconf 91' lang='lat' dir='ltr'><strong>eorumdem</strong></span> <span class='ocrx_word' id='word_1_36' title='bbox 1032 668 1406 738; x_wconf 87' lang='lat' dir='ltr'><strong>resipiscentia</strong></span> <span class='ocrx_word' id='word_1_37' title='bbox 1439 680 1493 724; x_wconf 89' lang='lat' dir='ltr'><strong>et</strong></span> <span class='ocrx_word' id='word_1_38' title='bbox 1523 671 1923 737; x_wconf 81' lang='lat' dir='ltr'><strong>emendatione,</strong></span> 
     </span>
    </p>
   </div>
   <div class='ocr_carea' id='block_1_6' title="bbox 361 756 1924 830">
    <p class='ocr_par' dir='ltr' id='par_1_6' title="bbox 361 756 1924 830">
     <span class='ocr_line' id='line_1_6' title="bbox 361 756 1924 830; baseline 0.006 -22"><span class='ocrx_word' id='word_1_39' title='bbox 361 756 687 828; x_wconf 76' lang='lat' dir='ltr'><strong>intelligibili</strong></span> <span class='ocrx_word' id='word_1_40' title='bbox 733 774 800 814; x_wconf 87' lang='lat' dir='ltr'><strong>ac</strong></span> <span class='ocrx_word' id='word_1_41' title='bbox 834 761 1107 830; x_wconf 88' lang='lat' dir='ltr'><strong>spirituali</strong></span> <span class='ocrx_word' id='word_1_42' title='bbox 1142 763 1305 818; x_wconf 89' lang='lat' dir='ltr'><strong>modo</strong></span> <span class='ocrx_word' id='word_1_43' title='bbox 1339 766 1614 818; x_wconf 83' lang='lat' dir='ltr'><strong>orationes</strong></span> <span class='ocrx_word' id='word_1_44' title='bbox 1637 764 1924 820; x_wconf 86' lang='lat' dir='ltr'><strong>adversum</strong></span> 
     </span>
    </p>
   </div>
   <div class='ocr_carea' id='block_1_7' title="bbox 360 839 1924 927">
    <p class='ocr_par' dir='ltr' id='par_1_7' title="bbox 360 839 1924 927">
     <span class='ocr_line' id='line_1_7' title="bbox 360 839 1924 927; baseline 0.004 -23"><span class='ocrx_word' id='word_1_45' title='bbox 360 849 483 907; x_wconf 89' lang='lat' dir='ltr'><strong>illos</strong></span> <span class='ocrx_word' id='word_1_46' title='bbox 526 851 836 920; x_wconf 84' lang='lat' dir='ltr'><strong>emittebat;</strong></span> <span class='ocrx_word' id='word_1_47' title='bbox 878 868 946 908; x_wconf 82' lang='lat' dir='ltr'><strong>ex</strong></span> <span class='ocrx_word' id='word_1_48' title='bbox 991 855 1058 910; x_wconf 89' lang='lat' dir='ltr'><strong>iis</strong></span> <span class='ocrx_word' id='word_1_49' title='bbox 1089 855 1334 911; x_wconf 88' lang='lat' dir='ltr'><strong>hostibus</strong></span> <span class='ocrx_word' id='word_1_50' title='bbox 1373 856 1468 926; x_wconf 86' lang='lat' dir='ltr'><strong>qui</strong></span> <span class='ocrx_word' id='word_1_51' title='bbox 1512 856 1616 911; x_wconf 89' lang='lat' dir='ltr'><strong>sub</strong></span> <span class='ocrx_word' id='word_1_52' title='bbox 1647 839 1924 927; x_wconf 67' lang='lat' dir='ltr'><strong>aspectum</strong></span> 
     </span>
    </p>
   </div>
   <div class='ocr_carea' id='block_1_8' title="bbox 360 932 1928 1033">
    <p class='ocr_par' dir='ltr' id='par_1_8' title="bbox 360 932 1928 1033">
     <span class='ocr_line' id='line_1_8' title="bbox 360 932 1928 1033; baseline 0.001 -34"><span class='ocrx_word' id='word_1_53' title='bbox 360 943 564 999; x_wconf 82' lang='lat' dir='ltr'><strong>cadunt</strong></span> <span class='ocrx_word' id='word_1_54' title='bbox 584 932 864 1014; x_wconf 87' lang='lat' dir='ltr'><strong>assumpta</strong></span> <span class='ocrx_word' id='word_1_55' title='bbox 902 946 1238 1033; x_wconf 57' lang='lat' dir='ltr'><strong>m’etaphora.</strong></span> <span class='ocrx_word' id='word_1_56' title='bbox 1273 944 1389 1001; x_wconf 85' lang='lat' dir='ltr'><strong>Nisi</strong></span> <span class='ocrx_word' id='word_1_57' title='bbox 1418 946 1563 1000; x_wconf 90' lang='lat' dir='ltr'><strong>enim</strong></span> <span class='ocrx_word' id='word_1_58' title='bbox 1595 947 1697 1001; x_wconf 87' lang='lat' dir='ltr'><strong>hac</strong></span> <span class='ocrx_word' id='word_1_59' title='bbox 1718 949 1928 1001; x_wconf 85' lang='lat' dir='ltr'><strong>ratione</strong></span> 
     </span>
    </p>
   </div>
   <div class='ocr_carea' id='block_1_9' title="bbox 361 1036 1927 1109">
    <p class='ocr_par' dir='ltr' id='par_1_9' title="bbox 361 1036 1927 1109">
     <span class='ocr_line' id='line_1_9' title="bbox 361 1036 1927 1109; baseline 0.004 -21"><span class='ocrx_word' id='word_1_60' title='bbox 361 1036 745 1105; x_wconf 81' lang='lat' dir='ltr'><strong>prophetarum</strong></span> <span class='ocrx_word' id='word_1_61' title='bbox 804 1053 1031 1107; x_wconf 89' lang='lat' dir='ltr'><strong>scopum</strong></span> <span class='ocrx_word' id='word_1_62' title='bbox 1082 1040 1544 1109; x_wconf 84' lang='lat' dir='ltr'><strong>interpretemur,</strong></span> <span class='ocrx_word' id='word_1_63' title='bbox 1596 1054 1703 1094; x_wconf 93' lang='lat' dir='ltr'><strong>non</strong></span> <span class='ocrx_word' id='word_1_64' title='bbox 1766 1040 1927 1094; x_wconf 85' lang='lat' dir='ltr'><strong>modo</strong></span> 
     </span>
    </p>
   </div>
   <div class='ocr_carea' id='block_1_10' title="bbox 364 1122 1929 1193">
    <p class='ocr_par' dir='ltr' id='par_1_10' title="bbox 364 1122 1929 1193">
     <span class='ocr_line' id='line_1_10' title="bbox 364 1122 1929 1193; baseline 0.006 -20"><span class='ocrx_word' id='word_1_65' title='bbox 364 1122 562 1174; x_wconf 88' lang='lat' dir='ltr'><strong>nullam</strong></span> <span class='ocrx_word' id='word_1_66' title='bbox 596 1123 789 1178; x_wconf 67' lang='lat' dir='ltr'><strong>anima:</strong></span> <span class='ocrx_word' id='word_1_67' title='bbox 819 1126 1125 1192; x_wconf 80' lang='lat' dir='ltr'><strong>utilitatem,</strong></span> <span class='ocrx_word' id='word_1_68' title='bbox 1155 1142 1220 1181; x_wconf 84' lang='lat' dir='ltr'><strong>ex</strong></span> <span class='ocrx_word' id='word_1_69' title='bbox 1254 1143 1440 1182; x_wconf 89' lang='lat' dir='ltr'><strong>eorum</strong></span> <span class='ocrx_word' id='word_1_70' title='bbox 1474 1128 1653 1193; x_wconf 89' lang='lat' dir='ltr'><strong>dictis,</strong></span> <span class='ocrx_word' id='word_1_71' title='bbox 1678 1129 1745 1182; x_wconf 84' lang='lat' dir='ltr'><strong>ad</strong></span> <span class='ocrx_word' id='word_1_72' title='bbox 1774 1144 1929 1182; x_wconf 89' lang='lat' dir='ltr'><strong>man-</strong></span> 
     </span>
    </p>
   </div>
   <div class='ocr_carea' id='block_1_11' title="bbox 366 1215 1925 1289">
    <p class='ocr_par' dir='ltr' id='par_1_11' title="bbox 366 1215 1925 1289">
     <span class='ocr_line' id='line_1_11' title="bbox 366 1215 1925 1289; baseline 0.004 -21"><span class='ocrx_word' id='word_1_73' title='bbox 366 1215 706 1270; x_wconf 85' lang='lat' dir='ltr'><strong>suetudinem</strong></span> <span class='ocrx_word' id='word_1_74' title='bbox 768 1216 1210 1286; x_wconf 70' lang='lat' dir='ltr'><strong>adipiscendam,</strong></span> <span class='ocrx_word' id='word_1_75' title='bbox 1260 1220 1675 1289; x_wconf 88' lang='lat' dir='ltr'><strong>percipiemus;</strong></span> <span class='ocrx_word' id='word_1_76' title='bbox 1741 1236 1925 1275; x_wconf 89' lang='lat' dir='ltr'><strong>verum</strong></span> 
     </span>
    </p>
   </div>
   <div class='ocr_carea' id='block_1_12' title="bbox 364 1306 1927 1380">
    <p class='ocr_par' dir='ltr' id='par_1_12' title="bbox 364 1306 1927 1380">
     <span class='ocr_line' id='line_1_12' title="bbox 364 1306 1927 1380; baseline 0.003 -21"><span class='ocrx_word' id='word_1_77' title='bbox 364 1306 528 1360; x_wconf 82' lang='lat' dir='ltr'><strong>etiam</strong></span> <span class='ocrx_word' id='word_1_78' title='bbox 575 1308 628 1362; x_wconf 90' lang='lat' dir='ltr'><strong>in</strong></span> <span class='ocrx_word' id='word_1_79' title='bbox 661 1322 908 1377; x_wconf 85' lang='lat' dir='ltr'><strong>asperam</strong></span> <span class='ocrx_word' id='word_1_80' title='bbox 933 1309 1221 1379; x_wconf 87' lang='lat' dir='ltr'><strong>quamdam</strong></span> <span class='ocrx_word' id='word_1_81' title='bbox 1259 1318 1421 1380; x_wconf 84' lang='lat' dir='ltr'><strong>atque</strong></span> <span class='ocrx_word' id='word_1_82' title='bbox 1459 1310 1784 1380; x_wconf 78' lang='lat' dir='ltr'><strong>evangelicae</strong></span> <span class='ocrx_word' id='word_1_83' title='bbox 1826 1310 1927 1365; x_wconf 89' lang='lat' dir='ltr'><strong>do-</strong></span> 
     </span>
    </p>
   </div>
   <div class='ocr_carea' id='block_1_13' title="bbox 367 1400 1927 1473">
    <p class='ocr_par' dir='ltr' id='par_1_13' title="bbox 367 1400 1927 1473">
     <span class='ocr_line' id='line_1_13' title="bbox 367 1400 1927 1473; baseline 0.003 -21"><span class='ocrx_word' id='word_1_84' title='bbox 367 1400 555 1456; x_wconf 75' lang='lat' dir='ltr'><strong>ctrinae</strong></span> <span class='ocrx_word' id='word_1_85' title='bbox 595 1402 878 1457; x_wconf 82' lang='lat' dir='ltr'><strong>adversam</strong></span> <span class='ocrx_word' id='word_1_86' title='bbox 922 1403 1089 1457; x_wconf 84' lang='lat' dir='ltr'><strong>animi</strong></span> <span class='ocrx_word' id='word_1_87' title='bbox 1133 1403 1391 1458; x_wconf 89' lang='lat' dir='ltr'><strong>duritiem</strong></span> <span class='ocrx_word' id='word_1_88' title='bbox 1434 1418 1502 1458; x_wconf 80' lang='lat' dir='ltr'><strong>ex</strong></span> <span class='ocrx_word' id='word_1_89' title='bbox 1553 1403 1927 1473; x_wconf 84' lang='lat' dir='ltr'><strong>frequentibus</strong></span> 
     </span>
    </p>
   </div>
   <div class='ocr_carea' id='block_1_14' title="bbox 366 1492 1929 1563">
    <p class='ocr_par' dir='ltr' id='par_1_14' title="bbox 366 1492 1929 1563">
     <span class='ocr_line' id='line_1_14' title="bbox 366 1492 1929 1563; baseline 0.004 -18"><span class='ocrx_word' id='word_1_90' title='bbox 366 1492 628 1548; x_wconf 85' lang='lat' dir='ltr'><strong>adversus</strong></span> <span class='ocrx_word' id='word_1_91' title='bbox 645 1494 893 1550; x_wconf 89' lang='lat' dir='ltr'><strong>inimicos</strong></span> <span class='ocrx_word' id='word_1_92' title='bbox 919 1496 1173 1563; x_wconf 88' lang='lat' dir='ltr'><strong>precibus</strong></span> <span class='ocrx_word' id='word_1_93' title='bbox 1189 1496 1524 1563; x_wconf 84' lang='lat' dir='ltr'><strong>delahemur,</strong></span> <span class='ocrx_word' id='word_1_94' title='bbox 1549 1504 1757 1550; x_wconf 84' lang='lat' dir='ltr'><strong>tantum</strong></span> <span class='ocrx_word' id='word_1_95' title='bbox 1776 1496 1929 1551; x_wconf 86' lang='lat' dir='ltr'><strong>abest</strong></span> 
     </span>
    </p>
   </div>
   <div class='ocr_carea' id='block_1_15' title="bbox 366 1583 1923 1653">
    <p class='ocr_par' dir='ltr' id='par_1_15' title="bbox 366 1583 1923 1653">
     <span class='ocr_line' id='line_1_15' title="bbox 366 1583 1923 1653; baseline 0.003 -17"><span class='ocrx_word' id='word_1_96' title='bbox 366 1592 428 1636; x_wconf 87' lang='lat' dir='ltr'><strong>nt</strong></span> <span class='ocrx_word' id='word_1_97' title='bbox 463 1583 755 1653; x_wconf 76' lang='lat' dir='ltr'><strong>diligamus</strong></span> <span class='ocrx_word' id='word_1_98' title='bbox 800 1586 944 1642; x_wconf 92' lang='lat' dir='ltr'><strong>illos.</strong></span> <span class='ocrx_word' id='word_1_99' title='bbox 975 1585 1110 1641; x_wconf 85' lang='lat' dir='ltr'><strong>Nam</strong></span> <span class='ocrx_word' id='word_1_100' title='bbox 1161 1588 1467 1642; x_wconf 79' lang='lat' dir='ltr'><strong>sexcenties</strong></span> <span class='ocrx_word' id='word_1_101' title='bbox 1511 1586 1586 1641; x_wconf 88' lang='lat' dir='ltr'><strong>ait</strong></span> <span class='ocrx_word' id='word_1_102' title='bbox 1629 1586 1794 1641; x_wconf 82' lang='lat' dir='ltr'><strong>David</strong></span> <span class='ocrx_word' id='word_1_103' title='bbox 1830 1588 1876 1619; x_wconf 85' lang='grc'><strong>⁸³</strong></span> <span class='ocrx_word' id='word_1_104' title='bbox 1908 1604 1923 1641; x_wconf 92' lang='lat'><strong>:</strong></span> 
     </span>
    </p>
   </div>
   <div class='ocr_carea' id='block_1_16' title="bbox 367 1671 1924 1747">
    <p class='ocr_par' dir='ltr' id='par_1_16' title="bbox 367 1671 1924 1747">
     <span class='ocr_line' id='line_1_16' title="bbox 367 1671 1924 1747; baseline 0.004 -22"><span class='ocrx_word' id='word_1_105' title='bbox 367 1671 775 1742; x_wconf 79' lang='lat' dir='ltr'><strong>Confundantur</strong></span> <span class='ocrx_word' id='word_1_106' title='bbox 795 1686 841 1730; x_wconf 81' lang='lat' dir='ltr'><strong>et</strong></span> <span class='ocrx_word' id='word_1_107' title='bbox 857 1677 1052 1745; x_wconf 83' lang='lat' dir='ltr'><strong>pudore</strong></span> <span class='ocrx_word' id='word_1_108' title='bbox 1071 1678 1365 1747; x_wconf 70' lang='lat' dir='ltr'><strong>afﬁciantur</strong></span> <span class='ocrx_word' id='word_1_109' title='bbox 1384 1693 1560 1730; x_wconf 81' lang='lat' dir='ltr'><strong>omnes</strong></span> <span class='ocrx_word' id='word_1_110' title='bbox 1579 1677 1780 1730; x_wconf 81' lang='lat' dir='ltr'><strong>inimici</strong></span> <span class='ocrx_word' id='word_1_111' title='bbox 1804 1678 1924 1741; x_wconf 79' lang='lat' dir='ltr'><strong>mei,</strong></span> 
     </span>
    </p>
   </div>
   <div class='ocr_carea' id='block_1_17' title="bbox 2099 395 3593 475">
    <p class='ocr_par' dir='ltr' id='par_1_17' title="bbox 2099 395 3593 475">
     <span class='ocr_line' id='line_1_17' title="bbox 2099 395 3593 475; baseline -0.007 -19"><span class='ocrx_word' id='word_1_112' title='bbox 2099 404 2220 456; x_wconf 83' lang='grc' dir='ltr'>Ὅτι</span> <span class='ocrx_word' id='word_1_113' title='bbox 2249 403 2531 475; x_wconf 76' lang='grc' dir='ltr'><strong>προφήτης</strong></span> <span class='ocrx_word' id='word_1_114' title='bbox 2555 402 2812 472; x_wconf 82' lang='grc' dir='ltr'><strong>ὑπάρχων</strong></span> <span class='ocrx_word' id='word_1_115' title='bbox 2835 399 2863 450; x_wconf 87' lang='grc' dir='ltr'>ὁ</span> <span class='ocrx_word' id='word_1_116' title='bbox 2883 398 3066 461; x_wconf 79' lang='grc' dir='ltr'>Δαυτδ,</span> <span class='ocrx_word' id='word_1_117' title='bbox 3097 398 3190 453; x_wconf 75' lang='grc' dir='ltr'><strong>καὶ</strong></span> <span class='ocrx_word' id='word_1_118' title='bbox 3218 395 3593 467; x_wconf 78' lang='grc' dir='ltr'>ἡνεῳγμένους</span> 
     </span>
    </p>
   </div>
   <div class='ocr_carea' id='block_1_18' title="bbox 2029 488 3595 564">
    <p class='ocr_par' dir='ltr' id='par_1_18' title="bbox 2029 488 3595 564">
     <span class='ocr_line' id='line_1_18' title="bbox 2029 488 3595 564; baseline -0.006 -17"><span class='ocrx_word' id='word_1_119' title='bbox 2029 494 2167 564; x_wconf 74' lang='grc' dir='ltr'>ἔχων</span> <span class='ocrx_word' id='word_1_120' title='bbox 2191 495 2317 558; x_wconf 74' lang='grc' dir='ltr'>τοὺς</span> <span class='ocrx_word' id='word_1_121' title='bbox 2344 494 2489 547; x_wconf 77' lang='grc' dir='ltr'>ἔνδον</span> <span class='ocrx_word' id='word_1_122' title='bbox 2516 494 2825 564; x_wconf 81' lang='grc' dir='ltr'>ὀφθαλμοὺς</span> <span class='ocrx_word' id='word_1_123' title='bbox 2847 532 2860 556; x_wconf 91' lang='grc'><strong>,</strong></span> <span class='ocrx_word' id='word_1_124' title='bbox 2892 493 2986 547; x_wconf 70' lang='grc' dir='ltr'>καὶ</span> <span class='ocrx_word' id='word_1_125' title='bbox 3019 489 3171 554; x_wconf 80' lang='grc' dir='ltr'>εἰδὼς</span> <span class='ocrx_word' id='word_1_126' title='bbox 3194 531 3209 553; x_wconf 94' lang='grc'><strong>,</strong></span> <span class='ocrx_word' id='word_1_127' title='bbox 3239 490 3320 542; x_wconf 80' lang='grc' dir='ltr'>ὃτι</span> <span class='ocrx_word' id='word_1_128' title='bbox 3347 488 3595 559; x_wconf 74' lang='grc' dir='ltr'><strong>χαίρουσι</strong></span> 
     </span>
    </p>
   </div>
   <div class='ocr_carea' id='block_1_19' title="bbox 2028 577 3596 656">
    <p class='ocr_par' dir='ltr' id='par_1_19' title="bbox 2028 577 3596 656">
     <span class='ocr_line' id='line_1_19' title="bbox 2028 577 3596 656; baseline -0.005 -19"><span class='ocrx_word' id='word_1_129' title='bbox 2028 587 2094 655; x_wconf 84' lang='grc' dir='ltr'>τῇ</span> <span class='ocrx_word' id='word_1_130' title='bbox 2124 583 2324 637; x_wconf 80' lang='grc' dir='ltr'><strong>πτώσει</strong></span> <span class='ocrx_word' id='word_1_131' title='bbox 2360 584 2470 637; x_wconf 90' lang='grc' dir='ltr'><strong>τῶν</strong></span> <span class='ocrx_word' id='word_1_132' title='bbox 2499 582 2798 656; x_wconf 84' lang='grc' dir='ltr'>ἀνθρώπων</span> <span class='ocrx_word' id='word_1_133' title='bbox 2827 582 2896 635; x_wconf 79' lang='grc' dir='ltr'><strong>τά</strong></span> <span class='ocrx_word' id='word_1_134' title='bbox 2927 581 3139 651; x_wconf 76' lang='grc' dir='ltr'>πονηρὰ</span> <span class='ocrx_word' id='word_1_135' title='bbox 3169 581 3473 648; x_wconf 84' lang='grc' dir='ltr'>πνεύματα,</span> <span class='ocrx_word' id='word_1_136' title='bbox 3502 577 3596 630; x_wconf 77' lang='grc' dir='ltr'><strong>καὶ</strong></span> 
     </span>
    </p>
   </div>
   <div class='ocr_carea' id='block_1_20' title="bbox 2031 666 3596 745">
    <p class='ocr_par' dir='ltr' id='par_1_20' title="bbox 2031 666 3596 745">
     <span class='ocr_line' id='line_1_20' title="bbox 2031 666 3596 745; baseline -0.005 -18"><span class='ocrx_word' id='word_1_137' title='bbox 2031 675 2193 727; x_wconf 87' lang='grc' dir='ltr'>πάλιν</span> <span class='ocrx_word' id='word_1_138' title='bbox 2219 672 2630 728; x_wconf 81' lang='grc' dir='ltr'>ἀντιλυποῢνται</span> <span class='ocrx_word' id='word_1_139' title='bbox 2657 672 2943 745; x_wconf 78' lang='grc' dir='ltr'>ἡττώμενα</span> <span class='ocrx_word' id='word_1_140' title='bbox 2968 671 3060 723; x_wconf 81' lang='grc' dir='ltr'>ἐπὶ</span> <span class='ocrx_word' id='word_1_141' title='bbox 3092 673 3158 740; x_wconf 79' lang='grc' dir='ltr'>τῇ</span> <span class='ocrx_word' id='word_1_142' title='bbox 3185 667 3461 741; x_wconf 78' lang='grc' dir='ltr'><strong>διορθώσει</strong></span> <span class='ocrx_word' id='word_1_143' title='bbox 3489 666 3596 719; x_wconf 90' lang='grc' dir='ltr'><strong>τῶν</strong></span> 
     </span>
    </p>
   </div>
   <div class='ocr_carea' id='block_1_21' title="bbox 2031 761 3595 839">
    <p class='ocr_par' dir='ltr' id='par_1_21' title="bbox 2031 761 3595 839">
     <span class='ocr_line' id='line_1_21' title="bbox 2031 761 3595 839; baseline -0.006 -18"><span class='ocrx_word' id='word_1_144' title='bbox 2031 765 2350 839; x_wconf 85' lang='grc' dir='ltr'>ἀνθρώπων,</span> <span class='ocrx_word' id='word_1_145' title='bbox 2368 767 2586 830; x_wconf 85' lang='grc' dir='ltr'>πάντως</span> <span class='ocrx_word' id='word_1_146' title='bbox 2609 767 2689 819; x_wconf 82' lang='grc' dir='ltr'>ὅτι</span> <span class='ocrx_word' id='word_1_147' title='bbox 2721 763 2925 835; x_wconf 80' lang='grc' dir='ltr'>νοητῶς</span> <span class='ocrx_word' id='word_1_148' title='bbox 2950 763 3049 827; x_wconf 81' lang='grc' dir='ltr'>τὰς</span> <span class='ocrx_word' id='word_1_149' title='bbox 3071 765 3189 817; x_wconf 85' lang='grc' dir='ltr'>κατ’</span> <span class='ocrx_word' id='word_1_150' title='bbox 3218 761 3392 817; x_wconf 83' lang='grc' dir='ltr'>αὐτῶν</span> <span class='ocrx_word' id='word_1_151' title='bbox 3426 777 3595 831; x_wconf 84' lang='grc' dir='ltr'>προσ-</span> 
     </span>
    </p>
   </div>
   <div class='ocr_carea' id='block_1_22' title="bbox 2031 849 3599 930">
    <p class='ocr_par' dir='ltr' id='par_1_22' title="bbox 2031 849 3599 930">
     <span class='ocr_line' id='line_1_22' title="bbox 2031 849 3599 930; baseline -0.006 -18"><span class='ocrx_word' id='word_1_152' title='bbox 2031 858 2195 930; x_wconf 84' lang='grc' dir='ltr'>ευχὰς</span> <span class='ocrx_word' id='word_1_153' title='bbox 2231 862 2481 924; x_wconf 74' lang='grc' dir='ltr'>ἐποιεῖτο,</span> <span class='ocrx_word' id='word_1_154' title='bbox 2514 858 2578 911; x_wconf 83' lang='grc' dir='ltr'><strong>ὲκ</strong></span> <span class='ocrx_word' id='word_1_155' title='bbox 2605 856 2713 910; x_wconf 89' lang='grc' dir='ltr'><strong>τῶν</strong></span> <span class='ocrx_word' id='word_1_156' title='bbox 2744 854 3012 924; x_wconf 74' lang='grc' dir='ltr'><strong>αἰσθητῶν</strong></span> <span class='ocrx_word' id='word_1_157' title='bbox 3064 853 3269 924; x_wconf 75' lang='grc' dir='ltr'>ἐχθρῶν</span> <span class='ocrx_word' id='word_1_158' title='bbox 3301 851 3437 924; x_wconf 79' lang='grc' dir='ltr'>πρὸς</span> <span class='ocrx_word' id='word_1_159' title='bbox 3460 849 3599 903; x_wconf 83' lang='grc' dir='ltr'><strong>αὑτὰ</strong></span> 
     </span>
    </p>
   </div>
   <div class='ocr_carea' id='block_1_23' title="bbox 2035 940 3597 1018">
    <p class='ocr_par' dir='ltr' id='par_1_23' title="bbox 2035 940 3597 1018">
     <span class='ocr_line' id='line_1_23' title="bbox 2035 940 3597 1018; baseline -0.004 -19"><span class='ocrx_word' id='word_1_160' title='bbox 2035 945 2517 1018; x_wconf 89' lang='grc' dir='ltr'>μεταϐαλλόμενος.</span> <span class='ocrx_word' id='word_1_161' title='bbox 2563 947 2627 999; x_wconf 82' lang='grc' dir='ltr'><strong>Εἰ</strong></span> <span class='ocrx_word' id='word_1_162' title='bbox 2656 944 2763 1017; x_wconf 88' lang='grc' dir='ltr'>γὰρ</span> <span class='ocrx_word' id='word_1_163' title='bbox 2795 944 2867 1016; x_wconf 86' lang='grc' dir='ltr'><strong>μὴ</strong></span> <span class='ocrx_word' id='word_1_164' title='bbox 2896 943 3036 997; x_wconf 84' lang='grc' dir='ltr'>κατὰ</span> <span class='ocrx_word' id='word_1_165' title='bbox 3071 942 3255 995; x_wconf 83' lang='grc' dir='ltr'>τοῦτον</span> <span class='ocrx_word' id='word_1_166' title='bbox 3278 941 3369 995; x_wconf 79' lang='grc' dir='ltr'>τὸν</span> <span class='ocrx_word' id='word_1_167' title='bbox 3396 940 3597 1012; x_wconf 84' lang='grc' dir='ltr'>τρόπον</span> 
     </span>
    </p>
   </div>
   <div class='ocr_carea' id='block_1_24' title="bbox 2031 1033 3601 1110">
    <p class='ocr_par' dir='ltr' id='par_1_24' title="bbox 2031 1033 3601 1110">
     <span class='ocr_line' id='line_1_24' title="bbox 2031 1033 3601 1110; baseline -0.004 -18"><span class='ocrx_word' id='word_1_168' title='bbox 2031 1038 2350 1110; x_wconf 76' lang='grc' dir='ltr'>ὲκλάϐωμεν</span> <span class='ocrx_word' id='word_1_169' title='bbox 2373 1040 2461 1092; x_wconf 84' lang='grc' dir='ltr'><strong>τὸν</strong></span> <span class='ocrx_word' id='word_1_170' title='bbox 2486 1039 2683 1092; x_wconf 83' lang='grc' dir='ltr'>σκοπὸν</span> <span class='ocrx_word' id='word_1_171' title='bbox 2705 1038 2812 1090; x_wconf 89' lang='grc' dir='ltr'><strong>τῶν</strong></span> <span class='ocrx_word' id='word_1_172' title='bbox 2840 1037 3151 1110; x_wconf 80' lang='grc' dir='ltr'>προφητῶν,</span> <span class='ocrx_word' id='word_1_173' title='bbox 3174 1037 3234 1089; x_wconf 85' lang='grc' dir='ltr'><strong>οὐ</strong></span> <span class='ocrx_word' id='word_1_174' title='bbox 3265 1034 3422 1106; x_wconf 86' lang='grc' dir='ltr'>μόνον</span> <span class='ocrx_word' id='word_1_175' title='bbox 3450 1033 3601 1087; x_wconf 78' lang='grc' dir='ltr'>οὐδε-</span> 
     </span>
    </p>
   </div>
   <div class='ocr_carea' id='block_1_25' title="bbox 2036 1123 3599 1201">
    <p class='ocr_par' dir='ltr' id='par_1_25' title="bbox 2036 1123 3599 1201">
     <span class='ocr_line' id='line_1_25' title="bbox 2036 1123 3599 1201; baseline -0.001 -20"><span class='ocrx_word' id='word_1_176' title='bbox 2036 1129 2164 1201; x_wconf 95' lang='grc' dir='ltr'>μίαν</span> <span class='ocrx_word' id='word_1_177' title='bbox 2192 1130 2476 1201; x_wconf 75' lang='grc' dir='ltr'>οἰκοδομὴν</span> <span class='ocrx_word' id='word_1_178' title='bbox 2516 1132 2579 1183; x_wconf 81' lang='grc' dir='ltr'>ἐκ</span> <span class='ocrx_word' id='word_1_179' title='bbox 2608 1129 2716 1182; x_wconf 91' lang='grc' dir='ltr'><strong>τῶν</strong></span> <span class='ocrx_word' id='word_1_180' title='bbox 2756 1131 2887 1200; x_wconf 74' lang='grc' dir='ltr'>παρ’</span> <span class='ocrx_word' id='word_1_181' title='bbox 2920 1129 3101 1193; x_wconf 82' lang='grc' dir='ltr'>αὐτοῖς</span> <span class='ocrx_word' id='word_1_182' title='bbox 3128 1126 3428 1199; x_wconf 74' lang='grc' dir='ltr'>εἰρημένων</span> <span class='ocrx_word' id='word_1_183' title='bbox 3461 1123 3599 1196; x_wconf 66' lang='grc' dir='ltr'>πρὸς</span> 
     </span>
    </p>
   </div>
   <div class='ocr_carea' id='block_1_26' title="bbox 2033 1217 3602 1294">
    <p class='ocr_par' dir='ltr' id='par_1_26' title="bbox 2033 1217 3602 1294">
     <span class='ocr_line' id='line_1_26' title="bbox 2033 1217 3602 1294; baseline -0.004 -19"><span class='ocrx_word' id='word_1_184' title='bbox 2033 1222 2225 1293; x_wconf 83' lang='grc' dir='ltr'>κτῆσιν</span> <span class='ocrx_word' id='word_1_185' title='bbox 2277 1223 2580 1294; x_wconf 85' lang='grc' dir='ltr'>πραότητος</span> <span class='ocrx_word' id='word_1_186' title='bbox 2636 1221 2862 1291; x_wconf 73' lang='grc' dir='ltr'>ἕξομεν,</span> <span class='ocrx_word' id='word_1_187' title='bbox 2934 1218 3067 1272; x_wconf 84' lang='grc' dir='ltr'>ἀλλὰ</span> <span class='ocrx_word' id='word_1_188' title='bbox 3093 1220 3187 1273; x_wconf 74' lang='grc' dir='ltr'>καὶ</span> <span class='ocrx_word' id='word_1_189' title='bbox 3234 1217 3470 1289; x_wconf 75' lang='grc' dir='ltr'><strong>σκληρὰν</strong></span> <span class='ocrx_word' id='word_1_190' title='bbox 3518 1233 3602 1269; x_wconf 86' lang='grc' dir='ltr'>τι-</span> 
     </span>
    </p>
   </div>
   <div class='ocr_carea' id='block_1_27' title="bbox 2032 1308 3599 1382">
    <p class='ocr_par' dir='ltr' id='par_1_27' title="bbox 2032 1308 3599 1382">
     <span class='ocr_line' id='line_1_27' title="bbox 2032 1308 3599 1382; baseline -0.002 -18"><span class='ocrx_word' id='word_1_191' title='bbox 2032 1328 2098 1365; x_wconf 92' lang='grc' dir='ltr'><strong>να</strong></span> <span class='ocrx_word' id='word_1_192' title='bbox 2118 1312 2211 1365; x_wconf 78' lang='grc' dir='ltr'><strong>καὶ</strong></span> <span class='ocrx_word' id='word_1_193' title='bbox 2231 1313 2477 1366; x_wconf 75' lang='grc' dir='ltr'>ἐναντίαν</span> <span class='ocrx_word' id='word_1_194' title='bbox 2500 1313 2600 1382; x_wconf 77' lang='grc' dir='ltr'>τῆς</span> <span class='ocrx_word' id='word_1_195' title='bbox 2620 1312 2980 1382; x_wconf 85' lang='grc' dir='ltr'>εὐαγγελικῆς</span> <span class='ocrx_word' id='word_1_196' title='bbox 3001 1310 3342 1373; x_wconf 81' lang='grc' dir='ltr'><strong>διδασκαλίας</strong></span> <span class='ocrx_word' id='word_1_197' title='bbox 3364 1308 3599 1363; x_wconf 80' lang='grc' dir='ltr'>διάθεσιν</span> 
     </span>
    </p>
   </div>
   <div class='ocr_carea' id='block_1_28' title="bbox 2032 1399 3597 1476">
    <p class='ocr_par' dir='ltr' id='par_1_28' title="bbox 2032 1399 3597 1476">
     <span class='ocr_line' id='line_1_28' title="bbox 2032 1399 3597 1476; baseline -0.003 -19"><span class='ocrx_word' id='word_1_198' title='bbox 2032 1404 2415 1475; x_wconf 80' lang='grc' dir='ltr'>ἀναληψόμεθα</span> <span class='ocrx_word' id='word_1_199' title='bbox 2434 1407 2498 1458; x_wconf 74' lang='grc' dir='ltr'>ἐκ</span> <span class='ocrx_word' id='word_1_200' title='bbox 2517 1404 2611 1458; x_wconf 82' lang='grc' dir='ltr'>τοῦ</span> <span class='ocrx_word' id='word_1_201' title='bbox 2634 1404 2992 1476; x_wconf 80' lang='grc' dir='ltr'>κατεύχεσθαι</span> <span class='ocrx_word' id='word_1_202' title='bbox 3010 1402 3217 1474; x_wconf 82' lang='grc' dir='ltr'>συχνῶς</span> <span class='ocrx_word' id='word_1_203' title='bbox 3237 1401 3342 1455; x_wconf 88' lang='grc' dir='ltr'><strong>τῶν</strong></span> <span class='ocrx_word' id='word_1_204' title='bbox 3368 1399 3597 1472; x_wconf 76' lang='grc' dir='ltr'>ἐχθρῶν,</span> 
     </span>
    </p>
   </div>
   <div class='ocr_carea' id='block_1_29' title="bbox 2033 1489 3598 1568">
    <p class='ocr_par' dir='ltr' id='par_1_29' title="bbox 2033 1489 3598 1568">
     <span class='ocr_line' id='line_1_29' title="bbox 2033 1489 3598 1568; baseline -0.004 -20"><span class='ocrx_word' id='word_1_205' title='bbox 2033 1496 2126 1548; x_wconf 60' lang='grc' dir='ltr'><strong>καὶ⁸</strong></span> <span class='ocrx_word' id='word_1_206' title='bbox 2175 1495 2248 1566; x_wconf 82' lang='grc' dir='ltr'>μὴ</span> <span class='ocrx_word' id='word_1_207' title='bbox 2296 1496 2513 1567; x_wconf 77' lang='grc' dir='ltr'>ἀγαπᾷν</span> <span class='ocrx_word' id='word_1_208' title='bbox 2533 1512 2547 1525; x_wconf 72' lang='grc'><strong>⁸</strong></span> <span class='ocrx_word' id='word_1_209' title='bbox 2597 1497 2943 1568; x_wconf 86' lang='grc' dir='ltr'>μυριοντάκις</span> <span class='ocrx_word' id='word_1_210' title='bbox 2974 1495 3221 1563; x_wconf 83' lang='grc' dir='ltr'>λέγοντος</span> <span class='ocrx_word' id='word_1_211' title='bbox 3272 1490 3365 1545; x_wconf 82' lang='grc' dir='ltr'>τοῦ</span> <span class='ocrx_word' id='word_1_212' title='bbox 3417 1489 3598 1550; x_wconf 79' lang='grc' dir='ltr'>Δαυῒδ,</span> 
     </span>
    </p>
   </div>
   <div class='ocr_carea' id='block_1_30' title="bbox 2029 1580 3602 1657">
    <p class='ocr_par' dir='ltr' id='par_1_30' title="bbox 2029 1580 3602 1657">
     <span class='ocr_line' id='line_1_30' title="bbox 2029 1580 3602 1657; baseline -0.005 -16"><span class='ocrx_word' id='word_1_213' title='bbox 2029 1587 2516 1657; x_wconf 78' lang='grc' dir='ltr'>Αἱσχυνθείησαν</span> <span class='ocrx_word' id='word_1_214' title='bbox 2530 1588 2627 1641; x_wconf 80' lang='grc' dir='ltr'>καὶ</span> <span class='ocrx_word' id='word_1_215' title='bbox 2647 1587 3085 1655; x_wconf 78' lang='grc' dir='ltr'>ἐντραπειησαν</span> <span class='ocrx_word' id='word_1_216' title='bbox 3098 1583 3316 1649; x_wconf 80' lang='grc' dir='ltr'>πάντες</span> <span class='ocrx_word' id='word_1_217' title='bbox 3331 1585 3383 1637; x_wconf 82' lang='grc' dir='ltr'>οι</span> <span class='ocrx_word' id='word_1_218' title='bbox 3401 1580 3602 1650; x_wconf 82' lang='grc' dir='ltr'>ἐχθροί</span> 
     </span>
    </p>
   </div>
   <div class='ocr_carea' id='block_1_31' title="bbox 2025 1671 3601 1747">
    <p class='ocr_par' dir='ltr' id='par_1_31' title="bbox 2025 1671 3601 1747">
     <span class='ocr_line' id='line_1_31' title="bbox 2025 1671 3601 1747; baseline -0.005 -16"><span class='ocrx_word' id='word_1_219' title='bbox 2025 1694 2175 1746; x_wconf 80' lang='grc' dir='ltr'>μου,</span> <span class='ocrx_word' id='word_1_220' title='bbox 2235 1678 2333 1731; x_wconf 83' lang='grc' dir='ltr'>καὶ</span> <span class='ocrx_word' id='word_1_221' title='bbox 2361 1676 2448 1747; x_wconf 82' lang='grc' dir='ltr'>μὴ</span> <span class='ocrx_word' id='word_1_222' title='bbox 2493 1678 2886 1746; x_wconf 79' lang='grc' dir='ltr'>αὶσχυνθείην</span> <span class='ocrx_word' id='word_1_223' title='bbox 2918 1676 3051 1747; x_wconf 64' lang='grc' dir='ltr'>ἐγώ.</span> <span class='ocrx_word' id='word_1_224' title='bbox 3088 1674 3272 1730; x_wconf 85' lang='grc' dir='ltr'>Ταῦτα</span> <span class='ocrx_word' id='word_1_225' title='bbox 3294 1674 3351 1727; x_wconf 79' lang='grc' dir='ltr'>δὲ</span> <span class='ocrx_word' id='word_1_226' title='bbox 3390 1672 3491 1726; x_wconf 82' lang='grc' dir='ltr'>οὐκ</span> <span class='ocrx_word' id='word_1_227' title='bbox 3534 1671 3601 1723; x_wconf 83' lang='grc' dir='ltr'>ἂν</span> 
     </span>
    </p>
   </div>
   <div class='ocr_carea' id='block_1_32' title="bbox 365 1762 1931 1840">
    <p class='ocr_par' dir='ltr' id='par_1_32' title="bbox 365 1765 1931 1836">
     <span class='ocr_line' id='line_1_32' title="bbox 365 1765 1931 1836; baseline 0.003 -18"><span class='ocrx_word' id='word_1_228' title='bbox 365 1774 415 1818; x_wconf 80' lang='lat' dir='ltr'><strong>et</strong></span> <span class='ocrx_word' id='word_1_229' title='bbox 449 1780 552 1817; x_wconf 84' lang='lat' dir='ltr'><strong>non</strong></span> <span class='ocrx_word' id='word_1_230' title='bbox 591 1765 887 1834; x_wconf 77' lang='lat' dir='ltr'><strong>confundar</strong></span> <span class='ocrx_word' id='word_1_231' title='bbox 926 1782 1039 1836; x_wconf 68' lang='lat' dir='ltr'><strong>ego.</strong></span> <span class='ocrx_word' id='word_1_232' title='bbox 1085 1766 1296 1822; x_wconf 85' lang='lat' dir='ltr'><strong>Similia</strong></span> <span class='ocrx_word' id='word_1_233' title='bbox 1336 1768 1480 1822; x_wconf 87' lang='lat' dir='ltr'><strong>enim</strong></span> <span class='ocrx_word' id='word_1_234' title='bbox 1538 1782 1606 1822; x_wconf 90' lang='lat' dir='ltr'><strong>ne</strong></span> <span class='ocrx_word' id='word_1_235' title='bbox 1648 1767 1931 1823; x_wconf 87' lang='lat' dir='ltr'><strong>credamus</strong></span> 
     </span>
    </p>
   </div>
   <div class='ocr_carea' id='block_1_33' title="bbox 2042 1762 3601 1840">
    <p class='ocr_par' dir='ltr' id='par_1_33' title="bbox 2042 1762 3601 1840">
     <span class='ocr_line' id='line_1_33' title="bbox 2042 1762 3601 1840; baseline -0.004 -20"><span class='ocrx_word' id='word_1_236' title='bbox 2042 1767 2381 1840; x_wconf 80' lang='grc' dir='ltr'>πεισθείημεν</span> <span class='ocrx_word' id='word_1_237' title='bbox 2410 1767 2583 1832; x_wconf 75' lang='grc' dir='ltr'>οὕτως</span> <span class='ocrx_word' id='word_1_238' title='bbox 2614 1768 2892 1840; x_wconf 74' lang='grc' dir='ltr'>εἰρηκέναι</span> <span class='ocrx_word' id='word_1_239' title='bbox 2939 1767 3136 1839; x_wconf 78' lang='grc' dir='ltr'>ἄνδρας</span> <span class='ocrx_word' id='word_1_240' title='bbox 3174 1764 3453 1837; x_wconf 83' lang='grc' dir='ltr'>προφήτας</span> <span class='ocrx_word' id='word_1_241' title='bbox 3504 1762 3601 1814; x_wconf 74' lang='grc' dir='ltr'><strong>καὶ</strong></span> 
     </span>
    </p>
   </div>
   <div class='ocr_carea' id='block_1_34' title="bbox 365 1856 1930 1928">
    <p class='ocr_par' dir='ltr' id='par_1_34' title="bbox 365 1856 1930 1928">
     <span class='ocr_line' id='line_1_34' title="bbox 365 1856 1930 1928; baseline 0.004 -19"><span class='ocrx_word' id='word_1_242' title='bbox 365 1856 569 1912; x_wconf 78' lang='lat' dir='ltr'><strong>dixisse</strong></span> <span class='ocrx_word' id='word_1_243' title='bbox 613 1857 759 1911; x_wconf 81' lang='lat' dir='ltr'><strong>viros</strong></span> <span class='ocrx_word' id='word_1_244' title='bbox 803 1858 1090 1927; x_wconf 88' lang='lat' dir='ltr'><strong>pr0phetas</strong></span> <span class='ocrx_word' id='word_1_245' title='bbox 1133 1868 1187 1913; x_wconf 92' lang='lat' dir='ltr'><strong>et</strong></span> <span class='ocrx_word' id='word_1_246' title='bbox 1233 1860 1438 1915; x_wconf 90' lang='lat' dir='ltr'><strong>amicos</strong></span> <span class='ocrx_word' id='word_1_247' title='bbox 1471 1859 1564 1914; x_wconf 90' lang='lat' dir='ltr'><strong>Dei</strong></span> <span class='ocrx_word' id='word_1_248' title='bbox 1615 1859 1724 1914; x_wconf 88' lang='lat' dir='ltr'><strong>alio</strong></span> <span class='ocrx_word' id='word_1_249' title='bbox 1766 1875 1930 1928; x_wconf 88' lang='lat' dir='ltr'><strong>quam</strong></span> 
     </span>
    </p>
   </div>
   <div class='ocr_carea' id='block_1_35' title="bbox 367 1948 1935 2023">
    <p class='ocr_par' dir='ltr' id='par_1_35' title="bbox 367 1948 1935 2023">
     <span class='ocr_line' id='line_1_35' title="bbox 367 1948 1935 2023; baseline 0.003 -20"><span class='ocrx_word' id='word_1_250' title='bbox 367 1948 616 2018; x_wconf 64' lang='lat' dir='ltr'><strong>Superius</strong></span> <span class='ocrx_word' id='word_1_251' title='bbox 645 1964 673 2001; x_wconf 87' lang='lat' dir='ltr'><strong>a</strong></span> <span class='ocrx_word' id='word_1_252' title='bbox 702 1951 858 2006; x_wconf 91' lang='lat' dir='ltr'><strong>nobis</strong></span> <span class='ocrx_word' id='word_1_253' title='bbox 881 1952 1148 2020; x_wconf 83' lang='lat' dir='ltr'><strong>explicato</strong></span> <span class='ocrx_word' id='word_1_254' title='bbox 1172 1968 1342 2008; x_wconf 87' lang='lat' dir='ltr'><strong>more.</strong></span> <span class='ocrx_word' id='word_1_255' title='bbox 1376 1951 1552 2022; x_wconf 84' lang='lat' dir='ltr'><strong>Atque</strong></span> <span class='ocrx_word' id='word_1_256' title='bbox 1574 1953 1646 2007; x_wconf 91' lang='lat' dir='ltr'><strong>ita</strong></span> <span class='ocrx_word' id='word_1_257' title='bbox 1672 1952 1935 2023; x_wconf 81' lang='lat' dir='ltr'><strong>intelligat</strong></span> 
     </span>
    </p>
   </div>
   <div class='ocr_carea' id='block_1_36' title="bbox 368 2038 1932 2111">
    <p class='ocr_par' dir='ltr' id='par_1_36' title="bbox 368 2038 1932 2111">
     <span class='ocr_line' id='line_1_36' title="bbox 368 2038 1932 2111; baseline 0.004 -20"><span class='ocrx_word' id='word_1_258' title='bbox 368 2046 583 2106; x_wconf 78' lang='lat' dir='ltr'><strong>oportet</strong></span> <span class='ocrx_word' id='word_1_259' title='bbox 628 2038 710 2093; x_wconf 86' lang='lat' dir='ltr'><strong>vir</strong></span> <span class='ocrx_word' id='word_1_260' title='bbox 766 2041 999 2111; x_wconf 89' lang='lat' dir='ltr'><strong>quisque</strong></span> <span class='ocrx_word' id='word_1_261' title='bbox 1039 2042 1262 2097; x_wconf 89' lang='lat' dir='ltr'><strong>sedulus</strong></span> <span class='ocrx_word' id='word_1_262' title='bbox 1302 2057 1366 2097; x_wconf 91' lang='lat' dir='ltr'><strong>ac</strong></span> <span class='ocrx_word' id='word_1_263' title='bbox 1406 2041 1708 2108; x_wconf 87' lang='lat' dir='ltr'><strong>studiosus,</strong></span> <span class='ocrx_word' id='word_1_264' title='bbox 1756 2043 1932 2099; x_wconf 89' lang='lat' dir='ltr'><strong>sicubi</strong></span> 
     </span>
    </p>
   </div>
   <div class='ocr_carea' id='block_1_37' title="bbox 369 2133 1930 2204">
    <p class='ocr_par' dir='ltr' id='par_1_37' title="bbox 369 2133 1930 2204">
     <span class='ocr_line' id='line_1_37' title="bbox 369 2133 1930 2204; baseline 0.002 -18"><span class='ocrx_word' id='word_1_265' title='bbox 369 2133 752 2200; x_wconf 89' lang='lat' dir='ltr'><strong>imprecantem</strong></span> <span class='ocrx_word' id='word_1_266' title='bbox 778 2134 1109 2203; x_wconf 84' lang='lat' dir='ltr'><strong>prophetam</strong></span> <span class='ocrx_word' id='word_1_267' title='bbox 1152 2134 1413 2198; x_wconf 85' lang='lat' dir='ltr'><strong>inveniat,</strong></span> <span class='ocrx_word' id='word_1_268' title='bbox 1450 2134 1519 2189; x_wconf 87' lang='lat' dir='ltr'><strong>ab</strong></span> <span class='ocrx_word' id='word_1_269' title='bbox 1552 2134 1803 2190; x_wconf 88' lang='lat' dir='ltr'><strong>hostibus</strong></span> <span class='ocrx_word' id='word_1_270' title='bbox 1838 2135 1930 2204; x_wconf 79' lang='lat' dir='ltr'><strong>qui</strong></span> 
     </span>
    </p>
   </div>
   <div class='ocr_carea' id='block_1_38' title="bbox 369 2222 1928 2294">
    <p class='ocr_par' dir='ltr' id='par_1_38' title="bbox 369 2222 1928 2294">
     <span class='ocr_line' id='line_1_38' title="bbox 369 2222 1928 2294; baseline 0.001 -16"><span class='ocrx_word' id='word_1_271' title='bbox 369 2222 471 2278; x_wconf 74' lang='lat' dir='ltr'><strong>sub</strong></span> <span class='ocrx_word' id='word_1_272' title='bbox 502 2238 721 2279; x_wconf 88' lang='lat' dir='ltr'><strong>sensum</strong></span> <span class='ocrx_word' id='word_1_273' title='bbox 764 2224 964 2280; x_wconf 90' lang='lat' dir='ltr'><strong>cadunt</strong></span> <span class='ocrx_word' id='word_1_274' title='bbox 990 2224 1059 2279; x_wconf 88' lang='lat' dir='ltr'><strong>ad</strong></span> <span class='ocrx_word' id='word_1_275' title='bbox 1105 2225 1470 2294; x_wconf 73' lang='lat' dir='ltr'><strong>intelligibiles</strong></span> <span class='ocrx_word' id='word_1_276' title='bbox 1502 2224 1755 2280; x_wconf 89' lang='lat' dir='ltr'><strong>inimicos</strong></span> <span class='ocrx_word' id='word_1_277' title='bbox 1790 2222 1928 2281; x_wconf 77' lang='lat' dir='ltr'><strong>facta</strong></span> 
     </span>
    </p>
   </div>
   <div class='ocr_carea' id='block_1_39' title="bbox 2037 1855 3603 1932">
    <p class='ocr_par' dir='ltr' id='par_1_39' title="bbox 2037 1855 3603 1932">
     <span class='ocr_line' id='line_1_39' title="bbox 2037 1855 3603 1932; baseline -0.003 -19"><span class='ocrx_word' id='word_1_278' title='bbox 2037 1860 2221 1930; x_wconf 79' lang='grc' dir='ltr'>φίλους</span> <span class='ocrx_word' id='word_1_279' title='bbox 2241 1861 2396 1924; x_wconf 83' lang='grc' dir='ltr'>Θεοῦ,</span> <span class='ocrx_word' id='word_1_280' title='bbox 2424 1863 2472 1915; x_wconf 77' lang='grc' dir='ltr'>εἰ</span> <span class='ocrx_word' id='word_1_281' title='bbox 2497 1860 2571 1932; x_wconf 83' lang='grc' dir='ltr'>μὴ</span> <span class='ocrx_word' id='word_1_282' title='bbox 2590 1860 2667 1931; x_wconf 84' lang='grc' dir='ltr'>τῷ</span> <span class='ocrx_word' id='word_1_283' title='bbox 2693 1860 3073 1932; x_wconf 84' lang='grc' dir='ltr'>προειρημένῳ</span> <span class='ocrx_word' id='word_1_284' title='bbox 3091 1858 3294 1930; x_wconf 80' lang='grc' dir='ltr'>τρόπῳ.</span> <span class='ocrx_word' id='word_1_285' title='bbox 3319 1855 3474 1912; x_wconf 79' lang='grc' dir='ltr'>Οὕτω</span> <span class='ocrx_word' id='word_1_286' title='bbox 3492 1855 3603 1926; x_wconf 86' lang='grc' dir='ltr'>γὰρ</span> 
     </span>
    </p>
   </div>
   <div class='ocr_carea' id='block_1_40' title="bbox 2035 1946 3604 2023">
    <p class='ocr_par' dir='ltr' id='par_1_40' title="bbox 2035 1946 3604 2023">
     <span class='ocr_line' id='line_1_40' title="bbox 2035 1946 3604 2023; baseline -0.004 -18"><span class='ocrx_word' id='word_1_287' title='bbox 2035 1951 2142 2023; x_wconf 84' lang='grc' dir='ltr'><strong>χρὴ</strong></span> <span class='ocrx_word' id='word_1_288' title='bbox 2167 1953 2305 2005; x_wconf 89' lang='grc' dir='ltr'>νοεῖν</span> <span class='ocrx_word' id='word_1_289' title='bbox 2332 1950 2424 2005; x_wconf 80' lang='grc' dir='ltr'><strong>τὸν</strong></span> <span class='ocrx_word' id='word_1_290' title='bbox 2459 1950 2741 2022; x_wconf 85' lang='grc' dir='ltr'>φιλόπονον</span> <span class='ocrx_word' id='word_1_291' title='bbox 2761 1990 2776 2015; x_wconf 98' lang='grc'><strong>,</strong></span> <span class='ocrx_word' id='word_1_292' title='bbox 2824 1950 2951 2004; x_wconf 80' lang='grc' dir='ltr'>ἔνθα</span> <span class='ocrx_word' id='word_1_293' title='bbox 2976 1950 3041 2004; x_wconf 81' lang='grc' dir='ltr'>ἂν</span> <span class='ocrx_word' id='word_1_294' title='bbox 3074 1947 3426 2021; x_wconf 76' lang='grc' dir='ltr'>ἐπαρώμενον</span> <span class='ocrx_word' id='word_1_295' title='bbox 3453 1946 3604 2017; x_wconf 77' lang='grc' dir='ltr'>εὖροι</span> 
     </span>
    </p>
   </div>
   <div class='ocr_carea' id='block_1_41' title="bbox 2037 2037 3605 2115">
    <p class='ocr_par' dir='ltr' id='par_1_41' title="bbox 2037 2037 3605 2115">
     <span class='ocr_line' id='line_1_41' title="bbox 2037 2037 3605 2115; baseline -0.019 2"><span class='ocrx_word' id='word_1_296' title='bbox 2037 2043 2320 2115; x_wconf 82' lang='grc' dir='ltr'>προφήτην</span> <span class='ocrx_word' id='word_1_297' title='bbox 2340 2081 2355 2107; x_wconf 71' lang='grc' dir='ltr'><strong><em>ν</em></strong></span> <span class='ocrx_word' id='word_1_298' title='bbox 2383 2042 2475 2096; x_wconf 62' lang='grc' dir='ltr'><strong>ἐπὶ</strong></span> <span class='ocrx_word' id='word_1_299' title='bbox 2496 2043 2623 2107; x_wconf 77' lang='grc' dir='ltr'>τοὺς</span> <span class='ocrx_word' id='word_1_300' title='bbox 2647 2043 2868 2114; x_wconf 75' lang='grc' dir='ltr'>νοητοὺς</span> <span class='ocrx_word' id='word_1_301' title='bbox 2895 2041 3120 2114; x_wconf 78' lang='grc' dir='ltr'>ἐχθροὺς</span> <span class='ocrx_word' id='word_1_302' title='bbox 3142 2040 3249 2095; x_wconf 81' lang='grc' dir='ltr'>ἀπὸ</span> <span class='ocrx_word' id='word_1_303' title='bbox 3274 2040 3381 2093; x_wconf 88' lang='grc' dir='ltr'><strong>τῶν</strong></span> <span class='ocrx_word' id='word_1_304' title='bbox 3408 2037 3605 2106; x_wconf 79' lang='grc' dir='ltr'>αἰσθη-</span> 
     </span>
    </p>
   </div>
   <div class='ocr_carea' id='block_1_42' title="bbox 2036 2128 3603 2204">
    <p class='ocr_par' dir='ltr' id='par_1_42' title="bbox 2036 2128 3603 2204">
     <span class='ocr_line' id='line_1_42' title="bbox 2036 2128 3603 2204; baseline -0.002 -18"><span class='ocrx_word' id='word_1_305' title='bbox 2036 2132 2144 2187; x_wconf 88' lang='grc' dir='ltr'><strong>τῶν</strong></span> <span class='ocrx_word' id='word_1_306' title='bbox 2176 2133 2593 2204; x_wconf 87' lang='grc' dir='ltr'>μεταϐάλλοντα.</span> <span class='ocrx_word' id='word_1_307' title='bbox 2645 2134 2842 2189; x_wconf 76' lang='grc' dir='ltr'>Λοιπὸν</span> <span class='ocrx_word' id='word_1_308' title='bbox 2868 2134 2932 2204; x_wconf 84' lang='grc' dir='ltr'>δὴ</span> <span class='ocrx_word' id='word_1_309' title='bbox 2964 2130 3458 2203; x_wconf 75' lang='grc' dir='ltr'>κατασχολάζεσθαι</span> <span class='ocrx_word' id='word_1_310' title='bbox 3505 2128 3603 2183; x_wconf 77' lang='grc' dir='ltr'><strong>τὸν</strong></span> 
     </span>
    </p>
   </div>
   <div class='ocr_carea' id='block_1_43' title="bbox 2036 2226 3267 2299">
    <p class='ocr_par' dir='ltr' id='par_1_43' title="bbox 2036 2226 3267 2299">
     <span class='ocr_line' id='line_1_43' title="bbox 2036 2226 3267 2299; baseline 0.002 -21"><span class='ocrx_word' id='word_1_311' title='bbox 2036 2226 2281 2298; x_wconf 80' lang='grc' dir='ltr'>ἁσκητὴν</span> <span class='ocrx_word' id='word_1_312' title='bbox 2311 2227 2509 2290; x_wconf 83' lang='grc' dir='ltr'>παντὸς</span> <span class='ocrx_word' id='word_1_313' title='bbox 2534 2228 2773 2299; x_wconf 79' lang='grc' dir='ltr'>ῥήματος</span> <span class='ocrx_word' id='word_1_314' title='bbox 2798 2226 2897 2297; x_wconf 84' lang='grc' dir='ltr'><strong>τὴν</strong></span> <span class='ocrx_word' id='word_1_315' title='bbox 2921 2227 3267 2296; x_wconf 85' lang='grc' dir='ltr'>κατανόησιν.</span> 
     </span>
    </p>
   </div>
   <div class='ocr_carea' id='block_1_44' title="bbox 369 2313 2916 2389">
    <p class='ocr_par' dir='ltr' id='par_1_44' title="bbox 369 2313 2916 2389">
     <span class='ocr_line' id='line_1_44' title="bbox 369 2313 2916 2389; baseline 0.002 -22"><span class='ocrx_word' id='word_1_316' title='bbox 369 2313 744 2371; x_wconf 85' lang='lat' dir='ltr'><strong>translatione.</strong></span> <span class='ocrx_word' id='word_1_317' title='bbox 791 2314 1021 2371; x_wconf 88' lang='lat' dir='ltr'><strong>Dcmum</strong></span> <span class='ocrx_word' id='word_1_318' title='bbox 1054 2331 1251 2371; x_wconf 82' lang='lat' dir='ltr'><strong>vacare</strong></span> <span class='ocrx_word' id='word_1_319' title='bbox 1280 2324 1500 2387; x_wconf 84' lang='lat' dir='ltr'><strong>oportet</strong></span> <span class='ocrx_word' id='word_1_320' title='bbox 1544 2323 1786 2372; x_wconf 90' lang='lat' dir='ltr'><strong>ascetam</strong></span> <span class='ocrx_word' id='word_1_321' title='bbox 1835 2315 2171 2387; x_wconf 77' lang='lat' dir='ltr'><strong>singulorum</strong></span> <span class='ocrx_word' id='word_1_322' title='bbox 2205 2318 2494 2374; x_wconf 76' lang='lat' dir='ltr'><strong>verborum</strong></span> <span class='ocrx_word' id='word_1_323' title='bbox 2533 2317 2916 2389; x_wconf 68' lang='lat' dir='ltr'><strong>intelligentiae.</strong></span> 
     </span>
    </p>
   </div>
   <div class='ocr_carea' id='block_1_45' title="bbox 439 2480 997 2553">
    <p class='ocr_par' dir='ltr' id='par_1_45' title="bbox 439 2480 997 2553">
     <span class='ocr_line' id='line_1_45' title="bbox 439 2480 997 2553; baseline 0.013 -19"><span class='ocrx_word' id='word_1_324' title='bbox 439 2480 486 2513; x_wconf 81' lang='grc'><strong>⁸³</strong></span> <span class='ocrx_word' id='word_1_325' title='bbox 526 2481 668 2538; x_wconf 84' lang='lat' dir='ltr'><strong>Psal.</strong></span> <span class='ocrx_word' id='word_1_326' title='bbox 723 2499 909 2553; x_wconf 63' lang='grc' dir='ltr'>χχχιιι,</span> <span class='ocrx_word' id='word_1_327' title='bbox 940 2486 997 2541; x_wconf 72' lang='grc'>4.</span> 
     </span>
    </p>
   </div>
   <div class='ocr_carea' id='block_1_46' title="bbox 397 2673 3568 2703">
    <p class='ocr_par' dir='ltr' id='par_1_46' title="bbox 397 2673 3568 2703">
     <span class='ocr_line' id='line_1_46' title="bbox 397 2673 3568 2703; baseline 0.002 -9"><span class='ocrx_word' id='word_1_328' title='bbox 397 2673 3568 2703; x_wconf 61' lang='lat' dir='ltr'><em>W</em></span> 
     </span>
    </p>
   </div>
   <div class='ocr_carea' id='block_1_47' title="bbox 1055 2748 2913 3059">
    <p class='ocr_par' dir='ltr' id='par_1_47' title="bbox 1055 2748 2913 3059">
     <span class='ocr_line' id='line_1_47' title="bbox 1055 2748 2913 3059; baseline -0.004 -49"><span class='ocrx_word' id='word_1_329' title='bbox 1055 2850 1732 3010; x_wconf 86' lang='lat' dir='ltr'><strong>SANCTI</strong></span> <span class='ocrx_word' id='word_1_330' title='bbox 1882 2748 2913 3008; x_wconf 89' lang='lat' dir='ltr'><strong>ATHANASII</strong></span> 
     </span>
    </p>
   </div>
   <div class='ocr_carea' id='block_1_48' title="bbox 1468 3161 2500 3222">
    <p class='ocr_par' dir='ltr' id='par_1_48' title="bbox 1468 3161 2500 3222">
     <span class='ocr_line' id='line_1_48' title="bbox 1468 3161 2500 3222; baseline -0.002 -1"><span class='ocrx_word' id='word_1_331' title='bbox 1468 3161 1995 3222; x_wconf 77' lang='lat' dir='ltr'><strong>ARCHIEPISCOPI</strong></span> <span class='ocrx_word' id='word_1_332' title='bbox 2030 3161 2500 3220; x_wconf 76' lang='lat' dir='ltr'><strong>ALEXANDle</strong></span> 
     </span>
    </p>
   </div>
   <div class='ocr_carea' id='block_1_49' title="bbox 811 3359 3157 3517">
    <p class='ocr_par' dir='ltr' id='par_1_49' title="bbox 811 3359 3157 3517">
     <span class='ocr_line' id='line_1_49' title="bbox 811 3359 3157 3517; baseline -0.001 -26"><span class='ocrx_word' id='word_1_333' title='bbox 811 3363 1957 3517; x_wconf 87' lang='lat' dir='ltr'><strong>EXPOSITIONES</strong></span> <span class='ocrx_word' id='word_1_334' title='bbox 2104 3364 2265 3490; x_wconf 88' lang='lat' dir='ltr'><strong>IN</strong></span> <span class='ocrx_word' id='word_1_335' title='bbox 2393 3359 3157 3493; x_wconf 87' lang='lat' dir='ltr'><strong>PSALMOS.</strong></span> 
     </span>
    </p>
   </div>
   <div class='ocr_carea' id='block_1_50' title="bbox 919 3751 1441 3809">
    <p class='ocr_par' dir='ltr' id='par_1_50' title="bbox 919 3751 1441 3809">
     <span class='ocr_line' id='line_1_50' title="bbox 919 3751 1441 3809; baseline -0.002 -1"><span class='ocrx_word' id='word_1_336' title='bbox 919 3751 1337 3809; x_wconf 77' lang='lat' dir='ltr'><strong>PSALMUS</strong></span> <span class='ocrx_word' id='word_1_337' title='bbox 1389 3752 1441 3808; x_wconf 91' lang='grc'>1.</span> 
     </span>
    </p>
   </div>
   <div class='ocr_carea' id='block_1_51' title="bbox 977 3844 1377 3915">
    <p class='ocr_par' dir='ltr' id='par_1_51' title="bbox 977 3844 1377 3915">
     <span class='ocr_line' id='line_1_51' title="bbox 977 3844 1377 3915; baseline 0 -19"><span class='ocrx_word' id='word_1_338' title='bbox 977 3844 1377 3915; x_wconf 80' lang='lat' dir='ltr'><strong>Argumentum.</strong></span> 
     </span>
    </p>
   </div>
   <div class='ocr_carea' id='block_1_52' title="bbox 375 3933 1940 4006">
    <p class='ocr_par' dir='ltr' id='par_1_52' title="bbox 375 3933 1940 4006">
     <span class='ocr_line' id='line_1_52' title="bbox 375 3933 1940 4006; baseline 0.001 -18"><span class='ocrx_word' id='word_1_339' title='bbox 375 3933 591 3989; x_wconf 79' lang='lat' dir='ltr'><strong>initium</strong></span> <span class='ocrx_word' id='word_1_340' title='bbox 633 3934 926 4005; x_wconf 62' lang='lat' dir='ltr'><strong>prophetiae</strong></span> <span class='ocrx_word' id='word_1_341' title='bbox 956 3935 1176 3991; x_wconf 86' lang='lat' dir='ltr'><strong>Christo</strong></span> <span class='ocrx_word' id='word_1_342' title='bbox 1216 3936 1286 3991; x_wconf 89' lang='lat' dir='ltr'><strong>ab</strong></span> <span class='ocrx_word' id='word_1_343' title='bbox 1328 3935 1448 4006; x_wconf 85' lang='lat' dir='ltr'><strong>ipso</strong></span> <span class='ocrx_word' id='word_1_344' title='bbox 1480 3933 1778 3991; x_wconf 89' lang='lat' dir='ltr'><strong>secundum</strong></span> <span class='ocrx_word' id='word_1_345' title='bbox 1817 3949 1940 3991; x_wconf 88' lang='lat' dir='ltr'><strong>car-</strong></span> 
     </span>
    </p>
   </div>
   <div class='ocr_carea' id='block_1_53' title="bbox 437 4026 1938 4097">
    <p class='ocr_par' dir='ltr' id='par_1_53' title="bbox 437 4026 1938 4097">
     <span class='ocr_line' id='line_1_53' title="bbox 437 4026 1938 4097; baseline 0.001 -16"><span class='ocrx_word' id='word_1_346' title='bbox 437 4041 559 4081; x_wconf 90' lang='lat' dir='ltr'><strong>nem</strong></span> <span class='ocrx_word' id='word_1_347' title='bbox 583 4027 859 4083; x_wconf 88' lang='lat' dir='ltr'><strong>nascituro</strong></span> <span class='ocrx_word' id='word_1_348' title='bbox 887 4027 1044 4083; x_wconf 81' lang='lat' dir='ltr'><strong>oﬂ‘ert</strong></span> <span class='ocrx_word' id='word_1_349' title='bbox 1070 4027 1258 4083; x_wconf 81' lang='lat' dir='ltr'><strong>David.</strong></span> <span class='ocrx_word' id='word_1_350' title='bbox 1283 4028 1646 4095; x_wconf 85' lang='lat' dir='ltr'><strong>Quamobrem</strong></span> <span class='ocrx_word' id='word_1_351' title='bbox 1670 4026 1724 4081; x_wconf 88' lang='lat' dir='ltr'><strong>in</strong></span> <span class='ocrx_word' id='word_1_352' title='bbox 1747 4026 1938 4097; x_wconf 84' lang='lat' dir='ltr'><strong>prim‘is</strong></span> 
     </span>
    </p>
   </div>
   <div class='ocr_carea' id='block_1_54' title="bbox 440 4119 1341 4191">
    <p class='ocr_par' dir='ltr' id='par_1_54' title="bbox 440 4119 1341 4191">
     <span class='ocr_line' id='line_1_54' title="bbox 440 4119 1341 4191; baseline 0.002 -18"><span class='ocrx_word' id='word_1_353' title='bbox 440 4119 627 4175; x_wconf 86' lang='lat' dir='ltr'><strong>beatos</strong></span> <span class='ocrx_word' id='word_1_354' title='bbox 650 4120 779 4176; x_wconf 88' lang='lat' dir='ltr'><strong>dicit</strong></span> <span class='ocrx_word' id='word_1_355' title='bbox 809 4121 900 4191; x_wconf 91' lang='lat' dir='ltr'><strong>qui</strong></span> <span class='ocrx_word' id='word_1_356' title='bbox 923 4129 1145 4191; x_wconf 85' lang='lat' dir='ltr'><strong>sperant</strong></span> <span class='ocrx_word' id='word_1_357' title='bbox 1173 4121 1228 4176; x_wconf 92' lang='lat' dir='ltr'><strong>in</strong></span> <span class='ocrx_word' id='word_1_358' title='bbox 1255 4136 1341 4177; x_wconf 92' lang='lat' dir='ltr'><strong>eo.</strong></span> 
     </span>
    </p>
   </div>
   <div class='ocr_carea' id='block_1_55' title="bbox 424 4207 1938 4282">
    <p class='ocr_par' dir='ltr' id='par_1_55' title="bbox 424 4207 1938 4282">
     <span class='ocr_line' id='line_1_55' title="bbox 424 4207 1938 4282; baseline 0.003 -18"><span class='ocrx_word' id='word_1_359' title='bbox 424 4207 666 4282; x_wconf 63' lang='lat' dir='ltr'><strong>:[Beatos</strong></span> <span class='ocrx_word' id='word_1_360' title='bbox 683 4221 861 4266; x_wconf 85' lang='lat' dir='ltr'><strong>autem</strong></span> <span class='ocrx_word' id='word_1_361' title='bbox 886 4222 1048 4268; x_wconf 87' lang='lat' dir='ltr'><strong>vocat</strong></span> <span class='ocrx_word' id='word_1_362' title='bbox 1068 4228 1165 4269; x_wconf 87' lang='lat' dir='ltr'><strong>eos</strong></span> <span class='ocrx_word' id='word_1_363' title='bbox 1189 4212 1283 4282; x_wconf 88' lang='lat' dir='ltr'><strong>qui</strong></span> <span class='ocrx_word' id='word_1_364' title='bbox 1315 4227 1424 4267; x_wconf 89' lang='lat' dir='ltr'><strong>non</strong></span> <span class='ocrx_word' id='word_1_365' title='bbox 1451 4212 1654 4267; x_wconf 86' lang='lat' dir='ltr'><strong>abeunt</strong></span> <span class='ocrx_word' id='word_1_366' title='bbox 1680 4212 1736 4266; x_wconf 92' lang='lat' dir='ltr'><strong>in</strong></span> <span class='ocrx_word' id='word_1_367' title='bbox 1756 4211 1938 4268; x_wconf 90' lang='lat' dir='ltr'><strong>consi-</strong></span> 
     </span>
    </p>
   </div>
   <div class='ocr_carea' id='block_1_56' title="bbox 370 4301 1935 4375">
    <p class='ocr_par' dir='ltr' id='par_1_56' title="bbox 370 4301 1935 4375">
     <span class='ocr_line' id='line_1_56' title="bbox 370 4301 1935 4375; baseline 0.003 -19"><span class='ocrx_word' id='word_1_368' title='bbox 370 4301 504 4356; x_wconf 87' lang='lat' dir='ltr'><strong>lium</strong></span> <span class='ocrx_word' id='word_1_369' title='bbox 538 4303 849 4372; x_wconf 86' lang='lat' dir='ltr'><strong>impiorum,</strong></span> <span class='ocrx_word' id='word_1_370' title='bbox 885 4319 1059 4374; x_wconf 89' lang='lat' dir='ltr'><strong>neque</strong></span> <span class='ocrx_word' id='word_1_371' title='bbox 1088 4313 1234 4359; x_wconf 85' lang='lat' dir='ltr'><strong>stant</strong></span> <span class='ocrx_word' id='word_1_372' title='bbox 1265 4304 1316 4358; x_wconf 92' lang='lat' dir='ltr'><strong>in</strong></span> <span class='ocrx_word' id='word_1_373' title='bbox 1348 4305 1435 4358; x_wconf 88' lang='lat' dir='ltr'><strong>via</strong></span> <span class='ocrx_word' id='word_1_374' title='bbox 1464 4312 1812 4375; x_wconf 88' lang='lat' dir='ltr'><strong>peccatorum</strong></span> <span class='ocrx_word' id='word_1_375' title='bbox 1837 4319 1935 4360; x_wconf 85' lang='lat' dir='ltr'><strong>ne-</strong></span> 
     </span>
    </p>
   </div>
   <div class='ocr_carea' id='block_1_57' title="bbox 371 4392 1936 4460">
    <p class='ocr_par' dir='ltr' id='par_1_57' title="bbox 371 4392 1936 4460">
     <span class='ocr_line' id='line_1_57' title="bbox 371 4392 1936 4460; baseline 0.001 -13"><span class='ocrx_word' id='word_1_376' title='bbox 371 4407 480 4460; x_wconf 87' lang='lat' dir='ltr'><strong>que</strong></span> <span class='ocrx_word' id='word_1_377' title='bbox 508 4392 696 4447; x_wconf 86' lang='lat' dir='ltr'><strong>sedent</strong></span> <span class='ocrx_word' id='word_1_378' title='bbox 735 4393 788 4446; x_wconf 90' lang='lat' dir='ltr'><strong>in</strong></span> <span class='ocrx_word' id='word_1_379' title='bbox 830 4394 1087 4448; x_wconf 83' lang='lat' dir='ltr'><strong>cathedra</strong></span> <span class='ocrx_word' id='word_1_380' title='bbox 1134 4393 1519 4460; x_wconf 87' lang='lat' dir='ltr'><strong>pestilentium.</strong></span> <span class='ocrx_word' id='word_1_381' title='bbox 1543 4393 1678 4449; x_wconf 89' lang='lat' dir='ltr'><strong>Nam</strong></span> <span class='ocrx_word' id='word_1_382' title='bbox 1707 4404 1816 4451; x_wconf 89' lang='lat' dir='ltr'><strong>tres</strong></span> <span class='ocrx_word' id='word_1_383' title='bbox 1846 4410 1936 4450; x_wconf 91' lang='lat' dir='ltr'><strong>or-</strong></span> 
     </span>
    </p>
   </div>
   <div class='ocr_carea' id='block_1_58' title="bbox 371 4479 1936 4551">
    <p class='ocr_par' dir='ltr' id='par_1_58' title="bbox 371 4479 1936 4551">
     <span class='ocr_line' id='line_1_58' title="bbox 371 4479 1936 4551; baseline 0.003 -17"><span class='ocrx_word' id='word_1_384' title='bbox 371 4479 528 4535; x_wconf 90' lang='lat' dir='ltr'><strong>dines</strong></span> <span class='ocrx_word' id='word_1_385' title='bbox 561 4482 699 4551; x_wconf 89' lang='lat' dir='ltr'><strong>apud</strong></span> <span class='ocrx_word' id='word_1_386' title='bbox 732 4480 944 4537; x_wconf 59' lang='lat' dir='ltr'><strong>Iudaeos</strong></span> <span class='ocrx_word' id='word_1_387' title='bbox 976 4491 1132 4537; x_wconf 89' lang='lat' dir='ltr'><strong>erant</strong></span> <span class='ocrx_word' id='word_1_388' title='bbox 1154 4492 1344 4539; x_wconf 86' lang='lat' dir='ltr'><strong>contra</strong></span> <span class='ocrx_word' id='word_1_389' title='bbox 1389 4483 1725 4540; x_wconf 88' lang='lat' dir='ltr'><strong>Salvatorem</strong></span> <span class='ocrx_word' id='word_1_390' title='bbox 1754 4485 1936 4540; x_wconf 90' lang='lat' dir='ltr'><strong>insur-</strong></span> 
     </span>
    </p>
   </div>
   <div class='ocr_carea' id='block_1_59' title="bbox 372 4568 1934 4647">
    <p class='ocr_par' dir='ltr' id='par_1_59' title="bbox 372 4568 1934 4647">
     <span class='ocr_line' id='line_1_59' title="bbox 372 4568 1934 4647; baseline 0.004 -22"><span class='ocrx_word' id='word_1_391' title='bbox 372 4582 580 4641; x_wconf 79' lang='lat' dir='ltr'><strong>gentes,</strong></span> <span class='ocrx_word' id='word_1_392' title='bbox 622 4574 812 4629; x_wconf 67' lang='lat' dir='ltr'><strong>scribaa</strong></span> <span class='ocrx_word' id='word_1_393' title='bbox 850 4573 1075 4641; x_wconf 87' lang='lat' dir='ltr'><strong>scilicet,</strong></span> <span class='ocrx_word' id='word_1_394' title='bbox 1121 4574 1379 4630; x_wconf 69' lang='lat' dir='ltr'><strong>Pharisaei</strong></span> <span class='ocrx_word' id='word_1_395' title='bbox 1422 4575 1812 4647; x_wconf 77' lang='lat' dir='ltr'><strong>etlegisperiti,</strong></span> <span class='ocrx_word' id='word_1_396' title='bbox 1840 4568 1934 4646; x_wconf 79' lang='lat' dir='ltr'><strong>qui</strong></span> 
     </span>
    </p>
   </div>
   <div class='ocr_carea' id='block_1_60' title="bbox 368 4647 1933 4736">
    <p class='ocr_par' dir='ltr' id='par_1_60' title="bbox 368 4647 1933 4736">
     <span class='ocr_line' id='line_1_60' title="bbox 368 4647 1933 4736; baseline 0.006 -20"><span class='ocrx_word' id='word_1_397' title='bbox 368 4647 492 4732; x_wconf 62' lang='lat' dir='ltr'><strong>iure</strong></span> <span class='ocrx_word' id='word_1_398' title='bbox 532 4672 691 4733; x_wconf 84' lang='lat' dir='ltr'><strong>atque</strong></span> <span class='ocrx_word' id='word_1_399' title='bbox 725 4665 919 4720; x_wconf 84' lang='lat' dir='ltr'><strong>merito</strong></span> <span class='ocrx_word' id='word_1_400' title='bbox 970 4666 1141 4735; x_wconf 89' lang='lat' dir='ltr'><strong>impii,</strong></span> <span class='ocrx_word' id='word_1_401' title='bbox 1175 4676 1489 4736; x_wconf 86' lang='lat' dir='ltr'><strong>peccatores</strong></span> <span class='ocrx_word' id='word_1_402' title='bbox 1532 4675 1587 4724; x_wconf 88' lang='lat' dir='ltr'><strong>et</strong></span> <span class='ocrx_word' id='word_1_403' title='bbox 1622 4668 1933 4736; x_wconf 88' lang='lat' dir='ltr'><strong>pestilentes</strong></span> 
     </span>
    </p>
   </div>
   <div class='ocr_carea' id='block_1_61' title="bbox 373 4755 1934 4832">
    <p class='ocr_par' dir='ltr' id='par_1_61' title="bbox 373 4755 1934 4832">
     <span class='ocr_line' id='line_1_61' title="bbox 373 4755 1934 4832; baseline 0.004 -25"><span class='ocrx_word' id='word_1_404' title='bbox 373 4764 771 4824; x_wconf 79' lang='lat' dir='ltr'><strong>nuncupentur.</strong></span> <span class='ocrx_word' id='word_1_405' title='bbox 804 4755 902 4812; x_wconf 80' lang='lat' dir='ltr'><strong>Via</strong></span> <span class='ocrx_word' id='word_1_406' title='bbox 932 4757 1128 4812; x_wconf 90' lang='lat' dir='ltr'><strong>dicitur</strong></span> <span class='ocrx_word' id='word_1_407' title='bbox 1167 4759 1282 4815; x_wconf 61' lang='lat' dir='ltr'><strong>hac</strong></span> <span class='ocrx_word' id='word_1_408' title='bbox 1309 4759 1443 4825; x_wconf 86' lang='lat' dir='ltr'><strong>vita,</strong></span> <span class='ocrx_word' id='word_1_409' title='bbox 1471 4760 1600 4832; x_wconf 89' lang='lat' dir='ltr'><strong>quia</strong></span> <span class='ocrx_word' id='word_1_410' title='bbox 1637 4761 1673 4815; x_wconf 92' lang='lat' dir='ltr'><strong>ii</strong></span> <span class='ocrx_word' id='word_1_411' title='bbox 1703 4760 1796 4830; x_wconf 90' lang='lat' dir='ltr'><strong>qui</strong></span> <span class='ocrx_word' id='word_1_412' title='bbox 1836 4777 1934 4814; x_wconf 85' lang='lat' dir='ltr'><strong>na-</strong></span> 
     </span>
    </p>
   </div>
   <div class='ocr_carea' id='block_1_62' title="bbox 372 4847 1201 4921">
    <p class='ocr_par' dir='ltr' id='par_1_62' title="bbox 372 4847 1201 4921">
     <span class='ocr_line' id='line_1_62' title="bbox 372 4847 1201 4921; baseline -0.001 -18"><span class='ocrx_word' id='word_1_413' title='bbox 372 4854 617 4912; x_wconf 84' lang='lat' dir='ltr'><strong>scuntur,</strong></span> <span class='ocrx_word' id='word_1_414' title='bbox 648 4848 714 4901; x_wconf 92' lang='lat' dir='ltr'><strong>ad</strong></span> <span class='ocrx_word' id='word_1_415' title='bbox 745 4847 903 4902; x_wconf 82' lang='lat' dir='ltr'><strong>tinem</strong></span> <span class='ocrx_word' id='word_1_416' title='bbox 927 4847 1201 4921; x_wconf 57' lang='grc' dir='ltr'>ρει-θωπί]</span> 
     </span>
    </p>
   </div>
   <div class='ocr_carea' id='block_1_63' title="bbox 454 4937 1928 5013">
    <p class='ocr_par' dir='ltr' id='par_1_63' title="bbox 454 4937 1928 5013">
     <span class='ocr_line' id='line_1_63' title="bbox 454 4937 1928 5013; baseline 0.005 -22"><span class='ocrx_word' id='word_1_417' title='bbox 454 4938 506 4991; x_wconf 76' lang='lat' dir='ltr'><strong>l.</strong></span> <span class='ocrx_word' id='word_1_418' title='bbox 541 4937 738 4992; x_wconf 78' lang='lat' dir='ltr'><strong>Beatus</strong></span> <span class='ocrx_word' id='word_1_419' title='bbox 775 4939 854 4992; x_wconf 79' lang='lat' dir='ltr'><strong>vir</strong></span> <span class='ocrx_word' id='word_1_420' title='bbox 879 4940 967 5010; x_wconf 77' lang='lat' dir='ltr'><strong>qui</strong></span> <span class='ocrx_word' id='word_1_421' title='bbox 999 4956 1101 4994; x_wconf 85' lang='lat' dir='ltr'><strong>non</strong></span> <span class='ocrx_word' id='word_1_422' title='bbox 1130 4940 1259 4995; x_wconf 80' lang='lat' dir='ltr'><strong>abiit</strong></span> <span class='ocrx_word' id='word_1_423' title='bbox 1287 4941 1343 4996; x_wconf 79' lang='lat' dir='ltr'><strong>in</strong></span> <span class='ocrx_word' id='word_1_424' title='bbox 1376 4943 1594 4997; x_wconf 78' lang='lat' dir='ltr'><strong>consilio</strong></span> <span class='ocrx_word' id='word_1_425' title='bbox 1628 4943 1928 5013; x_wconf 84' lang='lat' dir='ltr'><strong>impiorum.</strong></span> 
     </span>
    </p>
   </div>
   <div class='ocr_carea' id='block_1_64' title="bbox 368 5025 1931 5098">
    <p class='ocr_par' dir='ltr' id='par_1_64' title="bbox 368 5025 1931 5098">
     <span class='ocr_line' id='line_1_64' title="bbox 368 5025 1931 5098; baseline 0.004 -17"><span class='ocrx_word' id='word_1_426' title='bbox 368 5025 557 5082; x_wconf 82' lang='lat' dir='ltr'><strong>Potest</strong></span> <span class='ocrx_word' id='word_1_427' title='bbox 576 5027 864 5083; x_wconf 88' lang='lat' dir='ltr'><strong>consilium</strong></span> <span class='ocrx_word' id='word_1_428' title='bbox 893 5029 1181 5098; x_wconf 88' lang='lat' dir='ltr'><strong>impiorum</strong></span> <span class='ocrx_word' id='word_1_429' title='bbox 1214 5038 1391 5086; x_wconf 64' lang='lat' dir='ltr'><strong>coetus</strong></span> <span class='ocrx_word' id='word_1_430' title='bbox 1412 5031 1517 5086; x_wconf 92' lang='lat' dir='ltr'><strong>dici</strong></span> <span class='ocrx_word' id='word_1_431' title='bbox 1543 5047 1606 5086; x_wconf 88' lang='lat' dir='ltr'><strong>ac</strong></span> <span class='ocrx_word' id='word_1_432' title='bbox 1634 5043 1931 5088; x_wconf 85' lang='lat' dir='ltr'><strong>conventus</strong></span> 
     </span>
    </p>
   </div>
   <div class='ocr_carea' id='block_1_65' title="bbox 2548 3751 3078 3804">
    <p class='ocr_par' dir='ltr' id='par_1_65' title="bbox 2548 3751 3078 3804">
     <span class='ocr_line' id='line_1_65' title="bbox 2548 3751 3078 3804; baseline -0.004 -1"><span class='ocrx_word' id='word_1_433' title='bbox 2548 3751 2948 3804; x_wconf 80' lang='grc' dir='ltr'><strong><em>ΨΑΛΜΟΣ</em></strong></span> <span class='ocrx_word' id='word_1_434' title='bbox 2998 3754 3078 3803; x_wconf 80' lang='lat' dir='ltr'><strong>A&#39;.</strong></span> 
     </span>
    </p>
   </div>
   <div class='ocr_carea' id='block_1_66' title="bbox 2666 3839 2987 3903">
    <p class='ocr_par' dir='ltr' id='par_1_66' title="bbox 2666 3839 2987 3903">
     <span class='ocr_line' id='line_1_66' title="bbox 2666 3839 2987 3903; baseline 0.003 -12"><span class='ocrx_word' id='word_1_435' title='bbox 2666 3839 2987 3903; x_wconf 80' lang='grc' dir='ltr'>Ύπόθεο-ις.</span> 
     </span>
    </p>
   </div>
   <div class='ocr_carea' id='block_1_67' title="bbox 2039 3929 3603 4011">
    <p class='ocr_par' dir='ltr' id='par_1_67' title="bbox 2039 3929 3603 4011">
     <span class='ocr_line' id='line_1_67' title="bbox 2039 3929 3603 4011; baseline -0.004 -22"><span class='ocrx_word' id='word_1_436' title='bbox 2039 3934 2150 4006; x_wconf 81' lang='grc' dir='ltr'>Τὴν</span> <span class='ocrx_word' id='word_1_437' title='bbox 2174 3935 2345 4006; x_wconf 81' lang='grc' dir='ltr'>ἀρχὴν</span> <span class='ocrx_word' id='word_1_438' title='bbox 2373 3934 2470 4007; x_wconf 83' lang='grc' dir='ltr'>τῆς</span> <span class='ocrx_word' id='word_1_439' title='bbox 2494 3931 2827 4004; x_wconf 80' lang='grc' dir='ltr'>προφητείας</span> <span class='ocrx_word' id='word_1_440' title='bbox 2849 3930 2928 4003; x_wconf 82' lang='grc' dir='ltr'>τῷ</span> <span class='ocrx_word' id='word_1_441' title='bbox 2954 3930 3013 3995; x_wconf 71' lang='grc' dir='ltr'><strong>ἐξ</strong></span> <span class='ocrx_word' id='word_1_442' title='bbox 3040 3929 3201 3984; x_wconf 75' lang='grc' dir='ltr'>αὐτοῦ</span> <span class='ocrx_word' id='word_1_443' title='bbox 3230 3930 3603 4011; x_wconf 65' lang='grc' dir='ltr'>τεχθησομὲνῳ</span> 
     </span>
    </p>
   </div>
   <div class='ocr_carea' id='block_1_68' title="bbox 2109 4019 3619 4097">
    <p class='ocr_par' dir='ltr' id='par_1_68' title="bbox 2109 4019 3619 4097">
     <span class='ocr_line' id='line_1_68' title="bbox 2109 4019 3619 4097; baseline -0.008 -17"><span class='ocrx_word' id='word_1_444' title='bbox 2109 4024 2327 4097; x_wconf 84' lang='grc' dir='ltr'>Χριστῷ</span> <span class='ocrx_word' id='word_1_445' title='bbox 2360 4023 2673 4093; x_wconf 83' lang='grc' dir='ltr'>ἀνατίθησιν</span> <span class='ocrx_word' id='word_1_446' title='bbox 2691 4023 2720 4074; x_wconf 97' lang='lat'><strong>6</strong></span> <span class='ocrx_word' id='word_1_447' title='bbox 2743 4022 2922 4074; x_wconf 85' lang='grc' dir='ltr'>Δαυῖδ.</span> <span class='ocrx_word' id='word_1_448' title='bbox 2950 4020 3039 4073; x_wconf 86' lang='grc' dir='ltr'>Διὸ</span> <span class='ocrx_word' id='word_1_449' title='bbox 3072 4022 3128 4073; x_wconf 75' lang='grc' dir='ltr'>ὲν</span> <span class='ocrx_word' id='word_1_450' title='bbox 3158 4019 3392 4090; x_wconf 81' lang='grc' dir='ltr'>πρώτοις</span> <span class='ocrx_word' id='word_1_451' title='bbox 3419 4037 3619 4090; x_wconf 67' lang='grc' dir='ltr'>μάκει--</span> 
     </span>
    </p>
   </div>
   <div class='ocr_carea' id='block_1_69' title="bbox 2111 4111 3035 4189">
    <p class='ocr_par' dir='ltr' id='par_1_69' title="bbox 2111 4111 3035 4189">
     <span class='ocr_line' id='line_1_69' title="bbox 2111 4111 3035 4189; baseline -0.002 -23"><span class='ocrx_word' id='word_1_452' title='bbox 2111 4116 2249 4189; x_wconf 73' lang='grc' dir='ltr'>ρὶζει</span> <span class='ocrx_word' id='word_1_453' title='bbox 2274 4115 2397 4178; x_wconf 78' lang='grc' dir='ltr'>τοὺς</span> <span class='ocrx_word' id='word_1_454' title='bbox 2425 4116 2503 4177; x_wconf 78' lang='grc' dir='ltr'><strong>εἰς</strong></span> <span class='ocrx_word' id='word_1_455' title='bbox 2531 4112 2688 4166; x_wconf 82' lang='grc' dir='ltr'>αὑτὸν</span> <span class='ocrx_word' id='word_1_456' title='bbox 2721 4111 3035 4179; x_wconf 81' lang='grc' dir='ltr'>ὴλπικότας.</span> 
     </span>
    </p>
   </div>
   <div class='ocr_carea' id='block_1_70' title="bbox 2110 4201 3623 4281">
    <p class='ocr_par' dir='ltr' id='par_1_70' title="bbox 2110 4201 3623 4281">
     <span class='ocr_line' id='line_1_70' title="bbox 2110 4201 3623 4281; baseline -0.004 -19"><span class='ocrx_word' id='word_1_457' title='bbox 2110 4207 2451 4281; x_wconf 83' lang='grc' dir='ltr'>[Μακαρίους</span> <span class='ocrx_word' id='word_1_458' title='bbox 2475 4205 2533 4258; x_wconf 84' lang='grc' dir='ltr'>δὲ</span> <span class='ocrx_word' id='word_1_459' title='bbox 2560 4204 2713 4258; x_wconf 87' lang='grc' dir='ltr'>καλεῖ</span> <span class='ocrx_word' id='word_1_460' title='bbox 2727 4205 2851 4266; x_wconf 78' lang='grc' dir='ltr'>τοὺς</span> <span class='ocrx_word' id='word_1_461' title='bbox 2874 4203 2948 4273; x_wconf 83' lang='grc' dir='ltr'>μὴ</span> <span class='ocrx_word' id='word_1_462' title='bbox 2974 4201 3333 4273; x_wconf 82' lang='grc' dir='ltr'>πορευθέντας</span> <span class='ocrx_word' id='word_1_463' title='bbox 3350 4203 3407 4256; x_wconf 83' lang='grc' dir='ltr'><strong>ὲν</strong></span> <span class='ocrx_word' id='word_1_464' title='bbox 3437 4202 3623 4276; x_wconf 49' lang='grc' dir='ltr'>βουλῇ,</span> 
     </span>
    </p>
   </div>
   <div class='ocr_carea' id='block_1_71' title="bbox 2037 4291 3600 4367">
    <p class='ocr_par' dir='ltr' id='par_1_71' title="bbox 2037 4291 3600 4367">
     <span class='ocr_line' id='line_1_71' title="bbox 2037 4291 3600 4367; baseline -0.003 -15"><span class='ocrx_word' id='word_1_465' title='bbox 2037 4296 2266 4361; x_wconf 85' lang='grc' dir='ltr'>ἀσεϐῶν,</span> <span class='ocrx_word' id='word_1_466' title='bbox 2306 4296 2443 4366; x_wconf 86' lang='grc' dir='ltr'>μήτε</span> <span class='ocrx_word' id='word_1_467' title='bbox 2479 4292 2587 4365; x_wconf 82' lang='grc' dir='ltr'>μὴν</span> <span class='ocrx_word' id='word_1_468' title='bbox 2621 4292 2848 4356; x_wconf 85' lang='grc' dir='ltr'>στάντας</span> <span class='ocrx_word' id='word_1_469' title='bbox 2874 4294 2931 4345; x_wconf 82' lang='grc' dir='ltr'>ὲν</span> <span class='ocrx_word' id='word_1_470' title='bbox 2957 4291 3059 4363; x_wconf 84' lang='grc' dir='ltr'>ὁδῷ</span> <span class='ocrx_word' id='word_1_471' title='bbox 3087 4293 3447 4365; x_wconf 84' lang='grc' dir='ltr'>ἁμαρτωλῶν,</span> <span class='ocrx_word' id='word_1_472' title='bbox 3464 4295 3600 4367; x_wconf 83' lang='grc' dir='ltr'>μήτε</span> 
     </span>
    </p>
   </div>
   <div class='ocr_carea' id='block_1_72' title="bbox 2035 4379 3614 4459">
    <p class='ocr_par' dir='ltr' id='par_1_72' title="bbox 2035 4379 3614 4459">
     <span class='ocr_line' id='line_1_72' title="bbox 2035 4379 3614 4459; baseline -0.002 -16"><span class='ocrx_word' id='word_1_473' title='bbox 2035 4390 2128 4444; x_wconf 77' lang='grc' dir='ltr'><strong>ἐπὶ</strong></span> <span class='ocrx_word' id='word_1_474' title='bbox 2151 4386 2414 4459; x_wconf 86' lang='grc' dir='ltr'>καθέδραν</span> <span class='ocrx_word' id='word_1_475' title='bbox 2439 4383 2640 4455; x_wconf 88' lang='grc' dir='ltr'>λοιμῶν</span> <span class='ocrx_word' id='word_1_476' title='bbox 2671 4381 3088 4454; x_wconf 79' lang='grc' dir='ltr'>καθεστηκότας.</span> <span class='ocrx_word' id='word_1_477' title='bbox 3115 4384 3252 4451; x_wconf 86' lang='grc' dir='ltr'>Τρία</span> <span class='ocrx_word' id='word_1_478' title='bbox 3281 4384 3387 4456; x_wconf 81' lang='grc' dir='ltr'>γὰρ</span> <span class='ocrx_word' id='word_1_479' title='bbox 3426 4379 3493 4456; x_wconf 82' lang='grc' dir='ltr'>ἦν</span> <span class='ocrx_word' id='word_1_480' title='bbox 3532 4384 3614 4440; x_wconf 67' lang='grc' dir='ltr'><strong>τὰ.</strong></span> 
     </span>
    </p>
   </div>
   <div class='ocr_carea' id='block_1_73' title="bbox 2033 4473 3615 4550">
    <p class='ocr_par' dir='ltr' id='par_1_73' title="bbox 2033 4473 3615 4550">
     <span class='ocr_line' id='line_1_73' title="bbox 2033 4473 3615 4550; baseline -0.008 -15"><span class='ocrx_word' id='word_1_481' title='bbox 2033 4482 2288 4550; x_wconf 84' lang='grc' dir='ltr'>τάγματα</span> <span class='ocrx_word' id='word_1_482' title='bbox 2329 4476 2479 4548; x_wconf 84' lang='grc' dir='ltr'>παρὰ</span> <span class='ocrx_word' id='word_1_483' title='bbox 2515 4475 2786 4538; x_wconf 84' lang='grc' dir='ltr'>Ἰουδαίοις</span> <span class='ocrx_word' id='word_1_484' title='bbox 2815 4473 2957 4528; x_wconf 80' lang='grc' dir='ltr'>κατὰ</span> <span class='ocrx_word' id='word_1_485' title='bbox 2993 4474 3086 4528; x_wconf 81' lang='grc' dir='ltr'>τοῦ</span> <span class='ocrx_word' id='word_1_486' title='bbox 3114 4476 3362 4548; x_wconf 81' lang='grc' dir='ltr'>Σωτῆρος</span> <span class='ocrx_word' id='word_1_487' title='bbox 3400 4478 3615 4531; x_wconf 60' lang='grc' dir='ltr'><strong>ῖειιταναρ-⁸</strong></span> 
     </span>
    </p>
   </div>
   <div class='ocr_carea' id='block_1_74' title="bbox 2037 4566 3618 4640">
    <p class='ocr_par' dir='ltr' id='par_1_74' title="bbox 2037 4566 3618 4640">
     <span class='ocr_line' id='line_1_74' title="bbox 2037 4566 3618 4640; baseline -0.004 -15"><span class='ocrx_word' id='word_1_488' title='bbox 2037 4572 2252 4631; x_wconf 83' lang='grc' dir='ltr'>στάντα,</span> <span class='ocrx_word' id='word_1_489' title='bbox 2284 4568 2649 4640; x_wconf 85' lang='grc' dir='ltr'>γραμματεῖς,</span> <span class='ocrx_word' id='word_1_490' title='bbox 2678 4567 2979 4636; x_wconf 82' lang='grc' dir='ltr'>Φαρισαῖοι,</span> <span class='ocrx_word' id='word_1_491' title='bbox 3011 4567 3105 4620; x_wconf 76' lang='grc' dir='ltr'>καὶ</span> <span class='ocrx_word' id='word_1_492' title='bbox 3137 4566 3349 4638; x_wconf 87' lang='grc' dir='ltr'>νομικοί</span> <span class='ocrx_word' id='word_1_493' title='bbox 3370 4584 3384 4597; x_wconf 87' lang='grc'><strong>·</strong></span> <span class='ocrx_word' id='word_1_494' title='bbox 3426 4568 3475 4621; x_wconf 85' lang='grc' dir='ltr'>οἳ</span> <span class='ocrx_word' id='word_1_495' title='bbox 3503 4567 3618 4626; x_wconf 72' lang='grc' dir='ltr'>καὶ,</span> 
     </span>
    </p>
   </div>
   <div class='ocr_carea' id='block_1_75' title="bbox 2034 4657 3596 4732">
    <p class='ocr_par' dir='ltr' id='par_1_75' title="bbox 2034 4657 3596 4732">
     <span class='ocr_line' id='line_1_75' title="bbox 2034 4657 3596 4732; baseline -0.002 -16"><span class='ocrx_word' id='word_1_496' title='bbox 2034 4662 2281 4732; x_wconf 80' lang='grc' dir='ltr'>κληθεῖεν</span> <span class='ocrx_word' id='word_1_497' title='bbox 2306 4659 2530 4722; x_wconf 75' lang='grc' dir='ltr'>εἰκότως</span> <span class='ocrx_word' id='word_1_498' title='bbox 2560 4658 2775 4722; x_wconf 84' lang='grc' dir='ltr'>ἀσεϐεῖς</span> <span class='ocrx_word' id='word_1_499' title='bbox 2807 4657 2901 4711; x_wconf 74' lang='grc' dir='ltr'><strong>καὶ</strong></span> <span class='ocrx_word' id='word_1_500' title='bbox 2929 4658 3238 4729; x_wconf 81' lang='grc' dir='ltr'>ἁμαρτωλοὶ</span> <span class='ocrx_word' id='word_1_501' title='bbox 3280 4659 3373 4713; x_wconf 80' lang='grc' dir='ltr'>καὶ</span> <span class='ocrx_word' id='word_1_502' title='bbox 3401 4659 3596 4731; x_wconf 84' lang='grc' dir='ltr'>λοιμοί.</span> 
     </span>
    </p>
   </div>
   <div class='ocr_carea' id='block_1_76' title="bbox 2046 4747 3617 4823">
    <p class='ocr_par' dir='ltr' id='par_1_76' title="bbox 2046 4747 3617 4823">
     <span class='ocr_line' id='line_1_76' title="bbox 2046 4747 3617 4823; baseline -0.006 -16"><span class='ocrx_word' id='word_1_503' title='bbox 2046 4754 2191 4817; x_wconf 84' lang='grc' dir='ltr'>Ὁδὸς</span> <span class='ocrx_word' id='word_1_504' title='bbox 2221 4752 2318 4823; x_wconf 82' lang='grc' dir='ltr'>μὲν</span> <span class='ocrx_word' id='word_1_505' title='bbox 2345 4753 2374 4805; x_wconf 92' lang='lat'><strong>6</strong></span> <span class='ocrx_word' id='word_1_506' title='bbox 2400 4750 2514 4820; x_wconf 84' lang='grc' dir='ltr'>βίος</span> <span class='ocrx_word' id='word_1_507' title='bbox 2557 4749 2772 4821; x_wconf 82' lang='grc' dir='ltr'>εἴρηται</span> <span class='ocrx_word' id='word_1_508' title='bbox 2798 4747 2883 4801; x_wconf 85' lang='grc' dir='ltr'>διὰ</span> <span class='ocrx_word' id='word_1_509' title='bbox 2912 4749 3008 4820; x_wconf 83' lang='grc' dir='ltr'>τὴν</span> <span class='ocrx_word' id='word_1_510' title='bbox 3035 4749 3169 4822; x_wconf 82' lang='grc' dir='ltr'>πρὸς</span> <span class='ocrx_word' id='word_1_511' title='bbox 3204 4749 3263 4802; x_wconf 83' lang='grc' dir='ltr'><strong>τὸ</strong></span> <span class='ocrx_word' id='word_1_512' title='bbox 3310 4750 3617 4814; x_wconf 58' lang='grc' dir='ltr'>τέλοςτῶν.</span> 
     </span>
    </p>
   </div>
   <div class='ocr_carea' id='block_1_77' title="bbox 2032 4837 2653 4913">
    <p class='ocr_par' dir='ltr' id='par_1_77' title="bbox 2032 4837 2653 4913">
     <span class='ocr_line' id='line_1_77' title="bbox 2032 4837 2653 4913; baseline -0.01 -15"><span class='ocrx_word' id='word_1_513' title='bbox 2032 4843 2383 4913; x_wconf 87' lang='grc' dir='ltr'>γεννωμένων</span> <span class='ocrx_word' id='word_1_514' title='bbox 2415 4837 2653 4911; x_wconf 80' lang='grc' dir='ltr'>ἔπαξιν.]</span> 
     </span>
    </p>
   </div>
   <div class='ocr_carea' id='block_1_78' title="bbox 2101 4931 3605 5003">
    <p class='ocr_par' dir='ltr' id='par_1_78' title="bbox 2101 4931 3605 5003">
     <span class='ocr_line' id='line_1_78' title="bbox 2101 4931 3605 5003; baseline 0 -14"><span class='ocrx_word' id='word_1_515' title='bbox 2101 4932 2398 5002; x_wconf 80' lang='grc' dir='ltr'>Μακάριος</span> <span class='ocrx_word' id='word_1_516' title='bbox 2423 4931 2578 5001; x_wconf 73' lang='grc' dir='ltr'>ἀνὴρ</span> <span class='ocrx_word' id='word_1_517' title='bbox 2606 4932 2673 4997; x_wconf 84' lang='grc' dir='ltr'>ὃς</span> <span class='ocrx_word' id='word_1_518' title='bbox 2697 4933 2807 4987; x_wconf 84' lang='grc' dir='ltr'>οὐκ</span> <span class='ocrx_word' id='word_1_519' title='bbox 2834 4932 3120 5001; x_wconf 78' lang='grc' dir='ltr'>ἐπορεύθη</span> <span class='ocrx_word' id='word_1_520' title='bbox 3146 4931 3435 5003; x_wconf 80' lang='grc' dir='ltr'><strong>ἐνβουλῇ</strong></span> <span class='ocrx_word' id='word_1_521' title='bbox 3457 4931 3605 4999; x_wconf 70' lang='grc' dir='ltr'><strong>ἅ(ῖέ-⁴</strong></span> 
     </span>
    </p>
   </div>
   <div class='ocr_carea' id='block_1_79' title="bbox 2032 5023 3613 5095">
    <p class='ocr_par' dir='ltr' id='par_1_79' title="bbox 2032 5023 3613 5095">
     <span class='ocr_line' id='line_1_79' title="bbox 2032 5023 3613 5095; baseline -0.001 -15"><span class='ocrx_word' id='word_1_522' title='bbox 2032 5024 2168 5081; x_wconf 80' lang='grc' dir='ltr'>ϐῶν.</span> <span class='ocrx_word' id='word_1_523' title='bbox 2199 5025 2432 5077; x_wconf 84' lang='grc' dir='ltr'>Δυνατὸν</span> <span class='ocrx_word' id='word_1_524' title='bbox 2481 5024 2539 5077; x_wconf 82' lang='grc' dir='ltr'>δὲ</span> <span class='ocrx_word' id='word_1_525' title='bbox 2581 5023 2772 5094; x_wconf 79' lang='grc' dir='ltr'>βουλὴν</span> <span class='ocrx_word' id='word_1_526' title='bbox 2812 5023 3022 5078; x_wconf 88' lang='grc' dir='ltr'>ἀσεϐῶν</span> <span class='ocrx_word' id='word_1_527' title='bbox 3056 5027 3226 5077; x_wconf 77' lang='grc' dir='ltr'>εἰπεῖν</span> <span class='ocrx_word' id='word_1_528' title='bbox 3253 5025 3352 5095; x_wconf 83' lang='grc' dir='ltr'>τὴν</span> <span class='ocrx_word' id='word_1_529' title='bbox 3384 5023 3613 5079; x_wconf 77' lang='grc' dir='ltr'>σύνοδονι</span> 
     </span>
    </p>
   </div>
   <div class='ocr_carea' id='block_1_80' title="bbox 368 5100 1931 5201">
    <p class='ocr_par' dir='ltr' id='par_1_80' title="bbox 368 5118 1928 5201">
     <span class='ocr_line' id='line_1_80' title="bbox 368 5118 1928 5201; baseline 0.003 -28"><span class='ocrx_word' id='word_1_530' title='bbox 368 5119 759 5190; x_wconf 88' lang='lat' dir='ltr'><strong>improborum.</strong></span> <span class='ocrx_word' id='word_1_531' title='bbox 796 5118 1038 5190; x_wconf 82' lang='lat' dir='ltr'><strong>Cumque</strong></span> <span class='ocrx_word' id='word_1_532' title='bbox 1088 5120 1311 5175; x_wconf 78' lang='lat' dir='ltr'><strong>noxium</strong></span> <span class='ocrx_word' id='word_1_533' title='bbox 1359 5123 1431 5176; x_wconf 83' lang='lat' dir='ltr'><strong>sit</strong></span> <span class='ocrx_word' id='word_1_534' title='bbox 1474 5137 1593 5177; x_wconf 88' lang='lat' dir='ltr'><strong>sese</strong></span> <span class='ocrx_word' id='word_1_535' title='bbox 1639 5121 1928 5201; x_wconf 84' lang='lat' dir='ltr'><strong>impiorum</strong></span> 
     </span>
    </p>
   </div>
   <div class='ocr_carea' id='block_1_81' title="bbox 2042 5100 3609 5201">
    <p class='ocr_par' dir='ltr' id='par_1_81' title="bbox 2042 5114 3609 5188">
     <span class='ocr_line' id='line_1_81' title="bbox 2042 5114 3609 5188; baseline 0 -18"><span class='ocrx_word' id='word_1_536' title='bbox 2042 5117 2128 5170; x_wconf 72' lang='lat' dir='ltr'><strong>ml.</strong></span> <span class='ocrx_word' id='word_1_537' title='bbox 2165 5115 2264 5185; x_wconf 82' lang='grc' dir='ltr'>τὴν</span> <span class='ocrx_word' id='word_1_538' title='bbox 2290 5114 2594 5168; x_wconf 87' lang='grc' dir='ltr'>συνέλευσιν</span> <span class='ocrx_word' id='word_1_539' title='bbox 2618 5116 2725 5168; x_wconf 90' lang='grc' dir='ltr'><strong>τῶν</strong></span> <span class='ocrx_word' id='word_1_540' title='bbox 2748 5115 3017 5187; x_wconf 88' lang='grc' dir='ltr'>πονηρῶν.</span> <span class='ocrx_word' id='word_1_541' title='bbox 3043 5116 3153 5168; x_wconf 72' lang='grc' dir='ltr'>Καὶ</span> <span class='ocrx_word' id='word_1_542' title='bbox 3185 5115 3306 5167; x_wconf 77' lang='grc' dir='ltr'>ἐπεὶ</span> <span class='ocrx_word' id='word_1_543' title='bbox 3338 5114 3609 5188; x_wconf 73' lang='grc' dir='ltr'>βλαϐερὸν</span> 
     </span>
    </p>
   </div>
   <div class='ocr_carea' id='block_1_82' title="bbox 369 5212 1924 5284">
    <p class='ocr_par' dir='ltr' id='par_1_82' title="bbox 369 5212 1924 5284">
     <span class='ocr_line' id='line_1_82' title="bbox 369 5212 1924 5284; baseline 0.003 -18"><span class='ocrx_word' id='word_1_544' title='bbox 369 5213 599 5268; x_wconf 62' lang='lat' dir='ltr'><strong>cutibus</strong></span> <span class='ocrx_word' id='word_1_545' title='bbox 638 5212 963 5277; x_wconf 87' lang='lat' dir='ltr'><strong>immiscere,</strong></span> <span class='ocrx_word' id='word_1_546' title='bbox 993 5214 1211 5270; x_wconf 82' lang='lat' dir='ltr'><strong>beatum</strong></span> <span class='ocrx_word' id='word_1_547' title='bbox 1238 5214 1371 5269; x_wconf 89' lang='lat' dir='ltr'><strong>dicit</strong></span> <span class='ocrx_word' id='word_1_548' title='bbox 1396 5230 1542 5278; x_wconf 89' lang='lat' dir='ltr'><strong>eum,</strong></span> <span class='ocrx_word' id='word_1_549' title='bbox 1576 5214 1667 5284; x_wconf 91' lang='lat' dir='ltr'><strong>qui</strong></span> <span class='ocrx_word' id='word_1_550' title='bbox 1703 5230 1771 5269; x_wconf 90' lang='lat' dir='ltr'><strong>ne</strong></span> <span class='ocrx_word' id='word_1_551' title='bbox 1800 5225 1924 5270; x_wconf 88' lang='lat' dir='ltr'><strong>tan-</strong></span> 
     </span>
    </p>
   </div>
   <div class='ocr_carea' id='block_1_83' title="bbox 2034 5204 3598 5279">
    <p class='ocr_par' dir='ltr' id='par_1_83' title="bbox 2034 5204 3598 5279">
     <span class='ocr_line' id='line_1_83' title="bbox 2034 5204 3598 5279; baseline -0.003 -16"><span class='ocrx_word' id='word_1_552' title='bbox 2034 5209 2095 5263; x_wconf 80' lang='grc' dir='ltr'><strong>τδ</strong></span> <span class='ocrx_word' id='word_1_553' title='bbox 2126 5210 2234 5272; x_wconf 81' lang='grc' dir='ltr'>τοῖς</span> <span class='ocrx_word' id='word_1_554' title='bbox 2261 5207 2587 5279; x_wconf 83' lang='grc' dir='ltr'>ἁθροίσμασι</span> <span class='ocrx_word' id='word_1_555' title='bbox 2622 5206 2731 5260; x_wconf 90' lang='grc' dir='ltr'><strong>τῶν</strong></span> <span class='ocrx_word' id='word_1_556' title='bbox 2758 5204 2968 5260; x_wconf 77' lang='grc' dir='ltr'>ἀσεϐῶν</span> <span class='ocrx_word' id='word_1_557' title='bbox 3008 5204 3393 5277; x_wconf 76' lang='grc' dir='ltr'>παραϐάλλειν,</span> <span class='ocrx_word' id='word_1_558' title='bbox 3424 5222 3598 5278; x_wconf 86' lang='grc' dir='ltr'>μακα-</span> 
     </span>
    </p>
   </div>
   <div class='ocr_carea' id='block_1_84' title="bbox 373 5294 1931 5373">
    <p class='ocr_par' dir='ltr' id='par_1_84' title="bbox 373 5301 1931 5373">
     <span class='ocr_line' id='line_1_84' title="bbox 373 5301 1931 5373; baseline 0.005 -21"><span class='ocrx_word' id='word_1_559' title='bbox 373 5301 541 5356; x_wconf 87' lang='lat' dir='ltr'><strong>tilium</strong></span> <span class='ocrx_word' id='word_1_560' title='bbox 564 5304 782 5371; x_wconf 83' lang='lat' dir='ltr'><strong>quidem</strong></span> <span class='ocrx_word' id='word_1_561' title='bbox 808 5303 873 5358; x_wconf 88' lang='lat' dir='ltr'><strong>ad</strong></span> <span class='ocrx_word' id='word_1_562' title='bbox 904 5304 1118 5358; x_wconf 88' lang='lat' dir='ltr'><strong>illorum</strong></span> <span class='ocrx_word' id='word_1_563' title='bbox 1154 5316 1452 5359; x_wconf 85' lang='lat' dir='ltr'><strong>conventus</strong></span> <span class='ocrx_word' id='word_1_564' title='bbox 1483 5304 1711 5360; x_wconf 84' lang='lat' dir='ltr'><strong>accedit.</strong></span> <span class='ocrx_word' id='word_1_565' title='bbox 1729 5304 1931 5373; x_wconf 78' lang='lat' dir='ltr'><strong>Hujus-</strong></span> 
     </span>
    </p>
   </div>
   <div class='ocr_carea' id='block_1_85' title="bbox 2042 5294 3597 5373">
    <p class='ocr_par' dir='ltr' id='par_1_85' title="bbox 2042 5294 3597 5372">
     <span class='ocr_line' id='line_1_85' title="bbox 2042 5294 3597 5372; baseline -0.003 -19"><span class='ocrx_word' id='word_1_566' title='bbox 2042 5300 2172 5372; x_wconf 81' lang='grc' dir='ltr'>ρίζει</span> <span class='ocrx_word' id='word_1_567' title='bbox 2194 5299 2284 5354; x_wconf 86' lang='grc' dir='ltr'>τὸν</span> <span class='ocrx_word' id='word_1_568' title='bbox 2316 5298 2449 5370; x_wconf 83' lang='grc' dir='ltr'>μηδὲ</span> <span class='ocrx_word' id='word_1_569' title='bbox 2479 5296 2620 5352; x_wconf 85' lang='grc' dir='ltr'>κατὰ</span> <span class='ocrx_word' id='word_1_570' title='bbox 2645 5297 2808 5352; x_wconf 84' lang='grc' dir='ltr'>ποσὸν</span> <span class='ocrx_word' id='word_1_571' title='bbox 2835 5298 2914 5360; x_wconf 82' lang='grc' dir='ltr'><strong>εἰς</strong></span> <span class='ocrx_word' id='word_1_572' title='bbox 2938 5296 2998 5350; x_wconf 86' lang='grc' dir='ltr'><strong>τὸ</strong></span> <span class='ocrx_word' id='word_1_573' title='bbox 3026 5296 3187 5350; x_wconf 80' lang='grc' dir='ltr'>αὐτὸν</span> <span class='ocrx_word' id='word_1_574' title='bbox 3219 5295 3400 5359; x_wconf 83' lang='grc' dir='ltr'>αὐτοῖς</span> <span class='ocrx_word' id='word_1_575' title='bbox 3438 5294 3597 5366; x_wconf 77' lang='grc' dir='ltr'><strong>ἐρχό-</strong></span> 
     </span>
    </p>
   </div>
   <div class='ocr_carea' id='block_1_86' title="bbox 369 5385 1931 5466">
    <p class='ocr_par' dir='ltr' id='par_1_86' title="bbox 369 5391 1931 5466">
     <span class='ocr_line' id='line_1_86' title="bbox 369 5391 1931 5466; baseline 0.006 -24"><span class='ocrx_word' id='word_1_576' title='bbox 369 5391 517 5444; x_wconf 75' lang='lat' dir='ltr'><strong>modi</strong></span> <span class='ocrx_word' id='word_1_577' title='bbox 542 5402 658 5448; x_wconf 87' lang='lat' dir='ltr'><strong>erat</strong></span> <span class='ocrx_word' id='word_1_578' title='bbox 676 5394 875 5465; x_wconf 84' lang='lat' dir='ltr'><strong>Joseph</strong></span> <span class='ocrx_word' id='word_1_579' title='bbox 905 5395 973 5449; x_wconf 89' lang='lat' dir='ltr'><strong>ab</strong></span> <span class='ocrx_word' id='word_1_580' title='bbox 994 5395 1293 5450; x_wconf 85' lang='lat' dir='ltr'><strong>Arimathia</strong></span> <span class='ocrx_word' id='word_1_581' title='bbox 1319 5415 1333 5452; x_wconf 92' lang='lat'>:</span> <span class='ocrx_word' id='word_1_582' title='bbox 1366 5398 1459 5466; x_wconf 86' lang='lat' dir='ltr'><strong>qui</strong></span> <span class='ocrx_word' id='word_1_583' title='bbox 1492 5411 1689 5466; x_wconf 72' lang='lat' dir='ltr'><strong>corpus</strong></span> <span class='ocrx_word' id='word_1_584' title='bbox 1718 5396 1931 5452; x_wconf 90' lang='lat' dir='ltr'><strong>Domini</strong></span> 
     </span>
    </p>
   </div>
   <div class='ocr_carea' id='block_1_87' title="bbox 2042 5385 3599 5466">
    <p class='ocr_par' dir='ltr' id='par_1_87' title="bbox 2042 5385 3599 5462">
     <span class='ocr_line' id='line_1_87' title="bbox 2042 5385 3599 5462; baseline -0.003 -18"><span class='ocrx_word' id='word_1_585' title='bbox 2042 5407 2212 5462; x_wconf 85' lang='grc' dir='ltr'>μενον.</span> <span class='ocrx_word' id='word_1_586' title='bbox 2241 5389 2491 5453; x_wconf 83' lang='grc' dir='ltr'>Τοιοῦτος</span> <span class='ocrx_word' id='word_1_587' title='bbox 2512 5389 2754 5459; x_wconf 69' lang='grc' dir='ltr'>ὑπῆρχεν</span> <span class='ocrx_word' id='word_1_588' title='bbox 2780 5389 2809 5440; x_wconf 90' lang='lat'><strong>6</strong></span> <span class='ocrx_word' id='word_1_589' title='bbox 2836 5387 3034 5458; x_wconf 80' lang='grc' dir='ltr'>Ἰωσὴφ</span> <span class='ocrx_word' id='word_1_590' title='bbox 3061 5390 3090 5441; x_wconf 89' lang='lat'><strong>6</strong></span> <span class='ocrx_word' id='word_1_591' title='bbox 3118 5388 3230 5444; x_wconf 82' lang='grc' dir='ltr'>ἀπὸ·</span> <span class='ocrx_word' id='word_1_592' title='bbox 3251 5385 3599 5457; x_wconf 50' lang='grc' dir='ltr'>’Δριμαθίαω</span> 
     </span>
    </p>
   </div>
   <div class='ocr_carea' id='block_1_88' title="bbox 371 5476 1931 5557">
    <p class='ocr_par' dir='ltr' id='par_1_88' title="bbox 371 5476 1930 5557">
     <span class='ocr_line' id='line_1_88' title="bbox 371 5476 1930 5557; baseline 0.006 -27"><span class='ocrx_word' id='word_1_593' title='bbox 371 5491 437 5532; x_wconf 86' lang='lat' dir='ltr'><strong>ac</strong></span> <span class='ocrx_word' id='word_1_594' title='bbox 464 5476 557 5532; x_wconf 86' lang='lat' dir='ltr'><strong>Dei</strong></span> <span class='ocrx_word' id='word_1_595' title='bbox 608 5484 871 5549; x_wconf 85' lang='lat' dir='ltr'><strong>sepelivit.</strong></span> <span class='ocrx_word' id='word_1_596' title='bbox 923 5482 999 5537; x_wconf 87' lang='lat' dir='ltr'><strong>De</strong></span> <span class='ocrx_word' id='word_1_597' title='bbox 1029 5483 1121 5537; x_wconf 90' lang='lat' dir='ltr'><strong>illo</strong></span> <span class='ocrx_word' id='word_1_598' title='bbox 1153 5500 1385 5554; x_wconf 84' lang='lat' dir='ltr'><strong>namque</strong></span> <span class='ocrx_word' id='word_1_599' title='bbox 1414 5485 1620 5541; x_wconf 83' lang='lat' dir='ltr'><strong>dictum</strong></span> <span class='ocrx_word' id='word_1_600' title='bbox 1648 5484 1751 5540; x_wconf 76' lang='lat' dir='ltr'><strong>fuit</strong></span> <span class='ocrx_word' id='word_1_601' title='bbox 1783 5485 1930 5557; x_wconf 86' lang='lat' dir='ltr'><strong>quod</strong></span> 
     </span>
    </p>
   </div>
   <div class='ocr_carea' id='block_1_89' title="bbox 2042 5476 3594 5557">
    <p class='ocr_par' dir='ltr' id='par_1_89' title="bbox 2042 5476 3594 5552">
     <span class='ocr_line' id='line_1_89' title="bbox 2042 5476 3594 5552; baseline -0.006 -15"><span class='ocrx_word' id='word_1_602' title='bbox 2042 5486 2057 5537; x_wconf 77' lang='lat' dir='ltr'><strong>l</strong></span> <span class='ocrx_word' id='word_1_603' title='bbox 2087 5484 2147 5536; x_wconf 85' lang='grc' dir='ltr'><strong>τὸ</strong></span> <span class='ocrx_word' id='word_1_604' title='bbox 2176 5480 2332 5551; x_wconf 87' lang='grc' dir='ltr'>σῶμα</span> <span class='ocrx_word' id='word_1_605' title='bbox 2357 5481 2451 5534; x_wconf 82' lang='grc' dir='ltr'>τοῦ</span> <span class='ocrx_word' id='word_1_606' title='bbox 2482 5480 2685 5552; x_wconf 83' lang='grc' dir='ltr'>Κυρίου</span> <span class='ocrx_word' id='word_1_607' title='bbox 2712 5480 2804 5533; x_wconf 77' lang='grc' dir='ltr'>καὶ</span> <span class='ocrx_word' id='word_1_608' title='bbox 2830 5477 2964 5532; x_wconf 83' lang='grc' dir='ltr'><strong>Θεοῦ</strong></span> <span class='ocrx_word' id='word_1_609' title='bbox 2992 5478 3183 5548; x_wconf 79' lang='grc' dir='ltr'>θάψας.</span> <span class='ocrx_word' id='word_1_610' title='bbox 3216 5478 3443 5550; x_wconf 80' lang='grc' dir='ltr'>Εἴρηται</span> <span class='ocrx_word' id='word_1_611' title='bbox 3482 5476 3594 5546; x_wconf 85' lang='grc' dir='ltr'>γὰρ</span> 
     </span>
    </p>
   </div>
   <div class='ocr_carea' id='block_1_90' title="bbox 372 5566 1931 5647">
    <p class='ocr_par' dir='ltr' id='par_1_90' title="bbox 372 5569 1931 5647">
     <span class='ocr_line' id='line_1_90' title="bbox 372 5569 1931 5647; baseline 0.007 -26"><span class='ocrx_word' id='word_1_612' title='bbox 372 5581 480 5621; x_wconf 73' lang='lat' dir='ltr'><strong>non</strong></span> <span class='ocrx_word' id='word_1_613' title='bbox 503 5569 880 5638; x_wconf 77' lang='lat' dir='ltr'><strong>astipularetur</strong></span> <span class='ocrx_word' id='word_1_614' title='bbox 900 5572 1139 5628; x_wconf 87' lang='lat' dir='ltr'><strong>consilio</strong></span> <span class='ocrx_word' id='word_1_615' title='bbox 1163 5587 1353 5629; x_wconf 82' lang='lat' dir='ltr'><strong>eorum</strong></span> <span class='ocrx_word' id='word_1_616' title='bbox 1388 5575 1481 5644; x_wconf 90' lang='lat' dir='ltr'><strong>qui</strong></span> <span class='ocrx_word' id='word_1_617' title='bbox 1522 5574 1709 5632; x_wconf 78' lang='lat' dir='ltr'><strong>Jesum</strong></span> <span class='ocrx_word' id='word_1_618' title='bbox 1755 5576 1931 5647; x_wconf 90' lang='lat' dir='ltr'><strong>prodi-</strong></span> 
     </span>
    </p>
   </div>
   <div class='ocr_carea' id='block_1_91' title="bbox 2042 5566 3589 5647">
    <p class='ocr_par' dir='ltr' id='par_1_91' title="bbox 2042 5566 3589 5645">
     <span class='ocr_line' id='line_1_91' title="bbox 2042 5566 3589 5645; baseline -0.006 -17"><span class='ocrx_word' id='word_1_619' title='bbox 2042 5574 2157 5645; x_wconf 68' lang='grc' dir='ltr'>περὶ</span> <span class='ocrx_word' id='word_1_620' title='bbox 2186 5571 2371 5639; x_wconf 82' lang='grc' dir='ltr'>αὑτοῦ,</span> <span class='ocrx_word' id='word_1_621' title='bbox 2400 5571 2477 5637; x_wconf 81' lang='grc' dir='ltr'>ὡς</span> <span class='ocrx_word' id='word_1_622' title='bbox 2526 5571 2625 5625; x_wconf 79' lang='grc' dir='ltr'><strong>οὐκ</strong></span> <span class='ocrx_word' id='word_1_623' title='bbox 2669 5566 2739 5642; x_wconf 75' lang='grc' dir='ltr'>ἦν</span> <span class='ocrx_word' id='word_1_624' title='bbox 2790 5569 3309 5640; x_wconf 76' lang='grc' dir='ltr'>συγκατατιθέμενος</span> <span class='ocrx_word' id='word_1_625' title='bbox 3332 5572 3396 5638; x_wconf 76' lang='grc' dir='ltr'>τῇ</span> <span class='ocrx_word' id='word_1_626' title='bbox 3428 5567 3589 5638; x_wconf 70' lang='grc' dir='ltr'>βουλῇ</span> 
     </span>
    </p>
   </div>
   <div class='ocr_carea' id='block_1_92' title="bbox 371 5656 1931 5735">
    <p class='ocr_par' dir='ltr' id='par_1_92' title="bbox 371 5657 1929 5735">
     <span class='ocr_line' id='line_1_92' title="bbox 371 5657 1929 5735; baseline 0.007 -22"><span class='ocrx_word' id='word_1_627' title='bbox 371 5657 518 5715; x_wconf 78' lang='lat' dir='ltr'><strong>dere.</strong></span> <span class='ocrx_word' id='word_1_628' title='bbox 555 5658 621 5715; x_wconf 80' lang='lat' dir='ltr'><strong>Et</strong></span> <span class='ocrx_word' id='word_1_629' title='bbox 655 5661 711 5715; x_wconf 78' lang='lat' dir='ltr'><strong>in</strong></span> <span class='ocrx_word' id='word_1_630' title='bbox 731 5663 978 5719; x_wconf 81' lang='lat' dir='ltr'><strong>cathedra</strong></span> <span class='ocrx_word' id='word_1_631' title='bbox 1005 5666 1356 5735; x_wconf 72' lang='lat' dir='ltr'><strong>pestilentium</strong></span> <span class='ocrx_word' id='word_1_632' title='bbox 1388 5683 1488 5723; x_wconf 81' lang='lat' dir='ltr'><strong>non</strong></span> <span class='ocrx_word' id='word_1_633' title='bbox 1523 5668 1678 5725; x_wconf 69' lang='lat' dir='ltr'><strong>srdit.</strong></span> <span class='ocrx_word' id='word_1_634' title='bbox 1711 5667 1813 5725; x_wconf 85' lang='lat' dir='ltr'><strong>Per</strong></span> <span class='ocrx_word' id='word_1_635' title='bbox 1836 5668 1929 5724; x_wconf 52' lang='lat' dir='ltr'><strong>ca;</strong></span> 
     </span>
    </p>
   </div>
   <div class='ocr_carea' id='block_1_93' title="bbox 2042 5656 3591 5735">
    <p class='ocr_par' dir='ltr' id='par_1_93' title="bbox 2042 5656 3591 5735">
     <span class='ocr_line' id='line_1_93' title="bbox 2042 5656 3591 5735; baseline -0.005 -15"><span class='ocrx_word' id='word_1_636' title='bbox 2042 5666 2135 5722; x_wconf 74' lang='grc' dir='ltr'><strong>τῶν</strong></span> <span class='ocrx_word' id='word_1_637' title='bbox 2165 5662 2337 5735; x_wconf 76' lang='grc' dir='ltr'>Ἰησοῦ</span> <span class='ocrx_word' id='word_1_638' title='bbox 2368 5662 2654 5734; x_wconf 82' lang='grc' dir='ltr'>προδοτῶν.</span> <span class='ocrx_word' id='word_1_639' title='bbox 2674 5661 2783 5717; x_wconf 81' lang='lat' dir='ltr'><strong>Kal</strong></span> <span class='ocrx_word' id='word_1_640' title='bbox 2805 5661 2902 5715; x_wconf 70' lang='grc' dir='ltr'><strong>ἐπὶ</strong></span> <span class='ocrx_word' id='word_1_641' title='bbox 2929 5660 3217 5731; x_wconf 49' lang='grc' dir='ltr'>καθέδραν</span> <span class='ocrx_word' id='word_1_642' title='bbox 3239 5656 3459 5729; x_wconf 71' lang='grc' dir='ltr'>λοιμῶν</span> <span class='ocrx_word' id='word_1_643' title='bbox 3475 5660 3591 5713; x_wconf 72' lang='grc' dir='ltr'>οὐκ</span> 
     </span>
    </p>
   </div>
  </div>
