  <div class='ocr_page' id='page_1' title='image "/cluster/home/n/w/nwhite01/storage/ocr_20150623/27/mdp.39015007065769/038.png"; bbox 0 0 3944 6220; ppageno 0'>
   <div class='ocr_carea' id='block_1_1' title="bbox 252 319 3519 390">
    <p class='ocr_par' dir='ltr' id='par_1_1' title="bbox 252 319 3519 390">
     <span class='ocr_line' id='line_1_1' title="bbox 252 319 3519 390; baseline 0 -6"><span class='ocrx_word' id='word_1_1' title='bbox 252 319 313 376; x_wconf 73' lang='grc' dir='ltr'><strong>δι</strong></span> <span class='ocrx_word' id='word_1_2' title='bbox 1475 327 1838 386; x_wconf 76' lang='lat' dir='ltr'><strong>EXPOSITIO</strong></span> <span class='ocrx_word' id='word_1_3' title='bbox 1877 329 1944 385; x_wconf 81' lang='lat' dir='ltr'><strong>1N</strong></span> <span class='ocrx_word' id='word_1_4' title='bbox 1980 329 2314 386; x_wconf 76' lang='lat' dir='ltr'><strong>PSALMUM</strong></span> <span class='ocrx_word' id='word_1_5' title='bbox 2347 332 2389 390; x_wconf 83' lang='grc' dir='ltr'>Ι.</span> <span class='ocrx_word' id='word_1_6' title='bbox 2883 369 2888 374; x_wconf 87' lang='grc'><strong>-</strong></span> <span class='ocrx_word' id='word_1_7' title='bbox 3447 328 3519 384; x_wconf 75' lang='lat'><strong>6‘3</strong></span> 
     </span>
    </p>
   </div>
   <div class='ocr_carea' id='block_1_2' title="bbox 258 437 1829 537">
    <p class='ocr_par' dir='ltr' id='par_1_2' title="bbox 258 437 1829 537">
     <span class='ocr_line' id='line_1_2' title="bbox 258 437 1829 537; baseline 0.004 -42"><span class='ocrx_word' id='word_1_8' title='bbox 258 437 652 537; x_wconf 45' lang='lat' dir='ltr'><strong>WtO‘G;AL&amp;</strong></span> <span class='ocrx_word' id='word_1_9' title='bbox 681 444 786 514; x_wconf 81' lang='grc' dir='ltr'>τῆς</span> <span class='ocrx_word' id='word_1_10' title='bbox 816 445 1079 517; x_wconf 73' lang='grc' dir='ltr'><strong>καθέδρας</strong></span> <span class='ocrx_word' id='word_1_11' title='bbox 1102 444 1198 516; x_wconf 80' lang='grc' dir='ltr'>τὴν</span> <span class='ocrx_word' id='word_1_12' title='bbox 1218 447 1562 502; x_wconf 82' lang='grc' dir='ltr'>διδασκαλίαν</span> <span class='ocrx_word' id='word_1_13' title='bbox 1588 449 1753 520; x_wconf 85' lang='grc' dir='ltr'>δηλοῖ,</span> <span class='ocrx_word' id='word_1_14' title='bbox 1779 449 1829 502; x_wconf 74' lang='grc' dir='ltr'><strong>ὧι</strong></span> 
     </span>
    </p>
   </div>
   <div class='ocr_carea' id='block_1_3' title="bbox 1935 437 3519 537">
    <p class='ocr_par' dir='ltr' id='par_1_3' title="bbox 1956 463 3519 537">
     <span class='ocr_line' id='line_1_3' title="bbox 1956 463 3519 537; baseline -0.004 -13"><span class='ocrx_word' id='word_1_15' title='bbox 1956 463 2222 535; x_wconf 75' lang='lat' dir='ltr'><strong>thedram,</strong></span> <span class='ocrx_word' id='word_1_16' title='bbox 2253 469 2553 525; x_wconf 75' lang='lat' dir='ltr'><strong>doctrinam</strong></span> <span class='ocrx_word' id='word_1_17' title='bbox 2588 468 2876 537; x_wconf 78' lang='lat' dir='ltr'><strong>signiﬁcat,</strong></span> <span class='ocrx_word' id='word_1_18' title='bbox 2916 475 2974 522; x_wconf 88' lang='lat' dir='ltr'><strong>ut</strong></span> <span class='ocrx_word' id='word_1_19' title='bbox 3000 467 3113 536; x_wconf 86' lang='lat' dir='ltr'><strong>ipse</strong></span> <span class='ocrx_word' id='word_1_20' title='bbox 3145 465 3316 521; x_wconf 77' lang='lat' dir='ltr'><strong>ait“:</strong></span> <span class='ocrx_word' id='word_1_21' title='bbox 3352 465 3519 532; x_wconf 81' lang='lat' dir='ltr'><strong>Super</strong></span> 
     </span>
    </p>
   </div>
   <div class='ocr_carea' id='block_1_4' title="bbox 263 531 1847 612">
    <p class='ocr_par' dir='ltr' id='par_1_4' title="bbox 263 531 1847 612">
     <span class='ocr_line' id='line_1_4' title="bbox 263 531 1847 612; baseline 0.003 -26"><span class='ocrx_word' id='word_1_22' title='bbox 263 549 454 604; x_wconf 67' lang='grc' dir='ltr'>φησιν’</span> <span class='ocrx_word' id='word_1_23' title='bbox 500 531 636 588; x_wconf 71' lang='grc' dir='ltr'>Ἐπὶ</span> <span class='ocrx_word' id='word_1_24' title='bbox 668 533 785 603; x_wconf 64' lang='grc' dir='ltr'>τῆς</span> <span class='ocrx_word' id='word_1_25' title='bbox 813 537 1100 604; x_wconf 82' lang='grc' dir='ltr'><strong>καθέδρας</strong></span> <span class='ocrx_word' id='word_1_26' title='bbox 1135 537 1408 604; x_wconf 84' lang='grc' dir='ltr'>Μωσέως.</span> <span class='ocrx_word' id='word_1_27' title='bbox 1444 541 1693 612; x_wconf 83' lang='grc' dir='ltr'>Καθέδρα</span> <span class='ocrx_word' id='word_1_28' title='bbox 1738 541 1847 594; x_wconf 86' lang='grc' dir='ltr'>τοί-</span> 
     </span>
    </p>
   </div>
   <div class='ocr_carea' id='block_1_5' title="bbox 267 623 1440 702">
    <p class='ocr_par' dir='ltr' id='par_1_5' title="bbox 267 623 1440 702">
     <span class='ocr_line' id='line_1_5' title="bbox 267 623 1440 702; baseline 0.007 -25"><span class='ocrx_word' id='word_1_29' title='bbox 267 643 355 679; x_wconf 65' lang='grc' dir='ltr'><strong>νυν</strong></span> <span class='ocrx_word' id='word_1_30' title='bbox 380 623 588 697; x_wconf 83' lang='grc' dir='ltr'>λοιμῶν</span> <span class='ocrx_word' id='word_1_31' title='bbox 621 629 659 698; x_wconf 80' lang='grc' dir='ltr'>ἡ</span> <span class='ocrx_word' id='word_1_32' title='bbox 686 628 1006 683; x_wconf 84' lang='grc' dir='ltr'>διδασκαλία</span> <span class='ocrx_word' id='word_1_33' title='bbox 1036 631 1142 684; x_wconf 85' lang='grc' dir='ltr'>τῶν</span> <span class='ocrx_word' id='word_1_34' title='bbox 1172 631 1440 702; x_wconf 83' lang='grc' dir='ltr'><strong>πονηρῶν.</strong></span> 
     </span>
    </p>
   </div>
   <div class='ocr_carea' id='block_1_6' title="bbox 347 718 1845 796">
    <p class='ocr_par' dir='ltr' id='par_1_6' title="bbox 347 718 1845 796">
     <span class='ocr_line' id='line_1_6' title="bbox 347 718 1845 796; baseline 0.003 -23"><span class='ocrx_word' id='word_1_35' title='bbox 347 718 592 788; x_wconf 78' lang='grc' dir='ltr'><strong>Ἡμέρας</strong></span> <span class='ocrx_word' id='word_1_36' title='bbox 627 721 731 774; x_wconf 74' lang='grc' dir='ltr'>καὶ</span> <span class='ocrx_word' id='word_1_37' title='bbox 762 723 998 787; x_wconf 79' lang='grc' dir='ltr'>νυκτός.</span> <span class='ocrx_word' id='word_1_38' title='bbox 1045 724 1120 776; x_wconf 82' lang='grc' dir='ltr'><strong>Τὸ</strong></span> <span class='ocrx_word' id='word_1_39' title='bbox 1157 723 1402 776; x_wconf 78' lang='grc' dir='ltr'><strong>σύντονον</strong></span> <span class='ocrx_word' id='word_1_40' title='bbox 1433 723 1597 794; x_wconf 84' lang='grc' dir='ltr'>δηλοῖ.</span> <span class='ocrx_word' id='word_1_41' title='bbox 1629 725 1702 777; x_wconf 84' lang='grc' dir='ltr'><strong>Ού</strong></span> <span class='ocrx_word' id='word_1_42' title='bbox 1737 723 1845 796; x_wconf 78' lang='grc' dir='ltr'><strong>γὰρ</strong></span> 
     </span>
    </p>
   </div>
   <div class='ocr_carea' id='block_1_7' title="bbox 275 810 1679 886">
    <p class='ocr_par' dir='ltr' id='par_1_7' title="bbox 275 810 1679 886">
     <span class='ocr_line' id='line_1_7' title="bbox 275 810 1679 886; baseline 0.004 -23"><span class='ocrx_word' id='word_1_43' title='bbox 275 810 632 883; x_wconf 63' lang='grc' dir='ltr'>ἠμελημένως</span> <span class='ocrx_word' id='word_1_44' title='bbox 659 813 743 865; x_wconf 84' lang='grc' dir='ltr'>δεῖ</span> <span class='ocrx_word' id='word_1_45' title='bbox 771 813 998 884; x_wconf 73' lang='grc' dir='ltr'>μελετᾷν</span> <span class='ocrx_word' id='word_1_46' title='bbox 1028 813 1119 866; x_wconf 83' lang='grc' dir='ltr'>τὸν</span> <span class='ocrx_word' id='word_1_47' title='bbox 1145 815 1306 886; x_wconf 85' lang='grc' dir='ltr'>νόμον</span> <span class='ocrx_word' id='word_1_48' title='bbox 1331 814 1426 868; x_wconf 78' lang='grc' dir='ltr'>τοῦ</span> <span class='ocrx_word' id='word_1_49' title='bbox 1455 817 1679 886; x_wconf 82' lang='grc' dir='ltr'><strong>Κυρίου.</strong></span> 
     </span>
    </p>
   </div>
   <div class='ocr_carea' id='block_1_8' title="bbox 343 990 1840 1063">
    <p class='ocr_par' dir='ltr' id='par_1_8' title="bbox 343 990 1840 1063">
     <span class='ocr_line' id='line_1_8' title="bbox 343 990 1840 1063; baseline 0.003 -19"><span class='ocrx_word' id='word_1_50' title='bbox 343 990 532 1062; x_wconf 69' lang='grc' dir='ltr'>[Ἀλλ’</span> <span class='ocrx_word' id='word_1_51' title='bbox 582 993 623 1059; x_wconf 80' lang='grc' dir='ltr'><strong>ἢ</strong></span> <span class='ocrx_word' id='word_1_52' title='bbox 651 993 722 1046; x_wconf 81' lang='grc' dir='ltr'>ἐν</span> <span class='ocrx_word' id='word_1_53' title='bbox 754 991 833 1056; x_wconf 86' lang='grc' dir='ltr'>τῷ</span> <span class='ocrx_word' id='word_1_54' title='bbox 860 994 1016 1062; x_wconf 82' lang='grc' dir='ltr'>νόμῳ</span> <span class='ocrx_word' id='word_1_55' title='bbox 1045 996 1264 1063; x_wconf 80' lang='grc' dir='ltr'><strong>Κυρίου</strong></span> <span class='ocrx_word' id='word_1_56' title='bbox 1293 996 1358 1048; x_wconf 85' lang='grc' dir='ltr'>τὸ</span> <span class='ocrx_word' id='word_1_57' title='bbox 1383 994 1608 1063; x_wconf 69' lang='grc' dir='ltr'>θέλημα</span> <span class='ocrx_word' id='word_1_58' title='bbox 1633 995 1840 1058; x_wconf 82' lang='grc' dir='ltr'>αὑτοῦ,</span> 
     </span>
    </p>
   </div>
   <div class='ocr_carea' id='block_1_9' title="bbox 276 1083 1841 1157">
    <p class='ocr_par' dir='ltr' id='par_1_9' title="bbox 276 1083 1841 1157">
     <span class='ocr_line' id='line_1_9' title="bbox 276 1083 1841 1157; baseline 0.003 -22"><span class='ocrx_word' id='word_1_59' title='bbox 276 1083 365 1135; x_wconf 76' lang='grc' dir='ltr'>καί</span> <span class='ocrx_word' id='word_1_60' title='bbox 491 1101 575 1147; x_wconf 84' lang='grc' dir='ltr'>τῳ</span> <span class='ocrx_word' id='word_1_61' title='bbox 611 1085 774 1152; x_wconf 79' lang='grc' dir='ltr'>νόμῳ</span> <span class='ocrx_word' id='word_1_62' title='bbox 801 1087 983 1139; x_wconf 83' lang='grc' dir='ltr'>αὑτοῦ</span> <span class='ocrx_word' id='word_1_63' title='bbox 1006 1088 1322 1157; x_wconf 74' lang='grc' dir='ltr'><strong>μελετήσει</strong></span> <span class='ocrx_word' id='word_1_64' title='bbox 1357 1089 1578 1156; x_wconf 70' lang='grc' dir='ltr'>ἡμέρας</span> <span class='ocrx_word' id='word_1_65' title='bbox 1611 1088 1706 1140; x_wconf 79' lang='grc' dir='ltr'>καὶ</span> <span class='ocrx_word' id='word_1_66' title='bbox 1734 1105 1841 1140; x_wconf 85' lang='grc' dir='ltr'>νυ-</span> 
     </span>
    </p>
   </div>
   <div class='ocr_carea' id='block_1_10' title="bbox 273 1174 1841 1250">
    <p class='ocr_par' dir='ltr' id='par_1_10' title="bbox 273 1174 1841 1250">
     <span class='ocr_line' id='line_1_10' title="bbox 273 1174 1841 1250; baseline 0.001 -21"><span class='ocrx_word' id='word_1_67' title='bbox 273 1177 424 1239; x_wconf 75' lang='grc' dir='ltr'>κτός.</span> <span class='ocrx_word' id='word_1_68' title='bbox 461 1175 553 1246; x_wconf 80' lang='grc' dir='ltr'><strong>Τῷ</strong></span> <span class='ocrx_word' id='word_1_69' title='bbox 583 1176 750 1244; x_wconf 78' lang='grc' dir='ltr'>νόμῳ,</span> <span class='ocrx_word' id='word_1_70' title='bbox 782 1174 859 1244; x_wconf 81' lang='grc' dir='ltr'>τῷ</span> <span class='ocrx_word' id='word_1_71' title='bbox 887 1179 1155 1248; x_wconf 82' lang='grc' dir='ltr'>ἀγγελικῷ</span> <span class='ocrx_word' id='word_1_72' title='bbox 1188 1180 1444 1250; x_wconf 76' lang='grc' dir='ltr'>δηλονότι.</span> <span class='ocrx_word' id='word_1_73' title='bbox 1486 1179 1558 1231; x_wconf 85' lang='grc' dir='ltr'>Τὸ</span> <span class='ocrx_word' id='word_1_74' title='bbox 1595 1180 1841 1232; x_wconf 74' lang='grc' dir='ltr'>σύντονον</span> 
     </span>
    </p>
   </div>
   <div class='ocr_carea' id='block_1_11' title="bbox 271 1267 1839 1342">
    <p class='ocr_par' dir='ltr' id='par_1_11' title="bbox 271 1267 1839 1342">
     <span class='ocr_line' id='line_1_11' title="bbox 271 1267 1839 1342; baseline 0.001 -23"><span class='ocrx_word' id='word_1_75' title='bbox 271 1267 413 1337; x_wconf 88' lang='grc' dir='ltr'><strong>δηλοί</strong></span> <span class='ocrx_word' id='word_1_76' title='bbox 432 1287 443 1298; x_wconf 89' lang='grc'>·</span> <span class='ocrx_word' id='word_1_77' title='bbox 480 1270 541 1322; x_wconf 80' lang='grc' dir='ltr'><strong>οὑ</strong></span> <span class='ocrx_word' id='word_1_78' title='bbox 575 1271 682 1342; x_wconf 74' lang='grc' dir='ltr'><strong>γὰρ</strong></span> <span class='ocrx_word' id='word_1_79' title='bbox 711 1272 1066 1342; x_wconf 73' lang='grc' dir='ltr'><strong>ἠμελημένως</strong></span> <span class='ocrx_word' id='word_1_80' title='bbox 1094 1271 1175 1322; x_wconf 83' lang='grc' dir='ltr'>δεῖ</span> <span class='ocrx_word' id='word_1_81' title='bbox 1200 1271 1425 1340; x_wconf 79' lang='grc' dir='ltr'>μελετᾷν</span> <span class='ocrx_word' id='word_1_82' title='bbox 1457 1271 1545 1323; x_wconf 82' lang='grc' dir='ltr'>τὸν</span> <span class='ocrx_word' id='word_1_83' title='bbox 1564 1272 1725 1340; x_wconf 86' lang='grc' dir='ltr'>νόμον</span> <span class='ocrx_word' id='word_1_84' title='bbox 1747 1269 1839 1323; x_wconf 80' lang='grc' dir='ltr'><strong>τοῦ</strong></span> 
     </span>
    </p>
   </div>
   <div class='ocr_carea' id='block_1_12' title="bbox 272 1357 1833 1432">
    <p class='ocr_par' dir='ltr' id='par_1_12' title="bbox 272 1357 1833 1432">
     <span class='ocr_line' id='line_1_12' title="bbox 272 1357 1833 1432; baseline 0.002 -24"><span class='ocrx_word' id='word_1_85' title='bbox 272 1359 492 1428; x_wconf 84' lang='grc' dir='ltr'>Κυρίου.</span> <span class='ocrx_word' id='word_1_86' title='bbox 526 1361 599 1413; x_wconf 73' lang='grc'><strong>0-3)</strong></span> <span class='ocrx_word' id='word_1_87' title='bbox 649 1361 758 1432; x_wconf 78' lang='grc' dir='ltr'>γὰρ</span> <span class='ocrx_word' id='word_1_88' title='bbox 802 1362 930 1414; x_wconf 82' lang='grc' dir='ltr'>ποτὲ</span> <span class='ocrx_word' id='word_1_89' title='bbox 974 1361 1052 1413; x_wconf 78' lang='grc' dir='ltr'>δεῖ</span> <span class='ocrx_word' id='word_1_90' title='bbox 1097 1364 1204 1422; x_wconf 86' lang='grc' dir='ltr'>τοῖς</span> <span class='ocrx_word' id='word_1_91' title='bbox 1235 1361 1479 1430; x_wconf 80' lang='grc' dir='ltr'>μελετᾷν,</span> <span class='ocrx_word' id='word_1_92' title='bbox 1511 1363 1640 1412; x_wconf 86' lang='grc' dir='ltr'>ποτὲ</span> <span class='ocrx_word' id='word_1_93' title='bbox 1667 1360 1722 1412; x_wconf 82' lang='grc' dir='ltr'>δὲ</span> <span class='ocrx_word' id='word_1_94' title='bbox 1751 1357 1833 1426; x_wconf 85' lang='grc' dir='ltr'>οὒ,</span> 
     </span>
    </p>
   </div>
   <div class='ocr_carea' id='block_1_13' title="bbox 270 1449 1839 1523">
    <p class='ocr_par' dir='ltr' id='par_1_13' title="bbox 270 1449 1839 1523">
     <span class='ocr_line' id='line_1_13' title="bbox 270 1449 1839 1523; baseline 0.001 -23"><span class='ocrx_word' id='word_1_95' title='bbox 270 1449 378 1500; x_wconf 78' lang='grc' dir='ltr'>ἀλλ’</span> <span class='ocrx_word' id='word_1_96' title='bbox 412 1450 500 1502; x_wconf 75' lang='grc' dir='ltr'>ἀεὶ</span> <span class='ocrx_word' id='word_1_97' title='bbox 544 1451 639 1503; x_wconf 77' lang='grc' dir='ltr'>καὶ</span> <span class='ocrx_word' id='word_1_98' title='bbox 679 1452 965 1514; x_wconf 72' lang='grc' dir='ltr'>διαπαντὸς</span> <span class='ocrx_word' id='word_1_99' title='bbox 1003 1455 1113 1515; x_wconf 87' lang='grc' dir='ltr'>τοῖς</span> <span class='ocrx_word' id='word_1_100' title='bbox 1141 1452 1302 1515; x_wconf 81' lang='grc' dir='ltr'><strong>θείοις</strong></span> <span class='ocrx_word' id='word_1_101' title='bbox 1335 1451 1528 1519; x_wconf 81' lang='grc' dir='ltr'>λογίοις</span> <span class='ocrx_word' id='word_1_102' title='bbox 1559 1451 1839 1523; x_wconf 83' lang='grc' dir='ltr'>προσηλῶ-</span> 
     </span>
    </p>
   </div>
   <div class='ocr_carea' id='block_1_14' title="bbox 273 1539 1840 1615">
    <p class='ocr_par' dir='ltr' id='par_1_14' title="bbox 273 1539 1840 1615">
     <span class='ocr_line' id='line_1_14' title="bbox 273 1539 1840 1615; baseline 0.003 -23"><span class='ocrx_word' id='word_1_103' title='bbox 273 1539 424 1593; x_wconf 85' lang='grc' dir='ltr'>σθαι·</span> <span class='ocrx_word' id='word_1_104' title='bbox 460 1542 619 1595; x_wconf 78' lang='grc' dir='ltr'>τοῦτο</span> <span class='ocrx_word' id='word_1_105' title='bbox 650 1543 757 1614; x_wconf 76' lang='grc' dir='ltr'><strong>γὰρ</strong></span> <span class='ocrx_word' id='word_1_106' title='bbox 783 1543 930 1615; x_wconf 82' lang='grc' dir='ltr'><strong>δηλοί</strong></span> <span class='ocrx_word' id='word_1_107' title='bbox 956 1544 1034 1607; x_wconf 85' lang='grc' dir='ltr'><strong>τὸ,</strong></span> <span class='ocrx_word' id='word_1_108' title='bbox 1068 1543 1288 1611; x_wconf 72' lang='grc' dir='ltr'>ἡμέρας</span> <span class='ocrx_word' id='word_1_109' title='bbox 1332 1543 1429 1596; x_wconf 77' lang='grc' dir='ltr'>καὶ</span> <span class='ocrx_word' id='word_1_110' title='bbox 1459 1545 1695 1608; x_wconf 81' lang='grc' dir='ltr'>νυκτός.</span> <span class='ocrx_word' id='word_1_111' title='bbox 1727 1545 1840 1596; x_wconf 85' lang='grc' dir='ltr'><strong>Κα-</strong></span> 
     </span>
    </p>
   </div>
   <div class='ocr_carea' id='block_1_15' title="bbox 271 1631 1836 1706">
    <p class='ocr_par' dir='ltr' id='par_1_15' title="bbox 271 1631 1836 1706">
     <span class='ocr_line' id='line_1_15' title="bbox 271 1631 1836 1706; baseline 0.003 -23"><span class='ocrx_word' id='word_1_112' title='bbox 271 1631 362 1694; x_wconf 76' lang='grc' dir='ltr'>λὸς</span> <span class='ocrx_word' id='word_1_113' title='bbox 382 1632 475 1685; x_wconf 74' lang='grc' dir='ltr'><strong>τοῦ</strong></span> <span class='ocrx_word' id='word_1_114' title='bbox 511 1634 930 1704; x_wconf 75' lang='grc' dir='ltr'><strong>κατορθώματος</strong></span> <span class='ocrx_word' id='word_1_115' title='bbox 960 1637 987 1687; x_wconf 84' lang='grc' dir='ltr'>ὁ</span> <span class='ocrx_word' id='word_1_116' title='bbox 1013 1635 1229 1706; x_wconf 76' lang='grc' dir='ltr'>μισθόςο</span> <span class='ocrx_word' id='word_1_117' title='bbox 1261 1637 1288 1689; x_wconf 97' lang='lat'><strong>6</strong></span> <span class='ocrx_word' id='word_1_118' title='bbox 1314 1635 1422 1704; x_wconf 83' lang='grc' dir='ltr'><strong>γὰρ</strong></span> <span class='ocrx_word' id='word_1_119' title='bbox 1451 1635 1528 1706; x_wconf 81' lang='grc' dir='ltr'>τῷ</span> <span class='ocrx_word' id='word_1_120' title='bbox 1554 1635 1681 1705; x_wconf 86' lang='grc' dir='ltr'>θείῳ</span> <span class='ocrx_word' id='word_1_121' title='bbox 1709 1652 1836 1705; x_wconf 86' lang='grc' dir='ltr'>σχο-</span> 
     </span>
    </p>
   </div>
   <div class='ocr_carea' id='block_1_16' title="bbox 269 1722 1830 1796">
    <p class='ocr_par' dir='ltr' id='par_1_16' title="bbox 269 1722 1830 1796">
     <span class='ocr_line' id='line_1_16' title="bbox 269 1722 1830 1796; baseline 0.003 -23"><span class='ocrx_word' id='word_1_122' title='bbox 269 1722 440 1786; x_wconf 70' lang='grc' dir='ltr'>λάζων</span> <span class='ocrx_word' id='word_1_123' title='bbox 473 1724 622 1794; x_wconf 82' lang='grc' dir='ltr'>νόμῳ</span> <span class='ocrx_word' id='word_1_124' title='bbox 649 1725 742 1777; x_wconf 78' lang='grc' dir='ltr'>καὶ</span> <span class='ocrx_word' id='word_1_125' title='bbox 770 1728 881 1788; x_wconf 89' lang='grc' dir='ltr'>τοῖς</span> <span class='ocrx_word' id='word_1_126' title='bbox 909 1727 972 1778; x_wconf 84' lang='grc' dir='ltr'>ὲκ</span> <span class='ocrx_word' id='word_1_127' title='bbox 1000 1725 1186 1778; x_wconf 84' lang='grc' dir='ltr'>τούτου</span> <span class='ocrx_word' id='word_1_128' title='bbox 1207 1726 1439 1796; x_wconf 83' lang='grc' dir='ltr'>νάμασιν</span> <span class='ocrx_word' id='word_1_129' title='bbox 1461 1725 1830 1796; x_wconf 85' lang='grc' dir='ltr'>ἀρδευόμενος.</span> 
     </span>
    </p>
   </div>
   <div class='ocr_carea' id='block_1_17' title="bbox 1952 558 3519 630">
    <p class='ocr_par' dir='ltr' id='par_1_17' title="bbox 1952 558 3519 630">
     <span class='ocr_line' id='line_1_17' title="bbox 1952 558 3519 630; baseline -0.002 -16"><span class='ocrx_word' id='word_1_130' title='bbox 1952 563 2254 615; x_wconf 72' lang='lat' dir='ltr'><strong>cathedram</strong></span> <span class='ocrx_word' id='word_1_131' title='bbox 2280 561 2470 630; x_wconf 84' lang='lat' dir='ltr'><strong>Moysi.</strong></span> <span class='ocrx_word' id='word_1_132' title='bbox 2527 560 2794 616; x_wconf 81' lang='lat' dir='ltr'><strong>Cathedra</strong></span> <span class='ocrx_word' id='word_1_133' title='bbox 2828 560 2992 629; x_wconf 88' lang='lat' dir='ltr'><strong>igitur</strong></span> <span class='ocrx_word' id='word_1_134' title='bbox 3014 558 3402 628; x_wconf 79' lang='lat' dir='ltr'><strong>pestilentium,</strong></span> <span class='ocrx_word' id='word_1_135' title='bbox 3435 565 3519 611; x_wconf 73' lang='lat' dir='ltr'><strong>est</strong></span> 
     </span>
    </p>
   </div>
   <div class='ocr_carea' id='block_1_18' title="bbox 1944 651 2556 721">
    <p class='ocr_par' dir='ltr' id='par_1_18' title="bbox 1944 651 2556 721">
     <span class='ocr_line' id='line_1_18' title="bbox 1944 651 2556 721; baseline 0 -15"><span class='ocrx_word' id='word_1_136' title='bbox 1944 651 2187 706; x_wconf 76' lang='lat' dir='ltr'><strong>doctrina</strong></span> <span class='ocrx_word' id='word_1_137' title='bbox 2226 653 2556 721; x_wconf 89' lang='lat' dir='ltr'><strong>iniquorum.</strong></span> 
     </span>
    </p>
   </div>
   <div class='ocr_carea' id='block_1_19' title="bbox 2013 738 3515 808">
    <p class='ocr_par' dir='ltr' id='par_1_19' title="bbox 2013 738 3515 808">
     <span class='ocr_line' id='line_1_19' title="bbox 2013 738 3515 808; baseline -0.001 -12"><span class='ocrx_word' id='word_1_138' title='bbox 2013 744 2065 798; x_wconf 72' lang='lat'><strong>2.</strong></span> <span class='ocrx_word' id='word_1_139' title='bbox 2100 745 2198 797; x_wconf 87' lang='lat' dir='ltr'><strong>Die</strong></span> <span class='ocrx_word' id='word_1_140' title='bbox 2226 762 2287 796; x_wconf 87' lang='lat' dir='ltr'><strong>ac</strong></span> <span class='ocrx_word' id='word_1_141' title='bbox 2313 755 2478 798; x_wconf 80' lang='lat' dir='ltr'><strong>nocte.</strong></span> <span class='ocrx_word' id='word_1_142' title='bbox 2507 743 2738 797; x_wconf 88' lang='lat' dir='ltr'><strong>Fervens</strong></span> <span class='ocrx_word' id='word_1_143' title='bbox 2760 741 2925 794; x_wconf 89' lang='lat' dir='ltr'><strong>animi</strong></span> <span class='ocrx_word' id='word_1_144' title='bbox 2953 739 3194 796; x_wconf 84' lang='lat' dir='ltr'><strong>studium</strong></span> <span class='ocrx_word' id='word_1_145' title='bbox 3224 738 3515 808; x_wconf 81' lang='lat' dir='ltr'><strong>signiﬁcat.</strong></span> 
     </span>
    </p>
   </div>
   <div class='ocr_carea' id='block_1_20' title="bbox 1946 830 3516 904">
    <p class='ocr_par' dir='ltr' id='par_1_20' title="bbox 1946 830 3516 904">
     <span class='ocr_line' id='line_1_20' title="bbox 1946 830 3516 904; baseline -0.004 -16"><span class='ocrx_word' id='word_1_146' title='bbox 1946 834 2223 904; x_wconf 88' lang='lat' dir='ltr'><strong>Siquidem</strong></span> <span class='ocrx_word' id='word_1_147' title='bbox 2268 851 2378 889; x_wconf 90' lang='lat' dir='ltr'><strong>non</strong></span> <span class='ocrx_word' id='word_1_148' title='bbox 2425 843 2509 888; x_wconf 90' lang='lat' dir='ltr'><strong>est</strong></span> <span class='ocrx_word' id='word_1_149' title='bbox 2547 831 2915 887; x_wconf 80' lang='lat' dir='ltr'><strong>meditandum</strong></span> <span class='ocrx_word' id='word_1_150' title='bbox 2968 831 3298 901; x_wconf 77' lang='lat' dir='ltr'><strong>negligenter</strong></span> <span class='ocrx_word' id='word_1_151' title='bbox 3344 830 3516 899; x_wconf 77' lang='lat' dir='ltr'><strong>legem</strong></span> 
     </span>
    </p>
   </div>
   <div class='ocr_carea' id='block_1_21' title="bbox 1944 923 2178 978">
    <p class='ocr_par' dir='ltr' id='par_1_21' title="bbox 1944 923 2178 978">
     <span class='ocr_line' id='line_1_21' title="bbox 1944 923 2178 978; baseline 0.004 -3"><span class='ocrx_word' id='word_1_152' title='bbox 1944 923 2178 978; x_wconf 88' lang='lat' dir='ltr'><strong>Domini.</strong></span> 
     </span>
    </p>
   </div>
   <div class='ocr_carea' id='block_1_22' title="bbox 2015 1009 3514 1086">
    <p class='ocr_par' dir='ltr' id='par_1_22' title="bbox 2015 1009 3514 1086">
     <span class='ocr_line' id='line_1_22' title="bbox 2015 1009 3514 1086; baseline -0.005 -18"><span class='ocrx_word' id='word_1_153' title='bbox 2015 1013 2142 1086; x_wconf 85' lang='lat' dir='ltr'><strong>[Sed</strong></span> <span class='ocrx_word' id='word_1_154' title='bbox 2181 1015 2235 1066; x_wconf 86' lang='lat' dir='ltr'><strong>in</strong></span> <span class='ocrx_word' id='word_1_155' title='bbox 2264 1015 2373 1085; x_wconf 74' lang='lat' dir='ltr'><strong>lege</strong></span> <span class='ocrx_word' id='word_1_156' title='bbox 2407 1015 2621 1068; x_wconf 87' lang='lat' dir='ltr'><strong>Domini</strong></span> <span class='ocrx_word' id='word_1_157' title='bbox 2654 1015 2895 1067; x_wconf 76' lang='lat' dir='ltr'><strong>voluntas</strong></span> <span class='ocrx_word' id='word_1_158' title='bbox 2929 1013 3065 1082; x_wconf 87' lang='lat' dir='ltr'><strong>ejus,</strong></span> <span class='ocrx_word' id='word_1_159' title='bbox 3096 1012 3223 1064; x_wconf 85' lang='lat' dir='ltr'><strong>etin</strong></span> <span class='ocrx_word' id='word_1_160' title='bbox 3259 1011 3368 1079; x_wconf 85' lang='lat' dir='ltr'><strong>lege</strong></span> <span class='ocrx_word' id='word_1_161' title='bbox 3400 1009 3514 1078; x_wconf 80' lang='lat' dir='ltr'><strong>ejus</strong></span> 
     </span>
    </p>
   </div>
   <div class='ocr_carea' id='block_1_23' title="bbox 1943 1102 3510 1174">
    <p class='ocr_par' dir='ltr' id='par_1_23' title="bbox 1943 1102 3510 1174">
     <span class='ocr_line' id='line_1_23' title="bbox 1943 1102 3510 1174; baseline -0.004 -13"><span class='ocrx_word' id='word_1_162' title='bbox 1943 1108 2282 1162; x_wconf 75' lang='lat' dir='ltr'><strong>meditabitur</strong></span> <span class='ocrx_word' id='word_1_163' title='bbox 2310 1109 2395 1161; x_wconf 87' lang='lat' dir='ltr'><strong>die</strong></span> <span class='ocrx_word' id='word_1_164' title='bbox 2425 1124 2486 1160; x_wconf 86' lang='lat' dir='ltr'><strong>ac</strong></span> <span class='ocrx_word' id='word_1_165' title='bbox 2517 1115 2683 1159; x_wconf 87' lang='lat' dir='ltr'><strong>nocte.</strong></span> <span class='ocrx_word' id='word_1_166' title='bbox 2715 1107 2766 1158; x_wconf 91' lang='lat' dir='ltr'><strong>In</strong></span> <span class='ocrx_word' id='word_1_167' title='bbox 2800 1107 2933 1174; x_wconf 81' lang='lat' dir='ltr'><strong>lege,</strong></span> <span class='ocrx_word' id='word_1_168' title='bbox 2968 1105 3210 1174; x_wconf 81' lang='lat' dir='ltr'><strong>angelica</strong></span> <span class='ocrx_word' id='word_1_169' title='bbox 3239 1102 3510 1156; x_wconf 81' lang='lat' dir='ltr'><strong>videlicet.</strong></span> 
     </span>
    </p>
   </div>
   <div class='ocr_carea' id='block_1_24' title="bbox 1939 1193 3510 1270">
    <p class='ocr_par' dir='ltr' id='par_1_24' title="bbox 1939 1193 3510 1270">
     <span class='ocr_line' id='line_1_24' title="bbox 1939 1193 3510 1270; baseline -0.006 -14"><span class='ocrx_word' id='word_1_170' title='bbox 1939 1200 2354 1256; x_wconf 88' lang='lat' dir='ltr'><strong>Contentionem</strong></span> <span class='ocrx_word' id='word_1_171' title='bbox 2405 1201 2672 1270; x_wconf 86' lang='lat' dir='ltr'><strong>signiticat</strong></span> <span class='ocrx_word' id='word_1_172' title='bbox 2717 1214 2780 1252; x_wconf 93' lang='lat' dir='ltr'><strong>ac</strong></span> <span class='ocrx_word' id='word_1_173' title='bbox 2825 1198 3202 1267; x_wconf 87' lang='lat' dir='ltr'><strong>diligentiam;</strong></span> <span class='ocrx_word' id='word_1_174' title='bbox 3236 1211 3341 1248; x_wconf 90' lang='lat' dir='ltr'><strong>non</strong></span> <span class='ocrx_word' id='word_1_175' title='bbox 3364 1193 3510 1247; x_wconf 90' lang='lat' dir='ltr'><strong>enim</strong></span> 
     </span>
    </p>
   </div>
   <div class='ocr_carea' id='block_1_25' title="bbox 1942 1283 3511 1359">
    <p class='ocr_par' dir='ltr' id='par_1_25' title="bbox 1942 1283 3511 1359">
     <span class='ocr_line' id='line_1_25' title="bbox 1942 1283 3511 1359; baseline -0.006 -15"><span class='ocrx_word' id='word_1_176' title='bbox 1942 1292 2168 1345; x_wconf 88' lang='lat' dir='ltr'><strong>remisse</strong></span> <span class='ocrx_word' id='word_1_177' title='bbox 2199 1305 2262 1344; x_wconf 92' lang='lat' dir='ltr'><strong>ac</strong></span> <span class='ocrx_word' id='word_1_178' title='bbox 2286 1291 2621 1359; x_wconf 83' lang='lat' dir='ltr'><strong>negligenter</strong></span> <span class='ocrx_word' id='word_1_179' title='bbox 2645 1297 2857 1357; x_wconf 87' lang='lat' dir='ltr'><strong>oportet</strong></span> <span class='ocrx_word' id='word_1_180' title='bbox 2885 1287 3051 1356; x_wconf 80' lang='lat' dir='ltr'><strong>legem</strong></span> <span class='ocrx_word' id='word_1_181' title='bbox 3090 1286 3300 1338; x_wconf 91' lang='lat' dir='ltr'><strong>Domini</strong></span> <span class='ocrx_word' id='word_1_182' title='bbox 3338 1283 3511 1336; x_wconf 85' lang='lat' dir='ltr'><strong>medi-</strong></span> 
     </span>
    </p>
   </div>
   <div class='ocr_carea' id='block_1_26' title="bbox 1939 1375 3510 1450">
    <p class='ocr_par' dir='ltr' id='par_1_26' title="bbox 1939 1375 3510 1450">
     <span class='ocr_line' id='line_1_26' title="bbox 1939 1375 3510 1450; baseline -0.006 -14"><span class='ocrx_word' id='word_1_183' title='bbox 1939 1383 2063 1436; x_wconf 86' lang='lat' dir='ltr'><strong>tari.</strong></span> <span class='ocrx_word' id='word_1_184' title='bbox 2099 1379 2282 1450; x_wconf 82' lang='lat' dir='ltr'><strong>Neque</strong></span> <span class='ocrx_word' id='word_1_185' title='bbox 2321 1381 2482 1433; x_wconf 87' lang='lat' dir='ltr'><strong>modo</strong></span> <span class='ocrx_word' id='word_1_186' title='bbox 2515 1379 2882 1434; x_wconf 87' lang='lat' dir='ltr'><strong>meditandum</strong></span> <span class='ocrx_word' id='word_1_187' title='bbox 2905 1417 2920 1441; x_wconf 93' lang='lat'><strong>,</strong></span> <span class='ocrx_word' id='word_1_188' title='bbox 2957 1378 3116 1431; x_wconf 84' lang='lat' dir='ltr'><strong>modo</strong></span> <span class='ocrx_word' id='word_1_189' title='bbox 3151 1375 3510 1445; x_wconf 82' lang='lat' dir='ltr'><strong>superseden-</strong></span> 
     </span>
    </p>
   </div>
   <div class='ocr_carea' id='block_1_27' title="bbox 1939 1466 3510 1539">
    <p class='ocr_par' dir='ltr' id='par_1_27' title="bbox 1939 1466 3510 1539">
     <span class='ocr_line' id='line_1_27' title="bbox 1939 1466 3510 1539; baseline -0.006 -12"><span class='ocrx_word' id='word_1_190' title='bbox 1939 1473 2066 1528; x_wconf 93' lang='lat' dir='ltr'><strong>dum</strong></span> <span class='ocrx_word' id='word_1_191' title='bbox 2117 1472 2505 1537; x_wconf 88' lang='lat' dir='ltr'><strong>meditatione;</strong></span> <span class='ocrx_word' id='word_1_192' title='bbox 2549 1472 2641 1526; x_wconf 85' lang='lat' dir='ltr'><strong>sed</strong></span> <span class='ocrx_word' id='word_1_193' title='bbox 2689 1486 2902 1539; x_wconf 84' lang='lat' dir='ltr'><strong>semper</strong></span> <span class='ocrx_word' id='word_1_194' title='bbox 2947 1478 2999 1524; x_wconf 88' lang='lat' dir='ltr'><strong>et</strong></span> <span class='ocrx_word' id='word_1_195' title='bbox 3041 1469 3261 1523; x_wconf 87' lang='lat' dir='ltr'><strong>assidue</strong></span> <span class='ocrx_word' id='word_1_196' title='bbox 3312 1466 3510 1519; x_wconf 84' lang='lat' dir='ltr'><strong>divinis</strong></span> 
     </span>
    </p>
   </div>
   <div class='ocr_carea' id='block_1_28' title="bbox 1938 1558 3511 1632">
    <p class='ocr_par' dir='ltr' id='par_1_28' title="bbox 1938 1558 3511 1632">
     <span class='ocr_line' id='line_1_28' title="bbox 1938 1558 3511 1632; baseline -0.005 -14"><span class='ocrx_word' id='word_1_197' title='bbox 1938 1565 2172 1620; x_wconf 87' lang='lat' dir='ltr'><strong>oraculis</strong></span> <span class='ocrx_word' id='word_1_198' title='bbox 2207 1579 2325 1619; x_wconf 88' lang='lat' dir='ltr'><strong>sese</strong></span> <span class='ocrx_word' id='word_1_199' title='bbox 2363 1564 2612 1618; x_wconf 84' lang='lat' dir='ltr'><strong>addicere</strong></span> <span class='ocrx_word' id='word_1_200' title='bbox 2644 1569 2780 1632; x_wconf 86' lang='lat' dir='ltr'><strong>opus</strong></span> <span class='ocrx_word' id='word_1_201' title='bbox 2817 1571 2939 1617; x_wconf 88' lang='lat' dir='ltr'><strong>est:</strong></span> <span class='ocrx_word' id='word_1_202' title='bbox 2975 1563 3024 1616; x_wconf 93' lang='lat' dir='ltr'><strong>id</strong></span> <span class='ocrx_word' id='word_1_203' title='bbox 3058 1563 3200 1614; x_wconf 85' lang='lat' dir='ltr'><strong>enim</strong></span> <span class='ocrx_word' id='word_1_204' title='bbox 3237 1558 3511 1628; x_wconf 53' lang='lat' dir='ltr'><strong>signiﬁca.</strong></span> 
     </span>
    </p>
   </div>
   <div class='ocr_carea' id='block_1_29' title="bbox 1939 1649 3506 1720">
    <p class='ocr_par' dir='ltr' id='par_1_29' title="bbox 1939 1649 3506 1720">
     <span class='ocr_line' id='line_1_29' title="bbox 1939 1649 3506 1720; baseline -0.004 -12"><span class='ocrx_word' id='word_1_205' title='bbox 1939 1665 2027 1708; x_wconf 87' lang='lat' dir='ltr'><strong>tur</strong></span> <span class='ocrx_word' id='word_1_206' title='bbox 2074 1656 2178 1709; x_wconf 92' lang='lat' dir='ltr'><strong>hoc</strong></span> <span class='ocrx_word' id='word_1_207' title='bbox 2222 1655 2385 1720; x_wconf 84' lang='lat' dir='ltr'><strong>dicto,</strong></span> <span class='ocrx_word' id='word_1_208' title='bbox 2417 1655 2501 1708; x_wconf 87' lang='lat' dir='ltr'><strong>die</strong></span> <span class='ocrx_word' id='word_1_209' title='bbox 2535 1671 2597 1708; x_wconf 83' lang='lat' dir='ltr'><strong>ac</strong></span> <span class='ocrx_word' id='word_1_210' title='bbox 2626 1665 2791 1708; x_wconf 86' lang='lat' dir='ltr'><strong>nocte.</strong></span> <span class='ocrx_word' id='word_1_211' title='bbox 2825 1654 2970 1708; x_wconf 81' lang='lat' dir='ltr'><strong>Bona</strong></span> <span class='ocrx_word' id='word_1_212' title='bbox 3011 1663 3094 1708; x_wconf 90' lang='lat' dir='ltr'><strong>est</strong></span> <span class='ocrx_word' id='word_1_213' title='bbox 3137 1665 3346 1705; x_wconf 84' lang='lat' dir='ltr'><strong>merces</strong></span> <span class='ocrx_word' id='word_1_214' title='bbox 3376 1649 3506 1703; x_wconf 78' lang='lat' dir='ltr'><strong>boni</strong></span> 
     </span>
    </p>
   </div>
   <div class='ocr_carea' id='block_1_30' title="bbox 1937 1741 3507 1819">
    <p class='ocr_par' dir='ltr' id='par_1_30' title="bbox 1937 1741 3507 1819">
     <span class='ocr_line' id='line_1_30' title="bbox 1937 1741 3507 1819; baseline -0.003 -19"><span class='ocrx_word' id='word_1_215' title='bbox 1937 1748 2156 1817; x_wconf 91' lang='lat' dir='ltr'><strong>operis:</strong></span> <span class='ocrx_word' id='word_1_216' title='bbox 2185 1748 2276 1819; x_wconf 89' lang='lat' dir='ltr'><strong>qui</strong></span> <span class='ocrx_word' id='word_1_217' title='bbox 2323 1749 2467 1802; x_wconf 91' lang='lat' dir='ltr'><strong>enim</strong></span> <span class='ocrx_word' id='word_1_218' title='bbox 2517 1747 2713 1800; x_wconf 74' lang='lat' dir='ltr'><strong>divinae</strong></span> <span class='ocrx_word' id='word_1_219' title='bbox 2758 1755 2913 1800; x_wconf 87' lang='lat' dir='ltr'><strong>vacat</strong></span> <span class='ocrx_word' id='word_1_220' title='bbox 2954 1746 3078 1815; x_wconf 88' lang='lat' dir='ltr'><strong>legi,</strong></span> <span class='ocrx_word' id='word_1_221' title='bbox 3124 1745 3243 1813; x_wconf 85' lang='lat' dir='ltr'><strong>ejus</strong></span> <span class='ocrx_word' id='word_1_222' title='bbox 3288 1741 3507 1796; x_wconf 88' lang='lat' dir='ltr'><strong>ﬂuentis</strong></span> 
     </span>
    </p>
   </div>
   <div class='ocr_carea' id='block_1_31' title="bbox 266 1809 1829 1910">
    <p class='ocr_par' dir='ltr' id='par_1_31' title="bbox 266 1812 1829 1886">
     <span class='ocr_line' id='line_1_31' title="bbox 266 1812 1829 1886; baseline 0.003 -22"><span class='ocrx_word' id='word_1_223' title='bbox 266 1813 370 1864; x_wconf 76' lang='grc' dir='ltr'><strong>Καὶ</strong></span> <span class='ocrx_word' id='word_1_224' title='bbox 408 1812 553 1884; x_wconf 81' lang='grc' dir='ltr'>ὕδωρ</span> <span class='ocrx_word' id='word_1_225' title='bbox 573 1815 664 1867; x_wconf 73' lang='grc' dir='ltr'><strong>καὶ</strong></span> <span class='ocrx_word' id='word_1_226' title='bbox 693 1816 720 1867; x_wconf 85' lang='grc' dir='ltr'>ὁ</span> <span class='ocrx_word' id='word_1_227' title='bbox 741 1816 972 1886; x_wconf 76' lang='grc' dir='ltr'>Χριστὸς</span> <span class='ocrx_word' id='word_1_228' title='bbox 1013 1815 1110 1886; x_wconf 88' lang='grc' dir='ltr'>τὴν</span> <span class='ocrx_word' id='word_1_229' title='bbox 1139 1815 1332 1868; x_wconf 79' lang='grc' dir='ltr'>ἑαυτοῦ</span> <span class='ocrx_word' id='word_1_230' title='bbox 1361 1815 1702 1869; x_wconf 79' lang='grc' dir='ltr'>διδασκαλίαν</span> <span class='ocrx_word' id='word_1_231' title='bbox 1745 1816 1829 1868; x_wconf 86' lang='grc' dir='ltr'>ἀν·</span> 
     </span>
    </p>
   </div>
   <div class='ocr_carea' id='block_1_32' title="bbox 1935 1809 3508 1910">
    <p class='ocr_par' dir='ltr' id='par_1_32' title="bbox 1939 1833 3508 1910">
     <span class='ocr_line' id='line_1_32' title="bbox 1939 1833 3508 1910; baseline -0.005 -18"><span class='ocrx_word' id='word_1_232' title='bbox 1939 1839 2215 1909; x_wconf 89' lang='lat' dir='ltr'><strong>irrigatur.</strong></span> <span class='ocrx_word' id='word_1_233' title='bbox 2255 1839 2507 1893; x_wconf 85' lang='lat' dir='ltr'><strong>Christus</strong></span> <span class='ocrx_word' id='word_1_234' title='bbox 2533 1855 2750 1910; x_wconf 88' lang='lat' dir='ltr'><strong>quoque</strong></span> <span class='ocrx_word' id='word_1_235' title='bbox 2778 1837 3078 1891; x_wconf 89' lang='lat' dir='ltr'><strong>doctrinam</strong></span> <span class='ocrx_word' id='word_1_236' title='bbox 3109 1851 3264 1889; x_wconf 86' lang='lat' dir='ltr'><strong>suam</strong></span> <span class='ocrx_word' id='word_1_237' title='bbox 3295 1833 3508 1888; x_wconf 88' lang='lat' dir='ltr'><strong>vocavit</strong></span> 
     </span>
    </p>
   </div>
   <div class='ocr_carea' id='block_1_33' title="bbox 264 1904 1833 1976">
    <p class='ocr_par' dir='ltr' id='par_1_33' title="bbox 264 1904 1833 1976">
     <span class='ocr_line' id='line_1_33' title="bbox 264 1904 1833 1976; baseline 0.003 -21"><span class='ocrx_word' id='word_1_238' title='bbox 264 1904 520 1957; x_wconf 74' lang='grc' dir='ltr'>εκάλεσεν</span> <span class='ocrx_word' id='word_1_239' title='bbox 541 1907 709 1959; x_wconf 73' lang='grc' dir='ltr'>εἰπών</span> <span class='ocrx_word' id='word_1_240' title='bbox 725 1924 738 1936; x_wconf 88' lang='grc'><strong>·</strong></span> <span class='ocrx_word' id='word_1_241' title='bbox 762 1907 837 1960; x_wconf 79' lang='lat' dir='ltr'><strong><em>El</em></strong></span> <span class='ocrx_word' id='word_1_242' title='bbox 855 1925 944 1971; x_wconf 82' lang='grc' dir='ltr'><strong>τις</strong></span> <span class='ocrx_word' id='word_1_243' title='bbox 973 1906 1138 1975; x_wconf 76' lang='grc' dir='ltr'>διψᾷ,</span> <span class='ocrx_word' id='word_1_244' title='bbox 1163 1906 1424 1976; x_wconf 79' lang='grc' dir='ltr'><strong>ἐρχέσθω</strong></span> <span class='ocrx_word' id='word_1_245' title='bbox 1449 1907 1594 1975; x_wconf 79' lang='grc' dir='ltr'>πρὸς</span> <span class='ocrx_word' id='word_1_246' title='bbox 1622 1907 1721 1976; x_wconf 85' lang='grc' dir='ltr'>μὲ,</span> <span class='ocrx_word' id='word_1_247' title='bbox 1737 1908 1833 1960; x_wconf 77' lang='grc' dir='ltr'>καὶ</span> 
     </span>
    </p>
   </div>
   <div class='ocr_carea' id='block_1_34' title="bbox 263 1993 1831 2067">
    <p class='ocr_par' dir='ltr' id='par_1_34' title="bbox 263 1993 1831 2067">
     <span class='ocr_line' id='line_1_34' title="bbox 263 1993 1831 2067; baseline 0.004 -23"><span class='ocrx_word' id='word_1_248' title='bbox 263 1993 593 2065; x_wconf 80' lang='grc' dir='ltr'>πινέτω.Τῷ</span> <span class='ocrx_word' id='word_1_249' title='bbox 610 1997 736 2065; x_wconf 78' lang='grc' dir='ltr'>παρ’</span> <span class='ocrx_word' id='word_1_250' title='bbox 749 1994 902 2048; x_wconf 79' lang='grc' dir='ltr'>ὕδασι</span> <span class='ocrx_word' id='word_1_251' title='bbox 918 1995 1115 2066; x_wconf 78' lang='grc' dir='ltr'>δένδρῳ</span> <span class='ocrx_word' id='word_1_252' title='bbox 1130 1996 1456 2050; x_wconf 78' lang='grc' dir='ltr'>ἀπείκασται</span> <span class='ocrx_word' id='word_1_253' title='bbox 1469 1998 1556 2050; x_wconf 75' lang='grc' dir='ltr'>ἀεὶ</span> <span class='ocrx_word' id='word_1_254' title='bbox 1566 1997 1831 2067; x_wconf 87' lang='grc' dir='ltr'>τεθηλότι,</span> 
     </span>
    </p>
   </div>
   <div class='ocr_carea' id='block_1_35' title="bbox 263 2085 1834 2160">
    <p class='ocr_par' dir='ltr' id='par_1_35' title="bbox 263 2085 1834 2160">
     <span class='ocr_line' id='line_1_35' title="bbox 263 2085 1834 2160; baseline 0.003 -23"><span class='ocrx_word' id='word_1_255' title='bbox 263 2087 345 2137; x_wconf 77' lang='grc' dir='ltr'>ἀεὶ</span> <span class='ocrx_word' id='word_1_256' title='bbox 368 2085 608 2156; x_wconf 82' lang='grc' dir='ltr'>βρίθοντι</span> <span class='ocrx_word' id='word_1_257' title='bbox 629 2091 737 2150; x_wconf 81' lang='grc' dir='ltr'>τοῖς</span> <span class='ocrx_word' id='word_1_258' title='bbox 763 2088 1002 2158; x_wconf 83' lang='grc' dir='ltr'>ὡραίοις.</span> <span class='ocrx_word' id='word_1_259' title='bbox 1031 2085 1094 2140; x_wconf 89' lang='grc' dir='ltr'><strong>Οἱ</strong></span> <span class='ocrx_word' id='word_1_260' title='bbox 1129 2087 1235 2158; x_wconf 79' lang='grc' dir='ltr'><strong>γὰρ</strong></span> <span class='ocrx_word' id='word_1_261' title='bbox 1255 2091 1351 2159; x_wconf 82' lang='grc' dir='ltr'>τῆς</span> <span class='ocrx_word' id='word_1_262' title='bbox 1377 2090 1575 2160; x_wconf 83' lang='grc' dir='ltr'>ἀρετῆς</span> <span class='ocrx_word' id='word_1_263' title='bbox 1607 2089 1834 2158; x_wconf 73' lang='grc' dir='ltr'>ἀθληταὶ</span> 
     </span>
    </p>
   </div>
   <div class='ocr_carea' id='block_1_36' title="bbox 261 2175 1824 2249">
    <p class='ocr_par' dir='ltr' id='par_1_36' title="bbox 261 2175 1824 2249">
     <span class='ocr_line' id='line_1_36' title="bbox 261 2175 1824 2249; baseline 0.003 -24"><span class='ocrx_word' id='word_1_264' title='bbox 261 2175 382 2238; x_wconf 70' lang='grc' dir='ltr'>τοὺς</span> <span class='ocrx_word' id='word_1_265' title='bbox 433 2176 531 2246; x_wconf 83' lang='grc' dir='ltr'>μὲν</span> <span class='ocrx_word' id='word_1_266' title='bbox 577 2176 684 2229; x_wconf 84' lang='grc' dir='ltr'><strong>τῶν</strong></span> <span class='ocrx_word' id='word_1_267' title='bbox 717 2177 892 2231; x_wconf 87' lang='grc' dir='ltr'>πόνων</span> <span class='ocrx_word' id='word_1_268' title='bbox 925 2179 1166 2249; x_wconf 81' lang='grc' dir='ltr'>καρποὺς</span> <span class='ocrx_word' id='word_1_269' title='bbox 1196 2177 1335 2231; x_wconf 84' lang='grc' dir='ltr'>κατὰ</span> <span class='ocrx_word' id='word_1_270' title='bbox 1372 2178 1432 2231; x_wconf 83' lang='grc' dir='ltr'>τὸ</span> <span class='ocrx_word' id='word_1_271' title='bbox 1462 2177 1650 2248; x_wconf 84' lang='grc' dir='ltr'>μέλλον</span> <span class='ocrx_word' id='word_1_272' title='bbox 1675 2179 1824 2248; x_wconf 86' lang='grc' dir='ltr'>κομί-</span> 
     </span>
    </p>
   </div>
   <div class='ocr_carea' id='block_1_37' title="bbox 265 2263 1832 2342">
    <p class='ocr_par' dir='ltr' id='par_1_37' title="bbox 265 2263 1832 2342">
     <span class='ocr_line' id='line_1_37' title="bbox 265 2263 1832 2342; baseline 0.001 -21"><span class='ocrx_word' id='word_1_273' title='bbox 265 2283 442 2321; x_wconf 60' lang='grc' dir='ltr'>ζονται</span> <span class='ocrx_word' id='word_1_274' title='bbox 460 2286 473 2298; x_wconf 74' lang='grc' dir='ltr'><strong>ο</strong></span> <span class='ocrx_word' id='word_1_275' title='bbox 503 2263 615 2322; x_wconf 74' lang='grc' dir='ltr'>οἷον</span> <span class='ocrx_word' id='word_1_276' title='bbox 643 2269 700 2322; x_wconf 84' lang='grc' dir='ltr'><strong>δέ</strong></span> <span class='ocrx_word' id='word_1_277' title='bbox 732 2287 843 2322; x_wconf 89' lang='grc' dir='ltr'>τισι</span> <span class='ocrx_word' id='word_1_278' title='bbox 886 2270 1103 2338; x_wconf 77' lang='grc' dir='ltr'>φύλλοις</span> <span class='ocrx_word' id='word_1_279' title='bbox 1133 2269 1420 2324; x_wconf 83' lang='grc' dir='ltr'>κάντεῦθεν</span> <span class='ocrx_word' id='word_1_280' title='bbox 1444 2274 1508 2342; x_wconf 78' lang='grc' dir='ltr'><strong>τῇ</strong></span> <span class='ocrx_word' id='word_1_281' title='bbox 1539 2270 1714 2342; x_wconf 80' lang='grc' dir='ltr'>ἀγαθῇ</span> <span class='ocrx_word' id='word_1_282' title='bbox 1745 2271 1832 2323; x_wconf 74' lang='grc' dir='ltr'><strong>ἑλ-</strong></span> 
     </span>
    </p>
   </div>
   <div class='ocr_carea' id='block_1_38' title="bbox 261 2359 1831 2433">
    <p class='ocr_par' dir='ltr' id='par_1_38' title="bbox 261 2359 1831 2433">
     <span class='ocr_line' id='line_1_38' title="bbox 261 2359 1831 2433; baseline 0.001 -22"><span class='ocrx_word' id='word_1_283' title='bbox 261 2359 368 2412; x_wconf 79' lang='grc' dir='ltr'>πίδι</span> <span class='ocrx_word' id='word_1_284' title='bbox 419 2361 894 2427; x_wconf 79' lang='grc' dir='ltr'>κατασκιάζονται,</span> <span class='ocrx_word' id='word_1_285' title='bbox 923 2362 1014 2415; x_wconf 74' lang='grc' dir='ltr'>καὶ</span> <span class='ocrx_word' id='word_1_286' title='bbox 1064 2362 1351 2415; x_wconf 82' lang='grc' dir='ltr'>κλέπτουσι</span> <span class='ocrx_word' id='word_1_287' title='bbox 1398 2365 1462 2433; x_wconf 82' lang='grc' dir='ltr'><strong>τῇ</strong></span> <span class='ocrx_word' id='word_1_288' title='bbox 1507 2362 1831 2433; x_wconf 64' lang='grc' dir='ltr'>ψυχαγωγία</span> 
     </span>
    </p>
   </div>
   <div class='ocr_carea' id='block_1_39' title="bbox 262 2451 1830 2524">
    <p class='ocr_par' dir='ltr' id='par_1_39' title="bbox 262 2451 1830 2524">
     <span class='ocr_line' id='line_1_39' title="bbox 262 2451 1830 2524; baseline 0.001 -20"><span class='ocrx_word' id='word_1_289' title='bbox 262 2453 354 2522; x_wconf 73' lang='grc' dir='ltr'>τὴν</span> <span class='ocrx_word' id='word_1_290' title='bbox 376 2451 486 2504; x_wconf 83' lang='grc' dir='ltr'>τῶν</span> <span class='ocrx_word' id='word_1_291' title='bbox 521 2453 698 2506; x_wconf 87' lang='grc' dir='ltr'>πόνων</span> <span class='ocrx_word' id='word_1_292' title='bbox 722 2452 1016 2523; x_wconf 76' lang='grc' dir='ltr'>βαρύτητα.</span> <span class='ocrx_word' id='word_1_293' title='bbox 1049 2454 1140 2524; x_wconf 84' lang='grc' dir='ltr'><strong>Τῷ</strong></span> <span class='ocrx_word' id='word_1_294' title='bbox 1170 2453 1394 2524; x_wconf 78' lang='grc' dir='ltr'>τοιούτῳ</span> <span class='ocrx_word' id='word_1_295' title='bbox 1426 2455 1603 2508; x_wconf 85' lang='grc' dir='ltr'>πάντα</span> <span class='ocrx_word' id='word_1_296' title='bbox 1639 2455 1830 2506; x_wconf 80' lang='grc' dir='ltr'>εὐοδω-</span> 
     </span>
    </p>
   </div>
   <div class='ocr_carea' id='block_1_40' title="bbox 263 2540 1830 2614">
    <p class='ocr_par' dir='ltr' id='par_1_40' title="bbox 263 2540 1830 2614">
     <span class='ocr_line' id='line_1_40' title="bbox 263 2540 1830 2614; baseline 0.003 -22"><span class='ocrx_word' id='word_1_297' title='bbox 263 2540 500 2610; x_wconf 72' lang='grc' dir='ltr'>θήσεται.</span> <span class='ocrx_word' id='word_1_298' title='bbox 521 2542 684 2595; x_wconf 77' lang='grc' dir='ltr'>Οὐδὲν</span> <span class='ocrx_word' id='word_1_299' title='bbox 713 2542 819 2612; x_wconf 84' lang='grc' dir='ltr'><strong>γὰρ</strong></span> <span class='ocrx_word' id='word_1_300' title='bbox 844 2542 1082 2597; x_wconf 76' lang='grc' dir='ltr'>ἐναντίον</span> <span class='ocrx_word' id='word_1_301' title='bbox 1106 2546 1220 2606; x_wconf 85' lang='grc' dir='ltr'>τοῖς</span> <span class='ocrx_word' id='word_1_302' title='bbox 1247 2542 1409 2606; x_wconf 87' lang='grc' dir='ltr'>θείοις</span> <span class='ocrx_word' id='word_1_303' title='bbox 1431 2544 1612 2614; x_wconf 86' lang='grc' dir='ltr'>νόμοις</span> <span class='ocrx_word' id='word_1_304' title='bbox 1635 2545 1830 2614; x_wconf 84' lang='grc' dir='ltr'>διενερ-</span> 
     </span>
    </p>
   </div>
   <div class='ocr_carea' id='block_1_41' title="bbox 262 2631 1826 2704">
    <p class='ocr_par' dir='ltr' id='par_1_41' title="bbox 262 2631 1826 2704">
     <span class='ocr_line' id='line_1_41' title="bbox 262 2631 1826 2704; baseline 0.003 -23"><span class='ocrx_word' id='word_1_305' title='bbox 262 2632 434 2702; x_wconf 67' lang='grc' dir='ltr'>γήσει,</span> <span class='ocrx_word' id='word_1_306' title='bbox 467 2631 548 2702; x_wconf 86' lang='grc' dir='ltr'><strong>τῷ</strong></span> <span class='ocrx_word' id='word_1_307' title='bbox 577 2631 671 2684; x_wconf 78' lang='grc' dir='ltr'>τοῦ</span> <span class='ocrx_word' id='word_1_308' title='bbox 717 2632 882 2701; x_wconf 87' lang='grc' dir='ltr'>νόμου</span> <span class='ocrx_word' id='word_1_309' title='bbox 911 2632 1208 2703; x_wconf 77' lang='grc' dir='ltr'>βουλήματι</span> <span class='ocrx_word' id='word_1_310' title='bbox 1239 2633 1620 2704; x_wconf 86' lang='grc' dir='ltr'>συναρμόττων</span> <span class='ocrx_word' id='word_1_311' title='bbox 1645 2634 1707 2686; x_wconf 85' lang='grc' dir='ltr'>τὸ</span> <span class='ocrx_word' id='word_1_312' title='bbox 1738 2633 1826 2686; x_wconf 84' lang='grc' dir='ltr'>θέ-</span> 
     </span>
    </p>
   </div>
   <div class='ocr_carea' id='block_1_42' title="bbox 260 2718 1822 2795">
    <p class='ocr_par' dir='ltr' id='par_1_42' title="bbox 260 2718 1822 2795">
     <span class='ocr_line' id='line_1_42' title="bbox 260 2718 1822 2795; baseline 0.004 -23"><span class='ocrx_word' id='word_1_313' title='bbox 260 2720 433 2790; x_wconf 58' lang='lat' dir='ltr'><strong>lngua.-</strong></span> <span class='ocrx_word' id='word_1_314' title='bbox 473 2718 736 2795; x_wconf 74' lang='grc' dir='ltr'>πρότερον</span> <span class='ocrx_word' id='word_1_315' title='bbox 760 2723 971 2776; x_wconf 75' lang='grc' dir='ltr'>ἅπαντα</span> <span class='ocrx_word' id='word_1_316' title='bbox 998 2723 1098 2793; x_wconf 84' lang='grc' dir='ltr'>τῆς</span> <span class='ocrx_word' id='word_1_317' title='bbox 1123 2724 1320 2787; x_wconf 85' lang='grc' dir='ltr'>κακίας</span> <span class='ocrx_word' id='word_1_318' title='bbox 1346 2723 1727 2794; x_wconf 81' lang='grc' dir='ltr'>ἀπαγορεύσας</span> <span class='ocrx_word' id='word_1_319' title='bbox 1755 2725 1822 2778; x_wconf 77' lang='grc' dir='ltr'>τὰ</span> 
     </span>
    </p>
   </div>
   <div class='ocr_carea' id='block_1_43' title="bbox 264 2813 1822 2886">
    <p class='ocr_par' dir='ltr' id='par_1_43' title="bbox 264 2813 1822 2886">
     <span class='ocr_line' id='line_1_43' title="bbox 264 2813 1822 2886; baseline 0.003 -23"><span class='ocrx_word' id='word_1_320' title='bbox 264 2813 395 2884; x_wconf 79' lang='grc' dir='ltr'>ιῖδη,</span> <span class='ocrx_word' id='word_1_321' title='bbox 430 2816 524 2868; x_wconf 76' lang='grc' dir='ltr'>καὶ</span> <span class='ocrx_word' id='word_1_322' title='bbox 550 2814 658 2867; x_wconf 83' lang='grc' dir='ltr'><strong>τῶν</strong></span> <span class='ocrx_word' id='word_1_323' title='bbox 685 2815 842 2868; x_wconf 86' lang='grc' dir='ltr'>θείων</span> <span class='ocrx_word' id='word_1_324' title='bbox 869 2815 1043 2885; x_wconf 88' lang='grc' dir='ltr'>νόμων</span> <span class='ocrx_word' id='word_1_325' title='bbox 1065 2814 1348 2878; x_wconf 78' lang='grc' dir='ltr'>ὑποδείξας</span> <span class='ocrx_word' id='word_1_326' title='bbox 1368 2815 1466 2886; x_wconf 84' lang='grc' dir='ltr'>τὴν</span> <span class='ocrx_word' id='word_1_327' title='bbox 1489 2814 1822 2886; x_wconf 81' lang='grc' dir='ltr'>τελειότητα,</span> 
     </span>
    </p>
   </div>
   <div class='ocr_carea' id='block_1_44' title="bbox 263 2903 1423 2978">
    <p class='ocr_par' dir='ltr' id='par_1_44' title="bbox 263 2903 1423 2978">
     <span class='ocr_line' id='line_1_44' title="bbox 263 2903 1423 2978; baseline 0.002 -21"><span class='ocrx_word' id='word_1_328' title='bbox 263 2903 430 2968; x_wconf 63' lang='grc' dir='ltr'>οὕτως</span> <span class='ocrx_word' id='word_1_329' title='bbox 460 2907 725 2977; x_wconf 69' lang='grc' dir='ltr'>ἐπήγαγεο</span> <span class='ocrx_word' id='word_1_330' title='bbox 757 2906 959 2962; x_wconf 82' lang='grc' dir='ltr'><em>Πάντα</em></span> <span class='ocrx_word' id='word_1_331' title='bbox 989 2905 1106 2961; x_wconf 81' lang='grc' dir='ltr'>ὅσα</span> <span class='ocrx_word' id='word_1_332' title='bbox 1137 2906 1213 2960; x_wconf 81' lang='grc' dir='ltr'>ἂν</span> <span class='ocrx_word' id='word_1_333' title='bbox 1235 2905 1423 2978; x_wconf 57' lang='grc' dir='ltr'>ποιῇ]</span> 
     </span>
    </p>
   </div>
   <div class='ocr_carea' id='block_1_45' title="bbox 1939 1924 3505 2000">
    <p class='ocr_par' dir='ltr' id='par_1_45' title="bbox 1939 1924 3505 2000">
     <span class='ocr_line' id='line_1_45' title="bbox 1939 1924 3505 2000; baseline -0.005 -16"><span class='ocrx_word' id='word_1_334' title='bbox 1939 1945 2157 2000; x_wconf 85' lang='lat' dir='ltr'><strong>aquam,</strong></span> <span class='ocrx_word' id='word_1_335' title='bbox 2182 1947 2304 1986; x_wconf 92' lang='lat' dir='ltr'><strong>cum</strong></span> <span class='ocrx_word' id='word_1_336' title='bbox 2337 1931 2511 1985; x_wconf 78' lang='lat' dir='ltr'><strong>ait&quot;:</strong></span> <span class='ocrx_word' id='word_1_337' title='bbox 2543 1929 2602 1985; x_wconf 93' lang='lat' dir='ltr'><strong>Si</strong></span> <span class='ocrx_word' id='word_1_338' title='bbox 2634 1931 2748 2000; x_wconf 83' lang='lat' dir='ltr'><strong>quis</strong></span> <span class='ocrx_word' id='word_1_339' title='bbox 2767 1931 2902 1993; x_wconf 88' lang='lat' dir='ltr'><strong>sitit,</strong></span> <span class='ocrx_word' id='word_1_340' title='bbox 2935 1929 3107 1982; x_wconf 85' lang='lat' dir='ltr'><strong>veniat</strong></span> <span class='ocrx_word' id='word_1_341' title='bbox 3132 1928 3200 1978; x_wconf 89' lang='lat' dir='ltr'><strong>ad</strong></span> <span class='ocrx_word' id='word_1_342' title='bbox 3233 1941 3312 1978; x_wconf 89' lang='lat' dir='ltr'><strong>me</strong></span> <span class='ocrx_word' id='word_1_343' title='bbox 3345 1935 3394 1977; x_wconf 87' lang='lat' dir='ltr'><strong>et</strong></span> <span class='ocrx_word' id='word_1_344' title='bbox 3423 1924 3505 1976; x_wconf 76' lang='lat' dir='ltr'><strong>bi-</strong></span> 
     </span>
    </p>
   </div>
   <div class='ocr_carea' id='block_1_46' title="bbox 1939 2011 3506 2090">
    <p class='ocr_par' dir='ltr' id='par_1_46' title="bbox 1939 2011 3506 2090">
     <span class='ocr_line' id='line_1_46' title="bbox 1939 2011 3506 2090; baseline -0.004 -18"><span class='ocrx_word' id='word_1_345' title='bbox 1939 2020 2047 2074; x_wconf 82' lang='lat' dir='ltr'><strong>bat.</strong></span> <span class='ocrx_word' id='word_1_346' title='bbox 2102 2019 2271 2090; x_wconf 87' lang='lat' dir='ltr'><strong>Ligno</strong></span> <span class='ocrx_word' id='word_1_347' title='bbox 2311 2019 2376 2074; x_wconf 91' lang='lat' dir='ltr'><strong>ad</strong></span> <span class='ocrx_word' id='word_1_348' title='bbox 2416 2035 2587 2090; x_wconf 88' lang='lat' dir='ltr'><strong>aquas</strong></span> <span class='ocrx_word' id='word_1_349' title='bbox 2627 2019 2805 2090; x_wconf 89' lang='lat' dir='ltr'><strong>posito</strong></span> <span class='ocrx_word' id='word_1_350' title='bbox 2838 2025 3185 2086; x_wconf 84' lang='lat' dir='ltr'><strong>comparatus</strong></span> <span class='ocrx_word' id='word_1_351' title='bbox 3220 2023 3323 2078; x_wconf 85' lang='lat' dir='ltr'><strong>est,</strong></span> <span class='ocrx_word' id='word_1_352' title='bbox 3361 2011 3506 2082; x_wconf 86' lang='lat' dir='ltr'><strong>quod</strong></span> 
     </span>
    </p>
   </div>
   <div class='ocr_carea' id='block_1_47' title="bbox 1938 2106 3504 2182">
    <p class='ocr_par' dir='ltr' id='par_1_47' title="bbox 1938 2106 3504 2182">
     <span class='ocr_line' id='line_1_47' title="bbox 1938 2106 3504 2182; baseline -0.006 -16"><span class='ocrx_word' id='word_1_353' title='bbox 1938 2126 2149 2180; x_wconf 86' lang='lat' dir='ltr'><strong>semper</strong></span> <span class='ocrx_word' id='word_1_354' title='bbox 2174 2111 2348 2178; x_wconf 89' lang='lat' dir='ltr'><strong>ﬂoret,</strong></span> <span class='ocrx_word' id='word_1_355' title='bbox 2367 2127 2580 2182; x_wconf 88' lang='lat' dir='ltr'><strong>semper</strong></span> <span class='ocrx_word' id='word_1_356' title='bbox 2602 2111 2868 2166; x_wconf 80' lang='lat' dir='ltr'><strong>fructibus</strong></span> <span class='ocrx_word' id='word_1_357' title='bbox 2895 2106 3230 2177; x_wconf 87' lang='lat' dir='ltr'><strong>tempestivis</strong></span> <span class='ocrx_word' id='word_1_358' title='bbox 3247 2113 3504 2159; x_wconf 88' lang='lat' dir='ltr'><strong>onustum</strong></span> 
     </span>
    </p>
   </div>
   <div class='ocr_carea' id='block_1_48' title="bbox 1937 2196 3509 2268">
    <p class='ocr_par' dir='ltr' id='par_1_48' title="bbox 1937 2196 3509 2268">
     <span class='ocr_line' id='line_1_48' title="bbox 1937 2196 3509 2268; baseline -0.008 -10"><span class='ocrx_word' id='word_1_359' title='bbox 1937 2211 2040 2258; x_wconf 86' lang='lat' dir='ltr'><strong>est.</strong></span> <span class='ocrx_word' id='word_1_360' title='bbox 2064 2201 2198 2257; x_wconf 86' lang='lat' dir='ltr'><strong>Nam</strong></span> <span class='ocrx_word' id='word_1_361' title='bbox 2234 2204 2451 2258; x_wconf 90' lang='lat' dir='ltr'><strong>virtutis</strong></span> <span class='ocrx_word' id='word_1_362' title='bbox 2490 2203 2706 2258; x_wconf 70' lang='lat' dir='ltr'><strong>athleta:</strong></span> <span class='ocrx_word' id='word_1_363' title='bbox 2749 2202 2995 2255; x_wconf 90' lang='lat' dir='ltr'><strong>laborum</strong></span> <span class='ocrx_word' id='word_1_364' title='bbox 3034 2198 3252 2268; x_wconf 88' lang='lat' dir='ltr'><strong>quidem</strong></span> <span class='ocrx_word' id='word_1_365' title='bbox 3293 2196 3509 2250; x_wconf 79' lang='lat' dir='ltr'><strong>fructus</strong></span> 
     </span>
    </p>
   </div>
   <div class='ocr_carea' id='block_1_49' title="bbox 1936 2284 3507 2364">
    <p class='ocr_par' dir='ltr' id='par_1_49' title="bbox 1936 2284 3507 2364">
     <span class='ocr_line' id='line_1_49' title="bbox 1936 2284 3507 2364; baseline -0.006 -18"><span class='ocrx_word' id='word_1_366' title='bbox 1936 2291 1990 2346; x_wconf 90' lang='lat' dir='ltr'><strong>in</strong></span> <span class='ocrx_word' id='word_1_367' title='bbox 2023 2292 2211 2348; x_wconf 80' lang='lat' dir='ltr'><strong>futuro</strong></span> <span class='ocrx_word' id='word_1_368' title='bbox 2246 2304 2544 2364; x_wconf 90' lang='lat' dir='ltr'><strong>reportant,</strong></span> <span class='ocrx_word' id='word_1_369' title='bbox 2584 2303 2656 2358; x_wconf 89' lang='lat' dir='ltr'><strong>ct,</strong></span> <span class='ocrx_word' id='word_1_370' title='bbox 2692 2309 2790 2348; x_wconf 93' lang='lat' dir='ltr'><strong>ceu</strong></span> <span class='ocrx_word' id='word_1_371' title='bbox 2822 2291 3149 2362; x_wconf 84' lang='lat' dir='ltr'><strong>quibusdam</strong></span> <span class='ocrx_word' id='word_1_372' title='bbox 3187 2286 3333 2341; x_wconf 78' lang='lat' dir='ltr'><strong>foliis</strong></span> <span class='ocrx_word' id='word_1_373' title='bbox 3379 2284 3507 2338; x_wconf 84' lang='lat' dir='ltr'><strong>inde</strong></span> 
     </span>
    </p>
   </div>
   <div class='ocr_carea' id='block_1_50' title="bbox 1931 2380 3501 2453">
    <p class='ocr_par' dir='ltr' id='par_1_50' title="bbox 1931 2380 3501 2453">
     <span class='ocr_line' id='line_1_50' title="bbox 1931 2380 3501 2453; baseline -0.006 -16"><span class='ocrx_word' id='word_1_374' title='bbox 1931 2383 2176 2447; x_wconf 89' lang='lat' dir='ltr'><strong>emissis,</strong></span> <span class='ocrx_word' id='word_1_375' title='bbox 2204 2398 2300 2453; x_wconf 87' lang='lat' dir='ltr'><strong>spe</strong></span> <span class='ocrx_word' id='word_1_376' title='bbox 2343 2385 2484 2438; x_wconf 87' lang='lat' dir='ltr'><strong>bona</strong></span> <span class='ocrx_word' id='word_1_377' title='bbox 2524 2384 2937 2446; x_wconf 86' lang='lat' dir='ltr'><strong>adumbrantur,</strong></span> <span class='ocrx_word' id='word_1_378' title='bbox 2972 2380 3330 2446; x_wconf 88' lang='lat' dir='ltr'><strong>laborumque</strong></span> <span class='ocrx_word' id='word_1_379' title='bbox 3374 2390 3501 2444; x_wconf 86' lang='lat' dir='ltr'><strong>gra-</strong></span> 
     </span>
    </p>
   </div>
   <div class='ocr_carea' id='block_1_51' title="bbox 1930 2463 3500 2544">
    <p class='ocr_par' dir='ltr' id='par_1_51' title="bbox 1930 2463 3500 2544">
     <span class='ocr_line' id='line_1_51' title="bbox 1930 2463 3500 2544; baseline -0.007 -17"><span class='ocrx_word' id='word_1_380' title='bbox 1930 2474 2148 2528; x_wconf 88' lang='lat' dir='ltr'><strong>vitatem</strong></span> <span class='ocrx_word' id='word_1_381' title='bbox 2199 2475 2511 2544; x_wconf 90' lang='lat' dir='ltr'><strong>bujusmodi</strong></span> <span class='ocrx_word' id='word_1_382' title='bbox 2574 2476 2908 2529; x_wconf 85' lang='lat' dir='ltr'><strong>recreatione</strong></span> <span class='ocrx_word' id='word_1_383' title='bbox 2974 2470 3331 2526; x_wconf 71' lang='lat' dir='ltr'><strong>sullurantur.</strong></span> <span class='ocrx_word' id='word_1_384' title='bbox 3381 2463 3500 2517; x_wconf 86' lang='lat' dir='ltr'><strong>Tali</strong></span> 
     </span>
    </p>
   </div>
   <div class='ocr_carea' id='block_1_52' title="bbox 1927 2557 3498 2637">
    <p class='ocr_par' dir='ltr' id='par_1_52' title="bbox 1927 2557 3498 2637">
     <span class='ocr_line' id='line_1_52' title="bbox 1927 2557 3498 2637; baseline -0.007 -17"><span class='ocrx_word' id='word_1_385' title='bbox 1927 2567 2045 2621; x_wconf 89' lang='lat' dir='ltr'><strong>viro</strong></span> <span class='ocrx_word' id='word_1_386' title='bbox 2076 2569 2257 2622; x_wconf 87' lang='lat' dir='ltr'><strong>omnia</strong></span> <span class='ocrx_word' id='word_1_387' title='bbox 2283 2582 2495 2637; x_wconf 86' lang='lat' dir='ltr'><strong>semper</strong></span> <span class='ocrx_word' id='word_1_388' title='bbox 2527 2581 2782 2636; x_wconf 89' lang='lat' dir='ltr'><strong>prospere</strong></span> <span class='ocrx_word' id='word_1_389' title='bbox 2808 2572 3035 2619; x_wconf 87' lang='lat' dir='ltr'><strong>vertent.</strong></span> <span class='ocrx_word' id='word_1_390' title='bbox 3061 2560 3205 2615; x_wconf 84' lang='lat' dir='ltr'><strong>Nihil</strong></span> <span class='ocrx_word' id='word_1_391' title='bbox 3243 2557 3386 2614; x_wconf 87' lang='lat' dir='ltr'><strong>enim</strong></span> <span class='ocrx_word' id='word_1_392' title='bbox 3411 2557 3498 2610; x_wconf 87' lang='lat' dir='ltr'><strong>di-</strong></span> 
     </span>
    </p>
   </div>
   <div class='ocr_carea' id='block_1_53' title="bbox 1929 2648 3499 2726">
    <p class='ocr_par' dir='ltr' id='par_1_53' title="bbox 1929 2648 3499 2726">
     <span class='ocr_line' id='line_1_53' title="bbox 1929 2648 3499 2726; baseline -0.005 -19"><span class='ocrx_word' id='word_1_393' title='bbox 1929 2655 2072 2710; x_wconf 80' lang='lat' dir='ltr'><strong>vinis</strong></span> <span class='ocrx_word' id='word_1_394' title='bbox 2117 2657 2325 2726; x_wconf 88' lang='lat' dir='ltr'><strong>legibus</strong></span> <span class='ocrx_word' id='word_1_395' title='bbox 2373 2656 2745 2712; x_wconf 86' lang='lat' dir='ltr'><strong>adversarium</strong></span> <span class='ocrx_word' id='word_1_396' title='bbox 2789 2655 3057 2719; x_wconf 88' lang='lat' dir='ltr'><strong>admittet,</strong></span> <span class='ocrx_word' id='word_1_397' title='bbox 3095 2651 3186 2721; x_wconf 91' lang='lat' dir='ltr'><strong>qui</strong></span> <span class='ocrx_word' id='word_1_398' title='bbox 3233 2648 3499 2704; x_wconf 87' lang='lat' dir='ltr'><strong>voluntati</strong></span> 
     </span>
    </p>
   </div>
   <div class='ocr_carea' id='block_1_54' title="bbox 1933 2738 3501 2817">
    <p class='ocr_par' dir='ltr' id='par_1_54' title="bbox 1933 2738 3501 2817">
     <span class='ocr_line' id='line_1_54' title="bbox 1933 2738 3501 2817; baseline -0.006 -17"><span class='ocrx_word' id='word_1_399' title='bbox 1933 2746 2067 2817; x_wconf 84' lang='lat' dir='ltr'><strong>legis</strong></span> <span class='ocrx_word' id='word_1_400' title='bbox 2102 2763 2257 2803; x_wconf 88' lang='lat' dir='ltr'><strong>suam</strong></span> <span class='ocrx_word' id='word_1_401' title='bbox 2305 2747 2683 2802; x_wconf 86' lang='lat' dir='ltr'><strong>accommodat</strong></span> <span class='ocrx_word' id='word_1_402' title='bbox 2719 2746 3047 2799; x_wconf 87' lang='lat' dir='ltr'><strong>voluntatem</strong></span> <span class='ocrx_word' id='word_1_403' title='bbox 3076 2760 3089 2796; x_wconf 93' lang='lat'><strong>:</strong></span> <span class='ocrx_word' id='word_1_404' title='bbox 3125 2740 3251 2810; x_wconf 89' lang='lat' dir='ltr'><strong>quia</strong></span> <span class='ocrx_word' id='word_1_405' title='bbox 3285 2755 3314 2793; x_wconf 91' lang='lat' dir='ltr'><strong>a</strong></span> <span class='ocrx_word' id='word_1_406' title='bbox 3351 2738 3501 2808; x_wconf 84' lang='lat' dir='ltr'><strong>prin-</strong></span> 
     </span>
    </p>
   </div>
   <div class='ocr_carea' id='block_1_55' title="bbox 1930 2830 3500 2908">
    <p class='ocr_par' dir='ltr' id='par_1_55' title="bbox 1930 2830 3500 2908">
     <span class='ocr_line' id='line_1_55' title="bbox 1930 2830 3500 2908; baseline -0.006 -16"><span class='ocrx_word' id='word_1_407' title='bbox 1930 2837 2074 2908; x_wconf 89' lang='lat' dir='ltr'><strong>cipio</strong></span> <span class='ocrx_word' id='word_1_408' title='bbox 2101 2837 2190 2893; x_wconf 91' lang='lat' dir='ltr'><strong>ille</strong></span> <span class='ocrx_word' id='word_1_409' title='bbox 2220 2853 2411 2894; x_wconf 91' lang='lat' dir='ltr'><strong>omnes</strong></span> <span class='ocrx_word' id='word_1_410' title='bbox 2451 2838 2670 2892; x_wconf 77' lang='lat' dir='ltr'><strong>malitize</strong></span> <span class='ocrx_word' id='word_1_411' title='bbox 2712 2837 2922 2906; x_wconf 82' lang='lat' dir='ltr'><strong>species</strong></span> <span class='ocrx_word' id='word_1_412' title='bbox 2961 2832 3282 2897; x_wconf 89' lang='lat' dir='ltr'><strong>eliminavit,</strong></span> <span class='ocrx_word' id='word_1_413' title='bbox 3311 2839 3362 2886; x_wconf 88' lang='lat' dir='ltr'><strong>et</strong></span> <span class='ocrx_word' id='word_1_414' title='bbox 3404 2830 3500 2884; x_wconf 86' lang='lat' dir='ltr'><strong>de-</strong></span> 
     </span>
    </p>
   </div>
   <div class='ocr_carea' id='block_1_56' title="bbox 1930 2918 3498 2998">
    <p class='ocr_par' dir='ltr' id='par_1_56' title="bbox 1930 2918 3498 2998">
     <span class='ocr_line' id='line_1_56' title="bbox 1930 2918 3498 2998; baseline -0.005 -17"><span class='ocrx_word' id='word_1_415' title='bbox 1930 2928 2130 2982; x_wconf 85' lang='lat' dir='ltr'><strong>clarata</strong></span> <span class='ocrx_word' id='word_1_416' title='bbox 2157 2928 2460 2982; x_wconf 90' lang='lat' dir='ltr'><strong>divinarum</strong></span> <span class='ocrx_word' id='word_1_417' title='bbox 2479 2929 2657 2998; x_wconf 89' lang='lat' dir='ltr'><strong>legum</strong></span> <span class='ocrx_word' id='word_1_418' title='bbox 2681 2927 3031 2998; x_wconf 80' lang='lat' dir='ltr'><strong>perfectione,</strong></span> <span class='ocrx_word' id='word_1_419' title='bbox 3059 2925 3131 2979; x_wconf 92' lang='lat' dir='ltr'><strong>ita</strong></span> <span class='ocrx_word' id='word_1_420' title='bbox 3158 2921 3345 2976; x_wconf 80' lang='lat' dir='ltr'><strong>infert:</strong></span> <span class='ocrx_word' id='word_1_421' title='bbox 3367 2918 3498 2975; x_wconf 81' lang='lat' dir='ltr'><strong>Gut-</strong></span> 
     </span>
    </p>
   </div>
   <div class='ocr_carea' id='block_1_57' title="bbox 1928 3018 2600 3091">
    <p class='ocr_par' dir='ltr' id='par_1_57' title="bbox 1928 3018 2600 3091">
     <span class='ocr_line' id='line_1_57' title="bbox 1928 3018 2600 3091; baseline 0.001 -18"><span class='ocrx_word' id='word_1_422' title='bbox 1928 3021 2020 3074; x_wconf 87' lang='lat' dir='ltr'><strong>nia</strong></span> <span class='ocrx_word' id='word_1_423' title='bbox 2047 3036 2366 3091; x_wconf 68' lang='lat' dir='ltr'><strong>quaecunque</strong></span> <span class='ocrx_word' id='word_1_424' title='bbox 2396 3018 2600 3091; x_wconf 60' lang='grc' dir='ltr'>[πίει]</span> 
     </span>
    </p>
   </div>
   <div class='ocr_carea' id='block_1_58' title="bbox 333 3127 3496 3203">
    <p class='ocr_par' dir='ltr' id='par_1_58' title="bbox 333 3127 3496 3203">
     <span class='ocr_line' id='line_1_58' title="bbox 333 3127 3496 3203; baseline 0 -22"><span class='ocrx_word' id='word_1_425' title='bbox 333 3127 428 3183; x_wconf 77' lang='lat' dir='ltr'><strong>llis</strong></span> <span class='ocrx_word' id='word_1_426' title='bbox 457 3131 643 3198; x_wconf 80' lang='lat' dir='ltr'><strong>adjicit</strong></span> <span class='ocrx_word' id='word_1_427' title='bbox 681 3128 818 3185; x_wconf 89' lang='lat' dir='ltr'><strong>Dan.</strong></span> <span class='ocrx_word' id='word_1_428' title='bbox 841 3129 1110 3184; x_wconf 84' lang='lat' dir='ltr'><strong>Barbarus</strong></span> <span class='ocrx_word' id='word_1_429' title='bbox 1134 3144 1152 3183; x_wconf 92' lang='lat'><em>:</em></span> <span class='ocrx_word' id='word_1_430' title='bbox 1177 3129 1269 3184; x_wconf 90' lang='lat' dir='ltr'><strong>Die</strong></span> <span class='ocrx_word' id='word_1_431' title='bbox 1285 3137 1463 3183; x_wconf 88' lang='lat' dir='ltr'><strong>autem</strong></span> <span class='ocrx_word' id='word_1_432' title='bbox 1495 3127 1784 3182; x_wconf 88' lang='lat' dir='ltr'><strong>meditatur</strong></span> <span class='ocrx_word' id='word_1_433' title='bbox 1807 3129 1899 3199; x_wconf 91' lang='lat' dir='ltr'><strong>qui</strong></span> <span class='ocrx_word' id='word_1_434' title='bbox 1925 3130 1978 3184; x_wconf 94' lang='lat' dir='ltr'><strong>in</strong></span> <span class='ocrx_word' id='word_1_435' title='bbox 2005 3132 2297 3188; x_wconf 81' lang='lat' dir='ltr'><strong>virtutibus</strong></span> <span class='ocrx_word' id='word_1_436' title='bbox 2327 3131 2562 3203; x_wconf 83' lang='lat' dir='ltr'><strong>prolicit,</strong></span> <span class='ocrx_word' id='word_1_437' title='bbox 2590 3139 2747 3186; x_wconf 88' lang='lat' dir='ltr'><strong>nocte</strong></span> <span class='ocrx_word' id='word_1_438' title='bbox 2771 3127 3033 3199; x_wconf 87' lang='lat' dir='ltr'><strong>vero,qui</strong></span> <span class='ocrx_word' id='word_1_439' title='bbox 3057 3143 3180 3184; x_wconf 91' lang='lat' dir='ltr'><strong>cum</strong></span> <span class='ocrx_word' id='word_1_440' title='bbox 3208 3128 3496 3199; x_wconf 77' lang='lat' dir='ltr'><strong>perturba-</strong></span> 
     </span>
    </p>
   </div>
   <div class='ocr_carea' id='block_1_59' title="bbox 261 3219 1969 3292">
    <p class='ocr_par' dir='ltr' id='par_1_59' title="bbox 261 3219 1969 3292">
     <span class='ocr_line' id='line_1_59' title="bbox 261 3219 1969 3292; baseline -0.001 -15"><span class='ocrx_word' id='word_1_441' title='bbox 261 3222 434 3286; x_wconf 85' lang='lat' dir='ltr'><strong>tiones</strong></span> <span class='ocrx_word' id='word_1_442' title='bbox 475 3221 786 3292; x_wconf 85' lang='lat' dir='ltr'><strong>insurgunt,</strong></span> <span class='ocrx_word' id='word_1_443' title='bbox 815 3221 1097 3275; x_wconf 86' lang='lat' dir='ltr'><strong>immotam</strong></span> <span class='ocrx_word' id='word_1_444' title='bbox 1124 3229 1305 3276; x_wconf 89' lang='lat' dir='ltr'><strong>servat</strong></span> <span class='ocrx_word' id='word_1_445' title='bbox 1335 3219 1504 3274; x_wconf 91' lang='lat' dir='ltr'><strong>animi</strong></span> <span class='ocrx_word' id='word_1_446' title='bbox 1532 3220 1969 3290; x_wconf 82' lang='lat' dir='ltr'><strong>generositatem.</strong></span> 
     </span>
    </p>
   </div>
   <div class='ocr_carea' id='block_1_60' title="bbox 327 3332 1829 3412">
    <p class='ocr_par' dir='ltr' id='par_1_60' title="bbox 327 3332 1825 3403">
     <span class='ocr_line' id='line_1_60' title="bbox 327 3332 1825 3403; baseline -0.001 -15"><span class='ocrx_word' id='word_1_447' title='bbox 327 3334 436 3398; x_wconf 74' lang='grc' dir='ltr'><strong>Καὶ</strong></span> <span class='ocrx_word' id='word_1_448' title='bbox 479 3335 649 3390; x_wconf 81' lang='grc' dir='ltr'>ἔσται</span> <span class='ocrx_word' id='word_1_449' title='bbox 681 3335 760 3399; x_wconf 87' lang='grc' dir='ltr'>ὡς</span> <span class='ocrx_word' id='word_1_450' title='bbox 789 3335 852 3388; x_wconf 85' lang='grc' dir='ltr'>τὸ</span> <span class='ocrx_word' id='word_1_451' title='bbox 879 3335 1069 3399; x_wconf 74' lang='grc' dir='ltr'>ξύλον</span> <span class='ocrx_word' id='word_1_452' title='bbox 1098 3332 1163 3387; x_wconf 79' lang='grc' dir='ltr'>τὸ</span> <span class='ocrx_word' id='word_1_453' title='bbox 1195 3333 1644 3403; x_wconf 65' lang='grc' dir='ltr'>πεφυτευμένον</span> <span class='ocrx_word' id='word_1_454' title='bbox 1668 3332 1825 3401; x_wconf 82' lang='grc' dir='ltr'>παρὰ</span> 
     </span>
    </p>
   </div>
   <div class='ocr_carea' id='block_1_61' title="bbox 1935 3332 3494 3412">
    <p class='ocr_par' dir='ltr' id='par_1_61' title="bbox 1997 3337 3494 3412">
     <span class='ocr_line' id='line_1_61' title="bbox 1997 3337 3494 3412; baseline 0.006 -21"><span class='ocrx_word' id='word_1_455' title='bbox 1997 3337 2050 3392; x_wconf 74' lang='grc'>5.</span> <span class='ocrx_word' id='word_1_456' title='bbox 2071 3341 2139 3393; x_wconf 86' lang='lat' dir='ltr'><strong>Et</strong></span> <span class='ocrx_word' id='word_1_457' title='bbox 2161 3341 2261 3394; x_wconf 87' lang='lat' dir='ltr'><strong>erit</strong></span> <span class='ocrx_word' id='word_1_458' title='bbox 2280 3352 2528 3412; x_wconf 85' lang='lat' dir='ltr'><strong>tanquam</strong></span> <span class='ocrx_word' id='word_1_459' title='bbox 2559 3341 2758 3412; x_wconf 82' lang='lat' dir='ltr'><strong>lignum</strong></span> <span class='ocrx_word' id='word_1_460' title='bbox 2783 3341 2921 3411; x_wconf 77' lang='lat' dir='ltr'><strong>quod</strong></span> <span class='ocrx_word' id='word_1_461' title='bbox 2941 3339 3238 3410; x_wconf 76' lang='lat' dir='ltr'><strong>plantarum</strong></span> <span class='ocrx_word' id='word_1_462' title='bbox 3263 3350 3360 3405; x_wconf 82' lang='lat' dir='ltr'><strong>est,</strong></span> <span class='ocrx_word' id='word_1_463' title='bbox 3389 3352 3494 3399; x_wconf 87' lang='lat' dir='ltr'><strong>etc.</strong></span> 
     </span>
    </p>
   </div>
   <div class='ocr_carea' id='block_1_62' title="bbox 259 3423 1825 3495">
    <p class='ocr_par' dir='ltr' id='par_1_62' title="bbox 259 3423 1825 3495">
     <span class='ocr_line' id='line_1_62' title="bbox 259 3423 1825 3495; baseline -0.001 -18"><span class='ocrx_word' id='word_1_464' title='bbox 259 3425 360 3492; x_wconf 63' lang='grc' dir='ltr'>τὰς</span> <span class='ocrx_word' id='word_1_465' title='bbox 398 3425 706 3489; x_wconf 75' lang='grc' dir='ltr'>διεξόδους</span> <span class='ocrx_word' id='word_1_466' title='bbox 749 3423 866 3478; x_wconf 85' lang='grc' dir='ltr'>τῶν</span> <span class='ocrx_word' id='word_1_467' title='bbox 913 3423 1166 3480; x_wconf 84' lang='grc' dir='ltr'>ὑδάτων.</span> <span class='ocrx_word' id='word_1_468' title='bbox 1185 3425 1671 3495; x_wconf 75' lang='grc' dir='ltr'>Ἐξομολογήσεως,</span> <span class='ocrx_word' id='word_1_469' title='bbox 1708 3425 1825 3495; x_wconf 73' lang='grc' dir='ltr'>ἦτοι</span> 
     </span>
    </p>
   </div>
   <div class='ocr_carea' id='block_1_63' title="bbox 257 3499 1827 3588">
    <p class='ocr_par' dir='ltr' id='par_1_63' title="bbox 257 3499 1827 3588">
     <span class='ocr_line' id='line_1_63' title="bbox 257 3499 1827 3588; baseline -0.001 -20"><span class='ocrx_word' id='word_1_470' title='bbox 257 3499 565 3588; x_wconf 74' lang='grc' dir='ltr'>παραϐολῆς</span> <span class='ocrx_word' id='word_1_471' title='bbox 590 3513 742 3579; x_wconf 80' lang='grc' dir='ltr'>ξύλον</span> <span class='ocrx_word' id='word_1_472' title='bbox 770 3515 798 3566; x_wconf 91' lang='lat'><strong>6</strong></span> <span class='ocrx_word' id='word_1_473' title='bbox 829 3513 1060 3584; x_wconf 79' lang='grc' dir='ltr'>Χριστὸς</span> <span class='ocrx_word' id='word_1_474' title='bbox 1089 3515 1498 3585; x_wconf 79' lang='grc' dir='ltr'>ἀναγέγραπται</span> <span class='ocrx_word' id='word_1_475' title='bbox 1532 3514 1588 3566; x_wconf 84' lang='grc' dir='ltr'>ὲν</span> <span class='ocrx_word' id='word_1_476' title='bbox 1616 3517 1678 3584; x_wconf 77' lang='grc' dir='ltr'>τῇ</span> <span class='ocrx_word' id='word_1_477' title='bbox 1712 3513 1827 3569; x_wconf 83' lang='grc' dir='ltr'>θεο-</span> 
     </span>
    </p>
   </div>
   <div class='ocr_carea' id='block_1_64' title="bbox 260 3605 1826 3678">
    <p class='ocr_par' dir='ltr' id='par_1_64' title="bbox 260 3605 1826 3678">
     <span class='ocr_line' id='line_1_64' title="bbox 260 3605 1826 3678; baseline 0.001 -19"><span class='ocrx_word' id='word_1_478' title='bbox 260 3607 503 3677; x_wconf 79' lang='grc' dir='ltr'>πνεύστῳ</span> <span class='ocrx_word' id='word_1_479' title='bbox 544 3606 754 3677; x_wconf 73' lang='grc' dir='ltr'>Γραφῇ,</span> <span class='ocrx_word' id='word_1_480' title='bbox 784 3607 924 3660; x_wconf 85' lang='grc' dir='ltr'><strong>κατά</strong></span> <span class='ocrx_word' id='word_1_481' title='bbox 960 3606 1020 3659; x_wconf 82' lang='grc' dir='ltr'>τὸ</span> <span class='ocrx_word' id='word_1_482' title='bbox 1072 3605 1356 3678; x_wconf 83' lang='grc' dir='ltr'>εἰρημένον</span> <span class='ocrx_word' id='word_1_483' title='bbox 1379 3623 1393 3636; x_wconf 79' lang='grc' dir='ltr'><strong>ο</strong></span> <span class='ocrx_word' id='word_1_484' title='bbox 1441 3605 1640 3659; x_wconf 78' lang='grc' dir='ltr'>Ξύλον</span> <span class='ocrx_word' id='word_1_485' title='bbox 1680 3606 1826 3675; x_wconf 78' lang='grc' dir='ltr'>ζωῆς</span> 
     </span>
    </p>
   </div>
   <div class='ocr_carea' id='block_1_65' title="bbox 256 3696 1824 3769">
    <p class='ocr_par' dir='ltr' id='par_1_65' title="bbox 256 3696 1824 3769">
     <span class='ocr_line' id='line_1_65' title="bbox 256 3696 1824 3769; baseline 0.001 -17"><span class='ocrx_word' id='word_1_486' title='bbox 256 3700 383 3754; x_wconf 77' lang='grc' dir='ltr'>ἐστι</span> <span class='ocrx_word' id='word_1_487' title='bbox 411 3698 562 3759; x_wconf 75' lang='grc' dir='ltr'>πᾶσι</span> <span class='ocrx_word' id='word_1_488' title='bbox 591 3699 713 3764; x_wconf 80' lang='grc' dir='ltr'>τοῖς</span> <span class='ocrx_word' id='word_1_489' title='bbox 731 3699 1148 3769; x_wconf 72' lang='grc' dir='ltr'>ἀντεχομένοις</span> <span class='ocrx_word' id='word_1_490' title='bbox 1175 3699 1380 3766; x_wconf 80' lang='grc' dir='ltr'>αὐτῆς.</span> <span class='ocrx_word' id='word_1_491' title='bbox 1413 3700 1572 3766; x_wconf 82' lang='grc' dir='ltr'>Λέγει</span> <span class='ocrx_word' id='word_1_492' title='bbox 1600 3696 1711 3764; x_wconf 74' lang='grc' dir='ltr'>οὖν,</span> <span class='ocrx_word' id='word_1_493' title='bbox 1743 3702 1824 3753; x_wconf 80' lang='grc' dir='ltr'>ὅτι</span> 
     </span>
    </p>
   </div>
   <div class='ocr_carea' id='block_1_66' title="bbox 257 3789 1825 3864">
    <p class='ocr_par' dir='ltr' id='par_1_66' title="bbox 257 3789 1825 3864">
     <span class='ocr_line' id='line_1_66' title="bbox 257 3789 1825 3864; baseline 0.001 -20"><span class='ocrx_word' id='word_1_494' title='bbox 257 3792 303 3854; x_wconf 76' lang='grc' dir='ltr'><strong>(ιζ</strong></span> <span class='ocrx_word' id='word_1_495' title='bbox 333 3791 720 3854; x_wconf 80' lang='grc' dir='ltr'>πιστεύσαντες</span> <span class='ocrx_word' id='word_1_496' title='bbox 745 3791 820 3860; x_wconf 83' lang='grc' dir='ltr'>τῷ</span> <span class='ocrx_word' id='word_1_497' title='bbox 851 3790 1068 3862; x_wconf 79' lang='grc' dir='ltr'>Χριστῷ</span> <span class='ocrx_word' id='word_1_498' title='bbox 1099 3791 1256 3862; x_wconf 85' lang='grc' dir='ltr'>σῶμα</span> <span class='ocrx_word' id='word_1_499' title='bbox 1285 3789 1446 3844; x_wconf 75' lang='grc' dir='ltr'>αὑτοῦ</span> <span class='ocrx_word' id='word_1_500' title='bbox 1471 3791 1708 3846; x_wconf 77' lang='grc' dir='ltr'>ἔσονται·</span> <span class='ocrx_word' id='word_1_501' title='bbox 1736 3811 1825 3864; x_wconf 85' lang='grc' dir='ltr'>με·</span> 
     </span>
    </p>
   </div>
   <div class='ocr_carea' id='block_1_67' title="bbox 253 3882 1823 3955">
    <p class='ocr_par' dir='ltr' id='par_1_67' title="bbox 253 3882 1823 3955">
     <span class='ocr_line' id='line_1_67' title="bbox 253 3882 1823 3955; baseline 0.001 -19"><span class='ocrx_word' id='word_1_502' title='bbox 253 3884 648 3954; x_wconf 70' lang='grc' dir='ltr'><strong>⁴τασχηματίσει</strong></span> <span class='ocrx_word' id='word_1_503' title='bbox 693 3883 800 3955; x_wconf 90' lang='grc' dir='ltr'><strong>γάρ</strong></span> <span class='ocrx_word' id='word_1_504' title='bbox 845 3883 904 3935; x_wconf 81' lang='grc' dir='ltr'>τὸ</span> <span class='ocrx_word' id='word_1_505' title='bbox 949 3883 1107 3953; x_wconf 77' lang='grc' dir='ltr'>σῶμα</span> <span class='ocrx_word' id='word_1_506' title='bbox 1136 3883 1235 3954; x_wconf 80' lang='grc' dir='ltr'>τῆς</span> <span class='ocrx_word' id='word_1_507' title='bbox 1262 3882 1638 3946; x_wconf 83' lang='grc' dir='ltr'>ταπεινώσεως</span> <span class='ocrx_word' id='word_1_508' title='bbox 1667 3884 1823 3954; x_wconf 75' lang='grc' dir='ltr'>ἡμῶν</span> 
     </span>
    </p>
   </div>
   <div class='ocr_carea' id='block_1_68' title="bbox 258 3959 1823 4048">
    <p class='ocr_par' dir='ltr' id='par_1_68' title="bbox 258 3959 1823 4048">
     <span class='ocr_line' id='line_1_68' title="bbox 258 3959 1823 4048; baseline 0.003 -25"><span class='ocrx_word' id='word_1_509' title='bbox 258 3974 387 4048; x_wconf 67' lang='grc' dir='ltr'>πρὸς</span> <span class='ocrx_word' id='word_1_510' title='bbox 431 3959 492 4039; x_wconf 79' lang='grc' dir='ltr'>τὸ</span> <span class='ocrx_word' id='word_1_511' title='bbox 538 3973 791 4041; x_wconf 77' lang='grc' dir='ltr'>γενέσθαι</span> <span class='ocrx_word' id='word_1_512' title='bbox 825 3972 1144 4044; x_wconf 65' lang='grc' dir='ltr'>σύμμορφον</span> <span class='ocrx_word' id='word_1_513' title='bbox 1171 3972 1248 4043; x_wconf 83' lang='grc' dir='ltr'>τῷ</span> <span class='ocrx_word' id='word_1_514' title='bbox 1284 3971 1494 4042; x_wconf 88' lang='grc' dir='ltr'>σώματι</span> <span class='ocrx_word' id='word_1_515' title='bbox 1531 3973 1630 4042; x_wconf 85' lang='grc' dir='ltr'>τῆς</span> <span class='ocrx_word' id='word_1_516' title='bbox 1667 3973 1823 4042; x_wconf 81' lang='grc' dir='ltr'>δόξης</span> 
     </span>
    </p>
   </div>
   <div class='ocr_carea' id='block_1_69' title="bbox 256 4062 1822 4136">
    <p class='ocr_par' dir='ltr' id='par_1_69' title="bbox 256 4062 1822 4136">
     <span class='ocr_line' id='line_1_69' title="bbox 256 4062 1822 4136; baseline 0.001 -21"><span class='ocrx_word' id='word_1_517' title='bbox 256 4063 434 4116; x_wconf 74' lang='grc' dir='ltr'>αὑτοῦ.</span> <span class='ocrx_word' id='word_1_518' title='bbox 487 4063 802 4128; x_wconf 80' lang='grc' dir='ltr'>Διεξόδους</span> <span class='ocrx_word' id='word_1_519' title='bbox 846 4063 901 4116; x_wconf 82' lang='grc' dir='ltr'>δὲ</span> <span class='ocrx_word' id='word_1_520' title='bbox 945 4063 1062 4116; x_wconf 82' lang='grc' dir='ltr'>τῶν</span> <span class='ocrx_word' id='word_1_521' title='bbox 1111 4062 1345 4118; x_wconf 83' lang='grc' dir='ltr'>ὑδάτων</span> <span class='ocrx_word' id='word_1_522' title='bbox 1379 4062 1478 4128; x_wconf 84' lang='grc' dir='ltr'><strong>τὰς</strong></span> <span class='ocrx_word' id='word_1_523' title='bbox 1509 4063 1658 4126; x_wconf 88' lang='grc' dir='ltr'>θείας</span> <span class='ocrx_word' id='word_1_524' title='bbox 1690 4066 1822 4136; x_wconf 73' lang='grc' dir='ltr'><strong>φησῖ¹</strong></span> 
     </span>
    </p>
   </div>
   <div class='ocr_carea' id='block_1_70' title="bbox 257 4149 1830 4226">
    <p class='ocr_par' dir='ltr' id='par_1_70' title="bbox 257 4149 1830 4226">
     <span class='ocr_line' id='line_1_70' title="bbox 257 4149 1830 4226; baseline 0.001 -20"><span class='ocrx_word' id='word_1_525' title='bbox 257 4155 491 4226; x_wconf 76' lang='grc' dir='ltr'>Γραφάς·</span> <span class='ocrx_word' id='word_1_526' title='bbox 526 4157 584 4208; x_wconf 82' lang='grc' dir='ltr'>ἐν</span> <span class='ocrx_word' id='word_1_527' title='bbox 617 4149 704 4218; x_wconf 75' lang='grc' dir='ltr'>αἶς</span> <span class='ocrx_word' id='word_1_528' title='bbox 733 4154 1042 4224; x_wconf 75' lang='grc' dir='ltr'>ἁπανταχοῦ</span> <span class='ocrx_word' id='word_1_529' title='bbox 1079 4153 1224 4208; x_wconf 80' lang='grc' dir='ltr'>ἔστιν</span> <span class='ocrx_word' id='word_1_530' title='bbox 1257 4155 1434 4226; x_wconf 78' lang='grc' dir='ltr'>εὑρεῖν</span> <span class='ocrx_word' id='word_1_531' title='bbox 1464 4154 1696 4226; x_wconf 86' lang='grc' dir='ltr'>Χριστὸν</span> <span class='ocrx_word' id='word_1_532' title='bbox 1719 4172 1830 4226; x_wconf 82' lang='grc' dir='ltr'>κη-,</span> 
     </span>
    </p>
   </div>
   <div class='ocr_carea' id='block_1_71' title="bbox 257 4245 1822 4318">
    <p class='ocr_par' dir='ltr' id='par_1_71' title="bbox 257 4245 1822 4318">
     <span class='ocr_line' id='line_1_71' title="bbox 257 4245 1822 4318; baseline -0.001 -18"><span class='ocrx_word' id='word_1_533' title='bbox 257 4249 602 4318; x_wconf 66' lang='grc' dir='ltr'>ρυσσόμενον.</span> <span class='ocrx_word' id='word_1_534' title='bbox 650 4245 857 4318; x_wconf 85' lang='grc' dir='ltr'>[Ξύλον</span> <span class='ocrx_word' id='word_1_535' title='bbox 885 4246 1029 4315; x_wconf 77' lang='grc' dir='ltr'>ζωῆς</span> <span class='ocrx_word' id='word_1_536' title='bbox 1057 4248 1085 4299; x_wconf 89' lang='lat'><strong>6</strong></span> <span class='ocrx_word' id='word_1_537' title='bbox 1115 4246 1368 4317; x_wconf 86' lang='grc' dir='ltr'>Χριστὸς,</span> <span class='ocrx_word' id='word_1_538' title='bbox 1397 4245 1577 4299; x_wconf 84' lang='grc' dir='ltr'>κλάδοι</span> <span class='ocrx_word' id='word_1_539' title='bbox 1605 4247 1651 4298; x_wconf 79' lang='lat' dir='ltr'><strong>oi</strong></span> <span class='ocrx_word' id='word_1_540' title='bbox 1689 4246 1822 4298; x_wconf 84' lang='grc' dir='ltr'>ἀπό-</span> 
     </span>
    </p>
   </div>
   <div class='ocr_carea' id='block_1_72' title="bbox 257 4331 1822 4410">
    <p class='ocr_par' dir='ltr' id='par_1_72' title="bbox 257 4331 1822 4410">
     <span class='ocr_line' id='line_1_72' title="bbox 257 4331 1822 4410; baseline -0.002 -17"><span class='ocrx_word' id='word_1_541' title='bbox 257 4339 444 4404; x_wconf 83' lang='grc' dir='ltr'>στολοι,</span> <span class='ocrx_word' id='word_1_542' title='bbox 476 4338 685 4410; x_wconf 78' lang='grc' dir='ltr'>καρπὸς</span> <span class='ocrx_word' id='word_1_543' title='bbox 712 4333 849 4407; x_wconf 76' lang='grc' dir='ltr'>αἷμα</span> <span class='ocrx_word' id='word_1_544' title='bbox 877 4339 968 4390; x_wconf 69' lang='grc' dir='ltr'>καὶ</span> <span class='ocrx_word' id='word_1_545' title='bbox 997 4337 1138 4408; x_wconf 77' lang='grc' dir='ltr'>ὕδωρ</span> <span class='ocrx_word' id='word_1_546' title='bbox 1160 4339 1223 4390; x_wconf 78' lang='grc' dir='ltr'>ἐκ</span> <span class='ocrx_word' id='word_1_547' title='bbox 1245 4340 1344 4408; x_wconf 80' lang='grc' dir='ltr'>τῆς</span> <span class='ocrx_word' id='word_1_548' title='bbox 1373 4337 1636 4409; x_wconf 73' lang='grc' dir='ltr'>πλευρᾶςο</span> <span class='ocrx_word' id='word_1_549' title='bbox 1663 4331 1736 4391; x_wconf 84' lang='grc' dir='ltr'>ὧν</span> <span class='ocrx_word' id='word_1_550' title='bbox 1763 4336 1822 4390; x_wconf 87' lang='grc' dir='ltr'><strong>τὺ</strong></span> 
     </span>
    </p>
   </div>
   <div class='ocr_carea' id='block_1_73' title="bbox 259 4429 1816 4508">
    <p class='ocr_par' dir='ltr' id='par_1_73' title="bbox 259 4429 1816 4508">
     <span class='ocr_line' id='line_1_73' title="bbox 259 4429 1816 4508; baseline 0 -24"><span class='ocrx_word' id='word_1_551' title='bbox 259 4433 350 4508; x_wconf 84' lang='grc' dir='ltr'>μὲν</span> <span class='ocrx_word' id='word_1_552' title='bbox 397 4433 478 4494; x_wconf 85' lang='grc' dir='ltr'><strong>εἰς</strong></span> <span class='ocrx_word' id='word_1_553' title='bbox 511 4430 862 4484; x_wconf 83' lang='grc' dir='ltr'>ὑποτύπωσιν</span> <span class='ocrx_word' id='word_1_554' title='bbox 896 4430 1214 4502; x_wconf 83' lang='grc' dir='ltr'>μαρτυρίου,</span> <span class='ocrx_word' id='word_1_555' title='bbox 1243 4429 1303 4482; x_wconf 84' lang='grc' dir='ltr'>τὸ</span> <span class='ocrx_word' id='word_1_556' title='bbox 1337 4429 1393 4482; x_wconf 79' lang='grc' dir='ltr'><strong>δὲ</strong></span> <span class='ocrx_word' id='word_1_557' title='bbox 1427 4429 1816 4500; x_wconf 84' lang='grc' dir='ltr'>βαπτίσματος.</span> 
     </span>
    </p>
   </div>
   <div class='ocr_carea' id='block_1_74' title="bbox 253 4519 1820 4593">
    <p class='ocr_par' dir='ltr' id='par_1_74' title="bbox 253 4519 1820 4593">
     <span class='ocr_line' id='line_1_74' title="bbox 253 4519 1820 4593; baseline 0.001 -20"><span class='ocrx_word' id='word_1_558' title='bbox 253 4522 424 4575; x_wconf 58' lang='lat' dir='ltr'><strong>oena</strong></span> <span class='ocrx_word' id='word_1_559' title='bbox 451 4524 500 4575; x_wconf 82' lang='lat' dir='ltr'><strong>oi</strong></span> <span class='ocrx_word' id='word_1_560' title='bbox 523 4522 671 4590; x_wconf 86' lang='grc' dir='ltr'>λόγοι</span> <span class='ocrx_word' id='word_1_561' title='bbox 694 4539 708 4551; x_wconf 76' lang='grc' dir='ltr'><strong><em>ο</em></strong></span> <span class='ocrx_word' id='word_1_562' title='bbox 742 4521 952 4593; x_wconf 83' lang='grc' dir='ltr'>καρπὸν</span> <span class='ocrx_word' id='word_1_563' title='bbox 981 4519 1074 4574; x_wconf 78' lang='grc' dir='ltr'>τοῦ</span> <span class='ocrx_word' id='word_1_564' title='bbox 1111 4519 1266 4586; x_wconf 79' lang='grc' dir='ltr'>ξύλου</span> <span class='ocrx_word' id='word_1_565' title='bbox 1299 4521 1509 4590; x_wconf 80' lang='grc' dir='ltr'>νοήσεις</span> <span class='ocrx_word' id='word_1_566' title='bbox 1535 4519 1630 4590; x_wconf 78' lang='grc' dir='ltr'>τὴν</span> <span class='ocrx_word' id='word_1_567' title='bbox 1657 4519 1820 4592; x_wconf 82' lang='grc' dir='ltr'>ὀρθὴν</span> 
     </span>
    </p>
   </div>
   <div class='ocr_carea' id='block_1_75' title="bbox 253 4610 1817 4684">
    <p class='ocr_par' dir='ltr' id='par_1_75' title="bbox 253 4610 1817 4684">
     <span class='ocr_line' id='line_1_75' title="bbox 253 4610 1817 4684; baseline 0.001 -19"><span class='ocrx_word' id='word_1_568' title='bbox 253 4613 456 4666; x_wconf 78' lang='grc' dir='ltr'>πίστιν·</span> <span class='ocrx_word' id='word_1_569' title='bbox 493 4613 666 4684; x_wconf 84' lang='grc' dir='ltr'>φύλλα</span> <span class='ocrx_word' id='word_1_570' title='bbox 711 4613 766 4666; x_wconf 86' lang='grc' dir='ltr'>δὲ</span> <span class='ocrx_word' id='word_1_571' title='bbox 809 4610 971 4665; x_wconf 82' lang='grc' dir='ltr'><strong>αὑτοῦ</strong></span> <span class='ocrx_word' id='word_1_572' title='bbox 1003 4612 1101 4683; x_wconf 78' lang='grc' dir='ltr'>τὴν</span> <span class='ocrx_word' id='word_1_573' title='bbox 1130 4611 1405 4682; x_wconf 84' lang='grc' dir='ltr'>πλήρωσιν</span> <span class='ocrx_word' id='word_1_574' title='bbox 1442 4610 1548 4664; x_wconf 83' lang='grc' dir='ltr'><strong>τῶν</strong></span> <span class='ocrx_word' id='word_1_575' title='bbox 1571 4611 1817 4666; x_wconf 81' lang='grc' dir='ltr'>ἐντολῶν.</span> 
     </span>
    </p>
   </div>
   <div class='ocr_carea' id='block_1_76' title="bbox 1925 3425 3499 3500">
    <p class='ocr_par' dir='ltr' id='par_1_76' title="bbox 1925 3425 3499 3500">
     <span class='ocr_line' id='line_1_76' title="bbox 1925 3425 3499 3500; baseline 0.003 -18"><span class='ocrx_word' id='word_1_576' title='bbox 1925 3425 2300 3485; x_wconf 85' lang='lat' dir='ltr'><strong>Confessionis</strong></span> <span class='ocrx_word' id='word_1_577' title='bbox 2338 3431 2452 3486; x_wconf 89' lang='lat' dir='ltr'><strong>sive</strong></span> <span class='ocrx_word' id='word_1_578' title='bbox 2502 3432 2665 3485; x_wconf 87' lang='lat' dir='ltr'><strong>etiam</strong></span> <span class='ocrx_word' id='word_1_579' title='bbox 2711 3430 2983 3500; x_wconf 70' lang='lat' dir='ltr'><strong>parabolae</strong></span> <span class='ocrx_word' id='word_1_580' title='bbox 3014 3429 3219 3500; x_wconf 85' lang='lat' dir='ltr'><strong>lignum</strong></span> <span class='ocrx_word' id='word_1_581' title='bbox 3246 3428 3499 3486; x_wconf 75' lang='lat' dir='ltr'><strong>Christus</strong></span> 
     </span>
    </p>
   </div>
   <div class='ocr_carea' id='block_1_77' title="bbox 1926 3517 3496 3590">
    <p class='ocr_par' dir='ltr' id='par_1_77' title="bbox 1926 3517 3496 3590">
     <span class='ocr_line' id='line_1_77' title="bbox 1926 3517 3496 3590; baseline 0.001 -18"><span class='ocrx_word' id='word_1_582' title='bbox 1926 3535 2047 3573; x_wconf 83' lang='lat' dir='ltr'><strong>esse</strong></span> <span class='ocrx_word' id='word_1_583' title='bbox 2063 3520 2386 3576; x_wconf 83' lang='lat' dir='ltr'><strong>describitur</strong></span> <span class='ocrx_word' id='word_1_584' title='bbox 2407 3521 2458 3575; x_wconf 94' lang='lat' dir='ltr'><strong>in</strong></span> <span class='ocrx_word' id='word_1_585' title='bbox 2474 3520 2731 3576; x_wconf 86' lang='lat' dir='ltr'><strong>divinitus</strong></span> <span class='ocrx_word' id='word_1_586' title='bbox 2748 3521 3008 3590; x_wconf 86' lang='lat' dir='ltr'><strong>inspirata</strong></span> <span class='ocrx_word' id='word_1_587' title='bbox 3026 3517 3326 3588; x_wconf 81' lang='lat' dir='ltr'><strong>Scriptura,</strong></span> <span class='ocrx_word' id='word_1_588' title='bbox 3341 3519 3496 3588; x_wconf 83' lang='lat' dir='ltr'><strong>juxta</strong></span> 
     </span>
    </p>
   </div>
   <div class='ocr_carea' id='block_1_78' title="bbox 1925 3607 3495 3682">
    <p class='ocr_par' dir='ltr' id='par_1_78' title="bbox 1925 3607 3495 3682">
     <span class='ocr_line' id='line_1_78' title="bbox 1925 3607 3495 3682; baseline -0.001 -17"><span class='ocrx_word' id='word_1_589' title='bbox 1925 3609 2058 3665; x_wconf 89' lang='lat' dir='ltr'><strong>illud</strong></span> <span class='ocrx_word' id='word_1_590' title='bbox 2084 3611 2338 3682; x_wconf 88' lang='lat' dir='ltr'><strong>:Lignum</strong></span> <span class='ocrx_word' id='word_1_591' title='bbox 2367 3613 2489 3666; x_wconf 73' lang='lat' dir='ltr'><strong>vitae</strong></span> <span class='ocrx_word' id='word_1_592' title='bbox 2508 3620 2584 3666; x_wconf 87' lang='lat' dir='ltr'><strong>est</strong></span> <span class='ocrx_word' id='word_1_593' title='bbox 2608 3611 2846 3664; x_wconf 85' lang='lat' dir='ltr'><strong>omnibus</strong></span> <span class='ocrx_word' id='word_1_594' title='bbox 2877 3609 3279 3679; x_wconf 77' lang='lat' dir='ltr'><strong>suscipientibus</strong></span> <span class='ocrx_word' id='word_1_595' title='bbox 3296 3607 3495 3663; x_wconf 81' lang='lat' dir='ltr'><strong>eam”.</strong></span> 
     </span>
    </p>
   </div>
   <div class='ocr_carea' id='block_1_79' title="bbox 1924 3700 3501 3774">
    <p class='ocr_par' dir='ltr' id='par_1_79' title="bbox 1924 3700 3501 3774">
     <span class='ocr_line' id='line_1_79' title="bbox 1924 3700 3501 3774; baseline -0.002 -18"><span class='ocrx_word' id='word_1_596' title='bbox 1924 3703 2016 3757; x_wconf 82' lang='lat' dir='ltr'><strong>Ait</strong></span> <span class='ocrx_word' id='word_1_597' title='bbox 2056 3703 2219 3774; x_wconf 90' lang='lat' dir='ltr'><strong>igitur</strong></span> <span class='ocrx_word' id='word_1_598' title='bbox 2262 3718 2358 3758; x_wconf 88' lang='lat' dir='ltr'><strong>eos</strong></span> <span class='ocrx_word' id='word_1_599' title='bbox 2387 3703 2480 3773; x_wconf 91' lang='lat' dir='ltr'><strong>qui</strong></span> <span class='ocrx_word' id='word_1_600' title='bbox 2514 3703 2568 3756; x_wconf 90' lang='lat' dir='ltr'><strong>in</strong></span> <span class='ocrx_word' id='word_1_601' title='bbox 2606 3701 2884 3756; x_wconf 87' lang='lat' dir='ltr'><strong>Christum</strong></span> <span class='ocrx_word' id='word_1_602' title='bbox 2917 3700 3262 3762; x_wconf 86' lang='lat' dir='ltr'><strong>crediderint,</strong></span> <span class='ocrx_word' id='word_1_603' title='bbox 3297 3713 3501 3769; x_wconf 84' lang='lat' dir='ltr'><strong>corpus</strong></span> 
     </span>
    </p>
   </div>
   <div class='ocr_carea' id='block_1_80' title="bbox 1923 3791 3496 3863">
    <p class='ocr_par' dir='ltr' id='par_1_80' title="bbox 1923 3791 3496 3863">
     <span class='ocr_line' id='line_1_80' title="bbox 1923 3791 3496 3863; baseline 0.001 -15"><span class='ocrx_word' id='word_1_604' title='bbox 1923 3795 2044 3863; x_wconf 87' lang='lat' dir='ltr'><strong>ejus</strong></span> <span class='ocrx_word' id='word_1_605' title='bbox 2074 3793 2289 3848; x_wconf 78' lang='lat' dir='ltr'><strong>futuros</strong></span> <span class='ocrx_word' id='word_1_606' title='bbox 2332 3810 2473 3849; x_wconf 89' lang='lat' dir='ltr'><strong>esse.</strong></span> <span class='ocrx_word' id='word_1_607' title='bbox 2515 3791 2954 3847; x_wconf 84' lang='lat' dir='ltr'><strong>Transformabit</strong></span> <span class='ocrx_word' id='word_1_608' title='bbox 2981 3792 3126 3846; x_wconf 90' lang='lat' dir='ltr'><strong>enim</strong></span> <span class='ocrx_word' id='word_1_609' title='bbox 3157 3807 3355 3861; x_wconf 87' lang='lat' dir='ltr'><strong>corpus</strong></span> <span class='ocrx_word' id='word_1_610' title='bbox 3391 3791 3496 3849; x_wconf 82' lang='lat' dir='ltr'><strong>hu-</strong></span> 
     </span>
    </p>
   </div>
   <div class='ocr_carea' id='block_1_81' title="bbox 1924 3882 3491 3954">
    <p class='ocr_par' dir='ltr' id='par_1_81' title="bbox 1924 3882 3491 3954">
     <span class='ocr_line' id='line_1_81' title="bbox 1924 3882 3491 3954; baseline -0.003 -15"><span class='ocrx_word' id='word_1_611' title='bbox 1924 3885 2168 3939; x_wconf 88' lang='lat' dir='ltr'><strong>militatis</strong></span> <span class='ocrx_word' id='word_1_612' title='bbox 2191 3893 2408 3950; x_wconf 57' lang='lat' dir='ltr'><strong>nostra,</strong></span> <span class='ocrx_word' id='word_1_613' title='bbox 2426 3884 2819 3954; x_wconf 80' lang='lat' dir='ltr'><strong>conﬁguratum</strong></span> <span class='ocrx_word' id='word_1_614' title='bbox 2839 3883 3058 3952; x_wconf 86' lang='lat' dir='ltr'><strong>corpori</strong></span> <span class='ocrx_word' id='word_1_615' title='bbox 3077 3882 3340 3936; x_wconf 90' lang='lat' dir='ltr'><strong>claritatis</strong></span> <span class='ocrx_word' id='word_1_616' title='bbox 3357 3898 3491 3937; x_wconf 61' lang='lat' dir='ltr'><strong>suae.</strong></span> 
     </span>
    </p>
   </div>
   <div class='ocr_carea' id='block_1_82' title="bbox 1925 3973 3496 4047">
    <p class='ocr_par' dir='ltr' id='par_1_82' title="bbox 1925 3973 3496 4047">
     <span class='ocr_line' id='line_1_82' title="bbox 1925 3973 3496 4047; baseline -0.003 -17"><span class='ocrx_word' id='word_1_617' title='bbox 1925 3977 2185 4031; x_wconf 86' lang='lat' dir='ltr'><strong>Decursus</strong></span> <span class='ocrx_word' id='word_1_618' title='bbox 2223 3992 2388 4046; x_wconf 87' lang='lat' dir='ltr'><strong>porro</strong></span> <span class='ocrx_word' id='word_1_619' title='bbox 2441 3993 2720 4047; x_wconf 85' lang='lat' dir='ltr'><strong>aquarum,</strong></span> <span class='ocrx_word' id='word_1_620' title='bbox 2773 3975 2988 4030; x_wconf 87' lang='lat' dir='ltr'><strong>divinas</strong></span> <span class='ocrx_word' id='word_1_621' title='bbox 3043 3982 3202 4028; x_wconf 91' lang='lat' dir='ltr'><strong>vocat</strong></span> <span class='ocrx_word' id='word_1_622' title='bbox 3251 3973 3496 4041; x_wconf 79' lang='lat' dir='ltr'><strong>Scriptu-</strong></span> 
     </span>
    </p>
   </div>
   <div class='ocr_carea' id='block_1_83' title="bbox 1923 4064 3494 4138">
    <p class='ocr_par' dir='ltr' id='par_1_83' title="bbox 1923 4064 3494 4138">
     <span class='ocr_line' id='line_1_83' title="bbox 1923 4064 3494 4138; baseline -0.003 -17"><span class='ocrx_word' id='word_1_623' title='bbox 1923 4083 2013 4122; x_wconf 91' lang='lat' dir='ltr'><strong>ras</strong></span> <span class='ocrx_word' id='word_1_624' title='bbox 2043 4087 2055 4121; x_wconf 89' lang='lat'>:</span> <span class='ocrx_word' id='word_1_625' title='bbox 2090 4068 2144 4121; x_wconf 90' lang='lat' dir='ltr'><strong>in</strong></span> <span class='ocrx_word' id='word_1_626' title='bbox 2177 4068 2376 4138; x_wconf 88' lang='lat' dir='ltr'><strong>quibus</strong></span> <span class='ocrx_word' id='word_1_627' title='bbox 2411 4067 2616 4136; x_wconf 90' lang='lat' dir='ltr'><strong>passim</strong></span> <span class='ocrx_word' id='word_1_628' title='bbox 2657 4066 2935 4120; x_wconf 89' lang='lat' dir='ltr'><strong>Christum</strong></span> <span class='ocrx_word' id='word_1_629' title='bbox 2969 4064 3208 4132; x_wconf 89' lang='lat' dir='ltr'><strong>reperire</strong></span> <span class='ocrx_word' id='word_1_630' title='bbox 3245 4070 3329 4117; x_wconf 88' lang='lat' dir='ltr'><strong>est</strong></span> <span class='ocrx_word' id='word_1_631' title='bbox 3357 4078 3494 4131; x_wconf 78' lang='lat' dir='ltr'><strong>pra:-</strong></span> 
     </span>
    </p>
   </div>
   <div class='ocr_carea' id='block_1_84' title="bbox 1923 4155 3490 4227">
    <p class='ocr_par' dir='ltr' id='par_1_84' title="bbox 1923 4155 3490 4227">
     <span class='ocr_line' id='line_1_84' title="bbox 1923 4155 3490 4227; baseline -0.002 -15"><span class='ocrx_word' id='word_1_632' title='bbox 1923 4158 2181 4213; x_wconf 88' lang='lat' dir='ltr'><strong>dicatum.</strong></span> <span class='ocrx_word' id='word_1_633' title='bbox 2215 4158 2366 4223; x_wconf 85' lang='lat' dir='ltr'><strong>Quod</strong></span> <span class='ocrx_word' id='word_1_634' title='bbox 2400 4157 2633 4227; x_wconf 81' lang='lat' dir='ltr'><strong>fructum</strong></span> <span class='ocrx_word' id='word_1_635' title='bbox 2676 4172 2830 4210; x_wconf 85' lang='lat' dir='ltr'><strong>suum</strong></span> <span class='ocrx_word' id='word_1_636' title='bbox 2871 4155 3020 4209; x_wconf 86' lang='lat' dir='ltr'><strong>dabit</strong></span> <span class='ocrx_word' id='word_1_637' title='bbox 3043 4157 3098 4209; x_wconf 90' lang='lat' dir='ltr'><strong>in</strong></span> <span class='ocrx_word' id='word_1_638' title='bbox 3129 4165 3352 4225; x_wconf 85' lang='lat' dir='ltr'><strong>tempore</strong></span> <span class='ocrx_word' id='word_1_639' title='bbox 3375 4171 3490 4210; x_wconf 84' lang='lat' dir='ltr'><strong>suo.</strong></span> 
     </span>
    </p>
   </div>
   <div class='ocr_carea' id='block_1_85' title="bbox 1925 4245 3495 4324">
    <p class='ocr_par' dir='ltr' id='par_1_85' title="bbox 1925 4245 3495 4324">
     <span class='ocr_line' id='line_1_85' title="bbox 1925 4245 3495 4324; baseline -0.003 -22"><span class='ocrx_word' id='word_1_640' title='bbox 1925 4249 2176 4324; x_wconf 87' lang='lat' dir='ltr'><strong>[Lignum</strong></span> <span class='ocrx_word' id='word_1_641' title='bbox 2201 4249 2328 4303; x_wconf 69' lang='lat' dir='ltr'><strong>vita:</strong></span> <span class='ocrx_word' id='word_1_642' title='bbox 2359 4247 2633 4310; x_wconf 83' lang='lat' dir='ltr'><strong>Christus,</strong></span> <span class='ocrx_word' id='word_1_643' title='bbox 2663 4247 2801 4300; x_wconf 91' lang='lat' dir='ltr'><strong>rami</strong></span> <span class='ocrx_word' id='word_1_644' title='bbox 2846 4246 3098 4316; x_wconf 89' lang='lat' dir='ltr'><strong>apostoli,</strong></span> <span class='ocrx_word' id='word_1_645' title='bbox 3128 4245 3335 4300; x_wconf 78' lang='lat' dir='ltr'><strong>fructus</strong></span> <span class='ocrx_word' id='word_1_646' title='bbox 3366 4261 3495 4300; x_wconf 84' lang='lat' dir='ltr'><strong>san-</strong></span> 
     </span>
    </p>
   </div>
   <div class='ocr_carea' id='block_1_86' title="bbox 1923 4334 3493 4414">
    <p class='ocr_par' dir='ltr' id='par_1_86' title="bbox 1923 4334 3493 4414">
     <span class='ocr_line' id='line_1_86' title="bbox 1923 4334 3493 4414; baseline -0.004 -18"><span class='ocrx_word' id='word_1_647' title='bbox 1923 4341 2044 4414; x_wconf 87' lang='lat' dir='ltr'><strong>guis</strong></span> <span class='ocrx_word' id='word_1_648' title='bbox 2073 4350 2126 4394; x_wconf 91' lang='lat' dir='ltr'><strong>et</strong></span> <span class='ocrx_word' id='word_1_649' title='bbox 2147 4355 2287 4410; x_wconf 87' lang='lat' dir='ltr'><strong>aqua</strong></span> <span class='ocrx_word' id='word_1_650' title='bbox 2321 4355 2388 4394; x_wconf 82' lang='lat' dir='ltr'><strong>ex</strong></span> <span class='ocrx_word' id='word_1_651' title='bbox 2427 4339 2595 4392; x_wconf 87' lang='lat' dir='ltr'><strong>latere</strong></span> <span class='ocrx_word' id='word_1_652' title='bbox 2628 4337 2840 4392; x_wconf 91' lang='lat' dir='ltr'><strong>ﬂuens:</strong></span> <span class='ocrx_word' id='word_1_653' title='bbox 2873 4352 3106 4406; x_wconf 90' lang='lat' dir='ltr'><strong>quorum</strong></span> <span class='ocrx_word' id='word_1_654' title='bbox 3143 4335 3232 4390; x_wconf 89' lang='lat' dir='ltr'><strong>ille</strong></span> <span class='ocrx_word' id='word_1_655' title='bbox 3273 4334 3493 4405; x_wconf 87' lang='lat' dir='ltr'><strong>quidem</strong></span> 
     </span>
    </p>
   </div>
   <div class='ocr_carea' id='block_1_87' title="bbox 1922 4425 3492 4502">
    <p class='ocr_par' dir='ltr' id='par_1_87' title="bbox 1922 4425 3492 4502">
     <span class='ocr_line' id='line_1_87' title="bbox 1922 4425 3492 4502; baseline -0.006 -14"><span class='ocrx_word' id='word_1_656' title='bbox 1922 4434 1976 4488; x_wconf 93' lang='lat' dir='ltr'><strong>in</strong></span> <span class='ocrx_word' id='word_1_657' title='bbox 2002 4433 2230 4488; x_wconf 80' lang='lat' dir='ltr'><strong>formam</strong></span> <span class='ocrx_word' id='word_1_658' title='bbox 2270 4441 2325 4486; x_wconf 91' lang='lat' dir='ltr'><strong>et</strong></span> <span class='ocrx_word' id='word_1_659' title='bbox 2359 4430 2666 4502; x_wconf 79' lang='lat' dir='ltr'><strong>exemplum</strong></span> <span class='ocrx_word' id='word_1_660' title='bbox 2692 4429 2960 4501; x_wconf 81' lang='lat' dir='ltr'><strong>martyrii,</strong></span> <span class='ocrx_word' id='word_1_661' title='bbox 2986 4429 3076 4482; x_wconf 90' lang='lat' dir='ltr'><strong>illa</strong></span> <span class='ocrx_word' id='word_1_662' title='bbox 3103 4437 3282 4482; x_wconf 90' lang='lat' dir='ltr'><strong>autem</strong></span> <span class='ocrx_word' id='word_1_663' title='bbox 3315 4425 3492 4496; x_wconf 88' lang='lat' dir='ltr'><strong>bapti-</strong></span> 
     </span>
    </p>
   </div>
   <div class='ocr_carea' id='block_1_88' title="bbox 1922 4516 3492 4588">
    <p class='ocr_par' dir='ltr' id='par_1_88' title="bbox 1922 4516 3492 4588">
     <span class='ocr_line' id='line_1_88' title="bbox 1922 4516 3492 4588; baseline -0.008 -7"><span class='ocrx_word' id='word_1_664' title='bbox 1922 4525 2132 4581; x_wconf 90' lang='lat' dir='ltr'><strong>smatis.</strong></span> <span class='ocrx_word' id='word_1_665' title='bbox 2175 4523 2324 4578; x_wconf 88' lang='lat' dir='ltr'><strong>Folia</strong></span> <span class='ocrx_word' id='word_1_666' title='bbox 2366 4531 2492 4577; x_wconf 89' lang='lat' dir='ltr'><strong>sunt</strong></span> <span class='ocrx_word' id='word_1_667' title='bbox 2520 4535 2829 4586; x_wconf 89' lang='lat' dir='ltr'><strong>sermones;</strong></span> <span class='ocrx_word' id='word_1_668' title='bbox 2867 4519 3100 4575; x_wconf 80' lang='lat' dir='ltr'><strong>fructum</strong></span> <span class='ocrx_word' id='word_1_669' title='bbox 3139 4518 3266 4588; x_wconf 85' lang='lat' dir='ltr'><strong>ligni</strong></span> <span class='ocrx_word' id='word_1_670' title='bbox 3295 4516 3492 4572; x_wconf 88' lang='lat' dir='ltr'><strong>intelli-</strong></span> 
     </span>
    </p>
   </div>
   <div class='ocr_carea' id='block_1_89' title="bbox 1923 4613 3491 4690">
    <p class='ocr_par' dir='ltr' id='par_1_89' title="bbox 1923 4613 3491 4690">
     <span class='ocr_line' id='line_1_89' title="bbox 1923 4613 3491 4690; baseline -0.008 -17"><span class='ocrx_word' id='word_1_671' title='bbox 1923 4633 2019 4690; x_wconf 86' lang='lat' dir='ltr'><strong>gas</strong></span> <span class='ocrx_word' id='word_1_672' title='bbox 2048 4633 2168 4673; x_wconf 89' lang='lat' dir='ltr'><strong>esse</strong></span> <span class='ocrx_word' id='word_1_673' title='bbox 2193 4625 2394 4671; x_wconf 89' lang='lat' dir='ltr'><strong>rectam</strong></span> <span class='ocrx_word' id='word_1_674' title='bbox 2427 4615 2613 4681; x_wconf 85' lang='lat' dir='ltr'><strong>tidem;</strong></span> <span class='ocrx_word' id='word_1_675' title='bbox 2642 4613 2772 4668; x_wconf 79' lang='lat' dir='ltr'><strong>folia</strong></span> <span class='ocrx_word' id='word_1_676' title='bbox 2807 4615 2935 4668; x_wconf 89' lang='lat' dir='ltr'><strong>item</strong></span> <span class='ocrx_word' id='word_1_677' title='bbox 2969 4613 3161 4683; x_wconf 86' lang='lat' dir='ltr'><strong>ipsius,</strong></span> <span class='ocrx_word' id='word_1_678' title='bbox 3195 4618 3491 4680; x_wconf 66' lang='lat' dir='ltr'><strong>praecepto-</strong></span> 
     </span>
    </p>
   </div>
   <div class='ocr_carea' id='block_1_90' title="bbox 257 4683 1829 4777">
    <p class='ocr_par' dir='ltr' id='par_1_90' title="bbox 257 4703 1821 4777">
     <span class='ocr_line' id='line_1_90' title="bbox 257 4703 1821 4777; baseline -0.001 -19"><span class='ocrx_word' id='word_1_679' title='bbox 257 4706 476 4777; x_wconf 76' lang='grc' dir='ltr'>Καρπὺς</span> <span class='ocrx_word' id='word_1_680' title='bbox 506 4706 601 4758; x_wconf 78' lang='grc' dir='ltr'>καὶ</span> <span class='ocrx_word' id='word_1_681' title='bbox 637 4707 686 4757; x_wconf 75' lang='grc' dir='ltr'>οἱ</span> <span class='ocrx_word' id='word_1_682' title='bbox 723 4705 1034 4774; x_wconf 76' lang='grc' dir='ltr'>σωζόμενοι,</span> <span class='ocrx_word' id='word_1_683' title='bbox 1068 4703 1192 4775; x_wconf 77' lang='grc' dir='ltr'>ῥίζα</span> <span class='ocrx_word' id='word_1_684' title='bbox 1223 4703 1284 4757; x_wconf 85' lang='grc' dir='ltr'>τὸ</span> <span class='ocrx_word' id='word_1_685' title='bbox 1311 4703 1590 4774; x_wconf 82' lang='grc' dir='ltr'>βάπτισμα</span> <span class='ocrx_word' id='word_1_686' title='bbox 1609 4721 1622 4734; x_wconf 91' lang='grc'><strong>·</strong></span> <span class='ocrx_word' id='word_1_687' title='bbox 1648 4720 1821 4776; x_wconf 86' lang='grc' dir='ltr'>γεωρ-</span> 
     </span>
    </p>
   </div>
   <div class='ocr_carea' id='block_1_91' title="bbox 1935 4683 3491 4777">
    <p class='ocr_par' dir='ltr' id='par_1_91' title="bbox 1935 4701 3491 4770">
     <span class='ocr_line' id='line_1_91' title="bbox 1935 4701 3491 4770; baseline -0.006 -7"><span class='ocrx_word' id='word_1_688' title='bbox 1935 4726 2043 4764; x_wconf 82' lang='lat' dir='ltr'><strong>rum</strong></span> <span class='ocrx_word' id='word_1_689' title='bbox 2085 4707 2554 4763; x_wconf 87' lang='lat' dir='ltr'><strong>observationem:</strong></span> <span class='ocrx_word' id='word_1_690' title='bbox 2591 4705 2801 4762; x_wconf 78' lang='lat' dir='ltr'><strong>fructus</strong></span> <span class='ocrx_word' id='word_1_691' title='bbox 2832 4703 2995 4760; x_wconf 90' lang='lat' dir='ltr'><strong>etiam</strong></span> <span class='ocrx_word' id='word_1_692' title='bbox 3027 4711 3156 4757; x_wconf 89' lang='lat' dir='ltr'><strong>sunt</strong></span> <span class='ocrx_word' id='word_1_693' title='bbox 3187 4702 3248 4764; x_wconf 90' lang='lat' dir='ltr'><strong>ii,</strong></span> <span class='ocrx_word' id='word_1_694' title='bbox 3277 4701 3372 4770; x_wconf 92' lang='lat' dir='ltr'><strong>qui</strong></span> <span class='ocrx_word' id='word_1_695' title='bbox 3401 4715 3491 4754; x_wconf 90' lang='lat' dir='ltr'><strong>sa-</strong></span> 
     </span>
    </p>
   </div>
   <div class='ocr_carea' id='block_1_92' title="bbox 255 4795 1821 4870">
    <p class='ocr_par' dir='ltr' id='par_1_92' title="bbox 255 4795 1821 4870">
     <span class='ocr_line' id='line_1_92' title="bbox 255 4795 1821 4870; baseline 0 -20"><span class='ocrx_word' id='word_1_696' title='bbox 255 4797 343 4865; x_wconf 84' lang='grc' dir='ltr'>γὸς</span> <span class='ocrx_word' id='word_1_697' title='bbox 369 4801 398 4852; x_wconf 89' lang='lat'><strong>6</strong></span> <span class='ocrx_word' id='word_1_698' title='bbox 430 4797 671 4870; x_wconf 85' lang='grc' dir='ltr'>Πατήρ.]</span> <span class='ocrx_word' id='word_1_699' title='bbox 706 4799 766 4849; x_wconf 88' lang='grc' dir='ltr'><em>Ὃ</em></span> <span class='ocrx_word' id='word_1_700' title='bbox 789 4801 896 4850; x_wconf 83' lang='grc' dir='ltr'>τὸν</span> <span class='ocrx_word' id='word_1_701' title='bbox 927 4797 1158 4865; x_wconf 84' lang='grc' dir='ltr'>καρπὸν</span> <span class='ocrx_word' id='word_1_702' title='bbox 1184 4796 1369 4851; x_wconf 83' lang='grc' dir='ltr'>αὐτοῦ</span> <span class='ocrx_word' id='word_1_703' title='bbox 1397 4795 1572 4849; x_wconf 84' lang='grc' dir='ltr'>δώσει</span> <span class='ocrx_word' id='word_1_704' title='bbox 1592 4796 1662 4848; x_wconf 89' lang='grc' dir='ltr'>ἐν</span> <span class='ocrx_word' id='word_1_705' title='bbox 1694 4813 1821 4850; x_wconf 84' lang='grc' dir='ltr'>και-</span> 
     </span>
    </p>
   </div>
   <div class='ocr_carea' id='block_1_93' title="bbox 247 4877 1817 4958">
    <p class='ocr_par' dir='ltr' id='par_1_93' title="bbox 247 4877 1817 4958">
     <span class='ocr_line' id='line_1_93' title="bbox 247 4877 1817 4958; baseline -0.003 -16"><span class='ocrx_word' id='word_1_706' title='bbox 247 4885 331 4955; x_wconf 66' lang='grc' dir='ltr'>ρῷ</span> <span class='ocrx_word' id='word_1_707' title='bbox 354 4887 563 4942; x_wconf 85' lang='grc' dir='ltr'>αὐτοῦ.</span> <span class='ocrx_word' id='word_1_708' title='bbox 590 4888 814 4956; x_wconf 75' lang='grc' dir='ltr'>Καρπὺν</span> <span class='ocrx_word' id='word_1_709' title='bbox 855 4886 949 4940; x_wconf 74' lang='grc' dir='ltr'>τοῦ</span> <span class='ocrx_word' id='word_1_710' title='bbox 999 4885 1154 4951; x_wconf 82' lang='grc' dir='ltr'>ξύλου</span> <span class='ocrx_word' id='word_1_711' title='bbox 1201 4877 1411 4958; x_wconf 77' lang='grc' dir='ltr'>νοήσεις</span> <span class='ocrx_word' id='word_1_712' title='bbox 1452 4885 1550 4956; x_wconf 83' lang='grc' dir='ltr'>τὴν</span> <span class='ocrx_word' id='word_1_713' title='bbox 1597 4884 1817 4938; x_wconf 86' lang='grc' dir='ltr'>πίστιν·</span> 
     </span>
    </p>
   </div>
   <div class='ocr_carea' id='block_1_94' title="bbox 258 4960 1818 5050">
    <p class='ocr_par' dir='ltr' id='par_1_94' title="bbox 258 4960 1818 5050">
     <span class='ocr_line' id='line_1_94' title="bbox 258 4960 1818 5050; baseline -0.002 -20"><span class='ocrx_word' id='word_1_714' title='bbox 258 4977 422 5046; x_wconf 78' lang='grc' dir='ltr'>φύλλα</span> <span class='ocrx_word' id='word_1_715' title='bbox 466 4978 524 5041; x_wconf 74' lang='grc' dir='ltr'>δὲ</span> <span class='ocrx_word' id='word_1_716' title='bbox 569 4977 730 5030; x_wconf 77' lang='grc' dir='ltr'>αὐτοῦ</span> <span class='ocrx_word' id='word_1_717' title='bbox 763 4976 861 5048; x_wconf 80' lang='grc' dir='ltr'>τὴν</span> <span class='ocrx_word' id='word_1_718' title='bbox 892 4977 1167 5050; x_wconf 82' lang='grc' dir='ltr'>πλήρωσιν</span> <span class='ocrx_word' id='word_1_719' title='bbox 1195 4976 1304 5029; x_wconf 84' lang='grc' dir='ltr'><strong>τῶν</strong></span> <span class='ocrx_word' id='word_1_720' title='bbox 1338 4975 1585 5028; x_wconf 74' lang='grc' dir='ltr'>ἐντολῶν.</span> <span class='ocrx_word' id='word_1_721' title='bbox 1617 4960 1728 5029; x_wconf 70' lang='grc' dir='ltr'>Καί</span> <span class='ocrx_word' id='word_1_722' title='bbox 1757 4975 1818 5027; x_wconf 85' lang='grc' dir='ltr'>τὸ</span> 
     </span>
    </p>
   </div>
   <div class='ocr_carea' id='block_1_95' title="bbox 253 5068 1822 5138">
    <p class='ocr_par' dir='ltr' id='par_1_95' title="bbox 253 5068 1822 5138">
     <span class='ocr_line' id='line_1_95' title="bbox 253 5068 1822 5138; baseline -0.003 -15"><span class='ocrx_word' id='word_1_723' title='bbox 253 5071 488 5138; x_wconf 53' lang='grc' dir='ltr'>φύλλον</span> <span class='ocrx_word' id='word_1_724' title='bbox 516 5070 702 5124; x_wconf 78' lang='grc' dir='ltr'>αὐτοῦ</span> <span class='ocrx_word' id='word_1_725' title='bbox 731 5073 841 5124; x_wconf 80' lang='grc' dir='ltr'>οὐκ</span> <span class='ocrx_word' id='word_1_726' title='bbox 867 5069 1305 5138; x_wconf 80' lang='grc' dir='ltr'>ἀπορῤυήσεται</span> <span class='ocrx_word' id='word_1_727' title='bbox 1323 5109 1338 5134; x_wconf 86' lang='grc'><strong>,</strong></span> <span class='ocrx_word' id='word_1_728' title='bbox 1385 5069 1482 5120; x_wconf 81' lang='grc' dir='ltr'>οὐκ</span> <span class='ocrx_word' id='word_1_729' title='bbox 1532 5068 1822 5120; x_wconf 84' lang='grc' dir='ltr'>ἀποπεσεῖ-</span> 
     </span>
    </p>
   </div>
   <div class='ocr_carea' id='block_1_96' title="bbox 257 5147 1819 5230">
    <p class='ocr_par' dir='ltr' id='par_1_96' title="bbox 257 5147 1819 5230">
     <span class='ocr_line' id='line_1_96' title="bbox 257 5147 1819 5230; baseline -0.003 -16"><span class='ocrx_word' id='word_1_730' title='bbox 257 5147 360 5214; x_wconf 80' lang='grc' dir='ltr'>ται.</span> <span class='ocrx_word' id='word_1_731' title='bbox 396 5163 504 5218; x_wconf 77' lang='grc' dir='ltr'><strong>Καὶ</strong></span> <span class='ocrx_word' id='word_1_732' title='bbox 527 5162 723 5216; x_wconf 79' lang='grc' dir='ltr'>πάντα</span> <span class='ocrx_word' id='word_1_733' title='bbox 745 5162 860 5216; x_wconf 84' lang='grc' dir='ltr'>ὅσα</span> <span class='ocrx_word' id='word_1_734' title='bbox 882 5161 959 5216; x_wconf 81' lang='grc' dir='ltr'>ἂν</span> <span class='ocrx_word' id='word_1_735' title='bbox 984 5161 1124 5230; x_wconf 76' lang='grc' dir='ltr'>ποιῇ</span> <span class='ocrx_word' id='word_1_736' title='bbox 1151 5158 1710 5227; x_wconf 78' lang='grc' dir='ltr'>κατευοδωθήσεται.</span> <span class='ocrx_word' id='word_1_737' title='bbox 1746 5159 1819 5212; x_wconf 78' lang='grc' dir='ltr'><strong>Οὐ</strong></span> 
     </span>
    </p>
   </div>
   <div class='ocr_carea' id='block_1_97' title="bbox 257 5251 1818 5326">
    <p class='ocr_par' dir='ltr' id='par_1_97' title="bbox 257 5251 1818 5326">
     <span class='ocr_line' id='line_1_97' title="bbox 257 5251 1818 5326; baseline -0.003 -17"><span class='ocrx_word' id='word_1_738' title='bbox 257 5255 358 5326; x_wconf 79' lang='grc' dir='ltr'>γάρ</span> <span class='ocrx_word' id='word_1_739' title='bbox 387 5258 500 5309; x_wconf 76' lang='grc' dir='ltr'>ἐστι</span> <span class='ocrx_word' id='word_1_740' title='bbox 530 5256 726 5326; x_wconf 75' lang='grc' dir='ltr'>πρᾶξις</span> <span class='ocrx_word' id='word_1_741' title='bbox 749 5255 855 5308; x_wconf 84' lang='grc' dir='ltr'>τῶν</span> <span class='ocrx_word' id='word_1_742' title='bbox 884 5255 1023 5309; x_wconf 85' lang='grc' dir='ltr'><strong>κατά</strong></span> <span class='ocrx_word' id='word_1_743' title='bbox 1047 5254 1175 5307; x_wconf 70' lang='grc' dir='ltr'>Θεὸν</span> <span class='ocrx_word' id='word_1_744' title='bbox 1195 5253 1492 5323; x_wconf 87' lang='grc' dir='ltr'>γινομένων</span> <span class='ocrx_word' id='word_1_745' title='bbox 1517 5251 1818 5322; x_wconf 85' lang='grc' dir='ltr'>ἀνωφελής.</span> 
     </span>
    </p>
   </div>
   <div class='ocr_carea' id='block_1_98' title="bbox 258 5344 1822 5419">
    <p class='ocr_par' dir='ltr' id='par_1_98' title="bbox 258 5344 1822 5419">
     <span class='ocr_line' id='line_1_98' title="bbox 258 5344 1822 5419; baseline -0.004 -18"><span class='ocrx_word' id='word_1_746' title='bbox 258 5346 480 5419; x_wconf 79' lang='grc' dir='ltr'>ΙΚαιρὸς</span> <span class='ocrx_word' id='word_1_747' title='bbox 511 5348 604 5402; x_wconf 83' lang='grc' dir='ltr'>τοῦ</span> <span class='ocrx_word' id='word_1_748' title='bbox 635 5348 830 5400; x_wconf 88' lang='grc' dir='ltr'>διδόναι</span> <span class='ocrx_word' id='word_1_749' title='bbox 859 5350 893 5418; x_wconf 79' lang='grc' dir='ltr'>ἠ</span> <span class='ocrx_word' id='word_1_750' title='bbox 926 5347 1019 5401; x_wconf 81' lang='grc' dir='ltr'><strong>τοῦ</strong></span> <span class='ocrx_word' id='word_1_751' title='bbox 1057 5345 1422 5416; x_wconf 78' lang='grc' dir='ltr'>λαμϐάνοντος</span> <span class='ocrx_word' id='word_1_752' title='bbox 1453 5344 1822 5416; x_wconf 75' lang='grc' dir='ltr'>ἐπιτηδειότης</span> 
     </span>
    </p>
   </div>
   <div class='ocr_carea' id='block_1_99' title="bbox 256 5439 442 5512">
    <p class='ocr_par' dir='ltr' id='par_1_99' title="bbox 256 5439 442 5512">
     <span class='ocr_line' id='line_1_99' title="bbox 256 5439 442 5512; baseline 0.016 -21"><span class='ocrx_word' id='word_1_753' title='bbox 256 5439 442 5512; x_wconf 58' lang='grc' dir='ltr'>ἐστίν]</span> 
     </span>
    </p>
   </div>
   <div class='ocr_carea' id='block_1_100' title="bbox 324 5529 1816 5600">
    <p class='ocr_par' dir='ltr' id='par_1_100' title="bbox 324 5529 1816 5600">
     <span class='ocr_line' id='line_1_100' title="bbox 324 5529 1816 5600; baseline -0.002 -15"><span class='ocrx_word' id='word_1_754' title='bbox 324 5533 421 5586; x_wconf 84' lang='grc' dir='ltr'>Διά</span> <span class='ocrx_word' id='word_1_755' title='bbox 439 5533 613 5588; x_wconf 81' lang='grc' dir='ltr'>τοῦτο</span> <span class='ocrx_word' id='word_1_756' title='bbox 639 5533 755 5586; x_wconf 81' lang='grc' dir='ltr'>οὐκ</span> <span class='ocrx_word' id='word_1_757' title='bbox 773 5530 1220 5600; x_wconf 79' lang='grc' dir='ltr'>ἀναστήσονται</span> <span class='ocrx_word' id='word_1_758' title='bbox 1249 5529 1482 5596; x_wconf 79' lang='grc' dir='ltr'>ἀσεϐεῖς</span> <span class='ocrx_word' id='word_1_759' title='bbox 1509 5529 1579 5583; x_wconf 81' lang='grc' dir='ltr'>ἐν</span> <span class='ocrx_word' id='word_1_760' title='bbox 1603 5529 1816 5596; x_wconf 78' lang='grc' dir='ltr'>κρίσει.</span> 
     </span>
    </p>
   </div>
   <div class='ocr_carea' id='block_1_101' title="bbox 259 5615 1816 5698">
    <p class='ocr_par' dir='ltr' id='par_1_101' title="bbox 259 5615 1816 5698">
     <span class='ocr_line' id='line_1_101' title="bbox 259 5615 1816 5698; baseline -0.003 -22"><span class='ocrx_word' id='word_1_761' title='bbox 259 5623 351 5686; x_wconf 81' lang='grc' dir='ltr'>Διά</span> <span class='ocrx_word' id='word_1_762' title='bbox 375 5624 528 5680; x_wconf 83' lang='grc' dir='ltr'>τοῦτο</span> <span class='ocrx_word' id='word_1_763' title='bbox 549 5625 675 5698; x_wconf 80' lang='grc' dir='ltr'>μὲν,</span> <span class='ocrx_word' id='word_1_764' title='bbox 707 5623 796 5676; x_wconf 83' lang='grc' dir='ltr'>διὰ</span> <span class='ocrx_word' id='word_1_765' title='bbox 819 5623 880 5676; x_wconf 86' lang='grc' dir='ltr'>τὸ</span> <span class='ocrx_word' id='word_1_766' title='bbox 907 5623 979 5695; x_wconf 82' lang='grc' dir='ltr'>μὴ</span> <span class='ocrx_word' id='word_1_767' title='bbox 1001 5623 1140 5694; x_wconf 73' lang='grc' dir='ltr'>ἔχειν</span> <span class='ocrx_word' id='word_1_768' title='bbox 1169 5621 1340 5696; x_wconf 80' lang='grc' dir='ltr'>ῥίζαν,</span> <span class='ocrx_word' id='word_1_769' title='bbox 1368 5622 1482 5677; x_wconf 78' lang='grc' dir='ltr'>ἀλλ’</span> <span class='ocrx_word' id='word_1_770' title='bbox 1502 5621 1719 5693; x_wconf 83' lang='grc' dir='ltr'>ὁμοίους</span> <span class='ocrx_word' id='word_1_771' title='bbox 1740 5615 1816 5673; x_wconf 78' lang='grc' dir='ltr'><strong>εἶ·-</strong></span> 
     </span>
    </p>
   </div>
   <div class='ocr_carea' id='block_1_102' title="bbox 1920 4791 3489 4868">
    <p class='ocr_par' dir='ltr' id='par_1_102' title="bbox 1920 4791 3489 4868">
     <span class='ocr_line' id='line_1_102' title="bbox 1920 4791 3489 4868; baseline -0.006 -14"><span class='ocrx_word' id='word_1_772' title='bbox 1920 4801 2086 4854; x_wconf 83' lang='lat' dir='ltr'><strong>lutem</strong></span> <span class='ocrx_word' id='word_1_773' title='bbox 2133 4807 2575 4868; x_wconf 88' lang='lat' dir='ltr'><strong>consequuntur;</strong></span> <span class='ocrx_word' id='word_1_774' title='bbox 2628 4798 2815 4863; x_wconf 81' lang='lat' dir='ltr'><strong>radix,</strong></span> <span class='ocrx_word' id='word_1_775' title='bbox 2861 4797 3163 4866; x_wconf 88' lang='lat' dir='ltr'><strong>baptisma;</strong></span> <span class='ocrx_word' id='word_1_776' title='bbox 3215 4791 3489 4864; x_wconf 83' lang='lat' dir='ltr'><strong>agricola,</strong></span> 
     </span>
    </p>
   </div>
   <div class='ocr_carea' id='block_1_103' title="bbox 1919 4882 3493 4964">
    <p class='ocr_par' dir='ltr' id='par_1_103' title="bbox 1919 4882 3493 4964">
     <span class='ocr_line' id='line_1_103' title="bbox 1919 4882 3493 4964; baseline -0.008 -15"><span class='ocrx_word' id='word_1_777' title='bbox 1919 4891 2125 4964; x_wconf 89' lang='lat' dir='ltr'><strong>Pater.]</strong></span> <span class='ocrx_word' id='word_1_778' title='bbox 2157 4890 2416 4947; x_wconf 85' lang='lat' dir='ltr'><strong>Fructum</strong></span> <span class='ocrx_word' id='word_1_779' title='bbox 2451 4890 2579 4961; x_wconf 87' lang='lat' dir='ltr'><strong>ligni</strong></span> <span class='ocrx_word' id='word_1_780' title='bbox 2611 4890 2880 4959; x_wconf 86' lang='lat' dir='ltr'><strong>intelligas</strong></span> <span class='ocrx_word' id='word_1_781' title='bbox 2915 4897 3117 4943; x_wconf 88' lang='lat' dir='ltr'><strong>rectam</strong></span> <span class='ocrx_word' id='word_1_782' title='bbox 3147 4884 3306 4940; x_wconf 83' lang='lat' dir='ltr'><strong>ﬁdem</strong></span> <span class='ocrx_word' id='word_1_783' title='bbox 3349 4902 3362 4937; x_wconf 90' lang='lat'><strong>:</strong></span> <span class='ocrx_word' id='word_1_784' title='bbox 3407 4882 3493 4936; x_wconf 85' lang='lat' dir='ltr'><strong>fo-</strong></span> 
     </span>
    </p>
   </div>
   <div class='ocr_carea' id='block_1_104' title="bbox 1920 4980 3486 5052">
    <p class='ocr_par' dir='ltr' id='par_1_104' title="bbox 1920 4980 3486 5052">
     <span class='ocr_line' id='line_1_104' title="bbox 1920 4980 3486 5052; baseline -0.006 -15"><span class='ocrx_word' id='word_1_785' title='bbox 1920 4984 2052 5038; x_wconf 89' lang='lat' dir='ltr'><strong>lium</strong></span> <span class='ocrx_word' id='word_1_786' title='bbox 2087 4995 2264 5038; x_wconf 88' lang='lat' dir='ltr'><strong>autem</strong></span> <span class='ocrx_word' id='word_1_787' title='bbox 2291 4983 2430 5052; x_wconf 82' lang='lat' dir='ltr'><strong>ejus,</strong></span> <span class='ocrx_word' id='word_1_788' title='bbox 2465 4994 2547 5037; x_wconf 91' lang='lat' dir='ltr'><strong>est</strong></span> <span class='ocrx_word' id='word_1_789' title='bbox 2573 4983 2729 5050; x_wconf 88' lang='lat' dir='ltr'><strong>plena</strong></span> <span class='ocrx_word' id='word_1_790' title='bbox 2753 4981 3060 5037; x_wconf 86' lang='lat' dir='ltr'><strong>observatio</strong></span> <span class='ocrx_word' id='word_1_791' title='bbox 3083 4980 3486 5033; x_wconf 72' lang='lat' dir='ltr'><strong>mandatorum.</strong></span> 
     </span>
    </p>
   </div>
   <div class='ocr_carea' id='block_1_105' title="bbox 1923 5064 3488 5142">
    <p class='ocr_par' dir='ltr' id='par_1_105' title="bbox 1923 5064 3488 5142">
     <span class='ocr_line' id='line_1_105' title="bbox 1923 5064 3488 5142; baseline -0.01 -14"><span class='ocrx_word' id='word_1_792' title='bbox 1923 5072 2211 5142; x_wconf 54' lang='grc' dir='ltr'>Ειλυίὶιιηι</span> <span class='ocrx_word' id='word_1_793' title='bbox 2243 5072 2354 5140; x_wconf 85' lang='lat' dir='ltr'><strong>ejus</strong></span> <span class='ocrx_word' id='word_1_794' title='bbox 2401 5088 2504 5124; x_wconf 89' lang='lat' dir='ltr'><strong>non</strong></span> <span class='ocrx_word' id='word_1_795' title='bbox 2543 5071 2754 5140; x_wconf 76' lang='lat' dir='ltr'><strong>defluet,</strong></span> <span class='ocrx_word' id='word_1_796' title='bbox 2786 5087 2892 5124; x_wconf 91' lang='lat' dir='ltr'><strong>non</strong></span> <span class='ocrx_word' id='word_1_797' title='bbox 2929 5069 3162 5124; x_wconf 87' lang='lat' dir='ltr'><strong>decidet.</strong></span> <span class='ocrx_word' id='word_1_798' title='bbox 3197 5065 3263 5119; x_wconf 88' lang='lat' dir='ltr'><strong>Et</strong></span> <span class='ocrx_word' id='word_1_799' title='bbox 3314 5064 3488 5117; x_wconf 87' lang='lat' dir='ltr'><strong>omnia</strong></span> 
     </span>
    </p>
   </div>
   <div class='ocr_carea' id='block_1_106' title="bbox 1923 5158 3492 5236">
    <p class='ocr_par' dir='ltr' id='par_1_106' title="bbox 1923 5158 3492 5236">
     <span class='ocr_line' id='line_1_106' title="bbox 1923 5158 3492 5236; baseline -0.01 -17"><span class='ocrx_word' id='word_1_800' title='bbox 1923 5181 2242 5236; x_wconf 65' lang='lat' dir='ltr'><strong>quaecunque</strong></span> <span class='ocrx_word' id='word_1_801' title='bbox 2275 5165 2430 5230; x_wconf 79' lang='lat' dir='ltr'><strong>faciet</strong></span> <span class='ocrx_word' id='word_1_802' title='bbox 2459 5164 2922 5233; x_wconf 84' lang='lat' dir='ltr'><strong>prosperabunlur.</strong></span> <span class='ocrx_word' id='word_1_803' title='bbox 2945 5159 3103 5224; x_wconf 85' lang='lat' dir='ltr'><strong>Nulla</strong></span> <span class='ocrx_word' id='word_1_804' title='bbox 3133 5158 3276 5212; x_wconf 91' lang='lat' dir='ltr'><strong>enim</strong></span> <span class='ocrx_word' id='word_1_805' title='bbox 3302 5168 3492 5208; x_wconf 87' lang='lat' dir='ltr'><strong>secun-</strong></span> 
     </span>
    </p>
   </div>
   <div class='ocr_carea' id='block_1_107' title="bbox 1923 5245 3490 5324">
    <p class='ocr_par' dir='ltr' id='par_1_107' title="bbox 1923 5245 3490 5324">
     <span class='ocr_line' id='line_1_107' title="bbox 1923 5245 3490 5324; baseline -0.01 -13"><span class='ocrx_word' id='word_1_806' title='bbox 1923 5258 2050 5312; x_wconf 93' lang='lat' dir='ltr'><strong>dum</strong></span> <span class='ocrx_word' id='word_1_807' title='bbox 2082 5255 2248 5309; x_wconf 88' lang='lat' dir='ltr'><strong>Deum</strong></span> <span class='ocrx_word' id='word_1_808' title='bbox 2274 5255 2416 5309; x_wconf 77' lang='lat' dir='ltr'><strong>actio</strong></span> <span class='ocrx_word' id='word_1_809' title='bbox 2445 5254 2679 5308; x_wconf 87' lang='lat' dir='ltr'><strong>utilitate</strong></span> <span class='ocrx_word' id='word_1_810' title='bbox 2705 5262 2874 5308; x_wconf 88' lang='lat' dir='ltr'><strong>caret.</strong></span> <span class='ocrx_word' id='word_1_811' title='bbox 2897 5251 3159 5324; x_wconf 83' lang='lat' dir='ltr'><strong>[Tempus</strong></span> <span class='ocrx_word' id='word_1_812' title='bbox 3191 5245 3378 5308; x_wconf 86' lang='lat' dir='ltr'><strong>dandi,</strong></span> <span class='ocrx_word' id='word_1_813' title='bbox 3403 5258 3490 5298; x_wconf 86' lang='lat' dir='ltr'><strong>ac-</strong></span> 
     </span>
    </p>
   </div>
   <div class='ocr_carea' id='block_1_108' title="bbox 1923 5345 2717 5420">
    <p class='ocr_par' dir='ltr' id='par_1_108' title="bbox 1923 5345 2717 5420">
     <span class='ocr_line' id='line_1_108' title="bbox 1923 5345 2717 5420; baseline -0.008 -16"><span class='ocrx_word' id='word_1_814' title='bbox 1923 5350 2170 5420; x_wconf 79' lang='lat' dir='ltr'><strong>cipientis</strong></span> <span class='ocrx_word' id='word_1_815' title='bbox 2193 5348 2567 5419; x_wconf 86' lang='lat' dir='ltr'><strong>opportunitas</strong></span> <span class='ocrx_word' id='word_1_816' title='bbox 2592 5345 2717 5417; x_wconf 92' lang='lat' dir='ltr'><strong>est.]</strong></span> 
     </span>
    </p>
   </div>
   <div class='ocr_carea' id='block_1_109' title="bbox 1995 5513 3484 5598">
    <p class='ocr_par' dir='ltr' id='par_1_109' title="bbox 1995 5513 3484 5598">
     <span class='ocr_line' id='line_1_109' title="bbox 1995 5513 3484 5598; baseline -0.011 -15"><span class='ocrx_word' id='word_1_817' title='bbox 1995 5528 2046 5583; x_wconf 87' lang='lat'><strong>5.</strong></span> <span class='ocrx_word' id='word_1_818' title='bbox 2085 5525 2211 5581; x_wconf 86' lang='lat' dir='ltr'><strong>Ideo</strong></span> <span class='ocrx_word' id='word_1_819' title='bbox 2241 5545 2343 5581; x_wconf 87' lang='lat' dir='ltr'><strong>non</strong></span> <span class='ocrx_word' id='word_1_820' title='bbox 2371 5536 2638 5598; x_wconf 82' lang='lat' dir='ltr'><strong>resurgent</strong></span> <span class='ocrx_word' id='word_1_821' title='bbox 2680 5527 2828 5596; x_wconf 83' lang='lat' dir='ltr'><strong>impii</strong></span> <span class='ocrx_word' id='word_1_822' title='bbox 2868 5525 2925 5577; x_wconf 88' lang='lat' dir='ltr'><strong>in</strong></span> <span class='ocrx_word' id='word_1_823' title='bbox 2954 5517 3173 5588; x_wconf 82' lang='lat' dir='ltr'><strong>iudicio.</strong></span> <span class='ocrx_word' id='word_1_824' title='bbox 3217 5513 3484 5570; x_wconf 74' lang='lat' dir='ltr'><strong>Nimirum</strong></span> 
     </span>
    </p>
   </div>
   <div class='ocr_carea' id='block_1_110' title="bbox 1925 5605 3484 5690">
    <p class='ocr_par' dir='ltr' id='par_1_110' title="bbox 1925 5605 3484 5690">
     <span class='ocr_line' id='line_1_110' title="bbox 1925 5605 3484 5690; baseline -0.009 -16"><span class='ocrx_word' id='word_1_825' title='bbox 1925 5619 2051 5690; x_wconf 88' lang='lat' dir='ltr'><strong>quia</strong></span> <span class='ocrx_word' id='word_1_826' title='bbox 2085 5634 2192 5675; x_wconf 90' lang='lat' dir='ltr'><strong>non</strong></span> <span class='ocrx_word' id='word_1_827' title='bbox 2216 5618 2414 5677; x_wconf 88' lang='lat' dir='ltr'><strong>habent</strong></span> <span class='ocrx_word' id='word_1_828' title='bbox 2459 5619 2717 5688; x_wconf 87' lang='lat' dir='ltr'><strong>radicem,</strong></span> <span class='ocrx_word' id='word_1_829' title='bbox 2753 5616 2844 5674; x_wconf 89' lang='lat' dir='ltr'><strong>sed</strong></span> <span class='ocrx_word' id='word_1_830' title='bbox 2885 5613 3091 5670; x_wconf 88' lang='lat' dir='ltr'><strong>similes</strong></span> <span class='ocrx_word' id='word_1_831' title='bbox 3125 5616 3252 5668; x_wconf 90' lang='lat' dir='ltr'><strong>sunt</strong></span> <span class='ocrx_word' id='word_1_832' title='bbox 3276 5605 3484 5679; x_wconf 83' lang='lat' dir='ltr'><strong>pulveri</strong></span> 
     </span>
    </p>
   </div>
   <div class='ocr_carea' id='block_1_111' title="bbox 325 5735 1938 5809">
    <p class='ocr_par' dir='ltr' id='par_1_111' title="bbox 325 5735 1938 5809">
     <span class='ocr_line' id='line_1_111' title="bbox 325 5735 1938 5809; baseline -0.002 -14"><span class='ocrx_word' id='word_1_833' title='bbox 325 5740 366 5776; x_wconf 77' lang='lat'><strong>“</strong></span> <span class='ocrx_word' id='word_1_834' title='bbox 395 5740 575 5804; x_wconf 75' lang='lat' dir='ltr'><strong>Matth.</strong></span> <span class='ocrx_word' id='word_1_835' title='bbox 609 5755 774 5808; x_wconf 73' lang='lat' dir='ltr'><strong>utut,</strong></span> <span class='ocrx_word' id='word_1_836' title='bbox 805 5739 858 5795; x_wconf 78' lang='grc'>5.</span> <span class='ocrx_word' id='word_1_837' title='bbox 916 5739 961 5773; x_wconf 85' lang='grc'><strong><em>⁵³</em></strong></span> <span class='ocrx_word' id='word_1_838' title='bbox 989 5738 1143 5797; x_wconf 77' lang='lat' dir='ltr'><strong>Joan.</strong></span> <span class='ocrx_word' id='word_1_839' title='bbox 1180 5757 1274 5809; x_wconf 85' lang='lat' dir='ltr'><strong>vn,</strong></span> <span class='ocrx_word' id='word_1_840' title='bbox 1308 5743 1393 5800; x_wconf 75' lang='lat'><strong>37.</strong></span> <span class='ocrx_word' id='word_1_841' title='bbox 1470 5741 1517 5775; x_wconf 85' lang='grc'><strong>⁵⁸</strong></span> <span class='ocrx_word' id='word_1_842' title='bbox 1548 5738 1706 5796; x_wconf 85' lang='lat' dir='ltr'><strong>Prov.</strong></span> <span class='ocrx_word' id='word_1_843' title='bbox 1739 5752 1820 5807; x_wconf 83' lang='lat' dir='ltr'><strong>ut,</strong></span> <span class='ocrx_word' id='word_1_844' title='bbox 1859 5735 1938 5792; x_wconf 79' lang='lat'><strong>18.</strong></span> 
     </span>
    </p>
   </div>
  </div>
