3944 6220
414 302 487 359 es
552 284 558 288 ’
1272 310 1329 365 8.
1370 256 1737 369 unanimi:
1777 310 1927 369 ore.
1970 312 1979 366 1

2110 311 2148 367 S
2184 312 2271 369 ΙΙΙ.
2311 344 2379 355 -—-
2418 315 2828 373 EXEGETICA.
3586 317 3659 377 ϐό

416 429 578 478 terra
607 437 639 478 a
672 424 851 482 ventis
874 426 1099 499 agitato.
1123 427 1354 486 Ventum
1387 441 1566 488 autem
1603 434 1871 505 intelligas
1900 433 1979 488 De]

2101 452 2181 489 ναι
2210 434 2294 506 χοῖ
2331 438 2433 508 γῆς
2468 439 2571 493 ὑπὸ
2593 439 2792 510 ἀνέμου
2827 437 3157 511 ῥιπιζομένῳ
3177 456 3190 470 ’
3224 439 3420 509 ἄνεμον
3448 437 3505 493 δὲ
3530 441 3658 513 νοή-

417 514 918 585 comminationem,
951 536 1060 591 qua
1088 521 1220 578 dicit
1245 523 1288 555 ⁵⁷
1315 523 1615 580 :Diseedite
1643 543 1674 580 a
1703 542 1800 588 me,
1825 527 1986 582 matc-

416 604 569 670 dicti,
601 606 659 660 in
695 607 866 679 ignem
894 620 1167 666 aeternum.
1215 612 1317 681 Qui
1348 615 1440 670 tali
1479 616 1663 672 audita
1698 633 1827 673 voce
1865 617 1988 689 jure

415 695 687 762 decident,
724 715 833 755 non
862 703 1006 757 enim
1057 706 1348 762 constitere
1391 707 1447 762 in
1475 707 1713 771 Christo,
1739 708 1832 779 qui
1870 724 1989 765 cre-

415 784 661 843 dentium
708 788 943 847 fulerum
978 802 1062 850 est
1099 810 1164 850 ac
1201 795 1634 852 fundamentum.
1660 796 1795 853 Nam
1826 799 1986 869 inju-

415 873 563 932 dicio
580 880 675 943 ait,
698 897 807 936 non
832 884 884 938 in
908 884 1350 956 interrogatione.
1373 888 1441 943 In
1461 890 1681 944 concilio
1692 889 1984 958 justorum,

413 969 513 1024 ait.
531 968 669 1027 Nam
687 976 1149 1050 separabitjustos
1174 997 1205 1037 a
1229 985 1628 1052 peccatoribus.

490 1227 542 1285 6.
563 1230 826 1298 Quoniam
840 1239 977 1292 norit
998 1240 1252 1298 Dominus
1269 1246 1704 1318 viamjustorum.
1717 1251 1894 1319 Novit,
1914 1256 1987 1312 ibi

416 1320 655 1413 positum
684 1334 768 1381 est
792 1343 911 1396 pro,
943 1330 1518 1396 Itonorat;secundum
1542 1342 1591 1397 id
1618 1345 1762 1413 quod
1781 1345 1985 1403 dictum

419 1426 447 1463 a
481 1410 588 1468 Deo
616 1420 785 1475 estad
815 1420 1017 1479 Mosem
1040 1426 1086 1457 ⁸⁸
1112 1445 1126 1481 :
1158 1426 1298 1482 Novi
1327 1439 1375 1484 te
1404 1448 1515 1500 pra:
1549 1410 1808 1503 omnibus,
1832 1441 1987 1508 quasi

417 1501 561 1558 dicat
595 1524 608 1560 :
640 1506 852 1564 honoro
876 1522 947 1574 te,
996 1525 1050 1571 et
1091 1517 1346 1575 invenisti
1387 1524 1616 1592 gratiam
1661 1542 1843 1583 coram
1880 1547 1985 1587 me.

493 1592 620 1650 PSA
632 1597 731 1653 LM
743 1599 831 1656 US
862 1602 927 1660 ΙΙ
956 1605 1180 1664 Doridi:
1198 1622 1342 1666 caret
1368 1614 1704 1686 inscriptione
1742 1620 1884 1690 apud

1068 1700 1341 1760 Hebrceas.

1004 1790 1400 1863 Argumentum.

417 1863 712 1966 Postquam
738 1874 789 1966 in
814 1875 991 1946 primo
1019 1882 1228 1949 psalmo
1250 1884 1489 1943 Judaica
1509 1892 1683 1957 gentis
1715 1893 1985 1966 principes

487 1962 703 2018 vocavit
735 1964 954 2036 impios,
989 1983 1305 2040 peccatores
1334 1986 1389 2033 et
1425 1981 1772 2052 pestilentes;
1795 1985 1849 2040 in
1881 1962 1986 2044 hoc

488 2049 685 2107 iterum
711 2069 898 2113 eorum
933 2074 1097 2130 opera
1125 2078 1370 2124 recenset
1392 2049 1703 2140 hujusmodi
1730 2091 1862 2132 usus
1886 2093 1987 2134 no-

485 2143 744 2238 minibus,
771 2146 904 2219 ipsis
942 2153 1148 2221 optime
1176 2163 1621 2230 congruentibus.
1658 2165 1982 2238 [Postquam

484 2233 720 2302 primum
742 2240 1012 2308 psalmum
1047 2262 1145 2316 per
1169 2248 1462 2320 impiorum
1493 2258 1812 2315 memoriam
1854 2278 1984 2318 con-

486 2328 761 2397 cluscrat,
811 2341 1127 2397 eorumdem
1181 2348 1456 2404 mentione
1511 2354 1813 2410 secundum
1862 2357 1983 2414 iniit

486 2419 780 2490 psalmum,
816 2425 1017 2484 docens
1060 2447 1225 2504 supra
1272 2449 1639 2497 memoratum
1688 2443 1980 2515 impiorum

483 2507 647 2566 ﬁnem
673 2528 788 2579 eos,
814 2518 908 2588 qui
929 2518 1114 2578 furore
1134 2524 1189 2581 in
1214 2524 1551 2589 Salvatorem
1575 2534 1682 2590 acti
1715 2546 1863 2606 sunt,
1887 2555 1983 2596 ex-

484 2608 819 2680 cepturum.]

487 2690 540 2748 Ι.
562 2693 739 2759 Quare
769 2701 1092 2768 fremuerunt
1115 2719 1314 2779 gentes,
1341 2720 1447 2768 etc.
1490 2713 1789 2775 Fremitum
1824 2731 1984 2778 vocat

413 2779 628 2839 brutam
648 2786 1005 2852 ferocitatem.
1030 2797 1165 2855 Illud
1181 2811 1385 2870 autem,
1406 2821 1590 2875 quare,
1618 2809 1672 2864 in
1703 2815 1979 2870 communi

412 2878 632 2949 dicitur,
669 2896 727 2940 ut
759 2886 1089 2961 intelligatur
1125 2896 1328 2952 etiam:
1365 2899 1544 2965 Quare
1578 2904 1760 2973 populi
1811 2910 1980 2964 medi-

416 2974 515 3025 tati
548 2986 672 3030 sunt
713 2980 944 3038 inania?
978 2984 1045 3040 Et
1079 2988 1195 3057 qui,
1230 3006 1437 3060 quaeso,
1467 3011 1578 3051 non
1623 2999 1805 3057 inanis
1848 3003 1982 3073 ipsis

412 3064 579 3160 inerit
604 3069 917 3141 hujusmodi
965 3079 1269 3151 meditatio,
1302 3094 1489 3157 utpote
1515 3090 1609 3160 qui
1643 3064 1976 3153 salvatorem

413 3158 628 3230 generis
651 3165 735 3219 sui
761 3182 869 3223 non
909 3172 1262 3242 acceperint?

485 3253 660 3326 [Qum,
694 3259 791 3327 ait,
821 3276 987 3318 causa
1016 3267 1152 3321 tanti
1190 3269 1321 3336 odii,
1358 3281 1418 3327 ut
1450 3272 1503 3328 in
1542 3291 1710 3332 unum
1750 3294 1981 3338 concur-

411 3354 535 3399 rant
567 3356 753 3417 gentes
798 3360 853 3406 et
889 3355 1114 3424 populi?
1140 3355 1275 3414 Illud
1312 3362 1481 3426 enim,
1511 3365 1858 3433 fremuerunt,
1900 3370 1978 3425 si-

412 3435 651 3507 gniﬁcat,
685 3447 891 3497 tantum
913 3447 1319 3515 superbierunt,
1342 3452 1486 3522 quod
1509 3462 1593 3509 est
1619 3472 1740 3511 cum
1769 3466 1981 3518 tumore

409 3536 465 3582 et
491 3531 797 3601 arrogantia
822 3534 1010 3591 turbas
1036 3553 1253 3595 movere
1274 3550 1327 3596 et
1361 3544 1698 3601 tumultuari.
1723 3545 1979 3607 Transla-

411 3629 608 3691 tusque
634 3632 717 3678 cst
739 3625 828 3682 hic
857 3626 1111 3698 loquendi
1136 3631 1328 3688 modus
1348 3648 1378 3687 a
1402 3634 1564 3691 bruto
1590 3652 1853 3709 equorum
1877 3641 1978 3698 im-

408 3722 557 3783 potu,
585 3715 793 3770 nullum
828 3716 1077 3775 decorem
1114 3733 1387 3790 servante,
1409 3727 1554 3796 quod
1575 3725 1776 3787 Iudaeis
1804 3735 1979 3789 conti-

408 3802 485 3872 git
529 3802 792 3863 adversus
834 3809 1113 3866 Christum
1161 3812 1593 3885 insurgentibus.
1629 3818 1760 3886 Quae
1811 3839 1974 3881 causa

407 3901 492 3948 est
512 3895 655 3964 quod
675 3895 729 3950 in
764 3913 929 3953 unum
957 3913 1490 3975 concurrantgentes
1506 3916 1560 3962 et
1584 3910 1809 3980 populi?
1837 3912 1975 3972 forte

405 3986 569 4041 etiam
606 3987 875 4047 lsraelitas
903 4000 1061 4047 vocat
1091 4002 1278 4065 gentes
1308 4007 1361 4050 et
1384 3999 1634 4068 papulos,
1668 4001 1783 4058 sive
1803 4000 1975 4060 Hero-

405 4077 527 4132 dem
559 4088 613 4134 et
637 4079 868 4138 Pilatum
908 4086 1067 4158 quasi
1111 4088 1383 4156 ethnicos,
1412 4088 1629 4150 Judzeos
1662 4103 1719 4149 ut
1746 4098 1975 4167 populos

406 4173 717 4246 memnrat.]

478 4264 797 4339 [Astiterunt
835 4287 974 4342 reges
1005 4283 1179 4331 terrm.
1208 4274 1285 4328 Ac
1314 4275 1359 4330 si
1381 4274 1604 4342 diceret,
1629 4293 1748 4335 sese
1777 4293 1973 4352 suopte

2093 543 2202 590 σεις
2234 527 2332 599 τὴν
2356 529 2582 601 ἀπειλὴν
2605 530 2697 584 τοῦ
2725 530 2857 585 Θεοῦ
2885 531 2980 604 τὴν
3004 531 3290 600 λέγουσανο
3326 532 3660 600 Πορεύεσθε

2090 617 2190 671 ἀπ’
2241 619 2408 689 ἐμοῦ,
2470 623 2524 675 οἱ
2561 622 2971 694 κατηραμένοι,
3030 625 3116 688 εὶς
3156 622 3274 690 πῦρ
3311 621 3377 676 τὸ
3397 621 3657 677 αἰώνιον.

2090 712 2153 764 Ol
2200 711 2296 782 τὴν
2339 712 2505 783 αὐτὴν
2533 714 2861 780 ἀκούσαντες
2893 714 3073 787 φωνὴν
3102 714 3530 770 καταπεσώνται
3576 714 3659 768 δι·-

2090 800 2289 865 καίωςο
2323 802 2384 855 οὐ
2432 802 2541 875 γὰρ
2583 805 2874 877 ἑστήκασιν
2928 809 3006 870 είς
3051 807 3302 879 Χριστὸν,
3325 806 3384 870 ὃς
3420 807 3535 861 ἐστι
3567 824 3659 860 πι-

2091 892 2383 947 στευόντων
2416 896 2691 967 στήριγμα
2715 899 2808 951 καὶ
2845 897 3090 970 θεμέλιος
3108 916 3121 929 θ
3152 898 3213 951 τὸ
3238 898 3345 970 γὰρ
3370 900 3448 962 εἰς
3476 898 3658 970 κρίσιδ

2089 984 2275 1054 φησιν,
2299 985 2397 1038 οὐκ
2419 986 2500 1048 είς
2524 986 2810 1059 ἐρώτησιν.
2828 988 2930 1042 Ἐν
2947 987 3023 1056 τῇ
3051 987 3369 1059 συναγωγῇ
3387 988 3655 1053 δικαίων,

2088 1074 2266 1144 λέγει’
2294 1076 2540 1149 ἀφορίζει
2568 1080 2676 1150 γὰρ
2716 1080 2842 1143 τοὺς
2870 1078 3107 1142 δικαίους
3132 1079 3240 1133 ἀπὸ
3266 1078 3373 1131 τῶν
3402 1078 3657 1150 ἀμαρτωο

2087 1163 2195 1218 λῶν

2161 1257 2280 1310 Ὅτι
2306 1257 2582 1327 γινώσκει
2623 1260 2835 1327 Κύριος
2863 1259 3005 1313 ὀδόν
3033 1258 3296 1313 δικαίων.
3333 1257 3427 1322 Τὸ,
3472 1257 3657 1328 τινώ-

2089 1361 2243 1409 σκει,
2268 1347 2387 1400 ἀντὶ
2414 1347 2527 1411 τοῦ,
2550 1346 2706 1418 τιμᾷ,
2733 1348 2872 1402 κατά
2892 1349 2955 1401 τὸ
2978 1347 3262 1419 εἰρημένον
3289 1348 3395 1402 ὑπὸ
3415 1348 3547 1402 Θεοῦ
3573 1350 3656 1411 είς

2088 1437 2289 1508 Μωσῆν
2309 1455 2322 1469 ·
2357 1437 2636 1493 Γινὼσκω
2668 1454 2741 1493 σε
2771 1439 2928 1508 παρὰ
2962 1438 3213 1505 πάντας·
3244 1438 3365 1492 ἀντὶ
3392 1439 3486 1493 τοῦ
3511 1438 3655 1509 τιμῶ

2090 1545 2171 1591 σε,
2202 1530 2295 1582 καὶ
2326 1523 2478 1601 εὗρες
2501 1530 2659 1601 χάριν
2689 1531 2746 1583 ὲν
2778 1531 2916 1600 ἐμοί.

2093 1623 2400 1678 ΨΑΛΜΟΣ
2429 1621 2508 1689 τῷ
2534 1622 2713 1678 Δαυῒδ
2755 1622 3154 1691 ἀνεπίγραφος
3182 1625 3317 1691 παρ’
3349 1622 3650 1691 Ἑϐραίοις.

2832 1717 2914 1770 B'.

2712 1805 3032 1871 Ὑπόθεσις.

2095 1896 2183 1949 Ἐν
2229 1895 2307 1967 τῷ
2352 1895 2553 1968 πρώτῳ
2596 1896 2797 1969 ψαλμῷ
2838 1897 3053 1960 ἀσεϐεῖς
3082 1913 3143 1950 τε
3173 1896 3266 1952 καὶ
3300 1895 3650 1968 ἁμαρτωλοὺς

2153 1989 2248 2042 καὶ
2282 1988 2501 2060 λοιμοὺς
2528 1991 2943 2062 ἀποφηνάμενος
2972 1990 3097 2054 τοὺς
3118 1989 3381 2060 ἄρχοντας
3409 1988 3502 2042 τοῦ
3527 1990 3652 2042 Ἰου-

2151 2078 2314 2133 δαίων
2343 2077 2548 2143 ἔθνους,
2576 2081 2635 2134 ὲν
2661 2080 2834 2152 τούτῳ
2857 2079 3017 2135 πάλιν
3041 2079 3280 2134 δείκνυσι
3303 2079 3401 2143 τὰς
3422 2078 3651 2150 πράξεις

2154 2165 2241 2221 διὰ
2279 2165 2386 2219 τῶν
2423 2167 2677 2222 τοιούτων
2700 2168 2996 2240 ὀνομάτων,
3023 2160 3098 2223 ὧν
3126 2168 3378 2238 γεγόνασι
3412 2168 3645 2241 μέτοχοι.

2154 2258 2297 2330 [Μνή
2307 2274 2383 2332 μῃ
2411 2260 2518 2314 τῶν
2548 2259 2757 2316 ἀσεϐῶν
2778 2279 2842 2314 συ
2849 2262 3130 2334 μπεράνας
3155 2261 3245 2316 τὸν
3273 2261 3486 2333 πρῶτον
3515 2261 3650 2331 ψαλ-

2157 2352 2257 2423 μὸν
2275 2394 2289 2414 ,
2321 2354 2385 2407 ἐκ
2415 2354 2619 2424 ταύτης
2645 2353 2805 2408 πάλιν
2828 2353 2923 2407 τοῦ
2949 2353 2994 2424 β’
3017 2353 3117 2426 τὴν
3146 2352 3316 2426 ἀρχὴν
3335 2354 3645 2424 ἐποιήσατο,

2153 2442 2436 2508 διδάσκων,
2465 2445 2632 2500 ὅτιτὸ
2677 2445 3070 2517 προειρημένον
3100 2445 3206 2499 τῶν
3252 2443 3461 2498 ἀσεϐῶν
3495 2441 3647 2505 τέλος

2155 2541 2250 2595 καὶ
2276 2543 2402 2607 τοὺς
2430 2540 2573 2596 κατὰ
2591 2539 2686 2594 τοῦ
2720 2539 2969 2613 Σωτῆρος
2993 2539 3358 2610 λυττήσαντας
3397 2534 3647 2602 ὑποδέξε-

2150 2645 2258 2683 ται.

2151 2628 2348 2770 Ziegel
2372 2716 2680 2786 ἐφρύαξαν
2701 2716 2845 2784 ἔθνη
2869 2715 2965 2771 καὶ
2986 2714 3123 2770 λαοί
3154 2714 3526 2785 ἐμελέτησαν
3550 2727 3648 2768 κε·

2078 2802 2192 2868 νά;
2219 2804 2487 2877 Φρύαγμα
2515 2805 2574 2859 τὺ
2588 2805 2777 2874 ἄλογον
2802 2805 3072 2876 φρόνημα.
3089 2805 3218 2859 Ἀπὸ
3237 2803 3414 2859 κοινοῦ
3442 2803 3521 2867 τὺ,
3545 2804 3645 2857 ἵνα

2079 2898 2155 2962 τί,
2184 2896 2431 2951 τουτέστι
2450 2914 2464 2930 ·
2496 2898 2600 2953 Διά
2621 2898 2678 2953 τί
2702 2902 2755 2953 οἱ
2777 2898 2912 2953 λαοὶ
2935 2896 3305 2968 ἐμελέτησαν
3319 2896 3498 2960 md;
3521 2895 3643 2960 Πῶς

2078 2989 2186 3061 γὰρ
2216 2989 2276 3042 οὐ
2320 2989 2452 3044 κενὰ
2477 2990 2697 3059 γέγονεν
2727 2991 2908 3054 αὐτοῖς
2940 2992 2973 3061 ἡ
3005 2989 3197 3061 μελέτη
3230 2989 3305 3061 μὴ
3334 2988 3644 3060 δεξαμένοις

2080 3082 2169 3136 τὸν
2187 3076 2413 3155 Σωτῆρα
2436 3082 2528 3136 τοῦ
2553 3082 2743 3151 γένους
2755 3099 2771 3149 ς

2152 3279 2290 3353 [Τίς,
2322 3281 2504 3353 φησὶν,
2522 3281 2555 3352 ἡ
2575 3281 2724 3333 αἰτία
2745 3280 2996 3334 τοσούτου
3023 3281 3211 3351 μίσους
3236 3282 3315 3345 εἰς
3340 3282 3503 3334 ταυτδ
3526 3296 3642 3332 συν-

2077 3374 2302 3445 δραμεῖν
2349 3372 2473 3445 ἒθνη
2521 3373 2613 3425 καὶ
2648 3371 2843 3437 hanc;
2883 3372 2955 3425 Τὸ
2996 3371 3125 3445 γὰρ,
3151 3371 3473 3442 ἐφρύαξαν,
3503 3370 3642 3424 κατὰ

2076 3465 2298 3520 τοσοῦτο
2346 3464 2879 3538 ὑπερηφανεύσαντο,
2911 3465 3163 3537 σημαίνει
3210 3466 3273 3519 τὸ
3326 3466 3440 3537 μετ’
3470 3464 3642 3537 ὲπάρ-

2078 3573 2216 3623 σεως
2252 3558 2344 3611 καὶ
2375 3558 2743 3629 μεγαλαυχίας
2769 3558 2912 3622 τινὸς
2945 3558 3303 3631 ταράσσεσθαι
3349 3558 3442 3612 καὶ
3485 3556 3641 3628 Θορυ-

2077 3647 2305 3703 ϐεῖσθαι.
2321 3648 2653 3719 Μετενεχϐὲν
2675 3649 2781 3703 ἀπὸ
2804 3651 2902 3721 τῆς
2922 3650 3117 3719 ἀλόγου
3139 3650 3245 3702 τῶν
3269 3649 3448 3703 ἵππων
3467 3649 3642 3722 ὁρμῆς

2076 3741 2163 3794 ἐπ’
2195 3740 2368 3793 οὐδενὶ
2394 3739 2502 3793 τῶν
2530 3741 2755 3793 δεόντων
2774 3757 2787 3770 ·
2817 3740 2846 3793 ὂ
2878 3739 3072 3812 συνέϐη
3101 3744 3213 3805 τοῖς
3249 3740 3520 3804 Ἰουδαίοις
3549 3739 3642 3793 ἐπὶ

2074 3830 2331 3903 Χριστοῦ.
2361 3831 2426 3885 Τί
2452 3831 2511 3884 τὸ
2540 3830 2711 3885 αἴτιον
2742 3833 2821 3895 εἰς
2837 3831 3006 3886 ταυτδ
3039 3831 3362 3904 συνδραμεῖν
3391 3830 3517 3903 ἔθνη
3548 3832 3645 3885 καὶ

2074 3917 2268 3985 λαούς;
2318 3919 2443 3974 Εἴτε
2492 3920 2601 3992 γὰρ
2648 3921 2773 3986 τοὺς
2817 3922 3153 3995 Ἰσραηλίτας
3201 3923 3332 3993 φησὶ
3381 3921 3505 3993 ἔθνη
3547 3923 3642 3976 καὶ

2012 4048 2027 4062 .
2073 4008 2253 4078 λαοὺς,
2284 4008 2394 4063 εἴτε
2423 4010 2549 4074 τοὺς
2576 4011 2703 4083 περὶ
2741 4010 2982 4082 Ἦρώδην
3018 4011 3112 4063 καὶ⁹
3139 4009 3365 4064 Πιλᾶτον
3394 4010 3470 4074 ὡς
3501 4010 3641 4065 “vi.

2074 4103 2223 4167 κοὺς,
2251 4104 2347 4156 καὶ
2380 4102 2540 4166 λαοὺς
2568 4105 2692 4166 τοὺς
2736 4100 3063 4173 Ἰουδαίους.]

2146 4271 2564 4345 [Παρέστησαν
2603 4279 2656 4331 οι
2693 4275 2974 4343 βασιλεῖς
3009 4277 3120 4346 τῆς
3159 4277 3289 4349 τῆς.
3332 4252 3427 4346 Τὸ,
3493 4292 3640 4349 παρα

407 4359 641 4413 consillo
692 4361 759 4417 ad
790 4362 842 4417 id
889 4364 1087 4434 negotii
1132 4366 1477 4421 destinarunt
1517 4385 1689 4439 reges,
1730 4369 1971 4431 Herodes

2104 4380 2360 4433 στησαν,
2385 4367 2504 4420 ἀντὶ
2546 4365 2665 4434 τοῦ,
2715 4369 2941 4432 ἑαυτοὺς
2978 4368 3113 4441 πρὸς
3158 4369 3314 4423 τοῦτο
3355 4369 3641 4442 ἀφώρισαν

407 4464 602 4522 nempe
626 4461 680 4507 et
706 4451 937 4509 Pontius
959 4453 1186 4512 Pilatus.
1214 4455 1291 4512 lta
1331 4459 1506 4514 sancti
1531 4462 1759 4531 apostoli
1785 4463 1840 4518 in
1866 4463 1972 4521 Ac-

2101 4456 2313 4522 ιασιλεῖς
2350 4459 2590 4531 Ἡρώδης
2647 4477 2705 4513 τε
2757 4461 2849 4515 καὶ
2901 4462 3120 4526 Πόντιος
3172 4463 3418 4526 Πιλᾶτος.
3449 4463 3637 4527 Οὕτως

407 4542 553 4598 tibus
585 4544 919 4614 interpretati
948 4546 1119 4621 sunt.]

475 4634 530 4690 2.
568 4634 632 4691 Et
662 4637 921 4708 principes
972 4650 1316 4695 convenerunt
1353 4643 1407 4694 in
1447 4659 1628 4700 unum.
1665 4642 1972 4716 Supradicti

404 4724 613 4780 scilicet
641 4727 859 4783 ordines
890 4746 903 4783 :
942 4729 1135 4785 scribae
1156 4730 1436 4798 nimirum,
1457 4732 1711 4801 Pharisaei
1732 4746 1786 4792 et
1812 4739 1973 4809 legis.

403 4816 579 4887 periti.
603 4817 858 4873 Adversus
882 4819 1162 4876 Dominum
1188 4833 1236 4876 et
1271 4824 1519 4880 adversus
1550 4825 1816 4881 Christum
1833 4828 1966 4897 ejus.

405 4908 618 4964 Insidias
641 4909 785 4964 enim
810 4911 863 4965 in
895 4912 1172 4968 Christum
1203 4925 1423 4984 paratae,
1454 4917 1506 4970 in
1543 4917 1720 4987 ipsum
1751 4934 1969 4991 quoque

400 5001 616 5059 Patrem
658 5012 895 5060 vertunt.
935 5003 1072 5060 Nam
1119 5006 1163 5061 si
1202 5005 1361 5063 Pater
1387 5007 1439 5062 in
1463 5007 1600 5063 Filio
1627 5021 1680 5064 et
1712 5008 1880 5066 Filius
1910 5012 1965 5066 in

400 5094 581 5163 Patre,
608 5097 887 5166 quomodo
912 5113 1019 5153 non
1051 5114 1157 5154 una
1182 5098 1236 5154 in
1260 5108 1553 5170 utrumque
1588 5108 1823 5156 vertatur
1843 5118 1967 5158 con-

402 5197 457 5242 tu
465 5189 621 5246 melia
638 5188 663 5243 Ἰ

2077 4551 2172 4621 καὶ
2186 4552 2234 4604 οἱ
2250 4551 2394 4620 ἆγιοι
2421 4552 2705 4607 ἀπόστολοι
2732 4557 2789 4607 ὲν
2820 4558 2940 4620 ταῖς
2955 4556 3221 4627 Πράξεσιν
3244 4556 3636 4629 ήρμήνευσαν.ι

2149 4646 2259 4700 Καὶ
2289 4649 2342 4700 οἱ
2373 4646 2659 4717 ἄρχοντες
2694 4648 3095 4718 συνήχθησαν
3124 4651 3224 4705 ἐπὶ
3261 4650 3329 4705 τὸ
3363 4651 3526 4706 αὑτό.
3554 4650 3643 4706 Ti

2078 4737 2442 4811 προλεχθέντα
2463 4741 2736 4812 τάγματα’
2764 4745 3108 4813 γραμματεῖς
3134 4743 3228 4796 καὶ
3240 4744 3518 4814 Φαρισαῖοι
3542 4743 3637 4795 καὶ

2075 4833 2309 4904 νομικοί.
2332 4833 2493 4888 Κατὰ
2526 4832 2633 4888 τοῦ
2660 4836 2881 4902 Κυρίου
2918 4836 3019 4917 καί
3052 4836 3201 4890 κατὰ
3231 4835 3337 4890 τοῦ
3381 4836 3635 4905 Χριστοῦ

2073 4923 2278 4978 αὑτοῦ.
2297 4925 2360 4978 Ἠ
2393 4924 2503 4996 γὰρ
2532 4927 2611 4990 είς
2634 4925 2725 4979 τὸν
2754 4926 2984 4997 Χριστὸν
3012 4927 3268 5000 ἐπιϐουλὴ
3296 4929 3391 4982 καὶ
3431 4930 3510 4992 είς
3537 4929 3637 4981 αὐ-

2070 5015 2160 5069 τὸν
2205 5017 2484 5090 ἀνατρέχει
2532 5016 2622 5072 τὸν
2675 5018 2910 5090 Πατέρα.
2944 5020 3005 5073 Εἰ
3031 5020 3139 5091 γὰρ
3166 5023 3196 5074 ὁ
3238 5020 3425 5092 Πατὴρ
3473 5023 3530 5075 ὲν
3555 5019 3634 5090 τῷ

2072 5106 2186 5176 Υἱῷ
2216 5107 2309 5161 καὶ
2329 5110 2357 5161 ό
2388 5108 2511 5173 Υἱὸς
2541 5110 2598 5163 ὲν
2650 5110 2726 5182 τῷ
2771 5110 2964 5184 Πατρὶ,
3002 5110 3119 5176 πῶς
3143 5112 3203 5165 οὐ
3230 5113 3320 5165 καὶ
3362 5112 3459 5183 μία
3488 5114 3520 5184 ἡ
3553 5115 3634 5177 είς

2071 5197 2267 5262 αὐτοὺς
2297 5198 2451 5270 ὕϐρις
2474 5201 2666 5270 γένοιτ’
2698 5202 2795 5267 ἄν;

478 5304 677 5370 Adjicit
702 5302 893 5360 Daniel
926 5303 1199 5361 Barbarus
1231 5322 1250 5361 :
1282 5305 1419 5362 Nam
1447 5308 1862 5378 praepositiones
1881 5311 2023 5379 duae,
2049 5321 2106 5369 et
2147 5315 2361 5371 articuli
2414 5317 2545 5385 duo,
2599 5319 2737 5376 duas
2785 5335 3003 5392 quoque
3028 5336 3290 5392 personas
3323 5321 3587 5376 inducunt
3617 5341 3632 5375 :

401 5391 615 5452 Patrem
643 5398 927 5465 nimirum,
953 5411 1009 5457 et
1034 5400 1254 5468 Filium,
1279 5401 1433 5472 juxta
1463 5403 1614 5469 illud,
1647 5408 1793 5478 quod
1825 5424 1855 5463 a
1881 5404 2099 5466 Christo
2126 5410 2330 5467 dictum
2361 5422 2445 5471 est
2472 5414 2516 5448 "
2543 5432 2559 5471 :
2594 5415 2698 5481 Qui
2730 5433 2808 5472 me
2844 5419 3044 5489 recipit,
3084 5419 3263 5488 recipit
3283 5434 3400 5474 eum
3431 5419 3520 5487 qui
3558 5437 3637 5473 me

403 5489 585 5555 nun,-
609 5501 660 5547 et
685 5496 774 5563 qui
804 5512 884 5551 me
907 5497 1125 5566 spernit,
1157 5498 1336 5553 ambos
1363 5500 1583 5569 spernit.

476 5719 520 5756 ’τ
554 5718 742 5779 llatth.
765 5739 886 5795 xxv,
920 5725 1007 5784 ΙΙ.
1085 5729 1129 5762 ⁵⁸
1154 5727 1324 5787 Exod.
1358 5746 1527 5801 xxx",
1560 5730 1645 5787 i2.
1718 5731 1763 5766 ³⁸
1787 5728 1917 5788 Luc.
1950 5747 2003 5799 ι,
2038 5730 2120 5789 Ιϐ.
