3944 6220
229 379 304 435 63

1412 380 1765 437 EXl‘OSlTIO
1808 378 1870 433 IN
1911 377 2241 434 PSALMUM
2281 377 2346 434 ll.
3424 381 3499 437 οι

309 498 745 568 Αιαρῤήξίιψεν
801 501 938 568 τοὺς
984 501 1241 573 δεσμοὺς
1284 503 1495 559 αὐτῶν.
1526 502 1712 555 Λείπει
1743 500 1824 564 τὸ,

1998 497 2051 552 5.
2082 497 2456 567 Dirumpumus
2483 496 2687 551 vincula
2721 512 2925 551 eorum.
2956 494 3115 552 Deest
3134 494 3285 561 illud,
3317 496 3494 552 dicen-

246 584 529 655 λέγοντες
548 604 562 615 ·
598 588 694 641 ἵνα
801 592 834 661 ή
864 589 1067 644 διάνοια
1109 590 1247 662 αὕτη
1273 609 1285 621 ·
1314 576 1657 663 Συνήχθησαν
1687 588 1827 642 κατά

246 675 343 730 τοῦ
371 675 580 747 Κυρίου
628 680 727 731 καὶ
773 678 909 733 κατά
939 677 1032 733 τοῦ
1064 680 1298 751 Χριστοῦ
1331 679 1515 746 αὐτοῦ,
1540 678 1783 747 λέγοντες
1811 692 1825 706 ·

255 766 647 841 Διαῤῥήξωμεν
679 769 806 832 τοὺς
832 768 1060 839 δεσμοὺς
1089 768 1286 823 αὐτῶν.
1312 770 1511 841 Οὑξγὰρ
1536 767 1720 840 ήθελον
1753 766 1829 819 ετ-

260 877 335 912 σω
360 861 457 930 τῆς
488 860 644 930 ἱερᾶς
677 859 928 929 γενέσθαι
958 861 1216 931 σαγήνης,
1242 861 1368 932 περὶ
1390 856 1458 932 ἦς
1485 860 1790 930 γέγραπται
1809 874 1822 886 ⁸

270 952 464 1019 Ὁμοία
502 950 681 1003 ἐστίν
723 951 764 1019 ή
795 951 1084 1015 ,ϐασιλεία
1125 950 1243 1005 τῶν
1271 948 1542 1019 οὐρανῶν
1568 949 1824 1019 σαγήνῃ.

256 1043 365 1096 Καὶ
397 1043 822 1113 ἀπορρίψωμεν
844 1043 944 1112 ἀφ’
968 1042 1138 1112 ἡμῶν
1156 1043 1263 1097 τὸν
1283 1042 1459 1114 ζυγόν
1478 1041 1696 1098 αὐτῶν.
1717 1041 1827 1112 Τήν

260 1133 540 1207 βαρύτητα
574 1132 670 1185 τοῦ
713 1132 899 1204 νόμου,
931 1134 1058 1204 περὶ
1084 1126 1143 1187 οὗ
1170 1134 1357 1205 εἴρηκε
1378 1150 1391 1164 ⁶
1429 1133 1481 1186 '0
1516 1134 1624 1202 γὰρ
1657 1131 1830 1202 ζυγός

249 1245 372 1296 μου
393 1225 679 1297 χρηστὸς,
711 1225 808 1280 καί
847 1223 913 1279 τὸ
945 1227 1189 1295 φορτίον
1208 1243 1327 1295 μου
1351 1226 1613 1295 ἐλαφρόν
1637 1225 1824 1280 ἐστιν.

328 1339 470 1414 [Ter
491 1338 670 1410 ζυγὸν
690 1338 911 1395 αὐτῶν
948 1341 981 1411 ή
1024 1340 1134 1409 γὰρ
1173 1340 1253 1402 είς
1290 1337 1381 1392 τὸν
1422 1337 1656 1409 Χριστὸν
1710 1337 1830 1389 ἐπι-

257 1432 424 1503 ϐουλὴ
445 1432 541 1485 καὶ
567 1432 649 1496 ας
677 1431 838 1485 αὑτὸν
864 1430 1151 1502 ἀνατρέχει
1183 1428 1275 1482 τὸν
1295 1428 1533 1490 Πατέρα.
1564 1427 1628 1479 El
1663 1424 1773 1497 γὰρ
1798 1427 1829 1478 6

259 1522 450 1593 Πατὴρ
476 1524 535 1576 ἐν
564 1522 645 1593 τῷ
679 1521 809 1593 Υίῷ,
836 1524 929 1577 xal
958 1523 987 1575 6
1012 1522 1136 1585 Υίδς
1167 1522 1226 1576 ἐν
1256 1520 1335 1593 τῷ
1358 1522 1552 1593 Πατρὶ,
1586 1519 1702 1584 πῶς
1727 1519 1828 1573 οὐκ

263 1615 333 1669 ἂν
367 1616 463 1686 μία
486 1632 568 1678 τις
594 1615 681 1686 εἴη
713 1616 850 1688 ήείς
877 1614 1070 1679 αὐτοὺς
1097 1613 1252 1685 ὓδρις
1271 1612 1313 1685 ἱ]

348 1729 401 1780 Ὀ
437 1725 728 1781 κατοικῶν
759 1727 829 1781 ὲν
850 1724 1127 1795 οὐρανοῖς
1163 1723 1547 1795 ἐκγελάσεται
1582 1724 1822 1789 αὐτούς.

273 1822 361 1884 Ὠς
381 1820 583 1891 ἀνόητα
607 1819 1059 1891 βουλευσαμένους
1078 1835 1091 1849 ·
1126 1820 1154 1872 6
1195 1816 1303 1888 γὰρ
1330 1818 1421 1869 ὑπ’
1444 1815 1622 1871 αὐτῶν
1651 1831 1820 1886 προσ-
1854 1848 1899 1904 Β

254 1911 506 1981 ηλωθεὶς,
531 1911 628 1965 xal
654 1909 866 1981 Θανάτῳ
894 1908 1235 1981 παραδοθεὶς,
1264 1910 1322 1961 ἐν
1360 1908 1606 1979 οὐρανοῖς
1632 1907 1706 1959 ὢν
1730 1907 1824 1959 καὶ

254 2007 326 2059 ei
350 2004 531 2058 πάντα
553 2002 839 2075 περιέχων,
862 2001 1023 2067 κενὰς
1046 2000 1225 2056 αὐτῶν
1254 2000 1347 2055 καὶ
1372 2000 1602 2072 ματαίας
1626 1997 1827 2052 δείκνυ-

256 2112 312 2150 σι
339 2094 442 2158 τὰς
467 2095 682 2166 βουλάς.
713 2094 822 2147 Καὶ
846 2095 874 2147 6
896 2092 1086 2146 τούτου
1113 2092 1168 2145 δὲ
1190 2091 1377 2163 Πατὴρ
1407 2092 1499 2145 καὶ
1525 2089 1631 2144 τῶν
1652 2089 1823 2143 ἀπάν-

250 2204 362 2240 των
410 2186 688 2257 Δεσπότης
733 2185 833 2257 τὴν
877 2184 1035 2251 ἀξίαν
1076 2182 1239 2237 αὑτοῦ
1274 2182 1619 2254 είσπράξεται
1646 2182 1820 2251 δίκην.

251 2277 367 2332 Καὶ
422 2281 456 2332 d
504 2278 722 2345 Κύριος
764 2275 1147 2345 ἐκμυκτηριεῖ
1189 2275 1426 2340 αὐτούς.
1454 2271 1826 2340 Ἐξουδενώσει

250 2371 364 2442 τάρ
386 2371 605 2433 αὐτοὺς,
639 2369 794 2438 φησὶ,
824 2367 917 2421 καὶ
953 2368 1171 2438 μισήσει
1208 2368 1301 2421 καὶ
1327 2365 1823 2435 ἀποστραφήσεται.

327 2459 778 2534 [Herm-udam,
807 2459 931 2513 ἀντὶ
955 2456 1070 2521 τοῦ,
1111 2461 1327 2529 μισήσει
1357 2457 1449 2510 καὶ
1476 2456 1826 2527 ἀποστραφή-

252 2571 427 2609 σεται.
444 2553 585 2606 Ἀλλ’
605 2556 635 2608 6
655 2553 764 2606 τῶν
789 2549 1261 2616 ἐπιϐουλευόντων,
1286 2549 1470 2619 φησὶν,
1501 2547 1828 2619 ὑψηλότερος

252 2647 642 2714 καταγελάσει,
675 2646 793 2716 ἦτοι
847 2643 1059 2712 γέλωτα
1109 2642 1206 2713 τὴν
1263 2641 1483 2695 ἐκείνων
1535 2640 1826 2710 ἐπιϐουλὴν

251 2740 542 2807 ἀποφανεῖ,
569 2736 648 2802 ὡς
689 2738 937 2809 ἀνοήτοις
966 2735 1402 2808 ἐπιχειρούντων.
1431 2735 1540 2789 Kal
1570 2734 1676 2804 γὰρ
1723 2750 1826 2804 μυ-

251 2831 557 2901 κτηρισμός
587 2832 704 2883 ἐστι
735 2829 949 2900 πνεῦμα
967 2828 1054 2882 διὰ
1084 2828 1242 2901 ῥινῶν
1264 2828 1554 2899 ἀφιέμενον
1582 2829 1661 2890 είς
1683 2826 1829 2893 ἐξου-

249 2921 479 2974 δένωσιν
499 2919 606 2973 τῶν
634 2919 842 2990 μεγάλα
866 2918 1305 2991 φρυαττομένων.
1338 2917 1448 2969 Kal
1467 2917 1529 2969 τὸ
1558 2916 1695 2987 μετὰ
1717 2915 1826 2968 τῶν

248 3015 567 3085 προθέσεων
614 3013 670 3067 δέ
715 3012 890 3066 ταῦτα
931 3010 1180 3083 εἰρῆσθαι
1224 3009 1676 3080 ἐπιτατικὼτερον
1714 3008 1825 3079 ἔχει

247 3111 345 3163 τὶν
376 3109 610 3179 γέλωτα.
634 3106 747 3161 Καὶ
777 3106 839 3159 οὐ
871 3105 1048 3177 μόνον,
1079 3102 1230 3174 φησὶ,
1257 3100 1432 3165 τοῦτο,
1459 3101 1593 3155 ἀλλά
1619 3100 1711 3154 καὶ
1735 3101 1827 3172 ὀρ-

249 3204 356 3273 γῆς
384 3197 851 3273 πειραθήσονται.]

331 3316 468 3369 Τότε
490 3313 751 3380 λαλήσει
783 3310 935 3380 πρὸς
956 3309 1177 3373 αὐτοὺς
1194 3309 1264 3362 ἐν
1290 3305 1437 3378 ὀργῆ
1457 3304 1820 3369 αὐτοῦ.Τότε,

254 3406 407 3467 ποτε,
444 3404 479 3474 ἢ
524 3405 615 3458 ὅτε
664 3402 847 3470 ελεγον
872 3418 887 3432 ο
937 3399 1350 3468 Διαρῤήξωμεν
1392 3395 1533 3462 τοὺς
1565 3394 1824 3464 δεσμοὺς

250 3494 489 3558 (tutior;
514 3495 578 3547 Τί
596 3494 656 3547 δέ
679 3491 883 3545 ἐστιτά
908 3494 965 3545 ἐν
991 3492 1125 3564 ὀργῇ
1154 3489 1283 3561 παρ’
1305 3487 1467 3542 αὑτοῦ
1492 3486 1821 3558 λαληθέντα;

250 3591 288 3660 ἦ
316 3589 377 3643 τό
397 3605 414 3619 ·
463 3586 609 3641 Οὐαὶ
636 3583 796 3656 ὑμῖν,
827 3582 1180 3653 γραμματεῖς
1229 3580 1323 3635 καὶ
1358 3579 1664 3648 Φαρισαῖοι
1686 3594 1698 3604 ·
1733 3578 1824 3631 καὶ

248 3681 316 3734 τό
335 3698 349 3711 ο
384 3676 723 3748 Ἀρθήοέεται
742 3677 842 3747 ἀφ’
873 3674 1039 3745 ὑμῶν
1064 3675 1101 3743 ἠ
1119 3672 1406 3739 βασιλεία
1425 3689 1439 3701 ’
1474 3672 1565 3725 καὶ
1590 3669 1653 3724 τό
1669 3686 1683 3699 ⁸
1713 3668 1822 3724 Καὶ

249 3771 398 3842 ὑμῖν
434 3771 569 3826 οὐαί
601 3768 728 3834 τοῖς
749 3766 1031 3837 νομικοῖς.

327 3862 588 3937 [Στρατιὰ
615 3861 725 3933 γὰρ
761 3859 955 3922 αὐτοὺς
994 3857 1271 3929 Ῥωμαῖκὴ
1321 3851 1820 3926 ἐξηνδραποδίσατο.

250 3957 512 4025 Διαφέρει
540 3954 598 4008 δὲ
626 3952 797 4024 θυμὸς
822 3952 1008 4022 ὀργῆς,
1039 3947 1118 4020 τῷ
1157 3947 1327 4019 θυμὸν
1359 3947 1455 4017 μὲν
1488 3942 1625 3999 εἶναι
1656 3945 1823 4016 ὀργήν

248 4045 710 4117 ἀναθυμιωμένην
734 4043 827 4097 καὶ
853 4041 933 4094 ἔτι
960 4038 1339 4109 ὲκκαιομένην,
1367 4035 1534 4109 ὀργὴν
1566 4035 1622 4088 δὲ
1647 4033 1823 4106 δρεξιν

250 4139 682 4209 ἀντιλυπήσεως.
699 4132 1069 4204 ’Δτελέστερος
1105 4127 1197 4184 οὖν
1242 4130 1340 4200 τῆς
1381 4128 1550 4199 ὀργῆς
1577 4128 1607 4181 6
1633 4126 1821 4197 θυμὸς,

252 4230 606 4301 ἀποτέλεσμά
631 4244 692 4281 τε
723 4230 758 4297 ἡ
792 4226 948 4298 ὀργή.
981 4224 1089 4278 Kal
1116 4222 1371 4277 τοιούτων
1405 4220 1463 4274 δὲ
1506 4219 1614 4273 τῶν
1644 4219 1821 4291 ρημά-

249 4342 363 4379 των
404 4323 505 4394 τὴν
544 4318 837 4393 ἑρμηνείαν
870 4317 1107 4372 διδάσκει
1141 4316 1204 4369 τὸ
1233 4314 1386 4378 τέλος
1416 4311 1524 4367 τῶν
1554 4310 1824 4383 πραγμά-

252 4434 383 4471 των.
409 4413 650 4486 sapam
674 4412 782 4483 γὰρ
807 4412 986 4473 αὐτοῖς
1019 4410 1284 4463 ἐπιστᾶσα
1322 4404 1601 4478 Ῥωμαῖκὴ
1632 4405 1731 4475 τήν
1760 4420 1821 4457 τε

252 4509 410 4563 πόλιν
451 4506 719 4579 ἐπόρθησε
763 4506 856 4558 καὶ
898 4502 1165 4573 ἐνέπρησε
1190 4500 1281 4552 τὸν
1314 4495 1470 4563 νεὼν,
1509 4497 1602 4549 καὶ
1645 4493 1822 4549 αὐτῶν

249 4601 383 4663 τοὺς
415 4599 514 4670 μὲν
543 4597 826 4659 πλείστους
851 4594 1063 4664 θανάτῳ
1096 4586 1449 4661 παρέπεμψε*
1483 4590 1610 4651 τοὺς
1636 4586 1692 4641 δὲ
1723 4587 1823 4659 τὴν

253 4689 472 4759 σφαγὴν
496 4684 831 4754 ἐκφυγόντας
873 4679 1385 4752 ὲξανδραποδίσασα,
1429 4677 1641 4749 δουλείᾳ
1685 4693 1823 4747 παρ-

249 4775 812 4844 έδωκενΩΕπιστῆσαι
849 4772 908 4827 δὲ
948 4771 1212 4843 προσήκει
1241 4769 1329 4822 τὸν
1373 4767 1581 4830 πιστὸν,
1605 4767 1683 4828 ὡς
1729 4765 1824 4819 δύο

596 4866 792 4935 ἑφεξῆς
822 4863 1107 4934 μέμνηται,
1132 4860 1224 4913 καὶ
1250 4858 1460 4930 πρῶτον
1492 4858 1589 4929 μὲν
1616 4856 1820 4929 Κυρίου

248 4964 347 5018 τοῦ
377 4960 616 5034 Χριστοῦ
634 4978 651 4992 °
685 4959 845 5015 Κατὰ
870 4957 977 5012 τοῦ
1005 4956 1224 5023 Κυρίου
1250 4955 1379 5027 γὰρ,
1413 4954 1535 5026 ἔφη,
1554 4953 1651 5007 καί
1675 4953 1824 5008 κατὰ

249 5054 362 5109 τοῦ
392 5051 653 5122 Χριστοῦ
678 5048 891 5104 αὑτοῦ·
935 5043 1053 5101 εἶτα
1084 5045 1461 5107 κατοικοῦντος
1490 5047 1546 5098 ἐν
1577 5045 1826 5115 οὐρανοῖς

249 5148 350 5202 καὶ
378 5145 612 5218 Κυρίοψ
646 5144 700 5197 '0
722 5141 1013 5197 κατοικῶν
1038 5140 1109 5194 ἐν
1136 5136 1412 5207 οὐρανοῖς
1438 5134 1824 5206 ἐκγελάσεται

247 5239 496 5304 αὐτοὺς,
546 5235 645 5291 καί
687 5237 720 5289 ό
765 5233 977 5302 Κύριος
1022 5228 1401 5301 ἐκμυκτηριεῖ
1448 5228 1694 5294 αὐτούς’
1731 5226 1825 5280 καὶ

249 5329 406 5395 αὖθις
444 5330 502 5383 δέ
526 5330 587 5382 τὸ
609 5327 742 5383 αὐτὸ
768 5327 1053 5398 διετήρησε

335 5505 475 5572 Ἐγὼ
511 5503 575 5556 δὲ
617 5500 996 5568 κατεστάθην
1028 5497 1325 5564 ,ϐασιλεὺς
1372 5498 1472 5551 ὑπ’
1493 5496 1678 5551 αὐτοῦ
1723 5496 1821 5551 ἐπὶ

249 5596 421 5654 Σιών.
439 5595 524 5659 ὀς
546 5593 948 5665 ἀτυοσληθέντος
984 5590 1077 5645 τοῦ
1101 5589 1162 5654 εξ
1192 5587 1407 5659 Ἰσραήλ
1434 5586 1586 5655 λαοῦ,
1615 5589 1713 5659 τὴν
1744 5590 1826 5652 είς

316 5762 362 5791 ⁸⁸
382 5759 568 5820 Matth.
592 5773 722 5826 xm,
755 5754 849 5811 Π.

1929 597 2040 655 tes;
2071 598 2128 643 ut
2168 588 2283 643 haec
2314 588 2383 643 sit
2414 588 2680 642 sententia
2708 606 2721 641 :
2755 595 3127 641 convenerunt
3155 593 3345 639 contra
3385 582 3496 638 Du-

1927 681 2134 736 minum
2163 690 2217 737 et
2245 691 2436 736 contra
2469 679 2769 745 Christum,
2798 679 3040 734 dicentes
3068 695 3082 734 :
3112 675 3497 747 Dirumpamus

1926 772 2143 828 vincula
2185 786 2397 828 eorum.
2431 769 2735 827 Noluerunt
2771 771 2916 827 enim
2961 771 3103 826 intra
3137 785 3348 827 sacram
3374 783 3497 826 esse

1927 876 2205 933 sagenam,
2235 864 2302 918 de
2340 877 2448 932 qua
2495 863 2756 933 scriptum
2796 872 2912 918 est:
2943 860 3128 917 Simile
3163 872 3240 916 est
3280 877 3496 933 regnum

1927 953 2175 1011 calorum
2224 970 2427 1025 sugente
2451 953 2517 1008 ‘°.
2568 953 2636 1008 Et
2672 956 3016 1026 proﬁciamus
3051 973 3084 1010 a
3117 954 3266 1015 nobis
3306 955 3495 1026 jugum

1927 1047 2181 1116 ipsorum.
2210 1045 2541 1102 Gravitatem
2586 1046 2740 1117 legis.
2768 1048 2834 1104 de
2877 1064 2986 1119 qua
3031 1046 3497 1118 dixit“:Jugum

1925 1141 2065 1194 enim
2095 1155 2265 1195 meum
2291 1156 2449 1196 suave
2479 1150 2579 1208 est,
2609 1150 2659 1195 et
2684 1157 2815 1196 onus
2841 1158 3010 1196 meum
3043 1140 3170 1198 leue.

1999 1332 2220 1406 [Iugum
2261 1335 2517 1405 ipsorum.
2546 1333 2683 1392 Nam
2730 1330 3176 1394 insidiaz'contra
3216 1338 3495 1394 Christum

1926 1427 1994 1482 ad
2034 1428 2208 1497 ipsum
2255 1438 2546 1484 recurrunt
2591 1428 2829 1487 Patrem.
2878 1430 2935 1485 Si
2982 1448 3218 1503 namque
3248 1431 3409 1487 Pater
3440 1433 3495 1487 in

1926 1516 2083 1586 Filio,
2122 1529 2177 1575 et
2204 1516 2375 1576 Filius
2401 1521 2457 1575 in
2497 1519 2656 1577 Patre
2688 1531 2791 1587 est,
2816 1525 3088 1593 quomodo
3113 1539 3224 1579 non
3255 1539 3363 1578 una
3386 1523 3499 1578 fuc-

1924 1611 1995 1665 rit
2020 1611 2088 1665 iis
2122 1610 2270 1665 illata
2294 1613 2624 1667 contumelia
2640 1611 2695 1684 ?]

1991 1720 2045 1775 ι.
2082 1720 2187 1787 Qui
2229 1722 2435 1778 habitat
2486 1724 2543 1778 in
2584 1724 2725 1779 cortis
2771 1725 3010 1781 irridebit
3052 1742 3156 1780 eos.
3212 1724 3493 1797 Tanquam

1926 1815 2088 1869 stulta
2145 1816 2492 1872 consulentes
2532 1836 2545 1872 :
2582 1817 2676 1887 qui
2715 1818 2859 1872 enim
2909 1817 2977 1872 ab
3011 1818 3118 1873 illis
3142 1820 3385 1873 conlitus
3413 1825 3496 1872 est

1923 1914 1978 1960 et
2003 1906 2164 1961 morti
2195 1907 2446 1974 traditus,
2475 1924 2598 1963 cum
2641 1909 2696 1963 in
2736 1909 2889 1965 caelis
2929 1910 3000 1965 sit
3026 1920 3079 1964 et
3106 1910 3289 1964 omnia
3321 1909 3497 1965 conti-

1923 2006 2066 2064 neat,
2092 2012 2231 2054 vana
2263 1999 2556 2070 inaniaque
2580 2000 2822 2056 declarat
2849 2015 3039 2057 eorum
3067 2002 3319 2056 consilia.
3342 1999 3498 2072 Ejus-

1923 2104 2029 2158 que
2049 2087 2229 2155 Pater,
2258 2092 2612 2162 omniumque
2635 2092 2917 2158 Dominus,
2939 2091 3131 2163 dignas
3163 2092 3388 2162 hujusce
3417 2097 3495 2151 rei

1922 2190 2183 2249 exposcet
2213 2197 2423 2252 pinnas.
2446 2181 2516 2236 Et
2541 2183 2796 2238 Dominus
2825 2183 3173 2238 subsannabit
3198 2200 3302 2239 eos.
3328 2183 3493 2252 Quasi

1925 2272 2155 2326 nihilum
2186 2273 2466 2344 despiciet,
2499 2273 2628 2329 odio
2651 2274 2889 2342 habebit,
2919 2274 3281 2331 aversabitur.

1999 2447 2293 2521 [li-ridebit,
2320 2464 2384 2509 ac
2409 2452 2454 2506 si
2476 2450 2699 2516 diceret,
2720 2452 2850 2508 odio
2865 2453 3105 2515 habebit,
3135 2453 3494 2509 aversabitur.

1927 2541 2033 2597 Sed
2065 2542 2155 2612 qui
2189 2543 2625 2611 insidiatoribus,
2655 2544 2852 2614 inquit,
2881 2545 3148 2599 excelsior
3171 2554 3277 2612 est,
3307 2544 3498 2600 irride-

1927 2632 2009 2687 bit
2038 2647 2156 2700 eos,
2186 2634 2301 2689 sive
2333 2635 2445 2690 risu
2479 2636 2675 2707 dignas
2701 2650 2893 2691 eorum
2925 2637 3156 2692 insidias
3177 2638 3494 2703 declarabit,

1926 2730 2111 2791 utpote
2136 2725 2228 2792 qui
2262 2723 2431 2779 stulto
2462 2724 2680 2793 negotio
2726 2739 2947 2780 manum
2974 2726 3333 2781 admovet-int.
3358 2725 3496 2782 Nam

1926 2812 2279 2867 subsannalio
2306 2822 2390 2869 est
2418 2813 2579 2870 ﬂatus
2608 2830 2703 2884 per
2736 2830 2895 2870 nares
2926 2816 3184 2883 emissus,
3211 2816 3278 2870 ad
3302 2817 3496 2887 despe-

1926 2910 2073 2958 ctum
2116 2919 2307 2960 eorum
2333 2906 2427 2976 qui
2469 2906 2743 2977 ingentem
2789 2906 3065 2962 fremitum
3113 2908 3302 2962 edunt.
3339 2908 3496 2975 Quod

1926 3002 2107 3048 autem
2151 2996 2455 3064 praepositis
2502 2995 2877 3066 superioribus
2920 2996 3034 3051 haec
3075 2980 3352 3063 dicantur,
3380 3011 3497 3050 am-

1927 3083 2152 3154 pliorem
2179 3086 2419 3155 praebent
2448 3087 2591 3141 risus
2634 3088 2938 3141 materiam.
2970 3085 3157 3157 Neque
3194 3086 3250 3141 id
3290 3088 3498 3142 solum-

1851 3192 1899 3255 ε
1927 3176 2107 3240 modo,
2137 3176 2330 3247 inquit,
2362 3177 2455 3232 sed
2479 3178 2613 3231 iram
2637 3177 2909 3248 experturi
2935 3176 3107 3249 sunt.]

1994 3293 2047 3350 5.
2075 3290 2220 3346 Tunc
2255 3290 2494 3362 loquetur
2526 3290 2597 3345 ad
2629 3308 2716 3345 eos
2753 3293 2808 3346 in
2832 3294 2916 3346 ira
2946 3310 3066 3348 sua.
3092 3292 3281 3363 Tunc;
3322 3311 3497 3365 quan—

1924 3385 2144 3448 donam,
2185 3384 2287 3437 nisi
2316 3398 2440 3438 cum
2476 3385 2741 3447 dicerent,
2772 3383 3148 3454 Dirumpamus
3174 3387 3383 3441 vincula
3409 3405 3497 3441 eo-

1925 3476 2086 3530 rum?
2125 3475 2262 3540 Quid
2312 3485 2492 3529 autem
2543 3483 2626 3529 est
2668 3475 2914 3544 quod‘in
2945 3476 3023 3531 ira
3067 3492 3165 3532 sua
3207 3479 3497 3548 loquetur?

1923 3565 2057 3622 Illud
2093 3584 2107 3621 :
2143 3563 2232 3620 Vw
2255 3568 2418 3631 vobis,
2451 3567 2638 3621 scribae
2667 3576 2714 3620 et
2752 3565 3110 3637 Pharisaei";
3145 3578 3199 3624 et
3230 3569 3360 3625 illud
3386 3587 3400 3624 :
3426 3567 3494 3624 Et

1924 3657 2065 3713 vobis
2089 3673 2290 3730 quoque
2320 3658 2656 3727 legisperitis,
2685 3675 2763 3712 me
2796 3659 2862 3714 ⁸³.

1992 3855 2151 3929 {Nam
2186 3855 2465 3914 Romanus
2491 3860 2763 3914 exercitus
2789 3860 2841 3914 in
2866 3860 3233 3931 captivitatem
3259 3862 3380 3917 illos
3403 3861 3495 3917 ah-

1923 3947 2096 4002 duxit.
2125 3946 2299 4001 Furor
2329 3955 2506 4004 antem
2530 3950 2692 4002 abira
2714 3949 2912 4015 diﬂ'ert,
2939 3951 3081 4020 quod
3110 3949 3263 4005 [uror
3292 3954 3363 4006 sit
3386 3952 3494 4008 vel—

1925 4047 1985 4092 ut
2031 4038 2108 4091 ira
2134 4029 2399 4091 ebulliens
2429 4050 2483 4092 et
2528 4039 2708 4092 adhuc
2751 4052 3014 4104 accensa;
3046 4041 3125 4094 ira
3162 4049 3366 4106 autem,
3398 4057 3494 4113 ap-

1921 4130 2121 4201 petitus
2147 4128 2412 4185 vindictze.
2437 4127 2810 4200 lmperl'ectior
2833 4130 3015 4202 itaque
3044 4130 3197 4186 furor
3224 4143 3306 4188 est
3328 4150 3491 4205 quam

1923 4220 2043 4275 ira:
2075 4228 2264 4289 estque
2304 4220 2384 4273 ira
2426 4233 2523 4274 ceu
2556 4220 3037 4290 complementum.
3084 4218 3494 4294 Verborumque

1923 4309 2235 4380 huiusmodi
2273 4310 2778 4380 interpretationem
2808 4309 2986 4380 palam
3018 4309 3254 4367 facitvel
3273 4313 3388 4384 ipse
3409 4330 3494 4369 re-
3604 4372 3607 4377 ,

1925 4416 2043 4455 rum
2083 4401 2277 4455 exitus.
2324 4399 2604 4456 Exercitus
2643 4416 2880 4470 namque
2926 4401 3290 4457 Romanorum
3344 4404 3493 4475 ipsos

1854 4526 1898 4581 ι)
1926 4490 2185 4546 invadens
2225 4490 2415 4546 urbem
2459 4492 2711 4558 vastavit,
2739 4499 2902 4562 atque
2942 4494 3202 4562 templum
3231 4492 3490 4563 incendit,

1925 4590 1979 4636 et
2020 4596 2269 4651 magnam
2315 4589 2522 4652 partem
2554 4583 2796 4652 ipsorum
2838 4584 3212 4641 internecione
3253 4586 3489 4655 delevit;

1926 4672 2047 4728 illos
2072 4680 2251 4727 autem
2287 4672 2382 4743 qui
2412 4680 2640 4728 mortem
2670 4673 2997 4744 eﬂ'ugerunt,
3028 4687 3215 4747 captos
3244 4682 3491 4736 servituti

1927 4764 2166 4819 tradidit.
2224 4764 2632 4820 Animadvertat
2672 4765 2832 4822 velim
2887 4767 3122 4837 quisque
3166 4769 3250 4824 vir
3294 4770 3489 4836 ﬁdelis,

1926 4857 2069 4927 quod
2091 4857 2491 4927 quasiduarum
2508 4872 2866 4927 personarum
2886 4861 3214 4916 mentionem
3238 4864 3493 4935 deinceps

1925 4946 2124 5015 faciat;
2171 4948 2349 5019 primo
2389 4950 2606 5019 quidem
2652 4949 2868 5006 Domini
2918 4950 3158 5023 Christi;
3199 4955 3488 5026 siquidem,

1928 5040 2175 5095 adversus
2195 5040 2494 5105 Dominum,
2516 5040 2710 5111 inquit,
2722 5050 2773 5096 et
2792 5042 3042 5099 adversus
3060 5043 3325 5100 Christum
3341 5048 3490 5114 ejus;

1929 5131 2124 5187 deinde
2162 5148 2313 5197 vero,
2342 5133 2461 5203 ejus
2505 5134 2598 5203 qui
2636 5134 2846 5190 habitat
2876 5136 2929 5190 in
2959 5137 3111 5193 caelis
3142 5147 3195 5193 et
3228 5137 3490 5193 Dominus

1925 5231 2042 5277 est:
2074 5220 2177 5286 Qui
2211 5222 2413 5275 habitat
2441 5224 2497 5276 in
2536 5222 2679 5277 caelis
2724 5224 2967 5280 irridebit
2997 5242 3085 5282 eos
3106 5270 3120 5293 ,
3152 5236 3201 5282 et
3234 5228 3487 5281 Dominus

1925 5311 2266 5365 subsannabit
2298 5328 2417 5377 eos;
2444 5329 2507 5368 ac
2528 5329 2747 5369 rursum
2782 5316 2970 5372 eodem
3000 5318 3160 5373 modo
3182 5317 3404 5373 assidue
3431 5328 3488 5373 et

1925 5410 2321 5471 consequenter
2355 5403 2642 5477 procedit.]

1992 5491 2047 5545 6.
2094 5491 2204 5561 Ego
2236 5502 2411 5547 autem
2438 5498 2760 5551 constitutus
2804 5511 2896 5551 rea:
2931 5496 2996 5551 ab
3038 5512 3098 5551 eo
3134 5512 3290 5567 super
3332 5494 3483 5554 Sion.

1926 5581 2207 5653 Tanquam
2248 5586 2536 5654 reprobato
2576 5588 2874 5645 Israelitico
2909 5589 3130 5661 populo.
3160 5589 3318 5647 ﬁdem
3362 5604 3488 5663 quae

954 5754 997 5786 “
1027 5750 1213 5809 Βοιὼ.
1240 5766 1318 5817 xl,
1353 5748 1440 5805 t7.
1521 5749 1564 5781 “
1593 5745 1779 5801 Matth.
1820 5760 1978 5812 χχιιι,
2009 5745 2092 5802 l5.
2168 5744 2213 5779 “
2238 5743 2370 5804 Luc.
2406 5761 2481 5815 ιι,
2512 5741 2605 5800 ιθ.
