3944 6220
419 386 484 442 67
1256 377 1316 432 S.
1357 370 1724 429 ATIIANASII
1766 368 1915 425 OPP.
1957 366 2139 422 PARS
2183 365 2269 420 III.
2311 395 2378 404 ——
2417 363 2832 420 EXEGETICA.
3599 367 3672 425 63

420 502 564 575 apud
597 507 782 572 gentes
819 499 999 553 futura
1022 505 1160 562 erat,
1189 503 1428 552 enarrat.
1466 494 1599 548 Sion
1629 506 1777 558 vero,
1802 488 1984 545 Eccle-

2125 487 2152 541 ἂι
2199 486 2326 555 ἔθνη
2370 483 2668 554 γενομένην
2717 483 2877 546 αὐτὸς
2927 483 3107 537 πίστιν
3163 486 3347 549 aitet;
3377 478 3668 558 διηγεῖταιο

420 597 556 650 siam
590 592 878 664 signiﬁcat.

491 683 772 754 [Dominus
798 679 936 732 dixit
963 677 1030 729 ad
1059 691 1157 739 me,
1199 673 1370 727 Filius
1399 689 1563 736 meus,
1587 681 1717 734 etc.,
1745 687 1808 726 ac
1841 671 1888 726 si
1911 671 1994 725 di-

419 785 586 841 ceret,
607 775 725 844 Ipsa
756 789 842 827 me
873 769 1051 824 Patris
1077 776 1271 820 natura
1299 765 1494 819 Filium
1525 765 1853 819 declaravit:
1883 778 1994 818 non

415 869 575 938 jussu
616 868 849 938 quodam
896 865 948 918 id
988 861 1326 934 perﬁciente;
1361 859 1452 914 sed
1493 857 1730 912 essentia
1760 858 1876 926 ipsa
1907 871 1996 909 me

419 962 648 1030 ﬁguram
683 957 999 1014 substantiae
1031 952 1208 1006 Patris
1237 964 1358 1004 esse
1387 955 1868 1003 commonstrante.
1895 947 1999 1014 Ap-

421 1052 595 1120 posite
635 1047 872 1110 additur,
902 1061 975 1108 es,
1009 1042 1153 1112 quod
1192 1040 1596 1111 generationem
1639 1045 1764 1090 ante
1799 1035 1995 1090 saecula

422 1141 701 1196 declarat:
733 1149 849 1192 erat
892 1137 1036 1191 enim
1087 1148 1300 1202 semper
1341 1130 1533 1184 Filius.
1564 1129 1780 1198 Adjecit
1815 1137 1994 1182 antem

423 1231 580 1296 illud,
604 1230 757 1282 hodie
780 1229 933 1298 genui
952 1235 1018 1283 te.
1038 1233 1096 1278 ut
1121 1222 1528 1293 generationem
1553 1219 1852 1275 secundum
1879 1235 1998 1273 car-

424 1337 549 1376 nem
582 1325 1036 1376 commonstraret
1063 1335 1076 1369 :
1107 1313 1238 1368 illud
1272 1313 1443 1376 enim,
1472 1312 1646 1378 hodie,
1674 1321 1886 1381 tempus
1915 1312 1999 1365 in-

423 1415 604 1470 dicat:
631 1429 800 1483 quare
827 1426 924 1481 pro
947 1407 1229 1478 temporali
1257 1405 1606 1475 generatione
1630 1404 1866 1472 positum
1893 1413 1995 1457 est.

423 1503 834 1574 Consequenter
884 1502 1010 1556 item
1056 1514 1154 1569 pro
1203 1497 1441 1550 humana
1482 1495 1832 1565 generatione
1861 1495 1996 1563 adji-

422 1598 642 1652 ciuntur
675 1597 844 1658 istaec,
877 1594 1031 1664 genui
1071 1601 1140 1645 te.
1172 1589 1270 1642 llic
1319 1587 1474 1650 mihi,
1520 1601 1725 1656 quzeso,
1754 1586 2000 1641 animad-

420 1699 621 1750 vertas.
645 1704 751 1757 quo
773 1695 929 1756 pacto
951 1683 1352 1754 generationem
1377 1679 1639 1751 unigeniti
1665 1676 1870 1734 Christi
1894 1679 1998 1735 sibi

421 1782 698 1851 propriam
734 1779 893 1832 Pater
924 1774 1136 1847 faciat.]

2096 577 2234 631 Σιὼν
2258 577 2313 629 δὲ
2337 576 2433 646 τὴν
2468 573 2791 645 Ἐκκλησίαν
2820 573 2984 644 δηλοῖ.

2169 670 2408 742 [Κύριος
2441 667 2571 723 εἶπε
2603 668 2752 736 πρὸς
2784 668 2876 736 μὲ,
2923 672 3054 735 Υἱός
3091 688 3230 738 μου,
3261 671 3355 724 καὶ
3400 671 3469 725 τὰ
3503 672 3630 744 ἑξῆς
3654 689 3670 704 ο

2094 763 2214 817 ἀντὶ
2243 762 2354 828 τοῦ,
2375 761 2714 831 Ἀπεφήνατό
2751 778 2817 830 με
2849 764 2881 832 ἡ
2929 761 3020 813 τοῦ
3069 763 3284 833 Πατρὸς
3316 764 3475 831 φύσις
3503 764 3630 818 Υίόν
3655 781 3672 796 ·

2093 857 2154 908 οὐ
2203 855 2626 925 προστάγματος
2677 854 3105 923 ἐνεργήσαντοςο
3155 853 3290 906 ἀλλὰ
3340 855 3439 924 τῆς
3483 856 3675 919 οὐσίας

2096 946 2457 1014 ἀποδειξάσης
2483 943 2581 1012 ἐμὲ
2611 945 2931 1014 χαρακτῆρα
2961 942 3062 1013 τῆς
3084 942 3180 995 τοῦ
3206 943 3414 1015 Πατρὺς
3437 945 3676 1015 ὑποστά-

2098 1053 2249 1099 σεως.
2288 1035 2481 1097 Καλῶς
2511 1036 2618 1105 γὰρ
2649 1021 2965 1103 πρόσκεῖται
2996 1035 3076 1098 τὸ,
3101 1031 3172 1099 εἷ,
3200 1035 3296 1106 τὴν
3331 1036 3435 1106 πρὸ
3462 1014 3676 1090 αἰώνων

2095 1129 2286 1200 δηλοῦν
2327 1129 2608 1199 γέννησιν·
2638 1124 2705 1198 ἦν
2748 1126 2855 1199 γὰρ
2896 1128 2982 1180 ἀεὶ
3026 1128 3484 1199 Υἱός·.“Επήνεγκε
3509 1130 3565 1182 δὲ
3587 1131 3674 1198 τὸ,

2096 1220 2361 1290 σήμερον
2394 1218 2723 1290 γεγέννηκά
2746 1236 2838 1282 σε,
2869 1219 2956 1273 ἵνα
2983 1219 3080 1290 τὴν
3105 1219 3244 1273 κατὰ
3274 1221 3450 1291 σάρκα
3478 1223 3675 1292 γέννηδ

2099 1330 2181 1364 σιν
2210 1312 2386 1384 δείξῃ·
2419 1312 2480 1364 τὸ
2507 1311 2635 1381 γὰρ,
2664 1310 2948 1379 σήμερον,
2975 1313 3164 1383 χρόνου
3193 1313 3333 1365 ἐστί·
3363 1313 3444 1366 διὸ
3475 1316 3567 1368 καὶ
3592 1315 3681 1368 τέ-

2097 1404 2270 1456 θειται
2317 1405 2446 1474 περὶ
2481 1403 2576 1474 τῆς
2606 1404 2860 1474 χρονικῆς
2904 1406 3225 1476 γεννήσεως.
3245 1405 3573 1470 Ἀκολούθως
3614 1407 3675 1460 δὲ

2096 1496 2175 1568 τῷ
2225 1497 2548 1568 ἀνθρωπίνῳ
2593 1495 2684 1547 καὶ
2732 1497 2798 1549 τὰ
2847 1497 3179 1566 ἐπαγόμενα,
3215 1498 3545 1567 γεγέννηκά
3575 1517 3672 1552 σε.

2100 1591 2242 1660 Ὅρα
2270 1589 2383 1652 πῶς
2418 1587 2515 1659 τὴν
2541 1589 2682 1642 κατὰ
2707 1589 2884 1660 σάρκα
2904 1589 3153 1657 γέννησιν
3176 1590 3470 1644 οἰκειοῦται
3501 1593 3528 1644 ό
3559 1592 3677 1644 Πα-

2094 1683 2198 1754 τὴρ
2227 1681 2318 1735 τοῦ
2360 1681 2681 1752 μονογενοῦς
2705 1681 2798 1734 τοῦ
2827 1680 3114 1754 Χριστοῦ]

494 1868 561 1924 Et
597 1870 971 1940 possessionem
1004 1879 1146 1920 tuam
1179 1866 1427 1919 terminos
1459 1874 1634 1931 terra',
1664 1881 1806 1935 reges
1832 1881 1917 1920 eos
1941 1865 1996 1919 in

2171 1860 2280 1914 Καὶ
2324 1859 2436 1928 τὴν
2469 1861 2840 1931 κατάσχεσὼρ
2878 1879 2994 1917 σου
3033 1863 3105 1917 τὰ
3138 1862 3362 1930 πέρατα
3396 1853 3504 1932 τῆς
3537 1861 3676 1933 γῆς,

422 1963 568 2029 virga
602 1961 792 2028 ferrea.
827 1959 882 2013 Id
915 1967 999 2013 est
1029 1959 1082 2011 in
1108 1972 1290 2020 cruce,
1327 1957 1483 2025 cujus
1513 1956 1736 2010 materia
1768 1957 1994 2026 lignum,

423 2050 578 2118 cujus
609 2049 781 2103 virtus
811 2046 1033 2102 ferrum.
1057 2043 1220 2100 Juxta
1241 2046 1530 2116 quosdam,
1556 2043 1865 2100 Romanum
1892 2047 1996 2100 im-

423 2141 633 2211 perium
665 2139 956 2210 signiﬁcat.

2099 1954 2406 2022 ποιμανεῖς
2434 1956 2655 2022 αὐτοὺς
2702 1955 2772 2008 ἐν
2804 1955 3004 2023 ῥάϐδῳ
3034 1955 3270 2024 σιδηρᾷ.
3298 1956 3581 2009 Τουτέστιν
3614 1958 3680 2008 ἐν

2098 2043 2176 2114 τῷ
2208 2044 2460 2117 σταυρῷ·
2494 2047 2527 2117 ἡ
2561 2046 2656 2116 μὲν
2705 2045 2812 2118 γὰρ
2858 2045 2958 2116 ὕλη
2988 2047 3164 2111 ξύλου,
3197 2049 3229 2118 ἡ
3258 2047 3312 2098 δὲ
3349 2047 3499 2116 ἰσχὺς
3528 2045 3682 2115 σιδή“

2103 2153 2216 2204 ρον.
2247 2136 2403 2200 Τινὲς
2435 2136 2491 2189 δὲ
2525 2138 2623 2207 τὴν
2649 2136 2756 2190 τῶν
2795 2138 3079 2209 Ῥωμαίων
3107 2136 3280 2210 ἀρχὴν
3311 2135 3580 2209 δηλοῦσιν.

497 2253 691 2322 Adjicit
738 2251 880 2304 Dan.
913 2249 1184 2302 Barbarus
1213 2247 1502 2303 :Conterit
1548 2247 1744 2316 ﬁgulus
1792 2262 1906 2311 vas,
1937 2246 2084 2317 quod
2112 2263 2142 2302 e
2173 2249 2425 2303 manibus
2458 2248 2602 2304 cadit
2629 2268 2642 2303 :
2676 2265 2785 2305 non
2825 2251 3009 2307 delcns
3054 2250 3149 2306 sed
3182 2250 3491 2306 rel‘ormans
3524 2268 3536 2302 :
3563 2265 3680 2304 non

423 2345 570 2400 aliud
597 2345 794 2404 lutum,
825 2356 989 2410 quam
1023 2349 1200 2402 vetus,
1236 2355 1434 2410 aquam
1475 2347 1684 2393 tantum
1719 2339 1948 2404 addens,
1979 2339 2124 2410 quod
2152 2349 2202 2393 et
2241 2338 2494 2394 Christus
2529 2339 2672 2394 fecit.

495 2436 581 2491 10.
618 2434 687 2488 Ει
718 2431 1385 2504 nunc,reges,intelligite.
1418 2432 1474 2486 Id
1503 2440 1606 2495 est,
1640 2430 2002 2496 considerate,

425 2527 493 2582 ad
526 2525 899 2597 pmnitentiam
947 2522 1349 2578 convertimini.
1389 2521 1715 2584 Erudimini,
1739 2521 1828 2590 qui
1847 2521 2004 2590 judi»

425 2621 558 2674 catis
587 2629 801 2673 terram.
830 2616 934 2670 Per
957 2615 1109 2679 illud,
1131 2613 1436 2673 erudimini,
1455 2611 1759 2682 profectum
1783 2611 1992 2681 signifi-

425 2720 545 2775 cat;
571 2726 665 2780 per
698 2708 832 2763 illud
859 2717 1065 2770 autem,
1090 2703 1473 2773 Apprehendite
1493 2701 1853 2772 disciplinam,
1881 2718 2003 2772 per-

427 2803 740 2857 Icctionem.

2174 2431 2286 2485 Kal
2327 2431 2463 2497 νῦν,
2493 2432 2793 2497 βασιλεῖς,
2841 2433 3078 2485 σύνετε.
3107 2429 3382 2493 Τοντέστι,
3419 2431 3674 2501 νοήσατε,

2102 2523 2238 2594 πρὸς
2290 2524 2577 2594 μετάνοιαν
2611 2525 2998 2595 ἐπιστράφητε.
3042 2522 3418 2590 Παιδεύθητε,
3452 2522 3680 2590 πάντες

2101 2617 2154 2668 οἱ
2184 2616 2494 2682 κρίνοντες
2541 2615 2655 2686 τὴν
2699 2614 2834 2686 γῆν.
2868 2615 2977 2686 Τὴν
3005 2615 3102 2685 μὲν
3130 2615 3410 2687 προκοπὴν
3439 2615 3526 2668 διὰ
3555 2615 3677 2679 τοῦ,

2101 2707 2459 2775 παιδεύθητε
2494 2709 2754 2782 παριστᾷ,
2785 2707 2882 2778 τὴν
2912 2706 2968 2760 δὲ
2990 2705 3265 2758 τελείωσιν
3284 2705 3372 2759 διὰ
3393 2705 3508 2772 τοῦ,
3535 2704 3682 2775 Δρά-

2100 2797 2290 2862 ξασθε
2313 2801 2606 2866 παιδείας.

501 2893 638 2946 Dan.
677 2891 951 2944 Barbarus
980 2906 995 2943 :
1032 2889 1108 2942 De
1136 2889 1219 2942 via
1241 2889 1414 2958 justo,
1451 2902 1479 2942 a
1507 2902 1613 2958 qua
1637 2886 1730 2957 qui
1765 2887 2020 2942 aberrant
2046 2891 2251 2949 cadunt
2275 2911 2303 2949 a
2331 2896 2414 2950 via
2436 2897 2606 2964 justa.

501 2983 587 3037 12.
618 2981 998 3051 Apprehendite
1039 2979 1397 3048 disciplinam.
1442 2977 1823 3048 Evangelicam
1851 2977 2001 3031 vide-

425 3076 593 3132 licet:
622 3074 689 3128 Et
733 3090 794 3126 ne
832 3073 1054 3142 pereatis
1099 3069 1162 3125 de
1199 3072 1282 3124 via
1311 3071 1482 3141 justa.
1519 3069 1652 3140 Ejus
1674 3068 1881 3124 scilicet
1907 3069 2001 3138 qui

427 3168 560 3221 dixit
585 3166 666 3211 “i
698 3164 808 3236 Ego
830 3181 944 3218 sum
977 3166 1079 3219 via.

429 3257 670 3314 PSALM
681 3255 769 3313 US
797 3257 964 3310 David
987 3257 1196 3328 quando
1224 3255 1452 3324 fugiebat
1477 3271 1507 3306 a
1533 3253 1668 3324 facie
1698 3253 2002 3308 Abessalom
2031 3309 2072 3365 Ο

1023 3350 1124 3418 ﬁlii
1151 3349 1254 3402 sui.
1283 3346 1403 3401 HI.

1017 3440 1414 3510 Argumentum.

428 3531 714 3603 Proposita
745 3529 940 3601 psalmi
973 3528 1254 3597 inscriptio
1286 3528 1358 3581 ita
1401 3526 1580 3580 habet.
1616 3524 1752 3580 Nam
1791 3526 1894 3581 hoc
1922 3536 2006 3581 est

499 3625 643 3694 quod
685 3622 926 3693 psalmus
973 3619 1241 3683 enuntiat,
1269 3617 1414 3687 quod
1467 3617 1674 3672 scilicet
1717 3633 1748 3671 a
1780 3614 2006 3671 Iudaico

501 3714 702 3786 populo
733 3720 956 3767 vexetur
989 3712 1375 3781 prophetarum
1401 3709 1625 3763 chorus.
1661 3707 1828 3762 David
1859 3709 2004 3762 enim

500 3807 770 3878 signiﬁcat
797 3804 1154 3867 desideratus;
1188 3802 1335 3872 quod
1372 3817 1559 3856 revera
1588 3801 1846 3871 competit
1879 3813 2007 3870 pro-
2052 3815 2057 3820 ·

501 3901 786 3970 phetarum
822 3897 1009 3951 choro.
1047 3893 1200 3949 Sicut
1239 3908 1367 3963 ergo
1397 3892 1715 3948 Abessalom
1756 3893 2006 3948 rebellio-

504 4006 624 4046 nem
654 3990 891 4045 excitare
915 3987 1151 4042 tentabat
1181 3986 1444 4040 adversus
1469 3994 1678 4054 patrem
1701 4001 1882 4050 suum,
1909 3999 2004 4039 seu

505 4081 799 4147 Davidem;
834 4081 906 4134 ita
947 4088 1001 4134 et
1033 4077 1205 4133 Judaei
1251 4087 1441 4133 contra
1479 4087 1662 4148 patres
1711 4091 1842 4131 suos
1874 4091 2004 4146 pro-

503 4175 693 4243 plietas
723 4173 1159 4235 insurrexerunt,
1188 4184 1296 4225 non
1345 4169 1690 4222 admittentes
1720 4166 1813 4222 Dei
1846 4183 2004 4222 man-

503 4263 652 4330 data,
693 4264 803 4317 imo
829 4279 957 4316 vero
988 4263 1318 4316 obsistentes
1351 4260 1480 4314 illis.

506 4471 743 4536 Domine,
782 4469 908 4540 quid
951 4465 1289 4535 multiplicati
1313 4465 1548 4534 suntqui
1578 4463 1833 4517 tribulant
1879 4465 2006 4519 me?

430 4563 566 4618 Illud
594 4562 722 4632 quid
748 4577 846 4632 pro
877 4561 1195 4614 vehementer
1226 4557 1464 4628 positum
1490 4565 1594 4610 est.

2177 2984 2482 3053 Δράξασθε
2525 2985 2816 3052 παιδείας.
2846 2985 2958 3055 Τῆς
3008 2982 3368 3054 εὐαγγελικῆς
3411 2982 3674 3053 δηλονότι.

2107 3076 2218 3130 Καὶ
2266 3077 2586 3132 ἀπολεῖσθε
2626 3076 2695 3142 ἐξ
2732 3077 2873 3132 ὁδοῦ
2911 3077 3162 3142 δικαίας.
3193 3073 3298 3128 Τοῦ
3352 3075 3630 3146 εἰρηκότος
3653 3091 3676 3109 ο

2121 3168 2260 3237 Ἐγώ
2285 3170 2399 3235 εἰμι
2432 3170 2469 3237 ἠ
2504 3169 2661 3236 ὁδός.

2113 3261 2421 3313 ΨΑΛΜΟΣ
2449 3259 2530 3324 τῷ
2556 3260 2734 3314 Δαιοῒδ
2756 3261 2933 3314 ὁπότε
2957 3259 3394 3328 ἀπεδίδρασκεν
3417 3259 3535 3314 ἀπὸ
3565 3257 3679 3316 τοῦ

2376 3349 2749 3418 Ἀϐεσσαλὼμ
2788 3350 2891 3403 τοῦ
2922 3349 3054 3404 υἱοῦ
3083 3350 3288 3404 αὐτοῦ.
3324 3353 3406 3404 Γ’.

2733 3444 3057 3509 Ὑπόθεσις.

2115 3534 2178 3587 Ἡ
2197 3535 2288 3587 τοῦ
2312 3535 2526 3606 ψαλμοῦ
2551 3535 2886 3606 προκειμένη
2907 3533 3185 3605 ἐπιγραφὴ
3211 3533 3454 3606 περιέχει
3481 3533 3678 3597 οὕτως.

2175 3627 2342 3680 Τοῦτο
2369 3628 2476 3700 γάρ
2519 3631 2664 3681 ἐστιν
2690 3627 2718 3680 ὃ
2745 3627 2888 3696 λέγει
2914 3629 2942 3679 ὁ
2966 3626 3196 3696 ψαλμὸς,
3245 3626 3432 3696 ὅτιπερ
3463 3628 3492 3678 ὁ
3517 3625 3676 3696 χορὸς

2172 3719 2280 3772 τῶν
2321 3719 2614 3791 προφητῶν
2647 3718 2900 3772 διώκεται
2952 3718 3055 3771 ὑπὸ
3103 3718 3196 3770 τοῦ
3246 3717 3374 3772 λαοῦ
3400 3718 3506 3770 τῶν
3549 3718 3680 3769 Ἰου-

2176 3810 2357 3867 δαίων.
2392 3811 2554 3864 Δαυῒδ
2581 3810 2689 3882 γὰρ
2722 3810 3082 3883 ἑρμηνεύεται
3108 3810 3479 3881 πεποθημένος
3498 3827 3511 3840 ·
3538 3811 3676 3880 ὅπερ

2173 3905 2321 3958 ἐστὶν
2354 3906 2382 3956 ὁ
2409 3905 2566 3976 χορὸς
2596 3905 2703 3956 τῶν
2739 3904 3269 3975 προφητῶν.Ὢσπερ
3302 3899 3394 3955 οὖν
3423 3905 3450 3956 ὁ
3490 3902 3678 3954 Ἀϐεσ-

2177 3995 2368 4066 σαλὼμ
2394 3997 2684 4068 ἀνταρσίαν
2710 3996 2943 4065 διεζήτει
2977 3995 3117 4048 κατὰ
3154 3995 3247 4047 τοῦ
3281 3994 3409 4046 ἰδίου
3438 3993 3676 4064 Πατρὺς,

2175 4089 2420 4142 τουτέστι
2452 4088 2546 4141 τοῦ
2588 4087 2769 4150 Δαυῖδ,
2815 4087 2956 4145 οὕτω
2996 4089 3090 4140 καὶ
3132 4087 3181 4139 οἱ
3223 4086 3460 4138 Ἰουδαῖοι
3511 4088 3679 4139 ἐπαν-

2177 4179 2410 4249 έστησαν
2444 4179 2586 4232 κατὰ
2620 4179 2726 4232 τῶν
2770 4178 3018 4248 πατέρων
3044 4177 3220 4230 αὐτῶν
3249 4177 3562 4247 προφητῶν,
3599 4178 3680 4249 μὴ

2174 4271 2451 4341 δεχόμενοι
2498 4269 2568 4324 τὰ
2608 4271 3004 4342 προστάγματα
3031 4270 3126 4324 τοῦ
3163 4270 3318 4338 Θεοῦ,
3373 4270 3508 4324 ἀλλὰ
3549 4271 3678 4325 ἀνθ-

2175 4364 2446 4433 ιστάμενοι
2476 4363 2681 4426 αὐτοῖς.

2173 4454 2372 4521 Κύριε,
2418 4453 2475 4506 τι
2518 4453 2993 4523 ἐπληθύνθησαν
3021 4455 3076 4507 oi
3107 4453 3412 4518 θλίϐοντες
3435 4468 3541 4521 pe;
3579 4453 3678 4516 Τὸ,

2104 4545 2183 4609 τί,
2214 4545 2334 4598 ἀντὶ
2355 4544 2448 4597 τοῦ
2479 4543 2714 4613 σφόδρα
2739 4548 2935 4598 κεῖται.

499 4657 552 4710 5.
589 4626 709 4708 Non
737 4626 814 4708 est
844 4652 990 4706 salus
1040 4651 1142 4719 ipsi
1183 4626 1242 4703 in
1281 4647 1387 4701 Deo
1427 4647 1560 4715 ejus.
1597 4645 1759 4710 Deus,
1801 4645 2000 4716 inquit,

2178 4640 2299 4691 Οὐκ
2323 4637 2455 4691 ἔστι
2483 4626 2746 4707 σωτηρία
2773 4638 2932 4704 αὐτῷ
2950 4639 3020 4693 ἐν
3049 4638 3170 4706 Θεῷ
3205 4640 3410 4693 αὐτοῦ.
3443 4640 3499 4692 Ὀ
3520 4637 3663 4700 Θεὸς,

428 4749 569 4818 ejus,
592 4763 700 4802 non
729 4746 937 4801 salvum
971 4743 1133 4797 faciet
1156 4758 1302 4796 eum.
1331 4739 1608 4809 Siquidem
1633 4739 1685 4792 in
1719 4747 2000 4808 peccatum

427 4841 548 4911 ejus
574 4849 782 4894 tantum
818 4837 960 4906 quod
990 4842 1330 4906 perpetrarat
1369 4833 1747 4897 intuebantur,
1775 4832 2003 4900 ejusque

427 4931 802 5003 pmnitentiam
834 4928 1176 4997 ignorabant.
1204 4924 1320 4980 IIoc
1352 4932 1533 4977 autem
1565 4921 1844 4992 propalam
1877 4921 2002 4976 facit

429 5025 495 5080 de
520 5020 720 5076 Davide
741 5020 943 5074 dictum
969 5018 1239 5087 psalmum
1267 5014 1456 5069 fuisse.
1487 5011 1623 5066 Illud
1653 5012 1797 5066 enim
1827 5012 2004 5066 insur-

425 5131 573 5184 gere,
604 5111 821 5182 proprie
859 5110 1059 5164 dicitur
1088 5108 1153 5162 de
1184 5108 1250 5162 iis
1287 5107 1381 5176 qni
1417 5115 1574 5159 antea
1604 5119 1634 5158 e
1655 5101 1997 5157 subditorum

421 5217 578 5262 erant
614 5203 946 5268 conditione,
982 5200 1077 5256 sed
1109 5212 1298 5270 postea
1327 5198 1527 5253 bellum
1559 5195 1889 5251 excitarunt.

490 5389 544 5441 4.
582 5386 692 5458 (14)
725 5385 801 5440 Tu
825 5393 1020 5450 autem,
1057 5382 1294 5447 Domine,
1322 5389 1588 5450 susceptor
1609 5394 1751 5433 meus
1777 5394 1852 5441 es,
1885 5374 1998 5446 glo-

424 5494 504 5531 ria
539 5495 668 5532 mea.
709 5478 848 5544 Quia
891 5478 1095 5532 dictum
1142 5475 1254 5544 jam
1302 5483 1417 5539 est,
1449 5473 1594 5528 hunc
1624 5474 1892 5541 psalmum
1932 5483 1996 5522 ex

427 5581 656 5634 persona
680 5567 893 5622 Domini
941 5565 1303 5637 pronuntiari,
1323 5563 1436 5633 jam
1461 5561 1748 5618 dicendum
1771 5569 1854 5617 est
1879 5559 1998 5630 ejus

503 5683 548 5712 “
581 5679 741 5736 Joan.
777 5698 889 5746 xw,
922 5682 974 5736 6.

492 5799 605 5872 (Η)
639 5797 758 5853 Haec
780 5810 888 5852 non
915 5809 1040 5854 sunt
1078 5798 1378 5869 Athanasii,
1410 5797 1501 5854 sed
1535 5798 1761 5872 Didymi.

2106 4732 2289 4801 φησιν,
2338 4731 2500 4783 αὑτοῦ
2541 4731 2601 4783 οὐ
2645 4730 2808 4784 σώσει
2857 4732 3017 4784 αὐτόν
3042 4749 3055 4762 ο
3091 4733 3170 4795 είς
3217 4731 3323 4801 γὰρ
3367 4732 3533 4802 μόνην
3576 4729 3670 4799 τὴν

2103 4820 2377 4891 ἁμαρτίαν
2407 4819 2631 4873 ἔϐλεπον
2676 4822 2742 4892 ἣν
2785 4824 3124 4892 ἐπεποιήκει,
3159 4821 3476 4889 ἀγνοοῦντες
3508 4819 3675 4873 αὑτοῦ

2101 4913 2200 4982 τὴν
2231 4913 2535 4983 μετάνοιαν.
2563 4913 2731 4966 Τοῦτο
2773 4914 2832 4967 δὲ
2875 4915 3245 4986 φανερώτερον
3286 4913 3552 4966 δείκνυσιν
3583 4913 3678 4965 ἐπὶ

2101 5004 2194 5057 τοῦ
2224 5004 2384 5058 Δαυῒδ
2414 5005 2666 5073 λέγεσθαι
2699 5007 2785 5058 τὸν
2809 5006 3116 5076 ψαλμόν.Τὸ
3145 5006 3251 5077 γὰρ
3285 5003 3676 5058 ἐπανίστασθαι

2103 5097 2307 5167 κυμως
2357 5096 2570 5165 λέγεται.
2621 5098 2714 5150 ἐπὶ
2758 5096 2866 5150 τῶν
2911 5097 3170 5168 πρότερον
3212 5096 3310 5166 μὲν
3338 5099 3394 5149 ἐν
3420 5095 3676 5164 ὑπηκόων

2099 5187 2251 5252 τάξει
2285 5187 2717 5259 καθεστηκότων,
2755 5187 2892 5258 μετὰ
2919 5188 2974 5240 δὲ
3005 5188 3176 5241 ταῦτα
3208 5188 3440 5259 πόλεμον
3467 5187 3677 5258 ἀραμέ-

2099 5297 2224 5333 νων.

2178 5372 2287 5444 (14)
2328 5371 2411 5425 Σὺ
2460 5371 2548 5435 δὲ,
2599 5372 2795 5440 Κύριε,
2823 5370 3197 5439 ἀντιλήπτωρ
3245 5389 3362 5440 μου
3411 5366 3483 5432 εἷ,
3527 5368 3677 5433 δόξα

2099 5480 2238 5532 μου.
2258 5461 2473 5532 Ἐπειδὴ
2499 5461 2712 5531 ἐλέχθη,
2740 5461 2823 5523 ὠςκ
2842 5462 2906 5513 ἐκ
2937 5459 3226 5532 προσώπου
3260 5459 3463 5531 Κυρίου
3493 5460 3523 5511 ὁ
3549 5459 3680 5529 ψαλ-

2108 5553 2206 5625 ne;
2238 5552 2654 5622 ἀπαγγέλλεται,
2685 5550 2873 5622 ῥητέον
2910 5551 2984 5615 ὡς
3034 5551 3129 5606 καὶ
3171 5548 3335 5603 αὐτοῦ
3386 5548 3616 5620 ὑψοῦται
3642 5549 3678 5618 ἡ
