3944 6220
255 405 323 460 (ἰί)
1405 407 1770 464 EXPOSITIO
1809 406 1874 461 IN
1926 408 2254 465 PSALMUM
2274 462 2275 465 η
2292 412 2379 468 Ill.
3442 413 3516 469 70

263 521 494 593 κεφαλὴ,
526 523 556 575 6
579 522 718 586 Θεὸς
744 519 899 587 οὖσα,
926 525 1052 577 ὅταν
1079 524 1113 597 ἡ
1146 523 1333 594 θεότης
1363 523 1525 577 αὑτοῦ
1553 524 1760 594 φανερὰ
1786 523 1833 576 δι

1956 535 2146 594 caput,
2179 528 2324 596 quod
2354 525 2497 581 Deus
2518 535 2636 591 est,
2671 525 2920 587 exaltari,
2962 506 3085 580 cum
3116 523 3370 580 divinitas
3398 524 3517 596 ejus

267 613 596 678 ἀποδείξεως
626 617 743 679 τοῖς
776 618 983 678 πιστοῖς
1009 615 1254 687 γένηται.

311 691 315 694 ’
341 703 447 777 {Si}
484 704 574 769 δὲ,
596 706 798 773 Κύριε,
820 705 1192 775 ἀντιλήπτωρ
1213 725 1333 777 μου
1368 703 1440 763 εἴ.
1468 707 1756 777 Πρέπουσα
1782 709 1847 779 τῇ

270 796 451 850 πίστει
483 792 580 849 τοῦ
610 797 891 867 προφήτου
907 797 1075 869 φωνὴ,
1105 798 1370 861 ἀσείστως
1402 798 1653 870 φέροντος
1694 797 1847 868 τηλι-

268 885 479 947 καύτας
522 885 893 954 περιστάσεις,
929 888 1022 941 καὶ
1069 887 1385 952 πεποιθότος
1430 889 1503 961 μὴ
1533 891 1847 958 ἐγκαταλει-

270 976 573 1048 φθήσεσθαι
592 992 606 1007 ⁸
638 976 773 1030 ἀλλὰ
801 977 933 1051 πρὸς
962 979 1022 1032 τὸ
1049 979 1305 1051 βοηθῆναι
1337 982 1431 1034 καὶ
1466 979 1842 1051 ὑψωθήσεσθαι

268 1070 367 1124 καὶ
396 1068 495 1140 τὴν
537 1067 809 1138 βασιλείαν
836 1070 1228 1140 ἀπολήψεσθαιυ
1260 1072 1417 1125 τοῦτο
1443 1071 1550 1142 γὰρ
1582 1068 1731 1124 εἶπόν
1755 1088 1840 1123 τι-

267 1178 379 1224 νες,
412 1158 590 1228 ὑψῶν
612 1159 729 1228 τὴν
760 1160 1049 1229 κεφαλήν.
1086 1162 1221 1228 Δόξα
1248 1162 1426 1216 τοίνυν
1453 1162 1547 1216 τοῦ
1576 1162 1783 1217 δικαίου
1811 1165 1840 1215 6

265 1252 423 1315 Θεὸς,
453 1244 503 1319 ᾧ
546 1249 830 1304 πέποιθενο
857 1244 902 1320 ᾧ
935 1251 993 1305 δὲ
1023 1250 1148 1316 δόξα
1189 1251 1219 1303 6
1246 1250 1395 1318 Θεὸς,
1429 1245 1584 1317 οὗτος
1614 1252 1838 1322 ὑψοῦται

265 1341 366 1413 τὴν
399 1340 692 1413 κεφαλήν-1

338 1512 511 1580 My}
525 1475 646 1582 μου
667 1515 819 1583 πρὸς
844 1515 1065 1583 Κύριον
1083 1512 1390 1583 ἐκέκραξα.
1422 1516 1670 1571 Διδάσκει
1695 1521 1723 1572 6
1750 1520 1838 1575 λό-

267 1618 393 1672 γος,
424 1604 496 1668 ὡς
539 1605 601 1657 ὲν
632 1608 753 1670 ταῖς
792 1606 1138 1677 περιστάσεσι
1168 1606 1267 1659 οὐκ
1294 1606 1438 1677 ἄλλῳ
1470 1607 1503 1678 ἢ
1532 1608 1651 1680 Θεῷ
1692 1612 1836 1684 μόνῳ

270 1694 551 1764 προσιέναι
567 1695 673 1751 δεῖ.

1952 614 2202 671 ﬂletibus
2239 619 2526 688 perspicue
2553 626 3039 676 commonstratnr.

2022 704 2125 778 [Tu
2151 709 2620 774 autem,'Domine,
2646 720 2915 778 susceptor
2959 725 3104 762 meus
3148 725 3218 762 es.
3250 706 3374 764 Hac
3409 722 3517 763 vox

1946 795 2227 867 Propheta!
2272 801 2393 855 lidei
2429 803 2671 870 apprime
2714 800 2988 865 convenit,
3022 801 3114 870 qui
3157 800 3293 854 tales
3335 815 3514 854 rerum

1946 889 2287 946 conditiones
2334 892 2490 945 lirmo
2523 900 2686 961 atque
2737 891 3008 958 intrepido
3057 892 3240 945 animo
3288 889 3511 955 ferebat,

1944 978 2352 1050 conlhlebatque
2375 996 2432 1036 se
2463 981 2686 1035 minime
2713 981 2957 1035 relictum
2988 980 3084 1046 iri;
3112 981 3219 1035 imo
3248 996 3375 1035 vero
3403 995 3511 1034 non

1941 1071 2202 1126 auxilium
2232 1075 2393 1128 modo
2424 1072 2757 1138 adfuturum,
2786 1088 2975 1126 verum
3003 1073 3163 1127 etiam
3196 1074 3513 1143 erigendum

1941 1175 2000 1215 se
2031 1160 2146 1216 fore
2188 1171 2351 1233 atque
2385 1179 2607 1234 regnum
2653 1171 3040 1233 accepturum:
3074 1163 3127 1216 id
3165 1164 3309 1217 enim
3362 1164 3515 1219 aiunt

1939 1250 2159 1319 quidam
2194 1251 2500 1322 significare
2524 1254 2677 1318 illud,
2708 1252 2952 1307 exultans
2982 1264 3157 1322 caput.
3193 1252 3376 1309 Gloria
3405 1256 3513 1310 ita-

1938 1355 2045 1412 que
2081 1342 2214 1412 justi
2250 1343 2390 1398 Deus
2423 1353 2524 1408 est,
2553 1345 2605 1399 in
2643 1360 2803 1415 quem
2845 1360 2992 1414 spem
3037 1345 3322 1413 reposuit:
3354 1345 3513 1416 cujus

1939 1443 2116 1491 autem
2146 1437 2316 1507 gloria
2355 1447 2439 1493 est
2466 1436 2630 1503 Dens,
2666 1439 2827 1507 hujus
2860 1444 3024 1506 caput
3052 1434 3371 1509 exaltatum]

2009 1528 2062 1583 5.
2109 1527 2242 1582 Voce
2264 1545 2377 1583 mea
2408 1524 2782 1584 ad'Dominum
2810 1527 3053 1583 clamavi.
3083 1526 3316 1583 Docelur
3341 1529 3393 1582 in
3419 1544 3513 1585 oc-

1941 1620 2286 1674 currentibus
2325 1621 2566 1689 casibus,
2594 1635 2701 1676 non
2730 1624 2798 1675 ad
2836 1620 3002 1675 alium
3032 1635 3194 1690 quam
3236 1620 3301 1675 ad
3337 1618 3508 1675 Deum

1941 1708 2390 1780 confugiendum.

343 1802 538 1875 Adjicit
575 1803 710 1858 Dan.
742 1804 1013 1859 Barbarus
1039 1819 1058 1858 :
1099 1804 1176 1860 De
1204 1815 1375 1861 monte
1404 1816 1607 1873 sancto,
1640 1808 1692 1865 id
1721 1821 1807 1869 est
1832 1814 1899 1869 de
1924 1819 2085 1875 coelo.

333 1918 552 1991 [Φωνῇ
596 1938 713 1989 μου
760 1920 907 1990 πρὸς
953 1920 1171 1989 Κύριον
1199 1920 1512 1991 ἐκέκραξα.
1558 1926 1828 1997 Προέταξε

2002 1931 2169 2007 [Voce
2190 1951 2305 1989 mea
2329 1934 2399 1988 ad
2430 1932 2709 1988 Dominum
2738 1933 2980 1990 clamavi.
3016 1933 3286 1991 Praemisit
3316 1951 3507 2007 preca-

263 2013 368 2084 μὲν
396 2013 497 2083 τὴν
544 2011 726 2084 εὐχὴν,
761 2010 879 2067 εἶτα
910 2014 1046 2084 μετὰ
1088 2014 1149 2068 τὸ
1180 2014 1453 2087 διάψαλμα
1482 2018 1580 2090 τὴν
1617 2021 1838 2092 εὐχαρι-

263 2105 443 2169 στίαν,
468 2105 564 2157 ἐπὶ
584 2104 646 2157 τὸ
675 2106 1031 2175 τετυχηκέναι
1053 2099 1128 2160 ὧν
1154 2107 1339 2178 ᾔτησε.
1365 2107 1477 2164 Νῦν
1510 2110 1691 2182 μέντοι
1711 2112 1841 2165 ἁπο-

259 2194 485 2266 στρέφει
514 2193 577 2247 τδ
608 2192 894 2266 πρδσωπον
942 2195 1076 2268 πρὸς
1107 2199 1273 2269 ἡμᾶς,
1306 2201 1400 2254 καὶ
1425 2201 1691 2274 διηγεῖται
1722 2203 1838 2268 πῶς

257 2285 558 2356 εὐξάμενος
601 2282 934 2356 ὲπηκοῦσθη,
978 2286 1072 2340 καί
1116 2305 1281 2359 φησι·
1318 2291 1492 2360 Φωνῇ
1530 2311 1649 2362 μου
1692 2295 1840 2363 πρὸς

255 2377 490 2444 Κύριον
522 2374 837 2443 ἐκέκραξα.
868 2377 980 2429 Καὶ
1020 2378 1201 2449 φωνὴν
1236 2379 1333 2451 μὲν
1375 2381 1712 2452 ὑποληπτέον
1740 2382 1838 2455 τὴν

258 2467 452 2539 νοερὰν
477 2468 578 2538 τῆς
606 2466 842 2532 διανοίας
870 2468 1008 2540 πρὸς
1030 2468 1119 2523 τὸν
1146 2469 1254 2524 τῶν
1278 2470 1413 2526 ὅλων
1438 2472 1569 2528 Θεὸν
1597 2476 1834 2528 ἱκεσίαν·

256 2565 321 2616 οὐ
356 2563 468 2634 γὰρ
487 2561 587 2632 τὴν
609 2563 854 2634 κραυγὴν
883 2562 1052 2633 λέγει,
1074 2562 1207 2618 ἀλλὰ
1230 2566 1327 2635 τὴν
1355 2567 1582 2623 αὐδαίαν
1606 2568 1706 2639 τῆς
1726 2568 1842 2623 δια-

256 2658 407 2720 νοίας
441 2657 631 2727 εὐχήν.

325 2751 402 2802 Τὸ
430 2750 489 2803 δέ
510 2767 525 2782 ·
551 2747 860 2816 ἐπήκουσέ
884 2766 1004 2818 μου
1043 2749 1111 2814 ἐξ
1162 2748 1366 2817 ὅρους,
1406 2748 1548 2803 κατὰ
1575 2748 1674 2820 τὴν
1708 2764 1842 2802 κατ-

252 2840 487 2912 έχουσαν
532 2842 747 2913 εἴρηται
790 2839 1295 2913 δόξανιἘνομίζετο
1320 2842 1431 2913 γὰρ
1462 2843 1520 2894 ὲν
1558 2844 1626 2912 τῇ
1660 2842 1839 2913 Σκηνῇ

249 2937 553 2998 κατοικεῖν,
587 2932 772 3005 ἐπειδὴ
799 2931 1007 2987 ἐκεῖθεν
1034 2933 1127 2986 καὶ
1156 2933 1206 2985 oi
1227 2932 1466 3004 χρησμοὶ
1492 2934 1605 2995 τοῖς
1634 2931 1842 3003 ἱερεῦσι

253 3027 592 3082 ὲδίδοντο.Ἦ
615 3026 698 3086 τὸ.
715 3026 789 3091 ’ἐξ
807 3025 989 3094 ὅρους
1007 3025 1204 3096 ἁγίου,
1226 3025 1347 3079 ἀντὶ
1368 3024 1483 3089 τοῦ,
1497 3023 1557 3089 ἐξ
1575 3023 1803 3096 οὐρανοῦ
1824 3043 1838 3056 ·

250 3120 331 3184 ὡς
355 3121 451 3173 καὶ
472 3118 535 3172 τό
553 3136 567 3149 ’
608 3119 706 3172 Ἐν
738 3117 857 3185 ὄρει
874 3117 1026 3186 ἁγίῳ
1055 3132 1173 3170 σου
1197 3133 1211 3146 ο
1245 3117 1359 3180 καὶ,
1379 3117 1682 3186 Ἐττ-[σατε
1714 3116 1841 3185 ὄρε-

250 3226 361 3265 σιν
390 3211 686 3277 αἰωνίοις,
717 3209 938 3262 δύναται
982 3208 1113 3279 ὅρος
1166 3208 1320 3276 ἆγιον
1359 3203 1496 3260 εἶναι
1523 3206 1656 3260 Θεοῦ
1688 3207 1746 3273 ἐξ
1771 3199 1832 3261 οὗ

248 3303 530 3358 εἰσακούει
574 3302 681 3356 τῶν
715 3301 1018 3372 εὐχομένων
1046 3304 1074 3354 6
1097 3299 1231 3364 Θεὸς
1262 3300 1292 3352 6
1321 3298 1610 3370 μονογενὴς
1642 3299 1828 3365 αὑτοῦ,
1858 3280 1900 3337 c

249 3391 385 3462 περὶ
405 3383 465 3443 οὗ
495 3392 708 3462 εἴρηται
729 3406 742 3419 ο
778 3391 983 3443 Ἔσται
1012 3389 1275 3458 ἐμφανὲς
1306 3390 1372 3442 τὸ
1407 3389 1546 3458 ὄρος
1576 3389 1681 3443 τοῦ
1712 3394 1827 3444 Κυ-

243 3483 386 3550 ρίου
412 3481 506 3534 ἐπ’
528 3480 766 3550 ἐσχάτῳ
784 3480 902 3534 τῶν
928 3480 1163 3550 ἡμερῶν
1185 3497 1198 3511 ·
1224 3480 1491 3552 δηλούσης
1512 3483 1611 3551 τῆς
1635 3480 1832 3546 λέξεως

246 3574 459 3644 ταύτης
508 3573 610 3644 τὴν
660 3572 960 3643 γενομένην
1010 3570 1176 3626 αὐτοῦ
1212 3572 1537 3643 φανέρωσιν,
1567 3556 1708 3625 κατὰ
1730 3571 1831 3643 τὴν

246 3663 548 3734 ἐπιδημίαν
592 3663 688 3715 ὲπὶ
724 3661 1001 3732 συντελείᾳ
1046 3661 1155 3715 τῶν
1196 3661 1435 3715 αἰώνων
1484 3661 1542 3732 ἢ,
1576 3660 1637 3726 ἐξ
1673 3663 1831 3733 δρους

246 3757 435 3825 ἁγίου,
467 3757 532 3809 ὲκ
551 3754 647 3809 τοῦ
682 3754 1105 3828 οὐρανοῦ.”ορος
1132 3753 1286 3823 ἅγιον
1321 3752 1455 3806 Θεοῦ
1487 3754 1520 3824 ἠ
1549 3752 1830 3825 ὑπερφυὴς

245 3849 458 3919 γνῶσις
480 3847 673 3901 αὐτοῦ.

322 3940 400 3993 Τὸ
443 3938 743 4008 διὰψαλμα,
776 3936 1037 4008 μουσικοῦ
1072 3938 1267 4008 μέλους
1299 3938 1333 4008 ἢ
1364 3937 1575 4009 τροπῆς
1601 3938 1828 4007 γενομέ-

243 4049 348 4103 νης
375 4031 410 4101 ἦ
437 4030 673 4094 διανοίας
706 4031 801 4084 καί¹
828 4030 1107 4100 δυνάμεως
1129 4029 1288 4097 λόγου
1313 4027 1634 4098 ὲναλλαγῆς.

322 4120 420 4184 Τὸ,
446 4118 798 4189 ἐξητέρθην,
817 4119 975 4172 τοῦτο
1001 4119 1168 4189 δηλοῖ,
1186 4119 1287 4181 ὅτι,
1309 4120 1409 4191 τῆς
1431 4117 1578 4182 θείας
1601 4117 1834 4172 ἀπολαύ-

249 4227 353 4273 σας
382 4211 613 4281 τροπῆς,
649 4209 908 4283 κρείττων
950 4209 1218 4282 ἐγενόμην
1265 4209 1375 4264 τῶν
1416 4208 1830 4280 προσπεσόντων

244 4294 493 4373 κακῶν]

331 4391 474 4463 Ἐγὼ
499 4391 825 4463 eumnam
866 4391 965 4446 καί
1008 4391 1278 4446 ὔπνωσα.
1309 4391 1413 4444 Τὸν
1451 4389 1578 4461 περὶ
1616 4389 1710 4443 τοῦ
1737 4388 1830 4444 νοῦ

243 4482 423 4539 ὕπνον
448 4483 604 4555 φησὶ,
633 4483 700 4537 δι’
729 4478 790 4538 οὗ
815 4484 909 4537 καὶ
945 4484 1026 4547 είς
1055 4482 1154 4555 τὴν
1187 4483 1463 4555 ἁμαρτίαν
1509 4483 1827 4539 κατέπεσεν.

1938 2025 2160 2089 tionem,
2190 2025 2408 2091 dehinc,
2428 2025 2887 2095 postdiapsalma,
2914 2026 3209 2096 gratiarum
3240 2028 3505 2082 actionem

1936 2117 2085 2172 addit
2109 2118 2177 2173 de
2203 2132 2468 2173 concesso
2495 2118 2786 2187 postulato.
2809 2118 3007 2188 Atjam
3029 2119 3096 2174 ad
3117 2133 3217 2174 nos
3243 2134 3508 2175 converso

1936 2208 2108 2273 vultu,
2141 2218 2472 2282 narrat.quo
2504 2218 2662 2278 pacto
2700 2224 2887 2278 preces
2922 2210 3042 2278 ejus
3080 2210 3332 2266 admissae
3377 2212 3506 2277 sint,

1937 2300 2156 2371 aitque:
2203 2299 2333 2355 Voce
2360 2317 2473 2354 mea
2501 2301 2572 2353 ad
2606 2300 2885 2354 Dominum
2915 2303 3159 2357 clamavi.
3211 2301 3312 2357 Per
3335 2318 3508 2358 vocem

1937 2390 2204 2461 intelligas
2221 2388 2608 2462 intelligibilem
2632 2392 2828 2447 mentis
2850 2392 2959 2447 Deo
2980 2394 3357 2449 universorum
3377 2410 3509 2463 sup-

1938 2483 2284 2554 plicationem
2316 2502 2329 2538 :
2361 2499 2468 2538 non
2499 2485 2643 2539 enim
2666 2485 2733 2539 de
2760 2487 2998 2543 clamore
3027 2488 3287 2558 loquitur,
3319 2489 3413 2545 sed
3437 2490 3512 2544 de

1938 2574 2149 2643 prolata
2179 2589 2276 2645 per
2307 2582 2539 2630 mentem
2578 2575 2845 2631 oratione.

2009 2750 2145 2807 Illud
2194 2768 2360 2824 porro
2386 2771 2401 2810 :
2426 2755 2698 2810 exaudivit
2737 2772 2816 2811 me
2855 2756 2919 2811 de
2954 2766 3147 2823 monte,
3181 2758 3381 2815 dicitur
3417 2775 3505 2816 se-

1939 2845 2175 2900 cundum
2221 2846 2493 2917 vulgarem
2545 2847 2877 2917 opinionem.
2922 2848 3221 2906 Putabatur
3256 2851 3399 2907 enim
3446 2852 3500 2906 in

1940 2935 2290 2991 tabernaculo
2312 2935 2575 3003 habitare,
2593 2937 2721 3007 quia
2745 2938 2870 2995 inde
2887 2941 3105 2995 oracula
3126 2940 3503 2997 sacerdotibus

1940 3025 2228 3082 dabantur.
2243 3026 2363 3094 Vel,
2385 3027 2448 3082 de
2478 3039 2651 3083 monte
2675 3042 2877 3093 sancto,
2896 3032 3051 3099 quasi
3078 3031 3228 3088 dicas
3243 3032 3309 3087 de
3329 3033 3501 3098 coelo;

1940 3124 2002 3171 ut
2029 3117 2189 3171 etiam
2229 3116 2382 3179 illud,
2418 3115 2482 3169 In
2513 3127 2684 3170 mante
2716 3126 2896 3171 sancto
2921 3128 3009 3172 tuo
3034 3118 3099 3184 ",
3133 3128 3186 3175 et
3205 3121 3501 3190 Appropin-

1941 3217 2098 3278 qute
2123 3208 2383 3261 montibus
2410 3209 2621 3262 internis
2644 3208 2710 3264 “.
2752 3207 2934 3265 Potest
2966 3225 3120 3266 mons
3149 3218 3369 3266 sanctus
3404 3209 3502 3266 Dei

1930 3312 2051 3352 esse
2076 3314 2142 3353 ex
2175 3312 2284 3367 quo
2308 3299 2526 3352 exaudit
2542 3308 2763 3352 orantes
2792 3298 2936 3355 Deus
2964 3299 3294 3371 unigenitus,
3331 3301 3497 3366 illius,

1928 3386 1995 3442 de
2038 3402 2147 3456 quo
2174 3387 2377 3442 dictum
2407 3400 2509 3455 est,
2536 3387 2653 3442 Erit
2675 3389 2985 3458 conspicuus
3028 3406 3175 3444 mons
3201 3390 3414 3446 Domini
3443 3393 3500 3446 in

1929 3479 2208 3532 novissimo
2251 3480 2476 3535 dierum.
2528 3479 2685 3545 Quod
2738 3481 2946 3535 dictum
3006 3480 3497 3538 manifestationetn

1929 3569 2047 3640 ejus
2098 3568 2384 3641 signiﬁcat,
2430 3586 2553 3641 qua
2602 3570 2784 3626 futura
2813 3581 2896 3628 est
2933 3573 2986 3626 in
3024 3575 3257 3629 adventu
3291 3573 3411 3645 ejus
3442 3576 3497 3630 in

1928 3660 2395 3717 consummatione
2428 3662 2748 3718 saeculorum
2775 3680 2791 3718 :
2821 3671 2937 3728 aut,
2968 3678 3033 3718 ex
3074 3674 3257 3719 monte
3282 3674 3496 3731 sancto,

1929 3752 1984 3808 id
2010 3764 2093 3809 est
2117 3768 2184 3809 ex
2212 3755 2370 3809 coelo.
2406 3751 2559 3809 Mons
2588 3764 2814 3810 sanctus
2842 3754 2935 3811 Dei
2952 3766 3036 3812 est
3063 3759 3497 3828 supernaturalis

1928 3845 2048 3915 ejus
2078 3847 2336 3916 cognitio.

1995 3935 2300 4005 Diapsalma
2334 3934 2620 3990 adhibetur
2647 3952 2769 3992 cum
2805 3937 2999 3991 musici
3028 3947 3226 3992 cantus
3258 3938 3494 3993 mutatio

1929 4025 2007 4092 ﬁt,
2041 4035 2133 4081 aut
2158 4042 2280 4082 cum
2314 4030 2575 4084 sententia
2600 4034 2654 4081 et
2672 4028 2754 4082 vis
2783 4027 3051 4082 sermonis
3094 4029 3485 4097 alio’vertitur.

2000 4116 2170 4182 Illud,
2213 4116 2536 4183 Exsurretci,
2579 4116 2877 4187 signiﬁcat,
2905 4117 3085 4171 divina
3137 4120 3494 4175 conversione

1928 4208 2201 4279 dignatus,
2233 4208 2605 4280 ingruentibus
2634 4209 2692 4264 in
2724 4223 2812 4263 me
2836 4208 2992 4264 malis
3020 4211 3271 4280 superior
3294 4211 3492 4285 evasi.j

1999 4388 2053 4442 6.
2092 4386 2203 4458 Ego
2228 4386 2450 4441 dormivi
2476 4394 2527 4440 et
2547 4395 2825 4450 soporatus
2848 4401 2988 4443 sum.
3017 4384 3208 4440 Mentis
3238 4401 3492 4442 somnum

1929 4480 2079 4560 dicit,
2106 4495 2203 4550 per
2230 4495 2390 4550 quem
2419 4478 2608 4534 incidit
2643 4479 2698 4532 in
2728 4486 3034 4548 peccatum.

320 4571 473 4645 [Ὅτι
519 4572 602 4626 σὺ
646 4571 948 4638 ἑπάταξας
978 4570 1209 4637 πάντας
1240 4571 1381 4637 τοὺς
1408 4569 1829 4641 ἐχθραίνοντάς

1994 4570 2182 4644 [νειιε.
2210 4574 2262 4626 8.
2297 4569 2558 4636 Quoniam
2585 4578 2642 4624 tu
2676 4570 2979 4640 percussisti
3004 4584 3178 4622 omnes
3206 4570 3490 4623 adversam

236 4679 367 4732 μοι.
420 4660 688 4727 Πάταξον,
742 4660 1048 4733 σύντριψον,
1090 4660 1124 4732 ἢ
1176 4661 1456 4728 πατάξεις.
1481 4661 1825 4715 Ἐπισπεύδει

1943 4674 2007 4717 tes
2039 4662 2188 4718 mihi.
2223 4661 2470 4728 Percute,
2504 4670 2742 4726 contere,
2774 4670 2867 4716 aut
2896 4661 3182 4729 percuties.
3225 4658 3490 4716 Sollicitat

240 4755 348 4824 τὴν
380 4752 737 4817 ἐξανάστασιν
767 4752 864 4824 τὴν
902 4754 1023 4807 κατ’
1053 4752 1232 4808 αὐτῶν
1261 4753 1356 4806 τοῦ
1389 4752 1545 4821 Θεοῦ,
1578 4754 1696 4825 ἤτοι
1725 4753 1825 4825 τὴν

241 4847 484 4914 ἄμυναν.
514 4844 793 4911 Ματαιως
836 4843 949 4915 ἔχει
992 4845 1118 4908 τοὺς
1167 4845 1393 4915 ἐχθροὺς
1415 4846 1443 4898 6
1471 4845 1544 4916 μὴ
1571 4845 1824 4915 παρέχων

242 4934 523 5005 πρόφασιν
577 4934 790 5005 μίσους.
828 4932 1099 4999 Ὀδόντας
1144 4932 1202 4987 δὲ
1246 4932 1602 5003 ἁμαρτωλῶν
1647 4934 1680 5005 ἢ
1726 4935 1822 5006 τὴν

246 5027 406 5094 ἰσχὺν
435 5024 584 5092 λέγει
615 5023 725 5077 τῶν
756 5026 836 5088 είς
862 5024 1024 5079 αὐτὸν
1050 5024 1485 5096 ἁμαρτανόντων,
1510 5025 1544 5095 ἢ
1579 5027 1704 5089 τοὺς
1733 5026 1821 5079 λό-

240 5131 378 5185 γους
425 5116 550 5179 τοὺς
583 5115 705 5168 κατ’
733 5113 918 5182 αὐτοῦ,
949 5116 1043 5168 καὶ
1072 5115 1169 5180 τὰς
1204 5114 1548 5186 βλασφημίας
1566 5132 1579 5146 ⁸
1607 5116 1640 5188 ἢ
1671 5116 1821 5169 ὀδόν-

240 5225 340 5271 τες
363 5206 702 5280 ἁμαρτωλῶν
727 5210 831 5261 είσι
853 5207 1101 5277 λογισμοὶ
1129 5207 1309 5275 ἄλογοι
1338 5206 1486 5278 παρὰ
1508 5206 1667 5274 φύσιν
1690 5209 1820 5279 ἡμῖν

243 5299 754 5369 ἐπισυμᾶιίνοντες.
785 5299 909 5361 Τοῖς
936 5298 1044 5372 γὰρ
1074 5297 1352 5369 λογισμοῖς
1375 5298 1450 5361 ὡς
1478 5297 1657 5350 ὀδοῦσι
1685 5298 1823 5369 χρώ-

248 5407 403 5461 μενοι
456 5390 716 5454 πολλάκις
755 5390 1118 5461 ἀντικείμενοι
1173 5388 1623 5460 προσεγγίζουσιν
1669 5391 1818 5460 ἡμῖν,

244 5480 344 5535 τοῦ
371 5483 563 5550 φαγεῖν
586 5481 688 5544 τὰς
712 5481 921 5551 σάρκας
947 5478 1120 5549 ἡμῶν,
1140 5478 1381 5533 τουτέστι
1400 5479 1469 5531 τὰ
1493 5480 1556 5532 ὲκ
1581 5478 1677 5549 τῆς
1698 5494 1825 5548 σαρ-

244 5573 349 5637 κὸς
382 5575 641 5646 φυόμενα.
668 5570 905 5640 Φανερὰ
927 5571 1016 5636 δὲ,
1046 5571 1230 5641 φησιν,
1259 5569 1394 5623 ἐστι
1436 5570 1509 5624 τὰ
1536 5569 1680 5640 ἔργα
1709 5568 1817 5638 τῆς

329 5774 376 5808 ⁸⁸
404 5772 544 5833 Psal.
572 5790 683 5843 xlv,
715 5773 770 5828 1.
851 5769 898 5802 ⁸⁸
930 5766 1074 5823 Psal.
1109 5783 1270 5835 Lxxv,
1301 5768 1354 5823 5.

1929 4753 2097 4810 Deum
2132 4763 2192 4810 ut
2219 4763 2408 4810 contra
2443 4753 2692 4810 inimicos
2733 4754 2996 4824 insurgat,
3029 4754 3093 4807 ad
3117 4768 3178 4808 se
3219 4754 3486 4809 ulciscen-

1928 4846 2081 4899 dum.
2126 4845 2252 4899 Sine
2289 4861 2449 4899 causa
2478 4845 2732 4900 inimicos
2761 4845 2938 4910 habet,
2975 4847 3067 4916 qui
3114 4845 3315 4900 nnHam
3356 4861 3488 4916 prae-

1928 4934 2047 4989 buit
2077 4935 2186 4988 odii
2230 4936 2535 4990 materiam.
2576 4934 2767 4989 Dentes
2794 4945 2973 4989 autem
3009 4944 3358 5001 peccatorum,
3394 4944 3488 4988 aut

1928 5026 2035 5081 vim
2057 5027 2133 5081 ait
2157 5042 2277 5082 esse
2302 5026 2641 5096 peccantium
2673 5027 2935 5081 adversus
2968 5026 3157 5091 Deum,
3201 5035 3295 5080 ant
3324 5026 3484 5080 verba
3514 5052 3521 5059 -

1926 5117 1981 5172 in
2028 5118 2202 5187 ipsum
2256 5119 2480 5188 prolata.
2507 5127 2562 5174 et
2593 5119 2907 5189 blasphema
2952 5118 3118 5173 dicta.
3150 5117 3258 5171 Ant
3294 5116 3484 5170 dentes

1924 5217 2264 5277 peccatorum
2306 5217 2433 5264 sunt
2481 5211 2834 5279 cogitationes
2883 5207 3309 5267 irrationabiles.
3362 5220 3484 5274 qua:

1925 5308 2117 5368 praeter
2138 5308 2387 5368 naturam
2415 5301 2570 5355 nobis
2608 5301 2871 5356 incidunt.
2909 5298 3044 5353 Nam
3074 5297 3484 5368 cogitationibus

1924 5366 2069 5443 velut
2092 5366 2341 5445 dentibus
2368 5391 2450 5445 usi
2477 5391 2808 5458 adversarii,
2836 5366 3159 5462 plerumque
3177 5387 3483 5471 .appl'opitt-

1925 5487 2095 5548 quant
2136 5477 2312 5544 nobis,
2357 5490 2417 5534 ut
2440 5481 2601 5536 edant
2637 5496 2829 5536 carnes
2861 5486 3114 5542 nostras;
3148 5476 3394 5531 videlicet
3416 5491 3480 5532 ea

1925 5584 2047 5639 qua:
2065 5584 2132 5625 ex
2153 5584 2316 5627 carne
2339 5579 2652 5627 nascuntur.
2684 5570 2961 5638 Manifesta
2983 5576 3155 5621 autem
3181 5578 3483 5644 sunt'opera
