3944 6220
407 393 468 446 7|
1217 387 1274 442 S.
1315 384 1684 442 ATHANASll
1724 385 1874 440 OPP.
1919 381 2098 436 PARS
2135 378 2224 433 1H.
2265 409 2336 418 —
2374 377 2781 433 EXEGETICA.
3553 371 3624 424 72

391 506 590 571 carnis,
628 503 703 559 ait
747 501 962 558 divinus
997 498 1285 569 Apostolus
1319 499 1384 553 ‘7.
1418 497 1615 553 Dentes
1653 511 1815 567 porro
1862 495 1959 561 ait,

2074 490 2306 559 σαρκός,
2339 493 2369 544 6
2397 490 2536 553 θεῖος
2564 488 2894 552 ’Δπόστολος.
2916 488 3160 548 Ὀδόντας
3191 485 3336 553 λέγει
3355 500 3367 511 ·
3396 483 3501 536 ἀπὸ
3530 499 3595 552 με

394 603 610 664 sumpta
641 609 672 648 a
704 592 835 648 leris
885 592 1231 660 metaphora,
1262 604 1383 658 quae
1422 589 1474 642 in
1506 589 1756 643 dentibus
1788 587 1954 641 robur

2074 585 2293 652 ταφορᾶς
2315 581 2420 634 τῶν
2454 581 2655 652 θηρίων
2677 580 2834 634 τοῦτό
2865 597 3048 650 φησιν,
3066 578 3100 632 Et
3126 577 3323 648 μᾶλλον
3346 577 3457 638 τοῖς
3478 572 3625 627 ὀδοῦ-

395 686 611 750 habent,
641 683 840 754 quibus
882 681 1068 736 fractis
1100 679 1376 748 despectui
1418 679 1701 733 habentur.
1742 677 1952 731 Etenim

2074 690 2138 726 τιν
2166 674 2356 744 ίσχύει,
2389 671 2930 743 καὶ.συνθλωμένων,
2961 669 3402 741 εὐκαταφρόνητα
3444 667 3620 735 γίνον-

395 775 678 830 homicidae
717 789 782 829 ac
823 771 1154 842 sanguinarii
1201 770 1468 835 homines,
1494 769 1625 838 ipsis
1659 766 1956 822 carnivoris

394 865 522 921 leris
551 865 764 936 pejores
791 871 936 927 sunt,
967 869 1130 930 atque
1156 859 1344 914 iisdem
1373 852 1801 926 comparantur.]

463 1047 514 1102 9.
547 1045 758 1099 Domini
805 1054 880 1099 est
915 1043 1080 1100 salus.
1115 1041 1332 1096 Salvum
1369 1056 1454 1095 me
1484 1039 1592 1104 fac,
1620 1039 1820 1109 inquit,
1850 1037 1957 1092 Do-

395 1136 557 1192 mine.
578 1136 730 1207 Rogo
765 1144 1044 1199 autem,ut
1074 1136 1223 1190 salus
1281 1135 1429 1188 istaec
1466 1134 1519 1186 in
1553 1142 1722 1186 totum
1755 1131 1956 1186 feratur

393 1230 673 1298 populum.
720 1228 1010 1284 Sciendum
1051 1241 1212 1296 porro
1240 1235 1344 1292 est,
1381 1231 1553 1280 totum
1589 1225 1857 1294 psalmum
1889 1224 1955 1277 ad

395 1319 691 1374 humanum
734 1319 924 1374 referri
965 1335 1156 1389 genus,
1181 1319 1324 1388 quod
1363 1333 1486 1370 cum
1522 1327 1816 1386 peccasset,
1846 1325 1957 1370 tra-

385 1409 569 1474 ditum
611 1411 730 1465 ideo
764 1410 863 1464 fuit
896 1409 1268 1479 spiritualibus
1320 1407 1556 1462 inimicis
1586 1425 1598 1459 :
1636 1405 1728 1460 sed
1759 1407 1958 1461 clamat

396 1501 450 1554 in
484 1501 829 1556 tribulatione
856 1511 910 1556 et
930 1503 1216 1557 exauditur
1243 1516 1273 1554 a
1303 1499 1432 1562 Deo,
1468 1498 1802 1568 salutemque
1826 1514 1958 1553 con-

396 1600 639 1646 secutum
667 1601 767 1658 est,
799 1607 863 1647 eo
885 1593 1029 1661 quod
1055 1606 1247 1660 nempe
1277 1590 1528 1645 Christus
1557 1605 1588 1644 a
1614 1591 1845 1645 mortuis
1872 1604 1958 1644 re-

395 1685 711 1749 surrexerit,
737 1699 800 1738 ac
823 1693 1039 1739 nostros
1055 1682 1382 1751 percusserit
1399 1681 1667 1745 inimicos,
1685 1681 1958 1736 daemones

395 1774 620 1829 scilicet.
643 1772 761 1843 lpse
789 1789 1025 1842 namque
1057 1783 1140 1827 est
1162 1773 1252 1842 qui
1277 1777 1440 1825 molas
1463 1772 1668 1826 leonum
1702 1771 1955 1842 confregit

393 1863 649 1918 Dominus
674 1863 740 1919 ⁸⁸.
770 1863 944 1934 Atque
976 1864 1144 1929 illius,
1177 1865 1290 1918 sive
1320 1864 1388 1918 ab
1422 1865 1516 1918 illo
1547 1873 1628 1920 est
1650 1863 1819 1920 salus.

465 2015 703 2089 [Domini
743 2027 820 2071 est
863 2019 1028 2072 salus.
1069 2016 1186 2074 Non
1214 2028 1298 2074 est
1331 2019 1484 2085 mihi,
1519 2019 1715 2090 inquit,
1747 2034 1871 2089 spes
1900 2019 1955 2074 in

396 2109 616 2164 homine
648 2129 660 2164 :
695 2112 786 2165 sed
818 2111 913 2166 abs
963 2119 1012 2166 te
1058 2111 1287 2166 salutem
1332 2120 1620 2180 exspecto,
1650 2113 1958 2183 pariterque

397 2201 626 2271 populus
660 2211 784 2257 tuus
817 2203 909 2272 qui
937 2218 1148 2257 mecum
1173 2202 1314 2258 bello
1343 2203 1638 2272 impetitur.

613 2293 660 2346 l.
698 2291 765 2346 In
796 2295 950 2362 ﬁnem
982 2296 1036 2348 in
1064 2295 1384 2349 carminibus
1414 2293 1752 2351 PSALMUS

1023 2385 1195 2438 David
1239 2384 1264 2439 1
1281 2384 1344 2441 γ.

979 2479 1377 2547 Argumentum.

399 2563 556 2620 Hunc
583 2564 857 2621 Psalmum
890 2576 1014 2637 post
1054 2577 1383 2637 reportatam
1425 2569 1732 2632 victoriam,
1766 2568 1958 2625 victori

1067 2659 1234 2716 dicat.

471 2747 601 2820 [Pro
633 2748 748 2814 illo,
777 2750 832 2803 in
857 2751 1036 2818 ﬁnem,
1064 2752 1257 2821 Aquila
1285 2761 1340 2806 et
1367 2751 1666 2809 Theodotio
1693 2754 1959 2823 interpre-

401 2839 496 2894 tati
547 2848 707 2906 sunt,
749 2841 967 2895 uictori:
1017 2840 1380 2912 Symmachus
1429 2857 1578 2909 vero,
1633 2843 1955 2912 Epinicium,

401 2933 516 2987 sive
543 2932 780 2988 victoria:
807 2931 1075 3005 carmen.]

470 3025 524 3080 2.
554 3025 686 3079 Cum
702 3025 996 3079 invocarem
1033 3025 1234 3081 audivit
1267 3043 1347 3080 me
1390 3025 1531 3082 Deus
1551 3027 1780 3096 justitiw
1808 3044 1955 3082 mete.

405 3113 592 3170 Simile
620 3122 704 3170 est
735 3115 811 3169 illi
838 3134 851 3168 :
889 3115 958 3170 Te
986 3117 1158 3170 adhuc
1203 3115 1440 3187 loquente
1480 3119 1657 3172 dicet:
1689 3118 1820 3173 Ecce
1862 3121 1958 3172 ad-

2053 782 2163 818 ται.
2204 768 2313 819 Kal.
2339 765 2444 837 γὰρ
2479 767 2527 817 οἱ
2573 766 2750 833 φονεῖς
2787 764 2880 817 καὶ
2929 764 3243 834 αἱμοχαρεῖς
3303 758 3399 812 καὶ
3444 758 3622 810 αὐτῶν

2053 856 2160 908 τῶν
2188 857 2495 928 αἱμοϐόρων
2524 856 2724 928 θηρίων
2747 855 2960 929 χείρους
2998 856 3152 918 εἰσὶν,
3182 848 3444 924 ἢτούτοις
3477 867 3620 922 παρ-

2058 946 2343 1019 ισοῦνται.]

2132 1037 2239 1090 Τοῦ
2263 1037 2483 1104 Κιιερίου
2508 1039 2546 1106 ἡ
2574 1037 2854 1105 σωτηρία.
2895 1035 3074 1090 Σῶσόν
3105 1052 3192 1106 με,
3217 1034 3397 1106 φησὶν,
3425 1033 3618 1104 Κύριε.

2057 1126 2296 1199 Εῦχομαι
2317 1130 2373 1182 δὲ
2397 1130 2490 1182 καλ⁸
2518 1129 2675 1183 τοῦτο
2699 1133 2778 1193 είς
2804 1130 2979 1184 πάντα
2998 1127 3335 1199 ἐξενεχθῆναι
3360 1127 3449 1180 τὸν
3472 1126 3618 1178 λαόν.

2070 1220 2260 1273 ’ἰστέον
2287 1221 2364 1285 δὲ,
2399 1220 2473 1284 ὡς
2509 1221 2655 1285 ἄπας
2686 1223 2714 1274 6
2737 1220 2947 1292 ψαλμὺς
2977 1220 3250 1290 ἀναφορὰν
3278 1219 3390 1289 ἔχει
3420 1220 3498 1280 εἰς
3523 1216 3622 1286 τὴν

2061 1309 2473 1382 ἁνθρωπότητα,
2504 1311 2853 1382 ἁμαρτοῦσαν
2904 1309 3002 1381 μὲν
3053 1311 3145 1363 καὶ
3193 1311 3258 1362 δι’
3288 1309 3419 1361 αὐτὸ
3464 1307 3621 1361 τοῦτο

2057 1402 2494 1474 παραδεδομένην
2541 1406 2652 1466 τοῖς
2706 1404 2912 1473 νοητοῖς
2945 1401 3174 1473 ἐχθροῖς,
3213 1399 3418 1470 βοῶσαν
3459 1397 3513 1450 δὲ
3565 1399 3622 1450 ἐν

2059 1492 2229 1563 θλίψει
2277 1493 2371 1546 καὶ
2417 1492 2845 1546 ὲπακουσθεῖσαν
2886 1491 3036 1562 παρὰ
3063 1489 3156 1543 τοῦ
3191 1488 3344 1551 Θεοῦ,
3379 1487 3472 1541 καὶ
3519 1486 3623 1559 μὴν

2059 1583 2150 1635 καὶ
2185 1582 2443 1635 σωθεῖσαν
2470 1581 2558 1634 διὰ
2582 1582 2674 1634 τοῦ
2701 1582 2993 1651 ἀναστῆναι
3023 1578 3181 1632 αὑτὸν
3209 1581 3274 1633 ὲκ
3298 1575 3504 1646 νεκρῶν
3536 1576 3627 1645 δη·-

2056 1672 2246 1736 λονότι,
2297 1673 2390 1726 καὶ
2428 1673 2659 1740 πατάξαι
2702 1675 2828 1737 τοὺς
2859 1673 3235 1744 ἐχθραίνοντας
3263 1672 3390 1741 ἡμῖν
3435 1670 3623 1740 δαίμοι

2057 1778 2170 1824 νας.
2205 1762 2374 1825 Αὐτὸς
2422 1761 2549 1834 γὰρ,
2581 1766 2612 1817 ό
2653 1763 2758 1828 τὰς
2795 1765 2995 1831 μύλας
3027 1761 3144 1816 τῶν
3175 1762 3434 1816 λεόντων
3471 1777 3621 1812 συν-

1990 1844 2032 1901 Β
2059 1853 2290 1920 θλάσας
2332 1857 2565 1922 Κύριος.
2603 1856 2710 1909 Καὶ
2755 1855 2917 1909 αὐτοῦ
2950 1854 3170 1927 [ain-6;,
3201 1852 3420 1925 Ambr.]
3453 1855 3620 1915 ἐστιν,

2055 1945 2173 2018 ἦτοι
2201 1948 2330 2019 παρ’
2358 1947 2542 2013 αὐτοῦ,
2573 1950 2606 2020 ἡ
2635 1948 2894 2020 σωτηρία.

2129 2037 2265 2109 [Τοῦ
2312 2041 2531 2107 Κυρίου
2581 2041 2620 2107 ἡ
2671 2040 2950 2107 σωτηρία.
2994 2039 3108 2092 Οὐκ
3154 2036 3280 2108 ἔχω,
3329 2036 3510 2108 φησὶν,
3543 2037 3622 2098 εἰς

2056 2129 2338 2200 ἄνθρωπον
2369 2129 2466 2200 τὴν
2495 2129 2702 2194 ἐλπίδα,
2730 2129 2864 2182 ἀλλὰ
2892 2129 3039 2201 παρὰ
3069 2129 3159 2182 σοῦ
3205 2130 3303 2200 τὴν
3350 2126 3622 2198 σωτηρίαν

2058 2217 2368 2290 προσμένω,
2400 2220 2495 2272 καὶ
2519 2221 2547 2272 6
2575 2219 2664 2283 σὸς
2689 2219 2815 2282 λαὸς
2845 2221 2940 2272 σὺν
2973 2219 3096 2289 ἐμοὶ
3130 2217 3550 2288 πολεμούμενος.
3577 2216 3596 2289 ]

2161 2315 2265 2379 Εις
2296 2314 2362 2366 τὸ
2391 2313 2563 2380 τέλος
2599 2317 2904 2368 unum}:
2929 2312 3087 2383 ᾠδῆς
3110 2312 3188 2379 τῷ
3213 2312 3410 2367 Δαυΐδ.
3443 2315 3517 2366 A'.

2230 2416 2235 2422 '
2614 2405 2726 2477 (l5)
2744 2406 3066 2472 Ὺπόθεσις.

2058 2562 2258 2618 Τοῦτον
2311 2564 2403 2617 τὸν
2453 2563 2666 2634 ψαλμὸν
2721 2566 2857 2636 μετὰ
2919 2565 2977 2617 τὸ
3009 2566 3222 2636 νικῆσαι
3270 2566 3358 2618 τὸν
3397 2564 3628 2635 πόλεμον

2495 2654 2776 2724 ἀνατίθησι
2806 2653 2882 2723 τῷ
2913 2653 3165 2724 νικοποιῷ

2128 2744 2306 2815 [Ἁντὶ
2348 2744 2463 2811 τοῦ,
2508 2747 2596 2809 είς
2618 2745 2682 2798 τὸ
2709 2745 2902 2811 τέλος,
2939 2747 2966 2798 6
3008 2745 3234 2809 Ἀκύλας
3264 2747 3356 2800 καὶ
3394 2746 3425 2797 6
3447 2745 3628 2799 Θεοδο-

2057 2833 2206 2899 τίων,
2235 2834 2315 2901 τῷ
2361 2836 2664 2901 νικοποιῷ,
2711 2838 3096 2908 ήρμήνευσαν·
3143 2840 3171 2892 6
3212 2837 3268 2891 δὲ
3313 2837 3623 2909 Σύμμαχος,

2071 2924 2444 2998 Ἐπινίκιον.]

2143 3018 2239 3070 Ἐν
2270 3016 2349 3082 τῷ
2363 3017 2781 3074 ἐπικαλεῖσθαί
2800 3037 2877 3088 με
2900 3019 3225 3089 εἰσήκουσέ
3263 3037 3383 3089 μου
3416 3023 3449 3074 ὀ
3486 3020 3630 3084 Θεὸς

2060 3106 2171 3177 τῆς
2195 3107 2586 3177 δικαιοσύνης
2601 3127 2739 3179 μου.
2769 3111 2995 3180 Ὅμοιον
3018 3108 3113 3180 τῷ,
3148 3111 3269 3162 Ἔτι
3295 3107 3632 3173 λαλοῦντός

404 3222 519 3261 sum
541 3208 606 3259 θ’.
644 3205 710 3261 In
746 3208 1085 3261 tribulatione
1103 3179 1347 3263 dilatasti
1376 3210 1526 3264 mihi.
1560 3208 1677 3264 Non
1706 3210 1866 3264 modo
1893 3211 1962 3265 ab

2074 3215 2199 3266 σου,
2223 3200 2376 3268 ἐρεῖ*
2434 3200 2576 3254 Ἰδοὺ
2609 3179 2864 3269 πάρειμι.
2918 3203 3019 3255 Ἐν
3053 3179 3252 3269 θλίψει
3287 3199 3630 3267 ἐπλάτυνάς

407 3297 770 3353 incidentibus
802 3299 1063 3353 aerumnis
1109 3297 1373 3364 liberasti,
1406 3299 1498 3354 sed
1546 3300 1707 3354 etiam
1745 3299 1799 3352 in
1850 3315 1964 3354 ma-

407 3402 567 3456 gnam
606 3387 948 3442 latitudinem
990 3395 1044 3441 et
1090 3387 1394 3443 libertatem
1451 3389 1725 3462 posuisti.]
1757 3390 1884 3445 Siba
1911 3401 1965 3445 et

407 3475 592 3530 Berzel
619 3477 876 3532 alimenta
907 3479 1073 3532 multa
1099 3488 1152 3532 et
1175 3487 1378 3547 tapetes
1409 3478 1597 3534 Davidi
1626 3480 1960 3545 obtulerunt,

407 3567 627 3634 quando
664 3564 876 3635 fugiens
907 3565 1257 3633 Absalonem,
1292 3568 1345 3621 in
1377 3567 1604 3622 desertis
1639 3569 1772 3622 locis
1803 3577 1963 3637 atque

409 3655 463 3708 in
492 3656 768 3711 montibus
794 3657 1130 3720 versabatur,
1182 3657 1338 3727 quasi
1395 3665 1504 3712 tres
1550 3659 1702 3727 pueri
1751 3659 1806 3711 in
1853 3657 1965 3712 for-

409 3763 564 3814 nace,
603 3757 658 3803 et
687 3747 876 3802 Daniel
911 3763 1034 3802 cum
1084 3748 1354 3804 leonibus.
1385 3747 1612 3815 Quando
1662 3750 1965 3804 tribulatio-

411 3853 539 3891 num
594 3845 647 3891 et
699 3839 1057 3891 tentationum
1108 3840 1372 3893 rationem
1430 3839 1780 3909 intelligimus
1839 3850 1967 3896 tunc

410 3930 645 3984 maxime
675 3929 982 3983 dilatamur.
1011 3929 1132 3984 Alio
1177 3930 1303 3984 item
1337 3939 1492 3999 pacto
1526 3941 1704 4000 potest
1743 3931 1966 3986 latitudo

409 4019 690 4090 explicari.
713 4018 733 4090 ]
764 4018 1012 4073 Miserere
1035 4020 1154 4084 mei,
1182 4028 1230 4072 et
1251 4020 1444 4072 exaudi
1465 4021 1752 4074 orationem
1776 4037 1964 4076 meum.

411 4110 677 4178 Quoniam
713 4111 925 4165 dixerat
960 4127 1018 4166 se
1045 4122 1262 4180 propter
1297 4111 1560 4181 justitiam
1593 4129 1747 4166 suam
1797 4129 1966 4168 exau-

411 4202 608 4268 ditum,
638 4209 922 4271 propterea
958 4200 1202 4270 confugit
1231 4200 1298 4254 ad
1327 4199 1422 4255 Dei
1461 4201 1911 4256 misericordiam.

483 4380 536 4434 ὃ.
573 4376 702 4431 Filii
728 4378 1018 4440 hominum,
1051 4391 1312 4446 usquequo
1333 4375 1478 4444 gravi
1511 4376 1684 4430 corde.
1728 4376 1854 4432 Haec
1902 4377 1968 4434 iis

414 4469 557 4522 dicta
607 4477 756 4534 sunt,
789 4467 882 4536 qui
936 4466 1115 4537 magni
1162 4467 1433 4521 exercitus
1463 4480 1598 4535 ope,
1625 4467 1832 4536 justum
1866 4483 1966 4537 op-

415 4557 575 4627 primi
602 4572 762 4626 posse
788 4557 1146 4612 conlidebant.
1184 4555 1310 4609 Haec
1347 4564 1526 4609 autem
1574 4570 1721 4627 spes,
1772 4559 1966 4629 inquit,
1999 4538 2044 4596 υ

412 4656 470 4705 et
492 4663 629 4702 vana
667 4656 721 4701 et
754 4647 983 4701 mendax
1011 4659 1114 4703 est.

487 4737 541 4792 ι.
574 4733 642 4789 Ει
679 4738 861 4790 scitote
903 4739 1152 4807 quoniam
1195 4740 1496 4810 miri/iacvit
1542 4739 1797 4794 Dominus
1846 4755 1971 4792 san-

418 4840 561 4887 ctum
591 4845 764 4883 suum.
798 4828 912 4884 Hoc
957 4839 1062 4894 est,
1110 4832 1323 4898 scitote,
1373 4834 1467 4902 qui
1521 4834 1574 4888 in
1625 4834 1970 4890 multitudine

419 4921 714 4985 conﬁditis,
745 4921 889 4989 quod
921 4919 1062 4976 Deus
1103 4924 1473 4979 admirabilem
1521 4925 1822 4980 exhibuerit
1845 4941 1971 4980 eum

397 5013 513 5090 .qui
541 5011 761 5067 conlidit
797 5012 850 5065 in
880 5012 1018 5082 ipso.
1046 5012 1305 5070 Dominus
1331 5018 1575 5071 exaudiet
1605 5033 1683 5070 me
1721 5034 1837 5070 cum
1860 5017 1974 5069 cla-

417 5117 646 5157 mavero.
682 5100 917 5171 Tempus
963 5117 1062 5172 pro
1095 5111 1338 5174 tempore
1387 5107 1495 5161 alio
1537 5107 1808 5162 sumitur:
1845 5122 1970 5161 nam

417 5208 536 5264 pro,
567 5192 861 5260 exaudivit,
890 5192 1046 5258 dixit,
1079 5194 1352 5250 exaudiet.

487 5283 541 5339 5.
597 5281 902 5336 Irascimini
941 5292 991 5336 et
1039 5285 1198 5338 nolite
1237 5302 1468 5354 peccare.
1523 5286 1654 5352 Qut:
1691 5288 1870 5341 dicitis
1914 5288 1972 5341 in

420 5374 660 5429 cordibus
705 5376 889 5428 vestris
938 5375 992 5428 in
1025 5375 1284 5431 cubilibus
1325 5379 1508 5432 vestris
1547 5379 1972 5449 compungimini.

419 5460 586 5528 Quasi
619 5465 733 5519 suis
761 5466 908 5521 istaec
926 5465 1185 5537 loquitur,
1218 5477 1278 5522 ut
1299 5477 1352 5524 et
1373 5470 1624 5525 omnibus
1641 5468 1970 5524 hominibus.

489 5638 534 5670 ⁸⁷
558 5639 731 5695 Galat.
761 5659 815 5709 v,
851 5645 935 5700 19.
1011 5647 1054 5678 ⁸⁸
1091 5646 1233 5703 Psal.
1267 5663 1395 5714 Lvn,
1430 5649 1482 5702 7.
1563 5649 1604 5682 ⁸³
1644 5647 1744 5706 lsa.
1778 5662 1928 5716 Lvttt,
1967 5649 2017 5705 9.

490 5732 601 5803 (l5)
633 5734 1020 5804 Argumentum
1058 5741 1248 5797 incerti
1283 5741 1540 5797 auctoris.

2058 3309 2180 3361 μοι.
2233 3291 2308 3344 Οὐ
2345 3291 2523 3361 μόνον,
2575 3291 2729 3362 φησὶ,
2775 3291 2884 3343 τῶν
2917 3290 3286 3364 περιστάσεων
3339 3289 3628 3361 ἐξήγαγες,

2063 3381 2197 3436 ἀλλὰ
2213 3382 2306 3436 καὶ
2326 3383 2405 3446 είς
2422 3381 2756 3453 εὐρυχωρίαν
2773 3381 2972 3452 πολλὴν
2991 3383 3180 3452 στῆναι
3196 3380 3629 3453 παρεσκεύασας.

2067 3473 2261 3544 [Σιϐὰς
2284 3475 2376 3547 καὶ¹
2399 3474 2599 3545 Βερζὲλ
2627 3474 2831 3546 τροφὰς
2856 3473 3053 3536 πολλὰς
3079 3472 3173 3526 καὶ
3195 3472 3442 3543 τάπητας
3464 3487 3635 3541 προσ-

2065 3565 2269 3635 ήγαγον
2297 3566 2375 3636 τῷ
2407 3565 2589 3630 Δαυῖδ,
2617 3569 2704 3620 ὅτε
2731 3567 2816 3638 δὴ,
2849 3563 3032 3634 φυγὼν
3064 3567 3155 3618 τὸν
3169 3561 3631 3634 Ἀϐεσσαλὼμ,δι-

2066 3655 2275 3726 ἐτριϐεν
2299 3658 2356 3709 ὲν
2380 3659 2490 3720 τοῖς
2516 3658 2743 3728 ἐρήμοις
2761 3655 2852 3708 καὶ
2873 3657 2930 3708 ἐν
2946 3657 3055 3718 τοῖς
3076 3656 3276 3726 ὄρεσιν,
3299 3654 3484 3726 ὥσπερ
3507 3653 3633 3716 τοὺς

2064 3750 2212 3817 τρεῖς
2244 3747 2440 3811 παῖδας
2467 3751 2525 3801 ἐν
2554 3750 2618 3818 τῇ
2655 3746 2888 3817 καμίνῳ,
2918 3747 3011 3799 καὶ
3030 3746 3226 3816 Δανιὴλ
3253 3747 3310 3798 ἐν
3334 3747 3448 3807 τοῖς
3482 3745 3635 3796 λέου-

2067 3853 2170 3888 σιν.
2200 3837 2367 3890 Ὅταν
2398 3837 2628 3907 θλίψεων
2659 3839 2753 3891 καὶ
2773 3839 2880 3892 τῶν
2921 3836 3243 3908 πειρασμῶν
3279 3837 3405 3898 τοὺς
3440 3834 3633 3904 λόγους

2066 3927 2530 4000 ἐπιγινώσκωμεν,
2552 3929 2670 3981 τότε
2708 3929 2935 3998 μάλιστα
2965 3925 3357 3998 πλατυνόμεθα.
3399 3926 3551 3978 Ἔστι
3576 3924 3635 3976 δὲ

2066 4020 2158 4071 καὶ
2185 4018 2385 4089 ἑτέρως
2441 4020 2782 4090 εὐρυχωρίαν
2831 4017 3051 4090 είπεῖν.]
3104 4016 3490 4082 Οίκτείρησόν
3533 4030 3630 4082 με,

2067 4111 2166 4164 καὶ
2199 4109 2569 4164 εἰσάκουσον
2605 4109 2711 4178 τῆς
2740 4109 3085 4180 προσευχῆς
3105 4125 3242 4177 μου.
3291 4104 3503 4176 Ἐπειδὴ
3544 4105 3633 4170 ἔξω

2067 4199 2328 4273 ηκούσθη,
2351 4200 2454 4272 ἔφη
2473 4243 2487 4265 ,
2516 4203 2581 4255 ὲκ
2608 4203 2708 4272 τῆς
2737 4201 3078 4272 δικαιοσύνης
3116 4197 3301 4262 αὐτοῦ,
3323 4195 3513 4250 τούτου
3537 4197 3637 4266 χὰ-

2070 4310 2154 4368 ριν
2179 4295 2270 4346 ἐπὶ
2299 4294 2423 4356 τοὺς
2449 4296 2765 4366 οίκτιρμοὺς
2793 4293 3074 4366 ἀνατρέχει
3098 4290 3190 4344 τοῦ
3220 4288 3373 4343 Θεοῦ.

2145 4382 2264 4436 Υἱοὶ
2294 4382 2636 4452 ἀνθρώπων,
2673 4385 2783 4450 ἕως
2805 4387 2948 4438 πότε
2993 4379 3402 4451 βαρυκάρδιοι.
3448 4379 3634 4432 Ταῦτα

2068 4473 2142 4534 ὡς
2175 4472 2323 4544 πρὸς¹
2344 4471 2471 4534 τοὺς
2510 4474 2905 4536 πιστεύσαντας
2931 4472 3006 4543 τῷ
3035 4469 3225 4542 πλήθει
3265 4468 3357 4521 τοῦ
3405 4467 3632 4539 στρατοῦ

2074 4564 2212 4618 ἑλεῖν
2241 4564 2333 4617 τὸν
2346 4563 2576 4622 δίκαιον.
2604 4566 2749 4636 Αὕτη
2778 4565 2887 4636 δὲή
2919 4565 3092 4626 ἐλπὶς,
3122 4560 3277 4632 φησὶ,
3309 4559 3509 4630 ματαία
3539 4559 3635 4614 καὶ

2073 4654 2275 4726 ψευδής
2300 4658 2467 4710 ἐστιν.

2143 4748 2251 4801 Καὶ
2289 4745 2497 4815 γνῶτε,
2529 4745 2618 4798 ὅτι
2643 4742 3070 4812 ἐθαυμάστωσε
3095 4743 3308 4811 Κύριος
3326 4741 3432 4795 τὸν
3461 4740 3637 4794 ὅσιον

2075 4835 2280 4890 αὐτοῦ.
2323 4836 2468 4889 Ἀντὶ
2497 4833 2592 4888 τοῦ
2618 4873 2632 4895 ,
2666 4833 2844 4884 Γνῶτε
2883 4831 3165 4901 τοιγαροῦν
3187 4871 3202 4896 ,
3237 4834 3286 4884 oi
3320 4830 3635 4896 πεποιθότες

2074 4927 2167 4978 ἐπὶ
2212 4925 2422 4996 πλήθει,
2453 4923 2528 4987 ὡς
2571 4923 2882 4993 θαυμαστὸν
2933 4921 3180 4988 ἀπέδειξε
3211 4921 3301 4973 τὸν
3341 4918 3634 4973 πεποιθότα

2074 5020 2158 5070 ἐπ’
2189 5016 2355 5087 αὐτῷ.
2388 5017 2603 5084 Κύριος
2639 5014 3060 5068 είσακούσεταί
3076 5031 3194 5081 μου
3220 5013 3289 5066 ἐν
3312 5010 3392 5077 τῷ
3423 5027 3635 5078 accupa-

2075 5109 2237 5178 τέναι
2261 5125 2357 5178 με.
2387 5108 2590 5178 Χρόνος
2636 5107 2757 5159 ἀντὶ
2803 5107 2993 5176 χρόνου
3025 5103 3310 5174 εἴληπται·
3366 5103 3486 5157 ἀντὶ
3515 5103 3630 5168 τοῦ,

2075 5201 2378 5269 είσήκουσε,
2404 5199 2512 5269 γὰρ
2537 5198 2641 5267 ἔφη
2669 5198 2748 5260 τὸ,
2779 5195 3173 5260 είσακούσεται,
3207 5197 3357 5267 ῥῆμα

2153 5289 2479 5362 Ὀργίζεσθε
2508 5289 2604 5343 καὶ
2645 5289 2730 5357 μὴ
2776 5285 3154 5357 ἁμαρτάνετε.
3201 5289 3268 5342 Ἀ
3315 5287 3518 5357 λέγετε
3563 5285 3635 5338 ἐν

2071 5385 2200 5449 ταῖς
2229 5382 2498 5450 καρδίαις
2528 5379 2714 5449 ὑμῶν,
2739 5379 2836 5432 ἐπὶ
2865 5377 2995 5445 ταῖς
3026 5379 3250 5445 κοίταις
3272 5376 3438 5446 ὑμῶν
3462 5392 3635 5430 κατα-

2071 5475 2312 5544 νύγητε.
2355 5473 2440 5535 Ὠς
2470 5471 2604 5542 πρὸς
2634 5470 2759 5532 τοὺς
2805 5469 2965 5533 ἰδίους
3011 5468 3172 5522 αὐτοῦ
3216 5467 3388 5521 ταῦτά
3430 5482 3630 5538 φησιν,
