3944 6220
291 268 360 324 75
1433 271 1797 327 EXPOSlTlO
1835 271 1899 326 ιΝ
1939 270 2265 327 PSALMUM
2309 272 2371 329 ν.
3452 277 3522 334 τι

292 384 368 448 ὡς
399 379 535 456 τ’ρός
576 383 785 450 πάντας
823 386 1155 459 ἀνθρώπους.
1202 389 1264 442 Εἰ
1295 390 1387 443 καὶ
1412 389 1656 460 δέξησθε,
1702 389 1849 461 φησὶ,

1972 387 2210 455 Etiamsi,
2244 387 2438 455 inquit,
2457 387 2589 442 iram
2617 388 2935 451 admittatis,
2961 388 3052 444 sed
3086 404 3153 445 ne
3181 387 3374 446 sinatis
3398 406 3519 447 eam

290 473 384 546 τὴν
423 474 611 546 ὀργὴν,
641 477 754 531 ἀλλ’
786 478 1060 551 ἄπρακτοι
1112 482 1428 552 ἀπεφήνατε
1455 484 1518 553 τῇ
1560 483 1618 534 ὲν
1652 480 1852 553 ἡσυχίᾳ

288 569 583 638 κατανυγῇ.
641 566 812 621 Τοῦτο
867 570 975 642 γάρ
1019 572 1133 622 ἐστι
1178 571 1259 634 τὸ,
1307 572 1409 625 Ἑν
1456 570 1583 635 ταῖς
1628 571 1850 635 κοίταις

284 655 450 726 ὑμῶν
476 659 867 728 κατανύγητε.

1962 479 2013 532 in
2036 488 2214 533 aetum
2238 494 2608 550 prorumpere,
2646 479 2697 533 in
2730 481 2913 549 quiete
2940 482 3373 552 compunctionis
3401 497 3520 536 eam

1957 572 2317 627 continentes.
2350 573 2482 627 Illud
2518 573 2661 627 enim
2692 584 2774 628 est
2820 575 2964 644 quod
3013 575 3245 628 dicitur:
3288 573 3351 628 In
3377 572 3525 628 cubi-

1952 663 2090 718 libus
2124 665 2307 718 vestris
2337 668 2765 736 compungimini.

360 748 549 802 Daniel
589 748 894 804 Barbarus:
926 749 1056 817 Qua:
1097 751 1273 803 dicitis
1312 750 1365 803 in
1411 749 1652 804 cordibus
1702 752 1902 804 vestris.
1945 749 2191 808 lnteruas
2217 756 2573 825 cogitationes
2596 765 2803 814 vestras
2841 760 2893 811 in
2925 768 3080 811 nocte
3107 759 3519 816 condemnetis:

282 851 369 897 est
402 844 544 895 enim
577 845 922 914 compunctio
959 860 1153 900 sensus
1180 846 1397 914 quidam
1428 855 1684 914 tanquam
1721 845 1914 899 animus
1947 845 2224 915 stimulus,
2272 858 2326 903 et
2352 849 2574 904 aculeus
2602 870 2614 903 :
2651 850 2704 903 in
2742 860 2898 905 nocte
2929 862 3104 906 autem
3140 854 3367 909 consilia
3393 871 3524 925 pur-

285 939 493 1010 galiora
522 947 669 993 sunt.

355 1034 589 1088 Θὺσατε
618 1035 841 1090 θυσίαν
867 1035 1277 1104 δικαιοσύνης,
1310 1035 1407 1090 καί
1431 1037 1718 1090 ἐλπίσατε
1748 1036 1846 1090 ἐπὶ

282 1125 516 1193 Κύριον.
584 1125 832 1180 Διδάσκει
873 1127 990 1191 πῶς
1040 1128 1405 1199 περιεσόμεθα
1455 1127 1562 1181 τῶν
1615 1127 1843 1199 ἐχθρῶν.

280 1216 405 1280 Πῶς
431 1216 490 1269 δὲ
524 1218 919 1289 περιεσόμεθα;
954 1220 1001 1272 εἰ
1021 1219 1548 1290 δικαιοπράττοντες,
1576 1220 1667 1272 καὶ
1692 1219 1848 1273 τοῦτο

279 1307 465 1380 ὥσπερ
494 1308 681 1362 θυσίαν
704 1310 1114 1382 ἀναπέμποντες
1136 1311 1210 1382 τῷ
1226 1310 1363 1382 Θεῷ.
1388 1311 1606 1364 Πολλοὶ
1640 1309 1847 1378 λέγου-

280 1415 372 1454 σι’
404 1401 501 1465 Τίς
524 1399 708 1464 δείξει
738 1400 882 1470 ἡμῖν
908 1402 977 1456 τὰ
994 1402 1184 1472 ἀγαθά
1200 1419 1219 1465 ;
1248 1400 1431 1455 Ταῦτα
1460 1400 1567 1453 τῶν
1602 1402 1731 1471 περὶ
1754 1400 1849 1463 τὰς

278 1490 573 1563 διοικήσεις
602 1492 697 1545 τοῦ
726 1492 858 1546 Θεοῦ
885 1492 1287 1567 ὀλιγωρούντων
1325 1493 1391 1546 τὰ
1420 1494 1660 1564 ῥήματα.

366 1582 718 1653 Ἐσημειὼθη
772 1584 864 1653 ἐφ’
899 1585 1056 1654 ἡμᾶς
1100 1586 1164 1639 τὸ
1210 1586 1335 1654 φῶς
1386 1586 1490 1640 τοῦ
1529 1584 1850 1653 προσώπου

286 1689 420 1738 σου,
452 1677 645 1745 Κύριε.
698 1677 771 1730 T6
805 1677 918 1746 φῶς
954 1678 1047 1731 τοῦ
1085 1678 1289 1749 κόσμου
1317 1678 1345 1730 6
1377 1679 1609 1751 Χριστός
1637 1681 1774 1739 ἐστι,
1823 1678 1853 1729 6

2021 1035 2073 1091 6.
2128 1032 2437 1105 Sacriﬁcate
2478 1036 2799 1104 sacriﬁcium
2838 1036 3087 1105 justitiaa,
3118 1048 3167 1090 et
3213 1047 3419 1107 sperate
3460 1039 3518 1092 in

1954 1127 2199 1181 Domino.
2251 1127 2417 1182 Docet
2445 1144 2554 1199 quo
2609 1140 2765 1197 pacto
2815 1143 3072 1199 superare
3121 1131 3303 1186 hostes
3332 1132 3513 1187 valea-

1956 1234 2077 1275 mus
2117 1219 2238 1286 Quo
2260 1230 2420 1290 pacto
2452 1222 2871 1291 superabimus?
2898 1222 3065 1292 proba
3088 1222 3309 1277 edentes
3333 1238 3521 1293 opera,

1954 1328 2075 1381 quae.
2103 1313 2258 1382 quasi
2292 1313 2619 1369 sacriﬁcium
2648 1314 2941 1373 offeramus
2962 1316 3088 1368 Deo.
3113 1315 3272 1369 Multi
3300 1316 3520 1371 dicunt:

1957 1403 2087 1470 Quis
2122 1405 2347 1459 ostendit
2393 1407 2539 1460 nobis
2581 1408 2763 1459 bona?
2805 1405 2930 1462 Haec
2976 1416 3103 1462 sunt
3139 1424 3327 1461 eorum
3358 1409 3521 1463 verba

1966 1497 2057 1569 qui
2091 1498 2389 1551 ministeria
2425 1497 2590 1551 Deum
2623 1499 2917 1569 spectantia
2948 1498 3242 1569 negligunt.

2032 1588 2082 1643 7.
2111 1588 2385 1659 Signatum
2422 1599 2496 1643 est
2525 1605 2678 1657 super
2721 1608 2811 1645 nos
2851 1592 3023 1645 lumen
3053 1592 3225 1647 vultus
3277 1592 3373 1660 tui,
3406 1591 3520 1647 Do-

1958 1678 2117 1733 mine.
2164 1677 2368 1733 Lumen
2424 1679 2611 1733 mundi
2641 1679 2895 1735 Christus
2921 1688 3023 1742 est,
3055 1679 3147 1748 qui
3185 1695 3309 1734 vera
3360 1679 3520 1736 nobis

284 1767 375 1821 καὶ
412 1766 626 1833 διδάξας
663 1768 810 1839 ἡμᾶς
854 1769 921 1821 τὰ
946 1769 1113 1834 ὅντως
1162 1770 1359 1838 ἀγαθὰ,
1409 1770 1475 1823 δι’
1529 1768 1563 1823 ἃ
1614 1769 1708 1823 καὶ
1758 1767 1849 1839 τὴν

1972 1788 2100 1827 Jona
2131 1773 2390 1837 ostendit,
2422 1788 2517 1843 per
2540 1789 2661 1842 quae
2690 1774 3021 1842 spiritualem
3054 1774 3293 1829 laetitiam
3324 1774 3520 1830 habui-

280 1861 473 1933 νοητὴν
505 1863 843 1934 εὐφροσύνην
867 1865 1180 1935 ἐσχήκαμεν
1205 1864 1301 1935 τὴν
1337 1866 1416 1928 εἰς
1449 1863 1573 1917 νοῦν
1604 1866 1697 1917 καὶ
1730 1880 1849 1935 καρ

1972 1878 2082 1917 mus
2112 1863 2165 1916 in
2198 1872 2377 1917 mente
2404 1872 2456 1916 et
2484 1863 2536 1916 in
2562 1865 2744 1919 corde.

279 1952 397 2006 δίαν
431 1953 566 2024 (ιϐ).

856 2051 1153 2102 ΨΑΛΜΟΣ
1192 2052 1251 2101 E'
1261 2090 1271 2099 .

906 2139 1223 2203 Ὑπὸθεσις.

279 2227 707 2300 Κληρονομοῦσά
744 2232 943 2301 ἐστινὴ
971 2230 1221 2299 θεοφιλὴς
1277 2232 1445 2302 ψυχὴ,
1503 2230 1620 2302 ἦτοι
1669 2233 1703 2301 ἡ
1737 2231 1857 2285 Ἐκο

366 2320 587 2392 κλησία.
642 2320 707 2373 Τί
738 2320 796 2375 δέ
821 2324 967 2375 ἐστιν
1001 2320 1036 2376 ἀ
1059 2322 1419 2394 κληρονομεῖς
1466 2323 1523 2375 "A
1551 2321 1857 2391 ὀφθαλμὸς

355 2414 471 2467 οὐκ
498 2409 769 2479 εἷδε,-καὶ
796 2410 906 2480 οὖς
934 2415 1045 2468 οὐκ
1082 2412 1332 2482 ἤκουσε,
1360 2414 1456 2468 καὶ
1478 2414 1575 2467 ἐπὶ
1604 2412 1856 2481 καρδίαν

364 2504 680 2574 ἀνθρώπου
708 2508 819 2561 οὐκ
840 2507 1044 2575 ἀνέϐη.
1077 2505 1307 2577 Εὕχεται
1333 2505 1390 2559 δὲ
1416 2505 1508 2559 καί
1529 2523 1581 2558 τι
1599 2503 1664 2558 ἂν
1680 2520 1857 2557 ποιου-

356 2595 491 2668 μένη
509 2596 947 2667 είσακουσθῆναι,
967 2598 1167 2668 ἑαυτῆς
1187 2598 1246 2651 τό
1264 2615 1323 2651 τε
1346 2596 1499 2660 εύθὲς
1514 2594 1851 2669 παριστῶσα,

353 2686 576 2741 καὶτῶν
604 2688 789 2742 αἰτίων
820 2688 1181 2743 διαϐάλλουσα
1203 2689 1298 2760 τὴν
1339 2687 1623 2759 πονηρίαν.

353 2779 502 2854 [Ὅτι
516 2783 667 2851 πρὸς
687 2783 763 2837 σὲ
788 2783 1213 2852 προσεύξομαι.
1249 2783 1336 2837 Ἐν
1361 2781 1675 2846 ἀπολαύσει,
1698 2780 1852 2851 φησὶ,

285 2872 381 2927 τοῦ
417 2874 605 2945 νοητοῦ
656 2875 921 2947 γενομένη
955 2874 1149 2944 φωτὸς,
1206 2873 1572 2945 προσεύξομαί
1617 2888 1734 2927 σοι’
1775 2871 1854 2925 διὸ

291 2965 383 3019 καὶ
414 2966 827 3039 είσακουσθῆναι
868 2964 1153 3038 πιστεύω.]

362 3059 437 3113 Τὰ
451 3059 689 3128 ῥήματά
704 3077 823 3129 μου
847 3057 1140 3115 ἐνώτισαι.

2523 2044 2867 2100 PSALMUS
2904 2045 2965 2101 V.

2534 2140 2934 2209 Argumentum.

1956 2228 2089 2302 Quae
2115 2230 2485 2287 haereditatem
2516 2232 2734 2302 accipit,
2764 2241 2848 2287 est
2876 2232 3059 2287 anima
3090 2232 3365 2304 religiosa,
3407 2233 3522 2287 sive

2029 2322 2292 2379 Ecclesia.
2327 2323 2467 2391 Quid
2497 2335 2580 2380 est
2605 2325 2750 2395 quod
2780 2325 3094 2382 inmeditate
3123 2325 3362 2396 accipit?
3391 2324 3526 2391 Qua

2029 2415 2211 2469 oculus
2245 2413 2532 2482 non’vidit,
2588 2432 2679 2470 nec
2731 2418 2880 2470 auris
2928 2417 3150 2479 audivit,
3205 2433 3298 2471 nec
3324 2416 3377 2470 in
3431 2433 3522 2471 cor

2032 2506 2263 2562 hominis
2304 2507 2740 2564 ascenderunt".
2775 2507 3037 2564 Precatur
3085 2517 3283 2571 autem,
3336 2517 3518 2579 atque,

2028 2607 2089 2653 ut
2119 2597 2463 2664 exaudiatur,
2494 2606 2699 2653 rectum
2747 2599 2830 2652 sui
2876 2597 3214 2668 propositum
3260 2597 3517 2665 declarat,

2030 2700 2085 2749 et
2116 2692 2551 2748 adversariorum
2588 2691 2904 2760 nequitiam.

2030 2782 2339 2856 [Quoniam
2390 2783 2460 2837 ad
2494 2793 2544 2837 te
2590 2782 2771 2836 orabo.
2808 2782 3158 2853 lntelligibili,
3196 2783 3393 2853 inquit,
3434 2784 3521 2840 lu-

1954 2876 2101 2932 mine
2127 2875 2389 2947 gaudens,
2426 2875 2492 2930 ad
2534 2884 2586 2928 te
2620 2874 2810 2937 orabo,
2862 2891 2926 2930 ac
2962 2890 3048 2930 me
3090 2875 3405 2930 exauditum
3450 2874 3518 2930 iri

1954 2965 2189 3033 conﬁdo.
2214 2964 2235 3037 ]

2032 3056 2205 3112 Verba
2227 3073 2343 3111 mea
2372 3056 2591 3111 auribus
2613 3058 2837 3126 percipe,
2868 3053 3108 3109 Domine.

359 3150 431 3204 Τὸ
451 3120 612 3218 ..πρωϊ
629 3120 1090 3218 παραστήσομαι
1113 3164 1231 3205 σοι.
1258 3148 1414 3216 Μέγα
1430 3147 1666 3217 ἀγωνίας
1684 3144 1849 3219 [μέγα

2026 3150 2080 3205 5.
2116 3148 2273 3203 Mane
2294 3147 2480 3202 astabo
2514 3120 2629 3202 tibi.
2683 3120 2873 3217 Magna
2915 3146 3083 3202 studii
3113 3154 3167 3201 et
3213 3147 3518 3202 contentio-

283 3242 362 3304 εἰς
392 3241 613 3310 ἁγνείας
638 3239 847 3313 Ambr.]
872 3240 1131 3313 καύχημα
1160 3241 1220 3294 τὸ
1257 3242 1320 3294 ὲκ
1343 3240 1445 3310 τῆς
1469 3238 1653 3309 κοίτης
1681 3238 1851 3307 αὐτῆς

282 3331 649 3402 παρίστασθαι
688 3331 768 3404 τῷ
799 3332 917 3404 Θεῷ
946 3335 1039 3386 καὶ
1067 3332 1288 3401 φθάνειν
1316 3335 1373 3385 ὲν
1408 3330 1728 3402 εὐχαριστίᾳ
1759 3330 1850 3383 τὸν

280 3424 449 3495 ἥλιον.
484 3424 640 3479 Οὕτω
668 3426 799 3497 γὰρ,
834 3428 1019 3496 φησὶν,
1049 3424 1320 3495 ἐπόψομαι
1350 3423 1419 3478 τά
1445 3424 1563 3477 θεῖα
1600 3424 1692 3477 καὶ
1721 3423 1852 3493 ἅγιά

284 3532 376 3570 σου
425 3519 700 3589 μυστήρια
749 3517 786 3573 ἃ
823 3518 1123 3589 ἡτοίμασας
1173 3519 1285 3580 τοῖς
1330 3515 1582 3585 ἀγαπῶσί
1616 3532 1695 3569 σε.
1732 3516 1852 3569 Ὀτι

279 3609 417 3676 οὐχὶ
448 3608 592 3675 Θεὸς
613 3608 802 3663 θέλων
826 3611 1082 3677 ἀνομίαν
1101 3608 1182 3663 σὺ
1207 3605 1279 3663 εἷ.
1318 3607 1418 3661 Διά
1448 3606 1627 3670 τοῦτο,
1664 3608 1848 3679 φησὶν,

278 3699 796 3770 εἰσακουσθήσεσθαι
830 3699 1036 3772 θαρρῶ,
1069 3700 1149 3752 ὅτι
1178 3697 1285 3751 τῶν
1318 3697 1572 3751 τοιούτων
1598 3699 1699 3751 οὐκ
1726 3699 1850 3751 ὲπι-

279 3789 513 3862 τήδευσα
532 3791 684 3844 οὐδὲν
713 3784 787 3844 ὧν
812 3792 1143 3861 μεμίσηκας.
1166 3789 1351 3844 Ταῦτα
1371 3789 1428 3843 δέ.
1455 3791 1601 3842 ἐστιν
1629 3790 1847 3861 ἀνομία,

279 3881 376 3935 καί
403 3881 653 3953 πονηρία,
677 3882 771 3936 καὶ
795 3882 1125 3954 παρανομία,
1157 3882 1250 3934 καὶ
1278 3881 1490 3951 ψεῦδος,
1508 3883 1600 3934 καὶ
1636 3880 1847 3949 φθόνος,

281 3972 380 4026 καὶ
402 3971 569 4036 δόλος.

364 4064 691 4133 Ἐ’μίσησας
722 4063 951 4129 πάντας
974 4063 1113 4129 τοὺς
1138 4062 1561 4133 ἐργπζομένους
1582 4063 1696 4132 τὴν
1712 4066 1850 4119 ἀνο⁴

275 4155 443 4225 μίαν,
472 4155 719 4220 ἀπολεῖς
739 4152 968 4220 πάντας
990 4154 1127 4219 τοὺς
1152 4154 1495 4219 λαλοῦντας
1515 4154 1579 4207 τὸ
1602 4154 1845 4222 ψεῦδος.

282 4245 422 4310 Τοὺς
461 4246 561 4316 μὲν
581 4248 638 4299 ὲν
658 4248 723 4317 τῇ
752 4245 997 4317 πολιτεία
1020 4245 1310 4309 πταίοντας
1332 4247 1734 4317 ἐργαζομένους
1752 4245 1849 4317 τὴν

279 4336 513 4406 ἀνομίαν
544 4336 853 4407 ὠνόμασεν·
885 4336 1105 4401 τούτους
1136 4336 1194 4389 δὲ
1220 4339 1369 4407 μισεῖ
1392 4337 1420 4389 6
1452 4337 1584 4400 Θεός
1606 4352 1620 4367 °
1645 4338 1772 4399 τοὺς
1792 4336 1849 4390 δὲ

282 4427 657 4518 ἀποπεσόντας
710 4429 809 4500 τῆς
871 4430 1127 4500 ἀληθείας
1166 4427 1504 4500 ἑτεροδόξους
1555 4428 1845 4493 λαλοῦντας
1876 4462 1921 4518 D

278 4516 476 4587 ψεῦδος
506 4514 679 4583 εἶπεν,
717 4519 810 4584 οὒς
846 4519 1038 4575 ἀπολεῖ
1062 4521 1089 4574 ό
1118 4519 1267 4584 Θεός.
1305 4520 1414 4574 Καὶ
1462 4521 1615 4591 τήρει
1656 4520 1844 4590 διαφο-

286 4610 386 4681 ρὰν
412 4609 528 4674 τοῦ,
564 4612 881 4680 ἐμίσησας,
913 4613 1027 4676 καὶ,
1078 4612 1348 4678 ἀπολεῖς.
1384 4610 1605 4684 Πρῶτον
1657 4612 1756 4681 μὲν
1799 4613 1849 4665 εί

282 4703 463 4771 χεῖρον
489 4701 572 4767 τὸ,
596 4702 863 4768 ἀπολεῖς,
893 4701 1005 4764 τοῦ,
1035 4703 1334 4771 ἐμίσησας
1358 4718 1371 4732 '
1416 4700 1662 4773 δεύτερον
1677 4702 1733 4755 δὲ
1760 4702 1849 4755 διὰ

281 4791 337 4843 τί
354 4791 415 4845 τὸ
449 4792 550 4863 μὲν
573 4795 651 4856 είς
686 4793 1093 4866 παρεληλυθότα
1123 4794 1297 4847 ἔκλινε
1327 4794 1536 4867 χρόνον,
1574 4797 1635 4848 τὸ
1670 4797 1726 4849 δὲ
1769 4799 1850 4861 είς

287 4880 566 4950 μέλλοντα.

357 4970 704 5043 [Λαλοῦντας
734 4970 944 5041 ψεῦδος,
977 4972 1071 5025 καὶ
1096 4972 1220 5035 τοὺς
1248 4971 1317 5026 τὰ
1349 4973 1540 5027 εἴδωλα
1583 4974 1838 5044 λέγοντας

283 5061 471 5127 θεοὺς,
499 5063 593 5117 καὶ
628 5064 825 5127 αὐτοὺς
844 5065 968 5128 τοὺς
991 5062 1270 5133 δαίμονας,
1307 5064 1432 5126 τοὺς
1458 5066 1514 5117 ἐν
1544 5067 1656 5129 τοῖς
1700 5064 1849 5117 εἰδώ-

283 5156 399 5219 λοις
438 5155 686 5224 λέγοντας
730 5156 920 5224 λόγους
960 5154 1173 5226 ψευδεῖς
1220 5158 1312 5210 καὶ
1362 5156 1547 5224 λοξοὺς
1589 5160 1683 5211 καὶ
1712 5176 1848 5230 χρη-

286 5243 505 5317 σμούς.]

362 5335 573 5405 Ἄνδρα
616 5338 878 5407 αἱμάτων
907 5339 1005 5392 καὶ
1049 5338 1271 5394 δόλιον
1290 5338 1703 5405 ,ϐδελύσσεται
1732 5337 1849 5390 Κύ-

277 5445 430 5499 ριος.
457 5430 622 5485 Mm!
645 5429 756 5502 γάρ
793 5431 882 5484 τὸν
908 5431 1143 5485 τοιοῦτον
1170 5432 1200 5484 6
1228 5430 1360 5495 Θεὸς
1388 5431 1480 5484 καὶ
1511 5428 1848 5498 ἀποστρέφε-

359 5542 446 5596 "l
477 5543 605 5600 Cor.
640 5560 705 5612 ιι,
735 5544 791 5599 9.

1954 3243 2041 3298 nis
2090 3242 2281 3313 gloria,
2334 3256 2401 3297 ex
2440 3240 2559 3311 ipso
2608 3240 2777 3296 cubili
2828 3238 2939 3294 Deo
2992 3254 3053 3295 se
3099 3238 3311 3307 sistere,
3368 3240 3518 3296 acin

1955 3335 2251 3406 gratiarum
2275 3334 2493 3388 actione
2522 3332 2691 3387 solem
2736 3340 3076 3401 praevertere.
3112 3330 3204 3386 Sic
3229 3331 3398 3395 enim,
3432 3331 3518 3385 in-

1953 3426 2092 3498 quit,
2143 3425 2340 3480 videbo
2372 3424 2558 3480 divina
2595 3431 2649 3479 et
2691 3431 2878 3479 sancta
2930 3430 3022 3477 tua
3068 3421 3348 3493 mysteria,
3394 3437 3517 3492 quae

1953 3515 2267 3589 praeparasti
2312 3514 2661 3587 diligentibus
2705 3526 2773 3570 te.
2832 3514 2972 3580 Quia
3011 3530 3114 3568 non
3152 3509 3301 3567 Deus’
3342 3512 3516 3568 volens

1951 3611 2281 3678 iniquitatem
2308 3618 2365 3663 tu
2393 3624 2467 3665 es.
2503 3606 2817 3679 Propterea,
2855 3607 3051 3678 inquit,
3084 3622 3170 3662 me
3215 3606 3516 3662 exaudien—

1952 3703 2081 3759 dum
2111 3716 2234 3758 esse
2260 3702 2498 3761 conﬁdo,
2532 3701 2659 3770 quia
2698 3700 3007 3770 bujusmodi
3041 3714 3248 3764 rerum,
3289 3714 3427 3768 quas
3457 3708 3515 3753 tu

1950 3793 2154 3859 oderis,
2190 3794 2395 3848 nullam
2431 3791 2598 3847 habui
2630 3806 2844 3846 curam.
2879 3788 3006 3845 Haec
3033 3805 3201 3859 porro
3244 3799 3374 3845 sunt
3412 3790 3516 3845 im-

1951 3885 2217 3957 probitas,
2257 3885 2541 3954 iniquitas,
2573 3882 2942 3949 mendacium,
2972 3881 3194 3949 invidia,
3224 3882 3404 3936 dolus.

2024 4058 2075 4112 7.
2110 4056 2287 4112 Odisti
2307 4071 2483 4111 omnes
2512 4055 2603 4125 qui
2627 4062 2911 4123 operantur
2940 4055 3295 4125 iniquitatem,
3327 4056 3510 4124 perdes

1949 4165 2126 4203 omnes
2160 4147 2251 4218 qui
2282 4146 2573 4217 loquuntur
2600 4144 2948 4199 mendacium.
2988 4143 3096 4199 Eos
3124 4145 3215 4214 qui
3266 4145 3318 4199 in
3352 4144 3513 4198 insti-

1949 4250 2067 4296 tuto
2099 4239 2223 4293 vitae
2252 4253 2364 4293 sum
2392 4237 2671 4303 labuntur,
2702 4235 2915 4290 vocavit
2940 4244 3228 4305 operantes
3256 4235 3513 4305 iniquita-

1948 4340 2077 4388 tem.
2109 4328 2220 4384 Hos
2261 4343 2390 4384 vero
2422 4326 2549 4381 odio
2598 4325 2761 4380 habet
2794 4324 2956 4380 Deus.
3008 4323 3377 4381 Heterodoxos
3405 4341 3510 4380 au-

1950 4430 2080 4482 tem.
2121 4420 2212 4491 qui
2248 4434 2279 4473 a
2315 4419 2542 4473 veritate
2582 4416 2923 4482 exciderunt,
2970 4417 3250 4485 loquentes
3283 4416 3508 4471 menda-

1948 4513 2095 4570 cium
2133 4518 2312 4573 vocat,
2362 4523 2502 4580 quos
2533 4507 2848 4578 perditurus
2880 4515 2963 4561 est
3012 4505 3173 4563 Deus.
3206 4505 3381 4577 Atque
3411 4509 3509 4563 ob-

1950 4616 2136 4659 serves
2164 4601 2325 4654 velim
2354 4597 2649 4653 discrimen
2676 4595 2816 4650 inter
2846 4595 3012 4650 illud:
3045 4595 3241 4663 Odisti,
3273 4604 3327 4651 et
3346 4596 3508 4653 illud:

1951 4695 2155 4766 perdes.
2187 4690 2253 4745 Et
2283 4691 2456 4760 primo
2489 4689 2711 4760 quidem
2741 4688 2999 4771 anillud,
3026 4689 3228 4756 perdes,
3266 4688 3419 4758 pejus
3444 4688 3514 4744 sit

1952 4800 2116 4855 quam
2156 4782 2306 4847 illud,
2359 4780 2540 4835 odisti.
2593 4778 2843 4833 Secundo
2871 4779 3000 4848 quid
3030 4794 3209 4834 causa:
3242 4779 3332 4844 sit,
3367 4781 3514 4849 quod

1952 4877 2084 4931 illud
2120 4876 2173 4929 in
2202 4874 2473 4945 praeterito
2520 4879 2787 4941 tempore,
2842 4870 2947 4925 hoc
2981 4871 3033 4924 in
3085 4869 3269 4925 futuro
3310 4872 3510 4941 jaceat.

2024 4966 2151 5041 [Qui
2176 4967 2472 5036 loquuntur
2499 4963 2864 5027 mendacium,
2907 4972 2961 5018 et
2992 4962 3087 5033 qui
3136 4964 3327 5019 dicunt
3370 4964 3512 5018 idola

1950 5077 2072 5117 esse
2101 5060 2255 5123 deos,
2284 5066 2446 5129 atque
2479 5057 2628 5128 ipsos
2660 5058 2955 5119 daemones,
2986 5058 3083 5128 qui
3126 5058 3183 5113 in
3231 5058 3393 5113 idolis
3432 5057 3514 5110 di-

1949 5160 2081 5209 cunt
2110 5151 2417 5215 mendacia,
2447 5149 2664 5220 obliqua
2702 5157 2758 5205 et
2783 5149 3027 5204 oracula.
3033 5148 3055 5222 j

2018 5329 2073 5385 8.
2111 5328 2296 5384 Virum
2327 5324 2645 5396 sanguinum
2674 5332 2725 5379 et
2767 5324 3007 5380 dolosum
3036 5325 3373 5379 abominatur
3406 5322 3512 5376 Do-

1948 5425 2145 5477 minus.
2189 5417 2518 5491 Hujusmodi
2564 5416 2764 5489 quippe
2796 5417 3070 5473 hominem
3121 5415 3235 5471 odit
3272 5413 3416 5473 Deus
3461 5424 3516 5472 et

362 5661 468 5735 (ιβ)
496 5662 553 5720 la
587 5664 783 5721 codice
809 5661 967 5724 Colb.
1009 5660 1041 5716 5
1064 5656 1222 5715 <deest
1249 5674 1421 5717 unum
1463 5667 1558 5716 aut
1586 5659 1819 5716 alterum
1844 5653 2061 5712 folium.

517 5753 797 5817 Ρλτιιοι.
863 5751 982 5813 Gs.
1036 5750 1294 5814 XXVII.
