3944 6220
416 290 494 349 ’15

1245 290 1306 348 S.
1336 290 1706 347 ATHANASII
1744 290 1895 347 OPP.
1935 288 2117 346 PARS
2157 290 2244 348 ill.
2285 324 2353 333 —
2392 294 2802 351 EXEGETICA.
3572 296 3643 353 76

394 382 733 462 aversatur.
767 403 877 474 Ego
918 415 1094 459 autem
1131 404 1186 458 in
1229 404 1569 459 multitudine
1603 402 1977 458 misericordia:

2093 423 2186 460 ται.
2234 407 2373 476 Ἐγὼ
2396 408 2464 461 δὲ
2487 409 2555 461 ἐν
2580 407 2795 474 πλήθει
2822 406 2926 462 τοῦ
2956 406 3169 475 ἐλέους
3214 420 3330 461 σου
3378 408 3645 463 εἰσελεύ-

425 512 529 555 tua:
559 498 784 553 introibo
812 499 866 551 in
891 498 1102 551 domum
1149 506 1313 553 tuam.
1340 497 1624 554 leestem
1662 497 1793 553 dicit
1820 496 1981 551 Jeru-

425 595 592 649 salem
628 591 1111 662 primogenitorum
1160 600 1409 645 matrem.
1465 589 1706 644 Adorabo
1751 590 1820 643 ad
1855 598 1985 643 tem-

423 686 568 754 plum
607 692 849 738 sanctunt
895 691 1040 736 tuum
1086 682 1137 735 in
1181 683 1368 735 timore
1410 690 1518 735 tuo.
1590 680 1869 751 Templum
1902 688 1986 736 est

425 787 600 831 status
637 776 831 830 anima:
857 783 1056 829 sancta:
1085 782 1139 828 et
1164 774 1362 827 virtute
1400 771 1660 838 ﬂorentis,
1691 787 1852 843 quem
1889 770 1979 841 qui

424 869 671 925 obtinent
704 866 930 921 ﬁdenter
963 873 1149 935 agunt.
1180 862 1431 919 Christus
1464 872 1640 919 autem
1676 872 1860 932 utpote
1892 860 1983 914 Fi-

423 960 531 1015 lius
564 959 618 1013 in
657 958 818 1013 domo
871 956 990 1025 ejus
1043 954 1365 1023 requiescet.
1415 954 1576 1025 cujus
1610 968 1710 1009 nos
1761 954 1978 1008 domus.

422 1051 558 1107 Nam
586 1061 679 1106 tua
709 1049 893 1104 fruens
932 1047 1240 1112 clementia,
1292 1055 1492 1116 tuaque
1537 1047 1758 1101 dextera
1804 1053 1983 1115 prote-

422 1153 599 1214 gente,
634 1140 889 1196 continua
920 1138 973 1192 in
1003 1153 1160 1193 sacro
1191 1136 1374 1206 gloriae
1402 1149 1507 1191 tuae
1543 1136 1741 1207 templo
1770 1144 1821 1191 te
1856 1149 1981 1204 pro-

422 1252 622 1307 sequor
649 1235 983 1294 adoratione.
1013 1231 1089 1285 ait
1116 1239 1297 1285 sancta
1329 1238 1383 1285 et
1414 1244 1546 1299 pura
1591 1228 1808 1292 anima;
1855 1242 1977 1282 cum

427 1329 572 1383 enim
610 1329 857 1381 timorem
904 1324 981 1378 tui
1024 1321 1224 1390 ubique
1263 1319 1665 1385 circumferam,
1702 1334 1977 1389 nunquam

420 1423 595 1490 patiar
624 1427 682 1472 ut
712 1432 833 1471 eum
865 1414 1132 1479 amittam,
1189 1423 1293 1467 ture
1335 1412 1611 1467 conlidens
1656 1411 1976 1466 clementia).

422 1510 645 1580 Propter
663 1508 904 1562 inimicos
936 1522 1073 1560 meos
1103 1506 1271 1573 dirige
1308 1505 1365 1558 in
1397 1515 1671 1573 conspectu
1720 1512 1808 1557 tuo
1838 1503 1978 1557 viam

420 1618 606 1657 meam.
641 1598 962 1671 Spirituales
993 1598 1261 1653 videlicet.
1307 1595 1411 1651 Cor
1440 1612 1618 1651 eorum
1653 1612 1845 1649 vanum
1874 1606 1973 1650 est.

416 1692 474 1750 Id
502 1701 604 1759 est,
632 1707 726 1748 cor
759 1691 1083 1761 sapientium
1117 1688 1280 1759 hujus
1307 1688 1490 1744 saeculi
1521 1706 1535 1755 ;
1566 1696 1659 1743 aut
1685 1687 1848 1744 etiam
1876 1688 1978 1742 ha:-

2083 513 2263 567 σομαι
2283 500 2370 565 εἰς
2401 498 2507 551 τὸν
2534 493 2703 551 οἶκόν
2730 512 2867 553 σου.
2885 498 2996 570 Τὴν
3024 497 3342 569 ἐπουράνιον
3386 497 3648 569 Ἰερουσα-

2082 588 2193 661 λὴμ
2222 590 2319 661 τὴν
2371 591 2727 662 πρωτοτόκων
2770 590 3000 662 μητέρα.
3035 589 3445 659 Προσκυνήσω
3494 591 3646 659 πρὸς

2079 683 2229 736 ναὸν
2248 682 2417 753 ἅγιόν
2446 700 2561 736 σου
2590 683 2659 735 ἐν
2678 683 2837 752 φόϐῳ
2869 699 3003 737 σου.
3043 682 3188 746 Ναδς
3215 681 3349 735 Θεοῦ
3384 684 3417 753 ἡ
3454 682 3642 755 ἐνάρε-

2080 791 2170 837 τος
2203 773 2297 826 καὶ
2326 774 2455 843 ἁγία
2477 774 2834 838 ιάτάστασις,
2857 774 2922 842 ἢν
2948 775 2995 826 οἰ
3018 773 3232 843 ἔχοντες
3261 773 3396 844 μετὰ
3430 775 3643 845 παρρη-

2083 865 2201 928 σίας
2232 866 2381 935 φησί.
2417 865 2644 936 Χριστὸς
2690 866 2744 918 δὲ
2785 864 2861 928 ὡς
2910 864 3038 929 Υἱὸς
3063 866 3154 919 ἐπὶ
3186 865 3277 918 τὸν
3305 861 3452 920 οἷκον
3473 866 3638 919 αὐτοῦ

2080 958 2547 1021 ὲπαναπαύσεται,
2573 951 2632 1009 οὗ
2667 953 2813 1020 οἶκός
2841 960 3004 1027 ἐσμεν
3035 958 3214 1028 ἡμεῖς.
3252 958 3361 1027 Τῆς
3399 956 3507 1029 γὰρ
3541 957 3644 1027 σῆς

2079 1050 2423 1105 ἀπολαύουσα
2466 1049 2869 1121 φιλανθρωπίας
2899 1050 2988 1103 καὶ
3010 1051 3075 1120 τῇ
3109 1052 3173 1119 σῇ
3199 1048 3347 1119 δεξιᾷ
3378 1066 3644 1119 φρουρου-

2082 1144 2213 1216 μένη
2250 1143 2346 1216 τὴν
2372 1144 2589 1216 διηνεκῆ
2642 1159 2721 1196 σοι
2769 1141 3063 1213 προσφέρω
3090 1140 3454 1212 προσκύνησιν
3480 1141 3536 1193 ὲν
3562 1139 3644 1212 τῷ

2079 1235 2435 1308 ἀφιερωμένῳ
2464 1236 2561 1307 τῆς
2592 1235 2690 1305 σῆς
2717 1235 2873 1303 δόξης
2904 1234 3013 1304 ναῷ
3033 1275 3046 1297 ,
3089 1235 3253 1305 φησὶν
3296 1235 3328 1299 ἡ
3389 1233 3513 1301 ἁγία
3544 1233 3640 1285 καὶ

2080 1327 2291 1398 καθαρὰ
2311 1326 2485 1398 ψυχή·
2518 1327 2608 1379 τὸν
2636 1327 2722 1379 σὺν
2750 1328 2855 1397 γὰρ
2907 1326 2990 1379 ἀεὶ
3022 1325 3399 1397 ,περιφέρουσα
3452 1324 3637 1392 φόϐον,

2077 1420 2177 1474 οὐκ
2196 1419 2453 1490 ἀνέξομαι
2484 1418 2671 1472 τοῦτον
2697 1418 2987 1471 ἀποϐαλεῖν
3020 1420 3086 1489 τῇ
3132 1416 3512 1488 φιλανθρωπίᾳ
3544 1433 3641 1469 σου

2078 1509 2372 1584 θαρροῦσα.
2418 1512 2632 1564 Ἕνεκα
2680 1508 2798 1563 τῶν
2844 1508 3073 1577 ἐχθρῶν
3114 1526 3233 1579 μου
3274 1510 3644 1562 κατεύθυνον

2076 1601 2331 1655 ἐνώπιόν
2356 1618 2471 1655 σου
2496 1601 2609 1667 τὴν
2639 1600 2783 1655 ὀδόν
2811 1618 2950 1670 μου.
2981 1599 3102 1652 Τῶν
3141 1599 3343 1670 νοητῶν
3376 1598 3639 1669 δηλονότι.

2088 1690 2161 1744 Ἠ
2206 1689 2418 1759 καρδία
2463 1687 2661 1743 αὐτῶν
2692 1689 2932 1759 ματαία.
2968 1688 3087 1742 Τῶν
3116 1689 3293 1757 σοφῶν
3322 1688 3414 1742 τοῦ
3448 1690 3643 1754 αἰῶνος

420 1786 729 1842 reticorum.
762 1783 842 1838 llli
874 1783 1020 1838 enim
1061 1781 1306 1837 veritatis
1350 1795 1661 1837 sermonem
1701 1780 1976 1851 ignorant.

2093 1755 2349 1852 τούτουξῆ
2384 1781 2479 1835 καὶ
2520 1780 2626 1834 τῶν
2677 1755 2985 1852 αἱρετικῶν.
3037 1755 3201 1834 Οὗτοι
3249 1779 3357 1851 γὰρ
3384 1780 3642 1851 ἀληθείας

489 1963 572 2016 li.
622 1960 928 2032 Sepulcrum
967 1968 1150 2028 patens
1188 1965 1264 2011 est
1299 1966 1479 2028 guttur
1519 1970 1738 2011 eorum:
1781 1956 1977 2026 linguis

419 2055 531 2108 suis
557 2051 735 2105 dolose
767 2050 1014 2121 agebant.
1047 2047 1284 2118 Linguas
1312 2062 1440 2102 suas
1467 2046 1696 2113 leniunt,
1742 2054 1796 2101 et
1829 2060 1975 2100 mor-

417 2147 572 2201 tifera
606 2153 854 2199 eructant
883 2142 1157 2212 dogmata.

488 2239 574 2293 12.
609 2235 864 2290 Decidant
885 2250 917 2287 a
942 2232 1347 2303 cogitationibus
1369 2230 1500 2284 suis.
1526 2229 1608 2283 Ab
1640 2228 1745 2290 his.
1779 2228 1980 2299 inquit,

418 2328 855 2401 cogitationibus,
883 2341 1021 2396 quas
1052 2332 1242 2379 contra
1271 2338 1354 2377 me
1387 2322 1701 2401 admittunt,
1731 2321 1977 2376 inriden-

417 2434 495 2477 tes
523 2434 645 2474 meo
672 2417 968 2473 secundum
998 2415 1165 2470 Deum
1195 2413 1482 2485 profectui.
1549 2394 1561 2408 ’

486 2509 810 2586 [Secundum
839 2506 1226 2561 multitudinem
1257 2506 1586 2574 impietatum
1608 2503 1806 2574 expelle
1830 2502 1971 2566 illos,

417 2602 538 2673 pios
570 2600 777 2657 scilicet
803 2597 1061 2653 efﬁciens.
1091 2593 1226 2649 Nam
1251 2595 1344 2666 qui
1369 2595 1606 2650 animam
1638 2609 1975 2665 persequun-

419 2708 507 2750 tur
537 2692 646 2748 Deo
684 2701 837 2764 grata
893 2704 1056 2759 opera
1104 2688 1387 2754 edentem,
1436 2688 1603 2742 Deum
1650 2674 1975 2757 exasperant

417 2790 709 2855 aperteque
740 2778 879 2833 bello
903 2785 1236 2848 oppugnant.

487 2872 577 2927 l5.
616 2870 685 2924 Et
716 2868 980 2923 habitabis
1026 2867 1080 2919 in
1129 2868 1225 2921 eis.
1280 2864 1399 2935 Ipse
1446 2880 1680 2935 namque
1732 2872 1787 2920 et
1818 2863 1974 2920 Pater

414 2963 533 3034 ejus
560 2961 795 3025 venient,
826 2965 879 3013 et
910 2955 1247 3011 mansionem
1277 2954 1415 3025 apud
1446 2971 1571 3009 eum
1600 2954 1816 3009 facient.

485 3054 573 3109 14.
607 3052 675 3107 Bt
707 3049 1074 3123 gloriabuntur
1122 3049 1178 3102 in
1206 3058 1252 3101 te
1278 3064 1453 3102 omnes
1488 3049 1578 3118 qui
1616 3048 1843 3118 diligunt
1878 3064 1974 3102 no-

416 3159 531 3198 men
558 3108 731 3206 tuum:
757 3141 1005 3210 quoniam
1033 3147 1087 3191 tu
1114 3137 1377 3192 benedices
1401 3108 1569 3207 jusio.
1600 3108 1740 3200 Tua:
1776 3139 1969 3209 inquit,
2000 3108 2045 3167 δ

417 3234 789 3291 benedictione
818 3241 871 3286 et
903 3229 1242 3300 providentia
1282 3229 1390 3283 tuis
1440 3245 1699 3285 concessa
1733 3228 1970 3295 famulis,

416 3328 507 3396 qui
547 3340 605 3380 se
640 3326 717 3379 tui
750 3322 985 3377 nominis
1023 3321 1193 3375 amori
1232 3321 1504 3387 dedidere,
1551 3322 1621 3376 ob
1666 3330 1812 3376 tuam
1845 3338 1973 3395 erga

418 3419 563 3489 ipsos
588 3413 1007 3469 sollicitudinem
1033 3411 1314 3481 magnifice
1340 3413 1573 3467 sentient
1597 3413 1664 3467 de
1693 3422 1782 3468 tua
1808 3431 1971 3484 quam

413 3492 744 3561 enarrabunt
800 3511 1086 3574 potestate.
1144 3503 1319 3572 Atque
1369 3504 1441 3557 ita
1495 3504 1734 3573 loquitur
1786 3508 1973 3560 beatus

415 3598 654 3653 Paulus:
696 3596 799 3662 Qui
842 3595 1128 3667 gloriatur,
1171 3596 1227 3648 in
1268 3595 1491 3649 Domino
1534 3595 1875 3666 glorietur".
1904 3595 1971 3651 Ut

414 3702 562 3748 scuto
585 3691 731 3747 bona:
759 3689 1045 3745 voluntatis
1073 3698 1177 3743 tua:
1216 3690 1481 3743 coronasti
1534 3706 1646 3746 nos.
1679 3692 1969 3758 Coronam,

414 3785 611 3855 inquit,
662 3798 760 3855 pro
793 3781 1068 3837 laboribus
1099 3781 1253 3837 dabis
1287 3781 1340 3835 in
1387 3781 1513 3848 line,
1560 3797 1668 3853 qua
1713 3790 1969 3853 tanquam

413 3883 568 3932 scuto
596 3889 696 3931 nos
725 3882 993 3945 proteges.

690 4053 756 4112 In
788 4055 965 4125 ﬁnem,
994 4055 1049 4108 in
1083 4056 1309 4125 hymnis,
1340 4072 1435 4126 pro
1466 4065 1673 4123 octava,

829 4145 1165 4201 PSALMUS
1200 4148 1393 4202 David.
1434 4147 1531 4206 Vl.

985 4241 1379 4312 Argumentum.

399 4333 615 4405 “Ecquid
648 4345 814 4403 porro
852 4331 998 4387 aliud
1027 4331 1193 4386 fuerit
1229 4340 1442 4395 octava,
1474 4334 1579 4389 nisi
1616 4335 1969 4390 resurrectio-

2078 1871 2237 1942 λόγον
2263 1874 2363 1926 οὐκ
2389 1874 2588 1927 ἴσασιν.

2154 1960 2341 2031 Τάφος
2353 1961 2724 2031 ἀνεῳγμένος
2743 1964 2775 2015 ὁ
2798 1961 3030 2032 λάρυγξ
3049 1961 3245 2016 αὐτῶν
3264 1979 3277 1993 ο
3299 1960 3427 2028 ταῖς
3448 1961 3643 2032 γλώσ-

2076 2072 2216 2124 σαις
2235 2056 2431 2110 αὐτῶν
2455 2056 2833 2112 ἐδολιοῦσαν.
2863 2055 2971 2127 Τὴν
3008 2055 3256 2124 γλῶσσαν
3298 2056 3475 2109 αὐτῶν
3498 2054 3642 2110 λεαί-

2075 2167 2243 2215 νουσι,
2274 2150 2368 2203 καὶ
2390 2150 2458 2203 τὰ
2489 2150 2656 2223 νεκρὰ
2682 2148 2997 2220 ἐρεύγονται
3015 2148 3279 2220 δόγματα.

2158 2242 2655 2296 Ἀποπεσέτωσαν
2704 2240 2823 2296 ἀπὸ
2869 2240 2986 2294 τῶν
3018 2239 3374 2295 διαϐουλιῶν
3420 2237 3638 2294 αὐτῶν.

2076 2331 2263 2387 Ταῦτα
2299 2331 2429 2403 γὰρ,
2466 2332 2620 2404 φησί,
2671 2332 2740 2385 τὰ
2781 2330 3058 2386 διαϐούλια
3105 2332 3284 2386 πάντα
3333 2331 3453 2385 κατ’
3508 2330 3641 2401 ἐμοῦ

2074 2424 2352 2477 ἐποιοῦντο
2378 2427 2443 2495 τῇ
2474 2424 2615 2478 κατὰ
2643 2424 2774 2477 Θεόν
2797 2441 2896 2495 μου
2937 2425 3185 2494 προκοπῇ
3217 2422 3633 2494 ἐναντιούμενοι.

2147 2514 2338 2587 [Κατὰ
2358 2516 2424 2569 τὸ
2448 2516 2679 2586 πλῆθος
2697 2516 2816 2570 τῶν
2839 2515 3124 2571 ἀσεϐειῶν
3142 2515 3374 2581 ἕξωσον
3395 2516 3636 2583 αὐτοὺς,

2076 2607 2318 2672 εὐσεϐεῖς
2350 2608 2545 2672 αὐτοὺς
2568 2609 2959 2680 ἐργασάμενος.
2996 2610 3059 2663 Ol
3090 2606 3198 2681 γὰρ
3225 2606 3507 2672 διώκοντες
3539 2608 3639 2680 τὴν

2075 2702 2204 2770 φίλα
2253 2700 2332 2773 τῷ
2361 2701 2480 2773 Θεῷ
2509 2702 2850 2774 πράττουσαν
2902 2700 3079 2773 ψυχὴν
3132 2700 3262 2755 Θεὸν
3295 2701 3638 2772 πικραίνουσι

2075 2792 2470 2864 θεομαχοῦντες
2500 2792 2731 2865 σαφῶς]

2143 2883 2256 2937 Καὶ
2288 2883 2773 2952 κατασκηνώσεις
2803 2883 2874 2938 ἐν
2897 2882 3121 2950 αὐτοῖς.
3152 2881 3322 2948 Αὐτὸς
3350 2881 3457 2955 γὰρ
3487 2882 3638 2936 ἐλεύ-

2076 2993 2225 3029 σεται
2257 2978 2349 3030 καὶ
2377 2979 2405 3030 ὁ
2431 2977 2645 3048 Πατὴρ,
2675 2977 2768 3030 καί
2790 2976 2954 3049 μονὴν
2986 2976 3114 3048 παρ’
3135 2975 3281 3048 αὐτῷ
3303 2978 3636 3047 ποιήσονται.

2142 3067 2253 3121 Καὶ
2277 3066 2683 3137 καυχήσονται
2714 3067 2784 3122 ἐν
2803 3068 2897 3122 σοί
2924 3070 2978 3122 οί
2999 3066 3340 3138 ἀγαπῶντες
3363 3067 3428 3121 τὸ
3451 3066 3642 3137 ὄνομα

2073 3176 2209 3224 σου,
2242 3158 2328 3212 ὅτι
2360 3158 2440 3212 σὺ
2460 3160 2816 3229 εὐλογήσας
2861 3158 3116 3225 δίκαιον,
3150 3161 3345 3229 Κύριε.
3387 3160 3495 3230 Τῆς
3527 3159 3638 3231 γὰρ

2075 3253 2172 3323 σῆς
2210 3250 2453 3319 εὐλογίας
2483 3269 2542 3304 τε
2573 3253 2666 3304 καὶ
2700 3251 2955 3324 προνοίας
2998 3254 3109 3317 τοῖς
3143 3254 3255 3316 σοῖς
3297 3250 3635 3324 χορηγουμέ-

2073 3359 2167 3411 νης
2205 3341 2585 3413 θεραπευταῖς,
2618 3342 2691 3410 οἳ,
2733 3344 2870 3412 σφᾶς
2900 3342 3095 3407 αὐτοὺς
3136 3342 3371 3415 ἐραστὰς
3414 3342 3506 3397 τοῦ
3542 3341 3635 3395 σοῦ

2071 3435 2329 3504 ὀνόματος
2360 3428 2819 3507 καταστήσαντες,
2848 3437 2941 3489 ἐπὶ
2979 3439 3045 3508 τῇ
3083 3439 3147 3508 σῇ
3196 3436 3490 3508 κηδεμονίᾳ
3534 3454 3635 3507 μεα-

2071 3528 2209 3596 γὲιλα
2237 3530 2561 3600 φρονήσουσι
2588 3529 2684 3602 τὴν
2712 3531 2808 3602 σὴν
2838 3530 3181 3602 διηγούμενοι
3202 3529 3449 3601 δύναμιν.
3482 3529 3638 3584 Οὕτω

2073 3621 2166 3672 καὶ
2193 3622 2221 3673 ὁ
2251 3620 2519 3691 μακάριος
2567 3620 2716 3689 λέγει
2748 3620 2958 3685 Παῦλος
2979 3638 2993 3652 ·
3038 3622 3101 3674 '0
3151 3619 3531 3690 καυχώμενος
3565 3621 3637 3674 ἐν

2073 3714 2264 3782 Κυρίῳ
2297 3714 2631 3784 καυχάσθω.
2672 3715 2762 3781 Ὠς
2782 3715 2975 3769 ὅπλον
3005 3714 3281 3779 εὐδοκίας
3308 3713 3640 3784 ἐστεφάνω-

2071 3822 2187 3872 σας
2230 3806 2405 3875 ἡμᾶς.
2467 3807 2751 3876 Στέφανος,
2788 3807 2971 3879 φησὶν,
2994 3805 3148 3878 ἡμῶν
3178 3806 3286 3860 τῶν
3314 3807 3490 3861 πόνων
3535 3824 3636 3877 χα-

2073 3898 2196 3971 ρίσῃ
2230 3898 2291 3951 τὸ
2318 3898 2489 3963 τέλος,
2522 3898 2694 3970 τούτῳ
2722 3897 2970 3971 καθάπερ
2995 3898 3143 3970 ὅπλῳ
3190 3898 3297 3952 τινὶ
3328 3898 3637 3971 περιφράτ-

2070 4008 2237 4044 τουσα
2269 3992 2433 4061 ἡμᾶς.
3039 4054 3054 4072 ο

2194 4084 2297 4148 Είς
2328 4081 2394 4135 τὸ
2428 4082 2624 4147 τέλος,
2656 4082 2726 4135 ἐν
2748 4083 2973 4153 ὕμνοις,
2996 4083 3147 4152 ὑπὲρ
3170 4081 3279 4152 τῆς
3293 4082 3526 4154 ὀγδόης,

2482 4175 2787 4228 ΨΑΛΜΟΣ
2810 4173 2888 4239 τῷ
2910 4174 3108 4230 Δαυΐδ.
3142 4177 3233 4243 ς’.

2689 4265 3012 4333 Ὑπόθεσις.

2069 4353 2179 4406 Καὶ
2201 4353 2284 4417 τίς
2323 4352 2389 4407 ἂν
2413 4352 2499 4424 εἴη
2524 4354 2557 4425 ἡ
2585 4353 2766 4426 ὀγδόη,
2798 4355 2831 4427 ἢ
2865 4358 2898 4427 ἡ
2948 4354 3042 4408 τοῦ
3073 4356 3308 4428 Χριστοῦ
3344 4357 3635 4410 ἀναστάσι-

481 4426 566 4481 nis
593 4424 795 4480 Christi
825 4424 962 4488 dies,
993 4439 1098 4494 qua
1139 4424 1388 4479 laborum
1425 4424 1634 4482 fructus
1664 4430 1965 4498 percepturi

2143 4464 2240 4519 μσς
2264 4446 2465 4518 ἡμέρα,
2495 4424 2615 4499 καθ’
2641 4447 2707 4518 ἢν
2731 4424 2837 4501 τῶν
2880 4424 3163 4519 ἡμετέρων
3203 4448 3386 4501 κόπων
3432 4447 3633 4519 ἀπολη-

478 4533 671 4572 sumus
699 4535 713 4583 ;
760 4514 1000 4571 inimicis
1036 4515 1247 4571 scilicet
1293 4517 1495 4573 nostris
1524 4533 1650 4573 cum
1683 4521 1889 4589 pudore
1915 4529 1969 4575 et

477 4608 887 4679 perturbatione
946 4616 1246 4662 retrorsum
1298 4608 1527 4665 abactis.
1604 4608 1759 4665 Hunc
1806 4628 1968 4682 porro

480 4701 628 4756 canit
653 4701 944 4770 psalmum,
984 4709 1169 4771 utpote
1196 4701 1455 4756 diuturno
1497 4711 1736 4773 tempore
1766 4704 1818 4758 in
1855 4720 1969 4775 pte-

479 4794 705 4849 nitentia
731 4802 1000 4856 versatus,
1029 4808 1193 4863 quam
1230 4794 1427 4849 obtulit
1463 4811 1561 4865 pro
1590 4807 1831 4866 peccato.

476 4885 531 4938 2.
573 4885 810 4950 Domine,
834 4902 896 4939 ne
925 4887 977 4939 in
1002 4886 1178 4955 furore
1204 4894 1293 4939 tuo
1333 4904 1525 4957 arguas
1562 4905 1661 4944 me.
1694 4888 1806 4944 Non
1832 4890 1963 4945 sim-

408 4977 637 5047 pliciter.
670 4976 763 5032 sed
792 4992 917 5031 cum
958 4976 1142 5031 furore
1167 4978 1319 5047 argui
1347 4986 1579 5034 recusat.
1611 4979 1795 5050 Neque
1838 4998 1961 5038 cor-

406 5069 706 5138 reptionem
736 5066 946 5133 abnuit,
977 5071 1070 5123 sed
1108 5083 1227 5122 eam
1260 5085 1381 5139 quze
1412 5085 1537 5124 cum
1568 5071 1646 5125 ira
1674 5072 1784 5127 ﬁat.

478 5161 531 5214 '5.
571 5158 821 5213 Miserere
844 5159 963 5223 mei,
995 5158 1233 5223 Domine,
1265 5161 1513 5229 quoniam
1545 5161 1787 5230 inﬁrmus
1822 5181 1960 5221 sum.

404 5249 560 5305 Nulla
582 5250 726 5305 enim
758 5249 940 5304 anima
976 5258 1103 5305 ante
1148 5250 1348 5306 labitur
1380 5253 1432 5308 in
1469 5264 1771 5323 peccatum,
1800 5274 1963 5329 quam

401 5359 469 5397 ex
501 5343 707 5399 viribus
744 5343 1019 5414 quidpiam
1050 5345 1315 5402 amiserit.

475 5433 867 5504 [Infirmitatem
900 5437 1207 5501 adumbrat,
1243 5453 1364 5508 quae
1394 5453 1458 5492 cx
1492 5441 1814 5509 :egritudine
1845 5445 1962 5501 ani-

407 5523 481 5575 mi
512 5534 564 5578 et
592 5540 658 5579 ex
692 5526 905 5583 ﬂetibus
932 5527 1225 5599 provenit.]

478 5614 530 5668 4.
554 5617 623 5667 Et
650 5618 827 5670 anima
855 5637 969 5673 mea
992 5621 1205 5674 turbata
1232 5628 1311 5673 est
1348 5620 1514 5675 valde.
1568 5623 1774 5680 Anima:
1809 5626 1957 5683 scili-
2040 5638 2049 5645 ‘

475 5720 519 5758 ἰ
542 5724 584 5780 ιι
624 5723 751 5780 Cor.
784 5743 835 5793 κ,
882 5728 961 5781 ιτ.

2133 4536 2344 4608 ᾠόμεθα
2372 4536 2649 4609 καρπούςς
2680 4537 2787 4592 τῶν
2820 4536 3028 4610 ἐχθρῶν
3052 4538 3250 4611 δηλαδὴ
3289 4540 3631 4611 ἀποστρεφο-

2137 4630 2310 4701 μένων
2348 4631 2427 4693 είς
2452 4630 2519 4684 τὰ
2543 4630 2717 4683 ὀπίσω
2741 4670 2755 4695 ,
2809 4631 2924 4702 μετ’
2958 4630 3215 4704 αἰσχύνης
3244 4631 3486 4701 δηλονότι
3534 4632 3630 4684 καὶ

2131 4721 2397 4793 ταραχῆς.
2460 4721 2608 4793 ’ᾼδει
2642 4721 2699 4774 δὲ
2728 4721 2817 4775 τὸν
2842 4721 3055 4792 ψαλμὸν
3076 4722 3150 4785 ὡς
3187 4723 3397 4795 μακρὸν
3438 4723 3630 4794 χρόνον

2129 4813 2265 4885 ἔχων
2281 4815 2338 4866 ὲν
2359 4816 2424 4884 τῇ
2445 4812 2722 4885 μετανοίᾳ.
2740 4813 2805 4884 ἢν
2824 4813 2960 4884 ὑπὲρ
2975 4814 3243 4885 ἁμαρτίας
3272 4814 3623 4886 προσέφερεν.

2138 4903 2332 4970 Κύριε,
2375 4900 2461 4971 μὴ
2506 4899 2586 4966 τῷ
2633 4899 2795 4971 θυμῷ
2831 4915 2946 4954 σου
2988 4898 3244 4969 ἐλέγξῃς
3274 4917 3370 4970 με.
3417 4900 3491 4952 Οὐ
3535 4899 3627 4952 τὸν

2064 4992 2282 5061 ἔλεγχον
2315 4994 2683 5063 παραιτεῖται,
2732 4990 2868 5045 ἀλλὰ
2907 4990 2999 5043 τὸν
3051 4991 3191 5061 μετὰ
3238 4990 3411 5062 θυμοῦ
3439 5009 3450 5022 ·
3501 4989 3627 5043 οὐδὲ

2064 5085 2161 5155 τὴν
2189 5083 2454 5145 παιδείαν,
2491 5083 2627 5137 ἀλλὰ
2658 5083 2754 5154 τὴν
2788 5082 2902 5153 μετ’
2936 5082 3124 5152 ὀργῆς.

2149 5172 2434 5239 Ἐλέησόν
2450 5190 2551 5242 με,
2574 5174 2769 5240 Κύριε,
2794 5172 2880 5224 ὅτι
2897 5172 3160 5238 ἀσθενής
3183 5172 3315 5239 εἰμι.
3345 5171 3500 5224 Πᾶσα
3515 5168 3624 5239 γὰρ

2065 5262 2210 5334 ψυχὴ
2266 5264 2325 5316 ού
2380 5264 2640 5335 πρότερον
2702 5264 2780 5326 εἰς
2820 5261 3090 5332 ἁμαρτίαν
3131 5262 3315 5315 πίπτει
3371 5261 3497 5331 πρὶν
3526 5260 3624 5329 τῆς

2072 5355 2252 5426 ἰσχύος
2290 5354 2440 5425 ὲνδῷ.

2139 5446 2478 5518 [Ἀσθένειαν
2499 5447 2789 5499 αἰνίττεται
2833 5447 2931 5517 τὴν
2964 5444 3071 5498 ἀπὸ
3115 5447 3213 5515 τῆς
3258 5441 3494 5511 ἀθυμίας
3528 5439 3625 5493 καὶ

2067 5538 2173 5591 τῶν
2191 5538 2436 5609 ὀδυρμῶν
2461 5537 2856 5609 ὲγγινομὲνην.]

2137 5629 2246 5685 Καὶ
2276 5630 2315 5696 ἡ
2342 5629 2510 5698 ψυχή
2524 5646 2643 5697 μου
2676 5629 2970 5699 ἐταράχθη
2996 5627 3246 5697 σφόδρα.
3285 5629 3352 5682 Αἱ
3391 5628 3491 5701 τῆς
3520 5624 3624 5696 ψυ-

2048 5794 2097 5822 .4.
