3944 6220
303 326 372 380 ’Π
1032 390 1037 395 ,
1442 324 1803 382 EXPOSITIO
1827 319 1891 378 'll.‘

2025 321 2276 380 .ALMUM
2325 324 2431 379 V'll.
3504 323 3576 380 78

304 442 406 513 κῆς
455 437 699 508 δηλονότι
742 440 1027 513 δυνάμεις.
1054 439 1167 494 Καὶ
1190 438 1293 504 σὺ,
1325 439 1522 508 Κύριε,
1569 440 1681 506 ἕως
1711 440 1891 503 ,τότε

2028 448 2081 494 ct
2125 437 2428 494 facultates.
2477 436 2542 492 Et
2591 447 2670 502 ιιι,
2722 436 2970 501 Domine,
3015 438 3326 509 aequeque?
3356 435 3575 496 Diniar-

304 532 418 603 Τῆς
442 530 780 601 πολυχρόνου
813 530 1102 603 μετανοίας
1114 530 1176 583 τὺ
1213 530 1363 602 ῥῆμα
1393 529 1821 603 παραστατικὸν.

391 622 813 690 Ἐπίστρεψον,
842 624 1041 691 Κύριε,
1061 621 1250 690 ῥῦσαι
1270 620 1384 689 τὴν
1406 621 1617 692 ψυχήν
1633 639 1773 691 μου.
1809 621 1896 683 Ὠς

304 712 769 784 ἀπεστραμμένου
829 712 996 768 αὑτοῦ
1048 714 1290 786 δηλονότι
1324 715 1411 769 διὰ
1455 714 1554 785 τὴν
1595 712 1891 786 ἁμαρτίαν.

304 805 522 861 Σῶσόν
540 803 849 874 meram
876 806 981 860 τοῦ
1002 807 1215 874 ἐλέους
1240 826 1376 863 σου.
1429 808 1542 861 Πᾶν
1567 812 1675 878 γὰρ
1704 807 1765 858 τὸ
1796 806 1895 877 τῆς

308 899 585 972 σωτηρίας
607 897 769 969 ἡμῶν
796 898 877 969 τῷ
902 899 1035 969 ἐλέῳ
1065 899 1353 954 ἀναθετέον
1380 899 1475 953 τοῦ
1505 899 1663 953 Θεοῦ.

299 1044 311 1051 ,
380 992 511 1045 Ὀτι
560 993 673 1045 οὐκ
724 990 899 1045 ἔστιν
928 990 999 1043 ἐν
1027 990 1109 1056 τῷ
1135 991 1370 1058 θανάτῳ
1423 994 1456 1045 ό
1498 991 1895 1061 μνημονεύων

302 1096 447 1135 σου.
502 1080 721 1149 Ἐπειδὴ
753 1080 961 1152 μακρός
978 1097 1069 1151 μοι
1099 1080 1312 1150 γέγονε,
1338 1082 1521 1152 φησὶν,
1547 1083 1576 1134 6
1594 1081 1691 1151 τῆς
1724 1096 1891 1151 μετα-

302 1174 457 1235 νοίας
488 1172 704 1244 καιρὸς,
738 1170 950 1225 δέδοικα
990 1172 1064 1243 μὴ
1098 1171 1279 1245 φθάσῃ
1312 1173 1405 1226 τὸν
1436 1172 1588 1244 παρά
1621 1172 1714 1225 σοῦ
1743 1172 1893 1225 ἔλεον

298 1268 334 1320 6
364 1266 618 1328 θάνατος,
649 1265 708 1317 ἐν
739 1256 783 1332 ᾧ
814 1265 880 1318 τὰ
902 1267 1000 1337 τῆς
1022 1263 1460 1336 ἐξομολογήσεως
1480 1266 1579 1318 οὐκ
1604 1264 1741 1319 ἔστι.
1761 1264 1895 1318 Τού-

300 1374 401 1411 του
434 1359 600 1429 χάριν
628 1355 952 1426 ἐπιταχύναι
976 1356 1070 1409 τὸν
1107 1356 1256 1409 ἔλεον
1288 1355 1443 1411 αίτῶ.

290 1473 300 1489 ι
392 1450 721 1503 Ἐκοπίιισα
762 1448 833 1501 ἐν
864 1447 944 1513 τῷ
988 1447 1301 1519 στεναγμῷ
1351 1467 1490 1519 μου.
1547 1448 1893 1519 Ἀκούσωμεν

306 1543 427 1598 οἷαν
458 1546 486 1596 6
524 1542 783 1615 βασιλεὺς
832 1541 1119 1612 μετάνοιαν
1160 1540 1498 1607 ἐπεδείξατο.
1550 1541 1663 1611 υὺχ
1705 1538 1893 1605 ἀπλῶς

312 1635 535 1705 ἔκαμεν,
567 1633 686 1687 ἀλλ’
714 1633 971 1687 ἐκοπίασε
1006 1634 1280 1699 στενάζων
1299 1650 1313 1663 ·
1339 1634 1437 1704 οὐχ
1459 1633 1646 1698 ἀπλῶς
1668 1634 1893 1705 ἐδάκρυ-

308 1743 426 1787 σεν,
453 1724 591 1779 ἀλλὰ
616 1725 715 1798 τὴν
733 1725 922 1795 κλίνην
942 1724 1149 1790 ἔλουσε,
1168 1727 1262 1780 καὶ
1290 1725 1411 1780 καθ’
1443 1725 1678 1797 ἑκάστην
1699 1725 1887 1781 νύκται

1999 546 2123 585 nam
2149 531 2525 601 paenitentiam
2558 528 2801 585 declarat
2821 530 2929 585 hoc
2957 529 3185 585 dictum.

2067 623 2120 678 5.
2154 622 2486 687 Convertere,
2512 623 2752 687 Domine,
2803 623 2945 692 eripe
2987 622 3221 677 animam
3252 640 3442 679 meam.
3476 622 3573 695 (ιιι

1996 715 2114 787 ait)
2142 717 2301 787 quasi
2331 713 2563 772 Demino
2591 716 2661 771 ob
2688 724 2969 786 peccatum
2998 730 3217 770 averso.
3244 713 3465 769 Salvum
3493 729 3575 769 me

1998 806 2084 869 fac
2110 815 2323 877 propter
2349 805 2768 860 misericordiam
2800 815 2968 859 tuam.
3014 803 3212 860 Totum
3244 804 3439 860 salutis
3469 817 3573 858 no—

1998 905 2123 952 strae
2151 899 2431 970 negotium
2462 898 2852 954 misericordia:
2885 896 2980 953 Dei
3010 897 3415 953 ascribendum.

2063 988 2116 1042 6.
2151 988 2416 1054 Quoniam
2453 1006 2556 1044 non
2603 1000 2681 1044 est
2726 991 2783 1043 in
2824 999 2991 1044 morte
3013 990 3104 1059 qui
3147 1005 3346 1043 memor
3364 990 3440 1042 sit
3472 989 3568 1042 tui.

1994 1075 2290 1144 Quoniam,
2329 1081 2525 1150 inquit,
2569 1081 2892 1136 diuturnum
2950 1080 3082 1135 mihi
3114 1088 3199 1136 cst
3241 1080 3574 1150 paenitentia:

1995 1179 2236 1241 tempus,
2268 1172 2436 1227 timeo
2473 1187 2541 1226 ne
2583 1186 2734 1227 mors
2766 1181 2915 1226 tuam
2969 1171 3401 1228 misericordiam
3435 1187 3572 1242 prae—

1999 1270 2196 1325 vertat,
2227 1263 2317 1318 ubi
2350 1263 2533 1318 nullus
2556 1264 2659 1318 erit
2690 1262 3020 1318 confessioni
3045 1264 3223 1319 locus.
3259 1262 3431 1333 Cujus
3457 1278 3574 1335 gra-

1995 1353 2092 1418 tia,
2126 1366 2403 1409 maturare
2430 1354 2864 1409 misericordiam
2898 1363 3047 1410 tuam
3083 1355 3318 1423 postulo.

2064 1442 2115 1495 7.
2154 1441 2421 1496 Laboravi
2451 1445 2505 1497 in
2533 1445 2731 1513 gemitu
2757 1436 2889 1498 meo.
2919 1443 3222 1499 Audiamus
3254 1446 3396 1516 regis
3426 1446 3571 1501 illius

1995 1515 2390 1604 pénitentiam,
2422 1533 2515 1605 qui
2564 1550 2670 1588 non
2706 1535 2884 1590 solum
2926 1535 3211 1601 laboravit,
3258 1535 3352 1590 sed
3399 1536 3562 1591 etiam

1996 1623 2617 1696 ingemiscendomaguo
2646 1624 2867 1681 allectus
2897 1631 2982 1679 est
3006 1625 3223 1690 dolore;
3255 1640 3362 1678 non
3395 1626 3569 1680 solum

1994 1715 2418 1786 collacrymatus
2452 1723 2578 1778 est,
2634 1716 2727 1770 sed
2773 1715 2907 1770 lavit
2960 1730 3054 1785 per
3092 1715 3333 1786 singulas
3386 1703 3574 1773 nocies

307 1816 421 1869 Καὶ
465 1817 527 1869 οὐ
568 1816 633 1869 τὸ
663 1787 934 1887 παρελθδν
959 1787 1170 1880 σκοπεί,
1204 1817 1339 1870 ἀλλὰ
1380 1817 1473 1871 καὶ
1501 1787 1891 1885 ἐπαίγέλλεται

2025 1816 2191 1863 actum
2242 1823 2424 1862 suum.
2463 1805 2649 1878 Neque
2712 1816 2892 1861 tamen
2943 1807 2995 1861 id
3037 1808 3126 1861 ille
3172 1807 3389 1877 respicit
3425 1808 3573 1878 quod

304 1911 424 1973 τοῖς
454 1908 595 1981 πρὸς
614 1909 675 1962 τὸ
711 1906 904 1979 μέλλον
932 1907 1019 1962 διὰ
1052 1910 1231 1981 πάσης
1261 1909 1362 1979 τῆς
1396 1907 1543 1979 ζωῆς
1566 1926 1581 1940 ·
1623 1909 1719 1963 καὶ
1755 1909 1815 1964 ὃν
1844 1911 1891 1962 οί

2025 1914 2104 1952 am
2138 1898 2422 1968 prazteriit,
2474 1900 2567 1954 sed
2617 1899 2818 1954 similia
2862 1897 3133 1954 facturum
3181 1914 3240 1954 se
3284 1899 3574 1970 pollicetur

311 2000 504 2054 πολλοὶ
531 1999 814 2055 ποιοῦνται
847 2000 1105 2064 αἰνέσεως
1135 1998 1417 2072 [ἀνέσεως]
1447 1999 1634 2071 καιρὸν
1652 2040 1667 2064 ,
1707 1999 1896 2054 τοῦτον

304 2095 518 2156 ἐκεῖνος
550 2092 1007 2165 ἐξομολογήσεως.
1027 2094 1241 2147 Λούσω
1260 2092 1389 2147 καθ’
1414 2091 1684 2160 ἑκάστην
1708 2094 1897 2146 νύκτα

304 2184 426 2253 τὴν
459 2185 683 2253 κλίνην
721 2202 864 2255 μου.
906 2185 1051 2238 Ἀντὶ
1102 2186 1252 2256 μιᾶς,
1305 2185 1458 2254 φησὶ,
1504 2185 1716 2251 νυκτὸς,
1772 2185 1895 2240 καθ’

303 2277 375 2347 ἢν
422 2275 525 2347 τὴν
555 2277 834 2349 ἁμαρτίαν
872 2277 1126 2347 ἐποίησα,
1167 2276 1366 2341 πολλὰς
1395 2277 1667 2331 διετέὶεσα
1694 2276 1897 2340 νύκτας

301 2367 541 2439 δάκρυσι
568 2366 776 2439 βρέχων
798 2366 896 2439 τὴν
932 2369 1224 2439 στρωμνήν
1266 2383 1390 2439 μου.

379 2456 708 2527 Ἐταράχθη
732 2457 849 2512 ἀπὸ
872 2457 1064 2527 θυμοῦ
1096 2461 1129 2511 ό
1159 2459 1465 2528 ὀφθαλμός
1486 2475 1628 2527 μου.
1668 2457 1897 2528 Ὀφθαλ-

308 2550 412 2621 μὸν
439 2550 500 2605 δὲ
526 2550 619 2603 τὸν
647 2549 773 2604 νοῦν
800 2549 973 2619 λέγει,
1007 2550 1192 2623 ἐπειδὴ
1218 2552 1247 2604 ὁ
1275 2550 1553 2622 ὀφθαλμὸς
1591 2551 1690 2622 τῆς
1715 2549 1897 2621 ψυχῆς

305 2644 459 2697 ἐστιν
490 2644 522 2697 6
547 2641 694 2707 νοῦς.
737 2640 1149 2711 Ἐπαλαιώθην
1194 2642 1265 2696 ἐν
1306 2641 1458 2697 πᾶσι
1489 2640 1616 2706 τοῖς
1660 2641 1897 2710 ἐχθροῖς

300 2756 447 2809 μου.
485 2738 750 2793 Ἐνταῦθα
771 2741 864 2793 τὸν
893 2740 1083 2811 χρόνον
1110 2738 1261 2810 δηλοῖ
1279 2739 1378 2810 τῆς
1408 2738 1799 2802 κακοπαθείας.

383 2828 512 2903 [Ὃν
546 2832 640 2885 καὶ
660 2832 720 2885 ἐν
742 2831 896 2899 τάξει
919 2830 1344 2905 κατορθώματος
1371 2832 1639 2902 κέκτηται
1665 2871 1680 2896 ,
1711 2831 1798 2884 διὰ
1836 2829 1898 2884 τὸ

306 2922 489 2977 πολὺν
513 2918 698 2997 εἶναι]

388 3015 511 3069 Ὅτι
535 3015 860 3085 εὶσήκουσε
875 3017 1089 3086 Κύριος
1103 3015 1215 3086 τῆς
1234 3014 1440 3086 φωνῆς
1461 3016 1565 3071 τοῦ
1586 3016 1896 3087 κλαυθμοῦ

1997 2006 2092 2059 per
2116 1999 2288 2045 totum
2324 1990 2448 2046 vitze
2479 2000 2733 2059 tempus:
2769 1999 2822 2046 et
2851 1990 2998 2061 quod
3034 1990 3126 2046 alii
3154 2001 3367 2061 tempus
3393 1990 3569 2046 laudi--

1996 2080 2098 2135 bus
2126 2081 2432 2147 insumunt,
2465 2082 2515 2137 id
2568 2083 2658 2137 ille
2693 2083 3027 2139 confessioni
3061 2084 3304 2153 deputat.
3358 2082 3571 2139 Lavabo

1994 2188 2087 2241 per
2131 2174 2370 2244 singulas
2407 2183 2582 2228 noctes
2627 2174 2816 2228 lectum
2847 2190 3038 2229 meum.
3088 2174 3192 2229 Pro
3225 2183 3385 2230 nocte
3434 2190 3565 2241 una,

1997 2263 2197 2332 inquit,
2229 2279 2394 2334 quam
2423 2265 2701 2336 peccando
2740 2266 2999 2336 transegi,
3032 2266 3238 2321 multas
3284 2266 3437 2336 exegi
3470 2282 3571 2319 no—

1996 2361 2111 2408 ctes
2143 2354 2369 2423 rigando
2400 2334 2656 2426 laerymis
2686 2356 2886 2411 lectum
2913 2372 3119 2411 meum.

2076 2446 2130 2500 8.
2165 2444 2430 2501 Turbatus
2454 2456 2531 2501 est
2556 2464 2589 2500 a
2608 2448 2790 2518 furore
2811 2450 2993 2503 oculus
3014 2465 3177 2503 meus.
3201 2448 3434 2505 Mentem
3461 2450 3571 2517 ait;

1996 2537 2113 2606 ipsa
2144 2537 2342 2607 quippe
2368 2547 2452 2593 est
2490 2540 2686 2594 anima:
2723 2541 2936 2596 oculus.
2972 2541 3264 2596 lnveteravi
3294 2543 3431 2595 inter
3456 2558 3571 2596 om-

1997 2643 2085 2681 nes
2115 2629 2358 2683 inimicos
2403 2646 2563 2685 meos.
2616 2630 2716 2687 Hic
2740 2639 2953 2702 tempus
2979 2647 3235 2688 aerumnae.
3260 2634 3494 2690 declarat

2070 2718 2246 2793 [Quod
2280 2722 2332 2777 in
2387 2733 2536 2793 recte
2583 2722 2847 2779 factorum
2902 2740 3129 2781 numero
3180 2724 3413 2796 reponit,
3443 2725 3570 2797 quia

1997 2815 2227 2869 multum
2263 2813 2412 2886 fuit.]

2061 3023 2115 3077 9.
2150 3021 2413 3087 Quoniam
2446 3025 2718 3079 exaudivit
2754 3025 3009 3082 Dominus
3043 3045 3216 3083 vocem
3247 3031 3403 3100 fletus
3448 3027 3571 3087 mei.

300 3128 448 3181 μου.
486 3111 572 3175 Ὧς
596 3111 698 3182 ἥδη
728 3110 1101 3174 εἰσακουσθεὶς
1131 3108 1341 3202 μακρὸν
1370 3107 1512 3162 κατὰ
1538 3109 1646 3162 τῶν
1684 3108 1891 3181 ἐχθρῶν

2025 3111 2167 3178 ξιιοεί
2221 3112 2335 3183 jam
2395 3116 2689 3171 exauditus
2750 3117 2974 3187 longum
3048 3128 3238 3174 contra
3318 3119 3572 3177 inimicos

308 3203 552 3275 συνείρει
576 3201 755 3272 λόγον.
782 3204 859 3256 Οὐ
894 3202 1067 3273 μικρὰ
1101 3200 1158 3255 δὲ
1186 3186 1281 3255 καὶ
1315 3199 1455 3272 αὕτη
1510 3201 1647 3274 πρὸς
1693 3200 1891 3274 ἀρετὴν

2025 3202 2240 3257 :ontexit
2268 3218 2598 3258 sermonem.
2634 3202 2746 3261 Nec
2784 3186 3009 3261 minima
3045 3206 3136 3262 illa
3185 3216 3268 3264 est
3302 3208 3372 3264 ad
3401 3211 3574 3266 virtu-

306 3295 451 3359 ὁδὸς,
477 3294 541 3347 τὸ
566 3293 789 3364 φεύγειν
819 3294 914 3347 καὶ
948 3292 1335 3365 διακρούεσθαι
1376 3293 1476 3358 τὰς
1499 3293 1609 3347 τῶν
1642 3293 1895 3366 πονηρῶν

311 3390 621 3455 συνουσίας.
656 3385 823 3454 Οὗτος
853 3389 962 3463 γὰρ
982 3390 1083 3460 τῆς
1113 3390 1400 3461 μετανοίας
1427 3391 1641 3462 καρπὸς
1673 3391 1767 3446 καὶ
1787 3391 1897 3446 τῶν

310 3482 562 3555 δακρύων
620 3482 688 3536 τὸ
718 3481 927 3554 κέρδος.
966 3483 1037 3534 Ἢ
1093 3481 1327 3546 ἐλλιπῶς
1379 3481 1562 3547 τοῦτο,
1596 3481 1718 3536 ἀντὶ
1762 3482 1893 3536 ’ποῦ’

309 3575 411 3638 Δὸς
456 3575 635 3627 εἰπεῖν
676 3576 789 3637 τοῖς
833 3572 1255 3645 ἐπεμϐαίνουσιν
1280 3572 1496 3645 ἐχθροῖς
1520 3590 1534 3605 ο
1574 3574 1895 3646 Ἀπόστητε,

309 3668 393 3721 ὅτι
416 3665 803 3739 είσηκούσθην,
833 3666 915 3721 ὅτι
945 3664 1314 3738 προσεδέχθην
1336 3667 1366 3719 ὁ
1388 3666 1477 3722 διὰ
1500 3667 1599 3739 τῆς
1624 3667 1898 3739 ἁμαρτίας

312 3756 612 3821 ἀπωσθείς.

314 3936 632 3990 ΨΑΛΜΟΣ
653 3930 735 3999 τῷ
762 3932 964 3997 Δαυῒδ,
1002 3932 1074 3987 ὃν
1103 3928 1220 4007 ᾖσε
1245 3931 1324 3999 τῷ
1356 3934 1552 4001 Κυρίῳ
1579 3933 1732 4001 ὑπὲρ
1781 3933 1899 3988 τῶν

621 4028 823 4098 λόγων
852 4026 1043 4081 Χουσὶ
1069 4027 1202 4081 υἱοῦ
1237 4025 1483 4097 Ἰεμινεῐ.
1512 4029 1592 4080 Z’.

950 4116 1275 4183 Ὑπόθεσις.

321 4210 700 4282 Ἀρχιεταῖρος
743 4208 837 4263 τοῦ
888 4208 1049 4262 Δαυῖδ
1080 4210 1109 4262 6
1144 4207 1352 4272 Χουσὶ,
1403 4206 1462 4270 ὃς
1511 4206 1899 4261 ἀποστέλλεται

383 4302 541 4372 παρά
576 4299 672 4354 τοῦ
700 4300 860 4354 Δαυῖδ
891 4300 1026 4369 πρὸς
1046 4298 1397 4370 Ἀϐεσσαλὼμ
1420 4299 1510 4352 ἐπὶ
1535 4297 1611 4370 τῷ
1638 4299 1901 4371 ἀντιπρᾶ-

382 4391 475 4458 ξαι
520 4391 601 4464 τῷ
658 4391 937 4463 Ἀχιτόφελ
982 4391 1174 4462 βουλὰς
1214 4390 1586 4462 είσηγουμένῳ
1626 4390 1768 4444 κατὰ
1805 4389 1897 4444 τοῦ

1994 3302 2104 3349 tem
2133 3295 2241 3361 via,
2264 3294 2451 3366 fugere
2471 3304 2523 3350 et
2550 3297 2787 3367 abjicere
2812 3298 3184 3368 improborum
3209 3302 3567 3357 consortium.

1999 3382 2096 3440 Hic
2120 3386 2266 3440 enim
2318 3394 2402 3442 est
2453 3388 2787 3458 paenitentiae
2839 3389 3050 3445 fruetus
3101 3401 3156 3448 et
3204 3392 3571 3466 lacrymarum

1997 3475 2236 3533 lucrum.
2263 3475 2372 3532 Aut
2396 3475 2648 3534 fortassis
2681 3479 2814 3535 illud
2854 3496 2951 3551 per
2976 3482 3190 3553 ellipsin
3236 3483 3439 3541 dictum
3464 3495 3569 3549 est,

1998 3576 2059 3623 ut
2086 3568 2423 3640 intelligatur
2455 3589 2470 3626 :
2502 3570 2753 3629 Concede
2798 3575 2957 3631 nobis
2983 3583 3041 3630 ut
3085 3576 3334 3635 dicamur.
3363 3579 3430 3634 iis
3476 3578 3571 3649 qui

1998 3660 2053 3714 in
2092 3675 2194 3715 nos
2225 3660 2829 3720 irruuntadversariis:
2863 3664 3174 3730 Abscedite,
3200 3669 3461 3739 quoniam
3483 3683 3574 3724 ex-

1998 3752 2205 3807 audivit
2232 3770 2337 3808 me.
2377 3754 2647 3820 Quoniam
2678 3757 2794 3828 ipse
2815 3766 3104 3828 susceptus
3135 3775 3280 3827 sum,
3314 3761 3408 3832 qui
3440 3775 3570 3832 pec-

1997 3844 2105 3899 cati
2138 3860 2305 3899 causa
2335 3848 2598 3914 expulsus
2632 3847 2864 3904 fueram.

2142 3932 2386 3988 PSALM
2394 3935 2482 3991 US
2513 3937 2722 4003 Davidi,
2766 3956 2918 4010 quem
2944 3943 3175 3996 cantavit
3209 3942 3430 3996 Domino

2250 4045 2345 4097 pro
2376 4030 2541 4083 verbis
2568 4030 2759 4094 Clausi,
2787 4033 2890 4100 ﬁlii
2916 4031 3133 4087 Jemini.
3182 4032 3312 4088 VII.

2585 4122 2981 4190 Argumentum.

1997 4210 2378 4266 Amicissimus
2405 4211 2590 4266 Davidi
2620 4214 2951 4279 eratChusi,
3004 4215 3097 4286 qui
3151 4217 3383 4271 mittitur
3409 4233 3438 4271 a
3475 4216 3573 4273 Da-

2071 4302 2192 4355 vide
2241 4301 2306 4356 ad
2339 4300 2680 4367 Abessalom,
2711 4312 2768 4357 ut
2794 4303 3141 4376 Aclnitopheli
3165 4347 3182 4370 ,
3214 4308 3572 4364 consiliorum

2071 4405 2258 4447 contra
2310 4390 2565 4447 Davidem
2595 4394 2827 4462 auctori,
2861 4396 3265 4453 adversaretur.
3309 4398 3414 4466 Qui
3445 4415 3569 4454 cum

382 4485 582 4538 Aau‘iB'
615 4485 674 4548 ὃς
706 4485 799 4538 καὶ
821 4482 1071 4537 ἀπελθὼν
1090 4523 1106 4548 ,
1141 4484 1234 4536 καὶ
1266 4483 1558 4555 προδοσίαν
1600 4483 1891 4554 ὑποκρινά-

2067 4486 2440 4554 abscessisset,
2467 4502 2531 4542 ac
2552 4487 2915 4557 proditionem
2946 4489 3255 4555 simularet,
3281 4491 3572 4547 consilium

385 4594 570 4647 μενος,
587 4576 784 4647 βουλῆς
807 4575 1200 4648 προστεθείσης
1223 4574 1375 4646 παρά
1391 4574 1483 4628 τοῦ
1515 4573 1891 4645 ’Λϐεσσαλὼμι

381 4668 535 4739 αὐτῷ
557 4685 617 4721 τε
652 4666 728 4739 τῷ
748 4668 918 4722 Χουσὶ
945 4667 1038 4722 καὶ
1071 4667 1147 4739 τῷ
1186 4667 1498 4738 Ἀχιτόφελ·
1538 4668 1633 4720 καὶ
1668 4666 1762 4719 τοῦ
1798 4666 1894 4737 μὲν

383 4761 700 4825 κελεύοντος
739 4758 1072 4824 ἐπιδιώκειν,
1101 4759 1195 4813 τοῦ
1241 4759 1545 4830 Ἀχιτόφελ,
1573 4759 1664 4813 τοῦ
1703 4759 1759 4812 δὲ
1797 4759 1892 4831 μὴ,

379 4852 480 4906 τοῦ
503 4851 674 4906 Χουσί
697 4869 712 4882 ·
743 4852 802 4905 οὐ
835 4851 945 4924 γὰρ
976 4852 1058 4905 δεῖ
1076 4850 1407 4923 ἀπράκτως,
1443 4852 1606 4922 φησὶν
1627 4893 1640 4918 ,
1684 4850 1894 4904 ἐπιέναι

381 4944 539 5016 ἀνδρὶ
565 4941 914 5014 ἐπισταμένῳ
942 4941 1011 4995 τὰ
1035 4940 1293 5012 πολέμια·
1325 4941 1421 4994 καὶ
1445 4941 1621 5012 τούτῳ
1644 4940 1721 5012 τῷ
1752 4941 1895 5012 λόγῳ

373 5028 752 5092 νδιασώσαντος
776 5030 865 5083 τὸν
889 5029 1049 5083 Δαυῒδ
1070 5047 1083 5060 ·
1117 5030 1189 5093 ὡς
1217 5030 1283 5085 ἂν
1303 5031 1378 5101 μὴ
1406 5029 1753 5103 ἀνθρωπίνης
1774 5033 1897 5085 ἐπι-

384 5124 613 5196 κουρίας
640 5122 964 5195 σωζόμενος,
1003 5122 1081 5194 τῷ
1117 5118 1236 5193 Θεῷ
1268 5122 1367 5192 τὴν
1401 5124 1540 5195 ὑπὲρ
1571 5124 1776 5178 τούτων
1805 5124 1896 5177 εὑ-

383 5216 740 5287 χαριστήριον
774 5213 917 5286 ᾠδὴν
944 5214 1294 5284 ἀναπέμπει,
1328 5213 1390 5266 τὸ
1423 5215 1530 5268 πᾶν
1577 5214 1785 5268 ἐκείνου

384 5307 570 5378 χάριτι
593 5304 896 5368 ἀνατιθεὶς,
927 5303 1230 5376 ἀνθρώπων
1262 5304 1319 5357 δὲ
1342 5304 1533 5358 οὐδενί.

383 5400 562 5467 Κύριε
580 5401 615 5453 ό
648 5399 793 5463 Θεός
815 5414 952 5464 μου,
979 5396 1077 5450 ἐπὶ
1109 5397 1207 5451 σοὶ
1249 5396 1506 5466 ἤλπισα.
1554 5399 1772 5470 Ἐπειδὴ
1802 5399 1896 5452 άν-

317 5490 539 5563 θρὼπῳ,
567 5492 703 5563 φησὶ
726 5533 743 5556 ,
781 5490 912 5563 περὶ
945 5491 1217 5561 σωτηρίας
1239 5490 1299 5543 οὐ
1335 5489 1544 5563 θαρρῶ,
1598 5493 1647 5544 εἰ
1678 5492 1774 5545 καὶ
1801 5491 1895 5545 τοῦ

322 5583 484 5637 Χουσὶ
507 5587 555 5638 οξ
581 5585 735 5653 λόγοι
762 5581 943 5643 καλοὶ,
970 5582 1142 5635 σῶσόν
1169 5600 1236 5654 με
1261 5583 1355 5636 καὶ
1388 5585 1452 5637 ἐκ
1475 5583 1582 5636 τῶν
1613 5585 1896 5657 παρόντων

320 5675 417 5746 μὲν
444 5676 674 5750 ἐχθρῶν,
709 5675 954 5748 μάλιστα
978 5673 1035 5726 δὲ
1057 5674 1164 5727 ἀπὸ
1186 5673 1278 5730 τοῦ
1300 5675 1680 5749 ἐφεδρεύοντος
1707 5675 1895 5749 νοητοῦ

320 5764 520 5833 λέοντος
541 5772 605 5841 τῇ
633 5766 889 5842 ἡμετέρᾳ
921 5762 1089 5836 ψυχῇ-

2067 4579 2377 4648 postulante
2403 4579 2758 4634 Abessalome
2778 4579 2944 4635 Clausi
2961 4588 3015 4635 et
3030 4582 3393 4651 Achitopheli,
3413 4594 3574 4655 atque

2067 4670 2354 4725 consilium
2380 4671 2544 4725 dante
2563 4670 2940 4741 Achitophele,
2963 4682 3024 4727 ut
3040 4672 3296 4729 Davidcm
3320 4675 3575 4746 inseque-

2070 4770 2253 4825 retur;
2292 4758 2369 4814 Ch
2381 4761 2462 4815 usi
2492 4771 2673 4815 autem
2698 4776 2858 4816 secus
2883 4763 3168 4828 suadente,
3188 4778 3298 4817 non
3322 4774 3574 4833 oportere

2070 4852 2296 4916 scilicet,
2339 4868 2441 4909 nec
2485 4869 2516 4908 e
2545 4869 2606 4908 re
2649 4852 2788 4918 fore,
2837 4853 3053 4924 insequi
3101 4855 3279 4910 virum
3338 4857 3574 4927 peritum

2069 4947 2193 5003 belli
2227 4966 2242 5014 ;
2273 4946 2339 5002 iis
2369 4946 2552 5002 verbis
2583 4945 2842 5002 Davidem
2873 4949 3130 5004 servavit.
3167 4949 3216 5006 Is
3247 4964 3374 5005 vero
3418 4950 3575 5019 quasi

2076 5056 2184 5095 non
2213 5040 2456 5095 humano
2493 5047 2743 5095 servatus
2769 5040 2998 5107 auxilio,
3028 5041 3138 5097 Deo
3171 5042 3442 5097 canticum
3469 5041 3574 5094 hoc

2070 5133 2124 5187 in
2152 5131 2448 5204 gratiarum
2490 5132 2756 5186 actionem
2801 5131 2989 5187 od‘ert:
3011 5131 3240 5203 ejusque
3262 5131 3452 5201 gratim
3484 5139 3571 5184 too

2071 5233 2207 5287 tum,
2243 5237 2307 5277 ac
2336 5222 2473 5276 nulli
2495 5223 2781 5278 hominum
2814 5224 3059 5279 ascribit.

2068 5401 2124 5455 2.
2146 5398 2369 5454 Domine
2402 5398 2537 5454 Deus
2571 5417 2735 5467 meus,
2769 5401 2823 5454 in
2856 5412 2904 5455 te
2929 5398 3155 5470 speravi.
3177 5395 3468 5463 Quoniam,
3499 5398 3575 5452 iu—

2000 5493 2138 5561 quit,
2173 5491 2240 5546 de
2280 5506 2398 5546 mea
2448 5493 2624 5549 salute
2679 5494 2813 5548 nihil
2858 5495 2927 5548 ab
2975 5491 3196 5546 homine
3242 5489 3572 5560 sperandum

2000 5592 2153 5655 puto,
2192 5583 2318 5638 licet
2342 5582 2511 5640 Chusi
2542 5586 2772 5641 consilia
2804 5587 2943 5640 bona
2972 5583 3083 5638 sint
3110 5601 3126 5650 ;
3160 5591 3219 5638 tu
3249 5591 3428 5638 tamen
3460 5583 3573 5636 sal-

1999 5688 2129 5728 vum
2167 5687 2256 5728 me
2294 5670 2403 5742 fac,
2457 5674 2761 5745 etquidem
2810 5688 2877 5727 ex
2929 5672 3262 5727 instantibus
3313 5670 3572 5732 inimicis.

2001 5766 2096 5823 sed
2120 5764 2358 5819 maxime
2387 5780 2417 5822 a
2446 5766 2716 5838 spirituali
2746 5766 2926 5832 leone,
2958 5764 3053 5836 qui
3089 5765 3287 5820 animae
3317 5777 3452 5818 mea;
3490 5762 3571 5814 in-

2005 5858 2172 5943 sidias
2200 5865 2375 5925 parat.
