3944 6220
390 332 459 386 19
1239 330 1297 386 S.
1337 322 1706 384 ATHANASII
1746 323 1899 382 OPP.
1930 319 2120 378 PARS
2157 322 2244 379 ΙΙΙ.
2285 352 2355 364 —
2391 317 2804 376 EXEGETICA.
2888 378 2893 383 _
3553 306 3629 364 83

459 452 511 507 5.
561 450 620 509 Si
657 453 863 509 reddidi
911 453 1316 510 retribuentibus
1347 452 1475 505 mihi
1508 450 1668 504 mala.
1717 448 1952 518 lujuria-

2119 447 2189 499 Et
2214 442 2605 501 dwaaédwxa
2649 441 2774 507 τοῖς
2806 434 3277 494 άνταποδιδοῦσι
3321 449 3422 504 μοι
3450 428 3625 485 κακά.

389 549 510 598 ru'm
539 544 867 601 oblivionem
919 545 1158 615 praefert,
1202 560 1312 615 qua
1344 543 1513 598 Deum
1546 543 1611 596 ad
1646 540 1958 595 misericor-

390 633 535 688 diam
582 643 866 703 provocat.
926 634 1174 687 Decidam
1210 634 1396 686 merito
1450 632 1514 684 ab
1566 628 1795 683 inimicis
1829 629 1960 681 meis

391 721 586 777 inanis.
618 718 809 777 Justus
840 730 964 792 post
989 722 1271 776 victoriam
1294 721 1486 790 plenus
1530 727 1872 786 onustusque
1893 716 1960 768 ab

394 812 633 869 inimicis
675 815 946 869 abscedit:
981 813 1261 882 improbus
1288 822 1468 867 autem
1510 811 1602 865 ubi
1645 811 1821 867 victus
1853 815 1958 874 est,

393 904 464 960 iis
492 919 699 960 vacuus
718 906 940 968 excidit,
975 906 1179 959 nullam
1207 907 1416 960 habens
1438 917 1617 959 rerum
1645 901 1878 970 copiam.

465 993 522 1050 6.
552 993 908 1065 Persequatur
945 996 1192 1049 inimicus
1219 998 1455 1049 animam
1483 1009 1671 1047 meam.
1701 989 1856 1057 Quod
1887 989 1964 1043 ait

396 1095 483 1142 est
508 1086 821 1157 huiusmodi
849 1106 863 1142 :
901 1089 1136 1143 incidam
1187 1090 1242 1143 in
1273 1101 1470 1142 manus
1525 1084 1725 1140 diaboli
1757 1083 1801 1137 si
1832 1081 1963 1151 quid

397 1194 465 1232 ex
494 1180 823 1249 supradictis
850 1179 1069 1235 admisi.
1103 1179 1268 1250 (Alio
1298 1179 1514 1246 modo.)
1553 1175 1610 1230 Id
1644 1184 1747 1238 est,
1785 1175 1830 1229 si
1863 1174 1964 1227 hoc

399 1272 601 1329 illudve
632 1272 754 1337 feci,
796 1288 943 1327 nea
996 1282 1220 1341 peccato
1271 1272 1472 1325 liberer
1528 1276 1651 1322 ante
1708 1273 1960 1319 mortem.

401 1364 661 1418 Exaltare
690 1367 745 1418 in
794 1365 987 1434 ﬁnibus
1017 1365 1348 1418 inimicorum
1376 1376 1627 1415 meorum.
1674 1357 1729 1412 ld
1755 1365 1858 1420 est,
1909 1356 1964 1408 in

400 1456 640 1510 robustis
686 1456 1031 1510 inimicorum
1068 1469 1334 1509 meorum.
1371 1452 1504 1506 Nam
1551 1450 1685 1504 lines
1731 1445 1963 1503 summi-

401 1555 540 1600 tates
576 1546 905 1615 signiﬁcant.

474 1637 525 1689 ‘7.
556 1635 624 1689 Et
661 1652 908 1707 exsurge,
944 1636 1162 1689 Domine
1196 1634 1334 1690 Deus
1381 1650 1544 1697 meus,
1579 1634 1634 1685 in
1678 1636 1954 1698 prtzcepto.

405 1724 591 1781 Palam
619 1726 706 1782 his
737 1727 919 1781 verbis
967 1726 1255 1782 adventum
1306 1723 1591 1778 annuntiat
1645 1717 1959 1775 Salvatoris.

2060 538 2134 590 Τὸ
2153 537 2524 608 ἀμνησὶκακον
2548 532 2907 605 προϐάλλεται
2948 528 3178 583 ὲκκαλού
3188 543 3343 598 μενος
3372 524 3437 578 δι’
3464 522 3629 577 αὐτοῦ

2062 630 2141 692 εἰς
2173 628 2319 681 ἔλεον
2349 627 2440 680 τὸν
2465 625 2616 680 Θεὸν.
2644 623 3031 690 Ἀποπέσοιμι
3074 619 3188 687 ἄρα
3220 616 3338 673 ἀπὸ
3382 614 3500 670 τῶν
3530 614 3631 681 ἐχ-

2061 719 2215 786 θρῶν
2227 735 2344 787 μου
2373 718 2568 781 κενός.
2608 714 2666 768 Ὀ
2694 715 2790 785 μὲν
2818 712 3021 772 δίκαιος
3036 710 3263 779 νικήσας
3288 705 3498 777 πλήρης
3522 703 3631 757 ἀπὸ

2060 811 2168 865 τῶν
2214 809 2421 880 ἐχθρῶν
2464 806 2775 878 ἐξέρχεται·
2812 806 2840 858 ὁ
2891 803 2948 856 δὲ
3000 801 3200 870 φαῦλος
3251 799 3343 853 καὶ
3387 796 3632 868 νικηθεὶς

2062 904 2358 958 ἀποπίπτει
2384 896 2560 955 αὐτῶν
2582 900 2756 962 κενὸς,
2780 898 2874 950 καὶ
2901 896 3051 949 οὐδὲν
3080 894 3219 965 ἔχων
3245 889 3628 963 πληρώματος.

2133 993 2491 1058 Καταδιώεαι
2532 992 2647 1059 ἄρα
2691 993 2722 1043 ό
2755 988 2966 1056 ἐχθρὸς
3000 983 3115 1051 τὴν
3139 983 3350 1053 ψυχήν
3389 997 3529 1050 μου.
3567 979 3632 1032 ’⁸0

2062 1087 2209 1155 λέγει
2233 1085 2471 1139 τοιοῦτον
2519 1085 2698 1136 ἐστιν’
2745 1079 2999 1149 Ἐμπέσω
3044 1077 3122 1139 εἰς
3151 1074 3247 1137 τὰς
3300 1074 3486 1143 χεῖρας
3534 1067 3631 1123 τοῦ

2062 1178 2330 1239 διαϐόλου,
2369 1176 2417 1228 εἰ
2445 1173 2684 1227 τοιοῦτόν
2712 1190 2762 1224 τι
2789 1170 3020 1240 ἐποίησα
3053 1165 3160 1219 τῶν
3189 1162 3595 1236 προλεχθέντων
3614 1175 3629 1191 ’

2065 1273 2114 1322 εἰ
2137 1270 2229 1322 καὶ
2251 1268 2311 1320 τὸ
2330 1265 2498 1320 καὶτὸ
2521 1264 2772 1333 ἐποίησα,
2799 1260 2872 1332 μὴ
2895 1256 3313 1329 ἐλευθερωθεὶην
3337 1257 3433 1325 τῆς
3454 1254 3635 1325 ἁμαρ-

2064 1360 2184 1423 τιας
2229 1359 2334 1430 πρὸ
2371 1355 2463 1411 τοῦ
2523 1354 2775 1408 θανάτου.
2816 1349 3101 1418 ’Υψώθητι
3135 1348 3205 1402 ἐν
3254 1345 3378 1411 τοῖς
3416 1345 3633 1412 πέρασι

2065 1449 2185 1505 τῶν
2204 1445 2431 1518 ἐχθρῶν
2449 1464 2589 1516 μου.
2629 1443 2935 1506 Τουτέστιν,
2982 1443 3038 1494 ὲν
3068 1442 3180 1502 τοῖς
3205 1439 3482 1509 κραταιοϊς
3526 1432 3632 1488 τῶν

2067 1542 2271 1615 ἐχθρῶν
2300 1558 2421 1612 μου.
2452 1540 2670 1610 Περατα
2698 1536 2805 1606 γὰρ
2830 1534 2897 1588 τὰ
2929 1534 3073 1604 ἄκρα
3094 1531 3259 1601 δηλοῖ.

2136 1632 2245 1686 Καὶ
2277 1627 2630 1698 ὲξεγέρθητι,
2659 1627 2835 1693 Κύριε
2854 1626 2886 1677 ὁ
2922 1625 3065 1688 Θεός
3084 1637 3226 1689 μου,
3258 1619 3327 1672 ἐν
3372 1615 3633 1685 προστά-

2070 1738 2242 1794 mare
2263 1714 2312 1787 ᾧ
2338 1718 2632 1773 ἐνετείλω.
2667 1714 2861 1784 Σαφῶς
2893 1712 3020 1784 περὶ
3046 1712 3144 1782 τῆς
3190 1707 3506 1778 θεοφανείας
3538 1705 3633 1761 τοῦ

409 1816 480 1870 Et
509 1833 775 1887 synagoga
802 1816 1114 1885 populorum
1147 1814 1491 1869 circumdabit
1524 1821 1590 1866 te.
1641 1809 1737 1864 His
1783 1815 1968 1878 aperte

2100 1789 2318 1883 ίωτῆρος
2341 1810 2429 1864 διὰ
2455 1809 2560 1863 τῶν
2590 1808 2871 1879 παρόντων
2903 1801 3331 1872 εὐαγγελίζεται.
3364 1801 3472 1855 Kal
3495 1815 3639 1854 συν-

406 1907 646 1963 declarat
672 1904 926 1962 Ecclesia:
955 1906 1115 1960 fidem
1140 1906 1193 1959 in
1227 1905 1429 1975 ipsum.

479 2082 533 2138 8.
559 2081 628 2143 Et
654 2093 863 2152 propter
903 2083 1038 2141 hanc
1084 2082 1140 2134 in
1184 2082 1350 2134 altum
1397 2079 1681 2148 regredere.
1726 2075 1972 2148 Synago-

406 2189 532 2247 gam
573 2176 839 2231 videlicet.
881 2174 1017 2230 Illud
1060 2189 1209 2237 vero,
1244 2176 1300 2228 in
1334 2172 1499 2225 altum
1529 2211 1544 2233 ,
1578 2179 1673 2225 aut
1709 2184 1971 2224 veneran-

410 2267 535 2321 dam
590 2265 860 2336 signilicat
910 2280 1149 2330 crucem,
1190 2264 1256 2318 ad
1307 2278 1472 2332 quam
1523 2262 1701 2315 attulit
1747 2268 1967 2330 peccata

410 2364 614 2421 nostra,
648 2365 743 2410 aut
771 2357 1000 2411 reditum
1036 2357 1089 2411 in
1120 2356 1340 2411 coelum.
1376 2354 1524 2408 Abiit
1561 2352 1706 2407 enim
1761 2359 1821 2405 ut
1870 2364 1971 2420 pro

412 2448 572 2505 nobis
599 2463 720 2509 sese
743 2449 962 2504 sisteret
986 2448 1053 2502 ad
1079 2454 1432 2516 conspectum
1463 2444 1661 2498 Patris.

488 2631 541 2687 9.
562 2630 758 2685 Iudico
789 2647 887 2694 me,
916 2629 1154 2694 Domine,
1178 2626 1463 2683 secundum
1493 2624 1766 2693 justitiam
1785 2636 1971 2674 meam.

414 2722 591 2794 Rogat
620 2722 815 2778 iterum
846 2738 875 2777 a
906 2720 1022 2778 suis
1068 2720 1206 2789 eripi
1243 2718 1504 2780 inimicis,
1550 2731 1616 2770 ex
1672 2714 1828 2768 malis
1868 2712 1974 2768 sibi

416 2813 582 2869 illatis
606 2813 672 2867 ad
703 2811 1130 2867 misericordiam
1159 2822 1482 2879 provocans.

2069 1901 2266 1974 αγωγὴ
2287 1901 2450 1956 λαῶν
2470 1898 2766 1955 κυκλώσει
2786 1912 2879 1952 σε.
2900 1896 3092 1965 Σαφῶς
3114 1895 3202 1948 διὰ
3220 1893 3329 1946 τῶν
3357 1891 3636 1963 παρόντων

2068 1996 2169 2067 τῆς
2209 1993 2533 2064 Ἐκκλησίας
2560 1992 2658 2064 τὴν
2683 1993 2761 2053 εἰς
2794 1989 2954 2043 αὐτὸν
2978 1989 3158 2040 πίστιν
3185 1984 3353 2055 δηλοῖ.

2145 2087 2255 2141 Καὶ
2284 2084 2435 2153 ὑπὲρ
2463 2084 2682 2150 ταύτης
2699 2084 2786 2146 εις
2813 2081 2970 2148 ὕψος
3009 2077 3395 2143 ἐπ’στρεψον.
3424 2071 3639 2141 Ταύτης

2075 2180 2175 2251 μὲν
2207 2179 2305 2248 τῆς
2346 2175 2665 2244 συναγωγῆς
2694 2172 2952 2242 δηλονότι.
2986 2169 3057 2222 Τὸ
3080 2169 3156 2231 δὲ,
3191 2169 3276 2232 εἰς
3299 2163 3523 2233 {gregi}
3550 2161 3640 2215 τὸν

2074 2270 2250 2342 τίμιον
2278 2268 2568 2323 αἰνίττεται
2595 2263 2843 2333 σταυρὸν,
2864 2262 2942 2323 εἰς
2962 2259 3029 2312 ,ὃν
3044 2258 3335 2327 ἀνήνεγκεν
3356 2253 3512 2324 ήμῶν
3544 2251 3640 2313 τὰς

2079 2340 2429 2431 ἁμαρτίας,ἢ
2459 2358 2556 2428 τὴν
2572 2356 2651 2418 εἰς
2673 2351 2899 2424 οὐρανὸν
2929 2348 3301 2418 ἀναφοίτησιν.
3342 2340 3639 2415 Ἐπορεύθη

2078 2451 2188 2522 γὰρ
2240 2448 2635 2521 ἐμφανισθῆναι
2676 2444 2752 2515 τῷ
2795 2440 3069 2514 προσώπῳ
3118 2438 3212 2493 τοῦ
3260 2436 3474 2507 Πατρὸς
3503 2433 3642 2503 ὑπὲρ

2083 2546 2116 2614 ἡ
2126 2544 2259 2614 μῶν.

2151 2632 2370 2702 Κρῖνόν
2392 2647 2488 2700 με,
2514 2630 2705 2698 Κύριε,
2752 2628 2901 2680 κατὰ
2931 2626 3045 2694 τὴν
3084 2623 3477 2687 δικαιοσύνην
3501 2634 3632 2687 μου.

2094 2727 2258 2793 Ἀξιοῖ
2289 2724 2447 2779 πάλιν
2475 2723 2582 2777 ἀπὸ
2604 2721 2711 2776 τῶν
2742 2717 2948 2792 ἐχθρῶν
2979 2717 3235 2788 σωθῆναι,
3271 2706 3453 2783 ἁιρ⁹ὧν
3478 2710 3643 2781 Eupa—

2084 2818 2178 2884 ξαν
2210 2819 2300 2872 τὸν
2324 2818 2473 2871 ἔλεον
2496 2816 2726 2871 ὲκκαλού
2736 2832 2915 2885 μενος.

490 2947 682 3003 Daniel
729 2944 999 3000 Barbarus
1040 2957 1058 2995 :
1098 2940 1314 2995 Iustum
1358 2937 1683 3007 adjutorium
1732 2951 1899 2988 meum
1950 2950 1983 2987 a
2024 2930 2267 2985 Domino.
2315 2928 2469 2983 Justa
2505 2930 2731 2997 petenda
2775 2938 2922 2990 sunt,
2974 2935 3045 2978 ut.
3086 2923 3202 2995 ipsa
3256 2922 3533 2992 petitionis
3595 2918 3644 2971 vi

417 3052 471 3098 et
499 3051 712 3106 natura,
743 3042 1076 3092 momentum
1102 3033 1221 3103 ejus
1249 3032 1342 3102 qui
1384 3038 1564 3086 servat
1594 3038 1773 3084 rectos
1805 3026 1971 3082 corde
2009 3023 2166 3078 facile
2195 3021 2520 3075 attrahendo
2551 3021 2898 3073 inclinemns.

493 3158 578 3212 ll.
616 3152 720 3219 Qui
751 3149 919 3205 salvos
967 3147 1098 3217 facit
1129 3154 1293 3200 rectos
1325 3142 1498 3196 corde.
1542 3140 1715 3207 Nosti,
1775 3138 1974 3208 inquit,

2153 3131 2261 3186 Τοῦ
2283 3130 2576 3197 σώζοντος
2604 3130 2744 3196 τοὺς
2788 3129 2981 3195 εὐθεῖς
3031 3126 3105 3196 τῇ
3138 3125 3378 3195 καρδίᾳ.
3427 3127 3644 3200 Ἐπειδὴ

419 3248 600 3306 cordis
617 3244 788 3302 nostri
817 3240 1202 3311 cogitationes;
1220 3243 1549 3307 quapropter
1565 3242 1719 3287 tuum
1750 3231 1981 3300 imploro

422 3340 756 3486 “ibimus
777 3424 944 3494 judea:
959 3422 1161 3491 justus,
1183 3417 1338 3487 fortis
1364 3423 1413 3471 et
1440 3416 1665 3485 patiens.
1684 3409 1779 3466 His
1802 3408 1983 3464 verbis

425 3531 608 3595 aperte
660 3518 901 3573 declarat
947 3513 1039 3567 Dei
1092 3508 1593 3580 longanimitatem,
1644 3502 1737 3573 qui
1782 3499 1985 3570 suppli-

424 3614 568 3670 cium
600 3608 796 3671 dill‘ert,
836 3605 935 3661 etsi
969 3619 1076 3657 non
1107 3599 1330 3655 omnino
1360 3604 1567 3668 parcat.

502 3793 590 3848 14.
621 3790 859 3861 Sagitta:
895 3802 1019 3840 suas
1053 3768 1358 3837 ardentibus
1401 3777 1589 3847 eﬁ'ecit.
1642 3772 1879 3844 Sagittas
1906 3769 1988 3824 di-

427 3887 503 3943 cit
530 3884 856 3956 supplicium
898 3898 911 3935 :
954 3877 1277 3941 ardentibus,
1311 3875 1377 3929 iis
1410 3873 1617 3928 scilicet
1643 3871 1736 3940 qui
1768 3880 1987 3938 poenam

427 3979 569 4051 ignis
594 3984 926 4031 meruerunt.

500 4068 590 4124 15.
626 4065 757 4120 Ecce
785 4063 1033 4135 parturiit
1068 4058 1412 4128 iniustitiam.
1447 4053 1707 4108 Inimicus
1738 4048 1990 4104 videlicet

429 4160 786 4215 vitaeuostrag.
820 4154 1065 4224 Concepit
1087 4152 1319 4205 dolorem
1339 4158 1387 4202 et
1416 4149 1611 4217 peperit
1636 4144 1987 4214 iniquitatem.

431 4248 547 4305 Hoc
567 4256 671 4310 est,
700 4256 753 4301 et
776 4244 1112 4305 deliberavit,
1130 4250 1185 4296 et
1214 4240 1359 4310 quod
1381 4239 1697 4293 decreverat
1723 4236 1774 4286 in
1808 4241 1990 4286 actum

433 4338 675 4394 deduxit.

505 4430 595 4484 16.
632 4427 832 4483 Lucum
882 4426 1085 4496 aperuit
1113 4434 1162 4479 et
1215 4423 1396 4493 effodit
1445 4437 1584 4485 eum,
1617 4428 1720 4473 etc.
1757 4415 1893 4471 Cum
1936 4414 1990 4468 in

2082 3219 2251 3289 οἶδας,
2283 3224 2435 3295 φησὶ,
2462 3224 2558 3295 τῆς
2581 3223 2852 3294 ἡμετέρας
2877 3221 3098 3292 καρδίας
3130 3218 3197 3272 τὰ
3223 3218 3495 3289 νοήματα,
3525 3218 3649 3272 τού-

2084 3334 2176 3370 του
2216 3317 2375 3389 χάριν
2400 3317 2496 3388 τὴν
2527 3316 2778 3388 βοήθειαν
2812 3313 3027 3378 ὲξαιτῶ.

2167 3411 2229 3463 '0
2258 3414 2400 3475 Θεὸς
2431 3408 2635 3477 κριτὴς
2657 3409 2887 3473 δίκαιος
2917 3407 3014 3460 καὶ
3041 3406 3287 3476 ἰσχυρὸς
3319 3404 3414 3459 καὶ
3434 3404 3652 3473 μακρό-

2085 3504 2290 3570 θυμος.
2338 3500 2531 3569 Σαφῶς
2562 3499 2652 3552 διὰ
2677 3498 2784 3552 τῶν
2813 3498 3066 3551 τοιούτων
3099 3498 3395 3570 παρίστησι
3435 3494 3496 3546 τὸ
3542 3510 3647 3565 μα-

2088 3590 2360 3663 κρὸθυμον
2380 3590 2472 3643 τοῦ
2498 3589 2654 3654 Θεοῦ,
2700 3587 2966 3658 ἀναϐολὴν
3003 3589 3101 3658 μὲν
3136 3588 3349 3658 ἔχοντος
3377 3585 3479 3655 τῆς
3510 3587 3654 3655 ἡμε-

2089 3683 2253 3755 τέρας
2277 3683 2566 3747 κολάσεως,
2602 3684 2661 3736 οὐ
2700 3682 2804 3752 μὴν
2833 3680 3069 3751 παντελῆ
3094 3678 3441 3750 συγγνώμην.

2166 3775 2240 3829 Τὰ
2271 3774 2428 3840 ,ϐέλη
2467 3774 2651 3829 αὐτοῦ
2703 3773 2825 3840 τοῖς
2873 3772 3208 3842 καιομένοις
3238 3768 3644 3839 ἐξειργάσατο.

2092 3869 2230 3939 Βέλη
2272 3868 2370 3940 μὲν
2403 3868 2502 3937 τὴν
2541 3866 2806 3937 τιμωρίαν
2849 3866 3042 3936 φησὶν,
3073 3863 3407 3933 καιομένοις
3447 3862 3503 3915 δὲ
3539 3863 3651 3925 τοῖς

2092 3959 2259 4027 ἀξίοις
2295 3959 2484 4031 πυρός.

2174 4051 2317 4106 Ἰδοὺ
2343 4028 2639 4117 ὧδίνησεν
2664 4049 2921 4103 ἀδικίαν.
2961 4049 3017 4102 '0
3037 4048 3228 4119 ἐχθρὸς
3248 4028 3347 4118 τῆς
3376 4046 3650 4118 ἡμετέρας

2094 4145 2254 4215 ζωῆς.
2288 4141 2586 4197 Συνέλαϐε
2615 4144 2804 4195 πόνον
2826 4141 2925 4194 καὶ
2944 4140 3147 4193 ἔτεκεν
3172 4140 3444 4208 ἀνομίαν.
3481 4139 3618 4190 Τουτ
3644 4168 3649 4173 ~

2094 4232 2208 4287 ἐστι
2239 4234 2331 4286 καὶ
2359 4232 2701 4302 βεϐούλευται
2730 4235 2821 4286 καὶ
2849 4235 2928 4298 εἰς
2944 4234 3101 4306 ἔργον
3135 4233 3368 4309 ἐξήγαγε
3396 4232 3463 4285 τὰ
3487 4231 3654 4300 σκέμ-

2099 4338 2261 4393 ματα.

2166 4412 2405 4467 Λάκκον
2429 4411 2619 4481 ὤρυξε
2642 4413 2739 4466 καὶ
2780 4413 3131 4481 ἀνέσκαψεν
3171 4412 3377 4465 αὐτόν.
3417 4410 3653 4463 Θάνατον

436 4522 770 4579 Salvatorem
815 4518 1088 4571 Christum
1120 4524 1348 4570 mortem
1384 4519 1652 4583 parasset,
1682 4508 1843 4561 morti
1879 4507 1974 4575 ipse

2100 4506 2207 4578 γὰρ
2234 4507 2648 4568 κατασκευάσας
2681 4507 2818 4559 κατὰ
2857 4507 2949 4559 τοῦ
2990 4507 3237 4577 Σωτῆρος
3266 4500 3499 4575 Χριστοῦ
3519 4542 3534 4566 ,
3563 4501 3657 4554 θα-

438 4613 670 4670 traditus
699 4621 806 4666 est.

621 4703 686 4758 In
715 4704 888 4768 ﬁnem,
921 4718 1014 4770 pro
1040 4699 1410 4762 torcularibus,
1442 4690 1677 4748 PSALJ!
1689 4688 1776 4744 US

1005 4791 1193 4846 David.
1240 4787 1402 4844 VIII.

996 4882 1035 4935 Α
1048 4892 1397 4952 rgumentum.

433 4979 574 5037 Olim
606 4979 659 5033 in
689 4978 842 5049 legali
871 4978 1016 5031 cultu
1036 5014 1050 5039 ,
1078 4975 1131 5027 in
1162 4972 1364 5041 templo
1394 4980 1510 5025 erat
1539 4967 1825 5039 προλήνιον
1853 4979 1908 5033 q.
1941 4962 1995 5015 d.

505 5070 878 5141 protorcular,
931 5067 982 5119 id
1036 5076 1119 5119 est
1176 5064 1389 5117 altare:
1444 5061 1536 5115 sed
1587 5065 1709 5129 post
1754 5055 1995 5126 gentium

504 5164 863 5225 vocationem,
895 5159 1059 5212 multa
1110 5163 1239 5211 sunt
1281 5153 1597 5212 toreularia,
1627 5150 1757 5219 ipsa!
1787 5147 1996 5202 scilicet

502 5256 779 5321 Ecclesiae,
832 5252 1039 5305 fructus
1084 5263 1272 5303 eorum
1322 5247 1414 5315 qui
1469 5245 1554 5313 pie
1584 5242 1775 5295 vivunt
1823 5239 1998 5308 perci—

506 5347 737 5413 pientes.

506 5434 596 5506 [In
643 5437 796 5503 ﬁnem
839 5434 1043 5489 dictum
1093 5438 1195 5491 est,
1247 5427 1376 5498 quia
1427 5425 1478 5478 in
1532 5423 1638 5477 line
1669 5420 1992 5476 saculorum

436 5524 726 5578 terminum
780 5524 978 5580 habent
1026 5538 1086 5577 ea
1128 5535 1246 5589 qua:
1280 5515 1596 5586 prophetico
1633 5513 1825 5581 spiritu
1856 5524 1996 5578 prsc-

436 5614 578 5669 dicta
609 5625 752 5668 sunt.
781 5613 855 5669 De
886 5615 1101 5668 Christo
1128 5623 1362 5679 namque
1393 5616 1447 5661 et
1481 5606 1548 5659 de
1584 5602 1840 5658 Ecclesiis
1874 5615 1997 5670 qua:

438 5705 732 5759 secundum
796 5706 1221 5760 incarnationem
1279 5699 1634 5758 exstiterunt,
1692 5707 1997 5749 sermonem

2100 4597 2243 4667 νάτῳ
2276 4597 2646 4669 παραδίδοται.

2272 4692 2379 4753 Εἰς
2402 4689 2464 4741 τὸ
2492 4688 2684 4759 τέλος,
2717 4689 2869 4759 ὑπὲρ
2899 4686 3452 4756 ληνῶν,έΨΑΛΜΟΣ

2672 4782 2751 4846 τῷ
2781 4779 2978 4834 Δαυΐδ.
3010 4782 3096 4833 H’.

2729 4872 3048 4935 Ὑπόθεσις.

2100 4969 2273 5022 Πάλαι
2309 4966 2407 5039 μὲν
2441 4967 2498 5017 ὲν
2528 4966 2593 5034 τῇ
2624 4963 2820 5033 νομικῇ
2854 4960 3079 5032 λατρεία
3127 4956 3194 5031 ἦν
3240 4959 3297 5012 ἓν
3336 4955 3621 5029 προλήνιον
3642 4991 3659 5015 ,

2166 5059 2227 5113 τὺ
2249 5057 2628 5126 θυσιαστήριον
2658 5052 2895 5123 δηλονότι
2915 5054 2974 5106 τὸ
2995 5057 3049 5106 ὲν
3068 5052 3143 5122 τῷ
3169 5050 3300 5120 ναόξγ
3331 5047 3466 5120 μετὰ
3490 5046 3660 5115 δὲτὴν

2171 5149 2278 5202 τῶν
2309 5147 2475 5202 ἐθνῶν
2501 5147 2690 5216 κλῆσιν
2730 5146 2909 5198 πολλοὶ
2937 5145 3083 5215 ληνοί
3109 5161 3121 5172 ·
3149 5139 3307 5196 αὗται
3338 5140 3392 5194 δὲ
3449 5138 3513 5192 ἂν
3553 5133 3661 5190 εἶεν

2174 5240 2230 5292 αἱ
2274 5236 2607 5308 Ἑκκλησίαι,
2641 5238 2696 5289 αἱ
2728 5236 2854 5298 τοὺς
2880 5235 2988 5287 si»)
3016 5231 3420 5303 κατορθούντων
3464 5232 3520 5282 ὲν
3546 5228 3661 5280 θεο-

2176 5326 2359 5397 σεϐείᾳ
2390 5327 2671 5396 δεχόμεναι
2697 5323 2961 5396 καρπούς.

2176 5419 2307 5491 [Εὶς
2325 5421 2388 5471 τὸ
2407 5417 2578 5483 τέλος
2611 5417 2843 5488 εἴρηται,
2861 5416 2948 5469 διὰ
2961 5416 3020 5468 τὸ
3035 5415 3126 5468 ἐπὶ
3150 5414 3293 5466 τέλει
3322 5398 3435 5465 τῶν.
3454 5408 3663 5463 αἰώνων

2104 5510 2277 5579 πέρας
2321 5512 2463 5578 σχεῖν
2514 5507 2581 5560 τὰ
2621 5506 3087 5577 προφητευόμενα.
3118 5507 3251 5576 Περὶ
3280 5501 3514 5575 Χριστοῦ
3556 5500 3665 5570 γὰρ

2109 5599 2204 5653 καὶ
2236 5598 2343 5650 τῶν
2391 5597 2525 5667 μετὰ
2540 5597 2638 5668 τὴν
2681 5594 3088 5667 ὲνανθρώπησιν
3120 5594 3267 5663 λέγει
3306 5590 3660 5661 Ἐκκλησιῶν.

2121 5692 2272 5745 Ἐπεί
2323 5706 2384 5752 γε
2423 5689 2514 5741 καὶ
2558 5690 2587 5741 ὁ
2638 5687 2943 5746 Μονογενὴς
2982 5686 3220 5743 ἄμπελος
3268 5684 3562 5744 κέκληται,
3615 5680 3663 5733 oi
