  <div class='ocr_page' id='page_1' title='image "/cluster/home/n/w/nwhite01/storage/ocr_20150623/27/mdp.39015007065769/048.png"; bbox 0 0 3944 6220; ppageno 0'>
   <div class='ocr_carea' id='block_1_1' title="bbox 315 393 3578 478">
    <p class='ocr_par' dir='ltr' id='par_1_1' title="bbox 315 393 3578 478">
     <span class='ocr_line' id='line_1_1' title="bbox 315 393 3578 478; baseline 0.008 -25"><span class='ocrx_word' id='word_1_1' title='bbox 315 393 379 453; x_wconf 71' lang='lat'><strong>31</strong></span> <span class='ocrx_word' id='word_1_2' title='bbox 1464 406 1824 466; x_wconf 82' lang='lat' dir='ltr'><strong>EXPOSITIO</strong></span> <span class='ocrx_word' id='word_1_3' title='bbox 1864 412 1928 467; x_wconf 86' lang='lat' dir='ltr'><strong>IN</strong></span> <span class='ocrx_word' id='word_1_4' title='bbox 1968 411 2297 468; x_wconf 67' lang='lat' dir='ltr'><strong>PSALMUM</strong></span> <span class='ocrx_word' id='word_1_5' title='bbox 2346 411 2473 468; x_wconf 81' lang='lat' dir='ltr'><strong>Vlil.</strong></span> <span class='ocrx_word' id='word_1_6' title='bbox 3504 421 3578 478; x_wconf 65' lang='grc'><strong>82</strong></span> 
     </span>
    </p>
   </div>
   <div class='ocr_carea' id='block_1_2' title="bbox 324 517 1895 603">
    <p class='ocr_par' dir='ltr' id='par_1_2' title="bbox 324 517 1895 599">
     <span class='ocr_line' id='line_1_2' title="bbox 324 517 1895 599; baseline 0.011 -29"><span class='ocrx_word' id='word_1_7' title='bbox 324 517 378 570; x_wconf 75' lang='grc' dir='ltr'>δὲ</span> <span class='ocrx_word' id='word_1_8' title='bbox 404 518 586 570; x_wconf 48' lang='grc' dir='ltr'>πιστοὶ</span> <span class='ocrx_word' id='word_1_9' title='bbox 627 519 908 591; x_wconf 82' lang='grc' dir='ltr'>κλήματα.</span> <span class='ocrx_word' id='word_1_10' title='bbox 943 520 1005 575; x_wconf 86' lang='lat' dir='ltr'><strong>El</strong></span> <span class='ocrx_word' id='word_1_11' title='bbox 1041 523 1095 575; x_wconf 64' lang='grc' dir='ltr'>δὲ</span> <span class='ocrx_word' id='word_1_12' title='bbox 1139 523 1384 593; x_wconf 75' lang='grc' dir='ltr'>βιάζεται</span> <span class='ocrx_word' id='word_1_13' title='bbox 1429 529 1457 579; x_wconf 81' lang='grc' dir='ltr'>ὁ</span> <span class='ocrx_word' id='word_1_14' title='bbox 1509 530 1781 599; x_wconf 83' lang='grc' dir='ltr'>Ἰουδαῖος,</span> <span class='ocrx_word' id='word_1_15' title='bbox 1824 537 1895 596; x_wconf 76' lang='grc' dir='ltr'><strong>εἰς</strong></span> 
     </span>
    </p>
   </div>
   <div class='ocr_carea' id='block_1_3' title="bbox 2005 517 3573 603">
    <p class='ocr_par' dir='ltr' id='par_1_3' title="bbox 2006 529 3573 603">
     <span class='ocr_line' id='line_1_3' title="bbox 2006 529 3573 603; baseline 0.004 -16"><span class='ocrx_word' id='word_1_16' title='bbox 2006 533 2185 589; x_wconf 83' lang='lat' dir='ltr'><strong>habet.</strong></span> <span class='ocrx_word' id='word_1_17' title='bbox 2247 532 2699 603; x_wconf 86' lang='lat' dir='ltr'><strong>Quandoquidem</strong></span> <span class='ocrx_word' id='word_1_18' title='bbox 2768 529 3095 603; x_wconf 73' lang='lat' dir='ltr'><strong>Unlgenitus</strong></span> <span class='ocrx_word' id='word_1_19' title='bbox 3160 535 3330 599; x_wconf 83' lang='lat' dir='ltr'><strong>vitis,</strong></span> <span class='ocrx_word' id='word_1_20' title='bbox 3387 534 3573 594; x_wconf 79' lang='lat' dir='ltr'><strong>ﬁdeles</strong></span> 
     </span>
    </p>
   </div>
   <div class='ocr_carea' id='block_1_4' title="bbox 327 607 1907 691">
    <p class='ocr_par' dir='ltr' id='par_1_4' title="bbox 327 607 1907 691">
     <span class='ocr_line' id='line_1_4' title="bbox 327 607 1907 691; baseline 0.01 -28"><span class='ocrx_word' id='word_1_21' title='bbox 327 607 413 663; x_wconf 58' lang='grc' dir='ltr'><strong>τὸν</strong></span> <span class='ocrx_word' id='word_1_22' title='bbox 456 610 637 662; x_wconf 83' lang='grc' dir='ltr'>κοινὸν</span> <span class='ocrx_word' id='word_1_23' title='bbox 691 612 782 665; x_wconf 81' lang='grc' dir='ltr'><strong>τὸν</strong></span> <span class='ocrx_word' id='word_1_24' title='bbox 833 613 1044 684; x_wconf 74' lang='grc' dir='ltr'>ψαλμὸν</span> <span class='ocrx_word' id='word_1_25' title='bbox 1109 616 1364 685; x_wconf 80' lang='grc' dir='ltr'>λέγεσθαι</span> <span class='ocrx_word' id='word_1_26' title='bbox 1422 620 1708 691; x_wconf 73' lang='grc' dir='ltr'>ἄνθρωπον</span> <span class='ocrx_word' id='word_1_27' title='bbox 1728 638 1741 652; x_wconf 75' lang='grc'><strong>⁸</strong></span> <span class='ocrx_word' id='word_1_28' title='bbox 1813 625 1907 678; x_wconf 72' lang='grc' dir='ltr'>καὶ</span> 
     </span>
    </p>
   </div>
   <div class='ocr_carea' id='block_1_5' title="bbox 324 698 1907 787">
    <p class='ocr_par' dir='ltr' id='par_1_5' title="bbox 324 698 1907 787">
     <span class='ocr_line' id='line_1_5' title="bbox 324 698 1907 787; baseline 0.012 -36"><span class='ocrx_word' id='word_1_29' title='bbox 324 698 494 763; x_wconf 69' lang='grc' dir='ltr'>οὕτως</span> <span class='ocrx_word' id='word_1_30' title='bbox 545 704 791 769; x_wconf 82' lang='grc' dir='ltr'>γνωστὸν</span> <span class='ocrx_word' id='word_1_31' title='bbox 840 704 1016 771; x_wconf 77' lang='grc' dir='ltr'>ἔστω,</span> <span class='ocrx_word' id='word_1_32' title='bbox 1064 708 1139 772; x_wconf 85' lang='grc' dir='ltr'>ὡς</span> <span class='ocrx_word' id='word_1_33' title='bbox 1181 710 1267 764; x_wconf 85' lang='grc' dir='ltr'><strong>δια</strong></span> <span class='ocrx_word' id='word_1_34' title='bbox 1313 711 1471 765; x_wconf 86' lang='grc' dir='ltr'>τοῦτο</span> <span class='ocrx_word' id='word_1_35' title='bbox 1518 714 1693 766; x_wconf 76' lang='grc' dir='ltr'>πάντα</span> <span class='ocrx_word' id='word_1_36' title='bbox 1758 715 1907 787; x_wconf 76' lang='grc' dir='ltr'>αὐτῷ</span> 
     </span>
    </p>
   </div>
   <div class='ocr_carea' id='block_1_6' title="bbox 329 791 1909 874">
    <p class='ocr_par' dir='ltr' id='par_1_6' title="bbox 329 791 1909 874">
     <span class='ocr_line' id='line_1_6' title="bbox 329 791 1909 874; baseline 0.009 -30"><span class='ocrx_word' id='word_1_37' title='bbox 329 791 596 862; x_wconf 66' lang='grc' dir='ltr'>ὑπετάγη,</span> <span class='ocrx_word' id='word_1_38' title='bbox 645 792 721 857; x_wconf 84' lang='grc' dir='ltr'><strong>ὡς</strong></span> <span class='ocrx_word' id='word_1_39' title='bbox 775 797 833 847; x_wconf 81' lang='grc' dir='ltr'>ὲν</span> <span class='ocrx_word' id='word_1_40' title='bbox 876 797 1043 851; x_wconf 79' lang='grc' dir='ltr'>εἰκόνι</span> <span class='ocrx_word' id='word_1_41' title='bbox 1079 798 1215 853; x_wconf 85' lang='grc' dir='ltr'>Θεοῦ</span> <span class='ocrx_word' id='word_1_42' title='bbox 1249 802 1496 870; x_wconf 78' lang='grc' dir='ltr'>γεγονότι</span> <span class='ocrx_word' id='word_1_43' title='bbox 1538 802 1630 855; x_wconf 84' lang='grc' dir='ltr'><strong>τοῦ</strong></span> <span class='ocrx_word' id='word_1_44' title='bbox 1691 805 1909 874; x_wconf 85' lang='grc' dir='ltr'>μέλλον-</span> 
     </span>
    </p>
   </div>
   <div class='ocr_carea' id='block_1_7' title="bbox 324 884 918 961">
    <p class='ocr_par' dir='ltr' id='par_1_7' title="bbox 324 884 918 961">
     <span class='ocr_line' id='line_1_7' title="bbox 324 884 918 961; baseline 0.013 -27"><span class='ocrx_word' id='word_1_45' title='bbox 324 900 413 946; x_wconf 78' lang='grc' dir='ltr'><strong>τος</strong></span> <span class='ocrx_word' id='word_1_46' title='bbox 442 884 603 938; x_wconf 77' lang='grc' dir='ltr'>ὲνανθ</span> <span class='ocrx_word' id='word_1_47' title='bbox 611 887 773 957; x_wconf 87' lang='grc' dir='ltr'>ρωπῆ</span> <span class='ocrx_word' id='word_1_48' title='bbox 782 888 918 961; x_wconf 58' lang='lat' dir='ltr'><strong>sua]</strong></span> 
     </span>
    </p>
   </div>
   <div class='ocr_carea' id='block_1_8' title="bbox 395 1062 1908 1143">
    <p class='ocr_par' dir='ltr' id='par_1_8' title="bbox 395 1062 1908 1143">
     <span class='ocr_line' id='line_1_8' title="bbox 395 1062 1908 1143; baseline 0.011 -31"><span class='ocrx_word' id='word_1_49' title='bbox 395 1062 575 1128; x_wconf 76' lang='grc' dir='ltr'>Κύριε</span> <span class='ocrx_word' id='word_1_50' title='bbox 605 1065 636 1116; x_wconf 83' lang='grc' dir='ltr'><em>ὀ</em></span> <span class='ocrx_word' id='word_1_51' title='bbox 666 1064 879 1132; x_wconf 82' lang='grc' dir='ltr'>Κύριος</span> <span class='ocrx_word' id='word_1_52' title='bbox 911 1067 1077 1134; x_wconf 74' lang='grc' dir='ltr'>ἡμῶν</span> <span class='ocrx_word' id='word_1_53' title='bbox 1097 1107 1111 1130; x_wconf 89' lang='grc'><strong>,</strong></span> <span class='ocrx_word' id='word_1_54' title='bbox 1143 1070 1223 1135; x_wconf 85' lang='grc' dir='ltr'>ὠς</span> <span class='ocrx_word' id='word_1_55' title='bbox 1249 1072 1594 1139; x_wconf 83' lang='grc' dir='ltr'>θαυμαστὸν</span> <span class='ocrx_word' id='word_1_56' title='bbox 1619 1075 1683 1126; x_wconf 82' lang='grc' dir='ltr'><strong>τὸ</strong></span> <span class='ocrx_word' id='word_1_57' title='bbox 1719 1074 1908 1143; x_wconf 82' lang='grc' dir='ltr'>ὄνομὰ</span> 
     </span>
    </p>
   </div>
   <div class='ocr_carea' id='block_1_9' title="bbox 325 1153 1906 1237">
    <p class='ocr_par' dir='ltr' id='par_1_9' title="bbox 325 1153 1906 1237">
     <span class='ocr_line' id='line_1_9' title="bbox 325 1153 1906 1237; baseline 0.009 -32"><span class='ocrx_word' id='word_1_58' title='bbox 325 1169 440 1206; x_wconf 85' lang='grc' dir='ltr'>σου</span> <span class='ocrx_word' id='word_1_59' title='bbox 471 1153 543 1205; x_wconf 86' lang='grc' dir='ltr'>ἐν</span> <span class='ocrx_word' id='word_1_60' title='bbox 570 1154 738 1222; x_wconf 80' lang='grc' dir='ltr'><strong>πάσῃ</strong></span> <span class='ocrx_word' id='word_1_61' title='bbox 764 1154 839 1223; x_wconf 75' lang='grc' dir='ltr'>τῇ</span> <span class='ocrx_word' id='word_1_62' title='bbox 876 1156 993 1225; x_wconf 66' lang='grc' dir='ltr'><strong>γῇ]</strong></span> <span class='ocrx_word' id='word_1_63' title='bbox 1027 1159 1418 1231; x_wconf 76' lang='grc' dir='ltr'>Ἐκπλήττεται</span> <span class='ocrx_word' id='word_1_64' title='bbox 1449 1164 1549 1233; x_wconf 80' lang='grc' dir='ltr'>τὴν</span> <span class='ocrx_word' id='word_1_65' title='bbox 1585 1166 1665 1228; x_wconf 81' lang='grc' dir='ltr'>εἰς</span> <span class='ocrx_word' id='word_1_66' title='bbox 1701 1165 1906 1237; x_wconf 79' lang='grc' dir='ltr'>ἀνθρὼ-</span> 
     </span>
    </p>
   </div>
   <div class='ocr_carea' id='block_1_10' title="bbox 325 1242 1904 1322">
    <p class='ocr_par' dir='ltr' id='par_1_10' title="bbox 325 1242 1904 1322">
     <span class='ocr_line' id='line_1_10' title="bbox 325 1242 1904 1322; baseline 0.011 -28"><span class='ocrx_word' id='word_1_67' title='bbox 325 1259 460 1306; x_wconf 68' lang='lat' dir='ltr'><strong>nou;</strong></span> <span class='ocrx_word' id='word_1_68' title='bbox 513 1242 762 1298; x_wconf 72' lang='grc' dir='ltr'>δοθεῖσαν</span> <span class='ocrx_word' id='word_1_69' title='bbox 813 1247 1017 1316; x_wconf 85' lang='grc' dir='ltr'>γνῶσιν</span> <span class='ocrx_word' id='word_1_70' title='bbox 1056 1250 1152 1303; x_wconf 83' lang='grc' dir='ltr'><strong>τοῦ</strong></span> <span class='ocrx_word' id='word_1_71' title='bbox 1181 1253 1442 1322; x_wconf 84' lang='grc' dir='ltr'>ὀνόματος</span> <span class='ocrx_word' id='word_1_72' title='bbox 1467 1254 1561 1307; x_wconf 84' lang='grc' dir='ltr'><strong>τοῦ</strong></span> <span class='ocrx_word' id='word_1_73' title='bbox 1597 1254 1753 1311; x_wconf 87' lang='grc' dir='ltr'>Θεοῦ.</span> <span class='ocrx_word' id='word_1_74' title='bbox 1791 1258 1904 1312; x_wconf 83' lang='grc' dir='ltr'>Οὐκ</span> 
     </span>
    </p>
   </div>
   <div class='ocr_carea' id='block_1_11' title="bbox 324 1333 1855 1413">
    <p class='ocr_par' dir='ltr' id='par_1_11' title="bbox 324 1333 1855 1413">
     <span class='ocr_line' id='line_1_11' title="bbox 324 1333 1855 1413; baseline 0.008 -28"><span class='ocrx_word' id='word_1_75' title='bbox 324 1333 404 1385; x_wconf 68' lang='grc' dir='ltr'>ἔτι</span> <span class='ocrx_word' id='word_1_76' title='bbox 436 1333 548 1404; x_wconf 71' lang='grc' dir='ltr'>γὰρ</span> <span class='ocrx_word' id='word_1_77' title='bbox 586 1335 769 1405; x_wconf 81' lang='grc' dir='ltr'>μόνοις</span> <span class='ocrx_word' id='word_1_78' title='bbox 795 1341 909 1401; x_wconf 83' lang='grc' dir='ltr'>τοῖς</span> <span class='ocrx_word' id='word_1_79' title='bbox 940 1341 997 1392; x_wconf 83' lang='grc' dir='ltr'>ἐν</span> <span class='ocrx_word' id='word_1_80' title='bbox 1024 1343 1087 1411; x_wconf 81' lang='grc' dir='ltr'>τῇ</span> <span class='ocrx_word' id='word_1_81' title='bbox 1132 1342 1362 1412; x_wconf 64' lang='grc' dir='ltr'>Ἰουδαίᾳ</span> <span class='ocrx_word' id='word_1_82' title='bbox 1392 1346 1629 1413; x_wconf 81' lang='grc' dir='ltr'><strong>γνωστὸς</strong></span> <span class='ocrx_word' id='word_1_83' title='bbox 1659 1347 1688 1398; x_wconf 85' lang='grc' dir='ltr'>ὁ</span> <span class='ocrx_word' id='word_1_84' title='bbox 1714 1347 1855 1411; x_wconf 80' lang='grc' dir='ltr'>Θεός.</span> 
     </span>
    </p>
   </div>
   <div class='ocr_carea' id='block_1_12' title="bbox 406 1424 1904 1503">
    <p class='ocr_par' dir='ltr' id='par_1_12' title="bbox 406 1424 1904 1503">
     <span class='ocr_line' id='line_1_12' title="bbox 406 1424 1904 1503; baseline 0.009 -27"><span class='ocrx_word' id='word_1_85' title='bbox 406 1424 509 1478; x_wconf 82' lang='grc' dir='ltr'>Ἐκ</span> <span class='ocrx_word' id='word_1_86' title='bbox 548 1426 848 1495; x_wconf 83' lang='grc' dir='ltr'>στόματος</span> <span class='ocrx_word' id='word_1_87' title='bbox 888 1430 1120 1496; x_wconf 79' lang='grc' dir='ltr'><strong>νηπίων</strong></span> <span class='ocrx_word' id='word_1_88' title='bbox 1151 1432 1249 1484; x_wconf 80' lang='grc' dir='ltr'>καὶ</span> <span class='ocrx_word' id='word_1_89' title='bbox 1295 1431 1669 1499; x_wconf 69' lang='grc' dir='ltr'>θηλαζόντων</span> <span class='ocrx_word' id='word_1_90' title='bbox 1693 1453 1904 1503; x_wconf 67' lang='grc' dir='ltr'>κατηρ-</span> 
     </span>
    </p>
   </div>
   <div class='ocr_carea' id='block_1_13' title="bbox 324 1509 1899 1597">
    <p class='ocr_par' dir='ltr' id='par_1_13' title="bbox 324 1509 1899 1597">
     <span class='ocr_line' id='line_1_13' title="bbox 324 1509 1899 1597; baseline 0.01 -33"><span class='ocrx_word' id='word_1_91' title='bbox 324 1513 473 1566; x_wconf 80' lang='grc' dir='ltr'>τίσω</span> <span class='ocrx_word' id='word_1_92' title='bbox 502 1509 695 1566; x_wconf 77' lang='grc' dir='ltr'>αἶνον.</span> <span class='ocrx_word' id='word_1_93' title='bbox 731 1516 853 1568; x_wconf 89' lang='grc' dir='ltr'><strong>Τῶν</strong></span> <span class='ocrx_word' id='word_1_94' title='bbox 886 1517 1025 1570; x_wconf 84' lang='grc' dir='ltr'>κατὰ</span> <span class='ocrx_word' id='word_1_95' title='bbox 1059 1517 1191 1571; x_wconf 87' lang='grc' dir='ltr'>Θεὸν</span> <span class='ocrx_word' id='word_1_96' title='bbox 1223 1521 1593 1590; x_wconf 80' lang='grc' dir='ltr'>νηπιαζόντων</span> <span class='ocrx_word' id='word_1_97' title='bbox 1615 1527 1678 1595; x_wconf 83' lang='grc' dir='ltr'>τῇ</span> <span class='ocrx_word' id='word_1_98' title='bbox 1712 1527 1899 1597; x_wconf 77' lang='grc' dir='ltr'>κακίᾳ.</span> 
     </span>
    </p>
   </div>
   <div class='ocr_carea' id='block_1_14' title="bbox 329 1600 1902 1690">
    <p class='ocr_par' dir='ltr' id='par_1_14' title="bbox 329 1600 1902 1690">
     <span class='ocr_line' id='line_1_14' title="bbox 329 1600 1902 1690; baseline 0.009 -34"><span class='ocrx_word' id='word_1_99' title='bbox 329 1600 498 1656; x_wconf 79' lang='grc' dir='ltr'>Τοῦτο</span> <span class='ocrx_word' id='word_1_100' title='bbox 526 1603 583 1656; x_wconf 82' lang='grc' dir='ltr'>δὲ</span> <span class='ocrx_word' id='word_1_101' title='bbox 615 1605 710 1657; x_wconf 74' lang='grc' dir='ltr'>καὶ</span> <span class='ocrx_word' id='word_1_102' title='bbox 736 1608 795 1659; x_wconf 80' lang='grc' dir='ltr'><strong>ἐν</strong></span> <span class='ocrx_word' id='word_1_103' title='bbox 826 1609 938 1671; x_wconf 87' lang='grc' dir='ltr'>τοῖς</span> <span class='ocrx_word' id='word_1_104' title='bbox 966 1609 1318 1678; x_wconf 81' lang='grc' dir='ltr'>Εὑαγγελίοις</span> <span class='ocrx_word' id='word_1_105' title='bbox 1356 1612 1541 1681; x_wconf 69' lang='grc' dir='ltr'>σαφῶς</span> <span class='ocrx_word' id='word_1_106' title='bbox 1588 1616 1902 1690; x_wconf 80' lang='grc' dir='ltr'>ἀναγέγρα-</span> 
     </span>
    </p>
   </div>
   <div class='ocr_carea' id='block_1_15' title="bbox 328 1695 1902 1779">
    <p class='ocr_par' dir='ltr' id='par_1_15' title="bbox 328 1695 1902 1779">
     <span class='ocr_line' id='line_1_15' title="bbox 328 1695 1902 1779; baseline 0.01 -33"><span class='ocrx_word' id='word_1_107' title='bbox 328 1710 458 1747; x_wconf 81' lang='grc' dir='ltr'>πται</span> <span class='ocrx_word' id='word_1_108' title='bbox 481 1695 721 1767; x_wconf 78' lang='grc' dir='ltr'>εἰρηκὼς</span> <span class='ocrx_word' id='word_1_109' title='bbox 747 1699 775 1750; x_wconf 86' lang='grc' dir='ltr'>ὁ</span> <span class='ocrx_word' id='word_1_110' title='bbox 801 1699 1012 1771; x_wconf 77' lang='grc' dir='ltr'>Σωτὴρ,</span> <span class='ocrx_word' id='word_1_111' title='bbox 1047 1702 1135 1755; x_wconf 84' lang='grc' dir='ltr'><strong>ὅτε</strong></span> <span class='ocrx_word' id='word_1_112' title='bbox 1162 1704 1287 1766; x_wconf 81' lang='grc' dir='ltr'>τοὺς</span> <span class='ocrx_word' id='word_1_113' title='bbox 1322 1706 1517 1769; x_wconf 86' lang='grc' dir='ltr'>παῖδας</span> <span class='ocrx_word' id='word_1_114' title='bbox 1546 1709 1596 1760; x_wconf 77' lang='grc' dir='ltr'>οἱ</span> <span class='ocrx_word' id='word_1_115' title='bbox 1618 1709 1902 1779; x_wconf 83' lang='grc' dir='ltr'><strong>Φαρισαῖοι</strong></span> 
     </span>
    </p>
   </div>
   <div class='ocr_carea' id='block_1_16' title="bbox 325 1786 1903 1867">
    <p class='ocr_par' dir='ltr' id='par_1_16' title="bbox 325 1786 1903 1867">
     <span class='ocr_line' id='line_1_16' title="bbox 325 1786 1903 1867; baseline 0.009 -29"><span class='ocrx_word' id='word_1_116' title='bbox 325 1786 683 1857; x_wconf 70' lang='grc' dir='ltr'>ἑπεστὸμιξον</span> <span class='ocrx_word' id='word_1_117' title='bbox 707 1789 1061 1859; x_wconf 78' lang='grc' dir='ltr'>εὐλογοῦντας</span> <span class='ocrx_word' id='word_1_118' title='bbox 1084 1793 1265 1848; x_wconf 70' lang='grc' dir='ltr'>αὐτόν,</span> <span class='ocrx_word' id='word_1_119' title='bbox 1293 1795 1508 1849; x_wconf 76' lang='grc' dir='ltr'>Ἕνεκα</span> <span class='ocrx_word' id='word_1_120' title='bbox 1536 1797 1654 1851; x_wconf 81' lang='grc' dir='ltr'><strong>τῶν</strong></span> <span class='ocrx_word' id='word_1_121' title='bbox 1677 1799 1903 1867; x_wconf 81' lang='grc' dir='ltr'>ἐχθρῶν</span> 
     </span>
    </p>
   </div>
   <div class='ocr_carea' id='block_1_17' title="bbox 322 1877 1976 1956">
    <p class='ocr_par' dir='ltr' id='par_1_17' title="bbox 322 1877 1976 1956">
     <span class='ocr_line' id='line_1_17' title="bbox 322 1877 1976 1956; baseline 0.007 -26"><span class='ocrx_word' id='word_1_122' title='bbox 322 1893 440 1931; x_wconf 84' lang='grc' dir='ltr'>σου</span> <span class='ocrx_word' id='word_1_123' title='bbox 464 1878 572 1932; x_wconf 86' lang='grc' dir='ltr'><strong>τοῦ</strong></span> <span class='ocrx_word' id='word_1_124' title='bbox 603 1881 938 1935; x_wconf 68' lang='grc' dir='ltr'>καταλῦσαι</span> <span class='ocrx_word' id='word_1_125' title='bbox 966 1884 1185 1952; x_wconf 77' lang='grc' dir='ltr'>ἐχθρὸν</span> <span class='ocrx_word' id='word_1_126' title='bbox 1221 1887 1317 1940; x_wconf 80' lang='grc' dir='ltr'>καὶ</span> <span class='ocrx_word' id='word_1_127' title='bbox 1343 1887 1685 1956; x_wconf 66' lang='grc' dir='ltr'>ἐκδικητὴν.</span> <span class='ocrx_word' id='word_1_128' title='bbox 1716 1892 1784 1943; x_wconf 82' lang='grc' dir='ltr'><em>Ἢ</em></span> <span class='ocrx_word' id='word_1_129' title='bbox 1812 1890 1901 1944; x_wconf 86' lang='grc' dir='ltr'><strong>τὸν</strong></span> <span class='ocrx_word' id='word_1_130' title='bbox 1937 1877 1976 1934; x_wconf 82' lang='grc' dir='ltr'><strong><em>Β</em></strong></span> 
     </span>
    </p>
   </div>
   <div class='ocr_carea' id='block_1_18' title="bbox 320 1967 1898 2046">
    <p class='ocr_par' dir='ltr' id='par_1_18' title="bbox 320 1967 1898 2046">
     <span class='ocr_line' id='line_1_18' title="bbox 320 1967 1898 2046; baseline 0.009 -23"><span class='ocrx_word' id='word_1_131' title='bbox 320 1967 604 2039; x_wconf 74' lang='grc' dir='ltr'>αἰσθητὸν,</span> <span class='ocrx_word' id='word_1_132' title='bbox 632 1972 665 2041; x_wconf 81' lang='grc' dir='ltr'>ἢ</span> <span class='ocrx_word' id='word_1_133' title='bbox 698 1971 790 2025; x_wconf 84' lang='grc' dir='ltr'><strong>τὸν</strong></span> <span class='ocrx_word' id='word_1_134' title='bbox 821 1974 1030 2043; x_wconf 85' lang='grc' dir='ltr'>νοητὸν,</span> <span class='ocrx_word' id='word_1_135' title='bbox 1066 1975 1099 2046; x_wconf 81' lang='grc' dir='ltr'>ἢ</span> <span class='ocrx_word' id='word_1_136' title='bbox 1128 1977 1221 2031; x_wconf 83' lang='grc' dir='ltr'><strong>τὸν</strong></span> <span class='ocrx_word' id='word_1_137' title='bbox 1272 1977 1397 2032; x_wconf 85' lang='grc' dir='ltr'>λαὸν</span> <span class='ocrx_word' id='word_1_138' title='bbox 1442 1980 1534 2033; x_wconf 84' lang='grc' dir='ltr'><strong>τὸν</strong></span> <span class='ocrx_word' id='word_1_139' title='bbox 1569 1982 1856 2037; x_wconf 77' lang='grc' dir='ltr'>Ἰουδαϊκόν</span> <span class='ocrx_word' id='word_1_140' title='bbox 1884 2000 1898 2013; x_wconf 76' lang='grc'><strong><em>⁸</em></strong></span> 
     </span>
    </p>
   </div>
   <div class='ocr_carea' id='block_1_19' title="bbox 321 2059 1902 2143">
    <p class='ocr_par' dir='ltr' id='par_1_19' title="bbox 321 2059 1902 2143">
     <span class='ocr_line' id='line_1_19' title="bbox 321 2059 1902 2143; baseline 0.01 -31"><span class='ocrx_word' id='word_1_141' title='bbox 321 2059 553 2129; x_wconf 70' lang='grc' dir='ltr'>ἧλαυνον</span> <span class='ocrx_word' id='word_1_142' title='bbox 582 2061 692 2133; x_wconf 71' lang='grc' dir='ltr'>γὰρ</span> <span class='ocrx_word' id='word_1_143' title='bbox 716 2062 790 2125; x_wconf 80' lang='grc' dir='ltr'>ὡς</span> <span class='ocrx_word' id='word_1_144' title='bbox 810 2063 1003 2135; x_wconf 76' lang='grc' dir='ltr'>ἐχθρὸν</span> <span class='ocrx_word' id='word_1_145' title='bbox 1046 2067 1137 2119; x_wconf 86' lang='grc' dir='ltr'><strong>τὸν</strong></span> <span class='ocrx_word' id='word_1_146' title='bbox 1184 2069 1445 2139; x_wconf 76' lang='grc' dir='ltr'>Χριστόν·</span> <span class='ocrx_word' id='word_1_147' title='bbox 1480 2074 1902 2143; x_wconf 80' lang='grc' dir='ltr'>προσεποιοῦντο</span> 
     </span>
    </p>
   </div>
   <div class='ocr_carea' id='block_1_20' title="bbox 318 2149 1897 2228">
    <p class='ocr_par' dir='ltr' id='par_1_20' title="bbox 318 2149 1897 2228">
     <span class='ocr_line' id='line_1_20' title="bbox 318 2149 1897 2228; baseline 0.009 -24"><span class='ocrx_word' id='word_1_148' title='bbox 318 2149 492 2204; x_wconf 77' lang='grc' dir='ltr'>ὃὲτὸν</span> <span class='ocrx_word' id='word_1_149' title='bbox 521 2151 744 2223; x_wconf 83' lang='grc' dir='ltr'>Πατέρα</span> <span class='ocrx_word' id='word_1_150' title='bbox 784 2154 1125 2220; x_wconf 76' lang='grc' dir='ltr'>ἐκδικοῦντες</span> <span class='ocrx_word' id='word_1_151' title='bbox 1158 2157 1316 2211; x_wconf 87' lang='grc' dir='ltr'>τοῦτο</span> <span class='ocrx_word' id='word_1_152' title='bbox 1348 2163 1541 2215; x_wconf 69' lang='grc' dir='ltr'>ποιεῖν.</span> <span class='ocrx_word' id='word_1_153' title='bbox 1588 2162 1685 2216; x_wconf 80' lang='grc' dir='ltr'><strong>Διὰ</strong></span> <span class='ocrx_word' id='word_1_154' title='bbox 1719 2164 1897 2228; x_wconf 86' lang='grc' dir='ltr'>τοῦτο,</span> 
     </span>
    </p>
   </div>
   <div class='ocr_carea' id='block_1_21' title="bbox 319 2238 1899 2325">
    <p class='ocr_par' dir='ltr' id='par_1_21' title="bbox 319 2238 1899 2325">
     <span class='ocr_line' id='line_1_21' title="bbox 319 2238 1899 2325; baseline 0.011 -33"><span class='ocrx_word' id='word_1_155' title='bbox 319 2238 437 2294; x_wconf 71' lang='grc' dir='ltr'>ἄνω</span> <span class='ocrx_word' id='word_1_156' title='bbox 466 2241 565 2294; x_wconf 79' lang='grc' dir='ltr'><strong>καὶ</strong></span> <span class='ocrx_word' id='word_1_157' title='bbox 585 2242 735 2296; x_wconf 76' lang='grc' dir='ltr'>κάτω</span> <span class='ocrx_word' id='word_1_158' title='bbox 766 2244 970 2315; x_wconf 76' lang='grc' dir='ltr'>ταύτης</span> <span class='ocrx_word' id='word_1_159' title='bbox 999 2248 1196 2312; x_wconf 77' lang='grc' dir='ltr'>αὐτοὺς</span> <span class='ocrx_word' id='word_1_160' title='bbox 1223 2250 1541 2323; x_wconf 72' lang='grc' dir='ltr'>ἀποστερῶν</span> <span class='ocrx_word' id='word_1_161' title='bbox 1576 2254 1677 2325; x_wconf 87' lang='grc' dir='ltr'>τῆς</span> <span class='ocrx_word' id='word_1_162' title='bbox 1706 2257 1899 2309; x_wconf 82' lang='grc' dir='ltr'>ἀπολο-</span> 
     </span>
    </p>
   </div>
   <div class='ocr_carea' id='block_1_22' title="bbox 319 2331 1899 2415">
    <p class='ocr_par' dir='ltr' id='par_1_22' title="bbox 319 2331 1899 2415">
     <span class='ocr_line' id='line_1_22' title="bbox 319 2331 1899 2415; baseline 0.012 -32"><span class='ocrx_word' id='word_1_163' title='bbox 319 2331 468 2399; x_wconf 83' lang='grc' dir='ltr'>γίας,</span> <span class='ocrx_word' id='word_1_164' title='bbox 501 2333 686 2402; x_wconf 76' lang='grc' dir='ltr'>ἔλεγεν</span> <span class='ocrx_word' id='word_1_165' title='bbox 707 2353 720 2365; x_wconf 91' lang='grc'><strong>·</strong></span> <span class='ocrx_word' id='word_1_166' title='bbox 776 2336 838 2390; x_wconf 88' lang='lat'><strong>&#39;0</strong></span> <span class='ocrx_word' id='word_1_167' title='bbox 870 2337 974 2407; x_wconf 73' lang='grc' dir='ltr'><strong>ἐμὲ</strong></span> <span class='ocrx_word' id='word_1_168' title='bbox 1000 2339 1198 2408; x_wconf 79' lang='grc' dir='ltr'>μισῶν</span> <span class='ocrx_word' id='word_1_169' title='bbox 1245 2342 1344 2394; x_wconf 78' lang='grc' dir='ltr'>καὶ</span> <span class='ocrx_word' id='word_1_170' title='bbox 1388 2343 1494 2396; x_wconf 85' lang='grc' dir='ltr'><strong>τὸν</strong></span> <span class='ocrx_word' id='word_1_171' title='bbox 1519 2346 1748 2415; x_wconf 79' lang='grc' dir='ltr'>Πατέρα</span> <span class='ocrx_word' id='word_1_172' title='bbox 1781 2365 1899 2415; x_wconf 86' lang='grc' dir='ltr'>μου</span> 
     </span>
    </p>
   </div>
   <div class='ocr_carea' id='block_1_23' title="bbox 312 2421 1897 2508">
    <p class='ocr_par' dir='ltr' id='par_1_23' title="bbox 312 2421 1897 2508">
     <span class='ocr_line' id='line_1_23' title="bbox 312 2421 1897 2508; baseline 0.013 -37"><span class='ocrx_word' id='word_1_173' title='bbox 312 2421 501 2490; x_wconf 76' lang='grc' dir='ltr'>μισεῖ.</span> <span class='ocrx_word' id='word_1_174' title='bbox 545 2423 791 2491; x_wconf 82' lang='grc' dir='ltr'>Ἐχθρὸν</span> <span class='ocrx_word' id='word_1_175' title='bbox 816 2427 915 2480; x_wconf 77' lang='grc' dir='ltr'>καὶ</span> <span class='ocrx_word' id='word_1_176' title='bbox 949 2428 1294 2498; x_wconf 72' lang='grc' dir='ltr'><strong>ἐκδικητὴν,</strong></span> <span class='ocrx_word' id='word_1_177' title='bbox 1324 2431 1413 2485; x_wconf 83' lang='grc' dir='ltr'><strong>τὸν</strong></span> <span class='ocrx_word' id='word_1_178' title='bbox 1447 2433 1688 2489; x_wconf 75' lang='grc' dir='ltr'>διάϐολον</span> <span class='ocrx_word' id='word_1_179' title='bbox 1710 2435 1897 2508; x_wconf 84' lang='grc' dir='ltr'>δηλον-</span> 
     </span>
    </p>
   </div>
   <div class='ocr_carea' id='block_1_24' title="bbox 320 2512 1899 2600">
    <p class='ocr_par' dir='ltr' id='par_1_24' title="bbox 320 2512 1899 2600">
     <span class='ocr_line' id='line_1_24' title="bbox 320 2512 1899 2600; baseline 0.011 -35"><span class='ocrx_word' id='word_1_180' title='bbox 320 2512 425 2567; x_wconf 81' lang='grc' dir='ltr'>ότι.</span> <span class='ocrx_word' id='word_1_181' title='bbox 488 2512 767 2586; x_wconf 81' lang='grc' dir='ltr'>Ἐπειδὴ,’</span> <span class='ocrx_word' id='word_1_182' title='bbox 802 2517 941 2587; x_wconf 80' lang='grc' dir='ltr'>μετὰ</span> <span class='ocrx_word' id='word_1_183' title='bbox 999 2519 1062 2572; x_wconf 86' lang='grc' dir='ltr'><strong>τὸ</strong></span> <span class='ocrx_word' id='word_1_184' title='bbox 1109 2522 1412 2589; x_wconf 73' lang='grc' dir='ltr'>ἀναγκάσαι</span> <span class='ocrx_word' id='word_1_185' title='bbox 1460 2524 1747 2597; x_wconf 81' lang='grc' dir='ltr'>πληρῶσαι</span> <span class='ocrx_word' id='word_1_186' title='bbox 1802 2528 1899 2600; x_wconf 84' lang='grc' dir='ltr'>τὴν</span> 
     </span>
    </p>
   </div>
   <div class='ocr_carea' id='block_1_25' title="bbox 321 2606 1901 2689">
    <p class='ocr_par' dir='ltr' id='par_1_25' title="bbox 321 2606 1901 2689">
     <span class='ocr_line' id='line_1_25' title="bbox 321 2606 1901 2689; baseline 0.009 -30"><span class='ocrx_word' id='word_1_187' title='bbox 321 2606 617 2676; x_wconf 73' lang='grc' dir='ltr'>ἁμαρτίαν,</span> <span class='ocrx_word' id='word_1_188' title='bbox 653 2610 746 2662; x_wconf 84' lang='grc' dir='ltr'><strong>καὶ</strong></span> <span class='ocrx_word' id='word_1_189' title='bbox 799 2614 1122 2682; x_wconf 83' lang='grc' dir='ltr'>τιμωρεῖται</span> <span class='ocrx_word' id='word_1_190' title='bbox 1174 2616 1299 2678; x_wconf 77' lang='grc' dir='ltr'>τοὺς</span> <span class='ocrx_word' id='word_1_191' title='bbox 1351 2615 1798 2689; x_wconf 84' lang='grc' dir='ltr'>ἁμαρτάνοντας,</span> <span class='ocrx_word' id='word_1_192' title='bbox 1838 2622 1901 2674; x_wconf 84' lang='grc' dir='ltr'><strong>τὸ</strong></span> 
     </span>
    </p>
   </div>
   <div class='ocr_carea' id='block_1_26' title="bbox 324 2694 1897 2783">
    <p class='ocr_par' dir='ltr' id='par_1_26' title="bbox 324 2694 1897 2783">
     <span class='ocr_line' id='line_1_26' title="bbox 324 2694 1897 2783; baseline 0.011 -35"><span class='ocrx_word' id='word_1_193' title='bbox 324 2694 554 2781; x_wconf 76' lang='grc' dir='ltr'>μέγεθος</span> <span class='ocrx_word' id='word_1_194' title='bbox 591 2701 773 2764; x_wconf 80' lang='grc' dir='ltr'>αὐτοῖς</span> <span class='ocrx_word' id='word_1_195' title='bbox 797 2701 889 2754; x_wconf 83' lang='grc' dir='ltr'><strong>τοῦ</strong></span> <span class='ocrx_word' id='word_1_196' title='bbox 926 2703 1318 2776; x_wconf 75' lang='grc' dir='ltr'>ἁμαρτήματος</span> <span class='ocrx_word' id='word_1_197' title='bbox 1341 2708 1398 2759; x_wconf 84' lang='grc' dir='ltr'>ὲν</span> <span class='ocrx_word' id='word_1_198' title='bbox 1426 2708 1722 2780; x_wconf 76' lang='grc' dir='ltr'>ὀφθαλμοῖς</span> <span class='ocrx_word' id='word_1_199' title='bbox 1757 2728 1897 2783; x_wconf 86' lang='grc' dir='ltr'>παρ-</span> 
     </span>
    </p>
   </div>
   <div class='ocr_carea' id='block_1_27' title="bbox 322 2788 1898 2874">
    <p class='ocr_par' dir='ltr' id='par_1_27' title="bbox 322 2788 1898 2874">
     <span class='ocr_line' id='line_1_27' title="bbox 322 2788 1898 2874; baseline 0.011 -34"><span class='ocrx_word' id='word_1_200' title='bbox 322 2788 508 2843; x_wconf 81' lang='grc' dir='ltr'>ιστῶν.</span> <span class='ocrx_word' id='word_1_201' title='bbox 548 2789 621 2843; x_wconf 81' lang='grc' dir='ltr'><strong>’Ἠ</strong></span> <span class='ocrx_word' id='word_1_202' title='bbox 653 2791 745 2843; x_wconf 81' lang='grc' dir='ltr'><strong>τὸν</strong></span> <span class='ocrx_word' id='word_1_203' title='bbox 775 2792 904 2846; x_wconf 77' lang='grc' dir='ltr'>λαὸν</span> <span class='ocrx_word' id='word_1_204' title='bbox 932 2793 1039 2847; x_wconf 84' lang='grc' dir='ltr'><strong>τῶν</strong></span> <span class='ocrx_word' id='word_1_205' title='bbox 1084 2796 1369 2861; x_wconf 81' lang='grc' dir='ltr'>Ἰουδαίων,</span> <span class='ocrx_word' id='word_1_206' title='bbox 1412 2798 1608 2870; x_wconf 75' lang='grc' dir='ltr'>ἐχθρὸν</span> <span class='ocrx_word' id='word_1_207' title='bbox 1656 2803 1755 2872; x_wconf 82' lang='grc' dir='ltr'>μὲν</span> <span class='ocrx_word' id='word_1_208' title='bbox 1799 2803 1898 2874; x_wconf 68' lang='grc' dir='ltr'>τῆς</span> 
     </span>
    </p>
   </div>
   <div class='ocr_carea' id='block_1_28' title="bbox 324 2877 1893 2965">
    <p class='ocr_par' dir='ltr' id='par_1_28' title="bbox 324 2877 1893 2965">
     <span class='ocr_line' id='line_1_28' title="bbox 324 2877 1893 2965; baseline 0.011 -34"><span class='ocrx_word' id='word_1_209' title='bbox 324 2877 596 2949; x_wconf 69' lang='grc' dir='ltr'>ἀληθείας,</span> <span class='ocrx_word' id='word_1_210' title='bbox 621 2882 915 2953; x_wconf 74' lang='grc' dir='ltr'>ἐκδικητὴν</span> <span class='ocrx_word' id='word_1_211' title='bbox 942 2886 998 2938; x_wconf 85' lang='grc' dir='ltr'>δὲ</span> <span class='ocrx_word' id='word_1_212' title='bbox 1017 2886 1095 2957; x_wconf 85' lang='grc' dir='ltr'>τῷ</span> <span class='ocrx_word' id='word_1_213' title='bbox 1115 2886 1290 2941; x_wconf 82' lang='grc' dir='ltr'>δοκεῖν</span> <span class='ocrx_word' id='word_1_214' title='bbox 1317 2889 1551 2944; x_wconf 84' lang='grc' dir='ltr'>ἐκδικεῖν</span> <span class='ocrx_word' id='word_1_215' title='bbox 1586 2891 1676 2945; x_wconf 87' lang='grc' dir='ltr'><strong>τὸν</strong></span> <span class='ocrx_word' id='word_1_216' title='bbox 1709 2894 1893 2965; x_wconf 85' lang='grc' dir='ltr'>νόμον.</span> 
     </span>
    </p>
   </div>
   <div class='ocr_carea' id='block_1_29' title="bbox 398 2971 1899 3049">
    <p class='ocr_par' dir='ltr' id='par_1_29' title="bbox 398 2971 1899 3049">
     <span class='ocr_line' id='line_1_29' title="bbox 398 2971 1899 3049; baseline 0.009 -26"><span class='ocrx_word' id='word_1_217' title='bbox 398 2971 518 3024; x_wconf 85' lang='grc' dir='ltr'>Ὅτι</span> <span class='ocrx_word' id='word_1_218' title='bbox 545 2972 761 3042; x_wconf 59' lang='grc' dir='ltr'>ὄψομαι</span> <span class='ocrx_word' id='word_1_219' title='bbox 790 2974 932 3041; x_wconf 85' lang='grc' dir='ltr'>τοὺς</span> <span class='ocrx_word' id='word_1_220' title='bbox 955 2978 1251 3045; x_wconf 81' lang='grc' dir='ltr'>οὐρανοὺς</span> <span class='ocrx_word' id='word_1_221' title='bbox 1270 2979 1415 3049; x_wconf 75' lang='grc' dir='ltr'>ἔργα</span> <span class='ocrx_word' id='word_1_222' title='bbox 1443 2978 1561 3034; x_wconf 86' lang='grc' dir='ltr'><strong>τῶν</strong></span> <span class='ocrx_word' id='word_1_223' title='bbox 1587 2981 1899 3037; x_wconf 76' lang='grc' dir='ltr'>δακτύλων</span> 
     </span>
    </p>
   </div>
   <div class='ocr_carea' id='block_1_30' title="bbox 320 3064 1895 3148">
    <p class='ocr_par' dir='ltr' id='par_1_30' title="bbox 320 3064 1895 3148">
     <span class='ocr_line' id='line_1_30' title="bbox 320 3064 1895 3148; baseline 0.006 -29"><span class='ocrx_word' id='word_1_224' title='bbox 320 3077 457 3119; x_wconf 81' lang='grc' dir='ltr'>σου.</span> <span class='ocrx_word' id='word_1_225' title='bbox 501 3064 725 3119; x_wconf 80' lang='grc' dir='ltr'>Ἐκεῖνοι</span> <span class='ocrx_word' id='word_1_226' title='bbox 759 3067 857 3136; x_wconf 84' lang='grc' dir='ltr'><strong>μὲν</strong></span> <span class='ocrx_word' id='word_1_227' title='bbox 908 3069 1274 3136; x_wconf 73' lang='grc' dir='ltr'>ἀγανακτοῦσι</span> <span class='ocrx_word' id='word_1_228' title='bbox 1317 3071 1427 3125; x_wconf 86' lang='grc' dir='ltr'><strong>τῶν</strong></span> <span class='ocrx_word' id='word_1_229' title='bbox 1448 3074 1656 3144; x_wconf 80' lang='grc' dir='ltr'>νηπίων</span> <span class='ocrx_word' id='word_1_230' title='bbox 1689 3091 1895 3148; x_wconf 80' lang='grc' dir='ltr'>καταρο</span> 
     </span>
    </p>
   </div>
   <div class='ocr_carea' id='block_1_31' title="bbox 320 3152 1894 3238">
    <p class='ocr_par' dir='ltr' id='par_1_31' title="bbox 320 3152 1894 3238">
     <span class='ocr_line' id='line_1_31' title="bbox 320 3152 1894 3238; baseline 0.009 -32"><span class='ocrx_word' id='word_1_231' title='bbox 320 3152 574 3218; x_wconf 80' lang='grc' dir='ltr'>τιζόντων</span> <span class='ocrx_word' id='word_1_232' title='bbox 598 3152 747 3210; x_wconf 78' lang='grc' dir='ltr'>αἶνον</span> <span class='ocrx_word' id='word_1_233' title='bbox 766 3177 777 3189; x_wconf 93' lang='grc'><strong>·</strong></span> <span class='ocrx_word' id='word_1_234' title='bbox 814 3158 926 3225; x_wconf 76' lang='grc' dir='ltr'>ἐγὼ</span> <span class='ocrx_word' id='word_1_235' title='bbox 956 3158 1013 3212; x_wconf 80' lang='grc' dir='ltr'><strong>δὲ</strong></span> <span class='ocrx_word' id='word_1_236' title='bbox 1044 3160 1106 3214; x_wconf 87' lang='grc' dir='ltr'><strong>τὸ</strong></span> <span class='ocrx_word' id='word_1_237' title='bbox 1152 3160 1295 3215; x_wconf 75' lang='grc' dir='ltr'>οὕτω</span> <span class='ocrx_word' id='word_1_238' title='bbox 1328 3164 1472 3234; x_wconf 90' lang='grc' dir='ltr'>μέγα</span> <span class='ocrx_word' id='word_1_239' title='bbox 1509 3164 1601 3217; x_wconf 82' lang='grc' dir='ltr'><strong>καὶ</strong></span> <span class='ocrx_word' id='word_1_240' title='bbox 1634 3167 1894 3238; x_wconf 85' lang='grc' dir='ltr'>περικαλ-</span> 
     </span>
    </p>
   </div>
   <div class='ocr_carea' id='block_1_32' title="bbox 321 3240 1890 3327">
    <p class='ocr_par' dir='ltr' id='par_1_32' title="bbox 321 3240 1890 3327">
     <span class='ocr_line' id='line_1_32' title="bbox 321 3240 1890 3327; baseline 0.01 -33"><span class='ocrx_word' id='word_1_241' title='bbox 321 3240 427 3306; x_wconf 73' lang='grc' dir='ltr'>λὲς,</span> <span class='ocrx_word' id='word_1_242' title='bbox 457 3243 587 3306; x_wconf 66' lang='grc' dir='ltr'>τοὺς</span> <span class='ocrx_word' id='word_1_243' title='bbox 620 3243 882 3315; x_wconf 72' lang='grc' dir='ltr'>οὐρανούς</span> <span class='ocrx_word' id='word_1_244' title='bbox 917 3263 1082 3318; x_wconf 80' lang='grc' dir='ltr'>φημι,</span> <span class='ocrx_word' id='word_1_245' title='bbox 1134 3251 1330 3321; x_wconf 85' lang='grc' dir='ltr'>μικρόν</span> <span class='ocrx_word' id='word_1_246' title='bbox 1372 3269 1423 3305; x_wconf 86' lang='grc' dir='ltr'><strong>τι</strong></span> <span class='ocrx_word' id='word_1_247' title='bbox 1473 3252 1632 3324; x_wconf 81' lang='grc' dir='ltr'>ἔργον</span> <span class='ocrx_word' id='word_1_248' title='bbox 1660 3255 1759 3326; x_wconf 83' lang='grc' dir='ltr'><strong>τῆς</strong></span> <span class='ocrx_word' id='word_1_249' title='bbox 1791 3256 1890 3327; x_wconf 84' lang='grc' dir='ltr'>σῆς</span> 
     </span>
    </p>
   </div>
   <div class='ocr_carea' id='block_1_33' title="bbox 320 3332 944 3408">
    <p class='ocr_par' dir='ltr' id='par_1_33' title="bbox 320 3332 944 3408">
     <span class='ocr_line' id='line_1_33' title="bbox 320 3332 944 3408; baseline 0.011 -25"><span class='ocrx_word' id='word_1_250' title='bbox 320 3332 702 3404; x_wconf 66' lang='grc' dir='ltr'>δημιοδργίας,</span> <span class='ocrx_word' id='word_1_251' title='bbox 734 3335 944 3408; x_wconf 86' lang='grc' dir='ltr'>θεωρῶ.</span> 
     </span>
    </p>
   </div>
   <div class='ocr_carea' id='block_1_34' title="bbox 394 3423 1890 3507">
    <p class='ocr_par' dir='ltr' id='par_1_34' title="bbox 394 3423 1890 3507">
     <span class='ocr_line' id='line_1_34' title="bbox 394 3423 1890 3507; baseline 0.013 -31"><span class='ocrx_word' id='word_1_252' title='bbox 394 3423 455 3477; x_wconf 84' lang='lat' dir='ltr'><strong>Tl</strong></span> <span class='ocrx_word' id='word_1_253' title='bbox 493 3425 668 3478; x_wconf 82' lang='grc' dir='ltr'>ἐστιν</span> <span class='ocrx_word' id='word_1_254' title='bbox 715 3426 1026 3495; x_wconf 80' lang='grc' dir='ltr'>ἄνθρωπος</span> <span class='ocrx_word' id='word_1_255' title='bbox 1050 3471 1064 3494; x_wconf 90' lang='grc'><strong>,</strong></span> <span class='ocrx_word' id='word_1_256' title='bbox 1111 3428 1199 3483; x_wconf 82' lang='grc' dir='ltr'>ὅτι</span> <span class='ocrx_word' id='word_1_257' title='bbox 1231 3461 1236 3465; x_wconf 94' lang='grc'><strong>-</strong></span> <span class='ocrx_word' id='word_1_258' title='bbox 1245 3434 1555 3503; x_wconf 74' lang='grc' dir='ltr'>μιμνήσκῃ</span> <span class='ocrx_word' id='word_1_259' title='bbox 1593 3435 1811 3501; x_wconf 85' lang='grc' dir='ltr'>αὐτοῦ;</span> <span class='ocrx_word' id='word_1_260' title='bbox 1850 3439 1890 3507; x_wconf 80' lang='grc' dir='ltr'>ἢ</span> 
     </span>
    </p>
   </div>
   <div class='ocr_carea' id='block_1_35' title="bbox 320 3513 1889 3589">
    <p class='ocr_par' dir='ltr' id='par_1_35' title="bbox 320 3513 1889 3589">
     <span class='ocr_line' id='line_1_35' title="bbox 320 3513 1889 3589; baseline 0.01 -23"><span class='ocrx_word' id='word_1_261' title='bbox 320 3513 445 3580; x_wconf 80' lang='grc' dir='ltr'>υίὸς</span> <span class='ocrx_word' id='word_1_262' title='bbox 475 3514 814 3584; x_wconf 79' lang='grc' dir='ltr'>ἀνθρώπου,</span> <span class='ocrx_word' id='word_1_263' title='bbox 850 3516 941 3570; x_wconf 86' lang='grc' dir='ltr'>ὅτι</span> <span class='ocrx_word' id='word_1_264' title='bbox 975 3519 1310 3589; x_wconf 80' lang='grc' dir='ltr'><strong>ἐπισκέπτῃ</strong></span> <span class='ocrx_word' id='word_1_265' title='bbox 1341 3523 1528 3576; x_wconf 83' lang='grc' dir='ltr'>αὐτόν</span> <span class='ocrx_word' id='word_1_266' title='bbox 1546 3540 1567 3587; x_wconf 87' lang='grc'><strong><em>;</em></strong></span> <span class='ocrx_word' id='word_1_267' title='bbox 1611 3525 1889 3580; x_wconf 76' lang='grc' dir='ltr'>Ἠλάττω-</span> 
     </span>
    </p>
   </div>
   <div class='ocr_carea' id='block_1_36' title="bbox 320 3606 1889 3683">
    <p class='ocr_par' dir='ltr' id='par_1_36' title="bbox 320 3606 1889 3683">
     <span class='ocr_line' id='line_1_36' title="bbox 320 3606 1889 3683; baseline 0.009 -25"><span class='ocrx_word' id='word_1_268' title='bbox 320 3617 433 3671; x_wconf 85' lang='grc' dir='ltr'><strong>σας</strong></span> <span class='ocrx_word' id='word_1_269' title='bbox 482 3606 677 3661; x_wconf 83' lang='grc' dir='ltr'>αὐτὸν</span> <span class='ocrx_word' id='word_1_270' title='bbox 722 3608 925 3678; x_wconf 75' lang='grc' dir='ltr'>,βραχύ</span> <span class='ocrx_word' id='word_1_271' title='bbox 961 3626 1015 3664; x_wconf 85' lang='grc' dir='ltr'><strong>τι</strong></span> <span class='ocrx_word' id='word_1_272' title='bbox 1067 3614 1203 3679; x_wconf 79' lang='grc' dir='ltr'>παρ’</span> <span class='ocrx_word' id='word_1_273' title='bbox 1241 3612 1554 3683; x_wconf 74' lang='grc' dir='ltr'>ἀγγέλους.</span> <span class='ocrx_word' id='word_1_274' title='bbox 1582 3615 1762 3670; x_wconf 86' lang='grc' dir='ltr'>Ταῦτα</span> <span class='ocrx_word' id='word_1_275' title='bbox 1794 3617 1889 3672; x_wconf 85' lang='grc' dir='ltr'><strong>τοῦ</strong></span> 
     </span>
    </p>
   </div>
   <div class='ocr_carea' id='block_1_37' title="bbox 320 3695 1888 3780">
    <p class='ocr_par' dir='ltr' id='par_1_37' title="bbox 320 3695 1888 3780">
     <span class='ocr_line' id='line_1_37' title="bbox 320 3695 1888 3780; baseline 0.01 -32"><span class='ocrx_word' id='word_1_276' title='bbox 320 3695 532 3751; x_wconf 71' lang='grc' dir='ltr'>Παύλου</span> <span class='ocrx_word' id='word_1_277' title='bbox 585 3699 774 3769; x_wconf 76' lang='grc' dir='ltr'>σαφῶς</span> <span class='ocrx_word' id='word_1_278' title='bbox 815 3702 907 3754; x_wconf 79' lang='grc' dir='ltr'>ἐπὶ</span> <span class='ocrx_word' id='word_1_279' title='bbox 956 3702 1046 3755; x_wconf 89' lang='grc' dir='ltr'><strong>τὸν</strong></span> <span class='ocrx_word' id='word_1_280' title='bbox 1077 3703 1306 3775; x_wconf 77' lang='grc' dir='ltr'>Σωτῆρα</span> <span class='ocrx_word' id='word_1_281' title='bbox 1332 3706 1488 3777; x_wconf 82' lang='grc' dir='ltr'>ἡμῶν</span> <span class='ocrx_word' id='word_1_282' title='bbox 1515 3707 1888 3780; x_wconf 75' lang='grc' dir='ltr'>ὲξειληφότος,</span> 
     </span>
    </p>
   </div>
   <div class='ocr_carea' id='block_1_38' title="bbox 320 3787 1094 3866">
    <p class='ocr_par' dir='ltr' id='par_1_38' title="bbox 320 3787 1094 3866">
     <span class='ocr_line' id='line_1_38' title="bbox 320 3787 1094 3866; baseline 0.01 -26"><span class='ocrx_word' id='word_1_283' title='bbox 320 3787 605 3859; x_wconf 81' lang='grc' dir='ltr'>ἀρκεῖσθαι</span> <span class='ocrx_word' id='word_1_284' title='bbox 638 3793 704 3862; x_wconf 82' lang='grc' dir='ltr'>τῇ</span> <span class='ocrx_word' id='word_1_285' title='bbox 728 3793 935 3846; x_wconf 76' lang='grc' dir='ltr'>ἐκδόσει</span> <span class='ocrx_word' id='word_1_286' title='bbox 968 3796 1094 3866; x_wconf 82' lang='grc' dir='ltr'><strong>χρή.</strong></span> 
     </span>
    </p>
   </div>
   <div class='ocr_carea' id='block_1_39' title="bbox 385 3880 1961 3955">
    <p class='ocr_par' dir='ltr' id='par_1_39' title="bbox 385 3880 1961 3955">
     <span class='ocr_line' id='line_1_39' title="bbox 385 3880 1961 3955; baseline 0.011 -17"><span class='ocrx_word' id='word_1_287' title='bbox 385 3883 595 3940; x_wconf 80' lang='grc' dir='ltr'>Πάντα</span> <span class='ocrx_word' id='word_1_288' title='bbox 632 3886 935 3955; x_wconf 72' lang='grc' dir='ltr'>ὑπέταξας</span> <span class='ocrx_word' id='word_1_289' title='bbox 963 3889 1242 3945; x_wconf 79' lang='grc' dir='ltr'>ὑποκάτω</span> <span class='ocrx_word' id='word_1_290' title='bbox 1277 3890 1398 3947; x_wconf 82' lang='grc' dir='ltr'><strong>τῶν</strong></span> <span class='ocrx_word' id='word_1_291' title='bbox 1439 3894 1640 3949; x_wconf 80' lang='grc' dir='ltr'>ποδῶν</span> <span class='ocrx_word' id='word_1_292' title='bbox 1681 3898 1888 3954; x_wconf 84' lang='grc' dir='ltr'>αὑτοῦ.</span> <span class='ocrx_word' id='word_1_293' title='bbox 1956 3880 1961 3893; x_wconf 34' lang='grc' dir='ltr'><strong>Ι</strong></span> 
     </span>
    </p>
   </div>
   <div class='ocr_carea' id='block_1_40' title="bbox 318 3975 1894 4052">
    <p class='ocr_par' dir='ltr' id='par_1_40' title="bbox 318 3975 1894 4052">
     <span class='ocr_line' id='line_1_40' title="bbox 318 3975 1894 4052; baseline 0.011 -24"><span class='ocrx_word' id='word_1_294' title='bbox 318 3975 498 4030; x_wconf 77' lang='grc' dir='ltr'>Εἰπὼν</span> <span class='ocrx_word' id='word_1_295' title='bbox 529 3979 558 4030; x_wconf 83' lang='grc' dir='ltr'><strong>ὀ</strong></span> <span class='ocrx_word' id='word_1_296' title='bbox 592 3976 725 4041; x_wconf 81' lang='grc' dir='ltr'>Θεός</span> <span class='ocrx_word' id='word_1_297' title='bbox 746 3997 758 4008; x_wconf 93' lang='grc'><strong>·</strong></span> <span class='ocrx_word' id='word_1_298' title='bbox 791 3979 1142 4052; x_wconf 74' lang='grc' dir='ltr'>Ποιήσωμεν</span> <span class='ocrx_word' id='word_1_299' title='bbox 1174 3982 1488 4052; x_wconf 77' lang='grc' dir='ltr'>ἄνθρωπον</span> <span class='ocrx_word' id='word_1_300' title='bbox 1530 3988 1657 4041; x_wconf 83' lang='grc' dir='ltr'>κατ’</span> <span class='ocrx_word' id='word_1_301' title='bbox 1689 3991 1894 4045; x_wconf 72' lang='grc' dir='ltr'>εἰκόνα</span> 
     </span>
    </p>
   </div>
   <div class='ocr_carea' id='block_1_41' title="bbox 319 4066 1893 4148">
    <p class='ocr_par' dir='ltr' id='par_1_41' title="bbox 319 4066 1893 4148">
     <span class='ocr_line' id='line_1_41' title="bbox 319 4066 1893 4148; baseline 0.012 -30"><span class='ocrx_word' id='word_1_302' title='bbox 319 4066 613 4136; x_wconf 72' lang='grc' dir='ltr'>ἡμετέραν</span> <span class='ocrx_word' id='word_1_303' title='bbox 639 4070 737 4123; x_wconf 72' lang='grc' dir='ltr'>καὶ</span> <span class='ocrx_word' id='word_1_304' title='bbox 765 4073 1070 4139; x_wconf 78' lang='grc' dir='ltr'>ὁμοίωσιν,</span> <span class='ocrx_word' id='word_1_305' title='bbox 1102 4074 1348 4146; x_wconf 79' lang='grc' dir='ltr'>ἐπήγαγε</span> <span class='ocrx_word' id='word_1_306' title='bbox 1365 4093 1378 4106; x_wconf 72' lang='grc'><strong><em>⁸</em></strong></span> <span class='ocrx_word' id='word_1_307' title='bbox 1404 4077 1516 4131; x_wconf 79' lang='lat' dir='ltr'><strong>Kal</strong></span> <span class='ocrx_word' id='word_1_308' title='bbox 1542 4079 1893 4148; x_wconf 81' lang='grc' dir='ltr'>ἀρχέτωσαν</span> 
     </span>
    </p>
   </div>
   <div class='ocr_carea' id='block_1_42' title="bbox 316 4156 1891 4235">
    <p class='ocr_par' dir='ltr' id='par_1_42' title="bbox 316 4156 1891 4235">
     <span class='ocr_line' id='line_1_42' title="bbox 316 4156 1891 4235; baseline 0.01 -23"><span class='ocrx_word' id='word_1_309' title='bbox 316 4156 431 4212; x_wconf 78' lang='grc' dir='ltr'><strong>τῶν</strong></span> <span class='ocrx_word' id='word_1_310' title='bbox 457 4160 685 4228; x_wconf 69' lang='grc' dir='ltr'>ἰχθύων</span> <span class='ocrx_word' id='word_1_311' title='bbox 725 4160 835 4229; x_wconf 82' lang='grc' dir='ltr'>τῆς</span> <span class='ocrx_word' id='word_1_312' title='bbox 864 4162 1199 4233; x_wconf 71' lang='grc' dir='ltr'>θαλάσσης.</span> <span class='ocrx_word' id='word_1_313' title='bbox 1230 4167 1324 4220; x_wconf 79' lang='grc' dir='ltr'><strong>καὶ</strong></span> <span class='ocrx_word' id='word_1_314' title='bbox 1367 4171 1477 4233; x_wconf 89' lang='grc' dir='ltr'>τοῖς</span> <span class='ocrx_word' id='word_1_315' title='bbox 1511 4169 1718 4235; x_wconf 82' lang='grc' dir='ltr'>λοιποῖς</span> <span class='ocrx_word' id='word_1_316' title='bbox 1749 4173 1891 4228; x_wconf 81' lang='grc' dir='ltr'>κατὰ</span> 
     </span>
    </p>
   </div>
   <div class='ocr_carea' id='block_1_43' title="bbox 321 4249 1892 4345">
    <p class='ocr_par' dir='ltr' id='par_1_43' title="bbox 321 4249 1892 4345">
     <span class='ocr_line' id='line_1_43' title="bbox 321 4249 1892 4345; baseline 0.01 -43"><span class='ocrx_word' id='word_1_317' title='bbox 321 4250 889 4345; x_wconf 11' lang='grc' dir='ltr'>μέροςᾼὲπεξέρχεται,</span> <span class='ocrx_word' id='word_1_318' title='bbox 947 4249 1028 4318; x_wconf 75' lang='grc' dir='ltr'><strong>οἷς</strong></span> <span class='ocrx_word' id='word_1_319' title='bbox 1083 4256 1360 4327; x_wconf 68' lang='grc' dir='ltr'>ἐπιλέγει*</span> <span class='ocrx_word' id='word_1_320' title='bbox 1409 4259 1756 4325; x_wconf 79' lang='grc' dir='ltr'>Αὐξάνεσθε</span> <span class='ocrx_word' id='word_1_321' title='bbox 1794 4263 1892 4318; x_wconf 79' lang='grc' dir='ltr'>καὶ</span> 
     </span>
    </p>
   </div>
   <div class='ocr_carea' id='block_1_44' title="bbox 318 4343 1889 4420">
    <p class='ocr_par' dir='ltr' id='par_1_44' title="bbox 318 4343 1889 4420">
     <span class='ocr_line' id='line_1_44' title="bbox 318 4343 1889 4420; baseline 0.009 -25"><span class='ocrx_word' id='word_1_322' title='bbox 318 4343 698 4409; x_wconf 65' lang='grc' dir='ltr'>πληθύνεσθε</span> <span class='ocrx_word' id='word_1_323' title='bbox 721 4344 817 4399; x_wconf 77' lang='grc' dir='ltr'>καὶ</span> <span class='ocrx_word' id='word_1_324' title='bbox 865 4345 1218 4413; x_wconf 78' lang='grc' dir='ltr'>πληρώσατε</span> <span class='ocrx_word' id='word_1_325' title='bbox 1243 4348 1357 4417; x_wconf 78' lang='grc' dir='ltr'>τὴν</span> <span class='ocrx_word' id='word_1_326' title='bbox 1388 4350 1527 4420; x_wconf 81' lang='grc' dir='ltr'>τῆν,</span> <span class='ocrx_word' id='word_1_327' title='bbox 1565 4353 1665 4406; x_wconf 77' lang='grc' dir='ltr'>καὶ</span> <span class='ocrx_word' id='word_1_328' title='bbox 1707 4371 1889 4409; x_wconf 81' lang='grc' dir='ltr'>κατα-</span> 
     </span>
    </p>
   </div>
   <div class='ocr_carea' id='block_1_45' title="bbox 318 4432 1890 4513">
    <p class='ocr_par' dir='ltr' id='par_1_45' title="bbox 318 4432 1890 4513">
     <span class='ocr_line' id='line_1_45' title="bbox 318 4432 1890 4513; baseline 0.011 -30"><span class='ocrx_word' id='word_1_329' title='bbox 318 4433 671 4499; x_wconf 75' lang='grc' dir='ltr'>κυριεύσατε</span> <span class='ocrx_word' id='word_1_330' title='bbox 713 4432 930 4501; x_wconf 69' lang='grc' dir='ltr'>αὺτῆςσ</span> <span class='ocrx_word' id='word_1_331' title='bbox 979 4438 1044 4507; x_wconf 82' lang='grc' dir='ltr'>τῇ</span> <span class='ocrx_word' id='word_1_332' title='bbox 1092 4438 1199 4510; x_wconf 80' lang='grc' dir='ltr'>γὰρ</span> <span class='ocrx_word' id='word_1_333' title='bbox 1249 4438 1437 4513; x_wconf 77' lang='grc' dir='ltr'>λογικῇ</span> <span class='ocrx_word' id='word_1_334' title='bbox 1478 4443 1657 4511; x_wconf 84' lang='grc' dir='ltr'>φύσει,</span> <span class='ocrx_word' id='word_1_335' title='bbox 1698 4445 1775 4510; x_wconf 86' lang='grc' dir='ltr'><strong>ὡς</strong></span> <span class='ocrx_word' id='word_1_336' title='bbox 1824 4444 1890 4500; x_wconf 78' lang='grc' dir='ltr'><strong>ἂν</strong></span> 
     </span>
    </p>
   </div>
   <div class='ocr_carea' id='block_1_46' title="bbox 2009 618 3573 693">
    <p class='ocr_par' dir='ltr' id='par_1_46' title="bbox 2009 618 3573 693">
     <span class='ocr_line' id='line_1_46' title="bbox 2009 618 3573 693; baseline 0.001 -16"><span class='ocrx_word' id='word_1_337' title='bbox 2009 639 2138 678; x_wconf 87' lang='lat' dir='ltr'><strong>vero</strong></span> <span class='ocrx_word' id='word_1_338' title='bbox 2175 624 2425 693; x_wconf 72' lang='lat' dir='ltr'><strong>palmites</strong></span> <span class='ocrx_word' id='word_1_339' title='bbox 2457 630 2722 677; x_wconf 80' lang='lat' dir='ltr'><strong>vocantur</strong></span> <span class='ocrx_word' id='word_1_340' title='bbox 2752 621 2840 675; x_wconf 69' lang='grc' dir='ltr'><strong>η’.</strong></span> <span class='ocrx_word' id='word_1_341' title='bbox 2876 618 3030 686; x_wconf 82' lang='lat' dir='ltr'><strong>Quod</strong></span> <span class='ocrx_word' id='word_1_342' title='bbox 3076 620 3123 676; x_wconf 92' lang='lat' dir='ltr'><strong>si</strong></span> <span class='ocrx_word' id='word_1_343' title='bbox 3156 621 3448 676; x_wconf 87' lang='lat' dir='ltr'><strong>contendat</strong></span> <span class='ocrx_word' id='word_1_344' title='bbox 3473 621 3573 678; x_wconf 81' lang='lat' dir='ltr'><strong>Ju-</strong></span> 
     </span>
    </p>
   </div>
   <div class='ocr_carea' id='block_1_47' title="bbox 2006 712 3575 783">
    <p class='ocr_par' dir='ltr' id='par_1_47' title="bbox 2006 712 3575 783">
     <span class='ocr_line' id='line_1_47' title="bbox 2006 712 3575 783; baseline -0.001 -13"><span class='ocrx_word' id='word_1_345' title='bbox 2006 716 2178 779; x_wconf 73' lang='lat' dir='ltr'><strong>daeus,</strong></span> <span class='ocrx_word' id='word_1_346' title='bbox 2209 716 2478 783; x_wconf 82' lang='lat' dir='ltr'><strong>psalmum</strong></span> <span class='ocrx_word' id='word_1_347' title='bbox 2512 713 2565 766; x_wconf 93' lang='lat' dir='ltr'><strong>in</strong></span> <span class='ocrx_word' id='word_1_348' title='bbox 2598 712 2877 767; x_wconf 89' lang='lat' dir='ltr'><strong>communi</strong></span> <span class='ocrx_word' id='word_1_349' title='bbox 2901 713 2966 767; x_wconf 90' lang='lat' dir='ltr'><strong>de</strong></span> <span class='ocrx_word' id='word_1_350' title='bbox 2994 712 3212 768; x_wconf 87' lang='lat' dir='ltr'><strong>homine</strong></span> <span class='ocrx_word' id='word_1_351' title='bbox 3237 713 3341 767; x_wconf 89' lang='lat' dir='ltr'><strong>dici</strong></span> <span class='ocrx_word' id='word_1_352' title='bbox 3370 730 3384 779; x_wconf 89' lang='lat'><strong>;</strong></span> <span class='ocrx_word' id='word_1_353' title='bbox 3412 714 3575 768; x_wconf 87' lang='lat' dir='ltr'><strong>etiam</strong></span> 
     </span>
    </p>
   </div>
   <div class='ocr_carea' id='block_1_48' title="bbox 2008 803 3570 875">
    <p class='ocr_par' dir='ltr' id='par_1_48' title="bbox 2008 803 3570 875">
     <span class='ocr_line' id='line_1_48' title="bbox 2008 803 3570 875; baseline 0 -15"><span class='ocrx_word' id='word_1_354' title='bbox 2008 807 2112 861; x_wconf 90' lang='lat' dir='ltr'><strong>hoc</strong></span> <span class='ocrx_word' id='word_1_355' title='bbox 2134 818 2288 875; x_wconf 85' lang='lat' dir='ltr'><strong>pacto</strong></span> <span class='ocrx_word' id='word_1_356' title='bbox 2321 815 2507 860; x_wconf 90' lang='lat' dir='ltr'><strong>uotum</strong></span> <span class='ocrx_word' id='word_1_357' title='bbox 2535 804 2625 866; x_wconf 86' lang='lat' dir='ltr'><strong>sit,</strong></span> <span class='ocrx_word' id='word_1_358' title='bbox 2651 803 2796 873; x_wconf 84' lang='lat' dir='ltr'><strong>quod</strong></span> <span class='ocrx_word' id='word_1_359' title='bbox 2825 804 2948 858; x_wconf 92' lang='lat' dir='ltr'><strong>ideo</strong></span> <span class='ocrx_word' id='word_1_360' title='bbox 2975 805 3159 859; x_wconf 85' lang='lat' dir='ltr'><strong>omnia</strong></span> <span class='ocrx_word' id='word_1_361' title='bbox 3193 805 3296 874; x_wconf 86' lang='lat' dir='ltr'><strong>ipsi</strong></span> <span class='ocrx_word' id='word_1_362' title='bbox 3328 805 3570 874; x_wconf 80' lang='lat' dir='ltr'><strong>subjecta</strong></span> 
     </span>
    </p>
   </div>
   <div class='ocr_carea' id='block_1_49' title="bbox 2007 895 3577 968">
    <p class='ocr_par' dir='ltr' id='par_1_49' title="bbox 2007 895 3577 968">
     <span class='ocr_line' id='line_1_49' title="bbox 2007 895 3577 968; baseline -0.001 -15"><span class='ocrx_word' id='word_1_363' title='bbox 2007 908 2160 964; x_wconf 88' lang='lat' dir='ltr'><strong>sunt,</strong></span> <span class='ocrx_word' id='word_1_364' title='bbox 2197 898 2325 968; x_wconf 83' lang='lat' dir='ltr'><strong>quia</strong></span> <span class='ocrx_word' id='word_1_365' title='bbox 2363 896 2429 951; x_wconf 86' lang='lat' dir='ltr'><strong>ad</strong></span> <span class='ocrx_word' id='word_1_366' title='bbox 2482 897 2771 966; x_wconf 80' lang='lat' dir='ltr'><strong>imaginem</strong></span> <span class='ocrx_word' id='word_1_367' title='bbox 2806 895 2923 963; x_wconf 86' lang='lat' dir='ltr'><strong>Dei,</strong></span> <span class='ocrx_word' id='word_1_368' title='bbox 2966 895 3061 964; x_wconf 86' lang='lat' dir='ltr'><strong>qui</strong></span> <span class='ocrx_word' id='word_1_369' title='bbox 3108 911 3325 950; x_wconf 88' lang='lat' dir='ltr'><strong>carnem</strong></span> <span class='ocrx_word' id='word_1_370' title='bbox 3362 912 3577 951; x_wconf 82' lang='lat' dir='ltr'><strong>assum-</strong></span> 
     </span>
    </p>
   </div>
   <div class='ocr_carea' id='block_1_50' title="bbox 2006 987 2729 1060">
    <p class='ocr_par' dir='ltr' id='par_1_50' title="bbox 2006 987 2729 1060">
     <span class='ocr_line' id='line_1_50' title="bbox 2006 987 2729 1060; baseline -0.003 -17"><span class='ocrx_word' id='word_1_371' title='bbox 2006 1000 2197 1060; x_wconf 80' lang='lat' dir='ltr'><strong>pturus</strong></span> <span class='ocrx_word' id='word_1_372' title='bbox 2219 999 2357 1051; x_wconf 87' lang='lat' dir='ltr'><strong>erat,</strong></span> <span class='ocrx_word' id='word_1_373' title='bbox 2392 988 2572 1043; x_wconf 80' lang='lat' dir='ltr'><strong>factus</strong></span> <span class='ocrx_word' id='word_1_374' title='bbox 2599 987 2729 1059; x_wconf 85' lang='lat' dir='ltr'><strong>est.]</strong></span> 
     </span>
    </p>
   </div>
   <div class='ocr_carea' id='block_1_51' title="bbox 2074 1076 3574 1149">
    <p class='ocr_par' dir='ltr' id='par_1_51' title="bbox 2074 1076 3574 1149">
     <span class='ocr_line' id='line_1_51' title="bbox 2074 1076 3574 1149; baseline -0.004 -14"><span class='ocrx_word' id='word_1_375' title='bbox 2074 1081 2130 1136; x_wconf 71' lang='grc'><strong>2.</strong></span> <span class='ocrx_word' id='word_1_376' title='bbox 2177 1080 2400 1134; x_wconf 79' lang='lat' dir='ltr'><strong>Domine</strong></span> <span class='ocrx_word' id='word_1_377' title='bbox 2436 1080 2695 1134; x_wconf 80' lang='lat' dir='ltr'><strong>Dominus</strong></span> <span class='ocrx_word' id='word_1_378' title='bbox 2744 1089 2937 1145; x_wconf 86' lang='lat' dir='ltr'><strong>noster,</strong></span> <span class='ocrx_word' id='word_1_379' title='bbox 2963 1095 3116 1149; x_wconf 83' lang='lat' dir='ltr'><strong>quam</strong></span> <span class='ocrx_word' id='word_1_380' title='bbox 3153 1076 3465 1131; x_wconf 78' lang='lat' dir='ltr'><strong>admirabile</strong></span> <span class='ocrx_word' id='word_1_381' title='bbox 3497 1085 3574 1130; x_wconf 78' lang='lat' dir='ltr'><strong>est</strong></span> 
     </span>
    </p>
   </div>
   <div class='ocr_carea' id='block_1_52' title="bbox 2006 1167 3601 1239">
    <p class='ocr_par' dir='ltr' id='par_1_52' title="bbox 2006 1167 3601 1239">
     <span class='ocr_line' id='line_1_52' title="bbox 2006 1167 3601 1239; baseline -0.003 -12"><span class='ocrx_word' id='word_1_382' title='bbox 2006 1191 2191 1229; x_wconf 81' lang='lat' dir='ltr'><strong>nomen</strong></span> <span class='ocrx_word' id='word_1_383' title='bbox 2220 1183 2369 1227; x_wconf 90' lang='lat' dir='ltr'><strong>tuum</strong></span> <span class='ocrx_word' id='word_1_384' title='bbox 2410 1175 2466 1227; x_wconf 88' lang='lat' dir='ltr'><strong>in</strong></span> <span class='ocrx_word' id='word_1_385' title='bbox 2514 1174 2759 1227; x_wconf 74' lang='lat' dir='ltr'><strong>universa</strong></span> <span class='ocrx_word' id='word_1_386' title='bbox 2790 1182 2932 1225; x_wconf 85' lang='lat' dir='ltr'><strong>terra</strong></span> <span class='ocrx_word' id='word_1_387' title='bbox 2955 1172 2975 1225; x_wconf 89' lang='lat'><strong>.&#39;</strong></span> <span class='ocrx_word' id='word_1_388' title='bbox 3003 1170 3353 1239; x_wconf 85' lang='lat' dir='ltr'><strong>Obstupescit</strong></span> <span class='ocrx_word' id='word_1_389' title='bbox 3380 1169 3452 1223; x_wconf 92' lang='lat' dir='ltr'><strong>ob</strong></span> <span class='ocrx_word' id='word_1_390' title='bbox 3478 1167 3601 1233; x_wconf 35' lang='lat' dir='ltr'><strong>da:</strong></span> 
     </span>
    </p>
   </div>
   <div class='ocr_carea' id='block_1_53' title="bbox 2005 1259 3574 1320">
    <p class='ocr_par' dir='ltr' id='par_1_53' title="bbox 2005 1259 3574 1320">
     <span class='ocr_line' id='line_1_53' title="bbox 2005 1259 3574 1320; baseline -0.003 0"><span class='ocrx_word' id='word_1_391' title='bbox 2005 1276 2114 1320; x_wconf 84' lang='lat' dir='ltr'><strong>tam</strong></span> <span class='ocrx_word' id='word_1_392' title='bbox 2166 1265 2403 1320; x_wconf 83' lang='lat' dir='ltr'><strong>nominis</strong></span> <span class='ocrx_word' id='word_1_393' title='bbox 2455 1263 2548 1318; x_wconf 82' lang='lat' dir='ltr'><strong>Dei</strong></span> <span class='ocrx_word' id='word_1_394' title='bbox 2599 1263 2914 1317; x_wconf 71' lang='lat' dir='ltr'><strong>[nominibus</strong></span> <span class='ocrx_word' id='word_1_395' title='bbox 2954 1263 3226 1317; x_wconf 76' lang='lat' dir='ltr'><strong>notitiam.</strong></span> <span class='ocrx_word' id='word_1_396' title='bbox 3264 1259 3384 1314; x_wconf 74' lang='lat' dir='ltr'><strong>Non</strong></span> <span class='ocrx_word' id='word_1_397' title='bbox 3433 1260 3574 1316; x_wconf 87' lang='lat' dir='ltr'><strong>ultra</strong></span> 
     </span>
    </p>
   </div>
   <div class='ocr_carea' id='block_1_54' title="bbox 2004 1350 3513 1425">
    <p class='ocr_par' dir='ltr' id='par_1_54' title="bbox 2004 1350 3513 1425">
     <span class='ocr_line' id='line_1_54' title="bbox 2004 1350 3513 1425; baseline -0.005 -13"><span class='ocrx_word' id='word_1_398' title='bbox 2004 1360 2150 1413; x_wconf 88' lang='lat' dir='ltr'><strong>enim</strong></span> <span class='ocrx_word' id='word_1_399' title='bbox 2183 1357 2316 1411; x_wconf 79' lang='lat' dir='ltr'><strong>solis</strong></span> <span class='ocrx_word' id='word_1_400' title='bbox 2346 1356 2415 1410; x_wconf 89' lang='lat' dir='ltr'><strong>iis</strong></span> <span class='ocrx_word' id='word_1_401' title='bbox 2443 1354 2536 1425; x_wconf 92' lang='lat' dir='ltr'><strong>qui</strong></span> <span class='ocrx_word' id='word_1_402' title='bbox 2570 1355 2623 1408; x_wconf 91' lang='lat' dir='ltr'><strong>in</strong></span> <span class='ocrx_word' id='word_1_403' title='bbox 2662 1352 2846 1408; x_wconf 76' lang='lat' dir='ltr'><strong>Judaea</strong></span> <span class='ocrx_word' id='word_1_404' title='bbox 2876 1365 3004 1409; x_wconf 87' lang='lat' dir='ltr'><strong>sunt</strong></span> <span class='ocrx_word' id='word_1_405' title='bbox 3036 1365 3199 1408; x_wconf 82' lang='lat' dir='ltr'><strong>nctus</strong></span> <span class='ocrx_word' id='word_1_406' title='bbox 3234 1360 3319 1407; x_wconf 90' lang='lat' dir='ltr'><strong>est</strong></span> <span class='ocrx_word' id='word_1_407' title='bbox 3349 1350 3513 1407; x_wconf 85' lang='lat' dir='ltr'><strong>Deus.</strong></span> 
     </span>
    </p>
   </div>
   <div class='ocr_carea' id='block_1_55' title="bbox 2075 1441 3575 1516">
    <p class='ocr_par' dir='ltr' id='par_1_55' title="bbox 2075 1441 3575 1516">
     <span class='ocr_line' id='line_1_55' title="bbox 2075 1441 3575 1516; baseline -0.005 -12"><span class='ocrx_word' id='word_1_408' title='bbox 2075 1449 2128 1504; x_wconf 79' lang='lat'><strong>3.</strong></span> <span class='ocrx_word' id='word_1_409' title='bbox 2166 1447 2249 1501; x_wconf 75' lang='lat' dir='ltr'><strong>Ex</strong></span> <span class='ocrx_word' id='word_1_410' title='bbox 2274 1463 2363 1502; x_wconf 90' lang='lat' dir='ltr'><strong>ore</strong></span> <span class='ocrx_word' id='word_1_411' title='bbox 2406 1447 2693 1516; x_wconf 80' lang='lat' dir='ltr'><strong>infantium</strong></span> <span class='ocrx_word' id='word_1_412' title='bbox 2720 1456 2769 1499; x_wconf 90' lang='lat' dir='ltr'><strong>et</strong></span> <span class='ocrx_word' id='word_1_413' title='bbox 2813 1446 3116 1499; x_wconf 83' lang='lat' dir='ltr'><strong>lactentium</strong></span> <span class='ocrx_word' id='word_1_414' title='bbox 3155 1444 3423 1514; x_wconf 74' lang='lat' dir='ltr'><strong>perfecisti</strong></span> <span class='ocrx_word' id='word_1_415' title='bbox 3450 1441 3575 1497; x_wconf 83' lang='lat' dir='ltr'><strong>lau-</strong></span> 
     </span>
    </p>
   </div>
   <div class='ocr_carea' id='block_1_56' title="bbox 2004 1534 3579 1606">
    <p class='ocr_par' dir='ltr' id='par_1_56' title="bbox 2004 1534 3579 1606">
     <span class='ocr_line' id='line_1_56' title="bbox 2004 1534 3579 1606; baseline -0.003 -12"><span class='ocrx_word' id='word_1_416' title='bbox 2004 1541 2142 1594; x_wconf 88' lang='lat' dir='ltr'><strong>dem.</strong></span> <span class='ocrx_word' id='word_1_417' title='bbox 2176 1539 2374 1594; x_wconf 88' lang='lat' dir='ltr'><strong>Eorum</strong></span> <span class='ocrx_word' id='word_1_418' title='bbox 2415 1539 2623 1593; x_wconf 84' lang='lat' dir='ltr'><strong>scilicet</strong></span> <span class='ocrx_word' id='word_1_419' title='bbox 2668 1538 2763 1606; x_wconf 88' lang='lat' dir='ltr'><strong>qui</strong></span> <span class='ocrx_word' id='word_1_420' title='bbox 2810 1546 2990 1591; x_wconf 85' lang='lat' dir='ltr'><strong>coram</strong></span> <span class='ocrx_word' id='word_1_421' title='bbox 3029 1534 3137 1589; x_wconf 90' lang='lat' dir='ltr'><strong>Deo</strong></span> <span class='ocrx_word' id='word_1_422' title='bbox 3182 1534 3417 1589; x_wconf 83' lang='lat' dir='ltr'><strong>infantes</strong></span> <span class='ocrx_word' id='word_1_423' title='bbox 3448 1542 3579 1589; x_wconf 77' lang='lat' dir='ltr'><strong>sunt</strong></span> 
     </span>
    </p>
   </div>
   <div class='ocr_carea' id='block_1_57' title="bbox 2004 1625 3571 1702">
    <p class='ocr_par' dir='ltr' id='par_1_57' title="bbox 2004 1625 3571 1702">
     <span class='ocr_line' id='line_1_57' title="bbox 2004 1625 3571 1702; baseline -0.005 -15"><span class='ocrx_word' id='word_1_424' title='bbox 2004 1632 2184 1702; x_wconf 83' lang='lat' dir='ltr'><strong>quoad</strong></span> <span class='ocrx_word' id='word_1_425' title='bbox 2235 1630 2522 1685; x_wconf 89' lang='lat' dir='ltr'><strong>malitiam.</strong></span> <span class='ocrx_word' id='word_1_426' title='bbox 2576 1626 2689 1682; x_wconf 85' lang='lat' dir='ltr'><strong>Hoc</strong></span> <span class='ocrx_word' id='word_1_427' title='bbox 2733 1638 2914 1682; x_wconf 84' lang='lat' dir='ltr'><strong>autem</strong></span> <span class='ocrx_word' id='word_1_428' title='bbox 2952 1629 3004 1681; x_wconf 89' lang='lat' dir='ltr'><strong>in</strong></span> <span class='ocrx_word' id='word_1_429' title='bbox 3055 1626 3358 1698; x_wconf 75' lang='lat' dir='ltr'><strong>Evangeliis</strong></span> <span class='ocrx_word' id='word_1_430' title='bbox 3408 1625 3571 1680; x_wconf 90' lang='lat' dir='ltr'><strong>etiam</strong></span> 
     </span>
    </p>
   </div>
   <div class='ocr_carea' id='block_1_58' title="bbox 2004 1716 3571 1791">
    <p class='ocr_par' dir='ltr' id='par_1_58' title="bbox 2004 1716 3571 1791">
     <span class='ocr_line' id='line_1_58' title="bbox 2004 1716 3571 1791; baseline -0.005 -12"><span class='ocrx_word' id='word_1_431' title='bbox 2004 1723 2266 1791; x_wconf 85' lang='lat' dir='ltr'><strong>scriptum</strong></span> <span class='ocrx_word' id='word_1_432' title='bbox 2302 1732 2386 1777; x_wconf 88' lang='lat' dir='ltr'><strong>est</strong></span> <span class='ocrx_word' id='word_1_433' title='bbox 2413 1721 2699 1790; x_wconf 83' lang='lat' dir='ltr'><strong>perspicue</strong></span> <span class='ocrx_word' id='word_1_434' title='bbox 2732 1718 2940 1773; x_wconf 72' lang='lat' dir='ltr'><strong>dixisse</strong></span> <span class='ocrx_word' id='word_1_435' title='bbox 2988 1716 3407 1783; x_wconf 82' lang='lat' dir='ltr'><strong>Salvatorem&quot;,</strong></span> <span class='ocrx_word' id='word_1_436' title='bbox 3446 1731 3571 1771; x_wconf 86' lang='lat' dir='ltr'><strong>cum</strong></span> 
     </span>
    </p>
   </div>
   <div class='ocr_carea' id='block_1_59' title="bbox 2005 1808 3570 1883">
    <p class='ocr_par' dir='ltr' id='par_1_59' title="bbox 2005 1808 3570 1883">
     <span class='ocr_line' id='line_1_59' title="bbox 2005 1808 3570 1883; baseline -0.003 -16"><span class='ocrx_word' id='word_1_437' title='bbox 2005 1814 2188 1883; x_wconf 85' lang='lat' dir='ltr'><strong>pueris</strong></span> <span class='ocrx_word' id='word_1_438' title='bbox 2233 1814 2407 1883; x_wconf 91' lang='lat' dir='ltr'><strong>ipsum</strong></span> <span class='ocrx_word' id='word_1_439' title='bbox 2452 1811 2801 1865; x_wconf 86' lang='lat' dir='ltr'><strong>laudantibus</strong></span> <span class='ocrx_word' id='word_1_440' title='bbox 2826 1824 2889 1865; x_wconf 89' lang='lat' dir='ltr'><strong>os</strong></span> <span class='ocrx_word' id='word_1_441' title='bbox 2924 1808 3184 1863; x_wconf 66' lang='lat' dir='ltr'><strong>Pharisaei</strong></span> <span class='ocrx_word' id='word_1_442' title='bbox 3221 1808 3570 1862; x_wconf 86' lang='lat' dir='ltr'><strong>obturabant.</strong></span> 
     </span>
    </p>
   </div>
   <div class='ocr_carea' id='block_1_60' title="bbox 2003 1894 3576 1968">
    <p class='ocr_par' dir='ltr' id='par_1_60' title="bbox 2003 1894 3576 1968">
     <span class='ocr_line' id='line_1_60' title="bbox 2003 1894 3576 1968; baseline -0.001 -16"><span class='ocrx_word' id='word_1_443' title='bbox 2003 1898 2229 1968; x_wconf 81' lang='lat' dir='ltr'><strong>Propter</strong></span> <span class='ocrx_word' id='word_1_444' title='bbox 2260 1899 2503 1952; x_wconf 83' lang='lat' dir='ltr'><strong>inimicos</strong></span> <span class='ocrx_word' id='word_1_445' title='bbox 2535 1909 2674 1962; x_wconf 84' lang='lat' dir='ltr'><strong>tuos,</strong></span> <span class='ocrx_word' id='word_1_446' title='bbox 2701 1908 2756 1951; x_wconf 89' lang='lat' dir='ltr'><strong>ut</strong></span> <span class='ocrx_word' id='word_1_447' title='bbox 2789 1898 3031 1951; x_wconf 74' lang='lat' dir='ltr'><strong>drstruas</strong></span> <span class='ocrx_word' id='word_1_448' title='bbox 3064 1897 3332 1950; x_wconf 85' lang='lat' dir='ltr'><strong>inimicum</strong></span> <span class='ocrx_word' id='word_1_449' title='bbox 3360 1905 3408 1950; x_wconf 90' lang='lat' dir='ltr'><strong>et</strong></span> <span class='ocrx_word' id='word_1_450' title='bbox 3439 1894 3576 1951; x_wconf 86' lang='lat' dir='ltr'><strong>ulto-</strong></span> 
     </span>
    </p>
   </div>
   <div class='ocr_carea' id='block_1_61' title="bbox 2004 1985 3573 2058">
    <p class='ocr_par' dir='ltr' id='par_1_61' title="bbox 2004 1985 3573 2058">
     <span class='ocr_line' id='line_1_61' title="bbox 2004 1985 3573 2058; baseline 0 -18"><span class='ocrx_word' id='word_1_451' title='bbox 2004 2004 2131 2042; x_wconf 85' lang='lat' dir='ltr'><strong>rem.</strong></span> <span class='ocrx_word' id='word_1_452' title='bbox 2177 1987 2288 2042; x_wconf 86' lang='lat' dir='ltr'><strong>Aut</strong></span> <span class='ocrx_word' id='word_1_453' title='bbox 2322 1989 2659 2054; x_wconf 87' lang='lat' dir='ltr'><strong>sensibilem,</strong></span> <span class='ocrx_word' id='word_1_454' title='bbox 2704 1998 2794 2042; x_wconf 88' lang='lat' dir='ltr'><strong>aut</strong></span> <span class='ocrx_word' id='word_1_455' title='bbox 2847 1987 3238 2058; x_wconf 77' lang='lat' dir='ltr'><strong>intelligibilem</strong></span> <span class='ocrx_word' id='word_1_456' title='bbox 3293 1985 3573 2040; x_wconf 87' lang='lat' dir='ltr'><strong>inimicum</strong></span> 
     </span>
    </p>
   </div>
   <div class='ocr_carea' id='block_1_62' title="bbox 2000 2077 3573 2149">
    <p class='ocr_par' dir='ltr' id='par_1_62' title="bbox 2000 2077 3573 2149">
     <span class='ocr_line' id='line_1_62' title="bbox 2000 2077 3573 2149; baseline -0.001 -15"><span class='ocrx_word' id='word_1_457' title='bbox 2000 2080 2097 2143; x_wconf 84' lang='lat' dir='ltr'><strong>ait,</strong></span> <span class='ocrx_word' id='word_1_458' title='bbox 2145 2089 2241 2134; x_wconf 90' lang='lat' dir='ltr'><strong>aut</strong></span> <span class='ocrx_word' id='word_1_459' title='bbox 2274 2080 2535 2149; x_wconf 87' lang='lat' dir='ltr'><strong>populum</strong></span> <span class='ocrx_word' id='word_1_460' title='bbox 2595 2077 2905 2135; x_wconf 81' lang='lat' dir='ltr'><strong>Judaicum.</strong></span> <span class='ocrx_word' id='word_1_461' title='bbox 2950 2079 3228 2134; x_wconf 83' lang='lat' dir='ltr'><strong>Christum</strong></span> <span class='ocrx_word' id='word_1_462' title='bbox 3278 2078 3422 2132; x_wconf 89' lang='lat' dir='ltr'><strong>enim</strong></span> <span class='ocrx_word' id='word_1_463' title='bbox 3472 2092 3573 2134; x_wconf 86' lang='lat' dir='ltr'><strong>ceu</strong></span> 
     </span>
    </p>
   </div>
   <div class='ocr_carea' id='block_1_63' title="bbox 2002 2170 3579 2240">
    <p class='ocr_par' dir='ltr' id='par_1_63' title="bbox 2002 2170 3579 2240">
     <span class='ocr_line' id='line_1_63' title="bbox 2002 2170 3579 2240; baseline 0.001 -17"><span class='ocrx_word' id='word_1_464' title='bbox 2002 2172 2285 2224; x_wconf 88' lang='lat' dir='ltr'><strong>inimicum</strong></span> <span class='ocrx_word' id='word_1_465' title='bbox 2323 2172 2617 2240; x_wconf 72' lang='lat' dir='ltr'><strong>pclleL-ant,</strong></span> <span class='ocrx_word' id='word_1_466' title='bbox 2666 2181 2721 2225; x_wconf 87' lang='lat' dir='ltr'><strong>et</strong></span> <span class='ocrx_word' id='word_1_467' title='bbox 2758 2171 3088 2226; x_wconf 86' lang='lat' dir='ltr'><strong>simulabant</strong></span> <span class='ocrx_word' id='word_1_468' title='bbox 3118 2187 3176 2226; x_wconf 89' lang='lat' dir='ltr'><strong>se</strong></span> <span class='ocrx_word' id='word_1_469' title='bbox 3223 2170 3401 2227; x_wconf 85' lang='lat' dir='ltr'><strong>Patris</strong></span> <span class='ocrx_word' id='word_1_470' title='bbox 3449 2171 3579 2225; x_wconf 91' lang='lat' dir='ltr'><strong>ulci-</strong></span> 
     </span>
    </p>
   </div>
   <div class='ocr_carea' id='block_1_64' title="bbox 2000 2260 3575 2331">
    <p class='ocr_par' dir='ltr' id='par_1_64' title="bbox 2000 2260 3575 2331">
     <span class='ocr_line' id='line_1_64' title="bbox 2000 2260 3575 2331; baseline 0.001 -17"><span class='ocrx_word' id='word_1_471' title='bbox 2000 2262 2185 2315; x_wconf 83' lang='lat' dir='ltr'><strong>scendi</strong></span> <span class='ocrx_word' id='word_1_472' title='bbox 2239 2261 2425 2316; x_wconf 85' lang='lat' dir='ltr'><strong>animo</strong></span> <span class='ocrx_word' id='word_1_473' title='bbox 2476 2262 2529 2316; x_wconf 87' lang='lat' dir='ltr'><strong>id</strong></span> <span class='ocrx_word' id='word_1_474' title='bbox 2565 2276 2757 2331; x_wconf 78' lang='lat' dir='ltr'><strong>agere;</strong></span> <span class='ocrx_word' id='word_1_475' title='bbox 2807 2260 3161 2330; x_wconf 80' lang='lat' dir='ltr'><strong>quamobrem</strong></span> <span class='ocrx_word' id='word_1_476' title='bbox 3216 2271 3275 2316; x_wconf 92' lang='lat' dir='ltr'><strong>ut</strong></span> <span class='ocrx_word' id='word_1_477' title='bbox 3309 2276 3427 2315; x_wconf 77' lang='lat' dir='ltr'><strong>eam</strong></span> <span class='ocrx_word' id='word_1_478' title='bbox 3465 2260 3575 2316; x_wconf 83' lang='lat' dir='ltr'><strong>illis</strong></span> 
     </span>
    </p>
   </div>
   <div class='ocr_carea' id='block_1_65' title="bbox 1999 2349 3570 2420">
    <p class='ocr_par' dir='ltr' id='par_1_65' title="bbox 1999 2349 3570 2420">
     <span class='ocr_line' id='line_1_65' title="bbox 1999 2349 3570 2420; baseline -0.001 -14"><span class='ocrx_word' id='word_1_479' title='bbox 1999 2351 2373 2406; x_wconf 78' lang='lat' dir='ltr'><strong>defensionem</strong></span> <span class='ocrx_word' id='word_1_480' title='bbox 2426 2352 2641 2420; x_wconf 88' lang='lat' dir='ltr'><strong>penitus</strong></span> <span class='ocrx_word' id='word_1_481' title='bbox 2689 2352 2951 2406; x_wconf 82' lang='lat' dir='ltr'><strong>adimeret</strong></span> <span class='ocrx_word' id='word_1_482' title='bbox 2982 2351 3162 2405; x_wconf 82' lang='lat' dir='ltr'><strong>ait&quot;:</strong></span> <span class='ocrx_word' id='word_1_483' title='bbox 3194 2349 3297 2417; x_wconf 83' lang='lat' dir='ltr'><strong>Qui</strong></span> <span class='ocrx_word' id='word_1_484' title='bbox 3330 2351 3439 2404; x_wconf 91' lang='lat' dir='ltr'><strong>odit</strong></span> <span class='ocrx_word' id='word_1_485' title='bbox 3469 2367 3570 2415; x_wconf 89' lang='lat' dir='ltr'><strong>me,</strong></span> 
     </span>
    </p>
   </div>
   <div class='ocr_carea' id='block_1_66' title="bbox 2000 2441 3570 2509">
    <p class='ocr_par' dir='ltr' id='par_1_66' title="bbox 2000 2441 3570 2509">
     <span class='ocr_line' id='line_1_66' title="bbox 2000 2441 3570 2509; baseline 0 -13"><span class='ocrx_word' id='word_1_486' title='bbox 2000 2444 2109 2497; x_wconf 88' lang='lat' dir='ltr'><strong>odit</strong></span> <span class='ocrx_word' id='word_1_487' title='bbox 2136 2453 2185 2497; x_wconf 86' lang='lat' dir='ltr'><strong>et</strong></span> <span class='ocrx_word' id='word_1_488' title='bbox 2232 2442 2445 2497; x_wconf 84' lang='lat' dir='ltr'><strong>Patrem</strong></span> <span class='ocrx_word' id='word_1_489' title='bbox 2477 2460 2665 2496; x_wconf 84' lang='lat' dir='ltr'><strong>meum.</strong></span> <span class='ocrx_word' id='word_1_490' title='bbox 2700 2441 2982 2496; x_wconf 84' lang='lat' dir='ltr'><strong>Inimicum</strong></span> <span class='ocrx_word' id='word_1_491' title='bbox 3013 2452 3061 2496; x_wconf 88' lang='lat' dir='ltr'><strong>et</strong></span> <span class='ocrx_word' id='word_1_492' title='bbox 3096 2442 3343 2509; x_wconf 86' lang='lat' dir='ltr'><strong>ultorem,</strong></span> <span class='ocrx_word' id='word_1_493' title='bbox 3377 2441 3570 2496; x_wconf 80' lang='lat' dir='ltr'><strong>diabo-</strong></span> 
     </span>
    </p>
   </div>
   <div class='ocr_carea' id='block_1_67' title="bbox 2000 2533 3568 2603">
    <p class='ocr_par' dir='ltr' id='par_1_67' title="bbox 2000 2533 3568 2603">
     <span class='ocr_line' id='line_1_67' title="bbox 2000 2533 3568 2603; baseline -0.002 -14"><span class='ocrx_word' id='word_1_494' title='bbox 2000 2535 2110 2589; x_wconf 90' lang='lat' dir='ltr'><strong>lum</strong></span> <span class='ocrx_word' id='word_1_495' title='bbox 2148 2534 2297 2589; x_wconf 87' lang='lat' dir='ltr'><strong>dicit.</strong></span> <span class='ocrx_word' id='word_1_496' title='bbox 2344 2534 2446 2600; x_wconf 85' lang='lat' dir='ltr'><strong>Qui</strong></span> <span class='ocrx_word' id='word_1_497' title='bbox 2500 2544 2785 2603; x_wconf 82' lang='lat' dir='ltr'><strong>postquam</strong></span> <span class='ocrx_word' id='word_1_498' title='bbox 2840 2533 3100 2603; x_wconf 84' lang='lat' dir='ltr'><strong>compulit</strong></span> <span class='ocrx_word' id='word_1_499' title='bbox 3149 2533 3213 2587; x_wconf 88' lang='lat' dir='ltr'><strong>ad</strong></span> <span class='ocrx_word' id='word_1_500' title='bbox 3256 2543 3568 2602; x_wconf 86' lang='lat' dir='ltr'><strong>peccatum,</strong></span> 
     </span>
    </p>
   </div>
   <div class='ocr_carea' id='block_1_68' title="bbox 2000 2622 3569 2695">
    <p class='ocr_par' dir='ltr' id='par_1_68' title="bbox 2000 2622 3569 2695">
     <span class='ocr_line' id='line_1_68' title="bbox 2000 2622 3569 2695; baseline -0.001 -15"><span class='ocrx_word' id='word_1_501' title='bbox 2000 2640 2193 2695; x_wconf 66' lang='lat' dir='ltr'><strong>poenas</strong></span> <span class='ocrx_word' id='word_1_502' title='bbox 2245 2625 2626 2694; x_wconf 81' lang='lat' dir='ltr'><strong>peccatoribus</strong></span> <span class='ocrx_word' id='word_1_503' title='bbox 2659 2624 2874 2694; x_wconf 77' lang='lat' dir='ltr'><strong>inﬂigit,</strong></span> <span class='ocrx_word' id='word_1_504' title='bbox 2934 2623 3140 2694; x_wconf 77' lang='lat' dir='ltr'><strong>peccati</strong></span> <span class='ocrx_word' id='word_1_505' title='bbox 3187 2623 3449 2693; x_wconf 80' lang='lat' dir='ltr'><strong>gravitate</strong></span> <span class='ocrx_word' id='word_1_506' title='bbox 3496 2622 3569 2678; x_wconf 87' lang='lat' dir='ltr'><strong>ob</strong></span> 
     </span>
    </p>
   </div>
   <div class='ocr_carea' id='block_1_69' title="bbox 1999 2712 3571 2786">
    <p class='ocr_par' dir='ltr' id='par_1_69' title="bbox 1999 2712 3571 2786">
     <span class='ocr_line' id='line_1_69' title="bbox 1999 2712 3571 2786; baseline -0.001 -15"><span class='ocrx_word' id='word_1_507' title='bbox 1999 2717 2190 2772; x_wconf 90' lang='lat' dir='ltr'><strong>oculos</strong></span> <span class='ocrx_word' id='word_1_508' title='bbox 2218 2715 2352 2786; x_wconf 88' lang='lat' dir='ltr'><strong>ipsis</strong></span> <span class='ocrx_word' id='word_1_509' title='bbox 2382 2715 2578 2784; x_wconf 90' lang='lat' dir='ltr'><strong>posita.</strong></span> <span class='ocrx_word' id='word_1_510' title='bbox 2612 2715 2719 2768; x_wconf 88' lang='lat' dir='ltr'><strong>Aut</strong></span> <span class='ocrx_word' id='word_1_511' title='bbox 2747 2715 3003 2784; x_wconf 89' lang='lat' dir='ltr'><strong>populum</strong></span> <span class='ocrx_word' id='word_1_512' title='bbox 3059 2712 3396 2779; x_wconf 73' lang='lat' dir='ltr'><strong>Judaaorum,</strong></span> <span class='ocrx_word' id='word_1_513' title='bbox 3428 2713 3571 2769; x_wconf 82' lang='lat' dir='ltr'><strong>veri-</strong></span> 
     </span>
    </p>
   </div>
   <div class='ocr_carea' id='block_1_70' title="bbox 1999 2804 3563 2877">
    <p class='ocr_par' dir='ltr' id='par_1_70' title="bbox 1999 2804 3563 2877">
     <span class='ocr_line' id='line_1_70' title="bbox 1999 2804 3563 2877; baseline -0.003 -12"><span class='ocrx_word' id='word_1_514' title='bbox 1999 2808 2124 2865; x_wconf 81' lang='lat' dir='ltr'><strong>tatis</strong></span> <span class='ocrx_word' id='word_1_515' title='bbox 2155 2807 2374 2877; x_wconf 88' lang='lat' dir='ltr'><strong>quidem</strong></span> <span class='ocrx_word' id='word_1_516' title='bbox 2400 2805 2710 2873; x_wconf 86' lang='lat' dir='ltr'><strong>inimieum;</strong></span> <span class='ocrx_word' id='word_1_517' title='bbox 2740 2807 2971 2860; x_wconf 89' lang='lat' dir='ltr'><strong>ultorem</strong></span> <span class='ocrx_word' id='word_1_518' title='bbox 3002 2820 3151 2873; x_wconf 83' lang='lat' dir='ltr'><strong>vero,</strong></span> <span class='ocrx_word' id='word_1_519' title='bbox 3179 2806 3309 2876; x_wconf 88' lang='lat' dir='ltr'><strong>quia</strong></span> <span class='ocrx_word' id='word_1_520' title='bbox 3347 2804 3563 2861; x_wconf 82' lang='lat' dir='ltr'><strong>videba-</strong></span> 
     </span>
    </p>
   </div>
   <div class='ocr_carea' id='block_1_71' title="bbox 1998 2898 2616 2969">
    <p class='ocr_par' dir='ltr' id='par_1_71' title="bbox 1998 2898 2616 2969">
     <span class='ocr_line' id='line_1_71' title="bbox 1998 2898 2616 2969; baseline -0.003 -16"><span class='ocrx_word' id='word_1_521' title='bbox 1998 2907 2089 2953; x_wconf 87' lang='lat' dir='ltr'><strong>tur</strong></span> <span class='ocrx_word' id='word_1_522' title='bbox 2116 2899 2289 2969; x_wconf 82' lang='lat' dir='ltr'><strong>legem</strong></span> <span class='ocrx_word' id='word_1_523' title='bbox 2322 2898 2616 2952; x_wconf 87' lang='lat' dir='ltr'><strong>vindicare.</strong></span> 
     </span>
    </p>
   </div>
   <div class='ocr_carea' id='block_1_72' title="bbox 2066 2986 3575 3057">
    <p class='ocr_par' dir='ltr' id='par_1_72' title="bbox 2066 2986 3575 3057">
     <span class='ocr_line' id='line_1_72' title="bbox 2066 2986 3575 3057; baseline -0.001 -14"><span class='ocrx_word' id='word_1_524' title='bbox 2066 2990 2119 3043; x_wconf 76' lang='grc'><strong>4.</strong></span> <span class='ocrx_word' id='word_1_525' title='bbox 2159 2988 2422 3055; x_wconf 83' lang='lat' dir='ltr'><strong>Quoniam</strong></span> <span class='ocrx_word' id='word_1_526' title='bbox 2472 2987 2652 3042; x_wconf 84' lang='lat' dir='ltr'><strong>videbo</strong></span> <span class='ocrx_word' id='word_1_527' title='bbox 2703 2987 2858 3041; x_wconf 65' lang='lat' dir='ltr'><strong>celos</strong></span> <span class='ocrx_word' id='word_1_528' title='bbox 2906 2995 3043 3051; x_wconf 79' lang='lat' dir='ltr'><strong>tuos,</strong></span> <span class='ocrx_word' id='word_1_529' title='bbox 3073 3003 3229 3057; x_wconf 85' lang='lat' dir='ltr'><strong>opera</strong></span> <span class='ocrx_word' id='word_1_530' title='bbox 3279 2986 3575 3057; x_wconf 63' lang='lat' dir='ltr'><strong>digitorum</strong></span> 
     </span>
    </p>
   </div>
   <div class='ocr_carea' id='block_1_73' title="bbox 2000 3078 3567 3152">
    <p class='ocr_par' dir='ltr' id='par_1_73' title="bbox 2000 3078 3567 3152">
     <span class='ocr_line' id='line_1_73' title="bbox 2000 3078 3567 3152; baseline -0.001 -17"><span class='ocrx_word' id='word_1_531' title='bbox 2000 3092 2233 3140; x_wconf 83' lang='lat' dir='ltr'><strong>tuorum.</strong></span> <span class='ocrx_word' id='word_1_532' title='bbox 2284 3082 2642 3152; x_wconf 75' lang='lat' dir='ltr'><strong>l’ndignantur</strong></span> <span class='ocrx_word' id='word_1_533' title='bbox 2691 3081 2771 3135; x_wconf 88' lang='lat' dir='ltr'><strong>illi</strong></span> <span class='ocrx_word' id='word_1_534' title='bbox 2823 3078 3121 3135; x_wconf 80' lang='lat' dir='ltr'><strong>infantibus</strong></span> <span class='ocrx_word' id='word_1_535' title='bbox 3154 3079 3364 3135; x_wconf 86' lang='lat' dir='ltr'><strong>laudem</strong></span> <span class='ocrx_word' id='word_1_536' title='bbox 3406 3078 3567 3149; x_wconf 75' lang='lat' dir='ltr'><strong>perli-</strong></span> 
     </span>
    </p>
   </div>
   <div class='ocr_carea' id='block_1_74' title="bbox 1996 3171 3567 3241">
    <p class='ocr_par' dir='ltr' id='par_1_74' title="bbox 1996 3171 3567 3241">
     <span class='ocr_line' id='line_1_74' title="bbox 1996 3171 3567 3241; baseline -0.003 -12"><span class='ocrx_word' id='word_1_537' title='bbox 1996 3174 2289 3230; x_wconf 89' lang='lat' dir='ltr'><strong>cientibus.</strong></span> <span class='ocrx_word' id='word_1_538' title='bbox 2345 3172 2481 3228; x_wconf 83' lang='lat' dir='ltr'><strong>Illud</strong></span> <span class='ocrx_word' id='word_1_539' title='bbox 2529 3181 2711 3227; x_wconf 85' lang='lat' dir='ltr'><strong>autem</strong></span> <span class='ocrx_word' id='word_1_540' title='bbox 2759 3178 2969 3226; x_wconf 87' lang='lat' dir='ltr'><strong>tantum</strong></span> <span class='ocrx_word' id='word_1_541' title='bbox 3013 3179 3233 3241; x_wconf 87' lang='lat' dir='ltr'><strong>tamque</strong></span> <span class='ocrx_word' id='word_1_542' title='bbox 3276 3171 3567 3241; x_wconf 87' lang='lat' dir='ltr'><strong>pulchrum</strong></span> 
     </span>
    </p>
   </div>
   <div class='ocr_carea' id='block_1_75' title="bbox 1994 3259 3567 3335">
    <p class='ocr_par' dir='ltr' id='par_1_75' title="bbox 1994 3259 3567 3335">
     <span class='ocr_line' id='line_1_75' title="bbox 1994 3259 3567 3335; baseline -0.004 -16"><span class='ocrx_word' id='word_1_543' title='bbox 1994 3264 2295 3335; x_wconf 81' lang='lat' dir='ltr'><strong>opiﬁcium,</strong></span> <span class='ocrx_word' id='word_1_544' title='bbox 2348 3264 2518 3319; x_wconf 67' lang='lat' dir='ltr'><strong>caelos</strong></span> <span class='ocrx_word' id='word_1_545' title='bbox 2550 3276 2763 3331; x_wconf 89' lang='lat' dir='ltr'><strong>nempe,</strong></span> <span class='ocrx_word' id='word_1_546' title='bbox 2812 3277 2911 3331; x_wconf 83' lang='lat' dir='ltr'><strong>ego</strong></span> <span class='ocrx_word' id='word_1_547' title='bbox 2964 3262 3056 3332; x_wconf 92' lang='lat' dir='ltr'><strong>qui</strong></span> <span class='ocrx_word' id='word_1_548' title='bbox 3102 3276 3222 3316; x_wconf 91' lang='lat' dir='ltr'><strong>sum</strong></span> <span class='ocrx_word' id='word_1_549' title='bbox 3268 3259 3567 3316; x_wconf 85' lang='lat' dir='ltr'><strong>creationis</strong></span> 
     </span>
    </p>
   </div>
   <div class='ocr_carea' id='block_1_76' title="bbox 1995 3355 2980 3427">
    <p class='ocr_par' dir='ltr' id='par_1_76' title="bbox 1995 3355 2980 3427">
     <span class='ocr_line' id='line_1_76' title="bbox 1995 3355 2980 3427; baseline -0.002 -18"><span class='ocrx_word' id='word_1_550' title='bbox 1995 3367 2100 3412; x_wconf 66' lang='lat' dir='ltr'><strong>tua:</strong></span> <span class='ocrx_word' id='word_1_551' title='bbox 2122 3357 2378 3427; x_wconf 89' lang='lat' dir='ltr'><strong>pusillum</strong></span> <span class='ocrx_word' id='word_1_552' title='bbox 2426 3371 2586 3426; x_wconf 87' lang='lat' dir='ltr'><strong>opus,</strong></span> <span class='ocrx_word' id='word_1_553' title='bbox 2624 3355 2980 3422; x_wconf 86' lang='lat' dir='ltr'><strong>contemplor.</strong></span> 
     </span>
    </p>
   </div>
   <div class='ocr_carea' id='block_1_77' title="bbox 2067 3442 3564 3519">
    <p class='ocr_par' dir='ltr' id='par_1_77' title="bbox 2067 3442 3564 3519">
     <span class='ocr_line' id='line_1_77' title="bbox 2067 3442 3564 3519; baseline -0.005 -15"><span class='ocrx_word' id='word_1_554' title='bbox 2067 3449 2118 3504; x_wconf 81' lang='grc'><strong>5.</strong></span> <span class='ocrx_word' id='word_1_555' title='bbox 2155 3448 2293 3513; x_wconf 83' lang='lat' dir='ltr'><strong>Quid</strong></span> <span class='ocrx_word' id='word_1_556' title='bbox 2324 3456 2401 3502; x_wconf 85' lang='lat' dir='ltr'><strong>est</strong></span> <span class='ocrx_word' id='word_1_557' title='bbox 2441 3448 2613 3511; x_wconf 84' lang='lat' dir='ltr'><strong>homo,</strong></span> <span class='ocrx_word' id='word_1_558' title='bbox 2642 3448 2780 3519; x_wconf 87' lang='lat' dir='ltr'><strong>quod</strong></span> <span class='ocrx_word' id='word_1_559' title='bbox 2810 3462 3005 3500; x_wconf 89' lang='lat' dir='ltr'><strong>memor</strong></span> <span class='ocrx_word' id='word_1_560' title='bbox 3029 3462 3081 3498; x_wconf 83' lang='lat' dir='ltr'><strong>es</strong></span> <span class='ocrx_word' id='word_1_561' title='bbox 3111 3445 3261 3513; x_wconf 82' lang='lat' dir='ltr'><strong>ejus;</strong></span> <span class='ocrx_word' id='word_1_562' title='bbox 3295 3455 3383 3498; x_wconf 88' lang='lat' dir='ltr'><strong>aut</strong></span> <span class='ocrx_word' id='word_1_563' title='bbox 3418 3442 3564 3513; x_wconf 82' lang='lat' dir='ltr'><strong>ﬁlius</strong></span> 
     </span>
    </p>
   </div>
   <div class='ocr_carea' id='block_1_78' title="bbox 1993 3535 3564 3611">
    <p class='ocr_par' dir='ltr' id='par_1_78' title="bbox 1993 3535 3564 3611">
     <span class='ocr_line' id='line_1_78' title="bbox 1993 3535 3564 3611; baseline -0.004 -15"><span class='ocrx_word' id='word_1_564' title='bbox 1993 3542 2241 3606; x_wconf 81' lang='lat' dir='ltr'><strong>hominis,</strong></span> <span class='ocrx_word' id='word_1_565' title='bbox 2278 3542 2533 3611; x_wconf 82' lang='lat' dir='ltr'><strong>quoniam</strong></span> <span class='ocrx_word' id='word_1_566' title='bbox 2561 3542 2744 3595; x_wconf 77' lang='lat' dir='ltr'><strong>risitas</strong></span> <span class='ocrx_word' id='word_1_567' title='bbox 2774 3556 2890 3593; x_wconf 82' lang='lat' dir='ltr'><strong>eum</strong></span> <span class='ocrx_word' id='word_1_568' title='bbox 2914 3540 2939 3592; x_wconf 74' lang='grc' dir='ltr'><strong>ἱ)</strong></span> <span class='ocrx_word' id='word_1_569' title='bbox 2974 3537 3217 3590; x_wconf 75' lang='lat' dir='ltr'><strong>Minuisti</strong></span> <span class='ocrx_word' id='word_1_570' title='bbox 3243 3553 3360 3591; x_wconf 87' lang='lat' dir='ltr'><strong>eum</strong></span> <span class='ocrx_word' id='word_1_571' title='bbox 3404 3535 3564 3606; x_wconf 88' lang='lat' dir='ltr'><strong>paulo</strong></span> 
     </span>
    </p>
   </div>
   <div class='ocr_carea' id='block_1_79' title="bbox 1992 3628 3567 3705">
    <p class='ocr_par' dir='ltr' id='par_1_79' title="bbox 1992 3628 3567 3705">
     <span class='ocr_line' id='line_1_79' title="bbox 1992 3628 3567 3705; baseline -0.004 -18"><span class='ocrx_word' id='word_1_572' title='bbox 1992 3635 2167 3689; x_wconf 84' lang='lat' dir='ltr'><strong>minus</strong></span> <span class='ocrx_word' id='word_1_573' title='bbox 2201 3635 2266 3688; x_wconf 92' lang='lat' dir='ltr'><strong>ab</strong></span> <span class='ocrx_word' id='word_1_574' title='bbox 2305 3633 2527 3705; x_wconf 87' lang='lat' dir='ltr'><strong>angelis.</strong></span> <span class='ocrx_word' id='word_1_575' title='bbox 2572 3632 2763 3687; x_wconf 74' lang='lat' dir='ltr'><strong>lsthtec</strong></span> <span class='ocrx_word' id='word_1_576' title='bbox 2782 3629 2953 3685; x_wconf 88' lang='lat' dir='ltr'><strong>Paulo</strong></span> <span class='ocrx_word' id='word_1_577' title='bbox 2985 3631 3050 3684; x_wconf 88' lang='lat' dir='ltr'><strong>ad</strong></span> <span class='ocrx_word' id='word_1_578' title='bbox 3092 3628 3426 3683; x_wconf 86' lang='lat' dir='ltr'><strong>Salvatorem</strong></span> <span class='ocrx_word' id='word_1_579' title='bbox 3464 3642 3567 3681; x_wconf 81' lang='lat' dir='ltr'><strong>no-</strong></span> 
     </span>
    </p>
   </div>
   <div class='ocr_carea' id='block_1_80' title="bbox 1993 3718 3512 3791">
    <p class='ocr_par' dir='ltr' id='par_1_80' title="bbox 1993 3718 3512 3791">
     <span class='ocr_line' id='line_1_80' title="bbox 1993 3718 3512 3791; baseline -0.008 -10"><span class='ocrx_word' id='word_1_580' title='bbox 1993 3736 2170 3783; x_wconf 85' lang='lat' dir='ltr'><strong>strum</strong></span> <span class='ocrx_word' id='word_1_581' title='bbox 2204 3724 2478 3788; x_wconf 82' lang='lat' dir='ltr'><strong>referente</strong></span> <span class='ocrx_word' id='word_1_582' title='bbox 2499 3725 2567 3790; x_wconf 66' lang='lat'><strong>7‘,</strong></span> <span class='ocrx_word' id='word_1_583' title='bbox 2598 3724 2648 3778; x_wconf 92' lang='lat' dir='ltr'><strong>id</strong></span> <span class='ocrx_word' id='word_1_584' title='bbox 2678 3724 2742 3778; x_wconf 89' lang='lat' dir='ltr'><strong>ad</strong></span> <span class='ocrx_word' id='word_1_585' title='bbox 2781 3720 3175 3791; x_wconf 81' lang='lat' dir='ltr'><strong>expositionem</strong></span> <span class='ocrx_word' id='word_1_586' title='bbox 3205 3718 3335 3773; x_wconf 82' lang='lat' dir='ltr'><strong>satis</strong></span> <span class='ocrx_word' id='word_1_587' title='bbox 3373 3729 3512 3771; x_wconf 79' lang='lat' dir='ltr'><strong>esm.</strong></span> 
     </span>
    </p>
   </div>
   <div class='ocr_carea' id='block_1_81' title="bbox 2065 3888 3562 3967">
    <p class='ocr_par' dir='ltr' id='par_1_81' title="bbox 2065 3888 3562 3967">
     <span class='ocr_line' id='line_1_81' title="bbox 2065 3888 3562 3967; baseline -0.009 -12"><span class='ocrx_word' id='word_1_588' title='bbox 2065 3900 2118 3955; x_wconf 89' lang='lat'><strong>8.</strong></span> <span class='ocrx_word' id='word_1_589' title='bbox 2156 3901 2350 3957; x_wconf 87' lang='lat' dir='ltr'><strong>Omnia</strong></span> <span class='ocrx_word' id='word_1_590' title='bbox 2383 3898 2653 3967; x_wconf 83' lang='lat' dir='ltr'><strong>sabjecisti</strong></span> <span class='ocrx_word' id='word_1_591' title='bbox 2689 3898 2784 3951; x_wconf 84' lang='lat' dir='ltr'><strong>sub</strong></span> <span class='ocrx_word' id='word_1_592' title='bbox 2822 3894 3040 3964; x_wconf 77' lang='lat' dir='ltr'><strong>pedibus</strong></span> <span class='ocrx_word' id='word_1_593' title='bbox 3078 3892 3189 3953; x_wconf 87' lang='lat' dir='ltr'><strong>eius</strong></span> <span class='ocrx_word' id='word_1_594' title='bbox 3224 3890 3356 3961; x_wconf 80' lang='lat' dir='ltr'><strong>(l7).</strong></span> <span class='ocrx_word' id='word_1_595' title='bbox 3403 3888 3562 3944; x_wconf 84' lang='lat' dir='ltr'><strong>Post-</strong></span> 
     </span>
    </p>
   </div>
   <div class='ocr_carea' id='block_1_82' title="bbox 1993 3979 3559 4062">
    <p class='ocr_par' dir='ltr' id='par_1_82' title="bbox 1993 3979 3559 4062">
     <span class='ocr_line' id='line_1_82' title="bbox 1993 3979 3559 4062; baseline -0.011 -15"><span class='ocrx_word' id='word_1_596' title='bbox 1993 4006 2154 4062; x_wconf 85' lang='lat' dir='ltr'><strong>quam</strong></span> <span class='ocrx_word' id='word_1_597' title='bbox 2187 3991 2326 4045; x_wconf 81' lang='lat' dir='ltr'><strong>dixit</strong></span> <span class='ocrx_word' id='word_1_598' title='bbox 2353 3991 2496 4044; x_wconf 90' lang='lat' dir='ltr'><strong>Deus</strong></span> <span class='ocrx_word' id='word_1_599' title='bbox 2517 3990 2563 4021; x_wconf 83' lang='grc'>⁷⁸</span> <span class='ocrx_word' id='word_1_600' title='bbox 2591 4007 2603 4042; x_wconf 89' lang='lat'>:</span> <span class='ocrx_word' id='word_1_601' title='bbox 2642 3986 2928 4041; x_wconf 78' lang='lat' dir='ltr'><strong>Faciamus</strong></span> <span class='ocrx_word' id='word_1_602' title='bbox 2967 3983 3225 4045; x_wconf 80' lang='lat' dir='ltr'><strong>hominem</strong></span> <span class='ocrx_word' id='word_1_603' title='bbox 3255 3980 3323 4033; x_wconf 89' lang='lat' dir='ltr'><strong>ad</strong></span> <span class='ocrx_word' id='word_1_604' title='bbox 3369 3979 3559 4049; x_wconf 81' lang='lat' dir='ltr'><strong>imagi-</strong></span> 
     </span>
    </p>
   </div>
   <div class='ocr_carea' id='block_1_83' title="bbox 1992 4070 3564 4144">
    <p class='ocr_par' dir='ltr' id='par_1_83' title="bbox 1992 4070 3564 4144">
     <span class='ocr_line' id='line_1_83' title="bbox 1992 4070 3564 4144; baseline -0.01 -5"><span class='ocrx_word' id='word_1_605' title='bbox 1992 4101 2108 4139; x_wconf 88' lang='lat' dir='ltr'><strong>nem</strong></span> <span class='ocrx_word' id='word_1_606' title='bbox 2131 4095 2181 4139; x_wconf 88' lang='lat' dir='ltr'><strong>et</strong></span> <span class='ocrx_word' id='word_1_607' title='bbox 2214 4081 2617 4136; x_wconf 81' lang='lat' dir='ltr'><strong>similitudinem</strong></span> <span class='ocrx_word' id='word_1_608' title='bbox 2650 4086 2904 4139; x_wconf 85' lang='lat' dir='ltr'><strong>nostram,</strong></span> <span class='ocrx_word' id='word_1_609' title='bbox 2928 4073 3165 4144; x_wconf 82' lang='lat' dir='ltr'><strong>adjecit:</strong></span> <span class='ocrx_word' id='word_1_610' title='bbox 3198 4070 3264 4126; x_wconf 88' lang='lat' dir='ltr'><strong>Et</strong></span> <span class='ocrx_word' id='word_1_611' title='bbox 3289 4071 3564 4124; x_wconf 72' lang='lat' dir='ltr'><strong>dominan-</strong></span> 
     </span>
    </p>
   </div>
   <div class='ocr_carea' id='block_1_84' title="bbox 1994 4164 3558 4241">
    <p class='ocr_par' dir='ltr' id='par_1_84' title="bbox 1994 4164 3558 4241">
     <span class='ocr_line' id='line_1_84' title="bbox 1994 4164 3558 4241; baseline -0.01 -15"><span class='ocrx_word' id='word_1_612' title='bbox 1994 4183 2083 4227; x_wconf 87' lang='lat' dir='ltr'><strong>tur</strong></span> <span class='ocrx_word' id='word_1_613' title='bbox 2116 4170 2348 4241; x_wconf 79' lang='lat' dir='ltr'><strong>piscibus</strong></span> <span class='ocrx_word' id='word_1_614' title='bbox 2377 4170 2564 4231; x_wconf 78' lang='lat' dir='ltr'><strong>maris,</strong></span> <span class='ocrx_word' id='word_1_615' title='bbox 2601 4175 2656 4222; x_wconf 90' lang='lat' dir='ltr'><strong>et</strong></span> <span class='ocrx_word' id='word_1_616' title='bbox 2703 4164 2950 4233; x_wconf 84' lang='lat' dir='ltr'><strong>reliquis,</strong></span> <span class='ocrx_word' id='word_1_617' title='bbox 3000 4176 3123 4232; x_wconf 73' lang='lat' dir='ltr'><strong>quae</strong></span> <span class='ocrx_word' id='word_1_618' title='bbox 3169 4170 3422 4214; x_wconf 87' lang='lat' dir='ltr'><strong>accurate</strong></span> <span class='ocrx_word' id='word_1_619' title='bbox 3470 4173 3558 4212; x_wconf 86' lang='lat' dir='ltr'><strong>re-</strong></span> 
     </span>
    </p>
   </div>
   <div class='ocr_carea' id='block_1_85' title="bbox 1992 4247 3560 4333">
    <p class='ocr_par' dir='ltr' id='par_1_85' title="bbox 1992 4247 3560 4333">
     <span class='ocr_line' id='line_1_85' title="bbox 1992 4247 3560 4333; baseline -0.012 -14"><span class='ocrx_word' id='word_1_620' title='bbox 1992 4271 2194 4319; x_wconf 88' lang='lat' dir='ltr'><strong>censet.</strong></span> <span class='ocrx_word' id='word_1_621' title='bbox 2226 4261 2437 4330; x_wconf 83' lang='lat' dir='ltr'><strong>Quibus</strong></span> <span class='ocrx_word' id='word_1_622' title='bbox 2465 4260 2627 4316; x_wconf 86' lang='lat' dir='ltr'><strong>etiam</strong></span> <span class='ocrx_word' id='word_1_623' title='bbox 2656 4257 2852 4314; x_wconf 80' lang='lat' dir='ltr'><strong>dicit&quot;</strong></span> <span class='ocrx_word' id='word_1_624' title='bbox 2881 4274 2894 4310; x_wconf 90' lang='lat'><strong>:</strong></span> <span class='ocrx_word' id='word_1_625' title='bbox 2933 4252 3161 4309; x_wconf 82' lang='lat' dir='ltr'><strong>Crescite</strong></span> <span class='ocrx_word' id='word_1_626' title='bbox 3192 4258 3240 4304; x_wconf 83' lang='lat' dir='ltr'><strong>et</strong></span> <span class='ocrx_word' id='word_1_627' title='bbox 3270 4326 3275 4333; x_wconf 20' lang='grc' dir='ltr'>δ</span> <span class='ocrx_word' id='word_1_628' title='bbox 3300 4247 3560 4317; x_wconf 85' lang='lat' dir='ltr'><strong>multipli-</strong></span> 
     </span>
    </p>
   </div>
   <div class='ocr_carea' id='block_1_86' title="bbox 1990 4340 3560 4423">
    <p class='ocr_par' dir='ltr' id='par_1_86' title="bbox 1990 4340 3560 4423">
     <span class='ocr_line' id='line_1_86' title="bbox 1990 4340 3560 4423; baseline -0.012 -11"><span class='ocrx_word' id='word_1_629' title='bbox 1990 4356 2185 4412; x_wconf 87' lang='lat' dir='ltr'><strong>camini</strong></span> <span class='ocrx_word' id='word_1_630' title='bbox 2213 4364 2264 4410; x_wconf 86' lang='lat' dir='ltr'><strong>et</strong></span> <span class='ocrx_word' id='word_1_631' title='bbox 2290 4354 2479 4423; x_wconf 85' lang='lat' dir='ltr'><strong>replete</strong></span> <span class='ocrx_word' id='word_1_632' title='bbox 2509 4363 2727 4415; x_wconf 85' lang='lat' dir='ltr'><strong>terram,</strong></span> <span class='ocrx_word' id='word_1_633' title='bbox 2763 4358 2811 4403; x_wconf 88' lang='lat' dir='ltr'><strong>et</strong></span> <span class='ocrx_word' id='word_1_634' title='bbox 2839 4344 3188 4401; x_wconf 87' lang='lat' dir='ltr'><strong>dominamini</strong></span> <span class='ocrx_word' id='word_1_635' title='bbox 3232 4342 3336 4395; x_wconf 88' lang='lat' dir='ltr'><strong>illi.</strong></span> <span class='ocrx_word' id='word_1_636' title='bbox 3369 4340 3560 4396; x_wconf 80' lang='lat' dir='ltr'><strong>Ratio-</strong></span> 
     </span>
    </p>
   </div>
   <div class='ocr_carea' id='block_1_87' title="bbox 1992 4428 3557 4517">
    <p class='ocr_par' dir='ltr' id='par_1_87' title="bbox 1992 4428 3557 4517">
     <span class='ocr_line' id='line_1_87' title="bbox 1992 4428 3557 4517; baseline -0.01 -14"><span class='ocrx_word' id='word_1_637' title='bbox 1992 4448 2158 4503; x_wconf 89' lang='lat' dir='ltr'><strong>nabili</strong></span> <span class='ocrx_word' id='word_1_638' title='bbox 2195 4447 2392 4517; x_wconf 89' lang='lat' dir='ltr'><strong>quippe</strong></span> <span class='ocrx_word' id='word_1_639' title='bbox 2431 4456 2661 4507; x_wconf 73' lang='lat' dir='ltr'><strong>natum,</strong></span> <span class='ocrx_word' id='word_1_640' title='bbox 2692 4449 2880 4510; x_wconf 89' lang='lat' dir='ltr'><strong>utpote</strong></span> <span class='ocrx_word' id='word_1_641' title='bbox 2905 4439 2971 4493; x_wconf 91' lang='lat' dir='ltr'><strong>ad</strong></span> <span class='ocrx_word' id='word_1_642' title='bbox 3016 4434 3430 4492; x_wconf 86' lang='lat' dir='ltr'><strong>similitudinem</strong></span> <span class='ocrx_word' id='word_1_643' title='bbox 3463 4428 3557 4487; x_wconf 91' lang='lat' dir='ltr'><strong>Dei</strong></span> 
     </span>
    </p>
   </div>
   <div class='ocr_carea' id='block_1_88' title="bbox 316 4519 1895 4627">
    <p class='ocr_par' dir='ltr' id='par_1_88' title="bbox 316 4519 1883 4627">
     <span class='ocr_line' id='line_1_88' title="bbox 316 4519 1883 4627; baseline 0.011 -52"><span class='ocrx_word' id='word_1_644' title='bbox 667 4524 817 4627; x_wconf 62' lang='grc' dir='ltr'><strong>Θεῷζ</strong></span> <span class='ocrx_word' id='word_1_645' title='bbox 826 4526 925 4597; x_wconf 85' lang='grc' dir='ltr'>τὴν</span> <span class='ocrx_word' id='word_1_646' title='bbox 945 4529 1084 4581; x_wconf 79' lang='grc' dir='ltr'>κατα</span> <span class='ocrx_word' id='word_1_647' title='bbox 1106 4530 1323 4584; x_wconf 85' lang='grc' dir='ltr'>πάντων</span> <span class='ocrx_word' id='word_1_648' title='bbox 1354 4534 1528 4605; x_wconf 78' lang='grc' dir='ltr'>ἀρχὴν</span> <span class='ocrx_word' id='word_1_649' title='bbox 1556 4536 1883 4610; x_wconf 78' lang='grc' dir='ltr'>ἐδωρήσατο.</span> 
     </span>
    </p>
   </div>
   <div class='ocr_carea' id='block_1_89' title="bbox 2005 4519 3559 4627">
    <p class='ocr_par' dir='ltr' id='par_1_89' title="bbox 2005 4524 3559 4603">
     <span class='ocr_line' id='line_1_89' title="bbox 2005 4524 3559 4603; baseline -0.013 -7"><span class='ocrx_word' id='word_1_650' title='bbox 2005 4541 2243 4603; x_wconf 71' lang='lat' dir='ltr'><strong>conditae,</strong></span> <span class='ocrx_word' id='word_1_651' title='bbox 2278 4538 2520 4594; x_wconf 89' lang='lat' dir='ltr'><strong>omnium</strong></span> <span class='ocrx_word' id='word_1_652' title='bbox 2556 4549 2739 4590; x_wconf 86' lang='lat' dir='ltr'><strong>rerum</strong></span> <span class='ocrx_word' id='word_1_653' title='bbox 2777 4529 3063 4600; x_wconf 84' lang='lat' dir='ltr'><strong>imperium</strong></span> <span class='ocrx_word' id='word_1_654' title='bbox 3114 4524 3355 4580; x_wconf 86' lang='lat' dir='ltr'><strong>tradidit.</strong></span> <span class='ocrx_word' id='word_1_655' title='bbox 3389 4524 3559 4578; x_wconf 80' lang='lat' dir='ltr'><strong>Acce-</strong></span> 
     </span>
    </p>
   </div>
   <div class='ocr_carea' id='block_1_90' title="bbox 319 4614 1883 4700">
    <p class='ocr_par' dir='ltr' id='par_1_90' title="bbox 319 4614 1883 4700">
     <span class='ocr_line' id='line_1_90' title="bbox 319 4614 1883 4700; baseline 0.012 -34"><span class='ocrx_word' id='word_1_656' title='bbox 319 4614 423 4667; x_wconf 70' lang='grc' dir='ltr'>Καὶ</span> <span class='ocrx_word' id='word_1_657' title='bbox 454 4614 687 4687; x_wconf 77' lang='grc' dir='ltr'>δύναμιν</span> <span class='ocrx_word' id='word_1_658' title='bbox 732 4618 761 4669; x_wconf 83' lang='grc' dir='ltr'>ὁ</span> <span class='ocrx_word' id='word_1_659' title='bbox 788 4617 1072 4691; x_wconf 82' lang='grc' dir='ltr'>ἄνθρωπος</span> <span class='ocrx_word' id='word_1_660' title='bbox 1112 4621 1291 4676; x_wconf 77' lang='grc' dir='ltr'>λαϐὼν</span> <span class='ocrx_word' id='word_1_661' title='bbox 1314 4625 1416 4695; x_wconf 85' lang='grc' dir='ltr'>τῆς</span> <span class='ocrx_word' id='word_1_662' title='bbox 1447 4625 1633 4700; x_wconf 86' lang='grc' dir='ltr'>θεῖκῆς</span> <span class='ocrx_word' id='word_1_663' title='bbox 1656 4631 1883 4698; x_wconf 77' lang='grc' dir='ltr'>εἰκόνος,</span> 
     </span>
    </p>
   </div>
   <div class='ocr_carea' id='block_1_91' title="bbox 318 4704 1885 4794">
    <p class='ocr_par' dir='ltr' id='par_1_91' title="bbox 318 4704 1885 4794">
     <span class='ocr_line' id='line_1_91' title="bbox 318 4704 1885 4794; baseline 0.013 -36"><span class='ocrx_word' id='word_1_664' title='bbox 318 4704 390 4770; x_wconf 84' lang='grc' dir='ltr'>ὠς</span> <span class='ocrx_word' id='word_1_665' title='bbox 430 4706 684 4776; x_wconf 81' lang='grc' dir='ltr'>βασιλεὺς</span> <span class='ocrx_word' id='word_1_666' title='bbox 728 4710 983 4764; x_wconf 82' lang='grc' dir='ltr'>ἁπάντων</span> <span class='ocrx_word' id='word_1_667' title='bbox 1026 4713 1174 4766; x_wconf 77' lang='grc' dir='ltr'>ἐστὶν</span> <span class='ocrx_word' id='word_1_668' title='bbox 1202 4717 1230 4769; x_wconf 88' lang='grc' dir='ltr'><strong>ὀ</strong></span> <span class='ocrx_word' id='word_1_669' title='bbox 1261 4716 1424 4783; x_wconf 85' lang='grc' dir='ltr'>Θεὸς,</span> <span class='ocrx_word' id='word_1_670' title='bbox 1474 4719 1648 4784; x_wconf 79' lang='grc' dir='ltr'>οὕτως</span> <span class='ocrx_word' id='word_1_671' title='bbox 1700 4723 1885 4794; x_wconf 80' lang='grc' dir='ltr'>ἄρχων</span> 
     </span>
    </p>
   </div>
   <div class='ocr_carea' id='block_1_92' title="bbox 320 4794 1887 4881">
    <p class='ocr_par' dir='ltr' id='par_1_92' title="bbox 320 4794 1887 4881">
     <span class='ocr_line' id='line_1_92' title="bbox 320 4794 1887 4881; baseline 0.013 -34"><span class='ocrx_word' id='word_1_672' title='bbox 320 4794 551 4866; x_wconf 76' lang='grc' dir='ltr'>κατέστη</span> <span class='ocrx_word' id='word_1_673' title='bbox 583 4796 692 4851; x_wconf 84' lang='grc' dir='ltr'><strong>τῶν</strong></span> <span class='ocrx_word' id='word_1_674' title='bbox 723 4800 816 4852; x_wconf 74' lang='grc' dir='ltr'>ἐπὶ</span> <span class='ocrx_word' id='word_1_675' title='bbox 846 4801 968 4871; x_wconf 80' lang='grc' dir='ltr'>γῆς.</span> <span class='ocrx_word' id='word_1_676' title='bbox 1004 4802 1065 4855; x_wconf 84' lang='lat' dir='ltr'><strong>El</strong></span> <span class='ocrx_word' id='word_1_677' title='bbox 1085 4798 1142 4855; x_wconf 77' lang='grc' dir='ltr'>δὲ</span> <span class='ocrx_word' id='word_1_678' title='bbox 1177 4804 1479 4871; x_wconf 81' lang='grc' dir='ltr'>καθολικῶς</span> <span class='ocrx_word' id='word_1_679' title='bbox 1501 4809 1743 4881; x_wconf 75' lang='grc' dir='ltr'>εἴρηται·</span> <span class='ocrx_word' id='word_1_680' title='bbox 1774 4815 1887 4868; x_wconf 83' lang='lat' dir='ltr'><strong>Kal</strong></span> 
     </span>
    </p>
   </div>
   <div class='ocr_carea' id='block_1_93' title="bbox 317 4888 1886 4971">
    <p class='ocr_par' dir='ltr' id='par_1_93' title="bbox 317 4888 1886 4971">
     <span class='ocr_line' id='line_1_93' title="bbox 317 4888 1886 4971; baseline 0.013 -32"><span class='ocrx_word' id='word_1_681' title='bbox 317 4888 692 4956; x_wconf 76' lang='grc' dir='ltr'>κατέστησας</span> <span class='ocrx_word' id='word_1_682' title='bbox 717 4892 904 4945; x_wconf 79' lang='grc' dir='ltr'>αὑτὸν</span> <span class='ocrx_word' id='word_1_683' title='bbox 930 4893 1026 4947; x_wconf 77' lang='grc' dir='ltr'><em>ἐπὶ</em></span> <span class='ocrx_word' id='word_1_684' title='bbox 1063 4894 1134 4947; x_wconf 84' lang='grc' dir='ltr'>τὰ</span> <span class='ocrx_word' id='word_1_685' title='bbox 1159 4897 1302 4966; x_wconf 76' lang='grc' dir='ltr'>ἔργα</span> <span class='ocrx_word' id='word_1_686' title='bbox 1341 4898 1459 4953; x_wconf 82' lang='grc' dir='ltr'><strong>τῶν</strong></span> <span class='ocrx_word' id='word_1_687' title='bbox 1490 4902 1704 4969; x_wconf 79' lang='grc' dir='ltr'>χειρῶν</span> <span class='ocrx_word' id='word_1_688' title='bbox 1732 4920 1848 4959; x_wconf 91' lang='grc' dir='ltr'>σου</span> <span class='ocrx_word' id='word_1_689' title='bbox 1872 4948 1886 4971; x_wconf 94' lang='grc'><strong>,</strong></span> 
     </span>
    </p>
   </div>
   <div class='ocr_carea' id='block_1_94' title="bbox 317 4975 1888 5060">
    <p class='ocr_par' dir='ltr' id='par_1_94' title="bbox 317 4975 1888 5060">
     <span class='ocr_line' id='line_1_94' title="bbox 317 4975 1888 5060; baseline 0.013 -30"><span class='ocrx_word' id='word_1_690' title='bbox 317 4975 461 5047; x_wconf 82' lang='grc' dir='ltr'>λέγει</span> <span class='ocrx_word' id='word_1_691' title='bbox 484 4979 825 5051; x_wconf 80' lang='grc' dir='ltr'>δὲάλλαχοῦ,</span> <span class='ocrx_word' id='word_1_692' title='bbox 861 4983 972 5037; x_wconf 81' lang='grc' dir='ltr'><strong>Καὶ</strong></span> <span class='ocrx_word' id='word_1_693' title='bbox 1003 4985 1147 5056; x_wconf 74' lang='grc' dir='ltr'>ἔργα</span> <span class='ocrx_word' id='word_1_694' title='bbox 1183 4989 1302 5041; x_wconf 84' lang='grc' dir='ltr'><strong>τῶν</strong></span> <span class='ocrx_word' id='word_1_695' title='bbox 1329 4991 1543 5060; x_wconf 84' lang='grc' dir='ltr'>χειρῶν</span> <span class='ocrx_word' id='word_1_696' title='bbox 1568 5009 1683 5049; x_wconf 88' lang='grc' dir='ltr'>σου</span> <span class='ocrx_word' id='word_1_697' title='bbox 1728 4996 1888 5050; x_wconf 67' lang='grc' dir='ltr'>εἰσιν</span> 
     </span>
    </p>
   </div>
   <div class='ocr_carea' id='block_1_95' title="bbox 318 5072 1883 5158">
    <p class='ocr_par' dir='ltr' id='par_1_95' title="bbox 318 5072 1883 5158">
     <span class='ocr_line' id='line_1_95' title="bbox 318 5072 1883 5158; baseline 0.013 -36"><span class='ocrx_word' id='word_1_698' title='bbox 318 5072 369 5122; x_wconf 83' lang='lat' dir='ltr'><strong>ot</strong></span> <span class='ocrx_word' id='word_1_699' title='bbox 394 5072 667 5138; x_wconf 76' lang='grc' dir='ltr'>οὐρανοί·</span> <span class='ocrx_word' id='word_1_700' title='bbox 692 5072 852 5143; x_wconf 83' lang='grc' dir='ltr'>δῆλον</span> <span class='ocrx_word' id='word_1_701' title='bbox 892 5074 967 5138; x_wconf 83' lang='grc' dir='ltr'><strong>ὡς</strong></span> <span class='ocrx_word' id='word_1_702' title='bbox 991 5077 1081 5129; x_wconf 75' lang='grc' dir='ltr'>επὶ</span> <span class='ocrx_word' id='word_1_703' title='bbox 1100 5080 1226 5143; x_wconf 82' lang='grc' dir='ltr'>τοὺς</span> <span class='ocrx_word' id='word_1_704' title='bbox 1253 5081 1516 5149; x_wconf 79' lang='grc' dir='ltr'>οὐρανοὺς</span> <span class='ocrx_word' id='word_1_705' title='bbox 1553 5087 1883 5158; x_wconf 79' lang='grc' dir='ltr'>κατέστησεν</span> 
     </span>
    </p>
   </div>
   <div class='ocr_carea' id='block_1_96' title="bbox 319 5161 1883 5249">
    <p class='ocr_par' dir='ltr' id='par_1_96' title="bbox 319 5161 1883 5249">
     <span class='ocr_line' id='line_1_96' title="bbox 319 5161 1883 5249; baseline 0.013 -36"><span class='ocrx_word' id='word_1_706' title='bbox 319 5161 495 5227; x_wconf 77' lang='grc' dir='ltr'>αὐτὸν,</span> <span class='ocrx_word' id='word_1_707' title='bbox 529 5165 625 5217; x_wconf 78' lang='grc' dir='ltr'><strong>καὶ</strong></span> <span class='ocrx_word' id='word_1_708' title='bbox 656 5166 865 5237; x_wconf 84' lang='grc' dir='ltr'>μήποτε</span> <span class='ocrx_word' id='word_1_709' title='bbox 908 5168 1236 5240; x_wconf 78' lang='grc' dir='ltr'>ἀποῤῥήτως</span> <span class='ocrx_word' id='word_1_710' title='bbox 1273 5173 1372 5243; x_wconf 86' lang='grc' dir='ltr'><strong>τὴν</strong></span> <span class='ocrx_word' id='word_1_711' title='bbox 1419 5176 1476 5227; x_wconf 81' lang='grc' dir='ltr'>ὲν</span> <span class='ocrx_word' id='word_1_712' title='bbox 1509 5179 1755 5247; x_wconf 77' lang='grc' dir='ltr'>οὐρανοῖς</span> <span class='ocrx_word' id='word_1_713' title='bbox 1783 5197 1883 5249; x_wconf 79' lang='grc' dir='ltr'><strong>ση-</strong></span> 
     </span>
    </p>
   </div>
   <div class='ocr_carea' id='block_1_97' title="bbox 321 5255 1882 5342">
    <p class='ocr_par' dir='ltr' id='par_1_97' title="bbox 321 5255 1882 5342">
     <span class='ocr_line' id='line_1_97' title="bbox 321 5255 1882 5342; baseline 0.014 -36"><span class='ocrx_word' id='word_1_714' title='bbox 321 5255 493 5323; x_wconf 77' lang='grc' dir='ltr'>μαίνει</span> <span class='ocrx_word' id='word_1_715' title='bbox 522 5257 806 5329; x_wconf 74' lang='grc' dir='ltr'>διατριδὴν</span> <span class='ocrx_word' id='word_1_716' title='bbox 839 5259 945 5312; x_wconf 85' lang='grc' dir='ltr'><strong>τῶν</strong></span> <span class='ocrx_word' id='word_1_717' title='bbox 975 5261 1206 5332; x_wconf 78' lang='grc' dir='ltr'>ἀπὸ-γῆς</span> <span class='ocrx_word' id='word_1_718' title='bbox 1240 5265 1418 5319; x_wconf 77' lang='grc' dir='ltr'>ἐκεῖσε</span> <span class='ocrx_word' id='word_1_719' title='bbox 1453 5268 1882 5342; x_wconf 82' lang='grc' dir='ltr'>μεθισταμένων,</span> 
     </span>
    </p>
   </div>
   <div class='ocr_carea' id='block_1_98' title="bbox 318 5342 1883 5428">
    <p class='ocr_par' dir='ltr' id='par_1_98' title="bbox 318 5342 1883 5428">
     <span class='ocr_line' id='line_1_98' title="bbox 318 5342 1883 5428; baseline 0.012 -32"><span class='ocrx_word' id='word_1_720' title='bbox 318 5342 399 5396; x_wconf 76' lang='grc' dir='ltr'>ὅτε</span> <span class='ocrx_word' id='word_1_721' title='bbox 445 5346 701 5416; x_wconf 78' lang='grc' dir='ltr'>μέλλουσι</span> <span class='ocrx_word' id='word_1_722' title='bbox 752 5346 1021 5415; x_wconf 80' lang='grc' dir='ltr'>βασιλείαν</span> <span class='ocrx_word' id='word_1_723' title='bbox 1073 5350 1317 5420; x_wconf 61' lang='grc' dir='ltr'>οὐρανῶν</span> <span class='ocrx_word' id='word_1_724' title='bbox 1359 5353 1710 5428; x_wconf 80' lang='grc' dir='ltr'>κληρονομεῖν</span> <span class='ocrx_word' id='word_1_725' title='bbox 1735 5401 1749 5424; x_wconf 88' lang='grc'><strong>,</strong></span> <span class='ocrx_word' id='word_1_726' title='bbox 1806 5360 1883 5425; x_wconf 81' lang='grc' dir='ltr'>ὡς</span> 
     </span>
    </p>
   </div>
   <div class='ocr_carea' id='block_1_99' title="bbox 317 5433 1883 5520">
    <p class='ocr_par' dir='ltr' id='par_1_99' title="bbox 317 5433 1883 5520">
     <span class='ocr_line' id='line_1_99' title="bbox 317 5433 1883 5520; baseline 0.013 -36"><span class='ocrx_word' id='word_1_727' title='bbox 317 5433 667 5504; x_wconf 71' lang='grc' dir='ltr'>ἐπήγγελται.</span> <span class='ocrx_word' id='word_1_728' title='bbox 701 5438 860 5504; x_wconf 85' lang='grc' dir='ltr'>Λέγει</span> <span class='ocrx_word' id='word_1_729' title='bbox 883 5437 938 5490; x_wconf 86' lang='grc' dir='ltr'>δὲ</span> <span class='ocrx_word' id='word_1_730' title='bbox 965 5440 1058 5492; x_wconf 77' lang='grc' dir='ltr'><strong>καὶ</strong></span> <span class='ocrx_word' id='word_1_731' title='bbox 1091 5440 1301 5506; x_wconf 80' lang='grc' dir='ltr'>Παῦλος</span> <span class='ocrx_word' id='word_1_732' title='bbox 1321 5458 1334 5473; x_wconf 73' lang='grc' dir='ltr'><strong>ο</strong></span> <span class='ocrx_word' id='word_1_733' title='bbox 1379 5449 1743 5517; x_wconf 71' lang='grc' dir='ltr'>κληρονόμοι</span> <span class='ocrx_word' id='word_1_734' title='bbox 1770 5451 1883 5520; x_wconf 82' lang='grc' dir='ltr'>μὲν</span> 
     </span>
    </p>
   </div>
   <div class='ocr_carea' id='block_1_100' title="bbox 1994 4620 3558 4700">
    <p class='ocr_par' dir='ltr' id='par_1_100' title="bbox 1994 4620 3558 4700">
     <span class='ocr_line' id='line_1_100' title="bbox 1994 4620 3558 4700; baseline -0.009 -20"><span class='ocrx_word' id='word_1_735' title='bbox 1994 4639 2191 4700; x_wconf 82' lang='lat' dir='ltr'><strong>ptaque</strong></span> <span class='ocrx_word' id='word_1_736' title='bbox 2224 4631 2386 4683; x_wconf 88' lang='lat' dir='ltr'><strong>homo</strong></span> <span class='ocrx_word' id='word_1_737' title='bbox 2416 4626 2613 4680; x_wconf 72' lang='lat' dir='ltr'><strong>divina:</strong></span> <span class='ocrx_word' id='word_1_738' title='bbox 2641 4621 2893 4691; x_wconf 70' lang='lat' dir='ltr'><strong>imaginis</strong></span> <span class='ocrx_word' id='word_1_739' title='bbox 2923 4620 3140 4685; x_wconf 87' lang='lat' dir='ltr'><strong>virtute,</strong></span> <span class='ocrx_word' id='word_1_740' title='bbox 3181 4626 3239 4671; x_wconf 92' lang='lat' dir='ltr'><strong>ut</strong></span> <span class='ocrx_word' id='word_1_741' title='bbox 3287 4630 3380 4670; x_wconf 80' lang='lat' dir='ltr'><strong>rex</strong></span> <span class='ocrx_word' id='word_1_742' title='bbox 3432 4629 3558 4669; x_wconf 80' lang='lat' dir='ltr'><strong>om-</strong></span> 
     </span>
    </p>
   </div>
   <div class='ocr_carea' id='block_1_101' title="bbox 1992 4710 3554 4781">
    <p class='ocr_par' dir='ltr' id='par_1_101' title="bbox 1992 4710 3554 4781">
     <span class='ocr_line' id='line_1_101' title="bbox 1992 4710 3554 4781; baseline -0.01 -4"><span class='ocrx_word' id='word_1_743' title='bbox 1992 4723 2142 4777; x_wconf 88' lang='lat' dir='ltr'><strong>nium</strong></span> <span class='ocrx_word' id='word_1_744' title='bbox 2200 4734 2284 4775; x_wconf 87' lang='lat' dir='ltr'><strong>est</strong></span> <span class='ocrx_word' id='word_1_745' title='bbox 2348 4718 2514 4781; x_wconf 89' lang='lat' dir='ltr'><strong>Deus,</strong></span> <span class='ocrx_word' id='word_1_746' title='bbox 2579 4719 2652 4771; x_wconf 90' lang='lat' dir='ltr'><strong>ita</strong></span> <span class='ocrx_word' id='word_1_747' title='bbox 2714 4718 2879 4771; x_wconf 88' lang='lat' dir='ltr'><strong>homo</strong></span> <span class='ocrx_word' id='word_1_748' title='bbox 2929 4723 3266 4768; x_wconf 82' lang='lat' dir='ltr'><strong>terrenarum</strong></span> <span class='ocrx_word' id='word_1_749' title='bbox 3312 4710 3554 4764; x_wconf 87' lang='lat' dir='ltr'><strong>omnium</strong></span> 
     </span>
    </p>
   </div>
   <div class='ocr_carea' id='block_1_102' title="bbox 1994 4804 3557 4883">
    <p class='ocr_par' dir='ltr' id='par_1_102' title="bbox 1994 4804 3557 4883">
     <span class='ocr_line' id='line_1_102' title="bbox 1994 4804 3557 4883; baseline -0.008 -13"><span class='ocrx_word' id='word_1_750' title='bbox 1994 4815 2326 4870; x_wconf 88' lang='lat' dir='ltr'><strong>constitutus</strong></span> <span class='ocrx_word' id='word_1_751' title='bbox 2345 4822 2428 4869; x_wconf 87' lang='lat' dir='ltr'><strong>est</strong></span> <span class='ocrx_word' id='word_1_752' title='bbox 2456 4813 2730 4883; x_wconf 90' lang='lat' dir='ltr'><strong>princeps.</strong></span> <span class='ocrx_word' id='word_1_753' title='bbox 2765 4809 2922 4876; x_wconf 91' lang='lat' dir='ltr'><strong>Quod</strong></span> <span class='ocrx_word' id='word_1_754' title='bbox 2957 4808 3003 4864; x_wconf 92' lang='lat' dir='ltr'><strong>si</strong></span> <span class='ocrx_word' id='word_1_755' title='bbox 3033 4807 3086 4861; x_wconf 92' lang='lat' dir='ltr'><strong>in</strong></span> <span class='ocrx_word' id='word_1_756' title='bbox 3133 4806 3444 4861; x_wconf 86' lang='lat' dir='ltr'><strong>universum</strong></span> <span class='ocrx_word' id='word_1_757' title='bbox 3474 4804 3557 4858; x_wconf 88' lang='lat' dir='ltr'><strong>di-</strong></span> 
     </span>
    </p>
   </div>
   <div class='ocr_carea' id='block_1_103' title="bbox 1993 4904 3559 4969">
    <p class='ocr_par' dir='ltr' id='par_1_103' title="bbox 1993 4904 3559 4969">
     <span class='ocr_line' id='line_1_103' title="bbox 1993 4904 3559 4969; baseline -0.011 -6"><span class='ocrx_word' id='word_1_758' title='bbox 1993 4916 2185 4963; x_wconf 89' lang='lat' dir='ltr'><strong>catur:</strong></span> <span class='ocrx_word' id='word_1_759' title='bbox 2216 4905 2281 4959; x_wconf 85' lang='lat' dir='ltr'><strong>Et</strong></span> <span class='ocrx_word' id='word_1_760' title='bbox 2312 4904 2631 4959; x_wconf 80' lang='lat' dir='ltr'><strong>constituisti</strong></span> <span class='ocrx_word' id='word_1_761' title='bbox 2662 4917 2779 4956; x_wconf 86' lang='lat' dir='ltr'><strong>eum</strong></span> <span class='ocrx_word' id='word_1_762' title='bbox 2800 4915 2956 4969; x_wconf 82' lang='lat' dir='ltr'><strong>super</strong></span> <span class='ocrx_word' id='word_1_763' title='bbox 2979 4914 3136 4968; x_wconf 86' lang='lat' dir='ltr'><strong>opera</strong></span> <span class='ocrx_word' id='word_1_764' title='bbox 3164 4911 3411 4949; x_wconf 86' lang='lat' dir='ltr'><strong>manuum</strong></span> <span class='ocrx_word' id='word_1_765' title='bbox 3442 4906 3559 4948; x_wconf 86' lang='lat' dir='ltr'><strong>tua-</strong></span> 
     </span>
    </p>
   </div>
   <div class='ocr_carea' id='block_1_104' title="bbox 1995 4989 3551 5068">
    <p class='ocr_par' dir='ltr' id='par_1_104' title="bbox 1995 4989 3551 5068">
     <span class='ocr_line' id='line_1_104' title="bbox 1995 4989 3551 5068; baseline -0.01 -16"><span class='ocrx_word' id='word_1_766' title='bbox 1995 5016 2149 5063; x_wconf 84' lang='lat' dir='ltr'><strong>rum;</strong></span> <span class='ocrx_word' id='word_1_767' title='bbox 2185 5000 2420 5068; x_wconf 84' lang='lat' dir='ltr'><strong>itemque</strong></span> <span class='ocrx_word' id='word_1_768' title='bbox 2452 4997 2559 5050; x_wconf 88' lang='lat' dir='ltr'><strong>alio</strong></span> <span class='ocrx_word' id='word_1_769' title='bbox 2583 4997 2701 5049; x_wconf 91' lang='lat' dir='ltr'><strong>loco</strong></span> <span class='ocrx_word' id='word_1_770' title='bbox 2731 4994 2876 5048; x_wconf 90' lang='lat' dir='ltr'><strong>dicat</strong></span> <span class='ocrx_word' id='word_1_771' title='bbox 2898 4993 2943 5024; x_wconf 92' lang='grc'><strong>⁷⁷</strong></span> <span class='ocrx_word' id='word_1_772' title='bbox 2970 5009 2984 5046; x_wconf 87' lang='lat'><strong>:</strong></span> <span class='ocrx_word' id='word_1_773' title='bbox 3018 4989 3086 5044; x_wconf 84' lang='lat' dir='ltr'><strong>Et</strong></span> <span class='ocrx_word' id='word_1_774' title='bbox 3112 5006 3268 5060; x_wconf 86' lang='lat' dir='ltr'><strong>opera</strong></span> <span class='ocrx_word' id='word_1_775' title='bbox 3306 5001 3551 5041; x_wconf 85' lang='lat' dir='ltr'><strong>manuum</strong></span> 
     </span>
    </p>
   </div>
   <div class='ocr_carea' id='block_1_105' title="bbox 1994 5079 3555 5156">
    <p class='ocr_par' dir='ltr' id='par_1_105' title="bbox 1994 5079 3555 5156">
     <span class='ocr_line' id='line_1_105' title="bbox 1994 5079 3555 5156; baseline -0.008 -15"><span class='ocrx_word' id='word_1_776' title='bbox 1994 5099 2200 5143; x_wconf 82' lang='lat' dir='ltr'><strong>tuarum</strong></span> <span class='ocrx_word' id='word_1_777' title='bbox 2235 5098 2356 5142; x_wconf 85' lang='lat' dir='ltr'><strong>sunt</strong></span> <span class='ocrx_word' id='word_1_778' title='bbox 2388 5087 2525 5150; x_wconf 81' lang='lat' dir='ltr'><strong>caeli,</strong></span> <span class='ocrx_word' id='word_1_779' title='bbox 2550 5088 2725 5156; x_wconf 88' lang='lat' dir='ltr'><strong>palam</strong></span> <span class='ocrx_word' id='word_1_780' title='bbox 2755 5096 2836 5140; x_wconf 86' lang='lat' dir='ltr'><strong>est</strong></span> <span class='ocrx_word' id='word_1_781' title='bbox 2862 5083 3005 5153; x_wconf 91' lang='lat' dir='ltr'><strong>quod</strong></span> <span class='ocrx_word' id='word_1_782' title='bbox 3032 5097 3196 5153; x_wconf 83' lang='lat' dir='ltr'><strong>super</strong></span> <span class='ocrx_word' id='word_1_783' title='bbox 3237 5079 3403 5135; x_wconf 69' lang='lat' dir='ltr'><strong>caelos</strong></span> <span class='ocrx_word' id='word_1_784' title='bbox 3431 5089 3555 5130; x_wconf 89' lang='lat' dir='ltr'><strong>con-</strong></span> 
     </span>
    </p>
   </div>
   <div class='ocr_carea' id='block_1_106' title="bbox 1992 5169 3549 5244">
    <p class='ocr_par' dir='ltr' id='par_1_106' title="bbox 1992 5169 3549 5244">
     <span class='ocr_line' id='line_1_106' title="bbox 1992 5169 3549 5244; baseline -0.014 -7"><span class='ocrx_word' id='word_1_785' title='bbox 1992 5180 2230 5237; x_wconf 89' lang='lat' dir='ltr'><strong>stituerit</strong></span> <span class='ocrx_word' id='word_1_786' title='bbox 2259 5194 2406 5244; x_wconf 90' lang='lat' dir='ltr'><strong>eum,</strong></span> <span class='ocrx_word' id='word_1_787' title='bbox 2435 5193 2534 5233; x_wconf 88' lang='lat' dir='ltr'><strong>nec</strong></span> <span class='ocrx_word' id='word_1_788' title='bbox 2562 5179 2791 5233; x_wconf 81' lang='lat' dir='ltr'><strong>latenter</strong></span> <span class='ocrx_word' id='word_1_789' title='bbox 2821 5174 3001 5229; x_wconf 88' lang='lat' dir='ltr'><strong>innuit</strong></span> <span class='ocrx_word' id='word_1_790' title='bbox 3037 5173 3092 5227; x_wconf 92' lang='lat' dir='ltr'><strong>in</strong></span> <span class='ocrx_word' id='word_1_791' title='bbox 3127 5169 3280 5226; x_wconf 74' lang='lat' dir='ltr'><strong>ccelis</strong></span> <span class='ocrx_word' id='word_1_792' title='bbox 3313 5178 3549 5221; x_wconf 75' lang='lat' dir='ltr'><strong>comma.</strong></span> 
     </span>
    </p>
   </div>
   <div class='ocr_carea' id='block_1_107' title="bbox 1992 5255 3550 5339">
    <p class='ocr_par' dir='ltr' id='par_1_107' title="bbox 1992 5255 3550 5339">
     <span class='ocr_line' id='line_1_107' title="bbox 1992 5255 3550 5339; baseline -0.012 -13"><span class='ocrx_word' id='word_1_793' title='bbox 1992 5273 2259 5326; x_wconf 83' lang='lat' dir='ltr'><strong>rationem</strong></span> <span class='ocrx_word' id='word_1_794' title='bbox 2290 5269 2406 5327; x_wconf 83' lang='lat' dir='ltr'><strong>fore</strong></span> <span class='ocrx_word' id='word_1_795' title='bbox 2438 5285 2627 5326; x_wconf 89' lang='lat' dir='ltr'><strong>eorum</strong></span> <span class='ocrx_word' id='word_1_796' title='bbox 2652 5269 2745 5339; x_wconf 93' lang='lat' dir='ltr'><strong>qui</strong></span> <span class='ocrx_word' id='word_1_797' title='bbox 2792 5283 2823 5322; x_wconf 88' lang='lat' dir='ltr'><strong>a</strong></span> <span class='ocrx_word' id='word_1_798' title='bbox 2868 5276 3011 5322; x_wconf 88' lang='lat' dir='ltr'><strong>terra</strong></span> <span class='ocrx_word' id='word_1_799' title='bbox 3046 5264 3174 5317; x_wconf 89' lang='lat' dir='ltr'><strong>illuc</strong></span> <span class='ocrx_word' id='word_1_800' title='bbox 3213 5255 3550 5314; x_wconf 81' lang='lat' dir='ltr'><strong>transferun-</strong></span> 
     </span>
    </p>
   </div>
   <div class='ocr_carea' id='block_1_108' title="bbox 1994 5348 3549 5432">
    <p class='ocr_par' dir='ltr' id='par_1_108' title="bbox 1994 5348 3549 5432">
     <span class='ocr_line' id='line_1_108' title="bbox 1994 5348 3549 5432; baseline -0.01 -16"><span class='ocrx_word' id='word_1_801' title='bbox 1994 5370 2101 5428; x_wconf 89' lang='lat' dir='ltr'><strong>tur,</strong></span> <span class='ocrx_word' id='word_1_802' title='bbox 2128 5363 2346 5432; x_wconf 88' lang='lat' dir='ltr'><strong>quando</strong></span> <span class='ocrx_word' id='word_1_803' title='bbox 2380 5362 2529 5432; x_wconf 81' lang='lat' dir='ltr'><strong>regni</strong></span> <span class='ocrx_word' id='word_1_804' title='bbox 2564 5350 2828 5416; x_wconf 67' lang='lat' dir='ltr'><strong>caalorun&#39;t</strong></span> <span class='ocrx_word' id='word_1_805' title='bbox 2874 5355 3238 5413; x_wconf 60' lang='lat' dir='ltr'><strong>haereditatem</strong></span> <span class='ocrx_word' id='word_1_806' title='bbox 3277 5348 3549 5417; x_wconf 80' lang='lat' dir='ltr'><strong>accepturi</strong></span> 
     </span>
    </p>
   </div>
   <div class='ocr_carea' id='block_1_109' title="bbox 1991 5436 3545 5524">
    <p class='ocr_par' dir='ltr' id='par_1_109' title="bbox 1991 5436 3545 5524">
     <span class='ocr_line' id='line_1_109' title="bbox 1991 5436 3545 5524; baseline -0.011 -17"><span class='ocrx_word' id='word_1_807' title='bbox 1991 5463 2139 5518; x_wconf 88' lang='lat' dir='ltr'><strong>sunt,</strong></span> <span class='ocrx_word' id='word_1_808' title='bbox 2194 5455 2271 5509; x_wconf 90' lang='lat' dir='ltr'><strong>uti</strong></span> <span class='ocrx_word' id='word_1_809' title='bbox 2325 5454 2653 5524; x_wconf 85' lang='lat' dir='ltr'><strong>promissum</strong></span> <span class='ocrx_word' id='word_1_810' title='bbox 2706 5451 2825 5507; x_wconf 83' lang='lat' dir='ltr'><strong>fuit.</strong></span> <span class='ocrx_word' id='word_1_811' title='bbox 2874 5447 3011 5502; x_wconf 90' lang='lat' dir='ltr'><strong>Dicit</strong></span> <span class='ocrx_word' id='word_1_812' title='bbox 3053 5457 3181 5498; x_wconf 87' lang='lat' dir='ltr'><strong>vero</strong></span> <span class='ocrx_word' id='word_1_813' title='bbox 3233 5439 3431 5495; x_wconf 85' lang='lat' dir='ltr'><strong>Paulus</strong></span> <span class='ocrx_word' id='word_1_814' title='bbox 3459 5436 3545 5490; x_wconf 69' lang='lat'><strong>7‘:</strong></span> 
     </span>
    </p>
   </div>
   <div class='ocr_carea' id='block_1_110' title="bbox 453 5611 3546 5699">
    <p class='ocr_par' dir='ltr' id='par_1_110' title="bbox 453 5611 3546 5699">
     <span class='ocr_line' id='line_1_110' title="bbox 453 5611 3546 5699; baseline -0.008 0"><span class='ocrx_word' id='word_1_815' title='bbox 453 5611 728 5699; x_wconf 38' lang='lat'><strong>2.40322.</strong></span> <span class='ocrx_word' id='word_1_816' title='bbox 746 5613 938 5699; x_wconf 65' lang='lat'><strong>“1.5:.</strong></span> <span class='ocrx_word' id='word_1_817' title='bbox 975 5617 1018 5648; x_wconf 79' lang='grc'><strong>⁷¹</strong></span> <span class='ocrx_word' id='word_1_818' title='bbox 1039 5615 1225 5675; x_wconf 75' lang='lat' dir='ltr'><strong>Matth.</strong></span> <span class='ocrx_word' id='word_1_819' title='bbox 1245 5634 1371 5699; x_wconf 77' lang='lat' dir='ltr'><strong>_x_xt,</strong></span> <span class='ocrx_word' id='word_1_820' title='bbox 1400 5620 1485 5675; x_wconf 80' lang='grc'><strong>16.</strong></span> <span class='ocrx_word' id='word_1_821' title='bbox 1561 5624 1606 5655; x_wconf 83' lang='grc'><strong>⁷³</strong></span> <span class='ocrx_word' id='word_1_822' title='bbox 1625 5621 1780 5681; x_wconf 84' lang='lat' dir='ltr'><strong>Joan.</strong></span> <span class='ocrx_word' id='word_1_823' title='bbox 1832 5644 1923 5693; x_wconf 80' lang='lat' dir='ltr'><strong>xv,</strong></span> <span class='ocrx_word' id='word_1_824' title='bbox 1958 5629 2046 5686; x_wconf 73' lang='grc'><strong>25.</strong></span> <span class='ocrx_word' id='word_1_825' title='bbox 2131 5630 2177 5663; x_wconf 77' lang='lat'><em>&quot;</em></span> <span class='ocrx_word' id='word_1_826' title='bbox 2197 5630 2358 5688; x_wconf 82' lang='lat' dir='ltr'><strong>Hebr.</strong></span> <span class='ocrx_word' id='word_1_827' title='bbox 2401 5648 2461 5699; x_wconf 87' lang='lat' dir='ltr'><strong>ll,</strong></span> <span class='ocrx_word' id='word_1_828' title='bbox 2492 5630 2546 5697; x_wconf 89' lang='lat'><strong>6,</strong></span> <span class='ocrx_word' id='word_1_829' title='bbox 2584 5631 2636 5687; x_wconf 93' lang='lat'><strong>7.</strong></span> <span class='ocrx_word' id='word_1_830' title='bbox 2713 5625 2912 5682; x_wconf 85' lang='lat' dir='ltr'><strong>&quot;Gen.</strong></span> <span class='ocrx_word' id='word_1_831' title='bbox 2976 5641 3014 5692; x_wconf 89' lang='lat' dir='ltr'><strong>I,</strong></span> <span class='ocrx_word' id='word_1_832' title='bbox 3043 5621 3132 5677; x_wconf 78' lang='lat'><strong>26.</strong></span> <span class='ocrx_word' id='word_1_833' title='bbox 3208 5621 3254 5654; x_wconf 88' lang='lat'>&quot;</span> <span class='ocrx_word' id='word_1_834' title='bbox 3276 5617 3412 5676; x_wconf 88' lang='lat' dir='ltr'><strong>ibid.</strong></span> <span class='ocrx_word' id='word_1_835' title='bbox 3454 5616 3546 5673; x_wconf 74' lang='lat'><strong>28.</strong></span> 
     </span>
    </p>
   </div>
   <div class='ocr_carea' id='block_1_111' title="bbox 314 5676 1323 5755">
    <p class='ocr_par' dir='ltr' id='par_1_111' title="bbox 314 5676 1323 5755">
     <span class='ocr_line' id='line_1_111' title="bbox 314 5676 1323 5755; baseline 0.009 -20"><span class='ocrx_word' id='word_1_836' title='bbox 314 5676 513 5737; x_wconf 82' lang='lat' dir='ltr'><strong>&quot;Psal.</strong></span> <span class='ocrx_word' id='word_1_837' title='bbox 537 5698 614 5748; x_wconf 73' lang='grc' dir='ltr'>ει,</span> <span class='ocrx_word' id='word_1_838' title='bbox 657 5682 751 5738; x_wconf 77' lang='grc'><strong>26.</strong></span> <span class='ocrx_word' id='word_1_839' title='bbox 826 5685 872 5716; x_wconf 83' lang='grc'><strong>⁷⁸</strong></span> <span class='ocrx_word' id='word_1_840' title='bbox 899 5684 1056 5741; x_wconf 80' lang='lat' dir='ltr'><strong>Rom.</strong></span> <span class='ocrx_word' id='word_1_841' title='bbox 1090 5704 1207 5755; x_wconf 87' lang='lat' dir='ltr'><strong>vtn,</strong></span> <span class='ocrx_word' id='word_1_842' title='bbox 1239 5689 1323 5744; x_wconf 82' lang='lat' dir='ltr'><strong>l7.</strong></span> 
     </span>
    </p>
   </div>
   <div class='ocr_carea' id='block_1_112' title="bbox 378 5791 2145 5869">
    <p class='ocr_par' dir='ltr' id='par_1_112' title="bbox 378 5791 2145 5869">
     <span class='ocr_line' id='line_1_112' title="bbox 378 5791 2145 5869; baseline 0.007 -20"><span class='ocrx_word' id='word_1_843' title='bbox 378 5792 490 5866; x_wconf 77' lang='lat' dir='ltr'><strong>(l7)</strong></span> <span class='ocrx_word' id='word_1_844' title='bbox 522 5793 652 5852; x_wconf 65' lang='lat' dir='ltr'><strong>Hac</strong></span> <span class='ocrx_word' id='word_1_845' title='bbox 685 5796 958 5867; x_wconf 79' lang='lat' dir='ltr'><strong>expositio</strong></span> <span class='ocrx_word' id='word_1_846' title='bbox 980 5799 1123 5868; x_wconf 88' lang='lat' dir='ltr'><strong>apud</strong></span> <span class='ocrx_word' id='word_1_847' title='bbox 1151 5800 1285 5857; x_wconf 85' lang='lat' dir='ltr'><strong>Dan.</strong></span> <span class='ocrx_word' id='word_1_848' title='bbox 1311 5791 1630 5869; x_wconf 82' lang='lat' dir='ltr'><strong>Barbarum,</strong></span> <span class='ocrx_word' id='word_1_849' title='bbox 1661 5800 1882 5858; x_wconf 88' lang='lat' dir='ltr'><strong>Eusebii</strong></span> <span class='ocrx_word' id='word_1_850' title='bbox 1922 5802 2145 5861; x_wconf 78' lang='lat' dir='ltr'><strong>dicitur.</strong></span> 
     </span>
    </p>
   </div>
  </div>
