  <div class='ocr_page' id='page_1' title='image "/cluster/home/n/w/nwhite01/storage/ocr_20150623/27/mdp.39015007065769/049.png"; bbox 0 0 3944 6220; ppageno 0'>
   <div class='ocr_carea' id='block_1_1' title="bbox 391 341 3637 443">
    <p class='ocr_par' dir='ltr' id='par_1_1' title="bbox 391 341 3637 443">
     <span class='ocr_line' id='line_1_1' title="bbox 391 341 3637 443; baseline -0.004 0"><span class='ocrx_word' id='word_1_1' title='bbox 391 386 462 443; x_wconf 73' lang='lat'><strong>83</strong></span> <span class='ocrx_word' id='word_1_2' title='bbox 753 341 758 348; x_wconf 14' lang='grc' dir='ltr'>ἡ</span> <span class='ocrx_word' id='word_1_3' title='bbox 1246 385 1304 442; x_wconf 93' lang='lat' dir='ltr'><strong>S.</strong></span> <span class='ocrx_word' id='word_1_4' title='bbox 1345 386 1715 442; x_wconf 78' lang='lat' dir='ltr'><strong>ATllANASll</strong></span> <span class='ocrx_word' id='word_1_5' title='bbox 1758 382 1908 441; x_wconf 90' lang='lat' dir='ltr'><strong>OPP.</strong></span> <span class='ocrx_word' id='word_1_6' title='bbox 1943 381 2123 435; x_wconf 73' lang='lat' dir='ltr'><strong>PARS</strong></span> <span class='ocrx_word' id='word_1_7' title='bbox 2164 382 2249 437; x_wconf 90' lang='lat' dir='ltr'><strong>lll.</strong></span> <span class='ocrx_word' id='word_1_8' title='bbox 2287 413 2356 423; x_wconf 95' lang='lat'><strong>—</strong></span> <span class='ocrx_word' id='word_1_9' title='bbox 2393 382 2688 435; x_wconf 70' lang='lat' dir='ltr'><strong>EX‘L‘GE&#39;I&#39;.</strong></span> <span class='ocrx_word' id='word_1_10' title='bbox 2722 383 2804 434; x_wconf 79' lang='grc' dir='ltr'>Ἀ.</span> <span class='ocrx_word' id='word_1_11' title='bbox 3561 378 3637 433; x_wconf 70' lang='grc'><strong>84</strong></span> 
     </span>
    </p>
   </div>
   <div class='ocr_carea' id='block_1_2' title="bbox 388 488 1936 569">
    <p class='ocr_par' dir='ltr' id='par_1_2' title="bbox 388 497 1936 569">
     <span class='ocr_line' id='line_1_2' title="bbox 388 497 1936 569; baseline -0.003 -14"><span class='ocrx_word' id='word_1_12' title='bbox 388 498 637 555; x_wconf 65' lang='lat' dir='ltr'><strong>Heredes</strong></span> <span class='ocrx_word' id='word_1_13' title='bbox 660 499 867 569; x_wconf 80' lang='lat' dir='ltr'><strong>quidem</strong></span> <span class='ocrx_word' id='word_1_14' title='bbox 898 499 1017 566; x_wconf 88' lang='lat' dir='ltr'><strong>Dei,</strong></span> <span class='ocrx_word' id='word_1_15' title='bbox 1058 500 1349 553; x_wconf 71' lang='lat' dir='ltr'><strong>colueredes</strong></span> <span class='ocrx_word' id='word_1_16' title='bbox 1379 513 1556 553; x_wconf 78' lang='lat' dir='ltr'><strong>autem</strong></span> <span class='ocrx_word' id='word_1_17' title='bbox 1606 500 1823 554; x_wconf 81' lang='lat' dir='ltr'><strong>Christi.</strong></span> <span class='ocrx_word' id='word_1_18' title='bbox 1876 497 1936 551; x_wconf 81' lang='lat' dir='ltr'><strong>Et</strong></span> 
     </span>
    </p>
   </div>
   <div class='ocr_carea' id='block_1_3' title="bbox 2066 488 3628 569">
    <p class='ocr_par' dir='ltr' id='par_1_3' title="bbox 2066 488 3628 562">
     <span class='ocr_line' id='line_1_3' title="bbox 2066 488 3628 562; baseline -0.002 -16"><span class='ocrx_word' id='word_1_19' title='bbox 2066 494 2225 557; x_wconf 84' lang='grc' dir='ltr'><em>Θεοῦ,</em></span> <span class='ocrx_word' id='word_1_20' title='bbox 2255 494 2735 562; x_wconf 69' lang='grc' dir='ltr'>συγκληρονόμοι</span> <span class='ocrx_word' id='word_1_21' title='bbox 2780 492 2848 545; x_wconf 74' lang='grc' dir='ltr'>δὲ</span> <span class='ocrx_word' id='word_1_22' title='bbox 2879 492 3157 561; x_wconf 81' lang='grc' dir='ltr'>Χριστοῦ.</span> <span class='ocrx_word' id='word_1_23' title='bbox 3203 490 3387 555; x_wconf 79' lang='grc' dir='ltr'>Οὕτως</span> <span class='ocrx_word' id='word_1_24' title='bbox 3424 488 3628 557; x_wconf 78' lang='grc' dir='ltr'>καὶτὸ,</span> 
     </span>
    </p>
   </div>
   <div class='ocr_carea' id='block_1_4' title="bbox 388 585 1958 659">
    <p class='ocr_par' dir='ltr' id='par_1_4' title="bbox 388 585 1958 659">
     <span class='ocr_line' id='line_1_4' title="bbox 388 585 1958 659; baseline -0.002 -16"><span class='ocrx_word' id='word_1_25' title='bbox 388 590 554 659; x_wconf 82' lang='lat' dir='ltr'><strong>pl&#39;ane‘</strong></span> <span class='ocrx_word' id='word_1_26' title='bbox 578 588 738 644; x_wconf 90' lang='lat' dir='ltr'><strong>modo</strong></span> <span class='ocrx_word' id='word_1_27' title='bbox 766 588 1173 659; x_wconf 83' lang='lat' dir='ltr'><strong>intelligendum</strong></span> <span class='ocrx_word' id='word_1_28' title='bbox 1209 587 1339 642; x_wconf 86' lang='lat' dir='ltr'><strong>illud</strong></span> <span class='ocrx_word' id='word_1_29' title='bbox 1379 597 1503 642; x_wconf 88' lang='lat' dir='ltr'><strong>est:</strong></span> <span class='ocrx_word' id='word_1_30' title='bbox 1542 586 1735 642; x_wconf 88' lang='lat' dir='ltr'><strong>Omnia</strong></span> <span class='ocrx_word' id='word_1_31' title='bbox 1781 585 1958 655; x_wconf 85' lang='lat' dir='ltr'><strong>subje-</strong></span> 
     </span>
    </p>
   </div>
   <div class='ocr_carea' id='block_1_5' title="bbox 386 678 1951 749">
    <p class='ocr_par' dir='ltr' id='par_1_5' title="bbox 386 678 1951 749">
     <span class='ocr_line' id='line_1_5' title="bbox 386 678 1951 749; baseline 0 -18"><span class='ocrx_word' id='word_1_32' title='bbox 386 682 505 736; x_wconf 83' lang='lat' dir='ltr'><strong>cisti</strong></span> <span class='ocrx_word' id='word_1_33' title='bbox 535 680 630 734; x_wconf 85' lang='lat' dir='ltr'><strong>sub</strong></span> <span class='ocrx_word' id='word_1_34' title='bbox 658 681 873 743; x_wconf 81' lang='lat' dir='ltr'><strong>pedibus</strong></span> <span class='ocrx_word' id='word_1_35' title='bbox 927 680 1060 749; x_wconf 85' lang='lat' dir='ltr'><strong>ejus.</strong></span> <span class='ocrx_word' id='word_1_36' title='bbox 1112 678 1179 733; x_wconf 84' lang='lat' dir='ltr'><strong>Et</strong></span> <span class='ocrx_word' id='word_1_37' title='bbox 1211 694 1359 734; x_wconf 89' lang='lat' dir='ltr'><strong>nunc</strong></span> <span class='ocrx_word' id='word_1_38' title='bbox 1385 678 1606 747; x_wconf 83' lang='lat' dir='ltr'><strong>quidem</strong></span> <span class='ocrx_word' id='word_1_39' title='bbox 1647 678 1903 733; x_wconf 81' lang='lat' dir='ltr'><strong>animalia</strong></span> <span class='ocrx_word' id='word_1_40' title='bbox 1939 697 1951 731; x_wconf 89' lang='lat'><strong>:</strong></span> 
     </span>
    </p>
   </div>
   <div class='ocr_carea' id='block_1_6' title="bbox 384 766 1955 839">
    <p class='ocr_par' dir='ltr' id='par_1_6' title="bbox 384 766 1955 839">
     <span class='ocr_line' id='line_1_6' title="bbox 384 766 1955 839; baseline 0 -15"><span class='ocrx_word' id='word_1_41' title='bbox 384 769 479 824; x_wconf 77' lang='lat' dir='ltr'><strong>sed</strong></span> <span class='ocrx_word' id='word_1_42' title='bbox 503 766 631 838; x_wconf 90' lang='lat' dir='ltr'><strong>quia</strong></span> <span class='ocrx_word' id='word_1_43' title='bbox 671 769 781 822; x_wconf 88' lang='lat' dir='ltr'><strong>vita</strong></span> <span class='ocrx_word' id='word_1_44' title='bbox 825 769 1082 839; x_wconf 53' lang='lat' dir='ltr'><strong>angelicas</strong></span> <span class='ocrx_word' id='word_1_45' title='bbox 1114 783 1214 839; x_wconf 85' lang='lat' dir='ltr'><strong>par</strong></span> <span class='ocrx_word' id='word_1_46' title='bbox 1249 767 1304 822; x_wconf 89' lang='lat' dir='ltr'><strong>iu</strong></span> <span class='ocrx_word' id='word_1_47' title='bbox 1333 769 1472 823; x_wconf 63' lang='lat' dir='ltr'><strong>caelo</strong></span> <span class='ocrx_word' id='word_1_48' title='bbox 1520 769 1836 824; x_wconf 86' lang='lat' dir='ltr'><strong>hominibus</strong></span> <span class='ocrx_word' id='word_1_49' title='bbox 1870 785 1955 824; x_wconf 89' lang='lat' dir='ltr'><strong>re-</strong></span> 
     </span>
    </p>
   </div>
   <div class='ocr_carea' id='block_1_7' title="bbox 382 860 1954 931">
    <p class='ocr_par' dir='ltr' id='par_1_7' title="bbox 382 860 1954 931">
     <span class='ocr_line' id='line_1_7' title="bbox 382 860 1954 931; baseline 0 -16"><span class='ocrx_word' id='word_1_50' title='bbox 382 860 558 930; x_wconf 81' lang='lat' dir='ltr'><strong>posita</strong></span> <span class='ocrx_word' id='word_1_51' title='bbox 589 870 672 914; x_wconf 86' lang='lat' dir='ltr'><strong>est</strong></span> <span class='ocrx_word' id='word_1_52' title='bbox 703 900 719 922; x_wconf 86' lang='lat'><strong>,</strong></span> <span class='ocrx_word' id='word_1_53' title='bbox 754 875 877 915; x_wconf 90' lang='lat' dir='ltr'><strong>cum</strong></span> <span class='ocrx_word' id='word_1_54' title='bbox 929 861 1005 916; x_wconf 87' lang='lat' dir='ltr'><strong>ibi</strong></span> <span class='ocrx_word' id='word_1_55' title='bbox 1050 863 1381 917; x_wconf 87' lang='lat' dir='ltr'><strong>constitutus</strong></span> <span class='ocrx_word' id='word_1_56' title='bbox 1423 860 1527 914; x_wconf 88' lang='lat' dir='ltr'><strong>erit</strong></span> <span class='ocrx_word' id='word_1_57' title='bbox 1566 868 1743 930; x_wconf 90' lang='lat' dir='ltr'><strong>&#39;super</strong></span> <span class='ocrx_word' id='word_1_58' title='bbox 1792 875 1954 931; x_wconf 87' lang='lat' dir='ltr'><strong>opera</strong></span> 
     </span>
    </p>
   </div>
   <div class='ocr_carea' id='block_1_8' title="bbox 384 953 1954 1022">
    <p class='ocr_par' dir='ltr' id='par_1_8' title="bbox 384 953 1954 1022">
     <span class='ocr_line' id='line_1_8' title="bbox 384 953 1954 1022; baseline 0.003 -17"><span class='ocrx_word' id='word_1_59' title='bbox 384 968 643 1006; x_wconf 90' lang='lat' dir='ltr'><strong>manuum</strong></span> <span class='ocrx_word' id='word_1_60' title='bbox 678 953 818 1021; x_wconf 79' lang='lat' dir='ltr'><strong>ejus,</strong></span> <span class='ocrx_word' id='word_1_61' title='bbox 859 953 1123 1009; x_wconf 65' lang='lat' dir='ltr'><strong>caelorum</strong></span> <span class='ocrx_word' id='word_1_62' title='bbox 1173 965 1228 1009; x_wconf 91' lang='lat' dir='ltr'><strong>et</strong></span> <span class='ocrx_word' id='word_1_63' title='bbox 1274 955 1519 1009; x_wconf 89' lang='lat' dir='ltr'><strong>omnium</strong></span> <span class='ocrx_word' id='word_1_64' title='bbox 1572 969 1695 1022; x_wconf 69' lang='lat' dir='ltr'><strong>quas</strong></span> <span class='ocrx_word' id='word_1_65' title='bbox 1738 953 1793 1009; x_wconf 91' lang='lat' dir='ltr'><strong>in</strong></span> <span class='ocrx_word' id='word_1_66' title='bbox 1847 953 1954 1010; x_wconf 90' lang='lat' dir='ltr'><strong>illis</strong></span> 
     </span>
    </p>
   </div>
   <div class='ocr_carea' id='block_1_9' title="bbox 383 1043 1954 1113">
    <p class='ocr_par' dir='ltr' id='par_1_9' title="bbox 383 1043 1954 1113">
     <span class='ocr_line' id='line_1_9' title="bbox 383 1043 1954 1113; baseline 0.001 -14"><span class='ocrx_word' id='word_1_67' title='bbox 383 1050 511 1099; x_wconf 89' lang='lat' dir='ltr'><strong>sunt</strong></span> <span class='ocrx_word' id='word_1_68' title='bbox 557 1044 866 1113; x_wconf 80' lang='lat' dir='ltr'><strong>speculator</strong></span> <span class='ocrx_word' id='word_1_69' title='bbox 911 1046 1035 1099; x_wconf 86' lang='lat' dir='ltr'><strong>erit.</strong></span> <span class='ocrx_word' id='word_1_70' title='bbox 1093 1045 1292 1101; x_wconf 81' lang='lat' dir='ltr'><strong>Beatus</strong></span> <span class='ocrx_word' id='word_1_71' title='bbox 1361 1053 1540 1100; x_wconf 84' lang='lat' dir='ltr'><strong>autem</strong></span> <span class='ocrx_word' id='word_1_72' title='bbox 1592 1043 1794 1099; x_wconf 87' lang='lat' dir='ltr'><strong>Paulus</strong></span> <span class='ocrx_word' id='word_1_73' title='bbox 1850 1045 1954 1101; x_wconf 87' lang='lat' dir='ltr'><strong>hoc</strong></span> 
     </span>
    </p>
   </div>
   <div class='ocr_carea' id='block_1_10' title="bbox 382 1135 1952 1207">
    <p class='ocr_par' dir='ltr' id='par_1_10' title="bbox 382 1135 1952 1207">
     <span class='ocr_line' id='line_1_10' title="bbox 382 1135 1952 1207; baseline 0.001 -16"><span class='ocrx_word' id='word_1_74' title='bbox 382 1136 545 1191; x_wconf 87' lang='lat' dir='ltr'><strong>etiam</strong></span> <span class='ocrx_word' id='word_1_75' title='bbox 574 1137 641 1192; x_wconf 89' lang='lat' dir='ltr'><strong>de</strong></span> <span class='ocrx_word' id='word_1_76' title='bbox 672 1135 955 1193; x_wconf 86' lang='lat' dir='ltr'><strong>Salvatore</strong></span> <span class='ocrx_word' id='word_1_77' title='bbox 981 1140 1191 1207; x_wconf 85' lang='lat' dir='ltr'><strong>accepit</strong></span> <span class='ocrx_word' id='word_1_78' title='bbox 1210 1139 1279 1201; x_wconf 75' lang='grc'><strong>⁷⁸,</strong></span> <span class='ocrx_word' id='word_1_79' title='bbox 1310 1148 1369 1193; x_wconf 81' lang='grc' dir='ltr'><strong>ιιι</strong></span> <span class='ocrx_word' id='word_1_80' title='bbox 1401 1137 1643 1193; x_wconf 84' lang='lat' dir='ltr'><strong>futurum</strong></span> <span class='ocrx_word' id='word_1_81' title='bbox 1670 1138 1724 1192; x_wconf 91' lang='lat' dir='ltr'><strong>in</strong></span> <span class='ocrx_word' id='word_1_82' title='bbox 1754 1138 1952 1193; x_wconf 78' lang='lat' dir='ltr'><strong>saeculo</strong></span> 
     </span>
    </p>
   </div>
   <div class='ocr_carea' id='block_1_11' title="bbox 380 1227 1947 1296">
    <p class='ocr_par' dir='ltr' id='par_1_11' title="bbox 380 1227 1947 1296">
     <span class='ocr_line' id='line_1_11' title="bbox 380 1227 1947 1296; baseline 0.004 -19"><span class='ocrx_word' id='word_1_83' title='bbox 380 1237 630 1281; x_wconf 87' lang='lat' dir='ltr'><strong>venturo.</strong></span> <span class='ocrx_word' id='word_1_84' title='bbox 663 1227 842 1294; x_wconf 81' lang='lat' dir='ltr'><strong>Quare</strong></span> <span class='ocrx_word' id='word_1_85' title='bbox 867 1230 942 1284; x_wconf 90' lang='lat' dir='ltr'><strong>ait</strong></span> <span class='ocrx_word' id='word_1_86' title='bbox 973 1230 1049 1284; x_wconf 85' lang='lat' dir='ltr'><strong>illi</strong></span> <span class='ocrx_word' id='word_1_87' title='bbox 1083 1228 1242 1285; x_wconf 89' lang='lat' dir='ltr'><strong>Pater</strong></span> <span class='ocrx_word' id='word_1_88' title='bbox 1270 1249 1283 1283; x_wconf 90' lang='lat'>:</span> <span class='ocrx_word' id='word_1_89' title='bbox 1329 1229 1464 1285; x_wconf 84' lang='lat' dir='ltr'><strong>Sede</strong></span> <span class='ocrx_word' id='word_1_90' title='bbox 1490 1246 1523 1284; x_wconf 90' lang='lat' dir='ltr'><strong>a</strong></span> <span class='ocrx_word' id='word_1_91' title='bbox 1552 1229 1751 1284; x_wconf 75' lang='lat' dir='ltr'><strong>dextris</strong></span> <span class='ocrx_word' id='word_1_92' title='bbox 1797 1231 1947 1296; x_wconf 89' lang='lat' dir='ltr'><strong>meis,</strong></span> 
     </span>
    </p>
   </div>
   <div class='ocr_carea' id='block_1_12' title="bbox 380 1320 1950 1391">
    <p class='ocr_par' dir='ltr' id='par_1_12' title="bbox 380 1320 1950 1391">
     <span class='ocr_line' id='line_1_12' title="bbox 380 1320 1950 1391; baseline 0.003 -21"><span class='ocrx_word' id='word_1_93' title='bbox 380 1322 544 1373; x_wconf 84' lang='lat' dir='ltr'><strong>donec</strong></span> <span class='ocrx_word' id='word_1_94' title='bbox 587 1336 780 1388; x_wconf 87' lang='lat' dir='ltr'><strong>ponam</strong></span> <span class='ocrx_word' id='word_1_95' title='bbox 826 1321 1066 1375; x_wconf 86' lang='lat' dir='ltr'><strong>inimicos</strong></span> <span class='ocrx_word' id='word_1_96' title='bbox 1116 1330 1232 1375; x_wconf 83' lang='lat' dir='ltr'><strong>tuos</strong></span> <span class='ocrx_word' id='word_1_97' title='bbox 1283 1320 1569 1374; x_wconf 88' lang='lat' dir='ltr'><strong>scabellum</strong></span> <span class='ocrx_word' id='word_1_98' title='bbox 1613 1323 1802 1391; x_wconf 75' lang='lat' dir='ltr'><strong>pedum</strong></span> <span class='ocrx_word' id='word_1_99' title='bbox 1833 1331 1950 1375; x_wconf 83' lang='lat' dir='ltr'><strong>tuo-</strong></span> 
     </span>
    </p>
   </div>
   <div class='ocr_carea' id='block_1_13' title="bbox 381 1411 1948 1471">
    <p class='ocr_par' dir='ltr' id='par_1_13' title="bbox 381 1411 1948 1471">
     <span class='ocr_line' id='line_1_13' title="bbox 381 1411 1948 1471; baseline 0.006 -9"><span class='ocrx_word' id='word_1_100' title='bbox 381 1427 500 1463; x_wconf 69' lang='lat' dir='ltr'><strong>rum</strong></span> <span class='ocrx_word' id='word_1_101' title='bbox 522 1413 589 1464; x_wconf 81' lang='grc' dir='ltr'><strong>⁸ο.</strong></span> <span class='ocrx_word' id='word_1_102' title='bbox 627 1411 756 1467; x_wconf 89' lang='lat' dir='ltr'><strong>Oves</strong></span> <span class='ocrx_word' id='word_1_103' title='bbox 797 1425 845 1467; x_wconf 88' lang='lat' dir='ltr'><strong>et</strong></span> <span class='ocrx_word' id='word_1_104' title='bbox 881 1414 1028 1469; x_wconf 81' lang='lat' dir='ltr'><strong>bores</strong></span> <span class='ocrx_word' id='word_1_105' title='bbox 1056 1415 1343 1470; x_wconf 83' lang='lat' dir='ltr'><strong>universas.</strong></span> <span class='ocrx_word' id='word_1_106' title='bbox 1385 1415 1482 1471; x_wconf 83' lang='lat' dir='ltr'><strong>llis</strong></span> <span class='ocrx_word' id='word_1_107' title='bbox 1533 1415 1823 1470; x_wconf 81' lang='lat' dir='ltr'><strong>adumbrat</strong></span> <span class='ocrx_word' id='word_1_108' title='bbox 1855 1431 1948 1471; x_wconf 89' lang='lat' dir='ltr'><strong>eos</strong></span> 
     </span>
    </p>
   </div>
   <div class='ocr_carea' id='block_1_14' title="bbox 380 1501 1944 1577">
    <p class='ocr_par' dir='ltr' id='par_1_14' title="bbox 380 1501 1944 1577">
     <span class='ocr_line' id='line_1_14' title="bbox 380 1501 1944 1577; baseline 0.006 -24"><span class='ocrx_word' id='word_1_109' title='bbox 380 1501 475 1570; x_wconf 88' lang='lat' dir='ltr'><strong>qui</strong></span> <span class='ocrx_word' id='word_1_110' title='bbox 497 1502 845 1567; x_wconf 83' lang='lat' dir='ltr'><strong>crediderunt</strong></span> <span class='ocrx_word' id='word_1_111' title='bbox 870 1519 935 1558; x_wconf 81' lang='lat' dir='ltr'><strong>ex</strong></span> <span class='ocrx_word' id='word_1_112' title='bbox 971 1506 1158 1561; x_wconf 87' lang='lat' dir='ltr'><strong>Israel.</strong></span> <span class='ocrx_word' id='word_1_113' title='bbox 1202 1505 1424 1576; x_wconf 83' lang='lat' dir='ltr'><strong>Insuper</strong></span> <span class='ocrx_word' id='word_1_114' title='bbox 1451 1517 1498 1560; x_wconf 90' lang='lat' dir='ltr'><strong>et</strong></span> <span class='ocrx_word' id='word_1_115' title='bbox 1538 1523 1725 1576; x_wconf 83' lang='lat' dir='ltr'><strong>pecora</strong></span> <span class='ocrx_word' id='word_1_116' title='bbox 1754 1509 1944 1577; x_wconf 80' lang='lat' dir='ltr'><strong>campi.</strong></span> 
     </span>
    </p>
   </div>
   <div class='ocr_carea' id='block_1_15' title="bbox 378 1592 1944 1667">
    <p class='ocr_par' dir='ltr' id='par_1_15' title="bbox 378 1592 1944 1667">
     <span class='ocr_line' id='line_1_15' title="bbox 378 1592 1944 1667; baseline 0.004 -21"><span class='ocrx_word' id='word_1_117' title='bbox 378 1592 475 1649; x_wconf 84' lang='lat' dir='ltr'><strong>His</strong></span> <span class='ocrx_word' id='word_1_118' title='bbox 503 1607 689 1665; x_wconf 84' lang='lat' dir='ltr'><strong>gentes</strong></span> <span class='ocrx_word' id='word_1_119' title='bbox 721 1596 947 1652; x_wconf 85' lang='lat' dir='ltr'><strong>indicat.</strong></span> <span class='ocrx_word' id='word_1_120' title='bbox 984 1595 1234 1652; x_wconf 84' lang='lat' dir='ltr'><strong>Volucres</strong></span> <span class='ocrx_word' id='word_1_121' title='bbox 1260 1598 1398 1662; x_wconf 78' lang='lat' dir='ltr'><strong>caeli,</strong></span> <span class='ocrx_word' id='word_1_122' title='bbox 1427 1612 1522 1654; x_wconf 89' lang='lat' dir='ltr'><strong>eos</strong></span> <span class='ocrx_word' id='word_1_123' title='bbox 1567 1599 1700 1653; x_wconf 90' lang='lat' dir='ltr'><strong>dicit</strong></span> <span class='ocrx_word' id='word_1_124' title='bbox 1745 1599 1839 1667; x_wconf 85' lang='lat' dir='ltr'><strong>qui</strong></span> <span class='ocrx_word' id='word_1_125' title='bbox 1890 1598 1944 1653; x_wconf 90' lang='lat' dir='ltr'><strong>in</strong></span> 
     </span>
    </p>
   </div>
   <div class='ocr_carea' id='block_1_16' title="bbox 376 1686 1941 1760">
    <p class='ocr_par' dir='ltr' id='par_1_16' title="bbox 376 1686 1941 1760">
     <span class='ocr_line' id='line_1_16' title="bbox 376 1686 1941 1760; baseline 0.004 -22"><span class='ocrx_word' id='word_1_126' title='bbox 376 1686 486 1740; x_wconf 85' lang='lat' dir='ltr'><strong>vita</strong></span> <span class='ocrx_word' id='word_1_127' title='bbox 521 1701 621 1743; x_wconf 79' lang='lat' dir='ltr'><strong>sua</strong></span> <span class='ocrx_word' id='word_1_128' title='bbox 650 1687 775 1742; x_wconf 89' lang='lat' dir='ltr'><strong>elati</strong></span> <span class='ocrx_word' id='word_1_129' title='bbox 804 1698 857 1743; x_wconf 91' lang='lat' dir='ltr'><strong>et</strong></span> <span class='ocrx_word' id='word_1_130' title='bbox 905 1690 1125 1759; x_wconf 85' lang='lat' dir='ltr'><strong>superbi</strong></span> <span class='ocrx_word' id='word_1_131' title='bbox 1177 1698 1325 1755; x_wconf 89' lang='lat' dir='ltr'><strong>sunt,</strong></span> <span class='ocrx_word' id='word_1_132' title='bbox 1374 1692 1468 1760; x_wconf 89' lang='lat' dir='ltr'><strong>qui</strong></span> <span class='ocrx_word' id='word_1_133' title='bbox 1514 1690 1621 1746; x_wconf 91' lang='lat' dir='ltr'><strong>alte</strong></span> <span class='ocrx_word' id='word_1_134' title='bbox 1680 1691 1941 1756; x_wconf 87' lang='lat' dir='ltr'><strong>sentiunt,</strong></span> 
     </span>
    </p>
   </div>
   <div class='ocr_carea' id='block_1_17' title="bbox 377 1775 1322 1850">
    <p class='ocr_par' dir='ltr' id='par_1_17' title="bbox 377 1775 1322 1850">
     <span class='ocr_line' id='line_1_17' title="bbox 377 1775 1322 1850; baseline 0.008 -22"><span class='ocrx_word' id='word_1_135' title='bbox 377 1775 629 1834; x_wconf 81' lang='lat' dir='ltr'><strong>homines</strong></span> <span class='ocrx_word' id='word_1_136' title='bbox 657 1779 948 1833; x_wconf 89' lang='lat' dir='ltr'><strong>admodum</strong></span> <span class='ocrx_word' id='word_1_137' title='bbox 982 1780 1322 1850; x_wconf 88' lang='lat' dir='ltr'><strong>insipientes.</strong></span> 
     </span>
    </p>
   </div>
   <div class='ocr_carea' id='block_1_18' title="bbox 2058 581 3631 651">
    <p class='ocr_par' dir='ltr' id='par_1_18' title="bbox 2058 581 3631 651">
     <span class='ocr_line' id='line_1_18' title="bbox 2058 581 3631 651; baseline -0.002 -12"><span class='ocrx_word' id='word_1_138' title='bbox 2058 585 2261 639; x_wconf 84' lang='grc' dir='ltr'>Πάντα</span> <span class='ocrx_word' id='word_1_139' title='bbox 2288 585 2590 650; x_wconf 80' lang='grc' dir='ltr'><strong>ὑπέταξας</strong></span> <span class='ocrx_word' id='word_1_140' title='bbox 2612 583 2890 639; x_wconf 76' lang='grc' dir='ltr'><strong>ὑποκάτω</strong></span> <span class='ocrx_word' id='word_1_141' title='bbox 2918 581 3481 647; x_wconf 78' lang='grc' dir='ltr'>τῶν-ποδῶναὺτοῦ,</span> <span class='ocrx_word' id='word_1_142' title='bbox 3506 600 3631 651; x_wconf 85' lang='grc' dir='ltr'>νοη-</span> 
     </span>
    </p>
   </div>
   <div class='ocr_carea' id='block_1_19' title="bbox 2056 674 3630 746">
    <p class='ocr_par' dir='ltr' id='par_1_19' title="bbox 2056 674 3630 746">
     <span class='ocr_line' id='line_1_19' title="bbox 2056 674 3630 746; baseline 0 -18"><span class='ocrx_word' id='word_1_143' title='bbox 2056 675 2192 729; x_wconf 84' lang='grc' dir='ltr'>τέον.</span> <span class='ocrx_word' id='word_1_144' title='bbox 2214 675 2327 729; x_wconf 76' lang='grc' dir='ltr'><strong>Νῦν</strong></span> <span class='ocrx_word' id='word_1_145' title='bbox 2356 676 2450 746; x_wconf 81' lang='grc' dir='ltr'><strong>μὲν</strong></span> <span class='ocrx_word' id='word_1_146' title='bbox 2472 676 2538 729; x_wconf 79' lang='grc' dir='ltr'>τὰ</span> <span class='ocrx_word' id='word_1_147' title='bbox 2564 674 2679 739; x_wconf 79' lang='grc' dir='ltr'><strong>ζῶα</strong></span> <span class='ocrx_word' id='word_1_148' title='bbox 2700 692 2714 706; x_wconf 77' lang='grc' dir='ltr'><strong>ο</strong></span> <span class='ocrx_word' id='word_1_149' title='bbox 2741 674 2928 746; x_wconf 80' lang='grc' dir='ltr'>ἐπειδὴ</span> <span class='ocrx_word' id='word_1_150' title='bbox 2957 675 3012 729; x_wconf 83' lang='grc' dir='ltr'><strong>δὲ</strong></span> <span class='ocrx_word' id='word_1_151' title='bbox 3043 675 3159 746; x_wconf 81' lang='grc' dir='ltr'>βίος</span> <span class='ocrx_word' id='word_1_152' title='bbox 3186 674 3466 743; x_wconf 80' lang='grc' dir='ltr'>ἱσάγγελος</span> <span class='ocrx_word' id='word_1_153' title='bbox 3488 675 3630 728; x_wconf 85' lang='grc' dir='ltr'><strong>ἀπό-</strong></span> 
     </span>
    </p>
   </div>
   <div class='ocr_carea' id='block_1_20' title="bbox 2057 767 3630 839">
    <p class='ocr_par' dir='ltr' id='par_1_20' title="bbox 2057 767 3630 839">
     <span class='ocr_line' id='line_1_20' title="bbox 2057 767 3630 839; baseline 0.001 -20"><span class='ocrx_word' id='word_1_154' title='bbox 2057 784 2231 821; x_wconf 86' lang='grc' dir='ltr'>κειται</span> <span class='ocrx_word' id='word_1_155' title='bbox 2258 772 2368 831; x_wconf 84' lang='grc' dir='ltr'>τοῖς</span> <span class='ocrx_word' id='word_1_156' title='bbox 2403 767 2707 838; x_wconf 79' lang='grc' dir='ltr'>ἀνθρώποις</span> <span class='ocrx_word' id='word_1_157' title='bbox 2742 770 2798 821; x_wconf 82' lang='grc' dir='ltr'><strong>ἐν</strong></span> <span class='ocrx_word' id='word_1_158' title='bbox 2831 768 3066 839; x_wconf 79' lang='grc' dir='ltr'>οὐρανῷ,</span> <span class='ocrx_word' id='word_1_159' title='bbox 3092 770 3207 821; x_wconf 83' lang='grc' dir='ltr'>ἐκεῖ</span> <span class='ocrx_word' id='word_1_160' title='bbox 3236 768 3509 831; x_wconf 81' lang='grc' dir='ltr'>καταστὰς</span> <span class='ocrx_word' id='word_1_161' title='bbox 3535 769 3630 822; x_wconf 72' lang='grc' dir='ltr'>ἐπὶ</span> 
     </span>
    </p>
   </div>
   <div class='ocr_carea' id='block_1_21' title="bbox 2054 858 3628 933">
    <p class='ocr_par' dir='ltr' id='par_1_21' title="bbox 2054 858 3628 933">
     <span class='ocr_line' id='line_1_21' title="bbox 2054 858 3628 933; baseline 0.003 -22"><span class='ocrx_word' id='word_1_162' title='bbox 2054 858 2122 912; x_wconf 78' lang='grc' dir='ltr'>τὰ</span> <span class='ocrx_word' id='word_1_163' title='bbox 2178 860 2315 928; x_wconf 71' lang='grc' dir='ltr'>ἔργα</span> <span class='ocrx_word' id='word_1_164' title='bbox 2345 860 2453 913; x_wconf 81' lang='grc' dir='ltr'><strong>τῶν</strong></span> <span class='ocrx_word' id='word_1_165' title='bbox 2485 860 2683 931; x_wconf 80' lang='grc' dir='ltr'>χειρῶν</span> <span class='ocrx_word' id='word_1_166' title='bbox 2734 861 2918 924; x_wconf 76' lang='grc' dir='ltr'>αὑτοῦ,</span> <span class='ocrx_word' id='word_1_167' title='bbox 2956 860 3157 933; x_wconf 79' lang='grc' dir='ltr'>οεωρδς</span> <span class='ocrx_word' id='word_1_168' title='bbox 3187 860 3429 932; x_wconf 71' lang='grc' dir='ltr'>οὐρανῶν</span> <span class='ocrx_word' id='word_1_169' title='bbox 3475 861 3628 916; x_wconf 76' lang='grc' dir='ltr'>ἔσται</span> 
     </span>
    </p>
   </div>
   <div class='ocr_carea' id='block_1_22' title="bbox 2053 951 3628 1023">
    <p class='ocr_par' dir='ltr' id='par_1_22' title="bbox 2053 951 3628 1023">
     <span class='ocr_line' id='line_1_22' title="bbox 2053 951 3628 1023; baseline 0.001 -20"><span class='ocrx_word' id='word_1_170' title='bbox 2053 952 2148 1003; x_wconf 76' lang='grc' dir='ltr'><strong>καὶ</strong></span> <span class='ocrx_word' id='word_1_171' title='bbox 2176 951 2284 1003; x_wconf 81' lang='grc' dir='ltr'><strong>τῶν</strong></span> <span class='ocrx_word' id='word_1_172' title='bbox 2316 954 2372 1004; x_wconf 82' lang='grc' dir='ltr'><strong>ἐν</strong></span> <span class='ocrx_word' id='word_1_173' title='bbox 2398 952 2599 1014; x_wconf 79' lang='grc' dir='ltr'>αὐτοῖς.</span> <span class='ocrx_word' id='word_1_174' title='bbox 2648 952 2706 1004; x_wconf 88' lang='grc' dir='ltr'>Ὀ</span> <span class='ocrx_word' id='word_1_175' title='bbox 2737 951 2793 1004; x_wconf 83' lang='grc' dir='ltr'>δὲ</span> <span class='ocrx_word' id='word_1_176' title='bbox 2821 953 3086 1023; x_wconf 85' lang='grc' dir='ltr'>μακάριος</span> <span class='ocrx_word' id='word_1_177' title='bbox 3120 952 3331 1016; x_wconf 77' lang='grc' dir='ltr'>Παῦλος</span> <span class='ocrx_word' id='word_1_178' title='bbox 3362 953 3455 1006; x_wconf 73' lang='grc' dir='ltr'><strong>καὶ</strong></span> <span class='ocrx_word' id='word_1_179' title='bbox 3472 953 3628 1005; x_wconf 82' lang='grc' dir='ltr'>τοῦτο</span> 
     </span>
    </p>
   </div>
   <div class='ocr_carea' id='block_1_23' title="bbox 2055 1043 3628 1116">
    <p class='ocr_par' dir='ltr' id='par_1_23' title="bbox 2055 1043 3628 1116">
     <span class='ocr_line' id='line_1_23' title="bbox 2055 1043 3628 1116; baseline 0.002 -21"><span class='ocrx_word' id='word_1_180' title='bbox 2055 1045 2182 1113; x_wconf 61' lang='grc' dir='ltr'><strong>περὶ¹</strong></span> <span class='ocrx_word' id='word_1_181' title='bbox 2209 1043 2300 1096; x_wconf 81' lang='grc' dir='ltr'>τοῦ</span> <span class='ocrx_word' id='word_1_182' title='bbox 2337 1043 2587 1114; x_wconf 82' lang='grc' dir='ltr'><strong>Σωτῆρος</strong></span> <span class='ocrx_word' id='word_1_183' title='bbox 2612 1043 2863 1108; x_wconf 76' lang='grc' dir='ltr'>ἐξέλαϐεν</span> <span class='ocrx_word' id='word_1_184' title='bbox 2892 1047 2947 1098; x_wconf 80' lang='grc' dir='ltr'><strong>ἐν</strong></span> <span class='ocrx_word' id='word_1_185' title='bbox 2978 1044 3133 1098; x_wconf 74' lang='grc' dir='ltr'>αἰῶνι</span> <span class='ocrx_word' id='word_1_186' title='bbox 3157 1044 3233 1116; x_wconf 83' lang='grc' dir='ltr'><strong>τῷ</strong></span> <span class='ocrx_word' id='word_1_187' title='bbox 3261 1045 3505 1116; x_wconf 79' lang='grc' dir='ltr'>μέλλοντι</span> <span class='ocrx_word' id='word_1_188' title='bbox 3534 1063 3628 1114; x_wconf 84' lang='grc' dir='ltr'><strong>γε-</strong></span> 
     </span>
    </p>
   </div>
   <div class='ocr_carea' id='block_1_24' title="bbox 2053 1134 3624 1208">
    <p class='ocr_par' dir='ltr' id='par_1_24' title="bbox 2053 1134 3624 1208">
     <span class='ocr_line' id='line_1_24' title="bbox 2053 1134 3624 1208; baseline 0.003 -21"><span class='ocrx_word' id='word_1_189' title='bbox 2053 1134 2375 1205; x_wconf 84' lang='grc' dir='ltr'>νησόμενον.</span> <span class='ocrx_word' id='word_1_190' title='bbox 2429 1135 2522 1187; x_wconf 82' lang='grc' dir='ltr'><strong>Διό</strong></span> <span class='ocrx_word' id='word_1_191' title='bbox 2555 1152 2686 1205; x_wconf 81' lang='grc' dir='ltr'>φησι</span> <span class='ocrx_word' id='word_1_192' title='bbox 2728 1135 2863 1206; x_wconf 64' lang='grc' dir='ltr'>πρὸς</span> <span class='ocrx_word' id='word_1_193' title='bbox 2901 1137 3060 1189; x_wconf 77' lang='grc' dir='ltr'>αὐτὸν</span> <span class='ocrx_word' id='word_1_194' title='bbox 3092 1138 3120 1188; x_wconf 88' lang='grc' dir='ltr'>ὁ</span> <span class='ocrx_word' id='word_1_195' title='bbox 3149 1138 3372 1208; x_wconf 65' lang='grc' dir='ltr'>Πατήρ*</span> <span class='ocrx_word' id='word_1_196' title='bbox 3425 1136 3624 1191; x_wconf 72' lang='grc' dir='ltr'>Κάθου</span> 
     </span>
    </p>
   </div>
   <div class='ocr_carea' id='block_1_25' title="bbox 2051 1224 3641 1297">
    <p class='ocr_par' dir='ltr' id='par_1_25' title="bbox 2051 1224 3641 1297">
     <span class='ocr_line' id='line_1_25' title="bbox 2051 1224 3641 1297; baseline 0.001 -19"><span class='ocrx_word' id='word_1_197' title='bbox 2051 1226 2118 1279; x_wconf 80' lang='grc' dir='ltr'>ἐκ</span> <span class='ocrx_word' id='word_1_198' title='bbox 2145 1224 2358 1289; x_wconf 72' lang='grc' dir='ltr'>δεξιῶν</span> <span class='ocrx_word' id='word_1_199' title='bbox 2373 1242 2513 1294; x_wconf 79' lang='grc' dir='ltr'>μου,</span> <span class='ocrx_word' id='word_1_200' title='bbox 2548 1226 2656 1292; x_wconf 79' lang='grc' dir='ltr'><strong>ἕως</strong></span> <span class='ocrx_word' id='word_1_201' title='bbox 2676 1226 2751 1279; x_wconf 83' lang='grc' dir='ltr'>ἂν</span> <span class='ocrx_word' id='word_1_202' title='bbox 2778 1224 2859 1279; x_wconf 83' lang='grc' dir='ltr'>θῶ</span> <span class='ocrx_word' id='word_1_203' title='bbox 2885 1225 3026 1292; x_wconf 86' lang='grc' dir='ltr'>τοὺς</span> <span class='ocrx_word' id='word_1_204' title='bbox 3053 1227 3304 1295; x_wconf 82' lang='grc' dir='ltr'>ἐχθρούς</span> <span class='ocrx_word' id='word_1_205' title='bbox 3337 1242 3453 1281; x_wconf 87' lang='grc' dir='ltr'><strong>σου</strong></span> <span class='ocrx_word' id='word_1_206' title='bbox 3478 1230 3641 1297; x_wconf 59' lang='grc' dir='ltr'>ὐποο,</span> 
     </span>
    </p>
   </div>
   <div class='ocr_carea' id='block_1_26' title="bbox 2051 1315 3625 1386">
    <p class='ocr_par' dir='ltr' id='par_1_26' title="bbox 2051 1315 3625 1386">
     <span class='ocr_line' id='line_1_26' title="bbox 2051 1315 3625 1386; baseline 0.004 -18"><span class='ocrx_word' id='word_1_207' title='bbox 2051 1316 2260 1370; x_wconf 80' lang='grc' dir='ltr'>πόδίον</span> <span class='ocrx_word' id='word_1_208' title='bbox 2289 1315 2408 1369; x_wconf 80' lang='grc' dir='ltr'>τῶν</span> <span class='ocrx_word' id='word_1_209' title='bbox 2430 1316 2630 1370; x_wconf 80' lang='grc' dir='ltr'>ποδῶν</span> <span class='ocrx_word' id='word_1_210' title='bbox 2667 1334 2804 1372; x_wconf 84' lang='grc' dir='ltr'>σου.</span> <span class='ocrx_word' id='word_1_211' title='bbox 2840 1320 3110 1386; x_wconf 80' lang='grc' dir='ltr'>Πρόϐατα</span> <span class='ocrx_word' id='word_1_212' title='bbox 3159 1319 3255 1372; x_wconf 80' lang='grc' dir='ltr'>καὶ</span> <span class='ocrx_word' id='word_1_213' title='bbox 3280 1319 3437 1385; x_wconf 80' lang='grc' dir='ltr'>βόας</span> <span class='ocrx_word' id='word_1_214' title='bbox 3464 1320 3625 1374; x_wconf 74' lang='grc' dir='ltr'>ἀπα-</span> 
     </span>
    </p>
   </div>
   <div class='ocr_carea' id='block_1_27' title="bbox 2050 1408 3630 1481">
    <p class='ocr_par' dir='ltr' id='par_1_27' title="bbox 2050 1408 3630 1481">
     <span class='ocr_line' id='line_1_27' title="bbox 2050 1408 3630 1481; baseline 0.004 -20"><span class='ocrx_word' id='word_1_215' title='bbox 2050 1425 2185 1474; x_wconf 86' lang='grc' dir='ltr'>σας.</span> <span class='ocrx_word' id='word_1_216' title='bbox 2223 1409 2359 1472; x_wconf 89' lang='grc' dir='ltr'>Τοὺς</span> <span class='ocrx_word' id='word_1_217' title='bbox 2390 1408 2450 1473; x_wconf 79' lang='grc' dir='ltr'>ἐξ</span> <span class='ocrx_word' id='word_1_218' title='bbox 2491 1408 2706 1481; x_wconf 81' lang='grc' dir='ltr'>Ἰσραὴλ</span> <span class='ocrx_word' id='word_1_219' title='bbox 2750 1410 3104 1474; x_wconf 77' lang='grc' dir='ltr'>πιστεύοντας</span> <span class='ocrx_word' id='word_1_220' title='bbox 3147 1410 3463 1467; x_wconf 68' lang='grc' dir='ltr'><strong>αἰνίττεται.</strong></span> <span class='ocrx_word' id='word_1_221' title='bbox 3500 1414 3630 1467; x_wconf 82' lang='grc' dir='ltr'>Ἔτι</span> 
     </span>
    </p>
   </div>
   <div class='ocr_carea' id='block_1_28' title="bbox 2048 1502 3622 1577">
    <p class='ocr_par' dir='ltr' id='par_1_28' title="bbox 2048 1502 3622 1577">
     <span class='ocr_line' id='line_1_28' title="bbox 2048 1502 3622 1577; baseline 0.004 -23"><span class='ocrx_word' id='word_1_222' title='bbox 2048 1502 2116 1554; x_wconf 83' lang='grc' dir='ltr'>δὲ</span> <span class='ocrx_word' id='word_1_223' title='bbox 2160 1502 2259 1556; x_wconf 75' lang='grc' dir='ltr'>καὶ</span> <span class='ocrx_word' id='word_1_224' title='bbox 2292 1503 2361 1557; x_wconf 83' lang='grc' dir='ltr'><strong>τὰ</strong></span> <span class='ocrx_word' id='word_1_225' title='bbox 2402 1503 2592 1571; x_wconf 79' lang='grc' dir='ltr'>κτήνη</span> <span class='ocrx_word' id='word_1_226' title='bbox 2633 1504 2738 1558; x_wconf 84' lang='grc' dir='ltr'>τοῦ</span> <span class='ocrx_word' id='word_1_227' title='bbox 2772 1503 3002 1558; x_wconf 78' lang='grc' dir='ltr'><strong>πεδίου.</strong></span> <span class='ocrx_word' id='word_1_228' title='bbox 3031 1504 3129 1558; x_wconf 80' lang='grc' dir='ltr'><strong>Διὰ</strong></span> <span class='ocrx_word' id='word_1_229' title='bbox 3148 1504 3353 1559; x_wconf 82' lang='grc' dir='ltr'>τούτων</span> <span class='ocrx_word' id='word_1_230' title='bbox 3390 1505 3458 1560; x_wconf 80' lang='grc' dir='ltr'>τὰ</span> <span class='ocrx_word' id='word_1_231' title='bbox 3493 1505 3622 1577; x_wconf 75' lang='grc' dir='ltr'>ἔθνη</span> 
     </span>
    </p>
   </div>
   <div class='ocr_carea' id='block_1_29' title="bbox 2047 1595 3624 1669">
    <p class='ocr_par' dir='ltr' id='par_1_29' title="bbox 2047 1595 3624 1669">
     <span class='ocr_line' id='line_1_29' title="bbox 2047 1595 3624 1669; baseline 0.003 -21"><span class='ocrx_word' id='word_1_232' title='bbox 2047 1595 2214 1666; x_wconf 82' lang='grc' dir='ltr'>δηλοῖ.</span> <span class='ocrx_word' id='word_1_233' title='bbox 2258 1596 2332 1650; x_wconf 70' lang='grc' dir='ltr'><strong>Τὰ</strong></span> <span class='ocrx_word' id='word_1_234' title='bbox 2360 1596 2600 1650; x_wconf 81' lang='grc' dir='ltr'>πετεινὰ</span> <span class='ocrx_word' id='word_1_235' title='bbox 2630 1597 2739 1650; x_wconf 83' lang='grc' dir='ltr'>τοῦ</span> <span class='ocrx_word' id='word_1_236' title='bbox 2785 1597 3066 1665; x_wconf 82' lang='grc' dir='ltr'>οὐρανοῦ,</span> <span class='ocrx_word' id='word_1_237' title='bbox 3123 1598 3247 1661; x_wconf 89' lang='grc' dir='ltr'>τοὺς</span> <span class='ocrx_word' id='word_1_238' title='bbox 3276 1599 3624 1669; x_wconf 66' lang='grc' dir='ltr'>ἐπηρμένους</span> 
     </span>
    </p>
   </div>
   <div class='ocr_carea' id='block_1_30' title="bbox 2047 1686 3622 1759">
    <p class='ocr_par' dir='ltr' id='par_1_30' title="bbox 2047 1686 3622 1759">
     <span class='ocr_line' id='line_1_30' title="bbox 2047 1686 3622 1759; baseline 0.002 -20"><span class='ocrx_word' id='word_1_239' title='bbox 2047 1686 2189 1739; x_wconf 82' lang='grc' dir='ltr'>κατὰ</span> <span class='ocrx_word' id='word_1_240' title='bbox 2213 1686 2302 1739; x_wconf 78' lang='grc' dir='ltr'><strong>τὸν</strong></span> <span class='ocrx_word' id='word_1_241' title='bbox 2333 1687 2446 1756; x_wconf 84' lang='grc' dir='ltr'>βίον</span> <span class='ocrx_word' id='word_1_242' title='bbox 2469 1687 2563 1740; x_wconf 68' lang='grc' dir='ltr'><strong>καὶ</strong></span> <span class='ocrx_word' id='word_1_243' title='bbox 2594 1687 2663 1740; x_wconf 77' lang='grc' dir='ltr'><strong>τὰ</strong></span> <span class='ocrx_word' id='word_1_244' title='bbox 2694 1687 2873 1759; x_wconf 73' lang='grc' dir='ltr'>ὑψηλὰ</span> <span class='ocrx_word' id='word_1_245' title='bbox 2898 1688 3246 1756; x_wconf 79' lang='grc' dir='ltr'>φρονοῦντας,</span> <span class='ocrx_word' id='word_1_246' title='bbox 3267 1689 3392 1752; x_wconf 85' lang='grc' dir='ltr'>τοὺς</span> <span class='ocrx_word' id='word_1_247' title='bbox 3416 1687 3622 1757; x_wconf 81' lang='grc' dir='ltr'>ἀλογω-</span> 
     </span>
    </p>
   </div>
   <div class='ocr_carea' id='block_1_31' title="bbox 2046 1795 2260 1841">
    <p class='ocr_par' dir='ltr' id='par_1_31' title="bbox 2046 1795 2260 1841">
     <span class='ocr_line' id='line_1_31' title="bbox 2046 1795 2260 1841; baseline 0.014 -12"><span class='ocrx_word' id='word_1_248' title='bbox 2046 1795 2260 1841; x_wconf 82' lang='grc' dir='ltr'>τατους.</span> 
     </span>
    </p>
   </div>
   <div class='ocr_carea' id='block_1_32' title="bbox 448 1838 1936 1941">
    <p class='ocr_par' dir='ltr' id='par_1_32' title="bbox 448 1864 1936 1941">
     <span class='ocr_line' id='line_1_32' title="bbox 448 1864 1936 1941; baseline 0.007 -23"><span class='ocrx_word' id='word_1_249' title='bbox 448 1864 536 1920; x_wconf 79' lang='grc'><strong>10.</strong></span> <span class='ocrx_word' id='word_1_250' title='bbox 570 1866 791 1921; x_wconf 82' lang='lat' dir='ltr'><strong>Domine</strong></span> <span class='ocrx_word' id='word_1_251' title='bbox 822 1867 1077 1923; x_wconf 83' lang='lat' dir='ltr'><strong>Dominus</strong></span> <span class='ocrx_word' id='word_1_252' title='bbox 1102 1879 1295 1935; x_wconf 84' lang='lat' dir='ltr'><strong>noster,</strong></span> <span class='ocrx_word' id='word_1_253' title='bbox 1323 1888 1478 1941; x_wconf 85' lang='lat' dir='ltr'><strong>quant</strong></span> <span class='ocrx_word' id='word_1_254' title='bbox 1525 1872 1842 1927; x_wconf 82' lang='lat' dir='ltr'><strong>admirabile</strong></span> <span class='ocrx_word' id='word_1_255' title='bbox 1866 1885 1936 1928; x_wconf 88' lang='lat' dir='ltr'><strong>est</strong></span> 
     </span>
    </p>
   </div>
   <div class='ocr_carea' id='block_1_33' title="bbox 2066 1838 3621 1941">
    <p class='ocr_par' dir='ltr' id='par_1_33' title="bbox 2120 1838 3621 1941">
     <span class='ocr_line' id='line_1_33' title="bbox 2120 1838 3621 1941; baseline 0.002 -19"><span class='ocrx_word' id='word_1_256' title='bbox 2120 1838 2296 1937; x_wconf 79' lang='grc' dir='ltr'>Κύριε</span> <span class='ocrx_word' id='word_1_257' title='bbox 2328 1873 2361 1923; x_wconf 83' lang='grc' dir='ltr'><strong><em>ό</em></strong></span> <span class='ocrx_word' id='word_1_258' title='bbox 2384 1872 2597 1939; x_wconf 81' lang='grc' dir='ltr'>Κύριος</span> <span class='ocrx_word' id='word_1_259' title='bbox 2625 1870 2811 1941; x_wconf 74' lang='grc' dir='ltr'>ἡμῶν,</span> <span class='ocrx_word' id='word_1_260' title='bbox 2843 1873 2922 1934; x_wconf 86' lang='grc' dir='ltr'>ὡς</span> <span class='ocrx_word' id='word_1_261' title='bbox 2943 1870 3291 1940; x_wconf 77' lang='grc' dir='ltr'>θαυμαστὸν</span> <span class='ocrx_word' id='word_1_262' title='bbox 3336 1872 3402 1925; x_wconf 85' lang='grc' dir='ltr'>τὸ</span> <span class='ocrx_word' id='word_1_263' title='bbox 3432 1871 3621 1940; x_wconf 71' lang='grc' dir='ltr'>δνομά</span> 
     </span>
    </p>
   </div>
   <div class='ocr_carea' id='block_1_34' title="bbox 375 1960 1944 2033">
    <p class='ocr_par' dir='ltr' id='par_1_34' title="bbox 375 1960 1944 2033">
     <span class='ocr_line' id='line_1_34' title="bbox 375 1960 1944 2033; baseline 0.006 -23"><span class='ocrx_word' id='word_1_264' title='bbox 375 1972 559 2011; x_wconf 83' lang='lat' dir='ltr'><strong>nomen</strong></span> <span class='ocrx_word' id='word_1_265' title='bbox 593 1967 739 2011; x_wconf 86' lang='lat' dir='ltr'><strong>tuum</strong></span> <span class='ocrx_word' id='word_1_266' title='bbox 761 1960 814 2012; x_wconf 89' lang='lat' dir='ltr'><strong>in</strong></span> <span class='ocrx_word' id='word_1_267' title='bbox 843 1962 1089 2016; x_wconf 86' lang='lat' dir='ltr'><strong>universa</strong></span> <span class='ocrx_word' id='word_1_268' title='bbox 1118 1962 1301 2016; x_wconf 85' lang='lat' dir='ltr'><strong>terra!</strong></span> <span class='ocrx_word' id='word_1_269' title='bbox 1333 1962 1544 2033; x_wconf 81' lang='lat' dir='ltr'><strong>Repetit</strong></span> <span class='ocrx_word' id='word_1_270' title='bbox 1570 1963 1722 2031; x_wconf 91' lang='lat' dir='ltr'><strong>illud,</strong></span> <span class='ocrx_word' id='word_1_271' title='bbox 1770 1964 1944 2019; x_wconf 86' lang='lat' dir='ltr'><strong>admi—</strong></span> 
     </span>
    </p>
   </div>
   <div class='ocr_carea' id='block_1_35' title="bbox 375 2048 1943 2124">
    <p class='ocr_par' dir='ltr' id='par_1_35' title="bbox 375 2048 1943 2124">
     <span class='ocr_line' id='line_1_35' title="bbox 375 2048 1943 2124; baseline 0.007 -24"><span class='ocrx_word' id='word_1_272' title='bbox 375 2048 588 2103; x_wconf 80' lang='lat' dir='ltr'><strong>ratione</strong></span> <span class='ocrx_word' id='word_1_273' title='bbox 623 2050 984 2120; x_wconf 83' lang='lat' dir='ltr'><strong>stupefactus,</strong></span> <span class='ocrx_word' id='word_1_274' title='bbox 1017 2055 1093 2107; x_wconf 89' lang='lat' dir='ltr'><strong>uti</strong></span> <span class='ocrx_word' id='word_1_275' title='bbox 1144 2055 1256 2124; x_wconf 88' lang='lat' dir='ltr'><strong>jam</strong></span> <span class='ocrx_word' id='word_1_276' title='bbox 1288 2054 1422 2120; x_wconf 80' lang='lat' dir='ltr'><strong>dixi,</strong></span> <span class='ocrx_word' id='word_1_277' title='bbox 1454 2056 1525 2111; x_wconf 90' lang='lat' dir='ltr'><strong>ob</strong></span> <span class='ocrx_word' id='word_1_278' title='bbox 1551 2057 1732 2110; x_wconf 85' lang='lat' dir='ltr'><strong>datam</strong></span> <span class='ocrx_word' id='word_1_279' title='bbox 1768 2057 1943 2111; x_wconf 87' lang='lat' dir='ltr'><strong>homi-</strong></span> 
     </span>
    </p>
   </div>
   <div class='ocr_carea' id='block_1_36' title="bbox 376 2137 1080 2212">
    <p class='ocr_par' dir='ltr' id='par_1_36' title="bbox 376 2137 1080 2212">
     <span class='ocr_line' id='line_1_36' title="bbox 376 2137 1080 2212; baseline 0.01 -22"><span class='ocrx_word' id='word_1_280' title='bbox 376 2137 538 2194; x_wconf 80' lang='lat' dir='ltr'><strong>nibus</strong></span> <span class='ocrx_word' id='word_1_281' title='bbox 564 2139 659 2193; x_wconf 90' lang='lat' dir='ltr'><strong>Dei</strong></span> <span class='ocrx_word' id='word_1_282' title='bbox 693 2143 1080 2212; x_wconf 81' lang='lat' dir='ltr'><strong>cognitionem.</strong></span> 
     </span>
    </p>
   </div>
   <div class='ocr_carea' id='block_1_37' title="bbox 544 2231 1710 2306">
    <p class='ocr_par' dir='ltr' id='par_1_37' title="bbox 544 2231 1710 2306">
     <span class='ocr_line' id='line_1_37' title="bbox 544 2231 1710 2306; baseline 0.006 -20"><span class='ocrx_word' id='word_1_283' title='bbox 544 2231 609 2287; x_wconf 82' lang='lat' dir='ltr'><strong>ln</strong></span> <span class='ocrx_word' id='word_1_284' title='bbox 639 2234 815 2302; x_wconf 84' lang='lat' dir='ltr'><strong>ﬁnem,</strong></span> <span class='ocrx_word' id='word_1_285' title='bbox 843 2252 936 2305; x_wconf 87' lang='lat' dir='ltr'><strong>pro</strong></span> <span class='ocrx_word' id='word_1_286' title='bbox 965 2238 1183 2291; x_wconf 80' lang='lat' dir='ltr'><strong>occultis</strong></span> <span class='ocrx_word' id='word_1_287' title='bbox 1214 2237 1336 2306; x_wconf 83' lang='lat' dir='ltr'><strong>ﬁlii,</strong></span> <span class='ocrx_word' id='word_1_288' title='bbox 1369 2237 1612 2294; x_wconf 74' lang='lat' dir='ltr'><strong><em>PSALM</em></strong></span> <span class='ocrx_word' id='word_1_289' title='bbox 1622 2238 1710 2293; x_wconf 89' lang='lat' dir='ltr'><strong>US</strong></span> 
     </span>
    </p>
   </div>
   <div class='ocr_carea' id='block_1_38' title="bbox 1008 2325 1335 2382">
    <p class='ocr_par' dir='ltr' id='par_1_38' title="bbox 1008 2325 1335 2382">
     <span class='ocr_line' id='line_1_38' title="bbox 1008 2325 1335 2382; baseline 0.012 -4"><span class='ocrx_word' id='word_1_290' title='bbox 1008 2325 1194 2380; x_wconf 87' lang='lat' dir='ltr'><strong>David.</strong></span> <span class='ocrx_word' id='word_1_291' title='bbox 1233 2326 1316 2381; x_wconf 82' lang='lat' dir='ltr'><strong>IX</strong></span> <span class='ocrx_word' id='word_1_292' title='bbox 1325 2371 1335 2382; x_wconf 95' lang='lat'><strong>.</strong></span> 
     </span>
    </p>
   </div>
   <div class='ocr_carea' id='block_1_39' title="bbox 978 2420 1374 2488">
    <p class='ocr_par' dir='ltr' id='par_1_39' title="bbox 978 2420 1374 2488">
     <span class='ocr_line' id='line_1_39' title="bbox 978 2420 1374 2488; baseline 0.01 -18"><span class='ocrx_word' id='word_1_293' title='bbox 978 2420 1374 2488; x_wconf 79' lang='lat' dir='ltr'><strong>Argumentum.</strong></span> 
     </span>
    </p>
   </div>
   <div class='ocr_carea' id='block_1_40' title="bbox 371 2502 1941 2584">
    <p class='ocr_par' dir='ltr' id='par_1_40' title="bbox 371 2502 1941 2584">
     <span class='ocr_line' id='line_1_40' title="bbox 371 2502 1941 2584; baseline 0.008 -24"><span class='ocrx_word' id='word_1_294' title='bbox 371 2502 486 2563; x_wconf 76' lang='lat' dir='ltr'><strong>Hoc</strong></span> <span class='ocrx_word' id='word_1_295' title='bbox 512 2508 723 2579; x_wconf 83' lang='lat' dir='ltr'><strong>psalmo</strong></span> <span class='ocrx_word' id='word_1_296' title='bbox 775 2526 838 2565; x_wconf 89' lang='lat' dir='ltr'><strong>ea</strong></span> <span class='ocrx_word' id='word_1_297' title='bbox 882 2512 1124 2568; x_wconf 89' lang='lat' dir='ltr'><strong>declarat</strong></span> <span class='ocrx_word' id='word_1_298' title='bbox 1171 2529 1294 2584; x_wconf 72' lang='lat' dir='ltr'><strong>qua:</strong></span> <span class='ocrx_word' id='word_1_299' title='bbox 1331 2515 1560 2571; x_wconf 82' lang='lat' dir='ltr'><strong>latenter</strong></span> <span class='ocrx_word' id='word_1_300' title='bbox 1590 2533 1621 2571; x_wconf 90' lang='lat' dir='ltr'><strong>a</strong></span> <span class='ocrx_word' id='word_1_301' title='bbox 1660 2516 1941 2572; x_wconf 77' lang='lat' dir='ltr'><strong>Salvatce</strong></span> 
     </span>
    </p>
   </div>
   <div class='ocr_carea' id='block_1_41' title="bbox 442 2597 1934 2682">
    <p class='ocr_par' dir='ltr' id='par_1_41' title="bbox 442 2597 1934 2682">
     <span class='ocr_line' id='line_1_41' title="bbox 442 2597 1934 2682; baseline 0.007 -28"><span class='ocrx_word' id='word_1_302' title='bbox 442 2597 589 2655; x_wconf 80' lang='lat' dir='ltr'><strong>facta</strong></span> <span class='ocrx_word' id='word_1_303' title='bbox 612 2610 759 2657; x_wconf 90' lang='lat' dir='ltr'><strong>sunt.</strong></span> <span class='ocrx_word' id='word_1_304' title='bbox 796 2601 962 2658; x_wconf 81' lang='lat' dir='ltr'><strong>Multa</strong></span> <span class='ocrx_word' id='word_1_305' title='bbox 992 2615 1174 2661; x_wconf 86' lang='lat' dir='ltr'><strong>autem</strong></span> <span class='ocrx_word' id='word_1_306' title='bbox 1206 2607 1299 2661; x_wconf 90' lang='lat' dir='ltr'><strong>illa</strong></span> <span class='ocrx_word' id='word_1_307' title='bbox 1326 2617 1483 2664; x_wconf 89' lang='lat' dir='ltr'><strong>erant</strong></span> <span class='ocrx_word' id='word_1_308' title='bbox 1513 2611 1725 2666; x_wconf 86' lang='lat' dir='ltr'><strong>occulte</strong></span> <span class='ocrx_word' id='word_1_309' title='bbox 1756 2618 1934 2682; x_wconf 86' lang='lat' dir='ltr'><strong>gesta:</strong></span> 
     </span>
    </p>
   </div>
   <div class='ocr_carea' id='block_1_42' title="bbox 439 2687 1940 2756">
    <p class='ocr_par' dir='ltr' id='par_1_42' title="bbox 439 2687 1940 2756">
     <span class='ocr_line' id='line_1_42' title="bbox 439 2687 1940 2756; baseline 0.009 -13"><span class='ocrx_word' id='word_1_310' title='bbox 439 2687 708 2747; x_wconf 82' lang='lat' dir='ltr'><strong>Nativitas</strong></span> <span class='ocrx_word' id='word_1_311' title='bbox 731 2694 939 2750; x_wconf 86' lang='lat' dir='ltr'><strong>scilicet</strong></span> <span class='ocrx_word' id='word_1_312' title='bbox 963 2698 1262 2753; x_wconf 87' lang='lat' dir='ltr'><strong>secundum</strong></span> <span class='ocrx_word' id='word_1_313' title='bbox 1287 2714 1507 2756; x_wconf 85' lang='lat' dir='ltr'><strong>carnem</strong></span> <span class='ocrx_word' id='word_1_314' title='bbox 1539 2716 1605 2754; x_wconf 85' lang='lat' dir='ltr'><strong>ex</strong></span> <span class='ocrx_word' id='word_1_315' title='bbox 1632 2700 1800 2756; x_wconf 85' lang='lat' dir='ltr'><strong>Maria</strong></span> <span class='ocrx_word' id='word_1_316' title='bbox 1823 2702 1940 2756; x_wconf 82' lang='lat' dir='ltr'><strong>Vir-</strong></span> 
     </span>
    </p>
   </div>
   <div class='ocr_carea' id='block_1_43' title="bbox 436 2778 1937 2859">
    <p class='ocr_par' dir='ltr' id='par_1_43' title="bbox 436 2778 1937 2859">
     <span class='ocr_line' id='line_1_43' title="bbox 436 2778 1937 2859; baseline 0.007 -26"><span class='ocrx_word' id='word_1_317' title='bbox 436 2778 561 2848; x_wconf 83' lang='lat' dir='ltr'><strong>gine</strong></span> <span class='ocrx_word' id='word_1_318' title='bbox 589 2796 687 2852; x_wconf 90' lang='lat' dir='ltr'><strong>per</strong></span> <span class='ocrx_word' id='word_1_319' title='bbox 728 2780 991 2852; x_wconf 87' lang='lat' dir='ltr'><strong>Spiritum</strong></span> <span class='ocrx_word' id='word_1_320' title='bbox 1034 2796 1320 2843; x_wconf 89' lang='lat' dir='ltr'><strong>sanctum:</strong></span> <span class='ocrx_word' id='word_1_321' title='bbox 1353 2789 1631 2859; x_wconf 82' lang='lat' dir='ltr'><strong>stupendae</strong></span> <span class='ocrx_word' id='word_1_322' title='bbox 1660 2806 1724 2846; x_wconf 89' lang='lat' dir='ltr'><strong>ac</strong></span> <span class='ocrx_word' id='word_1_323' title='bbox 1771 2791 1937 2845; x_wconf 88' lang='lat' dir='ltr'><strong>mira-</strong></span> 
     </span>
    </p>
   </div>
   <div class='ocr_carea' id='block_1_44' title="bbox 444 2872 1937 2951">
    <p class='ocr_par' dir='ltr' id='par_1_44' title="bbox 444 2872 1937 2951">
     <span class='ocr_line' id='line_1_44' title="bbox 444 2872 1937 2951; baseline 0.009 -24"><span class='ocrx_word' id='word_1_324' title='bbox 444 2872 587 2929; x_wconf 88' lang='lat' dir='ltr'><strong>culis</strong></span> <span class='ocrx_word' id='word_1_325' title='bbox 634 2873 874 2945; x_wconf 80' lang='lat' dir='ltr'><strong>insignes</strong></span> <span class='ocrx_word' id='word_1_326' title='bbox 901 2877 1166 2934; x_wconf 84' lang='lat' dir='ltr'><strong>virtutes:</strong></span> <span class='ocrx_word' id='word_1_327' title='bbox 1215 2896 1365 2936; x_wconf 88' lang='lat' dir='ltr'><strong>mors</strong></span> <span class='ocrx_word' id='word_1_328' title='bbox 1404 2881 1520 2951; x_wconf 88' lang='lat' dir='ltr'><strong>ipsa</strong></span> <span class='ocrx_word' id='word_1_329' title='bbox 1552 2897 1616 2937; x_wconf 88' lang='lat' dir='ltr'><strong>ac</strong></span> <span class='ocrx_word' id='word_1_330' title='bbox 1642 2884 1937 2940; x_wconf 86' lang='lat' dir='ltr'><strong>descensus</strong></span> 
     </span>
    </p>
   </div>
   <div class='ocr_carea' id='block_1_45' title="bbox 441 2959 1937 3030">
    <p class='ocr_par' dir='ltr' id='par_1_45' title="bbox 441 2959 1937 3030">
     <span class='ocr_line' id='line_1_45' title="bbox 441 2959 1937 3030; baseline 0.008 -15"><span class='ocrx_word' id='word_1_331' title='bbox 441 2959 497 3015; x_wconf 88' lang='lat' dir='ltr'><strong>in</strong></span> <span class='ocrx_word' id='word_1_332' title='bbox 528 2960 823 3030; x_wconf 80' lang='lat' dir='ltr'><strong>infernum,</strong></span> <span class='ocrx_word' id='word_1_333' title='bbox 851 2968 1178 3022; x_wconf 89' lang='lat' dir='ltr'><strong>resurrectio</strong></span> <span class='ocrx_word' id='word_1_334' title='bbox 1199 2968 1416 3024; x_wconf 88' lang='lat' dir='ltr'><strong>demum</strong></span> <span class='ocrx_word' id='word_1_335' title='bbox 1439 2986 1504 3025; x_wconf 76' lang='lat' dir='ltr'><strong>ex</strong></span> <span class='ocrx_word' id='word_1_336' title='bbox 1532 2973 1780 3028; x_wconf 87' lang='lat' dir='ltr'><strong>mortuis.</strong></span> <span class='ocrx_word' id='word_1_337' title='bbox 1810 2971 1937 3029; x_wconf 71' lang='lat' dir='ltr'><strong>Haec</strong></span> 
     </span>
    </p>
   </div>
   <div class='ocr_carea' id='block_1_46' title="bbox 437 3053 1934 3131">
    <p class='ocr_par' dir='ltr' id='par_1_46' title="bbox 437 3053 1934 3131">
     <span class='ocr_line' id='line_1_46' title="bbox 437 3053 1934 3131; baseline 0.008 -24"><span class='ocrx_word' id='word_1_338' title='bbox 437 3053 636 3124; x_wconf 86' lang='lat' dir='ltr'><strong>quippe</strong></span> <span class='ocrx_word' id='word_1_339' title='bbox 663 3056 847 3110; x_wconf 85' lang='lat' dir='ltr'><strong>omnia</strong></span> <span class='ocrx_word' id='word_1_340' title='bbox 877 3058 1091 3114; x_wconf 91' lang='lat' dir='ltr'><strong>occulte</strong></span> <span class='ocrx_word' id='word_1_341' title='bbox 1116 3059 1186 3114; x_wconf 86' lang='lat' dir='ltr'><strong>ab</strong></span> <span class='ocrx_word' id='word_1_342' title='bbox 1215 3061 1307 3115; x_wconf 89' lang='lat' dir='ltr'><strong>illo</strong></span> <span class='ocrx_word' id='word_1_343' title='bbox 1336 3073 1483 3131; x_wconf 85' lang='lat' dir='ltr'><strong>gesta</strong></span> <span class='ocrx_word' id='word_1_344' title='bbox 1512 3070 1659 3118; x_wconf 88' lang='lat' dir='ltr'><strong>sunt.</strong></span> <span class='ocrx_word' id='word_1_345' title='bbox 1690 3065 1934 3119; x_wconf 86' lang='lat' dir='ltr'><strong>Abscon-</strong></span> 
     </span>
    </p>
   </div>
   <div class='ocr_carea' id='block_1_47' title="bbox 433 3146 2005 3249">
    <p class='ocr_par' dir='ltr' id='par_1_47' title="bbox 433 3146 2005 3249">
     <span class='ocr_line' id='line_1_47' title="bbox 433 3146 2005 3249; baseline 0.009 -52"><span class='ocrx_word' id='word_1_346' title='bbox 540 3148 684 3202; x_wconf 90' lang='lat' dir='ltr'><strong>enim</strong></span> <span class='ocrx_word' id='word_1_347' title='bbox 712 3149 802 3203; x_wconf 90' lang='lat' dir='ltr'><strong>illa</strong></span> <span class='ocrx_word' id='word_1_348' title='bbox 833 3152 994 3249; x_wconf 52' lang='lat' dir='ltr'><strong>eti—am</strong></span> <span class='ocrx_word' id='word_1_349' title='bbox 1029 3153 1373 3224; x_wconf 86' lang='lat' dir='ltr'><strong>principibus</strong></span> <span class='ocrx_word' id='word_1_350' title='bbox 1403 3156 1590 3210; x_wconf 90' lang='lat' dir='ltr'><strong>mundi</strong></span> <span class='ocrx_word' id='word_1_351' title='bbox 1618 3156 1803 3226; x_wconf 85' lang='lat' dir='ltr'><strong>hujus.</strong></span> <span class='ocrx_word' id='word_1_352' title='bbox 1829 3155 1935 3211; x_wconf 89' lang='lat' dir='ltr'><strong>Pro</strong></span> <span class='ocrx_word' id='word_1_353' title='bbox 1962 3192 2005 3249; x_wconf 62' lang='grc' dir='ltr'>ο</span> 
     </span>
    </p>
   </div>
   <div class='ocr_carea' id='block_1_48' title="bbox 438 3237 1929 3317">
    <p class='ocr_par' dir='ltr' id='par_1_48' title="bbox 438 3237 1929 3317">
     <span class='ocr_line' id='line_1_48' title="bbox 438 3237 1929 3317; baseline 0.009 -27"><span class='ocrx_word' id='word_1_354' title='bbox 438 3237 590 3294; x_wconf 81' lang='lat' dir='ltr'><strong>hisce</strong></span> <span class='ocrx_word' id='word_1_355' title='bbox 621 3242 851 3297; x_wconf 88' lang='lat' dir='ltr'><strong>occultis</strong></span> <span class='ocrx_word' id='word_1_356' title='bbox 885 3241 1156 3314; x_wconf 80' lang='lat' dir='ltr'><strong>Propheta</strong></span> <span class='ocrx_word' id='word_1_357' title='bbox 1187 3261 1474 3315; x_wconf 80' lang='lat' dir='ltr'><strong>personam</strong></span> <span class='ocrx_word' id='word_1_358' title='bbox 1508 3262 1701 3317; x_wconf 80' lang='lat' dir='ltr'><strong>gerens</strong></span> <span class='ocrx_word' id='word_1_359' title='bbox 1733 3249 1929 3304; x_wconf 17' lang='lat' dir='ltr'><strong>humas-</strong></span> 
     </span>
    </p>
   </div>
   <div class='ocr_carea' id='block_1_49' title="bbox 441 3334 1927 3411">
    <p class='ocr_par' dir='ltr' id='par_1_49' title="bbox 441 3334 1927 3411">
     <span class='ocr_line' id='line_1_49' title="bbox 441 3334 1927 3411; baseline 0.011 -30"><span class='ocrx_word' id='word_1_360' title='bbox 441 3343 525 3383; x_wconf 82' lang='lat' dir='ltr'><strong>me</strong></span> <span class='ocrx_word' id='word_1_361' title='bbox 550 3339 761 3387; x_wconf 67' lang='lat' dir='ltr'><strong>natura:</strong></span> <span class='ocrx_word' id='word_1_362' title='bbox 805 3334 1106 3405; x_wconf 82' lang='lat' dir='ltr'><strong>ingreditur</strong></span> <span class='ocrx_word' id='word_1_363' title='bbox 1135 3338 1339 3407; x_wconf 82' lang='lat' dir='ltr'><strong>gratias</strong></span> <span class='ocrx_word' id='word_1_364' title='bbox 1378 3354 1545 3411; x_wconf 87' lang='lat' dir='ltr'><strong>agens</strong></span> <span class='ocrx_word' id='word_1_365' title='bbox 1594 3358 1657 3397; x_wconf 85' lang='lat' dir='ltr'><strong>ac</strong></span> <span class='ocrx_word' id='word_1_366' title='bbox 1703 3343 1927 3398; x_wconf 88' lang='lat' dir='ltr'><strong>dicens:</strong></span> 
     </span>
    </p>
   </div>
   <div class='ocr_carea' id='block_1_50' title="bbox 432 3421 1933 3508">
    <p class='ocr_par' dir='ltr' id='par_1_50' title="bbox 432 3421 1933 3508">
     <span class='ocr_line' id='line_1_50' title="bbox 432 3421 1933 3508; baseline 0.013 -32"><span class='ocrx_word' id='word_1_367' title='bbox 432 3421 731 3492; x_wconf 77' lang='lat' dir='ltr'><strong>Conﬁtebor</strong></span> <span class='ocrx_word' id='word_1_368' title='bbox 762 3427 880 3495; x_wconf 87' lang='lat' dir='ltr'><strong>tibi,</strong></span> <span class='ocrx_word' id='word_1_369' title='bbox 929 3428 1172 3486; x_wconf 86' lang='lat' dir='ltr'><strong>Domine.</strong></span> <span class='ocrx_word' id='word_1_370' title='bbox 1220 3430 1568 3490; x_wconf 89' lang='lat' dir='ltr'><strong>Oceultorum</strong></span> <span class='ocrx_word' id='word_1_371' title='bbox 1616 3452 1780 3508; x_wconf 85' lang='lat' dir='ltr'><strong>porro</strong></span> <span class='ocrx_word' id='word_1_372' title='bbox 1812 3439 1933 3494; x_wconf 86' lang='lat' dir='ltr'><strong>illo-</strong></span> 
     </span>
    </p>
   </div>
   <div class='ocr_carea' id='block_1_51' title="bbox 432 3517 1934 3598">
    <p class='ocr_par' dir='ltr' id='par_1_51' title="bbox 432 3517 1934 3598">
     <span class='ocr_line' id='line_1_51' title="bbox 432 3517 1934 3598; baseline 0.013 -31"><span class='ocrx_word' id='word_1_373' title='bbox 432 3529 556 3569; x_wconf 81' lang='lat' dir='ltr'><strong>rum</strong></span> <span class='ocrx_word' id='word_1_374' title='bbox 585 3517 844 3575; x_wconf 84' lang='lat' dir='ltr'><strong>revelatio</strong></span> <span class='ocrx_word' id='word_1_375' title='bbox 874 3535 1026 3577; x_wconf 88' lang='lat' dir='ltr'><strong>mors</strong></span> <span class='ocrx_word' id='word_1_376' title='bbox 1048 3533 1151 3589; x_wconf 89' lang='lat' dir='ltr'><strong>est,</strong></span> <span class='ocrx_word' id='word_1_377' title='bbox 1184 3533 1348 3596; x_wconf 85' lang='lat' dir='ltr'><strong>atque</strong></span> <span class='ocrx_word' id='word_1_378' title='bbox 1383 3542 1446 3582; x_wconf 91' lang='lat' dir='ltr'><strong>ea</strong></span> <span class='ocrx_word' id='word_1_379' title='bbox 1477 3544 1597 3598; x_wconf 70' lang='lat' dir='ltr'><strong>quae</strong></span> <span class='ocrx_word' id='word_1_380' title='bbox 1630 3531 1685 3583; x_wconf 89' lang='lat' dir='ltr'><strong>in</strong></span> <span class='ocrx_word' id='word_1_381' title='bbox 1718 3530 1934 3587; x_wconf 86' lang='lat' dir='ltr'><strong>inferno</strong></span> 
     </span>
    </p>
   </div>
   <div class='ocr_carea' id='block_1_52' title="bbox 434 3615 1763 3677">
    <p class='ocr_par' dir='ltr' id='par_1_52' title="bbox 434 3615 1763 3677">
     <span class='ocr_line' id='line_1_52' title="bbox 434 3615 1763 3677; baseline 0.012 -17"><span class='ocrx_word' id='word_1_382' title='bbox 434 3615 584 3676; x_wconf 43' lang='lat' dir='ltr'><strong>gesta</strong></span> <span class='ocrx_word' id='word_1_383' title='bbox 617 3618 745 3663; x_wconf 87' lang='lat' dir='ltr'><strong>sunt</strong></span> <span class='ocrx_word' id='word_1_384' title='bbox 771 3628 782 3664; x_wconf 95' lang='lat'>:</span> <span class='ocrx_word' id='word_1_385' title='bbox 811 3626 1021 3668; x_wconf 89' lang='lat' dir='ltr'><strong>necnon</strong></span> <span class='ocrx_word' id='word_1_386' title='bbox 1052 3617 1384 3672; x_wconf 75' lang='lat' dir='ltr'><strong>resurrecﬁo</strong></span> <span class='ocrx_word' id='word_1_387' title='bbox 1413 3628 1465 3673; x_wconf 86' lang='lat' dir='ltr'><strong>et</strong></span> <span class='ocrx_word' id='word_1_388' title='bbox 1493 3621 1763 3677; x_wconf 81' lang='lat' dir='ltr'><strong>ascensio.</strong></span> 
     </span>
    </p>
   </div>
   <div class='ocr_carea' id='block_1_53' title="bbox 432 3781 1862 3856">
    <p class='ocr_par' dir='ltr' id='par_1_53' title="bbox 432 3781 1862 3856">
     <span class='ocr_line' id='line_1_53' title="bbox 432 3781 1862 3856; baseline 0.008 -18"><span class='ocrx_word' id='word_1_389' title='bbox 432 3785 487 3838; x_wconf 66' lang='lat'><strong>’1.</strong></span> <span class='ocrx_word' id='word_1_390' title='bbox 519 3781 819 3853; x_wconf 79' lang='lat' dir='ltr'><strong>Conﬁtebor</strong></span> <span class='ocrx_word' id='word_1_391' title='bbox 869 3786 986 3853; x_wconf 88' lang='lat' dir='ltr'><strong>tibi,</strong></span> <span class='ocrx_word' id='word_1_392' title='bbox 1039 3788 1279 3856; x_wconf 86' lang='lat' dir='ltr'><strong>Domine,</strong></span> <span class='ocrx_word' id='word_1_393' title='bbox 1312 3794 1366 3847; x_wconf 90' lang='lat' dir='ltr'><strong>in</strong></span> <span class='ocrx_word' id='word_1_394' title='bbox 1414 3802 1522 3847; x_wconf 84' lang='lat' dir='ltr'><strong>toto</strong></span> <span class='ocrx_word' id='word_1_395' title='bbox 1567 3794 1721 3849; x_wconf 87' lang='lat' dir='ltr'><strong>corde</strong></span> <span class='ocrx_word' id='word_1_396' title='bbox 1752 3812 1862 3851; x_wconf 89' lang='lat' dir='ltr'><strong>meo</strong></span> 
     </span>
    </p>
   </div>
   <div class='ocr_carea' id='block_1_54' title="bbox 364 3872 1931 3944">
    <p class='ocr_par' dir='ltr' id='par_1_54' title="bbox 364 3872 1931 3944">
     <span class='ocr_line' id='line_1_54' title="bbox 364 3872 1931 3944; baseline 0.008 -18"><span class='ocrx_word' id='word_1_397' title='bbox 364 3872 432 3926; x_wconf 69' lang='lat' dir='ltr'><strong>In</strong></span> <span class='ocrx_word' id='word_1_398' title='bbox 455 3875 796 3929; x_wconf 83' lang='lat' dir='ltr'><strong>convertenda</strong></span> <span class='ocrx_word' id='word_1_399' title='bbox 827 3877 1102 3932; x_wconf 89' lang='lat' dir='ltr'><strong>inimicum</strong></span> <span class='ocrx_word' id='word_1_400' title='bbox 1147 3897 1319 3934; x_wconf 78' lang='lat' dir='ltr'><strong>nteant</strong></span> <span class='ocrx_word' id='word_1_401' title='bbox 1366 3892 1675 3944; x_wconf 86' lang='lat' dir='ltr'><strong>retrorsum.</strong></span> <span class='ocrx_word' id='word_1_402' title='bbox 1718 3895 1822 3939; x_wconf 87' lang='lat' dir='ltr'><strong>etc.</strong></span> <span class='ocrx_word' id='word_1_403' title='bbox 1857 3884 1931 3939; x_wconf 89' lang='lat' dir='ltr'><strong>De</strong></span> 
     </span>
    </p>
   </div>
   <div class='ocr_carea' id='block_1_55' title="bbox 360 3966 1927 4036">
    <p class='ocr_par' dir='ltr' id='par_1_55' title="bbox 360 3966 1927 4036">
     <span class='ocr_line' id='line_1_55' title="bbox 360 3966 1927 4036; baseline 0.008 -17"><span class='ocrx_word' id='word_1_404' title='bbox 360 3966 688 4036; x_wconf 82' lang='lat' dir='ltr'><strong>quibusnam</strong></span> <span class='ocrx_word' id='word_1_405' title='bbox 714 3968 988 4025; x_wconf 82' lang='lat' dir='ltr'><strong>confessio</strong></span> <span class='ocrx_word' id='word_1_406' title='bbox 1018 3972 1087 4026; x_wconf 91' lang='lat' dir='ltr'><strong>sit</strong></span> <span class='ocrx_word' id='word_1_407' title='bbox 1128 3972 1386 4029; x_wconf 85' lang='lat' dir='ltr'><strong>declarat.</strong></span> <span class='ocrx_word' id='word_1_408' title='bbox 1424 3976 1708 4031; x_wconf 85' lang='lat' dir='ltr'><strong>inimicum</strong></span> <span class='ocrx_word' id='word_1_409' title='bbox 1749 3987 1927 4032; x_wconf 87' lang='lat' dir='ltr'><strong>autem</strong></span> 
     </span>
    </p>
   </div>
   <div class='ocr_carea' id='block_1_56' title="bbox 357 4056 1927 4135">
    <p class='ocr_par' dir='ltr' id='par_1_56' title="bbox 357 4056 1927 4135">
     <span class='ocr_line' id='line_1_56' title="bbox 357 4056 1927 4135; baseline 0.008 -26"><span class='ocrx_word' id='word_1_410' title='bbox 357 4056 498 4125; x_wconf 82' lang='lat' dir='ltr'><strong>ejus,</strong></span> <span class='ocrx_word' id='word_1_411' title='bbox 528 4070 763 4115; x_wconf 88' lang='lat' dir='ltr'><strong>mortem</strong></span> <span class='ocrx_word' id='word_1_412' title='bbox 801 4077 922 4116; x_wconf 80' lang='lat' dir='ltr'><strong>esse</strong></span> <span class='ocrx_word' id='word_1_413' title='bbox 953 4061 1047 4124; x_wconf 82' lang='lat' dir='ltr'><strong>ait,</strong></span> <span class='ocrx_word' id='word_1_414' title='bbox 1085 4080 1206 4134; x_wconf 62' lang='lat' dir='ltr'><strong>qua:</strong></span> <span class='ocrx_word' id='word_1_415' title='bbox 1238 4074 1539 4120; x_wconf 83' lang='lat' dir='ltr'><strong>retrorsum</strong></span> <span class='ocrx_word' id='word_1_416' title='bbox 1574 4069 1927 4135; x_wconf 82' lang='lat' dir='ltr'><strong>convertitur,</strong></span> 
     </span>
    </p>
   </div>
   <div class='ocr_carea' id='block_1_57' title="bbox 358 4148 1034 4213">
    <p class='ocr_par' dir='ltr' id='par_1_57' title="bbox 358 4148 1034 4213">
     <span class='ocr_line' id='line_1_57' title="bbox 358 4148 1034 4213; baseline 0.009 -12"><span class='ocrx_word' id='word_1_417' title='bbox 358 4148 631 4213; x_wconf 80' lang='lat' dir='ltr'><strong>videlicet,</strong></span> <span class='ocrx_word' id='word_1_418' title='bbox 662 4151 729 4205; x_wconf 84' lang='lat' dir='ltr'><strong>ad</strong></span> <span class='ocrx_word' id='word_1_419' title='bbox 758 4168 864 4205; x_wconf 89' lang='lat' dir='ltr'><strong>non</strong></span> <span class='ocrx_word' id='word_1_420' title='bbox 894 4169 1034 4209; x_wconf 86' lang='lat' dir='ltr'><strong>esse.</strong></span> 
     </span>
    </p>
   </div>
   <div class='ocr_carea' id='block_1_58' title="bbox 428 4240 1924 4318">
    <p class='ocr_par' dir='ltr' id='par_1_58' title="bbox 428 4240 1924 4318">
     <span class='ocr_line' id='line_1_58' title="bbox 428 4240 1924 4318; baseline 0.006 -23"><span class='ocrx_word' id='word_1_421' title='bbox 428 4242 482 4295; x_wconf 73' lang='grc'><strong>4.</strong></span> <span class='ocrx_word' id='word_1_422' title='bbox 514 4240 939 4311; x_wconf 80' lang='lat' dir='ltr'><strong>Inﬁrmabuntur</strong></span> <span class='ocrx_word' id='word_1_423' title='bbox 960 4256 1009 4299; x_wconf 86' lang='lat' dir='ltr'><strong>et</strong></span> <span class='ocrx_word' id='word_1_424' title='bbox 1039 4248 1280 4315; x_wconf 83' lang='lat' dir='ltr'><strong>peribunt</strong></span> <span class='ocrx_word' id='word_1_425' title='bbox 1313 4265 1345 4300; x_wconf 93' lang='lat' dir='ltr'><strong>a</strong></span> <span class='ocrx_word' id='word_1_426' title='bbox 1375 4250 1510 4318; x_wconf 79' lang='lat' dir='ltr'><strong>facie</strong></span> <span class='ocrx_word' id='word_1_427' title='bbox 1534 4261 1645 4305; x_wconf 75' lang='lat' dir='ltr'><strong>tua.</strong></span> <span class='ocrx_word' id='word_1_428' title='bbox 1674 4250 1924 4317; x_wconf 81' lang='lat' dir='ltr'><strong>Quando,</strong></span> 
     </span>
    </p>
   </div>
   <div class='ocr_carea' id='block_1_59' title="bbox 357 4332 1928 4405">
    <p class='ocr_par' dir='ltr' id='par_1_59' title="bbox 357 4332 1928 4405">
     <span class='ocr_line' id='line_1_59' title="bbox 357 4332 1928 4405; baseline 0.008 -20"><span class='ocrx_word' id='word_1_429' title='bbox 357 4332 451 4399; x_wconf 87' lang='lat' dir='ltr'><strong>ait,</strong></span> <span class='ocrx_word' id='word_1_430' title='bbox 480 4343 780 4391; x_wconf 89' lang='lat' dir='ltr'><strong>retrorsum</strong></span> <span class='ocrx_word' id='word_1_431' title='bbox 807 4353 957 4394; x_wconf 83' lang='lat' dir='ltr'><strong>mors</strong></span> <span class='ocrx_word' id='word_1_432' title='bbox 981 4350 1347 4405; x_wconf 79' lang='lat' dir='ltr'><strong>convertetur,</strong></span> <span class='ocrx_word' id='word_1_433' title='bbox 1380 4351 1495 4396; x_wconf 88' lang='lat' dir='ltr'><strong>tum</strong></span> <span class='ocrx_word' id='word_1_434' title='bbox 1527 4344 1705 4399; x_wconf 91' lang='lat' dir='ltr'><strong>omnis</strong></span> <span class='ocrx_word' id='word_1_435' title='bbox 1742 4343 1928 4400; x_wconf 90' lang='lat' dir='ltr'><strong>adver-</strong></span> 
     </span>
    </p>
   </div>
   <div class='ocr_carea' id='block_1_60' title="bbox 356 4424 1921 4496">
    <p class='ocr_par' dir='ltr' id='par_1_60' title="bbox 356 4424 1921 4496">
     <span class='ocr_line' id='line_1_60' title="bbox 356 4424 1921 4496; baseline 0.008 -18"><span class='ocrx_word' id='word_1_436' title='bbox 356 4424 500 4479; x_wconf 89' lang='lat' dir='ltr'><strong>saria</strong></span> <span class='ocrx_word' id='word_1_437' title='bbox 542 4438 783 4496; x_wconf 80' lang='lat' dir='ltr'><strong>potestas</strong></span> <span class='ocrx_word' id='word_1_438' title='bbox 820 4430 1169 4495; x_wconf 84' lang='lat' dir='ltr'><strong>destruetur;</strong></span> <span class='ocrx_word' id='word_1_439' title='bbox 1217 4448 1341 4486; x_wconf 88' lang='lat' dir='ltr'><strong>nam</strong></span> <span class='ocrx_word' id='word_1_440' title='bbox 1374 4434 1418 4488; x_wconf 91' lang='lat' dir='ltr'><strong>si</strong></span> <span class='ocrx_word' id='word_1_441' title='bbox 1455 4435 1644 4491; x_wconf 89' lang='lat' dir='ltr'><strong>ultima</strong></span> <span class='ocrx_word' id='word_1_442' title='bbox 1677 4437 1921 4491; x_wconf 89' lang='lat' dir='ltr'><strong>omnium</strong></span> 
     </span>
    </p>
   </div>
   <div class='ocr_carea' id='block_1_61' title="bbox 2049 1960 3623 2033">
    <p class='ocr_par' dir='ltr' id='par_1_61' title="bbox 2049 1960 3623 2033">
     <span class='ocr_line' id='line_1_61' title="bbox 2049 1960 3623 2033; baseline 0.003 -21"><span class='ocrx_word' id='word_1_443' title='bbox 2049 1975 2165 2013; x_wconf 87' lang='grc' dir='ltr'><strong>σου</strong></span> <span class='ocrx_word' id='word_1_444' title='bbox 2193 1960 2264 2013; x_wconf 77' lang='grc' dir='ltr'>ἐν</span> <span class='ocrx_word' id='word_1_445' title='bbox 2285 1960 2451 2029; x_wconf 77' lang='grc' dir='ltr'>πάσῃ</span> <span class='ocrx_word' id='word_1_446' title='bbox 2478 1961 2553 2029; x_wconf 77' lang='grc' dir='ltr'>τῇ</span> <span class='ocrx_word' id='word_1_447' title='bbox 2574 1960 2653 2032; x_wconf 74' lang='grc' dir='ltr'><strong>γῇ</strong></span> <span class='ocrx_word' id='word_1_448' title='bbox 2675 1962 2696 2014; x_wconf 92' lang='lat'><strong>.&#39;</strong></span> <span class='ocrx_word' id='word_1_449' title='bbox 2732 1961 3146 2033; x_wconf 82' lang='grc' dir='ltr'>Ἀναλαμϐάνων</span> <span class='ocrx_word' id='word_1_450' title='bbox 3176 1962 3623 2029; x_wconf 78' lang='grc' dir='ltr'>ἀναδιπλασιάζει</span> 
     </span>
    </p>
   </div>
   <div class='ocr_carea' id='block_1_62' title="bbox 2047 2050 3620 2128">
    <p class='ocr_par' dir='ltr' id='par_1_62' title="bbox 2047 2050 3620 2128">
     <span class='ocr_line' id='line_1_62' title="bbox 2047 2050 3620 2128; baseline 0.003 -25"><span class='ocrx_word' id='word_1_451' title='bbox 2047 2050 2108 2103; x_wconf 84' lang='grc' dir='ltr'><strong>τὸ</strong></span> <span class='ocrx_word' id='word_1_452' title='bbox 2136 2050 2320 2122; x_wconf 79' lang='grc' dir='ltr'>θαῦμα</span> <span class='ocrx_word' id='word_1_453' title='bbox 2342 2051 2795 2123; x_wconf 80' lang='grc' dir='ltr'><strong>ἐκπληττόμενος,</strong></span> <span class='ocrx_word' id='word_1_454' title='bbox 2825 2054 2900 2117; x_wconf 82' lang='grc' dir='ltr'>ὼς</span> <span class='ocrx_word' id='word_1_455' title='bbox 2929 2052 3086 2125; x_wconf 76' lang='grc' dir='ltr'>ἔφην,</span> <span class='ocrx_word' id='word_1_456' title='bbox 3123 2053 3215 2107; x_wconf 73' lang='grc' dir='ltr'>ἐπὶ</span> <span class='ocrx_word' id='word_1_457' title='bbox 3245 2056 3312 2126; x_wconf 80' lang='grc' dir='ltr'>τῇ</span> <span class='ocrx_word' id='word_1_458' title='bbox 3352 2054 3620 2128; x_wconf 83' lang='grc' dir='ltr'><strong>γενομένῃ</strong></span> 
     </span>
    </p>
   </div>
   <div class='ocr_carea' id='block_1_63' title="bbox 2048 2139 2825 2214">
    <p class='ocr_par' dir='ltr' id='par_1_63' title="bbox 2048 2139 2825 2214">
     <span class='ocr_line' id='line_1_63' title="bbox 2048 2139 2825 2214; baseline 0.003 -21"><span class='ocrx_word' id='word_1_459' title='bbox 2048 2140 2155 2194; x_wconf 86' lang='grc' dir='ltr'><strong>τῶν</strong></span> <span class='ocrx_word' id='word_1_460' title='bbox 2186 2139 2486 2213; x_wconf 85' lang='grc' dir='ltr'>ἀνθρώπων</span> <span class='ocrx_word' id='word_1_461' title='bbox 2510 2141 2825 2214; x_wconf 77' lang='grc' dir='ltr'>θεογνωσίᾳ.</span> 
     </span>
    </p>
   </div>
   <div class='ocr_carea' id='block_1_64' title="bbox 2187 2232 3510 2304">
    <p class='ocr_par' dir='ltr' id='par_1_64' title="bbox 2187 2232 3510 2304">
     <span class='ocr_line' id='line_1_64' title="bbox 2187 2232 3510 2304; baseline 0.002 -18"><span class='ocrx_word' id='word_1_462' title='bbox 2187 2235 2292 2297; x_wconf 77' lang='grc' dir='ltr'><strong>Εἰς</strong></span> <span class='ocrx_word' id='word_1_463' title='bbox 2317 2232 2384 2286; x_wconf 83' lang='grc' dir='ltr'><strong>τὸ</strong></span> <span class='ocrx_word' id='word_1_464' title='bbox 2415 2233 2609 2300; x_wconf 73' lang='grc' dir='ltr'>τέλος,</span> <span class='ocrx_word' id='word_1_465' title='bbox 2633 2235 2786 2303; x_wconf 80' lang='grc' dir='ltr'>ὑπὲρ</span> <span class='ocrx_word' id='word_1_466' title='bbox 2806 2234 2924 2289; x_wconf 83' lang='grc' dir='ltr'><strong>τῶν</strong></span> <span class='ocrx_word' id='word_1_467' title='bbox 2938 2236 3205 2304; x_wconf 73' lang='grc' dir='ltr'>κρυφίων</span> <span class='ocrx_word' id='word_1_468' title='bbox 3223 2234 3329 2290; x_wconf 86' lang='grc' dir='ltr'>τοῦ</span> <span class='ocrx_word' id='word_1_469' title='bbox 3355 2233 3510 2303; x_wconf 73' lang='grc' dir='ltr'>υἱοῦ,</span> 
     </span>
    </p>
   </div>
   <div class='ocr_carea' id='block_1_65' title="bbox 2463 2326 3209 2393">
    <p class='ocr_par' dir='ltr' id='par_1_65' title="bbox 2463 2326 3209 2393">
     <span class='ocr_line' id='line_1_65' title="bbox 2463 2326 3209 2393; baseline 0.003 -14"><span class='ocrx_word' id='word_1_470' title='bbox 2463 2329 2771 2380; x_wconf 81' lang='grc' dir='ltr'><strong>ΨΑΛΜΟΣ</strong></span> <span class='ocrx_word' id='word_1_471' title='bbox 2798 2326 2878 2393; x_wconf 85' lang='grc' dir='ltr'>τῷ</span> <span class='ocrx_word' id='word_1_472' title='bbox 2900 2327 3098 2381; x_wconf 83' lang='grc' dir='ltr'>Δαυΐδ.</span> <span class='ocrx_word' id='word_1_473' title='bbox 3134 2329 3209 2381; x_wconf 74' lang='grc' dir='ltr'><strong>θ’.</strong></span> 
     </span>
    </p>
   </div>
   <div class='ocr_carea' id='block_1_66' title="bbox 2673 2419 2996 2484">
    <p class='ocr_par' dir='ltr' id='par_1_66' title="bbox 2673 2419 2996 2484">
     <span class='ocr_line' id='line_1_66' title="bbox 2673 2419 2996 2484; baseline 0.003 -13"><span class='ocrx_word' id='word_1_474' title='bbox 2673 2419 2996 2484; x_wconf 78' lang='grc' dir='ltr'>Ύπόθεσις.</span> 
     </span>
    </p>
   </div>
   <div class='ocr_carea' id='block_1_67' title="bbox 2046 2510 3617 2583">
    <p class='ocr_par' dir='ltr' id='par_1_67' title="bbox 2046 2510 3617 2583">
     <span class='ocr_line' id='line_1_67' title="bbox 2046 2510 3617 2583; baseline 0.001 -20"><span class='ocrx_word' id='word_1_475' title='bbox 2046 2511 2143 2565; x_wconf 69' lang='grc' dir='ltr'><strong>Διὰ</strong></span> <span class='ocrx_word' id='word_1_476' title='bbox 2174 2510 2358 2565; x_wconf 83' lang='grc' dir='ltr'>τούτου</span> <span class='ocrx_word' id='word_1_477' title='bbox 2391 2510 2486 2565; x_wconf 82' lang='grc' dir='ltr'>τοῦ</span> <span class='ocrx_word' id='word_1_478' title='bbox 2512 2511 2727 2582; x_wconf 74' lang='grc' dir='ltr'>ψαλμοῦ</span> <span class='ocrx_word' id='word_1_479' title='bbox 2759 2512 2828 2565; x_wconf 85' lang='grc' dir='ltr'><strong>τὰ</strong></span> <span class='ocrx_word' id='word_1_480' title='bbox 2867 2510 3112 2583; x_wconf 78' lang='grc' dir='ltr'><strong>κρυφίως</strong></span> <span class='ocrx_word' id='word_1_481' title='bbox 3147 2510 3510 2582; x_wconf 84' lang='grc' dir='ltr'>πεπραγμένα</span> <span class='ocrx_word' id='word_1_482' title='bbox 3536 2510 3617 2582; x_wconf 84' lang='grc' dir='ltr'>τῷ</span> 
     </span>
    </p>
   </div>
   <div class='ocr_carea' id='block_1_68' title="bbox 2117 2597 3619 2675">
    <p class='ocr_par' dir='ltr' id='par_1_68' title="bbox 2117 2597 3619 2675">
     <span class='ocr_line' id='line_1_68' title="bbox 2117 2597 3619 2675; baseline 0.001 -20"><span class='ocrx_word' id='word_1_483' title='bbox 2117 2602 2330 2673; x_wconf 80' lang='grc' dir='ltr'><strong>Σωτῆρι</strong></span> <span class='ocrx_word' id='word_1_484' title='bbox 2356 2601 2526 2672; x_wconf 85' lang='grc' dir='ltr'>δηλοῖ.</span> <span class='ocrx_word' id='word_1_485' title='bbox 2549 2601 2724 2655; x_wconf 83' lang='grc' dir='ltr'>Πολλὰ</span> <span class='ocrx_word' id='word_1_486' title='bbox 2756 2602 2812 2655; x_wconf 80' lang='grc' dir='ltr'><strong>δὲ</strong></span> <span class='ocrx_word' id='word_1_487' title='bbox 2837 2597 2906 2674; x_wconf 77' lang='grc' dir='ltr'>ἦν</span> <span class='ocrx_word' id='word_1_488' title='bbox 2928 2601 3075 2674; x_wconf 85' lang='grc' dir='ltr'>αὑτῷ</span> <span class='ocrx_word' id='word_1_489' title='bbox 3108 2600 3175 2655; x_wconf 86' lang='grc' dir='ltr'>τὰ</span> <span class='ocrx_word' id='word_1_490' title='bbox 3193 2600 3434 2673; x_wconf 82' lang='grc' dir='ltr'>κρυφίως</span> <span class='ocrx_word' id='word_1_491' title='bbox 3450 2618 3619 2675; x_wconf 73' lang='grc' dir='ltr'><strong>ἰιερατ⁸</strong></span> 
     </span>
    </p>
   </div>
   <div class='ocr_carea' id='block_1_69' title="bbox 2114 2690 3614 2764">
    <p class='ocr_par' dir='ltr' id='par_1_69' title="bbox 2114 2690 3614 2764">
     <span class='ocr_line' id='line_1_69' title="bbox 2114 2690 3614 2764; baseline 0 -19"><span class='ocrx_word' id='word_1_492' title='bbox 2114 2692 2317 2764; x_wconf 83' lang='grc' dir='ltr'>τόμενα</span> <span class='ocrx_word' id='word_1_493' title='bbox 2339 2709 2351 2721; x_wconf 92' lang='grc'><strong>·</strong></span> <span class='ocrx_word' id='word_1_494' title='bbox 2384 2694 2419 2764; x_wconf 79' lang='grc' dir='ltr'><strong>ἦ</strong></span> <span class='ocrx_word' id='word_1_495' title='bbox 2462 2710 2521 2746; x_wconf 89' lang='grc' dir='ltr'><strong>τε</strong></span> <span class='ocrx_word' id='word_1_496' title='bbox 2566 2694 2632 2745; x_wconf 73' lang='grc' dir='ltr'>ὲκ</span> <span class='ocrx_word' id='word_1_497' title='bbox 2669 2691 2944 2764; x_wconf 78' lang='grc' dir='ltr'>Παρθένου</span> <span class='ocrx_word' id='word_1_498' title='bbox 2977 2690 3065 2745; x_wconf 80' lang='grc' dir='ltr'>διὰ</span> <span class='ocrx_word' id='word_1_499' title='bbox 3098 2691 3413 2762; x_wconf 80' lang='grc' dir='ltr'>Πνεύματος</span> <span class='ocrx_word' id='word_1_500' title='bbox 3457 2691 3614 2761; x_wconf 77' lang='grc' dir='ltr'>ἁγίου</span> 
     </span>
    </p>
   </div>
   <div class='ocr_carea' id='block_1_70' title="bbox 2114 2784 3612 2857">
    <p class='ocr_par' dir='ltr' id='par_1_70' title="bbox 2114 2784 3612 2857">
     <span class='ocr_line' id='line_1_70' title="bbox 2114 2784 3612 2857; baseline 0.001 -19"><span class='ocrx_word' id='word_1_501' title='bbox 2114 2785 2256 2839; x_wconf 74' lang='grc' dir='ltr'>κατὰ</span> <span class='ocrx_word' id='word_1_502' title='bbox 2288 2785 2468 2857; x_wconf 84' lang='grc' dir='ltr'>σάρκα</span> <span class='ocrx_word' id='word_1_503' title='bbox 2489 2786 2765 2856; x_wconf 82' lang='grc' dir='ltr'>γέννησις,</span> <span class='ocrx_word' id='word_1_504' title='bbox 2795 2785 2856 2839; x_wconf 82' lang='grc' dir='ltr'>αϊ</span> <span class='ocrx_word' id='word_1_505' title='bbox 2878 2803 2936 2837; x_wconf 88' lang='grc' dir='ltr'><strong>τε</strong></span> <span class='ocrx_word' id='word_1_506' title='bbox 2962 2784 3251 2856; x_wconf 79' lang='grc' dir='ltr'>παράδοξοι</span> <span class='ocrx_word' id='word_1_507' title='bbox 3279 2786 3373 2839; x_wconf 73' lang='grc' dir='ltr'><strong>καὶ</strong></span> <span class='ocrx_word' id='word_1_508' title='bbox 3397 2785 3496 2839; x_wconf 88' lang='grc' dir='ltr'><strong>θαυ</strong></span> <span class='ocrx_word' id='word_1_509' title='bbox 3506 2802 3612 2856; x_wconf 90' lang='grc' dir='ltr'>μα-</span> 
     </span>
    </p>
   </div>
   <div class='ocr_carea' id='block_1_71' title="bbox 2112 2873 3615 2947">
    <p class='ocr_par' dir='ltr' id='par_1_71' title="bbox 2112 2873 3615 2947">
     <span class='ocr_line' id='line_1_71' title="bbox 2112 2873 3615 2947; baseline 0 -20"><span class='ocrx_word' id='word_1_510' title='bbox 2112 2876 2332 2947; x_wconf 82' lang='grc' dir='ltr'>τουργοὶ</span> <span class='ocrx_word' id='word_1_511' title='bbox 2352 2875 2641 2945; x_wconf 82' lang='grc' dir='ltr'>δυνάμεις,</span> <span class='ocrx_word' id='word_1_512' title='bbox 2677 2875 2781 2927; x_wconf 84' lang='grc' dir='ltr'>ὅτε</span> <span class='ocrx_word' id='word_1_513' title='bbox 2822 2873 3050 2936; x_wconf 84' lang='grc' dir='ltr'>θάνατος</span> <span class='ocrx_word' id='word_1_514' title='bbox 3082 2873 3244 2936; x_wconf 82' lang='grc' dir='ltr'>αὐτὸς</span> <span class='ocrx_word' id='word_1_515' title='bbox 3271 2914 3285 2940; x_wconf 95' lang='grc'><strong>,</strong></span> <span class='ocrx_word' id='word_1_516' title='bbox 3331 2875 3424 2927; x_wconf 72' lang='grc' dir='ltr'><strong>καὶ</strong></span> <span class='ocrx_word' id='word_1_517' title='bbox 3473 2874 3615 2944; x_wconf 83' lang='grc' dir='ltr'>ήείς</span> 
     </span>
    </p>
   </div>
   <div class='ocr_carea' id='block_1_72' title="bbox 2114 2966 3613 3039">
    <p class='ocr_par' dir='ltr' id='par_1_72' title="bbox 2114 2966 3613 3039">
     <span class='ocr_line' id='line_1_72' title="bbox 2114 2966 3613 3039; baseline 0 -19"><span class='ocrx_word' id='word_1_518' title='bbox 2114 2967 2238 3039; x_wconf 75' lang='grc' dir='ltr'>ᾅδου</span> <span class='ocrx_word' id='word_1_519' title='bbox 2269 2968 2512 3033; x_wconf 78' lang='grc' dir='ltr'><strong>κάθοδος,</strong></span> <span class='ocrx_word' id='word_1_520' title='bbox 2545 2968 2641 3022; x_wconf 72' lang='grc' dir='ltr'><strong>κτιύ¹</strong></span> <span class='ocrx_word' id='word_1_521' title='bbox 2670 2969 2783 3038; x_wconf 78' lang='grc' dir='ltr'><strong>ήὲκ</strong></span> <span class='ocrx_word' id='word_1_522' title='bbox 2812 2967 3022 3038; x_wconf 79' lang='grc' dir='ltr'>νεκρῶν</span> <span class='ocrx_word' id='word_1_523' title='bbox 3065 2966 3378 3031; x_wconf 76' lang='grc' dir='ltr'>ἀναϐίωσις.</span> <span class='ocrx_word' id='word_1_524' title='bbox 3428 2966 3613 3020; x_wconf 82' lang='grc' dir='ltr'>Ταῦτα</span> 
     </span>
    </p>
   </div>
   <div class='ocr_carea' id='block_1_73' title="bbox 2111 3057 3612 3130">
    <p class='ocr_par' dir='ltr' id='par_1_73' title="bbox 2111 3057 3612 3130">
     <span class='ocr_line' id='line_1_73' title="bbox 2111 3057 3612 3130; baseline 0.001 -19"><span class='ocrx_word' id='word_1_525' title='bbox 2111 3058 2219 3130; x_wconf 84' lang='grc' dir='ltr'><strong>γὰρ</strong></span> <span class='ocrx_word' id='word_1_526' title='bbox 2242 3058 2419 3112; x_wconf 83' lang='grc' dir='ltr'>πάντα</span> <span class='ocrx_word' id='word_1_527' title='bbox 2452 3058 2695 3128; x_wconf 82' lang='grc' dir='ltr'>κρυφίως</span> <span class='ocrx_word' id='word_1_528' title='bbox 2722 3057 2870 3129; x_wconf 78' lang='grc' dir='ltr'>αὐτῷ</span> <span class='ocrx_word' id='word_1_529' title='bbox 2911 3058 3243 3127; x_wconf 79' lang='grc' dir='ltr'>πέπρακται.</span> <span class='ocrx_word' id='word_1_530' title='bbox 3302 3057 3612 3130; x_wconf 78' lang='grc' dir='ltr'>’Δπέκρυψε</span> 
     </span>
    </p>
   </div>
   <div class='ocr_carea' id='block_1_74' title="bbox 2111 3147 3606 3220">
    <p class='ocr_par' dir='ltr' id='par_1_74' title="bbox 2111 3147 3606 3220">
     <span class='ocr_line' id='line_1_74' title="bbox 2111 3147 3606 3220; baseline -0.001 -17"><span class='ocrx_word' id='word_1_531' title='bbox 2111 3148 2221 3220; x_wconf 80' lang='grc' dir='ltr'>γὰρ</span> <span class='ocrx_word' id='word_1_532' title='bbox 2263 3149 2402 3202; x_wconf 77' lang='grc' dir='ltr'>αὐτὰ</span> <span class='ocrx_word' id='word_1_533' title='bbox 2434 3149 2528 3202; x_wconf 73' lang='grc' dir='ltr'><strong>καὶ</strong></span> <span class='ocrx_word' id='word_1_534' title='bbox 2547 3150 2671 3212; x_wconf 82' lang='grc' dir='ltr'>τοὺς</span> <span class='ocrx_word' id='word_1_535' title='bbox 2718 3147 2986 3219; x_wconf 78' lang='grc' dir='ltr'>ἄρχοντας</span> <span class='ocrx_word' id='word_1_536' title='bbox 3037 3148 3131 3202; x_wconf 81' lang='grc' dir='ltr'>τοῦ</span> <span class='ocrx_word' id='word_1_537' title='bbox 3162 3149 3365 3220; x_wconf 83' lang='grc' dir='ltr'>κόσμου</span> <span class='ocrx_word' id='word_1_538' title='bbox 3396 3147 3606 3202; x_wconf 83' lang='grc' dir='ltr'>τούτου.</span> 
     </span>
    </p>
   </div>
   <div class='ocr_carea' id='block_1_75' title="bbox 2119 3239 3612 3313">
    <p class='ocr_par' dir='ltr' id='par_1_75' title="bbox 2119 3239 3612 3313">
     <span class='ocr_line' id='line_1_75' title="bbox 2119 3239 3612 3313; baseline 0 -20"><span class='ocrx_word' id='word_1_539' title='bbox 2119 3241 2288 3313; x_wconf 82' lang='grc' dir='ltr'>’Υπὲρ</span> <span class='ocrx_word' id='word_1_540' title='bbox 2308 3241 2370 3311; x_wconf 79' lang='grc' dir='ltr'>δὴ</span> <span class='ocrx_word' id='word_1_541' title='bbox 2387 3240 2591 3295; x_wconf 81' lang='grc' dir='ltr'>τούτων</span> <span class='ocrx_word' id='word_1_542' title='bbox 2606 3239 2714 3296; x_wconf 83' lang='grc' dir='ltr'>τῶν</span> <span class='ocrx_word' id='word_1_543' title='bbox 2734 3241 2979 3313; x_wconf 88' lang='grc' dir='ltr'>κρυφίων</span> <span class='ocrx_word' id='word_1_544' title='bbox 3003 3243 3032 3294; x_wconf 84' lang='grc' dir='ltr'>ὁ</span> <span class='ocrx_word' id='word_1_545' title='bbox 3055 3242 3340 3313; x_wconf 75' lang='grc' dir='ltr'><strong>προφήτης</strong></span> <span class='ocrx_word' id='word_1_546' title='bbox 3359 3241 3422 3294; x_wconf 82' lang='grc' dir='ltr'>ὲκ</span> <span class='ocrx_word' id='word_1_547' title='bbox 3441 3256 3612 3311; x_wconf 73' lang='lat'><strong>1:900-</strong></span> 
     </span>
    </p>
   </div>
   <div class='ocr_carea' id='block_1_76' title="bbox 2106 3331 3611 3404">
    <p class='ocr_par' dir='ltr' id='par_1_76' title="bbox 2106 3331 3611 3404">
     <span class='ocr_line' id='line_1_76' title="bbox 2106 3331 3611 3404; baseline 0.001 -20"><span class='ocrx_word' id='word_1_548' title='bbox 2106 3332 2256 3385; x_wconf 81' lang='grc' dir='ltr'>ὡπου</span> <span class='ocrx_word' id='word_1_549' title='bbox 2289 3332 2390 3402; x_wconf 72' lang='grc' dir='ltr'>τῆς</span> <span class='ocrx_word' id='word_1_550' title='bbox 2439 3332 2858 3403; x_wconf 82' lang='grc' dir='ltr'>ἁνθρωπότητος</span> <span class='ocrx_word' id='word_1_551' title='bbox 2910 3332 3219 3404; x_wconf 79' lang='grc' dir='ltr'>εἰσέρχεται</span> <span class='ocrx_word' id='word_1_552' title='bbox 3274 3331 3611 3404; x_wconf 80' lang='grc' dir='ltr'>εὐχαριστῶν</span> 
     </span>
    </p>
   </div>
   <div class='ocr_carea' id='block_1_77' title="bbox 2105 3421 3610 3492">
    <p class='ocr_par' dir='ltr' id='par_1_77' title="bbox 2105 3421 3610 3492">
     <span class='ocr_line' id='line_1_77' title="bbox 2105 3421 3610 3492; baseline 0.001 -17"><span class='ocrx_word' id='word_1_553' title='bbox 2105 3423 2198 3475; x_wconf 77' lang='grc' dir='ltr'><strong>καὶ</strong></span> <span class='ocrx_word' id='word_1_554' title='bbox 2226 3421 2427 3491; x_wconf 79' lang='grc' dir='ltr'>λέγων’</span> <span class='ocrx_word' id='word_1_555' title='bbox 2474 3421 3027 3491; x_wconf 74' lang='grc' dir='ltr'>Ἐξομολογήσομαί</span> <span class='ocrx_word' id='word_1_556' title='bbox 3053 3440 3172 3486; x_wconf 83' lang='grc' dir='ltr'>σοι,</span> <span class='ocrx_word' id='word_1_557' title='bbox 3201 3422 3396 3492; x_wconf 83' lang='grc' dir='ltr'>Κύριε.</span> <span class='ocrx_word' id='word_1_558' title='bbox 3435 3421 3610 3492; x_wconf 84' lang='lat' dir='ltr'><strong>(Alius</strong></span> 
     </span>
    </p>
   </div>
   <div class='ocr_carea' id='block_1_78' title="bbox 2104 3511 3614 3584">
    <p class='ocr_par' dir='ltr' id='par_1_78' title="bbox 2104 3511 3614 3584">
     <span class='ocr_line' id='line_1_78' title="bbox 2104 3511 3614 3584; baseline 0.001 -19"><span class='ocrx_word' id='word_1_559' title='bbox 2104 3522 2281 3567; x_wconf 86' lang='lat' dir='ltr'><strong>autem</strong></span> <span class='ocrx_word' id='word_1_560' title='bbox 2303 3511 2496 3580; x_wconf 75' lang='lat' dir='ltr'><strong>codex)</strong></span> <span class='ocrx_word' id='word_1_561' title='bbox 2541 3512 2989 3584; x_wconf 81' lang='grc' dir='ltr'>Ἐπισφράγισμα</span> <span class='ocrx_word' id='word_1_562' title='bbox 3045 3512 3104 3566; x_wconf 81' lang='grc' dir='ltr'>δὲ</span> <span class='ocrx_word' id='word_1_563' title='bbox 3145 3512 3253 3566; x_wconf 86' lang='grc' dir='ltr'>τῶν</span> <span class='ocrx_word' id='word_1_564' title='bbox 3293 3512 3540 3584; x_wconf 86' lang='grc' dir='ltr'>κρυφίων</span> <span class='ocrx_word' id='word_1_565' title='bbox 3580 3514 3614 3566; x_wconf 80' lang='grc' dir='ltr'>ὁ</span> 
     </span>
    </p>
   </div>
   <div class='ocr_carea' id='block_1_79' title="bbox 2105 3603 3610 3677">
    <p class='ocr_par' dir='ltr' id='par_1_79' title="bbox 2105 3603 3610 3677">
     <span class='ocr_line' id='line_1_79' title="bbox 2105 3603 3610 3677; baseline 0.001 -20"><span class='ocrx_word' id='word_1_566' title='bbox 2105 3605 2332 3669; x_wconf 79' lang='grc' dir='ltr'>θάνατος</span> <span class='ocrx_word' id='word_1_567' title='bbox 2357 3603 2532 3659; x_wconf 79' lang='grc' dir='ltr'>καὶτὰ</span> <span class='ocrx_word' id='word_1_568' title='bbox 2562 3607 2620 3659; x_wconf 86' lang='grc' dir='ltr'>ὲν</span> <span class='ocrx_word' id='word_1_569' title='bbox 2649 3605 2774 3677; x_wconf 76' lang='grc' dir='ltr'>ᾅδου</span> <span class='ocrx_word' id='word_1_570' title='bbox 2802 3605 3135 3676; x_wconf 82' lang='grc' dir='ltr'>πραχθέντα,</span> <span class='ocrx_word' id='word_1_571' title='bbox 3166 3606 3201 3676; x_wconf 81' lang='grc' dir='ltr'><strong>ή</strong></span> <span class='ocrx_word' id='word_1_572' title='bbox 3225 3604 3520 3670; x_wconf 85' lang='grc' dir='ltr'>ἀνάστασίς</span> <span class='ocrx_word' id='word_1_573' title='bbox 3547 3621 3610 3658; x_wconf 86' lang='grc' dir='ltr'><strong>τε</strong></span> 
     </span>
    </p>
   </div>
   <div class='ocr_carea' id='block_1_80' title="bbox 2103 3696 2564 3768">
    <p class='ocr_par' dir='ltr' id='par_1_80' title="bbox 2103 3696 2564 3768">
     <span class='ocr_line' id='line_1_80' title="bbox 2103 3696 2564 3768; baseline 0.004 -19"><span class='ocrx_word' id='word_1_574' title='bbox 2103 3697 2197 3749; x_wconf 68' lang='grc' dir='ltr'><strong>καὶ</strong></span> <span class='ocrx_word' id='word_1_575' title='bbox 2221 3698 2254 3768; x_wconf 83' lang='grc' dir='ltr'>ἡ</span> <span class='ocrx_word' id='word_1_576' title='bbox 2278 3696 2564 3768; x_wconf 81' lang='grc' dir='ltr'>ἀνάληψις.</span> 
     </span>
    </p>
   </div>
   <div class='ocr_carea' id='block_1_81' title="bbox 2116 3786 3608 3858">
    <p class='ocr_par' dir='ltr' id='par_1_81' title="bbox 2116 3786 3608 3858">
     <span class='ocr_line' id='line_1_81' title="bbox 2116 3786 3608 3858; baseline 0.003 -21"><span class='ocrx_word' id='word_1_577' title='bbox 2116 3786 2658 3856; x_wconf 64' lang='grc' dir='ltr'>Ἐξομολογήσομαί</span> <span class='ocrx_word' id='word_1_578' title='bbox 2699 3802 2797 3840; x_wconf 87' lang='grc' dir='ltr'><strong>σοι</strong></span> <span class='ocrx_word' id='word_1_579' title='bbox 2821 3827 2836 3848; x_wconf 84' lang='grc'><strong>,</strong></span> <span class='ocrx_word' id='word_1_580' title='bbox 2885 3787 3093 3857; x_wconf 85' lang='grc' dir='ltr'>Κύριε,</span> <span class='ocrx_word' id='word_1_581' title='bbox 3133 3788 3203 3841; x_wconf 72' lang='grc' dir='ltr'>ἐν</span> <span class='ocrx_word' id='word_1_582' title='bbox 3232 3787 3345 3857; x_wconf 76' lang='grc' dir='ltr'><strong>ὅλῃ</strong></span> <span class='ocrx_word' id='word_1_583' title='bbox 3393 3788 3608 3858; x_wconf 77' lang='grc' dir='ltr'>καρδίᾳ</span> 
     </span>
    </p>
   </div>
   <div class='ocr_carea' id='block_1_82' title="bbox 2025 3876 3606 3949">
    <p class='ocr_par' dir='ltr' id='par_1_82' title="bbox 2025 3876 3606 3949">
     <span class='ocr_line' id='line_1_82' title="bbox 2025 3876 3606 3949; baseline 0.004 -22"><span class='ocrx_word' id='word_1_584' title='bbox 2025 3890 2146 3944; x_wconf 85' lang='grc' dir='ltr'><strong>μου</strong></span> <span class='ocrx_word' id='word_1_585' title='bbox 2172 3916 2186 3928; x_wconf 91' lang='grc'><strong>.</strong></span> <span class='ocrx_word' id='word_1_586' title='bbox 2215 3913 2230 3929; x_wconf 93' lang='grc'><strong>.</strong></span> <span class='ocrx_word' id='word_1_587' title='bbox 2266 3917 2279 3929; x_wconf 94' lang='grc'><strong>.</strong></span> <span class='ocrx_word' id='word_1_588' title='bbox 2319 3917 2332 3930; x_wconf 91' lang='grc'><strong>.</strong></span> <span class='ocrx_word' id='word_1_589' title='bbox 2368 3876 2437 3930; x_wconf 84' lang='grc' dir='ltr'>ἐν</span> <span class='ocrx_word' id='word_1_590' title='bbox 2479 3877 2561 3943; x_wconf 86' lang='grc' dir='ltr'>τῷ</span> <span class='ocrx_word' id='word_1_591' title='bbox 2597 3878 3060 3949; x_wconf 64' lang='grc' dir='ltr'>ἀποστραφῆναι</span> <span class='ocrx_word' id='word_1_592' title='bbox 3087 3878 3193 3932; x_wconf 86' lang='grc' dir='ltr'>τὸν</span> <span class='ocrx_word' id='word_1_593' title='bbox 3222 3879 3440 3947; x_wconf 81' lang='grc' dir='ltr'>ἐχθρόν</span> <span class='ocrx_word' id='word_1_594' title='bbox 3485 3896 3606 3949; x_wconf 83' lang='grc' dir='ltr'><strong>μου</strong></span> 
     </span>
    </p>
   </div>
   <div class='ocr_carea' id='block_1_83' title="bbox 2030 3968 3603 4042">
    <p class='ocr_par' dir='ltr' id='par_1_83' title="bbox 2030 3968 3603 4042">
     <span class='ocr_line' id='line_1_83' title="bbox 2030 3968 3603 4042; baseline 0.004 -23"><span class='ocrx_word' id='word_1_595' title='bbox 2030 3968 2118 4031; x_wconf 77' lang='grc' dir='ltr'>εἰς</span> <span class='ocrx_word' id='word_1_596' title='bbox 2142 3968 2215 4020; x_wconf 82' lang='grc' dir='ltr'>τὰ</span> <span class='ocrx_word' id='word_1_597' title='bbox 2266 3968 2478 4021; x_wconf 83' lang='grc' dir='ltr'>ὀπίσω.</span> <span class='ocrx_word' id='word_1_598' title='bbox 2535 3969 2658 4024; x_wconf 80' lang='grc' dir='ltr'><strong>Ἐπὶ</strong></span> <span class='ocrx_word' id='word_1_599' title='bbox 2710 3971 2851 4023; x_wconf 77' lang='grc' dir='ltr'>τίσιν</span> <span class='ocrx_word' id='word_1_600' title='bbox 2901 3973 2933 4041; x_wconf 80' lang='grc' dir='ltr'><strong>ἡ</strong></span> <span class='ocrx_word' id='word_1_601' title='bbox 2993 3969 3376 4042; x_wconf 80' lang='grc' dir='ltr'>ἐξομολόγησις</span> <span class='ocrx_word' id='word_1_602' title='bbox 3434 3969 3603 4040; x_wconf 85' lang='grc' dir='ltr'>δηλοῖ.</span> 
     </span>
    </p>
   </div>
   <div class='ocr_carea' id='block_1_84' title="bbox 2044 4056 3608 4134">
    <p class='ocr_par' dir='ltr' id='par_1_84' title="bbox 2044 4056 3608 4134">
     <span class='ocr_line' id='line_1_84' title="bbox 2044 4056 3608 4134; baseline 0.005 -24"><span class='ocrx_word' id='word_1_603' title='bbox 2044 4056 2266 4128; x_wconf 82' lang='grc' dir='ltr'>Ἐχορὸν</span> <span class='ocrx_word' id='word_1_604' title='bbox 2298 4058 2354 4111; x_wconf 78' lang='grc' dir='ltr'>δὲ</span> <span class='ocrx_word' id='word_1_605' title='bbox 2389 4059 2553 4112; x_wconf 78' lang='grc' dir='ltr'>αὑτοῦ</span> <span class='ocrx_word' id='word_1_606' title='bbox 2594 4060 2686 4114; x_wconf 68' lang='grc' dir='ltr'><strong>τὸν</strong></span> <span class='ocrx_word' id='word_1_607' title='bbox 2726 4061 2954 4117; x_wconf 86' lang='grc' dir='ltr'>θάνατον</span> <span class='ocrx_word' id='word_1_608' title='bbox 2983 4057 3123 4116; x_wconf 76' lang='grc' dir='ltr'>εἷναί</span> <span class='ocrx_word' id='word_1_609' title='bbox 3146 4080 3279 4134; x_wconf 87' lang='grc' dir='ltr'>φησι</span> <span class='ocrx_word' id='word_1_610' title='bbox 3306 4062 3398 4117; x_wconf 83' lang='grc' dir='ltr'><strong>τὸν</strong></span> <span class='ocrx_word' id='word_1_611' title='bbox 3425 4064 3506 4128; x_wconf 77' lang='grc' dir='ltr'><strong>εἰς</strong></span> <span class='ocrx_word' id='word_1_612' title='bbox 3535 4064 3608 4118; x_wconf 77' lang='grc' dir='ltr'>τὰ</span> 
     </span>
    </p>
   </div>
   <div class='ocr_carea' id='block_1_85' title="bbox 2030 4148 3530 4227">
    <p class='ocr_par' dir='ltr' id='par_1_85' title="bbox 2030 4148 3530 4227">
     <span class='ocr_line' id='line_1_85' title="bbox 2030 4148 3530 4227; baseline 0.005 -26"><span class='ocrx_word' id='word_1_613' title='bbox 2030 4148 2205 4202; x_wconf 84' lang='grc' dir='ltr'>ὀπίσω</span> <span class='ocrx_word' id='word_1_614' title='bbox 2232 4150 2727 4223; x_wconf 80' lang='grc' dir='ltr'>ἀποστρεφόμενον,</span> <span class='ocrx_word' id='word_1_615' title='bbox 2755 4153 3031 4207; x_wconf 79' lang='grc' dir='ltr'>τουτέστιν</span> <span class='ocrx_word' id='word_1_616' title='bbox 3057 4155 3138 4218; x_wconf 86' lang='grc' dir='ltr'>εἰς</span> <span class='ocrx_word' id='word_1_617' title='bbox 3175 4155 3237 4207; x_wconf 87' lang='grc' dir='ltr'><strong>τὸ</strong></span> <span class='ocrx_word' id='word_1_618' title='bbox 3271 4155 3344 4227; x_wconf 84' lang='grc' dir='ltr'><strong>μὴ</strong></span> <span class='ocrx_word' id='word_1_619' title='bbox 3371 4151 3530 4211; x_wconf 80' lang='grc' dir='ltr'>εἶναι.</span> 
     </span>
    </p>
   </div>
   <div class='ocr_carea' id='block_1_86' title="bbox 2112 4240 3604 4315">
    <p class='ocr_par' dir='ltr' id='par_1_86' title="bbox 2112 4240 3604 4315">
     <span class='ocr_line' id='line_1_86' title="bbox 2112 4240 3604 4315; baseline 0.004 -22"><span class='ocrx_word' id='word_1_620' title='bbox 2112 4240 2541 4307; x_wconf 77' lang='grc' dir='ltr'>Ἇσθενήσουσι</span> <span class='ocrx_word' id='word_1_621' title='bbox 2567 4244 2665 4298; x_wconf 81' lang='grc' dir='ltr'>καὶ</span> <span class='ocrx_word' id='word_1_622' title='bbox 2713 4244 3085 4299; x_wconf 67' lang='grc' dir='ltr'>ἀπολοῦνται</span> <span class='ocrx_word' id='word_1_623' title='bbox 3125 4245 3242 4299; x_wconf 82' lang='grc' dir='ltr'><strong>ἀπὸ</strong></span> <span class='ocrx_word' id='word_1_624' title='bbox 3280 4246 3604 4315; x_wconf 76' lang='grc' dir='ltr'>προσώπου</span> 
     </span>
    </p>
   </div>
   <div class='ocr_carea' id='block_1_87' title="bbox 2029 4329 3605 4405">
    <p class='ocr_par' dir='ltr' id='par_1_87' title="bbox 2029 4329 3605 4405">
     <span class='ocr_line' id='line_1_87' title="bbox 2029 4329 3605 4405; baseline 0.006 -24"><span class='ocrx_word' id='word_1_625' title='bbox 2029 4344 2165 4382; x_wconf 89' lang='grc' dir='ltr'>σου.</span> <span class='ocrx_word' id='word_1_626' title='bbox 2220 4329 2504 4397; x_wconf 70' lang='grc' dir='ltr'>Ἐπειδὰν,</span> <span class='ocrx_word' id='word_1_627' title='bbox 2547 4333 2731 4403; x_wconf 76' lang='grc' dir='ltr'>φησὶν,</span> <span class='ocrx_word' id='word_1_628' title='bbox 2764 4334 3087 4405; x_wconf 79' lang='grc' dir='ltr'>ἀποστραφῇ</span> <span class='ocrx_word' id='word_1_629' title='bbox 3141 4337 3219 4398; x_wconf 79' lang='grc' dir='ltr'>εἰς</span> <span class='ocrx_word' id='word_1_630' title='bbox 3264 4336 3332 4389; x_wconf 85' lang='grc' dir='ltr'><strong>τὰ</strong></span> <span class='ocrx_word' id='word_1_631' title='bbox 3362 4336 3535 4389; x_wconf 86' lang='grc' dir='ltr'>ὀπίσω</span> <span class='ocrx_word' id='word_1_632' title='bbox 3573 4339 3605 4391; x_wconf 83' lang='grc' dir='ltr'>ὁ</span> 
     </span>
    </p>
   </div>
   <div class='ocr_carea' id='block_1_88' title="bbox 2027 4402 3603 4499">
    <p class='ocr_par' dir='ltr' id='par_1_88' title="bbox 2027 4402 3603 4499">
     <span class='ocr_line' id='line_1_88' title="bbox 2027 4402 3603 4499; baseline 0.004 -25"><span class='ocrx_word' id='word_1_633' title='bbox 2027 4420 2274 4486; x_wconf 82' lang='grc' dir='ltr'>θάνατος,</span> <span class='ocrx_word' id='word_1_634' title='bbox 2299 4424 2418 4476; x_wconf 87' lang='grc' dir='ltr'>τότε</span> <span class='ocrx_word' id='word_1_635' title='bbox 2445 4424 2509 4495; x_wconf 85' lang='grc' dir='ltr'>δὴ</span> <span class='ocrx_word' id='word_1_636' title='bbox 2530 4424 2624 4478; x_wconf 74' lang='grc' dir='ltr'><strong>καὶ</strong></span> <span class='ocrx_word' id='word_1_637' title='bbox 2653 4428 2803 4480; x_wconf 80' lang='grc' dir='ltr'>πᾶσα</span> <span class='ocrx_word' id='word_1_638' title='bbox 2833 4402 3060 4497; x_wconf 61' lang='grc' dir='ltr'>δὺναμις</span> <span class='ocrx_word' id='word_1_639' title='bbox 3088 4427 3435 4499; x_wconf 79' lang='grc' dir='ltr'>ἀντικειμένη</span> <span class='ocrx_word' id='word_1_640' title='bbox 3468 4444 3603 4482; x_wconf 85' lang='grc' dir='ltr'>κατ-</span> 
     </span>
    </p>
   </div>
   <div class='ocr_carea' id='block_1_89' title="bbox 354 4511 1936 4595">
    <p class='ocr_par' dir='ltr' id='par_1_89' title="bbox 354 4512 1920 4595">
     <span class='ocr_line' id='line_1_89' title="bbox 354 4512 1920 4595; baseline 0.01 -30"><span class='ocrx_word' id='word_1_641' title='bbox 354 4512 571 4568; x_wconf 89' lang='lat' dir='ltr'><strong>inimica</strong></span> <span class='ocrx_word' id='word_1_642' title='bbox 597 4530 746 4571; x_wconf 89' lang='lat' dir='ltr'><strong>mors</strong></span> <span class='ocrx_word' id='word_1_643' title='bbox 773 4518 1076 4575; x_wconf 88' lang='lat' dir='ltr'><strong>destruitur</strong></span> <span class='ocrx_word' id='word_1_644' title='bbox 1101 4521 1169 4581; x_wconf 78' lang='grc'>⁸⁸,</span> <span class='ocrx_word' id='word_1_645' title='bbox 1195 4521 1373 4590; x_wconf 84' lang='lat' dir='ltr'><strong>palam</strong></span> <span class='ocrx_word' id='word_1_646' title='bbox 1404 4533 1488 4578; x_wconf 89' lang='lat' dir='ltr'><strong>est</strong></span> <span class='ocrx_word' id='word_1_647' title='bbox 1533 4525 1683 4595; x_wconf 91' lang='lat' dir='ltr'><strong>prius</strong></span> <span class='ocrx_word' id='word_1_648' title='bbox 1715 4526 1920 4581; x_wconf 87' lang='lat' dir='ltr'><strong>destrui</strong></span> 
     </span>
    </p>
   </div>
   <div class='ocr_carea' id='block_1_90' title="bbox 2066 4511 3604 4595">
    <p class='ocr_par' dir='ltr' id='par_1_90' title="bbox 2066 4511 3604 4588">
     <span class='ocr_line' id='line_1_90' title="bbox 2066 4511 3604 4588; baseline -0.007 -6"><span class='ocrx_word' id='word_1_649' title='bbox 2066 4511 2396 4582; x_wconf 74' lang='grc' dir='ltr'>ργηοήσεται</span> <span class='ocrx_word' id='word_1_650' title='bbox 2422 4531 2435 4543; x_wconf 86' lang='grc'><strong><em>⁸</em></strong></span> <span class='ocrx_word' id='word_1_651' title='bbox 2471 4517 2520 4568; x_wconf 65' lang='grc' dir='ltr'>εἰ</span> <span class='ocrx_word' id='word_1_652' title='bbox 2553 4514 2663 4587; x_wconf 80' lang='grc' dir='ltr'>γὰρ</span> <span class='ocrx_word' id='word_1_653' title='bbox 2686 4515 2914 4587; x_wconf 76' lang='grc' dir='ltr'>ἔσχατος</span> <span class='ocrx_word' id='word_1_654' title='bbox 2954 4516 3146 4588; x_wconf 78' lang='grc' dir='ltr'>ἐχθρὸς</span> <span class='ocrx_word' id='word_1_655' title='bbox 3190 4520 3543 4588; x_wconf 83' lang='grc' dir='ltr'>καταργεῖται</span> <span class='ocrx_word' id='word_1_656' title='bbox 3572 4518 3604 4571; x_wconf 85' lang='grc' dir='ltr'><strong>ὁ</strong></span> 
     </span>
    </p>
   </div>
   <div class='ocr_carea' id='block_1_91' title="bbox 353 4603 1038 4678">
    <p class='ocr_par' dir='ltr' id='par_1_91' title="bbox 353 4603 1038 4678">
     <span class='ocr_line' id='line_1_91' title="bbox 353 4603 1038 4678; baseline 0.013 -22"><span class='ocrx_word' id='word_1_657' title='bbox 353 4603 695 4663; x_wconf 86' lang='lat' dir='ltr'><strong>adversarias</strong></span> <span class='ocrx_word' id='word_1_658' title='bbox 728 4618 1038 4678; x_wconf 80' lang='lat' dir='ltr'><strong>potestates.</strong></span> 
     </span>
    </p>
   </div>
   <div class='ocr_carea' id='block_1_92' title="bbox 420 4779 1923 4859">
    <p class='ocr_par' dir='ltr' id='par_1_92' title="bbox 420 4779 1923 4859">
     <span class='ocr_line' id='line_1_92' title="bbox 420 4779 1923 4859; baseline 0.013 -27"><span class='ocrx_word' id='word_1_659' title='bbox 420 4780 474 4833; x_wconf 81' lang='grc'>5.</span> <span class='ocrx_word' id='word_1_660' title='bbox 510 4779 643 4836; x_wconf 87' lang='lat' dir='ltr'><strong>lllttd</strong></span> <span class='ocrx_word' id='word_1_661' title='bbox 677 4803 689 4837; x_wconf 93' lang='lat'><strong>:</strong></span> <span class='ocrx_word' id='word_1_662' title='bbox 734 4784 996 4849; x_wconf 81' lang='lat' dir='ltr'><strong>Quoniam</strong></span> <span class='ocrx_word' id='word_1_663' title='bbox 1029 4789 1203 4858; x_wconf 81' lang='lat' dir='ltr'><strong>fecisti</strong></span> <span class='ocrx_word' id='word_1_664' title='bbox 1227 4790 1491 4859; x_wconf 86' lang='lat' dir='ltr'><strong>judicium</strong></span> <span class='ocrx_word' id='word_1_665' title='bbox 1527 4812 1697 4849; x_wconf 86' lang='lat' dir='ltr'><strong>meum</strong></span> <span class='ocrx_word' id='word_1_666' title='bbox 1725 4806 1773 4850; x_wconf 88' lang='lat' dir='ltr'><strong>et</strong></span> <span class='ocrx_word' id='word_1_667' title='bbox 1795 4814 1923 4851; x_wconf 85' lang='lat' dir='ltr'><strong>cau-</strong></span> 
     </span>
    </p>
   </div>
   <div class='ocr_carea' id='block_1_93' title="bbox 351 4879 1920 4954">
    <p class='ocr_par' dir='ltr' id='par_1_93' title="bbox 351 4879 1920 4954">
     <span class='ocr_line' id='line_1_93' title="bbox 351 4879 1920 4954; baseline 0.012 -29"><span class='ocrx_word' id='word_1_668' title='bbox 351 4887 466 4926; x_wconf 85' lang='lat' dir='ltr'><strong>sam</strong></span> <span class='ocrx_word' id='word_1_669' title='bbox 491 4889 680 4940; x_wconf 81' lang='lat' dir='ltr'><strong>meam,</strong></span> <span class='ocrx_word' id='word_1_670' title='bbox 729 4890 950 4933; x_wconf 80' lang='lat' dir='ltr'><strong>causam</strong></span> <span class='ocrx_word' id='word_1_671' title='bbox 982 4879 1140 4935; x_wconf 72' lang='lat' dir='ltr'><strong>aﬂert</strong></span> <span class='ocrx_word' id='word_1_672' title='bbox 1168 4883 1465 4951; x_wconf 81' lang='lat' dir='ltr'><strong>gratiarum</strong></span> <span class='ocrx_word' id='word_1_673' title='bbox 1512 4887 1780 4954; x_wconf 85' lang='lat' dir='ltr'><strong>actionis;</strong></span> <span class='ocrx_word' id='word_1_674' title='bbox 1817 4889 1920 4945; x_wconf 91' lang='lat' dir='ltr'><strong>hoc</strong></span> 
     </span>
    </p>
   </div>
   <div class='ocr_carea' id='block_1_94' title="bbox 349 4966 1915 5048">
    <p class='ocr_par' dir='ltr' id='par_1_94' title="bbox 349 4966 1915 5048">
     <span class='ocr_line' id='line_1_94' title="bbox 349 4966 1915 5048; baseline 0.011 -31"><span class='ocrx_word' id='word_1_675' title='bbox 349 4971 530 5019; x_wconf 85' lang='lat' dir='ltr'><strong>autem</strong></span> <span class='ocrx_word' id='word_1_676' title='bbox 564 4982 576 5018; x_wconf 89' lang='lat'><strong>:</strong></span> <span class='ocrx_word' id='word_1_677' title='bbox 614 4966 810 5021; x_wconf 86' lang='lat' dir='ltr'><strong>Sedisti</strong></span> <span class='ocrx_word' id='word_1_678' title='bbox 841 4985 998 5039; x_wconf 81' lang='lat' dir='ltr'><strong>super</strong></span> <span class='ocrx_word' id='word_1_679' title='bbox 1029 4972 1296 5039; x_wconf 80' lang='lat' dir='ltr'><strong>thronum,</strong></span> <span class='ocrx_word' id='word_1_680' title='bbox 1326 4973 1529 5031; x_wconf 85' lang='lat' dir='ltr'><strong>indicat</strong></span> <span class='ocrx_word' id='word_1_681' title='bbox 1560 4977 1650 5031; x_wconf 89' lang='lat' dir='ltr'><strong>Dei</strong></span> <span class='ocrx_word' id='word_1_682' title='bbox 1695 4979 1748 5030; x_wconf 92' lang='lat' dir='ltr'><strong>in</strong></span> <span class='ocrx_word' id='word_1_683' title='bbox 1770 4978 1915 5048; x_wconf 79' lang='lat' dir='ltr'><strong>judi-</strong></span> 
     </span>
    </p>
   </div>
   <div class='ocr_carea' id='block_1_95' title="bbox 348 5055 1465 5138">
    <p class='ocr_par' dir='ltr' id='par_1_95' title="bbox 348 5055 1465 5138">
     <span class='ocr_line' id='line_1_95' title="bbox 348 5055 1465 5138; baseline 0.013 -30"><span class='ocrx_word' id='word_1_684' title='bbox 348 5055 524 5111; x_wconf 84' lang='lat' dir='ltr'><strong>cando</strong></span> <span class='ocrx_word' id='word_1_685' title='bbox 557 5057 974 5128; x_wconf 89' lang='lat' dir='ltr'><strong>inspectionem.</strong></span> <span class='ocrx_word' id='word_1_686' title='bbox 1461 5135 1465 5138; x_wconf 19' lang='grc' dir='ltr'>ν</span> 
     </span>
    </p>
   </div>
   <div class='ocr_carea' id='block_1_96' title="bbox 420 5147 1915 5234">
    <p class='ocr_par' dir='ltr' id='par_1_96' title="bbox 420 5147 1915 5234">
     <span class='ocr_line' id='line_1_96' title="bbox 420 5147 1915 5234; baseline 0.013 -34"><span class='ocrx_word' id='word_1_687' title='bbox 420 5147 472 5201; x_wconf 84' lang='grc'>6.</span> <span class='ocrx_word' id='word_1_688' title='bbox 511 5147 811 5219; x_wconf 70' lang='lat' dir='ltr'><strong>luci-epain</strong></span> <span class='ocrx_word' id='word_1_689' title='bbox 830 5165 1091 5223; x_wconf 80' lang='lat' dir='ltr'><strong>gentes,et</strong></span> <span class='ocrx_word' id='word_1_690' title='bbox 1124 5159 1278 5226; x_wconf 85' lang='lat' dir='ltr'><strong>periit</strong></span> <span class='ocrx_word' id='word_1_691' title='bbox 1310 5162 1525 5229; x_wconf 86' lang='lat' dir='ltr'><strong>impius.</strong></span> <span class='ocrx_word' id='word_1_692' title='bbox 1551 5162 1915 5234; x_wconf 80' lang='lat' dir='ltr'><strong>lntelligibiles</strong></span> 
     </span>
    </p>
   </div>
   <div class='ocr_carea' id='block_1_97' title="bbox 351 5239 1916 5308">
    <p class='ocr_par' dir='ltr' id='par_1_97' title="bbox 351 5239 1916 5308">
     <span class='ocr_line' id='line_1_97' title="bbox 351 5239 1916 5308; baseline 0.012 -18"><span class='ocrx_word' id='word_1_693' title='bbox 351 5239 605 5298; x_wconf 89' lang='lat' dir='ltr'><strong>inimicos</strong></span> <span class='ocrx_word' id='word_1_694' title='bbox 628 5245 855 5300; x_wconf 81' lang='lat' dir='ltr'><strong>scilicet.</strong></span> <span class='ocrx_word' id='word_1_695' title='bbox 885 5245 1089 5301; x_wconf 77' lang='lat' dir='ltr'><strong>Nomen</strong></span> <span class='ocrx_word' id='word_1_696' title='bbox 1110 5266 1288 5303; x_wconf 90' lang='lat' dir='ltr'><strong>eorum</strong></span> <span class='ocrx_word' id='word_1_697' title='bbox 1309 5252 1496 5306; x_wconf 87' lang='lat' dir='ltr'><strong>delesti</strong></span> <span class='ocrx_word' id='word_1_698' title='bbox 1549 5254 1602 5306; x_wconf 88' lang='lat' dir='ltr'><strong>in</strong></span> <span class='ocrx_word' id='word_1_699' title='bbox 1642 5255 1916 5308; x_wconf 70' lang='lat' dir='ltr'><strong>saxulum.</strong></span> 
     </span>
    </p>
   </div>
   <div class='ocr_carea' id='block_1_98' title="bbox 351 5332 1667 5410">
    <p class='ocr_par' dir='ltr' id='par_1_98' title="bbox 351 5332 1667 5410">
     <span class='ocr_line' id='line_1_98' title="bbox 351 5332 1667 5410; baseline 0.013 -26"><span class='ocrx_word' id='word_1_700' title='bbox 351 5332 647 5391; x_wconf 84' lang='lat' dir='ltr'><strong>Dracenem</strong></span> <span class='ocrx_word' id='word_1_701' title='bbox 680 5340 752 5393; x_wconf 88' lang='lat' dir='ltr'><strong>ait</strong></span> <span class='ocrx_word' id='word_1_702' title='bbox 784 5342 1144 5410; x_wconf 87' lang='lat' dir='ltr'><strong>spiritualem,</strong></span> <span class='ocrx_word' id='word_1_703' title='bbox 1172 5344 1221 5398; x_wconf 89' lang='lat' dir='ltr'><strong>id</strong></span> <span class='ocrx_word' id='word_1_704' title='bbox 1257 5356 1340 5400; x_wconf 89' lang='lat' dir='ltr'><strong>est</strong></span> <span class='ocrx_word' id='word_1_705' title='bbox 1370 5346 1667 5401; x_wconf 82' lang='lat' dir='ltr'><strong>diabolum.</strong></span> 
     </span>
    </p>
   </div>
   <div class='ocr_carea' id='block_1_99' title="bbox 416 5488 1911 5575">
    <p class='ocr_par' dir='ltr' id='par_1_99' title="bbox 416 5488 1911 5575">
     <span class='ocr_line' id='line_1_99' title="bbox 416 5488 1911 5575; baseline 0.013 -34"><span class='ocrx_word' id='word_1_706' title='bbox 416 5488 742 5561; x_wconf 77' lang='lat' dir='ltr'><strong>[lncrepasti</strong></span> <span class='ocrx_word' id='word_1_707' title='bbox 792 5514 989 5567; x_wconf 71' lang='lat' dir='ltr'><strong>gmtcs.</strong></span> <span class='ocrx_word' id='word_1_708' title='bbox 1031 5512 1080 5554; x_wconf 82' lang='lat' dir='ltr'><strong>et</strong></span> <span class='ocrx_word' id='word_1_709' title='bbox 1135 5503 1293 5571; x_wconf 82' lang='lat' dir='ltr'><strong>periit</strong></span> <span class='ocrx_word' id='word_1_710' title='bbox 1346 5506 1559 5575; x_wconf 75' lang='lat' dir='ltr'><strong>impius.</strong></span> <span class='ocrx_word' id='word_1_711' title='bbox 1612 5504 1911 5562; x_wconf 78' lang='lat' dir='ltr'><strong>Draconem</strong></span> 
     </span>
    </p>
   </div>
   <div class='ocr_carea' id='block_1_100' title="bbox 346 5582 1912 5666">
    <p class='ocr_par' dir='ltr' id='par_1_100' title="bbox 346 5582 1912 5666">
     <span class='ocr_line' id='line_1_100' title="bbox 346 5582 1912 5666; baseline 0.014 -34"><span class='ocrx_word' id='word_1_712' title='bbox 346 5582 423 5633; x_wconf 85' lang='lat' dir='ltr'><strong>ait</strong></span> <span class='ocrx_word' id='word_1_713' title='bbox 457 5595 553 5636; x_wconf 84' lang='lat' dir='ltr'><strong>aut</strong></span> <span class='ocrx_word' id='word_1_714' title='bbox 606 5586 906 5658; x_wconf 86' lang='lat' dir='ltr'><strong>diabolum,</strong></span> <span class='ocrx_word' id='word_1_715' title='bbox 944 5597 1071 5663; x_wconf 83' lang='lat' dir='ltr'><strong>quia</strong></span> <span class='ocrx_word' id='word_1_716' title='bbox 1129 5596 1430 5666; x_wconf 87' lang='lat' dir='ltr'><strong>increpatio</strong></span> <span class='ocrx_word' id='word_1_717' title='bbox 1479 5598 1912 5654; x_wconf 88' lang='lat' dir='ltr'><strong>emendationem</strong></span> 
     </span>
    </p>
   </div>
   <div class='ocr_carea' id='block_1_101' title="bbox 345 5670 1913 5759">
    <p class='ocr_par' dir='ltr' id='par_1_101' title="bbox 345 5670 1913 5759">
     <span class='ocr_line' id='line_1_101' title="bbox 345 5670 1913 5759; baseline 0.015 -37"><span class='ocrx_word' id='word_1_718' title='bbox 345 5670 635 5740; x_wconf 81' lang='lat' dir='ltr'><strong>signiﬁcat.</strong></span> <span class='ocrx_word' id='word_1_719' title='bbox 668 5673 796 5730; x_wconf 87' lang='lat' dir='ltr'><strong>Jure</strong></span> <span class='ocrx_word' id='word_1_720' title='bbox 827 5682 950 5748; x_wconf 89' lang='lat' dir='ltr'><strong>quis</strong></span> <span class='ocrx_word' id='word_1_721' title='bbox 983 5683 1203 5749; x_wconf 76' lang='lat' dir='ltr'><strong>dixerit,</strong></span> <span class='ocrx_word' id='word_1_722' title='bbox 1236 5687 1541 5743; x_wconf 87' lang='lat' dir='ltr'><strong>emendatis</strong></span> <span class='ocrx_word' id='word_1_723' title='bbox 1570 5703 1667 5758; x_wconf 86' lang='lat' dir='ltr'><strong>per</strong></span> <span class='ocrx_word' id='word_1_724' title='bbox 1695 5699 1913 5759; x_wconf 88' lang='lat' dir='ltr'><strong>aposto-</strong></span> 
     </span>
    </p>
   </div>
   <div class='ocr_carea' id='block_1_102' title="bbox 422 5814 1844 5900">
    <p class='ocr_par' dir='ltr' id='par_1_102' title="bbox 422 5814 1844 5900">
     <span class='ocr_line' id='line_1_102' title="bbox 422 5814 1844 5900; baseline 0.015 -31"><span class='ocrx_word' id='word_1_725' title='bbox 422 5814 641 5874; x_wconf 67' lang='lat' dir='ltr'><strong>&quot;llebr.</strong></span> <span class='ocrx_word' id='word_1_726' title='bbox 671 5835 731 5885; x_wconf 87' lang='grc' dir='ltr'><strong>ιι,</strong></span> <span class='ocrx_word' id='word_1_727' title='bbox 773 5822 825 5877; x_wconf 84' lang='grc'>8.</span> <span class='ocrx_word' id='word_1_728' title='bbox 904 5827 948 5857; x_wconf 79' lang='grc' dir='ltr'><strong>³ο</strong></span> <span class='ocrx_word' id='word_1_729' title='bbox 974 5826 1115 5884; x_wconf 80' lang='lat' dir='ltr'><strong>Psal.</strong></span> <span class='ocrx_word' id='word_1_730' title='bbox 1142 5832 1310 5899; x_wconf 61' lang='lat' dir='ltr'><strong>cmi.</strong></span> <span class='ocrx_word' id='word_1_731' title='bbox 1391 5834 1428 5864; x_wconf 74' lang='grc'><strong>⁸³</strong></span> <span class='ocrx_word' id='word_1_732' title='bbox 1453 5834 1471 5889; x_wconf 90' lang='lat' dir='ltr'><strong>l</strong></span> <span class='ocrx_word' id='word_1_733' title='bbox 1500 5835 1625 5889; x_wconf 79' lang='lat' dir='ltr'><strong>Cor.</strong></span> <span class='ocrx_word' id='word_1_734' title='bbox 1651 5851 1739 5900; x_wconf 47' lang='grc' dir='ltr'><strong>τι,</strong></span> <span class='ocrx_word' id='word_1_735' title='bbox 1762 5833 1844 5890; x_wconf 72' lang='lat'><strong>2‘5.</strong></span> 
     </span>
    </p>
   </div>
   <div class='ocr_carea' id='block_1_103' title="bbox 2034 4602 3601 4680">
    <p class='ocr_par' dir='ltr' id='par_1_103' title="bbox 2034 4602 3601 4680">
     <span class='ocr_line' id='line_1_103' title="bbox 2034 4602 3601 4680; baseline 0.004 -24"><span class='ocrx_word' id='word_1_736' title='bbox 2034 4602 2282 4668; x_wconf 82' lang='grc' dir='ltr'>θάνατος,</span> <span class='ocrx_word' id='word_1_737' title='bbox 2302 4605 2542 4677; x_wconf 79' lang='grc' dir='ltr'>δηλονότι</span> <span class='ocrx_word' id='word_1_738' title='bbox 2560 4605 3053 4679; x_wconf 85' lang='grc' dir='ltr'>προαναιρεθεισῶν</span> <span class='ocrx_word' id='word_1_739' title='bbox 3075 4608 3184 4661; x_wconf 81' lang='grc' dir='ltr'>τῶν</span> <span class='ocrx_word' id='word_1_740' title='bbox 3212 4609 3601 4680; x_wconf 82' lang='grc' dir='ltr'>ἀντικειμένων</span> 
     </span>
    </p>
   </div>
   <div class='ocr_carea' id='block_1_104' title="bbox 2030 4693 2334 4763">
    <p class='ocr_par' dir='ltr' id='par_1_104' title="bbox 2030 4693 2334 4763">
     <span class='ocr_line' id='line_1_104' title="bbox 2030 4693 2334 4763; baseline 0.007 -18"><span class='ocrx_word' id='word_1_741' title='bbox 2030 4693 2334 4763; x_wconf 85' lang='grc' dir='ltr'>δυνάμεων.</span> 
     </span>
    </p>
   </div>
   <div class='ocr_carea' id='block_1_105' title="bbox 2103 4785 3601 4857">
    <p class='ocr_par' dir='ltr' id='par_1_105' title="bbox 2103 4785 3601 4857">
     <span class='ocr_line' id='line_1_105' title="bbox 2103 4785 3601 4857; baseline 0.003 -21"><span class='ocrx_word' id='word_1_742' title='bbox 2103 4785 2224 4837; x_wconf 86' lang='grc' dir='ltr'>Ὅτι</span> <span class='ocrx_word' id='word_1_743' title='bbox 2256 4786 2548 4853; x_wconf 77' lang='grc' dir='ltr'>ἐποίησας</span> <span class='ocrx_word' id='word_1_744' title='bbox 2588 4786 2702 4855; x_wconf 77' lang='grc' dir='ltr'>τὴν</span> <span class='ocrx_word' id='word_1_745' title='bbox 2730 4788 2933 4855; x_wconf 78' lang='grc' dir='ltr'>κρίσιν</span> <span class='ocrx_word' id='word_1_746' title='bbox 2982 4805 3102 4857; x_wconf 76' lang='grc' dir='ltr'><strong>μου</strong></span> <span class='ocrx_word' id='word_1_747' title='bbox 3153 4787 3250 4841; x_wconf 78' lang='grc' dir='ltr'>καὶ</span> <span class='ocrx_word' id='word_1_748' title='bbox 3277 4786 3391 4854; x_wconf 79' lang='grc' dir='ltr'>τὴν</span> <span class='ocrx_word' id='word_1_749' title='bbox 3421 4785 3601 4854; x_wconf 81' lang='grc' dir='ltr'>δίκην</span> 
     </span>
    </p>
   </div>
   <div class='ocr_carea' id='block_1_106' title="bbox 2024 4876 3596 4948">
    <p class='ocr_par' dir='ltr' id='par_1_106' title="bbox 2024 4876 3596 4948">
     <span class='ocr_line' id='line_1_106' title="bbox 2024 4876 3596 4948; baseline 0.001 -20"><span class='ocrx_word' id='word_1_750' title='bbox 2024 4892 2165 4943; x_wconf 81' lang='grc' dir='ltr'>μου.</span> <span class='ocrx_word' id='word_1_751' title='bbox 2195 4876 2306 4946; x_wconf 82' lang='grc' dir='ltr'><strong>Τὴν</strong></span> <span class='ocrx_word' id='word_1_752' title='bbox 2328 4878 2506 4930; x_wconf 81' lang='grc' dir='ltr'>αἰτίαν</span> <span class='ocrx_word' id='word_1_753' title='bbox 2533 4878 2630 4948; x_wconf 82' lang='grc' dir='ltr'><strong>τῆς</strong></span> <span class='ocrx_word' id='word_1_754' title='bbox 2653 4877 3003 4948; x_wconf 82' lang='grc' dir='ltr'>εὐχαριστίας</span> <span class='ocrx_word' id='word_1_755' title='bbox 3043 4877 3433 4932; x_wconf 84' lang='grc' dir='ltr'>ἀνταποδίδωσι</span> <span class='ocrx_word' id='word_1_756' title='bbox 3459 4893 3471 4907; x_wconf 90' lang='grc'><strong>·</strong></span> <span class='ocrx_word' id='word_1_757' title='bbox 3501 4877 3596 4943; x_wconf 85' lang='grc' dir='ltr'><strong>τὸ,</strong></span> 
     </span>
    </p>
   </div>
   <div class='ocr_carea' id='block_1_107' title="bbox 2043 4964 3597 5040">
    <p class='ocr_par' dir='ltr' id='par_1_107' title="bbox 2043 4964 3597 5040">
     <span class='ocr_line' id='line_1_107' title="bbox 2043 4964 3597 5040; baseline 0.003 -23"><span class='ocrx_word' id='word_1_758' title='bbox 2043 4964 2355 5032; x_wconf 80' lang='grc' dir='ltr'>Ἐκάθισας</span> <span class='ocrx_word' id='word_1_759' title='bbox 2383 4967 2481 5021; x_wconf 75' lang='grc' dir='ltr'><strong>ἐπὶ</strong></span> <span class='ocrx_word' id='word_1_760' title='bbox 2510 4971 2726 5037; x_wconf 79' lang='grc' dir='ltr'>θρόνου</span> <span class='ocrx_word' id='word_1_761' title='bbox 2752 4970 2849 5040; x_wconf 82' lang='grc' dir='ltr'>τὴν</span> <span class='ocrx_word' id='word_1_762' title='bbox 2877 4972 2955 5033; x_wconf 78' lang='grc' dir='ltr'><strong>εἰς</strong></span> <span class='ocrx_word' id='word_1_763' title='bbox 2981 4970 3043 5023; x_wconf 78' lang='grc' dir='ltr'><strong>τὸ</strong></span> <span class='ocrx_word' id='word_1_764' title='bbox 3063 4970 3267 5040; x_wconf 87' lang='grc' dir='ltr'>κρίνειν</span> <span class='ocrx_word' id='word_1_765' title='bbox 3295 4968 3597 5040; x_wconf 70' lang='grc' dir='ltr'>ἐπισκοπὴν</span> 
     </span>
    </p>
   </div>
   <div class='ocr_carea' id='block_1_108' title="bbox 2025 5055 2474 5127">
    <p class='ocr_par' dir='ltr' id='par_1_108' title="bbox 2025 5055 2474 5127">
     <span class='ocr_line' id='line_1_108' title="bbox 2025 5055 2474 5127; baseline 0.016 -20"><span class='ocrx_word' id='word_1_766' title='bbox 2025 5055 2173 5127; x_wconf 86' lang='grc' dir='ltr'>δηλοί</span> <span class='ocrx_word' id='word_1_767' title='bbox 2194 5056 2288 5110; x_wconf 79' lang='grc' dir='ltr'>τοῦ</span> <span class='ocrx_word' id='word_1_768' title='bbox 2315 5058 2474 5115; x_wconf 79' lang='grc' dir='ltr'>Θεοῦ.</span> 
     </span>
    </p>
   </div>
   <div class='ocr_carea' id='block_1_109' title="bbox 2107 5148 3592 5219">
    <p class='ocr_par' dir='ltr' id='par_1_109' title="bbox 2107 5148 3592 5219">
     <span class='ocr_line' id='line_1_109' title="bbox 2107 5148 3592 5219; baseline 0.005 -19"><span class='ocrx_word' id='word_1_769' title='bbox 2107 5148 2509 5219; x_wconf 69' lang='grc' dir='ltr'>Ἐἐτετίμησας</span> <span class='ocrx_word' id='word_1_770' title='bbox 2539 5152 2740 5209; x_wconf 76' lang='grc' dir='ltr'>ἔθνεσι</span> <span class='ocrx_word' id='word_1_771' title='bbox 2760 5192 2774 5216; x_wconf 93' lang='grc'><strong>,</strong></span> <span class='ocrx_word' id='word_1_772' title='bbox 2816 5152 2913 5206; x_wconf 80' lang='grc' dir='ltr'>καὶ</span> <span class='ocrx_word' id='word_1_773' title='bbox 2957 5152 3227 5208; x_wconf 75' lang='grc' dir='ltr'>ἀπώλετο</span> <span class='ocrx_word' id='word_1_774' title='bbox 3267 5156 3298 5207; x_wconf 87' lang='grc' dir='ltr'><em>ό</em></span> <span class='ocrx_word' id='word_1_775' title='bbox 3345 5153 3592 5219; x_wconf 75' lang='grc' dir='ltr'>ἀσεϐής.</span> 
     </span>
    </p>
   </div>
   <div class='ocr_carea' id='block_1_110' title="bbox 2026 5241 3592 5315">
    <p class='ocr_par' dir='ltr' id='par_1_110' title="bbox 2026 5241 3592 5315">
     <span class='ocr_line' id='line_1_110' title="bbox 2026 5241 3592 5315; baseline 0.004 -23"><span class='ocrx_word' id='word_1_776' title='bbox 2026 5241 2165 5304; x_wconf 84' lang='grc' dir='ltr'>Τοὺς</span> <span class='ocrx_word' id='word_1_777' title='bbox 2208 5245 2431 5312; x_wconf 78' lang='grc' dir='ltr'>νοητοὺς</span> <span class='ocrx_word' id='word_1_778' title='bbox 2477 5244 2704 5315; x_wconf 83' lang='grc' dir='ltr'>ἐχθροὺς</span> <span class='ocrx_word' id='word_1_779' title='bbox 2761 5245 3021 5314; x_wconf 83' lang='grc' dir='ltr'>δηλονότι.</span> <span class='ocrx_word' id='word_1_780' title='bbox 3080 5244 3147 5298; x_wconf 83' lang='grc' dir='ltr'><strong>Τὸ</strong></span> <span class='ocrx_word' id='word_1_781' title='bbox 3182 5245 3368 5315; x_wconf 77' lang='grc' dir='ltr'>ὄνομα</span> <span class='ocrx_word' id='word_1_782' title='bbox 3408 5243 3592 5299; x_wconf 81' lang='grc' dir='ltr'>αὐτοῦ</span> 
     </span>
    </p>
   </div>
   <div class='ocr_carea' id='block_1_111' title="bbox 2025 5329 3592 5408">
    <p class='ocr_par' dir='ltr' id='par_1_111' title="bbox 2025 5329 3592 5408">
     <span class='ocr_line' id='line_1_111' title="bbox 2025 5329 3592 5408; baseline 0.004 -25"><span class='ocrx_word' id='word_1_783' title='bbox 2025 5329 2356 5400; x_wconf 71' lang='grc' dir='ltr'>ἐξήλειψας</span> <span class='ocrx_word' id='word_1_784' title='bbox 2398 5336 2483 5400; x_wconf 87' lang='grc' dir='ltr'>εἱς</span> <span class='ocrx_word' id='word_1_785' title='bbox 2525 5335 2632 5387; x_wconf 77' lang='grc' dir='ltr'>τὸν</span> <span class='ocrx_word' id='word_1_786' title='bbox 2657 5334 2859 5390; x_wconf 78' lang='grc' dir='ltr'>αἰῶνα.</span> <span class='ocrx_word' id='word_1_787' title='bbox 2899 5336 3000 5389; x_wconf 75' lang='grc' dir='ltr'><strong>Τὸν</strong></span> <span class='ocrx_word' id='word_1_788' title='bbox 3023 5336 3291 5407; x_wconf 83' lang='grc' dir='ltr'>δράκοντά</span> <span class='ocrx_word' id='word_1_789' title='bbox 3336 5352 3466 5408; x_wconf 88' lang='grc' dir='ltr'>φησι</span> <span class='ocrx_word' id='word_1_790' title='bbox 3501 5334 3592 5389; x_wconf 81' lang='grc' dir='ltr'><strong>τὸν</strong></span> 
     </span>
    </p>
   </div>
   <div class='ocr_carea' id='block_1_112' title="bbox 2028 5419 2849 5491">
    <p class='ocr_par' dir='ltr' id='par_1_112' title="bbox 2028 5419 2849 5491">
     <span class='ocr_line' id='line_1_112' title="bbox 2028 5419 2849 5491; baseline 0.007 -19"><span class='ocrx_word' id='word_1_791' title='bbox 2028 5419 2233 5491; x_wconf 78' lang='grc' dir='ltr'>νοητὸν.</span> <span class='ocrx_word' id='word_1_792' title='bbox 2265 5423 2322 5485; x_wconf 82' lang='grc' dir='ltr'>ὃς</span> <span class='ocrx_word' id='word_1_793' title='bbox 2357 5424 2553 5477; x_wconf 83' lang='grc' dir='ltr'>ἐστινὸ</span> <span class='ocrx_word' id='word_1_794' title='bbox 2586 5423 2849 5487; x_wconf 73' lang='grc' dir='ltr'>διάϐολος.</span> 
     </span>
    </p>
   </div>
   <div class='ocr_carea' id='block_1_113' title="bbox 2097 5512 3587 5586">
    <p class='ocr_par' dir='ltr' id='par_1_113' title="bbox 2097 5512 3587 5586">
     <span class='ocr_line' id='line_1_113' title="bbox 2097 5512 3587 5586; baseline 0.006 -21"><span class='ocrx_word' id='word_1_795' title='bbox 2097 5512 2529 5584; x_wconf 76' lang='grc' dir='ltr'>[Ἐπετίμησας</span> <span class='ocrx_word' id='word_1_796' title='bbox 2550 5516 2771 5582; x_wconf 79' lang='grc' dir='ltr'>ἔθνεσι,</span> <span class='ocrx_word' id='word_1_797' title='bbox 2820 5518 2913 5570; x_wconf 77' lang='grc' dir='ltr'>καὶ</span> <span class='ocrx_word' id='word_1_798' title='bbox 2954 5517 3223 5572; x_wconf 67' lang='grc' dir='ltr'>ἀπώλετο</span> <span class='ocrx_word' id='word_1_799' title='bbox 3269 5522 3302 5571; x_wconf 80' lang='grc' dir='ltr'><strong><em>ό</em></strong></span> <span class='ocrx_word' id='word_1_800' title='bbox 3343 5519 3587 5586; x_wconf 73' lang='grc' dir='ltr'>ἀσεϐής.</span> 
     </span>
    </p>
   </div>
   <div class='ocr_carea' id='block_1_114' title="bbox 2023 5601 3586 5680">
    <p class='ocr_par' dir='ltr' id='par_1_114' title="bbox 2023 5601 3586 5680">
     <span class='ocr_line' id='line_1_114' title="bbox 2023 5601 3586 5680; baseline 0.004 -25"><span class='ocrx_word' id='word_1_801' title='bbox 2023 5603 2125 5655; x_wconf 84' lang='grc' dir='ltr'><strong>Τὸν</strong></span> <span class='ocrx_word' id='word_1_802' title='bbox 2151 5601 2418 5674; x_wconf 80' lang='grc' dir='ltr'>δράκοντά</span> <span class='ocrx_word' id='word_1_803' title='bbox 2449 5621 2633 5676; x_wconf 68' lang='grc' dir='ltr'>φησιν,</span> <span class='ocrx_word' id='word_1_804' title='bbox 2670 5605 2702 5675; x_wconf 83' lang='grc' dir='ltr'>ἦ</span> <span class='ocrx_word' id='word_1_805' title='bbox 2727 5606 2816 5660; x_wconf 81' lang='grc' dir='ltr'><strong>τὸν</strong></span> <span class='ocrx_word' id='word_1_806' title='bbox 2840 5607 3081 5661; x_wconf 76' lang='grc' dir='ltr'>διάϐολον</span> <span class='ocrx_word' id='word_1_807' title='bbox 3104 5623 3117 5637; x_wconf 81' lang='lat'>&#39;</span> <span class='ocrx_word' id='word_1_808' title='bbox 3147 5607 3332 5679; x_wconf 79' lang='grc' dir='ltr'>ἐπειδὴ</span> <span class='ocrx_word' id='word_1_809' title='bbox 3357 5610 3389 5680; x_wconf 77' lang='grc' dir='ltr'>ἡ</span> <span class='ocrx_word' id='word_1_810' title='bbox 3415 5608 3586 5664; x_wconf 71' lang='grc' dir='ltr'>ἐπιτί-</span> 
     </span>
    </p>
   </div>
   <div class='ocr_carea' id='block_1_115' title="bbox 2025 5694 3577 5772">
    <p class='ocr_par' dir='ltr' id='par_1_115' title="bbox 2025 5694 3577 5772">
     <span class='ocr_line' id='line_1_115' title="bbox 2025 5694 3577 5772; baseline 0.007 -28"><span class='ocrx_word' id='word_1_811' title='bbox 2025 5710 2187 5764; x_wconf 84' lang='grc' dir='ltr'>μησις</span> <span class='ocrx_word' id='word_1_812' title='bbox 2217 5694 2307 5747; x_wconf 67' lang='grc' dir='ltr'><strong>καὶ</strong></span> <span class='ocrx_word' id='word_1_813' title='bbox 2339 5694 2624 5766; x_wconf 80' lang='grc' dir='ltr'>διόρθωσιν</span> <span class='ocrx_word' id='word_1_814' title='bbox 2664 5698 2939 5768; x_wconf 80' lang='grc' dir='ltr'>σημαίνει.</span> <span class='ocrx_word' id='word_1_815' title='bbox 2975 5698 3130 5751; x_wconf 75' lang='grc' dir='ltr'>Εἴποι</span> <span class='ocrx_word' id='word_1_816' title='bbox 3173 5697 3239 5752; x_wconf 82' lang='grc' dir='ltr'>ἄν</span> <span class='ocrx_word' id='word_1_817' title='bbox 3269 5715 3353 5762; x_wconf 82' lang='grc' dir='ltr'><strong>τις</strong></span> <span class='ocrx_word' id='word_1_818' title='bbox 3377 5737 3393 5764; x_wconf 92' lang='grc'><strong>,</strong></span> <span class='ocrx_word' id='word_1_819' title='bbox 3440 5698 3577 5772; x_wconf 57' lang='grc' dir='ltr'>διορι</span> 
     </span>
    </p>
   </div>
  </div>
