3944 6220
261 395 333 455 δι’)

1429 362 1790 439 EXPOSITIO
1829 375 1893 430 IN
1936 370 2264 429 PSALMUM
2307 367 2393 421 Ix.

273 513 550 586 θουμένων
585 513 703 568 τῶν
737 512 908 567 ὲθνῶν
934 508 1038 564 ὑπὸ
1062 508 1170 589 τῶν
1203 502 1536 565 ἀποστόλων,
1567 495 1862 554 ἀπολέσθαι
1892 496 1939 554 Α

281 610 366 663 τὸν
396 606 597 676 ἀσεϐῆ,
632 604 960 675 σϐεσθείσης
983 599 1148 657 αὑτοῦ
1181 600 1278 670 τῆς
1301 596 1605 666 επιϐωμίου
1642 593 1869 662 κνίσσης

290 702 380 755 καί
404 691 738 769 παυθείσης.
789 694 1250 767 Ἐπιτιμηθέντων
1272 691 1381 763 γὰρ
1413 688 1522 742 τῶν
1552 687 1741 754 ἐθνῶν,
1775 686 1871 738 καὶ

295 792 423 863 πρὸς
453 789 667 861 Κύριον
691 787 1136 859 ἐπιστρεψάντων
1160 826 1176 851 ,
1208 785 1238 836 ὁ
1282 784 1340 836 ὲν
1374 783 1555 845 αὐτοῖς
1607 777 1865 848 ἐνεργῶν,

294 883 383 936 ᾶτε
415 883 555 944 υἱοῖς
612 875 766 934 οὖσιν
794 877 1098 941 ἀπειθείας,
1150 874 1414 937 διάϐολος,
1452 870 1699 927 ἀπώλετο
1733 867 1870 939 μετὰ

292 974 394 1028 τῶν
415 973 552 1026 νεῶν
570 971 680 1024 τῶν
713 968 1007 1024 εἰδωλικῶν
1032 984 1047 999 ⁸
1080 968 1130 1022 οἳ
1150 968 1225 1031 ὡς
1252 966 1436 1029 πόλεις
1476 966 1714 1033 συνεῖχον
1746 960 1872 1023 τοὺς

295 1062 424 1133 πρὸς
455 1058 781 1113 δυσσέϐειαν
823 1057 1160 1129 ἀφορῶντας.
1211 1055 1322 1109 Καὶ
1366 1053 1540 1116 οὓτως
1570 1050 1868 1116 ἀπώλοντο,

292 1154 363 1218 ὡς
392 1152 528 1223 μηδὲ
556 1153 704 1222 ἴχνος
736 1148 1149 1220 ὑπολειφθῆναι.
1204 1149 1391 1201 Ἔστιν
1434 1144 1683 1199 ἐκλαϐεῖν
1715 1142 1872 1196 τοῦτο

293 1243 386 1297 καὶ
409 1242 554 1296 κατὰ
574 1241 674 1313 τὴν
699 1241 1013 1295 τελευταίαν
1036 1239 1217 1311 κρίσιν
1236 1254 1250 1268 ·
1286 1239 1405 1291 τότε
1424 1236 1534 1306 γάρ
1558 1236 1666 1290 τῶν
1696 1235 1873 1305 ἀμαρ-

291 1336 476 1389 τωλῶν
508 1333 951 1405 ἑπιτιμωμένων,
976 1334 1069 1386 καὶ
1091 1334 1119 1385 δ
1148 1330 1411 1395 διάϐολος,
1446 1331 1475 1382 ὁ
1502 1330 1707 1404 κυρίως
1741 1328 1871 1381 ἀσε-

294 1428 413 1499 ϐὴς,
446 1425 792 1497 ἀφανίζεται.
822 1426 888 1478 At
923 1426 1127 1488 πόλεις,
1147 1424 1246 1496 τῆς
1275 1424 1331 1477 ὲν
1356 1424 1548 1486 αὐταῖς
1581 1421 1749 1475 πάλαι
1776 1438 1873 1474 πο-

292 1519 649 1590 λιτευομένης
683 1517 937 1582 ἀσεϐείας
962 1516 1355 1588 καταλυθείσης
1376 1554 1391 1579 ,
1423 1514 1520 1586 τὴν
1559 1512 1873 1584 οἰκοδομίαν

232 1637 245 1649 -
296 1611 398 1681 τῆς
422 1608 705 1671 εὐσεϐείας
736 1602 1028 1677 ὲδέξαντο.]

371 1702 484 1756 Τοῦ
506 1699 725 1771 ἐχθροῦ
775 1698 1061 1763 ἐξέλιπον
1108 1699 1167 1751 al
1193 1694 1481 1766 ρομςραῒαι
1534 1696 1623 1761 είς
1672 1693 1868 1759 τέλος.

303 1793 606 1864 Ῥομφαίας
652 1790 748 1845 τοῦ
779 1789 1028 1845 διαϐόλου
1054 1789 1153 1852 τάς
1195 1786 1577 1858 ἀντικειμένας
1612 1784 1872 1855 δυνάμεις

292 1890 444 1960 φησι,
468 1888 538 1942 δι’
573 1884 647 1943 ὧν
675 1883 743 1958 ἦν
772 1885 1010 1958 ἰσχυρός.
1047 1883 1150 1957 [Αἱ
1191 1883 1375 1947 πόλεις
1410 1884 1467 1936 al.
1499 1881 1871 1951 ἀντικείμεναι

289 1980 571 2048 δυνάμεις,
613 1978 702 2044 αἳ,
731 1977 922 2047 ὥσπερ
962 1974 1144 2039 πόλεις
1192 1974 1409 2045 ἰσχυραὶ
1448 1972 1871 2042 τετειχισμέναι,

290 2071 414 2133 τοὺς
462 2069 692 2132 ἁλόντας
739 2067 918 2121 αὐτῶν
947 2067 1131 2137 ἀπάτῃ
1179 2067 1237 2119 ὲν
1271 2065 1461 2129 αὑταῖς
1515 2062 1873 2117 συλλαϐοῦσαι

290 2163 562 2231 κατεῖχον.
596 2160 705 2213 Καὶ
739 2159 922 2221 πόλεις
956 2157 1115 2220 ποίας
1133 2157 1282 2225 λέγει
1314 2156 1347 2228 ἢ
1377 2155 1582 2218 ταύτας
1629 2155 1756 2225 περὶ
1799 2146 1874 2206 ὧν

292 2252 527 2323 ἄλλαχοῦ
556 2253 807 2322 λέγεται·
827 2253 1084 2324 Ἕθηκας
1110 2252 1197 2315 εὶς
1214 2246 1380 2317 χῶμα
1401 2248 1610 2312 πόλεις
1630 2243 1872 2313 ὀχυρὰς,

292 2344 398 2398 τοῦ
424 2342 642 2398 πεσεῖν
668 2341 867 2397 αὐτῶν
896 2341 968 2395 τὰ
994 2338 1273 2408 θεμέλια;
1300 2338 1358 2391 αἴ
1399 2339 1559 2401 εἰσιν,
1614 2336 1691 2400 ὡς
1718 2335 1874 2405 δεδή-

293 2435 476 2499 λωται,
502 2436 560 2488 αί
596 2433 969 2502 ἀντικείμεναι
996 2429 1301 2502 δυνάμεις]
1336 2428 1621 2484 Ἀπώλετο
1644 2428 1711 2482 τὸ
1726 2445 1878 2497 μνη-

289 2526 569 2597 μόσυνον
596 2523 796 2580 αὐτῶν
808 2525 935 2594 μετ’
958 2523 1134 2593 ἧχου.
1158 2521 1349 2597 [Ὥστε
1376 2519 1700 2585 ἐξάκουστον
1721 2520 1876 2589 γενέ-

297 2619 418 2672 σθαι
438 2616 625 2672 αὐτῶν
648 2617 748 2688 τὴν
768 2614 1062 2670 ἀπώλειαν.
1100 2616 1170 2671 Ἦ
1184 2614 1283 2685 τὴν
1307 2612 1535 2667 πανολεθ
1543 2612 1665 2684 ρίαν
1689 2613 1885 2682 φησὶν,

296 2708 417 2780 ἢτὺ
451 2708 739 2777 διωλύγιον
786 2707 893 2761 τῶν
939 2706 1156 2771 κακῶν,
1219 2705 1314 2758 καὶ
1349 2703 1410 2757 τὸ
1447 2704 1747 2775 περιφανὲς
1780 2704 1879 2774 τῆς

298 2801 620 2874 ἀπωλείας]
635 2800 991 2866 Ἐξάκουστος
1012 2799 1121 2871 γάρ
1136 2798 1312 2852 αὐτῶν
1334 2797 1554 2867 γέγονεν
1567 2797 1601 2867 ἡ
1613 2795 1876 2851 ἀπώλεια.

372 2896 481 2950 Καὶ
506 2894 743 2964 ἐγένετο
769 2895 983 2963 Κύριος
1010 2890 1323 2961 καταφυγὴ
1350 2889 1430 2955 τῷ
1457 2890 1686 2957 πένητι.
1722 2888 1876 2960 [Συν-

299 2989 443 3059 εχῶς
469 2990 656 3042 ἑαυτὸν
687 2986 847 3042 καλεῖ
895 2987 1101 3057 πένητα
1138 2985 1233 3038 καὶ
1263 2983 1497 3054 πτωχὸν,
1521 2982 1698 3036 καίτοι
1719 2998 1784 3051 γε
1822 2983 1880 3034 ὲν

1904 1847 1945 1905 Β

3471 351 3547 404 ειι

1966 491 2049 547 los
2089 486 2398 562 gentilibus,
2443 479 2669 553 periisse
2705 475 2956 547 impium,
2996 470 3263 527 exstincto
3315 482 3540 539 prorsus

1972 559 2135 653 atque
2163 579 2340 634 deleto
2385 574 2639 630 altarium
2671 571 2793 640 ejus
2815 566 3024 621 nidore.
3056 560 3353 631 Postquam
3392 559 3537 613 enim

1974 686 2161 747 gentos
2192 673 2505 740 increpatte,
2542 674 2595 720 et
2640 663 2707 718 ad
2740 659 3031 716 Dominum
3067 668 3341 710 conversae
3387 662 3537 707 sunt.

1970 766 2062 837 qui
2102 766 2156 819 in
2191 762 2326 832 ipsis
2376 765 2560 829 utpote
2604 749 3039 822 inobsequentim
3084 747 3210 801 ﬁliis
3241 747 3350 799 vim
3382 760 3536 798 suam

1970 858 2279 920 exercebat,
2338 853 2589 908 diabolus
2646 847 2876 908 scilicet,
2930 859 3039 898 una
3095 856 3218 896 cum
3269 838 3536 893 idolorum

1972 949 2188 1019 templis
2230 945 2410 1017 periit,
2459 958 2580 1014 quae
2620 956 2721 996 ceu
2766 938 3015 993 civitates
3045 932 3312 1004 quaedam.
3365 928 3540 983 conti-

1971 1043 2175 1097 nebant
2207 1054 2303 1095 eos
2329 1038 2423 1108 qui
2459 1034 2795 1105 impietatem
2840 1026 3209 1083 sectabantur.
3238 1020 3414 1090 Atque
3463 1019 3537 1073 ita

1970 1138 2146 1193 deleta
2177 1144 2328 1200 sunt,
2358 1142 2419 1187 ut
2447 1147 2513 1185 ne
2538 1127 2827 1197 vestigium
2849 1122 3069 1194 quidem
3101 1132 3291 1173 eorum
3324 1128 3540 1169 reman-

1973 1228 2123 1282 serit.
2156 1224 2343 1280 Potest
2374 1221 2506 1276 illud
2542 1220 2608 1273 de
2643 1225 2920 1289 postremo
2955 1223 3174 1280 quoque
3201 1206 3408 1277 judicio
3441 1219 3539 1258 ex-

1975 1317 2160 1388 plicari
2191 1334 2206 1382 ;
2243 1324 2371 1369 tunc
2402 1315 2547 1367 enim
2592 1306 2885 1376 increpatis
2914 1300 3311 1373 peccatoribus,
3346 1295 3537 1350 diabo-

1973 1385 2083 1473 lus,
2110 1409 2203 1477 qui
2231 1403 2451 1476 proprie
2486 1400 2686 1470 impius
2726 1396 2897 1461 audit,
2929 1392 3172 1447 funditus
3203 1387 3416 1458 peribit.
3445 1385 3541 1440 (li-

1972 1475 2170 1554 vitales
2202 1475 2388 1566 porro,
2423 1492 2712 1555 exstincta,
2763 1501 2885 1556 qua:
2924 1487 2979 1537 in
3035 1481 3168 1552 ipsis
3215 1487 3339 1533 ante
3364 1475 3542 1532 domi-

1974 1592 2229 1653 nabatur,
2257 1588 2557 1657 impietate,
2580 1580 2867 1637 aedilicium
2893 1575 3112 1647 pietatis
3133 1566 3540 1641 susceperunt.]

2045 1684 2097 1737 7.
2128 1681 2342 1737 Inimici
2378 1677 2681 1747 defecerunt
2730 1674 2946 1743 framea:
2975 1669 3030 1721 in
3076 1666 3251 1737 ﬁnem.
3285 1662 3543 1727 Eramcas

1974 1775 2175 1832 diaboli
2202 1771 2547 1828 adversarias
2576 1766 2709 1822 dicit
2738 1772 3056 1834 potestates,
3099 1759 3300 1829 quibus
3347 1762 3542 1825 potens

1975 1868 2063 1922 ille
2091 1875 2194 1922 est.
2228 1862 2510 1936 [Civitates
2537 1867 2665 1913 sunt
2690 1854 3016 1911 adversaria:
3059 1857 3377 1922 potestates,
3421 1859 3544 1915 quae

1975 1956 2137 2027 quasi
2175 1952 2429 2008 civitates
2460 1945 2764 2019 praevalidae
2793 1942 2964 1999 muris
3013 1942 3311 2001 instructae,
3359 1949 3545 1991 errore

1975 2050 2232 2117 deceptos
2293 2043 2817 2113 complectebantur.
2874 2035 2939 2090 Et
2996 2031 3299 2104 eujusmodi
3357 2043 3545 2100 quaeso

1977 2136 2224 2191 civitates
2279 2133 2376 2196 ait,
2424 2133 2529 2186 nisi
2567 2145 2661 2185 eas
2712 2129 2779 2183 de
2825 2127 3025 2196 quibus
3082 2124 3210 2178 alibi
3255 2121 3453 2177 dicitur
3476 2119 3543 2184 ⁸³,

1981 2224 2244 2294 Iiedegisti
2280 2224 2336 2277 in
2367 2222 2636 2291 pulverem
2680 2218 2917 2272 civitates
2947 2225 3201 2283 potentes,
3251 2212 3328 2265 ita
3371 2219 3430 2264 ut
3458 2225 3547 2262 ea.

1976 2315 2105 2369 dant
2139 2315 2377 2384 ipsarum
2412 2312 2759 2382 fundamenta
2783 2308 2807 2360 ?
2828 2322 2951 2377 quae
2980 2305 3056 2358 uti
3087 2302 3415 2384 declaratum
3439 2307 3543 2363 est,

1978 2416 2109 2462 sunt
2137 2403 2466 2461 adversaria:
2489 2391 2836 2472 potestates]
2874 2396 3044 2452 Periit
3086 2378 3339 2450 memoria
3366 2407 3547 2447 eorum

1980 2514 2100 2551 cum
2142 2497 2339 2550 sonitu.
2375 2492 2475 2566 [Ita
2504 2500 2565 2547 ut
2591 2506 2780 2547 eorum
2812 2487 3080 2559 pernicies
3108 2486 3308 2556 ubique
3330 2483 3545 2553 pervul-

1979 2598 2156 2661 getur.
2189 2588 2299 2642 Aut
2322 2587 2549 2641 exitium
2593 2597 2907 2654 supremum
2949 2579 3101 2645 dicit,
3134 2578 3248 2634 sive
3277 2576 3545 2631 malorum

1978 2678 2401 2744 vehementiam,
2458 2686 2510 2732 et
2557 2673 2815 2746 perniciei
2862 2665 3360 2740 conspicuitatem.]
3412 2664 3548 2738 Ejus

1981 2784 2217 2839 namque
2247 2767 2515 2839 pernicies
2545 2765 2689 2821 ultro
2714 2765 2960 2833 citroque
2985 2762 3168 2816 audita
3196 2758 3314 2814 fuit.

2056 2860 2141 2915 10.
2185 2860 2254 2914 Et
2309 2864 2484 2930 [actus
2541 2867 2620 2913 est
2680 2856 2937 2911 Dominus
2986 2854 3251 2924 refugium
3308 2852 3546 2923 pauperi.

1983 2954 2141 3029 [Sese
2178 2954 2494 3023 frequenter
2539 2966 2832 3022 pauperem
2887 2965 2951 3003 ac
2986 2948 3297 3003 mendicum
3349 2954 3548 3012 vocat,

300 3040 644 3153 βάσιλείοις.⁷
675 3040 833 3152 ’ίῌδει
865 3079 975 3151 γάρ
1138 3040 1452 3149 ἀνθρώπινα
1484 3040 1682 3137 ’πάντα
1723 3040 1878 3137 σκιᾶς

1994 3047 2195 3105 etiamsi
2226 3048 2281 3102 in
2308 3047 2455 3118 regia
2491 3053 2826 3101 versaretur.
2853 3040 3088 3096 Noverat
3127 3040 3271 3095 enim
3311 3040 3549 3094 humana

2120 3138 2132 3149 ο
2283 3138 2295 3153 ι
2342 3135 2545 3153 ..ηιηε-
2596 3134 2688 3153 3---!
2717 3132 2946 3153 _-!II:.._-
2989 3145 3103 3153 -A..-
3172 3129 3522 3153 ll.......a.....'l..

299 3171 692 3243 ἀδρανεστερα.
717 3171 1047 3239 Εὐκαιριαν
1077 3169 1225 3239 λέγει
1250 3168 1341 3222 τὸν
1374 3169 1475 3239 τῆς
1495 3166 1728 3238 θλίψεως
1759 3184 1883 3221 και-

304 3268 427 3339 ρόνο
460 3266 550 3321 ἀεὶ
586 3265 684 3336 μὲν
711 3263 821 3335 γάρ
849 3264 950 3335 τῆς
990 3261 1240 3335 βοηθείας
1292 3260 1645 3331 ὲπιδεόμεθα,
1693 3260 1785 3314 καὶ
1819 3263 1877 3315 ὲν

301 3356 658 3430 εὐημερίαιςο
710 3353 846 3407 ἀλλά
875 3351 1037 3406 πλέον
1087 3353 1146 3406 ὲν
1186 3348 1362 3421 θλίψει
1410 3348 1509 3420 τῆς
1563 3347 1880 3419 συμμαχίας

302 3445 792 3518 ὲπαισθανόμεθα]
825 3445 914 3517 Τῷ
948 3444 1181 3516 πτωχῷ,
1237 3443 1314 3514 τῷ
1365 3440 1718 3514 πνευματικῷ
1765 3440 1879 3512 λαῷ

303 3559 453 3615 φησι.
486 3539 717 3608 Βοηθὸς
742 3539 812 3592 ὲν
835 3537 1163 3606 εὐκαιρίαις
1189 3536 1260 3589 ἐν
1284 3535 1587 3604 θλίψεσιν.
1622 3535 1711 3599 Ὠς
1730 3551 1743 3565 ·
1777 3535 1881 3588 Ἐν

303 3625 482 3699 καιρῷ
504 3624 695 3692 δεκτῷ
724 3623 1043 3696 ἐπήκουσά
1070 3639 1206 3679 σου.

377 3805 623 3858 Vitiata
676 3801 757 3868 τῷ
810 3802 1006 3871 Κυρίῳ
1056 3799 1137 3867 τῷ
1176 3799 1553 3855 κατοικοῦντι
1602 3800 1673 3853 ἐν
1708 3797 1876 3854 Σιών.

309 3897 385 3967 Τῇ
414 3895 746 3966 ἐπουρανίῳ,
780 3894 935 3965 φησὶ,
972 3891 1348 3963 Ἰερουσαλήμ.
1392 3892 1883 3960 Ἁνατγείλατεὲν

309 3987 429 4054 τοῖς
459 3988 667 4042 ἔθνεσι
705 3986 779 4041 τὰ
832 3984 1269 4056 ἐπιτηδεύματα
1325 3982 1533 4038 αὐτοῦ.
1575 3981 1760 4036 Ταῦτα
1808 3982 1883 4046 ὡς

312 4077 445 4150 πρὸς
497 4078 624 4141 τοὺς
674 4076 1005 4140 ἀποστόλους
1041 4077 1136 4130 καὶ
1191 4076 1319 4139 τοὺς
1375 4073 1483 4127 τῶν
1537 4072 1885 4142 Εὐαγγελίων

309 4167 555 4239 κήρυκάς
580 4183 765 4237 φησιν.
818 4167 952 4220 Τίνα
981 4165 1037 4218 δὲ
1084 4165 1153 4219 τά
1211 4163 1618 4237 ἐπιτηδεύματα
1656 4162 1742 4217 διὰ
1776 4163 1884 4218 τῶν

310 4259 433 4329 ἑξῆς
452 4258 730 4329 σημαίνει.

378 4351 500 4404 Ὅτι
522 4353 554 4403 ὁ
584 4348 842 4418 ἐκζητῶν
867 4349 942 4403 τὰ
968 4351 1188 4424 αἵματα
1224 4346 1423 4403 αὐτῶν
1449 4349 1741 4419 ἐμνήσθη.
1806 4350 1887 4404 Τά

312 4442 534 4512 αἵματα,
569 4443 724 4516 φησὶ,
751 4443 819 4496 τά
843 4442 985 4514 ὑπὲρ
1017 4441 1183 4496 αὐτοῦ
1214 4443 1554 4514 ἐκκεχυμένα
1595 4443 1885 4516 ὲκζητήσει

310 4532 401 4585 ἐπὶ
430 4533 494 4585 τὸ
516 4534 759 4597 ἐκδικίας
782 4533 1033 4599 ἀξιῶσαι.

379 4622 542 4696 [Οὐκ
576 4622 902 4678 ἐπελάθετο
958 4622 1071 4692 τῆς
1118 4623 1383 4690 δεήσεως
1430 4622 1548 4677 τῶν
1594 4624 1885 4691 πενήτων.

311 4717 557 4787 Πένητας
578 4715 742 4768 πάλιν
766 4717 892 4779 τοὺς
921 4715 987 4769 δι’
1018 4715 1181 4768 αὐτὸν
1206 4715 1587 4786 πωχεύοντάς
1624 4734 1807 4789 φησιν,
1840 4719 1890 4772 οἳ

312 4810 404 4862 καὶ
438 4807 526 4861 διὰ
577 4806 778 4870 παντὸς
831 4806 931 4871 τὰς
986 4807 1124 4878 πρὸς
1145 4806 1307 4861 αὐτὸν
1353 4808 1560 4872 ἱκεσίας
1590 4809 1888 4874 ποιοῦντες,

312 4899 591 4971 ἐκδίκησιν
615 4898 726 4952 τῶν
764 4900 885 4951 κατ’
908 4897 1088 4951 αὐτῶν
1121 4897 1430 4969 γενομένων
1482 4900 1704 4955 ἀδικιῶν
1741 4902 1891 4973 παρά

313 4989 417 5043 τῶν
444 4989 719 5060 δαιμόνων
746 4988 1070 5060 αίτοῦντες.]

394 5085 456 5137 '0
487 5084 666 5152 ὑψῶν
690 5102 769 5155 με
809 5084 877 5138 ὲκ
907 5084 1025 5138 τῶν
1075 5084 1287 5139 πυλῶν
1329 5084 1438 5139 τοῦ
1478 5087 1756 5142 θανάτου.
1792 5091 1889 5143 Διά

313 5173 468 5229 τοῦτο
497 5175 734 5245 ὲγείρεις
755 5176 819 5228 ὲκ
850 5174 953 5246 γῆς
977 5174 1380 5251 ταπεινώσεως,
1423 5178 1510 5231 ἵνα
1537 5181 1603 5250 τῇ
1653 5182 1890 5253 έπουρα·

316 5269 410 5335 νίῳ
436 5265 787 5338 συγχορεύσω
807 5265 969 5320 Σιών.

386 5358 405 5429 [
432 5360 527 5410 Ἐν
584 5360 805 5425 πύλαις
846 5356 955 5425 τῆς
981 5356 1271 5427 θυγατρὸς
1299 5356 1468 5411 Σιών.
1520 5359 1606 5412 Ἐν
1635 5362 1701 5431 τῇ
1731 5363 1890 5414 ἕπου-

321 5451 483 5523 ρανίῳ
518 5450 894 5523 Ἰερουσαλήμ.
936 5450 1030 5519 Τὸ,
1054 5451 1409 5520 dammae),
1445 5452 1565 5505 ἀντὶ
1602 5452 1696 5506 τοῦ
1718 5494 1732 5519 ,
1770 5470 1896 5526 χρο-

318 5541 440 5607 νίως
478 5541 737 5616 ᾄσομαι-1

385 5633 752 5689 Γιγώσκεται
780 5633 998 5702 Κύριος
1022 5634 1276 5704 κρίματα
1312 5633 1515 5689 ποιῶν.
1556 5636 1749 5709 Κρίμα
1789 5636 1896 5710 γὰρ

1909 3190 1952 3249 C

1984 3138 2171 3193 omnia
2213 3138 2299 3192 vel
2340 3135 2551 3190 umbris
2596 3132 2949 3189 imbecilliora
2985 3145 3125 3185 esse.
3170 3129 3551 3197 Opportunita-

1992 3242 2095 3286 tem
2132 3240 2294 3286 vocat
2333 3234 2551 3298 tempus
2577 3222 2951 3280 tribulationis
2979 3240 2997 3282 ι
3029 3235 3243 3291 semper
3280 3220 3423 3273 enim
3453 3233 3554 3273 au-

1984 3324 2117 3379 xilio
2167 3337 2414 3394 egemus,
2466 3319 2633 3376 etiam
2677 3317 2733 3372 in
2790 3313 3188 3386 prosperitate:
3247 3325 3436 3366 verum
3496 3311 3551 3364 in

1983 3416 2283 3484 aerumnis,
2350 3413 2682 3470 auxiliorum
2730 3425 2889 3464 usum
2964 3408 3138 3478 magis
3191 3399 3552 3475 experimur;

1983 3495 2255 3571 mendico,
2289 3505 2500 3562 scilicet
2529 3501 2799 3574 spirituali
2835 3499 3037 3571 populo
3078 3498 3174 3552 ait.
3221 3496 3453 3567 Adjutor
3501 3493 3556 3548 in

1985 3599 2467 3673 opportunitatibus
2519 3599 2577 3653 in
2634 3595 3085 3653 tribulationibus.
3143 3591 3211 3648 Ut
3258 3591 3436 3648 illud:
3487 3587 3556 3645 In

1987 3705 2216 3765 tempore
2239 3701 2451 3762 accepto
2476 3691 2725 3750 exaudiui
2756 3701 2804 3743 te
2840 3689 2929 3743 ⁸²⁹.

2056 3785 2145 3842 12.
2183 3785 2413 3840 Psaltite
2432 3784 2658 3841 Domino
2691 3783 2781 3853 qui
2809 3781 3017 3835 habitat
3059 3781 3114 3834 in
3150 3777 3300 3834 Sion.
3348 3779 3409 3832 In
3445 3792 3551 3859 οφ·

1987 3880 2139 3943 lesti,
2185 3878 2394 3949 inquit,
2439 3875 2766 3934 Jerusalem.
2815 3873 3140 3940 Annuntiate
3187 3872 3326 3924 inter
3382 3879 3556 3939 gentes

1987 3972 2168 4027 studia
2205 3970 2344 4040 ejus.
2392 3970 2519 4024 Haec
2550 3966 2708 4037 quasi
2739 3967 2804 4021 ad
2849 3968 3124 4034 apostolos
3157 3972 3209 4017 et
3237 3961 3559 4032 Evangelia-

1989 4078 2111 4118 rum
2143 4075 2425 4133 praecones
2464 4060 2726 4129 loquitur.
2777 4057 2909 4123 Quae
2940 4070 3104 4125 porro
3152 4055 3262 4110 sint
3290 4054 3559 4125 ejusmodi

1991 4159 2168 4214 studia
2197 4158 2251 4212 in
2287 4155 2645 4228 sequentibus
2673 4154 2911 4209 iudicatu

2062 4344 2148 4398 15.
2183 4342 2448 4410 Quoniam
2481 4340 2748 4410 requirens
2772 4338 3079 4407 sanguinem
3107 4352 3285 4392 eorum
3316 4335 3562 4391 ηοω-ἀο-

1994 4446 2078 4491 tus
2112 4430 2211 4490 est.
2246 4434 2604 4507 Sanguinem,
2636 4433 2732 4497 ait,
2761 4447 2861 4503 pro
2895 4431 2990 4486 illo
3026 4429 3254 4486 eﬂ‘usum
3285 4428 3560 4499 requiret,

1921 4554 1963 4609 ι)
1994 4534 2054 4581 ut
2083 4525 2379 4580 vindictam
2418 4522 2671 4594 postulet.

2070 4618 2220 4692 [Non
2257 4627 2333 4672 est
2369 4615 2564 4670 oblitus
2609 4614 2895 4668 clamorem
2932 4627 3240 4681 pauperum.
3291 4609 3563 4679 Panperes

1994 4725 2215 4764 rursum
2266 4715 2431 4763 vocat
2471 4722 2568 4762 eos
2599 4704 2695 4775 qui
2738 4711 2955 4774 propter
2995 4703 3172 4770 ipsum
3228 4700 3560 4765 mendicant,

1995 4806 2090 4875 qui
2139 4802 2359 4858 assidue
2408 4802 2585 4871 ipsum
2614 4798 2891 4868 supplices
2921 4804 3138 4867 rogant,
3180 4795 3566 4865 postulantque

1997 4898 2265 4953 ultionem
2317 4894 2643 4964 injuriarum
2694 4890 2801 4946 sibi
2861 4889 2931 4943 ab
2980 4887 3323 4944 damonibus
3386 4886 3564 4949 illata,-

1995 4990 2166 5063 rum.]

2072 5083 2166 5136 15.
2204 5081 2308 5147 Qui
2334 5080 2541 5135 exultas
2566 5094 2645 5132 me
2676 5077 2740 5131 de
2769 5077 2937 5146 portis
2968 5077 3177 5129 mortis.
3206 5072 3331 5127 Ideo
3357 5070 3566 5125 excitas

1996 5192 2084 5231 me
2122 5192 2204 5257 ‘ex
2241 5184 2383 5229 terra
2435 5169 2875 5233 humiliationis,
2926 5176 2987 5223 ut
3034 5167 3271 5223 choreas
3303 5176 3456 5232 agam
3508 5161 3564 5215 in

1996 5267 2205 5324 cmlesti
2240 5266 2395 5321 Sion.

2068 5358 2176 5431 [In
2236 5359 2404 5428 portis
2467 5357 2596 5426 ﬁlia:
2645 5354 2796 5411 Sion.
2852 5354 2910 5408 In
2966 5349 3172 5407 caelesti
3239 5343 3562 5399 Jerusalem.

1999 5453 2136 5508 Illud
2193 5466 2389 5522 porro,
2454 5451 2794 5513 annuntiem,
2850 5444 3140 5513 intelligas,
3198 5437 3418 5494 assidue
3474 5451 3566 5493 ea-

2003 5562 2150 5602 nam.

2080 5562 2150 5600 m.

2079 5545 2178 5693 1⁸7.1
2196 5638 2545 5709 Cognoscitur
2574 5636 2831 5689 Dominus
2861 5628 3069 5700 judicia
3099 5626 3318 5697 faciens,
3342 5630 3446 5678 etc.
3474 5619 3570 5676 Ju-

320 5725 530 5800 ὀάηθῶς
562 5728 776 5782 δίκαιον
817 5725 879 5779 τὸ
907 5727 1031 5788 τοὺς
1067 5727 1580 5792 κατασκευάσαντας
1626 5729 1878 5795 ἀνθρώπυ

2004 5732 2207 5802 (licium
2242 5744 2479 5801 namque
2506 5729 2666 5801 plane
2690 5726 2897 5797 justum
2931 5728 3044 5787 est;
3065 5728 3123 5774 ut
3155 5718 3192 5772 ii
3223 5716 3315 5788 qui
3341 5722 3570 5770 mortem

390 5841 552 5898 "lsa.
598 5858 725 5909 xxv,
769 5843 824 5897 ‘2.
906 5842 973 5875 ⁸³·
1008 5839 1286 5907 lsa.x1.rx,
1317 5842 1369 5897 2.
