3944 6220
389 373 453 430 S7
1220 369 1278 428 S.
1318 369 1689 424 ATHANASH
1727 367 1877 424 OPP.
1920 367 2101 423 PARS
2140 368 2226 422 Ill.
2271 401 2334 409 ——
2372 368 2782 453 EXEQETICA.
3531 365 3601 422 88

385 487 597 545 homini
628 497 898 553 struxere,
929 489 981 542 in
1036 502 1100 543 ea
1154 489 1269 558 ipsa
1302 502 1362 544 re
1397 490 1941 557 comprehendantur.

2056 487 2273 541 θάνατον
2313 490 2369 541 ἐν
2402 489 2546 559 αύτῷ
2578 488 2993 559 περιληφθῆναι.
3041 486 3192 555 Τάχα
3238 484 3361 538 ἐπεὶ
3392 484 3485 539 καὶ
3520 480 3603 548 οἷς

387 576 639 637 Fortasse
665 579 685 648 (
711 580 764 634 id
797 580 913 650 ait)
949 582 1077 649 quia
1098 579 1147 647 ii
1178 580 1233 633 in
1282 592 1422 649 quos
1452 578 1623 632 fertur
1652 579 1939 649 judicium,

387 671 618 739 iudicem
654 682 981 740 cognoscent
1012 679 1253 740 tempore
1277 669 1490 740 judicii.

2046 579 2105 631 τὸ
2132 581 2304 651 κρίμα
2325 581 2545 647 γίνεται,
2571 578 2864 648 γνώσονται
2890 578 2979 632 τὸν
3022 578 3271 649 κρίνοντα
3322 578 3380 629 ὲν
3430 575 3606 649 και.ρῷ

2046 672 2294 741 κρίσεως.

454 761 540 817 18.
585 761 772 815 Daniel
801 760 1072 816 Barbarus
1099 776 1118 815 :
1142 761 1523 816 Canvertantur
1555 771 1845 830 peccatores
1884 763 1936 814 in
1994 763 2276 831 infernum.
2317 764 2593 819 Daemones
2636 765 2861 829 scilicet,
2909 771 2963 817 et
2992 763 3304 833 quicunque
3354 759 3461 814 illis
3491 773 3607 814 ser.

384 856 616 909 \ierunt.
657 852 846 908 Omnes
872 862 1042 923 gentes
1081 869 1196 925 qua
1231 853 1604 907 obliviscuntur
1649 856 1828 907 Deum.
1871 852 2064 917 Graeci,
2102 854 2360 921 hmretici,
2395 854 2583 910 Judaei.

453 944 544 998 ΞΟ.
579 944 833 1015 Exsurge,
864 945 1106 1009 Domine,
1136 962 1235 999 non
1262 945 1588 1014 confortatur
1614 947 1785 999 homo.
1819 943 1945 998 Pre-

385 1046 539 1090 catur
558 1033 903 1105 Unigenitum
928 1037 981 1090 in
1012 1038 1175 1092 terris
1200 1036 1551 1102 illucescere;
1583 1052 1650 1091 ne
1673 1039 1946 1107 superbus

386 1126 477 1180 ille
505 1125 773 1191 diabolus,
809 1141 970 1196 quem
1024 1128 1078 1180 in
1133 1128 1385 1196 praesenti
1440 1141 1597 1182 vocat
1645 1128 1944 1188 hominem,

386 1218 734 1287 supercilium
769 1219 908 1273 ultra
944 1219 1114 1273 tollat.
1158 1218 1475 1273 Judicentur
1502 1229 1674 1289 gentes
1712 1219 1772 1271 in
1818 1235 1942 1272 cono

386 1317 560 1375 spectu
614 1318 722 1361 tuo.
766 1307 1069 1365 Salutarem
1121 1313 1359 1379 gentium
1404 1309 1743 1364 vocationem
1794 1319 1946 1380 rugat

387 1398 552 1454 citius
580 1400 789 1455 adesse.

457 1577 541 1631 2|.
573 1577 865 1639 Constitue,
898 1580 1133 1643 Domine,
1154 1578 1504 1649 legislaturem
1529 1596 1682 1647 super
1711 1595 1815 1632 eos.
1848 1578 1948 1631 Ec-

2128 946 2464 1014 Ἀνάστηθι,
2496 949 2691 1014 Κύριε,
2732 948 2817 1017 μὴ
2848 947 3254 1014 κραταιούσθω
3276 944 3603 1012 ἅνθρωπος.

2059 1036 2412 1107 Ἐπιλάμψειν
2460 1040 2571 1101 τοῖς
2620 1038 2711 1090 ἐπὶ
2738 1037 2839 1107 γῆς
2878 1036 3094 1106 εὔχεται
3153 1035 3242 1087 τὸν
3296 1033 3603 1103 Μονογενῆ·

2045 1132 2193 1193 ὅπως
2220 1132 2249 1184 ό
2271 1130 2593 1202 ὑψηλόφρων
2621 1131 2820 1192 ἐκεῖνος
2843 1128 3104 1191 διάϐολος,
3127 1127 3186 1180 ὃν
3213 1127 3304 1180 καὶ
3325 1126 3609 1198 ἄνθρωπον

2046 1221 2139 1274 ἐπὶ
2161 1221 2255 1273 τοῦ
2286 1222 2548 1292 παρόντος
2592 1221 2764 1282 καλεῖ,
2799 1220 2891 1272 ἐπὶ
2946 1218 3113 1271 πλείω
3150 1216 3223 1288 μὴ
3253 1218 3454 1289 ὲπαέρῃ
3507 1217 3609 1289 τὴν

2048 1309 2237 1380 ὀφρύν.
2263 1308 2643 1377 Κριθήτωσαν
2662 1309 2804 1375 ἔθνη
2824 1308 3078 1361 ἐνώπιόν
3102 1323 3235 1360 σου.
3264 1307 3372 1376 Τὴν
3394 1306 3486 1359 ἐπὶ
3511 1321 3611 1359 σω-

2046 1402 2210 1472 τηρίᾳ
2235 1401 2528 1473 γενομένην
2557 1400 2660 1453 τῶν
2690 1399 2855 1452 ἐθνῶν
2879 1400 3066 1469 κλῆσιν
3094 1397 3430 1451 ἐπισπεύδων
3458 1396 3613 1470 elixa-

2050 1511 2154 1545 ται.

2121 1585 2534 1651 Κατάστησον,
2570 1584 2760 1650 Κύριε,
2786 1583 3111 1651 νομοθέτην
3133 1582 3223 1634 ἐπ’
3245 1582 3483 1646 αὐτούς.
3501 1581 3611 1635 Καὶ
3697 1627 3716 1644 ,

387 1669 511 1737 quis
543 1669 820 1739 legislator
853 1672 963 1733 ille,
998 1671 1101 1725 nisi
1133 1669 1224 1739 qui
1261 1668 1392 1725 Novi
1414 1668 1744 1724 Testamenti
1778 1671 1944 1738 legem

2056 1677 2131 1740 τίς
2159 1677 2187 1728 ὁ
2210 1676 2505 1746 νομοθέτης
2530 1674 2562 1745 ἦ
2592 1676 2620 1727 ὁ
2651 1675 2738 1727 τὸν
2768 1675 2868 1743 τῆς
2914 1674 3119 1743 Καινῆς
3147 1672 3420 1744 Διαθήκης
3447 1673 3608 1743 νόμον

388 1760 549 1814 nobis
581 1761 831 1815 induxit?
856 1761 1037 1815 Sciant
1067 1771 1239 1830 gentes
1268 1763 1514 1831 quoniam
1542 1762 1774 1816 homines
1803 1770 1943 1815 sunt.

386 1848 490 1904 Per
516 1851 787 1920 ingentem
813 1851 1122 1904 dremonum
1166 1850 1459 1913 fallaciam,
1494 1853 1547 1904 in
1574 1851 1946 1921 jumentorum

388 1957 596 1996 morem
650 1944 964 1997 commutati
1018 1952 1214 2004 erant,
1267 1953 1326 1997 ut
1370 1943 1435 1998 de
1478 1943 1585 1999 illis
1639 1943 1945 1998 diceretur:

390 2032 741 2101 Comparatus
788 2046 866 2088 est
900 2036 1157 2103 jumentis
1209 2034 1607 2104 insipientibus,
1662 2045 1710 2088 et
1760 2036 1949 2090 similis

389 2124 565 2193 factus
588 2135 663 2177 est
694 2126 804 2178 illis
836 2126 902 2179 ⁸³.

663 2235 903 2292 ιιδειιιι
917 2236 1003 2292 US
1030 2237 1079 2290 Χ
1112 2239 1395 2291 secundum
1435 2238 1700 2293 Hebrwos.

462 2328 513 2380 l.
552 2327 747 2399 thuid
767 2371 780 2393 ,
812 2330 1050 2393 Domine,
1086 2330 1347 2383 recessisti
1385 2330 1554 2400 longe.
1591 2328 1764 2400 Rogat
1797 2346 1950 2383 acce-

389 2419 550 2474 lerari
585 2423 823 2491 gentium
873 2423 1212 2474 vocationem
1268 2421 1481 2474 modico
1539 2432 1660 2489 post
1708 2430 1950 2490 tempore

388 2505 650 2564 futuram.
690 2509 925 2580 ldipsum
962 2518 1143 2564 autem
1180 2508 1357 2565 cﬂ‘ucit
1392 2511 1598 2565 diaboli
1635 2511 1910 2580 superbia.

456 2683 510 2737 2.
529 2683 667 2737 Dum
693 2683 922 2752 superbit
946 2684 1159 2753 impius,
1178 2684 1476 2738 incenditur
1498 2702 1718 2754 pauper.
1747 2683 1947 2754 Super-

392 2776 501 2840 bia,
537 2775 734 2844 inquit,
772 2774 1028 2843 improbi,
1057 2775 1214 2844 quasi
1249 2775 1558 2829 incendium
1593 2785 1677 2830 est
1702 2776 1946 2845 pauperi,

389 2867 593 2937 pOpulo
640 2866 848 2921 scilicet
878 2876 991 2921 tuo.
1051 2866 1574 2936 Compreltenduntur
1609 2868 1664 2923 in
1711 2868 1945 2922 consiliis

388 2956 576 3029 quibus
636 2958 887 3028 cogitant.
947 2957 1000 3011 ω
1058 2967 1160 3022 est,
1213 2960 1760 3028 comprehendentur.
1808 2958 1942 3014 Nam

389 3056 449 3105 tt:
466 3063 548 3113 es,
567 3049 764 3119 inquit,
794 3049 888 3119 qui
915 3048 1334 3118 comprehendis
1366 3052 1637 3119 sapientes
1664 3050 1717 3104 in
1748 3051 1946 3106 astutia

389 3155 577 3198 eorum
599 3139 667 3197 “.

459 3230 514 3290 3.
543 3232 802 3298 Quoniam
831 3234 1084 3288 laudatur
1109 3244 1351 3304 peccator
1378 3236 1431 3289 in
1456 3232 1730 3289 desideriis
1758 3236 1947 3290 animm

388 3340 519 3379 sum.
550 3324 745 3389 Tanta,
800 3326 993 3395 inquit,
1040 3324 1140 3379 fuit
1171 3326 1289 3395 ejus
1342 3325 1651 3389 clementia,
1700 3334 1780 3393 ut,
1821 3328 1947 3396 quia

390 3417 545 3488 impii
574 3418 821 3488 impuniti
857 3420 1229 3483 remanebant,
1256 3418 1474 3473 demum
1509 3418 1650 3488 apud
1680 3419 1944 3487 quosdam

390 3509 745 3565 stultissimos
796 3511 1042 3567 homines
1080 3525 1268 3566 eorum
1316 3510 1426 3564 vita
1479 3519 1697 3581 accepta
1723 3518 1947 3566 essetet

388 3600 724 3656 laudaretur.

458 3692 513 3747 4.
555 3691 903 3747 Exacerbavit
952 3693 1238 3748 Dominum
1286 3703 1548 3763 peccator.
1592 3691 1950 3747 Exacerbavit

388 3783 606 3854 quidem
639 3784 914 3840 irridendo
942 3786 1088 3840 illius
1111 3786 1177 3840 de
1201 3785 1537 3855 providentia
1561 3793 1615 3839 et
1641 3785 1706 3838 de
1742 3782 1948 3852 judicio

387 3875 573 3932 verba.
610 3875 762 3937 Multi
789 3892 1023 3948 namque
1063 3893 1186 3932 cum
1236 3877 1613 3947 hujuscemodi
1666 3874 1947 3946 quidpiam

388 3967 639 4036 audiunt,
664 3970 850 4025 statim
867 3970 1065 4024 rident.
1088 3967 1198 4024 Hoc
1227 3979 1411 4023 autem
1437 3967 1819 4037 subiungitur:
1855 3964 1949 4030 Se-

386 4065 621 4122 cundum
654 4062 1041 4116 multitudinem
1072 4063 1165 4116 ira:
1210 4079 1338 4115 sum.
1398 4059 1470 4115 Ut
1512 4060 1587 4114 ita
1646 4075 1706 4115 se
1754 4060 1949 4114 habeat

388 4168 497 4213 tota
531 4155 826 4210 sententia:
860 4152 1217 4207 Exacerbavit
1246 4150 1559 4216 Dominum,
1592 4149 1787 4218 inquit,
1821 4163 1947 4217 pec-

387 4258 563 4312 cator,
612 4244 1016 4300 multitudinem
1060 4245 1154 4298 irm
1204 4244 1308 4298 sibi
1357 4242 1757 4296 thesaurizans.
1810 4237 1944 4294 Illud

2051 1770 2178 1839 ἡμῖν
2202 1767 2662 1838 εἰσηγησάμενος;
2689 1764 3022 1820 Γνώτωσαν
3048 1762 3190 1833 ἔθνη
3213 1805 3228 1829 ,
3261 1756 3349 1818 ὅτι
3387 1764 3610 1833 ἂνθρω-

2050 1861 2151 1913 ποί
2200 1863 2335 1914 εἱσι.
2362 1860 2439 1931 Τῇ
2485 1859 2755 1931 ὑπερϐολῇ
2785 1861 2883 1929 τῆς
2927 1857 3035 1911 τῶν
3080 1856 3370 1926 δαιμονίων
3395 1857 3611 1927 ἀπάτης

2049 1952 2126 2015 εἰς
2159 1952 2369 2022 κτηνῶν
2406 1948 2978 2023 ἦσαν-μετενεχθέντες
2998 1951 3226 2022 τρόπον’
3258 1949 3333 2011 ὼς
3357 1947 3611 2016 λέγεσθαι

2050 2046 2179 2115 περὶ
2213 2044 2392 2099 αὐτῶν
2413 2061 2425 2074 ·
2462 2041 2973 2113 Παρασυνεϐλήθη
3026 2041 3150 2108 τοῖς
3182 2039 3434 2109 κτήνεσι
3482 2037 3609 2106 τοῖς

2048 2138 2326 2207 ἀνοήτοις
2350 2137 2446 2191 καὶ
2473 2135 2736 2206 ὡμοιώθη
2765 2134 2988 2199 αὐτοῖς.

2638 2224 2942 2276 mannos
2977 2224 3040 2293 ι’,

2120 2318 2253 2371 Ἵνα
2278 2316 2354 2380 τί,
2376 2316 2569 2383 Κύριε,
2595 2313 2942 2383 ἀφέστηκας
2966 2315 3295 2383 μακρόθεν;
3323 2310 3612 2382 Ἐπιταχῦ-

2050 2426 2136 2462 ναι
2167 2407 2261 2478 τὴν
2312 2406 2517 2477 μακρὸν
2576 2405 2800 2476 ὕστερον
2845 2405 3213 2475 γενησομένην
3273 2402 3463 2474 κλῆσιν
3497 2401 3610 2454 τῶν

2050 2498 2217 2552 ἐθνῶν
2255 2496 2492 2567 εὔχεται.
2524 2496 2692 2549 Τοῦτο
2717 2496 2773 2548 δὲ
2811 2496 2941 2550 αὐτὸ
2972 2493 3267 2565 πεποίηκεν
3301 2495 3335 2562 ὴ
3360 2490 3454 2545 τοῦ
3497 2490 3611 2544 δια-

2050 2590 2203 2644 ϐόλου
2244 2587 2527 2661 ὑπεροψία.

2131 2687 2226 2739 Ἑν
2252 2682 2328 2749 τῷ
2350 2682 2902 2751 ὑπερηφανεύεσθαι
2942 2680 3049 2733 τὸν
3090 2676 3280 2747 ἀσεϐῆ
3309 2674 3612 2747 ἐμπυρίζο-

2048 2796 2142 2833 ται
2162 2782 2195 2833 ό
2221 2777 2473 2847 πτωχός.
2511 2777 2573 2828 'H
2606 2772 2893 2844 ὑπεροψία,
2921 2771 3074 2843 φησὶ,
3108 2771 3202 2825 τοῦ
3227 2767 3482 2841 πονηροῦ,
3505 2767 3610 2822 πύ-

2056 2887 2215 2943 ρωσις
2245 2870 2323 2940 τῷ
2356 2867 2555 2939 πτωχῷ
2590 2884 2682 2919 σου
2715 2866 2921 2933 γίνεται
2960 2863 3098 2935 λαῷ·
3147 2860 3611 2930 Συλλαμϐάνον-

2050 2979 2144 3015 ται
2184 2962 2254 3014 ἐν
2283 2960 2662 3023 διαϐουλίοις,
2695 2953 2784 3022 οἷς
2821 2954 3267 3025 διαλογίζονται.
3311 2953 3453 3006 Ἀντὶ
3491 2951 3606 3016 τοῦ,

2050 3050 2533 3124 συλληφθήσονται.
2577 3051 2647 3103 Σὺ
2691 3050 2799 3120 γὰρ
2836 3044 2916 3111 εἷ,
2946 3048 3129 3117 φησιν,
3171 3047 3201 3098 ό
3245 3042 3610 3116 δρασσόμενος

2046 3145 2172 3207 τοὺς
2204 3144 2401 3212 σοφοὺς
2430 3144 2487 3195 ὲν
2507 3145 2571 3212 τῇ
2604 3141 2903 3212 πανουργίᾳ
2929 3139 3126 3194 αὐτῶν.

2121 3233 2240 3285 Ὅτι
2261 3230 2581 3285 ἐπαινεῖται
2596 3233 2629 3284 ὁ
2657 3228 2999 3299 ἁμαρτωλὸς
3022 3229 3091 3282 ἐν
3113 3228 3240 3294 ταῖς
3275 3226 3611 3298 ἐπιθυμίαις

2047 3322 2158 3391 τῆς
2188 3321 2396 3390 ψυχῆς
2426 3320 2630 3374 αὐτοῦ.
2659 3319 2925 3391 Τοσαύτη,
2964 3320 3133 3391 φησὶ,
3170 3318 3391 3388 γέγονεν
3437 3318 3611 3389 ήνὰν-

2047 3415 2318 3481 ιξικακία,
2373 3415 2448 3477 ὡς
2481 3414 2591 3478 καὶ,
2637 3412 2721 3466 διὰ
2753 3412 2809 3465 τὸ
2859 3413 3235 3482 ἀτιμωρήτους
3273 3410 3453 3482 μένειν
3484 3410 3611 3471 τοὺς

2047 3505 2282 3571 ἀσεϐεῖς,
2314 3504 2497 3557 λοιπὸν
2523 3504 2617 3557 καὶ
2646 3503 2797 3574 παρὰ
2817 3518 2925 3556 τισι
2955 3501 3062 3555 τῶν
3083 3499 3447 3572 ἀνοητοτέρων
3475 3498 3611 3552 ἀπό-

2047 3595 2233 3649 δεκτον
2262 3596 2442 3658 αὐτοῖς
2468 3590 2606 3647 εἶναι
2630 3594 2719 3645 τὸν
2747 3593 2879 3663 βίον.

2118 3682 2436 3763 Παρῴξυνε
2465 3684 2569 3737 τὸν
2594 3685 2810 3751 Κύριον
2835 3687 2866 3736 ὀ
2899 3681 3261 3752 ἁμαρτωλός.
3310 3678 3605 3752 Παρώξυνε

2052 3779 2149 3849 μὲν
2176 3777 2448 3849 χλευάζων
2488 3776 2613 3839 τοὺς
2642 3777 2769 3847 περὶ
2803 3775 3054 3846 προνοίας
3105 3775 3197 3827 καὶ
3235 3773 3331 3843 τῆς
3374 3772 3610 3843 κρίσεως

2048 3868 2210 3923 αὐτοῦ
2239 3867 2448 3936 λόγους.
2474 3868 2663 3922 Πολλοὶ⁹
2696 3869 2792 3939 μὲν
2814 3868 2922 3938 γὰρ
2946 3866 3236 3929 ἀκούοντες
3277 3863 3518 3918 τοιοῦτόν
3552 3880 3609 3918 τι

2047 3959 2275 4030 γελῶσιν
2307 3957 2505 4022 εὐθέως
2524 3976 2537 3989 ·
2566 3959 2723 4012 τοῦτο
2756 3958 2812 4011 δὲ
2850 3959 3174 4012 συνάπτεται
3198 3997 3212 4015 ,
3255 3955 3316 4008 τὸ
3354 3955 3517 4009 Κατὰ
3540 3954 3608 4008 τὸ

2047 4051 2278 4119 πλῆθος
2323 4049 2432 4118 τῆς
2469 4049 2651 4118 ὀργῆς
2680 4048 2864 4103 αὐτοῦ
2889 4065 2902 4078 ·
2933 4048 3017 4101 ἵνα
3124 4046 3183 4099 τὸ
3231 4045 3350 4099 ὅλον
3403 4044 3605 4108 οὓτωςο

2047 4141 2337 4214 Παρώξυνε
2372 4142 2462 4194 τὸν
2486 4141 2708 4210 Κύριον,
2747 4140 2929 4209 φησιν,
2957 4141 2984 4190 ό
3019 4137 3369 4210 ἁμαρτωλὸς,
3405 4135 3608 4204 πλῆθος

2045 4232 2213 4304 όργῆς
2265 4230 2441 4300 ἐαυτῷ
2467 4229 2828 4300 Θησαυρξζων.
2882 4229 2955 4281 Τὸ
2998 4230 3125 4299 γὰρ,
3157 4228 3363 4291 αὐτοῦ,
3393 4227 3487 4281 ἐπὶ
3510 4224 3607 4279 τοῦ

384 4338 554 4402 enim,
588 4351 717 4399 suat,
746 4335 813 4388 de
835 4335 1197 4389 exacerbante
1219 4342 1303 4387 est
1324 4331 1721 4401 accipiendum.
1743 4328 1944 4384 Deinde

2056 4321 2447 4392 παροξύναντος
2476 4319 2727 4388 ληπτέον.
2761 4314 2891 4371 Εἶτα
2914 4319 2973 4371 τὸ
3008 4318 3398 4388 ἐπιφερόμενον
3425 4314 3605 4379 τοῦτο,

383 4429 532 4500 quod
570 4427 774 4483 dicitur
804 4445 817 4457 -
851 4443 953 4477 non
991 4435 1206 4494 qureret,
1240 4440 1365 4477 cum
1403 4417 1838 4491 interpunctioné
1873 4421 1946 4475 le-

385 4520 642 4591 gendum,
667 4529 725 4572 ut
753 4519 824 4571 ita
868 4517 1312 4584 intelligaturzAn
1349 4514 1439 4569 ille
1463 4515 1624 4567 homo
1653 4512 1820 4566 Deum
1853 4527 1945 4565 ex-

384 4609 624 4668 acerbat,
655 4609 749 4661 ira!
781 4608 883 4660 sibi
913 4605 1343 4675 magnitudmcm
1373 4603 1697 4667 accendens,
1725 4610 1780 4655 et
1804 4599 1945 4656 Deus

384 4715 492 4755 non
533 4700 776 4770 quaeret?
802 4700 935 4752 Cum
964 4698 1401 4765 interpunCtione
1430 4695 1613 4764 itaque
1634 4692 1942 4764 legendum,

383 4803 444 4848 ut
475 4793 545 4848 sit
569 4793 658 4846 hic
692 4807 887 4846 sensus
915 4807 927 4844 :
957 4788 1154 4841 Annon
1188 4794 1393 4855 quaeret
1429 4787 1568 4839 Deus
1588 4785 1611 4838 ?
1632 4799 1811 4839 annon
1845 4782 1945 4837 tri-

381 4887 510 4942 buet
537 4885 638 4954 ipsi
672 4883 969 4939 secundum
1004 4880 1162 4940 iram.
1211 4894 1374 4949 quam
1422 4877 1523 4933 sibi
1556 4876 1944 4932 thesaurizarit

378 4979 435 5035 in
467 4980 556 5035 die
582 4978 675 5031 irte
701 4993 811 5031 sua:
841 4976 865 5028 ἲ

450 5070 502 5124 5.
540 5065 662 5121 Non
690 5077 767 5119 est
796 5064 930 5117 Deus
957 5064 1011 5116 in
1038 5070 1313 5130 conspectu
1342 5061 1477 5127 ejus.
1515 5058 1731 5119 Initium
1764 5057 1941 5111 omnis

377 5159 607 5231 improbi
655 5157 833 5228 operis
885 5166 967 5210 est
1012 5152 1181 5209 Deum
1234 5168 1341 5207 non
1392 5151 1631 5221 cogitare
1676 5149 1936 5231 judieem.

378 5230 707 5321 Auferuntur
735 5249 944 5319 judicia
976 5257 1067 5300 tua
1104 5265 1136 5300 a
1163 5247 1300 5315 [acie
1334 5244 1468 5314 ejus.
1503 5241 1636 5296 Nam
1663 5240 1756 5310 qui
1784 5230 1938 5309 i‘guo-
1972 5317 1975 5320 ἠ

377 5357 461 5399 rat
487 5359 605 5399 esse
624 5343 814 5405 Deum,
845 5342 1060 5411 ignorat
1091 5338 1215 5391 item
1248 5351 1369 5391 esse
1394 5335 1655 5402 judicent.
1691 5331 1935 5386 Omnium

376 5434 709 5487 inimicorum
744 5447 961 5486 suarum
1008 5426 1391 5482 dominabitur.
1444 5424 1633 5479 Simile
1685 5433 1767 5477 est
1815 5421 1935 5475 illi:

379 5521 687 5578 Universum
732 5524 909 5578 orbem
966 5537 1126 5575 manu
1172 5516 1603 5588 comprehendam
1654 5515 1807 5584 quasi
1857 5514 1940 5565 ni-

373 5612 579 5667 dum“.
610 5613 761 5666 Dixit
789 5615 928 5667 enim
960 5616 1013 5667 in
1051 5612 1208 5666 corde
1233 5623 1360 5665 suo:
1388 5607 1511 5662 Non
1542 5605 1800 5670 movebar,
1828 5613 1932 5660 etc.

2050 4416 2161 4467 οὐκ
2196 4411 2524 4480 ἐκζητήσει,
2561 4410 2678 4465 καθ’
2709 4412 3047 4482 ὑποστιγμὴν
3078 4409 3477 4477 ἀναγνωστέον·
3518 4408 3608 4461 ἵνα

2048 4503 2080 4580 ᾗ
2108 4505 2167 4558 τὸ
2195 4503 2477 4575 νοούμενον
2502 4502 2674 4565 οὕτως
2697 4519 2709 4531 ·
2745 4498 2868 4574 'Ap‘
2907 4499 2998 4556 οὖν
3028 4504 3056 4555 ό
3087 4501 3183 4573 μὲν
3206 4498 3494 4571 παροξύνει
3516 4497 3608 4553 τὸν

2046 4596 2196 4660 Θεὸν,
2227 4596 2403 4649 καίτοι
2435 4594 2636 4664 πλῆθος
2676 4594 2824 4665 αὐτῷ
2852 4594 3086 4648 ἐκκαίων
3120 4594 3322 4664 ὀργῆς,
3361 4593 3390 4644 ό
3417 4591 3474 4643 δὲ
3505 4589 3607 4644 οὐκ

2045 4687 2369 4759 ὲκζητήσει;
2419 4686 2555 4741 Καθ’
2594 4687 2935 4755 ύποστιγμὴν
2978 4686 3375 4756 ὴάνὰγνωσις,
3417 4676 3602 4753 ἴναῇ·

2046 4780 2158 4833 Οὐκ
2204 4776 2515 4847 ἐκζητήσει,
2560 4778 2743 4847 φησὶν,
2771 4778 2799 4829 ό
2826 4775 2975 4838 Θεὸς,
3002 4776 3096 4828 καὶ
3142 4772 3408 4826 ἀποδώσει
3457 4768 3606 4840 αὐτῷ

2045 4871 2183 4926 κατὰ
2212 4872 2309 4941 τὴν
2358 4869 2555 4940 ὀργὴν,
2596 4870 2660 4939 ἢν
2708 4867 2885 4938 ἐαυτῷ
2916 4865 3272 4937 ὲΟησαύρισεν
3317 4865 3375 4916 ὲν
3423 4860 3606 4933 ἡμέρᾳ

2042 4964 2210 5035 ὀργῆς
2243 4958 2437 5020 αὑτοῦ;

2107 5058 2228 5110 Οὐκ
2253 5057 2423 5110 ἔστιν
2450 5058 2482 5108 ὀ
2522 5052 2664 5117 Θεὸς
2700 5050 2952 5104 ἐνώπιον
2985 5047 3189 5102 αὐτοῦ.
3228 5045 3390 5117 Ἀρχὴ
3425 5042 3606 5112 πάσης

2008 5190 2013 5199 .
2042 5149 2283 5219 πονηρᾶς
2310 5146 2556 5218 πράξεως
2595 5145 2656 5197 τὸ
2683 5145 2755 5215 μὴ
2784 5140 3091 5210 λογίζεσθαι
3114 5137 3302 5210 κριτὴν
3331 5133 3566 5189 τὸνθεόν
3584 5147 3602 5164 ⁶

2053 5239 2474 5306 Ἀντιιναίρεται
2498 5236 2570 5290 τὰ
2596 5232 2844 5303 χρίματὰ
2865 5247 2980 5285 σου
3002 5230 3116 5285 ἀπὸ
3147 5224 3468 5297 προσώπου
3492 5226 3604 5278 αὺ-

2041 5332 2165 5387 τοῦ.
2207 5333 2264 5386 Ὀ
2296 5330 2406 5403 γὰρ
2437 5330 2509 5401 μὴ
2536 5327 2916 5397 ἐπιστάμενος,
2945 5325 3026 5378 ὃτι
3047 5322 3161 5376 ἐστι
3194 5320 3344 5384 Θεὸς,
3369 5318 3489 5372 οὐδὲ
3519 5318 3602 5370 ὃτι

2040 5426 2232 5498 κριτής
2267 5426 2410 5477 ἐστιν
2443 5419 2571 5476 οἶδε.
2607 5420 2851 5475 Πάντων
2881 5417 2999 5473 τῶν
3028 5414 3253 5487 ἐχθρῶν
3283 5411 3467 5468 αὑτοῦ
3495 5426 3602 5464 θια-

2038 5515 2434 5584 τακυριεύσει.
2488 5514 2710 5583 Ὅμοιον
2755 5510 2818 5564 τὸ
2845 5549 2860 5573 ,
2916 5510 2957 5564 Τ
2963 5509 3040 5578 ὴν
3067 5504 3423 5575 οικουμέιην
3449 5502 3604 5572 ὅλην

2030 5604 2456 5675 ’καταλήψομαι
2478 5603 2552 5674 τῇ
2576 5604 2728 5675 χειρί
2750 5620 2867 5672 μου
2893 5605 2973 5669 ὡς
3000 5596 3278 5656 νοσσιὰν.
3323 5592 3467 5652 Eine
3492 5593 3603 5665 γὰρ

418 5798 423 5801 -
452 5764 647 5823 “Psal.
674 5782 861 5834 XLVIII,
901 5765 984 5821 l3.
1060 5763 1225 5822 "Job
1257 5780 1312 5829 ν,
1354 5760 1435 5817 ιδ.
1514 5762 1557 5795 ⁸⁸
1583 5760 1687 5817 lsa-
1718 5776 1772 5825 ῐ,
1814 5758 1900 5825 Η»
1931 5762 1944 5829 l

2059 5776 2088 5818 ι
2118 5746 2281 5817 Ιιῖεἶ.
