  <div class='ocr_page' id='page_1' title='image "/cluster/home/n/w/nwhite01/storage/ocr_20150623/27/mdp.39015007065769/052.png"; bbox 0 0 3944 6220; ppageno 0'>
   <div class='ocr_carea' id='block_1_1' title="bbox 291 389 1875 465">
    <p class='ocr_par' dir='ltr' id='par_1_1' title="bbox 291 389 1873 449">
     <span class='ocr_line' id='line_1_1' title="bbox 291 389 1873 449; baseline -0.001 -2"><span class='ocrx_word' id='word_1_1' title='bbox 291 389 361 447; x_wconf 74' lang='lat'><strong>89</strong></span> <span class='ocrx_word' id='word_1_2' title='bbox 1450 390 1814 449; x_wconf 76' lang='lat' dir='ltr'><strong>EXPOSITIO</strong></span> <span class='ocrx_word' id='word_1_3' title='bbox 1854 392 1873 446; x_wconf 85' lang='grc'><strong>1</strong></span> 
     </span>
    </p>
   </div>
   <div class='ocr_carea' id='block_1_2' title="bbox 1992 389 3537 465">
    <p class='ocr_par' dir='ltr' id='par_1_2' title="bbox 1992 394 3537 465">
     <span class='ocr_line' id='line_1_2' title="bbox 1992 394 3537 465; baseline -0.001 -15"><span class='ocrx_word' id='word_1_4' title='bbox 1992 394 2293 451; x_wconf 47' lang='lat' dir='ltr'><strong>situmst</strong></span> <span class='ocrx_word' id='word_1_5' title='bbox 2334 396 2395 453; x_wconf 86' lang='lat' dir='ltr'><strong>x.</strong></span> <span class='ocrx_word' id='word_1_6' title='bbox 3466 408 3537 465; x_wconf 80' lang='lat'><strong>90</strong></span> 
     </span>
    </p>
   </div>
   <div class='ocr_carea' id='block_1_3' title="bbox 298 498 1875 587">
    <p class='ocr_par' dir='ltr' id='par_1_3' title="bbox 298 498 1875 578">
     <span class='ocr_line' id='line_1_3' title="bbox 298 498 1875 578; baseline -0.002 -13"><span class='ocrx_word' id='word_1_7' title='bbox 298 514 367 565; x_wconf 68' lang='grc' dir='ltr'><strong>ἐν</strong></span> <span class='ocrx_word' id='word_1_8' title='bbox 504 509 731 577; x_wconf 78' lang='grc' dir='ltr'>καρδίᾳ</span> <span class='ocrx_word' id='word_1_9' title='bbox 755 507 943 564; x_wconf 80' lang='grc' dir='ltr'>αὐτοῦ</span> <span class='ocrx_word' id='word_1_10' title='bbox 962 524 976 540; x_wconf 83' lang='grc'><em>’</em></span> <span class='ocrx_word' id='word_1_11' title='bbox 1012 509 1096 563; x_wconf 78' lang='grc' dir='ltr'><strong>Οὐ</strong></span> <span class='ocrx_word' id='word_1_12' title='bbox 1118 508 1203 578; x_wconf 83' lang='grc' dir='ltr'>μὴ</span> <span class='ocrx_word' id='word_1_13' title='bbox 1232 508 1526 565; x_wconf 64' lang='grc' dir='ltr'>σαλευθῶ.</span> <span class='ocrx_word' id='word_1_14' title='bbox 1574 510 1716 562; x_wconf 80' lang='grc' dir='ltr'>Ἀντὶ</span> <span class='ocrx_word' id='word_1_15' title='bbox 1740 508 1834 562; x_wconf 80' lang='grc' dir='ltr'>τοῦ</span> <span class='ocrx_word' id='word_1_16' title='bbox 1861 527 1875 541; x_wconf 87' lang='grc'><strong>·</strong></span> 
     </span>
    </p>
   </div>
   <div class='ocr_carea' id='block_1_4' title="bbox 1992 498 3536 587">
    <p class='ocr_par' dir='ltr' id='par_1_4' title="bbox 1992 510 3536 583">
     <span class='ocr_line' id='line_1_4' title="bbox 1992 510 3536 583; baseline 0.009 -20"><span class='ocrx_word' id='word_1_17' title='bbox 1992 510 2037 564; x_wconf 96' lang='lat' dir='ltr'><strong>ld</strong></span> <span class='ocrx_word' id='word_1_18' title='bbox 2066 523 2188 567; x_wconf 91' lang='lat' dir='ltr'><strong>est:</strong></span> <span class='ocrx_word' id='word_1_19' title='bbox 2224 512 2341 567; x_wconf 83' lang='lat' dir='ltr'><strong>Non</strong></span> <span class='ocrx_word' id='word_1_20' title='bbox 2395 513 2624 568; x_wconf 85' lang='lat' dir='ltr'><strong>inducar</strong></span> <span class='ocrx_word' id='word_1_21' title='bbox 2663 514 2715 566; x_wconf 90' lang='lat' dir='ltr'><strong>in</strong></span> <span class='ocrx_word' id='word_1_22' title='bbox 2766 526 3029 583; x_wconf 82' lang='lat' dir='ltr'><strong>errorem,</strong></span> <span class='ocrx_word' id='word_1_23' title='bbox 3086 533 3191 573; x_wconf 90' lang='lat' dir='ltr'><strong>non</strong></span> <span class='ocrx_word' id='word_1_24' title='bbox 3225 528 3437 575; x_wconf 83' lang='lat' dir='ltr'><strong>evertar</strong></span> <span class='ocrx_word' id='word_1_25' title='bbox 3480 524 3536 577; x_wconf 88' lang='lat' dir='ltr'><strong>in</strong></span> 
     </span>
    </p>
   </div>
   <div class='ocr_carea' id='block_1_5' title="bbox 304 600 1863 674">
    <p class='ocr_par' dir='ltr' id='par_1_5' title="bbox 304 600 1863 674">
     <span class='ocr_line' id='line_1_5' title="bbox 304 600 1863 674; baseline -0.002 -16"><span class='ocrx_word' id='word_1_26' title='bbox 304 603 374 658; x_wconf 75' lang='grc' dir='ltr'><strong>οὐ</strong></span> <span class='ocrx_word' id='word_1_27' title='bbox 415 600 488 674; x_wconf 79' lang='grc' dir='ltr'>μὴ</span> <span class='ocrx_word' id='word_1_28' title='bbox 526 602 744 671; x_wconf 76' lang='grc' dir='ltr'>σφάλω,</span> <span class='ocrx_word' id='word_1_29' title='bbox 778 603 842 657; x_wconf 85' lang='grc' dir='ltr'>οὐ</span> <span class='ocrx_word' id='word_1_30' title='bbox 885 602 958 674; x_wconf 80' lang='grc' dir='ltr'>μὴ</span> <span class='ocrx_word' id='word_1_31' title='bbox 1005 604 1483 674; x_wconf 82' lang='grc' dir='ltr'>περιτραπήσομαι</span> <span class='ocrx_word' id='word_1_32' title='bbox 1526 606 1602 667; x_wconf 80' lang='grc' dir='ltr'>εἰς</span> <span class='ocrx_word' id='word_1_33' title='bbox 1635 604 1823 672; x_wconf 74' lang='grc' dir='ltr'>γενεάν</span> <span class='ocrx_word' id='word_1_34' title='bbox 1851 619 1863 631; x_wconf 90' lang='grc'><strong>·</strong></span> 
     </span>
    </p>
   </div>
   <div class='ocr_carea' id='block_1_6' title="bbox 307 689 1095 761">
    <p class='ocr_par' dir='ltr' id='par_1_6' title="bbox 307 689 1095 761">
     <span class='ocr_line' id='line_1_6' title="bbox 307 689 1095 761; baseline -0.004 -14"><span class='ocrx_word' id='word_1_35' title='bbox 307 692 361 747; x_wconf 64' lang='grc' dir='ltr'>οὔ</span> <span class='ocrx_word' id='word_1_36' title='bbox 383 691 490 760; x_wconf 77' lang='grc' dir='ltr'><strong>γὰρ</strong></span> <span class='ocrx_word' id='word_1_37' title='bbox 515 690 716 761; x_wconf 79' lang='grc' dir='ltr'>ἔσομαι</span> <span class='ocrx_word' id='word_1_38' title='bbox 750 694 811 745; x_wconf 84' lang='grc' dir='ltr'>ὲν</span> <span class='ocrx_word' id='word_1_39' title='bbox 841 689 1095 745; x_wconf 76' lang='grc' dir='ltr'><strong>κακώσει.</strong></span> 
     </span>
    </p>
   </div>
   <div class='ocr_carea' id='block_1_7' title="bbox 1975 606 2943 674">
    <p class='ocr_par' dir='ltr' id='par_1_7' title="bbox 1975 606 2943 674">
     <span class='ocr_line' id='line_1_7' title="bbox 1975 606 2943 674; baseline 0.006 -17"><span class='ocrx_word' id='word_1_40' title='bbox 1975 607 2395 674; x_wconf 71' lang='lat' dir='ltr'><strong>generationem,</strong></span> <span class='ocrx_word' id='word_1_41' title='bbox 2422 622 2526 658; x_wconf 82' lang='lat' dir='ltr'><strong>non</strong></span> <span class='ocrx_word' id='word_1_42' title='bbox 2558 606 2609 659; x_wconf 90' lang='lat' dir='ltr'><strong>in</strong></span> <span class='ocrx_word' id='word_1_43' title='bbox 2643 607 2798 659; x_wconf 87' lang='lat' dir='ltr'><strong>malis</strong></span> <span class='ocrx_word' id='word_1_44' title='bbox 2830 623 2943 663; x_wconf 84' lang='lat' dir='ltr'><strong>cro.</strong></span> 
     </span>
    </p>
   </div>
   <div class='ocr_carea' id='block_1_8' title="bbox 380 778 3045 851">
    <p class='ocr_par' dir='ltr' id='par_1_8' title="bbox 380 778 3045 851">
     <span class='ocr_line' id='line_1_8' title="bbox 380 778 3045 851; baseline -0.001 -13"><span class='ocrx_word' id='word_1_45' title='bbox 380 783 576 851; x_wconf 76' lang='lat' dir='ltr'><strong>Adjicit</strong></span> <span class='ocrx_word' id='word_1_46' title='bbox 611 781 748 835; x_wconf 84' lang='lat' dir='ltr'><strong>Dan.</strong></span> <span class='ocrx_word' id='word_1_47' title='bbox 800 780 963 835; x_wconf 86' lang='lat' dir='ltr'><strong>Barb.</strong></span> <span class='ocrx_word' id='word_1_48' title='bbox 1006 780 1139 834; x_wconf 82' lang='lat' dir='ltr'><strong>Nam</strong></span> <span class='ocrx_word' id='word_1_49' title='bbox 1172 781 1481 849; x_wconf 77' lang='lat' dir='ltr'><strong>quicunque</strong></span> <span class='ocrx_word' id='word_1_50' title='bbox 1516 782 1627 835; x_wconf 89' lang='lat' dir='ltr'><strong>vitii</strong></span> <span class='ocrx_word' id='word_1_51' title='bbox 1665 781 1934 850; x_wconf 74' lang='lat' dir='ltr'><strong>particeps</strong></span> <span class='ocrx_word' id='word_1_52' title='bbox 1956 788 2059 839; x_wconf 86' lang='lat' dir='ltr'><strong>est.</strong></span> <span class='ocrx_word' id='word_1_53' title='bbox 2095 778 2225 831; x_wconf 82' lang='lat' dir='ltr'><strong>nihil</strong></span> <span class='ocrx_word' id='word_1_54' title='bbox 2255 793 2418 848; x_wconf 80' lang='lat' dir='ltr'><strong>grave</strong></span> <span class='ocrx_word' id='word_1_55' title='bbox 2446 792 2505 831; x_wconf 86' lang='lat' dir='ltr'><strong>se</strong></span> <span class='ocrx_word' id='word_1_56' title='bbox 2531 778 2837 831; x_wconf 87' lang='lat' dir='ltr'><strong>subiturum</strong></span> <span class='ocrx_word' id='word_1_57' title='bbox 2875 790 3045 849; x_wconf 90' lang='lat' dir='ltr'><strong>putat.</strong></span> 
     </span>
    </p>
   </div>
   <div class='ocr_carea' id='block_1_9' title="bbox 380 872 1876 946">
    <p class='ocr_par' dir='ltr' id='par_1_9' title="bbox 380 872 1876 946">
     <span class='ocr_line' id='line_1_9' title="bbox 380 872 1876 946; baseline 0.001 -20"><span class='ocrx_word' id='word_1_58' title='bbox 380 874 533 946; x_wconf 77' lang='grc' dir='ltr'><strong>[Οὐκ</strong></span> <span class='ocrx_word' id='word_1_59' title='bbox 561 874 737 927; x_wconf 77' lang='grc' dir='ltr'>ἐστιν</span> <span class='ocrx_word' id='word_1_60' title='bbox 773 876 806 927; x_wconf 84' lang='grc' dir='ltr'><strong>ό</strong></span> <span class='ocrx_word' id='word_1_61' title='bbox 845 873 986 938; x_wconf 84' lang='grc' dir='ltr'><strong>Θεὸς</strong></span> <span class='ocrx_word' id='word_1_62' title='bbox 1031 872 1286 926; x_wconf 72' lang='grc' dir='ltr'>ἐνώπιον</span> <span class='ocrx_word' id='word_1_63' title='bbox 1330 874 1536 927; x_wconf 79' lang='grc' dir='ltr'>αὐτοῦ.</span> <span class='ocrx_word' id='word_1_64' title='bbox 1600 873 1876 927; x_wconf 82' lang='grc' dir='ltr'>Ἐκϐαλὼν</span> 
     </span>
    </p>
   </div>
   <div class='ocr_carea' id='block_1_10' title="bbox 312 963 1880 1036">
    <p class='ocr_par' dir='ltr' id='par_1_10' title="bbox 312 963 1880 1036">
     <span class='ocr_line' id='line_1_10' title="bbox 312 963 1880 1036; baseline -0.003 -16"><span class='ocrx_word' id='word_1_65' title='bbox 312 967 396 1020; x_wconf 73' lang='grc' dir='ltr'>τὸν</span> <span class='ocrx_word' id='word_1_66' title='bbox 428 963 571 1018; x_wconf 79' lang='grc' dir='ltr'>θεῖον</span> <span class='ocrx_word' id='word_1_67' title='bbox 596 963 758 1035; x_wconf 70' lang='grc' dir='ltr'>φόϐον</span> <span class='ocrx_word' id='word_1_68' title='bbox 785 966 850 1017; x_wconf 79' lang='grc' dir='ltr'>ὲκ</span> <span class='ocrx_word' id='word_1_69' title='bbox 888 966 985 1034; x_wconf 78' lang='grc' dir='ltr'>τῆς</span> <span class='ocrx_word' id='word_1_70' title='bbox 1043 963 1238 1033; x_wconf 80' lang='grc' dir='ltr'>ψυχῆς,</span> <span class='ocrx_word' id='word_1_71' title='bbox 1290 964 1579 1029; x_wconf 85' lang='grc' dir='ltr'>διαπαντὸς</span> <span class='ocrx_word' id='word_1_72' title='bbox 1609 968 1666 1018; x_wconf 80' lang='grc' dir='ltr'>ὲν</span> <span class='ocrx_word' id='word_1_73' title='bbox 1713 965 1880 1036; x_wconf 77' lang='grc' dir='ltr'>κακίᾳ</span> 
     </span>
    </p>
   </div>
   <div class='ocr_carea' id='block_1_11' title="bbox 311 1055 1880 1128">
    <p class='ocr_par' dir='ltr' id='par_1_11' title="bbox 311 1055 1880 1128">
     <span class='ocr_line' id='line_1_11' title="bbox 311 1055 1880 1128; baseline -0.002 -17"><span class='ocrx_word' id='word_1_74' title='bbox 311 1057 591 1128; x_wconf 81' lang='grc' dir='ltr'>διατρίϐει.</span> <span class='ocrx_word' id='word_1_75' title='bbox 638 1055 806 1127; x_wconf 78' lang='grc' dir='ltr'>Ἀρχὴ</span> <span class='ocrx_word' id='word_1_76' title='bbox 828 1056 1005 1126; x_wconf 82' lang='grc' dir='ltr'>πάσης</span> <span class='ocrx_word' id='word_1_77' title='bbox 1029 1058 1269 1126; x_wconf 79' lang='grc' dir='ltr'>πονηρᾶς</span> <span class='ocrx_word' id='word_1_78' title='bbox 1297 1056 1546 1126; x_wconf 79' lang='grc' dir='ltr'>πράξεως</span> <span class='ocrx_word' id='word_1_79' title='bbox 1579 1056 1641 1109; x_wconf 83' lang='grc' dir='ltr'>τὸ</span> <span class='ocrx_word' id='word_1_80' title='bbox 1669 1055 1742 1126; x_wconf 77' lang='grc' dir='ltr'>μὴ</span> <span class='ocrx_word' id='word_1_81' title='bbox 1792 1056 1880 1108; x_wconf 89' lang='grc' dir='ltr'>λο-</span> 
     </span>
    </p>
   </div>
   <div class='ocr_carea' id='block_1_12' title="bbox 308 1146 1870 1220">
    <p class='ocr_par' dir='ltr' id='par_1_12' title="bbox 308 1146 1870 1220">
     <span class='ocr_line' id='line_1_12' title="bbox 308 1146 1870 1220; baseline -0.001 -19"><span class='ocrx_word' id='word_1_82' title='bbox 308 1149 550 1217; x_wconf 68' lang='grc' dir='ltr'>γίζεσθαι</span> <span class='ocrx_word' id='word_1_83' title='bbox 574 1149 765 1220; x_wconf 79' lang='grc' dir='ltr'>κριτὴν</span> <span class='ocrx_word' id='word_1_84' title='bbox 791 1147 1037 1200; x_wconf 78' lang='grc' dir='ltr'>τὸνθεόν.</span> <span class='ocrx_word' id='word_1_85' title='bbox 1070 1148 1507 1214; x_wconf 75' lang='grc' dir='ltr'>Ἀντανιῑίρεται</span> <span class='ocrx_word' id='word_1_86' title='bbox 1529 1148 1600 1199; x_wconf 87' lang='grc' dir='ltr'>τὰ</span> <span class='ocrx_word' id='word_1_87' title='bbox 1618 1146 1870 1215; x_wconf 80' lang='grc' dir='ltr'>κρίματά</span> 
     </span>
    </p>
   </div>
   <div class='ocr_carea' id='block_1_13' title="bbox 300 1237 1862 1309">
    <p class='ocr_par' dir='ltr' id='par_1_13' title="bbox 300 1237 1862 1309">
     <span class='ocr_line' id='line_1_13' title="bbox 300 1237 1862 1309; baseline -0.003 -13"><span class='ocrx_word' id='word_1_88' title='bbox 300 1259 417 1296; x_wconf 88' lang='grc' dir='ltr'>σου</span> <span class='ocrx_word' id='word_1_89' title='bbox 446 1239 569 1295; x_wconf 81' lang='grc' dir='ltr'><strong>ἀπὸ</strong></span> <span class='ocrx_word' id='word_1_90' title='bbox 613 1238 934 1309; x_wconf 80' lang='grc' dir='ltr'><strong>προσώπου</strong></span> <span class='ocrx_word' id='word_1_91' title='bbox 971 1237 1175 1292; x_wconf 80' lang='grc' dir='ltr'>αὑτοῦ.</span> <span class='ocrx_word' id='word_1_92' title='bbox 1226 1239 1301 1291; x_wconf 72' lang='grc' dir='ltr'><strong>(ὶύ</strong></span> <span class='ocrx_word' id='word_1_93' title='bbox 1366 1237 1611 1308; x_wconf 78' lang='grc' dir='ltr'>βούλεται</span> <span class='ocrx_word' id='word_1_94' title='bbox 1643 1237 1862 1303; x_wconf 79' lang='grc' dir='ltr'>εἰδέναι,</span> 
     </span>
    </p>
   </div>
   <div class='ocr_carea' id='block_1_14' title="bbox 301 1328 1867 1403">
    <p class='ocr_par' dir='ltr' id='par_1_14' title="bbox 301 1328 1867 1403">
     <span class='ocr_line' id='line_1_14' title="bbox 301 1328 1867 1403; baseline -0.002 -18"><span class='ocrx_word' id='word_1_95' title='bbox 301 1335 379 1386; x_wconf 82' lang='grc' dir='ltr'>ὅτι</span> <span class='ocrx_word' id='word_1_96' title='bbox 409 1333 606 1403; x_wconf 81' lang='grc' dir='ltr'>κριτὴς</span> <span class='ocrx_word' id='word_1_97' title='bbox 644 1328 693 1384; x_wconf 77' lang='grc' dir='ltr'>εἷ</span> <span class='ocrx_word' id='word_1_98' title='bbox 729 1330 955 1400; x_wconf 82' lang='grc' dir='ltr'>δίκαιος·</span> <span class='ocrx_word' id='word_1_99' title='bbox 1006 1331 1034 1382; x_wconf 88' lang='grc' dir='ltr'><strong>ό</strong></span> <span class='ocrx_word' id='word_1_100' title='bbox 1066 1330 1175 1399; x_wconf 83' lang='grc' dir='ltr'><strong>γάρ</strong></span> <span class='ocrx_word' id='word_1_101' title='bbox 1233 1331 1305 1401; x_wconf 84' lang='grc' dir='ltr'>μὴ</span> <span class='ocrx_word' id='word_1_102' title='bbox 1355 1330 1734 1399; x_wconf 77' lang='grc' dir='ltr'>ἐπιστάμενος,</span> <span class='ocrx_word' id='word_1_103' title='bbox 1785 1330 1867 1382; x_wconf 86' lang='grc' dir='ltr'>ὅτι</span> 
     </span>
    </p>
   </div>
   <div class='ocr_carea' id='block_1_15' title="bbox 300 1419 1869 1492">
    <p class='ocr_par' dir='ltr' id='par_1_15' title="bbox 300 1419 1869 1492">
     <span class='ocr_line' id='line_1_15' title="bbox 300 1419 1869 1492; baseline -0.003 -14"><span class='ocrx_word' id='word_1_104' title='bbox 300 1424 415 1478; x_wconf 72' lang='grc' dir='ltr'>ἔστι</span> <span class='ocrx_word' id='word_1_105' title='bbox 443 1424 599 1489; x_wconf 85' lang='grc' dir='ltr'>Θεὸς,</span> <span class='ocrx_word' id='word_1_106' title='bbox 625 1423 745 1475; x_wconf 71' lang='grc' dir='ltr'>οὐδὲ</span> <span class='ocrx_word' id='word_1_107' title='bbox 764 1423 844 1475; x_wconf 83' lang='grc' dir='ltr'>ὅτι</span> <span class='ocrx_word' id='word_1_108' title='bbox 871 1425 1062 1492; x_wconf 76' lang='grc' dir='ltr'>κριτής</span> <span class='ocrx_word' id='word_1_109' title='bbox 1106 1423 1251 1473; x_wconf 79' lang='grc' dir='ltr'>ἐστιν</span> <span class='ocrx_word' id='word_1_110' title='bbox 1290 1419 1418 1475; x_wconf 79' lang='grc' dir='ltr'>οἶδε.</span> <span class='ocrx_word' id='word_1_111' title='bbox 1477 1420 1724 1475; x_wconf 76' lang='grc' dir='ltr'>Πάντων</span> <span class='ocrx_word' id='word_1_112' title='bbox 1751 1419 1869 1474; x_wconf 79' lang='grc' dir='ltr'>τῶν</span> 
     </span>
    </p>
   </div>
   <div class='ocr_carea' id='block_1_16' title="bbox 302 1511 1872 1586">
    <p class='ocr_par' dir='ltr' id='par_1_16' title="bbox 302 1511 1872 1586">
     <span class='ocr_line' id='line_1_16' title="bbox 302 1511 1872 1586; baseline -0.003 -17"><span class='ocrx_word' id='word_1_113' title='bbox 302 1514 529 1586; x_wconf 78' lang='grc' dir='ltr'><strong>ἐχθρῶν</strong></span> <span class='ocrx_word' id='word_1_114' title='bbox 557 1513 745 1568; x_wconf 83' lang='grc' dir='ltr'>αὐτοῦ</span> <span class='ocrx_word' id='word_1_115' title='bbox 800 1513 1273 1579; x_wconf 68' lang='grc' dir='ltr'>κατακιιριεύσει.</span> <span class='ocrx_word' id='word_1_116' title='bbox 1306 1513 1426 1565; x_wconf 81' lang='grc' dir='ltr'>Τῶν</span> <span class='ocrx_word' id='word_1_117' title='bbox 1470 1511 1790 1583; x_wconf 82' lang='grc' dir='ltr'>πειρασμῶν</span> <span class='ocrx_word' id='word_1_118' title='bbox 1821 1513 1872 1565; x_wconf 90' lang='grc' dir='ltr'><strong>οί</strong></span> 
     </span>
    </p>
   </div>
   <div class='ocr_carea' id='block_1_17' title="bbox 309 1601 1870 1677">
    <p class='ocr_par' dir='ltr' id='par_1_17' title="bbox 309 1601 1870 1677">
     <span class='ocr_line' id='line_1_17' title="bbox 309 1601 1870 1677; baseline -0.002 -19"><span class='ocrx_word' id='word_1_119' title='bbox 309 1606 408 1675; x_wconf 74' lang='grc' dir='ltr'>μὲν</span> <span class='ocrx_word' id='word_1_120' title='bbox 434 1605 793 1677; x_wconf 76' lang='grc' dir='ltr'><strong>προσάγονται</strong></span> <span class='ocrx_word' id='word_1_121' title='bbox 815 1605 880 1674; x_wconf 80' lang='grc' dir='ltr'>τῇ</span> <span class='ocrx_word' id='word_1_122' title='bbox 907 1604 1131 1673; x_wconf 71' lang='grc' dir='ltr'>ψυχῇ,οί</span> <span class='ocrx_word' id='word_1_123' title='bbox 1155 1603 1210 1655; x_wconf 76' lang='grc' dir='ltr'>δὲ</span> <span class='ocrx_word' id='word_1_124' title='bbox 1231 1601 1308 1672; x_wconf 84' lang='grc' dir='ltr'>τῷ</span> <span class='ocrx_word' id='word_1_125' title='bbox 1334 1602 1562 1672; x_wconf 80' lang='grc' dir='ltr'>σώματι,</span> <span class='ocrx_word' id='word_1_126' title='bbox 1595 1603 1643 1654; x_wconf 90' lang='grc' dir='ltr'>οἱ</span> <span class='ocrx_word' id='word_1_127' title='bbox 1676 1603 1732 1655; x_wconf 86' lang='grc' dir='ltr'>δὲ</span> <span class='ocrx_word' id='word_1_128' title='bbox 1757 1606 1870 1666; x_wconf 85' lang='grc' dir='ltr'>τοῖς</span> 
     </span>
    </p>
   </div>
   <div class='ocr_carea' id='block_1_18' title="bbox 306 1692 1872 1765">
    <p class='ocr_par' dir='ltr' id='par_1_18' title="bbox 306 1692 1872 1765">
     <span class='ocr_line' id='line_1_18' title="bbox 306 1692 1872 1765; baseline -0.002 -17"><span class='ocrx_word' id='word_1_129' title='bbox 306 1694 462 1765; x_wconf 79' lang='grc' dir='ltr'>πέριξ</span> <span class='ocrx_word' id='word_1_130' title='bbox 492 1694 586 1753; x_wconf 59' lang='lat' dir='ltr'><strong>to?)</strong></span> <span class='ocrx_word' id='word_1_131' title='bbox 619 1693 888 1764; x_wconf 82' lang='grc' dir='ltr'>σώματος.</span> <span class='ocrx_word' id='word_1_132' title='bbox 911 1694 1016 1747; x_wconf 76' lang='grc' dir='ltr'><strong>Καὶ</strong></span> <span class='ocrx_word' id='word_1_133' title='bbox 1050 1695 1099 1745; x_wconf 81' lang='grc' dir='ltr'>οἱ</span> <span class='ocrx_word' id='word_1_134' title='bbox 1156 1692 1255 1763; x_wconf 85' lang='grc' dir='ltr'>μὲν</span> <span class='ocrx_word' id='word_1_135' title='bbox 1285 1693 1427 1763; x_wconf 74' lang='grc' dir='ltr'>ψυχῇ</span> <span class='ocrx_word' id='word_1_136' title='bbox 1478 1693 1872 1764; x_wconf 71' lang='grc' dir='ltr'><strong>προσαγόμενοι</strong></span> 
     </span>
    </p>
   </div>
   <div class='ocr_carea' id='block_1_19' title="bbox 2051 870 3539 944">
    <p class='ocr_par' dir='ltr' id='par_1_19' title="bbox 2051 870 3539 944">
     <span class='ocr_line' id='line_1_19' title="bbox 2051 870 3539 944; baseline 0.006 -22"><span class='ocrx_word' id='word_1_137' title='bbox 2051 870 2195 943; x_wconf 70' lang='lat' dir='ltr'><strong>[Non</strong></span> <span class='ocrx_word' id='word_1_138' title='bbox 2228 882 2303 925; x_wconf 78' lang='lat' dir='ltr'><strong>est</strong></span> <span class='ocrx_word' id='word_1_139' title='bbox 2333 871 2472 925; x_wconf 82' lang='lat' dir='ltr'><strong>Deus</strong></span> <span class='ocrx_word' id='word_1_140' title='bbox 2497 872 2550 923; x_wconf 85' lang='lat' dir='ltr'><strong>in</strong></span> <span class='ocrx_word' id='word_1_141' title='bbox 2581 883 2855 940; x_wconf 81' lang='lat' dir='ltr'><strong>conspectu</strong></span> <span class='ocrx_word' id='word_1_142' title='bbox 2888 874 3020 941; x_wconf 77' lang='lat' dir='ltr'><strong>ejus.</strong></span> <span class='ocrx_word' id='word_1_143' title='bbox 3056 874 3291 944; x_wconf 80' lang='lat' dir='ltr'><strong>Expulso</strong></span> <span class='ocrx_word' id='word_1_144' title='bbox 3323 893 3386 932; x_wconf 71' lang='lat' dir='ltr'><strong>ex</strong></span> <span class='ocrx_word' id='word_1_145' title='bbox 3419 879 3539 932; x_wconf 81' lang='lat' dir='ltr'><strong>ani-</strong></span> 
     </span>
    </p>
   </div>
   <div class='ocr_carea' id='block_1_20' title="bbox 1977 963 3534 1037">
    <p class='ocr_par' dir='ltr' id='par_1_20' title="bbox 1977 963 3534 1037">
     <span class='ocr_line' id='line_1_20' title="bbox 1977 963 3534 1037; baseline 0.005 -20"><span class='ocrx_word' id='word_1_146' title='bbox 1977 980 2065 1018; x_wconf 89' lang='lat' dir='ltr'><strong>ma</strong></span> <span class='ocrx_word' id='word_1_147' title='bbox 2095 980 2194 1018; x_wconf 91' lang='lat' dir='ltr'><strong>sua</strong></span> <span class='ocrx_word' id='word_1_148' title='bbox 2228 963 2321 1018; x_wconf 88' lang='lat' dir='ltr'><strong>Dei</strong></span> <span class='ocrx_word' id='word_1_149' title='bbox 2368 965 2561 1018; x_wconf 87' lang='lat' dir='ltr'><strong>timore</strong></span> <span class='ocrx_word' id='word_1_150' title='bbox 2585 1005 2601 1029; x_wconf 90' lang='lat'><strong>,</strong></span> <span class='ocrx_word' id='word_1_151' title='bbox 2630 980 2845 1033; x_wconf 89' lang='lat' dir='ltr'><strong>semper</strong></span> <span class='ocrx_word' id='word_1_152' title='bbox 2888 969 2940 1019; x_wconf 89' lang='lat' dir='ltr'><strong>in</strong></span> <span class='ocrx_word' id='word_1_153' title='bbox 2974 968 3177 1022; x_wconf 88' lang='lat' dir='ltr'><strong>malitia</strong></span> <span class='ocrx_word' id='word_1_154' title='bbox 3208 980 3534 1037; x_wconf 85' lang='lat' dir='ltr'><strong>perseverat.</strong></span> 
     </span>
    </p>
   </div>
   <div class='ocr_carea' id='block_1_21' title="bbox 1977 1055 3539 1132">
    <p class='ocr_par' dir='ltr' id='par_1_21' title="bbox 1977 1055 3539 1132">
     <span class='ocr_line' id='line_1_21' title="bbox 1977 1055 3539 1132; baseline 0.004 -22"><span class='ocrx_word' id='word_1_155' title='bbox 1977 1055 2313 1125; x_wconf 90' lang='lat' dir='ltr'><strong>Principium</strong></span> <span class='ocrx_word' id='word_1_156' title='bbox 2341 1058 2521 1112; x_wconf 89' lang='lat' dir='ltr'><strong>omnis</strong></span> <span class='ocrx_word' id='word_1_157' title='bbox 2561 1058 2715 1112; x_wconf 69' lang='lat' dir='ltr'><strong>mala:</strong></span> <span class='ocrx_word' id='word_1_158' title='bbox 2758 1058 2988 1113; x_wconf 77' lang='lat' dir='ltr'><strong>actionis</strong></span> <span class='ocrx_word' id='word_1_159' title='bbox 3017 1068 3126 1125; x_wconf 88' lang='lat' dir='ltr'><strong>est,</strong></span> <span class='ocrx_word' id='word_1_160' title='bbox 3155 1078 3261 1115; x_wconf 91' lang='lat' dir='ltr'><strong>non</strong></span> <span class='ocrx_word' id='word_1_161' title='bbox 3301 1064 3539 1132; x_wconf 82' lang='lat' dir='ltr'><strong>cogitare</strong></span> 
     </span>
    </p>
   </div>
   <div class='ocr_carea' id='block_1_22' title="bbox 1974 1145 3535 1222">
    <p class='ocr_par' dir='ltr' id='par_1_22' title="bbox 1974 1145 3535 1222">
     <span class='ocr_line' id='line_1_22' title="bbox 1974 1145 3535 1222; baseline 0.006 -23"><span class='ocrx_word' id='word_1_162' title='bbox 1974 1147 2212 1216; x_wconf 89' lang='lat' dir='ltr'><strong>judicem</strong></span> <span class='ocrx_word' id='word_1_163' title='bbox 2246 1145 2435 1201; x_wconf 89' lang='lat' dir='ltr'><strong>Deum.</strong></span> <span class='ocrx_word' id='word_1_164' title='bbox 2487 1148 2811 1216; x_wconf 77' lang='lat' dir='ltr'><strong>Auferuntur</strong></span> <span class='ocrx_word' id='word_1_165' title='bbox 2844 1149 3051 1217; x_wconf 82' lang='lat' dir='ltr'><strong>judicia</strong></span> <span class='ocrx_word' id='word_1_166' title='bbox 3079 1160 3170 1203; x_wconf 80' lang='lat' dir='ltr'><strong>tua</strong></span> <span class='ocrx_word' id='word_1_167' title='bbox 3193 1169 3223 1205; x_wconf 90' lang='lat' dir='ltr'><strong>a</strong></span> <span class='ocrx_word' id='word_1_168' title='bbox 3247 1153 3382 1221; x_wconf 81' lang='lat' dir='ltr'><strong>facie</strong></span> <span class='ocrx_word' id='word_1_169' title='bbox 3401 1155 3535 1222; x_wconf 82' lang='lat' dir='ltr'><strong>ejus.</strong></span> 
     </span>
    </p>
   </div>
   <div class='ocr_carea' id='block_1_23' title="bbox 1975 1236 3537 1314">
    <p class='ocr_par' dir='ltr' id='par_1_23' title="bbox 1975 1236 3537 1314">
     <span class='ocr_line' id='line_1_23' title="bbox 1975 1236 3537 1314; baseline 0.006 -24"><span class='ocrx_word' id='word_1_170' title='bbox 1975 1236 2147 1293; x_wconf 85' lang='lat' dir='ltr'><strong>Nosse</strong></span> <span class='ocrx_word' id='word_1_171' title='bbox 2180 1254 2290 1292; x_wconf 91' lang='lat' dir='ltr'><strong>non</strong></span> <span class='ocrx_word' id='word_1_172' title='bbox 2324 1239 2435 1292; x_wconf 89' lang='lat' dir='ltr'><strong>vult</strong></span> <span class='ocrx_word' id='word_1_173' title='bbox 2466 1248 2517 1292; x_wconf 89' lang='lat' dir='ltr'><strong>te</strong></span> <span class='ocrx_word' id='word_1_174' title='bbox 2550 1239 2789 1308; x_wconf 83' lang='lat' dir='ltr'><strong>judicent</strong></span> <span class='ocrx_word' id='word_1_175' title='bbox 2835 1256 2954 1294; x_wconf 85' lang='lat' dir='ltr'><strong>esse</strong></span> <span class='ocrx_word' id='word_1_176' title='bbox 2976 1242 3184 1312; x_wconf 86' lang='lat' dir='ltr'><strong>justum</strong></span> <span class='ocrx_word' id='word_1_177' title='bbox 3222 1263 3234 1298; x_wconf 90' lang='lat'>:</span> <span class='ocrx_word' id='word_1_178' title='bbox 3267 1246 3360 1314; x_wconf 90' lang='lat' dir='ltr'><strong>qui</strong></span> <span class='ocrx_word' id='word_1_179' title='bbox 3394 1246 3537 1299; x_wconf 89' lang='lat' dir='ltr'><strong>enim</strong></span> 
     </span>
    </p>
   </div>
   <div class='ocr_carea' id='block_1_24' title="bbox 1980 1326 3536 1398">
    <p class='ocr_par' dir='ltr' id='par_1_24' title="bbox 1980 1326 3536 1398">
     <span class='ocr_line' id='line_1_24' title="bbox 1980 1326 3536 1398; baseline 0.005 -17"><span class='ocrx_word' id='word_1_180' title='bbox 1980 1344 2088 1381; x_wconf 91' lang='lat' dir='ltr'><strong>non</strong></span> <span class='ocrx_word' id='word_1_181' title='bbox 2132 1328 2284 1382; x_wconf 89' lang='lat' dir='ltr'><strong>novit</strong></span> <span class='ocrx_word' id='word_1_182' title='bbox 2322 1343 2444 1382; x_wconf 83' lang='lat' dir='ltr'><strong>esse</strong></span> <span class='ocrx_word' id='word_1_183' title='bbox 2482 1326 2652 1381; x_wconf 84' lang='lat' dir='ltr'><strong>Deum</strong></span> <span class='ocrx_word' id='word_1_184' title='bbox 2681 1369 2696 1393; x_wconf 92' lang='lat'><strong>,</strong></span> <span class='ocrx_word' id='word_1_185' title='bbox 2735 1344 2909 1398; x_wconf 88' lang='lat' dir='ltr'><strong>neque</strong></span> <span class='ocrx_word' id='word_1_186' title='bbox 2952 1330 3189 1398; x_wconf 88' lang='lat' dir='ltr'><strong>judicem</strong></span> <span class='ocrx_word' id='word_1_187' title='bbox 3220 1346 3340 1387; x_wconf 87' lang='lat' dir='ltr'><strong>esse</strong></span> <span class='ocrx_word' id='word_1_188' title='bbox 3368 1333 3536 1389; x_wconf 86' lang='lat' dir='ltr'><strong>novit.</strong></span> 
     </span>
    </p>
   </div>
   <div class='ocr_carea' id='block_1_25' title="bbox 1984 1416 3540 1475">
    <p class='ocr_par' dir='ltr' id='par_1_25' title="bbox 1984 1416 3540 1475">
     <span class='ocr_line' id='line_1_25' title="bbox 1984 1416 3540 1475; baseline 0.002 -3"><span class='ocrx_word' id='word_1_189' title='bbox 1984 1416 2233 1472; x_wconf 86' lang='lat' dir='ltr'><strong>Omnium</strong></span> <span class='ocrx_word' id='word_1_190' title='bbox 2258 1418 2590 1470; x_wconf 84' lang='lat' dir='ltr'><strong>inimicorum</strong></span> <span class='ocrx_word' id='word_1_191' title='bbox 2619 1434 2830 1471; x_wconf 88' lang='lat' dir='ltr'><strong>suorum</strong></span> <span class='ocrx_word' id='word_1_192' title='bbox 2854 1420 3227 1473; x_wconf 78' lang='lat' dir='ltr'><strong>dominabitur.</strong></span> <span class='ocrx_word' id='word_1_193' title='bbox 3261 1420 3540 1475; x_wconf 80' lang='lat' dir='ltr'><strong>Tentatio-</strong></span> 
     </span>
    </p>
   </div>
   <div class='ocr_carea' id='block_1_26' title="bbox 1977 1506 3541 1577">
    <p class='ocr_par' dir='ltr' id='par_1_26' title="bbox 1977 1506 3541 1577">
     <span class='ocr_line' id='line_1_26' title="bbox 1977 1506 3541 1577; baseline 0.003 -17"><span class='ocrx_word' id='word_1_194' title='bbox 1977 1521 2075 1561; x_wconf 90' lang='lat' dir='ltr'><strong>nes</strong></span> <span class='ocrx_word' id='word_1_195' title='bbox 2107 1506 2223 1559; x_wconf 70' lang='lat' dir='ltr'><strong>aliae</strong></span> <span class='ocrx_word' id='word_1_196' title='bbox 2254 1507 2440 1559; x_wconf 89' lang='lat' dir='ltr'><strong>animo</strong></span> <span class='ocrx_word' id='word_1_197' title='bbox 2465 1546 2479 1569; x_wconf 93' lang='lat'><strong>,</strong></span> <span class='ocrx_word' id='word_1_198' title='bbox 2526 1508 2739 1575; x_wconf 80' lang='lat' dir='ltr'><strong>corpori</strong></span> <span class='ocrx_word' id='word_1_199' title='bbox 2780 1508 2898 1561; x_wconf 70' lang='lat' dir='ltr'><strong>alia:</strong></span> <span class='ocrx_word' id='word_1_200' title='bbox 2925 1509 3282 1577; x_wconf 84' lang='lat' dir='ltr'><strong>objiciuntur;</strong></span> <span class='ocrx_word' id='word_1_201' title='bbox 3328 1511 3446 1563; x_wconf 74' lang='lat' dir='ltr'><strong>aliae</strong></span> <span class='ocrx_word' id='word_1_202' title='bbox 3470 1511 3541 1565; x_wconf 81' lang='lat' dir='ltr'><strong>iis</strong></span> 
     </span>
    </p>
   </div>
   <div class='ocr_carea' id='block_1_27' title="bbox 1980 1594 3540 1665">
    <p class='ocr_par' dir='ltr' id='par_1_27' title="bbox 1980 1594 3540 1665">
     <span class='ocr_line' id='line_1_27' title="bbox 1980 1594 3540 1665; baseline -0.001 -16"><span class='ocrx_word' id='word_1_203' title='bbox 1980 1612 2100 1665; x_wconf 66' lang='lat' dir='ltr'><strong>quae</strong></span> <span class='ocrx_word' id='word_1_204' title='bbox 2130 1598 2334 1650; x_wconf 83' lang='lat' dir='ltr'><strong>circum</strong></span> <span class='ocrx_word' id='word_1_205' title='bbox 2374 1610 2571 1662; x_wconf 86' lang='lat' dir='ltr'><strong>corpus</strong></span> <span class='ocrx_word' id='word_1_206' title='bbox 2601 1605 2904 1647; x_wconf 75' lang='lat' dir='ltr'><strong>versantur.</strong></span> <span class='ocrx_word' id='word_1_207' title='bbox 2935 1594 3063 1660; x_wconf 70' lang='lat' dir='ltr'><strong>Quae</strong></span> <span class='ocrx_word' id='word_1_208' title='bbox 3091 1597 3274 1649; x_wconf 87' lang='lat' dir='ltr'><strong>animo</strong></span> <span class='ocrx_word' id='word_1_209' title='bbox 3301 1594 3540 1649; x_wconf 70' lang='lat' dir='ltr'><strong>offerun-</strong></span> 
     </span>
    </p>
   </div>
   <div class='ocr_carea' id='block_1_28' title="bbox 1978 1685 3539 1755">
    <p class='ocr_par' dir='ltr' id='par_1_28' title="bbox 1978 1685 3539 1755">
     <span class='ocr_line' id='line_1_28' title="bbox 1978 1685 3539 1755; baseline 0 -16"><span class='ocrx_word' id='word_1_210' title='bbox 1978 1695 2087 1747; x_wconf 90' lang='lat' dir='ltr'><strong>tur,</strong></span> <span class='ocrx_word' id='word_1_211' title='bbox 2135 1685 2492 1754; x_wconf 78' lang='lat' dir='ltr'><strong>Cogitationes</strong></span> <span class='ocrx_word' id='word_1_212' title='bbox 2545 1685 2769 1753; x_wconf 75' lang='lat' dir='ltr'><strong>impura:</strong></span> <span class='ocrx_word' id='word_1_213' title='bbox 2814 1694 3216 1754; x_wconf 87' lang='lat' dir='ltr'><strong>nuncupantur,</strong></span> <span class='ocrx_word' id='word_1_214' title='bbox 3256 1701 3377 1755; x_wconf 67' lang='lat' dir='ltr'><strong>qum</strong></span> <span class='ocrx_word' id='word_1_215' title='bbox 3416 1700 3539 1753; x_wconf 84' lang='lat' dir='ltr'><strong>pec-</strong></span> 
     </span>
    </p>
   </div>
   <div class='ocr_carea' id='block_1_29' title="bbox 301 1773 1875 1854">
    <p class='ocr_par' dir='ltr' id='par_1_29' title="bbox 301 1782 1868 1854">
     <span class='ocr_line' id='line_1_29' title="bbox 301 1782 1868 1854; baseline -0.001 -18"><span class='ocrx_word' id='word_1_216' title='bbox 301 1785 549 1853; x_wconf 78' lang='grc' dir='ltr'>λογισμοὶ</span> <span class='ocrx_word' id='word_1_217' title='bbox 607 1782 904 1854; x_wconf 78' lang='grc' dir='ltr'>ἀκάθαρτοι</span> <span class='ocrx_word' id='word_1_218' title='bbox 953 1782 1216 1850; x_wconf 78' lang='grc' dir='ltr'>λέγονται,</span> <span class='ocrx_word' id='word_1_219' title='bbox 1274 1782 1545 1854; x_wconf 80' lang='grc' dir='ltr'>ἁμαρτίας</span> <span class='ocrx_word' id='word_1_220' title='bbox 1570 1782 1868 1851; x_wconf 89' lang='grc' dir='ltr'>γεννῶντες</span> 
     </span>
    </p>
   </div>
   <div class='ocr_carea' id='block_1_30' title="bbox 1992 1773 3538 1854">
    <p class='ocr_par' dir='ltr' id='par_1_30' title="bbox 1992 1773 3538 1845">
     <span class='ocr_line' id='line_1_30' title="bbox 1992 1773 3538 1845; baseline -0.001 -16"><span class='ocrx_word' id='word_1_221' title='bbox 1992 1785 2095 1830; x_wconf 86' lang='lat' dir='ltr'><strong>:ata</strong></span> <span class='ocrx_word' id='word_1_222' title='bbox 2130 1783 2183 1828; x_wconf 89' lang='lat' dir='ltr'><strong>et</strong></span> <span class='ocrx_word' id='word_1_223' title='bbox 2234 1775 2486 1845; x_wconf 80' lang='lat' dir='ltr'><strong>dogmata</strong></span> <span class='ocrx_word' id='word_1_224' title='bbox 2522 1773 2658 1828; x_wconf 81' lang='lat' dir='ltr'><strong>falsa</strong></span> <span class='ocrx_word' id='word_1_225' title='bbox 2695 1782 2985 1843; x_wconf 80' lang='lat' dir='ltr'><strong>generant;</strong></span> <span class='ocrx_word' id='word_1_226' title='bbox 3023 1788 3142 1841; x_wconf 70' lang='lat' dir='ltr'><strong>qua:</strong></span> <span class='ocrx_word' id='word_1_227' title='bbox 3191 1773 3403 1842; x_wconf 87' lang='lat' dir='ltr'><strong>corpori</strong></span> <span class='ocrx_word' id='word_1_228' title='bbox 3440 1774 3538 1828; x_wconf 80' lang='lat' dir='ltr'><strong>ad-</strong></span> 
     </span>
    </p>
   </div>
   <div class='ocr_carea' id='block_1_31' title="bbox 300 1872 1874 1947">
    <p class='ocr_par' dir='ltr' id='par_1_31' title="bbox 300 1872 1874 1947">
     <span class='ocr_line' id='line_1_31' title="bbox 300 1872 1874 1947; baseline -0.003 -18"><span class='ocrx_word' id='word_1_229' title='bbox 300 1877 391 1929; x_wconf 76' lang='grc' dir='ltr'>καὶ</span> <span class='ocrx_word' id='word_1_230' title='bbox 426 1875 676 1947; x_wconf 78' lang='grc' dir='ltr'>δόγματα</span> <span class='ocrx_word' id='word_1_231' title='bbox 701 1873 893 1945; x_wconf 72' lang='grc' dir='ltr'>ψευδῆ·</span> <span class='ocrx_word' id='word_1_232' title='bbox 949 1876 997 1927; x_wconf 87' lang='grc' dir='ltr'>οἱ</span> <span class='ocrx_word' id='word_1_233' title='bbox 1023 1874 1079 1927; x_wconf 81' lang='grc' dir='ltr'>δὲ</span> <span class='ocrx_word' id='word_1_234' title='bbox 1122 1872 1199 1943; x_wconf 81' lang='grc' dir='ltr'><strong>τῷ</strong></span> <span class='ocrx_word' id='word_1_235' title='bbox 1250 1873 1459 1943; x_wconf 81' lang='grc' dir='ltr'>σώματι</span> <span class='ocrx_word' id='word_1_236' title='bbox 1494 1874 1874 1943; x_wconf 75' lang='grc' dir='ltr'>προσφερόμε-</span> 
     </span>
    </p>
   </div>
   <div class='ocr_carea' id='block_1_32' title="bbox 300 1962 1867 2037">
    <p class='ocr_par' dir='ltr' id='par_1_32' title="bbox 300 1962 1867 2037">
     <span class='ocr_line' id='line_1_32' title="bbox 300 1962 1867 2037; baseline -0.004 -17"><span class='ocrx_word' id='word_1_237' title='bbox 300 1983 377 2020; x_wconf 78' lang='grc' dir='ltr'><strong>νοι</strong></span> <span class='ocrx_word' id='word_1_238' title='bbox 417 1964 649 2036; x_wconf 79' lang='grc' dir='ltr'>πληγῶν</span> <span class='ocrx_word' id='word_1_239' title='bbox 679 1966 772 2019; x_wconf 77' lang='grc' dir='ltr'>καὶ</span> <span class='ocrx_word' id='word_1_240' title='bbox 832 1963 1209 2037; x_wconf 79' lang='grc' dir='ltr'>στρεϐλῶσεων</span> <span class='ocrx_word' id='word_1_241' title='bbox 1233 1964 1325 2016; x_wconf 73' lang='grc' dir='ltr'><strong>καὶ</strong></span> <span class='ocrx_word' id='word_1_242' title='bbox 1353 1962 1739 2033; x_wconf 47' lang='grc' dir='ltr'>διωγμῶνκκαὶ</span> <span class='ocrx_word' id='word_1_243' title='bbox 1771 1979 1867 2031; x_wconf 75' lang='grc' dir='ltr'>(ρυ-</span> 
     </span>
    </p>
   </div>
   <div class='ocr_carea' id='block_1_33' title="bbox 301 2054 1876 2125">
    <p class='ocr_par' dir='ltr' id='par_1_33' title="bbox 301 2054 1876 2125">
     <span class='ocr_line' id='line_1_33' title="bbox 301 2054 1876 2125; baseline -0.003 -16"><span class='ocrx_word' id='word_1_244' title='bbox 301 2057 484 2111; x_wconf 89' lang='grc' dir='ltr'>λακῶν</span> <span class='ocrx_word' id='word_1_245' title='bbox 506 2058 602 2110; x_wconf 72' lang='grc' dir='ltr'>καὶ</span> <span class='ocrx_word' id='word_1_246' title='bbox 644 2056 888 2111; x_wconf 82' lang='grc' dir='ltr'>θανάτων</span> <span class='ocrx_word' id='word_1_247' title='bbox 916 2056 1074 2109; x_wconf 75' lang='grc' dir='ltr'>αἴτιοι</span> <span class='ocrx_word' id='word_1_248' title='bbox 1119 2054 1374 2122; x_wconf 84' lang='grc' dir='ltr'>γίνονται·</span> <span class='ocrx_word' id='word_1_249' title='bbox 1403 2055 1454 2106; x_wconf 83' lang='grc' dir='ltr'>οἱ</span> <span class='ocrx_word' id='word_1_250' title='bbox 1498 2054 1554 2107; x_wconf 84' lang='grc' dir='ltr'>δὲ</span> <span class='ocrx_word' id='word_1_251' title='bbox 1592 2054 1699 2108; x_wconf 84' lang='grc' dir='ltr'><strong>τῶν</strong></span> <span class='ocrx_word' id='word_1_252' title='bbox 1746 2054 1876 2125; x_wconf 81' lang='grc' dir='ltr'>περὶ</span> 
     </span>
    </p>
   </div>
   <div class='ocr_carea' id='block_1_34' title="bbox 298 2139 1874 2216">
    <p class='ocr_par' dir='ltr' id='par_1_34' title="bbox 298 2139 1874 2216">
     <span class='ocr_line' id='line_1_34' title="bbox 298 2139 1874 2216; baseline -0.006 -17"><span class='ocrx_word' id='word_1_253' title='bbox 298 2144 393 2199; x_wconf 75' lang='grc' dir='ltr'><strong>τοῦ</strong></span> <span class='ocrx_word' id='word_1_254' title='bbox 433 2143 687 2216; x_wconf 84' lang='grc' dir='ltr'>σώματος</span> <span class='ocrx_word' id='word_1_255' title='bbox 732 2143 1026 2214; x_wconf 76' lang='grc' dir='ltr'>πειρασμοὶ</span> <span class='ocrx_word' id='word_1_256' title='bbox 1059 2141 1369 2211; x_wconf 77' lang='grc' dir='ltr'>περιέχουσι</span> <span class='ocrx_word' id='word_1_257' title='bbox 1415 2140 1615 2211; x_wconf 75' lang='grc' dir='ltr'>ζημίας</span> <span class='ocrx_word' id='word_1_258' title='bbox 1658 2139 1874 2210; x_wconf 74' lang='grc' dir='ltr'>χρημά-</span> 
     </span>
    </p>
   </div>
   <div class='ocr_carea' id='block_1_35' title="bbox 298 2230 1875 2307">
    <p class='ocr_par' dir='ltr' id='par_1_35' title="bbox 298 2230 1875 2307">
     <span class='ocr_line' id='line_1_35' title="bbox 298 2230 1875 2307; baseline -0.005 -15"><span class='ocrx_word' id='word_1_259' title='bbox 298 2254 406 2292; x_wconf 86' lang='grc' dir='ltr'><strong>των</strong></span> <span class='ocrx_word' id='word_1_260' title='bbox 426 2237 526 2291; x_wconf 78' lang='grc' dir='ltr'>καὶ</span> <span class='ocrx_word' id='word_1_261' title='bbox 551 2235 844 2307; x_wconf 86' lang='grc' dir='ltr'>κτημάτων</span> <span class='ocrx_word' id='word_1_262' title='bbox 874 2235 966 2287; x_wconf 74' lang='grc' dir='ltr'>καὶ</span> <span class='ocrx_word' id='word_1_263' title='bbox 990 2231 1261 2294; x_wconf 79' lang='grc' dir='ltr'>ἁποόολὰς</span> <span class='ocrx_word' id='word_1_264' title='bbox 1276 2232 1479 2283; x_wconf 80' lang='grc' dir='ltr'>τέκνων</span> <span class='ocrx_word' id='word_1_265' title='bbox 1498 2230 1875 2299; x_wconf 73' lang='grc' dir='ltr'>καὶγυναικῶν</span> 
     </span>
    </p>
   </div>
   <div class='ocr_carea' id='block_1_36' title="bbox 300 2320 1875 2399">
    <p class='ocr_par' dir='ltr' id='par_1_36' title="bbox 300 2320 1875 2399">
     <span class='ocr_line' id='line_1_36' title="bbox 300 2320 1875 2399; baseline -0.006 -16"><span class='ocrx_word' id='word_1_266' title='bbox 300 2327 645 2399; x_wconf 74' lang='grc' dir='ltr'>ἀφαιρέσεις.</span> <span class='ocrx_word' id='word_1_267' title='bbox 674 2325 840 2396; x_wconf 82' lang='grc' dir='ltr'>Δῆλον</span> <span class='ocrx_word' id='word_1_268' title='bbox 884 2320 975 2377; x_wconf 79' lang='grc' dir='ltr'>οὖν</span> <span class='ocrx_word' id='word_1_269' title='bbox 999 2325 1144 2375; x_wconf 76' lang='grc' dir='ltr'>ἐστιν</span> <span class='ocrx_word' id='word_1_270' title='bbox 1176 2324 1241 2376; x_wconf 78' lang='grc' dir='ltr'><strong>ὲκ</strong></span> <span class='ocrx_word' id='word_1_271' title='bbox 1271 2322 1497 2385; x_wconf 76' lang='grc' dir='ltr'>τούτων,</span> <span class='ocrx_word' id='word_1_272' title='bbox 1543 2321 1624 2373; x_wconf 78' lang='grc' dir='ltr'>ὅτι</span> <span class='ocrx_word' id='word_1_273' title='bbox 1659 2322 1875 2386; x_wconf 78' lang='grc' dir='ltr'>πάντως</span> 
     </span>
    </p>
   </div>
   <div class='ocr_carea' id='block_1_37' title="bbox 299 2413 1876 2486">
    <p class='ocr_par' dir='ltr' id='par_1_37' title="bbox 299 2413 1876 2486">
     <span class='ocr_line' id='line_1_37' title="bbox 299 2413 1876 2486; baseline -0.006 -13"><span class='ocrx_word' id='word_1_274' title='bbox 299 2420 386 2473; x_wconf 84' lang='grc' dir='ltr'><strong>διά</strong></span> <span class='ocrx_word' id='word_1_275' title='bbox 409 2436 560 2480; x_wconf 87' lang='grc' dir='ltr'>τινος</span> <span class='ocrx_word' id='word_1_276' title='bbox 590 2417 698 2470; x_wconf 87' lang='grc' dir='ltr'><strong>τῶν</strong></span> <span class='ocrx_word' id='word_1_277' title='bbox 749 2416 1179 2486; x_wconf 78' lang='grc' dir='ltr'>κατειλεγμένων</span> <span class='ocrx_word' id='word_1_278' title='bbox 1224 2413 1543 2485; x_wconf 78' lang='grc' dir='ltr'>πειρασμῶν</span> <span class='ocrx_word' id='word_1_279' title='bbox 1595 2413 1876 2482; x_wconf 72' lang='grc' dir='ltr'><strong>ἐκυρίευσε</strong></span> 
     </span>
    </p>
   </div>
   <div class='ocr_carea' id='block_1_38' title="bbox 303 2505 1879 2579">
    <p class='ocr_par' dir='ltr' id='par_1_38' title="bbox 303 2505 1879 2579">
     <span class='ocr_line' id='line_1_38' title="bbox 303 2505 1879 2579; baseline -0.004 -15"><span class='ocrx_word' id='word_1_280' title='bbox 303 2510 502 2574; x_wconf 78' lang='grc' dir='ltr'>παντὸς</span> <span class='ocrx_word' id='word_1_281' title='bbox 534 2510 746 2563; x_wconf 81' lang='grc' dir='ltr'>δικαίου</span> <span class='ocrx_word' id='word_1_282' title='bbox 777 2508 805 2562; x_wconf 89' lang='grc' dir='ltr'><strong>ό</strong></span> <span class='ocrx_word' id='word_1_283' title='bbox 828 2510 1088 2571; x_wconf 77' lang='grc' dir='ltr'><strong>Σατανᾶς·</strong></span> <span class='ocrx_word' id='word_1_284' title='bbox 1118 2507 1275 2579; x_wconf 81' lang='grc' dir='ltr'>μόνος</span> <span class='ocrx_word' id='word_1_285' title='bbox 1305 2508 1413 2576; x_wconf 84' lang='grc' dir='ltr'>γὰρ</span> <span class='ocrx_word' id='word_1_286' title='bbox 1440 2506 1670 2576; x_wconf 71' lang='grc' dir='ltr'>Χριστὶς</span> <span class='ocrx_word' id='word_1_287' title='bbox 1702 2505 1879 2573; x_wconf 79' lang='grc' dir='ltr'>ἀμαρ-</span> 
     </span>
    </p>
   </div>
   <div class='ocr_carea' id='block_1_39' title="bbox 299 2596 1877 2670">
    <p class='ocr_par' dir='ltr' id='par_1_39' title="bbox 299 2596 1877 2670">
     <span class='ocr_line' id='line_1_39' title="bbox 299 2596 1877 2670; baseline -0.004 -14"><span class='ocrx_word' id='word_1_288' title='bbox 299 2604 435 2659; x_wconf 79' lang='grc' dir='ltr'>τιαν</span> <span class='ocrx_word' id='word_1_289' title='bbox 466 2605 578 2657; x_wconf 78' lang='grc' dir='ltr'>οὐκ</span> <span class='ocrx_word' id='word_1_290' title='bbox 630 2603 900 2669; x_wconf 78' lang='grc' dir='ltr'>ἐποίησε,</span> <span class='ocrx_word' id='word_1_291' title='bbox 946 2601 1044 2654; x_wconf 82' lang='grc' dir='ltr'>καὶ</span> <span class='ocrx_word' id='word_1_292' title='bbox 1078 2602 1191 2670; x_wconf 79' lang='grc' dir='ltr'>οὐχ</span> <span class='ocrx_word' id='word_1_293' title='bbox 1234 2597 1443 2667; x_wconf 72' lang='grc' dir='ltr'>εὑρέθη</span> <span class='ocrx_word' id='word_1_294' title='bbox 1498 2597 1678 2662; x_wconf 74' lang='grc' dir='ltr'>δόλος</span> <span class='ocrx_word' id='word_1_295' title='bbox 1702 2597 1771 2649; x_wconf 81' lang='grc' dir='ltr'><strong>ἑν</strong></span> <span class='ocrx_word' id='word_1_296' title='bbox 1798 2596 1877 2662; x_wconf 82' lang='grc' dir='ltr'>τῷ</span> 
     </span>
    </p>
   </div>
   <div class='ocr_carea' id='block_1_40' title="bbox 300 2691 814 2766">
    <p class='ocr_par' dir='ltr' id='par_1_40' title="bbox 300 2691 814 2766">
     <span class='ocr_line' id='line_1_40' title="bbox 300 2691 814 2766; baseline -0.008 -16"><span class='ocrx_word' id='word_1_297' title='bbox 300 2699 551 2765; x_wconf 81' lang='grc' dir='ltr'>στόματι</span> <span class='ocrx_word' id='word_1_298' title='bbox 578 2691 814 2766; x_wconf 63' lang='grc' dir='ltr'>αὑτοῦ]</span> 
     </span>
    </p>
   </div>
   <div class='ocr_carea' id='block_1_41' title="bbox 365 2780 1876 2854">
    <p class='ocr_par' dir='ltr' id='par_1_41' title="bbox 365 2780 1876 2854">
     <span class='ocr_line' id='line_1_41' title="bbox 365 2780 1876 2854; baseline -0.005 -15"><span class='ocrx_word' id='word_1_299' title='bbox 365 2783 449 2841; x_wconf 85' lang='grc' dir='ltr'><em>Οὗ</em></span> <span class='ocrx_word' id='word_1_300' title='bbox 481 2784 630 2853; x_wconf 76' lang='grc' dir='ltr'>ἀρᾶς</span> <span class='ocrx_word' id='word_1_301' title='bbox 662 2785 726 2838; x_wconf 84' lang='grc' dir='ltr'>τὸ</span> <span class='ocrx_word' id='word_1_302' title='bbox 757 2785 950 2854; x_wconf 85' lang='grc' dir='ltr'><strong>στόμα</strong></span> <span class='ocrx_word' id='word_1_303' title='bbox 968 2783 1151 2837; x_wconf 82' lang='grc' dir='ltr'>αὐτοῦ</span> <span class='ocrx_word' id='word_1_304' title='bbox 1178 2782 1356 2853; x_wconf 81' lang='grc' dir='ltr'><strong>γέμει.</strong></span> <span class='ocrx_word' id='word_1_305' title='bbox 1395 2780 1735 2851; x_wconf 85' lang='grc' dir='ltr'>Παράμονον,</span> <span class='ocrx_word' id='word_1_306' title='bbox 1770 2796 1876 2850; x_wconf 78' lang='grc' dir='ltr'>φη-</span> 
     </span>
    </p>
   </div>
   <div class='ocr_carea' id='block_1_42' title="bbox 308 2872 1876 2948">
    <p class='ocr_par' dir='ltr' id='par_1_42' title="bbox 308 2872 1876 2948">
     <span class='ocr_line' id='line_1_42' title="bbox 308 2872 1876 2948; baseline -0.005 -17"><span class='ocrx_word' id='word_1_307' title='bbox 308 2878 414 2940; x_wconf 73' lang='grc' dir='ltr'>σὶν,</span> <span class='ocrx_word' id='word_1_308' title='bbox 440 2878 580 2942; x_wconf 79' lang='grc' dir='ltr'>’ἑξειν</span> <span class='ocrx_word' id='word_1_309' title='bbox 600 2876 698 2948; x_wconf 82' lang='grc' dir='ltr'><strong>τὴν</strong></span> <span class='ocrx_word' id='word_1_310' title='bbox 725 2874 1022 2946; x_wconf 78' lang='grc' dir='ltr'>εὐημερίαν</span> <span class='ocrx_word' id='word_1_311' title='bbox 1041 2874 1365 2942; x_wconf 78' lang='grc' dir='ltr'><strong>λελόγισται.</strong></span> <span class='ocrx_word' id='word_1_312' title='bbox 1396 2872 1486 2925; x_wconf 81' lang='grc' dir='ltr'><strong>Διὸ</strong></span> <span class='ocrx_word' id='word_1_313' title='bbox 1528 2873 1620 2925; x_wconf 84' lang='grc' dir='ltr'>καὶ</span> <span class='ocrx_word' id='word_1_314' title='bbox 1654 2872 1876 2942; x_wconf 81' lang='grc' dir='ltr'>πικρίας</span> 
     </span>
    </p>
   </div>
   <div class='ocr_carea' id='block_1_43' title="bbox 306 2964 1875 3038">
    <p class='ocr_par' dir='ltr' id='par_1_43' title="bbox 306 2964 1875 3038">
     <span class='ocr_line' id='line_1_43' title="bbox 306 2964 1875 3038; baseline -0.004 -15"><span class='ocrx_word' id='word_1_315' title='bbox 306 2970 403 3023; x_wconf 72' lang='grc' dir='ltr'><strong>καὶ</strong></span> <span class='ocrx_word' id='word_1_316' title='bbox 437 2969 584 3023; x_wconf 70' lang='grc' dir='ltr'>δὲλου</span> <span class='ocrx_word' id='word_1_317' title='bbox 603 2970 664 3022; x_wconf 77' lang='grc' dir='ltr'>τὸ</span> <span class='ocrx_word' id='word_1_318' title='bbox 691 2967 867 3038; x_wconf 87' lang='grc' dir='ltr'>στόμα</span> <span class='ocrx_word' id='word_1_319' title='bbox 921 2967 1292 3038; x_wconf 72' lang='grc' dir='ltr'>πεπλήρωται·</span> <span class='ocrx_word' id='word_1_320' title='bbox 1327 2966 1419 3019; x_wconf 74' lang='grc' dir='ltr'><strong>καὶ</strong></span> <span class='ocrx_word' id='word_1_321' title='bbox 1468 2966 1571 3035; x_wconf 79' lang='grc' dir='ltr'>μὴν</span> <span class='ocrx_word' id='word_1_322' title='bbox 1611 2964 1875 3032; x_wconf 81' lang='grc' dir='ltr'>ὲνεδρεύει</span> 
     </span>
    </p>
   </div>
   <div class='ocr_carea' id='block_1_44' title="bbox 304 3054 1871 3132">
    <p class='ocr_par' dir='ltr' id='par_1_44' title="bbox 304 3054 1871 3132">
     <span class='ocr_line' id='line_1_44' title="bbox 304 3054 1871 3132; baseline -0.004 -18"><span class='ocrx_word' id='word_1_323' title='bbox 304 3062 552 3131; x_wconf 75' lang='grc' dir='ltr'>πτωχοὺς</span> <span class='ocrx_word' id='word_1_324' title='bbox 577 3061 712 3132; x_wconf 83' lang='grc' dir='ltr'>πρὸς</span> <span class='ocrx_word' id='word_1_325' title='bbox 742 3060 804 3113; x_wconf 87' lang='grc' dir='ltr'>τὸ</span> <span class='ocrx_word' id='word_1_326' title='bbox 825 3060 1137 3112; x_wconf 82' lang='grc' dir='ltr'>ἀποκτεῖναι</span> <span class='ocrx_word' id='word_1_327' title='bbox 1169 3057 1257 3111; x_wconf 84' lang='grc' dir='ltr'><strong>διὰ</strong></span> <span class='ocrx_word' id='word_1_328' title='bbox 1303 3056 1410 3111; x_wconf 89' lang='grc' dir='ltr'><strong>τῶν</strong></span> <span class='ocrx_word' id='word_1_329' title='bbox 1447 3056 1589 3109; x_wconf 76' lang='grc' dir='ltr'>ἰδίων</span> <span class='ocrx_word' id='word_1_330' title='bbox 1612 3054 1871 3124; x_wconf 85' lang='grc' dir='ltr'>παγιδων.</span> 
     </span>
    </p>
   </div>
   <div class='ocr_carea' id='block_1_45' title="bbox 305 3148 1876 3223">
    <p class='ocr_par' dir='ltr' id='par_1_45' title="bbox 305 3148 1876 3223">
     <span class='ocr_line' id='line_1_45' title="bbox 305 3148 1876 3223; baseline -0.003 -17"><span class='ocrx_word' id='word_1_331' title='bbox 305 3154 376 3206; x_wconf 71' lang='grc' dir='ltr'>Τὸ</span> <span class='ocrx_word' id='word_1_332' title='bbox 399 3154 474 3217; x_wconf 83' lang='grc' dir='ltr'><strong>δὲ,</strong></span> <span class='ocrx_word' id='word_1_333' title='bbox 499 3155 649 3223; x_wconf 82' lang='grc' dir='ltr'>μετὰ</span> <span class='ocrx_word' id='word_1_334' title='bbox 675 3154 1005 3215; x_wconf 74' lang='grc' dir='ltr'>πλουσίων,</span> <span class='ocrx_word' id='word_1_335' title='bbox 1037 3153 1087 3205; x_wconf 85' lang='grc' dir='ltr'><strong>τί</strong></span> <span class='ocrx_word' id='word_1_336' title='bbox 1135 3151 1201 3204; x_wconf 82' lang='grc' dir='ltr'>ἂν</span> <span class='ocrx_word' id='word_1_337' title='bbox 1233 3152 1416 3221; x_wconf 73' lang='grc' dir='ltr'>ἕτερον</span> <span class='ocrx_word' id='word_1_338' title='bbox 1459 3149 1676 3221; x_wconf 72' lang='grc' dir='ltr'>νοηθείη</span> <span class='ocrx_word' id='word_1_339' title='bbox 1704 3151 1738 3220; x_wconf 83' lang='grc' dir='ltr'><strong>ἢ</strong></span> <span class='ocrx_word' id='word_1_340' title='bbox 1768 3148 1876 3201; x_wconf 90' lang='grc' dir='ltr'><strong>τῶν</strong></span> 
     </span>
    </p>
   </div>
   <div class='ocr_carea' id='block_1_46' title="bbox 305 3238 1875 3313">
    <p class='ocr_par' dir='ltr' id='par_1_46' title="bbox 305 3238 1875 3313">
     <span class='ocr_line' id='line_1_46' title="bbox 305 3238 1875 3313; baseline 0.001 -19"><span class='ocrx_word' id='word_1_341' title='bbox 305 3242 674 3296; x_wconf 79' lang='grc' dir='ltr'>πλουτούντων</span> <span class='ocrx_word' id='word_1_342' title='bbox 706 3245 766 3296; x_wconf 79' lang='grc' dir='ltr'>ὲν</span> <span class='ocrx_word' id='word_1_343' title='bbox 798 3246 985 3306; x_wconf 80' lang='grc' dir='ltr'>κακοῖς</span> <span class='ocrx_word' id='word_1_344' title='bbox 1009 3259 1024 3309; x_wconf 90' lang='grc'><strong>;</strong></span> <span class='ocrx_word' id='word_1_345' title='bbox 1062 3238 1219 3297; x_wconf 70' lang='grc' dir='ltr'>Οὗτοι</span> <span class='ocrx_word' id='word_1_346' title='bbox 1248 3243 1356 3313; x_wconf 79' lang='grc' dir='ltr'><strong>γὰρ</strong></span> <span class='ocrx_word' id='word_1_347' title='bbox 1385 3241 1464 3312; x_wconf 81' lang='grc' dir='ltr'>τῷ</span> <span class='ocrx_word' id='word_1_348' title='bbox 1486 3240 1714 3313; x_wconf 83' lang='grc' dir='ltr'>διαϐόλῳ</span> <span class='ocrx_word' id='word_1_349' title='bbox 1733 3241 1875 3295; x_wconf 79' lang='grc' dir='ltr'>κατὰ</span> 
     </span>
    </p>
   </div>
   <div class='ocr_carea' id='block_1_47' title="bbox 304 3331 1668 3405">
    <p class='ocr_par' dir='ltr' id='par_1_47' title="bbox 304 3331 1668 3405">
     <span class='ocr_line' id='line_1_47' title="bbox 304 3331 1668 3405; baseline -0.002 -18"><span class='ocrx_word' id='word_1_350' title='bbox 304 3332 411 3387; x_wconf 76' lang='grc' dir='ltr'><strong>τῶν</strong></span> <span class='ocrx_word' id='word_1_351' title='bbox 457 3331 690 3404; x_wconf 80' lang='grc' dir='ltr'>πτωχῶν</span> <span class='ocrx_word' id='word_1_352' title='bbox 720 3332 798 3404; x_wconf 81' lang='grc' dir='ltr'>τῷ</span> <span class='ocrx_word' id='word_1_353' title='bbox 829 3333 994 3405; x_wconf 69' lang='grc' dir='ltr'>πατρὶ</span> <span class='ocrx_word' id='word_1_354' title='bbox 1018 3332 1193 3387; x_wconf 76' lang='grc' dir='ltr'>αὐτῶν</span> <span class='ocrx_word' id='word_1_355' title='bbox 1228 3332 1668 3403; x_wconf 78' lang='grc' dir='ltr'>συμπράττουσιν</span> 
     </span>
    </p>
   </div>
   <div class='ocr_carea' id='block_1_48' title="bbox 385 3510 1873 3583">
    <p class='ocr_par' dir='ltr' id='par_1_48' title="bbox 385 3510 1873 3583">
     <span class='ocr_line' id='line_1_48' title="bbox 385 3510 1873 3583; baseline -0.002 -16"><span class='ocrx_word' id='word_1_356' title='bbox 385 3511 737 3583; x_wconf 77' lang='grc' dir='ltr'>Ἐγκάθηται</span> <span class='ocrx_word' id='word_1_357' title='bbox 796 3514 866 3567; x_wconf 83' lang='grc' dir='ltr'><strong>ἐν</strong></span> <span class='ocrx_word' id='word_1_358' title='bbox 917 3512 1125 3581; x_wconf 78' lang='grc' dir='ltr'><strong>ἐνέδρᾳ</strong></span> <span class='ocrx_word' id='word_1_359' title='bbox 1172 3512 1323 3581; x_wconf 83' lang='grc' dir='ltr'>μετὰ</span> <span class='ocrx_word' id='word_1_360' title='bbox 1387 3512 1716 3567; x_wconf 74' lang='grc' dir='ltr'>πλουσίων.</span> <span class='ocrx_word' id='word_1_361' title='bbox 1784 3510 1873 3564; x_wconf 85' lang='grc' dir='ltr'>Ἐν</span> 
     </span>
    </p>
   </div>
   <div class='ocr_carea' id='block_1_49' title="bbox 311 3601 1873 3675">
    <p class='ocr_par' dir='ltr' id='par_1_49' title="bbox 311 3601 1873 3675">
     <span class='ocr_line' id='line_1_49' title="bbox 311 3601 1873 3675; baseline -0.004 -15"><span class='ocrx_word' id='word_1_362' title='bbox 311 3607 584 3675; x_wconf 77' lang='grc' dir='ltr'>συλλόγοις</span> <span class='ocrx_word' id='word_1_363' title='bbox 612 3605 666 3659; x_wconf 78' lang='grc' dir='ltr'>δὲ</span> <span class='ocrx_word' id='word_1_364' title='bbox 694 3606 788 3660; x_wconf 77' lang='grc' dir='ltr'><strong>καὶ</strong></span> <span class='ocrx_word' id='word_1_365' title='bbox 820 3608 877 3658; x_wconf 81' lang='grc' dir='ltr'>ἐν</span> <span class='ocrx_word' id='word_1_366' title='bbox 922 3605 1219 3675; x_wconf 84' lang='grc' dir='ltr'>συνεδρίοις</span> <span class='ocrx_word' id='word_1_367' title='bbox 1274 3602 1598 3675; x_wconf 80' lang='grc' dir='ltr'>καθήμενος,</span> <span class='ocrx_word' id='word_1_368' title='bbox 1653 3601 1873 3674; x_wconf 81' lang='grc' dir='ltr'>ἐνέδρας</span> 
     </span>
    </p>
   </div>
   <div class='ocr_carea' id='block_1_50' title="bbox 308 3695 1731 3769">
    <p class='ocr_par' dir='ltr' id='par_1_50' title="bbox 308 3695 1731 3769">
     <span class='ocr_line' id='line_1_50' title="bbox 308 3695 1731 3769; baseline -0.004 -18"><span class='ocrx_word' id='word_1_369' title='bbox 308 3698 453 3762; x_wconf 70' lang='grc' dir='ltr'>τινας</span> <span class='ocrx_word' id='word_1_370' title='bbox 487 3699 584 3751; x_wconf 70' lang='grc' dir='ltr'>καὶ</span> <span class='ocrx_word' id='word_1_371' title='bbox 621 3696 866 3769; x_wconf 78' lang='grc' dir='ltr'>μηχανὰς</span> <span class='ocrx_word' id='word_1_372' title='bbox 888 3700 998 3760; x_wconf 83' lang='grc' dir='ltr'>τοῖς</span> <span class='ocrx_word' id='word_1_373' title='bbox 1025 3696 1282 3758; x_wconf 81' lang='grc' dir='ltr'>ἀναιτίοις</span> <span class='ocrx_word' id='word_1_374' title='bbox 1315 3695 1731 3759; x_wconf 80' lang='grc' dir='ltr'>κατασκευάζει.</span> 
     </span>
    </p>
   </div>
   <div class='ocr_carea' id='block_1_51' title="bbox 374 3786 1875 3861">
    <p class='ocr_par' dir='ltr' id='par_1_51' title="bbox 374 3786 1875 3861">
     <span class='ocr_line' id='line_1_51' title="bbox 374 3786 1875 3861; baseline -0.001 -18"><span class='ocrx_word' id='word_1_375' title='bbox 374 3791 569 3858; x_wconf 64' lang='grc' dir='ltr'>Κύψει</span> <span class='ocrx_word' id='word_1_376' title='bbox 618 3790 717 3843; x_wconf 77' lang='grc' dir='ltr'><strong>καὶ</strong></span> <span class='ocrx_word' id='word_1_377' title='bbox 758 3789 1042 3843; x_wconf 81' lang='grc' dir='ltr'>πεσεῖται.</span> <span class='ocrx_word' id='word_1_378' title='bbox 1079 3788 1245 3841; x_wconf 88' lang='grc' dir='ltr'>Ὅταν</span> <span class='ocrx_word' id='word_1_379' title='bbox 1278 3787 1407 3858; x_wconf 79' lang='grc' dir='ltr'>εἴπῃ</span> <span class='ocrx_word' id='word_1_380' title='bbox 1441 3787 1647 3861; x_wconf 67' lang='lat' dir='ltr'><strong>[Aman</strong></span> <span class='ocrx_word' id='word_1_381' title='bbox 1686 3786 1810 3841; x_wconf 88' lang='lat' dir='ltr'><strong>add.</strong></span> <span class='ocrx_word' id='word_1_382' title='bbox 1845 3788 1875 3841; x_wconf 88' lang='grc' dir='ltr'>ὁ</span> 
     </span>
    </p>
   </div>
   <div class='ocr_carea' id='block_1_52' title="bbox 304 3876 1662 3953">
    <p class='ocr_par' dir='ltr' id='par_1_52' title="bbox 304 3876 1662 3953">
     <span class='ocr_line' id='line_1_52' title="bbox 304 3876 1662 3953; baseline -0.004 -18"><span class='ocrx_word' id='word_1_383' title='bbox 304 3879 607 3953; x_wconf 84' lang='grc' dir='ltr'>διάϐολος</span> <span class='ocrx_word' id='word_1_384' title='bbox 638 3880 934 3951; x_wconf 86' lang='grc' dir='ltr'>Νενίκηκα,</span> <span class='ocrx_word' id='word_1_385' title='bbox 972 3878 1091 3931; x_wconf 88' lang='grc' dir='ltr'>τότε</span> <span class='ocrx_word' id='word_1_386' title='bbox 1121 3876 1300 3931; x_wconf 85' lang='grc' dir='ltr'>πεσὼν</span> <span class='ocrx_word' id='word_1_387' title='bbox 1333 3877 1662 3947; x_wconf 74' lang='grc' dir='ltr'>αἰσχύνεται.</span> 
     </span>
    </p>
   </div>
   <div class='ocr_carea' id='block_1_53' title="bbox 373 3966 1874 4040">
    <p class='ocr_par' dir='ltr' id='par_1_53' title="bbox 373 3966 1874 4040">
     <span class='ocr_line' id='line_1_53' title="bbox 373 3966 1874 4040; baseline -0.003 -15"><span class='ocrx_word' id='word_1_388' title='bbox 373 3968 523 4027; x_wconf 74' lang='grc' dir='ltr'>Εἶπε</span> <span class='ocrx_word' id='word_1_389' title='bbox 582 3970 693 4040; x_wconf 73' lang='grc' dir='ltr'>γὰρ</span> <span class='ocrx_word' id='word_1_390' title='bbox 753 3973 822 4023; x_wconf 79' lang='grc' dir='ltr'><strong>ἐν</strong></span> <span class='ocrx_word' id='word_1_391' title='bbox 870 3969 1083 4038; x_wconf 79' lang='grc' dir='ltr'>καρδίᾳ</span> <span class='ocrx_word' id='word_1_392' title='bbox 1133 3968 1336 4022; x_wconf 76' lang='grc' dir='ltr'>αὑτοῦ·</span> <span class='ocrx_word' id='word_1_393' title='bbox 1375 3966 1791 4033; x_wconf 73' lang='grc' dir='ltr'>Ἑπιλέλησται</span> <span class='ocrx_word' id='word_1_394' title='bbox 1840 3970 1874 4020; x_wconf 81' lang='grc' dir='ltr'><em>ὁ</em></span> 
     </span>
    </p>
   </div>
   <div class='ocr_carea' id='block_1_54' title="bbox 310 4058 1874 4131">
    <p class='ocr_par' dir='ltr' id='par_1_54' title="bbox 310 4058 1874 4131">
     <span class='ocr_line' id='line_1_54' title="bbox 310 4058 1874 4131; baseline -0.003 -16"><span class='ocrx_word' id='word_1_395' title='bbox 310 4062 469 4129; x_wconf 62' lang='lat' dir='ltr'><strong>Rede.</strong></span> <span class='ocrx_word' id='word_1_396' title='bbox 499 4062 659 4131; x_wconf 77' lang='grc' dir='ltr'>Λέγει</span> <span class='ocrx_word' id='word_1_397' title='bbox 691 4061 863 4115; x_wconf 82' lang='grc' dir='ltr'>ταῦτα</span> <span class='ocrx_word' id='word_1_398' title='bbox 917 4062 945 4113; x_wconf 91' lang='grc' dir='ltr'>ὁ</span> <span class='ocrx_word' id='word_1_399' title='bbox 970 4060 1210 4123; x_wconf 85' lang='grc' dir='ltr'>διάϐολος</span> <span class='ocrx_word' id='word_1_400' title='bbox 1238 4061 1335 4130; x_wconf 76' lang='grc' dir='ltr'>οὐχ</span> <span class='ocrx_word' id='word_1_401' title='bbox 1364 4059 1534 4123; x_wconf 73' lang='grc' dir='ltr'>οὕτως</span> <span class='ocrx_word' id='word_1_402' title='bbox 1581 4059 1736 4130; x_wconf 80' lang='grc' dir='ltr'>ἔχων,</span> <span class='ocrx_word' id='word_1_403' title='bbox 1760 4058 1874 4112; x_wconf 78' lang='grc' dir='ltr'>ἀλλ’</span> 
     </span>
    </p>
   </div>
   <div class='ocr_carea' id='block_1_55' title="bbox 307 4152 1876 4226">
    <p class='ocr_par' dir='ltr' id='par_1_55' title="bbox 307 4152 1876 4226">
     <span class='ocr_line' id='line_1_55' title="bbox 307 4152 1876 4226; baseline -0.003 -17"><span class='ocrx_word' id='word_1_404' title='bbox 307 4156 451 4226; x_wconf 66' lang='grc' dir='ltr'>ἡμᾶς</span> <span class='ocrx_word' id='word_1_405' title='bbox 494 4156 771 4225; x_wconf 76' lang='grc' dir='ltr'>ἀπατῆσαι</span> <span class='ocrx_word' id='word_1_406' title='bbox 798 4152 1131 4224; x_wconf 80' lang='grc' dir='ltr'>βουλόμενος,</span> <span class='ocrx_word' id='word_1_407' title='bbox 1179 4153 1266 4207; x_wconf 84' lang='grc' dir='ltr'>ἵνα</span> <span class='ocrx_word' id='word_1_408' title='bbox 1306 4152 1691 4223; x_wconf 84' lang='grc' dir='ltr'>σκελισοῶμεν,</span> <span class='ocrx_word' id='word_1_409' title='bbox 1739 4154 1876 4223; x_wconf 86' lang='grc' dir='ltr'>άμε-</span> 
     </span>
    </p>
   </div>
   <div class='ocr_carea' id='block_1_56' title="bbox 308 4244 1579 4316">
    <p class='ocr_par' dir='ltr' id='par_1_56' title="bbox 308 4244 1579 4316">
     <span class='ocr_line' id='line_1_56' title="bbox 308 4244 1579 4316; baseline -0.002 -15"><span class='ocrx_word' id='word_1_410' title='bbox 308 4246 417 4301; x_wconf 80' lang='grc' dir='ltr'>λεῖν</span> <span class='ocrx_word' id='word_1_411' title='bbox 441 4247 533 4300; x_wconf 78' lang='grc' dir='ltr'>τὸν</span> <span class='ocrx_word' id='word_1_412' title='bbox 562 4246 695 4300; x_wconf 74' lang='grc' dir='ltr'>Θεὸν</span> <span class='ocrx_word' id='word_1_413' title='bbox 722 4246 829 4298; x_wconf 88' lang='grc' dir='ltr'><strong>τῶν</strong></span> <span class='ocrx_word' id='word_1_414' title='bbox 863 4244 1214 4316; x_wconf 78' lang='grc' dir='ltr'>ἀνθρωπίνων</span> <span class='ocrx_word' id='word_1_415' title='bbox 1251 4244 1579 4315; x_wconf 76' lang='grc' dir='ltr'>νομίζοντες.</span> 
     </span>
    </p>
   </div>
   <div class='ocr_carea' id='block_1_57' title="bbox 385 4335 1875 4408">
    <p class='ocr_par' dir='ltr' id='par_1_57' title="bbox 385 4335 1875 4408">
     <span class='ocr_line' id='line_1_57' title="bbox 385 4335 1875 4408; baseline -0.002 -16"><span class='ocrx_word' id='word_1_416' title='bbox 385 4337 729 4405; x_wconf 78' lang='grc' dir='ltr'>Ἀνάστηθι,</span> <span class='ocrx_word' id='word_1_417' title='bbox 761 4338 937 4405; x_wconf 80' lang='grc' dir='ltr'>Κύριε</span> <span class='ocrx_word' id='word_1_418' title='bbox 971 4341 1002 4391; x_wconf 87' lang='grc' dir='ltr'><strong>ό</strong></span> <span class='ocrx_word' id='word_1_419' title='bbox 1034 4339 1176 4403; x_wconf 80' lang='grc' dir='ltr'><strong>Θεός</strong></span> <span class='ocrx_word' id='word_1_420' title='bbox 1218 4355 1355 4406; x_wconf 83' lang='grc' dir='ltr'>μου.</span> <span class='ocrx_word' id='word_1_421' title='bbox 1385 4336 1614 4407; x_wconf 74' lang='grc' dir='ltr'>Εὔχεται</span> <span class='ocrx_word' id='word_1_422' title='bbox 1654 4335 1752 4408; x_wconf 79' lang='grc' dir='ltr'>τὴν</span> <span class='ocrx_word' id='word_1_423' title='bbox 1790 4337 1875 4389; x_wconf 88' lang='grc' dir='ltr'><strong>ἀν-</strong></span> 
     </span>
    </p>
   </div>
   <div class='ocr_carea' id='block_1_58' title="bbox 307 4426 1875 4501">
    <p class='ocr_par' dir='ltr' id='par_1_58' title="bbox 307 4426 1875 4501">
     <span class='ocr_line' id='line_1_58' title="bbox 307 4426 1875 4501; baseline -0.003 -17"><span class='ocrx_word' id='word_1_424' title='bbox 307 4429 435 4501; x_wconf 79' lang='grc' dir='ltr'>οχὴν</span> <span class='ocrx_word' id='word_1_425' title='bbox 457 4428 551 4483; x_wconf 77' lang='grc' dir='ltr'>τοῦ</span> <span class='ocrx_word' id='word_1_426' title='bbox 579 4428 714 4482; x_wconf 75' lang='grc' dir='ltr'>Θεοῦ</span> <span class='ocrx_word' id='word_1_427' title='bbox 741 4429 834 4481; x_wconf 72' lang='grc' dir='ltr'>καὶ</span> <span class='ocrx_word' id='word_1_428' title='bbox 850 4429 949 4496; x_wconf 81' lang='grc' dir='ltr'>τὴν</span> <span class='ocrx_word' id='word_1_429' title='bbox 970 4428 1308 4499; x_wconf 84' lang='grc' dir='ltr'>χρηστότητα</span> <span class='ocrx_word' id='word_1_430' title='bbox 1340 4429 1576 4498; x_wconf 82' lang='grc' dir='ltr'>κινῆσαι·</span> <span class='ocrx_word' id='word_1_431' title='bbox 1609 4429 1682 4499; x_wconf 84' lang='grc' dir='ltr'>μὴ</span> <span class='ocrx_word' id='word_1_432' title='bbox 1712 4426 1875 4497; x_wconf 67' lang='grc' dir='ltr'>ὑψου-</span> 
     </span>
    </p>
   </div>
   <div class='ocr_carea' id='block_1_59' title="bbox 1975 1863 3536 1933">
    <p class='ocr_par' dir='ltr' id='par_1_59' title="bbox 1975 1863 3536 1933">
     <span class='ocr_line' id='line_1_59' title="bbox 1975 1863 3536 1933; baseline -0.002 -13"><span class='ocrx_word' id='word_1_433' title='bbox 1975 1876 2299 1931; x_wconf 87' lang='lat' dir='ltr'><strong>moventur,</strong></span> <span class='ocrx_word' id='word_1_434' title='bbox 2362 1874 2489 1919; x_wconf 90' lang='lat' dir='ltr'><strong>sunt</strong></span> <span class='ocrx_word' id='word_1_435' title='bbox 2548 1880 2729 1918; x_wconf 75' lang='lat' dir='ltr'><strong>causa:</strong></span> <span class='ocrx_word' id='word_1_436' title='bbox 2781 1863 3103 1933; x_wconf 82' lang='lat' dir='ltr'><strong>plagarum,</strong></span> <span class='ocrx_word' id='word_1_437' title='bbox 3157 1864 3536 1930; x_wconf 89' lang='lat' dir='ltr'><strong>cruciatuum,</strong></span> 
     </span>
    </p>
   </div>
   <div class='ocr_carea' id='block_1_60' title="bbox 1974 1956 3537 2027">
    <p class='ocr_par' dir='ltr' id='par_1_60' title="bbox 1974 1956 3537 2027">
     <span class='ocr_line' id='line_1_60' title="bbox 1974 1956 3537 2027; baseline -0.001 -17"><span class='ocrx_word' id='word_1_438' title='bbox 1974 1957 2455 2027; x_wconf 89' lang='lat' dir='ltr'><strong>persecutionum,</strong></span> <span class='ocrx_word' id='word_1_439' title='bbox 2486 1970 2791 2018; x_wconf 77' lang='lat' dir='ltr'><strong>carcerum,</strong></span> <span class='ocrx_word' id='word_1_440' title='bbox 2822 1956 3048 2020; x_wconf 89' lang='lat' dir='ltr'><strong>mortis;</strong></span> <span class='ocrx_word' id='word_1_441' title='bbox 3082 1970 3203 2023; x_wconf 73' lang='lat' dir='ltr'><strong>quae</strong></span> <span class='ocrx_word' id='word_1_442' title='bbox 3240 1957 3380 2009; x_wconf 88' lang='lat' dir='ltr'><strong>circa</strong></span> <span class='ocrx_word' id='word_1_443' title='bbox 3413 1969 3537 2010; x_wconf 89' lang='lat' dir='ltr'><strong>cor-</strong></span> 
     </span>
    </p>
   </div>
   <div class='ocr_carea' id='block_1_61' title="bbox 1972 2047 3540 2118">
    <p class='ocr_par' dir='ltr' id='par_1_61' title="bbox 1972 2047 3540 2118">
     <span class='ocr_line' id='line_1_61' title="bbox 1972 2047 3540 2118; baseline 0 -17"><span class='ocrx_word' id='word_1_444' title='bbox 1972 2063 2076 2118; x_wconf 85' lang='lat' dir='ltr'><strong>pus</strong></span> <span class='ocrx_word' id='word_1_445' title='bbox 2132 2055 2417 2101; x_wconf 83' lang='lat' dir='ltr'><strong>versantur</strong></span> <span class='ocrx_word' id='word_1_446' title='bbox 2471 2047 2834 2109; x_wconf 83' lang='lat' dir='ltr'><strong>tentationes,</strong></span> <span class='ocrx_word' id='word_1_447' title='bbox 2901 2058 3030 2099; x_wconf 86' lang='lat' dir='ltr'><strong>sunt</strong></span> <span class='ocrx_word' id='word_1_448' title='bbox 3084 2047 3437 2117; x_wconf 86' lang='lat' dir='ltr'><strong>pecuniarum</strong></span> <span class='ocrx_word' id='word_1_449' title='bbox 3483 2055 3540 2101; x_wconf 89' lang='lat' dir='ltr'><strong>et</strong></span> 
     </span>
    </p>
   </div>
   <div class='ocr_carea' id='block_1_62' title="bbox 1973 2136 3536 2208">
    <p class='ocr_par' dir='ltr' id='par_1_62' title="bbox 1973 2136 3536 2208">
     <span class='ocr_line' id='line_1_62' title="bbox 1973 2136 3536 2208; baseline 0.001 -16"><span class='ocrx_word' id='word_1_450' title='bbox 1973 2139 2380 2208; x_wconf 87' lang='lat' dir='ltr'><strong>possessionum</strong></span> <span class='ocrx_word' id='word_1_451' title='bbox 2413 2138 2648 2197; x_wconf 70' lang='lat' dir='ltr'><strong>mulctze.</strong></span> <span class='ocrx_word' id='word_1_452' title='bbox 2680 2136 2915 2190; x_wconf 80' lang='lat' dir='ltr'><strong>ﬁliorum</strong></span> <span class='ocrx_word' id='word_1_453' title='bbox 2947 2146 3000 2190; x_wconf 86' lang='lat' dir='ltr'><strong>et</strong></span> <span class='ocrx_word' id='word_1_454' title='bbox 3027 2153 3256 2191; x_wconf 81' lang='lat' dir='ltr'><strong>uxorum</strong></span> <span class='ocrx_word' id='word_1_455' title='bbox 3287 2139 3536 2207; x_wconf 64' lang='lat' dir='ltr'><strong>jactura.</strong></span> 
     </span>
    </p>
   </div>
   <div class='ocr_carea' id='block_1_63' title="bbox 1972 2224 3539 2297">
    <p class='ocr_par' dir='ltr' id='par_1_63' title="bbox 1972 2224 3539 2297">
     <span class='ocr_line' id='line_1_63' title="bbox 1972 2224 3539 2297; baseline -0.003 -13"><span class='ocrx_word' id='word_1_456' title='bbox 1972 2229 2157 2284; x_wconf 89' lang='lat' dir='ltr'><strong>Palam</strong></span> <span class='ocrx_word' id='word_1_457' title='bbox 2181 2231 2364 2297; x_wconf 85' lang='lat' dir='ltr'><strong>itaque</strong></span> <span class='ocrx_word' id='word_1_458' title='bbox 2393 2235 2475 2281; x_wconf 87' lang='lat' dir='ltr'><strong>est</strong></span> <span class='ocrx_word' id='word_1_459' title='bbox 2505 2241 2570 2281; x_wconf 82' lang='lat' dir='ltr'><strong>ex</strong></span> <span class='ocrx_word' id='word_1_460' title='bbox 2606 2225 2934 2295; x_wconf 85' lang='lat' dir='ltr'><strong>supradictis</strong></span> <span class='ocrx_word' id='word_1_461' title='bbox 2973 2224 3228 2280; x_wconf 87' lang='lat' dir='ltr'><strong>Satanam</strong></span> <span class='ocrx_word' id='word_1_462' title='bbox 3261 2226 3444 2294; x_wconf 88' lang='lat' dir='ltr'><strong>aliquo</strong></span> <span class='ocrx_word' id='word_1_463' title='bbox 3473 2240 3539 2280; x_wconf 76' lang='lat' dir='ltr'><strong>ex</strong></span> 
     </span>
    </p>
   </div>
   <div class='ocr_carea' id='block_1_64' title="bbox 1975 2316 3543 2388">
    <p class='ocr_par' dir='ltr' id='par_1_64' title="bbox 1975 2316 3543 2388">
     <span class='ocr_line' id='line_1_64' title="bbox 1975 2316 3543 2388; baseline -0.002 -11"><span class='ocrx_word' id='word_1_464' title='bbox 1975 2321 2292 2377; x_wconf 86' lang='lat' dir='ltr'><strong>memoratis</strong></span> <span class='ocrx_word' id='word_1_465' title='bbox 2324 2320 2685 2388; x_wconf 63' lang='lat' dir='ltr'><strong>mutationum</strong></span> <span class='ocrx_word' id='word_1_466' title='bbox 2723 2317 3035 2387; x_wconf 75' lang='lat' dir='ltr'><strong>generibus,</strong></span> <span class='ocrx_word' id='word_1_467' title='bbox 3067 2318 3119 2370; x_wconf 92' lang='lat' dir='ltr'><strong>in</strong></span> <span class='ocrx_word' id='word_1_468' title='bbox 3149 2316 3327 2385; x_wconf 78' lang='lat' dir='ltr'><strong>iustos</strong></span> <span class='ocrx_word' id='word_1_469' title='bbox 3352 2332 3543 2374; x_wconf 78' lang='lat' dir='ltr'><strong>omnes</strong></span> 
     </span>
    </p>
   </div>
   <div class='ocr_carea' id='block_1_65' title="bbox 1974 2408 3541 2478">
    <p class='ocr_par' dir='ltr' id='par_1_65' title="bbox 1974 2408 3541 2478">
     <span class='ocr_line' id='line_1_65' title="bbox 1974 2408 3541 2478; baseline -0.003 -11"><span class='ocrx_word' id='word_1_470' title='bbox 1974 2413 2315 2467; x_wconf 85' lang='lat' dir='ltr'><strong>dominatum</strong></span> <span class='ocrx_word' id='word_1_471' title='bbox 2362 2411 2620 2465; x_wconf 83' lang='lat' dir='ltr'><strong>habuisse</strong></span> <span class='ocrx_word' id='word_1_472' title='bbox 2654 2426 2667 2462; x_wconf 92' lang='lat'>:</span> <span class='ocrx_word' id='word_1_473' title='bbox 2714 2409 2863 2463; x_wconf 86' lang='lat' dir='ltr'><strong>solus</strong></span> <span class='ocrx_word' id='word_1_474' title='bbox 2896 2409 3096 2477; x_wconf 86' lang='lat' dir='ltr'><strong>quippe</strong></span> <span class='ocrx_word' id='word_1_475' title='bbox 3126 2408 3378 2464; x_wconf 85' lang='lat' dir='ltr'><strong>Christus</strong></span> <span class='ocrx_word' id='word_1_476' title='bbox 3419 2424 3541 2478; x_wconf 80' lang='lat' dir='ltr'><strong>pec-</strong></span> 
     </span>
    </p>
   </div>
   <div class='ocr_carea' id='block_1_66' title="bbox 1975 2500 3544 2571">
    <p class='ocr_par' dir='ltr' id='par_1_66' title="bbox 1975 2500 3544 2571">
     <span class='ocr_line' id='line_1_66' title="bbox 1975 2500 3544 2571; baseline -0.001 -15"><span class='ocrx_word' id='word_1_477' title='bbox 1975 2512 2153 2557; x_wconf 84' lang='lat' dir='ltr'><strong>catum</strong></span> <span class='ocrx_word' id='word_1_478' title='bbox 2198 2519 2300 2555; x_wconf 85' lang='lat' dir='ltr'><strong>non</strong></span> <span class='ocrx_word' id='word_1_479' title='bbox 2346 2502 2513 2571; x_wconf 78' lang='lat' dir='ltr'><strong>fecit,</strong></span> <span class='ocrx_word' id='word_1_480' title='bbox 2558 2516 2720 2570; x_wconf 82' lang='lat' dir='ltr'><strong>neque</strong></span> <span class='ocrx_word' id='word_1_481' title='bbox 2767 2500 2921 2555; x_wconf 82' lang='lat' dir='ltr'><strong>dolus</strong></span> <span class='ocrx_word' id='word_1_482' title='bbox 2966 2501 3205 2554; x_wconf 83' lang='lat' dir='ltr'><strong>iuventus</strong></span> <span class='ocrx_word' id='word_1_483' title='bbox 3244 2508 3321 2553; x_wconf 83' lang='lat' dir='ltr'><strong>est</strong></span> <span class='ocrx_word' id='word_1_484' title='bbox 3359 2504 3414 2554; x_wconf 83' lang='lat' dir='ltr'><strong>iu</strong></span> <span class='ocrx_word' id='word_1_485' title='bbox 3453 2514 3544 2555; x_wconf 67' lang='lat' dir='ltr'><strong>ore</strong></span> 
     </span>
    </p>
   </div>
   <div class='ocr_carea' id='block_1_67' title="bbox 1973 2592 2225 2665">
    <p class='ocr_par' dir='ltr' id='par_1_67' title="bbox 1973 2592 2225 2665">
     <span class='ocr_line' id='line_1_67' title="bbox 1973 2592 2225 2665; baseline -0.008 -17"><span class='ocrx_word' id='word_1_486' title='bbox 1973 2594 2087 2663; x_wconf 86' lang='lat' dir='ltr'><strong>ejus</strong></span> <span class='ocrx_word' id='word_1_487' title='bbox 2118 2592 2225 2665; x_wconf 82' lang='grc'><strong>⁸⁶.]</strong></span> 
     </span>
    </p>
   </div>
   <div class='ocr_carea' id='block_1_68' title="bbox 2047 2790 3544 2860">
    <p class='ocr_par' dir='ltr' id='par_1_68' title="bbox 2047 2790 3544 2860">
     <span class='ocr_line' id='line_1_68' title="bbox 2047 2790 3544 2860; baseline 0.002 -16"><span class='ocrx_word' id='word_1_488' title='bbox 2047 2790 2096 2845; x_wconf 79' lang='grc'><strong>7.</strong></span> <span class='ocrx_word' id='word_1_489' title='bbox 2139 2790 2306 2860; x_wconf 80' lang='lat' dir='ltr'><strong>Cujus</strong></span> <span class='ocrx_word' id='word_1_490' title='bbox 2350 2791 2714 2845; x_wconf 81' lang='lat' dir='ltr'><strong>maledictione</strong></span> <span class='ocrx_word' id='word_1_491' title='bbox 2756 2808 2813 2846; x_wconf 84' lang='lat' dir='ltr'><strong>os</strong></span> <span class='ocrx_word' id='word_1_492' title='bbox 2853 2791 3064 2856; x_wconf 82' lang='lat' dir='ltr'><strong>plenum</strong></span> <span class='ocrx_word' id='word_1_493' title='bbox 3089 2802 3186 2847; x_wconf 81' lang='lat' dir='ltr'><strong>est.</strong></span> <span class='ocrx_word' id='word_1_494' title='bbox 3217 2791 3544 2847; x_wconf 70' lang='lat' dir='ltr'><strong>Permanet:-</strong></span> 
     </span>
    </p>
   </div>
   <div class='ocr_carea' id='block_1_69' title="bbox 1974 2883 3543 2953">
    <p class='ocr_par' dir='ltr' id='par_1_69' title="bbox 1974 2883 3543 2953">
     <span class='ocr_line' id='line_1_69' title="bbox 1974 2883 3543 2953; baseline -0.001 -15"><span class='ocrx_word' id='word_1_495' title='bbox 1974 2896 2104 2948; x_wconf 86' lang='lat' dir='ltr'><strong>tem,</strong></span> <span class='ocrx_word' id='word_1_496' title='bbox 2134 2884 2415 2953; x_wconf 86' lang='lat' dir='ltr'><strong>inquit,se</strong></span> <span class='ocrx_word' id='word_1_497' title='bbox 2446 2883 2752 2937; x_wconf 80' lang='lat' dir='ltr'><strong>felicitatem</strong></span> <span class='ocrx_word' id='word_1_498' title='bbox 2787 2883 3093 2936; x_wconf 88' lang='lat' dir='ltr'><strong>habiturum</strong></span> <span class='ocrx_word' id='word_1_499' title='bbox 3136 2891 3320 2952; x_wconf 86' lang='lat' dir='ltr'><strong>putat,</strong></span> <span class='ocrx_word' id='word_1_500' title='bbox 3350 2897 3543 2952; x_wconf 86' lang='lat' dir='ltr'><strong>quam-</strong></span> 
     </span>
    </p>
   </div>
   <div class='ocr_carea' id='block_1_70' title="bbox 1975 2975 3538 3044">
    <p class='ocr_par' dir='ltr' id='par_1_70' title="bbox 1975 2975 3538 3044">
     <span class='ocr_line' id='line_1_70' title="bbox 1975 2975 3538 3044; baseline -0.001 -14"><span class='ocrx_word' id='word_1_501' title='bbox 1975 2978 2160 3030; x_wconf 81' lang='lat' dir='ltr'><strong>obrem</strong></span> <span class='ocrx_word' id='word_1_502' title='bbox 2207 2987 2259 3028; x_wconf 82' lang='lat' dir='ltr'><strong>rt</strong></span> <span class='ocrx_word' id='word_1_503' title='bbox 2314 2976 2677 3029; x_wconf 84' lang='lat' dir='ltr'><strong>amaritudine</strong></span> <span class='ocrx_word' id='word_1_504' title='bbox 2703 2986 2755 3029; x_wconf 86' lang='lat' dir='ltr'><strong>et</strong></span> <span class='ocrx_word' id='word_1_505' title='bbox 2788 2975 2912 3028; x_wconf 85' lang='lat' dir='ltr'><strong>dolo</strong></span> <span class='ocrx_word' id='word_1_506' title='bbox 2940 2990 3001 3028; x_wconf 90' lang='lat' dir='ltr'><strong>os</strong></span> <span class='ocrx_word' id='word_1_507' title='bbox 3030 2975 3147 3044; x_wconf 90' lang='lat' dir='ltr'><strong>ejus</strong></span> <span class='ocrx_word' id='word_1_508' title='bbox 3172 2975 3386 3043; x_wconf 81' lang='lat' dir='ltr'><strong>plenum</strong></span> <span class='ocrx_word' id='word_1_509' title='bbox 3415 2982 3497 3028; x_wconf 85' lang='lat' dir='ltr'><strong>est</strong></span> <span class='ocrx_word' id='word_1_510' title='bbox 3522 3014 3538 3038; x_wconf 88' lang='lat'><strong>,</strong></span> 
     </span>
    </p>
   </div>
   <div class='ocr_carea' id='block_1_71' title="bbox 1978 3064 3542 3134">
    <p class='ocr_par' dir='ltr' id='par_1_71' title="bbox 1978 3064 3542 3134">
     <span class='ocr_line' id='line_1_71' title="bbox 1978 3064 3542 3134; baseline -0.001 -15"><span class='ocrx_word' id='word_1_511' title='bbox 1978 3074 2139 3134; x_wconf 85' lang='lat' dir='ltr'><strong>atque</strong></span> <span class='ocrx_word' id='word_1_512' title='bbox 2184 3064 2410 3118; x_wconf 86' lang='lat' dir='ltr'><strong>insidias</strong></span> <span class='ocrx_word' id='word_1_513' title='bbox 2457 3074 2612 3134; x_wconf 88' lang='lat' dir='ltr'><strong>parat</strong></span> <span class='ocrx_word' id='word_1_514' title='bbox 2645 3064 3010 3133; x_wconf 81' lang='lat' dir='ltr'><strong>pauperibus,</strong></span> <span class='ocrx_word' id='word_1_515' title='bbox 3060 3075 3118 3118; x_wconf 88' lang='lat' dir='ltr'><strong>ut</strong></span> <span class='ocrx_word' id='word_1_516' title='bbox 3164 3064 3374 3132; x_wconf 81' lang='lat' dir='ltr'><strong>laqueis</strong></span> <span class='ocrx_word' id='word_1_517' title='bbox 3426 3064 3542 3118; x_wconf 82' lang='lat' dir='ltr'><strong>suis</strong></span> 
     </span>
    </p>
   </div>
   <div class='ocr_carea' id='block_1_72' title="bbox 1903 3153 3539 3241">
    <p class='ocr_par' dir='ltr' id='par_1_72' title="bbox 1903 3153 3539 3241">
     <span class='ocr_line' id='line_1_72' title="bbox 1903 3153 3539 3241; baseline -0.001 -33"><span class='ocrx_word' id='word_1_518' title='bbox 1903 3186 1945 3241; x_wconf 65' lang='grc' dir='ltr'><strong>ρ</strong></span> <span class='ocrx_word' id='word_1_519' title='bbox 1980 3156 2267 3209; x_wconf 85' lang='lat' dir='ltr'><strong>interliciat</strong></span> <span class='ocrx_word' id='word_1_520' title='bbox 2293 3172 2408 3210; x_wconf 86' lang='lat' dir='ltr'><strong>eos.</strong></span> <span class='ocrx_word' id='word_1_521' title='bbox 2434 3155 2566 3208; x_wconf 75' lang='lat' dir='ltr'><strong>lilnd</strong></span> <span class='ocrx_word' id='word_1_522' title='bbox 2597 3170 2780 3225; x_wconf 87' lang='lat' dir='ltr'><strong>porro,</strong></span> <span class='ocrx_word' id='word_1_523' title='bbox 2806 3170 2926 3207; x_wconf 81' lang='lat' dir='ltr'><strong>cum</strong></span> <span class='ocrx_word' id='word_1_524' title='bbox 2951 3154 3221 3211; x_wconf 80' lang='lat' dir='ltr'><strong>divitibus.</strong></span> <span class='ocrx_word' id='word_1_525' title='bbox 3244 3154 3369 3223; x_wconf 89' lang='lat' dir='ltr'><strong>quid</strong></span> <span class='ocrx_word' id='word_1_526' title='bbox 3394 3153 3539 3207; x_wconf 89' lang='lat' dir='ltr'><strong>aliud</strong></span> 
     </span>
    </p>
   </div>
   <div class='ocr_carea' id='block_1_73' title="bbox 1978 3245 3541 3318">
    <p class='ocr_par' dir='ltr' id='par_1_73' title="bbox 1978 3245 3541 3318">
     <span class='ocr_line' id='line_1_73' title="bbox 1978 3245 3541 3318; baseline -0.003 -14"><span class='ocrx_word' id='word_1_527' title='bbox 1978 3249 2081 3304; x_wconf 85' lang='lat' dir='ltr'><strong>sibi</strong></span> <span class='ocrx_word' id='word_1_528' title='bbox 2133 3249 2398 3311; x_wconf 89' lang='lat' dir='ltr'><strong>voluerit,</strong></span> <span class='ocrx_word' id='word_1_529' title='bbox 2435 3264 2631 3318; x_wconf 89' lang='lat' dir='ltr'><strong>quam,</strong></span> <span class='ocrx_word' id='word_1_530' title='bbox 2672 3262 2795 3302; x_wconf 90' lang='lat' dir='ltr'><strong>cum</strong></span> <span class='ocrx_word' id='word_1_531' title='bbox 2830 3248 2896 3302; x_wconf 90' lang='lat' dir='ltr'><strong>iis</strong></span> <span class='ocrx_word' id='word_1_532' title='bbox 2937 3249 3030 3318; x_wconf 91' lang='lat' dir='ltr'><strong>qui</strong></span> <span class='ocrx_word' id='word_1_533' title='bbox 3064 3247 3255 3301; x_wconf 81' lang='lat' dir='ltr'><strong>divites</strong></span> <span class='ocrx_word' id='word_1_534' title='bbox 3298 3247 3349 3299; x_wconf 93' lang='lat' dir='ltr'><strong>in</strong></span> <span class='ocrx_word' id='word_1_535' title='bbox 3382 3245 3541 3299; x_wconf 84' lang='lat' dir='ltr'><strong>malis</strong></span> 
     </span>
    </p>
   </div>
   <div class='ocr_carea' id='block_1_74' title="bbox 1978 3340 3541 3411">
    <p class='ocr_par' dir='ltr' id='par_1_74' title="bbox 1978 3340 3541 3411">
     <span class='ocr_line' id='line_1_74' title="bbox 1978 3340 3541 3411; baseline -0.003 -14"><span class='ocrx_word' id='word_1_536' title='bbox 1978 3342 2144 3397; x_wconf 87' lang='lat' dir='ltr'><strong>sunt?</strong></span> <span class='ocrx_word' id='word_1_537' title='bbox 2197 3340 2271 3394; x_wconf 90' lang='lat' dir='ltr'><strong>llli</strong></span> <span class='ocrx_word' id='word_1_538' title='bbox 2308 3356 2543 3411; x_wconf 83' lang='lat' dir='ltr'><strong>namque</strong></span> <span class='ocrx_word' id='word_1_539' title='bbox 2595 3356 2718 3395; x_wconf 81' lang='lat' dir='ltr'><strong>eum</strong></span> <span class='ocrx_word' id='word_1_540' title='bbox 2767 3340 2984 3394; x_wconf 85' lang='lat' dir='ltr'><strong>diabolo</strong></span> <span class='ocrx_word' id='word_1_541' title='bbox 3018 3351 3169 3411; x_wconf 86' lang='lat' dir='ltr'><strong>patre</strong></span> <span class='ocrx_word' id='word_1_542' title='bbox 3211 3354 3312 3395; x_wconf 91' lang='lat' dir='ltr'><strong>suo</strong></span> <span class='ocrx_word' id='word_1_543' title='bbox 3352 3348 3541 3393; x_wconf 85' lang='lat' dir='ltr'><strong>contra</strong></span> 
     </span>
    </p>
   </div>
   <div class='ocr_carea' id='block_1_75' title="bbox 1978 3432 2938 3503">
    <p class='ocr_par' dir='ltr' id='par_1_75' title="bbox 1978 3432 2938 3503">
     <span class='ocr_line' id='line_1_75' title="bbox 1978 3432 2938 3503; baseline -0.002 -17"><span class='ocrx_word' id='word_1_544' title='bbox 1978 3447 2243 3503; x_wconf 81' lang='lat' dir='ltr'><strong>pauperes</strong></span> <span class='ocrx_word' id='word_1_545' title='bbox 2273 3448 2375 3485; x_wconf 82' lang='lat' dir='ltr'><strong>una</strong></span> <span class='ocrx_word' id='word_1_546' title='bbox 2411 3432 2691 3486; x_wconf 84' lang='lat' dir='ltr'><strong>machinas</strong></span> <span class='ocrx_word' id='word_1_547' title='bbox 2725 3440 2938 3501; x_wconf 88' lang='lat' dir='ltr'><strong>parant.</strong></span> 
     </span>
    </p>
   </div>
   <div class='ocr_carea' id='block_1_76' title="bbox 2043 3521 3534 3597">
    <p class='ocr_par' dir='ltr' id='par_1_76' title="bbox 2043 3521 3534 3597">
     <span class='ocr_line' id='line_1_76' title="bbox 2043 3521 3534 3597; baseline -0.002 -19"><span class='ocrx_word' id='word_1_548' title='bbox 2043 3524 2097 3578; x_wconf 91' lang='lat'><strong>8.</strong></span> <span class='ocrx_word' id='word_1_549' title='bbox 2139 3522 2291 3578; x_wconf 80' lang='lat' dir='ltr'><strong>Sedet</strong></span> <span class='ocrx_word' id='word_1_550' title='bbox 2327 3524 2379 3575; x_wconf 84' lang='lat' dir='ltr'><strong>in</strong></span> <span class='ocrx_word' id='word_1_551' title='bbox 2404 3523 2610 3576; x_wconf 81' lang='lat' dir='ltr'><strong>insidiis</strong></span> <span class='ocrx_word' id='word_1_552' title='bbox 2642 3540 2759 3575; x_wconf 87' lang='lat' dir='ltr'><strong>cum</strong></span> <span class='ocrx_word' id='word_1_553' title='bbox 2783 3523 3057 3597; x_wconf 65' lang='lat' dir='ltr'><strong>dim’tibus.~</strong></span> <span class='ocrx_word' id='word_1_554' title='bbox 3087 3522 3143 3575; x_wconf 85' lang='lat' dir='ltr'><strong>lu</strong></span> <span class='ocrx_word' id='word_1_555' title='bbox 3172 3521 3534 3576; x_wconf 79' lang='lat' dir='ltr'><strong>conventibus</strong></span> 
     </span>
    </p>
   </div>
   <div class='ocr_carea' id='block_1_77' title="bbox 1976 3611 3544 3679">
    <p class='ocr_par' dir='ltr' id='par_1_77' title="bbox 1976 3611 3544 3679">
     <span class='ocr_line' id='line_1_77' title="bbox 1976 3611 3544 3679; baseline -0.001 -11"><span class='ocrx_word' id='word_1_556' title='bbox 1976 3622 2032 3668; x_wconf 91' lang='lat' dir='ltr'><strong>et</strong></span> <span class='ocrx_word' id='word_1_557' title='bbox 2059 3615 2291 3669; x_wconf 77' lang='lat' dir='ltr'><strong>cmtibus</strong></span> <span class='ocrx_word' id='word_1_558' title='bbox 2318 3616 2512 3668; x_wconf 88' lang='lat' dir='ltr'><strong>sedens</strong></span> <span class='ocrx_word' id='word_1_559' title='bbox 2533 3655 2549 3679; x_wconf 91' lang='lat'><strong>,</strong></span> <span class='ocrx_word' id='word_1_560' title='bbox 2580 3613 2808 3667; x_wconf 87' lang='lat' dir='ltr'><strong>insidias</strong></span> <span class='ocrx_word' id='word_1_561' title='bbox 2841 3620 2893 3667; x_wconf 92' lang='lat' dir='ltr'><strong>et</strong></span> <span class='ocrx_word' id='word_1_562' title='bbox 2922 3613 3205 3666; x_wconf 83' lang='lat' dir='ltr'><strong>machinas</strong></span> <span class='ocrx_word' id='word_1_563' title='bbox 3233 3611 3544 3666; x_wconf 79' lang='lat' dir='ltr'><strong>insontibus</strong></span> 
     </span>
    </p>
   </div>
   <div class='ocr_carea' id='block_1_78' title="bbox 1976 3713 2152 3773">
    <p class='ocr_par' dir='ltr' id='par_1_78' title="bbox 1976 3713 2152 3773">
     <span class='ocr_line' id='line_1_78' title="bbox 1976 3713 2152 3773; baseline 0.011 -17"><span class='ocrx_word' id='word_1_564' title='bbox 1976 3713 2152 3773; x_wconf 89' lang='lat' dir='ltr'><strong>parat.</strong></span> 
     </span>
    </p>
   </div>
   <div class='ocr_carea' id='block_1_79' title="bbox 2049 3774 3537 3862">
    <p class='ocr_par' dir='ltr' id='par_1_79' title="bbox 2049 3774 3537 3862">
     <span class='ocr_line' id='line_1_79' title="bbox 2049 3774 3537 3862; baseline -0.003 -15"><span class='ocrx_word' id='word_1_565' title='bbox 2049 3794 2134 3847; x_wconf 82' lang='grc'>10.</span> <span class='ocrx_word' id='word_1_566' title='bbox 2180 3791 2468 3847; x_wconf 76' lang='lat' dir='ltr'><strong>Inclinabit</strong></span> <span class='ocrx_word' id='word_1_567' title='bbox 2493 3809 2546 3846; x_wconf 75' lang='lat' dir='ltr'><strong>se</strong></span> <span class='ocrx_word' id='word_1_568' title='bbox 2573 3802 2623 3845; x_wconf 87' lang='lat' dir='ltr'><strong>et</strong></span> <span class='ocrx_word' id='word_1_569' title='bbox 2649 3792 2821 3846; x_wconf 80' lang='lat' dir='ltr'><strong>cadet.</strong></span> <span class='ocrx_word' id='word_1_570' title='bbox 2855 3790 3148 3862; x_wconf 85' lang='lat' dir='ltr'><strong>Postquam</strong></span> <span class='ocrx_word' id='word_1_571' title='bbox 3177 3789 3313 3844; x_wconf 78' lang='lat' dir='ltr'><strong>dixit</strong></span> <span class='ocrx_word' id='word_1_572' title='bbox 3340 3807 3354 3843; x_wconf 92' lang='lat'><strong>:</strong></span> <span class='ocrx_word' id='word_1_573' title='bbox 3388 3774 3537 3852; x_wconf 71' lang='lat' dir='ltr'><strong>Vici,</strong></span> 
     </span>
    </p>
   </div>
   <div class='ocr_carea' id='block_1_80' title="bbox 1981 3885 2649 3955">
    <p class='ocr_par' dir='ltr' id='par_1_80' title="bbox 1981 3885 2649 3955">
     <span class='ocr_line' id='line_1_80' title="bbox 1981 3885 2649 3955; baseline -0.004 -14"><span class='ocrx_word' id='word_1_574' title='bbox 1981 3894 2109 3941; x_wconf 92' lang='lat' dir='ltr'><strong>tunc</strong></span> <span class='ocrx_word' id='word_1_575' title='bbox 2137 3886 2323 3955; x_wconf 79' lang='lat' dir='ltr'><strong>lapsus</strong></span> <span class='ocrx_word' id='word_1_576' title='bbox 2359 3885 2649 3940; x_wconf 88' lang='lat' dir='ltr'><strong>erubescit.</strong></span> 
     </span>
    </p>
   </div>
   <div class='ocr_carea' id='block_1_81' title="bbox 2050 3968 3541 4029">
    <p class='ocr_par' dir='ltr' id='par_1_81' title="bbox 2050 3968 3541 4029">
     <span class='ocr_line' id='line_1_81' title="bbox 2050 3968 3541 4029; baseline -0.003 -1"><span class='ocrx_word' id='word_1_577' title='bbox 2050 3976 2137 4029; x_wconf 83' lang='grc'><strong>11.</strong></span> <span class='ocrx_word' id='word_1_578' title='bbox 2154 3975 2301 4028; x_wconf 79' lang='lat' dir='ltr'><strong>Dixit</strong></span> <span class='ocrx_word' id='word_1_579' title='bbox 2324 3977 2457 4028; x_wconf 83' lang='lat' dir='ltr'><strong>enim</strong></span> <span class='ocrx_word' id='word_1_580' title='bbox 2481 3976 2534 4027; x_wconf 89' lang='lat' dir='ltr'><strong>in</strong></span> <span class='ocrx_word' id='word_1_581' title='bbox 2563 3974 2716 4027; x_wconf 86' lang='lat' dir='ltr'><strong>corde</strong></span> <span class='ocrx_word' id='word_1_582' title='bbox 2741 3990 2833 4026; x_wconf 90' lang='lat' dir='ltr'><strong>suo</strong></span> <span class='ocrx_word' id='word_1_583' title='bbox 2856 3988 2876 4026; x_wconf 85' lang='lat'><strong>.&#39;</strong></span> <span class='ocrx_word' id='word_1_584' title='bbox 2905 3972 3111 4027; x_wconf 84' lang='lat' dir='ltr'><strong>Oblitus</strong></span> <span class='ocrx_word' id='word_1_585' title='bbox 3131 3981 3206 4025; x_wconf 85' lang='lat' dir='ltr'><strong>est</strong></span> <span class='ocrx_word' id='word_1_586' title='bbox 3230 3969 3391 4024; x_wconf 89' lang='lat' dir='ltr'><strong>Deus.</strong></span> <span class='ocrx_word' id='word_1_587' title='bbox 3416 3968 3541 4024; x_wconf 65' lang='lat' dir='ltr'><strong>Haec</strong></span> 
     </span>
    </p>
   </div>
   <div class='ocr_carea' id='block_1_82' title="bbox 1977 4061 3539 4134">
    <p class='ocr_par' dir='ltr' id='par_1_82' title="bbox 1977 4061 3539 4134">
     <span class='ocr_line' id='line_1_82' title="bbox 1977 4061 3539 4134; baseline -0.007 -11"><span class='ocrx_word' id='word_1_588' title='bbox 1977 4068 2109 4123; x_wconf 89' lang='lat' dir='ltr'><strong>dicit</strong></span> <span class='ocrx_word' id='word_1_589' title='bbox 2146 4067 2414 4129; x_wconf 85' lang='lat' dir='ltr'><strong>diabolus,</strong></span> <span class='ocrx_word' id='word_1_590' title='bbox 2444 4081 2550 4120; x_wconf 91' lang='lat' dir='ltr'><strong>non</strong></span> <span class='ocrx_word' id='word_1_591' title='bbox 2578 4065 2720 4134; x_wconf 90' lang='lat' dir='ltr'><strong>quod</strong></span> <span class='ocrx_word' id='word_1_592' title='bbox 2764 4065 2838 4118; x_wconf 89' lang='lat' dir='ltr'><strong>ita</strong></span> <span class='ocrx_word' id='word_1_593' title='bbox 2871 4078 2928 4117; x_wconf 89' lang='lat' dir='ltr'><strong>se</strong></span> <span class='ocrx_word' id='word_1_594' title='bbox 2954 4080 3040 4117; x_wconf 87' lang='lat' dir='ltr'><strong>res</strong></span> <span class='ocrx_word' id='word_1_595' title='bbox 3075 4063 3289 4127; x_wconf 89' lang='lat' dir='ltr'><strong>habeat,</strong></span> <span class='ocrx_word' id='word_1_596' title='bbox 3313 4061 3405 4115; x_wconf 90' lang='lat' dir='ltr'><strong>sed</strong></span> <span class='ocrx_word' id='word_1_597' title='bbox 3430 4075 3539 4129; x_wconf 90' lang='lat' dir='ltr'><strong>quo</strong></span> 
     </span>
    </p>
   </div>
   <div class='ocr_carea' id='block_1_83' title="bbox 1978 4151 3535 4230">
    <p class='ocr_par' dir='ltr' id='par_1_83' title="bbox 1978 4151 3535 4230">
     <span class='ocr_line' id='line_1_83' title="bbox 1978 4151 3535 4230; baseline -0.008 -14"><span class='ocrx_word' id='word_1_598' title='bbox 1978 4177 2081 4216; x_wconf 87' lang='lat' dir='ltr'><strong>nos</strong></span> <span class='ocrx_word' id='word_1_599' title='bbox 2111 4160 2367 4230; x_wconf 81' lang='lat' dir='ltr'><strong>decipiat,</strong></span> <span class='ocrx_word' id='word_1_600' title='bbox 2404 4168 2566 4226; x_wconf 88' lang='lat' dir='ltr'><strong>atque</strong></span> <span class='ocrx_word' id='word_1_601' title='bbox 2618 4168 2677 4211; x_wconf 90' lang='lat' dir='ltr'><strong>ut</strong></span> <span class='ocrx_word' id='word_1_602' title='bbox 2729 4156 3156 4226; x_wconf 86' lang='lat' dir='ltr'><strong>supplautcmur,</strong></span> <span class='ocrx_word' id='word_1_603' title='bbox 3217 4154 3319 4207; x_wconf 90' lang='lat' dir='ltr'><strong>rati</strong></span> <span class='ocrx_word' id='word_1_604' title='bbox 3369 4151 3535 4207; x_wconf 79' lang='lat' dir='ltr'><strong>Deu‘tn</strong></span> 
     </span>
    </p>
   </div>
   <div class='ocr_carea' id='block_1_84' title="bbox 1978 4250 2526 4320">
    <p class='ocr_par' dir='ltr' id='par_1_84' title="bbox 1978 4250 2526 4320">
     <span class='ocr_line' id='line_1_84' title="bbox 1978 4250 2526 4320; baseline -0.011 -13"><span class='ocrx_word' id='word_1_605' title='bbox 1978 4254 2217 4307; x_wconf 85' lang='lat' dir='ltr'><strong>humana</strong></span> <span class='ocrx_word' id='word_1_606' title='bbox 2237 4250 2526 4320; x_wconf 75' lang='lat' dir='ltr'><strong>negligere.</strong></span> 
     </span>
    </p>
   </div>
   <div class='ocr_carea' id='block_1_85' title="bbox 2052 4334 3540 4409">
    <p class='ocr_par' dir='ltr' id='par_1_85' title="bbox 2052 4334 3540 4409">
     <span class='ocr_line' id='line_1_85' title="bbox 2052 4334 3540 4409; baseline -0.007 -12"><span class='ocrx_word' id='word_1_607' title='bbox 2052 4342 2135 4397; x_wconf 77' lang='grc'>12.</span> <span class='ocrx_word' id='word_1_608' title='bbox 2186 4340 2463 4409; x_wconf 78' lang='lat' dir='ltr'><strong>Exsurge,</strong></span> <span class='ocrx_word' id='word_1_609' title='bbox 2506 4338 2727 4392; x_wconf 80' lang='lat' dir='ltr'><strong>Domine</strong></span> <span class='ocrx_word' id='word_1_610' title='bbox 2776 4336 2913 4390; x_wconf 87' lang='lat' dir='ltr'><strong>Deus</strong></span> <span class='ocrx_word' id='word_1_611' title='bbox 2961 4352 3121 4390; x_wconf 86' lang='lat' dir='ltr'><strong>meus.</strong></span> <span class='ocrx_word' id='word_1_612' title='bbox 3166 4334 3426 4388; x_wconf 86' lang='lat' dir='ltr'><strong>Precatur</strong></span> <span class='ocrx_word' id='word_1_613' title='bbox 3479 4341 3540 4387; x_wconf 88' lang='lat' dir='ltr'><strong>ut</strong></span> 
     </span>
    </p>
   </div>
   <div class='ocr_carea' id='block_1_86' title="bbox 1980 4430 3537 4503">
    <p class='ocr_par' dir='ltr' id='par_1_86' title="bbox 1980 4430 3537 4503">
     <span class='ocr_line' id='line_1_86' title="bbox 1980 4430 3537 4503; baseline -0.007 -14"><span class='ocrx_word' id='word_1_614' title='bbox 1980 4435 2073 4491; x_wconf 88' lang='lat' dir='ltr'><strong>Dei</strong></span> <span class='ocrx_word' id='word_1_615' title='bbox 2103 4439 2155 4489; x_wconf 92' lang='lat' dir='ltr'><strong>in</strong></span> <span class='ocrx_word' id='word_1_616' title='bbox 2192 4434 2468 4503; x_wconf 89' lang='lat' dir='ltr'><strong>puniendo</strong></span> <span class='ocrx_word' id='word_1_617' title='bbox 2499 4448 2648 4485; x_wconf 89' lang='lat' dir='ltr'><strong>mora</strong></span> <span class='ocrx_word' id='word_1_618' title='bbox 2680 4441 2732 4485; x_wconf 89' lang='lat' dir='ltr'><strong>et</strong></span> <span class='ocrx_word' id='word_1_619' title='bbox 2754 4430 3036 4484; x_wconf 80' lang='lat' dir='ltr'><strong>clementia</strong></span> <span class='ocrx_word' id='word_1_620' title='bbox 3069 4436 3381 4481; x_wconf 85' lang='lat' dir='ltr'><strong>moveatur:</strong></span> <span class='ocrx_word' id='word_1_621' title='bbox 3412 4440 3537 4479; x_wconf 87' lang='lat' dir='ltr'><strong>nam</strong></span> 
     </span>
    </p>
   </div>
   <div class='ocr_carea' id='block_1_87' title="bbox 313 4511 1875 4598">
    <p class='ocr_par' dir='ltr' id='par_1_87' title="bbox 313 4518 1872 4592">
     <span class='ocr_line' id='line_1_87' title="bbox 313 4518 1872 4592; baseline 0 -19"><span class='ocrx_word' id='word_1_622' title='bbox 313 4521 479 4592; x_wconf 80' lang='grc' dir='ltr'>μένης</span> <span class='ocrx_word' id='word_1_623' title='bbox 518 4520 628 4591; x_wconf 76' lang='grc' dir='ltr'>γὰρ</span> <span class='ocrx_word' id='word_1_624' title='bbox 653 4519 745 4571; x_wconf 68' lang='grc' dir='ltr'><strong>ἐπὶ</strong></span> <span class='ocrx_word' id='word_1_625' title='bbox 765 4521 831 4590; x_wconf 83' lang='grc' dir='ltr'>τῇ</span> <span class='ocrx_word' id='word_1_626' title='bbox 861 4519 1039 4591; x_wconf 70' lang='grc' dir='ltr'>μωρία</span> <span class='ocrx_word' id='word_1_627' title='bbox 1068 4519 1173 4574; x_wconf 85' lang='grc' dir='ltr'><strong>τῶν</strong></span> <span class='ocrx_word' id='word_1_628' title='bbox 1201 4519 1412 4572; x_wconf 85' lang='grc' dir='ltr'>ἀσεϐῶν</span> <span class='ocrx_word' id='word_1_629' title='bbox 1444 4520 1543 4591; x_wconf 78' lang='grc' dir='ltr'>τῆς</span> <span class='ocrx_word' id='word_1_630' title='bbox 1570 4521 1748 4591; x_wconf 82' lang='grc' dir='ltr'>χειρὸς</span> <span class='ocrx_word' id='word_1_631' title='bbox 1778 4518 1872 4573; x_wconf 80' lang='grc' dir='ltr'><strong>τοῦ</strong></span> 
     </span>
    </p>
   </div>
   <div class='ocr_carea' id='block_1_88' title="bbox 1992 4511 3542 4598">
    <p class='ocr_par' dir='ltr' id='par_1_88' title="bbox 1992 4511 3542 4583">
     <span class='ocr_line' id='line_1_88' title="bbox 1992 4511 3542 4583; baseline -0.01 -7"><span class='ocrx_word' id='word_1_632' title='bbox 1992 4536 2104 4576; x_wconf 75' lang='lat' dir='ltr'><strong>cum</strong></span> <span class='ocrx_word' id='word_1_633' title='bbox 2139 4519 2233 4574; x_wconf 86' lang='lat' dir='ltr'><strong>Dei</strong></span> <span class='ocrx_word' id='word_1_634' title='bbox 2284 4534 2477 4574; x_wconf 88' lang='lat' dir='ltr'><strong>manus</strong></span> <span class='ocrx_word' id='word_1_635' title='bbox 2525 4527 2715 4570; x_wconf 87' lang='lat' dir='ltr'><strong>contra</strong></span> <span class='ocrx_word' id='word_1_636' title='bbox 2755 4514 3044 4583; x_wconf 90' lang='lat' dir='ltr'><strong>impiorum</strong></span> <span class='ocrx_word' id='word_1_637' title='bbox 3094 4511 3378 4566; x_wconf 88' lang='lat' dir='ltr'><strong>stultitiam</strong></span> <span class='ocrx_word' id='word_1_638' title='bbox 3430 4522 3542 4562; x_wconf 87' lang='lat' dir='ltr'><strong>non</strong></span> 
     </span>
    </p>
   </div>
   <div class='ocr_carea' id='block_1_89' title="bbox 311 4608 1208 4682">
    <p class='ocr_par' dir='ltr' id='par_1_89' title="bbox 311 4608 1208 4682">
     <span class='ocr_line' id='line_1_89' title="bbox 311 4608 1208 4682; baseline -0.003 -18"><span class='ocrx_word' id='word_1_639' title='bbox 311 4611 467 4666; x_wconf 74' lang='grc' dir='ltr'>Θεοῦ.</span> <span class='ocrx_word' id='word_1_640' title='bbox 503 4610 927 4682; x_wconf 79' lang='grc' dir='ltr'>προπετέστεροι</span> <span class='ocrx_word' id='word_1_641' title='bbox 950 4608 1208 4677; x_wconf 85' lang='grc' dir='ltr'>γίνονται.</span> 
     </span>
    </p>
   </div>
   <div class='ocr_carea' id='block_1_90' title="bbox 380 4699 1876 4773">
    <p class='ocr_par' dir='ltr' id='par_1_90' title="bbox 380 4699 1876 4773">
     <span class='ocr_line' id='line_1_90' title="bbox 380 4699 1876 4773; baseline 0.001 -20"><span class='ocrx_word' id='word_1_642' title='bbox 380 4699 402 4773; x_wconf 66' lang='grc' dir='ltr'><strong>ί</strong></span> <span class='ocrx_word' id='word_1_643' title='bbox 428 4699 748 4769; x_wconf 66' lang='grc' dir='ltr'>’Υψωθήτω</span> <span class='ocrx_word' id='word_1_644' title='bbox 788 4700 825 4767; x_wconf 74' lang='grc' dir='ltr'><em>ἡ</em></span> <span class='ocrx_word' id='word_1_645' title='bbox 851 4700 978 4768; x_wconf 77' lang='grc' dir='ltr'>χείρ</span> <span class='ocrx_word' id='word_1_646' title='bbox 1011 4715 1146 4753; x_wconf 82' lang='grc' dir='ltr'>σου.</span> <span class='ocrx_word' id='word_1_647' title='bbox 1180 4701 1419 4771; x_wconf 69' lang='grc' dir='ltr'>Ἔπαρω</span> <span class='ocrx_word' id='word_1_648' title='bbox 1441 4702 1538 4772; x_wconf 80' lang='grc' dir='ltr'>τὴν</span> <span class='ocrx_word' id='word_1_649' title='bbox 1558 4701 1715 4772; x_wconf 71' lang='grc' dir='ltr'>χεῖρά</span> <span class='ocrx_word' id='word_1_650' title='bbox 1762 4719 1876 4765; x_wconf 87' lang='grc' dir='ltr'>σου,</span> 
     </span>
    </p>
   </div>
   <div class='ocr_carea' id='block_1_91' title="bbox 314 4780 1881 4865">
    <p class='ocr_par' dir='ltr' id='par_1_91' title="bbox 314 4780 1881 4865">
     <span class='ocr_line' id='line_1_91' title="bbox 314 4780 1881 4865; baseline 0.001 -19"><span class='ocrx_word' id='word_1_651' title='bbox 314 4794 407 4846; x_wconf 70' lang='grc' dir='ltr'>καὶ</span> <span class='ocrx_word' id='word_1_652' title='bbox 436 4791 646 4856; x_wconf 78' lang='grc' dir='ltr'>δίδαξον</span> <span class='ocrx_word' id='word_1_653' title='bbox 673 4780 888 4854; x_wconf 69' lang='grc' dir='ltr'>αὐτοὺς,</span> <span class='ocrx_word' id='word_1_654' title='bbox 925 4791 999 4855; x_wconf 87' lang='grc' dir='ltr'><strong>ὡς</strong></span> <span class='ocrx_word' id='word_1_655' title='bbox 1022 4791 1130 4847; x_wconf 84' lang='grc' dir='ltr'><strong>τῶν</strong></span> <span class='ocrx_word' id='word_1_656' title='bbox 1152 4792 1517 4863; x_wconf 72' lang='grc' dir='ltr'>ἀδικουμένων</span> <span class='ocrx_word' id='word_1_657' title='bbox 1540 4796 1758 4865; x_wconf 80' lang='grc' dir='ltr'>προνοῇ·</span> <span class='ocrx_word' id='word_1_658' title='bbox 1787 4795 1881 4848; x_wconf 76' lang='grc' dir='ltr'><strong>καὶ</strong></span> 
     </span>
    </p>
   </div>
   <div class='ocr_carea' id='block_1_92' title="bbox 315 4882 1880 4954">
    <p class='ocr_par' dir='ltr' id='par_1_92' title="bbox 315 4882 1880 4954">
     <span class='ocr_line' id='line_1_92' title="bbox 315 4882 1880 4954; baseline 0.001 -19"><span class='ocrx_word' id='word_1_659' title='bbox 315 4883 386 4947; x_wconf 84' lang='grc' dir='ltr'>ὡς</span> <span class='ocrx_word' id='word_1_660' title='bbox 406 4883 466 4950; x_wconf 68' lang='grc' dir='ltr'>ἐξ</span> <span class='ocrx_word' id='word_1_661' title='bbox 497 4882 666 4936; x_wconf 78' lang='grc' dir='ltr'>ὕπνου</span> <span class='ocrx_word' id='word_1_662' title='bbox 701 4882 955 4945; x_wconf 84' lang='grc' dir='ltr'>ἀναστὰς,</span> <span class='ocrx_word' id='word_1_663' title='bbox 984 4883 1261 4954; x_wconf 81' lang='grc' dir='ltr'>άνωτὲραν</span> <span class='ocrx_word' id='word_1_664' title='bbox 1314 4883 1483 4949; x_wconf 80' lang='grc' dir='ltr'>δεῖξον</span> <span class='ocrx_word' id='word_1_665' title='bbox 1529 4884 1628 4954; x_wconf 74' lang='grc' dir='ltr'>τῆς</span> <span class='ocrx_word' id='word_1_666' title='bbox 1660 4886 1880 4937; x_wconf 80' lang='grc' dir='ltr'>ἐκείνων</span> 
     </span>
    </p>
   </div>
   <div class='ocr_carea' id='block_1_93' title="bbox 317 4974 1883 5047">
    <p class='ocr_par' dir='ltr' id='par_1_93' title="bbox 317 4974 1883 5047">
     <span class='ocr_line' id='line_1_93' title="bbox 317 4974 1883 5047; baseline 0.002 -20"><span class='ocrx_word' id='word_1_667' title='bbox 317 4975 535 5047; x_wconf 79' lang='grc' dir='ltr'>γνώμης</span> <span class='ocrx_word' id='word_1_668' title='bbox 589 4974 686 5047; x_wconf 72' lang='grc' dir='ltr'>τὴν</span> <span class='ocrx_word' id='word_1_669' title='bbox 742 4975 848 5028; x_wconf 81' lang='grc' dir='ltr'><strong>ἀπὸ</strong></span> <span class='ocrx_word' id='word_1_670' title='bbox 904 4974 998 5028; x_wconf 79' lang='grc' dir='ltr'>σοῦ</span> <span class='ocrx_word' id='word_1_671' title='bbox 1045 4976 1328 5046; x_wconf 87' lang='grc' dir='ltr'>τιμωρίαν.</span> <span class='ocrx_word' id='word_1_672' title='bbox 1376 4977 1483 5029; x_wconf 70' lang='grc' dir='ltr'><strong>Καὶ</strong></span> <span class='ocrx_word' id='word_1_673' title='bbox 1526 4976 1749 5030; x_wconf 85' lang='grc' dir='ltr'>κόλασον</span> <span class='ocrx_word' id='word_1_674' title='bbox 1785 4977 1883 5046; x_wconf 80' lang='grc' dir='ltr'>μὲν</span> 
     </span>
    </p>
   </div>
   <div class='ocr_carea' id='block_1_94' title="bbox 318 5065 1882 5140">
    <p class='ocr_par' dir='ltr' id='par_1_94' title="bbox 318 5065 1882 5140">
     <span class='ocr_line' id='line_1_94' title="bbox 318 5065 1882 5140; baseline 0.002 -22"><span class='ocrx_word' id='word_1_675' title='bbox 318 5067 576 5130; x_wconf 77' lang='grc' dir='ltr'>ἐκείνους,</span> <span class='ocrx_word' id='word_1_676' title='bbox 613 5069 797 5134; x_wconf 77' lang='grc' dir='ltr'>φεῖσαι</span> <span class='ocrx_word' id='word_1_677' title='bbox 844 5065 900 5118; x_wconf 79' lang='grc' dir='ltr'>δὲ</span> <span class='ocrx_word' id='word_1_678' title='bbox 961 5066 1052 5118; x_wconf 74' lang='grc' dir='ltr'><strong>τὸν</strong></span> <span class='ocrx_word' id='word_1_679' title='bbox 1106 5066 1478 5135; x_wconf 83' lang='grc' dir='ltr'>ἀδικούμενον,</span> <span class='ocrx_word' id='word_1_680' title='bbox 1535 5067 1882 5140; x_wconf 62' lang='grc' dir='ltr'>σφοδρότερον</span> 
     </span>
    </p>
   </div>
   <div class='ocr_carea' id='block_1_95' title="bbox 320 5157 1879 5230">
    <p class='ocr_par' dir='ltr' id='par_1_95' title="bbox 320 5157 1879 5230">
     <span class='ocr_line' id='line_1_95' title="bbox 320 5157 1879 5230; baseline 0.001 -20"><span class='ocrx_word' id='word_1_681' title='bbox 320 5157 599 5228; x_wconf 76' lang='grc' dir='ltr'>ἀχθεσθεὶς</span> <span class='ocrx_word' id='word_1_682' title='bbox 647 5161 768 5220; x_wconf 83' lang='grc' dir='ltr'>ταῖς</span> <span class='ocrx_word' id='word_1_683' title='bbox 820 5157 1041 5211; x_wconf 77' lang='grc' dir='ltr'>ἐκείνων</span> <span class='ocrx_word' id='word_1_684' title='bbox 1090 5157 1313 5228; x_wconf 85' lang='grc' dir='ltr'>τόλμαις</span> <span class='ocrx_word' id='word_1_685' title='bbox 1356 5158 1450 5211; x_wconf 70' lang='grc' dir='ltr'><strong>καὶ</strong></span> <span class='ocrx_word' id='word_1_686' title='bbox 1495 5158 1879 5230; x_wconf 66' lang='grc' dir='ltr'>βλασφημίαις.</span> 
     </span>
    </p>
   </div>
   <div class='ocr_carea' id='block_1_96' title="bbox 322 5249 1887 5321">
    <p class='ocr_par' dir='ltr' id='par_1_96' title="bbox 322 5249 1887 5321">
     <span class='ocr_line' id='line_1_96' title="bbox 322 5249 1887 5321; baseline -0.002 -14"><span class='ocrx_word' id='word_1_687' title='bbox 322 5251 567 5307; x_wconf 69' lang='grc' dir='ltr'>Ἕνεκεν</span> <span class='ocrx_word' id='word_1_688' title='bbox 609 5252 796 5315; x_wconf 75' lang='grc' dir='ltr'>τινος,</span> <span class='ocrx_word' id='word_1_689' title='bbox 840 5252 992 5321; x_wconf 65' lang='grc' dir='ltr'>φησι,</span> <span class='ocrx_word' id='word_1_690' title='bbox 1020 5249 1391 5321; x_wconf 78' lang='grc' dir='ltr'>παρὼργισεν</span> <span class='ocrx_word' id='word_1_691' title='bbox 1424 5254 1456 5305; x_wconf 84' lang='grc' dir='ltr'><em>ὀ</em></span> <span class='ocrx_word' id='word_1_692' title='bbox 1503 5250 1730 5318; x_wconf 77' lang='grc' dir='ltr'>ἀσεϐὴς</span> <span class='ocrx_word' id='word_1_693' title='bbox 1783 5251 1887 5304; x_wconf 81' lang='grc' dir='ltr'><strong>τὸν</strong></span> 
     </span>
    </p>
   </div>
   <div class='ocr_carea' id='block_1_97' title="bbox 323 5344 549 5417">
    <p class='ocr_par' dir='ltr' id='par_1_97' title="bbox 323 5344 549 5417">
     <span class='ocr_line' id='line_1_97' title="bbox 323 5344 549 5417; baseline -0.004 -18"><span class='ocrx_word' id='word_1_694' title='bbox 323 5344 549 5417; x_wconf 83' lang='grc' dir='ltr'><strong>Θεόν;]</strong></span> 
     </span>
    </p>
   </div>
   <div class='ocr_carea' id='block_1_98' title="bbox 382 5433 1880 5506">
    <p class='ocr_par' dir='ltr' id='par_1_98' title="bbox 382 5433 1880 5506">
     <span class='ocr_line' id='line_1_98' title="bbox 382 5433 1880 5506; baseline 0 -19"><span class='ocrx_word' id='word_1_695' title='bbox 382 5433 524 5489; x_wconf 65' lang='lat' dir='ltr'><strong>Bias</strong></span> <span class='ocrx_word' id='word_1_696' title='bbox 572 5435 681 5506; x_wconf 69' lang='grc' dir='ltr'>γὰρ</span> <span class='ocrx_word' id='word_1_697' title='bbox 732 5435 804 5488; x_wconf 84' lang='grc' dir='ltr'><strong>ἑν</strong></span> <span class='ocrx_word' id='word_1_698' title='bbox 841 5434 1054 5503; x_wconf 71' lang='grc' dir='ltr'>καρδίᾳ</span> <span class='ocrx_word' id='word_1_699' title='bbox 1107 5435 1313 5489; x_wconf 84' lang='grc' dir='ltr'>αὑτοῦ·</span> <span class='ocrx_word' id='word_1_700' title='bbox 1379 5437 1501 5489; x_wconf 76' lang='grc' dir='ltr'><strong>Οὐκ</strong></span> <span class='ocrx_word' id='word_1_701' title='bbox 1552 5434 1880 5504; x_wconf 77' lang='grc' dir='ltr'>ἐκζητήσει.</span> 
     </span>
    </p>
   </div>
   <div class='ocr_carea' id='block_1_99' title="bbox 323 5510 1885 5597">
    <p class='ocr_par' dir='ltr' id='par_1_99' title="bbox 323 5510 1885 5597">
     <span class='ocr_line' id='line_1_99' title="bbox 323 5510 1885 5597; baseline 0.001 -19"><span class='ocrx_word' id='word_1_702' title='bbox 323 5524 482 5582; x_wconf 81' lang='grc' dir='ltr'>Τοῦτο</span> <span class='ocrx_word' id='word_1_703' title='bbox 526 5530 702 5582; x_wconf 82' lang='grc' dir='ltr'>αἴτιον</span> <span class='ocrx_word' id='word_1_704' title='bbox 762 5528 857 5580; x_wconf 77' lang='grc' dir='ltr'>καὶ</span> <span class='ocrx_word' id='word_1_705' title='bbox 901 5525 995 5579; x_wconf 76' lang='grc' dir='ltr'>τοῦ</span> <span class='ocrx_word' id='word_1_706' title='bbox 1048 5510 1352 5597; x_wconf 68' lang='grc' dir='ltr'>ὲπῖιρθῆναι</span> <span class='ocrx_word' id='word_1_707' title='bbox 1400 5526 1494 5581; x_wconf 74' lang='grc' dir='ltr'>καὶ</span> <span class='ocrx_word' id='word_1_708' title='bbox 1550 5526 1645 5580; x_wconf 74' lang='grc' dir='ltr'>τοῦ</span> <span class='ocrx_word' id='word_1_709' title='bbox 1703 5529 1885 5580; x_wconf 85' lang='grc' dir='ltr'>πεσεῖν</span> 
     </span>
    </p>
   </div>
   <div class='ocr_carea' id='block_1_100' title="bbox 320 5619 488 5678">
    <p class='ocr_par' dir='ltr' id='par_1_100' title="bbox 320 5619 488 5678">
     <span class='ocr_line' id='line_1_100' title="bbox 320 5619 488 5678; baseline 0.024 -5"><span class='ocrx_word' id='word_1_710' title='bbox 320 5619 488 5678; x_wconf 65' lang='grc' dir='ltr'>αὐτόν.</span> 
     </span>
    </p>
   </div>
   <div class='ocr_carea' id='block_1_101' title="bbox 378 5779 882 5841">
    <p class='ocr_par' dir='ltr' id='par_1_101' title="bbox 378 5779 882 5841">
     <span class='ocr_line' id='line_1_101' title="bbox 378 5779 882 5841; baseline -0.02 0"><span class='ocrx_word' id='word_1_711' title='bbox 378 5783 425 5818; x_wconf 75' lang='grc'><strong><em>⁸⁸</em></strong></span> <span class='ocrx_word' id='word_1_712' title='bbox 451 5785 470 5841; x_wconf 82' lang='grc'><strong>1</strong></span> <span class='ocrx_word' id='word_1_713' title='bbox 493 5783 643 5841; x_wconf 88' lang='lat' dir='ltr'><strong>Petr.</strong></span> <span class='ocrx_word' id='word_1_714' title='bbox 685 5798 753 5841; x_wconf 77' lang='lat' dir='ltr'><strong>tt.</strong></span> <span class='ocrx_word' id='word_1_715' title='bbox 787 5779 882 5833; x_wconf 73' lang='lat'><strong>22.</strong></span> 
     </span>
    </p>
   </div>
   <div class='ocr_carea' id='block_1_102' title="bbox 1979 4608 3139 4679">
    <p class='ocr_par' dir='ltr' id='par_1_102' title="bbox 1979 4608 3139 4679">
     <span class='ocr_line' id='line_1_102' title="bbox 1979 4608 3139 4679; baseline -0.01 -11"><span class='ocrx_word' id='word_1_716' title='bbox 1979 4614 2268 4677; x_wconf 87' lang='lat' dir='ltr'><strong>attollitur,</strong></span> <span class='ocrx_word' id='word_1_717' title='bbox 2299 4623 2427 4665; x_wconf 90' lang='lat' dir='ltr'><strong>tunc</strong></span> <span class='ocrx_word' id='word_1_718' title='bbox 2464 4608 2854 4679; x_wconf 80' lang='lat' dir='ltr'><strong>petulantiores</strong></span> <span class='ocrx_word' id='word_1_719' title='bbox 2886 4608 3139 4660; x_wconf 85' lang='lat' dir='ltr'><strong>evadunt.</strong></span> 
     </span>
    </p>
   </div>
   <div class='ocr_carea' id='block_1_103' title="bbox 2056 4697 3543 4777">
    <p class='ocr_par' dir='ltr' id='par_1_103' title="bbox 2056 4697 3543 4777">
     <span class='ocr_line' id='line_1_103' title="bbox 2056 4697 3543 4777; baseline -0.007 -19"><span class='ocrx_word' id='word_1_720' title='bbox 2056 4704 2364 4777; x_wconf 74' lang='lat' dir='ltr'><strong>[Exaltetur</strong></span> <span class='ocrx_word' id='word_1_721' title='bbox 2399 4718 2584 4755; x_wconf 85' lang='lat' dir='ltr'><strong>manus</strong></span> <span class='ocrx_word' id='word_1_722' title='bbox 2642 4710 2754 4752; x_wconf 84' lang='lat' dir='ltr'><strong>tua.</strong></span> <span class='ocrx_word' id='word_1_723' title='bbox 2788 4697 2946 4768; x_wconf 84' lang='lat' dir='ltr'><strong>Erige</strong></span> <span class='ocrx_word' id='word_1_724' title='bbox 2998 4711 3220 4750; x_wconf 89' lang='lat' dir='ltr'><strong>manum</strong></span> <span class='ocrx_word' id='word_1_725' title='bbox 3278 4703 3424 4748; x_wconf 85' lang='lat' dir='ltr'><strong>tuam</strong></span> <span class='ocrx_word' id='word_1_726' title='bbox 3480 4700 3543 4747; x_wconf 83' lang='lat' dir='ltr'><strong>ut</strong></span> 
     </span>
    </p>
   </div>
   <div class='ocr_carea' id='block_1_104' title="bbox 1980 4787 3541 4860">
    <p class='ocr_par' dir='ltr' id='par_1_104' title="bbox 1980 4787 3541 4860">
     <span class='ocr_line' id='line_1_104' title="bbox 1980 4787 3541 4860; baseline -0.009 -9"><span class='ocrx_word' id='word_1_727' title='bbox 1980 4797 2176 4851; x_wconf 86' lang='lat' dir='ltr'><strong>doceas</strong></span> <span class='ocrx_word' id='word_1_728' title='bbox 2226 4795 2377 4860; x_wconf 84' lang='lat' dir='ltr'><strong>illos,</strong></span> <span class='ocrx_word' id='word_1_729' title='bbox 2434 4801 2486 4847; x_wconf 88' lang='lat' dir='ltr'><strong>te</strong></span> <span class='ocrx_word' id='word_1_730' title='bbox 2522 4807 2709 4846; x_wconf 87' lang='lat' dir='ltr'><strong>eorum</strong></span> <span class='ocrx_word' id='word_1_731' title='bbox 2750 4792 2841 4858; x_wconf 82' lang='lat' dir='ltr'><strong>qui</strong></span> <span class='ocrx_word' id='word_1_732' title='bbox 2877 4788 3091 4858; x_wconf 83' lang='lat' dir='ltr'><strong>injuriis</strong></span> <span class='ocrx_word' id='word_1_733' title='bbox 3122 4787 3424 4841; x_wconf 71' lang='lat' dir='ltr'><strong>adiciuntur</strong></span> <span class='ocrx_word' id='word_1_734' title='bbox 3445 4799 3541 4839; x_wconf 76' lang='lat' dir='ltr'><strong>cu-</strong></span> 
     </span>
    </p>
   </div>
   <div class='ocr_carea' id='block_1_105' title="bbox 1980 4876 3541 4958">
    <p class='ocr_par' dir='ltr' id='par_1_105' title="bbox 1980 4876 3541 4958">
     <span class='ocr_line' id='line_1_105' title="bbox 1980 4876 3541 4958; baseline -0.009 -15"><span class='ocrx_word' id='word_1_735' title='bbox 1980 4907 2096 4944; x_wconf 87' lang='lat' dir='ltr'><strong>ram</strong></span> <span class='ocrx_word' id='word_1_736' title='bbox 2130 4902 2316 4958; x_wconf 82' lang='lat' dir='ltr'><strong>gerere</strong></span> <span class='ocrx_word' id='word_1_737' title='bbox 2351 4906 2364 4941; x_wconf 90' lang='lat'><strong>:</strong></span> <span class='ocrx_word' id='word_1_738' title='bbox 2403 4895 2454 4939; x_wconf 90' lang='lat' dir='ltr'><strong>et</strong></span> <span class='ocrx_word' id='word_1_739' title='bbox 2500 4885 2654 4955; x_wconf 89' lang='lat' dir='ltr'><strong>quasi</strong></span> <span class='ocrx_word' id='word_1_740' title='bbox 2689 4900 2753 4937; x_wconf 79' lang='lat' dir='ltr'><strong>ex</strong></span> <span class='ocrx_word' id='word_1_741' title='bbox 2784 4897 2977 4937; x_wconf 90' lang='lat' dir='ltr'><strong>somno</strong></span> <span class='ocrx_word' id='word_1_742' title='bbox 3015 4896 3275 4951; x_wconf 78' lang='lat' dir='ltr'><strong>surgens,</strong></span> <span class='ocrx_word' id='word_1_743' title='bbox 3316 4876 3541 4932; x_wconf 89' lang='lat' dir='ltr'><strong>ostende</strong></span> 
     </span>
    </p>
   </div>
   <div class='ocr_carea' id='block_1_106' title="bbox 1983 4973 3539 5042">
    <p class='ocr_par' dir='ltr' id='par_1_106' title="bbox 1983 4973 3539 5042">
     <span class='ocr_line' id='line_1_106' title="bbox 1983 4973 3539 5042; baseline -0.01 -5"><span class='ocrx_word' id='word_1_744' title='bbox 1983 4983 2240 5037; x_wconf 89' lang='lat' dir='ltr'><strong>ultionem</strong></span> <span class='ocrx_word' id='word_1_745' title='bbox 2292 4989 2437 5034; x_wconf 89' lang='lat' dir='ltr'><strong>tuam</strong></span> <span class='ocrx_word' id='word_1_746' title='bbox 2490 4992 2679 5031; x_wconf 84' lang='lat' dir='ltr'><strong>eorum</strong></span> <span class='ocrx_word' id='word_1_747' title='bbox 2721 4974 2962 5029; x_wconf 87' lang='lat' dir='ltr'><strong>consiliis</strong></span> <span class='ocrx_word' id='word_1_748' title='bbox 3013 4973 3347 5042; x_wconf 84' lang='lat' dir='ltr'><strong>superiorem</strong></span> <span class='ocrx_word' id='word_1_749' title='bbox 3398 4983 3539 5023; x_wconf 88' lang='lat' dir='ltr'><strong>esse.</strong></span> 
     </span>
    </p>
   </div>
   <div class='ocr_carea' id='block_1_107' title="bbox 1982 5059 3540 5145">
    <p class='ocr_par' dir='ltr' id='par_1_107' title="bbox 1982 5059 3540 5145">
     <span class='ocr_line' id='line_1_107' title="bbox 1982 5059 3540 5145; baseline -0.01 -15"><span class='ocrx_word' id='word_1_750' title='bbox 1982 5077 2157 5145; x_wconf 85' lang='lat' dir='ltr'><strong>Atque</strong></span> <span class='ocrx_word' id='word_1_751' title='bbox 2200 5076 2321 5128; x_wconf 90' lang='lat' dir='ltr'><strong>illos</strong></span> <span class='ocrx_word' id='word_1_752' title='bbox 2366 5073 2585 5142; x_wconf 81' lang='lat' dir='ltr'><strong>quidem</strong></span> <span class='ocrx_word' id='word_1_753' title='bbox 2643 5070 2922 5138; x_wconf 82' lang='lat' dir='ltr'><strong>corrigas,</strong></span> <span class='ocrx_word' id='word_1_754' title='bbox 2988 5069 3078 5121; x_wconf 90' lang='lat' dir='ltr'><strong>sed</strong></span> <span class='ocrx_word' id='word_1_755' title='bbox 3124 5066 3317 5135; x_wconf 89' lang='lat' dir='ltr'><strong>injuria</strong></span> <span class='ocrx_word' id='word_1_756' title='bbox 3368 5059 3540 5116; x_wconf 78' lang='lat' dir='ltr'><strong>aﬂ‘ecti</strong></span> 
     </span>
    </p>
   </div>
   <div class='ocr_carea' id='block_1_108' title="bbox 1984 5158 3543 5228">
    <p class='ocr_par' dir='ltr' id='par_1_108' title="bbox 1984 5158 3543 5228">
     <span class='ocr_line' id='line_1_108' title="bbox 1984 5158 3543 5228; baseline -0.008 -11"><span class='ocrx_word' id='word_1_757' title='bbox 1984 5161 2413 5217; x_wconf 86' lang='lat' dir='ltr'><strong>misericordiam</strong></span> <span class='ocrx_word' id='word_1_758' title='bbox 2460 5160 2682 5228; x_wconf 84' lang='lat' dir='ltr'><strong>capias.</strong></span> <span class='ocrx_word' id='word_1_759' title='bbox 2733 5158 3081 5211; x_wconf 78' lang='lat' dir='ltr'><strong>vehementer</strong></span> <span class='ocrx_word' id='word_1_760' title='bbox 3127 5161 3430 5208; x_wconf 85' lang='lat' dir='ltr'><strong>commotus</strong></span> <span class='ocrx_word' id='word_1_761' title='bbox 3488 5158 3543 5204; x_wconf 77' lang='lat' dir='ltr'><strong>ct</strong></span> 
     </span>
    </p>
   </div>
   <div class='ocr_carea' id='block_1_109' title="bbox 1984 5242 3539 5315">
    <p class='ocr_par' dir='ltr' id='par_1_109' title="bbox 1984 5242 3539 5315">
     <span class='ocr_line' id='line_1_109' title="bbox 1984 5242 3539 5315; baseline -0.007 -6"><span class='ocrx_word' id='word_1_762' title='bbox 1984 5255 2291 5309; x_wconf 88' lang='lat' dir='ltr'><strong>concitatus</strong></span> <span class='ocrx_word' id='word_1_763' title='bbox 2319 5268 2507 5307; x_wconf 87' lang='lat' dir='ltr'><strong>eorum</strong></span> <span class='ocrx_word' id='word_1_764' title='bbox 2539 5251 2870 5305; x_wconf 82' lang='lat' dir='ltr'><strong>facinoribus</strong></span> <span class='ocrx_word' id='word_1_765' title='bbox 2901 5260 2963 5303; x_wconf 82' lang='lat' dir='ltr'><strong>a&#39;c</strong></span> <span class='ocrx_word' id='word_1_766' title='bbox 3000 5245 3331 5315; x_wconf 85' lang='lat' dir='ltr'><strong>blasphemis</strong></span> <span class='ocrx_word' id='word_1_767' title='bbox 3357 5242 3539 5298; x_wconf 83' lang='lat' dir='ltr'><strong>dictis.</strong></span> 
     </span>
    </p>
   </div>
   <div class='ocr_carea' id='block_1_110' title="bbox 1988 5333 3364 5412">
    <p class='ocr_par' dir='ltr' id='par_1_110' title="bbox 1988 5333 3364 5412">
     <span class='ocr_line' id='line_1_110' title="bbox 1988 5333 3364 5412; baseline -0.007 -15"><span class='ocrx_word' id='word_1_768' title='bbox 1988 5342 2213 5412; x_wconf 85' lang='lat' dir='ltr'><strong>Propter</strong></span> <span class='ocrx_word' id='word_1_769' title='bbox 2237 5344 2384 5412; x_wconf 88' lang='lat' dir='ltr'><strong>quid,</strong></span> <span class='ocrx_word' id='word_1_770' title='bbox 2424 5343 2620 5411; x_wconf 90' lang='lat' dir='ltr'><strong>inquit,</strong></span> <span class='ocrx_word' id='word_1_771' title='bbox 2658 5343 2883 5394; x_wconf 82' lang='lat' dir='ltr'><strong>irritavit</strong></span> <span class='ocrx_word' id='word_1_772' title='bbox 2910 5340 3098 5408; x_wconf 76' lang='lat' dir='ltr'><strong>impius</strong></span> <span class='ocrx_word' id='word_1_773' title='bbox 3139 5333 3364 5407; x_wconf 71' lang='lat' dir='ltr'><strong>Deum1’]</strong></span> 
     </span>
    </p>
   </div>
   <div class='ocr_carea' id='block_1_111' title="bbox 2055 5428 3543 5505">
    <p class='ocr_par' dir='ltr' id='par_1_111' title="bbox 2055 5428 3543 5505">
     <span class='ocr_line' id='line_1_111' title="bbox 2055 5428 3543 5505; baseline -0.004 -16"><span class='ocrx_word' id='word_1_774' title='bbox 2055 5434 2144 5489; x_wconf 80' lang='grc'><strong>15.</strong></span> <span class='ocrx_word' id='word_1_775' title='bbox 2170 5432 2317 5487; x_wconf 70' lang='lat' dir='ltr'><strong>Dixit</strong></span> <span class='ocrx_word' id='word_1_776' title='bbox 2343 5436 2479 5487; x_wconf 82' lang='lat' dir='ltr'><strong>enim</strong></span> <span class='ocrx_word' id='word_1_777' title='bbox 2503 5435 2555 5487; x_wconf 82' lang='lat' dir='ltr'><strong>in</strong></span> <span class='ocrx_word' id='word_1_778' title='bbox 2587 5433 2738 5487; x_wconf 84' lang='lat' dir='ltr'><strong>corde</strong></span> <span class='ocrx_word' id='word_1_779' title='bbox 2763 5449 2858 5487; x_wconf 83' lang='lat' dir='ltr'><strong>suo</strong></span> <span class='ocrx_word' id='word_1_780' title='bbox 2880 5448 2898 5484; x_wconf 91' lang='lat'><strong><em>:</em></strong></span> <span class='ocrx_word' id='word_1_781' title='bbox 2930 5429 3063 5505; x_wconf 52' lang='lat' dir='ltr'><strong>Nati</strong></span> <span class='ocrx_word' id='word_1_782' title='bbox 3083 5429 3324 5499; x_wconf 83' lang='lat' dir='ltr'><strong>requiret.</strong></span> <span class='ocrx_word' id='word_1_783' title='bbox 3365 5428 3543 5499; x_wconf 82' lang='lat' dir='ltr'><strong>Atque</strong></span> 
     </span>
    </p>
   </div>
   <div class='ocr_carea' id='block_1_112' title="bbox 1987 5520 3369 5596">
    <p class='ocr_par' dir='ltr' id='par_1_112' title="bbox 1987 5520 3369 5596">
     <span class='ocr_line' id='line_1_112' title="bbox 1987 5520 3369 5596; baseline -0.006 -14"><span class='ocrx_word' id='word_1_784' title='bbox 1987 5527 2037 5583; x_wconf 90' lang='lat' dir='ltr'><strong>id</strong></span> <span class='ocrx_word' id='word_1_785' title='bbox 2064 5528 2116 5581; x_wconf 89' lang='lat' dir='ltr'><strong>in</strong></span> <span class='ocrx_word' id='word_1_786' title='bbox 2148 5542 2310 5582; x_wconf 88' lang='lat' dir='ltr'><strong>causa</strong></span> <span class='ocrx_word' id='word_1_787' title='bbox 2337 5535 2441 5593; x_wconf 87' lang='lat' dir='ltr'><strong>est,</strong></span> <span class='ocrx_word' id='word_1_788' title='bbox 2478 5526 2621 5596; x_wconf 83' lang='lat' dir='ltr'><strong>quod</strong></span> <span class='ocrx_word' id='word_1_789' title='bbox 2657 5525 2746 5581; x_wconf 85' lang='lat' dir='ltr'><strong>ille</strong></span> <span class='ocrx_word' id='word_1_790' title='bbox 2773 5523 3037 5579; x_wconf 83' lang='lat' dir='ltr'><strong>exaltetur</strong></span> <span class='ocrx_word' id='word_1_791' title='bbox 3064 5533 3118 5575; x_wconf 82' lang='lat' dir='ltr'><strong>et</strong></span> <span class='ocrx_word' id='word_1_792' title='bbox 3138 5520 3369 5576; x_wconf 87' lang='lat' dir='ltr'><strong>labatur.</strong></span> 
     </span>
    </p>
   </div>
  </div>
