3944 6220
374 366 437 422 91

1235 375 1291 430 S.
1325 374 1705 433 A'FHANASII
1744 378 1895 433 ΟΡΡ.
1938 379 2119 437 PARS
2159 380 2249 436 lli.
2292 413 2357 424 —
2397 380 2809 442 EXEGETICA.

3548 394 3617 447 92

445 484 532 541 Η.
564 485 740 553 Vides,
765 495 1015 559 quoniam
1038 504 1100 580 tu
1118 496 1346 551 laborem
1373 512 1419 554 ct
1447 503 1680 557 dolorem
1705 505 1943 557 conside-
1969 558 1971 565 ι

2114 505 2387 571 Βλέπεις,
2431 504 2521 558 ὅτι
2571 505 2652 558 σὺ
2689 507 2881 559 πόνον
2925 506 3022 558 καὶ
3076 504 3264 574 θυμὸν
3286 507 3613 573 κατανοεῖς.

374 591 482 632 ras.
526 574 629 644 Tu,
663 579 860 649 inquit,
896 598 929 638 0
958 574 1184 641 Domine
1206 629 1219 651 ,
1251 591 1435 645 omnia
1466 594 1639 659 nosti,
1679 595 1808 647 nihil
1847 611 1942 649 co-

373 681 494 722 rum
545 683 666 737 quae
705 671 841 725 fiunt
885 673 1123 743 ignoras,
1181 678 1291 733 imo
1337 696 1435 736 nec
1486 699 1674 738 eorum
1721 702 1843 755 qua:
1889 688 1942 741 in

373 767 609 812 mentem
658 767 713 816 et
757 764 1142 833 cogitationem
1183 773 1425 827 veniunt.
1462 773 1603 840 Quin
1633 786 1687 830 et
1728 778 1944 836 labores

374 848 701 915 hominum,
750 852 992 911 furorem
1042 869 1096 914 et
1140 861 1562 932 indignationem
1613 885 1799 923 eorum
1849 873 1941 940 qui

371 941 620 997 molestia
650 944 892 1003 alliciunt
913 961 1168 1006 accurate
1196 956 1360 1010 nosti.
1392 955 1659 1023 Quoniam
1696 963 1941 1017 omnium

368 1034 730 1103 cogitationes
757 1042 1096 1112 consideras,
1127 1055 1180 1100 et
1213 1055 1265 1100 tu
1298 1064 1357 1103 es
1388 1051 1481 1120 qui
1508 1054 1670 1107 corda
1702 1065 1754 1108 et
1785 1071 1944 1113 renes

367 1128 657 1184 scrutaris.
694 1128 755 1182 Et
781 1148 902 1186 cum
934 1134 1047 1189 haec
1071 1136 1274 1204 rideas,
1305 1140 1630 1210 longanintis
1655 1154 1830 1199 tamen
1861 1162 1940 1213 es,

369 1233 573 1289 gnarus
603 1225 706 1277 sub
741 1241 901 1279 manu
933 1238 1023 1283 tua
1072 1246 1260 1287 omnes
1291 1249 1443 1298 esse,
1478 1252 1578 1292 nec
1612 1253 1940 1309 quemquam

367 1323 530 1379 posse
556 1314 740 1383 aliquo
775 1319 978 1388 fugere.
1015 1320 1133 1376 Tibi
1159 1325 1441 1381 derelictus
1486 1338 1562 1382 est
1600 1346 1817 1400 pauper,
1857 1349 1941 1386 or-

366 1404 540 1473 phano
564 1415 618 1460 tu
644 1409 794 1478 fuisti
815 1413 1051 1483 adjutor.
1086 1415 1200 1473 Hoc
1229 1429 1330 1481 est,
1362 1428 1515 1474 tuum
1546 1422 1635 1476 ille
1664 1435 1943 1494 exspectat

366 1501 654 1555 auxilium.

439 1591 525 1645 l5.
568 1593 786 1650 (.‘ontere
820 1598 1096 1654 brae/tium
1129 1605 1419 1671 peccatoris
1461 1617 1509 1660 et
1541 1608 1781 1678 maligni.
1826 1607 1941 1666 Hoc

363 1692 468 1746 est,
499 1689 791 1752 potentiam
825 1692 1050 1747 inimici.
1091 1695 1374 1760 Quazretur
1404 1712 1674 1769 peccatum
1712 1702 1856 1757 illius
1889 1714 1940 1757 et

363 1790 466 1828 non
518 1780 827 1836 invenietur.
885 1783 1108 1854 Propter
1159 1788 1338 1858 ipsum
1375 1792 1581 1846 scilicet
1627 1806 1934 1863 peccatum.

363 1864 499 1921 Tota
529 1874 797 1926 sententia
832 1876 914 1929 sic
941 1876 1105 1933 habet
1130 1898 1143 1935 :
1176 1881 1232 1934 Si
1262 1884 1566 1953 qua'sieris,
1592 1887 1788 1957 inquit,
1816 1905 1941 1956 pec-
1969 1863 2011 1916 Β

360 1971 543 2015 catum
588 1966 829 2035 maligni,
861 1985 969 2023 non
1003 1972 1329 2043 invenietur,
1361 1977 1412 2032 id
1443 1986 1544 2044 est,
1586 1979 1785 2049 peribit
1810 1997 1938 2051 pec-

359 2061 514 2104 cator
545 2064 767 2122 propter
791 2056 967 2126 ipsuttt
992 2073 1298 2130 peccatum.

432 2141 813 2212 [Inveniuntur
853 2154 946 2219 qui
995 2154 1228 2209 salutem
1276 2174 1307 2211 a
1356 2156 1467 2213 Deo
1501 2171 1935 2230 consequuntur,

2045 598 2139 663 Σὺ,
2178 597 2361 668 φησὶν,
2395 591 2440 650 ὦ
2492 597 2684 667 Κύριε,
2734 596 2911 650 πάντα
2968 596 3274 665 γινώσκεις,
3328 599 3420 651 καὶ
3467 599 3618 653 οὐδέν

2046 707 2105 742 σε
2134 688 2241 742 τῶν
2261 689 2649 768 πραττομένων
2678 689 2952 755 λανθάνει,
3007 689 3127 742 οὐδὲ
3174 689 3282 742 τῶν
3330 690 3386 741 ἐν
3411 689 3620 761 διανοίᾳ

2043 783 2137 835 καὶ
2164 780 2441 850 λογισμοῖς
2467 781 2743 835 ἀνιόντων.
2790 780 2948 835 Ἀλλὰ
2987 781 3079 834 καὶ
3133 782 3256 843 τοὺς
3288 781 3482 843 πόνους
3514 779 3615 833 αὒ-

2041 870 2150 924 τῶν
2203 871 2297 924 καὶ
2347 871 2473 934 τοὺς
2521 870 2726 941 θυμοὺς
2759 871 2867 925 τῶν
2911 870 3323 941 ἐπηρεαζόντων
3349 870 3439 922 καὶ
3488 871 3615 934 τοὺς

2045 964 2458 1033 παροργισμοὺς
2477 962 2586 1015 τῶν
2617 963 2918 1035 ἀνθρώπων
2945 959 3088 1026 οἶδας
3107 962 3368 1033 ἀκριϐῶς.
3397 962 3616 1034 Ἐπειδὴ

2044 1053 2261 1107 πάντων
2291 1056 2415 1117 τοὺς
2444 1055 2735 1125 λογισμοὺς
2789 1058 3088 1117 κατανοεῖς,
3134 1054 3226 1108 καὶ
3258 1055 3320 1108 σὺ
3350 1056 3378 1107 ὁ
3411 1053 3619 1118 ὲτάζων

2042 1148 2265 1219 καρδίας
2286 1147 2380 1199 καὶ
2409 1148 2657 1218 νεφρούς,
2710 1147 2821 1200 Καὶ
2849 1146 3021 1200 ταῦτα
3064 1151 3240 1200 πάντα
3275 1145 3485 1217 ἐφορῶν
3511 1163 3617 1216 μα-

2044 1238 2353 1309 κροθυμεῖς,
2385 1237 2559 1302 εἰδὼς,
2590 1240 2671 1293 ὅτι
2706 1238 2809 1292 ὑπὸ
2855 1237 2950 1301 τὰς
2982 1238 3079 1301 σὰς
3126 1242 3310 1309 χεῖρας
3343 1241 3389 1290 οί
3417 1238 3617 1304 πάντες

2039 1332 2387 1401 τυγχάνουσι,
2419 1334 2512 1385 κα)⁸
2538 1333 2636 1385 οὐκ
2665 1331 2779 1385 ἐστι
2801 1349 2903 1384 που
2923 1332 3095 1385 οὐδενὶ
3128 1331 3282 1394 ἐκτὸς
3311 1330 3614 1402 διαδράναι.

2042 1424 2138 1476 Σοὶ
2170 1425 2696 1493 ἐγκαταλέλειπται
2728 1429 2760 1479 ό
2789 1426 3041 1493 πτωχός,
3075 1425 3310 1493 ὀρφανῷ
3349 1424 3429 1479 σὺ
3457 1421 3618 1494 ἦσθα

2034 1517 2284 1583 βοηθός.
2340 1518 2599 1571 Τουτὲστι
2634 1518 2731 1588 τὴν
2769 1517 2921 1588 παρὰ
2961 1517 3056 1570 σοῦ
3101 1517 3250 1587 μένει
3296 1516 3567 1589 βοήθειαν.

2110 1612 2452 1680 Σύντριψον
2488 1610 2596 1665 τόν
2618 1611 2919 1679 βραχίονα
2964 1610 3070 1664 τοῦ
3127 1610 3474 1681 ιὶμαρτωλοῦ
3513 1610 3615 1663 καὶ

2043 1703 2327 1770 πονηροῦ.
2394 1704 2539 1757 Ἀντὶ⁸
2591 1703 2707 1770 τοῦ,
2756 1704 2853 1776 τὴν
2902 1703 3216 1758 δυναστείαν
3259 1703 3351 1757 τοῦ
3397 1701 3613 1774 ἐχθροῦ.

2040 1794 2448 1862 Ζητηθήσεται
2471 1797 2508 1863 ἡ
2528 1797 2779 1864 ἁμαρτία
2799 1796 3004 1859 αὐτοῦ,
3044 1795 3141 1848 καὶ
3173 1798 3245 1849 οὐ
3260 1795 3345 1864 μὴ
3379 1793 3611 1866 εὑρεθῇ.

2040 1888 2117 1939 Δι’
2141 1887 2311 1959 αὐτὴν
2344 1888 2442 1958 μὲν
2464 1888 2559 1961 τὴν
2583 1891 2875 1962 ἁμαρτίαν.
2910 1890 2981 1942 Τὸ
3007 1889 3062 1941 δὲ
3091 1889 3209 1942 ὅλον
3231 1889 3420 1952 οὕτως’
3463 1888 3613 1955 Ἐὰν,

2041 1981 2225 2051 φησὶν,
2248 1978 2557 2053 ὲκζητήσῃς
2578 1980 2672 2052 τὴν
2704 1981 2975 2052 ἁμαρτίαν
3008 1981 3101 2034 τοῦ
3143 1980 3401 2051 πονηροῦ,
3435 1982 3493 2034 οὐ
3538 1983 3613 2053 μὴ

2039 2071 2257 2145 εὑρεθῇ
2287 2072 2583 2137 τουτέστιν,
2616 2073 2895 2126 ἀπολεῖται
2929 2076 2956 2126 ό
2992 2072 3225 2144 πονηρὸς
3252 2074 3317 2126 δι’
3347 2074 3538 2144 αὐτὴν.

2110 2165 2505 2237 [Εὑρίσκονται
2530 2169 2578 2219 οἱ
2606 2166 2898 2237 σωζόμενοι
2951 2165 3102 2239 παρὰ
3131 2165 3225 2218 τοῦ
3254 2165 3409 2229 θεοῦ,
3435 2165 3508 2229 ὼς
3529 2164 3613 2234 τρο

356 2236 658 2291 secundum
697 2241 825 2295 illud
865 2262 877 2297 :
924 2243 1106 2301 Inveni
1141 2248 1308 2303 David
1336 2268 1540 2305 servum
1570 2268 1744 2306 meum
1767 2253 1835 2319 ⁸⁷,
1884 2263 1939 2308 et

2062 2236 2237 2326 εὗρον
2259 2258 2438 2312 Δαυῒδ
2469 2258 2575 2312 τόν
2605 2236 2828 2313 δοῦλόν
2840 2277 2979 2328 μου,
3008 2236 3121 2323 καὶ,
3159 2256 3367 2330 Εύρέθη
3390 2258 3422 2328 ὴ
3450 2255 3615 2309 ἀπολ-

358 2328 581 2385 inventa
614 2340 697 2387 est
738 2333 998 2392 drachma
1033 2341 1243 2409 perdita
1276 2342 1357 2409 ⁸⁸;
1394 2360 1459 2399 ac
1507 2344 1550 2400 si
1582 2345 1801 2401 inventa
1834 2362 1940 2400 non

2062 2354 2244 2422 ,υμένη
2274 2351 2511 2422 δραχμή·
2550 2352 2643 2404 καὶ
2681 2353 2802 2404 ἐπεὶ
2857 2353 2932 2422 μὴ
2983 2350 3198 2422 εὑρέθη,
3242 2328 3493 2404 ⁷ιὲιπώλετο
3524 2346 3612 2402 ἄν.

357 2418 574 2485 fuisset,
606 2426 878 2493 periisset.
905 2429 1006 2495 Qui
1051 2443 1300 2502 pereunt,
1334 2450 1445 2489 non
1495 2436 1843 2493 invenientur
1887 2439 1940 2492 in

2062 2418 2488 2515 mammia;
2516 2446 2612 2515 οὐχ
2645 2418 2988 2516 εὑρίσκονται
3010 2418 3090 2508 είς
3112 2418 3202 2497 τόν
3234 2440 3423 2495 αἰῶναο
3464 2440 3615 2511 μένει

357 2512 590 2581 sarcula;
650 2528 834 2572 ntanet
878 2522 1080 2593 quippe
1125 2524 1330 2594 judex,
1387 2543 1452 2582 ac
1498 2536 1693 2599 regnat
1728 2545 1943 2600 semper

2062 2536 2144 2608 νὰρ
2166 2539 2193 2589 ό
2220 2512 2495 2608 δικαστὴς,
2526 2512 2617 2591 καί
2648 2512 2920 2607 βασιλεύει
2975 2534 3263 2599 διαπαντὸς
3292 2536 3348 2588 ὲν
3379 2532 3457 2605 τῷ
3489 2531 3618 2604 μὲλ-

357 2602 412 2656 in
438 2601 626 2661 futuro
650 2624 714 2664 ac
741 2626 885 2666 novo
915 2616 1164 2691 saecula]

429 2695 516 2751 l6.
556 2698 814 2759 Dominus
870 2710 1110 2778 regnabit
1152 2712 1208 2764 in
1249 2723 1524 2771 internum.
1561 2716 1622 2771 In
1663 2714 1850 2772 futuro
1886 2723 1937 2771 et

358 2801 504 2843 novo
530 2793 752 2849 saeculo.

2036 2626 2182 2683 λοντι
2217 2630 2311 2682 καὶ
2331 2630 2435 2700 νέῳ
2468 2629 2671 2703 αἰῶνα]

2115 2723 2328 2790 Κύριος
2353 2723 2716 2787 βασιλεύσει
2764 2725 2852 2789 εἰς
2885 2721 2992 2776 τόν
3016 2720 3217 2776 αίῶνα.
3258 2720 3346 2774 Ἐν
3383 2718 3461 2790 τῷ
3487 2718 3617 2791 μὲλ-

2042 2812 2185 2867 λοντι
2207 2816 2302 2868 καὶ
2325 2815 2429 2887 νέῳ
2456 2815 2631 2872 αἰῶνι.

427 2905 622 2964 Daniel
678 2914 971 2974 Barbarus.
1025 2919 1152 2978 Haac
1199 2923 1330 2979 dicit
1388 2926 1452 2980 ad
1508 2929 1909 2986 ostendendum
1952 2947 2194 3000 praesens
2247 2944 2303 2989 et
2351 2933 2596 2990 futurum
2631 2949 2859 3004 regnum
2883 2933 3048 2987 illius.
3095 2931 3247 2998 Quod
3300 2930 3346 2985 si
3402 2929 3618 2984 Domini

358 3013 585 3070 regnum
617 3004 723 3059 ﬁne
751 3017 921 3073 caret,
970 3015 1114 3080 quod
1151 3014 1333 3070 nullus
1357 3018 1508 3088 regni
1542 3019 1690 3075 illius
1732 3020 1856 3076 ﬁnis
1885 3020 2103 3079 futurus
2136 3024 2240 3092 sit;
2273 3024 2408 3094 justi
2452 3027 2545 3088 qui
2576 3025 2697 3096 ejus
2753 3026 3045 3096 participes
3092 3033 3254 3092 sunt,
3301 3034 3614 3094 perpetuam

357 3096 510 3166 regni
536 3101 940 3165 possessionem
968 3104 1351 3176 adipiscentur.

430 3186 703 3259 Peribitis,
734 3204 930 3265 gentes,
965 3198 1028 3252 de
1071 3208 1209 3254 terra
1235 3202 1405 3257 illius.
1437 3203 1493 3258 In
1527 3217 1768 3277 tempore
1796 3207 1941 3264 enim
1970 3213 2013 3270 C

363 3281 515 3353 regni
542 3284 662 3354 ejus
695 3287 1048 3357 projicientur
1077 3291 1130 3346 in
1166 3292 1343 3364 ignem
1371 3306 1658 3354 aeternum.

440 3370 665 3446 [Gentes
707 3387 866 3432 vocat
903 3379 1127 3450 iniquos
1161 3382 1414 3442 homines
1436 3428 1452 3453 ,
1487 3398 1673 3459 utpote
1702 3392 1797 3462 qui
1834 3407 1943 3449 non

360 3462 544 3518 vivant
581 3467 884 3522 secundum
940 3470 1133 3542 legem,
1167 3476 1260 3531 sed
1291 3478 1615 3546 gentilitiam
1658 3492 1715 3537 et
1740 3483 1942 3539 barba-

359 3571 479 3611 ram
514 3558 907 3617 immanitatem
940 3576 1237 3625 sectentur.
1272 3569 1379 3627 Eos
1404 3573 1571 3627 deleri
1605 3586 1806 3645 rogat:
1844 3577 1946 3632 Pe-

364 3647 565 3714 ribitis,
602 3650 811 3722 inquit,
846 3664 899 3708 et
938 3658 1166 3713 exitium
1210 3660 1344 3731 ipsis
1370 3654 1769 3734 comminatur;
1808 3679 1866 3723 ut
1891 3678 1946 3725 ct

362 3741 443 3796 illi
484 3744 759 3813 respirare
797 3750 1051 3817 possint,
1079 3761 1133 3806 et
1159 3753 1213 3807 bi
1240 3754 1306 3809 ad
1340 3756 1621 3811 meliorem
1650 3774 1707 3813 se
1736 3760 1945 3832 frugem

368 3835 479 3892 reci
487 3836 662 3911 pere.]

434 3925 522 3980 17.
570 3926 901 3986 Desiderium
927 3950 1215 4004 pauperum
1239 3939 1528 4006 exaudiui,
1559 3938 1794 3995 Domine.
1820 3941 1948 3997 Haec

363 4033 602 4090 namque
651 4022 867 4079 illorum
915 4038 1032 4081 erat
1077 4031 1561 4101 concupiscentia,
1594 4034 1700 4090 hoc
1729 4035 1945 4090 deside-

363 4110 529 4178 rium,
559 4122 617 4167 ut
650 4114 852 4172 futuris
889 4118 1230 4176 donarentur
1270 4123 1449 4179 bonis.
1494 4124 1945 4196 Prteparationem

365 4202 537 4256 cordis
565 4220 744 4259 eorum
782 4209 984 4263 audivit
1018 4214 1163 4267 auris
1191 4222 1302 4267 tua.
1335 4215 1413 4270 Ad
1449 4216 1554 4270 hoc
1582 4233 1818 4284 namque
1849 4235 1943 4289 pa-

365 4293 491 4360 rati,
512 4293 582 4349 ad
604 4297 787 4351 omnia
821 4301 1138 4356 sustinenda
1167 4305 1331 4359 corde
1360 4309 1599 4378 prompti
1632 4319 1781 4364 sunt.

436 4467 795 4542 [Praeparatio
848 4476 1029 4531 cordis
1062 4486 1146 4531 est
1182 4480 1338 4548 quasi
1390 4483 1684 4551 promissio
1723 4485 1863 4540 facta
1913 4502 1943 4540 a

2131 3206 2501 3273 ’Δπολεῖσθε,
2526 3205 2695 3275 ἔθνη,
2721 3206 2789 3260 ἐκ
2815 3205 2924 3275 τῆς
2942 3204 3054 3276 γῆς
3070 3204 3275 3259 αὐτοῦ.
3309 3204 3395 3257 Ἐν
3413 3201 3521 3274 γὰρ
3548 3203 3617 3274 τῇ

2048 3301 2296 3373 βασιλείᾳ
2325 3300 2490 3354 αὑτοῦ
2542 3301 2898 3374 βληθήσονται
2949 3302 3028 3363 είς
3050 3298 3110 3352 τὸ
3143 3296 3253 3370 πῦρ
3283 3297 3344 3350 τὺ
3379 3294 3616 3348 αἰώνιον.

2119 3391 2325 3465 [Ἔθνη
2374 3391 2530 3445 καλεί
2587 3393 2713 3455 τοὺς
2766 3390 3001 3453 ἀδίκους,
3047 3388 3121 3452 ὡς
3156 3387 3229 3458 μὴ
3273 3384 3411 3440 κατὰ
3456 3383 3621 3455 νόμον

2047 3484 2276 3549 ζῶντας,
2304 3482 2442 3537 ἀλλὰ
2468 3484 2562 3537 καὶ
2586 3482 2804 3554 ὲθνικὴν
2829 3482 2924 3536 καὶ
2971 3478 3312 3552 βαρϐαρικὴν
3340 3476 3616 3547 ὠμότητα.

2048 3573 2266 3628 Τούτων
2284 3576 2424 3627 αἰτεῖ
2454 3574 2716 3645 ἐκκοπὴν,
2759 3572 3119 3634 Ἆπολεῑσθε,
3137 3570 3329 3639 λέγων,
3361 3568 3455 3622 καὶ⁵
3484 3583 3621 3620 παν-

2046 3663 2311 3738 ωλεθρίαν
2344 3664 2529 3727 αὐτοῖς
2589 3662 2846 3717 ἀπειλῶν’
2906 3661 3045 3715 ὥστε
3094 3660 3187 3714 καὶ
3228 3658 3446 3721 τούτους
3485 3658 3618 3710 ava—

2048 3741 2294 3820 πνεῦσαι,
2322 3756 2605 3818 κάκείνους
2634 3752 3109 3826 σωφρονισθῆναι.]

2124 3931 2243 3999 Τὴν
2256 3931 2574 4001 ἐπιθυμίαν
2597 3930 2718 3985 τῶν
2760 3928 3032 3995 πενήτων
3081 3926 3469 3995 είσήκουσας,
3502 3922 3622 3978 Κύ-

2040 4040 2152 4094 ριε.
2185 4022 2334 4094 Αὕτη
2364 4022 2474 4094 γὰρ
2528 4019 2597 4093 ἦν
2626 4021 2806 4076 αὐτῶν
2851 4023 2886 4091 ὴ
2931 4018 3218 4090 ἐπιθυμία,
3258 4017 3353 4071 καὶ
3394 4010 3546 4078 οὗτος
3593 4015 3623 4067 ό

2047 4115 2209 4178 πόθος
2238 4114 2300 4166 τὸ
2349 4113 2457 4168 τῶν
2489 4113 2789 4184 μελλόντων
2846 4109 3140 4181 ἀξιωθῆναι
3190 4106 3430 4177 ἀγαθῶν.
3496 4103 3622 4171 Τὴν

2045 4208 2396 4278 ἑτοιμασίαν
2422 4204 2533 4273 τῆς
2561 4203 2805 4271 καρδίας
2834 4201 3032 4255 αὐτῶν
3055 4198 3359 4270 προσέσχε
3409 4194 3476 4251 τὸ
3514 4190 3623 4263 οὖς

2046 4311 2182 4351 σου.
2210 4297 2301 4358 Εἰς
2334 4294 2490 4348 τοῦτο
2527 4293 2633 4365 γὰρ
2665 4292 3097 4363 ἐτοιμαζόμενοι,
3133 4289 3306 4343 πάντα
3334 4286 3622 4358 ὑπομένειν

2046 4391 2111 4460 τῇ
2151 4387 2348 4458 καρδίᾳ
2377 4384 2805 4455 εύτρεπίζονται.
3024 4462 3027 4463 ν

2118 4481 2488 4553 [Ἑτοιμασία
2546 4478 2777 4550 καρδίας
2823 4473 2999 4549 ήοῖον
3051 4475 3341 4544 ὑπόσχεσις
3373 4469 3481 4523 τῶν
3524 4469 3624 4539 τῆς

365 4560 606 4615 motibus
632 4571 686 4616 et
730 4563 1012 4624 aﬂ‘ectibus
1057 4572 1224 4625 animi
1272 4574 1337 4626 ad
1385 4573 1793 4643 obsequentium
1833 4575 1943 4632 Deo

2062 4575 2226 4646 ψυχῆς
2274 4574 2584 4646 κινημάτων
2616 4571 2752 4643 πρὸς
2778 4567 3231 4639 συνακολούθησιν
3262 4563 3354 4619 τοῦ
3370 4561 3552 4634 Θεοῢ.]

368 4652 696 4709 reddendam
709 4655 745 4729 .]

440 4746 527 4801 18.
566 4746 822 4806 Judicare
864 4756 1065 4823 pupillo
1105 4766 1153 4810 et
1199 4759 1426 4828 humili;
1471 4771 1527 4815 ut
1573 4780 1675 4817 non
1714 4773 1943 4833 apponat

368 4836 550 4905 ultra,
595 4851 699 4896 etc.
738 4843 898 4910 Cum,
944 4849 1147 4917 inquit.
1175 4867 1439 4922 pauperes
1473 4856 1786 4925 ulciscatur,
1816 4868 1945 4912 tunc

368 4945 479 4987 non
505 4944 741 5004 apponet
776 4937 915 4993 ultra
944 4942 1293 5011 magniﬁcare
1329 4962 1389 5001 se
1420 4946 1605 5003 homo.

686 5116 754 5171 In
787 5119 943 5189 ﬁnem
970 5120 1311 5179 PSALMUS
1352 5126 1544 5182 David.
1574 5127 1647 5182 X.

960 5214 1360 5283 Argumentum.

371 5289 525 5350 Hunc
576 5313 795 5369 quoque
852 5299 1125 5369 psalmum
1165 5304 1312 5357 canit
1362 5316 1652 5376 postquam
1691 5307 1945 5366 inimicos

440 5384 727 5443 devicerat.
761 5387 858 5445 Hic
880 5390 1024 5459 piatn
1051 5394 1375 5448 sententiam
1420 5406 1769 5468 mentemque
1805 5416 1946 5470 pra:-

444 5473 566 5530 fert.

445 5615 490 5647 "
532 5616 674 5673 Psal.
705 5637 969 5687 Lxxxvut,
1008 5627 1057 5681 l.
1130 5626 1178 5660 ⁸⁸
1216 5626 1349 5683 Luc.
1385 5645 1477 5692 xv,
1508 5629 1560 5683 9.

450 5772 528 5846 (α)
584 5777 798 5846 Ambn,
832 5786 1231 5851 παραστατικός
1264 5762 1495 5851 melius;
1524 5785 1711 5851 supple
1744 5782 1973 5849 ψαλαὸς.

2122 4757 2327 4826 Kpirat
2378 4754 2615 4824 ὀρφανῴ
2669 4754 2767 4807 καὶ
2821 4748 3096 4815 ταπεινῷ,
3134 4750 3234 4802 ἵνα
3275 4746 3359 4816 μὴ
3389 4742 3625 4814 προσθῇ

2050 4848 2158 4903 ἔτι.
2190 4849 2341 4911 Ὅτε,
2372 4847 2526 4917 φησὶ,
2558 4844 2654 4916 τὴν
2689 4843 2965 4913 ἐκδίκησιν
2993 4840 3099 4893 τῶν
3130 4836 3357 4907 πτωχῶν
3388 4835 3622 4906 ποιήσει,

2052 4942 2173 4995 τότε
2240 4940 2340 4991 ούκ
2403 4936 2483 4989 ἔτι
2554 4935 2853 5008 προσθήσει
2934 4932 3029 4986 τοῦ
3100 4929 3459 5002 μεγαλαυχεῖν
3528 4925 3624 4981 ἄν·

2050 5033 2286 5103 θρωπος.

2226 5123 2329 5186 Εἰς
2363 5119 2429 5173 τὸ
2468 5118 2663 5184 τέλος,
2705 5117 3010 5170 ΨΑΛΜΟΣ
3044 5112 3124 5178 τῷ
3154 5111 3351 5166 Δαυΐδ.
3384 5114 3448 5166 1⁷.

2691 5209 2704 5227 '
2719 5209 3026 5272 Υπόθεσις.

2051 5308 2162 5362 Καὶ
2186 5305 2371 5359 τοῦτον
2409 5303 2546 5374 μετὰ
2590 5300 2651 5353 τὸ
2708 5299 3087 5371 περιγενέσθαι
3139 5296 3246 5350 τῶν
3278 5294 3486 5368 ἐχθρῶν
3512 5292 3627 5366 ᾄδει

2122 5399 2213 5453 τὸν
2260 5396 2493 5467 ψαλμὸν.
2558 5400 2712 5451 Ἐστι
2765 5393 2821 5445 δὲ
2876 5393 3216 5465 φρονήματος
3263 5385 3628 5460 ἁγιοπρετιοῦς

2126 5487 2528 5561 παραστατικὸν
2554 5486 2629 5560 (a)
