3944 6220
254 424 319 482 93

1409 408 1772 468 EXPOSITIO
1811 406 1851 461 ll

1974 397 2245 459 SALMUM
2286 395 2374 450 X-l.
3448 372 3519 430 94

332 543 461 597 Ἐπὶ
486 541 573 608 τῷ
596 540 799 610 Κυρίῳ
841 538 1113 602 πέποιθα,
1155 534 1282 602 πῶς
1321 533 1504 603 ἐρεῖτε
1547 531 1623 600 τῇ
1678 528 1851 600 ψυχῇ

2024 528 2082 579 2.
2126 521 2191 576 In
2243 518 2469 573 Domino
2499 508 2744 579 conﬁdo,
2795 502 3054 576 quomodo
3105 499 3285 555 dicitis
3326 500 3518 553 animi:

261 654 408 710 μου,
433 635 566 700 Πῶς
598 653 691 706 μοι
720 635 917 705 ἐρεῖτε,
949 632 1101 702 φησὶ,
1135 628 1356 698 φεύγειν
1412 626 1505 680 ἐπὶ
1536 625 1605 678 τὰ
1633 624 1733 695 ὅρη
1770 621 1847 675 δί-

268 748 364 800 κην
391 726 707 799 στρουθίου,
759 723 935 777 καίτοι
996 720 1274 775 πεποιθότι
1319 720 1412 771 ἐπὶ
1468 716 1619 787 Sed};
1652 718 1843 769 Μετα-

267 821 565 877 ναστεύου
591 818 692 871 ἐπὶ
719 818 793 871 τὰ
821 816 925 883 ὄρη
949 816 1027 881 ὡς
1053 812 1389 881 στρουθίον.
1410 808 1685 873 Μετοίκει,
1716 822 1843 877 μετ-

268 916 447 985 έρχου,
478 910 653 981 φεῦγε
692 909 785 961 ἐπὶ
808 906 874 960 τὰ
904 907 1027 978 ὅρη,
1054 903 1296 957 τουτέστι
1324 901 1423 964 τὰς
1450 899 1668 970 ἀρετάς.

339 1008 471 1059 Ὀτι
502 1004 634 1058 ἰδοὺ
652 1006 705 1056 οἱ
726 1001 1058 1071 ἁμαρτωλοὶ
1074 997 1378 1052 ἐνέτειναν
1398 993 1597 1057 τόξον,
1616 990 1849 1059 ἡτοίμα-

266 1111 389 1149 σαν
422 1091 586 1159 ,ϐέλη
612 1094 698 1156 εἰς
734 1088 1051 1158 φαρέτραν.
1104 1086 1324 1148 Τούτοις
1380 1086 1488 1145 τοῖς
1535 1081 1714 1149 λόγοις
1769 1079 1848 1140 εἰς

269 1185 448 1257 ψυγὴν
498 1183 752 1255 ἠρέθιζον
797 1182 1116 1250 φάσκοντες,
1161 1179 1208 1230 εἰ
1268 1175 1341 1247 μὴ
1384 1174 1560 1245 φεύγῃ
1620 1188 1847 1226 κατατο-

271 1277 445 1343 ξεύειν
497 1276 661 1331 αὐτὸν
715 1275 842 1335 τοὺς
910 1267 1284 1342 ἁμαρτωλούς.
1348 1266 1507 1338 Δηλοῖ
1567 1261 1659 1318 οὖν
1722 1264 1849 1325 τοὺς

272 1371 547 1442 πονηροὺς
602 1365 896 1436 λογισμοὺς
946 1362 1073 1433 βέλη
1130 1358 1267 1415 εἶναι
1303 1359 1397 1413 τοῦ
1432 1356 1689 1429 πονηροῦ.
1738 1357 1847 1410 Τοῦ

270 1458 705 1525 κατατοξεῦσαι
722 1458 783 1509 ἐν
803 1453 1148 1524 σκοτομήνῃ
1172 1452 1313 1519 τοὺς
1325 1449 1517 1516 εὐθεῖς
1528 1448 1601 1517 τῇ
1613 1447 1844 1516 καρδίᾳ,

272 1557 397 1611 ἀντὶ
422 1551 742 1623 λεληθότως.
773 1546 1007 1602 Τοιαῦτα
1037 1546 1143 1617 γὰρ
1170 1545 1277 1600 τῶν
1314 1541 1517 1612 νοητῶν
1551 1540 1759 1613 ἐχθρῶν
1782 1538 1850 1592 τὰ

273 1647 429 1713 τοξεύ
438 1663 603 1716 ματα.

346 1740 469 1791 Ὅτι
515 1735 555 1790 ἃ
603 1737 685 1790 σὺ
751 1734 1085 1801 κατηρτίσω
1133 1732 1302 1786 αὐτοὶ
1360 1732 1658 1786 καθεῖλον.
1702 1728 1852 1780 Κατ-

271 1833 493 1903 ήνεγκε,
523 1831 708 1901 φησιν,
756 1830 785 1880 ὁ
814 1826 1006 1898 ἐχθρὸς
1045 1826 1134 1880 τὸν
1168 1825 1451 1898 ἄνθρωπον
1509 1825 1587 1888 εἰς
1622 1821 1846 1893 φθορὰν,

271 1923 446 1977 καίτοι
469 1922 562 1974 ἐπὶ
586 1919 860 1992 ἀφθαρσίᾳ
914 1917 1361 1990 κατηρτισμένον.
1418 1918 1471 1969 '0
1522 1915 1591 1968 δὲ
1620 1913 1849 1979 δίκαιος

269 2015 684 2080 fiexa/110w;
745 2013 809 2065 El
842 2013 934 2065 καὶ
961 2011 1009 2063 οἱ
1064 2008 1266 2081 ἐχθροὶ,
1299 2008 1451 2079 φησὶ,
1512 2005 1581 2060 τὰ
1627 2004 1848 2059 τοιαῦτα

269 2105 522 2175 ἔδρασαν,
555 2101 720 2155 dare
769 2100 970 2172 Κύριος
1016 2101 1045 2152 ὁ
1099 2099 1225 2152 ναὸν
1283 2099 1421 2168 ἔχων
1475 2096 1565 2150 τδν
1596 2095 1844 2166 οὐρανὸν,

270 2198 516 2262 ἐξέτασιν
568 2195 678 2249 τῶν
723 2194 946 2247 δικαίων
1006 2193 1100 2246 καὶ
1126 2190 1234 2244 τῶν
1272 2190 1480 2243 ἀσεὸῶν
1512 2185 1845 2258 ⁸ἳτοιούμενος,

268 2295 376 2353 τοῖς
411 2291 513 2361 μὲν
542 2286 809 2358 ἀπονέμει
841 2284 912 2339 τὰ
956 2283 1156 2354 ἀγαθὰ,
1186 2282 1313 2345 τοὺς
1362 2281 1417 2334 δὲ
1443 2283 1562 2343 ταῖς
1602 2279 1848 2342 αἰωνίαις

271 2382 636 2454 παραπέμπει
664 2378 938 2433 κολάσεσι.
974 2378 1189 2445 Κύριος
1221 2376 1289 2429 ἐν
1316 2373 1439 2439 ναῷ
1462 2373 1606 2443 ἁγιῳ
1637 2371 1844 2426 αὑτοῦ.

339 2474 506 2546 Γοτι
536 2472 577 2526 ἆ
622 2471 704 2525 σὺ
762 2469 1096 2538 κατηρτίσω
1146 2465 1314 2524 αὐτοὶ
1368 2464 1664 2520 καθεῖλον.
1705 2462 1848 2515 Ἀντὶ

273 2566 383 2633 τοῦ,
408 2565 479 2619 τὰ
510 2564 582 2619 σὰ
641 2564 779 2637 ἔργα
818 2560 1109 2616 καταλύειν
1147 2559 1437 2613 σπεύδουσι
1482 2557 1549 2611 δι’
1579 2554 1733 2628 ἐμοῦ·
1789 2555 1848 2609 δν

273 2658 378 2730 γὰρ
425 2657 652 2729 ἔχρισας
683 2656 904 2726 βασιλέα
966 2652 1352 2717 σπουδάζουσιν
1385 2648 1663 2721 ἀκυρῶσαι
1710 2647 1850 2702 κατὰ

273 2751 368 2821 τῆς
405 2749 506 2819 σῆς
563 2749 905 2818 ὁπλιζὸμενοι
940 2744 1139 2817 ψήφου.
1170 2744 1280 2796 Καὶ
1318 2741 1488 2796 ταῦτα
1546 2739 1712 2812 δρῶσι
1751 2739 1848 2802 τὰς

276 2841 419 2895 κατὰ
436 2842 599 2912 φύσιν
627 2840 795 2911 ὁρθὰς
814 2838 1022 2902 ἐννοίας
1078 2835 1396 2898 καθελόντες
1421 2833 1481 2899 ἐξ
1507 2832 1735 2897 ἑαυτῶν,
1782 2830 1850 2895 ἃς

278 2934 440 3005 δῆθεν
474 2930 887 3005 κατηρτίσατοο]

339 3119 405 3171 οι
435 3115 735 3186 ὀφθαλμοὶ
767 3114 956 3170 αὐτοῦ
978 3116 1065 3182 εις
1094 3115 1203 3169 τὸν
1221 3114 1448 3180 πένητα
1472 3108 1849 3168 ἀποϐλέπου-

279 3225 399 3263 σιν.
435 3207 510 3261 Τὸ
531 3206 798 3279 άλάΘητον
825 3207 1079 3278 σημαίνει
1122 3203 1218 3260 τοῦ
1256 3204 1412 3258 Θεοῖν
1443 3201 1751 3273 ὀφθαλμοὺς
1791 3198 1848 3251 δὲ
1876 3227 1919 3286 C

278 3301 373 3372 τὴν
420 3297 778 3372 εὐεργετικὴν
832 3299 1156 3383 ἐπισκοπὴν.
1206 3296 1283 3352 Τὰ
1332 3296 1613 3365 βλέφαρα
1663 3292 1849 3347 αὐτοῦ

279 3388 529 3457 ἐξετάζει
555 3388 700 3455 τοὺς
742 3386 912 3455 υἱοὺς
955 3380 1075 3441 τῶν
1116 3384 1457 3454 ἀνθρώπων.
1512 3382 1765 3454 Βλέφαρα
1793 3380 1850 3433 δὲ

281 3485 374 3557 τὴν
400 3482 655 3556 κριτικὴν
696 3480 861 3535 αὐτοῦ
905 3480 1159 3553 πρόνοιαν
1211 3479 1303 3533 καὶ
1350 3478 1458 3532 τῶν
1514 3474 1851 3550 πραγμάτων

282 3574 654 3644 ἐξεταστικήν.

279 3666 377 3734 Εἰς
430 3667 499 3721 τὸ
554 3665 748 3732 τέλος,
780 3664 934 3733 ὑπὲρ
986 3663 1095 3732 τῆς
1144 3662 1382 3732 ὀγδόης,
1433 3661 1740 3714 ΨΑΛΜΟΣ
1772 3655 1854 3722 τῷ

903 3757 1100 3811 Δαυΐδ.
1128 3760 1240 3811 IA'.

904 3851 1235 3915 Ὑπόθεσις.

286 3950 509 4022 Εἴρηται
531 3947 660 4017 περὶ
683 3946 782 4017 τῆς
814 3942 1005 4014 ὀγδόης
1027 3943 1083 3995 ὲν
1104 3940 1180 4010 τῷ
1204 3940 1349 4010 ἕκτῳ
1380 3937 1599 4010 ψαλμῷ.
1624 3936 1854 4008 Εὕχεται

350 4043 406 4096 δὲ
451 4040 714 4113 ρυσθῆναι
778 4037 881 4108 τῆς
924 4035 1116 4103 γενεᾶς
1152 4034 1251 4105 τῆς
1297 4032 1558 4102 πονηρᾶς.
1616 4030 1762 4100 Αὐτὴ
1801 4027 1857 4080 δὲ

350 4134 417 4188 ἂν
447 4133 534 4204 εἴη
578 4129 740 4200 γενεὰ
767 4131 801 4200 ἡ
824 4127 917 4181 ἐπὶ
939 4125 1031 4181 τοῦ
1052 4126 1305 4196 Σωτῆρος
1330 4122 1486 4193 ἡμῶν
1518 4120 1691 4192 Ἰησοῦ
1725 4120 1858 4190 Χρι-

354 4226 503 4281 στοῦ·
556 4223 689 4295 περὶ
730 4217 799 4294 ἦς
829 4221 989 4285 αὐτὸς
1041 4218 1245 4286 ἔλεγεψ
1278 4215 1518 4284 Ἄνδρες
1560 4212 1858 4268 Νινευῗται

350 4316 825 4385 ἀναστήσονται,
866 4312 966 4367 καὶ
1009 4308 1437 4380 κατακρινοῦσι
1485 4307 1602 4376 τὴν
1646 4305 1860 4377 faveas.

350 4414 598 4478 ταύτην.

288 4504 291 4507 ’
352 4503 567 4558 Σῶσόν
602 4518 699 4572 με,
745 4501 950 4569 Κύριε,
998 4497 1090 4562 ὅτι
1139 4495 1493 4550 ἐκλέλοιπεν
1541 4491 1728 4557 ὅσιος,
1772 4487 1861 4543 ὅτι

286 4597 665 4668 ὀλιπώθησαν
710 4598 767 4648 αὶ
808 4591 1077 4659 ἁλήθειαι
1109 4589 1228 4646 ἀπὸ
1275 4587 1392 4642 τῶν
1422 4585 1565 4640 υἱῶν
1601 4582 1720 4637 τῶν
1753 4583 1857 4636 ἀνι

287 4691 549 4758 θρώπων.
580 4687 690 4751 Τὰς
714 4685 852 4740 κατὰ
880 4684 973 4738 τοῦ
1001 4683 1249 4753 Σωτῆρος
1277 4679 1434 4751 ἡμῶν
1462 4676 1708 4745 συνάγων
1736 4674 1857 4726 ἐπι-

287 4781 497 4844 ϐουλάς.
533 4780 788 4850 Ἀφέντες
834 4776 944 4848 γὰρ
970 4777 1069 4848 τὴν
1098 4774 1354 4846 ἀλήθειαν
1387 4773 1436 4825 οἱ
1477 4770 1717 4824 Ἰουδαῖοι
1734 4765 1859 4837 ψεῦ-

284 4873 368 4937 δος
396 4872 539 4927 κατὰ
566 4870 661 4924 τοῦ
690 4867 926 4942 Χριστοῦ
952 4867 1296 4920 ἐπετέλεσαν.

353 4968 536 5033 Χείλη
577 4963 753 5018 δόλια
782 4962 852 5015 ἐν
878 4959 1110 5028 καρδίᾳ.
1144 4944 1294 5023 ”¹Οτι,
1354 4955 1669 5011 διδάσκαλον
1698 4957 1857 5012 αὑτὸν

289 5054 687 5118 ἀποκαλοῦντες
718 5053 814 5108 καὶ
866 5048 1086 5120 ἀγαθὸν,
1123 5048 1286 5121 ἕτερα
1335 5048 1680 5103 ἐϐουλεύοντο
1728 5049 1859 5120 περὶ

291 5146 470 5201 αὐτοῦ.

370 5239 822 5307 Ἐξολοθρεύσει
853 5240 1066 5306 Κύριος
1109 5234 1306 5289 πάντα
1344 5235 1418 5288 τὰ
1452 5234 1623 5302 χεΙλη
1652 5230 1723 5285 τὰ
1768 5229 1861 5283 δό-

289 5335 405 5396 λια,
444 5328 736 5401 γλῶσσαν
764 5326 1271 5399 μεγαλορῤήμονα.
1307 5324 1431 5388 Πῶς
1465 5323 1572 5394 γὰρ
1594 5322 1655 5376 οὐ
1690 5339 1860 5392 μεγα-

290 5422 574 5494 λοῤῥήμων
601 5422 635 5493 ὴ
666 5419 889 5488 γλῶσσα
921 5418 1101 5489 ἐκείνη
1138 5420 1171 5489 ὴ
1213 5416 1525 5487 τολμήσασα
1552 5412 1629 5485 τῷ
1647 5413 1857 5484 Σωτῆρι

290 5508 480 5580 λέγειν’
524 5513 621 5565 Ἐν
649 5511 795 5576 ποίᾳ
817 5509 1071 5577 ἐξουσίᾳ
1101 5508 1288 5562 ταῦτα
1340 5505 1562 5571 eratsic;
1610 5504 1707 5558 καὶ
1768 5504 1859 5568 τίς

294 5619 383 5657 σοι
414 5603 594 5659 ἔδωκε
617 5602 734 5671 τὴν
755 5601 1049 5667 ἐξουσίαν
1076 5601 1332 5667 ταύτην;

363 5694 502 5760 Τοὺς
524 5697 827 5759 εἰπόντας
855 5690 973 5760 Τὴν
1001 5690 1289 5761 γλῶσσαν
1308 5688 1475 5759 ἡμῶν
1492 5687 1860 5760 μεγαλυνοῦ-

358 5849 402 5883 ⁸⁸
446 5851 631 5911 Matth,
663 5869 764 5919 xu,
811 5850 903 5906 41.
984 5849 1031 5880 ⁹⁰
1077 5846 1241 5902 Marc.
1291 5863 1363 5913 xi,
1397 5846 1485 5900 9.8.

1952 616 2121 671 meat?
2146 614 2257 669 Cur
2283 608 2416 664 mihi
2448 602 2715 666 suadelis,
2746 597 2943 667 inquit,
2976 604 3034 649 ut
3056 592 3258 663 fugiam
3290 590 3343 643 in
3371 604 3498 642 mon

1949 719 2031 765 tes
2073 708 2215 762 sicut
2244 715 2455 773 passer,
2490 694 2705 751 etiamsi
2736 692 2788 745 in
2832 690 2942 743 Deo
2983 684 3293 742 conﬁdam?
3325 681 3520 736 Trans-

1952 802 2119 870 migra
2147 798 2224 851 in-
2247 802 2444 848 montes
2476 791 2610 844 sicut
2646 801 2848 855 passer.
2907 779 3169 835 Transfer
3193 786 3274 843 te,
3312 773 3517 838 transi,

1950 892 2074 961 fuge
2105 890 2418 945 inmontes,
2452 881 2503 935 id
2539 888 2621 933 est
2643 878 2895 931 virtutes.

2020 984 2073 1037 5.
2118 979 2378 1045 Quoniam
2418 990 2530 1029 esse
2567 980 2863 1041 peccatores
2918 963 3251 1020 intenderam
3295 974 3476 1012 arcum
3501 997 3518 1023 ,

1948 1043 2264 1136 paraverunt
2291 1060 2512 1129 sagittas
2537 1057 2589 1109 in
2622 1054 2885 1123 pharetra.
2914 1048 3010 1102 llis
3035 1047 3214 1102 verbis
3244 1044 3309 1099 ad
3335 1043 3515 1112 fugam

1948 1133 2073 1214 eum
2107 1152 2452 1211 concitabant
2490 1148 2763 1206 dicentes,
2805 1144 2852 1198 si
2887 1157 2995 1196 non
3026 1140 3261 1210 fugeret,
3304 1133 3518 1205 sagittis

1950 1251 2265 1308 confossum
2292 1246 2357 1299 iri
2382 1260 2412 1298 a
2443 1238 2841 1312 peccatoribus.
2872 1235 3121 1290 Declarat
3145 1233 3325 1300 itaque
3349 1227 3520 1281 malas

1950 1338 2309 1409 cogitationes
2350 1347 2471 1386 esse
2513 1328 2734 1399 maligni
2776 1326 2899 1380 tela.
2935 1323 3007 1378 Ut
3052 1322 3302 1393 sagittent
3343 1318 3398 1371 in
3423 1315 3519 1370 ob-

1951 1407 2102 1485 scuro
2124 1438 2289 1481 rectos
2314 1423 2488 1478 corde.
2522 1420 2689 1486 Quasi
2720 1419 2885 1479 dicat,
2914 1416 3158 1469 latenter.
3194 1407 3520 1481 Hujusmodl

1951 1535 2187 1590 namque
2221 1524 2349 1573 sunt
2381 1510 2744 1583 spiritualium
2777 1506 3123 1561 inimicorum
3154 1502 3279 1557 tela.

2018 1706 2072 1760 4.
2117 1703 2379 1769 Quoniam
2416 1713 2534 1770 qua:
2561 1694 2827 1767 pet-fecisti
2856 1691 3251 1744 destruxerunt.
3286 1683 3522 1752 Compu-

1952 1798 2049 1860 lit,
2105 1794 2322 1863 inquit.
2365 1788 2623 1844 inimicus
2670 1784 2942 1839 hominem
2996 1781 3050 1835 in
3095 1777 3518 1847 corruptionem,

1882 1871 1922 1925 Β
1951 1890 2078 1944 licet
2102 1890 2155 1942 in
2183 1883 2646 1952 incorruptionem
2674 1877 2924 1932 conditus
2946 1884 3108 1929 esset.
3134 1871 3321 1925 Justus
3345 1879 3521 1924 autem

1953 1978 2080 2051 quid
2109 1976 2275 2046 fecit?
2314 1972 2573 2038 Etiamsi,
2617 1969 2822 2039 inquit,
2858 1966 3063 2020 inimici
3089 1963 3215 2018 talia
3264 1960 3519 2026 fecerint;

1954 2079 2010 2125 at
2038 2068 2327 2130 Dominus,
2361 2065 2452 2135 qui
2482 2062 2743 2131 templum
2781 2059 2944 2113 habet
2969 2057 3166 2112 coelum
3186 2095 3201 2119 ,
3236 2054 3379 2107 farto
3399 2052 3517 2121 jus-

1956 2172 2132 2216 lorum
2165 2168 2220 2213 et
2256 2158 2548 2227 impiorum
2579 2153 2827 2209 examine
2853 2193 2868 2217 ,
2899 2151 3022 2205 aliis
3045 2148 3261 2218 quidem
3289 2143 3526 2213 impertit

1952 2254 2117 2316 bona,
2151 2250 2289 2305 alios
2317 2249 2372 2301 in
2411 2259 2611 2301 aeterna
2642 2242 2906 2315 supplicia
2936 2238 3137 2310 dejicit.
3182 2235 3439 2290 Dominus
3469 2233 3525 2287 in

1956 2342 2144 2412 templo
2172 2349 2356 2395 sancto
2381 2353 2496 2392 suo.

2029 2432 2317 2507 [Quoniam
2357 2443 2473 2499 qua
2508 2424 2775 2496 perfecisti
2801 2424 3197 2477 drstruxerunt.
3236 2419 3403 2488 Quasi
3437 2418 3524 2473 di-

1954 2536 2071 2590 cat,
2099 2538 2262 2593 opera
2293 2529 2384 2576 tua
2421 2526 2665 2574 evertere
2706 2524 2963 2586 satagunt
2987 2522 3210 2584 propter
3240 2527 3363 2578 me,
3396 2525 3522 2566 nam

1954 2631 2115 2689 quem
2148 2612 2354 2671 unxisti
2383 2625 2586 2681 regem,
2609 2614 2799 2663 contra
2822 2606 3093 2661 calculum
3124 2613 3275 2659 tuum
3304 2602 3523 2670 armati,

1956 2707 2175 2764 student
2218 2704 2503 2773 abrogare.
2534 2697 2602 2753 Et
2651 2699 2757 2753 hoc
2802 2707 2969 2768 agunt
3012 2708 3301 2767 postquam
3350 2701 3525 2749 rectas

1953 2800 2263 2872 probasque
2310 2794 2703 2866 cogitationes,
2761 2805 2881 2860 qua:
2934 2791 3232 2845 secundum
3274 2796 3524 2842 naturam

1955 2900 2118 2959 sunt,
2153 2888 2536 2952 eliminarunt,
2565 2898 2703 2956 quas
2736 2881 2943 2937 scilicet
2976 2877 3243 2934 Dominus
3281 2874 3525 2947 perfece-

1955 2980 2089 3054 rat.]
3358 3020 3363 3029 τ

2027 3076 2080 3131 5.
2124 3074 2278 3131 Oculi
2320 3073 2433 3143 ejus
2478 3070 2532 3124 in
2564 3081 2844 3139 pauperem
2883 3063 3189 3133 respiciunt.
3248 3057 3528 3130 Signiﬁcat

1956 3164 2052 3221 Dei
2084 3163 2453 3235 cognitionem
2482 3158 2571 3215 cui
2606 3155 2743 3212 nihil
2779 3154 2947 3210 latere
2974 3160 3171 3222 potest.
3197 3148 3397 3204 Oculos
3425 3163 3528 3201 au-

1953 3268 2060 3314 tem
2107 3255 2238 3311 dicit
2266 3252 2386 3323 ejus
2431 3247 2729 3305 beneﬁcam
2763 3244 3179 3315 inspectionem.
3244 3238 3522 3310 Palpelme

1950 3350 2064 3420 ejus
2118 3348 2450 3415 interrogant
2510 3341 2650 3412 filios
2705 3339 2998 3393 hominum.
3059 3334 3349 3405 Palpebras
3396 3330 3528 3386 dicit

1952 3439 2072 3510 ejus
2100 3435 2417 3510 judicialem
2451 3445 2744 3501 rerumque
2772 3427 3191 3500 esploratricem
3234 3424 3526 3496 providen-

1957 3532 2109 3587 tiam.

2199 3623 2250 3678 1.
2295 3620 2361 3675 In
2395 3622 2574 3691 ﬁnem,
2605 3635 2700 3688 pro
2733 3627 2941 3681 octaua,
2978 3611 3318 3669 PSALMUS

2570 3711 2764 3766 David.
2797 3707 2902 3763 XI.

2539 3802 2941 3871 Argumentum.

1957 3901 2033 3957 De
2055 3910 2244 3955 octava
2269 3897 2470 3952 dictum
2504 3893 2605 3948 fuit
2626 3894 2682 3947 in
2706 3900 2861 3948 sexto
2903 3890 3131 3961 psalmo.
3163 3887 3339 3958 Rogat
3362 3901 3529 3957 porro

2029 3993 2252 4050 liberari
2293 4008 2324 4045 a
2363 3987 2713 4060 generatione
2750 3985 2909 4040 mala.
2948 3982 3073 4037 Haec
3101 3991 3281 4037 autem
3304 3996 3527 4051 genera-

2032 4089 2106 4142 tio
2137 4087 2226 4139 illa
2258 4098 2390 4139 sane
2427 4080 2631 4145 fuerit,
2663 4093 2785 4148 quae
2813 4087 3053 4147 tempore
3078 4086 3196 4130 erat
3231 4073 3528 4128 Salvatoris

2027 4178 2198 4234 nostri
2228 4175 2355 4231 Jesn
2372 4172 2573 4228 Christi
2600 4190 2613 4227 :
2638 4172 2704 4226 de
2722 4187 2831 4237 qua
2865 4171 2977 4239 ipse
3004 4168 3141 4223 dixit
3161 4168 3205 4198 ⁸⁵
3233 4186 3246 4221 :
3287 4165 3398 4220 Viri
3422 4163 3518 4218 Ni-

2027 4272 2205 4325 nivitaz
2275 4274 2508 4337 surgent,
2553 4274 2601 4317 et
2672 4262 3086 4316 condemnabam
3146 4259 3527 4330 generationem

2027 4363 2208 4416 istam.

2028 4455 2081 4510 2.
2129 4452 2345 4508 Salvum
2376 4469 2457 4507 me
2481 4453 2587 4522 fac,
2624 4450 2780 4514 Deus,
2805 4448 3054 4518 quoniam
3076 4446 3262 4515 defecit
3288 4455 3524 4508 sanctus,

1888 4570 1931 4622 ῃ
1958 4547 2209 4618 quoniam
2237 4546 2514 4600 diminuta:
2552 4553 2672 4599 sunt
2721 4543 2965 4596 veritates
2996 4556 3028 4592 a
3065 4538 3194 4608 ﬁliis
3234 4537 3523 4592 hominum.

1962 4639 2196 4695 Insidias
2226 4639 2278 4692 in
2309 4637 2587 4692 Christum
2612 4644 2828 4705 paratas
2857 4633 2911 4686 in
2940 4645 3105 4685 unum
3130 4627 3526 4698 complectitur.

1965 4731 2197 4786 Dimissa
2226 4744 2464 4798 namque
2495 4727 2746 4790 veritate,
2773 4723 2943 4780 Judaei
2966 4720 3305 4776 mendacium
3336 4727 3528 4775 contra

1963 4821 2242 4875 Christum
2277 4818 2567 4874 commenti
2592 4826 2735 4872 sunt.

2033 4960 2087 5013 5.
2129 4957 2297 5012 Labia
2347 4957 2530 5011 dolosa
2570 4958 2622 5009 in
2668 4955 2844 5008 corde.
2896 4952 3200 5019 Quoniam,
3246 4966 3369 5005 cum
3401 4963 3525 5004 cum

1964 5051 2281 5120 magistrum
2312 5065 2377 5103 ac
2410 5049 2611 5103 bonum
2645 5045 2970 5116 appellarent!
2992 5084 3008 5112 ,
3050 5043 3208 5112 longe
3228 5040 3440 5095 diversa
3469 5037 3525 5093 in

1969 5157 2093 5198 eum
2121 5141 2351 5196 consilia
2383 5140 2609 5194 inibant.

2030 5235 2080 5289 4.
2126 5234 2401 5304 Disperdet
2436 5232 2688 5285 Dominus
2721 5231 2963 5283 universa
2994 5226 3136 5280 labia
3170 5222 3355 5277 dolosa
3378 5262 3393 5286 ,
3421 5220 3526 5274 lin-

1961 5345 2123 5401 guam
2160 5327 2571 5398 magniloquam.
2600 5322 2885 5390 Quomodo
2910 5334 3018 5374 non
3046 5314 3396 5385 magniloqua
3419 5313 3524 5367 lin-

1963 5437 2067 5492 gua
2094 5420 2207 5484 illa,
2232 5434 2353 5489 qua:
2384 5434 2518 5473 ausa
2547 5425 2624 5471 est
2652 5412 2918 5468 Salvatori
2942 5411 3119 5463 dicere
3152 5421 3165 5458 :
3203 5404 3269 5459 In
3308 5421 3410 5476 qua
3435 5421 3525 5475 po-

1965 5521 2150 5566 testate
2196 5511 2307 5565 Ita’c
2355 5510 2489 5580 facis
2514 5549 2531 5574 ,
2572 5506 2764 5577 etquis
2795 5504 2891 5560 tibi
2917 5500 3063 5554 dedit
3113 5498 3247 5553 hanc
3288 5506 3522 5568 potesta-

1966 5614 2066 5658 tem
2098 5602 2144 5634 ⁹⁰
2166 5603 2190 5654 ?

2035 5697 2088 5751 5.
2130 5696 2233 5760 Qui
2274 5695 2520 5749 dixerunt
2543 5707 2559 5746 :
2599 5690 2853 5759 Linguam
2882 5692 3117 5739 nostram
3161 5680 3525 5755 magniﬁcubi-
