3944 6220
379 379 451 436 95
1206 379 1263 435 S.
1304 379 1679 436 ATHANASII
1717 381 1866 436 OPP.
1899 379 2079 434 PARS
2120 376 2207 432 Ill.
2251 407 2319 417 —-—
2358 373 2769 432 EXEGETICA.
3533 369 3606 426 96

377 511 495 549 mus
522 537 536 560 ,
563 494 708 549 labia
752 507 934 550 nostra
965 513 996 551 a
1038 498 1187 551 nobis
1210 509 1353 552 sunt.
1391 498 1521 564 Quis
1564 509 1738 553 noster
1768 497 1939 551 Domi-

2053 512 2169 553 usr'
2214 493 2286 547 τὰ
2322 495 2495 563 χείλη
2562 489 2729 563 ἡμῶν
2773 492 2907 559 παρ’
2943 490 3087 560 ἡμῖν
3136 491 3283 545 ἐστι.
3315 490 3407 555 Τίς
3444 488 3608 559 ἡμῶν

376 594 475 642 aus
500 588 620 641 est?
647 587 811 653 Quasi
837 588 1045 643 scilicet
1074 590 1189 644 hate
1213 606 1396 645 secum
1424 600 1756 660 reputarent,
1781 588 1940 644 facul-

378 686 541 732 tatem
575 693 632 731 se
668 679 867 734 habere
898 680 1113 749 quidvis
1142 696 1240 749 pro
1280 682 1501 735 libidine
1530 693 1718 736 contra
1751 679 1939 735 Salva-

380 779 548 824 torem
579 770 903 838 proferendi.
942 771 1076 825 Illud
1115 782 1293 825 autem
1330 791 1343 826 :
1379 772 1509 837 Quis
1551 782 1726 827 noster
1760 772 1940 825 Domi-

378 874 476 915 nuo
502 872 576 913 est
594 863 620 917 2
670 863 843 916 simile
870 871 953 917 est
982 863 1057 915 illi
1084 864 1229 918 dicto
1256 883 1269 917 :
1304 862 1459 916 Hunc
1482 876 1656 918 autem
1685 865 1940 919 nescimus

376 952 514 1004 unde
536 952 604 1004 sit
635 952 702 1004 ".

451 1041 503 1095 6.
545 1040 769 1110 Propter
809 1044 1074 1096 miseriam
1114 1044 1344 1111 inopum,
1368 1053 1472 1099 etc.
1510 1043 1697 1114 Inopes
1726 1059 1779 1100 et
1808 1062 1941 1115 pau-

378 1133 535 1201 peres
566 1136 863 1187 secundum
893 1136 1142 1204 spiritum
1175 1136 1438 1206 intelligit.
1470 1136 1711 1203 Quorum
1742 1142 1939 1209 gen‘titu

376 1226 583 1291 audito,
621 1227 946 1297 Exsurgnm,
981 1229 1076 1281 ait.
1110 1227 1311 1280 Ponant
1348 1231 1401 1282 in
1439 1230 1687 1294 salutari,
1719 1232 1943 1300 ﬁducia-

377 1316 500 1371 liter
531 1335 683 1388 agam
725 1320 780 1371 in
829 1336 908 1372 eo.
947 1318 1001 1373 Id
1044 1327 1159 1385 est,
1218 1319 1403 1372 Palam
1447 1321 1697 1375 omnibus
1744 1321 1940 1377 faciam

379 1410 636 1475 salutare,
661 1411 802 1480 quod
828 1412 989 1465 etiam
1016 1412 1220 1466 curabo
1246 1411 1484 1480 etulgari
1515 1412 1653 1467 ultro
1674 1414 1939 1484 citroque.

385 1498 590 1569 Ubique
621 1504 762 1555 enim
788 1511 1056 1556 terrarum
1088 1503 1437 1572 praedicatum
1477 1513 1579 1558 est.

451 1674 500 1730 7.
543 1675 766 1746 Eloquia
796 1673 1031 1733 Domini.
1070 1678 1276 1746 eloquia
1306 1690 1459 1734 casta
1483 1720 1498 1744 ,
1528 1692 1797 1751 argentum
1826 1684 1943 1753 igne

374 1766 754 1819 examinatum.
787 1765 923 1820 Vera
950 1808 964 1832 ,
1013 1767 1221 1837 inquit,
1260 1780 1389 1825 sunt
1429 1771 1589 1826 verba
1626 1774 1691 1826 de
1716 1774 1940 1829 salutari

378 1858 657 1910 enuntiata
699 1867 751 1911 et
796 1859 1102 1926 promissa,
1156 1862 1610 1928 quemadmodum
1659 1875 1940 1934 argentum

376 1962 521 2016 sape
554 1950 606 2001 in
647 1951 990 2002 crucibulum
1033 1951 1364 2006 immissum.
1416 1952 1549 2008 Illud
1604 1966 1783 2009 autem
1810 1998 1823 2017 ,
1858 1975 1941 2011 se-

375 2040 612 2109 ptuplum
638 2079 652 2103 ,
699 2057 795 2109 pro
836 2042 1035 2111 pluries
1060 2044 1276 2112 posuit;
1305 2044 1353 2100 is
1387 2046 1531 2100 enim
1571 2056 1655 2103 est
1705 2065 1820 2105 mos
1849 2066 1940 2103 sa-

374 2145 485 2186 crae
526 2131 839 2200 Scriptum.

444 2220 500 2276 8.
540 2220 583 2275 Τ
586 2238 638 2286 ιι,
675 2223 912 2287 Domine,
944 2224 1175 2279 servabis
1195 2242 1307 2280 nos.
1341 2227 1484 2293 Ideo,
1518 2230 1716 2300 inquit,
1757 2248 1941 2287 serva-

381 2314 468 2369 bis
494 2330 596 2369 nos
618 2359 632 2381 ,
672 2317 798 2384 quia
838 2318 1182 2374 circumdant
1213 2336 1311 2375 nos
1340 2322 1513 2392 impii,
1555 2324 1713 2378 saluti
1742 2336 1942 2381 nostra

378 2406 725 2462 insidiantes.
781 2406 847 2462 Hi
874 2416 1055 2464 autem
1092 2419 1221 2464 sunt
1262 2405 1584 2469 adversaria:
1615 2424 1667 2470 et
1697 2417 1942 2484 maligna:

376 2508 692 2571 potestates.

446 2590 500 2646 9.
538 2589 837 2648 Secundum
866 2593 1201 2649 altitudinem
1230 2606 1373 2650 tuam
1407 2597 1775 2668 multiplicasti
1801 2600 1939 2669 ﬁlios

374 2681 669 2736 hominum.
719 2684 1074 2739 Allitudinem
1110 2686 1242 2739 dicit
1280 2688 1529 2742 virtutem
1564 2707 1577 2742 :
1613 2690 1938 2759 multiplica-

379 2776 580 2830 tionem
620 2785 799 2830 autem
851 2777 1019 2843 illam,
1068 2780 1332 2848 temporis
1378 2773 1942 2840 diuturnitatemXUt

378 2867 495 2924 haec
549 2868 620 2923 sit
671 2869 994 2923 sententia:
1038 2869 1142 2924 Per
1195 2872 1448 2928 virtutem
1508 2883 1563 2928 ct
1619 2886 1938 2944 potestatem

379 2970 566 3023 tuam,
621 2961 1034 3017 diuturnitatem
1088 2965 1344 3032 temporis
1383 2973 1437 3018 et
1472 2966 1636 3020 vitam
1683 2976 1937 3022 aeternam

376 3050 572 3107 dedisti
622 3053 800 3107 nobis.
845 3051 979 3107 Nam
1027 3064 1148 3123 post
1197 3056 1488 3109 salutarem
1540 3059 1936 3123 ascensionem,

378 3145 435 3199 in
464 3144 674 3198 inllnita
700 3146 897 3199 saecula
930 3147 1037 3200 vita
1070 3154 1252 3200 nostra
1286 3148 1616 3203 extenditur.
1665 3150 1774 3204 Aut
1817 3152 1937 3204 alti-
1966 3176 2006 3233 ρ

379 3236 620 3291 tudinem
671 3237 823 3302 dicit,
868 3238 994 3308 quia
1043 3240 1251 3293 scilicet
1298 3240 1504 3294 similes
1553 3240 1648 3297 tibi
1688 3242 1939 3298 homines

378 3326 627 3391 eﬂ‘ecisti,
677 3337 946 3397 quatenus
986 3344 1174 3383 eorum
1225 3328 1330 3384 fert
1376 3330 1648 3388 facultas:
1687 3345 1779 3390 aut
1809 3336 1938 3406 quia

380 3418 607 3472 multam
643 3432 831 3473 eorum
866 3436 1049 3475 Cltl‘alll
1086 3421 1344 3478 habuisti.

589 3511 642 3566 1.
682 3510 747 3565 In
778 3512 955 3580 ﬁnem,
993 3511 1330 3569 PSALMUS
1366 3516 1721 3572 David.XII.

957 3606 1355 3676 Argumentum.

377 3688 536 3748 Hunc
578 3694 727 3749 canit
774 3697 1086 3765 psalmum,
1145 3700 1274 3754 dum
1328 3703 1701 3770 paenitentiam
1752 3705 1937 3761 delicti

446 3794 663 3854 ageret,
726 3795 779 3840 et
830 3803 933 3840 una
987 3789 1241 3845 salutare.
1265 3801 1511 3844 nostrum
1568 3795 1933 3850 annuntiarct.

449 3872 604 3931 Unde
644 3880 951 3949 exemplum
981 3883 1124 3936 nacti
1159 3897 1350 3937 sumus
1375 3925 1390 3949 ,
1434 3899 1543 3952 quo
1589 3899 1746 3955 pacto
1773 3904 1935 3958 opor~

446 3980 558 4027 teat
593 3987 713 4035 nos,
743 3989 866 4029 cum
897 3976 1261 4044 peccavimus,
1286 3976 1352 4030 ad
1393 3975 1561 4031 Deum
1591 3980 1873 4037 aceederc.

454 4142 763 4215 Usquequo,
815 4145 1077 4215 Domine,
1125 4149 1442 4205 obliviscaris
1495 4169 1574 4206 me
1627 4155 1682 4207 in
1740 4156 1938 4224 ﬁnem?

377 4228 544 4293 Quasi
581 4239 702 4298 post
732 4233 1048 4287 diuturnam
1090 4250 1299 4288 moram
1342 4252 1438 4306 per
1470 4242 1844 4307 paenitentiam
1869 4245 1935 4299 ad

378 4316 548 4373 Deutn
580 4323 892 4384 accesserit,
924 4331 1141 4392 propter
1167 4324 1464 4379 admissum
1498 4342 1799 4397 peccatum.
1836 4332 1936 4388 Us-

376 4424 575 4479 quequo
602 4413 790 4465 avertis
823 4413 1013 4481 faciem
1042 4423 1189 4467 tuam
1217 4433 1248 4468 α
1277 4417 1396 4469 me?
1435 4417 1588 4475 Hauc
1620 4422 1810 4479 faciem
1840 4442 1937 4481 an-

379 4501 483 4569 geli
505 4516 717 4572 semper
740 4503 941 4558 vident.

446 4677 502 4734 2.
561 4677 808 4744 Quandiu
835 4695 1027 4749 ponam
1062 4681 1286 4735 consilia
1326 4683 1379 4736 in
1406 4686 1587 4739 anima
1628 4692 1786 4745 mea?
1824 4692 1936 4746 An-

377 4784 508 4841 gnre
531 4771 770 4834 crucior,
808 4772 1005 4842 inquit,
1036 4773 1161 4827 dum
1199 4776 1383 4830 animo
1412 4794 1622 4834 mecum
1650 4786 1835 4843 volvo.
1869 4802 1937 4840 ne

378 4858 515 4914 forte
541 4860 592 4914 in
623 4872 841 4930 peccato
873 4865 1115 4928 moriar,
1157 4874 1212 4920 et
1253 4867 1381 4921 illud
1414 4872 1649 4927 maxime
1678 4885 1761 4929 est
1786 4877 1933 4945 quod

376 4952 563 5008 animo
603 4969 725 5009 meo
755 4952 970 5012 dolores
1003 4969 1173 5027 parat.
1231 4959 1473 5015 Dolorem
1523 4965 1580 5018 in
1628 4968 1781 5020 corde
1822 4985 1934 5022 meo

278 5055 286 5063 '
374 5042 461 5099 die
481 5062 542 5100 ac
568 5057 732 5101 nocte.
769 5046 944 5103 Corde
978 5052 1217 5119 quotidie
1244 5054 1571 5110 meditanJo.

441 5228 498 5283 3.
547 5228 819 5301 Usquequo
854 5231 1174 5286 exaltabitur
1199 5235 1442 5289 inimicus
1467 5252 1606 5290 meus
1638 5255 1792 5308 super
1813 5257 1893 5295 me
1911 5244 1936 5295 ?

378 5317 511 5375 Nam
547 5323 591 5376 si
629 5323 933 5380 colentibus
967 5326 1128 5380 nobis
1154 5327 1345 5394 Deum,
1375 5346 1440 5383 ac
1472 5330 1723 5400 religiose
1748 5334 1933 5387 viven-

383 5411 528 5467 tibus
550 5453 565 5475 .
620 5415 940 5485 deprimitur
971 5417 1264 5486 inimicus;
1302 5421 1641 5477 manilestum
1673 5433 1756 5480 est
1805 5441 1930 5495 pec.

381 5503 631 5561 cantibus
660 5508 815 5564 nobis
843 5496 1071 5565 extolli.
1109 5506 1374 5568 Exaltatio
1421 5530 1656 5585 namque
1698 5514 1928 5587 Satanae,

380 5604 463 5650 est
492 5597 770 5654 hominum
792 5602 1116 5662 humiliatio.
1146 5604 1446 5675 Siquidem,
1475 5611 1928 5677 quemadmodum

451 5750 497 5785 "
524 5748 683 5811 Joan.
715 5768 791 5815 Ix.
832 5755 920 5811 29.

2040 587 2255 654 Κύριός
2286 587 2456 639 ἐστιν
2473 603 2492 649 ;
2529 587 2616 649 Ὠς
2644 585 2800 638 τοῦτο
2826 582 3242 653 διανοουμένων,
3271 581 3332 634 τὸ
3363 581 3597 648 ἐξουσίαι

2041 676 2183 747 ἔχειν
2208 679 2312 729 πᾶν
2332 677 2360 729 ὂ
2391 695 2443 729 τι
2467 676 2530 729 ἂν
2553 675 2821 745 βούλοιντο
2851 676 3022 727 εἰπεῖν
3054 673 3192 727 κατὰ
3214 673 3305 725 τοῦ
3337 673 3589 743 Σωτῆρος

2041 767 2211 820 Τοῦτο
2267 767 2344 820 δέ·
2406 768 2500 833 Τίς
2552 766 2718 835 ἡμῶν
2775 766 2987 833 Κύριός
3046 765 3209 828 ἐστι;
3267 765 3447 834 ὅμοιον
3510 764 3587 836 τῷ

2047 859 2264 912 Τοῦτον
2293 857 2362 911 δὲ
2389 861 2498 912 οὐκ
2527 856 2771 927 οἴδαμεν
2803 858 2992 912 πόθεν
3013 857 3199 911 ἐστίν.

2114 1035 2320 1087 Ἔνεκε
2348 1032 2457 1101 τῆς
2487 1033 2886 1100 ταλαιπωρίας
2919 1030 3036 1085 τῶν
3063 1031 3332 1099 πτωχῶν.
3357 1017 3606 1102 Πτωχοὺς

2041 1126 2096 1179 δὲ
2118 1125 2211 1178 καὶ
2259 1124 2496 1196 πένητας
2538 1124 2663 1187 τοὺς
2707 1122 2850 1176 κατὰ
2912 1123 3127 1193 πνεῦμα
3183 1123 3349 1192 λέγει’
3396 1118 3470 1176 ὧν
3517 1123 3606 1177 καὶ

2041 1215 2145 1269 τοῦ.
2165 1214 2466 1289 στεναγμοῦ
2506 1213 2763 1274 ἀκούσας,
2799 1215 3214 1284 Ἀναστήσομαι,
3240 1212 3389 1283 φησί.
3415 1213 3609 1280 Θήσο-

2040 1323 2142 1375 μαι
2168 1306 2238 1359 ἐν
2280 1306 2575 1372 σωτηρίῳ,
2628 1303 3110 1374 παρρησιάσομαι
3147 1304 3216 1358 ἐν
3237 1301 3414 1369 αὐτῷ.
3446 1305 3609 1357 Τουτ-

2044 1397 2180 1459 ἐστι,
2235 1397 2471 1466 Φανερὸν
2512 1398 2646 1448 πᾶσι
2698 1396 3025 1467 καταστήσω
3064 1395 3121 1449 τὸ
3157 1399 3438 1469 σωτήριον,
3464 1395 3492 1449 ὃ
3515 1394 3611 1448 καὶ

2042 1484 2364 1554 ἐξάκουστον
2389 1488 2792 1560 παρασκευάσω
2822 1488 3090 1557 γενέσθαι.
3141 1487 3447 1560 Ἐκηρύχθη
3500 1485 3611 1560 γὰρ

2041 1582 2121 1644 εἰς
2147 1582 2325 1633 πᾶσαν
2350 1579 2444 1650 τὴν
2475 1579 2597 1648 γῆν.
2638 1636 2643 1640 ,

2115 1671 2189 1726 Τὰ
2217 1671 2619 1740 λόγιαΚυρίου
2650 1672 2823 1739 λόγια
2851 1670 3022 1738 ἁγνὰ,
3037 1671 3323 1740 ἀργύριον
3343 1684 3611 1738 πεπυρω-

2038 1762 2244 1832 μένον.
2282 1762 2546 1831 Ἀληθεῖς,
2583 1762 2765 1831 φησὶν,
2798 1763 2845 1814 οἱ
2876 1760 3020 1829 λόγοι
3044 1761 3093 1814 οἱ
3134 1761 3260 1831 περὶ
3306 1760 3399 1813 τοῦ
3433 1777 3610 1830 σωτη-

1976 1831 2016 1885 B
2041 1831 2157 1924 ρίου
2191 1851 2609 1924 ὲπηγγελμένοι,
2639 1851 2827 1921 ὥσπερ
2877 1850 2970 1903 καὶ
2999 1851 3059 1903 τὸ
3109 1850 3366 1921 ἀργύριον
3394 1849 3455 1903 τὸ
3482 1850 3610 1903 πολ·

2040 1940 2194 2004 λάκις
2223 1940 2510 2011 χωνευθέν.
2558 1940 2630 1991 Τὸ
2688 1939 2778 2000 δὲ,
2836 1938 3288 2003 ἐπταπλασὶως,
3339 1936 3456 1990 ἀντὶ
3510 1933 3608 1992 τοῦ

2040 2031 2417 2094 πολυπλασίως
2468 2030 2698 2083 τέθεικε·
2755 2028 2913 2082 τοῦτο
2953 2028 3061 2099 γὰρ
3096 2028 3323 2100 σύνηθες
3375 2030 3440 2099 τῇ
3488 2026 3608 2100 θείᾳ

2039 2123 2252 2194 Γραφῇ.
2686 2197 2697 2207 .

2108 2214 2212 2278 Σὺ,
2258 2214 2453 2282 Κύριε,
2488 2213 2779 2283 φυλάξεις
2801 2212 2973 2282 ἡμᾶς.
3006 2212 3105 2265 Διὰ
3125 2211 3299 2278 τοῦτο,
3320 2214 3472 2281 φησὶ,
3504 2229 3607 2281 φυ-

2038 2302 2218 2367 λάξεις
2258 2305 2426 2373 ἡμᾶς,
2477 2303 2662 2373 ἐπειδὴ
2710 2301 3032 2365 κυκλοῦντες
3094 2303 3239 2371 ἡμᾶς
3290 2302 3338 2354 ot
3391 2301 3608 2367 ἀσεϐεῖς

2039 2394 2471 2458 ἐπιϐουλεύοντες
2499 2397 2562 2466 τῇ
2593 2394 2747 2465 ἡμῶν
2773 2394 3029 2466 σωτηρίᾳ.
3092 2388 3249 2448 Οῦτοι
3301 2394 3345 2448 δ’
3400 2395 3466 2448 ἂν
3497 2389 3605 2448 εἶεν

2038 2487 2096 2540 αἱ
2126 2487 2493 2557 ἁντικείμεναι
2538 2487 2630 2539 καὶ
2660 2487 2888 2556 πονηραὶ
2918 2485 3191 2556 δυνάμεις.

2109 2579 2267 2634 Κατὰ
2297 2579 2362 2631 τὸ
2400 2578 2556 2646 ὕψος
2608 2593 2723 2634 σου
2774 2579 3206 2647 ἐπολυώρησας
3256 2574 3397 2642 τοὺς
3438 2575 3607 2644 υἱοὺς

2039 2666 2158 2721 τῶν
2212 2665 2554 2734 ἀνθρώπων.
2611 2667 2780 2736 Ὕψος
2843 2667 2941 2737 μὲν
2999 2666 3094 2737 τὴν
3149 2665 3374 2734 δύναμιν
3436 2664 3603 2734 λέγει·

2041 2759 2347 2828 πολυωρίαν
2380 2758 2550 2829 δὲτὴν
2597 2758 3069 2830 πολυχρονιότητα.
3113 2751 3295 2831 Ἴναῇ
3357 2755 3416 2808 τὸ
3456 2755 3605 2825 λεγό-

2043 2865 2200 2918 μενον
2225 2845 2479 2901 τοιοῦτον·
2516 2847 2611 2899 Διὰ
2642 2848 2741 2916 τῆς
2781 2847 2881 2916 σῆς
2912 2846 3113 2916 ἰσχύος,
3155 2845 3609 2917 πολυχρονιότητα

2040 2938 2135 2989 καὶ
2179 2936 2396 2990 αἰώνιον
2425 2935 2567 3008 ζωὴν
2602 2938 2732 3006 ἡμῖν
2758 2935 3016 2998 δέδωκας.
3050 2933 3201 2987 Μετὰ
3224 2933 3331 3003 γὰρ
3379 2933 3476 3003 τὴν
3502 2949 3605 3014 σῳ-

2039 3028 2224 3098 τήριον
2265 3027 2552 3080 ἀνάστασιν
2612 3027 2691 3088 είς
2756 3025 3091 3095 ἀπεράντους
3140 3021 3340 3085 αἰῶνας
3395 3022 3463 3074 τά
3504 3021 3604 3091 τῆς

2042 3118 2185 3187 ζωῆς
2205 3121 2332 3189 ἡμῖν
2357 3119 2674 3173 ἐκτείνεται.
2712 3118 2781 3171 Ἢ
2814 3117 2946 3187 ὕψος
2974 3117 3138 3185 λέγει,
3164 3118 3243 3170 ὅτι
3275 3115 3486 3187 ὁμοίους
3509 3116 3602 3168 σου

2041 3209 2320 3280 ἐποίησας,
2346 3210 2420 3273 ὼς
2452 3208 2717 3281 ἀνθρώπῳ
2767 3207 3008 3262 δυνατόν·
3043 3207 3076 3277 ἢ
3102 3209 3183 3261 ὅτι
3221 3205 3417 3278 πολλῆς
3444 3212 3601 3279 epotis

2038 3300 2179 3365 τίδος
2206 3299 2460 3370 ἠξίωσας.

2176 3521 2280 3585 Εἰς
2310 3518 2375 3571 τὸ
2410 3517 2604 3583 τέλος,
2656 3519 2962 3570 ΨΑΛΜΟΣ
2983 3516 3061 3582 τῷ
3087 3515 3284 3569 Δαυΐὸ.
3317 3514 3431 3569 [BR

2652 3608 2666 3627 '
2680 3609 2986 3672 Υπόθεσις.

2038 3700 2239 3755 Τοῦτον
2262 3700 2352 3753 τὸν
2378 3698 2589 3770 ψαλμὸν
2612 3698 2726 3770 ᾄδει
2776 3700 2855 3761 είς
2908 3698 3192 3768 μετάνοιαν
3235 3696 3327 3750 τοῦ
3358 3697 3601 3768 ἁμαρτή-

2112 3807 2279 3861 ματος
2319 3788 2577 3858 γεγονὼς,
2636 3789 2750 3859 ἅμα
2807 3787 2862 3840 δὲ
2918 3786 3012 3840 καὶ
3054 3786 3115 3840 τὸ
3169 3787 3430 3858 σωτήριον
3469 3786 3613 3857 ἠμῖι

2106 3881 2603 3952 εὐαγγελιζόμενος.
2658 3880 2735 3934 Δι’
2787 3875 2846 3934 οὗ
2893 3878 3154 3949 ἐλάϐομεν
3219 3878 3600 3951 ὑπογραμμὸν,

2109 3972 2225 4036 πῶς
2259 3973 2338 4027 δεῖ
2368 3975 2512 4044 ἡμᾶς
2540 3975 2597 4026 ἐν
2635 3971 2926 4046 ἁμαρτίαις
2961 3969 3283 4041 γενομένους
3327 3966 3600 4042 προσιέναι

2108 4064 2245 4135 Θεῷ.

2109 4154 2265 4222 Ἕως
2302 4156 2463 4219 πότε,
2521 4155 2715 4222 Κύριε,
2769 4152 3032 4220 ἐπιλήσῃ
3085 4168 3203 4221 μου
3253 4153 3340 4219 είς
3393 4149 3598 4218 telae;

2049 4248 2135 4311 Ὧς
2172 4249 2383 4318 μακρᾶς
2412 4245 2577 4317 οῠσης
2599 4246 2697 4315 τῆς
2719 4246 3008 4316 γινομένης
3029 4244 3176 4314 αὖτῷ
3196 4243 3281 4298 διὰ
3306 4245 3402 4315 τὴν
3425 4244 3596 4315 ἁμαρ-

2034 4340 2155 4391 τίαν
2204 4341 2261 4391 ἐν
2302 4341 2367 4409 τῇ
2423 4337 2681 4409 μετανοίᾳ
2726 4337 2860 4407 πρὸς
2922 4337 3052 4391 Θεὸν
3109 4336 3390 4409 προσόδου.
3448 4336 3596 4401 Ἕως

2037 4433 2180 4484 πότε
2210 4430 2593 4500 ἀποστρέφῃς
2648 4430 2714 4483 τὸ
2754 4432 3076 4499 πρόσωπὸν
3113 4447 3227 4483 σου
3258 4428 3358 4483 ἀπ’
3416 4428 3596 4497 spat“);

1876 4532 1879 4537 '
1964 4512 2007 4565 ί)
2037 4521 2238 4576 Τούτου
2304 4522 2363 4575 τὸ
2434 4521 2723 4593 πρόσωπον
2784 4525 2832 4576 οἱ
2895 4521 3112 4592 ἄγγελοι
3181 4521 3451 4605 βλέπουσι,
3480 4520 3595 4573 δια-

2034 4628 2251 4676 παντὸς.

2105 4705 2250 4770 Ἕως
2299 4703 2463 4770 τίνος
2516 4701 2772 4773 θήσομαι
2816 4705 3052 4769 ,ϐουλὰς
3102 4703 3173 4755 ἐν
3220 4700 3392 4771 ψυχῇ
3440 4717 3596 4770 μου;

2044 4793 2303 4862 Ἀνιῶμαι
2346 4793 2473 4865 γὰρ,
2512 4795 2662 4863 φησὶ,
2696 4793 3076 4865 βουλευόμενος
3110 4793 3247 4846 κατὰ
3301 4792 3474 4863 ψυχὴν
3504 4791 3595 4862 μή·

2033 4903 2149 4949 πως
2180 4885 2287 4956 ἄρα
2346 4887 2402 4937 ὲν
2452 4888 2518 4956 τῇ
2579 4885 2820 4956 ἁμαρτίᾳ
2871 4883 3265 4953 ἀποθανοῦμαι,
3316 4884 3410 4938 καὶ
3440 4881 3595 4940 τοῦτσ

2032 4978 2225 5031 ἐστινὸ
2266 4977 2498 5048 μάλιστα
2529 4978 2718 5041 ὀδύνας
2755 4996 2853 5048 μου
2878 4981 2942 5049 τῇ
2986 4979 3129 5057 ψυχῇ
3169 4976 3593 5049 παρασκευάζει.

2045 5070 2294 5134 ὐδὺνας
2364 5070 2434 5122 ἐν
2475 5070 2687 5137 καρδίᾳ
2742 5088 2860 5139 μου
2922 5068 3142 5138 ἡμέρας
3193 5070 3293 5124 καὶ
3353 5069 3592 5139 νυκτός.

2031 5157 2309 5227 Μεριμνᾷν
2337 5159 2394 5210 ἐν
2419 5159 2483 5227 τῇ
2521 5156 2716 5228 καρδίᾳ
2753 5156 2873 5211 καθ’
2902 5158 3132 5229 ἡμέραν.

2104 5249 2255 5312 Ἕως
2286 5248 2431 5300 πότε
2465 5238 2845 5315 ὑψωθήσεται
2880 5251 2912 5300 ό
2947 5246 3155 5317 ἐχθρός
3182 5266 3301 5318 μου
3334 5249 3426 5302 ἐπ’
3454 5248 3591 5320 ἐμέ;

2030 5338 2229 5410 Εἰγᾶρ
2260 5336 2653 5390 θεοσεϐούντων
2704 5337 2858 5408 ήμῶν
2913 5338 3259 5392 ταπεινοῦται
3318 5340 3347 5392 ὁ
3401 5341 3592 5413 ἐχθρὸς

2032 5427 2185 5500 ἡμῶν
2232 5427 2505 5492 διάϐολος,
2536 5426 2690 5497 δῆλον
2736 5429 2819 5481 ὅτι
2879 5430 3294 5499 ἁμαρτανόντων
3343 5431 3588 5500 ὑψοῦται.

2031 5518 2202 5588 ’Υψος
2253 5517 2362 5590 γὰρ
2386 5518 2462 5588 τῷ
2491 5520 2701 5590 Σατανᾷ
2729 5521 2761 5590 ἡ
2789 5521 2896 5572 τῶν
2923 5520 3218 5592 ἀνθρώπιον
3246 5523 3588 5586 ταπείνωσις·

2031 5610 2240 5681 ἐπειδὴ,
2280 5609 2528 5680 καθάπερ
2557 5611 2584 5663 ὁ
2610 5609 2741 5675 Θεὸς
2768 5611 2826 5667 ἐν
2852 5614 2916 5682 τῇ
2979 5613 3217 5684 σωτηρίᾳ
3243 5612 3501 5683 messem
3521 5613 3590 5687 τῆ
