3944 6220
301 337 367 391 97
1414 337 1777 395 EXPOSITIO
1811 339 1878 394 IN
1917 339 2251 398 PSALMUM
2294 338 2431 394 XIII.
3473 342 3545 401 98

301 454 553 528 ἡμετέρᾳ,
595 454 780 522 οὕτως
830 459 861 512 ό
898 459 1137 524 διάϐολος
1173 462 1231 515 ὲν
1267 464 1335 534 τῇ
1364 461 1608 534 ἀπωλείᾳ
1647 463 1868 534 ἐπαίρε-

1987 462 2113 517 Deus
2150 462 2353 518 dicitur
2403 462 2455 515 in
2489 459 2664 515 salute
2707 466 2895 514 nostra
2927 456 3193 524 exaltari;
3232 456 3307 511 ita
3342 466 3397 512 et
3421 456 3543 513 dia-

303 547 422 602 σθαι
449 546 686 615 λέγεται.

369 638 631 693 Φώτισον
663 640 810 707 τοὺς
839 640 1180 710 ὀφθαλμούς
1199 660 1337 711 μου.
1383 644 1723 716 Ὀφθαλμοὺς
1746 647 1872 710 τοὺς

300 731 399 800 τῆς
457 729 693 794 διανοίας
764 732 933 803 δηλοῖ.
990 734 1265 788 Φωτίσατε
1316 735 1424 807 γὰρ
1476 737 1704 801 ἑαυτοὺς
1757 736 1872 806 φῶς

300 838 569 891 γνωσεως.

381 911 525 981 Ἐγὼ
571 911 640 965 δὲ
700 913 799 966 ἐπὶ
854 912 934 979 τῷ
981 914 1136 969 ἐλέει
1177 931 1293 970 σου
1349 915 1604 985 ἤλπισα.
1650 915 1870 988 Θαρρῶ,

278 1005 484 1076 ψησὶν,
537 1003 811 1074 ἁμαρτίας
839 1004 1031 1075 ἇιρεσιν
1075 1006 1326 1072 δέξασθαι
1363 1008 1441 1078 τῷ
1468 1009 1607 1063 ἐλέει
1638 1025 1872 1080 προσαν-

300 1094 438 1165 έχων
498 1093 578 1164 τῷ
619 1093 717 1164 σῷ,
774 1094 842 1148 δι’
900 1088 960 1148 οὗ
1001 1099 1093 1151 καὶ
1121 1098 1182 1152 τὸ
1217 1100 1482 1170 σωτήριον
1506 1099 1738 1163 δέδωκας
1766 1101 1873 1153 πᾶ-

303 1203 384 1241 σιν
437 1184 773 1258 ἀνθρὼποις’
834 1188 971 1261 ὅπερ
1023 1192 1288 1263 σωτήριον
1349 1192 1709 1260 ἁγαλλιᾶσθαι
1766 1209 1874 1246 πα-

301 1280 627 1352 ρασκευάσει
663 1295 763 1347 μου
792 1280 887 1350 τὴν
940 1282 1185 1353 καρδίαν,
1215 1284 1312 1354 τὴν
1334 1285 1499 1338 πάλαι
1533 1285 1873 1355 όδυνωμέντιν

296 1373 385 1427 διὰ
411 1373 515 1443 τὴν
540 1371 834 1442 ἁμαρτίαν.

431 1464 535 1527 Εις
561 1461 627 1515 τὸ
670 1458 865 1528 τέλος,
918 1467 1214 1519 ΨἉΛΜΟΣ
1241 1465 1321 1533 τῷ
1372 1466 1569 1522 Δαϐίδ.
1598 1468 1711 1522 1Γ’.

935 1556 947 1573 ⁷
962 1558 1265 1623 Υπόθεσις.

301 1650 604 1723 Διαρῥηδην
662 1656 719 1707 ὲν
775 1653 853 1724 τῷ
909 1650 1133 1723 παρόντι
1187 1650 1387 1722 ψαλμῷ
1434 1650 1719 1721 σαφηνίζει
1764 1650 1874 1705 τῶν

368 1742 666 1816 ἀνθρώπων
693 1747 790 1818 τὴν
811 1748 890 1809 είς
946 1746 1005 1797 τὺ
1040 1745 1297 1809 παντελὲς
1341 1745 1450 1798 τῶν
1502 1745 1873 1817 ἐπιτηδευμά-

1973 553 2130 608 holus
2163 554 2215 606 in
2248 554 2487 622 pernicie
2522 560 2709 605 nostra
2741 549 2949 607 extolli.

2042 646 2095 700 4.
2140 643 2397 698 litamina
2433 643 2610 698 oculos
2643 659 2803 697 meos.
2851 640 3052 697 Oculos
3083 642 3282 697 mentis
3319 640 3540 696 indicat.

1970 736 2280 793 llluminate
2310 740 2431 794 illos
2467 738 2671 791 lumine
2699 737 3049 807 cognitionis.

2045 830 2097 884 6.
2144 830 2254 901 Ego
2289 841 2467 885 autent
2499 833 2551 883 in
2591 830 2958 883 misericordia
3001 838 3091 881 tua
3119 827 3342 896 speravi.
3394 827 3541 882 Con-

1973 921 2102 985 tldo,
2132 921 2327 991 inquit,
2359 922 2564 991 peccati
2601 938 2687 975 me
2725 920 3103 975 remissionem
3160 929 3540 988 accepturum,

1971 1010 2099 1065 dum
2138 1020 2286 1065 tuam
2326 1012 2604 1081 perpendo
2649 1011 3102 1065 miscricordiam.
3161 1009 3295 1074 Tua,
3343 1010 3541 1080 inquit,

1970 1117 2067 1171 per
2108 1118 2273 1172 quam
2304 1105 2542 1159 salutare
2572 1114 2723 1158 tuum
2772 1103 2968 1160 dedisti
3019 1103 3269 1158 erunibus
3310 1101 3544 1156 homini-

1973 1193 2096 1247 hus.
2158 1192 2312 1259 Quod
2371 1195 2610 1249 salutare
2648 1194 3069 1249 exsultationem
3130 1193 3345 1263 parabit
3385 1190 3541 1247 eosdi

1972 1299 2115 1351 meo,
2151 1285 2280 1339 olim
2308 1286 2374 1340 de
2408 1294 2631 1355 peccato
2661 1285 2888 1341 dolenti.

2170 1462 2225 1517 I.
2257 1460 2325 1516 In
2353 1462 2532 1532 ﬁnem,
2565 1461 2901 1519 PSALMUS
2933 1464 3124 1520 David.
3164 1463 3341 1519 XIII.

2554 1558 2954 1624 Argumentum.

1973 1646 2184 1704 Diserte
2216 1646 2271 1701 in
2318 1648 2572 1718 praesenti
2614 1649 2828 1718 psalmo
2879 1648 3124 1704 declarat
3168 1648 3453 1703 hominum
3481 1647 3539 1709 in

2041 1740 2297 1797 omnibus
2324 1741 2518 1797 studiis
2557 1753 2611 1796 et
2652 1741 2863 1795 actibus
2904 1742 3020 1795 suis
3070 1741 3401 1810 impietatem
3437 1741 3543 1796 ini-

364 1852 473 1890 των
504 1838 762 1893 ἀσέϐειαν
813 1839 907 1892 καὶ
945 1838 1309 1911 παρανομίαν,
1354 1839 1439 1891 ἵνα
1493 1840 1553 1893 τὸ
1578 1842 1872 1907 ἀναγκαῖον

2040 1830 2443 1900 quitatemque,
2491 1839 2552 1885 ut
2582 1831 2962 1887 necessitatem
2988 1831 3243 1900 praedicet
3273 1832 3542 1886 adventus

361 1930 462 2001 τῆς
489 1933 806 2002 ἐπιφανείας
837 1931 1043 2002 κηρύξῃ
1072 1930 1327 2000 Χριστοῦ.

359 2018 552 2076 Εἶπεν
575 2022 780 2093 ἄφρων
808 2026 878 2077 ἐν
911 2023 1118 2092 καρδίᾳ
1149 2022 1358 2076 αὐτοῦ·
1388 2022 1510 2075 Οὐκ
1533 2022 1665 2076 ἔστι
1708 2024 1871 2089 Θεός.

309 2112 547 2184 Ἐξιδὴ.
604 2114 678 2186 μὴ
728 2116 1094 2185 λογισάμενοι.
1149 2114 1334 2183 φησὶν,
1392 2110 1530 2168 εἶναι
1585 2114 1717 2169 Θεὸν
1750 2119 1874 2186 ἐφο-

298 2203 477 2275 ρῶντα
514 2208 585 2258 τὰ
610 2205 927 2277 ἀνθρώπινα
978 2205 1070 2259 καὶ
1126 2205 1379 2276 κρίνοντα
1428 2205 1607 2276 κρίσει
1668 2206 1873 2278 δικαίᾳ.

300 2297 479 2349 πᾶσαν
510 2295 940 2368 άθεμιτουργίαν
972 2298 1316 2367 είργάσαντο’
1347 2295 1538 2348 τούτου
1561 2296 1624 2366 δὴ
1660 2297 1817 2369 χάριν
1847 2300 1875 2351 ὁ

299 2387 504 2460 Κύριος
541 2390 605 2441 ἐκ
652 2388 745 2441 τοῦ
777 2388 1007 2460 ούρανοῦ
1061 2388 1304 2457 διέκυψε.
1346 2387 1516 2441 Τοῦτο
1545 2389 1650 2461 γὰρ
1691 2388 1875 2458 σαφῶς

298 2478 392 2549 τὴν
424 2481 502 2542 είς
559 2478 878 2551 ἀνθρώπους
922 2479 1013 2533 τοῦ
1055 2480 1260 2550 Κυρίου
1288 2478 1508 2550 πρόοδον
1528 2481 1874 2551 κατασημαί-

297 2588 396 2625 νει.
421 2574 547 2626 Οὐκ
578 2573 713 2630 ἔστι
739 2571 929 2626 ποιῶν
982 2574 1379 2641 χρηστότητα,
1408 2574 1519 2625 οὐκ
1553 2571 1724 2625 ἔστιν
1766 2571 1876 2638 ἕως

295 2663 453 2729 ἑνός.
497 2662 720 2725 Ἐλθὼν,
752 2664 939 2735 φησὶν,
997 2667 1024 2718 ὁ
1074 2663 1276 2734 Κύριος
1306 2664 1413 2717 οὐδ’
1462 2665 1558 2717 ἕνα
1588 2657 1715 2736 εὗρε
1742 2681 1876 2736 χρη-

300 2755 554 2825 στότητος
582 2754 841 2826 ἐργάτην,
865 2755 998 2808 ἀλλὰ
1026 2755 1135 2827 γὰρ
1159 2755 1459 2809 ὑπεύθυνον
1488 2757 1634 2827 πάσῃ
1670 2756 1869 2827 πράξει

300 2844 505 2912 ἀτόπῳ.
573 2842 763 2913 Ripae
827 2842 1200 2913 ἀνεῳγμένος
1254 2847 1287 2898 ό
1344 2842 1578 2913 λάρυγξ
1652 2844 1871 2898 αὐτῶν.

315 2932 553 2985 Ἐαυτῶν
584 2934 692 3003 γὰρ
716 2933 794 3004 τῷ
824 2935 1064 3007 φάρυγγι
1091 2938 1139 2988 οἱ
1174 2936 1424 3007 δαίμονες
1458 2935 1647 3008 ὥσπερ
1670 2936 1873 3009 βρῶσιν

298 3017 450 3093 εἶχον
475 3022 565 3076 τὸν
599 3022 904 3096 ἄνθρωπον,
945 3024 1017 3096 μὴ
1064 3019 1202 3077 εἶναι
1255 3024 1520 3088 νοοῦντες,
1571 3027 1653 3079 ὅτι
1680 3029 1708 3080 ὁ
1743 3026 1876 3091 Θεὸς

299 3114 652 3169 ἐπιλαθέσθαι
676 3116 771 3170 τοῦ
799 3117 1115 3187 πλάσματος
1139 3115 1303 3170 αὐτοῦ
1336 3117 1395 3169 οὐ
1426 3117 1668 3172 δύναται.

2049 1919 2278 1975 Christi.

2048 2011 2201 2066 Dixit
2225 2013 2476 2082 insipiens
2509 2013 2567 2066 in
2593 2014 2749 2068 corde
2769 2030 2866 2068 suo
2884 2031 2903 2069 :
2931 2013 3054 2068 Non
3074 2021 3150 2067 est
3170 2010 3331 2067 Deus.
3365 2010 3543 2078 Quan-

1974 2102 2270 2174 doquidem
2301 2121 2411 2159 non
2440 2106 2742 2176 cogitantes
2771 2105 2940 2161 Deum
2967 2121 3121 2173 esse,
3164 2104 3258 2174 qui
3290 2106 3545 2175 respiciat

1973 2196 2156 2249 omnia
2184 2198 2422 2251 humana
2445 2238 2459 2262 ,
2502 2213 2568 2252 ac
2590 2198 2682 2267 qui
2718 2196 2870 2267 justo
2897 2198 3105 2264 judicio
3124 2196 3330 2266 jmlicet
3353 2235 3369 2261 ,
3420 2195 3545 2250 nul-

1974 2286 2087 2341 lum
2123 2302 2229 2341 non
2258 2290 2440 2343 scelus
2473 2297 2893 2359 pet-petrarum;
2949 2288 3154 2343 idcirco
3187 2286 3453 2343 Dominus
3478 2286 3545 2340 de

1974 2384 2114 2438 caelo
2151 2382 2448 2453 prospexit.
2498 2379 2632 2434 Illud
2668 2381 2812 2434 enim
2852 2389 3039 2448 aperte
3074 2377 3291 2432 Domini
3331 2378 3398 2431 ad
3445 2377 3544 2430 ho-

1973 2477 2147 2532 mines
2168 2476 2455 2530 adventum
2487 2473 2711 2529 indicat.
2760 2472 2882 2526 Non
2903 2483 2981 2527 est
3007 2474 3098 2544 qui
3134 2473 3299 2541 faciat
3324 2471 3539 2533 bonum,

1980 2585 2082 2623 non
2105 2577 2181 2622 est
2208 2583 2368 2638 usque
2395 2566 2464 2620 ad
2492 2583 2675 2620 unum.
2731 2566 2868 2620 Cum
2892 2566 3077 2627 venit,
3111 2567 3318 2636 inquit,
3361 2564 3546 2619 Domi-

1976 2676 2116 2727 nus,
2161 2661 2369 2714 nullum
2419 2658 2823 2713 mansuetudini
2869 2659 3150 2722 deditum;
3203 2658 3297 2711 sed
3350 2671 3546 2710 omnes

1976 2752 2113 2808 nulli
2150 2767 2257 2806 non
2284 2765 2453 2821 pravo
2491 2750 2639 2820 operi
2670 2750 2939 2815 addictos,
2973 2749 3198 2803 invenit.
3231 2746 3544 2817 Sepulcrum

1973 2855 2159 2916 patens
2204 2853 2282 2897 est
2333 2852 2517 2913 guttur
2557 2856 2757 2894 eorum.
2820 2837 2878 2892 In
2919 2853 3022 2892 suo
3049 2854 3285 2907 namque
3330 2847 3547 2909 gutture

1974 2939 2246 2991 daemones
2283 2933 2557 2987 hominem
2605 2930 2765 3000 quasi
2805 2930 2987 2983 cilium
3033 2929 3383 2995 detinebant,
3433 2945 3544 2983 non

1976 3026 2276 3096 cogitantes
2324 3037 2430 3077 non
2481 3036 2642 3093 posse
2687 3019 2857 3074 Deum
2910 3034 3155 3087 unquam
3207 3017 3406 3087 cpiﬁeii
3456 3016 3545 3075 sul

1976 3113 2244 3170 oblivisci.

372 3207 521 3275 Οὐχὶ
571 3207 904 3277 γνώσονται
951 3184 1188 3274 ⁷θεοῖν-τες
1244 3211 1298 3261 οἱ
1356 3208 1724 3281 ἐργαζόμενοι
1763 3208 1875 3279 τὴν

2047 3206 2101 3262 4.
2136 3203 2324 3259 Nonne
2352 3210 2657 3271 cognoscent
2688 3215 2864 3253 omnes
2906 3202 2996 3269 qui
3038 3205 3323 3266 operantur
3344 3198 3545 3267 iniqui-

299 3297 597 3367 droplar;
625 3298 764 3351 Καθ’
799 3298 1141 3370 ὑποστιγμὴν
1189 3299 1585 3368 ἀναγνωστέον,
1622 3300 1718 3353 καὶ
1741 3298 1877 3364 ἔξω·

303 3386 391 3439 θεν
413 3387 509 3439 τὸν
532 3386 737 3458 Κύριον
761 3387 1118 3458 προληπτέον·
1156 3382 1293 3462 ἵναῇ
1321 3386 1493 3452 οὕτως
1532 3388 1592 3441 τὸ
1624 3389 1881 3459 σημαινό-

303 3494 485 3547 μενον
510 3479 621 3531 Καὶ
663 3479 866 3542 πάντες
915 3477 1213 3544 ἐξέκλιναν,
1257 3480 1539 3533 καὶτοῦτο
1594 3482 1875 3551 ἐποίησαν.

302 3570 375 3623 Οὐ
404 3568 661 3640 μέλλωσι
684 3569 971 3639 γινώσκειν
992 3570 1082 3624 τὸν
1111 3570 1333 3640 Κύριον.
1351 3572 1570 3640 Κύριον
1590 3575 1661 3626 οὐ
1690 3588 1877 3642 προσ-

299 3658 672 3712 εκαλέσαντο
724 3662 779 3713 οἱ
824 3660 1132 3726 ἐσθίοντες
1174 3661 1280 3713 τὸν
1306 3663 1460 3714 λαόν
1482 3679 1600 3730 μου
1626 3662 1697 3715 ἐν
1721 3661 1879 3732 ,ϐρώ-

304 3763 397 3801 σει
446 3748 652 3816 ἄρτου.
710 3749 1018 3820 Κατήσθιον
1064 3750 1171 3822 γὰρ
1228 3751 1318 3803 τὸν
1363 3750 1488 3804 λαὸν
1535 3751 1699 3805 αὐτοῦ
1752 3754 1881 3806 άναο

305 3840 583 3904 πείθοντες
608 3843 933 3911 προσκυνεῖν
955 3840 1051 3912 τὴν
1086 3842 1262 3894 κτίσιν
1289 3840 1440 3912 παρὰ
1469 3842 1560 3895 τὸν
1596 3842 1875 3896 κτίσαντα.

302 3932 411 3985 Καὶ
441 3924 610 3995 οὗτοι,
646 3933 828 4003 φησὶν,
860 3931 1087 4005 ἑτέροις
1132 3931 1317 3985 κακῶν
1347 3934 1633 4003 εἰσηγηταὶ
1652 3934 1880 4004 γενόμε-

302 4039 400 4087 νοι,
427 4023 518 4077 τὸν
542 4023 746 4093 Κύριον
797 4024 898 4077 οὐκ
944 4024 1376 4078 ἐπικαλέσονται.
1436 4024 1592 4078 Οὕτω
1620 4025 1728 4097 γὰρ
1747 4027 1880 4081 ἁνα-

301 4116 572 4183 γνωπέον
609 4116 871 4188 μέλλοντα
899 4118 1018 4170 ἀντὶ
1044 4116 1137 4170 τοῦ
1173 4117 1627 4188 παρεληλυθότος.

384 4207 546 4263 Ἐκεῖ
572 4207 640 4261 δὲ
670 4207 1015 4263 ἐδειλίασαν
1070 4211 1248 4279 φόϐῳ.
1280 4207 1352 4266 οὗ
1404 4212 1516 4263 οὐκ
1548 4205 1626 4279 ἦν
1670 4212 1874 4278 φόϐος.

315 4298 373 4352 Ὀ
396 4299 642 4362 Μωσέως
688 4299 870 4370 νόμος,
912 4303 1063 4370 φησὶ,
1119 4302 1338 4354 κόλασιν
1384 4300 1576 4354 ἐποίεν
1607 4302 1635 4354 ὀ
1689 4301 1746 4354 δὲ
1784 4302 1876 4355 τοῦ

305 4390 539 4461 Χριστοῦ
574 4389 733 4459 φόϐος
761 4391 923 4460 ἁγνός
947 4395 1111 4445 ἐστιν·
1156 4393 1230 4456 ὡς
1286 4393 1434 4457 υἱοὺς
1456 4392 1565 4463 γὰρ
1597 4392 1877 4462 φοϐεῖσθαι

304 4482 524 4554 Πατέρα
552 4483 953 4555 παρεσκεύαζε.
978 4483 1137 4537 Κατὰ
1151 4483 1240 4537 τὸν
1260 4484 1451 4554 καιρὸν
1472 4486 1698 4548 ἐκεῖνον,
1720 4485 1871 4554 φησὶ,

305 4573 425 4627 καθ’
456 4574 516 4628 ὃν
540 4575 598 4628 δὲ
618 4574 855 4647 δηλονότι
890 4576 923 4645 ἡ
953 4575 1262 4645 ἐπιφάνεια,
1298 4575 1461 4644 φόϐον
1479 4574 1875 4647 φοϐηθήσονται

304 4658 367 4721 οὗ
402 4666 504 4720 οὐκ
536 4666 650 4719 ἐστι
674 4666 853 4736 φόϐος.
874 4668 987 4720 Οὐκ
1006 4667 1071 4720 ἐκ
1099 4669 1329 4737 νομικῆς
1362 4667 1589 4736 ἀπειλῆς
1615 4667 1877 4738 δηλονότι,

306 4758 418 4813 ἀλλ’
452 4761 486 4830 ή
524 4759 806 4829 πρέπουσα
831 4758 1030 4829 μᾶλλον
1072 4758 1373 4829 ἐλευθέροις
1393 4758 1667 4811 εὐλάϐεια.

375 4850 506 4903 Ὅτι
527 4851 743 4917 Κύριος
764 4850 834 4902 ἐν
854 4847 1029 4919 γενεᾷ
1056 4849 1317 4902 δικαίων.
1338 4849 1458 4901 Τῶν
1486 4849 1696 4902 δικαιου
1704 4847 1879 4918 μένων

306 4941 393 4998 διὰ
409 4945 507 5015 τῆς
527 4944 848 5014 ἐπιφανείας
878 4945 1058 4998 αὐτοῦ.
1080 4942 1282 5011 Βουλῆ
1302 4944 1538 5011 πτωχοῦ
1559 4942 1880 5011 καταισχύ-

308 5052 485 5090 mat.
516 5037 701 5091 Ταῦτα
724 5037 800 5100 ὠς
825 5037 959 5107 πρὸς
986 5039 1109 5100 τοὺς
1129 5036 1529 5107 άπομείναντας
1553 5039 1618 5107 τῇ
1652 5035 1876 5103 ἀπιστίᾳ

307 5128 395 5180 καὶ
422 5127 719 5194 διώξαντας
750 5128 876 5193 τοὺς
906 5130 1301 5190 πιστεύσαντας
1337 5129 1417 5191 είς
1454 5128 1708 5199 Χριστόν.

381 5311 471 5376 Tt'c
497 5309 677 5364 δώσει
702 5310 775 5363 ἐκ
820 5310 973 5363 Σιὼν
1017 5308 1080 5361 τὸ
1112 5306 1406 5376 σωτήριον
1453 5306 1561 5360 τοῦ
1604 5305 1878 5373 Ἰσραήλ;

308 5403 469 5457 Τοῦτο
491 5403 547 5456 δὲ
569 5401 768 5470 διπλῆν
798 5400 911 5470 ἔχει
950 5399 1047 5468 τὴν
1075 5400 1431 5470 προφητείαν·
1461 5399 1521 5451 οὐ
1578 5397 1685 5466 γάρ
1716 5397 1875 5467 μόνον

308 5494 546 5562 τηνικάδε
577 5490 883 5562 γενομένην
906 5492 1018 5553 τοῖς
1046 5489 1451 5560 πολιορκηθεῖσι
1481 5487 1876 5559 προσαγορεύει

307 5586 585 5658 σωτηρίαν,
624 5583 767 5638 ἀλλὰ
794 5583 890 5636 καὶ
919 5581 1015 5651 τὴν
1040 5581 1250 5645 πολλοῖς
1283 5580 1505 5650 ὕστερον
1538 5580 1749 5650 χρόνοις
1781 5578 1875 5631 τοῦ

299 5677 539 5751 Σωτῆρος
568 5675 735 5750 ήμῶν
784 5672 1085 5755 γενομένην
1136 5672 1340 5725 ἐκεῖθεν
1382 5672 1644 5743 σωτήριον
1678 5670 1876 5737 ἐπιφά-

295 5785 454 5825 νειαν,
520 5760 990 5835 Ἀγωιάσεται
1055 5761 1264 5815 Ἰακώϐ.
1322 5763 1461 5824 Τοὺς
1530 5760 1717 5829 ἁγίους
1776 5775 1879 5813 πα-

1980 3298 2182 3352 tatem?
2207 3297 2345 3353 Cum
2375 3293 2816 3362 interpunctione
2849 3290 3156 3355 legendum,
3192 3300 3352 3356 atque
3389 3288 3541 3352 illud,

1978 3387 2282 3448 Dominum,
2306 3392 2459 3439 extra
2486 3381 2856 3452 accipiendum
2881 3397 2896 3445 ;
2923 3388 2982 3433 ut
3005 3379 3121 3433 haec
3133 3379 3203 3434 sit
3231 3377 3498 3449 sententia
3525 3395 3544 3433 :

1979 3476 2046 3532 Et
2065 3489 2277 3540 omnes,
2303 3472 2499 3544 inquit,
2534 3472 2963 3531 declinaverunt,
2991 3477 3156 3538 atque
3186 3467 3238 3522 id
3266 3477 3557 3537 perpetra»

1977 3580 2122 3624 runt.
2168 3566 2520 3637 Nequaquam
2577 3562 2818 3617 futurum
2873 3572 2959 3616 est
3003 3568 3062 3614 ut
3110 3559 3401 3614 Dominum
3447 3573 3544 3613 co-

1978 3666 2260 3731 gnoscant.
2306 3656 2411 3722 Qui
2445 3657 2696 3711 devorant
2746 3652 2943 3723 plebem
2989 3668 3157 3711 meam
3199 3652 3335 3705 sicut
3370 3667 3543 3705 escam

1978 3754 2163 3824 panis,
2230 3750 2514 3804 Dominum
2561 3764 2666 3802 non
2711 3747 3100 3800 invocaverunt.
3168 3743 3545 3800 Comedehant

1978 3847 2121 3900 enim
2162 3843 2419 3914 populum
2451 3840 2593 3910 ejus,
2641 3840 2930 3894 suadentes
2974 3837 3202 3890 adorare
3235 3844 3539 3889 creaturam

1977 3945 2031 3992 et
2063 3951 2168 3990 non
2216 3942 2541 3988 creatorem.
2596 3931 2772 3999 Atque
2804 3930 2918 3995 illi,
2966 3927 3179 3995 inquit,
3222 3926 3344 3979 aliis
3370 3925 3544 3979 malo-

1979 4042 2098 4080 rum
2138 4033 2388 4078 auctores
2414 4022 2561 4083 facti,
2599 4020 2890 4074 Dominum
2928 4032 3035 4072 non
3069 4016 3422 4070 invocahunt.
3461 4013 3541 4072 Ita

1978 4132 2214 4187 namque
2243 4115 2527 4184 legendum
2555 4112 2798 4166 futurum
2821 4126 2920 4180 pro
2952 4107 3245 4179 praeterito.

2049 4208 2104 4263 5.
2142 4204 2266 4259 Illic
2303 4204 2689 4273 trepidaverunt
2725 4204 2930 4268 timore,
2982 4203 3070 4255 ubi
3099 4211 3332 4257 nonerat
3362 4204 3539 4257 timor.

1977 4298 2177 4370 Moysis
2199 4298 2309 4363 lex,
2337 4296 2537 4366 inquit,
2580 4310 2797 4365 pinnam
2827 4294 3132 4361 inferebat,
3171 4297 3332 4351 timor
3358 4308 3543 4354 autem

1979 4391 2194 4446 Domini
2227 4401 2410 4445 castus
2448 4399 2570 4444 est:
2611 4404 2736 4443 nam
2768 4404 2869 4443 nos
2914 4398 3173 4458 tanquam
3217 4391 3394 4458 ﬁlios,
3436 4389 3544 4446 Pa-

1907 4518 1950 4573 Β
1979 4494 2114 4543 trem
2152 4486 2344 4539 timere
2372 4482 2577 4538 docuit.
2601 4480 2732 4537 Post
2754 4482 2885 4537 illud
2915 4492 3152 4552 tempus,
3195 4498 3303 4554 quo
3336 4484 3543 4540 scilicet

1982 4580 2248 4632 adventus
2277 4576 2383 4630 erit
2413 4574 2555 4644 ejus,
2587 4574 2660 4628 ibi
2690 4574 2958 4630 timebunt
2983 4576 3074 4629 ubi
3111 4590 3219 4629 non
3253 4585 3334 4631 est
3357 4576 3543 4631 timor.

1979 4668 2096 4723 Non
2137 4668 2335 4724 timore
2361 4668 2452 4737 qui
2476 4682 2541 4720 ex
2569 4665 2704 4734 legis
2727 4666 3154 4723 comminatione
3180 4668 3408 4733 oriatur,
3448 4669 3545 4724 sed

1979 4760 2280 4815 reverentia
2313 4774 2436 4828 quae
2469 4757 2669 4811 liberos
2702 4756 2914 4812 deceat.

2049 4852 2100 4905 6.
2137 4851 2397 4915 Quoniam
2428 4850 2679 4903 Dominus
2697 4849 2753 4900 in
2775 4848 3105 4917 generatione
3124 4848 3411 4917 justarnm.
3438 4850 3544 4915 Qui

1973 4944 2344 5015 justiﬁcantur
2385 4957 2482 5011 per
2527 4942 2647 5010 ejus
2691 4941 3001 4996 adventum.
3051 4939 3346 4997 Consilium
3372 4942 3545 5008 inopis

1978 5035 2342 5103 confunditur.
2391 5030 2519 5086 Haec
2562 5031 2693 5086 dicit
2727 5030 2793 5084 ad
2829 5044 2924 5084 eos
2958 5029 3050 5099 qui
3100 5036 3449 5098 perseverant
3487 5027 3539 5080 in

1981 5125 2380 5190 incredulitate,
2415 5134 2469 5179 et
2495 5130 2896 5193 persequuntur
2928 5137 3025 5176 eos
3046 5122 3140 5191 qui
3169 5121 3222 5174 in
3258 5120 3543 5173 Christum

1978 5215 2276 5270 credidere.

2050 5303 2100 5356 7.
2137 5302 2267 5368 Quis
2298 5300 2444 5354 dabit
2463 5316 2528 5354 ea:
2545 5299 2673 5354 Sion
2701 5298 2937 5353 salutare
2967 5297 3181 5352 Israel?
3219 5294 3333 5350 Hoc
3362 5295 3540 5365 dupli.

1978 5411 2095 5450 cem
2127 5393 2367 5448 continet
2394 5391 2734 5461 prophetiam
2770 5409 2783 5444 :
2815 5406 2922 5443 non
2950 5388 3111 5443 modo
3140 5387 3282 5441 enim
3318 5385 3405 5441 hic
3437 5387 3538 5442 oh-

1977 5487 2145 5541 sessis
2173 5494 2383 5552 partam
2411 5482 2642 5537 salutem
2683 5480 3005 5543 annuntiat,
3053 5478 3147 5532 sed
3189 5478 3356 5532 etiam
3392 5478 3543 5535 salu-

1980 5590 2147 5632 tarem
2173 5575 2375 5630 Christi
2410 5575 2742 5637 adventum,
2786 5571 2969 5626 multis
2992 5579 3114 5639 post
3140 5569 3354 5627 saeculis
3391 5569 3542 5624 futu-

1979 5682 2125 5721 rum.
2155 5664 2461 5719 Exsultabit
2483 5664 2670 5718 Jacob.
2716 5663 2949 5716 Sanetos
2971 5661 3312 5730 patriarchas
3340 5668 3394 5714 ct
3413 5675 3541 5729 pro—

1980 5758 2173 5827 phetas
2202 5757 2488 5825 intelligit,
2533 5757 2626 5825 qui
2668 5767 3019 5818 summopere
3050 5753 3158 5811 laeti
3193 5760 3382 5813 erunt.
3415 5765 3542 5807 cum
