3944 6220
411 331 481 382 ευ
1255 322 1311 380 S.
1353 322 1724 379 ATHANASH
1759 322 1909 377 OPP.
1951 321 1963 375 l

2082 322 2130 376 S
2161 320 2249 376 ιιι.
2293 351 2364 363 -
2395 321 2824 405 ΕΧΕΕΕΤΙΕΑ.
3542 317 3652 374 100

409 436 695 509 praedictas
727 437 798 493 ab
839 435 973 507 ipsis
1000 433 1397 506 promissiones
1422 435 1677 491 Christus
1713 437 1963 506 impleve-

2082 436 2334 508 ¹ιριέιρχας
2355 437 2447 490 καὶ
2482 437 2765 507 προφήτας
2810 431 2974 506 φησὶ.
3017 434 3142 497 τοὺς
3196 431 3339 504 χαρᾷ
3362 428 3656 503 χαίροντας

408 539 498 586 rit.
537 529 629 585 Hae
666 542 845 585 autem
875 537 1064 595 erant,
1106 544 1229 600 qua!
1262 528 1507 584 omnium
1546 531 1788 600 gentium
1825 529 1963 585 salu-

2082 529 2165 581 ἐπὶ
2196 527 2274 598 τῷ
2297 528 2394 592 τὰς
2426 529 2814 601 προλεχθείσας
2843 525 3022 580 αὐτῶν
3049 526 3375 594 ἐπαγγελίας
3406 523 3655 594 ἀποπλη-

406 628 516 677 tem
548 620 1012 692 praenuntiabant.

2082 620 2241 693 ρῶσαι
2265 620 2355 674 τὸν
2384 622 2634 692 Χριστόν.
2664 614 2833 674 Αῦται
2864 620 2921 674 δὲ
2942 616 3080 692 ἦσαν
3121 621 3177 672 αἱ
3218 618 3315 690 τὴν
3337 619 3444 672 τῶν
3475 618 3650 672 ἐθνῶν

602 804 654 859 1.
697 803 766 859 1η
795 804 975 873 ﬁnem,
1009 802 1347 858 PSALMUS
1376 801 1572 857 David.
1613 801 1776 857 XIV.

991 896 1031 949 Α
1043 904 1390 965 rgumentum.

403 985 562 1042 Hunc
599 987 741 1042 canit
769 987 1062 1057 psalmum,
1087 987 1291 1042 docens
1318 986 1577 1056 quidnam
1617 986 1823 1040 aditum
1872 987 1970 1041 ho-

476 1081 609 1136 mini
666 1082 907 1149 praebeat
961 1082 1026 1134 ad
1074 1080 1223 1134 illam
1283 1081 1680 1149 assequendam
1723 1090 1966 1135 sortem;

473 1184 808 1242 quapropter
834 1172 904 1226 ita
932 1171 1144 1225 orditur
1172 1191 1185 1225 :

470 1261 712 1326 Domine,
742 1263 858 1332 quis
893 1260 1157 1315 habitabit
1198 1263 1253 1316 in
1307 1262 1644 1318 tabernaculo
1693 1265 1822 1318 tuo?
1859 1261 1967 1316 Ha-

403 1352 601 1407 bitatio
629 1362 713 1407 est
749 1354 1110 1408 commoratio
1145 1361 1527 1423 temporanea,
1572 1370 1681 1408 non
1722 1353 1886 1408 ﬁxam
1914 1364 1969 1408 et

401 1454 806 1517 permanentem
833 1446 1021 1508 vitam,
1047 1446 1143 1500 sed
1177 1454 1575 1510 transeuntem,
1613 1463 1678 1502 ac
1710 1463 1836 1503 cum
1868 1464 1966 1518 spe

400 1537 894 1608 transmigrationis
944 1537 1011 1590 ad
1068 1538 1447 1607 praestantiora
1492 1538 1841 1606 coniunctam
1892 1540 1964 1594 si-

397 1630 678 1699 gniﬁcans.
719 1627 902 1683 Sancti
927 1628 1124 1698 quippe
1155 1630 1255 1682 viri
1278 1638 1362 1684 est
1387 1630 1526 1684 hanc
1548 1630 1713 1684 vitam
1745 1640 1965 1701 prieter~

396 1722 576 1777 eundo
619 1736 814 1791 agere,
853 1729 1016 1790 atque
1060 1721 1126 1775 ad
1171 1721 1332 1775 aliam
1386 1722 1774 1778 transmittere.
1833 1721 1963 1789 Quae

2072 713 2325 767 ἁπάντων
2350 713 2624 785 σωτηρίαν
2658 714 3186 784 κατασημαίνουσαι.

2244 808 2347 871 Εἰς
2384 806 2450 858 τὸ
2477 806 2651 873 τέλος
2681 809 2991 861 ΨΑΛΜΟΣ
3011 805 3091 871 τῷ
3131 806 3329 861 Δαυΐδ.
3357 808 3465 861 1Δ¹.

2694 900 2706 917 ⁹
2720 899 3026 962 Υπόθεσις.

2067 986 2267 1040 Τοῦτον
2316 987 2431 1059 ᾄδει
2463 988 2554 1042 τὸν
2582 988 2816 1060 ψαλμὸν,
2846 988 3110 1043 διδάσκων
3139 988 3190 1042 τί
3245 987 3311 1042 ἂν
3356 989 3646 1060 ἄνθρωπον

2139 1080 2529 1151 παρασκευάσῃ
2555 1082 2652 1152 τῆς
2676 1082 2947 1152 μακαρίας
2974 1081 3185 1151 ἐκείνης
3207 1084 3386 1151 τυχεῖν
3412 1080 3642 1153 λήξεως

2136 1170 2218 1222 διὸ
2255 1170 2556 1242 ἀρχόμενος
2578 1189 2758 1242 φησιν·

2135 1262 2330 1328 Κύριε,
2364 1262 2456 1328 τίς
2487 1262 2841 1331 παροικήσει
2870 1265 2938 1317 ἐν
2993 1264 3072 1331 τῷ
3116 1263 3462 1334 σκηνώματί
3480 1280 3641 1329 σου;

2066 1354 2335 1426 Παροικία
2367 1356 2480 1408 ἐστὶ
2511 1356 2751 1428 διαγωγὴ
2805 1356 3155 1427 πρόσκαιρος,
3221 1356 3316 1425 οὐχ
3348 1356 3642 1428 ἱδρυμένην

2066 1443 2233 1516 ζωὴν,
2258 1445 2394 1499 ἀλλά
2424 1445 2719 1519 παροδικὴν
2759 1447 2844 1498 ἐπ’
2886 1446 3058 1499 ἐλπίδι
3092 1448 3189 1516 τῆς
3231 1447 3326 1499 ἐπὶ
3348 1447 3416 1499 τά
3454 1446 3640 1516 κρείτ-

2063 1554 2193 1590 τονα
2223 1539 2604 1608 μεταστάσεως
2649 1539 3040 1607 ὑποφαίνουσα.
3083 1541 3260 1608 Ἀγίου
3301 1540 3410 1611 γὰρ
3445 1540 3640 1610 ἀνδρὸς

2065 1631 2382 1703 παροδεύειν
2415 1631 2506 1685 τὸν
2534 1631 2644 1702 βίον
2691 1630 2900 1696 τοῦτον,
2935 1631 3232 1701 ἐπάγεσθαι
3265 1632 3320 1686 δὲ
3354 1633 3489 1703 πρὸς
3520 1634 3640 1686 ἐτέ-

2068 1740 2165 1794 ραν
2196 1723 2361 1795 ζωήν.
2398 1723 2488 1777 Διὸ
2541 1722 2635 1777 καὶ
2665 1725 2693 1776 6
2724 1722 2887 1777 Δαυῒδ
2941 1727 3069 1796 περὶ
3103 1725 3267 1779 αὑτοῦ
3301 1742 3451 1796 φησισ
3481 1724 3638 1794 Πάρ-

395 1830 561 1871 causa
588 1823 671 1868 est
707 1822 765 1868 ut
802 1813 966 1867 David
998 1813 1066 1867 de
1100 1829 1158 1868 se
1199 1813 1317 1884 ipso
1346 1814 1492 1869 dicat
1514 1816 1559 1849 ³³
1594 1814 1846 1870 :Advena
1867 1831 1960 1884 ego

2082 1830 2225 1878 >ικος
2255 1812 2368 1883 ἐγώ
2390 1816 2506 1883 εἰμι
2549 1814 2706 1883 παρὰ
2737 1814 2837 1868 σοὶ
2869 1816 2965 1868 καὶ
2995 1813 3419 1882 παρεπίδημος,
3441 1814 3638 1880 καθὼς

396 1923 513 1960 sum
546 1905 686 1974 apud
730 1912 777 1957 te
817 1913 865 1958 et
896 1908 1230 1975 peregrinus,
1282 1906 1417 1958 sicut
1441 1922 1614 1959 omnes
1636 1915 1810 1974 patres
1838 1908 1959 1962 mei.

397 1996 557 2067 Quis,
588 1998 684 2061 ait,
719 1997 918 2067 dignus
945 1999 1048 2051 erit
1075 1997 1129 2051 in
1160 1996 1475 2052 coelestibus
1506 1996 1616 2052 illis
1644 1998 1965 2053 tabernacu-

395 2092 464 2146 lis
513 2089 848 2144 consistere?
909 2088 1016 2142 Aut
1072 2089 1190 2159 quis
1245 2088 1649 2141 tabernaculum
1689 2099 1841 2157 ponet
1907 2089 1962 2142 in

395 2193 569 2239 monte
596 2192 778 2237 sancto
805 2183 937 2236 tuo?
964 2182 1257 2252 Postquam
1278 2182 1424 2236 enim
1448 2182 1726 2251 quispiam
1757 2191 1962 2236 aeterno

395 2278 489 2332 illo
519 2276 871 2332 tabernaculo
915 2274 1173 2344 dignatus
1216 2272 1414 2339 fuerit,
1455 2273 1788 2330 beatitudine
1819 2272 1965 2327 frue-

395 2378 484 2425 tur
507 2371 558 2423 in
585 2369 781 2424 saecula
811 2366 1041 2421 inﬁnita.

465 2457 579 2513 2-5.
630 2456 733 2522 Qui
777 2456 970 2510 incedit
1018 2455 1132 2510 sine
1173 2454 1404 2520 macula,
1431 2463 1535 2511 etc.
1570 2454 1738 2510 Docet
1761 2453 1962 2525 quibus

397 2551 574 2607 modis
599 2551 813 2605 beatum
833 2549 1145 2619 hujusmodi
1167 2548 1329 2603 tinem
1357 2548 1704 2603 consecuturi
1734 2562 1959 2602 sumus:

395 2643 575 2715 primo
612 2642 829 2712 quidem
873 2642 919 2696 si
971 2641 1322 2696 immaculata
1353 2641 1439 2695 via
1479 2640 1799 2696 incedamus
1839 2655 1961 2711 qua:

389 2743 476 2791 est
505 2737 621 2804 ipse
642 2733 926 2799 Christus;
983 2733 1197 2796 deinde,
1251 2732 1297 2787 si
1340 2747 1628 2801 operemur
1663 2732 1956 2801 iustitiam;

393 2827 586 2894 tertio,
623 2826 668 2881 si
715 2840 811 2882 cor
847 2833 1096 2880 nostrum
1138 2825 1381 2880 veritatis
1426 2825 1763 2880 domicilium
1804 2840 1961 2895 pare-

392 2933 551 2985 mus;
584 2925 802 2988 quarto,
828 2917 876 2972 si
902 2916 1089 2971 dolosa
1116 2917 1365 2970 instructi
1399 2915 1583 2985 lingua
1609 2931 1715 2969 non
1750 2916 1956 2982 simus;
1992 2943 2003 2952 -

391 3011 605 3080 quinto,
639 3009 684 3063 si
729 3009 931 3063 malum
968 3008 1218 3078 proximo
1250 3022 1357 3061 non
1400 3005 1732 3071 inferamus;
1782 3014 1956 3071 sexto,

393 3101 440 3155 si
478 3099 772 3171 opprobrio
832 3101 1138 3169 proximum
1185 3099 1416 3168 superbe
1461 3113 1571 3152 non
1622 3098 1954 3164 alliciamus;

2066 1903 2287 1972 πάντες
2319 1909 2372 1964 οἱ
2400 1909 2649 1975 πατέρες
2670 1926 2809 1977 μου.
2838 1909 2951 1973 Τίς,
2986 1910 3168 1979 φησὶν,
3199 1909 3345 1975 ἄξιος
3394 1908 3546 1962 ἔσται
3576 1912 3636 1963 ἐν

2066 1995 2303 2060 ἐκείναις
2357 2000 2476 2061 ταῖς
2515 1998 2791 2071 οὐρανίαις
2831 2000 3079 2068 γενέσθαι
3136 2003 3392 2071 σκηναίς;
3444 2002 3514 2056 Ἦ
3541 2002 3638 2068 τίς

2064 2089 2520 2158 κατασκηνώσει
2552 2091 2622 2143 ἐν
2655 2090 2775 2159 ὄρει
2813 2092 2958 2161 ἁγίῳ
2985 2106 3133 2156 σου;
3182 2093 3368 2163 ἐπειδὴ
3413 2093 3479 2146 ἂν
3524 2093 3635 2165 γάρ

2062 2196 2148 2243 τις
2192 2179 2397 2252 ἀξιωθῇ
2425 2181 2526 2252 τῆς
2558 2185 2835 2254 μακαρίας
2864 2185 3078 2254 ἐκείνης
3113 2185 3338 2255 σκηνῆς,
3381 2186 3462 2249 εἰς
3492 2185 3632 2239 ἀπε-

2064 2271 2291 2342 ράντους
2323 2272 2522 2337 αἰῶνας
2549 2273 2659 2338 ἔξει
2687 2275 2785 2346 τὴν
2813 2278 3208 2348 μακαριότητα.

2129 2448 2530 2518 Πορευόμενος
2564 2450 2818 2520 ἄμωμος,
2854 2454 2947 2506 καὶ
2982 2453 3051 2507 τὰ
3087 2454 3231 2526 ἐξῆς.
3269 2455 3516 2510 Διδάσκει
3561 2456 3631 2511 δι’

2063 2530 2138 2592 ὧν
2166 2537 2463 2610 τευξόμεθα
2517 2540 2609 2594 τοῦ
2672 2544 2939 2617 μακαρίου
2981 2547 3188 2600 ἐκείνου
3222 2548 3474 2619 πέρατος⁸
3538 2551 3631 2605 καὶ

2066 2629 2277 2704 πρῶτον
2310 2629 2408 2700 μὲν
2458 2633 2508 2684 εί
2565 2632 2664 2703 τὴν
2696 2633 2924 2705 ἄμωμον
2977 2636 3279 2708 ὁδεύσωμεν
3331 2638 3467 2703 ὁδὸν,
3510 2640 3631 2710 ἥτις

2061 2719 2206 2773 ἐστὶν
2235 2720 2262 2772 6
2292 2721 2544 2791 Χριστός*
2577 2723 2764 2776 ἔπειτα
2796 2727 2843 2777 εί
2880 2726 3240 2798 ἐργασώμεθά
3264 2728 3626 2800 δικαιοσύνην·

2060 2812 2260 2882 τρίτον,
2291 2814 2340 2866 εἰ
2368 2813 2624 2885 ἀληθείας
2680 2810 2827 2871 οἶκον
2873 2819 2970 2890 τὴν
3019 2821 3243 2893 καρδίαν
3292 2824 3625 2895 ποιήσωμεν·

2061 2903 2336 2975 τέταρτον,
2393 2908 2443 2959 εἰ
2500 2906 2676 2960 δολίαν
2708 2907 2957 2977 γλῶσσαν
3001 2912 3075 2982 μὴ
3103 2912 3451 2984 κτησώμεθα’
3484 2915 3626 2986 πέμ-

2062 3011 2192 3047 πτον
2229 2994 2289 3047 τὸ
2323 2994 2397 3066 μὴ
2419 2996 2585 3049 κακὸν
2614 2996 2691 3067 τῷ
2722 2997 2946 3070 πλησίον
2986 3001 3329 3071 ἐργάζεσθαν
3362 3004 3516 3057 ἕκτον
3566 3004 3627 3058 τὸ

2064 3083 2138 3153 μὴ
2167 3083 2418 3136 ὀνειδίσαι
2444 3084 2533 3137 τὸν
2570 3085 2793 3156 πλησίον
2814 3089 3373 3163 ὑπερηφανευόμενον·
3404 3093 3628 3165 ἕϐδομον

393 3192 656 3263 septimo,
707 3191 753 3247 si
785 3206 1076 3262 personam
1106 3206 1215 3245 non
1246 3190 1619 3260 accipiamus;
1660 3199 1873 3255 octavo,
1916 3192 1962 3247 si

2082 3176 2141 3246 ιὴ
2176 3177 2461 3247 πρόσωπον
2503 3178 2818 3251 θαυμάζειν·
2853 3183 3035 3251 ὃγδοον
3080 3185 3141 3238 τὸ
3173 3185 3247 3257 μὴ
3281 3186 3628 3256 παραᾶιίνειν

321 3334 325 3343 .
389 3285 688 3356 juramenti
727 3285 888 3339 ﬁdem
933 3302 1038 3338 non
1075 3285 1377 3349 \iolemus;
1414 3299 1595 3353 nono,
1647 3286 1692 3341 si
1734 3301 1841 3340 non
1878 3285 1962 3340 le-

393 3392 685 3446 neremur;
733 3379 969 3442 decimo,
1007 3378 1152 3447 quod
1193 3386 1276 3433 est
1293 3379 1473 3433 onmis
1501 3381 1956 3448 complementum

392 3467 545 3532 boni,
577 3468 623 3524 si
652 3468 972 3523 muneribus
997 3468 1168 3539 pervii
1197 3484 1304 3523 non
1335 3470 1527 3525 simus.
1558 3469 1662 3535 Qui
1702 3472 1964 3526 horumce

392 3562 704 3631 equitatem
758 3576 823 3617 ac
880 3562 1136 3617 meritum
1185 3562 1498 3625 edidicerit,
1552 3561 1765 3616 lirmam
1801 3572 1963 3633 atque

396 3653 682 3708 immotam
718 3653 984 3708 bonorum
1017 3654 1365 3708 donationem
1394 3655 1760 3708 nanciscetur.

674 3745 725 3801 1.
759 3743 923 3799 Tituli
948 3746 1246 3816 inscriptio,
1278 3744 1492 3800 Davidi.
1527 3744 1654 3799 XV.

979 3840 1381 3911 Argumentum.

390 3926 566 3994 Quam
608 3943 754 3984 nunc
794 3937 1097 3984 tractamus
1143 3929 1459 3999 prophetia,
1502 3929 1745 4000 gentium
1798 3944 1964 3985 voca-

462 4021 666 4075 tionem
696 4021 1074 4091 complcctitur
1094 4060 1109 4085 ,
1140 4035 1238 4074 nec
1262 4035 1370 4074 non
1401 4020 1963 4093 variasinobsequen-

464 4111 551 4166 tiae
586 4113 961 4167 accusationes
979 4110 1243 4165 adversus
1283 4111 1575 4176 lsraelem;
1611 4112 1851 4182 itemque
1880 4113 1962 4182 ip-

460 4218 584 4259 sum
634 4204 1048 4258 resurrectionis
1079 4202 1378 4258 Salvatoris
1412 4204 1657 4257 omnium
1706 4215 1959 4260 nostrum

460 4293 590 4349 Jesu
620 4295 819 4349 Christi
842 4296 1159 4365 mysterium
1193 4312 1206 4347 :
1253 4295 1397 4347 unde
1420 4295 1658 4349 arbitror
1685 4297 1960 4351 canticum

462 4385 606 4441 istud
635 4396 881 4440 vocatum
910 4386 1330 4457 στηλογραφίαν,
1346 4388 1459 4442 sive
1484 4388 1621 4441 tituli
1642 4401 1736 4442 aut
1757 4390 1963 4444 colum-

463 4492 547 4531 na:
599 4477 1006 4547 inscriptionem
1056 4476 1255 4543 fuisse,
1301 4478 1419 4548 ipso
1461 4477 1660 4533 Davide
1698 4480 1958 4550 propheta
1989 4518 2034 4573 ι)

464 4567 594 4621 illud
626 4583 725 4622 ceu
779 4570 832 4622 in
878 4568 1133 4623 columna
1173 4570 1543 4634 inscribente,
1592 4570 1659 4624 ad
1710 4580 1958 4640 posteros

465 4661 965 4716 transmittendum.
1038 4659 1169 4730 Ejus
1228 4676 1394 4732 porro
1453 4664 1616 4717 verba
1677 4664 1833 4732 quasi
1891 4680 1958 4718 ex

461 4750 663 4805 Christi
696 4766 927 4821 persona
960 4761 1254 4807 canuntur.
1287 4752 1531 4824 Namque
1566 4768 1627 4810 ut
1653 4755 1729 4809 ita
1756 4756 1961 4811 sentia-

465 4857 586 4896 mus
615 4852 803 4897 auctor
831 4844 992 4899 nohis
1018 4843 1215 4898 Petrus
1241 4854 1324 4900 est
1352 4847 1419 4901 ”.

464 4931 725 4987 Conserva
759 4949 870 4999 me,
920 4933 1170 4999 Domine,
1211 4939 1463 5006 quoniam
1522 4939 1728 5008 speravi
1776 4939 1829 4992 in
1888 4948 1956 4994 te.

391 5022 558 5091 Quasi
581 5035 860 5093 assumpta
890 5025 1115 5079 humani
1146 5028 1363 5096 generis
1383 5044 1640 5098 persona,
1674 5031 1761 5084 his
1787 5030 1956 5085 Deum

391 5118 446 5164 et
468 5107 682 5164 Patrem
706 5110 1022 5180 alloquitur.
1060 5112 1169 5169 Nec
1191 5125 1405 5170 tantum
1437 5133 1536 5187 pro
1556 5133 1638 5183 se,
1671 5121 1764 5174 scd
1789 5120 1955 5175 etiam

392 5211 608 5272 propter
649 5217 746 5257 nos
792 5209 847 5256 et
877 5218 975 5272 pro
1018 5204 1198 5271 nobis,
1254 5217 1440 5276 utpote
1470 5224 1564 5277 per
1592 5212 1954 5265 oeconomiam

390 5302 445 5344 et
474 5292 904 5348 incarnationem
933 5310 1075 5349 unus
1099 5310 1165 5349 ex
1202 5298 1360 5353 nobis
1385 5298 1631 5353 allectus.
1664 5300 1957 5357 Dominum

391 5380 573 5449 itaque
606 5381 817 5439 Patrem
856 5395 1036 5450 vocat,
1081 5386 1229 5456 quod
1282 5388 1335 5442 in
1385 5388 1557 5444 forma
1592 5393 1734 5447 servi
1767 5393 1952 5448 fuerit.

389 5471 711 5528 Conservari
762 5484 943 5531 autem
994 5494 1052 5535 se
1107 5481 1343 5548 postulat
1388 5491 1611 5550 propter
1648 5484 1951 5541 Ecclesium

389 5576 510 5633 qua:
533 5578 661 5618 caro
707 5565 879 5635 ipsius
917 5582 1022 5625 est.
1070 5569 1212 5625 Caro
1240 5588 1477 5642 namque
1519 5575 1638 5644 ejus
1666 5586 1748 5632 cst
1778 5577 1957 5633 Eccle-

460 5739 507 5773 "
539 5737 684 5795 Psal.
716 5742 941 5813 xxxviii,
973 5747 1058 5801 15.
1130 5749 1177 5780 ’³
1209 5749 1324 5805 Act.
1361 5766 1419 5820 ιι,
1449 5752 1538 5806 25.

2063 3267 2224 3338 ὅρκου
2264 3269 2465 3322 πίστιν·
2489 3270 2704 3325 ἔννατον
2755 3273 2815 3326 τὸ
2856 3275 2929 3346 μὴ
2958 3277 3276 3341 ἐκτοκίζεινσ
3326 3278 3570 3344 δέκατον,
3600 3279 3630 3333 ὃ

2064 3361 2157 3412 καὶ
2184 3360 2333 3425 τέλος
2361 3364 2478 3416 ἐστὶ
2501 3365 2698 3427 παντὸς
2754 3366 2982 3434 ἀγαθοῦ,
3040 3369 3439 3441 ἀδωροδόκητον
3467 3367 3627 3427 εἶναι.

2064 3452 2278 3506 Τούτων
2310 3456 2338 3507 6
2366 3455 2621 3526 ἐκμαθὼν
2667 3457 2766 3529 τὴν
2819 3459 3155 3531 κατόρθωσιν
3196 3463 3488 3518 ἀσάλευτον
3520 3462 3629 3527 ἔξει

2062 3543 2170 3596 τῶν
2202 3545 2420 3615 ἀγαθῶν
2448 3548 2547 3619 τὴν
2573 3547 2736 3605 δόσιν.

2375 3751 2791 3819 Στηλοποαεεία
2825 3751 2905 3817 τῷ
2938 3752 3135 3807 Δαυῖδ.
3165 3753 3277 3809 ιε’.

2666 3843 2994 3908 Ὑπόθεσις.

2074 3928 2136 3980 Ἡ
2193 3931 2251 3982 ἐν
2309 3931 2464 4003 χερσὶ
2501 3935 2805 4004 προφητεία
2860 3937 3104 4007 περιέχει
3159 3938 3257 4009 τὴν
3301 3937 3408 3993 τῶν
3461 3937 3629 3991 ἐθνῶν

2130 4024 2342 4095 κλῆσιν,
2402 4028 2495 4081 καὶ
2542 4029 2610 4082 τά
2655 4032 2747 4083 ἐπὶ
2796 4035 2917 4096 ταῖς
2944 4034 3245 4099 ἀπειθείαις
3276 4034 3369 4088 τοῦ
3418 4033 3629 4107 Ἰσραὴλ

2130 4119 2469 4191 ἐγκλήματα,
2495 4123 2589 4175 καὶ
2617 4123 2721 4193 μὴν
2753 4125 2847 4177 καὶ
2887 4126 3017 4180 αὐτὸ
3041 4127 3101 4180 τὸ
3152 4128 3253 4199 τῆς
3281 4129 3627 4193 ἀναστάσεως

2130 4208 2223 4262 τοῦ
2260 4210 2474 4265 πάντων
2521 4214 2552 4282 ή
2565 4212 2679 4281 μῶν
2731 4215 2983 4288 Σωτῆρος
3040 4217 3210 4288 Ἰησοῦ
3259 4219 3493 4291 Χριστοῦ
3528 4239 3630 4291 μυ-

2132 4303 2371 4373 στήριονο
2396 4302 2516 4355 ὅθεν
2540 4304 2692 4374 οἶμαι
2726 4307 2816 4358 καὶ
2864 4309 3259 4381 στηλογραφίαν
3316 4311 3627 4383 ὠνομάσθαι

2128 4391 2226 4462 τὴν
2256 4391 2416 4462 ᾠδὴν,
2472 4394 2758 4458 ἀναθέντος
2809 4398 2977 4469 αὐτὴν
3026 4400 3118 4453 τοῦ
3165 4403 3439 4473 προφήτου
3467 4401 3629 4456 Δαυῒδ

2134 4483 2322 4555 ὥσπερ
2353 4488 2410 4537 ὲν
2436 4487 2604 4562 στήλῃ
2631 4492 2745 4555 τοῖς
2788 4495 2904 4561 μετ’
2931 4494 3110 4548 αὐτόν.
3146 4496 3395 4567 ’ᾼδονται
3414 4497 3469 4549 δέ
3494 4499 3541 4550 οἱ
3568 4498 3627 4549 ἐν

2130 4576 2277 4647 αὐτῷ
2306 4578 2451 4647 λόγοι
2477 4581 2551 4643 ὡς
2574 4582 2638 4635 ἐκ
2682 4583 2973 4653 προσώπου
3005 4587 3098 4640 τοῦ
3130 4587 3388 4661 Χριστοῦ.
3444 4590 3627 4654 Οὕτως

2130 4666 2238 4738 γὰρ
2260 4671 2404 4740 ἡμᾶς
2430 4674 2458 4724 6
2481 4672 2684 4745 Πέτρος
2724 4675 2927 4741 ἐδίδαξε
2978 4684 3210 4750 φρονεῖν.

2132 4937 2413 5000 Φύλαξόν
2451 4956 2548 5008 με,
2587 4941 2784 5010 Κύριε,
2834 4944 2922 4998 ὅτι
2973 4946 3071 4999 ἐπὶ
3118 4947 3216 5002 σοὶ
3266 4947 3517 5017 ἤλπισα.
3552 4949 3625 5005 Th

2060 5029 2235 5082 κοινὸν
2259 5029 2445 5103 ὥσπερ
2494 5034 2782 5104 πρόσωπον
2821 5041 2918 5109 τῆς
2963 5025 3381 5111 ’ἀνθρωπότητος
3430 5043 3626 5098 ἀναλα-

2061 5118 2172 5172 ϐὼν
2198 5124 2322 5186 τοὺς
2357 5125 2493 5195 πρὸς
2539 5125 2667 5180 Θεὸν
2716 5130 2807 5182 καὶ
2856 5132 3073 5203 Πατέρα
3124 5137 3354 5188 ποιεῖται
3415 5136 3621 5205 λόγους

2060 5213 2156 5282 οὐχ
2188 5214 2327 5286 ὑπέρ
2364 5232 2427 5284 γε
2486 5218 2682 5287 μᾶλλον
2710 5221 2924 5289 ἑαυτοῦ,
2964 5223 3029 5276 δι’
3059 5226 3206 5295 ἡμᾶς
3252 5227 3310 5280 δὲ
3362 5229 3454 5281 καὶ
3486 5228 3623 5299 ὑπὲρ

2059 5304 2090 5372 ἡ
2102 5301 2215 5372 μῶν
2237 5304 2311 5367 ὡς
2344 5300 2424 5369 εἷς
2451 5307 2508 5371 ἐξ
2539 5309 2693 5379 ήμῶν
2728 5311 2815 5364 διὰ
2837 5315 2934 5384 τὴν
2954 5316 3280 5388 οἰκονομίαν.
3310 5319 3516 5391 Κύριον
3533 5316 3625 5374 οὗν

2057 5394 2309 5464 ὀνομάζει
2342 5398 2432 5450 τὸν
2466 5401 2681 5473 Πατέρα
2712 5403 2799 5456 διὰ
2853 5405 2914 5458 τὺ
2940 5407 2997 5459 ἐν
3024 5411 3088 5479 τῇ
3143 5410 3234 5462 τοῦ
3268 5410 3451 5465 δούλου
3475 5413 3624 5481 γενέ-

2060 5484 2182 5538 σθαι
2249 5493 2451 5561 μορφῇ.
2486 5492 2824 5565 Φυλαχθῆναι
2870 5497 2926 5550 δὲ
2987 5500 3148 5553 αὐτὸν
3202 5504 3342 5557 αἰτεῖ
3397 5504 3485 5558 διά
3525 5506 3624 5578 τὴν

2070 5577 2470 5655 Ἐκκλησίανλι
2519 5587 2663 5639 ἐστιν
2711 5590 2744 5658 ἡ
2776 5589 2910 5663 σὰρξ
2969 5593 3151 5647 αὑτοῦ.
3206 5595 3268 5647 'ﬂ
3324 5597 3459 5668 σὰρξ
3517 5577 3623 5667 γάρ
