3944 6220
302 321 392 378 θοι

1411 318 1791 375 'EXPOblTlO
1829 319 1894 375 IN
1932 320 2262 378 PSALMUM
2295 323 2411 380 XV.

3432 332 3533 387 Ιθῖ

302 439 454 495 αὐτοῦ
504 434 912 510 ἠῈκκλησία·
962 438 1295 512 φυλαχθῆναι
1349 440 1406 493 δὲ
1452 441 1656 511 ταύτην
1708 442 1865 495 αἰτεῖ.

1974 443 2088 505 sia,
2135 459 2297 513 quam
2349 442 2663 498 conservari
2709 443 2967 514 postulat.
3013 443 3146 511 Qua:
3195 449 3537 503 conservatio

303 531 527 595 Etitovio;
556 523 653 583 οὖν
704 534 809 585 καὶ
855 533 931 597 είς
962 532 1019 585 τὸ
1051 531 1214 586 αὐτοῦ
1246 533 1533 604 πρόσωπον
1558 533 1870 605 ἅναφέροιτ*

305 624 367 678 ἂν
389 625 435 695 ,ἡ
463 623 700 695 φυλακὴ.

369 712 523 770 Elim
548 713 628 780 τῷ
664 716 883 784 Κυρίῳ,
904 716 1045 782 Θεός
1065 734 1185 785 μου
1204 712 1259 771 εἷ
1276 718 1377 772 σύ,
1409 715 1576 771 Πάλιν
1596 716 1689 769 καὶ⁵
1717 715 1872 769 τοῦτο

307 807 621 878 προτρέπων
647 807 725 874 (1)
758 809 825 878 τῇ
849 806 940 860 τοῦ
973 807 1157 861 δούλου
1214 810 1415 880 μρρφῇο
1475 807 1625 879 δηλοῖ
1666 808 1721 861 δὲ
1754 808 1872 879 ἅμα

307 901 397 957 καὶ
422 901 520 971 τὴν
549 901 606 953 ὲν
649 900 831 953 πίστει
870 900 952 953 -δι’
989 899 1274 972 ὁμολογίας
1328 900 1689 972 δικαιοσύνην.
1752 901 1871 954 Ὅτι

306 993 422 1047 τῶν
448 992 683 1063 ἀγαθῶν
721 1010 839 1063 μου
880 995 949 1046 οὐ
994 993 1199 1061 χρείαν
1225 992 1404 1061 ἔχεις.
1451 992 1683 1061 Ἀγαθάς
1709 1010 1870 1063 φησιν

309 1088 359 1138 ὲν
404 1084 614 1146 τούτοις
640 1085 741 1148 τὰς
763 1085 903 1138 κατά
950 1086 1109 1156 νόμον
1166 1086 1609 1157 προσφερομένας
1659 1087 1867 1151 Θυσίας·

307 1177 362 1230 τὸ
393 1177 503 1248 γὰρ
532 1177 629 1246 τῆς
661 1177 897 1239 πίστεως
936 1176 1093 1247 ,ῥῆμα
1140 1177 1315 1230 ἐκεῖνο
1364 1179 1596 1249 ἀναιρεῖ·
1631 1178 1726 1246 Μὴ
1760 1177 1871 1247 φά-

305 1284 473 1337 τομαι
499 1268 628 1338 γὰρ,
662 1270 844 1338 φησὶν,
870 1268 1011 1335 κρέα
1058 1269 1308 1336 ταύρων,
1346 1271 1444 1322 καὶ
1471 1266 1614 1340 αἷμα
1642 1270 1870 1339 τράγων

308 1361 506 1429 πίομαι
526 1376 546 1423 ;

382 1452 510 1519 Τοῖς
531 1452 721 1521 ἁγίοις
744 1452 869 1519 τοῖς
905 1453 974 1506 ἐν
998 1452 1071 1523 τῇ
1088 1452 1164 1524 γῇ
1203 1455 1386 1509 αὑτοῦ
1407 1454 1870 1525 ἐθαυμάστωσεν

312 1549 343 1599 ό
378 1545 586 1612 Κύριος
608 1543 803 1599 πάντα
851 1544 924 1597 τὰ
973 1544 1273 1615 θελήματα
1318 1547 1501 1601 αὐτοῦ
1550 1548 1619 1599 ἐν
1643 1547 1865 1614 αὐτοῖς.

323 1637 524 1704 ’Δγίους
546 1633 683 1689 εἷναί
725 1653 856 1706 φησι
904 1638 1028 1701 τοὺς
1074 1638 1439 1709 ὴγιασμένους
1479 1640 1535 1692 ὲν
1570 1639 1867 1712 Πνεύματι·

311 1725 539 1797 Χριστοῦ
561 1725 616 1778 δὲ
644 1726 742 1797 γῆν
764 1726 860 1798 τὴν
875 1726 1215 1799 Ἐκκλησίαν·
1246 1729 1304 1782 τὸ
1325 1728 1379 1782 δὲ
1404 1728 1868 1797 ἐθαυμάστωσεν

307 1819 421 1872 ἀντὶ
455 1817 573 1882 τοῦ,
602 1817 960 1884 ἐδίδαξεν-’τὸ
992 1819 1068 1883 δὲ,
1131 1820 1337 1885 αὐτοῦ,
1386 1820 1480 1875 τοῦ
1534 1823 1764 1894 Πατρός*
1801 1823 1866 1876 i'v‘

304 1905 334 1984 ᾖ
367 1911 428 1964 τὸ
456 1910 576 1965 ὅλον
607 1911 794 1975 οὕτως·
825 1910 948 1975 Τοῖς
971 1914 1321 1984 ἡγιασμένοις
1342 1916 1398 1967 ὲν
1426 1914 1598 1967 πίστει
1632 1916 1870 1984 γνωστὸν

304 2003 525 2073 ἐποίησε
554 2002 612 2055 τὸ
636 2002 844 2074 θέλημα
873 2002 968 2056 τοῦ
1002 2003 1231 2077 Πατρός
1259 2005 1338 2059 διὸ
1364 2007 1456 2060 καὶ
1494 2006 1733 2061 καλεῖται
1772 2009 1870 2079 τῆς

307 2095 545 2188 μεγάλης
577 2094 768 2188 poma;
791 2094 1037 2164 ἄγγελος.

365 2186 385 2260 [
412 2188 543 2253 Τοῖς
560 2186 800 2259 ἀγαθοῖς
824 2190 895 2243 ἐν
925 2188 999 2257 τῇ
1044 2189 1122 2258 γῆ
1149 2190 1611 2260 ἑθαυμάστωσεν
1639 2195 1671 2246 ό
1704 2192 1866 2257 Θεός.

303 2278 420 2342 Τοῖς
445 2278 795 2349 ἡγιασμένοις
824 2283 881 2333 ὲν
911 2280 1089 2334 πίστει
1127 2267 1363 2349 γνωστὸν
1410 2281 1630 2353 ἐποίησε
1669 2283 1727 2336 τὸ
1785 2282 1872 2338 θέ-

301 2370 449 2441 λημα
503 2369 598 2423 τοῦ
648 2371 877 2442 Πατρδς,
933 2372 1003 2425 ἐν
1045 2372 1270 2439 αὐτοῖς,
1298 2375 1411 2437 τοῖς
1440 2376 1496 2427 ὲν
1552 2378 1616 2447 τῇ
1651 2377 1719 2446 γῇ
1774 2374 1869 2428 τοῦ

301 2462 456 2525 Θεοῦ,
484 2463 601 2534 ἦτοι
623 2466 691 2535 τῇ
732 2464 1045 2536 Ἐκκλησία·
1069 2466 1102 2537 ἡ
1124 2483 1283 2519 τινων
1305 2466 1413 2519 τῶν
1435 2468 1491 2519 ἐν
1521 2470 1586 2539 τῇ
1613 2467 1744 2540 ἁγίᾳ
1775 2469 1867 2539 γῇ,

302 2557 332 2627 ἦ
361 2559 463 2614 ὅτι.
492 2559 551 2610 ὲν
578 2557 790 2630 οὐρανῷ
825 2559 873 2611 οἱ
905 2558 1048 2628 ἅγιοι
1099 2558 1162 2613 τὸ
1200 2560 1500 2628 πολίτευμα
1528 2560 1762 2631 ἔχοντες,
1810 2561 1870 2614 ιν

297 2650 360 2719 τῇ
386 2649 459 2719 γῇ
486 2647 653 2701 αὐτοῦ
689 2648 1038 2720 διατρίϐουσι,
1069 2648 1169 2703 κᾶν
1196 2651 1253 2703 ὲν
1297 2649 1471 2723 ταύτῃ
1518 2644 1650 2703 ὦσιν
1695 2650 1772 2703 ἔτι
1802 2652 1867 2722 τῇ

300 2742 386 2811 γῇ.
445 2739 762 2808 Θελήματα
804 2739 860 2793 δὲ
896 2738 1029 2792 Θεοῦ
1068 2742 1122 2793 αἱ
1185 2742 1306 2794 κατ’
1340 2738 1477 2805 εἶδος
1544 2742 1756 2813 ἀρεταὶ,
1805 2741 1870 2805 ἃς

300 2828 659 2901 θαυμαστοῖὸ
714 2828 846 2895 Θεὸς
903 2831 959 2882 ἐν
988 2833 1099 2893 τοῖς
1148 2830 1325 2899 ἁγίοις
1372 2829 1559 2894 αὐτοῦ,
1617 2831 1777 2884 πλέον
1817 2849 1870 2885 τι

305 2924 499 2977 τούτων
545 2924 776 2994 ἑχόντων
833 2921 941 2975 τῶν
994 2922 1167 2977 ἄλλων
1197 2922 1499 2994 ἀνθρώπων
1538 2923 1596 2976 ἐν
1638 2922 1716 2994 τῷ
1749 2923 1869 2977 κατ’

301 3017 495 3088 ἀρετὴν
533 3017 794 3087 ἐνεργεῖν.
827 3017 901 3069 Οὐ
933 3016 1037 3088 γὰρ
1094 3019 1126 3086 ἡ
1158 3015 1294 3087 αὐτὴ
1320 3014 1540 3085 ἀνδρεία
1559 3014 1869 3070 ἀποστόλων

1977 533 2095 587 ideo
2125 534 2246 603 jure
2272 549 2335 589 ac
2368 534 2561 589 merito
2596 534 2662 589 ad
2692 534 2813 603 ejus
2844 549 3132 605 personam
3166 535 3454 591 referatur.

2042 709 2096 765 2.
2156 709 2284 764 Dixi
2333 710 2577 777 Domino,
2623 711 2766 767 Deus
2809 729 2952 767 meus
2986 730 3039 767 es
3066 721 3142 767 tu.
3178 713 3414 770 Rursum
3450 714 3533 771 hic

1976 800 2277 855 secundum
2321 801 2462 856 servi
2498 802 2729 857 formam
2754 803 3005 858 obsecrat
3035 822 3048 858 :
3077 804 3403 873 exhihetque
3430 820 3535 859 una

1968 890 2237 960 justitiam
2270 907 2392 962 qua:
2439 894 2491 946 in
2525 895 2629 949 title
2662 910 2760 964 per
2788 887 3193 949 confessionem
3227 904 3534 964 praestatur.

1974 980 2233 1047 Quoniam
2253 982 2504 1037 bonorum
2517 1001 2747 1039 meorum
2761 1001 2860 1039 non
2878 1002 3012 1055 eges.
3031 984 3188 1041 Hisce
3203 989 3379 1043 verbis
3394 988 3535 1042 bona

1973 1071 2048 1124 ait
2070 1085 2189 1125 esse
2231 1072 2496 1126 sacriﬁcia
2521 1074 2676 1143 juxta
2720 1075 2888 1144 legem
2916 1075 3097 1130 oblata
3128 1092 3284 1145 :qua:
3312 1078 3536 1132 verbum

1973 1160 2097 1214 ﬁdei
2134 1161 2397 1217 eliminat.
2449 1162 2702 1234 Nunquid
2748 1165 3076 1220 manducabo
3126 1168 3284 1231 enim,
3338 1168 3535 1239 inquit,

1971 1268 2158 1306 carnes
2184 1261 2457 1306 taurorum
2478 1294 2493 1319 ,
2536 1265 2585 1308 et
2617 1258 2926 1327 sanguinem
2953 1258 3217 1313 hircorum
3241 1260 3430 1329 potabo
3455 1259 3539 1313 “1'

2040 1457 2092 1511 5.
2128 1455 2337 1512 Sanctis
2369 1460 2459 1528 qui
2481 1468 2603 1513 sunt
2642 1461 2695 1514 in
2723 1472 2864 1516 terra
2889 1461 3001 1532 ejus
3030 1463 3331 1532 miriﬁcauit
3362 1480 3535 1518 omnes

1970 1549 2261 1604 voluntates
2296 1550 2409 1619 ejus
2438 1551 2493 1604 in
2521 1553 2616 1606 eis.
2664 1551 2894 1610 Sa‘nctos
2932 1555 3009 1609 ait
3036 1570 3131 1610 eos
3162 1555 3254 1625 qui
3298 1554 3538 1611 sanctifi-

1970 1641 2077 1695 cati
2105 1650 2229 1696 sunt
2253 1643 2305 1697 in
2335 1641 2576 1714 Spiritu:
2613 1644 2815 1701 Chri’sti
2849 1656 3052 1702 terram
3074 1688 3089 1712 ,
3124 1647 3424 1703 Ecclesium
3455 1648 3538 1703 di-

1969 1733 2041 1787 cit
2070 1752 2082 1788 :
2114 1734 2267 1800 illud,
2313 1734 2657 1803 miriﬁcavit,
2692 1750 2791 1806 pro
2818 1735 3025 1804 docuit,
3059 1737 3243 1807 jacet:
3274 1738 3405 1793 illud
3440 1753 3538 1794 au-

1974 1834 2103 1890 tem,
2133 1827 2270 1895 ejus,
2315 1828 2367 1881 id
2404 1836 2489 1883 est
2519 1826 2733 1895 Patris;
2765 1838 2824 1883 ut
2845 1838 2955 1884 tota
2989 1831 3255 1886 sententia
3283 1832 3362 1888 sic
3389 1831 3538 1888 intel-

1974 1919 2207 1987 ligatur:
2238 1918 2606 1976 Sanctiﬁcatis
2632 1910 2819 1976 in'lide
2853 1931 3038 1977 notam
3081 1920 3210 1977 fecit
3238 1922 3415 1978 Patris
3445 1938 3538 1978 v0-

1972 2011 2237 2067 luntatem
2266 2031 2280 2067 :
2318 2028 2486 2083 quare
2513 2025 2739 2068 vocatur
2771 2015 2953 2085 magni
2981 2015 3448 2085 consiliiAngelus
3464 2016 3532 2069 ".

2042 2187 2280 2261 [Sanctis
2304 2189 2358 2243 in
2384 2196 2523 2243 terra
2556 2189 2859 2259 miriﬁcavit
2888 2187 3045 2244 Deus.
3083 2187 3446 2245 Sanctiﬁcatis
3478 2190 3534 2244 in

1970 2282 2073 2336 tide
2108 2291 2289 2336 notam
2329 2281 2457 2337 fecit
2483 2282 2818 2337 voluntatem
2856 2280 3036 2338 Patris
3062 2323 3077 2347 ,
3116 2283 3171 2336 in
3202 2283 3276 2337 eis
3309 2282 3535 2347 scilicet,

1971 2376 2063 2446 qui
2096 2376 2149 2431 in
2187 2386 2327 2431 terra
2361 2374 2473 2441 Dei,
2500 2374 2613 2430 sive
2639 2376 2691 2429 in
2712 2373 2955 2430 Ecclesia
2977 2384 3162 2439 erant;
3206 2382 3320 2439 aut,
3345 2375 3538 2444 aliqui-

1970 2467 2073 2524 bus
2106 2468 2159 2522 in
2199 2476 2339 2523 terra
2374 2475 2562 2523 sancta
2591 2466 2966 2532 versantibus;
3002 2474 3097 2521 aut
3123 2466 3253 2536 quia
3284 2467 3456 2521 sancti
3482 2467 3535 2520 in

1972 2560 2111 2614 caelo
2137 2558 2609 2614 conversationem
2648 2556 2912 2611 habentes
2931 2555 3000 2621 “,
3036 2556 3089 2610 in
3123 2565 3265 2610 terra
3297 2554 3417 2625 ejus
3444 2553 3538 2609 deo

1971 2661 2140 2723 gunt,
2172 2651 2275 2706 etsi
2306 2652 2485 2706 adhuc
2513 2650 2567 2704 in
2611 2649 2714 2704 hac
2741 2657 2885 2703 terra
2916 2657 3223 2703 versentur.
3288 2646 3541 2703 Volunta-

1972 2750 2047 2796 tes
2090 2751 2270 2796 autem
2302 2739 2398 2795 Dei
2444 2751 2572 2795 sunt
2614 2740 2847 2793 virtutes
2898 2738 3275 2808 cujuscunque
3314 2738 3537 2808 speciei,

1970 2849 2105 2904 quas
2137 2833 2389 2889 mirillcat
2418 2832 2560 2888 Deus
2588 2833 2644 2887 in
2673 2833 2876 2888 sanctis
2899 2832 3039 2893 suis.
3070 2831 3185 2902 qui,
3224 2831 3347 2901 plus
3373 2842 3537 2901 quam

1970 2925 2064 2979 alii
2099 2925 2383 2989 homines,
2437 2924 2489 2979 in
2533 2924 2831 2994 exercenda
2880 2924 3079 2978 virtute
3130 2922 3401 2979 facultatis
3444 2924 3541 2977 ha-

1968 3017 2115 3072 bent.
2169 3014 2287 3072 Non
2318 3017 2466 3073 enim
2503 3017 2690 3072 eadem
2735 3015 2997 3071 fortitudo
3051 3014 3424 3085 apostolorum
3481 3021 3536 3069 et

301 3108 387 3160 καὶ
411 3107 711 3180 μαρτύρων
738 3111 805 3178 τῇ
846 3106 953 3159 τῶν
1002 3106 1175 3170 ἄλλως
1225 3106 1644 3178 ἀνδριζομένων,
1672 3106 1790 3160 οὐδὲ
1830 3111 1862 3180 ὴ

1973 3120 2269 3181 martyrum
2297 3118 2412 3176 est,
2451 3125 2515 3165 ac
2551 3109 2640 3163 illa
2670 3124 2776 3179 qua
2825 3108 2915 3162 alii
2962 3108 3069 3162 alio
3116 3107 3279 3161 modo
3312 3106 3539 3161 viriliter

302 3198 619 3272 σωφροσύνη
662 3201 857 3271 Ἰωσὴφ
888 3200 1025 3253 κατὰ
1071 3200 1169 3263 τὰς
1202 3199 1422 3270 ἑτέρων.
1468 3199 1653 3265 Οὕτως
1680 3200 1736 3254 δέ
1781 3219 1864 3265 τις

299 3291 707 3363 θαυμαστωθεὶς
759 3292 1070 3345 αἰσθάνεται
1109 3292 1205 3362 τῆς
1257 3292 1390 3355 ἰδίας
1449 3292 1748 3357 ἀσθενείας,
1790 3294 1865 3357 ὡς

299 3385 421 3437 πολύ
440 3385 547 3456 τῆς
577 3382 726 3448 θείας
754 3383 932 3453 ἰσχύος
963 3384 1056 3437 καὶ
1095 3383 1188 3437 τοῦ
1232 3384 1494 3454 μεγέθους
1534 3384 1867 3455 άπολιπόμε-

298 3495 394 3541 νος.
428 3479 608 3532 Ὅταν
639 3478 747 3549 γάρ
795 3474 1167 3548 πληθυνθῶσιν
1220 3478 1276 3529 αἱ
1322 3477 1594 3531 ἀσθένειαι
1628 3466 1747 3531 ’τῶν
1791 3478 1867 3532 διά

295 3570 473 3637 καίων,
496 3569 800 3642 παχύνουσι
830 3568 965 3640 πρὸς
990 3568 1080 3621 τὸν
1104 3567 1236 3622 Θεὸν
1262 3566 1689 3641 μετανοοῦντες]

366 3750 885 3818 Ἐπληθύνθησαν
914 3750 973 3802 αἱ
1004 3747 1305 3803 ἀσθένειαι
1336 3748 1556 3804 αὐτῶν·
1589 3749 1678 3802 ὅτε
1713 3747 1866 3800 εἰδω-

290 3840 607 3914 λολάτρουν.
643 3842 804 3894 Μετὰ
827 3839 1010 3893 ταῦτα
1059 3839 1382 3910 ἐτὰχυναν.
1430 3840 1548 3894 Κᾶν
1582 3839 1862 3911 ἠσθένουν,

292 3935 434 4005 φησὶ,
496 3932 577 3986 τὸ
630 3931 894 4004 πρότερον
939 3931 995 3983 ὲν
1027 3930 1325 4002 ἁμαρτίαις
1374 3930 1544 3997 ὄντες,
1600 3930 1713 3984 ἀλλ’
1773 3927 1865 3986 οὖν

291 4026 624 4089 ἀκούσαντες
680 4024 774 4077 τοῦ
838 4022 1191 4095 κηρύγματος
1212 4065 1228 4090 ,
1279 4022 1467 4087 ὠκέως
1524 4022 1860 4093 ὑπήκουσαν.

289 4123 450 4177 Τοῦτο
469 4124 585 4195 γάρ
623 4123 743 4174 ἐστι
771 4120 847 4174 τό·
878 4118 1205 4189 Ἐτάχυναν
1227 4119 1381 4189 μετὰ
1398 4118 1601 4182 ταῦτα,
1624 4118 1864 4189 δηλονότι

293 4218 365 4280 εἰς
389 4218 447 4269 τὸ
481 4212 802 4269 ὑπακοῦσαι
848 4211 924 4283 τῷ
968 4213 1300 4283 κηρύγματι.
1356 4213 1438 4264 Οὐ
1482 4208 1568 4279 μὴ
1624 4210 1866 4277 συνάγω

292 4312 389 4375 τὰς
420 4308 785 4379 συναγωγὰς
809 4305 1006 4360 αὐτῶν
1029 4306 1097 4369 ἐξ
1117 4304 1393 4374 αἱμάτων.
1409 4304 1681 4371 Συνάγων,
1710 4303 1862 4372 φησὶ,

293 4401 607 4470 συναγωγὰς
667 4401 730 4451 ὲκ
798 4396 904 4449 τῶν
951 4395 1140 4459 ἐθνῶν,
1194 4396 1254 4448 οὐ
1310 4394 1375 4447 δι’
1407 4393 1652 4465 αἱμάτων
1696 4394 1863 4457 αὐτὰς

1967 3210 2152 3271 agunt,
2188 3216 2361 3271 neque
2397 3200 2734 3256 continentia
2762 3197 3020 3269 Iosephi,
3062 3198 3296 3254 aliorum
3338 3199 3537 3255 similis

1966 3302 2070 3350 est.
2105 3295 2281 3361 Atque
2328 3293 2402 3348 ita
2439 3293 2710 3363 quispiam
2747 3290 3072 3346 mii’iﬁcatus
3104 3292 3379 3362 prapriam
3414 3307 3538 3346 scn-

1967 3387 2031 3441 tit
2079 3384 2485 3449 inﬁrmitatem,
2538 3394 2597 3440 ut
2624 3384 2822 3443 divina:
2850 3384 3038 3439 virtuti
3077 3392 3130 3439 et
3175 3386 3536 3456 magnitudini

1965 3478 2262 3548 plurimum
2295 3476 2542 3532 inferior.
2575 3475 2713 3531 Cum
2745 3477 2891 3531 enim
2931 3478 3307 3548 multiplicata:
3334 3478 3537 3537 fuerint

1966 3553 2308 3624 inlirmiiates
2333 3568 2634 3637 justorum,
2660 3568 2928 3623 accedunt
2955 3569 3032 3625 illi
3063 3569 3128 3624 ad
3155 3568 3327 3626 Deum
3354 3572 3533 3642 pinni-

1967 3662 2131 3717 tentia
2156 3658 2335 3733 moti.]

2032 3753 2082 3807 Δ.
2113 3751 2487 3822 Multiplicata:
2507 3761 2631 3807 sunt
2653 3752 2991 3823 inﬁrmitates
3015 3773 3218 3822 eorum,
3239 3774 3361 3813 cum
3390 3759 3533 3817 idola

1965 3845 2220 3901 colerent.
2258 3844 2453 3899 Postea
2482 3845 2925 3900 acceleraverunt.
2966 3845 3260 3913 Quamvis,
3291 3853 3397 3913 ait,
3428 3867 3531 3906 an-

1965 3944 2046 3989 tea
2078 3935 2521 3995 iulirmarentur,
2580 3950 2705 3989 cum
2755 3934 2813 3988 in
2862 3937 3099 4004 peccatis
3146 3939 3440 4009 degerent,
3476 3951 3532 3996 at

1969 4025 2150 4080 audita
2181 4023 2595 4094 przedicatione,
2628 4025 3030 4094 quamprimum
3066 4026 3525 4097 ohtcmperarunt.

1964 4115 2102 4169 Nam
2134 4115 2184 4168 id
2210 4115 2310 4168 sibi
2338 4115 2450 4168 vult
2476 4113 2603 4166 illud
2637 4130 2650 4167 :
2684 4112 2878 4166 Postea
2896 4113 3312 4169 acceleraverunt
3332 4159 3345 4181 ,
3382 4119 3529 4173 vide-

1964 4207 2091 4262 licet
2119 4206 2336 4276 quando
2370 4203 2738 4274 praedicationi
2768 4212 2896 4258 sunt
2924 4205 3194 4260 obsecuti.
3243 4205 3367 4261 Non
3403 4224 3530 4262 con-

1964 4298 2185 4371 gregabo
2211 4297 2561 4351 conventicula
2584 4312 2762 4355 eorum
2781 4296 2843 4349 de
2869 4297 3235 4366 sanguinibus.
3263 4296 3363 4353 Ubi
3396 4315 3529 4354 con-

1966 4388 2222 4459 gregabo,
2264 4386 2469 4457 inquit,
2519 4384 2834 4456 Syuagogas
2865 4402 2929 4439 ex
2963 4386 3247 4456 gentibus,
3291 4404 3395 4441 non
3433 4404 3529 4458 per

291 4493 512 4558 συνάξω,
543 4490 828 4545 τουτέστιν
855 4489 914 4541 οὐ
945 4487 1350 4559 παρασκευάσω
1379 4487 1466 4541 διὰ
1504 4487 1602 4557 τῆς
1630 4487 1861 4557 νομικῆς

1973 4480 2282 4549 sanguinem
2323 4494 2418 4532 cas
2451 4476 2824 4547 congregaho,
2874 4476 2926 4529 id
2959 4487 3061 4542 est,
3094 4492 3199 4532 non
3232 4478 3436 4533 curabo
3473 4489 3530 4534 ut

292 4601 375 4655 μοι
402 4582 810 4658 προσέρχεσθαι
860 4581 1135 4651 λατρείας,
1182 4579 1250 4633 δι’
1280 4581 1546 4643 αἰνέσεως
1578 4578 1634 4631 δὲ
1665 4579 1862 4649 μᾶλλον

288 4677 377 4728 καὶ
407 4679 504 4746 τῆς
535 4673 881 4743 άναιμάκτου
906 4672 1112 4736 θυσίας.
1172 4669 1323 4725 Οὐδὲ
1344 4670 1430 4739 μὴ
1470 4668 1720 4739 μνησθῶ
1746 4668 1864 4723 τῶν

289 4767 591 4836 ὀνομάτων
638 4764 838 4820 hbui»:
896 4764 993 4819 διὰ
1043 4763 1290 4834 χειλέων
1345 4782 1480 4832 μου.
1508 4763 1703 4816 Οὐκέτι
1734 4762 1864 4833 κλη-

289 4857 559 4931 θήσονται,
581 4860 775 4929 φησὶν,
792 4856 1168 4928 εἰδωλολάτραι
1202 4856 1295 4909 καὶ
1319 4854 1485 4921 ἄθεοι,
1509 4855 1644 4908 ἀλλὰ
1675 4854 1862 4925 κλητοὶ

290 4954 374 5005 καὶ
401 4951 677 5007 ἐκλεκτοί.
710 4950 884 5003 Πάλαι
912 4949 1028 5018 μὲν,
1078 4948 1261 5019 φησὶν,
1315 4946 1542 5013 ὲπαξίας
1578 4945 1686 4999 τῶν
1716 4946 1860 5017 πρά-

290 5046 412 5111 ξεων
440 5049 720 5120 ἐπήγοντο
759 5043 1145 5117 προσηγορίας.
1174 5041 1571 5114 εἰδωλολάτραι,
1604 5039 1855 5094 πολύθεοι

288 5140 696 5211 ὀνομαζόμενοι·
728 5135 823 5189 νῦν
848 5136 905 5189 δὲ
925 5134 1106 5189 οὐκέτι
1132 5132 1511 5205 μνησθήσομαι
1536 5131 1643 5185 τῶν
1664 5130 1862 5202 ὀνομά-

286 5248 385 5285 των
406 5232 663 5293 ὲκείνων,
695 5227 935 5292 εὐσεϐεῖς
984 5227 1180 5291 αὐτοὺς
1235 5226 1329 5279 καὶ
1388 5224 1574 5293 ἁγίους
1627 5225 1859 5287 κλτιτοὺς

287 5326 372 5378 καὶ
398 5323 697 5385 ἐκλεκτοὺς
722 5318 1019 5392 ὀνομάζων.

323 5436 366 5468 ’⁸
394 5436 720 5496 Psal.mx.
750 5435 833 5489 l3.
912 5431 1172 5495 "lsaux,
1199 5429 1252 5483 6.
1304 5430 1351 5461 "
1384 5427 1617 5497 Philipp.
1651 5424 1854 5492 "1,20.

355 5552 428 5621 (ἰ)
463 5553 521 5606 In
561 5550 758 5605 codice
785 5542 1371 5621 Ambrosianolegitur
1393 5540 1498 5621 ,καὶ
1531 5537 1857 5621 τοῦτοίοπρέ-

290 5610 422 5686 nov,
443 5632 499 5678 et
530 5624 656 5677 haec
680 5627 766 5674 est
791 5633 919 5672 vera
950 5616 1109 5671 lectio
1140 5610 1269 5686 dum
1300 5612 1527 5686 πρέπων
1552 5610 1855 5686 substitua-

290 5679 547 5748 turfllox
596 5705 708 5757 pro
738 5686 1085 5757 δικαιοσύνην
1116 5684 1329 5757 Anthr.
1349 5679 1527 5757 'habct
1550 5679 1850 5757 δικαίωσιν.

290 5706 391 5747 tut'.
426 5706 547 5748 uox
638 5706 708 5745 ro
738 5706 1085 5757 οικαιοσυνην
1126 5706 1329 5740 amur.
1367 5706 1527 5736 "auct
1550 5706 1850 5734 οικαιωυιν.

288 5759 558 5829 Totusque
592 5706 755 5817 ﬁscus
777 5757 1081 5816 secundum
1111 5756 1250 5811 hanc
1298 5753 1586 5808 lectionem
1619 5751 1692 5806 ita
1728 5765 1851 5804 ver-

1962 4584 2056 4637 per
2088 4567 2309 4638 legalem
2345 4566 2548 4620 cultum
2588 4581 2671 4618 me
2705 4565 2934 4628 adeant,
2991 4580 3176 4620 verum
3214 4567 3395 4635 potius
3434 4583 3529 4638 per

1964 4659 2148 4714 Iaudes
2179 4667 2233 4713 ct
2278 4673 2373 4727 per
2406 4657 2748 4711 incruentum
2782 4656 3131 4712 sacrilicium.
3187 4657 3300 4713 Nec
3332 4677 3529 4716 memor

1962 4767 2049 4804 ero
2080 4751 2347 4804 nominum
2375 4765 2551 4803 eorum
2572 4764 2665 4817 per
2686 4748 2829 4802 labia
2858 4766 2991 4803 mea.
3029 4748 3146 4805 Non
3171 4751 3310 4805 ultra
3341 4754 3526 4825 appel-

1963 4844 2240 4909 labuntur,
2273 4843 2479 4911 inquit,
2515 4842 2809 4897 idololatria
2840 4852 2893 4897 et
2929 4842 3074 4897 athei
3095 4883 3109 4907 ,
3144 4845 3238 4899 sed
3270 4847 3447 4903 vocati
3471 4857 3526 4903 et

1960 4936 2138 4991 electi.
2165 4932 2329 4998 Olim,
2361 4933 2685 5004 condignam
2715 4936 2882 5005 gestis
2911 4934 3027 4989 suis
3053 4936 3521 4992 nomenclaturam

1962 5029 2102 5083 nacti
2129 5036 2277 5093 sunt,
2303 5027 2599 5081 idololatra:
2630 5036 2683 5080 et
2706 5026 2966 5097 polythei,
3002 5026 3057 5082 id
3076 5035 3179 5095 est,
3206 5029 3407 5083 multos
3432 5043 3523 5083 co-

1960 5119 2133 5176 lentes
2160 5120 2314 5184 deos,
2340 5117 2658 5188 nuncupati.
2720 5115 2840 5172 Jam
2865 5134 2995 5173 vero
3025 5133 3135 5173 non
3163 5119 3392 5173 ulterius
3426 5134 3524 5173 no-

1960 5212 2168 5283 minum
2198 5226 2387 5265 eorum
2421 5209 2781 5277 recordabor,
2826 5210 2917 5266 sed
2945 5210 3087 5281 pios,
3136 5218 3375 5274 sanctos,
3424 5225 3521 5264 vo-

1959 5311 2133 5367 catos,
2167 5301 2368 5356 electos
2398 5300 2757 5371 compellabo.

1959 5536 2151 5592 tendus
2178 5554 2190 5590 :
2222 5534 2475 5604 Rursum,
2506 5538 2601 5592 hoc
2630 5537 2763 5592 servi
2802 5536 3027 5605 formam
3057 5536 3200 5586 decet
3225 5532 3516 5605 ,_eahibel-

1955 5624 2064 5733 ᾳὶιῗ.
2080 5624 2186 5733 ητα
2202 5603 2641 5678 iustiﬁcationem
2659 5623 2776 5678 qua:
2804 5603 2858 5659 in
2887 5604 2992 5673 ﬁde
3016 5620 3108 5674 per
3134 5603 3512 5673 confessionem

1957 5696 1987 5734 ο
2046 5695 2128 5735 me
2154 5695 2239 5735 ur.
