3944 6220
298 306 301 309 π
392 283 495 335 1υὸ

1230 280 1289 335 S.
1333 278 1707 336 ATilA-NASII
1747 276 1898 334 OPP.
1934 273 2118 331 PARS
2157 274 2243 330 ill.
2280 306 2349 317 -—
2381 271 2794 330 EXEGETICA.

3518 271 3618 327 108

463 398 860 471 [Μαίιίριὶσαιω
883 410 1004 455 sunt
1030 403 1368 472 inﬁrmitates
1399 420 1600 459 eorum.
1640 403 1775 459 Cum
1802 402 1943 456 idola
1973 436 1982 461 4

2118 397 2664 470 [Ἑπληθύνθησάν
2720 397 2780 448 αι
2840 391 3143 448 ἀσθένειαι
3193 386 3409 443 αὐτῶν.
3484 387 3617 439 Ὅτε

391 495 632 548 colerent
660 491 761 565 (9.).
790 492 1024 547 'Etiamsi
1052 511 1185 548 vero
1210 496 1656 564 multiplicemur,
1693 510 1798 548 non
1832 508 1952 562 per-

393 596 643 638 severant
674 602 687 638 :
730 600 852 638 nam
888 601 1062 655 usque
1088 586 1155 639 ad
1186 586 1417 655 primum
1457 601 1675 639 sensum
1710 594 1763 639 et
1789 599 1953 652 expe—

395 675 684 729 rimentum
728 677 994 730 duntaxat
1026 686 1376 747 permanent;
1420 679 1550 747 quia
1587 676 1721 745 justi
1747 676 1954 730 viribus

392 767 572 821 valent
618 766 671 819 in
720 767 940 821 Christo
985 767 1348 821 conici-tante.
1417 770 1524 820 Aut
1578 767 1644 820 de
1693 765 1954 834 apostolis

389 871 552 926 agere
578 856 811 922 videtur,
854 875 1066 913 necnon
1100 859 1166 912 de
1202 859 1266 912 iis
1291 859 1382 928 qui
1419 873 1606 912 eorum
1636 871 1799 925 opera
1831 871 1954 910 ere-

393 949 682 1015 diderunt;
724 950 777 1004 in
815 952 1013 1021 quibus
1045 952 1339 1021 conspicua
1390 950 1610 1005 fuerunt
1637 949 1819 1002 divina
1850 946 1954 1000 mi-

390 1044 598 1099 racula.
632 1052 813 1112 utpote
845 1045 937 1113 qui
972 1045 1154 1098 divina
1191 1044 1376 1097 omnia
1411 1052 1674 1113 prmeepta
1702 1055 1957 1095 servave-

391 1134 522 1187 rint.
587 1133 957 1203 Multiplicnta.’
1008 1148 1185 1189 autem
1227 1147 1348 1189 sunt
1395 1135 1732 1204 inﬁrmitates
1754 1148 1956 1195 eorum,

392 1234 505 1290 aut,
540 1236 597 1279 ιιι
620 1227 725 1280 alio
758 1228 919 1281 modo
960 1228 1181 1297 legitur,
1215 1226 1419 1279 labores
1441 1265 1456 1290 ,
1495 1224 1682 1279 multis
1708 1221 1958 1277 instanti-

394 1318 497 1371 bus
528 1317 760 1386 populis,
792 1319 1103 1373 oratoribus
1124 1359 1139 1383 ,
1173 1318 1431 1380 ducibus,
1471 1317 1689 1385 regibus
1710 1356 1724 1378 ,
1760 1313 1959 1381 quibus

393 1409 661 1478 superatis
697 1410 986 1470 omnibus.
1029 1425 1250 1463 cursum
1285 1408 1636 1463 confecerunt
1669 1425 1681 1461 :
1717 1406 1803 1461 vel
1835 1407 1960 1459 bre-

394 1499 530 1561 vitas
566 1507 619 1551 et
663 1498 990 1567 temporaria
1019 1499 1259 1552 conditio
1294 1497 1746 1562 tribulationum,
1783 1493 1964 1547 inlini-

392 1601 506 1646 tum
541 1591 796 1643 s.cenlum
842 1590 1131 1657 signiﬁcat.
1183 1589 1307 1643 Non
1345 1587 1668 1659 congregabo
1698 1584 1964 1639 conventi-

393 1681 533 1736 cula.
564 1680 814 1735 Accelera
827 1691 1016 1733 verunt
1043 1681 1109 1734 ad
1131 1681 1537 1748 obsequendum
1556 1675 1958 1747 praedicationi:

2052 487 2484 559 εἱδωλολάτρουν.
2510 488 2572 539 Ei
2600 486 2694 538 καὶ
2722 483 3095 554 πληθύνονται,
3125 481 3186 532 οὐ
3221 477 3615 550 παραμένουσι·

2056 579 2213 648 μέχρι
2232 578 2337 649 γάρ
2370 577 2676 648 αἰσθήσεως
2695 577 2788 629 καὶ
2826 575 2980 644 μόνον
3011 569 3151 642 εἶχον
3180 566 3617 641 παραμενούσας,

2052 670 2139 724 διὰ
2170 671 2231 723 τὸ
2257 669 2460 741 ἰσχύειν
2510 669 2585 739 τῷ
2634 666 3012 735 ὲνδυναμοῦντι
3067 661 3304 733 Χριστῷ.
3369 661 3440 712 Ἢ
3491 659 3621 719 τοὺς

2054 760 2379 824 ἀποστόλους
2409 760 2551 813 ἔοικε
2600 758 2799 828 λέγειν,
2853 757 2948 810 καλ¹
2991 755 3115 817 τοὺς
3167 754 3233 807 δι’
3266 752 3486 805 ἐκείνων
3522 766 3622 802 πε-

2055 851 2434 913 πιστευκότας,
2482 853 2539 903 ἐν
2585 843 2664 913 οἷς
2718 850 2812 902 καὶ
2866 846 3095 916 διαφανῆ
3145 844 3334 913 γέγονε
3386 843 3453 896 τὰ.
3501 842 3622 896 θεῖα

2056 940 2354 1010 θαυμάσια,
2382 941 2457 1004 ὡς
2480 941 2657 993 πάντα
2682 938 3004 1010 τετηρηκότι
3026 936 3093 989 τά
3125 936 3242 988 θεῖα
3274 934 3624 1005 προστάγμα-

2056 1048 2143 1084 τα.
2188 1030 2627 1102 Ἐπληθύνθησαν
2673 1030 2729 1081 δὲ
2779 1030 2957 1082 αὐτῶν
3022 1030 3076 1081 αἱ
3111 1026 3403 1090 ἀσθένειαι,
3448 1025 3480 1095 ἢ
3548 1025 3625 1088 ὡς

2058 1124 2283 1193 ἑτέρως,
2339 1123 2410 1177 τὰ
2458 1120 2886 1191 διαπονήματα,
2938 1119 3147 1173 πολλῶν
3203 1118 3625 1171 ἐπαναστάντων

2057 1212 2261 1284 δήμων,
2286 1213 2633 1285 δημηγὸρων,
2688 1210 3028 1283 στρατηγῶν,
3058 1210 3339 1280 βασιλέων,
3380 1203 3453 1263 ὧν
3486 1209 3625 1262 πάν-

2057 1321 2165 1356 των
2196 1305 2626 1374 περιγενόμενοι,
2653 1305 2743 1357 τὸν
2773 1303 2970 1374 δρόμον
2997 1303 3269 1355 ἐτέλεσαν·
3301 1301 3333 1371 ἢ
3368 1301 3428 1353 τὸ
3452 1301 3625 1374 βραχὺ

2061 1395 2154 1446 καὶ
2184 1393 2515 1465 πρόσκαιρον
2576 1394 2683 1447 τῶν
2734 1393 2982 1462 θλίψεων,
3044 1393 3134 1445 τὸν
3185 1392 3408 1462 ἄπειρον
3454 1391 3627 1445 αἰῶνα

2060 1484 2348 1537 δείκνυσιν.
2384 1488 2466 1539 Οὐ
2517 1484 2603 1554 μὴ
2654 1482 3024 1554 συναγωγάς.
3092 1483 3375 1553 Ἐτάχυνον
3440 1485 3519 1545 είς
3566 1481 3628 1535 τὸ

2063 1576 2365 1630 ὑπακοῦσαι
2419 1576 2496 1648 τῷ
2535 1576 2864 1649 κηρύγματι·
2930 1570 3199 1647 καθαροὺς
3231 1570 3370 1628 εἶναι
3415 1574 3495 1627 δεῖ
3518 1572 3626 1627 ἀπὸ

2064 1668 2238 1738 φόνων
2276 1670 2369 1722 καί
2396 1668 2641 1739 αἱμάτων
2671 1668 2794 1732 τοὺς
2832 1668 3119 1736 μέλλοντας
3156 1665 3475 1735 συνάγεσθαι
3523 1664 3630 1719 ὑπὸ

394 1781 653 1841 oporteta
675 1772 915 1827 caedibus
945 1780 998 1824 ct
1033 1772 1296 1841 sanguine
1320 1769 1551 1825 mundos
1592 1783 1713 1822 esse
1741 1782 1837 1821 cos
1869 1765 1962 1834 qui

2075 1761 2318 1834 Χριστοῦ.
2354 1761 2625 1829 Συνάγων,
2655 1761 2806 1832 φησι,
2859 1759 3175 1829 συναγωγὰς
3206 1761 3270 1812 ὲκ
3298 1758 3404 1811 τῶν
3434 1756 3625 1823 ἐθνῶν,

396 1879 427 1937 a
460 1864 675 1918 Christo
701 1863 1064 1933 congregandi
1105 1872 1251 1918 sunt.
1294 1861 1689 1916 Conventicula
1711 1903 1726 1927 ,
1756 1860 1956 1929 inquit,

396 1971 461 2011 ex
500 1954 748 2024 gentibus
769 1994 781 2014 .
829 1970 934 2007 non
973 1970 1067 2023 per
1102 1954 1421 2024 sanguinem
1451 1962 1504 2007 et
1535 1954 1709 2007 caedes
1736 1965 1965 2020 congre-

398 2048 570 2117 gobo,‘
621 2061 796 2113 neque
842 2046 1048 2100 curabo
1091 2057 1149 2099 ut
1197 2045 1354 2108 legali
1394 2045 1542 2099 cultu
1579 2043 1869 2099 accedatur
1897 2041 1965 2095 ad

401 2154 509 2203 me,
546 2138 640 2191 sed
685 2139 869 2207 potius
921 2152 1043 2193 cum
1083 2137 1334 2191 laudibus
1377 2152 1441 2192 ac
1487 2152 1578 2207 per
1618 2136 1964 2190 incruentum

399 2228 777 2303 sacriﬁcium.]

474 2325 527 2380 5.
575 2310 828 2377 Dominus
862 2338 984 2392 pars
1029 2321 1353 2376 [Hereditatis
1390 2336 1517 2374 mete
1548 2327 1596 2373 et
1630 2317 1813 2372 colicis
1844 2317 1964 2383 mei,

397 2423 505 2472 etc.
533 2414 611 2467 Ac
655 2414 699 2468 si
747 2413 985 2482 apertius
1015 2412 1254 2475 diceret,
1301 2411 1461 2465 Pater
1501 2426 1654 2465 meus
1682 2411 1735 2463 in
1767 2418 1964 2462 sortem

401 2505 534 2559 mihi
574 2515 628 2559 et
661 2507 965 2576 portionem
992 2514 1177 2575 gentes
1202 2503 1444 2567 donavit,
1488 2502 1575 2556 cui
1602 2500 1861 2555 ohedicns
1892 2499 1966 2551 lui

400 2596 656 2665 usquead
687 2605 933 2649 mortem.
969 2595 1119 2648 Calix
1147 2609 1381 2662 namque
1414 2601 1643 2647 mortem
1673 2590 1965 2657 signiﬁcat,

396 2684 551 2756 juxta
595 2686 763 2739 illud:
801 2684 998 2748 Pater,
1034 2685 1078 2737 si
1120 2682 1368 2753 possibile
1398 2690 1509 2747 est,
1549 2688 1783 2735 transeat
1828 2693 1860 2729 a
1891 2692 1969 2729 me

400 2777 546 2831 calix
576 2777 673 2829 iste
692 2776 759 2830 ’⁷.

473 2948 755 3025 [Dominus
776 2966 899 3020 pars
931 2950 1254 3004 [Hereditatis
1275 2964 1400 3004 mete
1421 2956 1469 3003 et
1494 2944 1817 3003 calicis'mei.
1852 2948 1971 3005 Πιε-

2060 1853 2121 1904 οὑ
2154 1852 2220 1904 δι’
2251 1853 2496 1922 αἱμάτων
2552 1852 2720 1915 αὐτὰς
2769 1851 3000 1917 συνάξω,
3058 1851 3177 1904 οὐδὲ
3229 1849 3630 1922 παρασκευάσω

2059 1942 2148 1996 διὰ
2174 1943 2271 2013 τῆς
2290 1943 2517 2014 νομικῆς
2548 1960 2637 2011 μοι
2660 1943 3054 2014 προσέρχεσθαι
3082 1942 3354 2012 λατρείας,
3372 1941 3629 2006 αἰνέσεως

2060 2031 2117 2084 δὲ
2146 2032 2345 2102 μᾶλλον
2378 2033 2471 2084 καὶ
2501 2033 2599 2102 τῆς
2625 2033 2960 2102 ἀναιμάκτου
2997 2032 3233 2103 θυσίας.]

2135 2313 2344 2380 Κύριος
2355 2311 2522 2381 μερίς
2552 2310 2660 2378 τῆς
2690 2313 3091 2380 κληρονομίας
3107 2328 3227 2381 μου
3269 2311 3368 2364 καὶ
3396 2311 3501 2365 τοῦ
3525 2325 3633 2365 πο·-

2064 2408 2267 2476 τηρίου
2281 2425 2419 2477 μου.
2444 2425 2496 2460 κ.
2518 2425 2567 2459 τ.
2590 2407 2639 2459 λ.
2657 2407 2799 2459 Ὠσεὶ
2815 2406 3044 2476 σαᾳέετε
3054 2405 3350 2477 ρονέλεγεν·
3371 2406 3427 2459 ’0
3441 2406 3633 2477 Πατήρ

2069 2518 2169 2571 μου
2205 2502 2283 2562 εἰς
2313 2499 2512 2571 κλῆρόν
2554 2517 2642 2571 μοι
2693 2500 2786 2553 καὶ
2831 2498 3024 2570 μερίδα
3049 2498 3118 2552 τὰ
3156 2497 3280 2568 ἔθνη
3306 2496 3629 2569 δεδώρηται,

2064 2584 2108 2658 ᾧ
2134 2591 2226 2644 καὶ
2251 2589 2446 2658 γέγονα
2473 2591 2711 2661 ὑπήκοος
2746 2589 2907 2660 μέχρι
2940 2587 3188 2641 Θανάτου.
3228 2588 3301 2641 Τὸ
3332 2588 3439 2660 γὰρ
3469 2588 3635 2659 ποτή-

2071 2700 2181 2755 ριον
2211 2683 2301 2735 τὸν
2335 2682 2560 2735 θάνατον
2592 2682 2864 2751 σημαίνει,
2894 2681 3033 2735 κατά
3063 2680 3123 2734 τὸ
3180 2679 3298 2751 είρη
3309 2680 3484 2751 μένον·
3513 2678 3632 2734 Πά-

2068 2791 2185 2841 τερ,
2213 2776 2263 2827 εἱ
2288 2772 2567 2835 δυνατὸν,
2602 2771 2939 2841 παρελθέτω
2969 2771 3068 2824 ἀπ’
3087 2771 3230 2839 ἐμοῦ
3255 2772 3321 2825 τὸ
3351 2770 3633 2840 ποτήριον

2068 2882 2266 2919 τουτο.

2142 2957 2385 3029 [Κύριος
2428 2957 2597 3027 μερὶς
2628 2955 2737 3024 τῆς
2780 2954 3178 3025 κληρονομίας
3221 2972 3341 3025 μου
3382 2954 3480 3008 καὶ
3522 2952 3635 3007 τοῦ

402 3043 688 3097 reditatem
719 3049 875 3097 vocat
902 3042 1138 3111 gentium
1182 3056 1426 3110 regnum.
1464 3039 1736 3106 Ecclesiae,
1773 3041 1966 3112 inquit,

2075 3050 2357 3118 ποτηρίου
2385 3067 2524 3119 μου.
2573 3046 2947 3119 Κληρονομίαν
2997 3046 3150 3101 καλεῖ
3202 3047 3301 3118 τὴν
3337 3045 3442 3099 τῶν
3466 3044 3634 3099 ἐθνῶν

405 3149 561 3198 τηρεε,
601 3150 719 3203 quae
741 3145 825 3189 est
862 3134 1145 3188 haareditas
1178 3148 1325 3199 mea,
1377 3133 1555 3203 portio
1590 3144 1673 3187 est
1705 3132 1968 3189 Dominus

403 3223 585 3289 Pater,
617 3227 841 3296 ipseque
889 3225 1073 3281 calicis
1097 3225 1202 3279 mei
1231 3239 1359 3294 pars
1382 3234 1500 3291 est,
1536 3224 1586 3278 id
1625 3233 1708 3279 est
1755 3225 1962 3280 mortis.

401 3315 644 3373 Ecclesia
671 3335 797 3373 vero
820 3317 1032 3372 Patrem
1065 3318 1378 3371 inmeditate
1406 3317 1638 3387 accepit,
1674 3332 1798 3371 cum
1825 3332 1968 3386 prae-

409 3419 561 3478 cepta
592 3409 710 3479 ejus
736 3410 993 3465 servavit.
1044 3409 1271 3479 Ipsaque
1300 3424 1449 3465 mors
1478 3425 1596 3465 mea
1630 3409 1847 3464 Patrem
1875 3411 1967 3465 ha-

405 3499 523 3555 buit
550 3502 603 3555 in
631 3502 1013 3564 Inereditatem,
1039 3501 1494 3572 quemadmodum
1515 3502 1748 3557 dicitur.:
1774 3503 1963 3558 eres

405 3591 526 3660 Dei,
565 3593 790 3649 colueres
814 3593 1014 3649 Christi
1048 3592 1143 3668 ".]

473 3873 526 3930 6.
560 3872 735 3929 Funes
762 3874 1055 3928 ceciderunt
1090 3875 1217 3930 mihi
1256 3876 1311 3929 in
1353 3877 1628 3947 praclaris
1663 3878 1791 3931 meis
1831 3892 1850 3931 :
1888 3887 1969 3932 et-

401 3968 543 4023 enim
584 3966 864 4019 hwreditas
898 3981 1011 4019 mea
1034 3970 1297 4035 praeclara
1322 3976 1399 4021 est
1432 3965 1815 4022 milaiNincula
1840 3968 1971 4023 cha-

402 4059 582 4113 ritatis
615 4058 690 4112 ait
731 4073 852 4128 quae
894 4057 1082 4111 habuit
1130 4073 1255 4125 erga
1292 4057 1622 4126 Ecclesiam',
1677 4075 1801 4130 qua:
1830 4074 1971 4130 pra:—

406 4152 552 4204 c‘lara
586 4158 691 4212 εει,
720 4151 977 4203 nimirum
1008 4148 1110 4217 ipsi
1146 4148 1368 4218 placita.
1950 4158 1957 4161 “

480 4326 532 4380 7.
565 4325 876 4379 Bcnedicam
912 4323 1193 4377 Dominum
1237 4326 1326 4395 qui
1367 4327 1549 4380 tribuit
1578 4329 1707 4381 milii
1754 4330 1965 4384 intelle-

2075 3141 2365 3214 βασιλείαν.
2400 3141 2509 3194 Καὶ
2541 3141 2637 3211 τῆς
2677 3140 2815 3210 ἐμῆς
2858 3139 3203 3211 Ἐκκλησίας,
3236 3140 3355 3209 ἥτις
3405 3138 3549 3191 ἐστὶν
3595 3139 3629 3206 ἠ

2074 3233 2402 3306 κληρονομία
2436 3250 2556 3305 μου,
2602 3232 2757 3304 μερίς
2805 3234 2951 3285 ἐστιν
2999 3235 3027 3286 ὁ
3059 3231 3257 3305 Κύριος
3288 3232 3316 3284 ὁ
3367 3229 3574 3302 Πατὴρ,
3605 3232 3635 3285 ὀ

2074 3327 2232 3389 αὐτὸς
2265 3326 2321 3379 δὲ
2350 3325 2559 3379 καὶτοῦ
2592 3324 2850 3399 ποτηρίου
2884 3341 2982 3395 μου
3027 3312 3180 3395 μερίς
3228 3323 3364 3384 ἐστι,
3392 3322 3635 3375 τουτέστι

2072 3418 2168 3471 τοῦ
2225 3416 2472 3470 Θανάτου.
2526 3417 2636 3469 Καὶ
2688 3418 2720 3486 ἡ
2759 3415 3051 3485 Ἐκκλησία
3098 3413 3496 3485 ἐκληρονόμησε
3544 3413 3637 3466 τὸν

2075 3510 2312 3580 Πατέρα,
2357 3506 2749 3580 κατορθώσασα
2784 3507 2882 3570 τὰς
2942 3506 3159 3559 ἐντολὰς
3216 3505 3400 3559 αὑτοῦ·
3427 3506 3518 3559 καὶ
3540 3506 3637 3559 αὐ-

2073 3597 2164 3660 τὸς
2207 3597 2235 3648 ὁ
2287 3596 2515 3658 θάνατος
2563 3597 2591 3648 ὁ
2639 3594 2767 3666 ἐμὸς
2809 3595 3205 3665 ἐκληρονόμησε
3269 3595 3360 3648 τὸν
3420 3596 3637 3666 Πατέρα

2075 3686 2215 3739 κατὰ
2240 3687 2330 3740 τὸν
2362 3686 2606 3756 λέγοντα·
2630 3688 2974 3756 Κληρονόμε
2991 3687 3157 3753 Θεοῦ,
3183 3688 3637 3759 συγκληρονόμε

2075 3776 2375 3849 Χριστοῦ.]

2145 3870 2387 3937 Σχοινέα
2407 3867 2712 3923 ἐπέπεσαν
2729 3886 2831 3938 μοι
2876 3868 2945 3922 ἐν
2968 3869 3090 3936 τοῖς
3137 3871 3469 3939 κρατίστοις-
3493 3887 3631 3941 μου·

2076 3961 2175 4015 καὶ
2208 3961 2317 4031 γὰρ
2358 3960 2395 4028 ἠ
2440 3961 2803 4028 κληρονομία
2845 3978 2963 4028 μου
3015 3963 3300 4029 κρατίστη
3335 3965 3438 4033 μοί
3482 3963 3632 4018 ἐστι.

2076 4052 2214 4116 Τοὺς
2239 4052 2468 4123 δεσμοὺς
2489 4051 2589 4121 τῆς
2620 4051 2837 4122 ἀγάπης
2861 4052 3042 4123 φησὶν,
3074 4053 3165 4116 οὓς
3198 4054 3349 4123 ἔσχεν
3379 4052 3511 4125 πρὸς
3539 4054 3636 4126 τὴν

2087 4144 2443 4215 Ἐκκλησίαν,
2505 4145 2626 4214 ἣτις
2684 4144 2776 4196 καὶ
2830 4144 3089 4216 κρατίστη
3157 4147 3304 4211 ἐστὶ,
3364 4148 3636 4202 τουτέστιν

2076 4235 2308 4305 ἀρέσκοι)
2319 4252 2385 4288 ,τα
2414 4233 2581 4304 αὐτῷ.

2143 4326 2470 4397 Εὐλογήσω
2525 4327 2632 4379 τὸν
2671 4327 2887 4393 Κύριον
2940 4327 3046 4379 τὸν
3097 4330 3494 4385 συνετίσαντὰ
3536 4349 3634 4402 με.

408 4426 570 4472 ctum.
630 4415 803 4486 Hujus
850 4416 981 4470 dicti
1034 4417 1408 4485 interpretatio
1450 4418 1594 4487 jacet
1642 4420 1696 4472 in
1739 4418 1967 4476 Actibus

2076 4419 2275 4475 Τούτου
2310 4420 2342 4490 ἡ
2373 4419 2635 4490 ἑρμηνεία
2663 4421 2834 4472 κεῖται
2859 4421 2915 4471 ὲν
2947 4421 3066 4483 ταῖς
3098 4420 3333 4493 Πράξεσι
3364 4421 3471 4475 τῶν
3500 4425 3635 4478 ἀπο-

409 4509 778 4580 apostolorum
810 4507 907 4579 (5).
950 4506 1171 4578 Insuper
1199 4517 1247 4561 et
1274 4524 1436 4577 usque
1467 4510 1535 4562 ad
1563 4522 1764 4564 noctem
1808 4513 1971 4567 incre-

408 4611 630 4672 puerunt
654 4617 732 4654 me
757 4616 902 4653 renes
929 4600 1049 4652 mei.
1097 4598 1212 4654 Mus
1254 4598 1549 4668 Scriptura:
1576 4603 1774 4657 divinae
1812 4620 1970 4659 renes

410 4708 601 4747 vocare
651 4692 894 4746 occultas
938 4702 991 4744 et
1029 4692 1133 4745 alte
1172 4691 1378 4761 positas
1415 4694 1773 4763 cogitationes
1805 4712 1820 4751 :
1854 4710 1961 4748 no-

409 4794 551 4838 ctem
585 4799 732 4844 vero,
768 4783 912 4853 quod
940 4783 1270 4837 absconsum
1303 4793 1406 4837 est.

480 4877 532 4953 8.
575 4874 913 4930 Providebam
944 4875 1227 4929 Dominum
1277 4878 1332 4930 in
1375 4887 1648 4946 conspectu
1679 4894 1790 4932 meo
1831 4896 1970 4933 sem-

410 4988 535 5042 per,
570 4971 817 5041 quoniam
842 4987 873 5022 a
898 4971 1098 5023 dextris
1126 4980 1202 5024 est
1234 4972 1384 5035 mihi,
1414 4989 1477 5026 ne
1508 4988 1852 5029 commovear.
1913 4974 1969 5029 In

410 5070 676 5132 quantum
711 5058 852 5114 Deus
880 5075 1000 5114 esse
1026 5060 1340 5130 intelligitur
1362 5101 1377 5126 ,
1409 5062 1523 5131 ipse
1547 5071 1631 5117 est
1657 5065 1751 5133 qui
1792 5065 1974 5119 ﬁrmat

411 5162 467 5207 et
500 5152 732 5208 sustinet
773 5151 985 5216 omnia;
1030 5151 1082 5205 in
1128 5160 1392 5222 quantum
1426 5170 1555 5208 vero
1589 5156 1751 5210 homo
1788 5155 1968 5212 factus

412 5250 513 5305 est,
552 5243 718 5312 probe
747 5240 850 5310 ipsi
891 5242 1147 5295 convenit
1172 5242 1350 5297 dicere
1396 5259 1454 5298 se
1481 5260 1510 5298 a
1548 5246 1753 5301 dextris
1786 5247 1972 5302 Domi-

414 5346 544 5384 num
574 5333 789 5394 habere,
816 5347 882 5385 ne
909 5342 1332 5387 commoveatur.
1372 5332 1504 5388 Nam
1545 5337 1746 5406 ubique
1781 5338 1974 5392 huma-

487 5482 531 5513 "
570 5481 756 5539 Matth.
792 5501 938 5550 xm,
987 5485 1075 5540 59.
1152 5488 1199 5519 "
1244 5487 1400 5543 Rom.
1440 5506 1561 5551 vtu.
1606 5491 1691 5544 i7.

490 5593 569 5664 (2)
604 5595 783 5664 Locus
814 5600 1056 5656 vitiatus.
1078 5643 1086 5652 .

492 5664 571 5735 (δ)
602 5663 721 5722 Non
743 5669 920 5737 «hujus
963 5670 1087 5727 dicti
1106 5709 1121 5737 ,
1156 5670 1248 5725 sed
1276 5683 1465 5723 eorum
1497 5683 1620 5738 qua:
1659 5683 1803 5725 vers.
1830 5670 1864 5727 8
1893 5674 1966 5735 le.

2072 4514 2294 4568 στόλων.
2330 4513 2451 4563 Ἔτι
2480 4510 2548 4563 δὲ
2585 4511 2681 4564 καὶ
2737 4510 2846 4577 ἕως
2901 4511 3121 4578 νυκτὸς
3165 4513 3533 4568 ἐπαίδευσαν
3559 4533 3638 4587 με

2070 4607 2123 4658 οἱ
2155 4603 2362 4671 νεφροί
2381 4620 2520 4671 μου.
2539 4601 2699 4665 Ἐθος
2725 4605 2790 4672 τῇ
2815 4602 3154 4671 Θεοπνεύστῳ
3201 4605 3387 4676 Γραφῇ
3410 4609 3638 4680 νεφροὺς

2071 4692 2353 4764 ὀνομάζειν
2378 4694 2501 4756 τοὺς
2523 4694 2934 4764 κεκρυμμένους
2957 4695 3046 4748 καὶ
3067 4697 3125 4748 ὲν
3157 4695 3306 4765 βάθει
3324 4697 3633 4771 λογισμούς·

2077 4786 2241 4840 νύκτα
2274 4785 2329 4837 δὲ
2355 4785 2414 4837 τὸ
2435 4785 2656 4854 ἀφανές.

2141 4873 2538 4944 Προεωρώμην
2568 4875 2677 4929 τὸν
2703 4878 2924 4945 Κύριον
2948 4878 3202 4931 ἐνώπιόν
3245 4898 3363 4947 μου
3391 4880 3637 4935 διαπαν-

2072 4965 2301 5033 τὸς,ὅτι
2343 4967 2410 5020 ἐκ
2466 4965 2678 5031 δεξιῶν
2727 4985 2845 5036 μου
2874 4968 3024 5031 ἐστὶ,
3087 4969 3186 5023 ἵνα
3216 4970 3300 5038 μὴ
3340 4970 3634 5027 σαλευθῶ.

2071 5058 2221 5112 Καθὸ
2257 5059 2353 5128 μὲν
2386 5061 2583 5112 νοεῖται
2611 5057 2763 5122 Θεὸς,
2797 5059 2957 5123 αὐτός
2989 5061 3135 5114 ἐστιν
3165 5064 3193 5115 ὁ
3257 5062 3427 5116 πάντα
3454 5065 3638 5135 στηρί-

2074 5149 2181 5214 ζων
2211 5150 2305 5203 καί
2330 5149 2559 5218 ἀνέχων·
2591 5149 2726 5203 καθὸ
2749 5151 2805 5202 δὲ
2826 5150 3045 5219 γέγονεν
3094 5152 3393 5223 ἄνθρωπος,
3437 5156 3635 5227 πρέποι

2074 5245 2140 5297 ἂν
2165 5243 2323 5296 αὑτὸν
2353 5244 2445 5297 καὶ
2471 5243 2529 5296 τὸ
2554 5243 2734 5312 λέγειν
2756 5246 2819 5297 ἐκ
2852 5243 3039 5308 δεξιῶν
3083 5247 3372 5317 ἐσχηκέναι
3417 5248 3505 5302 τὸν
3527 5246 3640 5302 K6—

2078 5352 2209 5407 ριον,
2252 5334 2340 5388 ἴνα
2374 5334 2446 5404 μὴ
2495 5334 2746 5405 σαλευθῇ.
2782 5335 3189 5406 Συμπλάττεται
3237 5340 3343 5408 γὰρ
3364 5340 3636 5410 πανταχοῦ

2079 5615 2298 5675 guntur,
2326 5603 2667 5661 Providebam
2694 5606 2993 5675 Dominum,
3024 5620 3152 5675 etc.,
3177 5615 3421 5669 meminit
3443 5613 3637 5673 Petrus

2080 5678 2135 5730 in
2165 5675 2390 5731 Actibus
2424 5677 2816 5748 apostolorum,
2853 5697 2972 5752 cap.
3004 5697 3063 5749 tt,
3091 5697 3232 5738 vers.
3258 5683 3349 5739 εδ.
3373 5683 3536 5741 EB".
