3944 6220
302 274 400 329 105

1426 280 1793 337 EXPOSITIO
1830 279 1897 335 ΙΝ
1936 280 2268 339 PSALMUM
2300 282 2440 340 XVI.

3437 287 3540 345 £06

296 392 407 455 td;
438 389 537 461 τῆς
562 392 985 465 ἀνθρωπότητος
1018 397 1254 468 μέτροις,
1292 399 1383 451 καὶ
1428 398 1489 451 τὸ
1532 402 1596 469 τῇ
1647 397 1841 452 κενώσε

1976 414 2057 453 me
2087 408 2296 455 natura!
2336 400 2613 455 mensuris
2655 409 2712 455 et
2752 401 3001 457 terminis
3037 400 3440 469 conformatur,
3488 416 3543 459 et

296 484 503 555 πρέπον
546 482 647 536 οὐκ
694 484 1006 555 αἰσχύνεται
1054 488 1140 541 διὰ
1193 489 1291 560 τὴν
1329 490 1657 559 οίκονομίαν.
1715 489 1857 560 Ὅρα

297 572 424 644 γοῦν
453 575 601 637 ὅπως
633 575 857 644 γέγονεν
885 580 917 648 ή
942 578 1101 648 φύσις
1141 580 1299 651 ἡμῶν
1337 582 1619 653 εὐδόκιμος
1659 584 1714 634 ἐν
1736 583 1870 651 Χρι-

299 665 425 737 στῷ.
456 667 568 720 Καὶ
612 669 1064 739 προσηνέχθημεν
1096 672 1176 734 είς
1209 672 1496 743 πρόσωπον
1537 672 1631 725 τοῦ
1660 671 1867 743 Πατρὸς

294 759 758 830 οίὲκῦεὸλημὲνοι
792 761 878 815 διὰ
927 762 1024 833 τὴν
1072 765 1130 817 ὲν
1191 764 1357 834 Ἀδὰμ
1407 764 1734 837 παράϐασιν,
1780 766 1872 817 καὶ

294 852 609 922 ἐσχήκαμεν
636 853 795 906 αὑτὸν
820 855 1165 925 ὲπαμύνοντα
1194 859 1287 910 καὶ
1319 856 1657 927 στηρίζοντα.

360 1123 381 1197 [
415 1126 511 1177 Ἐκ
540 1123 754 1189 δεξιῶν
780 1128 896 1195 μού
922 1127 1073 1183 ἐστι.
1099 1130 1355 1202 Προφανῆ
1382 1131 1601 1203 ἔλεγχον
1627 1132 1737 1203 ἔχει
1771 1134 1869 1203 τῆς

300 1217 574 1271 Ἰουδαίων
600 1217 1014 1289 ὲμὸροντησίας.
1080 1222 1188 1275 Καὶ
1233 1223 1440 1294 Πέτρος
1494 1224 1602 1297 γὰρ
1641 1226 1669 1278 ὁ
1706 1242 1867 1297 κορυ-

288 1313 445 1379 φαῖος
472 1313 531 1363 ὲν
560 1314 680 1373 ταῖς
712 1310 981 1382 Πράξεσιν
1019 1314 1099 1376 είς
1134 1316 1369 1385 Χριστὸν
1418 1315 1591 1370 ταῦτα
1629 1319 1869 1389 προσήρ-

286 1422 470 1475 μοσεν.
526 1403 679 1457 Καθὸ
727 1404 827 1474 μὲν
854 1404 962 1477 γὰρ
1008 1406 1160 1470 Θεὸς,
1218 1407 1381 1472 αὐτός
1434 1410 1582 1463 ἐστιν
1611 1410 1640 1463 6
1691 1411 1866 1465 πάντα

284 1492 558 1566 στηρίζων
582 1496 677 1549 καὶ
709 1496 937 1565 ἀνέχων·
970 1497 1106 1551 καθὸ
1134 1499 1191 1551 δὲ
1218 1498 1527 1571 ἄνθρωπος,
1568 1501 1767 1572 πρέποι
1800 1502 1866 1556 ἂν

284 1587 434 1656 αὐτῷ
487 1588 582 1640 καί
623 1587 685 1639 τὸ
710 1588 775 1639 ὲκ
824 1586 1014 1651 δεξιῶν
1060 1588 1204 1658 ἔχειν
1252 1588 1343 1641 τὸν
1375 1589 1599 1659 Κύριον,
1648 1591 1734 1643 ἴνα
1790 1591 1864 1662 μὴ

286 1679 536 1751 σαλευθῇ.

1970 500 2187 559 propter
2219 492 2588 547 oeconomiam
2622 492 2737 546 sive
2767 491 3196 547 incarnationem
3220 534 3236 558 ,
3275 509 3384 547 non
3419 508 3543 548 eru-

1970 582 2142 636 bescit
2171 598 2234 637 ea
2262 598 2385 651 quae
2414 584 2478 638 ad
2509 584 2920 639 evacuationem
2950 590 3005 637 et
3027 582 3388 638 humilitatem
3418 599 3541 655 per-

1969 669 2163 723 tinent.
2220 669 2353 725 \’ide
2387 686 2518 741 ergo
2555 687 2719 742 quam
2763 672 3020 741 prteclara
3068 674 3124 727 in
3165 671 3385 728 Christo
3440 689 3541 729 na-

1970 770 2091 814 tura
2131 772 2315 817 nostra
2356 764 2613 819 evaserit.
2675 763 2734 817 ln
2772 776 3124 835 conspectum
3169 776 3315 821 certe
3356 766 3537 820 Patris

1972 853 2188 907 adducti
2237 854 2515 925 oblatique
2552 856 2756 911 fuimus
2790 856 2883 927 qui
2918 872 3014 926 per
3055 856 3185 911 Adae
3233 866 3540 928 transgres-

1973 944 2184 999 sionem
2216 945 2373 1015 ejecti
2414 962 2635 1013 sumus,
2688 957 2741 1004 et
2790 948 3085 1005 habuimus
3115 964 3240 1005 cum
3266 950 3536 1004 vindicem

1970 1043 2027 1090 et
2054 1046 2363 1106 patronum.

2041 1126 2107 1201 [Α
2159 1130 2362 1184 dextris
2404 1140 2482 1184 est
2524 1131 2674 1187 mihi.
2740 1131 3022 1186 Manifesta
3050 1132 3537 1201 coarguitludazo-

1968 1235 2089 1274 rum
2122 1222 2517 1293 stupiditatem.
2552 1223 2761 1278 Etenim
2818 1223 3008 1281 Petrus
3043 1226 3414 1295 apostolorum
3440 1241 3535 1280 co-

1969 1312 2223 1381 ryphaaus
2257 1313 2312 1367 in
2352 1316 2612 1380 Actibus,
2662 1316 2776 1370 haec
2819 1314 3042 1371 ChriSIo
3070 1318 3333 1373 attribuit.
3396 1315 3531 1371 Nam

1967 1413 2236 1474 quatenus
2270 1406 2415 1463 Deus
2464 1408 2579 1478 ipse
2609 1418 2693 1464 est
2730 1410 2823 1478 qui
2845 1411 3031 1465 omnia
3063 1410 3244 1465 ﬁrmat
3269 1422 3325 1466 et
3348 1413 3529 1466 conti-

1968 1505 2099 1563 net;
2130 1506 2399 1567 quatenus
2431 1508 2608 1552 autem
2638 1500 2821 1565 homo,
2865 1500 2963 1569 ipsi
2989 1502 3244 1555 convenit
3273 1517 3303 1554 a
3326 1501 3531 1556 dextris

1969 1587 2260 1645 Dominum
2284 1602 2552 1647 astantem
2579 1593 2801 1657 habere,
2838 1608 2905 1648 ne
2930 1603 3358 1648 commoveatur.

354 1738 982 1840 οὐκηέγκαταλείψεις
1016 1770 1129 1839 τὴν
1157 1772 1369 1841 ψυχήν
1398 1791 1537 1843 μου.
1591 1776 1761 1838 Αὐτὸς
1784 1773 1841 1828 ibi

2030 1770 2154 1826 Non
2197 1771 2525 1843 derelinques
2556 1774 2788 1827 animam
2817 1790 3009 1829 meam.
3064 1773 3215 1830 Licet
3261 1774 3377 1845 ipse
3419 1776 3525 1831 vita

281 1863 389 1934 ζωὴ
432 1864 529 1916 καὶ
582 1862 862 1928 ξωοποιὸς,
897 1862 1293 1931 ὲζωοποιῆσθαι
1325 1864 1537 1933 λέγεται
1585 1866 1733 1938 παρὰ
1762 1867 1841 1920 τοῐ

1961 1861 2033 1918 sit
2080 1872 2135 1919 et
2181 1865 2347 1918 vitam
2404 1865 2676 1935 praebeat,
2730 1880 2827 1934 per
2869 1867 3233 1920 (nconomiam
3265 1867 3465 1922 dicitur
3496 1884 3527 1921 a

279 1955 490 2027 Πατρὸς
521 1953 610 2008 διὰ
640 1955 740 2025 τὴν
762 1956 1090 2026 οίκονομίαν.
1142 1954 1502 2025 Ἐγνὼρισάς
1532 1975 1634 2026 μοι
1679 1958 1841 2026 ὀδοὺς

1961 1950 2117 2008 Patre
2152 1954 2435 2009 vivillcari.
2500 1952 2673 2009 Notas
2727 1954 2857 2008 mihi
2894 1956 3067 2025 fecisti
3099 1957 3211 2011 vias
3247 1959 3400 2023 vitaz,
3432 1958 3525 2026 qui

276 2047 445 2116 ζὶιδῆς,
473 2051 503 2103 6
534 2048 635 2118 τῆς
672 2048 1084 2122 ἀνθρωπότητος
1116 2049 1253 2120 ἔχων
1279 2052 1585 2122 πρόσωπον,
1628 2053 1703 2116 ὼς
1733 2052 1841 2107 καθ

1961 2044 2316 2101 humanitatis
2343 2061 2632 2117 personam
2668 2047 2864 2114 habet,
2906 2056 3094 2117 utpote
3115 2049 3181 2103 ad
3214 2049 3526 2105 similitudi-

273 2142 419 2210 ἡμᾶς
478 2140 739 2210 γεγονὼς,
795 2142 923 2205 τοὺς
969 2144 1101 2213 ἡμῖν
1154 2144 1353 2215 μᾶλλον
1403 2145 1497 2197 καὶ
1536 2146 1634 2215 οὐχ
1677 2146 1841 2217 ὲαυτᾷ

1961 2152 2078 2192 nem
2121 2139 2295 2194 nostri
2346 2137 2567 2207 lactus,
2620 2156 2901 2197 sermones
2941 2142 3096 2196 effert
3144 2142 3305 2197 nobis
3349 2142 3527 2211 magis

272 2233 606 2306 πρέποντας,
644 2234 780 2288 καθὸ
806 2238 1005 2288 νοεῖται
1036 2235 1187 2300 Θεὸς,
1225 2238 1536 2309 ἀναπέμπει
1566 2238 1809 2311 λόγους.]

1961 2243 2117 2297 quam
2137 2230 2265 2295 sibi,
2298 2241 2572 2301 quatenus
2600 2230 2731 2297 Deo,
2754 2232 3172 2306 competentes.]

342 2328 682 2395 Τερπνότης
732 2327 802 2379 ἐν
826 2324 903 2395 τῇ
934 2324 1100 2394 δεξιᾷ
1146 2344 1263 2383 σου
1287 2330 1375 2395 εἰς
1440 2328 1635 2395 τέλος.
1681 2328 1841 2382 Τοῦτς

2025 2318 2112 2376 10.
2147 2319 2439 2375 Delectatio
2463 2322 2516 2375 in
2549 2322 2763 2377 dextera
2788 2333 2878 2377 tua
2907 2340 3069 2394 usque
3103 2326 3157 2377 in
3186 2325 3369 2393 ﬁnem.
3406 2322 3520 2378 Hoc

270 2417 551 2489 σημαίνει,
585 2419 643 2470 ὲν
690 2418 916 2490 τέρψεσι
967 2420 1060 2472 καὶ
1122 2419 1482 2491 εὐφροσύναις
1544 2420 1755 2474 ἔσονται
1800 2422 1841 2474 ol

1961 2414 2244 2484 signiﬁcat,
2299 2415 2355 2469 in
2390 2416 2764 2485 voluptatibus
2800 2425 2856 2471 et
2882 2417 3097 2487 gaudiis
3124 2416 3299 2472 sancti
3329 2419 3523 2486 degent

268 2509 414 2577 ἅγιοι
447 2510 591 2578 μετά
616 2510 677 2562 τὸ
702 2510 997 2565 ἀναϐιῶναι
1045 2511 1187 2564 κατά
1213 2511 1305 2564 τὸν
1361 2512 1461 2582 τῆς
1504 2513 1841 2575 ἀναστάσεως

1961 2516 2242 2577 postquam
2275 2516 2518 2576 tempore
2544 2509 2977 2565 resurrectionis
3005 2509 3317 2564 revixerint.
3357 2508 3519 2565 Istam

267 2601 482 2671 καιρόν.
520 2600 741 2670 Ταύτην
774 2601 831 2653 δὲ
859 2600 958 2672 τὴν
1002 2600 1192 2673 τέρψιν
1224 2604 1319 2657 καὶ
1351 2602 1449 2675 τὴν
1486 2603 1841 2676 εὐφροσύνην,

1961 2608 2131 2653 autem
2163 2599 2493 2669 voluptatem
2523 2600 2865 2665 aclaatitiam,
2894 2615 3017 2671 qua:
3037 2611 3121 2656 est
3152 2601 3517 2671 incorruptio,

267 2690 385 2761 ητις
448 2690 599 2743 ἐστὶν
644 2693 679 2763 ἡ
735 2692 1025 2763 ἀφθαρσία,
1078 2692 1341 2763 λήψεσθαι
1407 2694 1621 2764 λέγουσι
1696 2695 1841 2767 παρὰ

1961 2704 2051 2745 nos
2091 2699 2404 2759 recepturos
2436 2691 2590 2745 aiunt
2621 2706 2653 2745 a
2689 2689 2946 2758 Christo,
2990 2692 3084 2762 qui
3132 2702 3218 2747 est
3246 2693 3300 2747 in
3340 2694 3517 2754 nobis.

265 2782 529 2853 Χριστοῦ,
559 2782 618 2845 ὃς
657 2783 803 2836 ἐστιν
834 2783 891 2835 ὲν
933 2786 1064 2854 ἡμῖν
1106 2784 1201 2837 καὶ
1257 2784 1408 2851 δεξιά
1463 2786 1558 2841 τοῦ
1612 2787 1841 2858 Πατρός.

1961 2790 2001 2834 ει
2030 2781 2250 2836 dextera
2296 2790 2379 2835 est
2412 2779 2610 2835 Patris.
2662 2779 2817 2846 Quod
2863 2790 3045 2837 autem
3083 2798 3274 2837 verum
3326 2782 3381 2837 id
3424 2783 3516 2849 sit,

264 2874 381 2927 Kal.
408 2874 485 2937 ὼς
541 2873 745 2946 ἀληθής
800 2876 829 2928 6
878 2874 1052 2943 λόγος,
1103 2875 1259 2947 δῆλον
1312 2878 1377 2929 ὲκ
1430 2877 1525 2931 τοῦ
1575 2880 1841 2949 φήσαντος

1961 2873 2125 2940 palam
2164 2880 2248 2927 est
2284 2887 2348 2926 ex
2380 2872 2693 2941 hujusmodi
2730 2873 2919 2927 dicto:
2955 2872 3061 2937 Qui
3106 2874 3514 2943 trans/armabit

265 2965 473 3033 λογίου·
516 2968 609 3032 Ὃς
643 2968 1155 3037 μετασχηματίσει
1205 2968 1270 3022 τὸ
1325 2969 1533 3039 σχῆμα
1586 2969 1697 3037 τῆς
1746 2987 1841 3024 ta—

1961 2966 2173 3020 rormam
2192 2965 2510 3020 huntilitatis
2540 2979 2736 3022 nostra:
2760 2968 3145 3038 conﬁguratam
3169 2970 3378 3037 corpori
3406 2967 3517 3021 cla-

263 3056 604 3124 πεινώσεως
638 3058 809 3129 ἡμῶν
844 3060 1196 3130 σύμμορφον
1233 3060 1314 3127 τῷ
1355 3064 1578 3133 σώματι
1611 3062 1720 3132 τῆς
1748 3063 1841 3117 δό-

1961 3059 2127 3112 ’ἱιαιίε
2153 3058 2267 3128 ejus
2291 3060 2358 3113 ”.

265 3149 376 3218 ξης
402 3151 617 3205 αὑτοῦ.

642 3243 961 3313 Προσευχὴ
993 3243 1074 3311 τῷ
1112 3244 1309 3299 Δαυτδ.
1342 3248 1461 3313 ΚΓ.

885 3336 896 3353 ”
909 3338 1221 3403 Υπόθεσις.

268 3422 484 3493 ’ᾼδεται
552 3425 583 3476 6
638 3422 854 3494 ψαλμὸς
910 3424 977 3476 ὲκ
1011 3422 1304 3496 προσώπου
1362 3422 1458 3477 τοῦ
1509 3423 1651 3477 κατὰ
1705 3423 1838 3477 Θεὸν

648 3502 657 3511 ’
904 3516 1132 3571 τελείου.

332 3608 739 3673 Ε’ίσὰκουσον,
778 3608 972 3676 Κύριε,
1008 3608 1407 3677 δικαιοσύνην
1440 3625 1581 3677 μου.
1630 3607 1837 3678 Πολλῆς

263 3701 634 3774 πεποιθήσεως
658 3704 687 3756 6
711 3702 869 3770 λόγος
904 3703 1099 3772 μεστός
1121 3716 1133 3732 ’
1182 3702 1243 3755 τὸ
1275 3702 1384 3773 γὰρ
1421 3703 1519 3773 τῆς
1556 3701 1829 3754 δικαιοσύ-

263 3811 353 3865 νης
388 3793 628 3849 ἐνταῦθα
655 3795 753 3865 οὐχ
796 3794 871 3857 ὡς
918 3792 1267 3865 καυχώμενος
1300 3835 1314 3859 ,
1362 3792 1469 3846 οὐδ’
1505 3792 1582 3856 ὡς
1624 3792 1830 3845 δίκαιον

260 3888 445 3942 ἑαυτὸν
475 3887 792 3957 ἀποφαίνων
843 3904 856 3917 ο
894 3885 1006 3939 ἀλλ’
1040 3886 1161 3939 ἀντὶ
1198 3883 1313 3949 τοῦ,
1359 3884 1595 3947 Δικαίως
1628 3883 1832 3938 αἰτοῦν-

261 3997 347 4044 τος
381 3979 484 4051 τὴν
532 3979 685 4050 παρά
718 3977 811 4031 σοῦ
849 3976 1119 4049 βοήθειαν,
1182 3978 1276 4030 καὶ
1327 3977 1604 4041 ἀξιοῦντος
1650 3977 1831 4030 ἀπαλ-

2429 3240 2619 3297 Oratio
2653 3242 2839 3296 David.
2871 3240 2924 3296 Χ
2942 3240 3037 3296 γι.

2520 3336 2925 3406 Argumentum.

1939 3426 1994 3483 1.
2030 3425 2260 3483 Canitur
2293 3428 2386 3484 hic
2410 3428 2658 3499 psalmus
2691 3444 2755 3483 ex
2787 3442 3018 3497 persona
3045 3426 3285 3483 hominis
3315 3441 3513 3482 secun-

2467 3521 2594 3574 dum
2626 3519 2792 3574 Deum
2828 3519 3076 3589 perfecti.

2006 3611 2258 3676 Exaudi,
2294 3611 2535 3679 Domine,
2562 3612 2836 3681 justitiam
2864 3628 3054 3665 meam.
3093 3610 3285 3681 Magna
3315 3612 3511 3681 plenus

1935 3705 2132 3761 ﬁducia
2168 3719 2349 3760 sermo
2392 3723 2404 3758 :
2438 3720 2561 3759 nam
2590 3705 2737 3774 quod
2772 3704 2860 3758 hic
2887 3704 3156 3774 justitiam
3192 3719 3349 3758 suam
3394 3719 3508 3758 me—

1935 3806 2145 3863 morat,
2183 3812 2293 3851 non
2332 3797 2735 3867 jactabundus,
2786 3810 2886 3850 nec
2913 3811 3024 3865 quo
3054 3810 3112 3849 se
3138 3794 3351 3867 justum
3380 3811 3503 3850 esse

1933 3890 2220 3958 praedicet,
2263 3889 2335 3941 ita
2367 3888 2647 3956 loquitur;
2700 3886 2793 3941 sed
2822 3885 2976 3955 quasi
3004 3885 3187 3939 dicat:
3216 3882 3370 3940 Juste
3398 3885 3504 3937 im-

1933 3983 2235 4051 plorantem
2268 3981 2532 4035 auxilium
2560 3989 2735 4046 tuum,
2767 3995 2831 4033 ac
2863 3986 3143 4049 rogantem
3178 3980 3296 4031 erui
3326 3978 3395 4032 ab
3423 3978 3505 4032 in-

260 4070 489 4154 λαγῆναι
516 4064 593 4123 ὧν
629 4070 829 4133 ἀδίκως
868 4068 1147 4140 ὑπομένει,
1181 4070 1358 4139 μάτην
1399 4069 1503 4122 ὑπὸ
1530 4068 1623 4123 τοῦ
1657 4069 1828 4121 Σαοὺλ

1961 4076 2092 4131 uriis
2124 4083 2481 4145 persequente
2512 4073 2675 4127 Saule
2718 4072 2919 4136 illatis,
2973 4071 3171 4126 exaudi
3216 4081 3271 4126 et
3306 4082 3499 4143 postu-

259 4160 603 4232 διωκόμενος,
649 4160 743 4213 καὶ
786 4158 1075 4225 ὲξάκουσον
1118 4160 1213 4213 καὶ
1261 4159 1542 4230 παράσχου
1591 4160 1692 4230 τὴν
1743 4158 1827 4212 ai-

329 4270 427 4307 σιν.

329 4270 427 4307 σιν.

260 4269 647 4399 τηἜι-ώτισαι
680 4344 794 4413 τὴν
819 4342 1169 4414 προσευχήν
1183 4361 1301 4413 μου
1339 4344 1449 4398 οὐκ
1478 4340 1548 4395 ἐν
1592 4342 1825 4411 χείλεσι

1930 4165 2037 4220 lata
2063 4164 2323 4220 concede.

1999 4338 2230 4393 Auribus
2252 4352 2460 4408 percipe
2487 4338 2783 4393 orationem
2815 4353 2985 4392 meam
3018 4326 3201 4391 nonin
3228 4323 3500 4394 .abiis—do-

260 4434 502 4503 δολίοις.
536 4436 849 4507 Προσευχῆς
881 4434 991 4509 γὰρ
1028 4435 1089 4489 οὐ
1123 4434 1212 4487 διὰ
1241 4432 1463 4505 χειλέων
1495 4432 1705 4497 δολίων,
1735 4432 1821 4486 διὰ

1961 4434 2076 4489 νεεδ.
2112 4430 2248 4485 Nam
2277 4431 2575 4486 orationem
2617 4446 2727 4485 non
2777 4431 2937 4486 labiis
2989 4430 3195 4486 dolosis
3234 4431 3497 4498 oblatam,

258 4528 310 4581 δὲ
336 4528 583 4601 γλώττης
614 4527 1054 4600 κεκαθαρμένης,
1083 4529 1176 4580 καὶ
1208 4526 1277 4581 τὰ
1318 4525 1436 4579 θεῖα
1478 4524 1633 4595 λόγια
1665 4525 1826 4597 μελε-

259 4624 351 4693 τᾷν
390 4622 706 4695 εἰθισμένης
739 4620 1049 4686 ἐνωτίζεται
1077 4623 1105 4675 6
1131 4620 1284 4684 Θεός.

336 4716 439 4771 Ἐκ
469 4715 796 4783 προσώπου
826 4731 943 4769 σου
976 4713 1042 4768 τὸ
1075 4711 1255 4783 κρῖμά
1279 4729 1399 4781 μου
1427 4710 1682 4776 ἐξέλθοι.
1718 4711 1823 4766 Σα-

260 4807 369 4879 φῶς
398 4807 617 4877 εὔχεται
649 4808 740 4861 τὸν
782 4806 1060 4877 Μονογενῆ
1105 4804 1297 4876 κριτὴν
1331 4803 1507 4874 ἑαυτῷ
1554 4804 1826 4875 καταστῆ-

258 4919 359 4957 ναι.
403 4905 471 4956 Ol
515 4899 811 4969 ὀφθαλμοί
842 4912 960 4952 σου
1010 4897 1301 4951 ὶδέτωσαν
1350 4896 1699 4963 εὐθύτητος.
1751 4895 1825 4947 Τὸ

257 4992 456 5047 δίκαιον
482 4976 656 5063 κρῖμα
680 4989 881 5055 ἐξαιτεῖ
902 4987 999 5043 τοῦ
1029 4987 1179 5053 Υίοῦ,
1207 4988 1235 5040 ὃ
1263 4986 1478 5059 ἔκρινεν
1504 4988 1655 5058 ἡμῖν.

335 5085 729 5153 Ἐδοκίμασας
762 5081 875 5149 τὴν
901 5080 1153 5151 καρδίαν
1176 5098 1318 5151 μου,
1361 5078 1677 5149 ἐπεσκέψω
1715 5098 1821 5134 νυ-

256 5177 410 5245 κτὸς,
431 5174 752 5245 ἑπύρωσὰς
773 5191 869 5243 με,
901 5174 1000 5227 καὶ
1037 5176 1150 5243 οὐχ
1180 5171 1393 5241 εὑρέθη
1426 5173 1496 5226 ἐν
1523 5172 1653 5243 ἐμοὶ
1692 5172 1821 5227 dot-

256 5270 370 5326 κὶα.
411 5268 649 5324 Ἀδικίαν
678 5265 870 5320 εἴωθεν
898 5266 932 5336 ἡ
956 5265 1075 5321 θεία
1109 5266 1148 5319 Γ
1152 5264 1298 5337 ραφὴ
1331 5263 1513 5318 καλεῖν
1542 5263 1638 5335 τὴν
1673 5263 1814 5317 κατά

253 5361 340 5416 τοῦ
375 5361 508 5415 Θεοῦ
540 5356 895 5431 βλασφημίαν
917 5371 931 5384 ⁸
973 5355 1237 5411 Ἀδικίαν
1258 5355 1388 5425 γὰρ,
1422 5356 1608 5427 φησὶν,
1639 5358 1726 5421 εις
1756 5355 1820 5410 τὸ

255 5455 400 5525 ὕψος
421 5452 767 5522 ἐλάλησαν.

321 5546 511 5613 Ὅπως
559 5543 644 5599 ἂν
684 5538 775 5611 μὴ
815 5537 1065 5607 λαλήσῃ
1093 5538 1160 5591 τὸ
1181 5540 1375 5609 στόμα
1408 5556 1520 5595 ttov
1564 5541 1637 5593 τὰ
1679 5539 1821 5609 ἔργα

314 5705 357 5739 ¹⁴
396 5704 539 5761 Phil.
578 5718 668 5765 ιιι,
706 5698 803 5752 21.
879 5699 893 5729 ¹
926 5695 1068 5751 Psal.
1106 5710 1280 5762 Lxxu,
1315 5694 1367 5749 8.

462 5802 758 5861 ΡΑτιιοι..
803 5790 926 5852 Gn.
972 5790 1236 5855 XXVII.

1929 4526 2023 4581 sed
2051 4526 2234 4597 lingua
2272 4541 2442 4596 pura,
2487 4535 2542 4582 et
2573 4528 2901 4582 meditandis
2930 4526 3166 4598 eloquiis
3191 4526 3391 4581 divinis
3418 4543 3503 4584 as-

1926 4632 2103 4686 sueta,
2135 4621 2358 4676 auribus
2389 4622 2619 4693 percipit
2644 4622 2807 4678 Deus.

1997 4715 2051 4769 2.
2096 4714 2173 4770 De
2198 4714 2345 4769 vultu
2384 4724 2473 4770 tuo
2503 4715 2764 4784 iudicium
2795 4732 2968 4770 meum
2994 4718 3233 4786 prodeat.
3278 4719 3498 4794 Perspi-

1926 4819 2028 4860 cue
2070 4814 2323 4875 precatur
2366 4802 2714 4875 Unigenitum
2773 4806 2876 4863 sibi
2921 4806 3162 4877 judicem
3212 4814 3497 4873 constitui.

1931 4896 2085 4951 Oculi
2115 4896 2195 4950 tui
2222 4895 2433 4951 videant
2468 4897 2765 4965 wquitates.
2820 4895 3037 4952 Justum
3074 4898 3196 4954 Filii
3226 4902 3495 4971 judicium

1926 4987 2185 5059 postulat,
2221 5002 2331 5057 quo
2351 4985 2615 5055 judicavit
2643 4984 2709 5041 de
2732 4986 2911 5040 nobis.

1996 5080 2049 5134 3.
2084 5077 2337 5132 Probasti
2374 5093 2464 5131 cor
2500 5093 2673 5131 meum
2705 5088 2754 5132 et
2784 5079 3017 5137 visitasti
3048 5093 3230 5147 nocte,
3268 5085 3384 5153 igne
3420 5100 3499 5136 me

1925 5171 2276 5236 examinasti,
2310 5177 2362 5224 et
2398 5184 2501 5222 non
2533 5177 2610 5222 est
2642 5170 2853 5224 inventa
2884 5171 2936 5223 in
2960 5188 3039 5225 me
3077 5175 3350 5242 iniquitas.
3390 5172 3499 5227 lni-

1925 5264 2185 5333 quitatem
2230 5262 2370 5317 solet
2406 5262 2592 5316 divina
2622 5260 2900 5332 Scriptura
2929 5279 3127 5319 vocare
3177 5266 3493 5334 hlasphema

1925 5354 1980 5408 in
2012 5355 2179 5409 Deum
2208 5353 2391 5409 dicta:
2422 5349 2767 5423 Iniquitatem
2798 5354 2958 5419 enim,
2989 5354 3182 5423 inquit,
3214 5354 3267 5406 in
3290 5356 3494 5410 excelso

1923 5447 2085 5503 locuti
2116 5455 2239 5501 sunt
2265 5447 2304 5500 ¹.

1998 5540 2051 5596 ι.
2088 5537 2155 5595 Ut
2178 5556 2279 5595 non
2308 5538 2557 5604 loquatur
2588 5556 2647 5594 os
2672 5550 2840 5596 meum
2862 5554 3019 5608 opera
3066 5538 3354 5595 hominum.
3388 5540 3494 5600 Do-

3174 5777 3214 5838 1..
