3944 6220
437 286 538 344 107

1243 270 1298 324 S.
1341 268 1708 325 ATHANASll
1747 270 1897 326 OPP.
1937 271 2115 326 PARS
2153 270 2238 325 Ill.
2279 301 2348 312 —
2383 270 2794 328 EXECETICA.

3535 277 3638 333 108

435 422 522 468 cet
552 407 604 464 id
635 419 851 478 quoque
881 401 1182 459 cavendum
1217 411 1357 458 esse,
1380 404 1440 450 ut
1467 394 1604 448 nihil
1631 391 1880 453 mortale,
1910 391 1982 443 ni-
2012 407 2027 451 Α

2108 388 2199 443 ’ὢν
2227 389 2565 458 ἀνθρώπειηι.
2601 390 2870 456 Διδάσκει,
2895 389 2968 454 ὡς
2996 376 3088 445 καὶ
3116 391 3270 444 τοῦτο
3293 394 3644 464 παραφυλάτ-

437 504 514 556 hil
541 502 837 555 humanum
889 497 1197 564 loquamur.
1259 491 1483 558 Propter
1529 487 1683 541 verba
1726 485 1986 538 labiorum

439 606 646 650 tuorum
671 609 760 662 ego
793 589 1051 645 custodivi
1084 587 1196 640 vias
1223 584 1412 638 duras.
1455 581 1536 635 Ob
1563 581 1749 649 jussa,
1791 575 1987 644 inquit,

438 697 551 754 tua,
583 693 865 755 angustam
895 690 950 735 et
981 689 1182 733 arctam
1210 687 1418 747 portam
1445 673 1724 742 ingressus
1752 682 1894 722 sum.

506 961 560 1016 5.
601 957 802 1027 Perﬁce
835 969 1038 1025 gressus
1070 965 1208 1004 meos
1231 949 1288 1002 in
1314 947 1515 1001 semitis
1551 943 1687 1008 tuis,
1735 949 1842 995 etc.
1878 939 1988 991 Do~

436 1062 589 1109 cetur
623 1051 708 1104 liis
740 1048 915 1102 verbis
948 1060 1014 1100 ne
1062 1042 1164 1099 sibi
1207 1040 1494 1110 quisquam
1531 1035 1700 1099 (idat;
1754 1031 1848 1088 sed
1881 1029 1990 1084 Deo

436 1144 717 1198 innitatur.

509 1234 752 1308 [Semitae
785 1237 965 1284 autem
996 1222 1209 1280 Domini
1245 1227 1370 1276 sunt
1399 1217 1809 1274 observationes
1845 1233 1990 1273 man-

435 1323 739 1397 datorum]

507 1419 560 1473 6.
592 1418 702 1488 Ego
734 1415 956 1470 clamavi
994 1413 1240 1484 quoniam
1265 1407 1532 1463 exaudisti
1561 1422 1638 1458 me
1661 1446 1675 1470 ,
1714 1404 1872 1458 Dens.
1928 1401 1994 1456 ll-

436 1512 550 1577 lud,
574 1509 861 1569 exaudisti,
897 1521 1014 1576 pro,
1046 1504 1322 1558 exaudies.
1371 1497 1490 1552 Non
1526 1507 1728 1551 temere
1757 1495 1844 1548 his
1874 1509 1995 1547 ver-

435 1601 518 1655 bis
550 1596 672 1654 eum
697 1613 850 1661 usus,
881 1596 972 1650 sed
1021 1604 1166 1647 tuam
1212 1597 1466 1658 expertus
1497 1584 1866 1640 clementiam.
1911 1580 1994 1636 Me

434 1693 633 1762 quippe
677 1696 954 1759 rogantem
1017 1699 1157 1753 smpe
1206 1680 1493 1736 exaudisti.
1558 1674 1770 1730 Inclina
1812 1690 1992 1729 aurem

437 1793 583 1835 tuam
611 1779 760 1834 mihi.
804 1775 946 1830 Deus
970 1781 1113 1829 totus
1143 1773 1292 1827 auris
1320 1781 1437 1837 est,
1472 1779 1659 1825 utpote
1689 1769 1784 1825 oui
1813 1768 1992 1822 omnia

437 1868 640 1922 audiat.

549 1959 662 2030 Ego
690 1956 934 2019 clamavi,
964 1961 1070 2009 etc.
1110 1951 1226 2006 Non
1269 1950 1473 2006 frustra
1508 1949 1835 2015 clamo,'sed
1870 1949 1997 2018 quia

435 2051 756 2122 plerumque
777 2046 1044 2101 exaudisti
1080 2059 1165 2098 me
1185 2083 1198 2106 ,
1227 2052 1350 2112 peto
1371 2042 1532 2096 etiam
1572 2056 1717 2096 nunc
1738 2051 1798 2094 ut
1823 2055 1995 2093 exan-

436 2143 556 2197 dias
590 2155 696 2196 me.
731 2139 952 2194 Clamor
979 2145 1158 2192 autem
1185 2137 1295 2201 ille,
1329 2145 1414 2192 est
1439 2135 1647 2190 intenta
1671 2147 1797 2194 erga
1826 2131 1996 2186 Deum

437 2228 745 2300 cogitatio.]

505 2320 759 2393 {Adipem
787 2336 940 2374 suum
967 2317 1354 2372 concluserunt.
1397 2313 1568 2384 Adipe
1595 2311 1863 2385 signiﬁcat
1896 2310 1998 2364 ini-

442 2415 712 2468 micorum
741 2411 1033 2466 maximam
1065 2405 1528 2479 prosperitatem]

513 2504 604 2558 Η.
661 2503 863 2558 Oculos
906 2519 1028 2555 suos
1053 2507 1350 2555 statuerunt
1383 2498 1644 2551 declinare
1684 2496 1738 2549 in
1782 2504 1996 2546 terram.

443 2593 619 2660 Unus,
655 2593 854 2664 inquit,
886 2596 1088 2664 scopus
1113 2592 1214 2646 fuit
1255 2591 1360 2646 illis
1382 2600 1440 2644 ut
1466 2590 1531 2644 ad
1573 2597 1770 2643 terram
1801 2585 1999 2640 demit-

437 2695 574 2752 tant,
604 2696 801 2756 etquae
822 2700 1042 2740 carnem
1065 2690 1309 2753 spectant
1337 2681 1539 2736 sentire
1573 2680 1856 2734 suadeant.

510 2779 598 2834 ﬂ.
638 2776 923 2830 Frameum
948 2786 1096 2830 tuam
1121 2774 1187 2827 ab
1217 2773 1444 2827 inimicis
1477 2787 1728 2824 manuum
1763 2781 1995 2824 tuarum.

424 2870 699 2940 Quaslibet
719 2868 851 2938 justi
878 2866 1059 2920 anima
1085 2875 1139 2920 et
1169 2865 1510 2934 potissimum
1535 2879 1722 2918 eorum
1755 2863 1848 2931 qui
1874 2878 1999 2932 pec-

435 2969 649 3017 catores
683 2960 752 3014 ab
796 2958 1074 3028 impietate
1127 2957 1194 3010 ad
1247 2954 1498 3024 pietatem
1551 2962 1838 3015 revocant,
1898 2967 1998 3006 ceu

435 3055 644 3108 framea
671 3060 755 3106 est
782 3059 968 3104 contra
1000 3049 1268 3118 malignos
1308 3045 1530 3115 spiritus
1552 3055 1798 3099 exacuta.
1848 3041 1998 3096 Hanc

339 3173 351 3183 ο
437 3147 604 3216 igitur
639 3143 927 3206 frameam,
974 3140 1220 3202 Domine,
1248 3153 1412 3208 quam
1446 3139 1561 3208 ipse
1591 3145 1779 3191 contra
1813 3135 1997 3189 inimi-

437 3252 531 3290 cos
558 3245 681 3289 tuos
707 3232 1006 3297 exacuisti,
1053 3231 1201 3300 eripe
1249 3231 1317 3284 ab
1364 3229 1603 3283 inimicis
1644 3243 1838 3282 manus
1869 3237 1995 3281 ture.

435 3328 667 3394 Quinam
704 3333 883 3380 autem
929 3330 1058 3378 sunt
1103 3321 1310 3376 inimici
1362 3335 1556 3374 manus
1589 3319 1703 3381 Dei,
1758 3318 1863 3373 nisi
1906 3317 1998 3387 qui

437 3418 564 3472 ﬁdei
609 3419 663 3470 in
696 3414 1080 3487 Unigenitum,
1127 3415 1218 3485 qui
1249 3428 1444 3482 manus
1466 3413 1612 3467 illius
1641 3420 1756 3477 est,
1805 3411 1998 3465 adver-

437 3510 663 3565 santur?

507 3694 751 3759 Domine,
783 3709 817 3747 a
839 3693 1022 3762 paucis
1055 3691 1116 3744 de
1145 3702 1284 3746 terra
1309 3689 1489 3744 divide
1517 3703 1623 3743 eos.
1650 3687 1907 3741 Precatur
1947 3694 2006 3740 ut

445 3804 474 3843 a
510 3786 696 3858 paucis
719 3785 871 3854 impii
896 3791 1233 3854 separentur,
1261 3781 1404 3850 quod
1439 3788 1519 3834 est
1544 3794 1607 3833 ac
1633 3779 1678 3833 si
1702 3776 2004 3831 divideren-

2087 480 2269 534 τεσθαι
2303 485 2438 552 πρὸς
2469 481 2528 533 τὸ
2561 480 2722 550 μηδὲν
2744 481 2932 553 θνητὸν
2959 482 3090 553 μηδέ
3116 482 3448 553 ἀνθρώπινον
3480 485 3644 556 φθέγ-

2088 573 2294 641 γεσθαι.
2330 574 2430 626 Διὰ
2467 572 2605 638 τοὺς
2654 574 2875 642 λόγους
2919 573 3038 627 τῶν
3083 575 3328 643 χειλέων
3368 591 3483 632 σου
3530 578 3644 648 ἐγὼ

2085 664 2359 731 ἐφύλαξα
2439 664 2616 730 ὀδοὺς
2672 665 2962 733 σκληράς.
3009 667 3107 720 Διά
3169 666 3236 720 τὰ
3303 669 3370 721 σὰ
3404 672 3641 739 προστά-

2087 774 2290 826 γματα,
2339 759 2489 827 φησὶ,
2517 759 2613 827 τὴν
2641 759 2828 831 στενὴν
2877 760 2970 813 καὶ
2995 759 3356 832 τεθλιμμένην
3385 762 3646 834 εἰσήλασα

2089 848 2281 918 πύλην.

2158 940 2515 1008 Κατάρτισαι
2542 943 2614 994 τὰ
2659 941 2987 1011 διαϐήματά
3008 959 3128 1011 μου
3167 942 3236 996 ἐν
3267 943 3391 1009 τοῖς
3428 945 3648 1012 τρίϐοις

2091 1043 2226 1084 σου.
2260 1032 2506 1084 Διδάσκει
2535 1034 2562 1084 ὁ
2594 1032 2747 1101 λόγος
2781 1035 2854 1105 μὴ
2909 1033 3226 1087 πεποιθέναι
3269 1035 3352 1106 ἐφ’
3387 1037 3597 1097 ἑαυτοῖς
3627 1074 3646 1100 ,

2090 1122 2181 1174 ἐπὶ
2204 1121 2260 1174 δὲ
2290 1121 2367 1192 τῷ
2399 1122 2515 1193 Θεῷ
2540 1124 3001 1196 ἐπιστηρίζεσθαι.

2174 1210 2400 1285 [Τρίὸοι
2429 1214 2484 1267 δὲ
2519 1217 2719 1286 Κυρίου
2749 1216 2855 1269 τῶν
2883 1217 3111 1272 ἐντολῶν
3142 1219 3196 1272 ai
3225 1219 3540 1293 τηρήσεις.]

2173 1393 2319 1462 Ἐγὼ
2350 1394 2659 1464 ἐκέκραξα,
2693 1398 2784 1451 ὅτι
2815 1398 3182 1467 εὶσήκουσὰς
3218 1420 3358 1470 μου,
3405 1407 3436 1457 ὁ
3480 1405 3646 1470 Θεός.

2093 1485 2166 1538 Τὸ
2197 1485 2566 1552 εἰσήκουσας
2591 1528 2605 1551 ,
2647 1490 2768 1542 ἀντὶ
2815 1490 2941 1553 τοῦ,
2988 1493 3301 1565 εὶσακούσῃ.
3350 1496 3426 1548 Οὐ
3473 1497 3649 1566 μάτην

2092 1577 2266 1629 τοῖσδε
2298 1580 2410 1640 τοῖς
2440 1579 2616 1646 λόγοις
2643 1582 2981 1653 ἐχρησάμην,
3019 1584 3152 1638 ἀλλά
3198 1589 3390 1658 πεῖραν
3420 1589 3517 1658 τῆς
3552 1590 3650 1659 σῆς

2094 1669 2230 1740 ἔχων
2259 1671 2660 1743 φιλανθρωπίας
2687 1692 2699 1704 υ
2732 1677 2966 1746 ἤκουσας
2997 1679 3104 1750 γάρ
3137 1696 3236 1749 μου
3277 1681 3654 1752 παρακαλοῦν-

2025 1744 2065 1798 Β
2094 1776 2182 1823 τος
2216 1760 2491 1825 πολλάκις.
2534 1744 2762 1818 Κλῖνον-
2803 1767 2868 1820 τὸ
2908 1744 3019 1832 οὖς(
3067 1744 3183 1824 σου
3228 1744 3377 1840 spot;
3424 1771 3583 1836 Ὅλος
3623 1775 3654 1828 ὁ

2094 1848 2224 1913 Θεὸς
2256 1846 2347 1913 οὖς
2379 1853 2545 1918 ἐστιν,
2583 1853 2657 1916 ὡς
2679 1855 2746 1908 τὰ
2779 1856 2956 1911 πάντα
2988 1859 3220 1914 ἀκούων.

2169 1939 2189 2012 [
2223 1943 2368 2011 Ἐγὼ
2392 1944 2704 2012 ἐκέκραξα,
2737 1949 2829 2000 καὶ
2859 1949 2924 2003 τὰ
2950 1949 3094 2020 ἑξῆς.
3124 1953 3201 2004 UO
3240 1954 3414 2026 μάτην
3442 1955 3652 2027 -κράςω,

2097 2032 2210 2086 ἀλλ’
2247 2035 2369 2086 ἐπεὶ
2395 2035 2650 2101 πολλάκις
2673 2038 2929 2108 ἤκουσας,
2967 2041 3103 2094 αἰτῶ
3134 2044 3228 2096 καὶ
3262 2043 3354 2096 νῦν
3386 2047 3655 2119 ἀκουσθῆ-

2097 2141 2204 2179 ναι.
2240 2126 2468 2198 Κραυγὴ
2515 2128 2571 2180 δέ
2602 2131 2716 2182 ἐστι
2762 2131 2897 2202 πρὸς
2941 2131 3075 2186 Θεὸν
3104 2135 3197 2188 κα)⁸
3228 2136 3261 2208 ἠ
3293 2137 3653 2211 ἐπιτεταμένη

2097 2217 2300 2286 νόησις.

2169 2308 2190 2380 [
2219 2311 2285 2363 Τὸ
2317 2309 2501 2380 στέαρ
2531 2313 2728 2366 αὐτῶν
2764 2316 3140 2372 συνέκλειον.
3177 2319 3350 2390 Στέαρ
3387 2321 3487 2392 τὴν
3530 2337 3661 2392 σφο-

2097 2398 2356 2472 δροτάτην
2389 2402 2684 2474 εὐημερίαν
2705 2405 2812 2458 τῶν
2842 2406 3049 2477 ἐχθρῶν
3074 2409 3341 2480 σημαίνει.
3365 2410 3383 2482 ]

2174 2492 2318 2557 Τοὺς
2333 2495 2680 2563 ὀφθαλμοὺς
2716 2497 2910 2550 αὐτῶν
2948 2500 3149 2553 ἔθεντο
3176 2501 3446 2555 ἐκκλῖναι
3484 2501 3554 2556 ἐν
3582 2501 3661 2572 τῇ

2097 2581 2197 2652 γῇ.
2234 2580 2328 2645 Εἷς
2360 2587 2578 2648 σκοπὸς,
2607 2587 2758 2655 φησὶ,
2801 2587 3022 2656 γέγονεν
3059 2590 3257 2657 αὐτοῖς,
3301 2593 3460 2644 οἱονεὶ
3501 2609 3662 2646 κατε-

2098 2674 2287 2742 νέγκαι
2321 2677 2400 2737 εἰς
2431 2676 2551 2745 γῆν,
2581 2677 2674 2728 καὶ
2700 2677 2767 2730 τὰ
2796 2680 2994 2750 σαρκὸς
3033 2683 3214 2733 πεῖσαι
3246 2685 3481 2752 φρονεῖν.

2181 2766 2499 2835 Ῥομφαάν
2537 2785 2652 2823 σου
2695 2769 2812 2822 ἀπὸ
2856 2770 3082 2840 ἐχθρῶν
3118 2773 3234 2827 τῶν
3277 2773 3658 2843 χειρῶνσου.

2118 2857 2349 2930 Ἐκάστη
2387 2861 2493 2916 τῶν
2529 2863 2750 2916 δικαίων
2779 2863 2920 2935 ψυχὴ
2952 2865 3044 2916 καὶ
3087 2865 3320 2934 μάλιστα
3340 2867 3447 2918 τῶν
3472 2866 3660 2920 ἑλκόν-

2099 2967 2206 3003 των
2234 2950 2360 3012 τοὺς
2407 2951 2760 3022 ἁμαρτωλοὺς
2802 2951 2860 3016 ἐξ
2902 2954 3153 3018 ἀσεϐείας
3198 2957 3277 3018 είς
3319 2955 3656 3021 θεοσέϐειαν,

2100 3041 2260 3094 οἱονεί
2278 3058 2392 3104 πως
2407 3045 2649 3113 ῥομφαία
2666 3045 2810 3096 ἐστὶν
2829 3047 3136 3116 ἠκονημένη
3155 3048 3294 3099 κατὰ
3307 3047 3412 3100 τῶν
3426 3048 3660 3118 πνευμά-

2101 3149 2207 3185 των
2231 3133 2331 3203 τῆς
2360 3135 2639 3206 πονηρίας.
2677 3137 2891 3207 Ταύτην
2921 3133 3010 3190 οὖν
3042 3136 3138 3207 τὴν
3175 3138 3463 3207 ῥομφαίαν.
3493 3131 3536 3192 ὦ
3564 3139 3662 3192 Δέ-

2107 3240 2295 3288 σποτα,
2332 3225 2514 3295 φησὶν,
2551 3227 2615 3296 ἦν
2645 3225 2805 3290 αὐτὸς
2834 3227 2975 3280 κατὰ
3012 3227 3118 3281 τῶν
3149 3228 3256 3281 σῶν
3295 3229 3499 3300 ἐχθρῶν
3529 3231 3660 3300 ἡκό-

2105 3332 2290 3384 νησας,
2324 3315 2479 3386 ῥῦσαι
2514 3317 2621 3370 ἀπὸ
2653 3318 2759 3371 τῶν
2809 3319 3017 3390 ἐχθρῶν
3051 3321 3149 3390 τῆς
3199 3321 3295 3391 σῆς
3321 3322 3520 3393 χειρός.
3571 3321 3666 3374 Τί-

2104 3425 2192 3471 νες
2213 3407 2256 3460 δ’
2288 3407 2352 3461 ἂν
2375 3406 2483 3462 εἷεν
2511 3411 2559 3462 οἱ
2597 3409 2697 3479 τῆς
2729 3411 2909 3482 χειρὸς
2934 3411 3026 3464 τοῦ
3057 3413 3188 3467 Θεοῦ
3219 3413 3401 3485 ἐχθροὶ
3434 3414 3466 3485 ἢ
3496 3416 3543 3468 οἱ
3575 3416 3667 3469 ἀν-

2106 3497 2413 3568 θιστάμενοι
2444 3501 2508 3570 τῇ
2553 3501 2632 3563 εἰς
2667 3501 2754 3552 τὸν
2793 3500 3068 3571 Μονογενῆ
3101 3495 3488 3570 αὖτοῦπίστει,
3517 3505 3666 3568 ὅστις

2105 3590 2222 3642 ἐστὶ
2254 3590 2345 3642 καὶ
2374 3591 2495 3662 χεὶρ
2526 3593 2723 3657 αὐτοῦς

2175 3680 2370 3747 Κύριε,
2411 3680 2529 3734 ἀπὸ
2572 3682 2788 3750 ὀλίγων
2825 3684 2944 3738 ἀπὸ
3001 3684 3114 3755 γῆς
3171 3685 3516 3756 διαμέρισον
3558 3689 3666 3743 αὺ-

2108 3772 2268 3836 τούς.
2303 3772 2644 3844 Χωρισθῆναι
2673 3775 2796 3838 τοὺς
2820 3776 3037 3840 ἀσεϐεῖς
3064 3777 3170 3830 τῶν
3195 3778 3390 3846 ὀλίγων
3423 3779 3659 3849 εὔχεται,

439 3891 547 3935 tur.
565 3879 796 3946 Quinam
821 3885 998 3931 autem
1019 3883 1144 3931 sunt
1166 3873 1321 3944 pauci
1342 3873 1440 3935 illi,
1464 3872 1570 3927 nisi
1594 3871 1659 3926 de
1676 3869 2004 3941 quibusdie-

2109 3861 2268 3914 οἱονεί
2293 3879 2407 3924 πως
2445 3861 2877 3935 διαμερισθῆναι.
2904 3867 3058 3930 Τίνες
3082 3868 3138 3920 δὲ
3159 3870 3208 3921 οἱ
3236 3869 3402 3938 ὀλίγοι
3453 3871 3485 3942 ἢ
3536 3872 3667 3942 περὶ

439 3981 556 4026 tum
584 3977 696 4026 est:
717 3967 875 4022 Multi
899 3968 1105 4038 quidem
1121 3974 1242 4019 sunt
1265 3965 1433 4021 vocati
1468 3963 1623 4033 pauci
1640 3979 1754 4016 vero
1777 3960 1962 4015 electi’
1984 3959 2007 4013 ?

2109 3947 2185 4006 ὧν
2213 3953 2491 4008 λέλεκται·
2523 3957 2743 4010 Πολλοὶ
2773 3957 2890 4026 μὲν
2912 3959 3140 4026 κλητοὶ,
3177 3961 3366 4030 ὀλίγοι
3396 3961 3464 4015 δὲ
3492 3961 3665 4016 ἐκλε-

2111 4045 2240 4098 κτοί

500 4216 700 4272 Daniel
719 4216 987 4271 Barbarus
1005 4215 1336 4284 :Praeparata
1349 4220 1452 4280 est,
1477 4213 1672 4284 inquit,
1693 4212 1799 4266 illis
1815 4211 2023 4266 occulta
2043 4227 2197 4281 poena
2217 4226 2335 4282 quae
2363 4227 2531 4280 usque
2557 4211 2621 4265 ad
2640 4211 2846 4266 viscera
2876 4212 3193 4280 penetrabit,
3206 4214 3356 4283 juxta
3377 4213 3502 4270 illud
3520 4213 3666 4286 quod

425 4307 670 4364 ,δεινὼ
693 4309 895 4363 dictum
918 4317 1001 4363 est
1025 4327 1039 4362 :
1067 4307 1134 4361 Et
1167 4307 1381 4361 intravit
1405 4305 1707 4360 maledictio
1729 4307 1882 4375 quasi
1917 4322 2052 4374 aqua
2093 4306 2147 4357 in
2178 4305 2432 4358 interiora
2467 4304 2599 4367 eius,
2625 4315 2672 4356 et
2694 4306 2828 4358 sicut
2854 4305 3022 4359 oleum
3045 4307 3096 4360 in
3120 4306 3323 4361 ossibus
3351 4307 3462 4377 ejus
3492 4309 3532 4360 ³.

516 4462 583 4516 Et
615 4463 675 4516 de
697 4461 1014 4515 absconditis
1047 4463 1150 4515 tuis
1176 4460 1486 4528 adimpletus
1512 4470 1588 4514 est
1615 4469 1786 4515 venter
1813 4476 2011 4514 eorum.

2185 4462 2293 4515 Kal
2319 4461 2437 4515 τῶν
2472 4463 2888 4533 κεκρυμμένων
2927 4480 3041 4519 σου
3069 4465 3344 4536 ἐπλήσθη
3374 4469 3411 4537 ἡ
3440 4471 3672 4542 γαστὴρ

434 4555 728 4619 Omnibus,
759 4555 950 4624 inquit,
984 4552 1235 4623 pretiosis
1263 4551 1416 4621 potiti
1454 4559 1583 4606 sunt
1615 4568 1630 4617 ;
1663 4551 1893 4621 ideoque
1933 4551 2008 4605 ita

2113 4551 2326 4605 αὐτῶν.
2366 4553 2608 4617 Πάντων,
2639 4555 2790 4626 φησὶ,
2834 4555 2942 4608 τῶν
2975 4557 3169 4626 τιμίων
3202 4559 3513 4612 ἀπέλαυσαν
3540 4579 3552 4591 ’
3587 4563 3671 4616 διὸ

443 4646 875 4708 recaleitrarunt,
912 4659 969 4697 ut
1009 4641 1511 4714 praevaricarentur.
1559 4637 1678 4692 Alio
1713 4642 1886 4693 modo.
1932 4637 2011 4694 De

2115 4642 2206 4694 καὶ
2225 4642 2588 4697 ἀπελάκτισαν
2622 4644 2813 4710 οὕτως,
2836 4645 2910 4708 ὠς
2938 4648 3030 4699 καὶ
3063 4651 3414 4718 παρανομεῖν.
3452 4652 3571 4706 Τῶν
3613 4654 3670 4706 δὲ

441 4737 763 4790 absconditis
784 4736 920 4801 tuis,
965 4750 1030 4789 ac
1061 4734 1106 4790 si
1139 4734 1362 4799 diceret,
1397 4748 1534 4802 quas
1577 4738 1636 4786 tu
1683 4746 1874 4802 prunas
1913 4747 2010 4786 oc-

2116 4731 2536 4800 κεκρυμμένων
2568 4749 2684 4788 σου
2713 4736 2836 4787 ἀντὶ
2860 4735 2974 4800 τοῦ,
3003 4731 3076 4790 ὧν
3097 4741 3154 4792 ἐν
3182 4740 3480 4813 ἀποκρύφῳ
3510 4761 3675 4815 τιμω-

442 4829 586 4884 culte
623 4832 785 4894 nosti,
821 4843 920 4898 ego
955 4827 1167 4898 ignoro,
1217 4826 1284 4881 iis
1331 4826 1492 4895 imple
1535 4832 1751 4879 ventres
1795 4839 2008 4880 eorum.

2108 4825 2248 4896 ’ριῶν
2271 4825 2412 4894 ἔχεις
2436 4826 2531 4897 τὴν
2557 4827 2774 4895 γνῶσιν,
2813 4826 2922 4895 ἐγὼ
2948 4828 3145 4897 ἀγνοῶ,
3172 4830 3373 4884 τούτων
3398 4833 3675 4906 ἔμπλησον

443 4924 586 4993 quod
631 4920 928 4991 periphrasi
974 4921 1200 4981 dictum.
1251 4933 1371 4988 pro,
1420 4934 1512 4972 eos
1559 4917 1725 4988 ipsos.
1771 4914 2012 4970 Saturati

2116 4917 2212 4980 τὰς
2243 4918 2513 4989 γαστέρας
2547 4918 2743 4982 αὐτῶν,
2788 4921 3228 4991 περιφραστικῶς
3262 4924 3412 4989 ἀντὶ,
3455 4926 3670 4992 αὐτούς.

439 5023 560 5067 sunt
585 5013 733 5082 ﬁliis,
762 5021 810 5066 et
832 5013 1140 5066 dimiserunt
1168 5010 1413 5079 reliquias
1444 5026 1571 5062 suas
1616 5006 1848 5076 parvulis
1880 5007 2014 5060 suis.

2131 5007 2618 5076 Ἔχορτάσθησαν
2642 5008 2804 5073 υἱῶν,
2837 5009 2934 5062 καὶ
2971 5009 3214 5078 ἀφῆκαν
3243 5011 3313 5064 τὰ
3344 5013 3675 5069 κατάλοιπα

438 5107 597 5163 Omni
631 5105 819 5176 repleti
858 5112 984 5159 sunt
1025 5101 1330 5172 iniquitate,
1364 5109 1417 5157 et
1449 5116 1567 5156 eam
1602 5099 1728 5155 filiis
1757 5099 2013 5154 transmi-

2113 5100 2234 5166 τοῖς
2285 5101 2525 5167 νηπίοις
2575 5099 2790 5154 αὐτῶν.
2845 5102 3070 5172 Πάσης,
3127 5106 3283 5173 φησὶ,
3332 5108 3677 5178 παρανομίας

440 5210 649 5257 ευιοιιηι,
2110 5194 2477 5266 ἐπλήσθησαν,
2501 5197 2594 5250 καὶ
2618 5198 2698 5260 είς
2729 5197 2920 5261 παῖδας
2951 5197 3007 5250 δὲ
3033 5198 3234 5270 ταύτην
3259 5202 3643 5272 παρέπεμψαν.

510 5289 708 5360 [Atque
733 5287 902 5358 ipsam
931 5286 1198 5356 reliquere
1222 5286 1462 5367 parvulis
1496 5284 1727 5339 filiorum
1757 5298 2001 5348 suorum,

2118 5302 2122 5306 λ
2180 5285 2322 5358 [Καὶ
2349 5289 2551 5360 ταύτην
2583 5289 2904 5358 κατέλειῴαν
2933 5293 3042 5354 τοῖς
3064 5293 3277 5362 νηπίοις
3298 5293 3404 5346 τῶν
3427 5294 3557 5347 υἱῶν
3582 5296 3676 5348 αὺ-

441 5380 645 5433 seilicet
676 5393 848 5448 usque
868 5377 932 5432 ad
960 5375 1300 5450 abnepotes]

2108 5379 2234 5440 τῶν,
2266 5380 2430 5450 ἤγουν
2467 5381 2624 5450 μέχρι
2659 5381 2916 5449 ἐκγόνων.
2945 5381 2963 5453 ]

514 5471 600 5524 15.
645 5473 754 5538 Ego
781 5480 955 5523 autem
979 5471 1033 5523 in
1055 5471 1260 5524 iustitia
1291 5467 1547 5539 apparebo
1569 5469 1865 5538 conspettui
1894 5477 2004 5522 tuo.

2193 5468 2336 5538 Ἐγὼ
2371 5469 2439 5522 δὲ
2467 5470 2536 5522 ἐν
2559 5469 2910 5539 δικαιοσύνῃ
2957 5471 3290 5542 ὀφθήσομαι
3330 5473 3408 5539 τῷ
3446 5474 3669 5543 προσώ-
3737 5541 3742 5546 ο

512 5649 536 5681 ⁸
574 5644 739 5699 Matth
799 5661 889 5714 xx,
923 5647 1006 5701 lb.
1087 5649 1111 5678 '
1150 5646 1292 5701 Psal.
1328 5661 1475 5711 cvm,
1507 5646 1591 5700 18.
