3944 6220
315 278 410 334 109

1387 271 1745 329 EXPOSITIO
1789 273 1853 327 IN
1906 275 2236 333 PSALMUM
2275 277 2435 332 XVII.

3431 290 3534 346 ΗΟ

314 406 400 454 ιφ
428 402 559 442 σου.
591 385 710 456 Οὐχ
748 383 1148 456 ὁμοιωθήσομαι
1181 385 1426 448 ἐκείνοις,
1454 385 1574 438 οὐδὲ
1622 384 1728 438 τῶν
1772 385 1869 438 αὑ-

1986 387 2085 442 .‘lon
2115 404 2208 442 cro
2232 391 2424 446 similis
2455 391 2588 458 illis,
2617 407 2791 462 neque
2827 395 3016 451 iisdem
3055 398 3210 467 queis
3247 398 3324 452 illi
3361 402 3531 458 satia-

314 480 438 546 τῶν,
465 477 618 548 φησι,
646 474 1116 547 χορτασθήσομαι·
1152 473 1287 526 ἀλλά
1317 475 1412 544 τῆς
1447 473 1544 544 σῆς
1575 473 1731 546 δόξης
1774 476 1871 548 ιμ-

317 569 698 644 πλησθὴσομαι
729 567 818 620 διά
845 566 1064 620 δικαίων
1097 564 1293 636 ἔργων.

319 709 420 774 Είς
455 705 517 759 τὸ
554 703 730 768 τέλος
770 701 849 766 τῷ
888 701 1047 755 παιδί
1083 703 1302 769 Κυρίου
1339 699 1418 766 τῷ
1450 701 1648 765 Δαυϊδ,
1679 701 1716 757 d
1738 702 1874 756 ἐλά-

387 802 541 865 λησε
577 792 658 858 τῷ
683 792 878 860 Κυρίῳ
910 792 1050 857 τοὺς
1074 795 1294 860 λόγους
1330 791 1439 860 τῆς
1471 791 1628 860 ᾠδῆς
1655 793 1874 861 ταύτης

389 890 460 943 ἐν
490 888 678 955 ἡμέρᾳ
709 879 748 955 ᾖ
776 885 1068 953 ἐρρύσατο
1094 884 1281 937 αὑτὸν
1312 885 1527 952 Κύριος
1568 885 1636 938 ἐκ
1681 885 1875 954 χειρὸς

385 979 625 1034 πάντων
659 976 777 1030 τῶν
805 976 1031 1045 ἐχθρῶν
1075 976 1259 1031 αὑτοῦ
1303 977 1399 1030 καὶ
1442 978 1509 1031 ἐκ
1540 979 1735 1048 χειρὸς
1766 981 1875 1033 Σα-

382 1072 517 1136 οὺλ,
555 1068 653 1123 καὶ
683 1064 870 1122 εἶπεν.
897 1070 1002 1122 12".

922 1223 938 1246 ‘
950 1227 1258 1293 Υπόθεσις.

317 1364 562 1436 Περεέχει
591 1365 619 1416 ὸ
645 1359 851 1432 ψαλμδς
894 1361 1256 1414 ἐπανάστασιν
1295 1358 1502 1430 ἐχυρῶν
1528 1358 1620 1414 καὶ
1647 1356 1874 1433 ἐπίκλη-

387 1472 469 1507 σιν
513 1453 591 1516 εἰς
628 1452 939 1524 συμμαχίαν
986 1450 1139 1515 Θεοῦ,
1175 1452 1268 1503 καὶ⁵
1299 1451 1520 1503 κάθοδον
1565 1449 1659 1504 τοῦ
1699 1453 1874 1506 Μονο-

385 1543 571 1616 γενοῦς
611 1546 705 1598 καὶ
742 1542 1027 1614 ἀνάληψιν,
1067 1544 1162 1596 καὶ
1207 1541 1343 1613 μετά
1383 1541 1477 1613 τὴν
1519 1542 1782 1614 ἀνάληψιν
1807 1543 1876 1597 τὰ

387 1639 521 1691 κατά
570 1636 678 1688 τῶν
714 1635 980 1705 δαιμόνων
1019 1634 1343 1705 πραχθέντα,
1387 1635 1477 1686 καὶ
1528 1633 1617 1687 τοῦ
1663 1633 1874 1706 Ἰσραὴλ

1976 477 2111 533 bor:
2144 481 2236 534 sed
2270 490 2358 534 tua
2393 482 2560 550 gloria
2587 498 2679 552 per
2710 484 2849 538 bona
2877 500 3038 553 opera
3073 489 3338 557 replebor.

1972 703 2116 758 LIn
2162 706 2316 774 ﬁnem
2367 724 2524 776 puero
2573 707 2780 764 Domini
2826 711 3015 780 David,
3065 732 3182 785 qua:
3213 715 3415 772 locutus
3456 729 3531 770 est

2049 794 2274 849 Domino
2324 798 2476 851 verba
2520 802 2712 854 cantici
2761 801 2939 872 hujus,
2995 806 3049 860 in
3077 807 3162 861 die
3201 825 3302 878 qua
3339 801 3528 879 eripuit

2043 901 2160 939 eum
2192 886 2446 941 Dominus
2474 891 2539 943 de
2565 907 2721 944 manu
2757 895 2990 948 omnium
3029 898 3360 953 inimicorum
3392 901 3524 970 ejus,

2047 989 2096 1031 et
2123 979 2186 1033 de
2206 997 2358 1035 manu
2389 981 2542 1049 Saul,
2582 996 2631 1038 et
2655 985 2811 1041 dixit.
2839 987 3178 1048 PSALMUS
3205 991 3400 1052 Χγιι.

2553 1231 2947 1301 Argumentum.
2967 1253 2969 1256 ‘

1967 1350 2224 1414 Continet
2251 1362 2492 1430 psalmus
2538 1366 2889 1438 irruptionem
2921 1368 3292 1435 inimicorum,
3338 1381 3392 1426 et
3429 1373 3529 1426 im-

2052 1449 2404 1519 plorationem
2451 1458 2636 1511 auxilii
2685 1458 2824 1527 Dei;
2866 1462 3182 1516 descensum
3235 1460 3526 1532 Unigeniti.

2041 1553 2095 1596 et
2119 1549 2538 1615 assumptioncm
2561 1550 2698 1619 ejus,
2723 1560 2775 1606 et
2796 1555 3381 1624 postassumptionem,
3407 1573 3530 1626 quae

2041 1642 2228 1686 contra
2255 1633 2524 1693 daemones
2556 1649 2670 1694 acta
2698 1650 2846 1708 sunt,
2875 1643 3196 1712 ejectionem
3238 1643 3450 1700 lsraelis
3477 1655 3532 1701 et

382 1729 628 1799 ἐκϐολὴν,
665 1729 759 1782 καὶ
787 1726 897 1780 τῶν
930 1719 1095 1780 ἐθνῶν
1130 1727 1338 1796 κλῆσιν.
1370 1723 1443 1780 Τὸ
1473 1727 1550 1789 δέ,
1584 1727 1652 1780 ἐκ
1676 1727 1870 1795 χειρὸς

2042 1724 2278 1790 gentium
2303 1729 2657 1784 vocationem.
2679 1730 2812 1786 Illud
2832 1743 3031 1796 autem,
3047 1735 3110 1787 de
3129 1736 3530 1790 manuinimico-

382 1821 503 1874 τῶν
530 1815 757 1889 ἐχθρῶν
785 1819 991 1882 αὐτοῦ,
1027 1819 1125 1874 καὶ
1165 1819 1233 1872 ἐκ
1260 1819 1456 1887 χειρὸς
1488 1819 1706 1881 Σαοὺλ,
1739 1821 1871 1872 άνα-

382 1913 587 1984 φέροιτ’
618 1910 683 1964 ἂν
713 1912 794 1974 είς
833 1911 959 1972 τοὺς
991 1909 1211 1981 νοητοὺς
1241 1910 1464 1980 ἐχθροὺς
1508 1910 1601 1963 καὶ
1627 1909 1716 1962 τὸν
1747 1909 1868 1963 τού-

380 2017 492 2056 των
521 2003 776 2074 ἄρχοντα.

304 2104 307 2107 ’
394 2093 706 2162 Ἀττιπήσω
736 2107 840 2156 σε,
882 2092 1077 2159 Κύριε,
1115 2091 1292 2158 ὶσχύς
1316 2105 1464 2158 μου·
1502 2091 1715 2158 Κύριος
1740 2106 1874 2145 οντε-

303 2181 504 2253 ρέωμά
549 2199 666 2252 μου
725 2181 820 2234 καὶ
867 2178 1175 2248 καταφυγὴ
1221 2195 1360 2250 μου.
1401 2178 1520 2231 Τῶν
1551 2180 1872 2250 εὐεργεσιῶν

313 2275 634 2345 αἰσθόμενος
688 2270 780 2325 τοῦ
830 2269 986 2335 Θεοῦ,
1035 2273 1169 2342 ὅπερ
1220 2270 1337 2324 ἐστὶ
1375 2271 1628 2342 μέγιστον
1681 2272 1866 2343 δῶρον,

313 2367 630 2438 ἀνατίθησιν
653 2363 819 2436 αὐτῷ,
849 2365 946 2436 τὴν
975 2364 1194 2434 ἀγάπην
1222 2364 1394 2435 φημί·
1429 2365 1494 2435 ἣν
1527 2365 1618 2418 καὶ
1649 2365 1871 2436 πρώτην

310 2462 340 2511 ὁ
360 2459 552 2530 Σωτὴρ
580 2460 642 2511 ’ἐν
674 2457 907 2519 ἐντολαῖς
937 2455 1142 2522 ἔταξεν.

383 2547 582 2604 Altior
607 2547 1067 2616 ὲπεκαλεσάμην
1119 2547 1229 2600 τὸν
1275 2546 1490 2615 Κύριον
1519 2546 1614 2600 καὶ
1645 2547 1712 2601 ἐκ
1755 2545 1874 2600 τῶν

307 2641 538 2711 ἐχθρῶν
591 2658 708 2710 μου
767 2638 1131 2708 σωθήσομαι.
1210 2638 1468 2690 Ἐνταῦθα
1518 2637 1872 2709 διδασκόμεθα

311 2734 470 2804 χάριν
514 2732 611 2802 μὲν
632 2731 912 2800 ὁμολογεῖν
945 2731 1083 2801 ὑπὲρ
1110 2729 1216 2782 τῶν
1246 2729 1609 2800 ὑπηργμένων
1632 2729 1868 2798 ἀγαθῶν·

313 2825 486 2876 αἰτεῖν
513 2823 571 2875 δέ
602 2821 764 2874 πάλιν
795 2820 863 2873 τά
887 2820 1150 2874 ἐνδέοντα.
1177 2816 1309 2872 Εἶτα
1335 2820 1598 2890 διηγεῖται
1628 2819 1725 2885 τὰς
1749 2833 1873 2874 παν-

313 2912 554 2976 τοδαπάς
581 2912 687 2965 τῶν
721 2911 992 2982 πολεμίων
1016 2911 1424 2972 ἐπαναστάσεις.

381 3005 707 3075 Περιέσχον
732 3021 809 3073 με
853 3002 1057 3067 ὠδῖνες
1095 2998 1370 3057 θανάτου.
1407 2999 1655 3066 Οὐδενὸς,
1688 2999 1868 3072 φησὶν,

2037 1825 2151 1864 rum
2189 1815 2300 1883 ejus
2336 1828 2384 1869 et
2406 1818 2467 1871 de
2500 1835 2657 1874 manu
2691 1819 2891 1889 Saulis,
2917 1823 2982 1877 ad
3011 1821 3315 1892 spirituales
3340 1827 3524 1884 hostes

2041 1913 2094 1958 et
2124 1906 2316 1960 horum
2351 1910 2647 1981 principem
2683 1913 2873 1970 referri
2905 1925 3103 1986 potest.

2039 2083 2092 2139 Ξ.
2146 2085 2371 2157 Diligam
2421 2100 2486 2157 te,
2527 2090 2772 2156 Domine,
2807 2095 3066 2163 fortitudo
3106 2114 3238 2163 mea,
3279 2097 3530 2154 Dominus

1972 2177 2358 2242 ﬁrmamentum
2410 2201 2577 2238 meum
2637 2196 2686 2240 et
2734 2189 2992 2260 refugium
3032 2209 3222 2248 meum.
3260 2191 3394 2249 Cum
3436 2196 3530 2250 Dei

1973 2271 2200 2325 senserit
2231 2272 2506 2342 beneﬁcia,
2534 2277 2676 2345 quod
2694 2280 2934 2334 omnium
2960 2282 3224 2336 donorum
3246 2293 3330 2339 est
3361 2287 3532 2339 maxi-

1973 2374 2119 2412 mum
2160 2359 2316 2414 oﬂ‘ert
2353 2362 2478 2441 ipsi,
2508 2380 2699 2434 nempe
2736 2368 3078 2438 charitatem,
3112 2372 3198 2426 cui
3236 2375 3439 2442 primas
3471 2375 3526 2428 in

1971 2451 2252 2519 praeceptis
2281 2450 2530 2508 Salvator
2557 2455 2768 2510 detulit.

2039 2536 2093 2592 5.
2141 2536 2386 2596 Laudans
2437 2543 2668 2596 invocavi
2722 2544 3019 2614 Dominum,
3070 2557 3118 2602 et
3178 2550 3240 2602 ab
3297 2553 3522 2608 inimicis

1972 2630 2098 2683 meis
2143 2631 2317 2686 salvus
2364 2651 2470 2687 ero.
2516 2631 2614 2690 Hic
2659 2635 2918 2692 docemur
2950 2640 3175 2710 gratiam
3212 2642 3412 2699 relerre
3455 2644 3522 2699 de

1972 2721 2130 2777 bonis
2169 2725 2366 2790 quibus
2411 2727 2552 2780 aucti
2601 2743 2789 2784 sumus
2827 2747 2840 2783 :
2880 2740 2934 2785 et
2979 2746 3195 2786 rursum
3252 2733 3527 2802 postulare

1973 2827 2093 2881 quae
2123 2813 2336 2870 desunt.
2383 2813 2642 2888 Deinceps
2678 2828 2854 2875 autem
2894 2821 3135 2878 diversas
3177 2834 3393 2879 enarrat
3422 2825 3528 2879 ini-

1971 2905 2235 2960 micorum
2274 2908 2620 2978 irruptiones.

2042 2997 2093 3051 5.
2141 2997 2602 3053 Circumdederunt
2641 3017 2720 3056 me
2755 3003 2958 3058 dolores
3003 3008 3206 3061 mortis.
3235 3005 3350 3062 Non
3385 3026 3529 3064 mor-

311 3097 547 3151 ἐνταῦθα
589 3095 824 3166 πολέμου
877 3093 1069 3162 θνητοῦ
1107 3093 1398 3164 μέμνηται,
1433 3093 1566 3146 ἀλλὰ
1592 3093 1869 3163 δυνάμεων

1986 3088 2080 3142 tale
2107 3089 2192 3143 hic
2211 3090 2407 3145 bellum
2427 3103 2708 3158 memorat,
2738 3094 2830 3149 sed
2873 3096 3168 3153 invisibiles
3210 3110 3526 3169 potestates,

310 3189 556 3258 ἀφανῶν,
588 3188 733 3241 ἔνδον
758 3190 856 3260 τὴν
878 3187 1054 3259 ψυχὴν
1076 3187 1238 3240 αὐτοῦ
1264 3185 1590 3239 κυκλουσῶν.
1625 3185 1733 3238 Καὶ
1752 3186 1871 3253 χεί-

305 3283 521 3349 μαρῤοι
558 3280 808 3349 ἀνομίας
838 3277 1200 3346 ὲξετάραξάν
1221 3294 1314 3346 με.
1361 3275 1582 3340 Ὠδῖνος
1599 3273 1744 3341 ᾅδου
1772 3290 1872 3327 πε-

303 3372 727 3441 ριεκύκλωσάν
752 3390 828 3442 με
856 3390 871 3403 ο
900 3367 1288 3440 προέφθασάν
1303 3385 1382 3437 με
1420 3366 1664 3436 παγίδες
1694 3365 1872 3422 θανά-

310 3480 436 3519 του.
479 3464 782 3536 Χείμαρροι
826 3464 1050 3533 ἀνομίας
1101 3461 1236 3514 εἰσὶν
1279 3464 1324 3514 οἱ
1374 3461 1672 3530 παράνομοι
1729 3459 1872 3528 λογι-

310 3556 437 3627 σμοί
460 3572 474 3585 °
503 3547 650 3608 οὗτοι
682 3554 738 3608 δὲ
771 3553 923 3606 αὐτοὶ
949 3555 1041 3606 καὶ
1067 3552 1254 3615 ὠδῖνες
1293 3551 1577 3605 καλοῦνται
1610 3548 1874 3622 χρονίζον-

310 3663 400 3709 τες
425 3646 484 3698 ὲν
513 3647 667 3716 ἡμῖν,
710 3645 804 3697 καὶ
849 3643 1007 3697 πάλιν
1052 3642 1294 3710 παγίδες,
1342 3641 1692 3705 θανατοῦντες
1726 3642 1871 3713 ἡμᾶς

311 3736 396 3789 διὰ
426 3736 525 3806 τῆς
560 3737 677 3789 κατ’
710 3735 986 3806 ἐνέργειαν
1022 3733 1312 3804 ἁμαρτίας.

380 3828 494 3881 Kal
511 3827 810 3894 ἐσαλεύθη
853 3826 948 3878 καὶ
979 3825 1261 3893 ἔντρομος
1294 3823 1543 3893 ἐγενήθη
1582 3825 1620 3893 ἡ
1789 3825 1869 3877 Τά

312 3919 659 3992 παραχθέντα
701 3918 820 3972 τότε
865 3918 956 3970 ἐπὶ
998 3919 1062 3987 τῇ
1095 3915 1305 3986 καθόδῳ
1345 3915 1437 3968 τοῦ
1479 3915 1680 3985 Κυρίου
1721 3917 1869 3985 εἰση-

311 4014 522 4080 γεῖται·
558 4009 756 4072 πάντες
785 4009 892 4080 γὰρ
938 4009 986 4060 oi
1023 4008 1120 4079 τὴν
1161 4007 1266 4076 γῆν
1313 4005 1584 4069 οἰκοῦντες
1616 4005 1868 4075 ἐκινήθη-

313 4119 410 4155 σαν
431 4120 443 4131 ’
483 4101 633 4155 πᾶσά
664 4117 723 4152 τε
763 4099 914 4170 χώρα
942 4097 1244 4169 ἐπληροῦτο
1275 4097 1377 4167 τῆς
1409 4095 1537 4168 περὶ
1563 4095 1726 4149 αὑτοῦ
1765 4098 1869 4168 φή-

312 4209 440 4262 μης.
477 4191 587 4246 Καὶ
628 4189 700 4243 τὰ
753 4187 996 4258 θεμέλια
1033 4187 1151 4242 τῶν
1202 4186 1386 4256 ὀρέων
1433 4185 1868 4256 ἐταράχθησαν.

313 4285 455 4355 Ὀρη
485 4283 739 4353 δυνάμεις
762 4281 867 4334 εἰσὶ
890 4281 1123 4351 πονηραὶ
1148 4279 1203 4332 αἱ
1231 4279 1583 4349 ἐπαιρόμεναι
1611 4277 1748 4332 κατά
1769 4279 1869 4348 τῆς

1971 3179 2117 3233 intus
2145 3181 2379 3235 animam
2405 3183 2574 3251 ipsius
2603 3185 3018 3244 circumdantes.
3048 3189 3115 3242 Et
3152 3200 3405 3246 torrentes
3431 3194 3528 3248 ini-

1969 3271 2183 3338 quitatis
2214 3271 2651 3327 conturbauerunt
2691 3292 2788 3330 me.
2818 3275 3037 3332 Dolores
3075 3280 3272 3350 inferni
3305 3284 3527 3336 circum-

1969 3360 2219 3414 dederunt
2272 3380 2371 3426 me,
2420 3379 2908 3436 prmoccupaverunt
2962 3386 3040 3423 me
3095 3371 3268 3442 laquei
3321 3375 3524 3429 mortis.

1972 3449 2260 3508 Torrentes
2302 3454 2600 3524 iniquitatis
2640 3467 2767 3512 sunt
2807 3474 2984 3528 prava:
3029 3461 3418 3531 cogitationes:
3451 3479 3528 3518 eae

1969 3543 2112 3596 enim
2139 3544 2266 3613 ipsae
2292 3545 2507 3602 dolores
2537 3558 2797 3602 vocantur
2824 3565 2945 3603 cum
2987 3551 3076 3604 diu
3127 3551 3179 3604 in
3224 3553 3379 3607 nobis
3405 3568 3527 3622 per—

1971 3646 2238 3703 severant,
2284 3648 2336 3691 et
2389 3639 2582 3694 iterum
2631 3641 2828 3710 laquei,
2883 3642 3008 3712 quia
3035 3657 3132 3699 nos
3175 3641 3270 3714 per
3314 3646 3527 3699 actusle

1970 3740 2246 3797 peccatum
2273 3741 2516 3787 enecant.

2040 3820 2092 3873 8.
2139 3819 2412 3875 Commota
2435 3833 2512 3877 est
2550 3834 2600 3878 et
2628 3835 2937 3880 contremuit
2973 3836 3130 3882 terra.
3161 3827 3291 3896 Quae
3336 3831 3392 3884 in
3431 3831 3525 3884 de-

1969 3923 2164 3964 scensu
2205 3909 2418 3965 Domini
2443 3928 2669 3968 evenere
2699 3925 2903 3969 narrat.
2936 3915 3135 3972 Omnes
3160 3920 3300 3972 enim
3336 3919 3526 3973 incolae

1970 4005 2126 4053 terrae
2164 4001 2419 4054 commoti
2451 4010 2597 4065 sunt,
2624 4004 2772 4072 regio
2801 4005 2980 4059 omnis
3012 4007 3130 4074 ejus
3150 4005 3294 4061 fama
3321 4008 3527 4077 repleta

1970 4101 2070 4145 est.
2113 4088 2477 4146 Fundamenta
2504 4094 2758 4146 montium
2796 4095 3108 4150 conturbata
3142 4108 3284 4152 sunt.
3315 4097 3527 4154 Monte.

1970 4188 2098 4235 sunt
2121 4181 2365 4251 malignae
2394 4191 2704 4251 potestates.
2740 4201 2861 4254 quae
2895 4187 3306 4242 insurrexerunt
3331 4189 3521 4244 adver-

1971 4287 2066 4326 sus
2111 4271 2203 4327 Dei
2253 4273 2498 4344 gloriam.
2555 4274 2924 4331 Fundamenta
2971 4287 3149 4333 autem
3205 4295 3390 4334 eorum
3448 4283 3525 4336 ait

310 4374 470 4448 δόξης
498 4373 593 4427 τοῦ
618 4374 772 4426 Θεοῦ.
806 4372 1041 4442 Θεμέλια
1071 4371 1127 4424 δὲ
1158 4370 1334 4422 αὐτῶν
1360 4371 1483 4432 τοὺς
1515 4369 1575 4421 ἐν
1608 4368 1759 4439 βάθει
1786 4369 1870 4423 λο-

1986 4363 2270 4433 profundas
2305 4366 2676 4437 cogitationes.
2713 4367 2778 4422 Et
2823 4380 3080 4423 commota
3114 4382 3234 4424 sunt
3277 4373 3521 4441 quoniam

309 4465 543 4538 γισμούς
576 4482 757 4535 φησιν.
805 4465 914 4520 Καὶ
965 4463 1420 4528 ἐσαλεύθησαν,
1478 4461 1566 4514 ὅτι
1608 4460 1866 4530 ὠργίσθη

1986 4459 2140 4512 iratus
2171 4469 2248 4513 est
2282 4461 2356 4512 eis
2392 4459 2550 4513 Deus.
2583 4458 2721 4527 Quia
2764 4461 3020 4517 diuturno
3050 4464 3306 4534 temporis
3347 4469 3520 4535 spatio

308 4557 512 4624 αὐτοῖς
542 4561 575 4612 ὁ
607 4559 765 4622 Θεός.
798 4556 938 4609 Διότι
975 4557 1031 4608 ἐν
1067 4551 1259 4624 μακρῷ
1283 4553 1438 4606 αἰῶνι
1479 4554 1604 4616 τοὺς
1642 4553 1733 4606 ἐπὶ
1770 4553 1867 4624 τῆς

306 4651 412 4721 τῆς
438 4649 727 4718 ἠπάτησαν
757 4647 845 4701 διὰ
873 4647 971 4717 τῆς
998 4644 1256 4699 πολυθέου
1289 4643 1725 4713 δεισιδαιμονίας·

386 4740 598 4808 Ἀνέϐη
621 4739 848 4805 καπνὸς
872 4739 942 4792 ἐν
962 4735 1110 4807 ὀργῆ
1131 4735 1337 4789 αὑτοῦ.
1371 4735 1693 4806 Ὀργισθεὶς,
1713 4735 1863 4804 φησι,

305 4831 638 4888 κατέσϐεσεν
671 4829 849 4884 αὐτῶν
884 4829 945 4882 τὸ
977 4828 1088 4900 πῦρ
1118 4828 1185 4880 δι’
1219 4822 1279 4881 οὗ
1313 4827 1478 4880 πάλαι
1505 4827 1629 4889 τοὺς
1661 4825 1868 4896 ἀνθρώο

307 4942 440 4989 non;
468 4922 819 4991 κατέφλεγον.
860 4922 968 4973 Καὶ
1015 4921 1202 4974 τούτου
1234 4919 1500 4990 σύμϐολον
1539 4918 1629 4970 τὸν
1663 4917 1866 4972 καπνὸν

303 5016 505 5085 τίθησι.
536 5014 648 5069 Καὶ
690 5013 808 5081 πῦρ
840 5012 957 5066 ἀπὸ
988 5011 1309 5080 προσώπου
1348 5009 1532 5064 αὑτοῦ
1577 5011 1867 5077 καταφλε-

305 5107 574 5177 γήσεται.
609 5105 794 5159 Ταῦτα
808 5103 913 5175 γὰρ
934 5103 1070 5157 ὁτοῦ
1093 5101 1225 5156 Θεοῦ
1253 5102 1380 5165 Υἱὸς
1410 5103 1622 5172 ἐνεργεῖ
1647 5099 1866 5169 ἀφανῶς

305 5197 446 5252 κατά
464 5198 577 5251 τῶν
598 5195 983 5265 ἀντικειμένων
999 5194 1278 5263 δυνάμεων
1301 5193 1362 5245 τὸ
1383 5191 1491 5262 πῦρ
1512 5191 1688 5245 αὐτῶν
1713 5190 1866 5244 σϐεν-

305 5289 396 5352 νὺς
414 5288 591 5361 ἑτέρῳ
615 5287 750 5356 πυρὶ
765 5285 1032 5358 κρείττονι
1064 5286 1154 5338 καὶ⁵
1174 5283 1538 5353 δυνατωτὲρῳ.
1568 5279 1866 5352 [Ὀρῶντες

306 5380 410 5451 γὰρ
430 5383 479 5435 οἱ
511 5379 766 5449 δαίμονες
808 5378 896 5431 τὸν
935 5377 1138 5449 Κύριον
1158 5417 1172 5439 ,
1210 5377 1269 5428 ἐν
1302 5379 1366 5446 τῇ
1406 5374 1674 5446 παρουσίᾳ
1701 5372 1862 5426 αὐτοῦ

306 5469 542 5524 ἐκαίοντο
591 5470 703 5524 άπὺ
755 5467 1045 5538 προσώπου
1093 5463 1316 5536 αὐτοῦ]
1353 5464 1676 5530 Ἀνθρακες
1721 5459 1865 5526 ἀνή-

307 5563 538 5630 Macn-
587 5563 694 5619 ἀπ’
734 5560 944 5614 αὐτοῦ.
987 5559 1048 5612 Ol
1102 5556 1240 5611 κατά
1273 5555 1557 5628 μετουσίαν
1582 5553 1674 5608 τοῦ
1719 5554 1862 5609 θείου

306 5655 462 5731 πυρὸς
486 5654 882 5728 φωτισθέντες.

1969 4557 2123 4604 terrae
2149 4551 2353 4605 incolas
2375 4551 2701 4621 deceperunt
2736 4568 2831 4621 per
2860 4556 3296 4624 superstitiosum
3325 4559 3523 4612 multo-

1966 4658 2086 4697 rum
2114 4645 2394 4699 numinum
2425 4645 2648 4700 cultum.

2040 4734 2092 4788 9.
2145 4735 2391 4789 Ascendit
2439 4737 2617 4802 fumus
2661 4738 2716 4790 in
2751 4739 2834 4792 ira
2876 4739 3010 4808 ejus.
3069 4747 3263 4805 iratus,
3323 4740 3518 4811 inquit,

1965 4841 2152 4881 eorum
2205 4829 2380 4898 ignem
2430 4843 2540 4898 quo
2593 4829 2721 4882 olim
2787 4830 3034 4886 homines
3083 4833 3518 4900 concremabant,

1965 4916 2233 4970 restinxit.
2267 4916 2518 4988 ignisque
2555 4918 2766 4989 signum
2797 4918 3003 4974 fumum
3033 4921 3203 4990 ponit.
3241 4921 3309 4976 Et
3335 4924 3466 4992 ignis
3487 4942 3521 4976 a

1966 5009 2100 5072 facie
2131 5007 2242 5076 ejus
2283 5009 2602 5063 exardescet.
2645 5009 2767 5066 Haec
2815 5013 2958 5066 enim
3006 5012 3100 5067 Dei
3130 5013 3291 5068 Filius
3333 5023 3515 5070 contra

1965 5098 2302 5155 adversarias
2373 5108 2665 5171 potestates
2731 5103 2940 5158 occulte
3017 5113 3270 5174 Operatur
3340 5104 3516 5172 ignem

1964 5205 2150 5245 eorum
2184 5193 2531 5261 exstinguens
2560 5197 2681 5262 igne
2722 5193 2826 5247 alio
2856 5195 3062 5263 potiore
3099 5203 3151 5248 et
3187 5193 3515 5250 ardentiore.

1967 5281 2239 5355 [Videntes
2264 5286 2402 5338 enim
2432 5284 2701 5339 daemones
2726 5284 3035 5352 Dominum,
3059 5286 3110 5339 in
3139 5285 3364 5339 adventu
3400 5285 3520 5355 ejus

1965 5373 2420 5427 comburebantur
2473 5390 2501 5428 a
2547 5373 2682 5429 facie
2727 5373 2943 5445 ipsius.]
2977 5374 3236 5429 Carbones
3284 5377 3517 5432 succensi

1964 5471 2084 5515 sunt
2122 5460 2187 5513 ab
2209 5476 2287 5514 eo.
2319 5461 2359 5516 li
2385 5461 2588 5518 scilicet
2615 5464 2707 5533 qui
2727 5475 2819 5534 per
2847 5462 3312 5533 participationem
3337 5463 3520 5520 divino

1963 5553 2084 5624 igne
2114 5564 2241 5607 sunt
2263 5553 2564 5608 illuminati.

3282 5755 3345 5764 ...α-σ-
