3944 6220
440 312 537 371 ΞΗ

1238 309 1295 367 S.
1336 310 1703 371 ATHANASII
1739 311 1889 370 OPP.
1920 308 2097 403 PARS
2133 310 2228 368 Ill.
2263 340 2333 353 —
2370 308 2780 366 EXEGETICA.

3547 299 3651 355 li!

508 428 598 481 10.
645 422 928 481 Inclinavit
990 425 1165 495 calas,
1209 437 1258 483 et
1299 430 1585 486 descendit.
1641 429 1994 502 Apertissime

2168 426 2275 482 Kal
2318 429 2557 481 ἔκλινεν
2588 424 2899 494 οὐρανοὺς,
2947 423 3041 477 καί
3078 421 3311 490 κατέϐη.
3342 419 3652 473 Λευκότατα

439 518 721 589 prophetat
776 518 1098 574 descensum
1150 518 1386 587 Domini,
1436 532 1489 577 et
1539 523 1644 577 hoc
1693 521 2000 591 signiﬁcare

439 609 649 666 videtur
679 627 692 663 :
726 606 1043 663 Humiliavit
1070 611 1401 681 semetipsum
1422 627 1581 681 usque
1610 611 1679 665 ad
1712 619 1931 665 mortem
1955 611 1994 664 ‘.

438 700 508 757 Et
537 702 706 773 caligo
740 703 836 757 sub
865 702 1082 773 pedibus
1113 704 1248 774 ejus.
1272 702 1554 760 Occultum
1597 705 1653 759 in
1696 703 1997 760 teconomia

423 805 535 847 seu
592 792 965 847 incarnatione
1027 792 1314 848 adventum
1361 794 1651 863 signiﬁcat,
1696 801 1859 863 atque
1904 791 1999 847 Dei

438 885 861 941 invisibilitatem
898 904 913 951 ;
940 901 1007 941 ne
1036 887 1180 942 illius
1215 887 1394 942 verbis
1427 888 1496 943 ad
1527 903 1707 943 rerum
1738 901 1997 957 corpora-

438 976 569 1031 lium
601 977 981 1048 cogitationem
1009 979 1406 1046 pertrahamur.

509 1067 597 1124 li.
643 1070 891 1123 Ascendit
938 1085 1091 1139 super
1135 1069 1400 1124 cherubim
1444 1078 1494 1125 et
1547 1069 1760 1134 volavit,
1808 1068 1998 1124 volavit

438 1175 593 1229 super
624 1175 820 1228 pennas
858 1170 1142 1214 uentorum.
1172 1158 1616 1229 Assumptionem
1664 1159 1813 1214 illius
1848 1158 1998 1214 hisce

439 1250 666 1318 indicat,
683 1252 963 1307 cherubim
990 1260 1044 1307 et
1070 1266 1275 1321 pennas
1298 1260 1582 1306 ventorum
1610 1251 1806 1305 nubem
1842 1258 1999 1304 vocat

442 1341 587 1418 [quae
626 1345 801 1415 ipsum
832 1346 1070 1415 suscepit
1101 1364 1114 1398 :
1152 1354 1244 1400 aut
1273 1345 1534 1401 adventus
1562 1342 1763 1400 Christi
1802 1343 2000 1398 veloci-

438 1441 545 1500 tas,
572 1445 666 1489 aut
706 1435 1004 1505 praesentiae
1028 1443 1082 1489 et
1112 1436 1298 1489 auxilii
1328 1435 1472 1491 illius
1503 1435 1752 1490 celeritas
1792 1433 1999 1505 signiti-

439 1523 640 1597 catur].
685 1526 761 1581 De
802 1543 908 1597 qua
952 1528 1004 1581 in
1041 1527 1264 1582 Actibus
1307 1527 1563 1597 scriptum
1598 1525 1704 1582 :Et
1737 1542 1853 1580 cum
1889 1526 1999 1582 haec

439 1616 679 1686 dixisset,
708 1618 997 1673 bidentibus
1026 1620 1134 1674 illis
1161 1619 1386 1675 elevatus
1411 1628 1509 1688 est,
1530 1626 1578 1673 et
1598 1621 1755 1674 nubes
1774 1619 1999 1688 suscepit

441 1726 557 1765 eum
579 1710 643 1765 ab
677 1713 843 1765 oculis
864 1729 1042 1766 eorum
1068 1713 1111 1767 ⁸.

2099 517 2427 591 προφητεύει
2459 518 2555 589 τὴν
2580 515 2877 569 κατάϐασιν
2897 514 2991 567 τοῦ
3021 514 3245 585 Κυρίου.
3278 510 3377 582 Εῐη
3400 510 3444 563 δ’
3471 509 3537 563 ἂν
3563 523 3631 577 ση

2094 609 2355 680 μαντικὸν
2386 609 2479 663 τοῦ
2510 626 2524 638 ·
2569 610 2993 662 Ἐταπείνωσεν
3028 604 3245 659 ἑαυτὸν
3263 602 3438 672 μέχρι
3477 598 3652 655 θανά-

2098 712 2221 749 του.
2262 696 2371 748 Kal
2402 696 2624 764 γνόφος
2652 695 2769 749 ὑπὸ
2799 695 2938 761 τοὺς
2965 693 3153 759 πόδας
3178 692 3382 746 αὑτοῦ.
3416 689 3489 743 Τὸ
3522 688 3654 758 κρύ-

2096 802 2217 854 φιον
2244 788 2342 857 τῆς
2367 786 2426 838 ὲν
2453 789 2518 857 τῇ
2558 787 2834 857 οἰκονομίᾳ.
2860 786 3082 858 πορείας
3106 785 3255 857 δηλοῖ
3286 783 3377 837 καὶ
3400 780 3462 835 τὸ
3489 781 3653 851 άόρα-

2095 894 2186 930 τον
2215 876 2308 930 τοῦ
2354 877 2487 930 Θεοῦ
2520 894 2534 908 ·
2566 878 2653 931 ἵνα
2694 878 2768 950 μὴ
2806 877 2874 931 δι’
2912 872 2986 932 ὧν
3024 873 3177 931 εἶπεν
3218 877 3297 939 εἰς
3336 872 3653 945 σωματικάς

2097 968 2443 1040 ἑλκυσθῶμεν
2467 969 2695 1033 ἐννοίας.

2181 1059 2393 1128 Ἐπέϐη
2420 1060 2516 1113 ἐπὶ
2544 1062 2825 1131 χερουϐὶμ
2857 1059 2957 1115 καί
2996 1058 3315 1126 ὲπετάσθη,
3351 1054 3652 1124 ἐπετάσθη

2095 1152 2194 1205 ἐπὶ
2234 1154 2542 1223 πτερύγων
2583 1152 2837 1222 ἀνέμων.
2886 1152 2997 1222 Τὴν
3040 1149 3303 1221 ἀνάληψιν
3355 1147 3516 1202 αὑτοῦ
3565 1148 3654 1200 διά

2095 1244 2299 1297 τούτων
2329 1244 2477 1315 δηλοῖ
2502 1261 2517 1276 ο
2556 1245 2821 1317 χερουϐὶμ
2864 1244 2958 1298 καὶ
2992 1245 3264 1315 πτέρυγας
3297 1242 3510 1311 άνέμων
3554 1239 3653 1311 τὴν

2096 1337 2322 1407 νεφέλην
2351 1338 2483 1408 φησί
2510 1335 2664 1409 [ἥτις
2705 1338 2865 1391 αὑτὸν
2900 1336 3163 1390 ὑπέλαϐεν
3186 1351 3200 1365 ⁶
3235 1335 3269 1407 ἢ
3310 1333 3371 1387 τὺ
3399 1333 3497 1403 τῆς
3533 1334 3655 1385 ὲπι-

2098 1427 2319 1498 φανείας
2350 1428 2464 1496 ὀξὺ,
2498 1428 2560 1482 τὸ
2582 1429 2682 1498 τῆς
2711 1429 3011 1500 παρουσίας
3032 1428 3126 1482 καὶ
3167 1425 3414 1497 βοηθείας
3455 1419 3651 1494 τάχος]

2098 1521 2226 1591 περὶ
2267 1514 2336 1591 ἧς
2370 1522 2427 1573 ὲν
2458 1522 2577 1584 ταῖς
2620 1521 2858 1593 Πράξεσι
2913 1521 3262 1592 γέγραπται·
3307 1516 3415 1570 Kal
3467 1514 3657 1567 ταῦτα

2096 1612 2278 1666 εἰπὼν
2316 1613 2670 1677 βλεπόντων
2713 1611 2908 1666 αὐτῶν
2953 1613 3178 1679 ἐπήρθη
3207 1648 3223 1673 ,
3281 1607 3377 1662 καὶ
3429 1605 3654 1675 νεφέλη

2097 1701 2395 1758 ὑπέλαϐεν
2417 1704 2602 1759 αὐτὸν
2638 1704 2754 1759 ἀπὸ
2787 1704 2904 1758 τῶν
2930 1700 3248 1773 ὀφθαλμῶν
3277 1697 3493 1755 αὐτῶν.

510 1762 1173 1873 ῥᾉέιιέιίξέέὲῡὲαε
1219 1802 1501 1857 latibulum
1524 1817 1696 1857 suum.
1725 1799 2002 1856 Occultam

2163 1796 2273 1849 Kal
2305 1795 2470 1850 ἔθετο
2498 1796 2716 1863 σκότος
2747 1762 3340 1865 ὰποκρόφὴνάὐτοῦ.
3377 1791 3487 1860 Τὴν
3522 1789 3656 1858 ἀφα-

438 1892 649 1946 scilicet
706 1901 759 1948 et
830 1893 1088 1948 latentem
1162 1892 1457 1948 Salvatoris
1515 1908 1638 1949 cum
1693 1892 2002 1948 hominibus

438 1980 944 2036 commorationem.
1018 1979 1085 2035 In
1154 1982 1377 2035 circuitu
1435 1981 1546 2050 ejus
1606 1980 2001 2035 tabernaculum

437 2071 574 2140 ejus.
619 2070 1049 2128 Tabernaculum
1088 2082 1329 2129 sanctam
1372 2071 1669 2128 Ecclesium
1711 2071 1998 2142 signiﬁcat,

442 2163 496 2216 in
538 2179 644 2233 qua
691 2164 964 2235 pollicitus
1005 2173 1089 2220 est
1133 2180 1193 2220 se
1233 2165 1619 2219 habitaturum.
1663 2162 1728 2217 In
1775 2164 2000 2217 circuitu

437 2252 575 2321 ejus,
608 2253 720 2319 ait,
752 2254 906 2324 juxta
942 2252 1074 2308 illud
1106 2270 1120 2308 :
1158 2252 1258 2307 Ubi
1301 2252 1406 2307 duo
1435 2252 1512 2307 uel
1554 2264 1657 2307 tres
1703 2253 2001 2323 congregati

440 2339 638 2407 fuerint
684 2342 739 2395 in
787 2343 995 2396 nomine
1032 2357 1164 2405 meo,
1193 2343 1266 2396 ibi
1303 2358 1420 2398 sum
1451 2345 1505 2396 in
1538 2343 1707 2396 medio
1750 2358 1927 2396 eorum
1956 2343 1997 2396 ⁸.

441 2429 733 2485 Tenebrosa
761 2447 898 2503 aqua
941 2434 996 2487 in
1025 2433 1247 2488 nubibus
1280 2436 1439 2488 aeris.
1475 2431 1588 2488 Hoc
1619 2433 1696 2487 ait
1723 2433 1850 2503 quia
1881 2447 2002 2502 quae

439 2524 507 2580 de
533 2523 625 2579 illo
653 2525 1083 2594 praenuntiarunt
1107 2526 1383 2596 prophetae
1417 2526 1652 2581 obscure
1672 2525 1872 2596 jacent.
1895 2522 1998 2589 Qui

440 2613 714 2683 prophetae
743 2613 915 2669 nubes
945 2624 1072 2669 sunt
1103 2614 1378 2685 appellati.

510 2702 597 2756 i3.
647 2701 769 2756 Pra:
801 2702 1002 2773 fulgore
1036 2704 1090 2757 in
1132 2715 1408 2772 conspectu
1440 2702 1552 2773 ejus
1582 2704 1741 2760 nubes
1773 2709 1999 2762 transie-

442 2803 585 2845 runt.
635 2791 864 2856 Lumen,
909 2795 1105 2864 inquit,
1147 2796 1413 2851 adventus
1473 2796 1639 2857 illius.
1685 2798 2000 2856 manifestas

438 2883 673 2939 reddidit
698 2885 1025 2955 prophetias.
1056 2885 1228 2958 [Quia
1253 2895 1434 2943 autem
1457 2890 1906 2947 comminationes
1943 2891 1999 2946 in

438 2974 767 3045 propheticis
796 2975 973 3030 verbis
1000 2976 1284 3043 habentur,
1314 2992 1406 3032 eas
1443 2978 1702 3049 grandine
1727 2991 1781 3035 et
1807 2981 1997 3035 carbo-

2101 1888 2165 1959 νῆ
2200 1888 2293 1940 καὶ
2318 1886 2676 1941 λανθάνουσαν
2700 1886 2792 1941 τοῦ
2814 1887 3062 1959 Σωτῆρος
3101 1887 3197 1939 σὺν
3223 1881 3525 1955 ἀνθρώποις
3547 1880 3658 1933 διαι

2099 1972 2311 2045 τριϐήν.
2340 1975 2552 2039 Κύκλῳ
2573 1975 2759 2029 αὐτοῦ
2792 1977 2832 2044 ἠ
2865 1974 3065 2043 σκηνὴ
3094 1973 3297 2028 αὑτοῦ.
3327 1971 3536 2042 Σκηνὴν
3564 1970 3658 2023 αὑ-

2100 2065 2191 2119 τοῦ
2225 2066 2321 2137 τὴν
2345 2067 2505 2135 άγίαν
2546 2066 2866 2138 Ἐκκλησίαν
2909 2066 3179 2138 σημαίνει,
3214 2066 3272 2118 ἓν
3301 2059 3336 2139 ᾖ
3376 2078 3655 2133 κατασκη-

2102 2155 2268 2211 νῶσαι
2294 2157 2643 2230 ἐπήγγελται.
2666 2160 2879 2222 Κύκλῳ
2905 2158 2959 2210 δὲ
2986 2157 3191 2222 αὐτοῦ,
3228 2156 3381 2227 φησί,
3428 2152 3568 2207 κατὰ
3593 2151 3657 2205 τὸ

2099 2248 2385 2321 εἰρημένον
2404 2267 2418 2280 ·
2439 2250 2629 2304 Ὅπου
2654 2249 2761 2304 δύο
2788 2251 2826 2320 ἣ
2856 2249 3011 2318 τρεῖς
3047 2253 3164 2303 εἱσι
3200 2245 3561 2316 συνηγμένοι
3585 2244 3657 2297 ἐν

2101 2337 2180 2409 τῷ
2202 2339 2320 2410 ἐμῷ
2346 2341 2607 2410 ὀνόματι,
2640 2341 2769 2397 ἐκεῖ
2809 2345 2926 2412 ειμι
2970 2343 3039 2397 ἐν
3062 2341 3229 2411 μέσῳ
3259 2336 3474 2393 αὐτῶν.
3496 2339 3655 2389 ’Σκο-

2100 2432 2298 2487 τεινόν
2324 2433 2478 2502 ὕδωρ
2496 2434 2566 2487 ὲν
2584 2434 2865 2503 νεφέλαις
2889 2433 3096 2503 ἀέρων.
3126 2432 3292 2486 Τοῦτό
3317 2448 3447 2503 φησι
3477 2426 3563 2482 διὰ
3592 2425 3657 2479 τὸ

2098 2524 2362 2595 ἀμαυρῶς
2388 2526 2513 2588 τοὺς
2542 2527 2667 2597 περί
2695 2524 2855 2579 αὑτοῦ
2892 2523 3084 2592 λόγους
3122 2525 3179 2577 ἐν
3209 2526 3321 2586 τοῖς
3354 2520 3654 2594 προφήταις

2031 2686 2049 2697 α
2099 2616 2329 2683 κεῖσθαι,
2360 2618 2551 2681 οἵτινες
2575 2619 2667 2671 καὶ
2687 2616 2902 2686 νεφέλαι
2936 2615 3468 2690 προσηγορεύθησαν.

2182 2707 2324 2763 Ἀπὸ
2363 2707 2472 2777 τῆς
2504 2707 2927 2779 τηλαυγήσεως
2964 2706 3219 2761 ἐνώπιον
3245 2705 3430 2760 αὐτοῦ
3462 2708 3521 2759 al
3557 2722 3652 2759 νει

2099 2798 2274 2867 gelat
2300 2797 2569 2867 διῆλθον.
2605 2798 2676 2851 Τὸ
2710 2797 2842 2868 φῶς,
2896 2798 3048 2867 φησί,
3091 2798 3189 2867 τῆς
3224 2793 3539 2865 ἐπιφανείας
3566 2794 3655 2848 αὺ-

2099 2889 2192 2944 τοῦ
2226 2891 2462 2960 φανερὰς
2497 2891 2595 2954 τὰς
2628 2888 2957 2961 προφητείας
2988 2880 3259 2961 ἐποίησεν.
3296 2888 3317 2961 [
3351 2889 3565 2961 Ἐπειδὴ
3594 2889 3654 2943 δὲ

2101 2981 2194 3034 καὶ
2228 2981 2447 3034 ἀπειλαί
2492 2983 2602 3045 τοῖς
2634 2982 2988 3052 προφητικοῐς
3023 2980 3290 3049 ἔγκεινται
3321 2979 3529 3048 λόγοις,
3560 2980 3654 3031 καὶ

438 3065 600 3121 nibus
626 3065 984 3121 adumbravit.
1020 3063 1139 3132 Vel,
1172 3066 1277 3121 hoc
1309 3067 1466 3122 modo
1494 3087 1506 3122 :
1546 3084 1577 3123 a
1606 3070 2000 3139 praedicationis

2099 3071 2298 3135 ταύτας
2328 3071 2415 3125 διὰ
2447 3073 2544 3143 τῆς
2584 3072 2822 3144 χαλάζης
2858 3075 2949 3127 καὶ
2986 3073 3269 3143 ἀνθράκων
3309 3071 3543 3143 ᾐνίξατο.
3580 3071 3653 3123 Ἥ

438 3156 725 3227 splendore
764 3158 818 3212 in
861 3169 1154 3229 conspectu
1191 3160 1310 3230 ejus
1359 3167 1700 3217 transeuntes
1744 3167 1996 3233 apostoli,

439 3249 665 3304 nubium
717 3251 890 3305 instar
926 3251 1187 3306 mundum
1220 3251 1531 3322 irrigarunt.
1560 3250 1862 3310 Grandines
1897 3272 1999 3312 au-

440 3349 547 3396 tem
573 3341 820 3411 supplicii
843 3357 1010 3411 genus
1038 3350 1185 3409 sunt,
1214 3342 1281 3397 ad
1316 3343 1681 3399 ulciscendum
1709 3346 1997 3421 inlideles.]

442 3431 654 3486 Grando
684 3442 732 3488 et
759 3435 1006 3488 carbones
1028 3434 1181 3504 ignis.
1225 3434 1320 3490 His
1350 3450 1411 3490 ea
1444 3436 1707 3508 signiﬁcat
1732 3455 1851 3510 qua:
1877 3449 2000 3509 post

442 3528 867 3595 assumptionem
898 3526 1016 3595 ejns
1054 3526 1288 3583 inimicis
1324 3528 1656 3592 acciderunt,
1704 3532 1998 3600 spirituali-

440 3615 543 3671 bus
574 3616 715 3671 dico.
759 3615 1222 3684 Quemadmodum
1267 3628 1445 3674 autem
1486 3636 1609 3676 eum
1645 3621 1891 3678 lsraelem
1931 3639 1995 3678 ex

442 3703 711 3776 Egyptiis
729 3706 1000 3772 liberaret,
1030 3709 1343 3779 grandinem
1359 3719 1412 3765 et
1431 3713 1606 3781 ignem
1636 3727 1733 3768 ceu
1761 3714 1995 3784 pluviam

443 3798 665 3854 demisit
697 3816 713 3867 ;
743 3798 814 3853 ita
860 3809 913 3854 et
954 3814 1076 3854 cum
1125 3816 1314 3856 omnes
1354 3810 1540 3872 gentes
1582 3818 1646 3857 ex
1692 3804 1995 3859 darmonum

436 3890 699 3946 servitute
732 3890 1005 3957 liberaret,
1037 3886 1353 3962 grandinem
1379 3891 1561 3963 pluere
1589 3893 1785 3950 fecitct
1812 3896 2000 3951 carbo-

441 3994 541 4035 nes
582 3980 740 4051 ignis.
782 3980 973 4036 Isthmo
998 3989 1179 4035 autem
1220 3980 1423 4039 fuerint
1462 3984 1684 4040 ultrices
1717 3985 1946 4041 virtutes
1980 4004 1994 4042 :

434 4072 641 4138 quibus
673 4072 1035 4145 intelligibiles
1077 4074 1198 4129 illas
1227 4073 1507 4146 Egyptias
1546 4085 1839 4145 potestates
1876 4093 1999 4133 sus-

435 4165 584 4219 tulit.

512 4252 599 4307 16.
647 4250 716 4307 Et
760 4263 1112 4323 apparuerunt
1151 4254 1319 4326 fontes
1347 4246 1637 4326 aquarum,
1680 4265 1785 4312 etc.
1841 4255 1998 4312 Post-

2099 3161 2290 3226 οὕτως,
2322 3162 2430 3216 ἀπὸ
2454 3165 2552 3235 τῆς
2582 3163 2674 3216 τοῦ
2708 3164 3057 3236 κηρύγματος
3090 3163 3411 3235 ὲκλόιμψεως
3442 3162 3655 3234 ἔμπρο-

2102 3254 2226 3307 σθεν
2276 3254 2439 3307 αὑτοῦ
2490 3254 2785 3319 διελθόντες
2815 3257 2864 3309 οἱ
2895 3256 3180 3309 ἀπόστολοι
3213 3254 3450 3325 νεφελῶν
3495 3253 3654 3324 δίκην

2098 3346 2191 3399 τὸν
2210 3345 2412 3415 κόσμον
2434 3347 2570 3415 κατή
2580 3346 2822 3418 ρδευσαν.
2843 3348 2907 3400 Al
2927 3347 2983 3399 δὲ
3000 3346 3227 3418 χάλαζαι
3247 3346 3516 3401 κολάσεων
3533 3346 3649 3417 εἴδη

2100 3438 2225 3500 τοὺς
2252 3436 2610 3500 ἀπιστοῦντας
2637 3436 3017 3509 ἀμυνόμεναι.]
3048 3436 3279 3499 Χὰλαζα
3310 3437 3408 3492 καὶ
3438 3437 3653 3505 ἄνθρα-

2097 3546 2200 3595 κες
2231 3530 2437 3599 πυρός.
2475 3528 2573 3581 Διὰ
2597 3529 2800 3581 τούτων
2828 3530 3079 3599 σημαίνει
3108 3531 3176 3583 τὰ
3219 3529 3355 3601 μετὰ
3382 3528 3478 3601 τὴν
3518 3529 3652 3583 άνά-

2096 3619 2255 3692 ληψιν
2282 3618 2445 3673 αὐτοῦ
2482 3618 2860 3692 συμϐεϐηκότα
2882 3623 2993 3685 τοῖς
3021 3620 3251 3693 ἐχθροῖς,
3302 3624 3415 3686 τοῖς
3440 3624 3647 3694 νοητοῖς

2098 3727 2257 3783 φημι.
2294 3711 2501 3782 Ὠσπερ
2527 3711 2582 3765 δὲ
2609 3712 2699 3765 τὸν
2738 3712 2951 3783 Ἰσραὴλ
2990 3713 3048 3780 ἐξ
3098 3713 3407 3781 Αἰγυπτίων
3440 3714 3652 3767 ἐλευθε-

2098 3800 2208 3873 ρῶν
2260 3798 2496 3871 χάλαζαν
2529 3799 2622 3854 καὶ
2651 3799 2759 3872 πῦρ
2791 3800 3024 3871 ἔϐρεξεν,
3057 3800 3197 3854 οὕτω
3233 3801 3326 3856 καὶ
3375 3803 3550 3856 πάντα
3580 3802 3652 3857 τὰ

2097 3890 2221 3963 ἔθνη
2251 3892 2351 3962 τῆς
2381 3891 2487 3945 τῶν
2512 3891 2779 3962 δαιμόνων
2810 3891 3050 3956 δουλείας
3077 3892 3378 3965 ἐλευθερῶν
3409 3892 3649 3965 χάλαζαν

2096 3982 2280 4055 ἔϐρεξε
2311 3983 2403 4037 καὶ
2434 3982 2708 4054 ἄνθρακας
2738 3983 2927 4054 πυρός.
2968 3982 3149 4037 Ταῦτα
3175 3983 3232 4037 δὲ
3252 3981 3361 4037 εἷεν
3385 3984 3449 4037 ἂν
3477 4002 3650 4056 τιμω-

2097 4076 2316 4146 ρητικαὶ
2342 4075 2615 4146 δυνάμεις,
2662 4073 2727 4128 δι’
2766 4066 2840 4129 ὧν
2871 4073 2969 4138 τὰς
2996 4074 3191 4147 νοητὰς
3221 4074 3514 4145 αἰγυπτίας
3551 4091 3651 4128 κα-

2096 4165 2291 4221 θεῖλεν.

2164 4257 2271 4312 Kal
2300 4256 2585 4327 ὤφθησαν
2613 4258 2672 4311 al
2702 4256 2883 4327 πηγαὶ
2919 4255 3038 4311 τῶν
3068 4255 3327 4311 ὑδάτων.
3371 4256 3524 4312 Μετὰ
3551 4255 3650 4328 τήν

434 4358 603 4415 quam
657 4343 855 4399 sublati
891 4343 1095 4400 inimici
1141 4343 1380 4414 luerunt,
1418 4358 1786 4419 apparuerunt
1818 4350 1996 4405 fontes

2098 4346 2409 4420 καθαίρεσιν
2434 4347 2539 4401 τῶν
2577 4347 2786 4420 ἐχθρῶν
2818 4346 3076 4418 ὤφθησαν
3090 4348 3155 4402 ἀἱ
3188 4348 3359 4419 πηγαὶ
3387 4348 3492 4403 τῶν
3523 4347 3651 4402 ὑδά-

437 4449 729 4505 aquarum,
750 4435 988 4491 salutare
1015 4434 1262 4492 videlicet
1287 4417 1564 4510 Evangelii
1587 4438 1834 4505 verbum,
1852 4440 1994 4510 quod

2098 4456 2235 4493 των·
2266 4417 2463 4511 δηλαδὴ
2520 4438 2549 4491 ὁ
2604 4417 2869 4510 σωτήριος
2922 4417 3016 4492 τοῦ
3074 4417 3402 4508 Εὐαγγελίου
3461 4438 3647 4507 λόγος,

440 4539 567 4579 vere
607 4523 708 4581 luit
748 4526 896 4583 orbis
948 4525 1356 4585 fundamentum
1401 4544 1608 4601 :super
1650 4545 1717 4587 eo
1762 4546 1998 4602 namque

439 4613 647 4673 fundati
674 4627 728 4674 et
753 4619 1049 4675 constructi
1077 4635 1287 4678 sumus.
1318 4620 1416 4677 Vel
1451 4621 1556 4677 hoc
1582 4620 1742 4678 modo
1772 4640 1785 4677 :
1818 4619 1997 4680 fontes

437 4710 676 4782 intellige
712 4720 929 4767 sanctos
968 4711 1278 4784 prophetas,
1329 4720 1515 4784 utpote
1554 4714 1647 4784 qui
1701 4712 1992 4770 salutarem

440 4817 743 4857 sermonem
773 4803 1089 4859 scaturiant.
1118 4801 1196 4858 Ita
1230 4819 1465 4871 namque
1502 4803 1570 4860 de
1596 4803 1702 4860 illis
1732 4805 1993 4875 scriptum

432 4900 561 4949 est:
592 4891 661 4948 Et
691 4894 942 4951 haurietis
967 4912 1129 4968 aquas
1150 4912 1273 4950 cum
1297 4895 1490 4968 gaudio
1522 4895 1586 4951 de
1614 4895 1845 4967 fontibus
1874 4895 1996 4953 Sal-

436 4986 633 5040 caloris
682 4987 724 5040 ⁷.
783 4984 1152 5042 Fundamenta
1201 4988 1326 5042 item
1369 4987 1517 5042 orbis
1569 4996 1745 5056 terrae,
1796 4987 1995 5061 Moysis

438 5075 825 5147 Sapientissimi
869 5076 1201 5147 Scripturam
1247 5076 1482 5149 accipias
1528 5096 1543 5133 :
1587 5077 1643 5133 in
1695 5093 1759 5134 ea
1798 5079 1996 5151 quippe

438 5170 613 5241 prima
642 5169 813 5225 basim
839 5168 962 5227 tidei
1005 5180 1059 5226 ct
1087 5170 1282 5226 divinae
1322 5170 1643 5238 cognitionis
1688 5169 1994 5228 invenimus

438 5262 754 5339 repositam,
794 5263 1108 5336 mysterium
1147 5261 1347 5318 Christi
1377 5266 1430 5317 in
1470 5263 1637 5335 ﬁgura
1671 5271 1991 5335 gestantem,

440 5359 494 5404 et
532 5354 731 5422 pariter
765 5352 821 5410 in
859 5352 1153 5424 praphetis.
1194 5356 1560 5424 Apparuerunt
1606 5355 1786 5425 igitur,
1836 5353 1994 5424 quasi

442 5438 610 5505 dicas.
634 5442 838 5500 ostensi
872 5450 1018 5499 sunt.
1057 5442 1163 5499 Aut
1202 5442 1378 5500 fontes
1417 5443 1682 5517 intelligas
1710 5452 1766 5501 et
1796 5441 1994 5499 funda-

518 5671 547 5704 °
573 5668 807 5743 Philipp.
831 5686 891 5738 ιι,
911 5671 967 5727 8.
1040 5673 1062 5704 '
1100 5671 1217 5730 Act.
1253 5688 1290 5737 I,
1323 5671 1375 5727 9.
1451 5674 1473 5704 '
1508 5669 1697 5729 Matth.
1727 5667 1990 5739 xvttt,28.

2101 4531 2251 4595 ὅστις
2285 4530 2380 4584 καὶ
2410 4530 2657 4601 θεμέλιος
2680 4530 2779 4601 τῆς
2806 4530 3127 4603 οἰκουμένης
3156 4530 3377 4599 γέγονεν
3400 4547 3414 4561 ·
3448 4529 3534 4583 ἐπ’
3560 4530 3650 4583 αὖ·

2094 4620 2184 4676 τὸν
2235 4621 2341 4692 γὰρ
2383 4621 2897 4693 ὲπῳκοδομήθημεν.
2948 4622 3016 4675 Ἢ
3067 4622 3159 4674 καὶ
3211 4620 3380 4685 οὕτως
3404 4637 3416 4652 ·
3470 4622 3651 4692 πηγὰς

2093 4712 2302 4784 νοήσεις
2320 4714 2444 4776 τοὺς
2473 4712 2658 4781 ἁγίους
2690 4713 2991 4785 προφήτας,
3032 4714 3126 4766 ἆτε
3158 4712 3222 4783 δὴ
3256 4711 3345 4766 τὸν
3384 4713 3649 4783 σωτήριον

2093 4803 2490 4869 ἁναϐλύζοντας
2517 4802 2693 4873 λόγον.
2721 4802 2874 4859 Οὕτω
2904 4803 3011 4877 γὰρ
3060 4805 3363 4877 γέγραπται
3391 4802 3521 4875 περὶ
3548 4805 3651 4857 αὐ.

2090 4892 2230 4949 τῶν·
2271 4893 2383 4948 Kal
2425 4893 2754 4961 ἀντλήσετε
2794 4893 2950 4963 ὕδωρ
2987 4894 3113 4964 μετ’
3160 4895 3545 4963 εὐφροσύνης
3578 4893 3649 4950 ἐκ

2093 4984 2298 5056 πηγῶν
2336 4985 2441 5039 τοῦ
2484 4986 2797 5053 σωτηρίου.
2844 4984 3076 5056 Θεμέλια
3100 4984 3156 5038 δὲ
3196 4983 3296 5055 τῆς
3326 4985 3650 5056 οἰκουμένης

2091 5078 2190 5147 τὴν
2216 5076 2489 5139 Μωῦσέως
2519 5074 2613 5129 τοῦ
2658 5076 2930 5144 πανσόφου
2974 5075 3218 5147 Γραφήν.
3245 5075 3499 5147 Κρηπίδα
3541 5076 3651 5149 γὰρ

2092 5169 2326 5233 πίστεως
2353 5170 2446 5221 καὶ
2468 5167 2795 5237 θεογνωσίας
2823 5169 2880 5220 ὲν
2916 5167 3052 5238 αὐτῇ
3099 5169 3189 5221 καὶ
3243 5166 3433 5239 πρώτῃ
3475 5166 3650 5221 τεθει-

2096 5257 2263 5329 μένην
2303 5257 2614 5328 εὑρήκαμεν
2645 5255 2705 5309 τὸ
2739 5255 2972 5327 Χριστοῦ
3020 5258 3313 5333 μυστήριον
3358 5258 3416 5309 ὲν
3460 5256 3653 5321 τύποις

2091 5348 2384 5403 ὠδίνουσαν
2436 5346 2551 5418 ἅμα
2592 5351 2704 5412 τοῖς
2738 5350 3062 5421 προφήταις.
3114 5350 3424 5418 Ὠφθησαν
3473 5350 3653 5404 τοίνυν

2091 5439 2214 5498 ἀντί
2247 5438 2362 5506 τοῦ,
2398 5437 2834 5513 ἐφανερώθησαν.
2874 5442 3081 5512 Ἦγουν
3109 5440 3290 5514 πηγὰς
3317 5442 3531 5514 νοήσεις
3558 5443 3652 5498 καὶ

2093 5665 2115 5701 τ
2153 5663 2259 5722 lsa.
2291 5677 2367 5718 xu
2412 5663 2466 5718 3.
