3944 6220
295 353 380 407 1ιῦ

1343 345 1704 405 EXPOSlTlO
1743 344 1809 402 IN
1850 343 2182 402 PSALMUM
2223 333 2385 399 Χνιιζ

3403 345 3503 398 ill

291 465 500 538 θεμέλια
535 464 637 534 τῆς
672 466 766 518 ὑπ’
805 467 1052 536 οὐρανὸν,
1085 466 1208 529 τοὺς
1236 465 1425 533 άγίους
1464 463 1792 526 ἀποστόλους
1828 479 1842 494 -

1967 474 2126 517 nenia
2160 462 2327 529 orbis,
2358 470 2576 518 sanctos
2608 459 2886 530 apostolos
2919 475 2934 514 :
2963 473 3089 514 nam
3125 464 3179 513 et
3221 458 3323 530 ipsi
3357 460 3504 515 salu-

295 555 695 626 ὰναπηγάςουσι
734 556 844 626 γὰρ
877 557 969 610 καὶ
990 556 1141 610 αὐτοὶ
1161 556 1252 609 τὸν
1275 557 1536 626 σωτήριον
1567 553 1723 620 λόγον
1756 553 1851 606 καὶ

295 653 521 725 κρηπίδα
575 655 646 724 τῇ
699 653 793 705 ὑπ’
837 652 1062 723 οὐρανὸν
1106 651 1462 706 κατεϐάλοντο
1515 648 1614 720 τὴν
1646 648 1855 707 πίστιν.,

296 744 476 814 Πηγὰς
501 742 559 795 δὲ
600 742 811 796 ὑδάτων
853 743 947 798 καὶ
974 742 1199 814 θεμέλια
1235 743 1334 814 τῆς
1363 743 1682 814 οἰκουμένης
1731 741 1854 813 ναή-

296 851 400 897 σεις
431 832 592 884 πάλιν
614 832 678 885 τὸ
713 832 976 903 σωτήριον
1001 832 1298 902 βάπτισμα.

375 925 505 979 Απὸ
559 923 952 993 ἐπιτιμήσεως
1001 940 1117 978 σου
1142 963 1160 988 ,
1213 925 1411 991 Κύριε.
1468 925 1855 994 Προσυπακου-

1955 562 2069 608 tare
2121 553 2342 608 verbum
2394 552 2726 617 scaturiunt,
2781 561 2835 608 et
2899 550 3308 606 fundamentum
3357 552 3506 608 orbis

1956 656 2272 718 posuerunt,
2314 646 2472 702 ﬁdem
2521 645 2788 701 videlicet.
2822 642 3023 700 Fontes
3066 644 3190 700 item
3227 653 3281 701 et
3313 645 3507 703 funda-

1950 748 2129 794 menta
2167 738 2317 792 orbis
2355 737 2650 793 salutarem
2690 735 3015 806 baptismum
3043 735 3501 808 interpretaberis.

2023 920 2109 975 l7.
2152 919 2228 973 Ab
2279 920 2628 989 increpatione
2675 928 2787 986 tua,
2825 916 3061 972 homine.
3111 915 3462 986 Subintellige
3488 955 3504 982 ,

296 1015 444 1069 στέον
473 1016 554 1078 τὸ,
579 1015 919 1088 ἀνῃρέθησαν
956 1017 1003 1067 oi
1043 1014 1428 1086 προλεχθέντες
1460 1014 1662 1086 ἐχθροί.
1715 1011 1851 1066 Ἀπὸ

1967 1012 2150 1067 sublati
2183 1022 2312 1067 sunt
2341 1011 2583 1081 praedicti
2615 1011 2819 1067 hostes.
2855 1011 2932 1066 Ab
2968 1011 3311 1080 inspiratione
3343 1009 3506 1079 spiri-

293 1107 672 1175 ἑμπνεύσεως
696 1107 1033 1174 πνεύματος
1070 1105 1253 1174 ὀργῆς
1303 1121 1438 1160 σου.
1475 1107 1549 1158 Οὐ
1603 1104 1855 1175 παραυτά

1975 1122 2034 1159 us
2053 1107 2146 1159 ira:
2169 1114 2291 1159 tute.
2321 1103 2436 1160 Non
2468 1114 2643 1160 autem
2667 1105 2845 1161 statim
2870 1120 2993 1160 cum
3022 1102 3506 1173 peccanthomines

291 1196 414 1259 Θεὸς
445 1197 660 1262 κολάζει
690 1198 812 1261 τοὺς
843 1197 1252 1266 ἁμαρτάνοντας
1278 1214 1291 1227 ο
1352 1197 1384 1266 ἢ
1436 1196 1546 1269 γὰρ
1597 1195 1662 1250 ἂν
1686 1195 1852 1266 ἄρδην

1967 1211 2044 1250 :os
2074 1195 2216 1250 Deus
2247 1195 2433 1265 punit;
2459 1210 2584 1248 nam
2618 1194 2664 1250 si
2689 1195 2790 1250 hoc
2817 1195 2985 1262 ﬂeret,
3011 1195 3112 1264 ipsi
3147 1194 3306 1264 plane
3343 1193 3509 1247 inter-

290 1287 568 1341 ἀπώλοντο
593 1306 604 1319 ·
642 1291 1019 1358 προαναφωνεί
1045 1289 1100 1342 δὲ
1125 1288 1221 1358 τῆς
1245 1288 1414 1359 ὀργῆς
1435 1287 1534 1352 τὰς
1564 1286 1808 1350 κολάσεις
1835 1301 1851 1317 ⁶

1949 1287 2091 1341 irent
2143 1305 2157 1342 :
2198 1301 2323 1340 nam
2371 1286 2465 1340 iraa
2491 1286 2760 1356 supplicia
2803 1287 2960 1356 longe
3008 1295 3135 1340 ante
3180 1283 3509 1356 praenuntiat

292 1379 601 1433 Παιδεύσω
645 1380 756 1448 γὰρ
785 1381 1007 1447 αὐτοὺς
1050 1381 1120 1434 ἐν
1161 1381 1236 1450 τῇ
1275 1379 1423 1450 ὀργῆ
1452 1381 1562 1450 τῆς
1595 1381 1853 1449 θλίψεως

1967 1393 2110 1448 luam
2149 1377 2375 1448 inﬂigat.
2404 1376 2491 1431 Ait
2517 1379 2662 1432 enim
2711 1396 2724 1433 :
2770 1376 3067 1446 Corripiam
3100 1393 3186 1431 eos
3215 1377 3268 1431 in
3296 1377 3381 1430 ira
3411 1377 3510 1430 tri-

291 1465 506 1521 αὐτῶν.
545 1470 656 1521 Καὶ
701 1468 859 1522 τοῦτό
901 1471 1013 1522 ἐστι
1045 1469 1104 1522 τὸ
1134 1470 1389 1523 ὲιιπνέειν
1440 1468 1600 1522 αὑτὸν
1640 1465 1852 1538 πνεῦμα

1967 1469 2235 1523 mtationis
2268 1484 2447 1523 eorum
2481 1469 2522 1522 ⁸.
2555 1467 2620 1523 Ει
2648 1469 2704 1524 in
2739 1469 2844 1525 hoc
2872 1469 3073 1524 dicitur
3102 1467 3370 1538 inspirare
3406 1465 3512 1535 spi-

293 1560 385 1629 τῆς
420 1561 585 1630 ὀργῆς
621 1561 807 1615 αὑτοῦ.

1949 1559 2115 1614 ritum
2141 1559 2236 1613 ira:
2265 1573 2395 1613 suae.

363 1691 550 1747 Daniel
585 1693 896 1748 Barbarus:
928 1695 1072 1749 Misit
1103 1695 1166 1750 de
1211 1699 1336 1750 cato
1380 1707 1430 1751 et
1471 1697 1670 1766 accepit
1704 1712 1804 1750 me.
1838 1693 1974 1750 Vere
2011 1693 2308 1748 humanum
2353 1707 2522 1764 genus
2562 1694 2813 1760 servavit,
2849 1693 2916 1749 de
2959 1693 3097 1749 caelo
3143 1693 3302 1749 nobis
3339 1691 3512 1748 sancti

297 1781 526 1852 Spiritus
551 1785 752 1838 donum
783 1786 1094 1841 demittens.
1118 1787 1419 1843 Tlieodotio
1453 1807 1466 1842 :
1497 1787 1574 1842 De
1595 1788 1720 1842 caelo
1750 1787 1980 1841 salutem
2004 1785 2135 1838 mihi
2161 1784 2374 1842 tribuit.

359 1895 776 1963 Προσελάϐετό
804 1916 882 1967 με
935 1899 1004 1963 ἐξ
1062 1900 1296 1956 ὑδάτων
1340 1901 1606 1956 πολλῶν.
1645 1903 1854 1956 ’Υδατα

2028 1902 2323 1970 Assumpsit
2351 1918 2430 1955 me
2463 1919 2526 1955 ae
2555 1903 2704 1972 aquis
2735 1900 2938 1956 multis.
2966 1899 3153 1972 Aquas
3173 1899 3306 1957 dicit
3337 1909 3514 1958 tenta-

293 1988 410 2049 τοὺς
446 1990 786 2058 πειρασμούς
821 2008 973 2062 φησι.

358 2076 489 2149 [Ἐξ
533 2079 770 2134 ὑδάτων
804 2083 1069 2138 πολλῶν.
1118 2085 1322 2138 ’Υδατα
1371 2087 1493 2150 τοὺς
1521 2086 1856 2157 πειρασμούς

297 2185 445 2238 φησι.
475 2172 637 2239 Λέγει
681 2176 709 2226 ὁ
751 2175 940 2228 Δαυῖδ·
973 2176 1184 2230 Ἕλαϐέ
1204 2194 1299 2245 με,
1340 2178 1459 2248 ἢτοι
1507 2179 1606 2249 τὴν
1649 2178 1856 2250 ἀνθρωαι

300 2259 450 2314 πείαν
483 2261 677 2329 φύσινο
713 2264 1115 2336 ἐϐαπτίσθησαν
1165 2266 1273 2337 γὰρ
1324 2268 1381 2320 ὲν
1424 2271 1490 2339 τῇ
1527 2268 1706 2340 ἡμέρᾳ
1755 2269 1856 2339 τῆς

299 2350 671 2424 Πεντηκοστῆς
703 2355 832 2410 ὡσεὶ
861 2358 1029 2427 ψυχαὶ
1061 2359 1351 2430 τρισχίλιαι
1400 2361 1503 2413 ὑπὸ
1553 2361 1663 2417 τῶν
1718 2362 1854 2415 ἀπο·-

296 2442 512 2496 στόλων.
535 2443 553 2516 j

372 2534 647 2588 Ῥὐσεταί
665 2555 742 2604 με
767 2537 835 2591 ἐκ
883 2538 1001 2592 τῶν
1025 2541 1251 2610 ἐχθρῶν
1289 2560 1402 2609 μου
1434 2541 1723 2607 δυνατῶν,
1755 2545 1853 2598 καὶ

294 2623 358 2674 ἐκ
385 2623 505 2676 τῶν
532 2629 879 2694 μισούντων
920 2647 1014 2699 με.
1065 2633 1157 2696 Είς
1201 2633 1268 2686 τὰ
1297 2634 1656 2704 πεπραγμένα
1710 2634 1855 2705 αὐτῷ

293 2714 382 2769 ἐπὶ
408 2719 474 2787 τῇ
503 2718 746 2790 ἁμαρτίᾳ
777 2722 870 2775 καὶ⁸
906 2726 970 2793 τῇ
1010 2725 1265 2796 μετανοίᾳ
1296 2724 1515 2795 μετέϐη.
1551 2728 1614 2778 Ὂ
1629 2725 1684 2779 δὲ
1707 2726 1855 2794 λέγει

295 2805 528 2859 τοιοῦτόν
577 2812 743 2866 ὲστιν.
785 2813 922 2885 Ἤδη
974 2816 1090 2884 μὲν,
1129 2815 1228 2884 τῆς
1266 2815 1702 2886 ὲξομολογήσεώς
1755 2834 1852 2886 μου

296 2895 598 2960 ἐπακούσας
621 2899 648 2948 ὁ
682 2898 904 2968 Κύριος,
938 2901 1126 2970 γέγονέ
1158 2920 1247 2974 μοι
1268 2905 1687 2974 άντιστήριγμα,
1730 2903 1857 2974 μέλ-

295 2985 478 3049 λοντός
529 3005 627 3058 μου
659 2993 1078 3063 περιτρέπεσθαι
1108 2996 1202 3048 καὶ
1228 2996 1370 3065 μέγα
1404 2995 1602 3066 πτῶμα
1653 2997 1856 3066 ὑπομέ-

293 3091 421 3141 νειν,
474 3079 523 3130 εί
565 3080 700 3148 μετὰ
735 3081 833 3152 τὴν
861 3083 1133 3154 ἁμαρτίαν
1161 3086 1238 3148 είς
1283 3086 1518 3156 παντελῆ
1567 3085 1853 3152 ἐξέπιπτον

292 3168 642 3225 ἀποστασίαν.
703 3172 848 3241 Πλὴν
898 3174 1031 3226 ἀλλὰ
1075 3176 1169 3230 καὶ
1213 3177 1488 3241 παντελῶς
1518 3177 1739 3247 ῥύσεταί
1783 3195 1857 3248 με,

1959 1991 2166 2050 tiones.

2026 2083 2153 2156 [De
2195 2086 2346 2155 aquis
2395 2087 2598 2142 multis.
2627 2087 2812 2158 Aquas
2842 2095 3000 2142 vocat
3042 2087 3384 2144 tentationes.
3425 2085 3519 2144 Ait

1958 2174 2122 2230 David
2158 2193 2171 2230 :
2207 2177 2416 2245 Accepit
2462 2194 2563 2240 me,
2616 2178 2719 2232 hoc
2761 2188 2844 2233 est
2884 2178 3177 2232 humanam
3226 2187 3514 2234 naturam:

1955 2266 2222 2335 baptizata
2253 2281 2487 2335 namque
2511 2274 2638 2321 sunt
2663 2267 2716 2320 in
2742 2266 2828 2321 die
2853 2265 3198 2322 Pentecostes
3227 2267 3384 2338 quasi
3412 2267 3516 2322 tria

1955 2357 2121 2410 millia
2143 2357 2448 2410 animarum
2478 2357 2547 2412 ab
2565 2355 2872 2429 apostolis.]

2026 2534 2112 2588 18.
2155 2533 2360 2602 Eripiet
2383 2548 2463 2586 me
2493 2533 2557 2586 de
2593 2531 2820 2586 inimicis
2847 2532 2976 2585 meis
3010 2531 3337 2601 fortissimis,
3362 2539 3412 2585 et
3449 2532 3514 2585 ab

1955 2625 2022 2678 iis
2045 2626 2135 2694 qui
2157 2625 2378 2677 oderunt
2411 2639 2510 2688 me,
2532 2631 2633 2677 etc.
2655 2623 2872 2678 Transit
2894 2623 2958 2677 ad
2989 2638 3052 2678 ea
3079 2623 3379 2679 enarranda
3395 2638 3518 2693 quae

1955 2714 2158 2784 peccati
2204 2722 2258 2766 et
2306 2712 2637 2782 poenitentia:
2670 2727 2832 2768 causa
2873 2712 3002 2783 egit.
3043 2711 3198 2778 Quod
3231 2720 3411 2767 autem
3442 2713 3520 2766 ait

1955 2805 2034 2859 sic
2077 2802 2377 2871 intelligito.
2425 2799 2544 2855 Jam
2586 2816 2705 2855 mea
2739 2802 2991 2856 exaudita
3025 2800 3365 2858 confessione
3407 2801 3518 2857 Do-

1956 2894 2136 2948 minus
2175 2892 2351 2948 factus
2391 2901 2472 2946 est
2508 2891 2640 2947 mihi
2681 2892 2738 2946 in
2793 2891 3058 2960 fulcrum,
3101 2907 3224 2948 cum
3272 2893 3519 2963 proxime

1955 2995 2100 3041 esset
2126 2996 2303 3055 utego
2338 2985 2786 3050 subverterer,-et
2804 2987 2858 3039 in
2892 3000 3150 3056 magnum
3177 3001 3363 3042 casum
3392 3001 3519 3041 rue—

1959 3093 2066 3131 rem
2101 3077 2194 3143 ,si
2221 3084 2344 3146 post
2385 3084 2665 3146 peccatum
2704 3076 2758 3130 in
2797 3075 3042 3132 ultimam
3069 3076 3388 3132 decidissem
3425 3077 3520 3132 de-

1958 3167 2277 3226 fectionem.
2300 3168 2564 3222 Caeterum
2588 3183 2816 3238 prorsus
2845 3166 2934 3222 ille
2956 3167 3148 3237 eripiet
3171 3184 3277 3233 me,
3299 3177 3355 3223 et
3371 3166 3522 3222 dabit

291 3258 461 3322 διδοὺς
506 3261 698 3330 ἄφεσιν
730 3265 828 3334 τῆς
868 3265 1139 3338 ἁμαρτίας
1162 3267 1300 3321 κατὰ
1328 3269 1417 3321 τὸν
1444 3269 1853 3340 προφητευόμε-

1967 3257 2158 3327 peccati
2184 3256 2420 3322 veniam,
2450 3266 2690 3327 tempore
2723 3256 2988 3312 adventus
3017 3258 3139 3327 ejus
3182 3273 3210 3312 a
3241 3257 3519 3327 prophetis

291 3365 374 3400 vov
408 3351 600 3421 καιρὸν
627 3352 727 3422 τῆς
756 3355 918 3408 αὐτοῦ
949 3357 1264 3428 παρουσίας,
1310 3359 1404 3412 καὶ
1453 3359 1608 3414 τοῦτο
1637 3362 1863 3425 ποιήσει

290 3438 592 3508 εὐεργετῶν
623 3457 690 3511 με
719 3443 746 3495 ὁ
791 3445 1012 3513 Κύριος,
1047 3445 1174 3498 Ὀτι
1218 3444 1483 3514 ἠθέλησέ
1523 3464 1619 3514 με.
1675 3447 1737 3499 Ei
1778 3447 1854 3517 μὴ

291 3531 394 3600 γὰρ
421 3529 655 3601 ἠθέλησέ
686 3549 776 3603 με,
820 3535 918 3586 οὐκ
961 3535 1026 3588 ἂν
1059 3537 1150 3588 τὸν
1200 3537 1481 3608 προφήτην
1510 3536 1669 3590 αὑτοῦ
1718 3537 1857 3609 πρὸς

295 3621 357 3688 μὲ
381 3620 695 3676 ἀπέστειλε.

356 3708 900 3765 Καὶὰνταποόώσει
927 3731 1028 3781 μοι
1055 3715 1287 3782 Κύριος.
1321 3715 1644 3786 Πέπεισμαι,
1668 3717 1871 3786 φησὶν,Δ

290 3797 368 3849 ὅτι
386 3799 529 3858 κατὰ
550 3801 641 3852 τὸν
668 3803 854 3873 καιρὸν
879 3803 976 3872 τῆς
1003 3804 1396 3876 δικαιοκρισίας
1420 3805 1605 3870 αὑτοῦ,
1635 3807 1694 3860 οὐ
1721 3823 1855 3877 μνη-

292 3889 558 3956 μοδεύσας
589 3909 689 3962 μου
718 3898 816 3957 τὰς
850 3895 1123 3965 ἁμαρτίας
1151 3936 1164 3960 ,
1196 3895 1339 3949 κατὰ
1383 3897 1480 3966 τὴν
1513 3896 1865 3967 δικαιοσύνην,

293 3995 388 4048 μου
417 3981 808 4038 ἀνταποδώσει.
860 3984 969 4048 Τὰς
998 3985 1105 4057 γὰρ
1154 3987 1317 4048 ἄλλας
1348 4005 1448 4058 μου
1493 3987 1719 4059 πράξεις
1757 3990 1857 4053 τὰς

289 4068 346 4119 ὲν
373 4067 692 4143 δικαιοσύνῃ
716 4069 901 4143 ὥσπερ
935 4072 1084 4143 ζυγῷ
1120 4073 1603 4144 ἀντιπαραϐάλλων
1636 4075 1731 4127 καὶ
1761 4076 1854 4128 ἀν-

290 4162 550 4230 τιστήσας
597 4160 676 4230 τῷ
710 4161 1059 4234 ἁμαρτήματί
1108 4181 1232 4232 μου,
1268 4163 1410 4216 κατὰ
1461 4164 1592 4218 πολὺ
1633 4164 1856 4218 πλεονα-

290 4245 489 4313 ζούσας
535 4252 761 4323 εὑρήσει
804 4253 897 4306 τοῦ
956 4255 1242 4324 γενομένου
1300 4272 1388 4325 μοι
1441 4256 1871 4327 ἀμαρτήματος.,

289 4339 538 4392 Διδάσκει
575 4341 632 4394 δὲ
656 4343 683 4395 ὁ
717 4342 871 4410 λόγος
901 4343 962 4397 τὸ
987 4344 1243 4397 δύνασθαι
1274 4345 1362 4398 τὸν
1395 4346 1537 4399 κατά
1562 4363 1679 4400 τινα
1705 4347 1857 4401 ἀσθέ-

288 4447 434 4485 νειαν
468 4432 808 4504 ὠλισθηκότα
833 4436 1233 4507 ἀναλαμϐάνειν
1259 4437 1446 4491 ἑαυτὸν
1468 4437 1554 4491 διὰ
1592 4439 1878 4511 δευτέρων,

291 4523 750 4594 κατορθωμάτων.
1419 4518 1423 4524 ’

1960 3349 2338 3418 praenuntiata.
2377 3347 2541 3418 quue
2583 3357 2705 3416 aget
2735 3348 3000 3404 Dominus
3027 3349 3348 3405 beneﬁcium
3385 3346 3520 3403 mihi

1961 3441 2221 3506 tribuens,
2249 3440 2511 3506 Quoniam
2545 3442 2706 3495 coluit
2746 3458 2845 3495 me.
2874 3441 3010 3496 Nam
3044 3442 3090 3498 si
3120 3457 3206 3496 me
3239 3441 3516 3507 noluisset,

1961 3547 2308 3603 nequaquam
2325 3533 2639 3602 prophetam
2671 3549 2830 3588 suum
2857 3533 2924 3588 ad
2961 3549 3047 3588 me
3073 3533 3334 3589 misisset.

2029 3708 2119 3762 9-1.
2163 3709 2232 3762 Et
2266 3709 2510 3764 retribuet
2553 3711 2678 3763 mihi
2721 3709 3001 3777 Dominus,
3042 3717 3146 3765 etc.
3189 3708 3521 3766 Persuasum

1960 3800 2114 3865 mihi,
2140 3799 2338 3870 inquit,
2375 3809 2477 3864 est,
2507 3816 2630 3856 eum
2658 3810 2901 3871 tempore
2935 3802 3070 3872 justi
3099 3802 3296 3872 judicii
3330 3816 3523 3871 pecca-

1963 3901 2140 3945 torum
2184 3908 2429 3947 meorum
2477 3893 2874 3958 immemorem,
2919 3895 3216 3949 secundum
3254 3893 3520 3964 justitiam

1961 4000 2135 4039 meam
2187 3985 2322 4039 mihi
2377 3985 2792 4040 retributurum.
2847 3985 2984 4040 Cum
3033 3984 3182 4039 enim
3241 3985 3347 4038 alia
3401 3999 3522 4042 mea

1959 4091 2123 4144 opera
2149 4075 2200 4129 in
2221 4075 2434 4143 justitia
2464 4075 2607 4132 edita
2632 4076 2684 4130 in
2722 4076 2878 4132 lance
2908 4075 3246 4146 comparabit
3264 4084 3319 4132 et
3349 4090 3522 4146 oppo-

1959 4175 2051 4220 net
2079 4174 2300 4236 peccato
2338 4181 2479 4230 meo,
2527 4167 2755 4221 multum
2793 4183 2857 4223 ea
2899 4176 3118 4237 peccato
3143 4181 3294 4223 ame
3327 4181 3520 4238 perpe-

1959 4267 2098 4313 trato
2150 4258 2563 4327 praeponderare
2607 4259 2861 4314 inveniet.
2904 4259 3138 4314 Docetur
3176 4267 3356 4316 autem
3397 4273 3520 4315 eum

1959 4349 2052 4416 qui
2114 4346 2426 4401 inﬁrmitate
2487 4349 2725 4418 quadam
2795 4350 2982 4419 lapsus
3041 4348 3146 4413 sit,
3208 4362 3370 4418 posse
3427 4362 3524 4418 per

1958 4439 2195 4494 secunda
2218 4440 2360 4496 bona
2391 4455 2557 4512 opera
2583 4441 2638 4495 in
2673 4440 2968 4512 pristinum
3007 4455 3068 4496 se
3104 4441 3330 4513 gradum
3365 4439 3524 4495 resti-

1959 4538 2131 4588 tuere.

355 4609 759 4687 [Δικαιοσύνην
787 4615 885 4686 τὴν
905 4615 1138 4671 καθόλου
1165 4616 1362 4689 ἀρετὴν
1389 4618 1536 4687 λέγει
1559 4635 1573 4650 ο
1599 4620 1697 4690 τὴν
1725 4637 1857 4692 πρα-

2038 4620 2332 4694 [Justitiam
2405 4637 2630 4682 omnem
2679 4624 2936 4679 virtutem
2993 4623 3172 4690 dicit;
3233 4624 3524 4695 puritatem

285 4701 480 4773 κτικὴν
511 4703 856 4775 καθαρότητα
881 4706 1076 4778 χειρῶν
1103 4709 1201 4770 τὰς
1229 4709 1536 4778 πρακτικὰς
1585 4711 1857 4782 ἐνεργείας

1967 4729 2226 4770 manuum
2273 4714 2327 4770 in
2380 4715 2608 4786 agendo,
2657 4716 2959 4786 inculpatas
3011 4717 3375 4787 operationes,
3405 4733 3527 4788 qua:

286 4793 622 4861 ἀμολύντους
651 4795 946 4862 γενομένας·
976 4796 1038 4848 τὸ
1075 4797 1183 4850 ἀπὸ
1213 4797 1493 4870 βελτίστης
1529 4798 1694 4864 ἕξεως
1717 4800 1857 4859 άποέ

286 4883 577 4938 τελεῖσθαι.
601 4883 622 4956 ]

1969 4807 2037 4862 ab
2064 4807 2274 4877 optimo
2301 4807 2486 4862 habitu
2512 4815 2568 4863 et
2593 4805 2797 4863 affectu
2824 4807 3163 4881 procedam]

286 4898 577 4938 τελεισυαι.

357 5046 548 5103 Daniel
585 5048 858 5104 Barbarus
887 5065 904 5104 :
931 5049 1199 5107 Caeterum
1222 5052 1317 5122 qui
1339 5052 1456 5108 hazc
1483 5052 1724 5123 loquitur
1745 5051 1883 5108 nihil
1913 5051 2017 5108 sibi
2045 5051 2237 5107 tribuit
2268 5069 2283 5118 ;
2312 5067 2480 5123 quare
2508 5052 2576 5107 ad
2609 5051 2944 5110 Salvatorem
2980 5056 3135 5112 aiunt
3172 5058 3286 5112 haec
3310 5053 3520 5119 referri,

291 5142 380 5210 qui
407 5158 476 5197 ex
498 5143 620 5213 ejus
650 5160 884 5214 persona
914 5145 1061 5201 hunc
1087 5145 1354 5216 psalmum
1392 5147 1586 5202 dictari
1608 5148 1799 5203 dicunt
1826 5166 1840 5202 :
1876 5145 2154 5200 Tentatum
2184 5163 2277 5218 per
2309 5147 2490 5202 omnia
2514 5148 2801 5203 secundum
2838 5151 3238 5206 similitudinem
3262 5150 3372 5204 sit:
3401 5163 3522 5217 pec-

292 5243 407 5288 cato
430 5239 472 5290 ⁸.
504 5235 780 5292 Justitiam
802 5254 933 5293 vero
955 5249 1110 5294 vocat
1132 5238 1187 5294 in
1226 5241 1543 5296 universum
1581 5241 1837 5298 actricem
1858 5241 2115 5297 virtutem
2147 5260 2162 5311 ;
2197 5243 2487 5314 puritatem
2517 5252 2698 5298 autem
2730 5258 3011 5304 manuum,
3043 5241 3269 5296 aetrices
3291 5237 3527 5294 faculta-

289 5317 371 5381 iss
404 5337 458 5383 et
477 5331 727 5387 actiones
761 5333 1008 5388 sordium
1043 5332 1332 5399 immunes,
1359 5344 1414 5389 et
1436 5335 1505 5391 ab
1535 5335 1743 5406 optimo
1777 5334 1963 5390 habitu
1992 5335 2420 5406 proficiscentes.
2457 5336 2724 5394 Caeterum
2750 5338 2818 5394 ab
2844 5335 2992 5392 omni
3026 5334 3286 5404 jactantia
3317 5333 3524 5390 alienas

295 5421 698 5485 benefactorum
724 5443 946 5484 suorum
978 5443 1174 5483 causas
1211 5427 1322 5484 Deo
1350 5431 1558 5486 tribuit.
1592 5429 1718 5486 Vias
1754 5440 1934 5486 autem
1965 5431 2220 5488 mandata
2243 5431 2512 5496 intelligit.
2536 5431 2651 5490 Non
2681 5433 2846 5505 impie
2874 5441 3055 5488 autem
3093 5445 3150 5486 se
3182 5432 3320 5501 gerit
3342 5429 3411 5488 ab
3433 5442 3522 5500 eo,

296 5511 596 5586 Quicunque
633 5518 884 5575 veritatis
915 5520 1169 5592 dogmata
1204 5534 1258 5583 et
1289 5528 1620 5585 assertioncs
1651 5529 1816 5589 probe
1843 5543 1907 5584 ac
1931 5538 2076 5584 recte
2113 5527 2364 5598 explicat.

349 5684 527 5748 "Ose.
565 5709 662 5758 vn,
702 5693 791 5748 12.
873 5697 892 5726 ’
932 5695 1090 5752 Hebr.
1132 5716 1199 5766 Iv,
1237 5703 1320 5757 15.
