3944 6220
385 406 490 462 “5
1202 405 1258 459 ὃ.
1297 403 1667 459 ATlIANASll
1705 401 1855 465 OPP.
1897 403 2078 460 PARS
2115 403 2204 460 ΙΙΙ.
2246 437 2314 447 -
2351 403 2760 461 EXEGETICA.
3489 400 3587 457 H6

447 575 537 629 22.
559 574 745 628 Daniel
763 573 1031 628 Barbarus
1051 588 1070 626 :
1089 571 1198 626 Nec
1223 573 1380 642 impie
1395 577 1526 644 gessi
1558 592 1591 628 α
1624 574 1727 628 Deo
1750 591 1882 633 meo.
1905 574 1930 628 ι
1940 573 2072 628 ustis
2092 575 2238 630 enim
2262 575 2354 640 qui
2380 583 2626 646 prompte
2653 573 2728 629 illi
2751 581 2943 644 parent
2971 572 3270 630 mercedem
3297 571 3542 643 rependit
3568 590 3584 628 :

378 668 468 723 ille
497 679 676 722 autem
708 683 813 722 non
846 683 904 723 se
931 669 1094 737 impie
1117 669 1253 739 gerit
1282 670 1373 739 qui
1400 684 1522 724 vera
1556 671 1804 740 dogmata
1835 670 2076 739 suscipit.
2128 722 2130 724 ,

450 762 736 836 [Quoniam
760 765 935 818 omnia
949 767 1179 834 judicia,
1203 775 1307 821 etc.
1329 765 1431 832 Qui
1463 767 1597 836 lapsi
1623 775 1751 821 sunt
1772 781 1934 835 opor-

2106 765 2274 837 [Ὅτι
2300 781 2494 819 narra
2523 768 2596 819 τὰ
2625 765 2892 834 κρίματα,
2922 762 3014 814 καὶ
3046 759 3115 812 τὰ
3146 758 3292 828 ἑξῆς.
3341 759 3586 828 Ὠλισθησ-

381 862 455 909 tet
484 863 541 909 ut
572 856 812 924 repetitis
845 857 1002 910 bonis
1033 857 1288 927 operibus
1325 858 1390 912 ad
1417 859 1695 913 meliorem
1730 873 1787 912 se
1817 858 1930 912 fru-

2051 857 2195 920 ιότας
2220 857 2614 928 ἀναλαμϐάνειν
2645 857 2724 909 δεῖ
2752 855 2973 916 ἑαυτοὺς
2993 851 3081 906 διὰ
3107 851 3369 922 δευτέρων
3400 865 3590 920 κατορ-

377 961 495 1014 gem
540 946 821 1016 recipiant.
857 946 969 1003 Etsi
1017 956 1198 1004 autem
1230 949 1540 1019 investigari
1587 965 1696 1003 non
1733 959 1931 1018 queant

2051 950 2318 1021 δωμάτων.
2361 951 2424 1002 Εἰ
2455 949 2550 1002 καὶ
2599 947 2988 1019 ἀνεξερεύνήτα
3028 944 3085 997 δέ
3113 943 3206 996 καὶ
3244 941 3312 995 τά
3347 941 3586 1013 κρίματα

372 1033 576 1103 judicia
623 1037 763 1106 ejus,
816 1051 980 1106 atque
1026 1040 1222 1109 abysso
1277 1040 1581 1094 consimilia
1623 1040 1764 1105 sint,
1804 1040 1935 1109 quia

2051 1044 2127 1095 ιαὶ
2157 1041 2377 1111 ἀϐύσσῳ
2422 1040 2636 1094 ἐοικότα
2665 1039 2752 1092 διά
2785 1038 2844 1091 τὺ
2889 1035 3266 1107 ἀκατάληπτον
3292 1072 3309 1099 ,
3356 1034 3464 1088 ἀλλ’
3492 1026 3590 1088 οὖν

378 1125 585 1180 scilicet
658 1128 1225 1197 incomprehensibilia
1293 1141 1466 1194 sunt;
1557 1139 1929 1186 verumtamen

2051 1135 2215 1189 πάντα
2241 1133 2468 1187 ἐνώπιόν
2501 1134 2615 1184 ἐστι
2643 1131 2735 1185 τοῦ
2769 1127 3063 1200 θεοφιλοῦς.
3088 1126 3111 1199 ]

373 1219 560 1274 omnia
587 1221 845 1290 religioso
875 1223 990 1276 viro
1014 1225 1299 1293 praesentia
1331 1224 1505 1296 sunt.]

442 1329 533 1386 25.
579 1331 766 1386 Daniel
806 1333 1078 1389 Barbarus
1110 1351 1128 1387 :
1166 1336 1426 1400 Quoniam
1469 1337 1646 1391 omnia
1666 1337 1875 1406 Judicia
1910 1336 2023 1406 ejus
2051 1336 2108 1390 in
2153 1342 2433 1404 conspectu
2469 1348 2602 1386 meo.
2629 1331 2732 1398 Qui
2766 1330 3060 1386 secundum
3093 1329 3257 1384 Deum
3288 1329 3452 1383 homo
3483 1337 3588 1395 θεν,

373 1421 618 1478 divinum
651 1425 899 1480 timorem
937 1437 1062 1482 ante
1089 1430 1279 1484 oculos
1307 1430 1644 1485 continenter
1675 1432 1904 1498 habens,
1945 1446 2066 1485 cum
2107 1429 2305 1485 ﬁducia
2346 1438 2401 1484 et
2446 1428 2693 1482 libertate
2730 1441 2916 1481 coram
2951 1425 3061 1481 Deo
3103 1426 3232 1496 agit.
3255 1424 3460 1480 Judicia
3493 1423 3590 1478 Dei

377 1517 422 1571 si
452 1517 816 1588 inquiruntur,
846 1522 1218 1578 inscrutahilia
1249 1533 1446 1580 suntet
1481 1526 1713 1594 abyssus
1737 1527 1930 1591 multa,
1951 1526 2208 1596 quoniam
2241 1533 2459 1595 propter
2485 1521 2867 1578 obscuritatem
2893 1521 3271 1592 comprehendi
3297 1528 3586 1590 nequeunt.

374 1611 514 1669 Fieri
539 1625 716 1672 tamen
749 1619 890 1674 haud
922 1628 1117 1690 potest,
1150 1630 1207 1675 ut
1239 1622 1550 1692 quijudic'ra
1585 1623 1678 1678 Dei
1708 1639 1818 1695 prae
1849 1624 2022 1680 oculis
2049 1624 2231 1689 habet,
2273 1637 2413 1693 aegre
2444 1620 2582 1675 {erat
2610 1619 2704 1675 Dei
2737 1615 3149 1689 providentiam,
3185 1610 3455 1681 etjudicio
3492 1607 3591 1664 Dei

373 1714 569 1761 cuncta
605 1707 819 1779 disponi
851 1731 874 1777 ε,
901 1728 1024 1767 nam
1065 1717 1149 1770 vel
1187 1732 1250 1771 ex
1281 1719 1614 1790 ipsojudicii
1655 1721 1875 1776 nomine
1919 1719 2123 1790 justum
2157 1733 2278 1775 esse
2315 1718 2580 1789 judicium
2625 1714 3009 1787 cognoscitur:
3042 1712 3132 1782 jus
3163 1709 3308 1766 enim
3349 1707 3459 1762 dat.
3494 1705 3590 1762 Vel

370 1798 640 1868 justitiam
681 1803 830 1870 dicit,
858 1821 981 1861 cum
1015 1813 1194 1866 omnia
1220 1813 1422 1882 judicia
1453 1831 1572 1885 qua:
1600 1816 1742 1871 citra
1757 1817 2025 1886 justitiam
2065 1815 2215 1882 ﬁant,
2241 1829 2307 1870 eo
2336 1813 2701 1869 additamento
2731 1808 3098 1870 nominentur,
3132 1811 3190 1856 ut
3225 1815 3331 1855 non
3362 1797 3588 1868 judicia,

374 1897 468 1951 sed
492 1897 698 1967 judicia
724 1916 975 1972 perversa
999 1904 1266 1960 dicantur.
1299 1906 1588 1978 Propterea
1615 1911 1824 1966 dictum.
1847 1922 1951 1976 est,
1981 1911 2304 1982 Egrediatur
2329 1910 2593 1980 judicium
2614 1921 2907 1977 perversum
2929 1903 2992 1957 ιο.
3016 1900 3082 1955 Ει
3097 1899 3337 1968 justitias
3353 1896 3464 1965 ejus
3486 1909 3590 1946 non

372 1993 542 2061 repuli
567 2011 599 2047 a
627 2012 725 2050 me.
765 1998 1047 2068 Adinereo,
1081 2001 1274 2072 inquit,
1304 2005 1531 2074 justitiis
1575 2006 1688 2062 Dei.
1738 2008 1818 2065 Ab
1864 2009 1972 2064 illis
2009 2009 2151 2063 enim
2191 2007 2468 2070 recedunt,
2504 2005 2596 2076 qui
2641 2020 2732 2061 eas
2769 2018 2876 2058 non
2911 1998 3326 2068 amplectuntur.
3360 1988 3591 2046 iustitia:

373 2097 500 2136 vero
523 2084 627 2139 hoc
655 2086 777 2142 loco
814 2088 1085 2157 dicuntur,
1122 2110 1240 2164 quae
1267 2095 1487 2164 justitiae
1513 2113 1675 2156 causa
1705 2109 1759 2154 et
1801 2099 2072 2168 aequitatis
2107 2099 2223 2170 lege
2262 2098 2470 2154 sancita
2509 2106 2652 2160 sunt,
2689 2104 2746 2150 ut
2778 2094 2907 2148 illud
2943 2109 2958 2146 :
2992 2089 3051 2145 Si
3072 2105 3212 2144 emas
3249 2102 3448 2141 servum
3483 2084 3590 2138 He-

372 2173 567 2229 braeum
587 2178 650 2242 ¹¹,
680 2187 735 2234 et
770 2181 973 2252 reliqua
1011 2201 1026 2243 :
1061 2200 1185 2238 nam
1226 2187 1377 2256 prius
1395 2188 1604 2243 dixerat
1637 2209 1650 2243 :
1691 2190 1821 2246 Haec
1851 2202 1968 2246 sunt
1989 2191 2197 2260 judicia
2224 2207 2340 2261 quia
2367 2205 2619 2260 prapones
2645 2189 2717 2242 eis
2745 2188 2808 2240 ¹¹.
2839 2183 3039 2239 Verum
3065 2196 3186 2236 cum
3213 2179 3453 2248 justitias
3483 2193 3588 2232 una

371 2281 494 2320 cum
517 2267 736 2338 judiciis
765 2274 1027 2338 nominet,
1059 2289 1318 2344 purgatos
1340 2294 1402 2333 ac
1434 2279 1686 2349 probatos
1727 2281 1818 2338 Dei
1864 2297 2145 2338 sermones
2173 2281 2256 2336 ha:
2279 2281 2506 2352 justitia:
2541 2279 2848 2348 signiﬁcare
2885 2282 3134 2345 possunt.
3172 2269 3274 2337 Qui
3310 2283 3589 2324 sermones

370 2375 493 2414 cum
539 2361 889 2430 judicantur,
945 2382 1046 2423 nec
1093 2369 1245 2439 argui
1307 2385 1406 2424 nec
1468 2373 1704 2440 perverti
1762 2374 2009 2442 possint,
2053 2372 2260 2442 judicia
2329 2378 2731 2439 nuncupantur.
2789 2366 3066 2421 Justorum
3128 2375 3342 2431 quoque
3387 2357 3590 2430 cogita-

372 2454 543 2510 tiones
571 2459 880 2526 ponderalaé
911 2471 962 2516 et
983 2463 1219 2532 probatae
1243 2464 1546 2534 diligenter,
1583 2481 1706 2521 cum
1743 2468 1949 2524 similes
1975 2467 2282 2539 aequilibrio
2307 2467 2436 2533 sint,
2462 2464 2666 2536 judicia
2697 2462 2892 2518 merito
2915 2459 3020 2514 dici
3053 2464 3299 2528 possunt.

445 2545 631 2608 Daniel
662 2547 976 2609 Barbarus:
1009 2551 1076 2606 Et
1095 2553 1504 2624 justi/icationes
1538 2557 1655 2626 ejus.
1681 2575 1782 2616 non
1813 2567 2136 2614 recesserunt
2180 2575 2212 2612 a
2253 2573 2355 2612 me.
2385 2555 2635 2612 Mandata
2668 2554 2914 2624 intelligit
2946 2565 3043 2620 per
3072 2546 3504 2618 iustiﬁcationes,
3535 2553 3590 2599 et

371 2636 639 2697 decedunt
659 2641 727 2697 ab
764 2642 871 2697 illis
900 2645 993 2714 qui
1023 2659 1086 2698 ea
1114 2661 1221 2699 non
1247 2646 1558 2703 admittunt.

439 2757 528 2812 ‘26.
572 2757 706 2814 Cum
729 2772 912 2816 sancto
935 2774 1147 2818 sanctus
1169 2767 1292 2819 eris.
1318 2766 1509 2822 Merito
1540 2769 1647 2824 tuis
1668 2784 1752 2824 me
1771 2769 1934 2823 bene-

2105 2767 2264 2822 Μετὰ
2301 2765 2476 2821 ὁσίου
2505 2764 2672 2831 ὅσιος
2708 2763 2844 2831 ἔσῃ.
2875 2763 3114 2825 Εἰκότως
3155 2759 3496 2831 κατηξίωσάς
3523 2776 3589 2829 με

373 2851 512 2906 liciis
557 2851 812 2920 dignatus
861 2869 920 2909 es
959 2874 974 2908 :
1020 2871 1144 2910 nam
1189 2867 1410 2914 sanctus
1458 2875 1581 2914 cum
1630 2860 1727 2926 sis,
1783 2861 1927 2916 nosti

2051 2859 2132 2930 τῆς
2165 2860 2262 2930 σῆς
2297 2857 2610 2931 εὐεργεσίας
2640 2874 2652 2886 °
2689 2855 2981 2927 ἐπειδήπερ
3005 2896 3020 2920 ,
3051 2855 3254 2918 δίκαιος
3305 2854 3380 2906 ὣν
3404 2897 3418 2920 ,
3447 2849 3592 2917 οἶδας

372 2957 498 2997 cum
530 2950 723 2998 sancto
753 2944 1099 3001 sanctiﬁcari.
1142 2945 1198 3002 Si
1234 2948 1377 3002 enim
1407 2949 1461 3005 in
1497 2959 1718 3018 peccato
1749 2965 1934 3020 perse—

2051 2953 2177 3022 αετά
2203 2953 2349 3006 ὁσίου
2378 2952 2672 3006 ὁσιοῦσθαι.
2701 2953 2764 3005 Ei
2801 2949 2908 3022 γάρ
2953 2951 3100 3022 ήμην
3139 2949 3494 3020 ἐναπομείνας
3524 2951 3598 3026 τῇ,

371 3049 671 3100 verassem,
698 3045 752 3091 et
774 3037 827 3091 in
859 3036 1071 3092 ruinam
1095 3036 1340 3095 funditus
1367 3040 1552 3110 lapsus
1575 3057 1775 3109 essem,
1806 3043 1930 3096 novi

2051 3044 2282 3115 ἁμαρτίᾳ
2314 3044 2408 3098 καὶ
2437 3044 2670 3114 παντελῆ
2703 3042 3028 3114 διαστροφὴν
3077 3043 3373 3112 ὑπομείνας
3398 3080 3412 3105 ,
3455 3037 3591 3104 οἶδα,

373 3135 427 3181 te
447 3141 666 3196 quoque
693 3142 949 3198 magnum
970 3129 1228 3198 iudicem,
1255 3131 1321 3185 de
1336 3141 1554 3201 peccato
1579 3147 1698 3187 meo
1719 3149 1930 3203 aequum

2051 3136 2119 3187 ὅτι
2143 3135 2235 3188 καὶ
2268 3136 2331 3189 σὺ
2357 3135 2513 3199 αὐτὸς
2537 3136 2566 3186 ὁ
2599 3135 2769 3206 μέγας
2792 3136 2986 3205 κριτὴς
3013 3137 3078 3205 τῇ
3103 3136 3207 3206 ἐμῇ
3237 3134 3472 3205 ἁμαρτίᾳ
3495 3150 3592 3186 κα-

370 3218 635 3288 judicium
660 3220 1137 3290 pronuntiaturum
1174 3220 1363 3278 fuisse.
1396 3223 1466 3276 At
1501 3224 1720 3294 quando
1750 3233 1935 3279 custo-

2051 3225 2291 3297 τάλληλον
2338 3228 2620 3297 ἐπήγαγες
2665 3225 2727 3278 τὸ
2777 3225 2970 3278 σαυτοῦ
3029 3229 3225 3296 κρῖμα.
3290 3225 3500 3295 Ἐπειδὴ
3533 3224 3590 3276 δὲ

372 3313 482 3367 divi
521 3313 636 3367 vias
665 3323 806 3379 tuas,
851 3313 972 3370 ideo
1001 3323 1058 3368 tu
1095 3315 1188 3385 qui
1229 3330 1353 3370 cum
1386 3324 1576 3372 sancto
1624 3327 1844 3373 sanctus
1877 3333 1936 3372 es

373 3415 429 3461 et
455 3421 578 3462 cum
615 3408 901 3462 innocente
944 3409 1226 3475 innocens,
1274 3425 1617 3480 nequaquam
1669 3426 1783 3464 rem
1818 3410 1935 3467 dis-

375 3499 602 3568 posuisti
648 3500 947 3554 secundum
1002 3501 1151 3555 illum
1210 3502 1569 3571 perniciosum
1631 3511 1830 3557 statum
1881 3503 1934 3557 in

374 3605 486 3660 quo
527 3600 679 3646 certo
733 3600 972 3661 tempore
1010 3603 1258 3648 versatus
1309 3607 1452 3656 sum,
1505 3593 1597 3648 sed
1637 3595 1936 3649 secundum

372 3683 540 3737 vitam
572 3699 692 3755 quae
707 3684 902 3739 exinde
930 3684 1215 3740 subsecuta
1243 3693 1344 3750 est,
1368 3694 1421 3740 et
1454 3686 1620 3751 vitam
1645 3686 1698 3740 in
1725 3686 1936 3755 justitia
1963 3708 1978 3730 ο

375 3781 574 3843 actam,
606 3777 956 3846 promeritam
987 3777 1118 3832 mihi
1154 3779 1564 3835 retributionem
1593 3779 1648 3832 in
1683 3779 1936 3834 tribunali

374 3867 467 3922 illo
498 3875 593 3923 tuo
612 3867 877 3940 largioris.

2036 3315 2274 3385 ἐφύλαξα
2320 3316 2425 3380 τάςι
2449 3316 2600 3380 ὁδούς
2639 3333 2750 3380 σου,
2786 3316 2971 3370 τούτου
3013 3317 3172 3386 χάριν
3197 3319 3224 3369 ὁ
3262 3317 3396 3386 μετά
3445 3316 3593 3368 ὁσίου

2036 3409 2347 3478 ὁσιούμενος
2400 3409 2494 3462 καὶ
2555 3409 2688 3479 μετά
2719 3407 2893 3461 anno»
2939 3407 3299 3478 ἀθωούμενος,
3348 3408 3406 3459 ού
3454 3406 3595 3460 κατά

2037 3501 2135 3571 τὴν
2161 3502 2218 3553 ἐν
2251 3500 2425 3572 καιρῷ
2449 3517 2552 3552 τινι
2594 3499 2961 3569 γεγενημένην
2998 3516 3086 3569 μοι
3128 3501 3453 3571 διαστροφὴν
3493 3501 3595 3570 ἡρ-

2043 3592 2211 3662 μόσω,
2245 3591 2384 3644 κατὰ
2432 3591 2489 3643 δέ
2521 3590 2617 3662 τὴν
2672 3589 2808 3660 μετά
2856 3590 3029 3643 ταῦτα
3062 3590 3235 3660 ζωὴν,
3281 3589 3373 3643 καὶ
3406 3590 3498 3643 τὸν
3536 3591 3594 3644 ἐν

2038 3681 2349 3752 δικαιοσύνῃ
2379 3698 2478 3750 μου
2511 3680 2622 3752 βίον
2653 3679 2749 3751 τὴν
2775 3680 3006 3753 ἀμοιϐήν
3033 3699 3121 3752 μοι
3153 3680 3403 3753 παρέξεις
3435 3682 3491 3734 ὲν
3518 3679 3594 3751 τῷ

2040 3771 2117 3842 σῷ
2147 3771 2477 3844 δικαστηρίῳ

443 3956 534 4012 28.
577 3958 838 4022 Quoniam
870 3969 925 4014 tu
954 3961 1205 4030 populum
1244 3962 1491 4017 humilem
1519 3963 1720 4017 salvum
1751 3963 1935 4032 facies.

2065 3989 2068 3992 '
2111 3973 2235 4026 Ὀτι
2276 3972 2355 4026 σὺ
2384 3972 2537 4026 ,λαὸν
2566 3972 2846 4026 ταπεινὸν
2876 3971 3114 4037 σώσεις.
3160 3971 3280 4024 Ἐπὶ
3318 3970 3406 4024 τδν
3435 3971 3594 4041 χορὸν

373 4048 453 4102 Ad
477 4049 703 4104 chorum
743 4052 910 4107 mittit
953 4055 1341 4124 apostolorum.
1376 4054 1446 4108 Et
1485 4054 1661 4108 oculos
1693 4057 1949 4123 superbo-,

375 4158 498 4195 rum
512 4142 835 4200 humiliabis.
864 4142 977 4199 Hoc
999 4145 1170 4201 tendit
1202 4145 1255 4200 in
1283 4144 1500 4200 Scribas
1533 4155 1586 4200 et
1612 4145 1948 4210 Pharisatos.

443 4319 536 4374 29.
571 4318 833 4384 Quoniam
863 4330 919 4374 tu
945 4322 1268 4378 illuminabis
1312 4323 1578 4376 lucernam
1611 4337 1801 4386 meam,
1830 4319 1939 4374 Do-

377 4411 534 4465 mine.
561 4409 794 4465 Mentem
823 4412 918 4468 ait.
960 4413 1099 4468 Deus
1138 4430 1304 4477 meus,
1336 4411 1660 4466 illuminabis
1699 4412 1933 4466 tenebras

379 4519 520 4558 meas
544 4520 566 4568 ;
594 4505 975 4574 ignorantiam,
1001 4506 1195 4576 inquit,
1228 4519 1400 4560 meam
1429 4503 1738 4573 dissipabis.

451 4595 539 4650 30.
579 4595 838 4662 Quoniam
871 4599 926 4651 in
961 4608 1008 4652 te
1043 4599 1242 4666 eripiar
1274 4615 1306 4651 a
1330 4597 1631 4658 tentatione,
1656 4607 1705 4651 et
1735 4597 1790 4650 in
1831 4594 1939 4649 Deo

379 4701 491 4740 meo
545 4688 900 4757 transgredior
944 4705 1173 4741 murum.
1226 4685 1362 4754 Quia
1419 4687 1940 4756 comprehenderunt

379 4791 486 4840 me,
521 4777 717 4846 inquit,
748 4777 950 4832 inimici
982 4779 1106 4842 mei,
1129 4786 1190 4832 ut
1220 4793 1307 4833 me
1343 4778 1828 4834 circumsisterent.

449 4865 848 4940 [Tentationem
895 4869 1058 4923 etiam
1098 4877 1258 4923 vocat
1298 4869 1648 4940 voluptatem,
1709 4876 1762 4923 et
1817 4883 1936 4922 mu-

374 4975 520 5024 rum,
543 4959 868 5032 diabolum]

446 5057 535 5110 51.
577 5053 719 5108 Deus
779 5071 944 5120 meus,
1000 5055 1279 5125 impolluta
1335 5056 1419 5110 via
1469 5055 1607 5123 ejus,
1653 5061 1762 5114 etc.
1816 5049 1939 5104 Haec

375 5148 582 5214 dicens,
642 5147 1102 5219 ingratitudinem,
1165 5147 1480 5217 perﬁdiam,
1538 5144 1938 5214 immorigerum

377 5237 643 5304 animum,
671 5245 726 5292 et
751 5236 1002 5291 duritiem
1043 5236 1224 5292 cordis
1257 5236 1593 5306 ingratorum
1624 5241 1677 5287 et
1711 5233 1943 5288 scelera-

378 5335 556 5382 torum
588 5327 900 5384 Iudaeorum
943 5328 1133 5397 carpit.
1159 5326 1425 5393 Quoniam
1464 5323 1796 5382 Salvatorem
1838 5335 1940 5374 no-

377 5426 551 5470 strum
579 5417 854 5474 Christum
899 5417 1380 5486 reprehenderunt,
1409 5413 1562 5483 quasi
1587 5421 1774 5467 contra
1808 5409 1944 5464 divi—

380 5523 506 5563 nam
533 5509 702 5578 legem
735 5519 936 5581 ageret.
962 5509 1114 5564 Dicta
1143 5522 1374 5577 namque
1399 5506 1544 5560 illius
1567 5545 1580 5566 .
1615 5504 1772 5574 quasi
1816 5502 1934 5557 bla-

379 5598 602 5665 tiphema
636 5602 894 5656 conviciis
931 5610 985 5657 et
1020 5599 1310 5656 calumniis
1359 5596 1710 5667 impetehant,
1754 5603 1944 5650 mutuo

453 5779 496 5811 ¹⁶
535 5777 735 5833 Habac.
769 5797 804 5838 ι.
841 5781 890 5836 4.
996 5781 1034 5811 ¹¹
1078 5780 1244 5835 Exod.
1275 5795 1383 5844 ut,
1413 5778 1463 5832 2.
1545 5779 1584 5810 ¹²
1623 5775 1748 5830 ibid.
1787 5777 1834 5830 1.

2039 4062 2348 4129 ἀναπέμπει
2381 4061 2486 4114 τῶν
2519 4062 2850 4116 ἀποστόλων.
2880 4061 2990 4116 Kal
3020 4060 3358 4130 ὀφθαλμοὺς
3386 4062 3597 4128 ὑπερη-

2037 4153 2244 4222 φάνων
2275 4151 2676 4218 ταπεινώσεις.
2711 4151 2880 4206 Τοῦτο
2902 4154 2980 4216 εἰς
3004 4152 3130 4215 τοὺς
3157 4148 3476 4222 Φαρισαίους
3501 4147 3596 4202 καὶ⁵

2042 4238 2382 4307 γραμματεῖς
2409 4236 2594 4290 τείνει.
3002 4249 3009 4258 ·

2112 4310 2231 4377 Ὅτι
2277 4325 2359 4377 σὺ
2389 4323 2621 4392 φωτιεῖς
2663 4325 2895 4393 λύχνον
2919 4341 3061 4394 μου,
3094 4325 3284 4392 Κύριε.
3331 4323 3434 4377 Τὸν
3473 4321 3595 4376 νοῦν

2042 4432 2226 4486 φησιν.
2279 4417 2339 4469 '0
2368 4418 2511 4491 Θεός
2532 4434 2670 4485 μου,
2705 4419 2936 4486 φωτιεῖς
2963 4417 3026 4470 τὸ
3055 4419 3274 4482 σκότος
3312 4431 3450 4485 μου.
3483 4415 3595 4486 Τήν

2041 4505 2279 4572 ἄγνοιαν,
2313 4507 2446 4577 φησὶ
2463 4549 2478 4571 ,
2505 4506 2603 4574 τὴν
2628 4507 2686 4558 ἐν
2712 4507 2832 4576 ἐμοὶ
2863 4507 3247 4568 διασκεδάσεις.

2113 4599 2239 4650 Ὅτι
2265 4598 2335 4658 ἐν
2361 4597 2457 4651 σοι
2481 4595 2864 4666 ρυσθήσομαι
2896 4597 3012 4652 ἀπὸ
3055 4598 3454 4666 πειρατηρίου,
3495 4596 3595 4650 καὶ

2039 4689 2108 4743 ἐν·
2139 4690 2220 4756 τῷ
2253 4691 2374 4756 Θεῷ
2407 4709 2524 4760 μου
2567 4690 2972 4759 ὑπερϐήσομαι
3007 4690 3217 4759 τεῖχος.
3255 4691 3371 4743 Ὅτι
3415 4689 3598 4760 περιέ-

2039 4778 2201 4834 λαὸόν
2233 4798 2298 4852 με
2327 4781 2378 4832 οἱ
2407 4781 2587 4852 ἐχθροί
2624 4798 2744 4850 μου,
2782 4782 2963 4851 φησὶν,
2995 4782 3074 4844 είς
3101 4781 3158 4833 τὸ
3186 4780 3522 4833 ἀποκλεῖσαι.

2111 4869 2508 4942 [Πειρατήριον
2537 4871 2593 4924 δὲ
2627 4872 2719 4924 καὶ
2747 4870 2891 4939 λέγει
2932 4871 3030 4933 τὰς
3059 4870 3266 4940 ήδονάς,
3302 4871 3394 4922 καὶ
3420 4873 3596 4938 τεῖχος

2041 4958 2132 5012 τὸν
2161 4959 2424 5013 διάϐολον.
2443 4957 2462 5030 ]

2125 5051 2186 5103 '0
2216 5053 2358 5116 Θεός
2396 5068 2514 5120 μου
2551 5050 2838 5120 ἄμωμοςή
2878 5049 3016 5115 ὁδὸς
3057 5049 3264 5104 αὑτοῦ.
3313 5046 3596 5110 Ἐνταῦθα,

2040 5144 2196 5212 φησι,
2216 5143 2314 5214 τὴν
2343 5141 2728 5212 ἀγνωμοσύνην
2749 5142 2842 5194 καὶ
2865 5141 2959 5210 τὴν
2983 5139 3179 5193 κακίαν
3202 5139 3295 5193 καὶ
3322 5138 3418 5208 τὴν
3450 5139 3578 5191 ἀπει

2041 5234 2106 5304 Θῆ
2139 5234 2364 5304 γνώμην
2401 5233 2491 5287 καὶ
2515 5233 2612 5304 τὴν
2645 5232 2983 5304 σκληρότητα
3015 5231 3120 5284 τῶν
3149 5231 3473 5301 ἀγνωμόνων
3505 5229 3600 5282 καὶ

2042 5324 2352 5396 ἀχαρίστων
2395 5325 2488 5376 καὶ⁵
2521 5322 2958 5394 σκληροκαρδίων
3001 5321 3265 5382 Ἰουδαίων
3313 5321 3598 5390 καταμέμ-

2044 5397 2220 5485 φεται.
2262 5413 2477 5485 Ἐπειδὴ
2511 5413 2943 5485 ἐπελαμϐάνοντο
3003 5412 3090 5466 τοῦ
3145 5414 3390 5484 Σωτῆρος
3439 5411 3601 5483 ήμῶν

2041 5507 2298 5580 Χριστοῦ,
2337 5507 2412 5571 ὼς
2437 5506 2587 5578 παρὰ
2613 5507 2707 5559 τὸν
2741 5506 2879 5560 Θεῖον
2925 5506 3250 5576 πράττοντος
3275 5505 3455 5574 νόμον.
3486 5504 3600 5558 Καὶ.

2046 5598 2149 5673 μὴν
2187 5597 2282 5651 καὶ
2309 5597 2417 5651 τῶν
2444 5597 2618 5664 λόγων
2644 5596 2806 5653 αὐτοῦ
2851 5597 3148 5666 ἐλοιδόρουν
3193 5595 3285 5648 καὶ
3322 5591 3598 5659 suam”
