3944 6220
341 361 444 416 ίίθ
1163 356 1220 418 S.
1258 361 1629 433 ATHANASII
1667 365 1815 422 OPP.
1857 367 2038 425 PARS
2074 367 2161 426 Ill.
2203 401 2272 412 —
2304 373 2712 433 EXEGETICA.
3452 385 3556 442 120

417 471 512 544 [Et
541 470 820 540 disciplina
844 483 938 527 tua
961 475 1184 528 correxit
1208 492 1310 531 me.
1341 475 1690 546 Disciplinam
1715 493 1890 533 evan-

2071 481 2211 555 [Kal
2234 486 2270 553 ἠ
2295 485 2530 540 παιδεία
2557 503 2674 544 σου
2699 490 3014 557 ἀνώρθωαέ
3044 510 3139 563 με.
3181 495 3431 549 Παιδείαν
3457 500 3558 571 τὴν

338 565 562 635 gelicam
589 565 751 631 dicit;
774 577 867 620 aut
886 567 1251 636 disciplinam,
1271 569 1663 624 institutionem
1696 569 1896 623 scilicet

2008 575 2362 646 εὐαγγελικὴν
2394 577 2539 648 λέγει
2571 597 2585 609 ·
2620 581 2653 652 ἢ
2694 581 2940 636 παιδείαν
2972 582 3068 655 τὴν
3116 586 3178 638 ἐκ
3225 587 3390 656 νόμου
3426 565 3559 660 φησι

339 671 460 723 qua:
488 670 553 709 ex
585 655 702 726 lege
735 658 1002 726 accipitur:
1037 677 1050 712 :
1080 659 1170 721 qui
1204 660 1354 724 mihi,
1389 659 1588 729 inquit,
1621 659 1769 713 nulla
1789 674 1896 712 non

2008 664 2284 718 παίδευσιν
2309 681 2322 695 °
2349 662 2459 721 οἷον
2486 668 2575 722 διὰ
2615 671 2830 726 πάντων
2880 689 2970 742 με,
3021 673 3202 744 φησὶν,
3255 655 3560 747 εὐεργετῶν

339 744 596 800 beneticia
620 747 916 813 contulisti,
943 748 1365 819 dedistiquoque
1389 750 1555 820 leges;
1587 749 1808 818 quibus,
1838 759 1899 805 ut

337 843 569 904 oportet,
598 837 954 892 instituimur.
994 839 1132 894 Cum
1175 841 1342 907 enim,
1367 841 1463 906 ait,
1507 841 1625 912 lege
1661 840 1896 894 edidice-

339 929 462 991 rim,
485 944 594 983 non
622 939 868 1001 oportere
906 917 1162 1001 injuriam
1189 931 1387 997 facere,
1425 933 1494 987 ab
1530 947 1594 987 ea
1634 931 1895 988 abstinui.

337 1017 537 1075 Verum
593 1037 662 1077 ne
708 1023 778 1078 ob
827 1027 1133 1094 aequitatem
1191 1025 1529 1095 liujusmodi,
1579 1024 1709 1094 quid
1765 1024 1899 1077 mihi

335 1109 462 1164 muli
492 1112 725 1180 eveniat,
751 1113 1003 1170 idoneum
1036 1117 1172 1170 mihi
1207 1117 1335 1170 mali
1375 1115 1640 1170 auxilium
1684 1114 1899 1178 all‘eras,

330 1199 670 1256 latitudinem
717 1205 979 1270 tribuens,
1030 1207 1116 1261 vel
1161 1207 1503 1277 disciplinam
1541 1207 1899 1262 institutionis

334 1309 498 1347 causa
535 1295 715 1349 datam
740 1297 888 1357 dicit,
921 1297 1218 1354 secundum
1253 1299 1408 1363 illud,
1441 1298 1631 1368 Accipe
1653 1296 1897 1366 discipli-

335 1400 454 1436 nam
489 1385 566 1450 '7;
599 1388 679 1441 vel
726 1387 1058 1443 laboriosum
1090 1390 1301 1445 vivendi
1331 1390 1662 1454 institutum,
1695 1405 1894 1444 secun-

334 1475 458 1529 dum
487 1474 638 1542 illud,
671 1475 753 1532 Νε
776 1479 1119 1536 oarvivendas
1144 1481 1481 1550 disciplinam
1507 1480 1722 1534 Domini
1758 1479 1845 1533 “.1

2001 755 2238 819 δέδωκας
2284 759 2377 810 καὶ
2425 759 2641 829 νόμους,
2678 760 2746 814 δι’
2789 755 2862 815 ὧν
2906 763 3267 835 ἐπαιδευόμην
3313 764 3374 818 τὸ
3419 766 3556 820 δέον.

1999 847 2293 902 Μανθάνων
2341 851 2449 921 γὰρ
2490 852 2696 906 ἐκεῖθεν
2741 854 2818 918 ὡς
2865 856 2925 909 οὐ
2959 855 3040 909 δεῖ
3082 857 3302 922 ἀδικεῖν,
3340 859 3558 930 ἀπειχό-

2003 959 2110 1012 μην
2135 941 2346 998 τούτου.
2390 944 2527 1000 Ἀλλ’
2573 946 2658 999 ἵνα
2703 947 2775 1019 μὴ
2817 948 3136 1020 βλάπτωμαι
3168 951 3326 1005 πάλιν
3367 953 3428 1005 ἐκ
3461 950 3558 1023 τῆς

2000 1031 2254 1102 τοιαύτης
2275 1034 2591 1098 ἐπιεικείας.
2629 1037 2816 1110 ἱκανὴν
2849 1039 3108 1113 περιέχῃς
3135 1038 3402 1112 βοήθειαν,
3432 1041 3553 1096 πλαη

1999 1122 2202 1192 τυσμὸν
2259 1125 2652 1195 παρεχόμενος,
2693 1128 2725 1198 ἢ
2778 1130 3024 1183 παιδείαν
3075 1131 3173 1202 τὴν
3208 1132 3558 1205 παιδευτικὴν

2000 1209 2147 1280 λέγει
2179 1212 2544 1281 διδασκαλίαν,
2583 1219 2723 1271 κατὰ
2753 1219 2844 1271 τό·
2897 1219 3215 1275 Ἐπιλάὸου
3256 1222 3558 1290 παιδείας-θ

2002 1304 2036 1375 ἢ
2061 1305 2159 1376 τὴν
2176 1307 2427 1360 ἐπίπονον
2454 1310 2696 1381 ἀγωγὴν,
2720 1311 2861 1364 κατὰ
2890 1312 2951 1366 τό
2973 1329 2986 1342 ·
3015 1311 3113 1381 Μὴ
3142 1312 3406 1383 ὀλιγώρει
3433 1328 3558 1367 παι-

2002 1393 2166 1461 δείας
2195 1397 2469 1470 Κυρίου.]

405 1635 593 1693 Daniel
622 1640 898 1698 Barbarus
932 1661 950 1703 :
983 1641 1098 1700 Hoc
1126 1655 1306 1703 autem
1345 1655 1429 1700 est
1452 1645 1718 1703 adventus
1749 1642 2126 1714 providentiae,
2157 1660 2222 1700 ac
2248 1645 2694 1716 dispensationis,
2731 1664 2842 1720 quo
2874 1668 2961 1708 me
2988 1653 3283 1724 collapsum
3314 1653 3556 1719 erexisti,

333 1743 384 1784 et
427 1747 592 1802 quam
633 1752 890 1806 magnum
932 1740 1136 1794 malum
1190 1741 1261 1794 sit
1296 1749 1577 1811 peccatum
1624 1739 1932 1805 ostendisti,
1969 1747 2023 1793 et
2069 1738 2244 1797 salute
2295 1742 2518 1814 dignum
2563 1745 2758 1802 fecisti.
2804 1743 3049 1800 Salutare
3088 1753 3266 1800 autem
3313 1753 3368 1800 et
3409 1743 3558 1798 salus

331 1823 580 1883 Christus
604 1838 706 1895 est,
729 1846 890 1900 quem
914 1846 1014 1900 pro
1030 1832 1186 1888 nobis
1206 1843 1572 1904 pugnaturum
1597 1835 1756 1890 Pater
1783 1833 2112 1889 amandavit.

402 1967 470 2021 Et
491 1967 704 2022 dextera
728 1978 821 2023 tua
849 1971 1073 2041 suscepit
1105 1987 1206 2026 me.
1235 1972 1466 2028 Dextera
1489 1972 1668 2028 Patris
1687 1971 1886 2027 Filius.

2063 1975 2171 2029 Kal
2200 1976 2368 2042 δεξιὰ
2396 1995 2513 2034 σου
2540 1976 2900 2034 ἀντελάϐετό
2939 1992 3078 2045 μου.
3125 1971 3284 2037 Δεξιὰ
3313 1970 3406 2024 τοῦ
3445 1971 3557 2023 Πα-

333 2062 401 2117 Et
445 2061 727 2132 disciplina
756 2073 851 2117 tua
900 2068 1128 2120 correxit
1167 2083 1246 2120 me
1282 2068 1339 2120 in
1376 2067 1554 2135 ﬁnem.
1579 2066 1899 2137 Evangelica

332 2152 536 2207 scilicet
561 2152 828 2207 doctrina.
856 2152 926 2209 Et
955 2153 1240 2224 disciplina
1277 2165 1369 2210 tua
1405 2158 1519 2225 ipsa
1560 2172 1640 2210 me
1673 2156 1896 2208 docebit.

331 2242 467 2297 Illud
503 2263 516 2298 :
553 2244 624 2298 Et
657 2245 943 2312 disciplina
980 2256 1072 2301 tua
1105 2247 1222 2317 ipsa
1260 2263 1340 2301 me
1385 2247 1607 2311 docebit,
1644 2245 1900 2300 Theodo-

287 2357 290 2364 -
333 2336 497 2390 tionis
526 2349 628 2392 est.
655 2338 823 2406 Cujus
854 2339 978 2393 loco
1019 2336 1372 2408 Septuaginta
1406 2339 1607 2396 habent
1656 2356 1669 2392 :
1712 2337 1774 2392 Et
1817 2337 1900 2389 di-

330 2428 556 2499 sciplinu
581 2438 672 2483 tua
694 2431 922 2485 correxit
947 2447 1028 2484 me
1053 2431 1107 2484 in
1127 2431 1304 2500 ﬁnem.

398 2612 488 2667 37.
523 2611 782 2668 Dilatain
804 2630 1012 2684 gressus
1037 2629 1195 2678 meos,
1219 2623 1323 2668 etc.
1355 2611 1605 2669 Statili-sti
1630 2612 1773 2667 enim
1803 2627 1898 2666 su-

333 2723 429 2776 pra
470 2716 681 2777 petram
720 2710 883 2779 pedes
914 2725 1088 2772 meos,
1129 2726 1250 2780 qua:
1283 2718 1367 2764 est
1414 2709 1546 2764 ﬁdes
1583 2716 1791 2763 nostra.
1829 2707 1900 2761 Et

331 2813 433 2849 non
473 2806 596 2850 sunt
645 2799 917 2866 inﬁrmata
949 2800 1166 2869 vestigia
1202 2816 1336 2852 mea.
1378 2797 1618 2853 Sublatis
1662 2814 1898 2867 namque

331 2886 670 2945 oﬂ'ndiculis
721 2899 774 2944 et
813 2889 1051 2959 laqueis,
1101 2904 1224 2958 quze
1278 2899 1610 2959 paraverunt
1659 2889 1893 2956 inimici,

332 2982 474 3035 viam
497 2989 551 3036 et
576 2981 779 3035 aditum
810 2982 969 3035 nobis
1003 2980 1264 3047 munivit.

403 3071 682 3144 [Dilatasti
698 3089 904 3140 gressus
923 3087 1082 3126 meos.
1103 3068 1366 3136 Remotis,
1388 3070 1583 3140 inquit,
1598 3069 1870 3125 oﬂendicu
1884 3099 1897 3109 -

333 3162 399 3216 lis
425 3171 478 3216 et
499 3162 727 3232 laqueis,
747 3177 869 3232 qua:
894 3161 1030 3216 mihi
1059 3169 1375 3216 struxerant
1407 3160 1637 3225 inimici,
1669 3159 1895 3214 liberam

335 3252 464 3307 mihi
499 3254 640 3307 viam
674 3252 903 3322 parasti.
928 3251 1163 3308 Gressus
1198 3260 1376 3306 autem
1415 3259 1593 3316 vocat,
1628 3262 1897 3322 quatenus

1999 2067 2127 2138 τρὸς
2155 2069 2182 2121 ὁ
2221 2070 2366 2134 Υἱός.
2403 2072 2510 2124 Kal
2547 2073 2584 2139 ἡ
2619 2070 2853 2124 παιδεία
2874 2086 2990 2124 σου
3013 2063 3325 2133 ἀνώρθωσέ
3360 2080 3437 2132 με
3470 2064 3558 2127 εις

1999 2159 2192 2225 τέλος.
2242 2162 2302 2214 Ἦ
2337 2161 2663 2233 εὐαγγελικὴ
2708 2160 2948 2231 δηλονότι
2991 2155 3323 2211 διδασκαλία.
3357 2155 3468 2218 Kal
3515 2155 3556 2221 ἠ

2001 2252 2237 2307 παιδεία
2264 2269 2381 2308 σου
2413 2257 2564 2320 αὐτή
2587 2271 2664 2323 με
2695 2252 2940 2317 διδάξει.
2978 2250 3072 2314 Τὸ,
3105 2248 3215 2303 Kal
3240 2248 3279 2315 ἢ
3324 2245 3559 2301 παιδεία

2000 2359 2118 2397 σου
2145 2345 2296 2413 αὐτή
2331 2362 2408 2414 με
2438 2344 2685 2409 διδάξει,
2725 2341 3074 2404 Θεοδοτίωνός
3102 2342 3268 2404 ἐστιν,
3297 2337 3415 2392 ἀντὶ
3441 2335 3556 2400 τοῦ,

2013 2435 2083 2489 Ἦ
2101 2435 2336 2488 παιδεία
2358 2454 2472 2489 σου
2500 2434 2813 2504 ἀνώρθωσέ
2833 2452 2909 2504 με
2929 2435 3017 2500 είς
3043 2431 3234 2496 τέλος,
3268 2427 3557 2500 εἰρημένου

1997 2529 2109 2591 τοῖς
2155 2527 2303 2580 Ἑὸδο
2311 2531 2382 2598 μή
2391 2546 2572 2582 κοντα.

2082 2618 2451 2684 Ὲπλὰτυνας
2498 2619 2570 2671 τὰ
2612 2614 2942 2686 διαϐήματά
2965 2631 3104 2684 μου.
3147 2614 3420 2681 Ἔστησας
3449 2608 3556 2681 γὰρ

2000 2709 2090 2763 ἐπὶ
2142 2709 2346 2783 πέτραν
2377 2710 2503 2774 τοὺς
2549 2709 2718 2773 πόδας
2771 2725 2894 2778 μου,
2964 2708 3083 2777 ἥτις
3135 2704 3281 2758 ἐστὶν
3312 2706 3345 2774 ἡ
3377 2703 3558 2766 πίστις

1998 2800 2175 2870 ἡμῶν.
2207 2801 2317 2854 Kal
2366 2803 2475 2855 οὐκ
2525 2799 2877 2869 ἡσθένησαν
2903 2797 2974 2852 τὰ
3003 2798 3140 2866 ἴχνη
3163 2813 3303 2866 μου.
3361 2794 3554 2862 Περιε·

1998 2890 2104 2945 λὼν
2133 2893 2238 2962 γὰρ
2272 2892 2338 2946 τὰ
2384 2892 2652 2946 σκάνδαλα
2707 2892 2798 2944 καὶ
2833 2889 2932 2952 τὰς
2977 2887 3208 2956 παγίδας
3237 2925 3252 2951 ,
3303 2885 3370 2949 ἃς
3427 2899 3560 2937 κατ·

1999 2980 2291 3045 εσκεύαζον
2323 2984 2370 3034 οἱ
2399 2981 2600 3053 ἐχθροὶ,
2629 2982 2952 3050 κατήρτισεν
2975 2981 3107 3048 ἡμῖν
3142 2976 3238 3048 τὴν
3278 2972 3525 3044 πορείαν.

2069 3071 2479 3146 [Ἐπλάτυνας
2502 3071 2573 3125 τὰ
2600 3069 2928 3139 διαϐήματά
2946 3087 3082 3138 μου.
3117 3064 3385 3138 Περιελών
3423 3079 3557 3133 φησι

1996 3164 2066 3218 τὰ
2097 3162 2365 3217 σκάνδαλα
2416 3164 2508 3217 καὶ
2556 3161 2655 3226 τὰς
2703 3161 2934 3230 παγίδας
2961 3159 3026 3223 ἃς
3076 3154 3471 3218 κατεσκεύαζον
3503 3153 3555 3206 ol

1999 3255 2201 3327 ἐχθροὶ,
2233 3254 2522 3326 ἐλευθέραν
2553 3271 2641 3325 μοι
2673 3251 2768 3323 τὴν
2803 3251 3024 3322 πορείαν
3053 3247 3327 3317 ἐποίησας.
3359 3241 3558 3314 Διαδή-

333 3363 364 3400 a
385 3345 586 3406 malitia
611 3345 677 3400 ad
709 3347 962 3402 virtutem
1003 3347 1126 3417 quis
1156 3345 1476 3417 pertransit,
1505 3346 1650 3416 quod
1679 3347 1896 3419 quidem

2008 3322 2147 3418 ιλατα
2185 3345 2331 3414 λέγει
2362 3322 2497 3402 καθὸ
2525 3322 2588 3396 ἐκ
2631 3322 2827 3405 κακίας
2876 3340 3012 3412 πρὸς
3045 3337 3243 3409 ἀρετὴν
3295 3332 3558 3389 διαϐαίνει

335 3436 438 3490 sub
477 3435 690 3491 initium
725 3437 1058 3492 laboriosum
1093 3449 1146 3493 et
1182 3454 1444 3509 asperum.
1470 3439 1538 3496 iis
1564 3450 1669 3507 est,
1697 3441 1792 3511 qui
1837 3441 1893 3496 in

333 3526 425 3583 via
466 3537 701 3598 angusta.
735 3529 1100 3600 gradiuntur;
1141 3537 1199 3586 at
1237 3530 1293 3586 in
1327 3529 1574 3602 profectu
1618 3527 1902 3600 dilatatur.

334 3617 468 3676 Nam
518 3619 652 3691 quia
684 3631 805 3692 post
837 3622 1054 3678 virtutis
1091 3622 1329 3690 labores,
1359 3623 1597 3694 quietem
1639 3637 1899 3680 nacturus

336 3726 480 3776 sum,
511 3711 564 3766 id
609 3727 741 3768 sane
765 3713 998 3786 vestigia
1020 3714 1306 3770 conﬁrmat
1338 3730 1481 3772 mea.
1510 3714 1711 3777 Statuit
1744 3733 1901 3772 nam-

335 3817 441 3872 que
471 3816 635 3872 super
661 3810 870 3873 petram
895 3803 1056 3872 pedes
1075 3803 1340 3879 nostros]

407 3891 504 3960 33.
544 3893 840 3969 Persequar
884 3895 1125 3961 inimicos
1171 3912 1332 3950 meos.
1385 3896 1674 3967 Tanquam
1717 3895 1903 3951 divina

336 3985 511 4056 gratia.
556 3985 622 4045 ad
662 4002 885 4044 cursum
922 3987 1238 4053 adornatus,
1278 3988 1346 4042 de
1378 3987 1607 4051 victoria
1654 3987 1894 4042 conﬁdit.

406 4171 503 4236 39.
525 4170 868 4242 Confringam
897 4173 1048 4234 illos,
1099 4189 1189 4226 nec
1217 4181 1461 4241 poterunt
1480 4180 1644 4226 stare.
1675 4171 1900 4243 Frangit

338 4261 590 4323 inimicos
613 4263 838 4320 animus.
865 4263 1214 4331 passionibus
1241 4278 1474 4329 vacuus.»

405 4351 500 4415 40.
526 4351 597 4405 Et
620 4353 946 4421 prtecinxisti
971 4369 1052 4406 me
1088 4354 1297 4407 uirtute.
1341 4351 1622 4407 Summam
1660 4353 1908 4410 victoria:

338 4457 555 4497 rursum
589 4441 959 4502 fortitudinem
995 4443 1254 4498 tribuenti
1286 4442 1396 4497 Deo
1426 4443 1674 4508 ascribit.

407 4533 505 4597 «Η.
543 4531 612 4586 Et
639 4534 882 4588 inimicos
908 4550 1046 4588 meos
1073 4535 1266 4590 dedisti
1289 4535 1414 4589 mihi
1445 4535 1681 4589 dorsum.
1710 4533 1766 4590 Id
1797 4543 1898 4600 est,

1998 3459 2102 3506 τις,
2133 3440 2169 3495 ἃ
2199 3442 2318 3507 κατ’
2347 3441 2522 3512 ἀρχὰς
2559 3440 2657 3511 μὲν
2681 3436 2912 3495 ἐπίπονά
2936 3438 3050 3489 ἐστι
3074 3434 3151 3505 τῷ
3195 3431 3292 3503 τὴν
3340 3428 3559 3499 τεθλιμ-

2001 3534 2166 3605 μένην
2189 3533 2452 3588 ὁδεύοντι·
2483 3535 2549 3604 τῇ
2583 3533 2639 3586 δὲ
2673 3534 2920 3603 προκοπῇ
2955 3529 3298 3583 πλατύνεται.
3331 3524 3422 3596 Τῷ
3449 3523 3558 3595 γὰρ

2001 3627 2138 3699 μετὰ
2181 3628 2306 3693 τοὺς
2350 3627 2447 3698 τῆς
2493 3625 2692 3697 ἀρετῆς
2725 3625 2919 3687 πόνους
2950 3621 3262 3677 ἀνάπαυλαν
3305 3617 3553 3688 δέχεσθαι

2001 3721 2423 3791 ίσχυροποιεῖται
2451 3718 2520 3772 τὰ
2549 3719 2670 3790 ἴχνη
2689 3735 2704 3755 ε
2736 3717 2930 3787 ἔστησε
2958 3714 3066 3786 γὰρ
3087 3713 3179 3766 ἐπὶ
3205 3711 3408 3783 πέτραν
3429 3711 3550 3772 τοὺς

1999 3810 2165 3872 πόδας
2198 3807 2373 3880 ήμῶν.
2394 3807 2418 3880 ]

2065 3899 2416 3964 Καταδιὼξω
2443 3898 2585 3964 τοὺς
2630 3896 2880 3967 ἐχθρούς
2919 3905 3059 3962 μου.
3099 3894 3186 3957 Ὠς
3227 3905 3554 3946 κατεσκευα-

1999 3989 2194 4060 σμένος
2223 3987 2309 4042 διὰ
2345 3989 2442 4058 τῆς
2475 3988 2624 4050 θείας
2661 3987 2881 4057 χάριτος
2923 3987 3002 4048 εἰς
3042 3983 3260 4053 δρόαον,
3297 3977 3552 4051 περὶτῆς

1996 4081 2151 4150 νίκης
2180 4079 2387 4153 θαῤῥεϊ.

2081 4173 2376 4240 Ἐκθλίψω
2407 4170 2645 4236 αὐτοὺς,
2698 4168 2795 4224 καὶ
2839 4166 2925 4238 μὴ
2974 4166 3264 4220 δύνωνται
3315 4161 3551 4228 στῆναι.

2001 4263 2282 4333 Ἔκθλιψιν
2303 4263 2410 4316 τῶν
2440 4261 2645 4332 ἐχθρῶν
2675 4263 2708 4329 ὴ
2743 4258 2979 4313 ἀπάθεια
3001 4254 3416 4326 κατεργάζεται.

2066 4353 2177 4421 Kal
2212 4351 2568 4420 περιέζωσάς
2591 4367 2666 4420 με
2714 4351 2990 4419 δύναμιν.
3037 4347 3202 4402 Πάλιν
3231 4345 3290 4398 τὸ
3319 4344 3425 4397 πᾶν
3449 4340 3550 4413 τῆς

1998 4443 2154 4513 νίκης
2189 4442 2267 4514 τῷ
2295 4442 2546 4494 δεδωκότι
2575 4441 2671 4512 τὴν
2695 4441 2847 4512 ἰσχὺν
2871 4437 3174 4509 ἀνατίθησι.

2068 4533 2178 4588 Kal
2203 4533 2343 4598 τοὺς
2371 4533 2623 4601 ἐχθρούς
2639 4549 2759 4600 μου
2787 4527 3012 4596 ἔδωκάς
3033 4546 3135 4598 μοι
3166 4525 3373 4581 νῶτον.
3411 4525 3555 4579 Ἀντὶ

338 4625 390 4679 in
437 4623 619 4695 fugam
662 4626 894 4690 vertisti.
941 4624 1227 4697 Proprium
1288 4642 1527 4698 namque
1576 4627 1894 4698 fugientium

2008 4624 2093 4678 τοῦ
2127 4625 2204 4687 είς
2238 4623 2411 4695 φυγὴν
2450 4622 2698 4695 ἔτρεψας.
2740 4620 2897 4674 Ἴδιον
2949 4618 3056 4690 γὰρ
3103 4617 3211 4670 τῶν
3253 4613 3556 4686 φευγόντων

335 4725 420 4776 est
451 4724 596 4786 terga
626 4717 801 4772 dare:
846 4726 901 4772 et
941 4734 1072 4774 sane
1114 4728 1262 4790 terga
1309 4718 1440 4773 dant
1481 4719 1685 4774 inimici
1724 4719 1895 4775 nostri

2008 4715 2144 4776 νῶτα
2171 4713 2385 4768 διδόναι.
2422 4712 2595 4781 Νῶτα,
2615 4712 2671 4766 δὲ
2696 4712 2926 4766 διδόασιν
2958 4711 3008 4763 οἱ
3045 4708 3227 4780 ἐχθροὶ
3257 4705 3411 4777 ήμῶν
3438 4701 3553 4757 δαί-

334 4809 629 4873 dmmones,
659 4823 785 4864 cum
827 4825 936 4866 non
965 4811 1194 4866 ulterius
1226 4811 1583 4882 cogitationes
1614 4811 1896 4866 turbulen-

2008 4823 2156 4877 μονες
2189 4803 2380 4876 μηκέτι
2405 4803 2694 4874 λογισμοὺς
2719 4801 2978 4872 ἐμπαθεῖς
2999 4799 3250 4870 ἐμϐαλεῖν
3271 4797 3553 4866 δυνάμενοι

336 4907 420 4950 tas
449 4894 645 4950 animae
673 4898 965 4954 immittere
993 4901 1204 4972 valent,
1218 4899 1283 4953 Et
1311 4901 1542 4956 odientes
1573 4918 1653 4955 me
1686 4902 1894 4971 disper-

2008 4901 2062 4968 τῇ
2085 4897 2250 4967 ψυχῇ.
2303 4896 2411 4950 Kal
2442 4893 2583 4962 τοὺς
2611 4891 2940 4963 μισ-οὖντὰς
2963 4908 3038 4961 με
3084 4889 3549 4957 ἐξωλόθρευσας.

335 4986 521 5046 didisti
562 4987 855 5053 :Saulem,
916 4991 1350 5064 Achitophelem,
1400 4994 1788 5050 Abessalonem
1842 5003 1895 5050 et

2008 4989 2100 5042 Τὸν
2145 4987 2334 5049 Σαοὺλ,
2364 4986 2454 5039 τὸν
2490 4985 2789 5056 ⁹Αχιτόςρελ,
2812 4985 2902 5037 τὸν
2941 4981 3318 5053 Ἀ6εσσαλὼμ,,
3335 4981 3426 5042 καὶ
3448 4997 3549 5051 μυ-

334 5087 620 5134 sexcentos
646 5080 806 5134 alios.

2008 5085 2146 5157 ρίους
2175 5084 2410 5154 ἐτέρους.

404 5169 499 5235 42.
528 5170 924 5240 Clamaverunt,
961 5189 1051 5230 nec
1078 5183 1192 5228 erat
1214 5173 1305 5244 qui
1328 5175 1500 5229 salvos
1537 5175 1754 5245 faceret,
1789 5185 1904 5245 etc.

337 5259 461 5319 ηωο
488 5262 555 5317 de
586 5263 826 5320 inimicis
871 5266 1220 5322 sensibilibus
1254 5269 1348 5332 ait,
1384 5269 1541 5340 quasi
1571 5285 1638 5326 ex
1665 5284 1898 5339 persona

339 5349 571 5408 Domini.
593 5352 780 5425 Neque
800 5354 946 5411 enim
980 5355 1294 5429 alienigenae
1319 5358 1451 5413 deos
1471 5375 1601 5414 suos
1630 5360 1684 5413 in
1714 5359 1897 5414 subsi-

337 5440 488 5495 dium
534 5457 808 5512 vocantes,
856 5463 1046 5504 eorum
1089 5451 1428 5520 providentia
1460 5460 1515 5505 et
1555 5467 1688 5506 cura
1729 5452 1902 5521 adjuti

338 5539 471 5598 luunt
497 5549 510 5585 :
555 5547 729 5605 neque
775 5536 927 5606 Saul,
979 5541 1317 5604 Abessalom,
1374 5541 1548 5596 Semei
1594 5550 1649 5597 et
1699 5543 1893 5613 reliqui

422 5729 452 5758 "
497 5727 654 5786 Prov.
685 5746 797 5796 xu,
831 5733 918 5788 ΞΟ.
1019 5737 1058 5769 ⁸⁸
1100 5737 1258 5793 Prov.
1296 5753 1373 5802 Ill,
1411 5739 1494 5794 Η.

2080 5173 2463 5242 Ἐκέκραξαν,
2501 5171 2598 5226 καὶ
2628 5173 2740 5224 οὐκ
2771 5168 2849 5242 ἦν
2895 5174 2927 5225 ό
2963 5168 3179 5231 σώζων.
3213 5169 3396 5234 Ταῦτα
3423 5169 3552 5240 περὶ

1996 5269 2103 5322 τῶν
2132 5251 2404 5337 αἰσθητῶν
2441 5262 2650 5335 ἐχθρῶν
2697 5280 2858 5333 φησιν
2890 5263 2965 5326 ὡς
3009 5265 3071 5315 ἐκ
3123 5261 3410 5335 προσώπου
3457 5258 3550 5314 τοῦ

1997 5359 2221 5431 Κυρίου.
2255 5356 2392 5422 Οὔτε
2426 5357 2535 5427 γὰρ
2559 5354 2841 5423 ἀλλόφυλοι
2879 5354 3006 5418 τοὺς
3058 5355 3285 5420 οἰκείους
3331 5351 3555 5418 καλοῦν-

1997 5469 2088 5517 re;
2116 5453 2195 5514 είς
2227 5449 2543 5520 ἐπικουρίαν
2586 5446 2739 5510 θεοὺς
2775 5446 2874 5517 τῆς
2905 5448 3033 5515 παρ’
3077 5445 3254 5500 αὐτῶν
3299 5444 3552 5518 προνοίας

1999 5542 2332 5607 ἀπέλαυσαν,
2361 5540 2482 5594 οὔτε
2509 5543 2536 5594 ό
2570 5538 2740 5593 Σαοὺλ
2766 5539 2860 5592 καὶ
2890 5537 3242 5609 Ἀὁεσσαλὼμ
3270 5539 3367 5599 καὶ,
3389 5539 3419 5595 ό
3456 5538 3552 5603 ξε·-
