3944 6220
287 399 376 452 121

1381 395 1746 454 EXPOSITIO
1780 395 1850 450 IN
1889 394 2221 451 PSALMUM
2260 394 2423 452 XVII.

3413 407 3515 464 £22

282 510 400 581 μεεὶ
447 526 542 564 και
570 511 622 564 οί
673 509 853 565 λοιποὶ
905 513 1014 565 τῶν
1073 512 1419 584 Ἰσραηλιτῶν
1457 511 1704 582 πολέμιοι
1759 509 1840 562 τὸν

1955 508 2324 565 lsrselitarum
2383 511 2594 574 hostes,
2647 508 2817 566 Deum
2877 509 3257 582 opitulatorem
3309 514 3514 573 habue-

277 601 412 655 Θεὸν
438 602 710 673 ἐσχήκασι
739 602 1047 674 σύμμαχον.

350 692 459 749 Καὶ
478 693 758 748 λεπτυνῶ
786 695 1008 761 αὐτοὺς
1041 696 1183 749 ὡσεὶ
1224 694 1394 764 χοῦν.
1435 694 1676 768 Φροῦδοι,
1699 693 1851 766 φησὶ,

281 785 601 857 γενήσονται
673 785 951 850 παντελῶς
991 787 1090 850 τῆς
1127 787 1226 857 σῆς
1264 805 1353 857 μοι
1405 787 1622 859 χάριτος
1668 803 1854 858 συνερρ

279 873 507 946 τοΰσηςο

364 967 580 1022 Ῥῦσαί
627 983 705 1037 με
735 968 805 1032 ἐξ
834 968 1190 1038 ἀντιλογιῶν
1233 969 1408 1024 λαοῦ.
1447 971 1567 1022 Ἔτι
1618 968 1710 1022 τοῦ
1748 970 1852 1021 Κυ-

285 1058 400 1130 ρίου
428 1057 492 1111 τὸ
517 1058 808 1129 πρόσωπον
832 1060 1310 1131 ἀποστρεφομένου
1348 1061 1447 1131 μὲν
1475 1061 1542 1113 δι’
1569 1061 1852 1115 ἀπείθειαν

282 1151 391 1204 τῶν
424 1151 712 1215 Ἰουδαίων,
743 1153 1018 1216 αἰτοῦντος
1039 1152 1096 1206 δὲ
1132 1152 1200 1206 τὰ
1233 1153 1359 1224 ἔθνη
1384 1154 1464 1216 είς
1487 1153 1850 1224 κληρονομίαν

280 1241 468 1297 αὑτοῦ.
501 1245 920 1313 Καταστήσας
939 1263 1015 1314 με
1042 1249 1130 1311 εὶς
1159 1246 1432 1316 κεφαλὴν
1465 1245 1672 1300 ἐθνῶν.
1712 1247 1848 1300 Ἀλλ’

281 1335 379 1387 οῦκ
407 1332 568 1404 ἴσμεν
595 1335 686 1388 τὸν
718 1336 883 1389 Δαυῒδ
921 1336 1029 1390 τῶν
1069 1337 1238 1391 ἐθνῶν
1294 1337 1686 1408 βασιλεύσαντα
1706 1355 1719 1368 ·
1751 1339 1847 1392 οὑ-

281 1425 410 1479 κοῦν
424 1425 514 1479 διὰ
537 1426 631 1479 τοῦ
660 1425 719 1491 ἐξ
739 1427 899 1480 αὑτοῦ
927 1429 1066 1482 κατὰ
1089 1428 1265 1500 σάρκα
1290 1429 1567 1500 τεχθέντος
1588 1431 1620 1502 ἡ
1648 1447 1851 1502 προφηη

283 1516 401 1568 τεία
427 1514 750 1586 πληροῦται.
768 1517 827 1568 Ὀ
853 1517 960 1588 γὰρ
978 1519 1042 1571 ἐκ
1066 1519 1229 1570 Δαυῒδ
1245 1519 1382 1572 κατά
1408 1519 1586 1591 σάρκα
1614 1519 1846 1590 τεχθεὶς,

285 1606 446 1660 Δαυῒδ
472 1608 566 1661 καὶ
595 1607 755 1669 αὐτὸς
784 1608 1176 1680 ὀνομαζόμενος
1215 1611 1354 1665 κατά
1393 1612 1483 1664 τὸν
1509 1610 1649 1663 θεῖον
1691 1611 1847 1676 Ἰεζε-

283 1699 427 1770 χιὴλ,
478 1700 506 1751 ό
546 1701 845 1769 Δεσπότης,
877 1700 1021 1768 λέγω
1047 1741 1061 1765 ,
1107 1701 1378 1773 Χριστὸς,
1411 1704 1626 1757 πάντων
1669 1704 1850 1757 ἐϐασί-

283 1788 436 1841 λευσε
489 1788 599 1841 τῶν
657 1789 824 1841 ἐθνῶν
845 1805 859 1818 ·
911 1789 999 1842 ἀεὶ
1047 1791 1145 1860 μὲν
1182 1791 1257 1856 ὼς
1290 1793 1420 1856 Θεὸς
1446 1792 1554 1845 τῶν
1594 1793 1846 1846 ἁπάντων

1959 611 2104 657 runt.

2023 695 2113 751 L3.
2147 695 2216 752 Et
2250 699 2605 752 comminuam
2640 713 2728 753 eos
2773 707 2832 752 ut
2878 696 3161 766 pulverem.
3197 697 3390 768 Vacui,
3431 701 3514 758 in-

1952 789 2089 858 quit,
2129 799 2313 855 erunt,
2351 800 2442 847 tua
2471 791 2604 846 mihi
2638 790 2807 862 gratia
2835 788 3047 846 fortiter
3081 792 3396 850 auxiliante.

2021 970 2112 1024 44.
2148 972 2307 1036 Eripe
2327 988 2408 1026 me
2436 989 2499 1025 ae
2525 975 3026 1028 contradictionibus
3056 975 3254 1044 populi.
3281 974 3514 1030 Domino

1951 1061 2159 1117 scilicet
2187 1063 2364 1118 adhuc
2395 1064 2588 1120 faciem
2616 1074 2892 1120 avcrtente
2925 1066 2994 1120 ob
3016 1065 3324 1121 Iudaeorum
3358 1065 3513 1121 inob-

1951 1157 2312 1226 sequentiam,
2339 1158 2643 1227 postulante
2661 1166 2840 1211 autem
2859 1167 3044 1228 gentes
3064 1158 3116 1211 in
3149 1158 3512 1212 hmreditatem

1950 1263 2126 1304 suam.
2147 1247 2443 1304 Constitues
2476 1265 2555 1302 me
2576 1251 2626 1303 in
2653 1259 2808 1318 caput
2831 1251 3059 1319 gentium
3088 1249 3188 1320 (4).
3223 1247 3308 1319 (Et
3331 1258 3511 1305 tamen

1949 1341 2222 1396 nescimus
2267 1339 2522 1394 Davidem
2569 1342 2821 1409 gentibus
2856 1341 3200 1412 imperasse.)
3249 1340 3353 1396 Per
3384 1355 3508 1396 eum

1949 1432 2152 1500 itaque,
2195 1431 2286 1500 qui
2315 1447 2378 1485 ex
2413 1431 2614 1486 Davide
2646 1434 2945 1488 secundum
2973 1448 3191 1487 carnem
3217 1443 3368 1488 ortus
3403 1443 3507 1499 est,

1949 1524 2205 1595 impletur
2231 1525 2534 1594 prophetia.
2577 1524 2712 1579 Nam
2741 1529 2835 1596 qui
2861 1542 2924 1581 ex
2971 1526 3174 1581 Davide
3207 1526 3508 1581 secundum

1949 1631 2165 1670 carnem
2201 1625 2362 1671 natus
2392 1625 2496 1683 est,
2525 1625 2578 1671 et
2609 1618 2722 1686 ipse
2745 1615 2913 1672 David
2941 1628 3168 1672 vocatus
3193 1617 3347 1686 juxta
3379 1615 3511 1670 divi-

1948 1725 2079 1764 num
2104 1707 2466 1773 Ezechielem,
2501 1724 2694 1778 nempe
2732 1708 2995 1764 Dominus
3017 1708 3288 1774 Christus,
3326 1706 3508 1762 omni-

1950 1803 2053 1859 bus
2076 1804 2326 1874 gentibus
2366 1802 2670 1872 imperavit.
2701 1800 2769 1856 Et
2805 1800 3023 1870 quidem
3064 1808 3122 1853 ut
3164 1798 3301 1853 Deus
3331 1797 3508 1853 omni-

279 1879 579 1944 δεσπόζων,
614 1881 754 1950 μετὰ
796 1881 851 1934 δὲ
884 1883 982 1953 τὴν
1005 1883 1417 1954 ἐνανθρώπησιν
1467 1886 1561 1939 καὶ
1589 1885 1687 1956 τὴν
1723 1886 1840 1939 ἐθε-

1951 1896 2048 1951 bus
2078 1867 2292 1964 semper
2318 1867 2548 1966 imperat
2573 1913 2587 1961 ;
2611 1867 2896 1964 postquam
2929 1899 3107 1945 autem
3141 1890 3306 1944 homo
3332 1889 3508 1944 factus

279 1970 490 2025 λούσιον
521 1974 628 2025 τῶν
658 1974 738 2036 είς
767 1973 927 2027 αὐτὸν
951 1977 1386 2030 πεπιστευκότων
1421 1976 1661 2031 δουλείαν
1690 1978 1842 2046 δεξά-

282 2080 460 2132 μενος.

344 2156 505 2220 Δαὸς
528 2154 602 2207 ὃν
626 2157 736 2210 οὐκ
763 2156 952 2226 ἔγνων
988 2157 1315 2213 ἐδούλευσέ
1340 2177 1460 2228 μοι.
1513 2159 1642 2232 [Τοῦ
1679 2160 1841 2214 αὑτοῦ

278 2243 366 2297 τοῦ
410 2247 646 2317 Χριστοῦ
674 2265 686 2276 ·
735 2249 1205 2320 ἀποστρεφόμενος
1275 2250 1384 2322 γὰρ
1429 2251 1555 2314 τοὺς
1602 2251 1842 2314 ἀπειθεῖς

290 2337 597 2401 Ἰουδαίους,
615 2341 756 2392 αίτεῖ
775 2341 842 2394 τά
858 2340 982 2410 ἔθνη
1003 2343 1081 2404 είς
1097 2339 1198 2412 κλη
1208 2341 1505 2412 ρονομίαν.]
1530 2342 1642 2395 Οὐκ
1662 2343 1842 2410 ἀγνοί-

278 2445 342 2492 ας
369 2431 488 2482 ἐστὶ
514 2431 870 2501 σημαντικὸν,
901 2431 1076 2484 πάντα
1100 2433 1210 2503 γὰρ
1237 2427 1377 2486 οἶδεν
1415 2433 1490 2496 ὡς
1515 2433 1646 2496 Θεός
1671 2450 1684 2463 ·
1727 2432 1840 2486 ἀλλ’

279 2521 358 2572 ὅτι
386 2520 437 2573 οἱ
464 2521 607 2574 κατά
635 2523 860 2594 καιροὺς
886 2523 986 2593 τὴν
1012 2523 1319 2595 οἰκειότητα
1343 2524 1441 2595 τὴν
1464 2524 1596 2595 πρὸς
1627 2524 1726 2594 ἐμὲ
1765 2525 1840 2596 μὴ

280 2610 530 2680 λαχόντες
568 2613 835 2684 ἀλλότριοι
865 2614 931 2668 ἂν
961 2610 1072 2668 εἷεν
1098 2617 1193 2669 καὶ
1237 2614 1374 2680 ξένοι
1407 2614 1500 2668 καὶ
1524 2615 1710 2686 πόρρω
1744 2615 1841 2685 τῆς

279 2703 416 2774 ἐμῆς
437 2703 736 2774 ἀπέχοντες
755 2704 1107 2775 οίκειότητος.
1748 2692 1752 2696 ’

359 2879 480 2932 Υίοὶ
525 2879 828 2949 ἀλλότριοι
868 2881 1215 2950 ἐψεύσαντο
1253 2898 1347 2951 με.
1384 2880 1443 2934 Ὁ
1479 2880 1697 2953 κληθεὶς
1727 2881 1841 2945 υίὸς

279 2969 622 3039 πρωτότοκος
661 2969 878 3041 Ἰσραὴλ
904 2970 1182 3042 ἀλλότριος
1219 2970 1420 3043 ἐκλήθη
1448 2970 1535 3024 διὰ
1575 2971 1673 3042 τὴν
1711 2973 1840 3024 ἀπιο

280 3059 435 3114 στίαν
463 3061 594 3122 υἱός.
635 3062 754 3115 Υίοὶ
785 3061 1090 3130 ἀλλότριοι
1113 3061 1593 3132 ἐπαλαιώθησαν.
1634 3063 1750 3116 Πᾶν
1779 3061 1842 3114 τὸ

278 3151 673 3222 παλαιούμενον
703 3153 868 3223 ἐγγὺς
890 3146 1219 3224 ἀφανισμοῦ.

343 3240 434 3309 Ζῇ
467 3243 702 3310 Κύριος,
746 3242 847 3296 καί
890 3243 1214 3312 εὐλογητὸς
1239 3245 1273 3298 ό
1303 3243 1448 3310 Θεός
1469 3261 1608 3314 μου.
1648 3243 1840 3297 Εὐκαί-

278 3349 384 3404 ρως
418 3333 504 3395 τὸ,
533 3332 621 3403 Ζῇ
667 3336 880 3402 Κύριος
924 3335 1292 3408 ἐπεφώνησεν.
1354 3336 1568 3408 Ἐπειδὴ
1603 3336 1841 3408 ἐμνημό-

276 3441 464 3479 νευσεν
487 3427 590 3496 τῆς
609 3426 916 3494 ἀντιλογίας
943 3427 1035 3481 τοῦ
1070 3427 1220 3494 λαοῦ,
1243 3429 1300 3481 ἐν
1391 3429 1558 3483 ἐϐόων
1592 3429 1839 3498 λέγοντες

275 3512 432 3584 Αἶρε,
483 3517 611 3585 αἶρε
634 3532 648 3547 ⁸
702 3520 1055 3587 σταύρωσον
1085 3521 1290 3575 αὐτόν.
1333 3522 1442 3574 Καὶ
1480 3521 1768 3590 ύψωθήτω
1806 3525 1840 3576 ὁ

277 3607 421 3674 Θεὸς
442 3607 555 3675 τῆς
581 3609 876 3677 σωτηρίας
897 3628 1034 3679 μου.
1071 3612 1134 3664 Εί
1163 3613 1256 3665 καὶ
1280 3612 1678 3666 ἐταπείνωσεν
1705 3613 1840 3666 ἐαυ-

276 3697 399 3762 τὸν,
434 3699 592 3768 φησὶ,
622 3698 826 3753 λαϐὼν
852 3699 966 3768 τὴν
1010 3700 1117 3755 τοῦ
1166 3700 1390 3755 δούλου
1426 3701 1686 3772 μορφὴν,
1725 3702 1837 3755 ἀλλ’

275 3789 478 3861 ὑψηλός
506 3791 674 3845 ἐστιν.
700 3791 923 3863 Ὅμοιον
966 3792 1021 3846 δὲ
1063 3792 1142 3862 τῷ
1173 3793 1446 3865 εἰρημένῳ
1488 3794 1568 3858 τὸ,
1609 3795 1662 3847 Ὁ
1696 3794 1840 3860 Θεὸς

273 3883 462 3937 αὑτὸν
491 3885 873 3952 ὑπερύψωσε,
907 3883 1006 3937 καί
1031 3883 1350 3952 ἐχαρίσατο
1375 3884 1534 3951 αὺτῷ
1562 3884 1746 3954 ὄνομα
1770 3885 1838 3938 τό

276 3975 424 4042 ὑπὲρ
455 3974 582 4028 πᾶν
614 3975 820 4044 ὄνομα.

351 4067 406 4120 Ὀ
436 4066 582 4133 Θεὸς
609 4070 642 4121 ὁ
665 4067 869 4133 διδοὺς
894 4067 1227 4134 ἐκδικήσεις
1269 4068 1417 4138 ἐμοί.
1460 4069 1554 4122 Ἐκ
1583 4067 1674 4121 τοῦ
1713 4066 1838 4121 ἀπί-

276 4174 398 4210 στου
437 4156 568 4210 λαοῦ
615 4157 722 4210 τῶν
778 4158 1044 4211 Ἰουδαίων
1076 4159 1334 4229 δηλονότι.
1376 4159 1486 4213 Καὶ
1535 4159 1838 4226 ὑποτάξας

273 4249 462 4315 λαοὺς
490 4251 592 4303 ὑπ’
639 4248 764 4319 ἐμὲ.
812 4249 894 4303 Τά
925 4248 1074 4321 ἔθνη,
1131 4251 1316 4321 φησιν,
1363 4251 1710 4320 ὑπετάγησαν
1761 4250 1836 4321 τῷ

275 4339 514 4412 Χριστῷ.
555 4341 609 4392 '0
630 4342 867 4408 ρύστης
891 4358 1011 4409 μου
1051 4341 1122 4406 ἐξ
1163 4341 1394 4412 ἐχθρῶν
1418 4361 1559 4411 μου.
1590 4343 1709 4396 Τῶν
1740 4345 1837 4415 ἀρ-

274 4431 476 4500 χόντων
496 4430 591 4484 τοῦ
614 4431 674 4496 ἐξ
709 4432 921 4503 Ἰσραὴλ
951 4431 1079 4485 λαοῦ
1119 4451 1300 4505 φησιν.

1942 1995 2046 2054 est,
2089 1987 2450 2042 voluntariam
2495 1987 2831 2043 credentium
2881 1983 2938 2038 in
2977 1984 3152 2052 ipsum
3188 1981 3504 2037 servitutem

1942 2077 2127 2132 subiit.

2012 2167 2101 2221 45.
2153 2165 2388 2234 Populus
2455 2181 2606 2235 quem
2665 2179 2769 2217 non
2832 2163 3047 2235 cognovi
3089 2162 3298 2217 servivit
3352 2161 3503 2217 mihi.

1953 2258 2154 2331 [Ipsius
2210 2256 2436 2322 Christi,
2477 2257 2593 2326 qui,
2632 2255 2864 2326 repulsis
2913 2253 3117 2310 Juda'is
3173 2262 3233 2309 ut
3286 2253 3506 2308 inobse-

1941 2349 2277 2419 quentibus,
2364 2348 2599 2417 postulat
2679 2356 2866 2417 gentes
2938 2346 2994 2400 in
3084 2340 3502 2416 haereditatem.]

1942 2441 2018 2510 (5)
2045 2438 2162 2494 Non
2190 2450 2273 2494 est
2301 2440 2416 2494 haec
2441 2438 2759 2508 ignorantiae
2781 2447 2904 2492 nota
2929 2457 2941 2492 :
2963 2448 3154 2492 cuncta
3187 2435 3330 2491 enim
3356 2434 3504 2489 novit

1941 2540 2129 2602 utpote
2171 2531 2332 2585 Deus.
2384 2529 2490 2584 Sed
2536 2529 2816 2599 quoniam,
2864 2528 2959 2592 ait,
3006 2528 3098 2598 qui
3150 2542 3247 2597 per
3287 2526 3499 2580 diversa

1940 2632 2184 2694 tempora
2235 2623 2382 2677 nulla
2440 2622 2576 2677 mihi
2632 2621 3031 2676 necessitudine
3084 2619 3258 2690 juncti
3310 2625 3499 2683 erant,

1939 2715 2102 2770 alieni
2131 2724 2186 2769 et
2219 2713 2459 2769 extranei
2493 2713 2617 2782 jure
2641 2713 2913 2779 dicantur,
2951 2723 3112 2781 atque
3144 2725 3174 2766 a
3195 2724 3312 2763 mea
3343 2707 3499 2762 lami-

1942 2803 2179 2858 liaritate
2204 2803 2362 2873 longe
2387 2803 2603 2857 remoti.

2010 2893 2099 2948 46.
2129 2891 2261 2946 Filii
2287 2891 2447 2946 alieni
2475 2892 2680 2945 mentiti
2718 2901 2839 2945 sunt
2872 2891 3020 2945 mihi.
3051 2889 3238 2954 Israel.
3261 2890 3354 2962 qui
3389 2894 3502 2962 pri—

1939 2983 2245 3053 mogenitus
2281 2983 2595 3049 vocabatur,
2631 2982 2841 3037 alienus
2871 2983 3015 3038 ﬁlius
3051 2983 3120 3038 ob
3150 2983 3500 3038 incredulita-

1937 3083 2046 3130 tem
2089 3074 2267 3130 dictus
2299 3081 2403 3129 est.
2448 3072 2583 3127 Filii
2623 3074 2783 3128 alieni
2812 3073 3086 3128 inveterati
3136 3082 3278 3129 sunt.
3325 3073 3500 3130 Omne

1940 3168 2320 3228 inveteratum,
2345 3166 2653 3236 proximum
2686 3165 2927 3220 interitui
2956 3173 3059 3222 est.
3160 3228 3166 3236 _

2008 3257 2096 3312 47.
2156 3255 2293 3311 Vivit
2327 3257 2601 3319 Dominus,
2624 3264 2673 3309 et
2703 3255 2998 3309 benedictus
3036 3254 3177 3310 Deus
3203 3270 3368 3310 meus.
3387 3253 3500 3325 Dp-

1938 3357 2170 3418 portune
2199 3345 2355 3412 illud,
2394 3344 2529 3399 Vivit
2559 3343 2838 3409 Dominus,
2865 3341 3194 3398 vociferatus
3223 3353 3328 3396 est.
3358 3340 3497 3408 Quia

1939 3438 2385 3496 commemoravit
2413 3435 2892 3492 contradictionem
2926 3434 3132 3505 populi,
3161 3449 3268 3504 qua
3299 3433 3502 3488 clama-

1937 3533 2068 3586 bant
2102 3549 2117 3586 :
2157 3529 2318 3596 Tolle,
2366 3529 2512 3595 tolle,
2555 3528 2803 3597 cruciﬁge
2840 3543 2957 3581 eum
3001 3527 3064 3579 ‘9.
3118 3524 3190 3579 Et
3235 3525 3498 3580 exaltetur

1938 3624 2078 3678 Deus
2101 3623 2291 3677 salutis
2325 3638 2470 3677 mete.
2523 3621 2770 3687 Etiamsi,
2807 3619 3104 3674 humiliavit
3142 3619 3494 3687 semetipsum,

1939 3715 2132 3785 inquit,
2155 3715 2327 3784 forma
2350 3714 2483 3768 servi
2523 3711 2825 3783 accepta”,
2860 3712 3108 3766 excelsus
3141 3709 3495 3763 nihilominus

1935 3817 2039 3862 est.
2071 3805 2258 3861 Simile
2289 3816 2469 3860 autem
2501 3805 2630 3860 huic
2663 3805 2866 3859 dictum
2897 3809 2981 3858 est
3007 3819 3022 3856 :
3060 3801 3199 3854 Deus
3239 3799 3496 3854 exultavit

1935 3898 2111 3963 illum,
2153 3907 2213 3955 ,ει
2251 3897 2394 3951 dedit
2440 3896 2522 3950 illi
2568 3912 2754 3950 nomen
2807 3894 2944 3965 quod
3006 3901 3083 3946 est
3128 3908 3285 3961 super
3345 3905 3496 3945 omne

1935 4008 2274 4135 "02:.n0eus
2328 4079 2418 4149 qui
2460 4075 2555 4130 das
2601 4075 2857 4129 vindictas
2905 4072 3052 4125 mihi.
3098 4071 3363 4126 Videlicet
3397 4074 3494 4126 ad-

1936 4189 2129 4230 versus
2187 4171 2456 4227 inﬁdelem
2503 4169 2761 4238 populum
2810 4165 3148 4221 Judaeorum.
3204 4163 3269 4218 Et
3313 4163 3494 4217 subdis

1936 4263 2155 4334 populos
2203 4261 2296 4316 sub
2333 4277 2432 4314 me.
2474 4259 2695 4324 Gentes,
2746 4256 2943 4327 inquit,
2993 4255 3215 4310 Christo
3265 4253 3495 4309 subdita:

1938 4356 2176 4410 fuerunt.
2205 4351 2481 4406 Liberator
2516 4366 2658 4404 meus
2686 4348 2749 4402 de
2777 4347 3008 4404 inimicis
3045 4347 3196 4400 meis.
3231 4344 3304 4400 De
3345 4345 3495 4415 prin-

1937 4446 2152 4517 cipibus
2183 4442 2465 4500 lsraelitici
2496 4439 2703 4512 populi.

328 4523 464 4576 Ἀπὸ
480 4521 598 4576 τῶν
612 4522 1102 4593 ἐπανισταμένων
1115 4524 1208 4577 ἐπ’
1223 4525 1344 4594 ἐμέ.
1359 4525 1465 4578 Τοῦ
1482 4525 1647 4578 Ἰούδα
1660 4525 1828 4594 λέγει.

2008 4538 2085 4593 Ab
2111 4536 2496 4606 insurgentibus
2519 4534 2575 4586 in
2599 4549 2700 4586 me.
2723 4531 2916 4586 Iudam
2944 4531 3038 4585 ait.

341 4611 363 4686 [
394 4614 451 4667 Ὀ
473 4616 712 4682 ῥύστης
733 4631 852 4684 μου
898 4616 966 4670 ἐκ
995 4615 1112 4669 τῶν
1141 4615 1370 4686 ἐχθρῶν
1407 4634 1526 4686 μου
1559 4619 1831 4687 ὀργίλων.

286 4705 378 4759 Ἐκ
410 4706 505 4759 τοῦ
533 4706 665 4759 λαοῦ
700 4707 953 4760 ἀπίστου.
994 4707 1232 4778 Ὀργίλοι
1273 4707 1456 4778 ἐχθροὶ
1495 4710 1522 4761 6
1549 4708 1835 4772 Ἰουδαῖκδς

274 4791 395 4857 λαὸς
426 4792 774 4864 Σαμαρείτην
807 4793 970 4847 αὐτὸν
991 4794 1404 4866 κερτομοῦντες.
1453 4795 1617 4866 Ἀνὴρ
1637 4795 1692 4849 δὲ
1724 4795 1836 4849 ἄδι-

278 4901 365 4948 κος
405 4887 436 4938 6
485 4885 707 4951 Ἰούδας,
751 4886 784 4957 ἢ
845 4886 1095 4950 Πιλᾶτος,
1149 4886 1404 4949 ἀναιτίως
1435 4885 1687 4950 κολάσας.
1739 4887 1836 4940 Διά

276 4978 478 5049 τοῦτοῆ
509 4977 600 5031 διὰ
625 4977 725 5041 τὰς
759 4978 838 5042 είς
878 4978 979 5048 ἐμὲ
1007 4979 1321 5050 εὐεργεσίας
1347 4981 1724 5051 εὐχαριστήσω
1753 4996 1834 5032 σοι

278 5071 366 5123 ἐπὶ
398 5070 617 5124 πάντων
650 5069 761 5123 είτε
797 5070 1062 5124 Ἰουδαίων
1083 5069 1193 5124 εἴτε
1224 5069 1415 5134 ἐθνῶν,
1451 5072 1545 5124 καὶ
1571 5074 1628 5124 ἐν
1650 5071 1835 5142 ὕμνοις

279 5159 376 5225 ἐξω
404 5161 467 5216 τὸ
492 5161 668 5235 ὄνομά
695 5160 849 5233 σου.]

343 5339 441 5421 Διὰ
463 5381 642 5421 τουτο
664 5360 1187 5432 ἑξομολογήσομαί
1228 5374 1328 5415 σοι
1367 5360 1437 5414 ἐν
1471 5359 1691 5421 ἔθνεσι,
1722 5361 1832 5414 Κύ-

277 5473 376 5526 ριε.
419 5455 636 5528 Ἐπειδὴ
663 5454 734 5508 τὰ
771 5454 865 5508 καὶ
889 5453 957 5506 τὰ
989 5453 1248 5524 εἰργάσω,
1297 5450 1426 5519 ἐγὼ,
1464 5450 1626 5519 φησὶν
1655 5452 1682 5504 6
1712 5461 1836 5522 προ-

279 5546 458 5618 φήτης,
488 5543 715 5600 ἐπειδὰν
750 5543 814 5596 σὺ
843 5541 1004 5605 αὐτὸς
1030 5543 1059 5594 ό
1088 5540 1294 5613 Κύριος
1320 5539 1387 5593 τὰ
1426 5539 1550 5610 ἔθνη
1581 5540 1831 5614 καλέσῃς,

339 5681 380 5714 ¹⁹
412 5678 572 5736 Joan.
604 5694 727 5744 ιιι,
762 5675 852 5730 15.
933 5673 979 5706 ’⁸
1013 5673 1245 5745 Philipp.
1282 5690 1342 5738 ιι,
1380 5674 1434 5730 8.
1513 5674 1555 5705 ⁹¹
1604 5673 1737 5728 ibid.
1775 5675 1827 5730 9.

332 5793 404 5863 (4)
437 5793 564 5857 Haec
595 5789 826 5863 Origeni
851 5788 1160 5844 tribuuntur
1183 5789 1232 5843 in
1270 5787 1397 5859 Reg.
1428 5786 1476 5839 1.

2007 4629 2305 4701 [Liberator
2354 4642 2498 4679 meus
2544 4625 2610 4678 de
2658 4625 2890 4679 inimicis
2934 4624 3060 4678 meis
3107 4622 3397 4678 iracundis.
3447 4622 3492 4676 Α

1934 4723 2136 4794 pepulo
2188 4719 2412 4776 inﬁdeli.
2465 4717 2672 4771 Inimici
2742 4715 2988 4771 iracundi
3046 4726 3173 4770 sunt
3232 4712 3494 4768 Judaicus

1935 4815 2191 4884 populus,
2233 4813 2325 4883 qui
2369 4811 2525 4882 quasi
2569 4809 2913 4864 Samaritano
2953 4807 3029 4861 illi
3074 4806 3488 4863 maledicebant.

1937 4905 2032 4960 Vir
2062 4914 2242 4960 autem
2281 4904 2504 4973 iniquus
2532 4909 2617 4958 est
2653 4899 2840 4965 Judas,
2875 4908 2968 4954 aut
3003 4897 3209 4953 Pilatus
3243 4897 3334 4968 qui
3374 4897 3493 4951 sine

1935 5009 2099 5052 causa
2127 4995 2302 5063 ipsum
2335 4991 2604 5062 supplicio
2631 4988 2830 5044 aﬂ‘ecit.
2861 4987 3177 5057 Propterea,
3225 4994 3320 5040 aut
3364 4999 3492 5053 pro-

1934 5095 2056 5157 pter
2085 5095 2176 5140 tua
2205 5100 2328 5154 erga
2357 5098 2442 5138 me
2473 5079 2968 5150 beneﬁcia,gratias
2994 5093 3147 5150 agam
3168 5078 3260 5132 tibi
3290 5076 3343 5130 in
3371 5089 3490 5129 om-

1935 5179 2095 5234 nibus
2144 5175 2495 5240 nationibus,
2556 5173 2671 5228 sive
2720 5170 2920 5226 Judaeis
2977 5171 3092 5225 sive
3138 5167 3406 5239 gentibus,
3435 5171 3491 5219 et

1935 5270 2151 5341 hymnis
2179 5267 2464 5323 celebrabo
2490 5280 2688 5320 nomen
2723 5261 2922 5334 tuum.]

2003 5358 2294 5427 Propterea
2335 5355 2619 5424 conﬁtebor
2658 5352 2751 5406 tibi
2785 5353 2840 5405 in
2879 5349 3196 5414 nationibus,
3244 5345 3484 5401 Domine.

1931 5452 2068 5508 Cum
2110 5459 2189 5513 tu,
2241 5447 2490 5514 Domine,
2530 5448 2606 5501 ait
2646 5447 2934 5517 Pr0pheta,
2972 5445 3086 5498 haec
3129 5451 3181 5498 et
3219 5441 3306 5495 illa
3352 5440 3487 5494 mibi

1933 5541 2267 5622 praestiteris,
2293 5540 2509 5612 quando
2534 5549 2586 5594 tu
2623 5539 2738 5608 ipse
2768 5537 3030 5592 Dominus
3052 5543 3236 5606 gentes
3261 5548 3484 5592 vocare.

2001 5785 2079 5856 (-5)
2107 5785 2161 5838 In
2191 5781 2343 5838 Colb.
2377 5781 2430 5848 '5,
2460 5780 2575 5838 haec
2605 5780 2910 5837 tribuuntur
2934 5777 3152 5850 Cyrillo.
