3944 6220
390 358 495 417 £25
1219 368 1277 424 S.
1309 371 1676 433 ATHANASII
1706 378 1857 439 OPP.
1897 380 2077 440 PARS
2114 385 2203 442 ill.
2238 418 2306 431 —
2345 388 2758 449 EXEGE'IICA.
3494 398 3589 456 PM

388 474 484 535 ris,
529 485 625 541 per
663 486 757 528 eas
803 474 1103 532 conﬁtebor
1153 491 1254 550 ego
1299 481 1420 548 tibi,
1466 488 1786 547 canentibus
1836 493 1942 548 illis

2042 495 2108 549 δι’
2160 499 2338 553 αὐτῶν
2381 519 2462 556 σοι
2510 503 2998 578 ὲξομολογήσομαι,
3032 509 3262 581 ᾀδόντων
3293 509 3469 568 αὐτων
3501 516 3591 580 οὓς

386 562 616 633 hymnos
637 578 775 633 quos
805 565 969 621 edidi.
1006 564 1125 623 Non
1153 571 1316 627 modo
1343 582 1521 631 autem
1566 578 1667 634 hoc
1693 581 1816 648 erit,
1847 585 1941 639 sed

2042 590 2314 661 πεποίηκα
2360 562 2579 664 ὕμνους.
2602 562 2686 650 .οὺ
2718 562 2883 669 ,λάξιοὲ
2919 562 3177 668 δι’τὲῠὲρ,

383 654 549 707 etiam
605 656 967 724 magnilicabo
1025 660 1229 719 salutes
1277 666 1422 736 regis
1473 682 1687 737 eorum,
1740 673 1940 730 scilicet

2040 654 2273 749 γαλυνω,
2324 654 2477 757 φησὶ,
2527 654 2630 753 τὰς
2661 654 2930 762 σωτηρίας
2975 693 3067 746 τοῦ
3114 654 3593 764 βασιλέωςῃαυτιὶξν

384 745 647 814 gentium.
703 746 878 813 Quam
934 751 1469 827 salutemoperatus
1523 769 1610 816 est
1657 763 1717 818 in
1764 765 1941 822 medio

386 843 542 861 η---
636 837 972 861 νημαι.-
1080 844 1129 861 ..
1259 856 1270 861 -
1510 852 1523 861 .
1822 857 1855 861 __

2041 745 2148 827 τῶν
2172 745 2371 831 ἐθνιῦν”
2386 745 2472 850 ’ἢν
2491 745 2647 853 ὲποίη
2655 799 2713 836 σε
2743 745 3014 856 σωτηρίαν
3042 787 3099 839 ὲν
3306 745 3452 858 ⁷ιτξιςῂ

386 843 563 951 terrae.
624 837 1012 951 flaggiﬁcubo,
1078 844 1133 900 id
1194 856 1297 914 est,
1343 852 1631 921 perspicue
1690 857 1943 913 omnibus

2040 867 2384 936 Μεγαλυνῶ,
2411 837 2651 926 τουτέστι
2683 878 2795 938 τοῖς
2842 837 2975 930 itii“
3000 837 3272 948 διαϐοήσῷ
3304 837 3588 951 λαμπράς.

384 926 716 982 acclamabo.
741 927 876 985 Nam
902 948 1044 999 eam,
1071 936 1270 1006 inquit,
1296 939 1525 996 salutem
1560 956 1813 1013 operatus
1836 956 1939 1012 est,

2054 926 2267 1029 Ἐπειδὴ
2317 926 2409 1014 καὶ
2441 963 2640 1034 ταύτην
2690 926 3188 1038 εἱρχάσατοίςρπσὶῖ
3234 926 3415 1023 ποιῶν⁷
3439 926 3586 1026 ἔλεον

383 1031 508 1072 cum
558 1020 933 1079 misericordia
986 1026 1039 1080 in
1095 1029 1197 1084 sibi
1256 1040 1485 1088 unctum
1540 1038 1801 1106 populum
1860 1049 1940 1096 est

2045 1047 2131 1100 ἐπὶ
2153 1020 2561 1121 τὸν-χρισθέντα
2587 1020 2755 1107 aliter”;
2773 1020 2897 1110 λαόν
2916 1074 2939 1087 ·-
2962 1020 3047 1121 εἰέ
3076 1020 3366 1127 βασίλειον-ν
3381 1020 3595 1131 ita;

384 1111 840 1181 usus:siquidem
866 1116 918 1170 in
950 1118 1129 1188 regale
1153 1123 1519 1180 sacerdotium
1551 1129 1700 1184 uncti
1726 1146 1939 1188 sumus.

2042 1111 2662 1212 ράτευμαὲχρίσθημεν.
2694 1145 2869 1199 Ποιῶν
2897 1146 2952 1200 δὲ
2985 1111 3205 1218 τιξόιλαῷ
3227 1149 3287 1202 τὸ
3312 1111 3592 1213 ἔλεος.-καί

385 1201 488 1259 Ubi
521 1213 701 1262 autem
745 1224 865 1264 eam
900 1213 1101 1281 populo
1125 1230 1290 1284 quam
1327 1218 1461 1273 mihi
1499 1219 1690 1275 Davidi
1729 1222 1942 1278 miseri-

2043 1201 2134 1296 μοι
2165 1201 2242 1298 τῷ
2268 1201 2447 1296 Δαυίὶδ,
2477 1201 2911 1304 παρασκευάσεις
2932 1201 3187 1306 γενέσθαι·
3205 1239 3352 1310 αὐτῷ
3381 1201 3471 1293 καὶ

385 1295 624 1352 cordiam
664 1297 879 1366 feceris,
915 1301 1148 1372 idipsutn
1181 1322 1398 1377 quoque
1435 1311 1500 1364 ad
1541 1327 1725 1368 semen
1760 1329 1939 1369 meum

2043 1295 2314 1384 σπέρματί
2345 1295 2465 1387 μου.
2493 1295 2718 1393 Σπέρμα
2745 1324 2851 1394 γάρ
2876 1295 2968 1377 του
2994 1326 3154 1379 Δαυῒδ
3180 1328 3273 1381 καὶ
3295 1295 3406 1394 δ’ἐξ
3424 1295 3592 1384 ἐθνῶν

383 1388 669 1454 pervenire
697 1390 981 1447 concedes.
1018 1392 1213 1449 Semen
1237 1398 1435 1467 quippe
1467 1397 1631 1455 David
1666 1409 1749 1456 est
1779 1402 1940 1456 etiam

2039 1401 2198 1467 λαόςο
2230 1406 2325 1460 ἆτε
2352 1407 2414 1480 δὴ
2449 1388 2685 1479 γεγονως
2704 1388 3003 1470 τέκνονςτοῦ
3027 1419 3099 1473 ἐκ,
3113 1388 3423 1491 σπέρματος
3450 1421 3592 1476 κατὰ

384 1477 623 1570 gentium
652 1481 906 1550 populus,
937 1483 1135 1555 quippe
1160 1487 1254 1555 qui
1289 1488 1441 1545 ﬁlius
1455 1491 1574 1559 eius
1606 1490 1829 1547 eﬂ‘ectus
1849 1493 1941 1555 sit.

1251 1531 1254 1540 .
1289 1488 1441 1545 ﬁlius
1455 1491 1574 1559 eius
1606 1490 1829 1547 eﬂ‘ectus
1849 1493 1941 1555 sit.
2043 1493 2218 1567 σάρκα
2251 1477 2599 1570 γεννήθέντος
2627 1504 2808 1560 Auctis.

382 1568 476 1639 qui
503 1584 569 1625 ex
605 1573 811 1627 semine
849 1574 1012 1630 David
1050 1579 1349 1633 secundum
1395 1595 1612 1635 carnem
1648 1591 1806 1637 natus
1835 1593 1939 1639 est.

573 1660 615 1717 Ι.
648 1661 715 1720 In
735 1665 893 1734 ﬁnem
923 1666 1265 1725 PSALMUS
1289 1671 1500 1732 Davidi.
1531 1673 1581 1727 Χ
1595 1673 1767 1730 VIII.

2244 1673 2348 1737 Εἰς
2375 1671 2567 1740 τέλος,
2594 1675 2896 1731 ΨΑΔΜΟΣ
2924 1674 3001 1741 τῷ
3035 1675 3234 1730 Δαυΐδ.
3262 1676 3390 1734 13'.

964 1761 1364 1832 Argumentum.
1970 1828 2006 1834 _

1970 1828 2006 1834 _
2647 1767 2661 1786 '
2673 1769 2976 1834 Υπόθεσις.

381 1839 653 1901 lnitialem
699 1828 1080 1918 complectitur
1128 1854 1428 1911 doctrinam
1475 1856 1563 1912 hic
1592 1857 1837 1927 psalmus
1873 1875 1938 1915 ex

2041 1852 2415 1926 Εἰσαγωγικὴν
2445 1856 2787 1913 διδασκαλίαν
2820 1828 3060 1930 περιέχει
3090 1872 3119 1912 ο
3151 1861 3338 1932 παρὼν
3378 1862 3597 1934 ψαλμὸς-

453 1952 685 2008 persona
714 1943 1084 2009 apostolorum
1109 1945 1176 2000 ad
1206 1956 1411 2017 gentes.
1443 1933 1806 2014 Quamobrem
1830 1966 1941 2007 οω-

2109 1945 2174 1997 ὲκ
2207 1946 2492 2017 προσώπου
2525 1948 2632 2002 τῶν
2678 1950 2988 2004 ἀποστόλων
3021 1952 3154 2021 πρὸς
3206 1953 3273 2006 τὰ
3305 1952 3450 2026 ἔθνη.
3494 1933 3590 2009 Διὸ

449 2029 563 2086 lum
595 2041 650 2087 et
682 2034 850 2089 solem
884 2047 938 2091 et
975 2038 1182 2109 reliqua
1217 2041 1503 2108 elementa,
1549 2060 1684 2114 quos
1715 2060 1942 2115 magnos

2109 2037 2203 2090 καὶ
2239 2038 2485 2109 οὐρανὸν,
2520 2040 2613 2093 καὶ
2640 2040 2809 2111 ἥλιον,
2867 2043 2961 2095 καὶ
3015 2043 3083 2097 τά
3133 2043 3297 2116 ἕτερα
3327 2049 3585 2118 στοιχεῖα,

453 2119 558 2176 illae
606 2122 738 2178 deos
777 2141 899 2181 esse
955 2128 1383 2199 arbitrabantur,
1428 2132 1676 2203 opiﬁcem
1723 2135 1942 2192 laudare

2107 2127 2201 2191 οὓς
2230 2130 2325 2182 καὶ
2354 2129 2620 2200 μεγάλους
2663 2130 2877 2202 ἐνόμιζε
2922 2132 3077 2198 θεοὺς
3111 2132 3281 2188 ταῦτα
3334 2136 3590 2208 ἀνυμνεῖν

453 2228 613 2267 suum
646 2215 922 2271 dicuntur.
1020 2264 1034 2279 .

2105 2219 2195 2272 τὸν
2225 2220 2449 2292 ποιητὴν
2476 2221 2653 2275 αὐτῶν
2690 2222 2955 2291 λέγουσιν.

451 2304 504 2359 2.
555 2305 685 2361 ϐωιὶ
703 2319 954 2365 enarrant
983 2327 1209 2382 gtoriam
1237 2330 1352 2368 νει.
1373 2331 1561 2371 almae
1584 2326 1668 2373 cst
1693 2317 1797 2374 hoc
1826 2318 1939 2374 illi:

2111 2312 2174 2362 Ol
2201 2312 2437 2378 οὐρανοὶ
2490 2311 2831 2382 διηγοῦνται
2872 2313 3058 2379 δόξαν
3082 2316 3248 2371 Θεοῦ.
3285 2317 3504 2390 Ὅμοιον
3528 2321 3590 2375 τὸ

382 2393 680 2453 Invisibilia
707 2402 845 2455 enim
871 2403 1036 2472 ipsius
1066 2421 1099 2458 a
1138 2414 1380 2460 creatura
1410 2409 1590 2463 mundi
1619 2427 1710 2478 per
1738 2427 1799 2465 ea
1826 2428 1939 2480 qua:

2039 2400 2320 2471 εἰρημένον
2344 2418 2356 2431 ·
2402 2400 2476 2455 Τὰ
2534 2404 2643 2473 γὰρ
2698 2403 2919 2473 ἀόρατα
2959 2406 3144 2460 αὐτοῦ
3187 2407 3304 2462 ἀπὸ
3342 2410 3590 2478 κτίσεως

382 2485 527 2554 facta
553 2498 673 2542 sunt
706 2491 969 2547 intellecta
997 2496 1435 2562 conspiciuntur;
1469 2500 1785 2556 sempiterna
1805 2519 1939 2573 quo-

2038 2494 2266 2563 κόσμου
2292 2494 2414 2561 τοῖς
2440 2495 2726 2566 ποιήμασι
2745 2499 3038 2568 νοούμενα
3061 2501 3403 2570 καθορᾶται,
3436 2503 3476 2573 ἢ
3527 2522 3590 2559 τε

380 2595 480 2634 aue
506 2580 620 2649 ejus
645 2582 811 2636 uirtus
837 2592 886 2637 et
923 2584 1170 2641 diuinitas
1202 2587 1268 2642 ”.

2038 2585 2231 2653 ἀΐδιος
2256 2589 2442 2643 αὐτοῦ
2462 2588 2710 2661 δύναμις
2734 2592 2834 2649 καὶ
2857 2594 3100 2660 θειότης.

457 2671 512 2727 5.
555 2671 675 2726 Dies
712 2674 819 2728 diei
852 2686 1055 2731 eructat
1091 2678 1332 2749 verbum,
1367 2688 1417 2734 et
1464 2697 1602 2750 nox,
1642 2692 1747 2740 etc.
1789 2684 1938 2752 Dies,

2120 2677 2324 2747 Ἡμέρα
2356 2680 2428 2748 τῇ
2455 2681 2642 2751 ἡμέρᾳ
2676 2683 2970 2753 ἐρεύγεται
2990 2685 3156 2755 ῥῆμα
3178 2687 3276 2741 καὶ
3300 2688 3481 2753 νύξ...
3526 2690 3589 2742 Ἦ

385 2762 582 2832 inquit,
640 2774 694 2820 et
745 2781 877 2832 nox,
930 2777 1120 2825 mutuo
1160 2771 1262 2825 sibi
1310 2774 1544 2842 spatium
1587 2771 1856 2832 concinno
1887 2787 1941 2834 et

2037 2769 2240 2840 ἡμέρα,
2260 2771 2411 2841 φησὶ,
2425 2771 2565 2843 καὶὴ
2585 2772 2680 2837 νὺξ
2696 2773 2968 2838 εὐτάκτως
2982 2776 3074 2828 καὶ
3090 2776 3435 2849 εὐαρμόστως
3451 2778 3591 2832 ἀντι-

384 2856 707 2925 congruenti
761 2858 952 2914 ordine
996 2860 1063 2914 ad
1113 2876 1334 2917 cursum
1381 2864 1758 2934 concedentes,
1804 2870 1938 2940 ipsis

2040 2859 2469 2931 παραχωροῦσαι,
2487 2864 2611 2926 τοὺς
2634 2863 2867 2934 δρόμους
2892 2865 3163 2937 ἀλλήλαις,
3190 2867 3257 2921 δι’
3286 2868 3463 2923 αὐτῶν
3479 2868 3588 2923 τῶν

386 2946 546 3003 rebus
573 2956 871 3004 creatorem
902 2966 1062 3005 suum
1097 2953 1411 3022 praedicant.

2040 2951 2376 3021 πραγμάτων
2419 2951 2509 3005 τὸν
2533 2952 2856 3025 δημιουργὸν
2881 2956 3063 3009 αὐτῶν
3087 2958 3558 3029 ἀνακηρύττουσιν.

451 3041 506 3096 4.
557 3039 679 3095 Non
715 3052 835 3096 sunt
868 3042 1086 3112 loquela:
1125 3060 1285 3115 neque
1323 3061 1622 3112 sermones,
1658 3054 1763 3102 etc.
1802 3046 1937 3102 Cum

2103 3041 2224 3093 Οὐκ
2249 3040 2366 3094 εἰσὶ
2391 3043 2595 3097 λαλιαὶ
2632 3043 2773 3097 οὐδὲ
2803 3046 2990 3115 λόγοι.
3026 3047 3161 3100 Καθ’
3189 3048 3523 3120 ὑποστιγμὴν
3551 3051 3584 3120 ὴ

385 3131 817 3202 interpunctione
865 3132 1172 3203 legendum.
1232 3133 1364 3189 Nam
1421 3151 1484 3190 ex
1556 3138 1783 3193 adverso
1856 3139 1940 3193 in-

2041 3128 2361 3198 ἀνάγνωσις.
2409 3130 2766 3186 Ἀντιπίπτων
2796 3133 2873 3198 δὲ,
2909 3135 3262 3206 ὑποτέμνεται
3283 3155 3294 3167 ·
3332 3138 3393 3191 τὸ
3417 3138 3473 3192 δὲ
3500 3141 3589 3193 ἁν-

385 3233 667 3292 terrogans
725 3223 1023 3279 clausulam
1084 3225 1387 3295 distinguit,
1429 3227 1573 3296 quod
1624 3236 1802 3282 autem
1845 3244 1941 3299 per

2040 3222 2290 3275 τιπῖπτον
2317 3222 2431 3274 ἐστι
2451 3239 2466 3250 ·
2512 3225 2620 3277 Καὶ
2655 3225 2760 3295 μὴν
2813 3226 2871 3278 οὐ
2916 3226 3274 3296 φθέγγονταις
3306 3230 3394 3282 Διὸ
3420 3229 3584 3299 λέγει·

385 3311 857 3380 interrogationem
903 3313 1193 3383 opponitur
1235 3323 1320 3370 est
1375 3315 1504 3371 illud
1560 3333 1575 3372 :
1634 3325 1689 3372 et
1733 3317 1939 3373 nihilne

2040 3308 2185 3386 ’Δρα
2216 3314 2314 3367 οὐκ
2345 3316 2449 3368 εἰσὶ
2480 3316 2600 3370 τι.νά
2654 3316 2949 3388 πράγματα
3002 3318 3070 3383 ἃ,
3105 3320 3200 3373 καὶ
3247 3321 3318 3390 μὴ
3365 3321 3591 3389 ἀφιέντα

383 3401 728 3470 loquuntur?
771 3401 1110 3472 Quapropter
1155 3403 1287 3458 dicit
1320 3423 1332 3459 :
1384 3405 1583 3459 Annon
1622 3407 1816 3476 aliqua:
1853 3421 1940 3461 res

2042 3408 2243 3479 φωνὴν,
2261 3408 2350 3461 τὸν
2370 3407 2614 3478 τεχνίτην
2630 3407 2801 3479 ἀνακη
2811 3409 3078 3479 ρύττουσι;
3108 3410 3213 3465 Ναὶ
3240 3411 3346 3481 μὴν
3369 3412 3462 3468 καὶ
3484 3412 3591 3484 γὰρ

386 3501 534 3558 sunt,
566 3508 685 3563 quae
721 3495 846 3549 licet
884 3495 1086 3550 nullam
1134 3496 1386 3552 emittant
1420 3512 1604 3553 vocem
1627 3538 1642 3564 ,
1679 3498 1938 3553 artiﬁcem

2041 3499 2106 3552 ὲκ
2136 3498 2235 3568 τῆς
2263 3497 2440 3562 καλῶς
2471 3498 2820 3569 ἡρμοσμένης
2856 3498 2979 3569 νηὸς
3005 3504 3037 3570 ή
3070 3499 3233 3570 τέχνη
3254 3499 3346 3553 τοῦ
3383 3517 3590 3570 ναυπη-

385 3584 751 3641 denuntiant?
796 3586 1084 3642 Enimvero
1132 3603 1198 3643 ex
1223 3588 1447 3659 pulchre
1483 3590 1743 3647 adornata
1792 3591 1937 3657 navi,

2041 3587 2138 3657 τοῦ
2168 3587 2442 3656 φαίνεται·
2476 3587 2566 3645 καὶ¹
2594 3587 2815 3640 ἐπὶτῶν
2846 3586 3019 3643 ἄλλων
3050 3589 3106 3641 δὲ
3138 3589 3415 3654 ὡσαύτως.
3453 3591 3591 3644 Udis-

385 3675 526 3730 l‘abri
569 3677 755 3746 peritia
786 3677 1122 3749 dignoscitur
1155 3695 1171 3733 :
1206 3688 1260 3734 et
1299 3681 1549 3736 similiter
1584 3681 1651 3736 de
1693 3683 1937 3753 reliquis.

2041 3676 2134 3730 οὖν
2175 3677 2269 3730 καὶ
2305 3675 2372 3730 τὰ
2415 3677 2692 3747 ποιήματα
2717 3676 2785 3729 τά
2816 3677 3187 3748 προειρημένα
3215 3677 3356 3732 οὕτω
3401 3678 3594 3750 κηρύτ-

386 3761 650 3819 Praadicta
680 3764 861 3834 itaque
889 3764 1100 3835 Opiﬂcia
1134 3782 1165 3821 a
1202 3769 1596 3839 magnitudine,
1641 3771 1943 3841 pulchritu-

2041 3784 2121 3821 τει
2149 3769 2254 3820 ἀπὸ
2288 3767 2547 3838 μεγέθους
2570 3766 2662 3820 καὶ
2691 3767 2962 3837 καλλονῆς
2995 3769 3094 3823 καὶ
3114 3770 3478 3841 εὐαρμοστίας
3502 3772 3595 3826 τὸν

384 3856 531 3920 dine,
577 3856 945 3912 concinnitate
1007 3857 1252 3927 opiﬁcem
1318 3861 1617 3929 praedicant
1680 3879 1723 3934 :_
1755 3862 1828 3918 ita
1883 3873 1941 3919 ut

2040 3858 2407 3930 δημιουργόνο
2454 3857 2529 3922 ὡς
2575 3859 2656 3922 εἰς
2684 3859 2862 3911 πᾶσαν
2903 3859 3080 3912 αὐτῶν
3125 3861 3236 3931 τὴν.
3268 3862 3594 3934 οἰκουμένην

384 3962 573 4002 eorum
603 3947 910 4018 praedicatio
934 3965 1147 4004 omnem
1170 3952 1427 4020 pervadat
1453 3952 1661 4007 orbem.
1712 3932 1725 3948 ’

1192 3952 1427 4006 tervadat
1453 3952 1661 4007 orbem.
1712 3932 1725 3948 ⁸
2040 3949 2353 4020 διαδραμεῖν
2379 3947 2439 4001 τὸ
2470 3949 2749 4019 κήρυγμα.

454 4039 507 4094 6.
529 4039 593 4095 Iu
609 4040 717 4095 sole
737 4042 910 4111 posuit
932 4042 1323 4097 tabernaculum
1339 4060 1513 4098 suum.
1531 4043 1589 4098 ln
1607 4046 1718 4101 sole
1737 4055 1940 4115 posuit.

2125 4040 2226 4092 Ἐν
2255 4035 2334 4102 τῷ
2357 4037 2506 4105 ἡλίῳ
2531 4037 2696 4091 ἔθετο
2723 4035 2790 4091 τὸ
2836 4034 3124 4105 σκήνωμα
3168 4037 3373 4092 αὑτοῦ.
3421 4038 3511 4109 Τῷ
3538 4039 3596 4109 ή-

384 4132 581 4204 inquit,
614 4136 1018 4191 tabernaculum
1065 4138 1179 4192 sive
1212 4137 1458 4193 domum.
1494 4137 1723 4194 Ubinam
1759 4151 1941 4195 autem

2042 4129 2158 4199 λίῳ,
2191 4129 2373 4198 φησὶν,
2410 4127 2558 4180 ἔθετο
2589 4127 2649 4180 τὸ
2678 4128 2940 4198 σκήνωμα
2969 4166 2983 4191 ,
3030 4127 3147 4197 ἦτοι
3176 4122 3342 4182 οἷκον.
3393 4128 3502 4183 Ποῦ
3536 4128 3594 4182 δὲ

385 4223 571 4292 posuit
596 4224 701 4279 nisi
733 4225 788 4277 in
822 4226 962 4279 caelo
993 4234 1046 4279 et
1080 4224 1133 4279 in
1170 4227 1508 4283 lirmamento
1539 4244 1702 4298 supra
1734 4245 1941 4285 memo-

2043 4219 2192 4273 ἔθετο
2217 4220 2249 4289 ἢ
2275 4219 2330 4270 ἐν
2361 4217 2438 4287 τῷ
2462 4218 2838 4289 προειρημένῳ
2863 4217 3076 4289 οὐρανῷ
3102 4219 3193 4272 καὶ
3222 4219 3592 4290 στερεώματι;

386 4311 522 4367 ratis
552 4312 576 4366 τ
607 4310 758 4367 Hanc
796 4328 957 4383 porro
993 4313 1214 4369 domum
1236 4356 1252 4382 ,
1298 4315 1496 4371 lectum
1544 4334 1671 4372 item
1707 4323 1939 4375 vocavit.

2043 4309 2239 4362 Τοῦτον
2270 4308 2326 4360 δὲ
2357 4306 2447 4359 τὸν
2476 4303 2622 4359 οἷκον
2663 4306 2756 4359 καὶ
2799 4306 3000 4360 παστδν
3045 4307 3340 4378 ῳνόμασεν.
3389 4308 3595 4377 Ὥσπερ

388 4401 653 4458 Utautem
681 4403 796 4459 dies
819 4414 871 4459 et
893 4419 998 4459 nox
1022 4406 1248 4474 pulchro
1272 4406 1362 4461 illo
1390 4408 1580 4462 ordine
1603 4418 1655 4462 et
1670 4424 1938 4466 consensu

2042 4399 2099 4452 δὲ
2127 4398 2306 4469 ἡμέρα
2346 4396 2438 4449 καὶ
2479 4395 2576 4460 νὺξ
2598 4398 2662 4467 τῇ
2698 4396 2940 4467 εὐτάκτῳ
2967 4396 3248 4468 συμφωνίᾳ
3271 4396 3595 4468 κηρύττουσι

386 4497 682 4566 praedicant
724 4496 991 4566 opiﬁcem,
1037 4498 1111 4551 ita
1146 4506 1200 4553 ct
1224 4498 1304 4555 sol
1343 4498 1487 4566 quod
1532 4499 1762 4567 quadam
1807 4515 1941 4555 con-

2040 4489 2131 4543 τὸν
2173 4487 2517 4560 δημιουργὸν,
2546 4485 2688 4539 οὕτω
2720 4486 2814 4540 καὶ
2862 4487 2890 4539 ὁ
2939 4486 3111 4556 ἥλιος,
3170 4488 3230 4541 τὸ
3278 4489 3368 4541 τὸν
3399 4488 3596 4559 δρόμον

387 4587 650 4643 cinnitate
722 4601 940 4644 cursum
971 4589 982 4618 '
1011 4588 1266 4645 conﬁciat
1352 4589 1589 4644 iubentis
1642 4590 1937 4659 potentiam

2047 4581 2185 4652 μετά
2204 4596 2346 4642 τινος
2362 4576 2725 4645 εὐαρμοστίας
2749 4573 3034 4644 ποιεῖσθαι,
3060 4576 3206 4648 δηλοί
3219 4577 3311 4629 τοῦ
3337 4577 3596 4648 προστάτ-

386 4676 647 4737 declarat.
1574 4748 1577 4749 ν

2042 4690 2225 4738 τοντος
2253 4672 2351 4741 τὴν
2382 4670 2626 4740 δύναμιν.
3531 4686 3536 4693 ·

455 4771 513 4827 8.
554 4769 663 4826 Lex
700 4770 914 4825 Domini
961 4764 1306 4825 immaculata
1362 4784 1661 4828 convertens
1711 4775 1936 4830 animas.

2126 4766 2178 4819 '0
2198 4769 2381 4834 νόμος
2408 4766 2624 4832 Κυρίου
2638 4764 2870 4834 ἄμωμος
2890 4763 3255 4832 ἐπιστρέφων
3282 4761 3501 4830 ψυχάς.
3538 4762 3595 4815 '0

389 4862 710 4934 Evangelica
732 4862 959 4918 scilicet.
992 4861 1206 4918 Ethnici
1234 4870 1426 4933 utpote
1457 4864 1548 4934 qui
1573 4864 1683 4933 jam
1710 4879 1776 4919 ex
1803 4880 1941 4934 prae-

2044 4855 2392 4927 εὑαγγελικδς
2410 4855 2668 4926 δηλονότι.
2713 4855 2800 4918 Ὦς
2828 4854 2926 4925 ἤδη
2969 4854 3025 4907 δὲ
3069 4852 3175 4907 ἀπὸ
3205 4851 3312 4907 τῶν
3344 4868 3596 4923 προειρη-

386 4956 547 5011 dictis
591 4954 875 5009 elementis
903 4953 1225 5008 edidicerint
1276 4969 1445 5009 unum
1500 4955 1744 5024 opiﬁcem
1797 4971 1938 5023 esse,

2050 4950 2224 5022 μένων
2260 4947 2535 5019 στοιχείων
2560 4945 3073 5019 παιδαγωγηθέντεςν
3094 4944 3143 4997 οἱ
3171 4942 3236 5007 ἐξ
3268 4943 3453 5008 ἐθνῶν,
3499 4945 3597 4998 ἕνα

389 5044 654 5101 docentur
695 5043 913 5098 demum
960 5043 1325 5113 evangelicam
1367 5044 1536 5113 legem
1571 5061 1587 5109 ;
1620 5044 1689 5099 ita
1732 5055 1790 5100 ut
1826 5062 1944 5101 om-

2047 5037 2182 5093 εἶναι
2209 5038 2300 5091 τὸν
2332 5035 2658 5109 δημιουργὸν
2690 5075 2713 5101 ,Α
2753 5036 3094 5093 διδάσκονται
3137 5032 3319 5094 λοιπὸν
3365 5033 3458 5091 καὶ
3506 5034 3596 5087 τὸν

389 5138 538 5191 nium
589 5135 827 5207 gentium
873 5136 1067 5191 animae
1115 5137 1181 5190 ad
1222 5135 1507 5189 veritatem
1543 5146 1942 5194 convertantur.

2044 5130 2395 5201 εὐαγγελικὸν
2421 5129 2604 5199 νόμον,
2651 5128 2725 5191 ὼς
2780 5125 2873 5180 καὶ
2921 5125 3252 5196 ἐπιπρέψαι,
3287 5124 3393 5177 τῶν
3430 5124 3596 5183 ἐθνῶν

394 5225 768 5281 Testimonium
841 5224 1055 5279 Domini
1127 5224 1279 5295 ﬁdele
1299 5225 1616 5296 sapientiam
1690 5238 1945 5296 praestans

2042 5225 2295 5280 ἀπάντων
2319 5220 2416 5284 τὰς
2447 5219 2622 5290 ψυχὰς
2650 5221 2730 5281 εἰς
2751 5214 3024 5287 ἀλήθειαν.
3066 5216 3130 5272 Ἡ
3143 5215 3446 5285 μαρτυρία.
3479 5219 3594 5269 Κυ-

389 5317 641 5383 parvulis.
691 5315 1083 5373 Testimonium
1141 5317 1346 5372 scilicet
1393 5319 1538 5387 quod
1593 5317 1659 5373 de
1717 5334 1774 5375 se
1831 5320 1946 5390 ipse

2039 5317 2172 5386 ρίου
2241 5312 2425 5380 πιστὴ
2504 5308 2836 5379 σοφίζουσα
2906 5306 3119 5374 νήπια.
3193 5309 3304 5406 Ἦν·
3353 5306 3596 5406 ipe-ipsei-

393 5404 639 5460 Salvator
667 5406 935 5473 reddidit;
966 5415 1019 5462 et
1049 5426 1062 5460 :
1096 5405 1207 5476 Ego
1229 5406 1323 5461 lua:
1363 5407 1418 5460 in
1457 5406 1708 5461 mundum
1737 5410 1848 5463 veni
1870 5410 1944 5477 ";

2049 5423 2210 5478 ρησεν
2245 5405 2372 5475 περὶ
2403 5400 2594 5456 ἑαυτοῦ
2627 5400 2655 5452 ὁ
2682 5398 3003 5470 Μονογενὴςξ
3024 5396 3084 5450 τό
3108 5411 3122 5427 ⁸
3180 5394 3326 5465 Ἐγὼ
3370 5395 3495 5465 φῶς
3512 5400 3599 5459 εἴς

393 5502 447 5546 et
484 5511 498 5547 :
528 5491 636 5562 Ego
662 5509 728 5546 ea:
766 5493 929 5550 Patre
961 5495 1100 5550 exivi
1142 5502 1191 5549 et
1235 5495 1379 5549 venio
1412 5495 1496 5562 “;
1542 5504 1596 5550 et
1628 5514 1641 5551 :
1681 5495 1793 5567 Ego
1825 5514 1938 5550 sum

2044 5497 2151 5551 τὸν
2199 5497 2430 5563 κόσμον
2481 5492 2783 5559 ἐλήλυθα·
2847 5489 2960 5553 καὶ,
3008 5488 3155 5559 Ἐγὼ
3218 5489 3286 5541 ἐκ
3326 5487 3433 5542 τοῦ
3478 5493 3596 5543 ch-

395 5581 503 5634 υίια
547 5581 612 5634 ³³-
2045 5587 2179 5655 τρὸς
2216 5585 2493 5654 ἐξῆλθον,
2523 5583 2617 5637 καὶ
2656 5582 2816 5651 ﬂictu“
2868 5581 2982 5648 καὶ,
3044 5578 3182 5650 Ἐγώ
3221 5581 3334 5648 ειμι
3368 5580 3407 5646 ἡ
3462 5579 3596 5652 ζωή.

464 5712 507 5746 ’⁸
556 5712 713 5769 Rom.
747 5730 784 5783 ι,
821 5715 910 5770 20.
1005 5717 1048 5749 ³³
1092 5715 1246 5771 Joan.
1283 5731 1381 5783 xu,
1410 5716 1496 5772 46.
1575 5716 1621 5750 ⁸⁸
1661 5716 1816 5774 Joan.
1843 5735 1954 5786 xu,
1987 5719 2021 5775 2

1092 5715 1246 5771 Joan.
1283 5731 1381 5783 xu,
1410 5716 1496 5772 46.
1575 5716 1621 5750 ⁸⁸
1661 5716 1816 5774 Joan.
1843 5735 1954 5786 xu,
1987 5719 2076 5775 28.
2175 5719 2217 5751 ’³
2256 5716 2410 5773 Joan.
2441 5733 2549 5782 xiv,
2579 5716 2630 5770 6.
