3944 6220
279 309 380 364 ίξθ

1395 307 1753 366 EXPOSITIO
1790 308 1857 364 IN
1897 307 2227 366 PSALMUM
2253 307 2371 364 XX.

3423 310 3526 364 130

282 442 372 478 νυν
396 423 532 491 ἔξει,
567 425 726 496 φησι,
763 426 858 478 καὶ
890 426 1106 498 διηνεκῆ
1141 425 1403 496 θυμηδίαν
1428 426 1522 479 τοῦ
1551 426 1849 500 προσώπου.

1965 427 2238 498 voluptate
2269 426 2527 482 atllcietur
2558 425 2739 481 vultus
2766 425 2866 491 tui,
2902 425 2954 480 id
2988 435 3095 489 est,
3133 434 3282 480 tuam
3331 437 3524 480 nactus

286 515 530 572 τουτέστι.
551 516 653 586 τῆς
692 516 796 586 σῆς
821 517 1103 586 εὐμενείας
1121 517 1420 588 τυγχάνων.
1454 519 1633 572 Δῐτιον
1660 519 1716 572 δὲ
1739 518 1859 571 τού-

290 627 389 663 των
413 606 563 678 αὐτῷ
595 608 791 676 γέγονε
819 609 881 662 τὸ
910 610 1000 663 ἐπὶ
1026 611 1106 662 σοὶ
1137 608 1468 663 πεποιθέναι.
1527 609 1858 678 Εὐφραντοῖς

289 700 472 755 αὑτὸν
501 701 571 753 ὲν
600 699 756 770 χαρᾷ
779 701 929 770 μετὰ
954 701 1058 755 τοῦ
1091 701 1410 769 προσώπου
1437 681 1572 756 σου.
1636 702 1854 773 Προσω-

293 810 389 846 πον
413 790 506 846 τοῦ
531 793 744 862 Πατρὺς
773 793 803 843 6
824 792 968 855 Υἱός.
998 792 1058 844 '0
1077 791 1579 862 ἑωρακὼς,.φησὶν,
1609 790 1731 859 ἐμὲ,
1757 791 1858 845 ἐώ-

289 901 429 950 ρακε
455 885 561 936 τὸν
593 883 842 952 Πατέρα.
902 881 1055 937 Μετά
1091 883 1280 937 τούτου
1313 883 1696 955 εὐφραίνεσθαι
1736 883 1856 936 κατ’

288 975 512 1046 οὐρανὸν
539 975 614 1039 ὡς
640 976 999 1045 νυμφαγωγοὶ
1024 975 1160 1046 μετά
1191 975 1282 1028 τοῦ
1309 973 1852 1044 νυμφίου’μέλλομεν.

357 1067 486 1120 Ὅτι
518 1069 552 1120 ὁ
589 1067 888 1131 βασιλεὺς
913 1063 1130 1127 ἐλπίζει
1157 1064 1257 1118 ἐπὶ
1284 1066 1532 1134 Κύριον,
1555 1065 1650 1118 καὶ
1679 1065 1748 1118 ἐν
1777 1063 1858 1128 τῷ

291 1158 457 1213 ἐλέει.
509 1158 786 1228 Κρείττων
817 1158 934 1210 ἐστὶ
961 1157 1066 1210 τῶν
1094 1155 1470 1226 πολεμούντων
1501 1155 1600 1226 τῆς
1634 1155 1733 1225 σῆς
1763 1156 1858 1226 χά-

290 1263 430 1318 ριτος
463 1245 768 1299 ἀπολαύων.
817 1243 1099 1299 Ἀπολαύει
1123 1244 1179 1297 δὲ
1202 1243 1406 1315 ταύτης
1428 1242 1729 1315 ἀνθρώπων
1759 1243 1856 1313 μὲν

291 1337 458 1391 δύδενὶ
483 1337 700 1408 θαρρῶν
719 1377 733 1400 ,
765 1339 831 1408 τῇ
862 1336 917 1390 δὲ
955 1339 1020 1406 σῇ
1060 1335 1232 1388 ἐλπίδι
1259 1334 1540 1406 χρώμενος
1574 1334 1730 1406 μόνῃ.

355 1428 640 1495 Εὐρεθείη
689 1428 728 1494 ἡ
777 1427 904 1494 χείρ
940 1441 1056 1478 σου
1089 1424 1237 1478 πᾶσι
1283 1423 1406 1490 τοῖς
1453 1421 1686 1493 ἐχθροῖς
1716 1437 1851 1476 σου.

299 1521 384 1582 '0;
419 1517 555 1589 πρὸς
594 1516 755 1570 αὐτὸν
785 1517 875 1570 τὸν
905 1515 1106 1587 Κύριον
1135 1517 1164 1568 6
1203 1514 1361 1584 λόγος
1385 1513 1474 1568 διὰ
1503 1513 1574 1567 τὰ
1599 1513 1854 1583 γεγονότα

289 1614 404 1666 κατ’
435 1608 596 1664 αὑτοῦ
632 1607 782 1679 παρά
809 1608 902 1661 τοῦ
949 1607 1214 1661 Ἰουδαίων
1245 1605 1398 1660 λαοῦ.

356 1700 543 1774 [Λέγει
567 1699 645 1765 δὲ,
668 1700 749 1752 ὅτι
771 1697 1024 1770 θηρεύσει
1051 1697 1178 1760 τοὺς
1198 1697 1639 1768 ἁμαρτήσαντας.
1663 1695 1724 1748 Ei
1744 1696 1854 1766 γὰρ

287 1762 448 1862 ἐνιτῷ
470 1762 728 1862 τηρούντι
753 1762 855 1854 τάξ
881 1763 1098 1852 ἐντολὰς
1127 1789 1160 1860 ἡ
1188 1762 1373 1858 ἀνάπη
1403 1762 1497 1840 τοῦ
1525 1785 1660 1840 Θεοῦ
1685 1762 1855 1839 τελεί-
1889 1762 1926 1817 Β

288 1884 455 1940 οὔτι-ιι.
478 1882 657 1953 δῆλον,
683 1881 758 1945 ὡς
785 1883 815 1935 6
850 1879 923 1952 μὴ
947 1879 1129 1952 τηρῶν
1164 1881 1342 1950 μισεῖ·
1375 1878 1436 1942 ὃς
1466 1877 1561 1931 καὶ
1591 1876 1856 1932 ἀπολωλε-

286 1973 434 2030 κέναι
463 1973 699 2042 λέγεται.
725 1969 747 2045 ]

352 2155 477 2207 Ὅτι
504 2151 713 2221 θήσεις
736 2149 957 2214 αὐτοὺς
979 2148 1060 2214 ὡς
1083 2147 1374 2202 κλίϐανον
1400 2145 1588 2214 πυρὸς
1614 2146 1703 2210 εις
1730 2161 1856 2198 και·

284 2246 387 2312 ρὸν
417 2244 526 2298 τοῦ
554 2240 876 2312 προσώπου
895 2256 1032 2295 σου.
1106 2239 1251 2293 ’Δντὶ
1274 2235 1369 2292 τοῦ
1389 2278 1406 2304 ,
1437 2236 1617 2307 Πυρδς
1641 2236 1856 2290 ἀποδεί-

284 2335 390 2399 ξεις
422 2333 702 2406 μετόχους.
737 2330 906 2386 Τοῦτο
929 2332 1037 2403 γάρ
1067 2330 1278 2392 ἑαυτοῖς
1309 2325 1675 2398 ἐθησαύρισαν
1705 2327 1764 2378 ἐν
1785 2328 1852 2396 τῇ

283 2424 506 2496 δευτέρᾳ
555 2439 648 2476 σου
692 2420 981 2491 ἐπιφανείᾳ
1004 2459 1020 2483 ,
1049 2419 1177 2473 ὅταν
1221 2418 1317 2472 καὶ
1343 2415 1607 2486 ἀποδιδῷς
1639 2415 1855 2485 ἑκάστῳ

282 2515 421 2568 κατά
451 2516 522 2568 τά
548 2515 684 2586 ἔργα
709 2511 893 2566 αὑτοῦ.
922 2512 1133 2579 Κύριος
1161 2508 1395 2580 ἐν,ὀργῇ
1421 2508 1604 2563 αὐτοῦ
1637 2523 1856 2561 συντα-

281 2605 443 2672 ράξει
466 2605 687 2669 αὐτοὺς
708 2642 725 2668 ,
751 2603 846 2656 καὶ
869 2601 1265 2670 καταφάγεται
1299 2599 1520 2664 αὐτοὺς
1549 2598 1687 2664 πῦρ.
1736 2597 1855 2666 Ὀρ-

282 2696 385 2766 γήν
419 2713 551 2766 φησι
579 2695 676 2766 τὴν
713 2694 981 2764 τιμωρίαν
1019 2693 1117 2762 τὴν
1147 2691 1517 2762 γενησομένην
1558 2689 1739 2751 αὐτοῖς
1767 2687 1855 2741 διὰ

281 2784 376 2856 τὴν
414 2787 494 2848 εἰς
523 2784 682 2838 αὑτὸν
713 2784 889 2854 ὓϐριν.

359 2875 472 2929 Τὸν
493 2874 722 2943 καρπὸν
747 2873 946 2929 αὐτῶν
974 2873 1090 2929 ἀπὸ
1131 2872 1245 2942 τῆς
1280 2870 1549 2936 ἀπολεῖς.
1604 2871 1744 2932 Τοὺς
1767 2870 1854 2923 λό-

282 2983 416 3033 γους
443 2967 565 3029 τοὺς
608 2968 877 3037 πονηροὺς
919 2965 1011 3019 καὶ
1040 2965 1108 3018 τὰ
1140 2963 1516 3034 ἐνθυμήματα.
1579 2961 1763 3014 Ταῦτα
1793 2960 1852 3014 δέ

1961 520 2414 575 benevolentiam.
2441 516 2647 573 Horum
2681 533 2811 572 vero
2843 519 2896 572 in
2926 532 3092 572 causa
3123 516 3224 571 fuit
3249 517 3352 586 ipsi
3377 520 3522 586 quod

1960 610 2055 664 tibi
2089 609 2392 665 conﬁderit.
2423 607 2748 678 Ltetiﬁcabis
2777 623 2895 662 eum
2929 609 2982 661 in
3006 608 3200 678 gaudio
3229 622 3344 660 cum
3377 607 3524 660 uultu

1961 713 2070 757 tuo.
2105 700 2294 756 Vultus
2315 700 2491 755 Patris
2513 711 2596 756 est
2626 699 2796 755 Filius
2823 719 2836 754 :
2864 699 2968 764 Qui
2993 699 3122 752 vidit
3147 714 3248 760 me,
3270 697 3364 761 ait,
3392 695 3523 752 uidit
3573 692 3590 712 “

1956 804 2005 848 et
2035 793 2250 847 Patrem
2296 809 2468 846 meum
2491 793 2555 845 ’⁸.
2584 792 2720 848 Cum
2755 793 2847 847 illo
2875 791 3118 847 futurum
3167 801 3223 846 ut
3268 790 3323 844 in
3383 788 3524 843 cmlo

1957 885 2220 952 laetemur,
2253 886 2401 940 velut
2429 886 2620 956 sponsi
2649 885 2966 940 deductores
3002 899 3123 938 cum
3148 884 3268 952 ipso
3298 896 3518 952 sponso.

2027 976 2079 1031 8.
2108 976 2369 1044 Quoniam
2393 992 2485 1030 rex
2520 987 2693 1046 sperat
2715 976 2770 1029 in
2801 974 3045 1038 Domino,
3075 982 3124 1027 et
3149 973 3204 1026 in
3232 973 3522 1025 misericor-

1955 1069 2068 1134 dia,
2102 1078 2207 1123 etc.
2240 1067 2500 1138 Superior
2516 1069 2723 1123 scilicet
2744 1067 3124 1131 est'hostihus,
3148 1075 3298 1120 tuam
3327 1073 3520 1119 nactus
3612 1069 3616 1072 ’

1957 1162 2208 1231 gratiam.
2227 1158 2302 1214 Ea
2327 1170 2506 1213 autem
2526 1159 2725 1212 fruitur
2747 1157 2880 1211 nulli
2906 1157 3190 1212 hominum
3216 1154 3516 1217 conﬁdens,

1955 1250 2053 1305 sed
2082 1250 2136 1305 in
2177 1257 2230 1304 te
2271 1250 2450 1305 solum
2481 1264 2632 1319 spem
2664 1247 2960 1303 collocans.

2025 1419 2077 1475 9.
2119 1417 2431 1473 Inveniatur
2472 1431 2659 1469 manus
2700 1425 2794 1470 tua
2835 1413 3075 1467 omnibus
3118 1412 3349 1466 inimicis
3387 1412 3514 1464 tuis.

1955 1509 2082 1566 llaec
2131 1510 2199 1564 ad
2250 1511 2429 1579 ipsum
2469 1507 2760 1561 Dominum
2811 1507 3082 1576 pertinere
3128 1505 3402 1572 videntur,
3445 1503 3518 1560 ob

1955 1604 2097 1658 mala
2131 1618 2161 1657 a
2184 1601 2414 1657 Judaico
2438 1599 2638 1670 populo
2668 1599 2814 1652 illata
2844 1599 2967 1668 ipsi.

2024 1695 2136 1768 [Ait
2173 1705 2353 1751 autem
2387 1709 2446 1748 se
2491 1692 2648 1763 quasi
2681 1700 2881 1746 venatu
2936 1699 3222 1760 capturum
3274 1697 3516 1759 peccato-

1957 1803 2065 1843 res.
2097 1787 2152 1840 Si
2175 1802 2410 1856 namque
2432 1788 2485 1841 in
2516 1802 2602 1851 eo,
2629 1785 2722 1856 qui
2753 1783 3005 1838 mandata
3036 1791 3236 1845 servat,
3274 1780 3517 1836 charitas

1956 1876 2052 1930 Dei
2095 1876 2413 1946 perﬁcitur,
2463 1876 2644 1946 palam
2693 1883 2779 1929 est
2829 1886 2954 1928 eum
3008 1871 3102 1940 qui
3151 1886 3257 1925 non
3298 1879 3514 1934 servat,

1955 1966 2126 2022 Deum
2183 1967 2309 2023 odio
2377 1967 2622 2022 habere!
2687 1966 2782 2037 qui
2846 1964 3045 2019 dicitur
3104 1961 3160 2016 in
3220 1961 3514 2032 perniciem

1954 2061 2082 2134 ire.]

2019 2155 2108 2209 10.
2141 2153 2310 2210 Panes
2331 2171 2419 2209 eos
2450 2163 2507 2209 ut
2531 2153 2796 2209 clibanum
2820 2153 2959 2223 ignis
2990 2154 3046 2206 in
3067 2160 3293 2220 tempore
3340 2151 3514 2205 vultu

1955 2247 2053 2301 tui.
2088 2248 2167 2303 Ac
2189 2247 2236 2302 si
2269 2249 2474 2303 diceret
2499 2266 2512 2302 :
2548 2246 2690 2318 ignis
2719 2254 3005 2302 consortes
3035 2243 3255 2300 eﬂicies.
3283 2241 3340 2297 ld
3366 2243 3513 2298 enim

1954 2340 2031 2394 illi
2059 2356 2156 2396 ceu
2187 2341 2507 2395 thesaurum
2534 2349 2896 2411 reposuerunt
2924 2340 2980 2393 in
3009 2338 3248 2394 secundo
3278 2338 3513 2392 adventu

1955 2438 2070 2494 tuo,
2123 2431 2342 2499 quando
2404 2430 2596 2486 reddes
2629 2430 2928 2500 unicuique
2973 2429 3130 2500 juxta
3183 2443 3346 2498 opera
3389 2442 3510 2482 sua.

1954 2524 2212 2578 Dominus
2245 2525 2298 2576 in
2337 2525 2421 2576 ira
2467 2539 2565 2576 sua
2612 2522 2942 2576 conturbabit
2989 2537 3098 2585 eos,
3145 2531 3195 2574 et
3242 2519 3512 2574 devorabi:

1951 2630 2037 2667 eos
2066 2614 2224 2683 ignis.
2260 2612 2399 2666 Iram
2433 2621 2590 2667 vocat
2618 2611 2943 2681 supplicium
2977 2627 3088 2681 quo
3117 2620 3266 2678 sunt,
3313 2621 3510 2664 contu-

1953 2706 2126 2760 meliae
2156 2705 2256 2775 ipsi
2293 2705 2488 2759 oblata:
2509 2719 2696 2772 causa,
2733 2703 3027 2758 multandi.

2024 2877 2109 2930 H.
2140 2875 2399 2930 Fructum
2425 2893 2604 2931 eorum
2632 2878 2696 2930 de
2720 2885 2862 2930 terra
2888 2875 3091 2944 perdes.
3121 2873 3259 2930 Mala
3302 2876 3510 2932 scilita:

1952 2970 2112 3024 verba
2138 2979 2192 3024 et
2231 2971 2400 3024 malas
2444 2969 2820 3040 cogitationes.
2868 2965 2962 3022 Hae
3011 2978 3139 3022 sunt
3189 2968 3399 3022 insidiae
3441 2969 3510 3022 ab

282 3061 419 3112 εἰσιν
451 3057 731 3111 ἐπιϐουλαὶ
762 3057 818 3111 αἱ
852 3056 981 3126 παρ’
1011 3055 1219 3117 αὐτῶν,
1248 3055 1302 3106 αἳ
1327 3053 1420 3106 καὶ
1445 3049 1739 3123 ἀνῄρηνται
1765 3051 1849 3105 διὰ

1960 3057 2059 3111 illis
2090 3067 2294 3126 paratae
2328 3073 2449 3128 quae
2471 3074 2565 3128 per
2589 3057 3043 3114 resurrectionem
3075 3057 3360 3112 tolluntur.
3390 3056 3492 3129 [Do

281 3149 379 3220 τῆς
405 3149 774 3210 ἀναστάσεως.
811 3146 961 3218 [Τὰς
983 3144 1330 3207 διδασκαλίας
1361 3143 1452 3196 καὶ
1473 3141 1541 3195 τὰ
1569 3141 1704 3196 ἀθεα
1730 3141 1852 3210 δόγ-

287 3260 449 3312 ματα,
472 3241 508 3294 ﬁ
535 3240 672 3311 μετὰ
697 3240 794 3310 τὴν
820 3239 1072 3310 τελευτὴν
1097 3236 1297 3298 αὐτῶν,
1334 3235 1409 3298 ὡς
1437 3233 1639 3302 ἀγαθὸς
1668 3235 1696 3286 6
1721 3233 1853 3298 Θεὸς

283 3330 527 3400 ἀπωλείᾳ
556 3326 948 3400 παραδίδωσι.]
976 3326 1086 3382 Καὶ
1128 3325 1194 3378 τὸ
1231 3322 1468 3392 σπέρμα
1507 3320 1705 3376 αὐτῶν
1735 3321 1852 3374 ἀπὸ

282 3421 425 3475 υἱῶν
461 3419 806 3488 ἀνθρώπων.
867 3417 1164 3489 Εὑεργεσία
1199 3416 1344 3469 ἐστὶν
1379 3413 1659 3485 ἁμαρτιῶν
1690 3413 1854 3464 ἐκπε-

284 3517 393 3565 σεῖν
445 3515 540 3565 καὶ.
585 3511 803 3566 ὲννοιῶν
836 3509 1107 3582 πονηρῶν.
1179 3507 1406 3578 Σπέρμα
1438 3505 1546 3576 γὰρ
1578 3504 1851 3575 ἁμαρτίας

281 3603 540 3674 λογισμὸς
573 3603 828 3672 πονηρός.

359 3693 489 3745 Ὅτι
523 3691 733 3758 θήσεις
761 3690 980 3755 αὐτοὺς
1007 3687 1214 3742 νῶτον.
1280 3687 1338 3739 '0
1359 3685 1414 3739 δὲ
1443 3685 1732 3756 Σύμμαχος
1761 3685 1852 3738 οὖ-

281 3799 382 3846 τως
398 3784 742 3854 ήρμῆνευσεν
757 3799 770 3812 °
791 3782 919 3834 ’Ὅτι
941 3779 1149 3846 θήσεις
1167 3778 1388 3843 αὐτοὺς
1409 3778 1846 3845 ἀποστρόφους,

280 3875 553 3926 τουτέστιν
584 3873 756 3925 ὀπίσω
779 3871 874 3926 καὶ
902 3867 1360 3941 παρακολούθημα
1387 3866 1492 3919 τῶν
1520 3864 1707 3918 ἐθνῶν.
1753 3866 1850 3916 Ἐν

280 3964 400 4031 τοῖς
455 3964 824 4033 περιλοίποις
877 3978 992 4016 σου
1038 3959 1370 4030 ἐτοιμάσεις
1406 3957 1471 4010 τὸ
1528 3957 1848 4024 πρόσωπον

279 4055 494 4110 αὐτῶν.
558 4055 966 4116 Καταλέλοιπας
1012 4053 1193 4114 αὐτοῖς
1214 4090 1229 4116 ,
1256 4050 1426 4121 ’φησιν
1451 4088 1466 4114 ,
1514 4046 1845 4118 ἐπιστροφῆς

280 4149 468 4220 καιρὸν
509 4147 648 4219 πρὸς
688 4148 749 4200 τὸ
783 4145 1127 4217 μετανοῆσαι.
1202 4141 1348 4212 Αὕτη
1385 4141 1441 4194 δέ
1469 4142 1586 4193 ἐστι
1618 4139 1754 4210 μετὰ
1785 4139 1846 4191 τὸ

279 4237 550 4309 πλήρωμα
577 4237 683 4289 τῶν
712 4237 878 4290 ἐθνῶν
908 4235 1096 4305 κλῆσις
1124 4235 1215 4286 καὶ
1240 4231 1563 4304 ἐπιστροφή.

347 4329 643 4400 [Ποιήσεις
682 4329 806 4392 τοὺς
843 4329 1244 4396 ἀπιστήσαντας
1289 4324 1589 4386 Ἰουδαίους.
1649 4321 1755 4386 Οὓς
1786 4322 1842 4376 δὲ

1954 3146 2156 3204 οιιίιιέιε
2184 3165 2238 3203 οι
2272 3149 2438 3218 impia
2469 3150 2745 3221 dogmata,
2776 3165 2899 3220 quae
2930 3158 3054 3219 post
3086 3149 3326 3218 ipsorum
3368 3163 3490 3203 mor

1954 3247 2060 3291 tem
2090 3236 2254 3303 Deus,
2288 3247 2473 3306 utpote
2501 3238 2697 3303 bonus,
2729 3237 3010 3310 dcstruit.]
3041 3237 3110 3290 Et
3131 3253 3304 3291 semen
3331 3253 3507 3291 eorum

1952 3346 1986 3382 a
2018 3329 2146 3399 ﬁliis
2168 3330 2457 3386 hominum.
2500 3330 2828 3385 Beneﬁcium
2864 3330 3169 3385 habendum
3198 3337 3282 3384 est
3307 3343 3339 3384 a
3387 3341 3505 3398 pec-

1951 3419 2088 3473 catis
2120 3420 2368 3474 excidere
2405 3429 2459 3473 et
2485 3434 2517 3473 a
2548 3420 2730 3489 pravis
2769 3419 3215 3491 cogitationibus.
3261 3415 3397 3473 Nam
3428 3431 3506 3472 se-

1951 3525 2074 3564 men
2103 3509 2309 3580 peccati
2337 3511 2478 3564 mala
2502 3511 2784 3582 cogitatio.

2021 3690 2108 3744 15.
2138 3690 2401 3754 Quoniam
2428 3707 2582 3761 pones
2612 3706 2697 3745 eos
2725 3691 2962 3746 dorsum.
3007 3691 3368 3762 Symmachus
3416 3705 3508 3746 au-

1950 3793 2057 3836 tem
2083 3784 2165 3838 sic
2188 3784 2571 3853 interpretatus
2602 3793 2723 3839 est:
2757 3783 3021 3848 Quoniam
3061 3797 3216 3852 pones
3235 3798 3322 3837 eos
3367 3798 3507 3836 auer-

1947 3891 2052 3938 sos,
2077 3875 2130 3927 id
2153 3884 2236 3929 est
2261 3885 2557 3928 retrorsum
2584 3883 2638 3929 ct
2659 3875 3009 3944 appendicem
3038 3875 3294 3942 gentium.
3329 3872 3396 3926 In
3423 3890 3505 3926 re-

1947 3966 2123 4035 liquiis
2181 3967 2284 4018 tuis
2323 3965 2645 4034 prwparabis
2694 3966 2897 4020 vultum
2943 3982 3140 4019 eorum.
3195 3963 3503 4032 Reliquisti,

1946 4056 2044 4116 ait,
2075 4055 2183 4108 illis
2209 4054 2581 4108 conversionis
2613 4064 2826 4123 tempus
2854 4057 2920 4107 ad
2952 4053 3348 4123 paenitentiam.
3379 4050 3504 4106 Hac

1945 4155 2126 4201 autem
2159 4155 2243 4200 est
2291 4145 2505 4200 vocatio
2533 4153 2589 4198 et
2633 4146 2918 4199 conversio
2952 4153 3075 4213 post
3113 4144 3500 4215 plenitudinem

1979 4238 2207 4291 entium.

1979 4253 2207 4291 enuum.

1943 4253 1976 4308 Β
2015 4326 2372 4399 [lncredulos
2415 4324 2630 4382 Iudaeos
2672 4325 2892 4382 emcies.
2945 4335 3090 4392 Quos
3134 4331 3314 4380 autem
3360 4326 3501 4378 Deus

278 4422 306 4473 6
334 4421 468 4484 Θεὸς
495 4420 929 4491 ἀποστρέφεται,
965 4421 1166 4486 τίθησι
1195 4415 1386 4471 νῶτον
1416 4413 1490 4486 μὴ
1517 4413 1842 4484 δυναμένους

1960 4428 2246 4482 iversatur,
2281 4433 2374 4474 eos
2400 4420 2546 4487 ponit
2573 4419 2810 4483 dorsum,
2842 4419 2968 4488 quia
2990 4433 3098 4472 non
3129 4425 3357 4488 possunt
3380 4432 3502 4472 esse

276 4508 416 4568 εἶναι
449 4513 737 4584 πρόσωπον
760 4552 776 4576 ,
824 4511 962 4583 πρὸς
992 4511 1052 4564 τὸ
1078 4509 1145 4562 τὰ
1191 4507 1408 4562 ὀπίσθια
1454 4505 1843 4569 κατανοοῦντας

275 4605 362 4658 διὰ
383 4604 494 4659 τῶν
527 4603 846 4674 ποιημάτων
890 4602 1050 4666 πάλιν
1095 4600 1231 4672 πρὸς
1265 4600 1426 4654 αὐτὸν
1457 4598 1838 4669 ἀναφέρεσθαι.

276 4699 413 4762 Τοὺς
441 4696 553 4768 γὰρ
577 4697 652 4767 μὴ
679 4697 820 4760 οἵους
839 4712 900 4749 τε
925 4696 1057 4767 ὁρᾷν
1080 4693 1142 4748 τὸ
1160 4692 1468 4764 πρόσωπον,
1495 4690 1572 4762 τῷ
1600 4691 1674 4762 μὴ
1700 4689 1844 4760 ἔχειν

274 4788 498 4859 καρδίαν
519 4787 788 4859 καθαρὰν,
803 4787 1009 4840 τίθεται
1031 4787 1309 4840 κατανοεῖν
1327 4783 1394 4837 τὰ
1412 4782 1631 4836 ὀπίσθια
1654 4780 1840 4846 αὑτοῦ,

272 4877 341 4929 τά
380 4877 501 4947 μετ’
532 4875 694 4930 αὑτὸν
744 4876 875 4930 δντα
912 4875 1392 4946 δημιουργήματα’
1433 4873 1518 4926 ἵνα
1545 4871 1642 4942 τὴν
1667 4872 1841 4925 κτίσιν

274 4965 602 5038 θεωροῦντες
635 4965 841 5021 ἔννοιαν
869 4965 1030 5021 αὐτοῦ
1057 4966 1258 5020 λάϐωσι
1277 5005 1291 5028 ,
1324 4965 1418 5020 καὶ
1449 4962 1840 5037 προσϐαλόντες

274 5059 348 5130 τῷ
367 5059 488 5130 Θεῷ
516 5057 716 5123 αὐτῶν,
746 5059 808 5112 τὺ
837 5057 930 5113 τοῦ
954 5058 1088 5112 Θεοῦ
1113 5057 1400 5128 πρόσωπον
1433 5057 1603 5111 ἴδωσι.
1679 5056 1841 5127 Περί-

273 5151 433 5206 λοιπα
458 5150 515 5206 δὲ
542 5152 640 5206 τοῦ
669 5150 804 5206 Θεοῦ
834 5149 904 5206 τὰ
945 5151 1200 5222 ἀνωτέρω
1237 5150 1346 5204 τῶν
1372 5149 1685 5221 κτισμάτων
1730 5147 1837 5202 τῶν

272 5241 566 5313 αἰσθητῶν.

349 5435 661 5505 Ὕψώθητι,
695 5437 896 5505 Κύριε,
933 5435 1003 5490 ἐν
1030 5434 1104 5505 τῇ
1129 5434 1377 5503 δυνάμει
1405 5449 1544 5488 σου.
1607 5433 1833 5504 Ὅμοιον

269 5524 346 5596 τῷ
363 5542 377 5556 ·
414 5527 664 5582 Ἔλθέτω
693 5529 734 5590 ἡ
762 5525 1050 5592 βασιλεία
1073 5539 1211 5580 σου.
1243 5523 1353 5594 Τὴν
1375 5523 1628 5595 δευτέραν
1651 5523 1706 5576 δὲ
1737 5540 1832 5578 σα-

338 5701 550 5760 "Joan.
604 5719 719 5771 xiv,
747 5701 802 5756 9.
883 5701 926 5732 "
951 5698 1134 5754 Matth.
1161 5713 1234 5767 vr,
1277 5697 1362 5755 10.

1944 4513 2146 4580 vultus,
2177 4522 2236 4567 ut
2280 4513 2584 4583 posteriora
2619 4511 2787 4582 (Dei)
2821 4511 3226 4566 considerantes
3256 4526 3352 4579 per
3382 4509 3500 4577 ejus

1942 4607 2156 4676 Opiﬁcia
2192 4606 2262 4662 ad
2312 4607 2489 4676 ipsum
2537 4606 2886 4661 reducantur.
2926 4603 3205 4673 Siquidem
3243 4603 3496 4666 inﬁrmis,

1941 4700 2031 4768 qui
2060 4699 2206 4768 quod
2253 4713 2348 4754 cor
2391 4713 2588 4767 purum
2644 4712 2752 4751 non
2801 4697 3067 4758 habeant.
3118 4710 3226 4750 non
3270 4705 3502 4763 possunt

1940 4792 2148 4846 vultum
2179 4791 2298 4860 ejus
2355 4790 2573 4854 videre,
2618 4789 2916 4858 posteriora
2965 4801 3063 4841 sua
3106 4787 3497 4841 consideranda

1939 4883 2113 4948 oﬂ‘ert,
2157 4884 2360 4939 scilicet
2397 4881 2612 4951 opiﬁcia
2641 4896 2762 4950 quae
2797 4889 2915 4950 post
2967 4881 3147 4948 ipsum
3184 4887 3352 4944 sunt;
3413 4887 3492 4942 ut,

1938 4975 2242 5045 conspectis
2301 4974 2465 5029 rebus
2511 4973 2753 5033 creatis,
2802 4972 2858 5026 in
2911 4971 3276 5040 cognitionem
3350 4969 3495 5022 illius

1937 5070 2242 5132 deveniam,
2279 5076 2334 5122 et
2364 5065 2474 5120 Deo
2513 5080 2614 5121 suo
2661 5079 2780 5120 sese
2824 5064 3174 5134 applicantes,
3219 5061 3338 5128 ejus
3385 5059 3495 5111 vul-

1936 5174 2051 5220 tum
2121 5163 2361 5217 videant.
2431 5158 2692 5229 Reliquiae
2753 5167 2936 5212 autem
3005 5157 3097 5210 Dei
3163 5161 3289 5209 sunt
3359 5151 3489 5215 illa,

1934 5271 2058 5326 quae
2108 5255 2269 5310 rebus
2313 5252 2548 5309 conditis
2577 5265 2798 5308 sensum
2827 5249 3169 5304 moventibus
3211 5243 3492 5312 superiora

1934 5357 2081 5404 sunt.

2004 5439 2092 5492 M.
2127 5437 2403 5500 Exaltare,
2438 5437 2680 5503 Domine,
2708 5435 2762 5488 in
2792 5434 2981 5488 virtute
3013 5439 3123 5482 tua.
3162 5425 3350 5482 Simile
3376 5425 3486 5480 illi:

1931 5529 2184 5585 Adveniat
2237 5545 2450 5599 regnum
2510 5539 2676 5583 tuum.
2737 5525 2895 5582 Hisce
2953 5530 3134 5578 autem
3185 5519 3487 5577 secundum
