3944 6220
359 276 452 332 131

1159 272 1216 329 S.
1261 269 1631 325 ATHANASII
1671 268 1823 324 OPP.
1865 265 2042 320 PARS
2080 265 2167 319 Ill.
2207 293 2274 305 -—
2313 265 2724 341 EXEQETICA.

3478 264 3574 318 £53

359 396 478 466 ejus
523 391 808 448 adventum
859 399 1011 462 rogat
1071 391 1400 446 accelerari:
1469 388 1810 444 Cantabimus
1864 397 1947 447 et,

2050 386 2127 449 (In;
2156 387 2454 458 παρουσίαν
2486 385 2698 456 εὔχεται
2743 385 2832 440 διὰ
2863 389 3019 440 τοῦτο
3067 384 3355 456 γενέσθαι³
3396 386 3572 456 ’ᾼσοδ

359 485 643 557 psullemas
672 486 888 538 virtutes
915 492 1053 537 tuas.
1079 481 1233 537 Tunc
1260 482 1404 535 enim
1424 497 1618 535 omnes
1643 481 1913 549 justorum

361 577 576 639 animae,
613 575 666 628 in
698 574 948 644 supernis
992 573 1369 628 mansionibus
1398 572 1708 626 constituta:
1753 571 1914 640 spiri-

363 667 560 722 tualem
586 665 789 720 cultum
821 663 1066 736 obcunt.]

553 755 604 810 l.
645 753 712 810 In
743 755 919 825 ﬁnem,
951 771 1045 822 pro
1087 753 1410 822 susceptione
1439 753 1740 815 matutina,

779 842 1118 900 PSALMUS
1147 843 1337 896 David.
1370 841 1530 897 XXI.

941 937 1338 1006 Argumentum.

363 1026 591 1082 Canitur
620 1027 712 1081 hic
747 1027 994 1096 psalmus
1025 1041 1124 1095 pro
1168 1024 1508 1094 susceptione
1553 1025 1836 1088 matutina,
1865 1023 1916 1078 id

428 1127 532 1186 est,
571 1119 698 1189 quia
722 1127 878 1172 nocte
905 1127 958 1171 et
987 1117 1216 1185 caligine
1239 1117 1506 1171 diabolica
1540 1131 1640 1171 nos
1670 1115 1919 1172 liberavit

429 1210 672 1266 emicans
701 1209 1038 1278 unigenitum
1075 1208 1167 1263 Dei
1200 1209 1456 1272 Verbum,
1489 1209 1668 1263 oriens
1691 1223 1758 1261 ex
1788 1209 1915 1274 alto,

435 1309 496 1355 ut
526 1301 786 1370 scriptum
817 1309 900 1355 est
923 1301 987 1353 ³ο.
1021 1301 1127 1354 Aut
1162 1300 1563 1370 susceptionem
1599 1300 1916 1354 matutinam

433 1393 667 1462 appellat
713 1392 1134 1446 resurrectionis
1193 1389 1491 1445 Salvatoris
1537 1400 1768 1461 tempus.
1822 1389 1920 1444 Re-

430 1483 666 1538 surrexit
697 1483 840 1537 enim
881 1484 1058 1552 primo
1105 1482 1363 1546 diluculo,
1396 1491 1449 1536 et
1489 1482 1632 1536 viam
1669 1482 1918 1536 humana:

435 1585 643 1630 natura:
683 1576 911 1629 munivit
952 1575 1023 1630 ad
1059 1575 1542 1644 incorruptionem.
1591 1573 1750 1628 Canit
1788 1588 1918 1627 vero

439 1666 708 1736 psalmum
743 1665 997 1720 Christus
1046 1681 1112 1720 ex
1165 1681 1396 1736 persona
1450 1665 1824 1721 humanitatis.
1854 1667 1918 1720 A-

395 1766 574 1826 ,ρει-ιε
603 1765 782 1811 autem
815 1771 877 1810 ea
908 1765 1096 1811 narrat
1120 1772 1242 1826 quae
1277 1757 1457 1814 crucis
1497 1764 1734 1826 tempore
1771 1771 1799 1810 ο
1832 1754 1920 1810 Ju-

439 1849 571 1904 daeis
598 1849 747 1903 illata
779 1849 882 1918 ipsi
911 1856 1058 1903 sunt.

435 2045 490 2100 2.
523 2045 682 2110 Deus,
708 2045 848 2100 Deus
877 2062 1041 2110 meas,
1079 2045 1274 2114 respice
1310 2045 1364 2098 in
1388 2061 1468 2098 me
1490 2062 1508 2098 :
1538 2061 1700 2115 quare
1727 2059 1804 2096 me
1833 2043 1923 2097 de-

368 2136 626 2206 reliquisti
658 2139 682 2190 ?
712 2136 957 2192 Postulat
987 2138 1376 2206 inspectionem
1415 2135 1615 2198 Patris,
1651 2145 1835 2189 nostra
1867 2134 1920 2186 iu

368 2243 488 2283 sese
527 2227 881 2292 transferens,
929 2238 988 2281 ut
1035 2229 1323 2298 abrogaret
1370 2227 1494 2298 [nos
1534 2227 1636 2296 ipsi
1679 2221 1922 2278 derelicti

367 2319 542 2390 prius,
587 2335 731 2374 nunc
757 2328 936 2373 autem
982 2319 1248 2389 assumpti
1279 2334 1342 2373 ac
1389 2319 1562 2372 salute
1606 2316 1791 2371 donati
1838 2330 1926 2370 su-

367 2427 512 2465 mus.
548 2409 674 2466 Han;
701 2411 830 2465 dicit
855 2419 911 2465 ιιι
942 2411 1248 2480 abrogaret,
1288 2409 1438 2478 etc.]
1467 2409 1920 2470 maledictionem,

367 2509 422 2556 et
459 2503 526 2556 ad
559 2517 659 2558 nos
694 2503 900 2556 vultum
945 2500 1126 2556 Patris
1175 2500 1486 2556 adduceret.
1534 2499 1644 2555 Nos
1677 2500 1820 2554 enim
1851 2498 1924 2554 ob

366 2595 496 2649 Adae
519 2595 1016 2665 praevaricationem
1067 2595 1119 2646 in
1154 2594 1491 2648 aversionem
1543 2601 1596 2646 et
1624 2590 1925 2646 derelictio-

371 2703 491 2742 nem
521 2687 647 2742 l'acti
674 2704 883 2742 sumus.
915 2686 1089 2756 Longe
1118 2703 1150 2738 a
1185 2686 1355 2739 salute
1387 2701 1502 2739 mea
1525 2685 1677 2738 verba
1703 2683 1924 2736 delicto-

369 2791 487 2830 rum
520 2793 771 2830 meorum.
807 2775 956 2839 Mihi,
986 2790 1194 2844 quaaso,
1221 2774 1586 2828 animadverte
1611 2769 1922 2824 humanita-

369 2867 440 2920 tis
481 2867 536 2920 in
587 2867 805 2921 Christo
852 2880 1164 2934 personam,
1225 2865 1584 2934 postulantem
1634 2861 1848 2916 liberari
1892 2877 1924 2914 a

372 2956 613 3025 lapsibus
651 2971 744 3010 seu
771 2971 800 3008 a
827 2955 1058 3016 delictis,
1081 2964 1136 3009 et
1165 2971 1194 3008 a
1217 2955 1560 3010 sermonibus
1591 2970 1651 3008 ea
1686 2963 1926 3022 spectan-

2009 495 2124 546 μεν
2155 478 2251 532 καὶ
2279 479 2593 548 ψαλοῦμεν
2615 478 2720 544 τὰς
2747 477 3103 544 δυναστείας
3133 493 3271 532 σου.
3303 477 3437 532 Τότε
3468 478 3575 552 γὰρ

2013 573 2162 624 πᾶσα
2189 571 2410 624 δικαίων
2437 571 2613 642 ψυχὴ,
2649 573 2705 624 ἐν
2751 573 2870 636 ταῖς
2914 570 3024 624 ἄνω
3059 569 3326 640 γενομένη
3367 572 3576 640 μοναῖς,

2013 659 2110 722 τάς
2139 660 2504 730 πνευματικὰς
2545 661 2852 732 ἀναπέμπει
2881 660 3148 732 λατρείας.
3175 658 3197 732 ]

2009 750 2111 816 Εἰς
2141 751 2206 804 τὸ
2239 753 2432 817 τέλος,
2467 751 2616 820 ὑπὲρ
2641 751 2758 821 τῆς
2773 752 3148 820 ἀντιλήψεως
3175 750 3284 821 τῆς
3303 749 3574 822 ἑωθινῆς,

2392 844 2687 898 mana):
2716 843 2798 910 τῷ
2827 844 3025 900 Δαυΐδ.
3072 848 3200 900 KA’.

2645 935 2968 1003 Ὑπόθεσις.

2018 1023 2233 1095 ’ᾼδεται
2271 1026 2300 1078 6
2338 1027 2690 1098 προκείμενος
2715 1027 2926 1098 ψαλμὸς
2959 1027 3096 1101 ὑπὲρ
3121 1027 3219 1100 τῆς
3245 1029 3578 1103 ἀντιλήψεως

2083 1118 2183 1186 τῆς
2210 1117 2453 1189 ἑωθινῆς.
2488 1119 2772 1176 Τουτέστιν
2794 1121 2873 1173 ὅτι
2904 1121 3096 1185 νυκτὸς
3119 1123 3212 1175 καὶ
3238 1123 3433 1193 ἀχλύος
3467 1125 3580 1180 δια-

2086 1205 2303 1278 ϐολικῆς
2330 1208 2697 1282 ἠλευθέρωσεν
2739 1213 2884 1282 ἡμᾶς
2904 1251 2919 1275 ,
2953 1213 3262 1284 ἐπιλάμψας
3289 1216 3316 1266 6
3350 1233 3574 1286 μονογε-

2083 1299 2180 1370 νὴς
2212 1299 2304 1353 τοῦ
2333 1300 2466 1354 Θεοῦ
2499 1303 2669 1370 Λόγος
2695 1304 2922 1374 ἀνατολὴ
2963 1304 3022 1368 ἐξ
3054 1304 3220 1374 ὕψους
3240 1307 3380 1362 κατὰ
3402 1309 3462 1362 τὸ
3487 1326 3581 1380 γε·-

2087 1391 2420 1462 γραμμένον.
2453 1393 2523 1444 Ἦ
2544 1393 2638 1446 καὶ
2665 1393 2943 1465 ἀντίληψιν
2965 1396 3190 1466 ἑωθινὴν
3215 1399 3304 1452 τὸν
3327 1398 3425 1469 τῆς
3442 1401 3579 1456 ἀνα-

2085 1481 2324 1545 στάσεως
2353 1481 2447 1534 τοῦ
2471 1483 2716 1554 Σωτῆρος
2739 1485 2989 1554 ὀνομάζει
3012 1488 3218 1559 καιρόν.
3256 1489 3578 1564 Ἐγήγερται

2089 1570 2197 1644 γὰρ
2233 1571 2429 1644 ὄρθρου
2463 1572 2682 1642 βαθέος,
2707 1574 3024 1648 όδοποιήσας
3050 1580 3114 1648 τῇ
3151 1578 3449 1651 ἀνθρώπων
3479 1583 3580 1651 φύ-

2089 1683 2171 1720 σει
2198 1666 2295 1740 τὴν
2321 1669 2400 1732 είς
2428 1668 2733 1740 ἀφθαρσίαν
2767 1671 2902 1727 όδόν.
2959 1671 3107 1743 ’ᾼδει
3149 1675 3206 1728 δὲ
3247 1677 3336 1731 τὸν
3366 1678 3579 1750 ψαλμὸν

2089 1761 2118 1813 6
2145 1761 2376 1831 Χριστὸς
2397 1761 2460 1814 ἐκ
2478 1761 2766 1831 προσώπου
2793 1765 2894 1834 τῆς
2918 1766 3351 1842 άνθρωπότητος.
3382 1774 3582 1842 Σαφῶς

2089 1849 2146 1903 δὲ
2178 1851 2367 1904 καὶτὰ
2410 1852 2769 1922 συμϐαίνοντα
2795 1855 2942 1926 αὐτῷ
2977 1859 3128 1930 παρὰ
3163 1862 3270 1916 τῶν
3312 1865 3580 1919 Ἰουδαίων

2090 1943 2148 1994 ἐν
2179 1941 2255 2012 τῷ
2288 1943 2460 2013 καιρῷ
2497 1943 2588 1996 τοῦ
2620 1945 2848 2014 σταυροῦ
2874 1946 3144 2019 ἐξηγεῖται
3171 1953 3301 2023 ἡμῖν

2103 2035 2164 2086 '0
2183 2036 2324 2100 Θεὸς
2356 2038 2387 2088 ό
2405 2038 2548 2102 Θεός
2569 2055 2711 2106 μου,
2731 2041 2992 2107 πρόσχες
3005 2058 3106 2109 μοι
3124 2057 3139 2074 ο
3156 2043 3255 2096 ἵνα
3276 2044 3335 2098 τί
3345 2045 3582 2114 emta-

2021 2126 2192 2193 λιπές
2216 2144 2331 2196 με;
2366 2128 2517 2182 Αἰτεῖ
2546 2129 2642 2201 τὴν
2692 2131 2985 2186 ἐποπτείαν
3015 2134 3113 2204 τὴν
3147 2136 3294 2207 παρὰ
3336 2139 3430 2192 τοῦ
3464 2141 3580 2194 Πα-

2021 2218 2179 2289 τρὺς,
2222 2218 2288 2272 τὰ
2336 2222 2368 2288 ἡ
2380 2221 2492 2290 μῶν
2524 2223 2602 2285 εἰς
2633 2224 2821 2277 ἐαυτὸν
2857 2225 3162 2294 μετατιθεὶς
3196 2228 3282 2281 ἵνα
3334 2229 3578 2301 [Ambr..

2021 2313 2179 2382 ἡμεῖς
2210 2313 2316 2383 γὰρ
2342 2309 2482 2383 ἦμεν
2513 2316 2559 2366 οῖ
2587 2315 3136 2387 ἐγκαταλελειμμένοι
3167 2321 3456 2392 πρότερον,
3485 2325 3581 2377 νῦν

2020 2403 2076 2456 δὲ
2095 2404 2551 2475 προσειλημμένοι
2581 2405 2674 2458 καὶ
2725 2409 3074 2478 σεσωσμένοι.
3098 2409 3280 2462 Ταῦτα
3304 2411 3449 2479 λέγει
3469 2415 3580 2477 ἵνα,

2023 2495 2116 2548 καὶ
2140 2494 2209 2548 τά
2242 2495 2594 2570 ἐξῆς]παύσῃ
2612 2499 2708 2569 τὴν
2721 2498 2879 2570 ἀρὰν,
2903 2500 2996 2552 καὶ
3026 2497 3110 2568 ἐφ’
3133 2503 3279 2572 ἡμᾶς
3302 2505 3581 2578 μεταγάγῃ

2022 2588 2081 2640 τὸ
2105 2589 2390 2660 πρόσωπον
2419 2589 2512 2641 τοῦ
2540 2590 2770 2661 Πατρός.
2799 2591 2986 2661 Ἡμεῖς
3013 2592 3120 2662 γάρ
3161 2595 3327 2664 ἐσμεν
3356 2599 3403 2649 oi
3431 2610 3587 2666 γεγο-

2022 2679 2170 2742 νότες
2216 2681 2532 2753 ἀποστροφὴ
2564 2683 2656 2734 καὶ
2688 2681 3064 2752 ἐγκατάλιιψις
3082 2684 3168 2737 διὰ
3200 2685 3295 2755 τὴν
3317 2689 3374 2739 ἐν
3418 2688 3584 2760 Ἀδὰμ

2021 2771 2349 2842 παράϐασιν.
2424 2775 2671 2843 Μακρὰν
2704 2775 2820 2829 ἀπὸ
2853 2773 2958 2840 τῆς
3006 2779 3300 2844 σωτηρίας
3331 2782 3386 2832 οι
3418 2782 3583 2850 λόγοι

2021 2859 2140 2912 τῶν
2163 2863 2642 2930 παραπτωμάτων
2667 2881 2805 2933 μου.
2861 2863 3058 2917 Σκόπει
3089 2882 3177 2934 μοι
3218 2866 3380 2922 πάλιν
3409 2871 3469 2922 τὸ
3489 2871 3586 2941 τῆς

2021 2949 2433 3021 ἀνθρωπότητος
2451 2953 2739 3024 πρόσωπον
2754 2957 2809 3007 ἐν
2823 2957 2865 3008 Χ
2876 2955 3039 3026 ριστῷ
3057 2958 3403 3028 παρακαλοῦν
3424 2961 3590 3014 άπαλ-

374 3047 538 3103 tibus.
570 3047 755 3102 Palam
783 3055 868 3102 est
911 3056 1090 3102 autem
1130 3048 1239 3118 peti
1281 3047 1545 3117 justitiam
1585 3047 1781 3117 cuique
1834 3047 1924 3101 ho-

2050 3041 2308 3096 .άττεσθαι
2335 3044 2442 3096 τῶν
2468 3049 2820 3117 πταισμάτων
2849 3049 2966 3118 ἦτοι
2993 3049 3100 3102 τῶν
3133 3056 3586 3123 παραπτωμάτων

371 3141 508 3198 mini
534 3148 944 3210 congruentem.

449 3321 634 3394 [Deas,
666 3321 804 3375 Deus
830 3337 995 3374 meas.
1026 3317 1151 3373 Haec
1179 3315 1426 3372 Salvator
1454 3315 1694 3385 loquitur
1721 3329 1786 3368 ex
1815 3329 1928 3383 per-

377 3427 509 3466 sona
538 3411 910 3475 humanitatis,
943 3409 1100 3480 quasi
1137 3408 1303 3475 dicat,
1331 3408 1406 3461 mi
1457 3406 1620 3472 Deus,
1651 3407 1725 3460 mi
1767 3405 1927 3471 Deus,

377 3503 428 3556 in
456 3502 701 3558 vocativo
731 3503 958 3560 scilicet.
982 3502 1004 3575 ]

445 3594 498 3647 5.
523 3593 663 3647 Deus
702 3609 867 3657 meas,
896 3592 1137 3646 clamabo
1160 3609 1250 3661 per
1273 3591 1434 3653 diem,
1457 3601 1506 3644 et
1533 3606 1634 3644 non
1660 3589 1928 3650 exandies,

375 3693 424 3739 et
456 3695 622 3748 nocte,
659 3695 708 3738 et
746 3701 849 3738 non
881 3683 950 3736 ad
995 3684 1353 3753 insipientiam
1389 3683 1539 3734 mihi.
1591 3681 1728 3735 Cum
1775 3681 1933 3733 inter-

375 3777 670 3847 punctione
707 3775 1034 3845 legendum:
1083 3773 1354 3844 signiﬁcat
1394 3782 1572 3826 autem
1624 3773 1779 3827 nobis
1823 3787 1929 3825 non

378 3867 626 3922 inutilem
659 3882 781 3922 esse
805 3866 1067 3920 orationis
1095 3865 1352 3920 fructum.
1389 3865 1478 3920 Ait
1507 3864 1646 3918 enim
1675 3882 1687 3917 :
1718 3863 1835 3916 Non
1864 3865 1931 3916 ad

377 3959 735 4028 insipientiam
767 3959 914 4012 milii.
951 3958 1008 4010 Id
1039 3967 1140 4022 est,
1184 3957 1467 4027 perspicue
1507 3957 1654 4021 novi,
1695 3954 1931 4009 futurum

375 4065 498 4105 esse
528 4057 585 4103 ut
617 4049 845 4104 clamem
883 4063 1004 4114 ego,
1038 4048 1152 4115 ipse
1195 4048 1469 4101 exaudiat.
1521 4045 1657 4111 Quia
1707 4060 1830 4099 cum
1879 4045 1933 4097 in

378 4142 583 4195 sanctis
612 4140 823 4193 habites
856 4139 949 4208 qui
994 4147 1230 4193 mentem
1260 4139 1312 4192 in
1350 4146 1402 4192 te
1440 4137 1672 4207 positam
1703 4137 1930 4202 habent,

377 4231 499 4286 laus
526 4240 578 4284 et
611 4231 781 4300 gloria
811 4231 942 4298 ipsis
966 4244 1045 4283 es.

450 4323 506 4376 4.
539 4321 614 4374 Tu
647 4331 821 4374 autem
867 4322 922 4372 in
963 4330 1144 4373 sancto
1195 4321 1424 4383 habitas,
1459 4319 1575 4373 laus
1609 4319 1802 4374 Israel.
1857 4317 1933 4391 (7)

381 4413 486 4480 Qui
516 4413 754 4467 laudaris
781 4413 848 4467 ab
876 4411 1072 4466 lsraele
1097 4421 1190 4465 aut
1221 4411 1336 4481 ipse
1359 4412 1478 4466 laus
1500 4426 1581 4467 es.

452 4586 506 4641 5.
540 4587 607 4640 In
638 4595 685 4640 te
714 4593 1051 4654 speraverant
1079 4595 1256 4653 patres
1301 4585 1490 4648 nostri,
1523 4592 1858 4653 speraverant
1889 4592 1938 4636 et

383 4679 618 4733 tiberasti
649 4695 756 4732 eos.
793 4677 983 4731 Patres
1017 4692 1148 4731 suos
1187 4677 1488 4732 secundum
1525 4691 1743 4731 carnem
1783 4675 1935 4740 dicit,

382 4768 720 4840 patriarchas
767 4768 974 4822 scilicet
1019 4775 1074 4820 et
1111 4767 1424 4838 prephetas.
1475 4765 1707 4818 Exhibet
1755 4773 1936 4818 autem

384 4857 499 4928 spei
528 4857 761 4912 lucrum.

451 4942 544 5016 [In
580 4954 628 4997 te
651 4953 989 5013 speraverant
1017 4954 1191 5015 patres
1223 4944 1414 4998 nostri.
1455 4942 1596 5009 Quin
1627 4944 1810 5010 etiam,
1845 4946 1938 5013 qui

383 5042 509 5089 ante
546 5049 631 5088 me
663 5034 960 5088 secundum
1007 5047 1226 5088 carnem
1269 5033 1508 5094 fuerunt,
1558 5030 1766 5084 scilicet
1821 5046 1943 5100 pro.

383 5123 578 5193 phetas,
603 5122 656 5175 in
681 5131 732 5176 te
748 5119 1089 5175 conﬁdebant
1113 5134 1286 5173 meam
1317 5125 1692 5186 exspectantes
1709 5117 1944 5170 illustra-

385 5214 608 5279 tionem,
645 5227 820 5283 neque
843 5227 938 5281 spe
960 5211 1094 5279 lapsi
1139 5219 1288 5275 sunt,
1332 5209 1691 5277 similiterque
1724 5208 1944 5268 patriar-

385 5301 547 5374 τίκα]

457 5389 510 5444 7.
552 5392 662 5464 Ego
701 5404 876 5450 autem
907 5411 1023 5450 sam
1072 5394 1259 5450 vermis
1296 5403 1344 5447 et
1394 5408 1497 5446 non
1546 5393 1718 5448 homo.
1777 5393 1938 5448 Docet

455 5546 501 5579 ⁸⁸
523 5546 654 5606 Luc.
695 5569 734 5620 ι,
764 5553 853 5609 78.

455 5639 532 5712 (7)
586 5639 708 5697 Hac
757 5659 788 5698 a
845 5643 1060 5699 Daniele
1106 5643 1343 5698 Barbare
1399 5643 1708 5700 tribuuntur
1749 5645 1988 5718 Origeni.

2027 3135 2120 3186 καὶ
2148 3134 2256 3186 τῶν
2289 3137 2374 3186 ἐπ’
2403 3135 2582 3200 αὐτοῖς
2610 3136 2798 3206 λόγων.
2835 3139 3001 3209 Δῆλον
3033 3140 3110 3205 δὲ,
3138 3143 3217 3194 ὅτι
3244 3144 3341 3213 τῆς
3374 3144 3589 3217 ἑκάστῳ

2028 3225 2340 3296 πρεπούσης
2368 3226 2730 3298 δικαιοσύνης.

2100 3315 2196 3388 [Ὀ
2224 3316 2399 3382 Θεὸς,
2430 3321 2463 3371 ό
2495 3321 2637 3383 Θεός
2663 3337 2800 3388 μου.
2835 3320 3016 3375 Ταῦτα
3046 3323 3191 3392 λέγει
3231 3326 3259 3377 6
3299 3325 3489 3398 Σωτὴρ
3526 3327 3592 3380 ἐκ

2029 3405 2317 3476 προσώπου
2374 3409 2472 3478 τῆς
2522 3410 2934 3483 ἀνθρωπότητος
2988 3415 3110 3467 ἀντὶ
3151 3413 3279 3467 τοῦ·
3315 3416 3414 3470 Θεέ
3467 3435 3588 3490 μου,

2028 3497 2129 3551 Θεέ
2171 3517 2291 3569 μου.
2311 3498 2331 3570 ]

2113 3589 2173 3643 '0
2205 3592 2348 3657 Θεός
2363 3610 2502 3661 μου,
2527 3592 2882 3663 κεκράξομαι
2905 3594 3146 3666 ἡμέρας,
3172 3598 3268 3652 καὶ
3298 3601 3407 3653 οὐκ
3436 3603 3595 3654 εἱσα-

2031 3682 2246 3750 κούσῃ,
2271 3684 2366 3736 καὶ
2389 3685 2627 3750 νυκτὸς,
2660 3687 2758 3739 καὶ
2784 3688 2893 3741 οὐκ
2919 3691 3006 3754 εὶς
3032 3689 3242 3743 ἄνοιαν
3268 3692 3418 3760 ἐμοί.
3455 3694 3592 3746 Καθ’

2033 3774 2370 3845 ὑποστιγμὴν
2405 3776 2792 3844 ἀναγνωστέον.
2828 3780 3086 3850 Σημαίνει
3115 3781 3171 3834 δὲ
3204 3783 3354 3852 ἡμῖν,
3388 3785 3469 3836 ὅτι
3494 3786 3595 3838 οὐκ

2033 3864 2284 3931 ἀνόνητος
2302 3866 2398 3935 τῆς
2423 3867 2729 3937 προσευχῆς
2748 3871 2775 3921 ό
2795 3870 3023 3940 καρπός.
3053 3873 3189 3941 Φησὶ
3209 3874 3316 3944 γάρ
3335 3889 3346 3902 ·
3369 3876 3488 3928 Οὐκ
3509 3878 3597 3941 είς

2033 3955 2243 4009 ἄνοιαν
2272 3957 2416 4026 ἐμοι.
2447 3959 2753 4025 Τουτέστιν,
2783 3956 2895 4012 οἶδα
2927 3962 3135 4030 σαφῶς,
3168 3963 3242 4026 ώς
3264 3966 3597 4036 κεκράξομαι

2038 4045 2134 4114 μὲν
2166 4044 2295 4112 ἐγὼ,
2324 4045 2626 4098 εἰσακούσει
2654 4047 2710 4098 δὲ
2739 4047 2917 4110 αὐτός.
2953 4049 3073 4101 Ὅτι
3103 4065 3165 4116 γε
3194 4049 3308 4112 καὶ,
3331 4051 3599 4104 κατοικῶν

2035 4136 2092 4186 ἐν
2129 4136 2302 4203 ἁγίοις
2333 4140 2442 4199 τοῖς
2475 4138 2554 4199 είς
2589 4137 2646 4188 σὲ
2678 4137 2767 4190 τὸν
2796 4138 2921 4191 νοῦν
2955 4139 3166 4208 ἔχουσιν
3188 4179 3203 4204 ,
3248 4141 3469 4204 ἔπαινος
3503 4141 3600 4195 καὶ

2033 4224 2158 4288 δόξα
2189 4225 2364 4277 αὐτῶν
2393 4226 2574 4298 γίγνῃ.

2106 4314 2189 4368 Σὺ
2208 4315 2275 4366 δὲ
2293 4316 2362 4367 ἐν
2382 4316 2526 4383 ἁγίῳ
2545 4316 2857 4381 κατοικεῖς,
2885 4320 2917 4370 ὁ
2938 4318 3182 4384 ἔπαινος
3205 4318 3309 4372 τοῦ
3341 4317 3596 4385 Ἰσραήλ.

1965 4403 2008 4457 D
2049 4402 2105 4456 '0
2143 4403 2526 4475 ἐπαινούμενος
2554 4405 2657 4458 ὑπὸ
2685 4405 2777 4458 τοῦ
2821 4407 3034 4478 Ἰσραήλ
3056 4425 3068 4438 ·
3113 4408 3145 4479 ἢ
3189 4411 3217 4461 6
3249 4408 3409 4471 αὐτὸς
3439 4408 3599 4461 ἐπαι-

2040 4511 2127 4558 νος
2156 4493 2248 4548 ὧν.

2123 4587 2246 4638 Ἐπὶ
2280 4587 2377 4640 σοὶ
2428 4587 2696 4657 ἤλπισαν
2745 4593 2796 4641 οι
2830 4588 3077 4656 πατέρες
3106 4587 3297 4658 ἡμῶν,
3332 4588 3605 4655 ἤλπισαν

2041 4677 2137 4729 καὶ
2165 4678 2394 4746 ἐρῤύσω
2426 4682 2665 4745 αὐτούς.
2726 4681 2972 4750 Πατέρας
3015 4679 3206 4733 ἑαυτοῦ
3255 4680 3394 4733 κατὰ
3425 4679 3600 4752 σάρκα

2039 4769 2164 4830 τοὺς
2193 4771 2532 4841 πατριάρχας
2557 4772 2649 4824 καὶ
2688 4771 2814 4834 τοὺς
2847 4773 3126 4843 προφήτας
3153 4772 3303 4842 φησί.
3354 4772 3600 4825 Δείκνυσι

2037 4860 2094 4912 δὲ
2118 4861 2210 4912 καὶ
2238 4861 2335 4930 τῆς
2365 4862 2573 4925 ἐλπίδος
2610 4862 2670 4915 τὸ
2704 4863 2908 4933 κέρδος.

2107 4949 2126 5020 [
2160 4951 2280 5003 Ἐπί
2309 4952 2408 5004 σοὶ
2434 4952 2707 5020 ἤλπισαν
2742 4957 2795 5007 οἱ
2822 4953 3072 5020 πατέρες
3100 4952 3285 5022 ἡμῶν.
3329 4953 3488 5008 Ἀλλά
3509 4957 3603 5010 καὶ

2033 5044 2082 5094 οἱ
2105 5041 2244 5094 κατὰ
2275 5041 2452 5113 σάρκα
2476 5044 2586 5117 ,πρὸ
2612 5043 2745 5114 ἐμοῦ
2765 5086 2778 5110 ,
2805 5044 3084 5096 τουτέστιν
3109 5047 3156 5097 οἱ
3185 5045 3478 5115 προφῆται.
3509 5046 3602 5098 ἐπὶ

2037 5135 2120 5186 σοὶ
2153 5134 2524 5204 προσεδόκων,
2569 5137 2666 5206 τὴν
2715 5136 2850 5208 ἐμὴν
2895 5137 3192 5208 ἐπίλαμψιν
3225 5138 3601 5208 ἀναμένοντες.

2037 5225 2132 5277 καὶ
2171 5224 2270 5293 τῆς
2301 5224 2511 5288 ἐλπίδος
2546 5226 2606 5278 ού
2641 5226 3062 5297 διεψεύσθησαψ
3126 5227 3386 5291 ὡσαύτως
3421 5227 3514 5279 καὶ
3552 5228 3604 5280 oi

2045 5314 2392 5386 πατριάρχαι.
2417 5315 2438 5387 ]

2128 5405 2271 5476 Ἐγὼ
2304 5407 2370 5462 δέ
2393 5410 2508 5476 εἰμι
2537 5406 2802 5475 σκώληξ,
2843 5408 2939 5462 καὶ
2969 5410 3078 5463 οὐκ
3113 5409 3438 5478 ἅνθρωπος.
3495 5405 3607 5465 Ta.-
