3944 6220
291 302 393 361 155

1398 296 1760 353 EXPOSITIO
1799 296 1862 350 IN
1902 296 2228 354 PSALMUM
2267 295 2402 352 XM.

3407 304 3508 360 134

289 412 636 482 πεινόφρονας
668 407 808 465 εἶναι
839 412 1110 476 διδάσκει,
1141 413 1231 465 καὶ
1265 410 1494 481 μάλιστα
1529 413 1848 482 προσιόντας

1976 429 2068 466 :sse
2105 413 2334 468 humiles
2391 422 2659 480 oportere,
2709 415 3050 483 maximeque
3098 416 3414 473 accedentes
3445 425 3510 474 ad

287 504 423 575 Θεῷ.
475 502 744 568 Ὀνειδος
791 503 1113 573 ἀνθρώπων
1139 504 1235 558 καὶ
1271 503 1644 574 ἐξουδένωμα
1680 504 1853 558 λαοῦ.

289 595 468 649 Ταῦτα
502 593 690 662 σαφῶς
725 596 753 648 6
798 594 1182 666 εὐαγγελιστὴς
1230 596 1542 666 πεπρᾶχθαι
1583 598 1661 658 είς
1695 595 1856 648 αὑτὸν

289 685 427 739 κατὰ
453 686 541 738 τὸν
572 685 760 756 καιρὸν
782 685 874 738 τοῦ
901 685 1129 757 σταυροῦ
1158 703 1318 756 φησιν
1343 705 1354 718 ·
1382 687 1502 739 καθ’
1523 687 1582 738 ὃν
1611 687 1856 739 ἐπέσειον

288 775 435 845 αὑτῴ
455 778 504 829 ol
529 777 1035 846 παραπορευόμενοι
1062 775 1157 838 τὰς
1185 776 1444 844 κεφαλὰς,
1470 777 1564 830 καὶ
1589 777 1857 846 εϐλασφή-

292 887 424 938 μουν
453 870 532 930 εἰς
565 868 725 920 αὐτὸν
747 868 992 936 λέγοντες
1011 886 1024 898 ·
1058 870 1125 922 El
1158 869 1288 935 Υἱὸς
1315 866 1372 922 εἴ
1393 869 1496 923 τοῦ
1525 869 1673 923 Θεοῦ
1693 910 1706 934 ,
1739 869 1857 922 σῶ-

289 974 404 1010 σςν
426 959 708 1010 σεαυτόν.

362 1049 487 1100 Ὅτι
516 1047 597 1100 σὺ
622 1044 680 1100 εἴ
700 1050 732 1101 ὁ
760 1047 1077 1113 ἐκσπάσας
1121 1064 1199 1116 με
1231 1049 1298 1100 ἐκ
1349 1049 1628 1115 γαστρός.
1689 1045 1858 1100 Τοῦτό

292 1153 490 1205 φησιν,
530 1137 711 1208 ἐπειδὴ
752 1139 869 1189 κατ’
914 1137 1157 1190 εὐδοκίαν
1188 1138 1281 1190 τοῦ
1323 1139 1532 1208 Πατρός
1585 1135 1856 1208 ὲνηνθρώ-

290 1245 481 1298 πησεν.
517 1229 654 1280 Ὅτε
675 1228 802 1299 γὰρ,
824 1229 1005 1298 φησὶν,
1026 1225 1171 1296 ἦλθε
1197 1230 1260 1280 τὸ
1292 1227 1580 1296 πλήρωμα
1601 1227 1704 1281 τοῦ
1732 1227 1860 1294 χρό-

290 1334 420 1379 νου,
449 1317 877 1381 ἐξαπέστειλεν
905 1322 936 1372 d
972 1318 1113 1384 Θεὸς
1137 1319 1239 1370 τόν
1272 1318 1404 1371 Υἰὸν
1429 1316 1616 1371 αὐτοῦ
1647 1317 1860 1386 γεννώ-

286 1425 472 1476 μενον
502 1409 571 1462 ἐκ
601 1410 900 1476 γυναικός.
956 1410 1344 1479 Ἐπιγράφεται
1381 1409 1488 1480 γὰρ
1531 1411 1626 1462 καὶ
1671 1409 1859 1462 ἐλπίδα

290 1503 378 1554 τὶν
413 1502 604 1554 ἑαυτοῦ
639 1503 854 1574 Πατέρα
873 1544 887 1566 ,
915 1504 1006 1556 καὶ
1031 1503 1184 1556 τοῦτο
1207 1503 1377 1572 λέγων
1427 1503 1500 1565 ὡς
1531 1502 1820 1575 ἄνθρωπος
1841 1520 1856 1534 ο

291 1591 478 1661 ἐπειδὴ
511 1592 620 1663 γὰρ
650 1594 742 1646 τὸν
793 1596 1021 1663 Χριστὸν
1068 1597 1224 1667 μόνον
1257 1600 1318 1650 ἐκ
1370 1597 1468 1668 τῆς
1502 1599 1718 1668 Μαρίας
1747 1599 1862 1662 ἑξέ-

297 1699 498 1734 σπασεν
527 1685 555 1735 6
583 1684 743 1748 Θεὸς,
769 1685 880 1738 τῶν
911 1686 1082 1740 ἄλλων
1108 1687 1406 1759 ἀνθρώπων
1441 1689 1540 1741 οὐκ
1568 1690 1856 1760 ὲκσπωμέ-

1956 503 2144 558 Deum.
2186 503 2536 573 Opprobrium
2561 504 2827 558 hominum
2851 517 2899 558 et
2928 505 3150 574 abjectio
3173 508 3355 576 plebis.
3390 509 3513 564 Haec

1953 596 2282 664 evangelista
2317 595 2368 650 in
2401 605 2642 664 tempore
2666 597 2845 652 crucis
2881 599 3085 653 factum
3123 599 3223 667 ipsi
3273 611 3511 664 enarrat,

1956 703 2078 740 cum
2103 689 2195 757 qui
2219 689 2582 757 prmteribant,
2617 690 2793 759 capita
2818 700 3094 746 moverent
3119 700 3173 744 et
3199 690 3512 761 blasphema

1955 776 2264 846 hujusmodi
2293 779 2455 833 verba
2492 778 2794 848 proferrent
2825 781 2877 834 in
2912 797 3072 836 eum:
3107 780 3167 836 Si
3196 780 3370 836 Filius
3418 782 3517 835 Dei

1955 885 2029 933 es,
2063 870 2260 923 saltum
2284 872 2370 941 fac
2399 873 2811 941 temetipsum".

1953 1083 1959 1086 -
2025 1045 2110 1098 10.
2136 1045 2392 1110 Quoniam
2411 1057 2465 1100 tu
2493 1065 2544 1102 es
2574 1049 2663 1118 qui
2692 1049 2972 1102 extruxisti
2992 1066 3068 1103 me
3100 1050 3163 1104 de
3192 1059 3383 1104 ventre.
3406 1049 3518 1105 Hoc

1957 1138 2053 1203 ait,
2084 1140 2211 1207 quia
2244 1142 2540 1194 secundum
2583 1140 2760 1195 Patris
2804 1141 3198 1211 bencplacitum
3229 1141 3406 1196 factus
3437 1153 3520 1196 est

1958 1227 2140 1283 homo.
2178 1227 2277 1281 Ubi
2314 1245 2568 1299 namque,
2616 1233 2712 1294 ait,
2766 1232 2902 1284 venit
2949 1231 3218 1300 plenitudo
3251 1233 3497 1301 temporis

1959 1317 2100 1370 misit
2120 1317 2256 1370 Deus
2283 1316 2482 1372 Filium
2502 1337 2654 1374 suum
2698 1335 2878 1374 natum
2910 1336 2972 1374 ex
3015 1322 3231 1375 muliere
3255 1322 3321 1377 “.
3375 1320 3492 1375 Scri

1959 1417 2108 1476 ptum
2123 1409 2320 1479 quippe
2335 1419 2417 1464 est
2433 1411 2607 1479 ipsum
2633 1411 2684 1464 in
2708 1411 2866 1465 Patre
2888 1427 3036 1480 spem
3057 1412 3341 1478 habuisse;
3359 1421 3521 1482 atque

1961 1499 2013 1553 id
2069 1501 2145 1554 ait
2180 1510 2446 1570 quatenus
2498 1503 2702 1567 homo;
2736 1505 2862 1572 quia
2911 1505 3086 1559 solum
3135 1504 3412 1558 Christum
3453 1519 3520 1558 ex

1959 1589 2126 1644 Maria
2153 1590 2296 1645 Deus
2333 1593 2592 1655 extraxit,
2613 1597 2825 1650 caeteris
2849 1595 3165 1650 hominibus
3200 1611 3304 1650 non
3345 1606 3520 1649 extra-

1961 1680 2064 1733 ctis
2095 1681 2186 1734 sed
2210 1683 2444 1751 egressis
2472 1701 2484 1737 :
2522 1682 2668 1738 Exiit
2697 1687 2902 1756 quippe,
2938 1687 3034 1754 ait,
3063 1686 3228 1755 Esau,
3256 1688 3341 1740 cui
3369 1687 3521 1756 pellis

293 1789 417 1833 νων,
440 1773 555 1826 ἀλλ’
573 1746 965 1845 ἐξεργομένων.
1008 1746 1256 1845 Ἐεῆλάε
1278 1777 1406 1848 γὰρ,
1430 1779 1612 1850 φησὶν,
1647 1746 1854 1845 Ἡσαῦ,
1889 1746 1933 1806 Β
1961 1771 2128 1840 Pilosa
2149 1771 2215 1826 "-

289 1857 340 1928 ᾧ
375 1867 408 1931 ἡ
445 1865 588 1933 δορὰ
614 1866 826 1932 δασύς.

357 1954 489 2007 Ἐπί
507 1954 581 2007 σὲ
591 1956 990 2025 ἐπερἅηνέκ
999 1958 1226 2027 μήτρας
1241 1958 1645 2028 ἁπόταστρὸς,
1664 1977 1718 2014 κ.
1741 1977 1790 2014 τ.
1809 1960 1857 2012 λ.

295 2043 527 2115 Εὖχεται
575 2047 735 2100 πάλιν
765 2048 841 2111 ὡς
885 2050 948 2102 ὲκ
983 2051 1268 2121 προσώπου
1301 2051 1399 2120 τῆς
1425 2051 1860 2124 ἀνθρωπότητος.

295 2137 401 2188 Καὶ
430 2137 539 2208 γὰρ
571 2141 598 2191 6
637 2139 744 2192 τῶν
779 2140 1030 2212 μαθητῶν
1079 2143 1238 2195 αὑτὸν
1289 2143 1637 2196 καταλέλοιπε
1685 2143 1861 2214 χορός,

294 2221 426 2279 Εἶτα
453 2226 707 2298 προλέγει
739 2229 808 2282 τὰ
840 2231 937 2300 τῆς
963 2230 1190 2299 θλίψεως
1215 2232 1350 2302 εῐδη.

361 2316 860 2384 Περιεκύκλωσὰν
872 2335 948 2387 με
959 2321 1179 2391 μόσχοι
1194 2322 1430 2378 πολλοι.
1453 2322 1572 2380 Τῶν
1601 2323 1864 2380 Ἰουδαίων

292 2407 417 2470 τοὺς
446 2409 714 2479 ἄρχοντάς
741 2427 925 2480 φησιν.

369 2499 529 2552 Ὠς-εὶ
559 2500 715 2569 ὓδωρ
740 2503 1050 2572 ἐξεχύθην,
1085 2505 1183 2557 καὶ
1210 2504 1640 2576 διεσκορπίσση
1671 2522 1868 2562 παντα

295 2589 370 2644 τὰ
392 2589 545 2644 ὀστᾶ
566 2607 704 2658 μου.
752 2593 913 2644 Ὀστᾶ
941 2593 1104 2645 αὐτοῦ
1131 2612 1261 2664 φησι
1290 2598 1412 2659 τοὺς
1441 2597 1624 2664 ἁγίους
1665 2616 1870 2668 μυστα-

295 2679 504 2749 γωγούς
528 2697 542 2710 ⁸
596 2685 645 2734 εί
684 2681 791 2754 γὰρ
819 2684 974 2755 σῶμα
994 2686 1156 2739 αὑτοῦ
1190 2689 1217 2757 ἡ
1269 2688 1594 2757 Ἐκκλησία,
1646 2691 1869 2754 εἰκότως

295 2776 388 2827 καὶ
408 2777 457 2828 οἱ
489 2777 802 2846 συνέχοντες
831 2779 999 2849 αὐτὴν
1035 2781 1273 2851 νοηθεῖεν
1305 2781 1370 2834 ἂν
1397 2784 1547 2837 ὀστᾶ.
1602 2783 1868 2836 Ἠκούσα-

301 2883 399 2937 μεν
422 2867 478 2920 δὲ
500 2869 592 2921 τοῦ
618 2870 1021 2938 εὐαγγελιστοῦ,
1046 2873 1140 2935 ὼς,
1171 2872 1561 2944 συλληφθέντας
1583 2875 1744 2928 αὑτοῦ
1767 2893 1869 2928 πα·

297 2958 369 3030 ρὰ
396 2958 495 3028 τῆς
519 2961 740 3031 σπείρας
770 2962 876 3014 τῶν
909 2963 1274 3034 στρατιωτῶν,
1299 2965 1786 3037 διεσκορπίσθησαν
1817 2969 1868 3020 οί

2034 1948 2119 2003 Η.
2153 1947 2218 2002 In
2262 1959 2308 2004 te
2337 1950 2595 2018 projectus
2633 1967 2746 2004 sum
2776 1966 2840 2004 ea:
2879 1962 3023 2004 utero
3067 1951 3129 2004 de
3171 1959 3360 2014 ventre,
3411 1958 3516 2003 etc.

1963 2038 2223 2094 Precatur
2246 2057 2464 2096 rursum
2495 2057 2591 2096 ceu
2625 2058 2690 2095 ex
2717 2057 2948 2110 persona
2980 2041 3350 2095 humanitatis.
3384 2038 3520 2094 Nam

1964 2133 2167 2187 chorus
2192 2133 2583 2202 discipulorum
2611 2134 2786 2202 ipsum
2809 2133 3142 2190 deseruerat.
3161 2132 3367 2187 Exinde
3390 2147 3526 2203 prae-

1964 2225 2097 2278 dicit
2126 2223 2324 2278 futura:
2353 2225 2683 2280 calamitatis
2707 2226 2939 2296 species.

2037 2317 2122 2372 15.
2176 2315 2639 2372 Circumdederunt
2688 2335 2767 2371 me
2803 2319 2955 2371 vituli
2991 2318 3161 2372 multi.
3213 2313 3525 2372 Judazorum

1965 2409 2240 2478 principes
2271 2410 2365 2462 ait.

2041 2498 2125 2552 15.
2159 2498 2304 2552 Sicut
2331 2514 2466 2559 aqua
2491 2498 2688 2564 eﬁusus
2716 2512 2853 2559 sum,
2873 2504 2922 2547 et
2945 2494 3178 2563 dispersa
3209 2503 3330 2547 sunt
3352 2494 3528 2546 omnia

1967 2607 2086 2644 ossa
2111 2607 2244 2644 mea.
2263 2589 2398 2643 Ossa
2431 2590 2548 2657 ejus
2579 2597 2736 2642 vocat
2761 2596 2980 2642 sanctos
3009 2587 3386 2658 mysteriorum
3411 2586 3528 2654 ejus

1969 2683 2290 2736 initiatores.
2351 2680 2406 2735 Si
2457 2696 2692 2750 namque
2723 2695 2921 2748 corpus
2976 2678 3095 2748 ejus
3145 2677 3384 2732 Ecclesia
3421 2687 3526 2742 est,

1963 2773 2087 2842 jure
2128 2774 2219 2842 qui
2254 2773 2630 2827 administrant
2667 2772 2812 2824 illam
2856 2786 2981 2825 ossa
3029 2770 3388 2838 appellentur.
3424 2769 3530 2821 Au-

1973 2865 2210 2918 divimus
2252 2875 2429 2918 autem
2470 2864 2856 2933 evangelistam
2889 2871 3220 2926 narrantem,
3261 2861 3404 2930 qttod
3437 2859 3527 2914 ubi

1972 2971 2000 3009 a
2027 2957 2250 3010 cohorte
2274 2956 2504 3009 militum
2537 2963 2726 3023 captus
2777 2951 2990 3018 fuisset,
3039 2952 3270 3021 dispersi
3329 2950 3532 3004 fuerint

300 3049 556 3119 μαθηταί.
614 3053 723 3105 Καὶ
756 3052 955 3115 ἄλλως·
995 3055 1075 3107 Τὰ
1103 3056 1234 3108 ὀστᾶ
1260 3057 1358 3126 τῆς
1388 3057 1598 3126 σοφίας,
1634 3058 1702 3110 τὰ
1736 3059 1866 3126 ἆγια

1976 3048 2243 3116 discipuli.
2296 3047 2416 3101 Alio
2469 3047 2664 3099 modo:
2701 3043 2991 3114 Sapientia:
3043 3058 3166 3097 ossa
3203 3051 3332 3097 sunt
3375 3057 3528 3096 sacra

297 3141 542 3211 δόγματα
586 3143 683 3212 τῆς
727 3144 1048 3216 Ἐκκλησίας
1081 3147 1226 3198 ἐστὶν
1251 3187 1265 3210 ,
1300 3145 1443 3216 ἅπερ
1477 3150 1532 3200 ἐν
1560 3147 1636 3218 τῷ
1680 3149 1870 3218 Πάσχα

301 3231 372 3302 μὴ
393 3234 640 3304 συντρίῦε
650 3252 694 3286 ιν
715 3238 825 3298 τοῖς
853 3237 1127 3300 Ἰουδαίοις
1146 3238 1582 3308 νενομοθέτηται·
1619 3238 1872 3293 Ὀστοῦν

297 3325 403 3396 γὰρ
427 3325 634 3390 αὐτοῦ,
667 3329 848 3398 φησιν,
902 3331 974 3381 οὺ
999 3329 1443 3396 συντριϐήσετε.
1512 3330 1790 3399 Ἐγενήθη
1829 3333 1869 3400 ἡ

299 3417 509 3484 καρδία
546 3436 665 3486 μου
710 3419 852 3472 ὡσεὶ
893 3419 1077 3487 κηρὸς
1107 3423 1451 3490 τηκόμενος.
1513 3421 1668 3474 ’Ἰδιον
1697 3421 1870 3492 λύπης

297 3508 356 3562 τὸ
382 3510 701 3579 εἰρημένονο
735 3511 1042 3580 γέγραπται
1077 3513 1185 3583 γάρ
1209 3529 1221 3541 ·
1269 3513 1523 3580 Ἠρξατο
1551 3512 1871 3567 λυπεῖσθαι

300 3599 392 3651 καὶ
421 3598 764 3666 ἀδημονεῖν.
809 3599 1086 3652 Ἐλυπεῖτο
1116 3599 1170 3651 δὲ
1205 3598 1345 3669 ὑπέρ
1385 3616 1443 3650 τε
1472 3598 1564 3650 τοῦ
1611 3597 1870 3650 Ἰουδαίων

301 3688 482 3752 ἔθνους
517 3691 612 3743 καὶ
652 3689 744 3742 τοῦ
787 3691 1044 3760 προδότου
1066 3731 1080 3756 ,
1107 3691 1189 3743 ὅτι
1223 3690 1286 3760 δὴ
1317 3689 1558 3760 ἀπωλείᾳ
1587 3689 1869 3760 παρελαμη

302 3774 523 3828 ϐάνοντο
547 3777 634 3831 διὰ
661 3779 759 3848 τὴν
784 3781 864 3842 εἰς
894 3780 1052 3832 αὑτὸν
1085 3777 1359 3832 ὰσέῦειαν.

370 3866 391 3940 [
411 3869 518 3921 Καὶ
546 3867 973 3937 διεσκορπίσθη
1003 3869 1198 3923 πάντα
1213 3869 1280 3922 τὰ
1296 3867 1447 3921 ὀστᾶ
1460 3886 1598 3937 μου.
1633 3869 1872 3922 Εσκέδα-

304 3973 444 4021 σται,
463 3958 730 4028 φησὶ,κα“ι
750 3958 1129 4030 διεσκορπίσθη
1158 3957 1224 4011 τὰ
1263 3957 1399 4020 τέως
1438 3959 1493 4009 ὲν
1524 3957 1694 4010 ὀστῶν
1723 3958 1871 4024 τάξει

301 4047 394 4118 τὴν
446 4048 670 4116 περὶτὸν
730 4048 1044 4102 διδάσκαλον
1097 4049 1518 4119 συμπληροῦντα
1589 4048 1869 4113 σύνταξιν⁸

303 4141 526 4209 ἀφέντες
570 4140 679 4212 γὰρ
720 4142 881 4194 αὑτὸν
939 4143 988 4195 οἱ
1048 4141 1286 4212 μαθηταὶ
1335 4140 1575 4209 ἔφυγον,
1622 4139 1683 4193 τὸ
1734 4141 1874 4195 κατὰ

302 4231 476 4283 πεδίον
505 4231 796 4300 ἀφιέμενον
825 4230 965 4302 ὕδωρ
999 4228 1421 4300 μιμησάμενοι.]

383 4319 711 4388 Ἑξηράνθη
751 4321 831 4385 ὡς
880 4319 1174 4386 ὄστρακον
1205 4320 1242 4387 ἡ
1286 4317 1464 4386 ἰσχύς
1491 4335 1644 4386 μου,
1697 4317 1796 4370 καὶ
1833 4317 1872 4386 ἡ

1975 3139 2228 3193 Ecclesiae
2254 3139 2528 3208 dogmata,
2578 3151 2699 3205 quae
2743 3135 2795 3188 in
2844 3134 3109 3188 Paschate
3159 3149 3266 3187 non
3302 3135 3530 3187 eorumi-

1974 3246 2139 3284 nuere
2179 3229 2380 3283 Judaeis
2420 3228 2532 3296 lege
2567 3239 2787 3280 cautum
2838 3234 2938 3280 est.
2969 3225 3059 3278 Ait
3099 3225 3282 3278 enim:
3317 3223 3389 3278 0s
3431 3239 3532 3276 non

1970 3321 2337 3374 eomminuetis
2364 3333 2426 3372 ea:
2457 3335 2514 3371 eo
2532 3317 2596 3369 “.
2622 3315 2847 3369 Factum
2873 3325 2948 3369 est
2974 3331 3064 3367 cor
3087 3331 3256 3367 meum
3284 3324 3533 3383 tanquam

1974 3426 2094 3462 cera
2117 3408 2426 3478 liquescens.
2457 3405 2746 3475 Proprium
2775 3405 2978 3458 doloris
3003 3413 3086 3458 est
3119 3403 3263 3472 quod
3291 3402 3490 3457 dicitur
3516 3420 3532 3468 ;

1973 3502 2232 3570 scriptum
2265 3501 2407 3554 enim
2437 3508 2520 3553 est
2547 3499 2589 3530 ³³
2612 3514 2625 3549 :
2647 3497 2809 3567 Carpit
2837 3513 3020 3568 pavere
3048 3505 3098 3549 et
3141 3495 3346 3550 taedere.
3377 3495 3534 3559 Indo-

1971 3593 2072 3647 luit
2132 3602 2309 3646 autem
2373 3591 2624 3646 Christus
2675 3590 2741 3645 dc
2792 3589 3098 3644 Judaeorum
3142 3598 3194 3643 et
3246 3587 3535 3658 proditoris

1971 3687 2250 3755 pernicie,
2321 3686 2389 3739 ob
2444 3685 2684 3752 ipsorum
2746 3684 2800 3736 in
2863 3682 3138 3736 Christum
3206 3681 3532 3750 impietatem

1971 3778 2138 3830 illata.

2045 3867 2140 3938 [Et
2181 3867 2418 3936 dispersa
2450 3877 2570 3920 sunt
2601 3866 2774 3920 omnia
2799 3882 2917 3918 ossa
2965 3881 3097 3917 mea.
3136 3862 3427 3930 Dissipata,
3459 3861 3538 3913 in-

1973 3961 2111 4030 quit,
2142 3967 2193 4013 et
2219 3961 2462 4029 dispersa
2485 3968 2632 4023 sunt,
2660 3974 2780 4026 quae
2808 3957 2947 4025 apud
2980 3955 3297 4023 magistrum
3326 3953 3529 4006 ossium

1973 4066 2175 4105 munus
2203 4059 2256 4106 et
2297 4051 2541 4104 ordinem
2591 4048 2921 4116 implebant:
2955 4047 3139 4100 relicto
3181 4057 3418 4112 namque
3461 4056 3531 4095 eo

1973 4142 2224 4210 discipuli
2267 4141 2519 4211 fugerunt
2545 4139 2611 4204 ³⁸,
2648 4139 2818 4192 instar
2851 4152 3025 4207 aquae,
3061 4150 3182 4205 qua:
3228 4133 3281 4188 in
3316 4131 3538 4202 planitie

1975 4229 2311 4301 ell‘unditur.]

2048 4321 2134 4376 16.
2165 4322 2321 4374 Aruit
2348 4333 2595 4390 tanquam
2626 4327 2758 4372 testa
2783 4319 2945 4371 virtus
2976 4333 3109 4380 mea,
3138 4325 3187 4369 et
3213 4315 3392 4384 lingua
3419 4328 3534 4366 mea

303 4409 554 4479 γλῶσσα
574 4411 930 4476 κεκόλληται
957 4408 1037 4473 τῷ
1061 4408 1312 4477 λάρυγγί
1335 4426 1475 4477 μου.
1508 4407 1767 4476 Σημαίνει
1788 4406 1866 4459 διὰ

1977 4414 2200 4468 adhaesit
2243 4408 2484 4480 faucibus
2533 4412 2679 4464 meis.
2718 4408 2812 4463 His
2855 4409 2998 4464 sitim
3033 4406 3302 4474 signiﬁcat
3330 4419 3434 4473 qua
3481 4403 3533 4455 in

301 4502 503 4554 τούτων
544 4500 640 4569 τὴν
674 4499 766 4552 ἐπὶ
807 4499 884 4570 τῷ
933 4499 1100 4570 τιμίῳ
1135 4499 1348 4570 σταυρῷ
1398 4498 1680 4568 συμϐᾶσαν
1727 4497 1872 4568 αὐτῷ

301 4594 496 4664 δίψαν,
553 4594 640 4646 ὅτε
688 4593 782 4646 καὶ
821 4594 1098 4664 αἰτήσαντι
1133 4595 1309 4657 πιεῖν,
1344 4593 1460 4656 δξος
1497 4594 1872 4663 προσήνεγκαν

303 4686 450 4756 αὐτῷ
483 4685 620 4756 μετὰ
667 4684 848 4754 χολῆς.
907 4683 1037 4755 [Διὸ
1069 4684 1238 4753 λέγει·
1274 4685 1380 4738 Kal
1414 4687 1450 4750 ἡ
1481 4682 1731 4753 γλῶσσά
1753 4703 1872 4752 μου

306 4778 666 4844 κεκόλληται
695 4775 773 4840 τῷ
794 4776 1046 4844 λάρυγγί
1072 4775 1237 4847 μου.]
1274 4775 1379 4829 Kal
1411 4778 1497 4840 εὶς
1517 4774 1668 4842 χοῦν
1697 4775 1873 4830 θανά-

307 4885 411 4922 του
445 4866 776 4936 κατήγαγές
801 4885 896 4935 με.
968 4868 1162 4938 Χάριτι
1195 4866 1299 4938 γὰρ
1337 4865 1470 4918 Θεοῦ
1504 4867 1640 4936 ὑπὲρ
1675 4867 1874 4930 παντὸς

308 4958 569 5025 ἐγεύσατο
593 4957 843 5010 θανάτου.
879 4957 952 5009 Οὐ
979 4955 1085 5028 γὰρ
1111 4957 1187 5018 είς
1219 4955 1473 5016 θάνατον,
1511 4953 1622 5005 ἀλλ’
1644 4956 1722 5015 εἰς
1747 4952 1874 5022 χοῦν

310 5047 537 5102 θανάτου
578 5047 827 5117 κατήχθη
855 5049 882 5100 6
914 5047 1172 5118 Χριστός·
1216 5047 1314 5098 οὐκ
1344 5043 1732 5114 ἐγκατελείφθη
1767 5043 1873 5115 γὰρ

310 5141 342 5212 ἡ
372 5140 517 5210 ψυχὴ
539 5139 703 5194 αὑτοῦ
729 5141 807 5200 εἰς
830 5140 920 5192 τὸν
950 5139 1101 5212 ᾅδην,
1131 5137 1250 5191 οὐδὲ
1283 5135 1417 5207 σὰρξ
1436 5135 1600 5188 αὐτοῦ
1631 5129 1735 5187 εἶδε
1762 5135 1876 5187 δια-

311 5234 532 5306 φθοράν.

380 5325 506 5380 Ὀτι
536 5323 896 5380 ἐκύκλωσὼρ
934 5341 1009 5393 με
1048 5324 1226 5388 κύνες
1253 5320 1487 5375 πολλοί.
1547 5318 1714 5372 Πάλιν
1755 5323 1879 5382 τοὺς

314 5414 568 5486 ἄρχοντας
601 5415 882 5488 σημαίνει.
921 5415 1179 5481 Ὠρυξαν
1201 5410 1400 5481 χεῖράς
1420 5427 1537 5478 μου
1569 5409 1665 5462 καὶ
1691 5407 1880 5474 πόδας

312 5524 437 5574 μου.
468 5505 565 5560 Διὰ
586 5505 716 5569 τοὺς
755 5505 814 5556 ὲν
841 5503 1058 5574 σταυρῷ
1080 5502 1240 5574 ἥλους
1273 5501 1455 5571 φησίν.

1979 4519 2140 4559 cruce
2180 4503 2464 4568 laboravit,
2518 4517 2639 4556 cum
2688 4499 2896 4568 roganti
2930 4507 3108 4566 putum
3162 4505 3372 4548 acetum
3410 4508 3532 4547 cum

1977 4597 2099 4650 felle
2129 4595 2458 4649 obtulerunt.
2499 4591 2886 4663 [Quamobrem
2919 4589 3078 4643 dicit:
3112 4588 3175 4641 Et
3210 4588 3390 4657 lingua
3421 4602 3535 4640 mea

1979 4687 2196 4740 adluesit
2233 4684 2471 4755 faucibus
2501 4681 2674 4753 meis.]
2704 4680 2770 4733 Et
2804 4682 2859 4733 in
2880 4681 3138 4747 pulverem
3169 4679 3350 4730 mortis
3373 4676 3537 4729 dedu-

1977 4779 2105 4833 xisti
2136 4793 2234 4831 me.
2271 4774 2404 4829 Nam
2435 4774 2528 4828 Dei
2561 4773 2731 4843 gratia
2763 4786 2861 4840 pro
2911 4770 3164 4824 universo
3195 4768 3396 4822 mundo
3438 4783 3538 4836 gu-

1979 4871 2144 4926 stavit
2177 4878 2422 4923 mortem.
2459 4864 2577 4918 Non
2604 4863 2747 4918 enim
2780 4861 2836 4914 in
2864 4872 3111 4924 mortem,
3151 4860 3244 4914 sed
3275 4859 3328 4912 in
3358 4858 3540 4927 pulve-

1979 4978 2091 5016 rem
2155 4960 2346 5014 mortis
2397 4958 2661 5013 deductus
2710 4962 2795 5008 est
2849 4953 3136 5007 Christus:
3194 4963 3534 5020 nequaquam

1977 5054 2118 5108 enim
2141 5052 2395 5107 derelicta
2422 5058 2504 5102 est
2523 5049 2700 5101 anima
2726 5045 2844 5114 ejus
2873 5043 2930 5098 in
2959 5043 3192 5106 inferno,
3220 5054 3390 5110 neque
3407 5053 3534 5092 caro

1981 5147 2100 5215 ejus
2131 5143 2261 5198 vidit
2293 5139 2690 5210 corruptionem
2707 5135 2772 5188 ⁸⁷.

2053 5306 2138 5360 Π.
2204 5303 2466 5368 Quoniam
2523 5299 2972 5354 circumdederunt
3024 5312 3103 5350 me
3153 5308 3304 5346 canes
3360 5289 3531 5344 multi.

1983 5398 2216 5452 Rursum
2252 5396 2524 5465 principes
2552 5393 2840 5463 signiticet.
2880 5390 3148 5443 Foderunt
3176 5400 3363 5436 manus
3392 5399 3532 5437 meas

1985 5499 2034 5544 et
2059 5487 2210 5557 pedes
2247 5502 2406 5538 meos.
2451 5483 2525 5538 De
2559 5481 2804 5537 crucilixi
2833 5479 2999 5534 clavis
3026 5476 3096 5528 ita
3132 5472 3389 5542 loquitur.

381 5638 418 5668 ⁸¹
443 5638 599 5692 Marc.
638 5653 728 5699 xv,
758 5637 850 5690 50.
928 5635 972 5667 ³²
999 5635 1170 5690 Galat.
1191 5635 1331 5702 n31.
1409 5635 1451 5666 ³³
1475 5635 1608 5690 Gen.
1642 5650 1767 5703 xxv,
1801 5633 1866 5688 23

1976 5632 2013 5664 ³³
2045 5626 2213 5682 Exod.
2250 5641 2346 5690 xu,
2376 5622 2464 5677 46.
2542 5622 2585 5660 ⁸³
2613 5619 2776 5674 Marc.
2810 5629 2920 5682 xiv,
2951 5612 3041 5667 55.
3103 5611 3147 5642 ³⁸
3171 5606 3357 5664 Matth.
3383 5622 3554 5677 xxvr,‘

321 5706 398 5762 56.
491 5711 529 5740 ³⁷
564 5708 710 5762 Ρςιιι.
748 5722 838 5767 Μ’.
895 5705 981 5762 lo.
