3944 6220
290 291 393 348 155

235 548 241 554 .
288 501 499 558 scilicet
544 509 716 554 totum
768 514 966 568 corpus
1015 499 1207 568 ipsius,
1256 507 1309 551 et
1356 497 1672 552 emetientes
1722 512 1846 551 ossa

290 590 505 658 singula
525 598 582 644 ut
612 589 957 658 explorarent
987 587 1077 640 ubi
1108 588 1333 657 tigerent
1361 586 1563 640 clavos.
1596 585 1709 654 Ipsi
1731 603 1848 640 vero

288 681 746 735 consideraverunt
782 689 830 734 et
877 681 1214 748 inspexerunt
1263 695 1362 733 me.
1414 681 1470 734 ld
1511 688 1616 743 est,
1666 679 1850 732 irrise-

287 780 436 826 runt.
477 773 535 826 id
568 781 747 826 autem
782 773 858 825 ait
905 773 975 825 ob
1005 771 1344 842 chlamydem
1374 772 1706 835 coccineam,
1733 771 1847 842 spi-

289 876 447 916 neam
475 877 754 929 coronam,
783 872 836 917 et
867 863 1135 918 calamum
1163 877 1264 932 pro
1295 871 1510 932 sceptro
1531 862 1742 916 datum.

358 1032 446 1088 19.
504 1032 803 1087 Diviserunt
847 1034 948 1088 sibi
1001 1035 1306 1087 vestimenta
1362 1049 1496 1089 mea.
1556 1032 1745 1088 lsthasc
1793 1033 1846 1088 in

286 1122 592 1194 Evangeliis
621 1124 902 1196 perspicue
935 1126 1199 1195 explicata
1233 1135 1379 1180 sunt.

355 1217 444 1271 20.
496 1215 572 1270 Tu
603 1227 796 1281 autem,
838 1215 1080 1282 Domine,
1128 1234 1190 1272 ne
1221 1217 1538 1288 elongaveris
1587 1217 1849 1272 auxilium

291 1321 440 1367 tuum
471 1330 504 1367 a
544 1330 643 1370 me.
678 1312 796 1367 Jam
847 1314 901 1368 in
944 1329 1132 1384 preces
1179 1330 1482 1369 sermonem
1529 1324 1846 1370 commutat.

292 1401 410 1474 [Te,
445 1404 640 1474 inquit,
687 1404 984 1473 opitulante
1034 1413 1087 1460 el
1130 1406 1524 1476 patrocinante,
1560 1422 1684 1461 cum
1727 1417 1849 1476 post

291 1496 530 1550 triduum
565 1511 936 1564 resurrexero,
966 1513 1136 1552 vanas
1165 1498 1383 1552 illorum
1412 1498 1635 1552 insidias
1663 1508 1847 1552 osten-

285 1587 458 1659 dam.]
491 1586 914 1658 Exemplumque
951 1589 1106 1642 nobis
1128 1597 1232 1650 est,
1263 1604 1372 1659 quo
1412 1598 1568 1658 pacto
1595 1597 1848 1658 oporteat

285 1677 342 1731 in
379 1679 764 1734 tentationibus
794 1678 962 1734 Deum
995 1680 1266 1746 invocare,
1302 1695 1401 1734 nec
1426 1679 1479 1733 in
1510 1695 1765 1750 angorem
1793 1689 1846 1734 et

1128 289 1183 343 S.
1217 286 1584 340 ATHANASII
1616 285 1763 341 OPP.
1802 282 1984 338 PARS
2019 281 2106 336 Ill.
2149 311 2216 322 ——
2253 279 2663 336 EXEGETICA.

361 407 446 461 18.
486 406 955 460 Dtnumeraverunt
977 407 1154 460 omnia
1176 422 1295 459 ossa
1319 422 1455 460 mea.
1483 407 1844 460 Attrectantes
1875 409 1919 463 A

3405 277 3507 332 156

2032 399 2467 467 Ἐξηρίθμησαν
2493 395 2688 450 πάντα
2709 394 2780 449 τὰ
2801 393 2951 449 ὀστᾶ
2972 411 3110 463 μου.
3139 391 3506 462 Ψηλαφῶντες

1947 491 2086 546 κατὰ
2106 491 2166 543 τὸ
2189 490 2334 553 είκός
2360 489 2505 542 ἅπαν
2530 486 2694 542 αὐτοῦ
2723 487 2784 540 τὸ
2817 485 2995 556 σῶμα,
3023 485 3116 538 καὶ
3146 482 3500 553 ἀναμετροῦν-

1943 600 2036 645 τες
2066 583 2292 636 ἕκαστον
2315 579 2420 632 τῶν
2452 580 2671 642 ὀστέων,
2706 579 2791 631 ἵνα
2818 577 2974 630 ἴδοιεν
2996 570 3056 630 οὗ
3079 576 3204 637 τοὺς
3229 575 3389 643 ἥλους
3413 574 3499 643 πῆ·

1948 673 2033 737 ξαι
2073 675 2195 745 χρή.
2257 672 2434 726 Αὐτοὶ
2477 670 2544 723 δὲ
2580 673 2956 734 κατενόησαν
2999 668 3096 720 καὶ
3133 664 3372 719 ἐπεῖδον
3410 679 3507 733 με.

1959 765 2103 816 Ἀντὶ
2128 763 2243 827 τοῦ,
2276 762 2626 830 ἐπεγέλασαν.
2684 761 2868 815 Ταῦτα
2899 759 2957 814 δέ
2985 775 3116 833 φησι
3147 757 3233 810 διὰ
3259 755 3353 826 τὴν
3387 772 3510 808 κοκο

1947 857 2101 926 κίνην
2123 855 2368 926 χλαμύδα
2389 854 2482 907 καὶ
2511 854 2600 908 τὸν
2627 852 2686 919 ἐξ
2713 853 2961 907 ἀκανθῶν
2989 850 3246 920 στέφανον
3267 888 3281 909 ,
3306 848 3399 900 καὶ
3421 847 3510 900 τὸν

1947 949 2067 1001 ἀντὶ
2101 948 2378 1019 σκήπτρου
2409 947 2672 1017 κάλαμον.

2019 1041 2428 1109 Διεμερίσαντο
2452 1039 2524 1092 τὰ
2545 1036 2742 1106 ἱμάτιά
2763 1054 2881 1106 μου
2899 1033 3149 1099 ἑαυτοῖς.
3179 1029 3371 1099 Σαφῶς
3390 1028 3500 1082 ταῦ

1946 1148 2015 1186 τα
2043 1133 2098 1184 ἐν
2124 1134 2234 1194 τοῖς
2265 1129 2609 1199 Εὑαγγελίοις
2636 1129 2869 1200 ἐγράφη.

2015 1222 2099 1276 Σὺ
2137 1221 2223 1285 δὲ,
2259 1221 2431 1288 Κύριε
2450 1260 2464 1285 ,
2488 1219 2574 1289 μὴ
2600 1219 2909 1289 μακρύνῃς
2930 1216 3043 1284 τὴν
3064 1212 3351 1282 ,βοήθειάν
3395 1227 3512 1266 σου

1947 1311 2048 1366 ἀπ’
2077 1309 2241 1380 ἐμοῦ.
2307 1308 2607 1378 Μεθίστησι
2659 1309 2786 1370 τοὺς
2829 1307 3017 1374 λόγους
3061 1307 3141 1368 είς
3184 1301 3510 1374 προσευχήν.

1950 1401 2094 1473 [Σοῦ,
2134 1401 2294 1471 φησὶ,
2326 1400 2643 1470 βοηθοῦντος
2679 1400 2770 1452 καὶ
2800 1396 3323 1468 ἀντιλαμϐανομένου
3344 1433 3358 1458 ,
3392 1410 3513 1466 τρι-

1945 1496 2095 1556 ταῖος
2125 1492 2388 1555 ἀναστὰς,
2441 1491 2670 1562 ματαίαν
2716 1490 2892 1544 αὐτῶν
2924 1490 3023 1560 τὴν
3053 1487 3340 1559 ἐπιϐουλὴν
3381 1488 3511 1540 ἀπο-

1946 1583 2159 1655 δείξω.]
2205 1583 2579 1646 Ὑποτύπωσις
2609 1584 2738 1652 ἡμῖν
2775 1581 3085 1650 γενόμενος,
3111 1579 3186 1642 ὡς
3214 1577 3293 1630 δεῖ
3317 1579 3372 1628 ἐν
3399 1579 3512 1641 τοῖς

1951 1677 2271 1746 πειρασμοῖς
2304 1672 2676 1727 ἐπικαλεῖσθαι
2701 1671 2862 1733 Θεὸν,
2898 1671 2990 1724 καὶ
3041 1671 3116 1741 μὴ
3148 1668 3513 1722 καταπίπτειν

285 1769 500 1825 consilii
537 1771 773 1842 inopiam
800 1773 1071 1840 decidere,
1108 1791 1283 1846 neque
1336 1775 1512 1843 frangi
1565 1774 1843 1828 calamita—

1957 1769 2027 1829 εἰς
2055 1767 2298 1839 άκηδίαν,
2326 1766 2458 1838 μηδέ
2484 1764 2767 1818 ἐκλύεσθαι
2791 1764 2894 1816 ὑπὸ
2924 1762 3033 1816 τῶν
3066 1761 3315 1831 θλίψεων.

288 1859 456 1914 tibus.

351 1950 442 2004 21.
477 1950 618 2008 Erue
637 1970 668 2007 a
689 1954 916 2022 framea,
947 1955 1110 2022 Deus,
1138 1959 1371 2011 animam
1403 1974 1588 2011 meam.
1614 1955 1709 2012 His
1739 1973 1849 2010 ma-

282 2042 455 2098 litiam
495 2053 549 2101 et
600 2047 870 2102 insaniam
915 2047 1224 2104 Judaeorum
1265 2050 1556 2120 significat,
1594 2065 1689 2120 per
1738 2049 1847 2104 fra-

281 2151 460 2192 meam
511 2139 740 2202 scilicet,
795 2156 1017 2194 manum
1061 2143 1236 2207 canis,
1289 2157 1351 2197 os
1399 2143 1595 2208 leonis,
1641 2156 1848 2198 cornua

281 2229 647 2293 unicornium.
686 2229 754 2284 Et
779 2232 841 2285 de
880 2249 1038 2287 manu
1083 2235 1232 2287 canis
1280 2235 1491 2288 unicam
1516 2250 1704 2288 meam.
1735 2233 1849 2287 Ma-

282 2331 415 2371 num
437 2331 500 2372 ea
523 2329 810 2390 vocatqua:
827 2337 924 2390 per
950 2323 1096 2377 hunc
1113 2339 1302 2390 canem
1327 2332 1476 2394 gesta
1495 2331 1650 2377 sunt:
1669 2323 1846 2392 ipsum

282 2415 464 2463 autem
513 2424 702 2464 canem
753 2412 1006 2480 appellat.
1062 2412 1186 2466 Non
1232 2415 1398 2478 enim,
1457 2413 1713 2484 inquit",
1755 2415 1847 2466 bo-

281 2515 407 2555 num
437 2509 514 2555 est
545 2502 774 2571 accipere
818 2519 1004 2570 panem
1064 2505 1320 2573 ﬁliorum,
1357 2514 1408 2558 et
1451 2505 1705 2576 projicere
1757 2522 1848 2560 ca-

281 2591 444 2646 tellis.

354 2681 614 2754 [Framea
677 2699 807 2740 vero
861 2684 1026 2741 fuerit
1090 2687 1384 2752 diabolus,
1447 2688 1544 2758 qui
1608 2702 1847 2758 pungere

281 2782 335 2828 et
404 2773 694 2828 confodere
757 2790 972 2845 semper
1045 2787 1295 2833 conatur.
1364 2778 1588 2832 Unicum
1664 2787 1844 2833 autem

282 2873 440 2919 vocat
472 2865 708 2919 animam
762 2881 940 2931 suam,
993 2869 1122 2938 quia
1177 2871 1294 2924 sola
1352 2869 1540 2925 relicta
1596 2869 1741 2934 fuit,
1795 2879 1863 2930 et.

282 2955 353 3010 ab
416 2957 538 3010 aliis
591 2958 877 3013 animabus
935 2970 1256 3031 segregata:
1317 2961 1584 3017 universa:
1648 2963 1848 3033 quippe

2030 1953 2236 2008 Ῥῦσαι
2264 1951 2381 2006 ἀπὸ
2401 1951 2699 2020 ῥομφαίας
2725 1950 2838 2019 τὴν
2865 1951 3075 2020 ψυχήν
3091 1970 3230 2023 μου.
3279 1951 3390 2021 Τὴν
3411 1967 3513 2003 κα-

1948 2047 2072 2100 κίαν
2095 2044 2203 2098 τῶν
2243 2043 2510 2097 Ἰουδαίων
2533 2046 2628 2097 καὶ
2648 2044 2743 2114 τὴν
2767 2043 2948 2096 ἄνοιαν
2975 2043 3063 2098 διὰ
3089 2042 3292 2098 τούτων
3313 2043 3514 2113 σημαί-

1948 2155 2028 2191 νει
2067 2137 2154 2191 διὰ
2199 2135 2466 2208 ῥομφαίας
2508 2135 2600 2188 καὶ
2647 2136 2828 2206 χειρὸς
2859 2136 3015 2199 κυνὸς
3044 2135 3139 2189 καὶ
3165 2135 3375 2200 λέοντος
3419 2137 3514 2188 καὶ

1947 2231 2188 2300 κεράτων
2218 2226 2617 2300 μονοκερώτων.
2676 2227 2785 2281 Καὶ
2815 2227 2883 2280 ἐκ
2929 2227 3127 2296 χειρὸς
3171 2227 3356 2294 κυνὸς
3399 2227 3513 2294 τὴν

1941 2319 2240 2390 μονογενῆ
2293 2337 2430 2390 μου.
2478 2319 2558 2372 Τὰ
2602 2321 2664 2372 ἐκ
2711 2318 2900 2372 τούτου
2948 2319 3042 2372 τοῦ
3086 2319 3248 2383 κυνὸς
3287 2321 3513 2391 γενόμε-

1947 2430 2013 2466 να
2044 2415 2219 2484 χεῖρα,
2252 2413 2346 2465 καὶ
2373 2411 2533 2466 αὐτὸν
2557 2412 2693 2465 κύνα
2719 2411 3002 2483 ὀνομάζει·
3046 2414 3128 2466 Οὐ
3165 2413 3354 2467 καλὸν
3379 2414 3510 2482 γὰρ,

1949 2504 2131 2572 φησὶν,
2179 2503 2311 2556 ἐστὶ
2360 2503 2566 2557 λαϐεῖν
2599 2504 2705 2557 τὸν
2740 2501 2922 2572 ἄρτον
2967 2503 3086 2558 τῶν
3138 2504 3363 2558 τέκνων
3415 2504 3512 2557 καί

1941 2595 2162 2660 ,ϐαλεῖν
2205 2594 2330 2661 τοῖς
2367 2598 2686 2666 κυναρίοις.

2019 2685 2039 2758 [
2068 2688 2334 2759 Ῥομφαία
2363 2689 2417 2742 δέ
2451 2691 2535 2761 εἴη
2567 2689 2632 2742 ἂν
2687 2689 2781 2742 καὶ
2822 2690 2852 2742 6
2889 2689 3159 2753 διάϐολος,
3195 2691 3281 2742 ἀεὶ
3319 2690 3512 2760 τιτρώ-

1950 2791 2099 2829 σκειν
2161 2777 2469 2848 ἐπιχειρῶν.
2563 2778 2874 2849 Μονογενῆ
2912 2780 2969 2834 δὲ
3016 2780 3162 2849 λέγει
3201 2779 3363 2834 αὑτοῦ
3412 2781 3512 2850 τὴν

1945 2864 2141 2937 ψυχὴν,
2163 2867 2250 2920 διὰ
2270 2868 2329 2920 τὸ
2361 2869 2700 2940 μεμονῶσθαι
2727 2872 2820 2925 καὶ
2844 2871 3170 2943 κεχωρίσθαι
3203 2871 3310 2925 τῶν
3340 2869 3513 2926 ἄλλων

1946 2956 2131 3028 ψυχῶν
2151 2973 2163 2985 ’
2196 2960 2363 3012 πᾶσαι
2427 2960 2524 3030 μὲν
2557 2960 2661 3032 γάρ
2692 2963 2895 3014 ἐκεῖναι
2945 2962 3184 3029 ἔγνωσαν
3217 2961 3510 3033 ἁμαρτίαν,

282 3057 564 3117 peccatum
625 3058 913 3114 noverunt,
970 3051 1062 3105 illa
1110 3067 1236 3107 vero
1297 3053 1566 3109 minime:
1617 3064 1670 3111 et
1719 3058 1843 3124 quia

1957 3049 2135 3119 ἐκείνη
2165 3048 2220 3102 δέ
2244 3049 2302 3102 οὔ
2323 3067 2335 3079 ·
2378 3051 2471 3104 καὶ
2507 3051 2595 3106 διὰ
2624 3053 2684 3105 τὸ
2719 3053 2884 3123 μόνην
2927 3054 3014 3108 ἀεὶ
3047 3053 3140 3106 τοῦ
3173 3054 3304 3107 Θεοῦ
3338 3054 3512 3121 Λόγου

283 3151 496 3208 semper
523 3139 637 3194 sola
669 3156 795 3195 cum
831 3157 997 3196 carne
1047 3144 1338 3213 conjuncta
1370 3161 1494 3201 cum
1528 3146 1637 3202 Deo
1674 3149 1846 3203 Verbo

1957 3140 2143 3193 ἕνωσιν
2175 3140 2315 3211 ἔχειν
2345 3142 2464 3195 καθ’
2505 3143 2795 3197 ὑπόστασιν
2843 3145 2978 3216 μετὰ
3010 3147 3109 3216 τῆς
3142 3145 3355 3217 σαρκός.
3415 3138 3514 3207 Εἷς

281 3234 368 3281 est
415 3229 717 3284 secundum
754 3231 1094 3300 hypostasin.
1134 3232 1284 3289 Unus
1320 3251 1557 3305 namque
1597 3235 1848 3292 Christus

281 3326 460 3372 estex
494 3320 708 3376 duobus
756 3323 1002 3378 adversis
1031 3333 1310 3389 constans,
1363 3327 1636 3396 perfectus
1686 3328 1845 3393 Deus,

283 3410 558 3480 perfectus
587 3413 770 3469 homo.
804 3415 925 3470 Illas
951 3429 1130 3472 autem
1162 3420 1374 3475 animas
1403 3436 1524 3491 quae
1552 3423 1722 3477 multo
1773 3423 1850 3476 in-

282 3504 511 3559 tervallo
534 3505 808 3560 distabant
834 3508 986 3562 adiit.
1013 3506 1177 3563 Forte
1214 3511 1379 3564 etiam
1414 3512 1712 3568 Ecclesiam
1744 3516 1847 3568 sibi

285 3604 554 3650 astantem
596 3605 757 3650 vocat
803 3598 1041 3665 unicam,
1094 3601 1238 3669 quod
1285 3603 1551 3656 maculam
1602 3605 1847 3672 nullam,

283 3686 462 3742 nullas
489 3688 678 3743 sordes
711 3689 923 3752 habeat,
961 3699 1125 3759 atque
1158 3706 1224 3745 ex
1257 3691 1503 3760 profectu
1549 3694 1601 3746 in
1653 3697 1849 3750 melius

283 3779 485 3847 repleta
539 3779 611 3834 sit
665 3780 953 3848 inculpatis
1005 3783 1112 3836 illis
1165 3783 1448 3854 sexaginta
1499 3785 1736 3856 reginis,
1797 3799 1850 3841 et

283 3870 558 3937 octoginta
609 3872 979 3945 concubinis.]

352 3959 444 4014 2'2.
477 3959 636 4014 Salva
664 3977 742 4013 me
765 3977 830 4015 ex
860 3978 948 4015 ore
979 3962 1163 4024 leonis,
1196 3972 1246 4016 et
1284 3980 1316 4016 a
1343 3965 1588 4018 cornibus
1639 3968 1849 4020 unicor—

279 4054 431 4107 nium
470 4053 820 4108 humilitatem
857 4071 1046 4108 meam.
1075 4054 1324 4109 Narrabo
1358 4065 1708 4110 uomentuum
1734 4059 1845 4127 fra-

287 4146 454 4198 tribus
489 4147 635 4211 meis,
668 4147 721 4199 in
753 4148 923 4200 medio
973 4147 1225 4201 Ecclesia:
1276 4149 1504 4201 laudabo
1538 4159 1605 4202 te.
1657 4151 1852 4204 Docuit

285 4236 429 4289 enim
463 4252 561 4290 nos
590 4253 715 4291 eum
750 4240 842 4307 qui
876 4250 1072 4293 natura
1097 4249 1152 4293 et
1183 4256 1306 4294 vere
1334 4239 1476 4294 Deus
1506 4249 1608 4306 est,
1634 4251 1688 4294 et
1715 4257 1849 4296 con-

289 4327 702 4382 substantialem
734 4331 835 4399 ipsi
888 4329 1121 4385 Patrem.
1167 4330 1377 4388 Rursus
1420 4343 1478 4388 ut
1524 4335 1689 4388 homo
1721 4350 1851 4389 con-

287 4419 509 4490 junctus
541 4431 624 4474 est
656 4436 748 4489 per
779 4421 1098 4477 Ecclesiam.

359 4511 448 4565 24.
473 4511 576 4577 Qui
604 4514 796 4566 timetis
820 4513 1120 4581 Dominum,
1144 4516 1358 4570 laudate
1377 4531 1528 4578 eum;
1555 4517 1851 4572 universum

289 4617 459 4657 semen
481 4601 667 4666 Jacob,
691 4603 982 4673 gloriﬁcate
1005 4621 1139 4657 eum.
1182 4605 1626 4676 Quandoquidem
1663 4605 1850 4661 Eccle-

291 4695 373 4751 sia
411 4712 476 4750 ex
507 4698 931 4766 gentibusjuxta
966 4708 1127 4768 atque
1151 4715 1216 4753 ex
1245 4698 1448 4754 lumeis
1478 4707 1712 4762 constat,
1751 4699 1850 4753 hos

293 4795 456 4858 atque
487 4789 607 4844 illos
646 4789 712 4843 ad
761 4791 1019 4860 hymnum
1053 4791 1453 4845 concinendum
1484 4789 1704 4843 excitat.
1741 4789 1850 4844 llos

290 4879 508 4950 quidem
532 4895 561 4934 a
589 4897 789 4950 proavo
815 4897 916 4938 suo
961 4881 1128 4937 Jacob
1175 4893 1340 4954 atque
1387 4885 1551 4938 Israel
1600 4899 1803 4937 vocans
1829 4921 1844 4945 ,

288 4970 413 5025 illos
457 4970 672 5024 virtutis
703 4973 922 5026 nomine
950 4975 1261 5042 compellat,
1305 4990 1426 5044 qua:
1455 4973 1674 5043 quidem
1705 4974 1847 5027 valet

287 5063 500 5133 generis
531 5062 652 5117 loco
684 5063 929 5118 homines
955 5081 1241 5120 exornare.
1274 5065 1347 5119 Ita
1375 5064 1594 5120 Judmos
1632 5081 1726 5120 eos
1755 5065 1850 5134 qui

287 5167 352 5206 ex
379 5153 630 5223 gentibus
659 5153 726 5207 ad
772 5154 941 5224 legem
974 5157 1293 5211 accederent
1340 5173 1460 5212 mos
1505 5167 1624 5210 erat
1661 5157 1850 5226 appul-

287 5239 419 5294 lare.
448 5243 609 5312 quue
649 5257 747 5296 nos
775 5244 964 5298 edocet
995 5244 1229 5298 Actuum
1271 5245 1516 5299 historia.
1547 5243 1682 5299 Cum
1725 5261 1852 5299 ora-

292 5339 368 5383 ret
391 5333 532 5386 enim
564 5334 752 5388 beatus
785 5333 1005 5395 Paulus,
1028 5336 1106 5389 sic
1132 5337 1203 5390 ait
1227 5336 1270 5366 ³⁹
1298 5354 1310 5388 :
1353 5335 1462 5389 Viri
1486 5333 1768 5402 Israelita,
1801 5347 1850 5391 et

291 5421 380 5488 qui
408 5423 541 5476 inter
569 5441 655 5478 vos
685 5427 877 5480 timetis
911 5426 1218 5481 Dominum.

363 5641 409 5672 ³⁸
433 5641 620 5700 Matth.
647 5665 734 5716 xv,
763 5651 852 5707 26.
927 5653 973 5684 ”
995 5653 1112 5708 Act.
1151 5667 1269 5717 xm,
1309 5652 1393 5707 16.

1948 3231 2056 3302 γάρ
2089 3233 2233 3284 ἐστιν
2265 3235 2294 3285 6
2343 3234 2574 3305 Χριστὸς
2603 3237 2666 3288 ἐκ
2715 3235 2808 3288 δύο
2847 3236 2956 3289 τῶν
2989 3237 3273 3300 ἐναντίων,
3310 3235 3514 3300 τέλειος

1948 3321 2078 3385 Θεὸς
2117 3325 2209 3376 καὶ¹
2232 3324 2436 3388 τέλειος
2461 3325 2761 3398 ἄνθρωπος.
2807 3328 3070 3392 Ἑκείναις
3095 3328 3149 3382 δέ
3179 3331 3245 3383 ἐκ
3274 3329 3512 3399 διαλειμ-

1951 3414 2134 3484 μάτων
2149 3415 2420 3486 ἐπιφοιτᾷ.
2441 3419 2592 3488 Τάχα
2606 3419 2661 3472 δὲ
2681 3420 2775 3472 καὶ
2795 3421 2892 3490 τὴν
2908 3423 3263 3492 παραστᾶσαν
3291 3421 3514 3493 Ἐκκλη-

1951 3505 2067 3556 σίαν
2107 3505 2254 3576 αὐτῴ
2280 3506 2428 3574 λέγει
2461 3511 2753 3580 μονογενῆ,
2788 3510 2873 3563 διὰ
2901 3511 2959 3563 τὸ
2991 3511 3064 3582 μὴ
3094 3511 3236 3582 ἔχειν
3269 3513 3451 3565 σπῖλον
3479 3514 3511 3584 ἦ

1952 3596 2136 3668 ῥυτίδα
2165 3599 2226 3650 ἐκ
2262 3599 2369 3652 τῶν
2395 3599 2639 3672 άμώμων
2673 3603 3162 3676 συμπληρουμένην
3206 3605 3346 3659 κατὰ
3379 3623 3511 3677 προ-

1949 3689 2124 3759 κοπὴν
2160 3691 2224 3743 ἐκ
2271 3691 2378 3744 τῶν
2425 3693 2684 3765 ἐξήκοντα
2731 3696 3014 3765 βασιλίδων
3059 3700 3152 3750 καὶ
3191 3699 3512 3770 ὀγδοήκοντα

1950 3782 2253 3838 παλλακῶν.
2280 3784 2300 3856 ]

2021 3962 2229 4018 Σῶσόν
2254 3983 2330 4033 με
2362 3967 2429 4020 ἐκ
2467 3971 2760 4037 στόματος
2783 3969 3049 4036 λέοντος,
3071 3971 3166 4024 καὶ
3197 3970 3311 4024 ἀπὸ
3347 3969 3513 4037 κερά-

1949 4071 2066 4107 των
2090 4057 2508 4126 μονοκερὼτων
2539 4060 2650 4126 τὴν
2680 4061 3039 4115 ταπείνωσίν
3063 4079 3198 4128 μου.
3227 4061 3515 4130 Διηγήσο-

1943 4164 2049 4215 μαι
2099 4147 2163 4200 τὸ
2194 4147 2378 4215 ὄνομά
2418 4165 2532 4202 σου
2580 4149 2701 4215 τοῖς
2755 4149 3036 4217 ἀδελφοῖς
3055 4163 3207 4219 μου·
3239 4149 3308 4202 ἐν
3347 4146 3515 4214 μέσῳ

1962 4238 2317 4304 Ἑκκλησίας
2350 4237 2598 4306 ὑμνήσω
2645 4255 2737 4293 σε.
2789 4239 3060 4292 Ἐδίδασκε
3107 4238 3212 4313 γὰρ
3249 4239 3392 4308 ἡμᾶς
3421 4238 3513 4292 τὸν

1951 4326 2107 4394 φύσει
2141 4327 2234 4379 καί
2257 4325 2479 4398 ἀληθείᾳ
2499 4327 2628 4382 Θεὸν
2660 4328 2752 4380 καὶ
2775 4329 3053 4398 ὀμοούσιον
3081 4327 3241 4381 αὑτοῦ
3272 4327 3509 4398 Πατέρα.

1883 4436 1928 4490 ι)
1956 4419 2122 4471 Πάλιν
2157 4418 2230 4480 ὡς
2266 4418 2545 4488 ἄνθρωπος
2581 4421 2780 4490 ἥνωται
2810 4421 2896 4474 διά
2931 4422 3033 4490 τῆς
3071 4421 3412 4494 Ἐκκλησίας.

2027 4510 2090 4560 οι
2127 4508 2478 4576 φοϐούμενοι
2525 4510 2628 4562 τὸν
2673 4512 2888 4577 Κύριον
2913 4551 2928 4575 ,
2975 4511 3250 4566 αἱνέσιιτε
3293 4513 3510 4566 αὐτόν·

1953 4599 2114 4654 ἅπαν
2146 4600 2210 4653 τὸ
2239 4601 2473 4668 σπέρμα
2513 4600 2736 4665 Ἰακὼϐ,
2771 4601 3067 4666 δοξάσατε
3093 4605 3294 4656 αὐτόν.
3346 4604 3519 4656 Ἐπει-

1953 4692 2016 4760 δὴ
2062 4691 2228 4763 γὰρὴ
2284 4691 2576 4763 Ἐκκλησία
2611 4693 2700 4746 καὶ
2742 4693 2800 4757 ἐξ
2829 4693 2995 4746 ἐθνῶν
3025 4695 3117 4748 καὶ
3145 4693 3202 4760 ἐξ
3251 4693 3514 4747 Ἰουδαίων

1956 4783 2280 4854 συνέστηκε,
2334 4785 2426 4837 καὶ
2471 4783 2689 4847 τούτους
2732 4786 2824 4837 καὶ
2856 4785 3091 4848 ἐκείνους
3121 4788 3200 4849 εἰς
3231 4786 3320 4838 τὸν
3352 4786 3516 4856 ὕμνον

1954 4877 2152 4945 ἐγείρει
2175 4893 2187 4907 ·
2217 4877 2342 4939 τοὺς
2368 4877 2465 4946 μὲν
2488 4877 2594 4930 ἀπὸ
2619 4877 2712 4930 τοῦ
2738 4879 3077 4948 προπάτορος
3097 4877 3372 4948 ὀνομάζων
3416 4879 3517 4931 Ὶα-

1955 4967 2069 5019 κὼϐ
2099 4985 2156 5019 τε
2187 4969 2280 5020 καὶ
2318 4967 2552 5039 Ἰσραὴλ,
2581 4969 2706 5032 τοὺς
2732 4968 2788 5021 δὲ
2818 4969 2924 5021 ἀπὸ
2952 4971 3049 5039 τῆς
3076 4969 3294 5040 ἀρετῆς,
3321 4969 3396 5031 ὡς
3420 4970 3519 5041 ἁρ-

1955 5059 2156 5128 κούσης
2191 5059 2307 5112 ἀντὶ
2338 5059 2528 5128 γένους
2561 5061 2854 5130 κοσμῆσαι.
2916 5059 3073 5114 Οὕτω
3105 5061 3199 5114 καὶ
3236 5061 3520 5126 Ἰουδαίους

1953 5153 2077 5214 τοὺς
2102 5151 2160 5216 ἐξ
2189 5150 2355 5204 ἐθνῶν
2375 5151 2452 5222 τῷ
2474 5153 2622 5224 νόμῳ
2642 5155 2961 5224 προσιόντας
2981 5153 3098 5217 ἔθος
3120 5149 3186 5226 ἦν
3213 5155 3516 5225 ὀνομάζειν.

1954 5243 2063 5295 Καὶ
2100 5242 2262 5295 τοῦτο
2296 5245 2443 5314 ἡμᾶς
2473 5247 2506 5314 ἡ
2542 5244 2649 5296 τῶν
2678 5244 2934 5318 Πράξεων
2987 5245 3192 5317 ἱστορία
3239 5245 3479 5298 διδάσκει

1954 5333 2278 5408 δημηγορῶν
2299 5336 2406 5406 γάρ
2435 5338 2464 5390 ὀ
2495 5336 2636 5400 θεῖος
2673 5337 2994 5402 Ἀπόστολος
3021 5337 3190 5401 οὕτως
3213 5336 3316 5406 ἔφη
3343 5353 3358 5366 ο
3389 5337 3509 5390 Ἀν-

1955 5424 2094 5492 δρες
2134 5427 2512 5495 Ἰσραηλῖται,
2548 5431 2644 5484 καί
2675 5434 2730 5485 oi
2767 5433 2837 5484 ἑν
2862 5431 3002 5502 ὑμῖν
3029 5431 3381 5501 φοϐούμενοι
3416 5429 3520 5484 τὸν

1960 5513 2194 5581 Κύριον.
3371 5527 3379 5536 '
