3944 6220
300 369 400 425 137

1395 368 1754 425 ΕΧΡΟΞΙΤΙΟ
1789 370 1858 424 IN
1895 370 2223 427 PSALMUM
2264 372 2401 426 XXI.

3429 376 3526 430 138

372 484 493 535 Ὀτι
517 481 623 533 οὐκ
649 480 1085 544 ἐξουδένωσεν.
1156 482 1221 533 "A
1249 480 1604 552 κατώρθωσεν
1636 484 1766 554 ἡμῖν
1799 482 1864 536 δι’

2034 486 2124 541 25.
2160 486 2421 550 Quoniam
2451 500 2552 539 non
2586 485 2796 553 sprevit,
2832 495 2938 540 etc.
2971 485 3104 552 Quas
3138 490 3310 543 nostri
3354 494 3529 560 gratia

298 572 489 627 ἒαυτοῦ
515 572 541 623 ὁ
567 572 884 644 Μονογενὴς
914 573 1210 627 ἐκδιδάσκει
1243 573 1446 641 σαφῶς.

372 666 528 733 Παρὰ
550 665 665 719 σοῦ
693 669 727 720 ό
746 667 989 732 ἔπαινός
1009 684 1146 734 μου.
1170 666 1235 718 Ἔ
1245 683 1428 719 παινον
1450 665 1546 736 τὴν
1562 665 1867 736 δοξολογίαν

302 758 493 829 φησίνο
523 756 637 810 ἔστι
680 757 739 810 δὲ
769 757 971 827 ταύτην
1014 757 1164 829 παρὰ
1190 758 1282 810 τοῦ
1320 758 1529 829 Πατρὸς
1574 759 1870 829 γενομένην

307 850 450 912 ἰδεῖν,
481 851 567 901 ὅτε
593 844 727 919 ἦλθε
753 848 905 919 φωνὴ
932 847 1133 903 ἄνωθεν
1153 847 1384 916 λέγουσα
1407 865 1419 876 ·
1444 850 1552 903 Καὶ
1580 848 1865 913 ἐδόξασα,

298 941 403 995 καὶ
428 941 610 996 πάλιν
636 940 892 1005 δοξάσω.
931 939 1038 1011 [Ἢ
1056 942 1135 993 ὅτι
1162 940 1348 1013 ὥσπερ
1367 941 1476 1009 ἐγὼ
1498 959 1555 994 σε
1578 941 1733 1012 δῆλον
1760 944 1871 1005 τοῖς

305 1030 605 1102 ἀνθρώποις
636 1031 867 1101 ἐποίησα
887 1069 901 1094 ,
926 1030 1067 1083 οὕτω
1100 1030 1192 1083 καὶ
1226 1031 1288 1083 σὺ
1323 1031 1540 1095 πάντως
1574 1032 1671 1102 τὴν
1700 1032 1870 1102 αὑτήν

306 1138 395 1191 μοι
438 1122 731 1191 προσάγεις
762 1121 925 1192 τιμὴν
946 1164 961 1184 ,
994 1121 1087 1174 νῦν
1123 1123 1218 1192 μὲν
1245 1122 1415 1191 λέγων
1437 1141 1450 1155 ⁸
1482 1119 1667 1189 Οὗτός
1703 1123 1873 1175 ἐστιν

298 1215 337 1265 ὁ
378 1213 509 1278 Υἱός
532 1230 685 1281 μου·
724 1212 817 1265 νῦν
863 1212 918 1265 δὲ
963 1212 1358 1267 ἀποκαλύπτων
1403 1214 1594 1285 Πέτρῳ
1638 1216 1871 1277 καὶτοῖς

312 1301 575 1373 λοιποῖς.]
633 1302 741 1367 Τὰς
762 1301 949 1371 εὐχάς
968 1320 1086 1372 μου
1120 1302 1424 1358 ἀποδώσω.
1457 1303 1603 1373 Εύχὴ
1629 1305 1662 1373 ἡ
1699 1304 1871 1371 ἐπαγ-

304 1393 455 1461 γελία
483 1392 634 1464 παρὰ
664 1395 730 1463 τῇ
765 1392 883 1462 θείᾳ
907 1393 1229 1464 ὀνομάζεται
1265 1396 1472 1466 Γραφῇ.
1539 1393 1747 1447 Οὐκοῦν
1770 1395 1871 1464 τῆς

305 1483 548 1553 ὑπακοῆς
572 1481 919 1552 ὲκπλήρωσις
952 1484 984 1554 ἠ
1029 1483 1292 1553 γενομένη
1332 1483 1479 1555 παρὰ
1507 1482 1601 1535 τοῦ
1631 1482 1760 1535 Υίοῢ
1796 1482 1872 1554 τῷ

305 1576 475 1645 Πατρὶ
519 1574 681 1644 μέχρι
707 1572 934 1627 Θανάτου
958 1574 1218 1639 ὡσαύτως
1249 1575 1314 1628 ἂν
1352 1574 1567 1646 νοηθείη
1589 1616 1603 1639 ,
1677 1576 1871 1629 ἀποδο-

307 1668 486 1738 θείσης
517 1667 619 1736 τῆς
648 1666 813 1736 εὐχῆς
843 1667 969 1738 παρ’
993 1665 1154 1720 αὐτοῦ
1188 1667 1262 1738 τῷ
1295 1668 1487 1738 Πατρί.
1549 1666 1735 1739 [eam
1778 1667 1873 1737 μὲν

306 1760 339 1830 ἡ
360 1758 655 1828 ἐπαγγελία
679 1758 827 1830 παρὰ
849 1762 914 1829 τῇ
941 1759 1059 1830 θεία
1079 1760 1402 1830 ὀνομάζεται
1423 1759 1612 1830 Γραφῇ
1631 1775 1642 1786 ·
1669 1758 1875 1811 Οὐκοῦν

302 1849 338 1918 η
360 1849 456 1919 τῆς
477 1849 725 1918 ὑπακοῆς
745 1848 1088 1920 ὲκπλήρωσις
1110 1851 1142 1920 ἡ
1164 1850 1428 1922 γενομένη
1456 1849 1606 1921 παρὰ
1627 1848 1719 1901 τοῦ
1744 1848 1873 1902 Υίοῦ
1894 1836 1895 1839 η

1968 573 2286 646 Unigenitus
2320 591 2481 646 opera
2508 575 2669 631 edidit
2704 577 2991 645 perspicue
3013 577 3189 633 docet.
3303 624 3308 627 .

2039 669 2129 723 26.
2161 670 2315 739 Apud
2343 679 2391 723 te
2417 669 2533 723 laus
2563 685 2700 732 mea,
2762 678 2865 724 etc.
2899 658 3325 725 Laudem'vocat
3365 671 3529 741 glori-

1972 759 2317 824 ﬁcationem;
2358 759 2605 815 videmus
2654 767 2834 814 autem
2882 760 3026 813 illam
3061 775 3092 814 a
3138 758 3299 814 Patre
3330 760 3527 816 editam

1967 862 2092 902 cum
2123 863 2225 903 vox
2258 847 2488 918 desuper
2518 847 2701 902 audita
2730 858 2850 904 est;
2884 848 2951 902 Et
2996 849 3293 919 ρίου-ἔβεαυὶ
3339 859 3389 905 et
3432 852 3535 906 ite-

1972 956 2088 993 rum
2120 941 2423 1011 gloriﬁeabo
2445 941 2513 994 ⁸⁰.
2547 940 2678 1011 [Aut
2704 942 2831 1010 quia
2862 942 3005 996 sicut
3032 956 3131 1010 ego
3187 950 3240 997 te
3289 942 3530 997 homini-

1972 1031 2073 1086 bus
2103 1032 2452 1087 manil‘estum
2480 1032 2605 1097 feci,
2636 1033 2824 1087 eodem
2854 1048 3082 1100 prorsus
3109 1033 3270 1088 modo
3313 1043 3369 1087 tu
3398 1034 3531 1087 mihi

1972 1139 2157 1194 parem
2188 1125 2449 1179 honorem
2480 1125 2837 1193 conciliabis;
2874 1126 3037 1181 modo
3065 1125 3289 1181 dicens:
3324 1124 3425 1179 Hic
3454 1136 3531 1181 est

1971 1216 2115 1284 ﬁlius
2144 1232 2288 1270 meus
2307 1216 2376 1280 ⁴¹,
2408 1216 2572 1271 modo
2602 1216 2837 1286 idipsum
2876 1216 3036 1272 Petro
3081 1218 3327 1272 revelans
3372 1225 3533 1286 atque

1973 1306 2232 1380 caneris]
2260 1306 2391 1362 Vota
2423 1326 2537 1363 mea
2566 1309 2804 1374 reddam,
2834 1318 2936 1363 etc.
2968 1307 3214 1363 Precatio
3261 1308 3315 1362 in
3353 1308 3531 1362 divina

1976 1397 2256 1471 Scriptura
2282 1410 2468 1455 votum
2503 1416 2598 1455 seu
2631 1401 2921 1470 promissio
2945 1410 3190 1456 vocatur.
3223 1399 3409 1470 Itaque
3441 1401 3535 1455 ob-

1974 1491 2268 1561 sequentia:
2286 1490 2409 1545 Filii
2440 1506 2567 1562 erga
2598 1490 2814 1546 Patrem
2837 1507 3009 1562 usque
3039 1492 3106 1546 ad
3137 1500 3365 1545 mortem
3394 1507 3533 1561 prae-

1974 1583 2113 1638 stita:
2164 1584 2565 1638 consummatio
2602 1591 2704 1648 est,
2758 1600 2880 1654 quas
2920 1594 3053 1639 tunc
3098 1583 3239 1639 facta
3288 1584 3536 1654 intelligi-

1976 1683 2081 1738 tur,
2107 1690 2230 1731 cum
2269 1672 2415 1730 Patri
2460 1676 2819 1746 precationem
2861 1676 3078 1731 obtulit.
3122 1675 3391 1747 [Precatio
3438 1692 3531 1731 seu

1975 1774 2157 1820 votum
2190 1766 2481 1835 promissio
2506 1775 2732 1822 vocatur
2756 1767 2810 1821 in
2839 1767 3020 1822 divina
3053 1767 3329 1839 Scriptura
3357 1791 3369 1822 :
3409 1783 3533 1822 cum

1977 1856 2159 1927 itaque
2186 1857 2241 1910 in
2277 1858 2532 1914 omnibus
2553 1856 2703 1913 Patri
2733 1858 3025 1914 obsecutus
3049 1857 3221 1915 Filius
3250 1859 3339 1923 sit,
3371 1859 3534 1913 etiam

306 1940 497 2011 Πατρὶ,
527 1942 620 1994 καὶ
645 1939 803 1993 τοῦτο
832 1941 991 2012 μέχρι
1022 1940 1116 1993 τοῦ
1144 1942 1373 1997 θανάτου
1403 1942 1623 2013 σαρκός.
1687 1941 1875 1994 Ὡσαύ-

1993 1964 2151 2018 isque
2187 1948 2252 2002 ad
2280 1957 2508 2003 mortem
2538 1948 2836 2013 carnalem,
2867 1964 2966 2019 pro
2995 1956 3121 2003 voto
3146 1947 3297 2003 Patri
3329 1947 3537 2003 reddito

304 2050 407 2097 τως
430 2032 498 2086 ἂν
519 2031 736 2104 νοηθείη
761 2033 1114 2105 ἀποδοθείσης
1136 2035 1235 2105 τῆς
1261 2034 1425 2105 εὐχῆς
1450 2035 1578 2104 παρ’
1606 2032 1768 2086 αὑτοῦ
1795 2032 1872 2103 τῷ

304 2126 528 2198 Πατρί.]

1977 2041 2146 2110 probe
2172 2040 2516 2113 accipiatur.]

380 2222 568 2277 Daniel
607 2222 874 2277 Barbarus
900 2240 917 2276 :
955 2222 1085 2276 Vota
1110 2237 1247 2276 mea.
1272 2220 1518 2276 Precatio
1553 2222 1638 2276 vel
1666 2231 1872 2284 votum,
1908 2222 2199 2292 promissio
2233 2232 2316 2277 est
2347 2223 2575 2291 alicujus
2600 2239 2787 2280 eorum
2817 2240 2936 2294 quze
2964 2224 3205 2295 religioni
3232 2232 3537 2278 sacrantur.

310 2317 625 2388 Deprecatio
651 2333 784 2374 vero
815 2330 899 2374 est
924 2319 1150 2389 supplex
1179 2317 1448 2373 bonorum
1481 2317 1669 2387 petitio
1697 2333 1727 2372 a
1767 2318 1896 2373 Deo.
1934 2317 2101 2373 Docet
2128 2328 2307 2373 autem
2338 2334 2518 2374 sermo
2545 2334 2612 2372 ne
2642 2319 2795 2388 prius
2827 2334 2854 2372 a
2886 2318 2995 2371 Deo
3039 2319 3337 2388 quidquam
3382 2325 3535 2385 peta—

309 2427 450 2478 mus,
481 2427 646 2483 quam
678 2413 880 2469 donum
910 2428 1009 2483 pro
1047 2412 1357 2483 accipienda
1388 2412 1558 2482 gratia
1588 2412 1901 2468 offeramus.
1932 2411 2172 2479 Precari,
2205 2414 2309 2468 hoc
2336 2423 2439 2479 est,
2469 2426 2664 2467 vovere
2694 2413 2847 2482 prius
2871 2420 3104 2481 oportet,
3141 2426 3303 2481 quam
3349 2409 3536 2478 deprc-

313 2504 448 2558 cari.
484 2503 956 2570 Quemadmodum
993 2503 1132 2559 satio
1157 2501 1433 2557 fructuum
1463 2500 1833 2557 collectionem
1886 2501 2156 2572 praecedit.
2193 2499 2417 2572 Oportet
2445 2501 2591 2556 enim
2644 2501 2797 2570 prius
2827 2501 3009 2569 jacere
3040 2498 3420 2568 promissionis
3449 2515 3536 2553 se-

314 2593 479 2656 mina,
506 2600 563 2646 et
586 2592 668 2647 sic
702 2591 828 2646 inde
866 2590 1076 2647 lructus
1102 2589 1264 2646 l‘erre.

377 2709 668 2779 Φάτονται
703 2705 1082 2775 πένητες,καί
1112 2704 1670 2776 ἐμπλησθήσονται.
1703 2702 1877 2771 Προσ-

309 2804 594 2875 αγὸρευσις
642 2803 740 2874 τῆς
779 2803 887 2857 τῶν
915 2800 1081 2858 ἐθνῶν
1110 2801 1354 2873 κλήσεως
1415 2798 1502 2852 διὰ
1541 2796 1743 2851 τούτων
1783 2813 1879 2868 ση-

315 2897 579 2967 μαίνεται.

386 2989 495 3044 Καὶ
518 2988 1060 3059 προσκυνήσουσιν
1103 2985 1361 3041 ἐνώπιον
1387 2985 1573 3041 αὑτοῦ
1598 2985 1782 3040 πᾶσαι
1821 2988 1882 3040 al

2047 2698 2139 2754 27.
2180 2698 2351 2753 Edent
2397 2714 2646 2767 pauperes
2672 2706 2723 2751 el
2768 2698 3169 2765 saturabunlur.
3205 2698 3365 2756 Hisce
3404 2716 3538 2773 gen-

1982 2791 2114 2845 tium
2144 2790 2355 2846 vocatio
2368 2789 2835 2861 praesigniﬁcatur.

2049 2968 2139 3024 28.
2174 2967 2241 3023 Ει
2275 2970 2569 3023 adorabunt
2612 2968 2669 3021 in
2708 2977 2983 3038 conspectu
3011 2969 3127 3039 ejus
3156 2970 3412 3025 universae
3450 2971 3537 3041 fa-

314 3058 683 3150 πατριαὶ
699 3078 909 3136 ἐθνῶν.
934 3077 1256 3133 Μσιλεῦσαι
1278 3078 1491 3147 λέγεται
1514 3077 1622 3132 τῶν
1643 3079 1735 3132 ἐπὶ
1757 3078 1877 3148 γῆς,

1993 3060 2151 3115 milia:
2193 3063 2445 3131 gentium.
2500 3058 2747 3132 Regnare
2778 3060 2975 3116 dicitur
3005 3060 3059 3115 in
3110 3071 3254 3117 terra
3282 3064 3382 3117 etsi
3414 3078 3542 3131 qua-

316 3174 484 3231 καίτοι
506 3174 757 3244 βασιλεὺς
780 3172 997 3227 πάντων
1020 3172 1093 3225 ὢν
1117 3171 1253 3225 καθὸ
1271 3171 1423 3236 Θεὸς,
1452 3150 1538 3225 διὰ
1560 3170 1619 3224 τὸ
1639 3169 1882 3240 ἐπιστρέ-

314 3265 406 3334 ψαι
435 3267 628 3330 αὐτοὺς
658 3267 723 3319 ἐκ
751 3268 849 3336 τῆς
878 3264 985 3317 τῶν
1018 3264 1285 3334 δαιμόνων
1319 3263 1526 3335 πλάνης
1559 3264 1637 3326 είς
1666 3263 1763 3333 τὴν
1788 3263 1884 3316 αύ-

314 3351 402 3412 τοῦ
439 3357 641 3417 πίστιν,
671 3358 764 3411 καὶ
792 3357 1204 3427 εὐγνωμοσύνην
1234 3356 1330 3410 καὶ
1351 3355 1712 3426 δικαιοσύνην.

382 3448 504 3501 Ὅτι
526 3446 635 3501 τοῦ
666 3448 887 3516 Κυρίου
916 3448 952 3513 ἡ
975 3447 1263 3510 ,βασιλεία
1283 3486 1298 3508 ,
1334 3446 1433 3500 καί
1460 3446 1642 3512 αὐτὸς
1668 3445 1885 3500 δεσπόο

315 3538 386 3599 ζει
408 3538 531 3593 τῶν
554 3537 763 3593 ἐθνῶν.
794 3539 869 3592 Ού
894 3537 1001 3609 γὰρ
1032 3537 1191 3608 μόνον
1223 3538 1493 3591 Ἰουδαίων
1523 3537 1652 3600 Θεὸς
1673 3538 1702 3589 ὁ
1730 3537 1881 3601 Θεὸς,

315 3632 387 3695 ὡς
416 3633 616 3684 ἐκείνοι
647 3629 984 3701 νομίζουσιν,
1030 3628 1165 3682 ἀλλὰ
1206 3629 1384 3699 πάσης
1416 3629 1513 3699 τῆς
1541 3628 1885 3700 ἀνθρωπίνης

315 3724 524 3792 φύσεως
550 3726 800 3794 ποιητής.
834 3722 1002 3776 Τοῦτο
1036 3723 1131 3775 καὶ
1167 3722 1197 3774 δ
1235 3720 1552 3784 Ἀπόστολὸς
1589 3738 1750 3792 φησιν
1772 3738 1785 3751 ’
1814 3716 1886 3774 Ἦ

329 3814 629 3869 Ἰουδαίων
648 3815 681 3867 ὁ
704 3814 849 3879 Θεὸς
861 3816 1052 3882 μόνον
1072 3829 1092 3877 ;
1123 3811 1270 3882 Οὐχὶ
1289 3812 1385 3866 καὶ
1404 3811 1625 3876 ἐθνῶν;
1656 3812 1765 3868 Ναὶ
1787 3813 1884 3866 καὶ

315 3905 525 3961 ἐθνῶν.
578 3906 850 3973 Ἐπείπερ
875 3900 961 3970 εἷς
981 3908 1012 3958 ὀ
1039 3904 1181 3970 Θεὸς
1200 3945 1214 3962 .
1241 3904 1309 3970 ὃς
1337 3902 1633 3957 δικαιώσει
1657 3919 1883 3970 περιτο-

313 3997 434 4067 μὴν
445 3998 513 4051 ἐκ
530 3997 810 4063 πίστεως,
830 3996 929 4050 καὶ
950 3996 1349 4065 ἀκροϐυστίαν
1366 3995 1465 4049 διὰ
1481 3993 1591 4064 τῆς
1609 3995 1883 4061 πίστεως.

386 4090 678 4156 Ἔρατον,
719 4078 817 4140 καί
853 4086 1317 4154 προσεκύνησαν
1348 4084 1570 4150 πάντες
1594 4085 1649 4138 ol
1682 4084 1887 4148 πίονες

319 4175 424 4243 τῆς
451 4175 589 4244 τῆς.
624 4175 734 4245 Τὴν
765 4174 1134 4245 πνευματικὴν
1160 4174 1399 4245 δηλονότι
1425 4175 1648 4245 τροφήν.
1688 4172 1887 4236 Πίονας

318 4265 373 4318 δὲ
398 4265 597 4327 αὐτοὺς
633 4264 787 4317 καλεῖ
811 4262 898 4317 διὰ
925 4263 985 4316 τὸ
1023 4264 1287 4334 εὐτραφὲς
1326 4262 1435 4316 τῶν
1464 4261 1624 4316 θείων
1669 4261 1883 4330 λογίων.

330 4353 620 4408 Ἔνώπιον
654 4353 838 4407 αὐτοῦ
889 4352 1217 4407 πεσοῦνται
1254 4351 1475 4418 πάντες
1509 4355 1563 4406 ol
1607 4352 1886 4407 καταϐαί-

1986 3163 2144 3209 tenus
2169 3162 2252 3210 est
2283 3152 2425 3209 Deus
2456 3169 2551 3209 rex
2595 3163 2680 3210 est
2711 3154 3117 3219 universorum,
3168 3153 3296 3222 quia
3333 3153 3540 3208 scilicet

1984 3247 2251 3301 convertit
2297 3255 2486 3315 gentes
2530 3261 2597 3301 ex
2655 3260 2842 3301 errore
2899 3245 3208 3300 daemonum
3259 3245 3328 3299 ad
3379 3244 3537 3299 ﬁdem

1984 3354 2162 3406 suam,
2199 3347 2255 3393 et
2280 3339 2348 3393 ad
2374 3338 2757 3409 gratitudinem
2785 3346 2840 3393 et
2867 3336 3132 3407 justitiam

2053 3429 2144 3484 29.
2171 3428 2433 3494 Quoniam
2466 3426 2679 3483 Domini
2707 3438 2783 3483 est
2818 3443 3033 3499 regnum
3065 3435 3114 3481 et
3156 3426 3263 3497 ipse
3300 3426 3542 3481 domina-

1986 3525 2126 3578 bitur
2147 3523 2401 3593 gentium.
2431 3522 2574 3577 Deus
2593 3537 2701 3577 non
2726 3520 3038 3577 Iudaeorum
3069 3510 3347 3578 solum'est
3376 3521 3543 3587 Deus,

1984 3627 2046 3672 ut
2076 3616 2411 3671 arbitrantur
2460 3614 2588 3684 ipsi,
2621 3613 2713 3669 sed
2748 3614 2914 3669 totius
2953 3614 3204 3669 humanae
3233 3612 3413 3682 opifex
3446 3629 3544 3667 na-

1988 3718 2141 3765 tura).
2183 3709 2241 3762 Id
2286 3707 2578 3777 Apostolus
2621 3722 2839 3777 quoque
2878 3707 2954 3761 ait
2973 3709 3060 3761 "z
3111 3707 3194 3760 An
3233 3704 3545 3761 Iudaeorum

1987 3800 2125 3854 Deus
2151 3799 2323 3853 solum
2345 3800 2370 3852 ?
2399 3797 2586 3852 Nonne
2628 3807 2678 3852 et
2725 3800 2956 3869 gentium
2980 3801 3005 3854 Ρ
3035 3797 3153 3852 Imo
3196 3808 3245 3853 et
3291 3800 3543 3868 gentium.

1988 3891 2247 3958 Quoniam
2280 3908 2413 3945 unus
2441 3899 2519 3944 est
2545 3889 2685 3945 Deus
2716 3892 2805 3961 qui
2826 3889 3150 3959 justiﬁcabt'l
3189 3891 3546 3944 circumcisio-

1986 3998 2100 4035 uem
2129 3997 2192 4034 ea:
2218 3981 2341 4049 ﬁde,
2364 3988 2413 4035 el
2448 3980 2765 4049 praeputium
2783 3997 2874 4050 per
2890 3980 3074 4049 ﬁdem.

2055 4073 2143 4127 ’50.
2182 4072 2632 4127 Manducaverunt
2670 4080 2719 4124 et
2760 4071 3109 4124 adoraverunt
3130 4085 3304 4123 omnes
3332 4070 3545 4139 pingues

1989 4172 2161 4218 teme.
2202 4161 2549 4233 Spiritualem
2581 4162 2831 4217 videlicet
2857 4161 3062 4217 cibum.
3090 4159 3327 4231 Pingues
3370 4169 3546 4213 autem

1989 4266 2170 4322 vocat,
2205 4257 2275 4311 ob
2300 4256 2604 4312 divinorum
2634 4255 2975 4326 eloquiorum
3023 4269 3270 4310 succum.
3316 4253 3385 4309 In
3425 4270 3551 4308 con-

1988 4358 2163 4416 spectu
2192 4350 2306 4418 ejus
2343 4349 2528 4402 cadent
2569 4363 2745 4402 omnes
2790 4349 2880 4418 qui
2906 4348 3221 4402 descendunt
3248 4348 3302 4400 in
3332 4357 3545 4400 terram.

319 4462 527 4512 νοντες
547 4448 628 4511 εἰς
656 4444 791 4514 γῆν.
822 4445 989 4499 Τοῦτό
1017 4462 1169 4516 φησι.
1199 4445 1289 4498 διὰ
1309 4445 1369 4498 τὸ
1393 4445 1594 4499 κλίνειν
1620 4443 1769 4515 αύτῷ
1794 4445 1879 4513 γό-

1993 4440 2101 4495 Hoc
2137 4441 2213 4496 ait
2240 4441 2368 4510 quia
2394 4440 2577 4495 ﬁdeles
2604 4454 2781 4509 genua
2823 4439 2928 4510 ipsi
2959 4438 3175 4495 ﬂectere
3202 4441 3378 4494 solent
3405 4454 3419 4491 :
3445 4437 3549 4490 hu-

321 4552 380 4587 νυ
409 4535 537 4597 τοὺς
560 4534 932 4598 πιστεύοντας.
963 4529 1119 4588 Οὗτοι
1145 4533 1202 4587 δὲ
1229 4535 1279 4587 οἱ
1302 4533 1685 4595 πιστεύσαντες
1717 4533 1883 4588 πάλαι

319 4620 476 4696 ἦσαν.
526 4627 592 4677 ut
622 4624 1072 4691 καταϐαίνοντες
1095 4627 1182 4691 εὶς
1208 4624 1322 4692 τὴν
1349 4624 1463 4694 γῆν
1493 4642 1509 4657 ·
1540 4625 1813 4680 τουτέστιν
1835 4630 1883 4681 οί

321 4716 578 4780 πσόντες
603 4716 683 4777 εις
707 4713 922 4785 ὄλεθρον
949 4714 1041 4768 καὶ
1080 4714 1311 4787 φθορὰν,
1349 4714 1437 4768 διὰ
1472 4714 1532 4767 τὸ
1572 4713 1645 4785 μὴ
1690 4714 1883 4768 εἰδέναι

322 4809 514 4870 αὐτοὺς
537 4807 629 4859 τὸν
657 4806 878 4877 Κύριον.
1464 4876 1471 4881 τ

387 4899 497 4955 Kal
526 4901 567 4968 ἠ
599 4896 770 4967 ψυχή
793 4914 911 4967 μου
939 4894 1099 4960 αὐτῷ
1141 4892 1207 4963 ζῇ
1222 4935 1235 4959 ,
1265 4895 1363 4947 καὶ
1389 4896 1454 4948 τὸ
1493 4896 1728 4965 σπέρμα
1765 4913 1883 4965 μου

322 4984 635 5048 δουλεύσει
655 4987 832 5054 αὐτῷ.
897 4988 1050 5056 Ἀγία
1076 4987 1184 5058 γὰρ
1210 4987 1305 5039 καὶ
1336 4988 1561 5057 ἄμωμος
1587 4990 1620 5059 ὴ
1651 4988 1884 5060 Χριστοῦ

323 5086 508 5156 γέγονε
541 5083 680 5156 ζωὴ,
704 5082 772 5154 ἢν
796 5080 1084 5151 πεποίηται
1110 5079 1245 5151 μετὰ
1281 5081 1479 5151 σαρκὸς
1507 5080 1599 5133 ἐπὶ
1623 5084 1743 5150 γῆς.
1768 5082 1882 5135 Μό-

326 5194 408 5241 νος
440 5176 550 5248 γὰρ
578 5173 739 5238 αὐτὸς
787 5173 888 5226 οὐκ
915 5172 1168 5242 εποίησεν
1201 5171 1506 5241 ἁμαρτίαν,
1553 5172 1729 5224 καίτοι
1762 5172 1882 5224 καθ’

325 5268 463 5337 ἡμᾶς
484 5263 745 5336 γεγονὼς,
769 5264 864 5318 καὶ
887 5263 1063 5334 σάρκα
1083 5260 1260 5315 λαϐὼν
1284 5262 1382 5330 τὴν
1408 5260 1882 5332 φιλαμαρτήμονα.

325 5358 545 5429 Σπέρμα
575 5357 634 5410 δὲ
666 5354 800 5409 Θεοῦ
842 5355 1079 5427 νοηθεῖεν
1108 5355 1173 5409 ἃν
1203 5354 1253 5406 οἱ
1280 5353 1347 5406 δι’
1371 5352 1532 5406 αὐτοῦ
1562 5352 1885 5424 κεκλημένοι

325 5447 404 5501 δία
431 5449 528 5520 τῆς
560 5448 814 5510 πίστεως.
860 5443 1353 5514 Ἀναττελήσεται
1383 5440 1464 5507 τῷ
1492 5442 1684 5510 Κυρίῳ
1714 5444 1889 5512 γενεὰ

327 5539 363 5605 ἠ
421 5538 736 5612 ἐρχομένη.
797 5538 907 5592 Καὶ
970 5536 1137 5591 ταῦτα
1190 5535 1319 5606 περὶ
1388 5533 1493 5586 τῶν
1550 5533 1715 5587 ὲθνῶν
1787 5550 1885 5604 ση-

335 5631 524 5699 μαίνει.

395 5765 611 5822 l“‘loan.
662 5781 762 5831 xu,
795 5756 894 5818 '28.
970 5762 1222 5817 “Matth.
1262 5777 1343 5825 Ill,
1378 5761 1480 5827 l7;
1517 5776 1652 5821 χιιι.
1686 5759 1733 5814 Pi.

607 5864 886 5924 Parnm“
929 5860 1046 5919 (in.
1084 5859 1340 5919 XXVII.

1986 4535 2222 4604 jusmodi
2254 4542 2433 4587 autem
2461 4532 2592 4587 olim
2626 4532 2818 4587 ﬁdeles
2861 4540 3035 4587 erant.
3083 4531 3190 4596 Qui
3235 4531 3551 4585 descendunt

1988 4626 2044 4678 in
2079 4637 2307 4689 terram;
2340 4624 2596 4679 nimirum
2619 4624 2713 4694 qui
2740 4625 2793 4678 in
2831 4623 3128 4694 perniciem
3180 4632 3350 4678 ruunt
3394 4632 3449 4678 et
3496 4624 3550 4677 in

1990 4719 2416 4787 corruptionem,
2447 4716 2594 4786 quod
2622 4715 2914 4771 Dominum
2950 4731 3057 4770 non
3087 4716 3354 4771 noverint.

2062 4887 2152 4940 '51.
2187 4885 2253 4938 Et
2277 4884 2458 4937 anima
2486 4899 2599 4937 mea
2624 4881 2709 4935 illi
2740 4882 2892 4946 vivet,
2913 4891 2961 4935 et
2978 4898 3149 4935 semen
3173 4897 3344 4934 meum
3370 4881 3550 4933 seruiet

1990 4980 2112 5044 ipsi.
2150 4976 2345 5031 Sancta
2387 4976 2584 5045 quippe
2620 4984 2676 5028 et
2707 4974 2978 5044 inculpata
3023 4972 3226 5028 Christi
3270 4973 3378 5026 vita
3426 4970 3548 5032 fuit,

1990 5086 2155 5138 quam
2191 5085 2315 5125 cum
2342 5070 2530 5124 labore
2567 5077 2622 5122 et
2649 5082 2892 5122 aerumna
2919 5081 3082 5122 carne
3121 5065 3342 5120 indutus
3371 5072 3551 5115 trans.

1990 5163 2099 5233 egit
2129 5162 2182 5216 in
2223 5171 2387 5217 terra.
2416 5159 2534 5230 Ipse
2562 5175 2797 5230 namque
2826 5161 2979 5216 solus
3009 5166 3289 5229 peccatum
3333 5168 3440 5207 non
3479 5153 3554 5206 fe-

1994 5257 2089 5317 cit,
2127 5255 2229 5310 etsi
2273 5254 2341 5308 ad
2372 5254 2781 5310 similitudinem
2822 5261 3065 5308 nostram
3121 5249 3296 5302 factus
3349 5244 3440 5309 sit,
3498 5254 3553 5297 et

1991 5362 2207 5401 carnem
2241 5346 2618 5416 assumpserit,
2649 5360 2773 5415 qua:
2809 5360 2902 5412 per
2946 5360 3005 5399 se
3039 5338 3273 5423 peccatis
3313 5338 3549 5391 obnoxia

1990 5450 2109 5495 est:
2144 5455 2328 5503 semen
2364 5448 2547 5494 autem
2578 5437 2671 5493 Dei
2705 5434 3049 5494 existimandi
3084 5432 3176 5501 qui
3234 5430 3303 5485 ab
3346 5445 3413 5485 eo
3457 5446 3551 5499 per

1992 5534 2149 5589 ﬁdem
2179 5541 2308 5587 sunt
2334 5531 2510 5587 vocati
2535 5548 2549 5582 :
2586 5528 3002 5585 Aununtiabitur
3028 5523 3253 5579 Domino
3286 5524 3550 5594 generatio

1995 5631 2230 5674 ventura.
2266 5618 2326 5672 Et
2360 5618 2473 5672 haec
2497 5634 2713 5689 quoque
2742 5619 2808 5671 de
2840 5615 3088 5685 gentibus
3122 5615 3386 5684 intelligit.

1812 5756 2030 5810 "Rom.
2069 5771 2147 5820 ιιι,
2186 5753 2276 5822 ‘29,
2314 5754 2399 5807 ὅθ.

3243 5846 3279 5903 εἰ
