3944 6220
332 311 434 367 159

331 519 471 574 11ιιίσ
497 516 674 574 simile
695 522 779 571 est
804 513 973 568 illud:
1005 509 1127 565 Non
1157 525 1222 564 ea:
1246 507 1612 579 sanguinibus,
1644 520 1806 575 neque
1831 519 1896 558 ea:

332 612 595 667 voluntate
621 606 821 671 carnis,
854 604 943 660 sed
969 619 1035 658 ea:
1069 602 1173 656 Deo
1195 601 1310 654 nati
1328 608 1450 653 sunt
1467 599 1534 652 ".

682 684 734 753 ι’.
765 693 1110 754 PSALMUS
1143 690 1335 746 David.
1367 687 1564 745 XXII.

894 789 1293 858 Argumentum.

335 885 559 943 Canitur
582 897 827 955 presens
854 880 1104 951 psalmus
1147 893 1213 932 es
1241 889 1474 947 persona
1524 871 1761 944 gentium
1803 885 1901 924 ex-

408 978 728 1035 sultantium
757 973 902 1044 quod
954 971 1220 1026 Dominus
1263 969 1380 1039 ipse
1414 968 1481 1023 ad
1537 980 1737 1038 pascua
1782 963 1904 1017 illas

407 1067 747 1140 perduceret.
767 1063 831 1118 Et
846 1076 977 1118 sane
994 1060 1280 1132 mysticum
1298 1064 1557 1113 enarrant
1572 1053 1901 1116 convivium,

409 1158 555 1230 quod
584 1158 689 1213 illis
716 1164 906 1227 pastor
935 1152 1199 1208 Dominus
1228 1149 1500 1221 apposuit.

1188 300 1245 356 S.
1287 292 1657 365 ATIIANASII
1697 292 1847 349 OPP.
1889 288 2071 346 PARS
2108 288 2196 344 111.
2234 315 2305 326 -
2343 282 2752 342 ΕΧΕΟΕΤΝῚΑ.

403 425 491 480 ὄῖ.
528 421 731 477 Ροοιιίο
765 420 856 492 qui
908 426 1172 482 nascetur,
1217 432 1368 487 quem
1434 415 1559 485 fecit
1612 411 1894 467 Dominus.
1929 440 1942 473 Α

2071 405 2205 472 Λαῷ
2231 404 2309 471 τῷ
2335 400 2775 474 τεχθησομένῳ,
2825 397 2895 451 ὃν
2920 396 3204 462 ἐποίησεν
3254 393 3287 446 ὁ
3331 393 3568 460 Κύριος.
3603 443 3608 447 .
3674 394 3675 397 “

3461 276 3567 331 NO

2000 502 2224 571 Ὅμοιον
2256 498 2347 561 τὸ,
2376 499 2497 551 Οὐκ
2532 495 2601 558 ἐξ
2630 490 2887 561 αἱμάτων
2912 530 2926 554 ,
2960 486 3102 542 οὐδὲ
3142 487 3210 540 ἐκ
3240 483 3570 554 θελήματος

1997 591 2244 660 σαρκὸς,
2269 588 2430 643 ἀλλὰ
2458 587 2527 639 ἐκ
2566 583 2713 638 Θεοῦ
2738 581 3172 652 ἑγγενήθησαν.

2370 679 2677 734 ΨΑΛΜΟΣ
2720 673 2800 740 τῷ
2830 670 3028 727 Δαυΐδ.
3069 673 3199 724 KB'.

2619 767 2633 786 '
2647 767 2954 829 Tzdaeotc'.

2001 866 2218 938 ’ᾼδεται
2238 864 2267 916 ὁ
2287 859 2643 932 προκείμενος
2657 856 2866 927 ψαλμὸς
2890 857 2954 908 ὲκ
2968 850 3257 926 προσώπου
3273 850 3381 904 τῶν
3402 848 3569 902 ἐθνῶι

2071 953 2447 1026 ἀγαλλομένων
2479 951 2572 1003 ἐπὶ
2606 950 2668 1003 τὸ
2707 948 2969 1019 ποιμᾶναι
3007 945 3204 1008 αὐτοὺς
3229 943 3320 996 τὸν
3349 942 3570 1014 Κύριον.

2070 1050 2182 1104 Kal.
2211 1047 2317 1120 μὴν
2340 1046 2434 1099 καὶ
2460 1040 2724 1116 μυστικὴν
2745 1037 3064 1111 ἐξηγοῦνται
3083 1034 3336 1106 εὐωχίαν,
3352 1035 3418 1106 ἦν
3437 1048 3576 1106 παρ-

2075 1142 2271 1213 έθηκεν
2298 1139 2481 1202 uit-toi;
2510 1137 2670 1200 αὐτὸς
2700 1137 2729 1187 ὁ
2757 1132 3057 1204 ποιμαίνων
3090 1128 3304 1192 αὐτούς.

406 1217 601 1308 Daniel
633 1217 928 1305 Barbarus.
954 1246 1208 1302 Psalmus
1235 1217 1318 1299 est
1338 1241 1681 1298 redeuntium
1712 1254 1743 1293 a
1776 1236 2069 1308 Babylonia
2105 1234 2384 1297 servitute,
2413 1231 2675 1303 quoniam
2714 1236 3003 1298 postquam
3039 1222 3212 1294 Cyrus
3239 1236 3330 1275 rex
3361 1232 3457 1273 eos
3490 1217 3577 1271 di-

336 1350 505 1415 misit,
533 1363 656 1403 cum
694 1360 887 1416 magna
917 1343 1104 1398 laetitia
1135 1349 1191 1396 et
1220 1339 1375 1411 copia
1414 1351 1593 1393 rerum
1622 1335 1691 1391 ad
1721 1349 1851 1391 suos
1895 1332 2100 1388 reversi
2140 1339 2287 1387 sunt.
2334 1328 2441 1384 Sed
2483 1336 2538 1381 ct
2571 1326 2674 1379 hoc
2710 1323 2903 1378 beatus
2946 1317 3113 1373 David
3143 1324 3266 1370 ante
3310 1312 3463 1369 dicit.
3500 1308 3578 1364 Es

336 1457 565 1514 persona
593 1441 757 1512 igitur
787 1439 1029 1509 ipsorum
1053 1436 1108 1492 in
1139 1436 1370 1508 patriam
1407 1431 1794 1488 revertentium
1825 1429 1920 1484 ait.

405 1532 668 1588 Dominus‘
691 1531 864 1602 pascit
893 1546 997 1595 me,
1035 1537 1086 1584 et
1130 1527 1263 1583 nihil
1316 1526 1443 1581 mihi
1477 1526 1666 1580 deerit.
1695 1521 1899 1595 Magni-

335 1627 435 1687 lice
464 1626 518 1680 in
542 1624 773 1679 Domino
798 1624 1042 1679 sentiunt
1076 1621 1170 1692 qui
1202 1620 1270 1675 ab
1303 1619 1396 1674 illo
1434 1626 1756 1689 pascuntur.

402 1718 458 1773 2.
484 1717 563 1791 ,1η
586 1719 698 1772 loco
724 1732 935 1787 pascua:
963 1715 1036 1769 ibi
1075 1730 1154 1767 me
1185 1712 1479 1767 collocavit.
1516 1712 1574 1765 In
1608 1709 1791 1764 herbae
1823 1707 1902 1762 lu-
1929 1744 1973 1799 Β

2073 1520 2285 1587 Κύριος
2318 1512 2613 1584 ποιμαίνει
2647 1526 2743 1580 με.
2807 1507 2968 1575 Μέγα
3000 1504 3093 1558 ἐπὶ
3118 1502 3196 1574 τῷ
3228 1498 3416 1571 Κυρίῳ
3449 1516 3582 1573 φροιρ

2000 1612 2182 1667 νοῦσιν
2212 1611 2261 1663 oi
2290 1609 2418 1679 παρ’
2453 1604 2616 1659 αὑτοῦ
2648 1600 3081 1673 ποιμαινόμενοι.

2073 1708 2175 1770 Είς
2201 1702 2387 1756 τόπον
2417 1699 2606 1770 χλόης
2636 1694 2766 1749 ἐκεῖ
2807 1710 2884 1763 με
2935 1686 3416 1755 κατεσκήνωσεν.
3490 1684 3583 1736 Ἐν

335 1783 604 1867 suriantis
650 1812 772 1866 loco
816 1824 905 1864 me
938 1806 1246 1872 collocavit,
1287 1803 1625 1876 spiritualem
1675 1799 1898 1856 herbam
1929 1773 1942 1799 ³

2040 1794 2295 1870 ιραιὸτητι
2337 1791 2473 1854 πόας
2520 1783 2903 1856 κατεσκήνωσε
2931 1799 3032 1853 με,
3083 1779 3183 1850 τὴν
3225 1775 3420 1849 νοητὴν
3443 1773 3582 1828 πόαν

335 1905 486 1960 dicit.
532 1902 701 1973 Super
739 1898 932 1974 aquam
975 1868 1274 1971 refectionis
1315 1868 1566 1953 educavit
1614 1911 1716 1950 me.
1746 1893 1901 1964 Aqua

2044 1868 2186 1960 ησίν.
2266 1881 2398 1938 Ἐπὶ
2442 1880 2658 1946 ὓδατος
2705 1876 3104 1939 ἀναπαύσεως
3148 1868 3435 1939 ἐξέθρεψέ
3480 1884 3577 1937 με.

335 1996 651 2053 refectionis
709 2010 926 2053 sacrum
996 1993 1134 2049 forte
1187 1991 1458 2062 baptisma
1535 1987 1901 2058 intelligatur,

339 2092 536 2162 quippe
563 2088 710 2161 quod
734 2094 1079 2160 peccatorum
1106 2083 1304 2139 molem
1332 2081 1626 2148 abstergat.

413 2182 581 2255 [limc,
616 2180 811 2251 inquit,
849 2177 1028 2248 praebe
1066 2174 1222 2239 mihi,
1276 2172 1426 2243 prius
1475 2171 1672 2224 animae
1718 2180 1906 2223 curam

341 2290 575 2347 gerens:
627 2282 790 2341 atque
827 2286 895 2325 ex
944 2268 1103 2323 devio
1149 2280 1236 2321 me
1276 2271 1600 2329 convertas,
1652 2267 1713 2316 ut
1756 2267 1906 2315 recta

342 2367 556 2439 gradiar
582 2361 716 2436 via.]

411 2461 463 2515 ὅ.
488 2458 736 2514 Animam
775 2470 941 2510 meam
969 2451 1236 2507 convertit.
1264 2447 1343 2504 Ex
1374 2446 1684 2519 captivitate
1710 2442 1911 2500 diaboli

342 2550 580 2606 animam
622 2558 799 2601 meam
838 2542 906 2599 ad
939 2557 997 2598 se
1025 2549 1371 2606 convertens,
1403 2538 1471 2593 ad
1513 2551 1613 2592 sua
1641 2542 1910 2606 praecepta

344 2642 568 2699 deduxit
601 2640 748 2695 illam
779 2652 846 2693 ex
881 2645 1058 2692 morte
1087 2633 1155 2689 ad
1192 2632 1381 2687 vitam.
1411 2627 1508 2703 [Ut
1532 2627 1626 2699 qui
1655 2626 1784 2682 olim
1820 2640 1915 2680 ne-

345 2734 519 2803 glecta
547 2730 729 2784 anima
755 2741 855 2783 sua
889 2723 1172 2789 defecerit,
1202 2738 1266 2778 ac
1295 2737 1391 2792 per
1421 2726 1782 2775 memoratum
1820 2716 1917 2772 de-

347 2822 475 2877 inde
521 2820 701 2876 cibum
754 2825 1032 2873 recreatus
1079 2815 1173 2879 sit,
1201 2828 1431 2869 aversus
1478 2819 1534 2866 et
1577 2809 1844 2865 abductus
1884 2822 1916 2862 a

347 2920 553 2979 morte,
583 2913 695 2965 ait:
719 2907 967 2961 Animam
1009 2918 1179 2958 meam
1209 2901 1459 2955 convertit
1489 2900 1543 2953 in
1578 2900 1716 2954 viam
1750 2897 1917 2967 justi-

350 3006 461 3072 tiw,
485 3003 540 3058 in
584 2999 893 3071 evangelica
932 2996 1139 3054 scilicet
1182 2995 1454 3067 dogmata.
1484 2992 1543 3048 Si
1585 2991 1917 3046 ambulavero

2006 1981 2189 2051 ’Ύδωρ
2226 1973 2586 2036 ἀναπαύσεως
2614 1968 2827 2041 νοηθείη
2858 1966 2923 2021 ἂν
2967 1969 3029 2020 τὸ
3052 1964 3148 2018 τοῦ
3179 1965 3336 2033 ἁγίου
3384 1961 3581 2032 βαπτί-

2006 2088 2244 2145 σματος,
2276 2070 2372 2125 ἆτε
2397 2067 2460 2139 δὴ
2492 2064 2553 2118 τὸ
2580 2062 2796 2135 φορτίον
2834 2058 3111 2128 ὲξαλεϊφον
3140 2055 3248 2110 τῶν
3278 2054 3580 2128 ἁμαρτιῶν.

2080 2161 2287 2236 [Ταῦτα
2310 2158 2551 2230 παρέσχε
2572 2172 2680 2226 μοι,
2700 2152 2857 2223 φησὶ,
2876 2149 3136 2222 πρότερον
3157 2147 3253 2219 τῆς
3272 2145 3448 2216 ψυχῆς
3471 2146 3586 2197 ὲπι-

2012 2253 2286 2327 μεληθεὶς,
2321 2250 2415 2304 καὶ
2434 2250 2498 2302 ὲκ
2523 2248 2622 2318 τῆς
2653 2243 2864 2307 ἀνοδίας
2885 2239 3216 2313 ἐπιστρέψας
3244 2236 3380 2310 πρὸς
3406 2236 3465 2289 τὸ
3484 2238 3583 2307 τὴν

2010 2346 2222 2402 εὐθεῖαν
2252 2344 2366 2400 ὁδὸν
2397 2341 2621 2398 ὁδεύειν.
2638 2338 2658 2413 ]

2087 2439 2206 2510 Τὴν
2232 2436 2445 2508 ψυχήν
2464 2454 2582 2507 μου
2622 2426 3012 2502 ἐπὲέστρεψεν.
3062 2430 3156 2484 Ἐκ
3184 2428 3282 2499 τῆς
3310 2423 3586 2498 αἰχμαλω-

2013 2534 2133 2599 σίας
2157 2531 2252 2586 τοῦ
2278 2530 2524 2585 διαϐόλου
2551 2526 2884 2601 ἐπιστρέψας
2914 2524 3051 2597 πρὸς
3077 2521 3265 2575 ἑαυτὸν
3285 2521 3385 2590 τὴν
3407 2517 3585 2589 ψυχήν

2017 2644 2139 2700 μου,
2161 2626 2440 2698 ὡδήγησεν
2467 2624 2561 2677 ἐπὶ
2589 2620 2687 2685 τὰς
2713 2618 2935 2683 ἐντολὰς
2965 2615 3128 2672 αὐτοῦ
3159 2616 3224 2668 ἐκ
3246 2612 3477 2667 θανάτου
3505 2611 3585 2673 είς

2015 2723 2178 2794 ζωήν.
2213 2719 2336 2792 [Ὧς
2368 2715 2750 2789 παρεκλείπων
2778 2711 2945 2766 πάλαι
2969 2709 3066 2782 τὴν
3107 2709 3242 2763 ίδίαν
3274 2705 3471 2777 ψυχὴν,
3496 2703 3583 2757 διὰ

2014 2813 2114 2883 τῆς
2165 2809 2459 2882 είρημένης
2493 2804 2700 2878 τροφῆς
2736 2800 3018 2857 ἀναλαϐὼν
3054 2799 3276 2865 ἑαυτὸν,
3320 2797 3416 2851 xui.
3458 2795 3584 2847 ἑπι-

2019 2905 2263 2977 στρέφων
2315 2905 2379 2956 ὲκ
2421 2900 2682 2963 θανάτου,
2718 2895 2884 2968 φησί’
2926 2893 3045 2961 Τὴν
3094 2890 3307 2961 ψυχήν
3335 2905 3454 2959 μου
3484 2887 3588 2940 ἐπ-

2018 2999 2274 3066 έστρεψε
2301 2994 2399 3048 ἐπὶ
2439 2992 2677 3060 τρίϐους
2709 2987 3099 3053 δικαιοσύνης
3117 3001 3131 3014 ·
3162 2982 3231 3036 τὰ
3262 2978 3589 3050 εύαγγελικά

349 3098 408 3152 its
445 3069 614 3150 medio
652 3069 854 3149 umbrat
898 3091 1105 3157 mortis,
1148 3088 1305 3161 quasi
1354 3086 1573 3143 Patrem
1614 3086 1914 3156 alloquens.

2040 3102 2153 3157 ρησι
2180 3085 2441 3155 δόγματα.
2471 3080 2605 3135 Ἐὰν
2628 3077 2895 3147 πορευθῶ
2918 3077 2987 3130 ἐν
3003 3074 3173 3145 μέσῳ
3198 3071 3375 3139 σκιᾶς
3404 3069 3587 3125 θανά-

350 3186 536 3260 lpsum
586 3194 766 3241 autem
799 3183 1081 3239 Christum
1113 3189 1274 3237 vocat
1302 3179 1513 3250 virgam
1544 3177 1783 3242 virtutis,
1809 3176 1922 3231 vir-

352 3297 475 3351 gam
506 3280 817 3351 gloriosam,
849 3288 904 3332 et
932 3278 1136 3347 virgam
1163 3273 1570 3345 magnitudinis.
1591 3271 1745 3328 Sicut
1773 3271 1921 3341 virga

351 3371 597 3442 corripit,
633 3370 708 3424 ita
749 3378 804 3424 et
841 3370 922 3423 vis
958 3367 1297 3436 facultasque
1361 3363 1554 3435 agendi
1609 3363 1768 3418 docet
1810 3374 1922 3432 quo

353 3471 513 3534 pacto
539 3461 818 3516 moderate
839 3460 981 3515 mala
1001 3456 1300 3529 feramus]
1324 3455 1648 3527 Evangelica
1676 3470 1805 3509 vero
1830 3454 1923 3509 do-

355 3563 534 3625 gmata
569 3553 797 3608 indicat.

431 3642 486 3697 4.
523 3640 685 3712 Virga
727 3651 821 3695 tua
861 3649 910 3696 et
956 3639 1173 3695 baculus
1224 3648 1344 3693 tuus
1393 3639 1509 3708 ipsa
1538 3653 1619 3691 me
1655 3634 1926 3690 consolata

358 3745 503 3788 sunt.
538 3733 718 3803 ipsum
764 3733 843 3787 ait
866 3731 1167 3787 Christum.
1201 3728 1269 3783 Et
1297 3729 1470 3784 illud:
1512 3726 1726 3798 Virgam
1757 3727 1923 3780 virtu-

359 3827 427 3880 tis
456 3825 655 3880 emittet
678 3823 773 3877 tibi
798 3822 1054 3877 Dominus
1068 3836 1138 3875 ea:
1160 3819 1291 3876 Sion
1308 3820 1371 3873 “.
1396 3820 1483 3883 Et,
1496 3820 1643 3889 virga
1671 3817 1922 3888 gloriosa,

358 3917 504 3989 virga
538 3914 776 3969 maxima
799 3914 866 3967 “.
900 3912 1061 3984 Virga
1103 3920 1188 3968 est
1210 3909 1493 3967 erudiendi
1534 3908 1928 3980 potestas;ba-

357 4007 536 4073 cuius,
563 4005 929 4078 patrocinium
954 4005 1007 4058 in
1047 4001 1381 4060 consolando
1407 4001 1594 4058 situm.

440 4100 495 4156 5.
532 4098 888 4169 Impinguasti
930 4098 984 4151 in
1030 4095 1152 4151 oleo-
1207 4103 1365 4165 caput
1408 4109 1599 4147 meum.
1629 4091 1696 4148 Et
1724 4094 1830 4147 hoc
1853 4092 1928 4146 si-

361 4189 581 4262 gniﬁcat
612 4189 902 4259 mysticum
931 4187 1193 4243 chrisma.
1228 4184 1305 4239 Ει-
1330 4185 1475 4240 ralia:
1509 4190 1629 4238 tu’us
1660 4184 1927 4238 inebrians

360 4296 463 4335 me.
487 4278 727 4333 Rursum
752 4278 822 4333 de
847 4278 1074 4349 mystica
1099 4278 1211 4348 agit
1232 4275 1438 4331 laetitia.
1465 4273 1534 4329 Et
1566 4275 1928 4329 misericordia

364 4381 457 4423 tua
496 4366 837 4438 subsequetur
868 4383 949 4420 me
971 4365 1212 4420 omnibus
1255 4365 1458 4420 diebus.
1486 4362 1622 4419 Nam
1662 4366 1755 4435 qui
1785 4380 1922 4435 prae.

2022 3196 2152 3244 του,
2196 3178 2272 3241 ὡς
2320 3176 2458 3248 πρὸς
2499 3174 2590 3227 τὸν
2622 3171 2859 3243 Πατέρα.
2904 3167 3074 3222 Αὐτὸν
3113 3166 3170 3220 δὲ
3212 3165 3303 3218 τὸν
3350 3161 3589 3234 Χριστόν

2025 3287 2156 3341 φησι
2208 3268 2400 3341 ῥάϐδον
2443 3265 2725 3337 δυνάμεως
2745 3303 2760 3328 ,
2811 3259 2906 3316 καὶ
2955 3258 3148 3332 ῥάϐδον
3196 3255 3395 3326 εὐκλεῆ
3419 3295 3434 3319 ,
3494 3253 3591 3307 καὶ

2026 3359 2219 3433 ῥάϐδον
2255 3355 2638 3427 μεγαλότητος.
2662 3354 2873 3423 Ὥσπερ
2908 3348 3104 3420 ῥάϐδος
3155 3343 3418 3407 παιδεύει,
3444 3341 3589 3395 οὓτω

2025 3451 2119 3504 καὶ
2145 3448 2422 3521 πρακτικὴ
2453 3443 2837 3519 μετριοπαθεῖν
2864 3437 3217 3509 ἑκδιδάσκει.]
3251 3436 3331 3490 Τὰ
3357 3436 3589 3503 εὐαγγε-

2024 3540 2152 3595 λικά
2182 3556 2314 3610 φησι
2342 3539 2605 3609 δόγματα.

2106 3632 2164 3687 Ἡ
2195 3628 2419 3698 ῥάϐδος
2448 3645 2565 3683 σου
2598 3627 2698 3682 καὶ
2739 3627 2779 3694 ἡ
2808 3622 3111 3691 ,βακτήρια
3150 3637 3288 3686 σου,
3329 3616 3481 3673 αὑτά
3517 3633 3597 3686 με

2026 3721 2469 3794 παρεκάλεσαν.
2513 3721 2684 3775 Αὐτὸν
2718 3719 2810 3772 τὸν
2852 3716 3086 3790 Χριστόν
3120 3731 3306 3785 φησιν.
3354 3711 3464 3764 Καὶ
3503 3710 3609 3762 τοι.

2037 3814 2279 3871 Ῥάϐδον
2323 3812 2631 3881 δυνάμεως
2673 3804 3073 3874 ἐξαποστελεῖ
3123 3820 3224 3858 σοι
3273 3803 3483 3870 Κύριος
3525 3800 3594 3852 ὲκ

2027 3906 2197 3963 Σιών.
2219 3908 2328 3960 Καὶ
2347 3902 2569 3974 ῥάϐδος
2595 3901 2875 3970 εὐκλεὴς,
2893 3900 2987 3954 καὶ
3008 3896 3230 3966 ῥάϐδος
3260 3892 3596 3966 μεμαῶτα-

2027 4016 2151 4066 τος.
2192 3997 2471 4068 Ῥἀϐδοςὴ
2515 3990 2837 4062 παιδευτικὴ
2877 3989 3139 4059 δύναμιςεο
3173 3985 3444 4057 βακτηρία
3474 3983 3528 4038 δὲ
3560 3986 3593 4053 ή

2027 4090 2115 4143 διὰ
2141 4089 2239 4160 τῆς
2270 4087 2660 4159 παρακλήσεως
2690 4082 2992 4153 ἀντίληψις.

2112 4181 2430 4246 Ἐλίπανας
2478 4179 2547 4233 ὲν
2591 4178 2772 4242 ἐλαίῳ
2815 4175 2933 4245 τὴν
2984 4171 3258 4244 κεφαλήν
3296 4188 3434 4240 μου.
3487 4169 3598 4221 Καὶ

2030 4272 2187 4328 τοῦτο
2216 4272 2277 4326 τὸ
2303 4271 2507 4343 χρίσμα
2536 4270 2596 4322 τὸ
2625 4267 2903 4341 μυστικόν.
2935 4265 3045 4321 Καὶ
3073 4263 3141 4319 τὸ
3171 4261 3456 4329 ποτήριόν
3481 4275 3598 4313 σου

2025 4366 2332 4435 μεθύσκον
2358 4380 2455 4433 με.
2494 4361 2660 4416 Πάλιν
2685 4361 2784 4431 τὴν
2821 4357 3088 4430 μυστικὴν
3118 4353 3453 4427 εὐφροσύνην
3496 4367 3598 4421 φη-

362 4461 506 4517 dicta
558 4458 743 4513 omnia
779 4459 923 4513 nacti
949 4467 1100 4523 sunt,
1131 4455 1189 4519 in
1231 4456 1611 4513 misericordia
1642 4455 1732 4510 Dei
1763 4456 1927 4527 positi

2040 4458 2136 4512 σίν.
2176 4457 2287 4511 Kal
2320 4454 2387 4508 τὸ
2429 4455 2601 4519 ἔλεός
2635 4467 2750 4507 σου
2791 4448 3137 4516 καταδιώξει
3159 4466 3235 4518 με
3262 4447 3462 4511 πάσας
3491 4442 3598 4508 τὰς

364 4563 578 4619 semper
595 4556 775 4615 erunt,
811 4548 1141 4618 insuperquc
1173 4547 1493 4603 habitabant
1517 4548 1571 4602 in
1603 4546 1766 4602 domm
1786 4547 1925 4616 ejus.

433 4634 675 4708 [Parasti
716 4637 772 4690 in
797 4645 1072 4706 conspectu
1107 4652 1218 4690 meo
1251 4651 1502 4690 mensam.
1546 4635 1785 4692 Mensam
1814 4651 1930 4706 my-

365 4729 555 4783 sticam
598 4726 820 4795 indicat,
855 4726 1035 4783 oleum
1085 4743 1216 4784 vero
1260 4726 1498 4784 chrisma
1531 4727 1840 4797 mysticum,
1873 4716 1931 4782 'et

364 4825 590 4879 calicem
619 4822 820 4879 ibidem
844 4820 1156 4894 memorat.]

438 5110 487 5164 1.
517 5107 583 5162 In
608 5107 766 5178 ﬁnem
794 5099 1040 5160 PSALM
1048 5101 1136 5159 US
1157 5101 1329 5157 David
1363 5117 1470 5155 una
1492 5096 1858 5154 Sabbatorum.

1041 5192 1273 5249 XXI”.

960 5287 1360 5358 Argumentum.

367 5377 563 5432 Daniel
591 5376 893 5451 Barbarus.
921 5377 1222 5432 Ascensum
1248 5372 1464 5428 Domini
1500 5385 1739 5443 praesens
1782 5370 1931 5442 psal-

438 5483 560 5522 mus
577 5468 733 5522 nobis
754 5469 1098 5538 praznuntiat,
1119 5480 1329 5520 necnon
1353 5465 1590 5534 gentium
1609 5462 1930 5528 doctrinam,

435 5569 487 5617 ct
510 5562 965 5627 quemadmodum
994 5559 1202 5617 caelesti
1227 5558 1503 5614 domicilio
1527 5558 1759 5629 dignata:
1782 5565 1930 5610 sunt.

437 5739 484 5771 “
507 5737 664 5794 Joan.
694 5753 732 5803 ι,
769 5740 852 5796 1³5.

934 5740 976 5771 ⁵³
1014 5740 1158 5797 Psal.
1193 5757 1301 5808 cu,
1339 5742 1385 5796 5.
1472 5743 1514 5777 ⁵³
1544 5740 1652 5797 lcr.
1692 5758 1883 5801 xn'm.
1921 5744 2004 5797 Π.

2035 4548 2277 4620 ἡμέρας.
2320 4548 2381 4601 Οί
2423 4547 2530 4618 γὰρ
2559 4545 2669 4599 τῶν
2701 4543 3105 4617 προλεχθέντων
3144 4540 3401 4594 ἁπάντων
3431 4553 3597 4608 μετα-

2035 4641 2288 4703 λαϐόντες
2321 4640 2533 4694 ἔσονται
2573 4638 2861 4702 διαπαντὸς
2893 4639 2950 4691 ὲν
2987 4634 3065 4706 τῷ
3102 4634 3240 4687 ἐλέει
3281 4630 3377 4685 τοῦ
3426 4629 3560 4684 Θεοῦ
3582 4646 3595 4660 ·

2039 4735 2131 4789 καὶ
2170 4734 2275 4804 μὴν
2304 4735 2397 4787 καὶ
2429 4733 2842 4805 κατοικήσουσιν
2867 4733 2926 4785 ὲν
2954 4729 3030 4802 τῷ
3062 4730 3194 4796 οῐκῳ
3223 4724 3404 4780 αὐτοῦ.

2106 4829 2489 4901 [Ἠτοίμασας
2520 4828 2777 4883 ἐνώπιόν
2804 4846 2923 4899 μου
2963 4823 3271 4897 τράπεζαν.
3311 4820 3603 4895 Τράπεζαν

2036 4922 2134 4993 τὴν
2170 4920 2436 4993 μυστικὴν
2461 4920 2640 4989 λέγει,
2669 4920 2762 4975 καὶ
2790 4921 2850 4975 τὸ
2876 4918 3053 4974 ἔλαιον
3080 4918 3142 4971 τὸ
3176 4917 3383 4988 χρίσμα
3412 4930 3603 4985 μυστι-

2038 5013 2152 5079 κὸν,
2181 5015 2275 5066 xui.
2297 5013 2359 5066 τὸ
2391 5014 2651 5084 ποτήριον
2682 5011 2876 5085 λέγει.]

2039 5107 2144 5169 Εἰς
2174 5103 2348 5169 τέλος
2382 5106 2687 5158 ΨΑΛΜΟΣ
2712 5103 2792 5170 τῷ
2811 5102 2992 5158 Δαυῒδ
3017 5100 3092 5170 τῇ
3113 5099 3222 5170 μιᾷ
3250 5097 3367 5153 τῶν
3388 5098 3607 5153 Σαϐϐά-

2662 5212 2799 5252 tam
2832 5198 2965 5250 Kl".

2645 5287 2962 5356 Ὑπόθεσις.

2041 5379 2149 5453 Τὴν
2180 5379 2442 5450 ἀνάληψιν
2487 5380 2580 5435 τοῦ
2614 5381 2818 5453 Κυρίου
2857 5384 2886 5436 ὁ
2934 5381 3124 5454 παρὼν
3157 5385 3288 5454 ἡμῖν
3347 5381 3606 5454 κηρύττει

2113 5469 2324 5541 ψαλμὸς
2364 5472 2457 5524 καὶ
2492 5470 2598 5526 τῶν
2638 5470 2808 5524 ἐθνῶν
2852 5473 3195 5528 διδασκαλίαν
3215 5490 3227 5503 ο
3269 5472 3381 5537 πῶς
3416 5472 3482 5527 ἂν
3514 5475 3608 5527 καὶ

2109 5564 2262 5617 αὐτοὶ
2288 5564 2427 5630 ἄξιοι
2456 5564 2715 5633 γένωνται
2743 5564 2850 5620 τῶν
2883 5564 3219 5635 ἐπουρανίων
3247 5563 3481 5636 σκηνῶν.
