3944 6220
378 342 477 397 441
1478 338 1561 392 EX
1571 335 1836 393 POSITIO
1872 335 1939 391 IN

2067 334 2306 391 ALMUM
2344 334 2529 390 XXIII.
3493 337 3611 392 »ΜΞ

448 458 700 514 Psalmus
726 466 910 513 autem
930 456 1026 511 hic
1052 454 1436 511 consecutioue
1465 454 1702 524 quadam
1734 453 1995 508 vicesimo
2024 453 2264 507 secundo
2295 453 2531 521 praeponi
2564 450 2794 506 debebat
2821 469 2833 503 :
2871 456 2955 505 est
2980 450 3123 504 enim
3156 451 3444 508 ad-eorum
3470 470 3610 511 cou-

383 553 701 608 solationem
738 549 934 614 factus,
969 550 1061 620 qui
1098 549 1152 602 in
1186 547 1499 604 servitutem
1536 546 1888 619 Babyloniam
1932 547 2375 612 adducebantur;
2408 545 2497 600 ille
2538 555 2716 600 autem
2752 545 2819 599 ad
2847 557 2944 599 eos
2970 544 3149 600 dictus
3182 555 3266 601 est
3302 550 3395 617 qui
3435 551 3505 605 ab
3542 567 3607 605 ea

382 647 797 703 reducebantur.
826 643 1037 700 'V'erum
1065 642 1556 715 (quemadmodum
1596 643 1753 697 initio
1776 642 2051 708 diximus)
2082 656 2191 696 non
2243 640 2535 696 ordinatim
2583 639 2745 709 positi
2776 640 2970 710 psalmi
3003 644 3279 711 sunt,~sed
3309 654 3370 700 ut
3404 646 3606 703 inventi

383 749 526 795 sunt.
553 737 692 794 Cum
726 739 929 793 videret
960 753 1089 809 ergo
1122 739 1310 793 beatus
1334 735 1500 792 David
1527 738 1761 807 graviter
1792 737 2020 793 aﬂlictos
2048 751 2144 792 eos
2166 736 2260 807 qui
2289 737 2485 807 captivi
2514 736 2871 801 ducebantur,
2892 746 3174 807 propterea
3197 739 3343 810 quod
3372 742 3606 812 patrium

381 832 556 886 solum
583 840 636 885 et
666 830 943 901 proprium
973 829 1232 900 templum
1262 827 1660 898 relinquebant,
1692 829 1904 898 longius
1934 837 2181 898 repetens
2216 829 2363 899 ipsos
2392 827 2707 883 consolatur
2747 828 2933 884 dicens
2958 847 2972 883 :
3006 827 3085 885 Ne
3123 845 3264 902 aegre
3300 829 3485 888 feratis
3507 832 3610 888 Ba-

385 927 577 999 bylona
606 945 620 980 :
648 941 773 981 nam
798 927 843 982 si
874 928 1099 982 honeste
1129 934 1180 981 et
1202 940 1325 981 cum
1351 924 1840 990 virtute-vixeritis,
1866 934 1921 980 et
1944 923 2188 980 studiose
2212 924 2385 979 bonos
2406 938 2585 979 mores
2603 923 2729 980 vita:
2750 924 3129 995 quaesiveritis,
3150 926 3223 980 ibi
3247 927 3411 985 etiam
3439 927 3606 984 Deum

386 1011 690 1086 invenietis,
730 1018 1169 1089 quandoquidem
1203 1017 1386 1072 omnia
1411 1033 1507 1073 sua
1540 1026 1686 1083 sunt,
1716 1027 1771 1073 et
1799 1018 1852 1072 in
1887 1034 2049 1073 manu
2076 1017 2196 1088 ejus
2226 1026 2354 1073 sunt
2378 1032 2568 1072 omnes
2603 1017 2738 1072 lines
2765 1027 2940 1072 terrae.

456 1112 566 1167 τοῦ
608 1114 825 1182 Κυρίου
864 1114 902 1181 ἡ
946 1112 1021 1182 γῆ
1059 1111 1249 1166 καὶτὸ
1279 1110 1564 1180 πλήρωμα
1602 1112 1808 1181 αὐτῆς.
1837 1112 1943 1183 Τὴν

2120 1110 2331 1164 Domini
2359 1121 2435 1165 est
2468 1119 2608 1164 terra
2626 1119 2674 1165 et
2703 1110 2971 1180 plenitudo
3002 1113 3136 1182 ejus.
3166 1112 3324 1170 Hisce
3351 1113 3609 1186 praedicat

385 1201 659 1271 βασιλείαν
691 1202 757 1274 ἢν
807 1203 1119 1256 ἐϐασίλευσε
1158 1202 1272 1255 τῶν
1321 1200 1488 1255 ἐθνῶν
1534 1202 1876 1273 ἐπιδημήσας
1917 1206 1946 1256 ὁ

388 1293 679 1366 μονογενὴς
720 1294 811 1348 τοῦ
841 1294 976 1347 Θεοῦ
1006 1294 1178 1363 Λόγος
1200 1334 1214 1358 ,
1259 1293 1345 1346 διὰ
1386 1292 1494 1345 τῶν
1523 1294 1802 1364 παρόντων
1845 1312 1943 1365 κη-

388 1385 583 1452 ptinet.

453 1478 645 1544 Αὐτὸς
674 1478 773 1532 ἐπὶ
811 1477 1137 1533 θαλωσῶν
1168 1481 1560 1550 ἐθεμελίωσεν
1596 1480 1945 1548 αὑτήν.“”1να

390 1571 458 1639 μή
487 1586 571 1632 τις
605 1569 711 1622 τῶν
741 1569 950 1642 ἐχθρῶν
974 1571 1099 1643 δόξῃ
1137 1568 1275 1625 εἶναι
1309 1572 1407 1644 μὲν
1436 1573 1533 1645 τὴν
1567 1574 1669 1645 γῆν
1709 1572 1802 1625 τοῦ
1839 1572 1943 1625 Σαο

384 1660 537 1725 τανᾶ,
562 1659 677 1711 νυνὶ
712 1659 770 1713 δὲ
799 1661 968 1730 αὐτῆς
1008 1661 1322 1732 βασιλεῦσαι
1351 1665 1441 1719 τὸν
1471 1665 1724 1737 Χριστὸν,
1755 1662 1943 1717 τούτου

384 1749 540 1819 χάριν
572 1751 662 1803 τὸν
688 1752 921 1823 Χριστὸν
946 1752 1117 1822 αὐτῆς
1146 1754 1372 1825 ποιητὴν
1407 1754 1803 1817 ἀποδείκνυσιν,
1830 1753 1944 1822 ἅμα

382 1841 437 1894 δὲ
460 1843 553 1895 καὶ
575 1844 674 1913 τὴν
716 1842 942 1914 δύναμιν
971 1844 1133 1897 αὐτοῦ
1161 1844 1312 1916 δηλοῖ
1334 1885 1350 1908 .
1384 1845 1523 1899 ὥστε
1560 1846 1813 1900 τοσοῦτον
1851 1845 1946 1917 μέ-

382 1934 539 1999 γεθος
590 1935 689 2005 τῆς
738 1936 841 2007 γῆς
882 1937 975 1990 ἐπὶ
1023 1936 1227 1990 ὑδάτων
1272 1939 1645 2013 στηριχθῆναι.
1693 1939 1801 1993 Kal
1847 1939 1945 1991 ἐπὶ

381 2024 658 2093 ποταμῶν
703 2026 1030 2095 ἡτοίμασεν
1094 2025 1303 2095 αὐτήν.
1363 2029 1505 2082 ’Λντὶ
1577 2029 1672 2083 τοῦ
1697 2068 1712 2094 ,
1773 2028 1945 2082 διεκό-

382 2129 607 2185 σμησεν.

451 2204 607 2276 [Τότε
631 2208 737 2279 γὰρ
764 2207 923 2279 ἕδραν
952 2210 984 2281 ἠ
1028 2209 1320 2282 Ἐκκλησία
1360 2211 1646 2283 λαμϐάνει,
1668 2213 1794 2266 ὅταν
1828 2230 1944 2283 τρι-

380 2299 589 2368 κυμιῶν
623 2300 1071 2372 προσϐαλουσῶν,
1103 2302 1350 2366 ἄσειστος
1381 2303 1630 2376 διαμείνῃ
1677 2303 1818 2357 κατὰ
1847 2304 1943 2376 τὴν

381 2390 559 2443 πίστιν
578 2430 596 2456 ,
620 2392 729 2446 Καὶ
758 2392 855 2446 ἐπὶ
894 2393 1171 2463 ποταμῶν
1193 2410 1206 2422 ·
1237 2393 1375 2447 ὥστε
1406 2396 1499 2448 καὶ
1536 2394 1813 2464 ποταμοὺς
1844 2394 1944 2458 τὰς

2047 1217 2272 1272 regnum
2299 1201 2561 1271 unigeniti
2592 1200 2685 1255 Dei
2715 1200 2876 1257 Verbi
2911 1204 2964 1257 in
2989 1219 3181 1259 omnes
3201 1214 3407 1274 gentes.

2109 1468 2165 1522 2.
2206 1466 2324 1537 Ipse
2350 1483 2502 1536 super
2529 1471 2698 1523 maria
2728 1472 2965 1541 fundarit
2992 1489 3131 1529 eum.
3171 1472 3248 1529 Ne
3272 1476 3398 1545 quis
3423 1490 3489 1532 ex
3512 1478 3606 1532 ad—

2043 1561 2295 1616 versariis
2322 1571 2535 1631 putaret
2563 1571 2758 1616 terram
2786 1562 3012 1620 'Satana
3038 1580 3178 1631 esse,
3199 1565 3310 1636 jam
3347 1581 3475 1621 vero
3499 1567 3600 1637 ipsi

2044 1653 2314 1708 dominari
2333 1654 2633 1720 (Ihristum,
2662 1655 3022 1725 Irujus‘gratia
3048 1656 3328 1712 Christum
3352 1657 3473 1727 ejus
3486 1660 3603 1728 opio

2045 1747 2198 1802 licem
2223 1747 2484 1810 declarat,
2515 1754 2569 1800 et
2592 1762 2698 1801 uua
2722 1756 3046 1817 potestatem
3071 1749 3190 1817 ejus
3213 1750 3472 1816 ostendit,
3495 1735 3603 1820 qu’a

2045 1849 2249 1894 tantam
2285 1850 2440 1894 terra:
2459 1840 2655 1894 molem
2672 1854 2852 1908 super
2875 1854 3047 1909 aquas
3078 1839 3340 1894 fundavit.
3359 1838 3426 1893 Et
3451 1829 3605 1909 suer

2041 1932 2266 2001 ﬂumina
2290 1933 2606 1999 pra'purauit
2627 1947 2765 1984 eum.
2788 1932 2964 1996 Idest,
2989 1931 3356 1986 concinnavit.

2112 2206 2457 2296 [Tuncenim
2511 2200 2719 2265 ιοοιοειὲι
2744 2210 3467 2282 εοιίᾶὶιθιθηινθοοίρὶινοιιπι
3486 2209 3602 2265 ﬂu-

2041 2297 2220 2354 ctibus
2258 2314 2323 2354 ac
2351 2302 2763 2371 tempestatibus
2812 2303 3055 2372 impetita
3093 2301 3391 2358 immobilis
3415 2301 3469 2356 in
3497 2301 3605 2356 dde

2042 2403 2382 2462 perseverat:
2420 2391 2486 2445 Et
2514 2409 2667 2462 super
2685 2394 2946 2462 ﬂumina;
2978 2394 3050 2448 ita
3080 2401 3142 2448 ut
3167 2394 3285 2448 sine
3312 2394 3469 2449 obice
3497 2393 3603 2448 Ilu—

380 2480 641 2547 διεξόδους
665 2483 955 2548 ἀκωλύτως
985 2486 1268 2552 ποιεῖσθαι,
1292 2485 1393 2558 δρη
1419 2504 1480 2539 τε
1511 2488 1606 2540 καὶ
1632 2486 1767 2558 ἄλση
1798 2487 1943 2556 ζωῆς

2067 2483 2190 2537 nina
2211 2483 2387 2539 exitus
2418 2485 2711 2555 reperiant,
2737 2496 2952 2540 montes
2985 2494 3039 2539 et
3063 2485 3212 2540 silvae
3252 2485 3325 2540 ab
3355 2486 3606 2541 animan-

383 2573 787 2645 ἀπονέμεσθαι,
823 2575 1005 2647 χώρας
1050 2578 1144 2630 καὶ
1192 2577 1444 2641 πεδιάδας
1494 2578 1574 2640 εἰς
1621 2578 1796 2641 οἰκίας
1842 2579 1939 2631 καὶ

381 2664 651 2733 γεωργίας
678 2663 981 2736 ἀνθρώποις
1013 2666 1366 2738 ἁφωρίσθαι.]

454 2753 550 2817 Τίς
591 2752 957 2818 ἀναϐήσεται
1010 2757 1097 2821 εις
1138 2755 1204 2808 τὸ
1249 2755 1386 2824 ὅρος
1424 2755 1531 2810 τοῦ
1577 2757 1795 2825 Κυρίου
1831 2755 1941 2828 (8);

375 2842 535 2897 Μετὰ
561 2843 623 2895 τδ
646 2843 900 2898 ἐκθέσθαι
927 2846 1027 2917 τὴν
1050 2847 1253 2909 πίστιν,
1283 2847 1377 2900 καὶ
1399 2846 1574 2919 ἔργων
1601 2847 1945 2913 διδασκαλίας

389 2932 673 3003 ἐξηγεῖται,
700 2935 786 2989 ἶνα
815 2936 882 2989 δι’
913 2938 1236 3009 ἀμφοτέρων
1262 2938 1362 3008 τῆς
1390 2938 1558 3003 ὅντως
1585 2939 1944 3011 κληρονομίας

386 3022 722 3095 ἐπιτύχωμεν
753 3025 802 3078 οἱ
832 3025 1138 3090 ἀκούοντες.

466 3112 666 3180 Ἁθῶος
692 3114 864 3184 χερσὶ
885 3115 984 3171 καὶ
1006 3117 1263 3185 καθαρὸς
1287 3116 1361 3187 τῇ
1392 3117 1623 3187 καρδίᾳ.
1653 3119 1788 3191 Περὶ
1820 3119 1944 3173 τού-

381 3219 471 3255 του
502 3203 714 3273 εἴρηται
752 3205 809 3258 ὲν
848 3204 926 3276 τῷ
963 3208 1532 3280 τεσσαρεσκαιδεκάτῳ
1575 3209 1791 3281 ψαλμῷ.
1840 3213 1943 3277 Ὃς

376 3296 491 3349 οὐκ
521 3295 736 3350 ἔλασεν
768 3296 867 3350 ἐπὶ
903 3299 1132 3366 ματαίῳ
1170 3297 1285 3367 τὴν
1331 3299 1544 3370 ψυχὴν
1570 3300 1777 3356 αὐτοῦ.
1820 3302 1943 3355 Μα-

380 3387 600 3441 ταίωσιν
623 3388 722 3459 τὴν
751 3388 1193 3462 ὑψηλοφροσύνην
1237 3392 1388 3463 φησί.
1422 3393 1535 3446 Καὶ
1567 3395 1676 3447 οὐκ
1704 3393 1943 3463 ὤμοσεν

378 3478 474 3533 ἐπὶ
505 3478 663 3545 δόλῳ
683 3479 762 3545 τῷ
786 3481 1052 3548 πλησίον
1086 3482 1294 3536 αὑτοῦ.

452 3564 640 3635 Οὗτος
674 3569 932 3638 λήψεται
973 3572 1273 3641 εὐλογίαν.
1303 3573 1408 3627 Τδν
1446 3573 1685 3628 τοιοῦτον
1719 3576 1944 3647 γενόμε-

380 3677 467 3712 νον
506 3660 681 3714 ἀθῶον
733 3663 890 3733 χερσὶ
932 3664 1025 3717 καὶ
1057 3663 1295 3735 καθαρὸν
1337 3668 1404 3735 τῇ
1448 3666 1679 3737 καρδίᾳ,
1722 3668 1817 3719 καὶ
1849 3669 1941 3722 ἐπὶ

2043 2575 2190 2632 tibus
2219 2560 2549 2642 incolantur,
2582 2579 2693 2648 agri
2720 2587 2774 2633 et
2801 2577 3048 2648 planities
3081 2578 3137 2632 in
3171 2578 3364 2633 domos
3385 2587 3439 2632 et
3458 2579 3605 2648 agri-

2043 2667 2313 2723 culturam
2346 2669 2661 2724 hominibus
2693 2669 3069 2742 seponantur.‘]

2111 2760 2166 2816 5.
2211 2759 2341 2826 Quis
2389 2763 2631 2817 ascendet
2661 2764 2715 2816 in
2768 2772 2994 2816 montem
3023 2760 3603 2834 Domini?Pnstquam

2041 2844 2199 2901 ﬁdem
2226 2848 2495 2917 exposuit,
2528 2847 2639 2917 jam
2663 2862 2889 2918 operum
2923 2847 3229 2903 doctrinam
3265 2858 3505 2916 enarrat,
3546 2860 3607 2905 ut

2041 2946 2308 3008 quotquot
2364 2939 2697 2994 audierimus
2751 2947 2806 2993 et
2854 2938 3450 3009 obtemperaverimus,
3503 2956 3605 3011 per

2042 3038 2350 3100 utramque,
2381 3044 2565 3084 veram
2590 3029 2957 3084 haereditatem
2986 3030 3394 3087 nanciscamur.

2109 3120 2164 3176 4.
2197 3118 2454 3175 Innocens
2486 3122 2727 3176 manibus
2772 3129 2822 3175 et
2851 3122 3047 3175 mundo
3084 3122 3258 3176 corde.
3301 3120 3414 3177 Hac
3451 3123 3519 3178 de
3545 3139 3605 3178 re

2041 3212 2245 3267 dictum
2270 3211 2371 3267 fuit
2396 3213 2449 3267 in
2472 3213 2684 3269 decimo
2714 3223 2912 3285 quarto
2939 3214 3170 3285 psalmo.
3208 3212 3312 3279 Qui
3329 3231 3440 3270 non
3465 3232 3607 3271 acoe-

2041 3297 2119 3365 pit
2154 3298 2209 3351 in
2235 3314 2367 3352 uano
2398 3301 2632 3354 animum
2668 3318 2841 3358 suam.
2867 3301 3198 3369 Vanitatem,
3227 3303 3282 3357 id
3307 3314 3391 3358 est
3409 3320 3603 3377 super-

2043 3390 2208 3446 biam.
2246 3390 2358 3447 Nec
2373 3393 2577 3463 jurauit
2613 3396 2669 3447 in
2697 3395 2819 3449 dolo
2841 3398 3083 3465 proximo
3112 3413 3231 3454 suo.

2111 3566 2166 3621 5.
2190 3565 2289 3620 Hie
2314 3567 2531 3637 accipiet
2562 3566 3028 3624 benedictionema
3045 3570 3290 3638 Domino,
3318 3580 3422 3627 etc.
3445 3572 3607 3643 Ejus-

2043 3657 2189 3712 modi
2217 3658 2488 3714 hominem
2526 3660 2619 3730 qui
2644 3658 2810 3716 l‘uerit
2848 3661 3112 3718 innocens
3142 3664 3418 3732 manibus,
3442 3665 3608 3719 cordo

380 3751 514 3823 δόλῳ
542 3753 616 3823 μὴ
644 3752 916 3825 ὠμοκότα,
944 3755 1282 3826 ὑπισχνεῖται
1310 3756 1409 3820 τὰς
1434 3757 1585 3829 παρὰ
1616 3757 1749 3810 Θεοῦ
1778 3758 1942 3827 ληψό-

2067 3749 2301 3815 nundus,
2330 3764 2431 3805 nec
2472 3765 2596 3805 cum
2645 3750 2772 3807 dolo
2786 3752 3073 3820 juraverit,
3110 3753 3400 3822 pollicetur
3431 3769 3462 3809 a
3494 3753 3608 3809 Deo

387 3860 546 3914 μενον
563 3844 792 3917 δωρεὰς,
819 3844 939 3916 ἦτοι
962 3846 1209 3915 εὐλογίαν
1235 3847 1329 3900 καὶ
1357 3847 1521 3911 ἔλεος.

449 4019 611 4088 Αὕτη
654 4021 692 4088 ἠ
746 4021 921 4090 γενεὰ
959 4021 1289 4091 ζητούντων
1344 4024 1452 4078 τὸν
1486 4027 1722 4094 Κύριον.
1769 4028 1833 4079 Ἥ
1877 4028 1945 4080 τὰ

385 4111 750 4183 προειρημένα
778 4111 1058 4183 φυλάξασα
1072 4114 1245 4182 γενεά
1267 4131 1451 4187 φησιν.

455 4202 658 4270 Ἄρατε
680 4204 908 4269 πύλας,
930 4205 985 4257 οι
1004 4203 1312 4273 ἄρχοντες,
1341 4204 1607 4277 ὐμῶν-μοί
1637 4206 1945 4262 διακονοῦν-

383 4308 471 4355 τες
494 4292 575 4362 τῷ
612 4293 824 4366 Σωτῆρι
849 4294 941 4347 ἐπὶ
973 4295 1075 4366 γῆς
1116 4295 1335 4365 ἄγγελοι
1365 4335 1380 4361 ,
1424 4298 1940 4369 ἀναλαμϐανομένου

383 4379 579 4445 αὐτοῦ,
624 4383 742 4445 ταῖς
784 4383 1059 4454 οὐρανίαις
1107 4385 1366 4456 δυνάμεσι
1410 4386 1661 4458 δηλοῦσιν
1705 4389 1944 4458 ἀνοίγειν

378 4469 478 4535 τὰς
504 4471 696 4537 πύλας.

449 4560 687 4633 [Κύριος
719 4568 996 4636 κραταιὸς
1031 4569 1129 4624 καὶ
1159 4568 1434 4636 δυνατός.
1462 4568 1770 4635 Ξενίζονται
1800 4572 1857 4625 δὲ
1888 4576 1943 4626 αί

375 4651 667 4725 δυνάμεις,
716 4658 917 4731 δρῶσαι
961 4661 1097 4732 μετὰ
1126 4660 1325 4733 σαρκὸς
1354 4661 1517 4716 αὐτὸν
1545 4662 1945 4735 ὲμψυχωμένης

372 4742 555 4815 ψυχῆς
574 4750 787 4816 νοερᾶς.
812 4750 895 4805 διὸ
920 4751 1014 4805 καὶ
1045 4751 1451 4824 πννθάνονται.]

450 4939 546 5004 Τίς
580 4938 755 4993 ἐστιν
781 4933 956 5005 οὗτος
980 4940 1013 4992 ό
1049 4939 1346 5005 ,βασιλεὺς
1385 4938 1495 5007 τῆς
1519 4938 1740 5005 δόξης;
1778 4937 1945 5009 Ἐρω-

376 5029 539 5083 τῶσιν
563 5030 621 5084 αἱ
648 5028 761 5083 ἄνω
796 5027 1070 5098 δυνάμεις,
1098 5028 1160 5081 τὸ
1186 5025 1484 5099 παράδοξον
1508 5028 1606 5098 τῆς
1632 5024 1944 5094 οἰκονομίας

1971 3825 2015 3880 C
2046 3836 2206 3891 donis
2246 3838 2728 3903 remunerandum,
2755 3840 2962 3895 scilicet
3008 3840 3384 3897 benedictione
3412 3855 3467 3898 et
3504 3845 3609 3899 lni-

2047 3925 2362 3981 serieordia.

2120 4015 2174 4069 6.
2203 4014 2331 4070 Hec
2358 4026 2436 4070 est
2464 4019 2728 4087 generatio
2753 4019 3100 4090 quarentium
3137 4020 3443 4078 Dominum.
3474 4022 3606 4093 Quae

2046 4106 2251 4161 scilicet
2279 4107 2442 4176 prius
2455 4119 2753 4165 memorata
2773 4110 3026 4165 observat

2116 4196 2168 4252 7.
2199 4198 2436 4252 Attollile
2466 4189 2667 4269 portas',
2704 4202 2984 4272 principes,
3016 4215 3231 4259 vestras.
3258 4206 3447 4277 Angeli
3482 4207 3604 4267 Sal:

2043 4290 2249 4346 vatoris
2287 4290 2344 4345 in
2384 4299 2523 4346 terra
2550 4292 2878 4359 administri,
2908 4295 3029 4366 ipso
3051 4297 3408 4361 ascendente,
3442 4300 3606 4356 cele—

2045 4379 2219 4435 stibus
2240 4380 2531 4461 virtutibus
2562 4382 2882 4439 denuntiant
2902 4394 2965 4440 ut
2979 4394 3167 4455 portas
3192 4388 3465 4457 aperiant.

2116 4556 2396 4628 [Dominus
2446 4558 2610 4626 fortis
2660 4568 2720 4614 .et
2762 4570 2963 4629 potens.
3014 4558 3252 4632 Stupore
3299 4561 3607 4620 afﬁciuntur

2043 4661 2506 4723 potestates,cum
2536 4654 2720 4711 vident
2763 4656 2917 4711 illum
2960 4657 3015 4711 in
3051 4672 3216 4713 carne
3258 4673 3382 4713 cum
3424 4660 3607 4714 anima

2045 4744 2378 4815 intelligendi
2418 4746 2468 4799 vi
2513 4747 2773 4815 praedita;
2819 4754 2941 4818 qua:
2978 4764 3145 4805 causa
3194 4759 3280 4806 est
3312 4758 3371 4804 ut
3421 4751 3609 4808 scisci-

2038 4837 2270 4909 tentur.)

2119 4928 2168 4983 8.
2202 4928 2332 4995 Quis
2366 4939 2443 4983 est
2484 4933 2579 4985 iste
2608 4947 2698 4986 rex
2719 4932 2902 5003 gloria:
2922 4933 2948 4987 2
2980 4931 3320 5004 Interrogans
3361 4946 3607 5003 supernae

2046 5021 2291 5086 virtutes,
2323 5023 2744 5079 admirabilitate
2774 5025 3096 5080 oeconomia:
3133 5024 3464 5094 stupefactae.
3496 5022 3607 5076 Do-

378 5119 824 5191 ὶκπληττόμιναι.
855 5120 1065 5185 Κύριος
1088 5117 1207 5172 τῶν
1237 5117 1544 5187 δυνάμεων
1572 5116 1750 5180 αὑτός
1770 5114 1943 5215 ἐςτιν

2067 5114 2219 5168 uiuus
2246 5115 2496 5169 uirtutum
2531 5116 2639 5186 ipse
2659 5124 2736 5168 est
2767 5131 2858 5171 rex
2875 5116 3075 5186 gloria.
3098 5113 3201 5181 Qui
3232 5129 3356 5169 cum
3387 5112 3606 5169 Christo

377 5215 410 5266 ὁ
442 5210 744 5277 βασιλεὺς
779 5208 887 5277 τῆς
930 5208 1134 5276 δόξης.
1173 5206 1606 5277 Μυσταγωγοῦσι
1656 5204 1784 5268 τοὺς
1823 5203 1937 5257 ἄνω

2067 5206 2420 5269 ιεοεηᾶοιιιιιι,
2455 5222 2549 5263 eos
2594 5208 2688 5278 qui
2735 5206 2789 5261 in
2833 5206 2972 5263 caelo
3018 5216 3176 5262 erant
3212 5204 3434 5274 angelos
3472 5204 3602 5258 edo-

374 5304 423 5355 οἱ
452 5304 547 5357 σὺν
579 5302 732 5375 αὐτῷ
767 5300 1077 5364 ἀνελθόντες
1105 5299 1325 5369 ἄγγελοι
1365 5300 1428 5352 τὸ
1456 5298 1768 5370 μυστήριον,
1798 5295 1882 5348 ὅτι
1906 5295 1936 5345 ὁ

376 5396 760 5466 καταπατήσας
789 5393 915 5456 τοὺς
950 5391 1177 5463 ἐχθροὺς
1221 5391 1347 5453 τοὺς
1392 5389 1614 5460 νοητοὺς
1655 5386 1894 5458 δηλονότι
1918 5425 1934 5451 ,

376 5483 528 5551 οὗτός
551 5487 701 5540 ἐστιν
730 5486 761 5538 δ
790 5484 898 5537 τῶν
924 5483 1202 5537 δυνάμεων
1228 5481 1444 5553 Κύριος.

2041 5307 2166 5354 cent
2201 5298 2700 5370 mysterium,quod
2728 5300 2932 5355 scilicet
2961 5298 3052 5367 qui
3076 5294 3391 5365 spirituales
3419 5294 3601 5351 hostes

2040 5390 2379 5446 conculcavit
2404 5392 2519 5462 ipse
2544 5391 2615 5447 sit
2646 5407 2737 5447 rex
2771 5392 2974 5464 gloriae.

440 5734 514 5806 (8)
553 5733 813 5789 Ambros.
870 5733 1057 5790 addit:
1112 5733 1338 5806 Εἴρηται
1394 5733 1518 5807 περὶ
1567 5730 1768 5786 τούτων
1810 5732 1880 5825 ἂν⁷
1922 5747 1943 5784 1

2067 5729 2091 5784 i'
2123 5726 2340 5801 ψαλμῷ.
