3944 6220
301 312 402 371 H5

615 433 663 485 l.
707 428 1040 487 PSALMUS
1068 429 1270 485 David.
1292 430 1506 484 XXIV.

624 533 635 544 '
879 523 1274 593 Argumentum.

295 623 350 676 in
387 618 636 691 prtesenti
688 617 895 688 psalmo
949 615 1237 684 cujuslibet
1287 628 1472 668 eorum
1530 615 1621 683 qui
1674 614 1846 668 vocati

363 719 491 767 sunt
535 725 764 780 persona
804 707 1113 762 inducitur:
1148 719 1335 760 eorum
1379 705 1584 759 scilicet
1620 705 1713 773 qui
1743 721 1848 759 una

365 802 522 858 electi
575 810 702 856 sunt
741 808 799 853 ut
843 799 908 853 ad
941 798 1274 867 spiritualem
1317 796 1480 849 vitam
1527 795 1844 866 dirigantur.

370 895 494 950 Haec
537 908 700 963 porro
741 893 903 946 verba
943 901 1178 959 tempore
1210 887 1455 957 martyrii
1493 886 1718 941 recitatu
1747 902 1846 956 op-

363 997 596 1061 portuna
617 993 764 1040 sunt.

362 1083 445 1138 Ad
475 1092 541 1146 te,
573 1079 814 1143 Domine,
844 1076 1006 1130 levavi
1040 1075 1271 1128 animam
1294 1089 1480 1128 meam.
1513 1073 1622 1127 Ceu
1643 1071 1755 1143 jam
1779 1072 1847 1126 ab

296 1171 600 1229 idololatria
627 1168 804 1224 aversi
848 1166 1164 1235 loquuntur.

367 1267 420 1320 5.
454 1263 632 1334 Neque
656 1260 912 1315 irrideant
940 1273 1019 1311 me
1046 1256 1247 1310 inimici
1279 1256 1396 1308 mei.
1429 1253 1747 1324 Spirituales
1769 1253 1847 1306 vi—

294 1358 510 1412 delicet.

365 1446 564 1516 Adjicit
587 1440 1087 1496 DanielBarbarus:
1106 1434 1433 1492 Exsecrandi
1449 1443 1503 1489 et
1524 1434 1720 1504 impuri
1747 1433 1848 1487 d33-

296 1552 506 1602 mones,
533 1533 781 1590 diabolus
808 1545 930 1586 cum
955 1528 1132 1598 impiis
1153 1526 1481 1582 hominibus.
1514 1523 1639 1579 ﬂare
1667 1533 1844 1578 autem

294 1630 426 1685 dicit
453 1643 576 1682 eum
601 1624 744 1679 forte
779 1621 1071 1693 praevideat
1097 1618 1298 1674 Christi
1323 1616 1709 1672 humanitatem
1741 1614 1845 1686 (in-

294 1720 709 1790 carnationem),
733 1725 1020 1788 postquam
1041 1714 1383 1768 inimicorum
1419 1711 1561 1766 risus
1587 1711 1836 1766 cessavit.

367 1815 594 1892 [lniquis
623 1811 779 1882 quasi
807 1810 1026 1878 iniquus
1053 1807 1230 1862 factus
1250 1819 1392 1861 sum.
1412 1801 1535 1858 Haec
1559 1804 1702 1858 enim
1738 1800 1839 1856 itii-

294 1912 475 1983 quitas
502 1921 608 1962 non
634 1903 835 1958 frustra
861 1897 1011 1970 fuit.]

367 2001 572 2056 Etenim
608 1993 834 2050 universi
865 1993 954 2062 qui
990 1990 1243 2045 sustinent
1281 1999 1352 2056 te,
1391 2005 1492 2041 non
1527 1985 1846 2056 confunden-

296 2105 402 2150 tur.
439 2087 700 2158 Exemplo
731 2099 920 2140 eorum
968 2081 1061 2152 qui
1089 2081 1196 2151 iam
1234 2088 1359 2135 ante
1401 2079 1453 2134 in
1502 2078 1610 2133 Deo
1655 2075 1846 2131 conﬁsi

294 2185 535 2241 illustres
576 2177 704 2234 lacti
751 2181 906 2240 sunt,
936 2172 1063 2242 quia
1107 2170 1360 2225 ﬁduciam
1409 2168 1589 2234 habet,
1619 2167 1848 2223 aﬂirmat

293 2277 537 2333 futurum
585 2284 738 2334 esse,
776 2275 834 2320 ut
872 2263 1018 2334 quod
1057 2263 1110 2316 in
1156 2261 1298 2316 votis
1340 2268 1425 2316 est
1460 2268 1843 2328 consequatur.

295 2363 697 2436 Confundantur
725 2359 907 2426 iniqua
934 2363 1140 2424 agentes
1177 2367 1511 2421 supervacue.
1541 2348 1668 2405 "me
1686 2349 1752 2405 de
1780 2348 1848 2404 iis

291 2456 554 2528 loquitur,
581 2450 673 2522 qui
698 2449 876 2504 adhuc
903 2444 1170 2499 idolorum
1199 2442 1347 2498 cultu
1375 2442 1707 2496 detinentur.

365 2544 798 2620 [Confundantur
837 2538 1020 2606 iniqua
1069 2542 1298 2605 agentes,
1349 2533 1417 2588 ab
1458 2531 1526 2588 iis
1565 2531 1659 2602 qui
1695 2544 1843 2601 spem

293 2655 448 2696 suam
481 2638 535 2690 in
559 2635 666 2690 Deo
686 2634 1172 2703 posuerunt,atque
1193 2625 1322 2680 clari
1350 2622 1523 2679 eﬂecti
1553 2631 1700 2686 sunt,
1718 2621 1846 2691 quia

295 2730 637 2787 conﬁdebant
686 2739 745 2779 se
789 2734 950 2791 posse
989 2727 1176 2773 votum
1222 2714 1504 2783 consequi.
1532 2712 1635 2780 Qui
1680 2720 1846 2783 agunt

294 2824 501 2892 inique,
535 2828 846 2885 supervacue
877 2809 1019 2864 ﬁrmi
1048 2808 1347 2864 consistere
1389 2805 1598 2859 volunt.
1625 2803 1748 2858 Haec
1780 2805 1846 2860 de

293 2917 361 2971 iis
408 2913 684 2974 dicuntur,
710 2903 806 2961 oui
851 2901 1028 2956 adhuc
1075 2899 1132 2952 in
1185 2897 1452 2952 idolorum
1482 2895 1628 2950 cultu
1677 2895 1844 2950 uersi-

293 3001 488 3073 stunt.]

1134 313 1188 367 S.
1233 312 1599 367 ATHANASII
1637 311 1784 367 OPP.
1828 312 2009 366 PARS
2047 312 2134 369 HI.
2174 343 2242 354 -—
2280 311 2683 367 EXEGETICA.

3392 313 3499 369 ML

2330 433 2632 483 ΨΑΑΜοΣ
2663 428 2741 494 τῷ
2776 429 2968 482 sauia.
3013 433 3133 484 Ka'.

2568 520 2886 585 Ὑπόθεσις.

1961 613 2047 666 Ἐν
2087 613 2164 683 τῷ
2211 612 2550 684 προκειμένῳ
2577 609 2774 680 ψαλμῷ
2813 610 2873 663 τὸ
2903 610 3127 665 ἑκάστου
3156 611 3264 664 τῶν
3308 612 3501 684 κεκλη-

2019 704 2192 773 μένων
2219 702 2524 774 εἰσφέρεται
2551 701 2835 771 πρόσωπον
2856 716 2870 729 ⁸
2897 702 3062 770 ἤγουν
3085 701 3258 754 αὐτῶν
3289 703 3397 756 τῶν
3422 704 3498 772 (9)

2016 797 2435 867 συνειλεγμένων
2462 795 2541 858 εἰς
2571 793 2667 864 τὴν
2698 794 3066 863 πνευματικὴν
3105 793 3499 847 ἀπευθύνεσθαι

2017 886 2178 958 ζωήν.
2228 889 2314 940 Ἐν
2369 887 2543 958 καιρῷ
2584 885 2639 938 δὲ
2687 885 2979 954 μαρτυρίου
3025 884 3239 937 λεκτέον
3284 884 3501 946 τούτους

2015 981 2136 1043 τοὺς
2165 979 2372 1048 λόγους.

2015 1068 2169 1137 Πρὸς
2193 1069 2287 1132 σὲ,
2315 1069 2511 1136 Κύριε,
2543 1065 2657 1139 ἦρα
2695 1068 2808 1136 τὴν
2833 1068 3043 1138 ψυχήν
3078 1085 3215 1136 μου.
3255 1067 3339 1129 Ὠς
3369 1067 3500 1119 ἀπο-

1947 1160 2272 1234 στραφέντες
2298 1161 2398 1231 ἤδη
2429 1159 2528 1228 τῆς
2549 1160 2985 1232 είδωλολατρείας
3015 1159 3196 1228 φασίν.

2012 1251 2177 1320 Μηδὲ
2203 1248 2780 1321 καταγελασάτωσάν
2805 1268 2924 1320 μου
2948 1253 3001 1303 οὶ
3031 1249 3248 1319 ἐχθροί.
3286 1251 3348 1301 Ui
3379 1267 3501 1319 νοση-

1945 1343 2025 1395 τοὶ
2055 1342 2314 1413 δηλονότι.

2027 1433 2246 1506 Ἐχθρὸς
2289 1435 2345 1488 δὲ
2387 1436 2414 1487 ὁ
2460 1434 2701 1497 διάϐολος
2746 1432 2881 1503 μετά
2914 1431 3202 1501 δαιμονίων
3250 1431 3342 1482 καὶ
3393 1431 3500 1482 τῶν

1944 1523 2279 1577 ἀσεϐούντων
2322 1523 2640 1596 ἀνθρώπων.
2691 1522 2849 1586 Ἰσως
2897 1521 2952 1574 δὲ
3006 1522 3099 1572 καὶ
3146 1520 3354 1590 προορᾷ
3405 1517 3497 1572 τοῦ

1945 1614 2193 1686 Σωτῆρος
2211 1614 2308 1686 τὴν
2331 1614 2756 1685 ὲνανθρώπησιν,
2793 1611 2912 1684 μεθ’
2942 1612 3008 1682 ἢν
3039 1611 3131 1664 καὶ
3155 1610 3262 1662 τῶν
3293 1610 3500 1682 ἐχθρῶν

1944 1700 2214 1756 πέπαυται
2251 1701 2404 1771 λόγος
2433 1700 2668 1774 [γέλω;].

2011 1791 2335 1865 [Ἑγενήθην
2372 1795 2483 1856 τοῖς
2515 1793 2733 1863 ἀνόμοις
2777 1793 2855 1872 ᾡς
2882 1792 3097 1861 ἄνομος.
3142 1790 3285 1860 Αὕτη
3325 1791 3432 1863 γὰρ
3461 1795 3494 1863 ἡ

1943 1884 2136 1954 ἀνομία
2158 1885 2494 1956 οὑδιακενῆς
2525 1877 2787 1955 ὲγένετο.]

2011 1976 2120 2031 Καὶ
2149 1978 2257 2047 γὰρ
2284 1977 2502 2043 πάντες
2543 1981 2596 2031 οἱ
2622 1975 3023 2046 ὐπομέγοντές
3054 1989 3129 2029 σε
3152 1977 3223 2030 οὐ
3247 1975 3332 2045 μὴ
3356 1994 3495 2030 κατ-

1941 2067 2368 2138 αισχυνθῶσιν.
2428 2068 2559 2122 Ἀπὸ
2597 2069 2704 2121 τῶν
2739 2066 2837 2138 ῆδη
2883 2067 3214 2120 πεποιθότων
3261 2068 3352 2120 ἐπὶ
3381 2068 3497 2137 Θεῷ

1943 2160 2036 2213 καὶ
2089 2161 2392 2232 γενομένων
2439 2160 2735 2232 λαμπρῶν,
2781 2158 2871 2214 διά
2927 2159 2989 2212 τὸ
3034 2158 3129 2230 τὴν
3179 2160 3497 2231 πεποίθησιν

1943 2249 2084 2320 ἔχειν
2103 2251 2200 2322 τῆς
2218 2250 2380 2321 εὐχῆς
2403 2247 2800 2315 ὲπιτεύξασθαι,
2817 2247 3221 2318 διισχυρίζεται.
3236 2251 3494 2318 Αἰσχυν-

1944 2339 2218 2406 θήτωσαν
2265 2342 2320 2394 οἱ
2367 2340 2726 2409 ἀνομοῦντες
2764 2338 3061 2406 διακενῆς.
3125 2338 3308 2392 Ταῦτα
3371 2339 3498 2409 περὶ

1941 2432 2048 2486 τῶν
2075 2432 2173 2504 ἤδη
2200 2431 2574 2502 κατεχομένων
2599 2433 2656 2485 ὲν
2689 2429 3094 2500 είδωλολατρείᾳ
3128 2429 3308 2498 φησίν.

2014 2523 2543 2594 [Αἰσχυνθὴτωσαν
2581 2525 2637 2576 οἱ
2674 2521 3066 2592 ἁνομοῦντες,
3103 2519 3210 2574 ἀπὸ
3250 2519 3358 2572 τῶν
3395 2520 3494 2590 ἤδη

1944 2612 2274 2666 πεποιθότων
2304 2612 2396 2666 ἐπὶ
2415 2611 2532 2682 Θεῷ
2559 2613 2649 2665 καὶ
2676 2611 2980 2682 γενομένων
3008 2607 3294 2680 λαμπρῶν,
3325 2606 3410 2659 διὰ
3437 2611 3498 2658 τὸ

1943 2705 2038 2775 τὴν
2064 2704 2380 2775 πεποίθησιν
2407 2703 2548 2775 ἔχειν
2572 2703 2670 2773 τῆς
2695 2702 2859 2772 εὐχῆς
2880 2698 3278 2764 ὲπιτεύξασθαι.
3327 2699 3493 2767 Ἰσχυ-

1949 2797 2179 2866 ρίζονται
2221 2797 2270 2850 οἱ
2316 2795 2640 2867 ἀνομοῦντες
2670 2791 2966 2860 διακενῆς.
3003 2789 3184 2845 Ταῦτα
3223 2789 3353 2862 περὶ
3388 2787 3495 2840 τῶν

1945 2888 2021 2940 ἔτι
2054 2888 2429 2960 κατεχομένων
2458 2889 2513 2940 ὲν
2543 2884 2996 2956 εἰδωλολατρείᾳ.]

362 3099 417 3153 Ai.
455 3093 579 3149 Vias
607 3100 745 3155 tuas,
779 3084 1014 3148 Domine,
1039 3080 1338 3135 demonstra
1362 3077 1509 3132 mihi.
1529 3075 1845 3143 Evangelica

2023 3092 2131 3156 Τὰς
2163 3091 2340 3155 ὁδούς
2365 3104 2500 3157 σου,
2535 3090 2728 3158 Κύριε,
2757 3086 3046 3158 γνώρισον
3071 3103 3192 3154 μοι.
3227 3085 3268 3137 Τ
3271 3084 3304 3137 ἀ
3330 3084 3491 3152 εὐαγ-

293 3191 544 3261 dogmata
585 3186 682 3239 ait.

366 3286 419 3340 5.
439 3282 619 3350 Dirige
643 3294 721 3331 me
751 3276 803 3329 in
833 3273 1046 3328 veritate
1077 3279 1188 3324 tua.
1220 3267 1346 3322 Haec
1378 3267 1473 3334 ait,
1504 3274 1563 3320 ut
1583 3266 1676 3335 qui
1708 3281 1846 3320 non-

293 3380 419 3434 dum
448 3375 512 3430 ad
542 3374 819 3428 veritatem
848 3363 1154 3421 accesserit.
1187 3360 1255 3414 Et
1288 3360 1413 3414 doce
1441 3375 1539 3424 me,
1569 3359 1693 3428 quia
1719 3366 1775 3410 tu
1792 3374 1845 3411 es

295 3470 435 3524 Deus
488 3466 720 3521 salvator
766 3475 930 3513 meus.
976 3455 1110 3510 Cum
1153 3453 1409 3524 propheta
1452 3451 1527 3504 ita
1557 3459 1674 3504 oret
1707 3463 1771 3505 ac
1800 3449 1847 3504 si

293 3561 536 3619 nondum
577 3552 888 3626 cognoverit
927 3550 1042 3604 vias
1081 3545 1316 3612 Domini,
1348 3558 1524 3612 neque
1571 3541 1850 3597 edidicerit

295 3650 542 3707 iicedere
582 3646 633 3700 in
679 3641 885 3698 semitis
916 3639 1067 3708 ejus;
1109 3636 1339 3690 necdum
1387 3632 1626 3687 directus
1667 3631 1737 3686 sit
1780 3631 1847 3685 ad

293 3741 573 3797 veritatem
626 3734 755 3799 Dei,
803 3747 904 3786 nec
943 3730 1167 3784 edoctus
1213 3727 1280 3781 de
1321 3724 1430 3780 Deo
1466 3735 1525 3780 ut
1553 3725 1845 3790 salvatore,

292 3834 419 3904 quis
449 3846 555 3885 non
587 3824 960 3883 reformidahit
980 3821 1109 3876 illud
1132 3839 1146 3874 :
1169 3818 1257 3873 Vw
1273 3818 1382 3872 illis
1404 3817 1494 3886 qui
1517 3814 1616 3871 sibi
1637 3815 1846 3885 sapien-

295 3936 368 3980 tes
397 3934 444 3978 et
468 3920 673 3990 judicio
698 3934 791 3972 suo
818 3916 957 3970 docti
986 3922 1105 3968 sunt
1133 3913 1210 3964 “l

366 4103 416 4154 7.
447 4099 652 4153 Delicta
675 4095 965 4167 juventutis
1006 4107 1131 4146 mea:
1169 4098 1218 4144 et
1250 4087 1580 4159 ignorantias
1613 4100 1751 4138 meas
1783 4099 1845 4137 ne

292 4193 607 4246 memineris.
637 4188 978 4243 Juventutem
1010 4183 1290 4240 stultitiam
1320 4181 1414 4235 ait.
1441 4179 1637 4248 Aperta
1664 4185 1843 4230 autem

293 4285 518 4341 stultitia
554 4291 670 4337 erat
710 4279 1024 4334 idololatriae
1059 4289 1243 4331 eorum
1268 4282 1497 4342 tempus.
1524 4270 1643 4324 Alio
1685 4267 1846 4322 modo

293 4392 387 4447 per
419 4375 611 4430 delicta
639 4370 938 4441 iuventutis
977 4382 1039 4421 ea
1071 4381 1190 4435 qua!
1216 4365 1270 4417 in
1305 4362 1536 4433 [Egypto
1558 4368 1841 4430 perpetra-

1947 3182 2134 3251 γελικά
2161 3183 2404 3252 δόγματά
2436 3198 2618 3252 φησιν.

2025 3274 2345 3344 Ὁδήγησόν
2363 3291 2438 3344 με
2461 3274 2557 3326 ἐπὶ
2592 3273 2706 3341 τὴν
2732 3269 3036 3338 ἀλήθειαν.
3075 3272 3162 3333 Ὠς
3196 3269 3328 3340 μηδὲ
3355 3267 3492 3338 φθά-

1946 3383 2040 3429 σας
2060 3366 2151 3418 ὲπὶ
2172 3365 2266 3434 τὴν
2286 3364 2537 3436 ἀλήθειαν
2565 3363 2733 3417 ταῦτά
2764 3379 2945 3434 φησιν.
2989 3361 3098 3414 Καὶ
3133 3359 3378 3423 δίδαεόν
3398 3375 3492 3427 με,

1945 3458 2033 3511 ὅτι
2053 3458 2131 3511 σὺ
2153 3453 2211 3510 εἷ
2234 3460 2266 3510 ὁ
2303 3455 2445 3520 Θεὸς
2477 3458 2509 3509 ὁ
2542 3453 2742 3521 Σωτήρ
2764 3471 2902 3523 μου.
2928 3453 3032 3505 Τοῦ
3063 3452 3361 3522 προφήτου,
3394 3468 3492 3521 μη-

1944 3549 2086 3602 δέπω
2113 3548 2405 3616 ἐγνωκότος
2430 3546 2526 3609 τάς
2559 3546 2710 3608 ὁδοὺς
2737 3544 2964 3615 Κυρίου,
2997 3543 3128 3615 μηδὲ
3155 3542 3495 3612 διδαχθέντος

1946 3637 2266 3708 πορεύεσθαι
2297 3634 2514 3706 τρίϐους
2547 3633 2711 3687 αὐτοῦ
2733 3674 2747 3696 ,
2779 3634 2874 3686 καὶ
2916 3633 2991 3695 ὡς
3041 3631 3263 3703 μηδέπω
3302 3630 3494 3700 ὁδηγη-

1946 3728 2124 3790 θέντος
2156 3728 2245 3781 ἐπὶ
2278 3726 2373 3798 τὴν
2401 3724 2651 3796 ἀλήθειαν
2680 3723 2771 3777 τοῦ
2803 3723 2957 3787 Θεοῦ,
2995 3723 3126 3794 μηδὲ
3155 3721 3493 3793 διδαχθέντος

1947 3819 2072 3890 περὶ
2099 3818 2230 3870 Θεοῦ
2262 3817 2335 3880 ὡς
2375 3816 2622 3886 Σωτῆρος
2642 3856 2656 3877 ,
2701 3815 2871 3878 οὕτως
2912 3813 3202 3884 εὐχομένου
3225 3854 3238 3877 ,
3286 3812 3368 3874 τίς
3397 3812 3496 3864 οὐκ

1946 3907 2366 3979 εὐλαϐηθήσεται
2405 3907 2465 3960 τὸ
2486 3946 2502 3968 ,
2539 3908 2683 3960 Οὐαὶ
2721 3909 2773 3960 οὶ
2806 3904 2983 3975 σοφοὶ
3011 3905 3080 3958 ὲν
3105 3904 3364 3970 ἑαυτοῖς,
3398 3901 3496 3956 καὶ

1945 3998 2194 4058 ἐνώπιον
2223 3997 2419 4052 αὐτῶν
2441 3996 2830 4066 ἐπιστήμονες
2842 4014 2861 4060 ;

2027 4091 2315 4161 Ἁμαρτίας
2362 4089 2637 4156 νεότητός
2668 4106 2785 4156 μου
2830 4089 2926 4140 καὶ
2975 4088 3218 4156 ἀγνοίας
3253 4103 3370 4156 μου
3408 4083 3494 4154 μὴ

1939 4181 2236 4251 μνησθῇς.
2264 4181 2508 4250 Νεότητα
2540 4181 2636 4250 τὴν
2661 4183 2967 4250 ἀφροσύνην
2995 4179 3174 4248 φησίν.
3195 4174 3493 4248 Ἀφροσύνη

1943 4270 1998 4321 δὲ
2039 4268 2210 4339 σαφὴς
2253 4270 2280 4321 ὁ
2322 4267 2419 4338 τῆς
2449 4266 2884 4337 είδωλολατρείας
2925 4267 3105 4320 αὐτῶν
3141 4267 3347 4338 καιρός.
3387 4264 3495 4317 Καὶ

1944 4360 2115 4422 ἄλλως
2141 4359 2408 4430 ἁμαρτίας
2439 4357 2532 4412 τοῦ
2560 4357 2689 4411 λαοῦ
2719 4359 2814 4421 τὰς
2850 4361 2907 4413 ὲν
2934 4360 3221 4428 Δίγύπτῳ³
3254 4357 3347 4410 καὶ
3385 4356 3494 4426 γὰρ

292 4446 420 4521 runt
447 4466 736 4536 intelligit:
781 4478 902 4517 nam
931 4468 984 4515 et
1013 4460 1123 4512 illic
1165 4457 1430 4512 idolorum
1466 4453 1634 4508 cultui
1672 4467 1839 4507 vaca-

1961 4449 2422 4520 ίίδωλολὰτρευσαν
2461 4451 2594 4503 ἐκεῖ.
2627 4450 2716 4518 Μὴ
2745 4446 2836 4502 οὖν
2864 4449 3085 4502 ἐκείνων
3117 4448 3222 4501 τῶν
3247 4449 3494 4519 ἀμαρτη-

291 4567 439 4611 runt.
468 4557 751 4626 Ne-itaque
779 4554 1094 4609 delictorum
1127 4549 1340 4603 illorum
1369 4547 1480 4618 jam
1506 4544 1840 4602 memineris.

291 4652 391 4709 sed
421 4625 771 4706 humanitatis
798 4659 850 4700 et
875 4641 1257 4699 misericordiae
1289 4655 1395 4711 qua
1425 4649 1552 4693 tunc
1579 4636 1663 4691 vel
1692 4625 1845 4705 ignoJ

290 4753 474 4802 rantes
503 4748 825 4812 prosecutus
859 4753 936 4791 es.
983 4734 1203 4801 Propter
1226 4732 1507 4785 bonitatem
1541 4737 1707 4791 tuam,
1738 4724 1843 4777 Do-

291 4837 447 4891 mine.
480 4831 596 4885 Non
622 4831 765 4884 enim
793 4843 924 4882 mea:
950 4823 1246 4894 dignitatis,
1283 4819 1377 4875 sed
1407 4829 1510 4872 tua:
1544 4814 1842 4884 benignita-

291 4929 364 4982 tis
390 4924 560 4996 gratia
587 4922 638 4976 id
669 4919 926 4988 consequi
956 4931 1105 4986 rogo.

353 5016 413 5070 8.
443 5013 670 5081 Propter
697 5011 792 5063 hoc
829 5008 990 5078 legem
1021 5005 1167 5060 dabit
1206 5000 1623 5073 delinquentibus
1650 5015 1707 5052 in
1732 4999 1833 5051 via.

289 5104 618 5160 llluminabit
643 5110 974 5172 peccatores,
1007 5096 1263 5152 indicabit
1293 5091 1636 5164 peccantibus
1670 5091 1832 5144 viam.

357 5195 444 5249 ιο.
480 5192 744 5247 Universae
772 5190 870 5244 via:
899 5187 1112 5241 Domini
1156 5183 1516 5238 misericordia
1544 5191 1591 5234 et
1619 5181 1831 5242 veritas,

287 5294 394 5339 etc.
423 5285 558 5338 Nam
597 5283 691 5353 qui
737 5279 938 5348 divinis
969 5277 1312 5334 sermonibus
1341 5275 1555 5330 assidue
1587 5273 1836 5328 nutriun~

291 5383 398 5438 tur,
429 5385 677 5429 accurate
705 5373 953 5428 ediscunt
975 5385 1164 5440 omnes
1178 5367 1474 5422 Salvatoris
1497 5366 1696 5421 Christi
1724 5365 1837 5418 dis-

287 5465 632 5533 pensationes
701 5463 1070 5519 misericordia
1115 5470 1168 5514 et
1209 5459 1435 5514 veritate
1477 5473 1597 5512 esse
1638 5456 1837 5527 permi-

1946 4544 2127 4612 μάτων
2155 4542 2249 4595 νῦν
2279 4541 2540 4613 μνησθῇς,
2567 4542 2699 4594 ἀλλά
2727 4542 2824 4610 τῆς
2857 4540 3295 4612 φιλανθρωπίας,
3327 4539 3395 4591 δι’
3426 4534 3493 4609 ἧς

1945 4637 2035 4688 καὶ
2075 4636 2196 4688 τότε
2223 4632 2545 4702 ἀγνοοῦντας
2573 4631 3059 4704 ὲφιλανθρωπεύσα
3119 4631 3207 4686 καὶ
3237 4629 3487 4701 ὴλέησας.

1947 4728 2189 4780 Ἕνεκεν
2221 4725 2328 4793 τῆς
2352 4725 2754 4794 χρηστότητός
2785 4739 2920 4786 σου,
2951 4723 3144 4789 Κύριε.
3175 4721 3249 4774 Οὐ
3277 4720 3385 4791 γὰρ
3408 4720 3494 4773 διὰ

1943 4818 2041 4886 τὴν
2093 4817 2228 4888 ἐμὴν
2276 4815 2465 4880 ἀξίαν,
2519 4815 2652 4869 ἀλλά
2697 4815 2784 4868 διὰ
2811 4813 2906 4884 τὴν
2944 4813 3041 4882 σὴν
3088 4811 3493 4882 φιλανθρωπίαν

1945 4907 2130 4960 τούτου
2158 4910 2334 4977 τυχεῖν
2373 4906 2616 4960 ἱκετεύω.

2011 4997 2111 5052 Διὰ
2138 4998 2313 5052 τοῦτο
2355 4997 2735 5066 νομοθετήσει
2767 4995 3210 5064 ἀμαρτανοντας
3253 4992 3324 5046 ἐν
3355 4989 3489 5055 όδῷ.

1939 5091 2164 5143 (Punice:
2197 5087 2548 5160 ἁμαρτωλούς
2568 5104 2579 5116 ·
2618 5087 2882 5150 ὑποδείξει
2909 5086 3309 5157 ἁμαρτάνουσιν
3355 5081 3488 5135 ὁδόν.

2009 5181 2204 5238 Πᾶσαι
2237 5185 2296 5235 αἱ
2339 5182 2462 5236 ὁδοὶ
2504 5182 2720 5249 Κυρίου
2771 5181 2941 5245 ἕλεος
2987 5178 3086 5232 καὶ
3128 5177 3398 5244 ἀλήθεια.
3429 5173 3491 5226 Ol

1939 5273 2046 5343 γὰρ
2077 5273 2332 5342 διηνεκῶς
2376 5275 2489 5336 τοῖς
2535 5272 2696 5335 θείοις
2737 5271 3114 5342 ὲντρεφόμενοι
3143 5268 3318 5335 λόγοις
3361 5277 3493 5335 μαν-

1945 5365 2190 5418 θάνουσιν
2221 5363 2464 5435 ἀκριϐῶς
2501 5364 2565 5417 δι’
2595 5362 2842 5429 ἐκείνων,
2871 5363 2946 5422 ὡς
2981 5364 3147 5430 πᾷσαι
3179 5357 3272 5411 τοῦ
3313 5355 3494 5424 Σωτῆ-

1945 5474 2035 5525 ρος
2063 5456 2294 5526 Χριστοῦ
2328 5455 2460 5509 Θεοῦ
2491 5455 2642 5528 ἡμῶν
2667 5454 2964 5525 οἰκονομίαι
2989 5453 3122 5522 ἐλέῳ
3149 5451 3240 5503 καὶ
3271 5445 3492 5517 ἀληθείᾳ

358 5574 724 5654 (9)~Am_bros_.
772 5574 1222 5654 ﬂl‘l'lil.dﬁiiytwll.
1275 5570 1392 5624 Mox
1427 5580 1549 5642 post
1578 5570 1720 5639 ζωήν
1768 5567 1865 5638 adji

1973 5613 1986 5636 ,
2031 5571 2093 5622 ὲκ
2139 5568 2424 5640 προσώπου
2458 5567 2513 5620 δὲ
2561 5559 2714 5630 οὗτος
2753 5566 2845 5620 τοῦ
2893 5564 3017 5618 λαοῦ
3070 5564 3265 5634 παντὸς
3306 5558 3492 5628 δεομέ-

286 5662 373 5701 νου
405 5644 499 5712 τῆς
525 5645 891 5712 αἰχμαλωσίας
926 5643 1312 5710 ἀπαλλαγῆναι.

368 5739 411 5768 ⁸⁸
443 5736 545 5790 lsa.
584 5753 634 5802 ι’,
663 5735 753 5792 2|.
