3944 6220
358 326 460 382 “5

1451 321 1809 379 EXPOSITIO
1844 320 1909 379 IN
1948 323 2273 381 PSALMUM
2314 323 2478 378 XXV.

3474 298 3573 375 ito

359 437 788 507 συγκέκρανταιο
852 439 959 498 τοῖς
1018 435 1125 506 γὰρ
1186 435 1642 506 μεταμελομένοις
1700 439 1784 507 ἐφ’
1845 435 1925 505 οἷς

2077 454 2155 493 as.
2184 437 2319 492 Nam
2353 438 2421 493 iis
2463 449 2604 505 quos
2630 434 2949 489 delictorum
2993 432 3232 504 poenitet,
3264 431 3577 487 misericor-

355 525 780 597 ἐπλημμέλησαν
807 523 898 578 τὸν
928 524 1073 577 ἔλεον
1102 524 1193 577 καὶ
1217 522 1314 594 τὴν
1339 523 1666 597 συγγνώμην
1695 527 1876 600 ὀρέγει
1898 548 1912 562 ο

356 620 481 682 τοὺς
508 618 564 671 δὲ
596 617 896 688 ἀηττήτους
924 615 1024 686 τῆς
1056 614 1254 685 ἀρετῆς
1292 614 1528 686 ἀθλητὰς
1554 619 1914 691 ἀνακηρύττει

358 714 452 765 καὶ
492 712 744 779 στεφανοῖ
786 711 882 763 σὺν
925 707 1151 780 ἀληθείᾳ
1178 708 1275 779 τὴν
1303 706 1482 777 ψῆφον
1509 709 1757 780 ἐκφέρων
1778 726 1793 741 ο
1824 714 1917 767 καὶ

361 803 541 875 μέντοι
574 801 669 856 καὶ
697 803 813 864 τοῖς
838 799 1150 872 παρανομίᾳ
1175 797 1523 870 συνεξηκόσι,
1554 800 1649 853 καὶ
1677 818 1917 873 μεταμε-

358 895 477 966 λείᾳ
511 894 584 966 μὴ
611 891 975 964 χρησαμένοις
1007 890 1147 945 κατὰ
1172 892 1300 953 τοὺς
1339 890 1439 961 τῆς
1466 889 1723 961 ἀληθείας
1758 893 1917 964 ὄρους

360 985 610 1055 ἐπιφέρει
637 982 737 1048 τὰς
762 982 1053 1055 τιμωρίας.
1394 1046 1401 1055 ο

433 1094 565 1167 [Kal
602 1093 668 1148 τὸ
706 1093 942 1164 σπέρμα
968 1093 1157 1149 αὐτοῦ
1201 1095 1642 1165 κληρονομήσει
1680 1093 1814 1165 γῆν.
1855 1095 1919 1148 Ai

363 1183 621 1255 πράξεις,
665 1182 867 1255 φησιν,
908 1184 963 1236 αί
1005 1182 1292 1254 γενόμεναι
1346 1181 1593 1254 πρόξενοι
1639 1182 1788 1254 αὐτῷ
1828 1183 1919 1237 τοῦ

363 1276 763 1347 κληρονομῆσαι
790 1260 885 1345 τὴν
905 1274 1098 1345 νοητὴν
1118 1274 1219 1344 γῆν
1237 1276 1587 1347 ’γενήσονταί
1615 1293 1676 1345 γε
1706 1276 1923 1347 σπέρμα

362 1363 466 1417 τῶν
497 1362 720 1432 ἀγαθῶν
749 1364 980 1435 ἀνδρῶν,
1028 1363 1094 1416 δι’
1128 1357 1202 1417 ὧν
1242 1365 1367 1428 τοὺς
1400 1363 1539 1419 κατά
1571 1365 1700 1419 Θεὸν
1729 1382 1926 1434 γεννω-

367 1454 559 1524 μένους
590 1453 774 1524 φησίν.

444 1567 803 1635 Ἑπίϐλεψον
838 1567 930 1621 ἐπ’
970 1566 1092 1636 ἐμέ.
1134 1569 1225 1621 Δεῖ
1254 1568 1364 1641 γὰρ
1400 1569 1474 1642 μὴ
1521 1570 1745 1634 ὑπτίους
1791 1564 1928 1623 εἶναι

368 1658 459 1711 καὶ
523 1658 984 1722 ἀναπεπτωκότας
1009 1698 1025 1724 ,
1094 1658 1426 1731 θαρροῦντας
1496 1660 1575 1732 τῷ
1635 1660 1775 1715 ὲλέει
1834 1660 1928 1715 τοῦ

366 1750 498 1894 :06
518 1790 536 1817 ,
566 1750 709 1914 μλλά
752 1751 847 1805 καὶ
887 1753 1033 1823 ἡμᾶς
1059 1752 1334 1824 εἰσφέρειν
1367 1753 1458 1806 τὸν
1500 1754 1588 1808 διὰ
1615 1754 1726 1809 τῶν
1756 1754 1932 1826 ἔργων

435 1859 546 1896 νον.

435 1859 546 1896 νον.

2020 532 2164 587 diam
2184 528 2338 583 oﬂ‘ert
2356 535 2411 583 et
2435 525 2644 581 veniam
2674 543 2687 580 :
2718 524 2951 579 invictos
2972 533 3151 578 autem
3175 521 3392 577 virtutis
3412 520 3580 576 athle-

2021 632 2124 683 tas,
2154 620 2388 675 victores
2421 617 2725 681 denuntiat,
2757 625 2810 672 et
2854 622 3081 671 coronat
3121 629 3246 669 cum
3273 614 3501 667 veritate
3527 622 3580 666 et

2020 711 2271 782 aequitate
2312 708 2580 764 calculum
2608 706 2827 762 ferens:
2854 720 2948 762 eos
2976 721 3105 762 vero
3142 706 3236 777 qui
3270 706 3323 759 in
3358 717 3581 775 peccato

2024 804 2186 858 vitam
2230 810 2478 873 egerunt,
2512 815 2685 870 neque
2724 799 3034 870 paenitentia
3082 797 3297 869 purgati
3330 803 3477 861 sunt,
3515 809 3581 850 ex

2022 895 2135 951 veri
2161 902 2217 949 et
2247 893 2387 964 aequi
2417 893 2735 963 praescripto
2767 874 3049 961 suppliciis
3085 889 3264 945 allicit.

2097 1112 2208 1184 [15.
2230 1111 2296 1166 Et
2318 1130 2489 1167 semen
2517 1114 2628 1183 ejus
2653 1113 2980 1168 htereditabit
3005 1121 3219 1167 terram.
3242 1111 3373 1180 Ejus
3401 1123 3587 1178 opera,

2029 1206 2225 1275 inquit,
2271 1206 2324 1259 in
2354 1220 2520 1261 causa
2554 1213 2702 1271 sunt,
2735 1213 2793 1259 ut
2816 1205 2932 1275 ipse
2961 1204 3350 1276 intelligibilem
3387 1212 3587 1259 terram

2031 1297 2342 1352 haereditate
2389 1296 2620 1367 accipiat
2651 1315 2665 1350 :
2712 1304 2873 1352 erunt
2919 1305 3099 1352 autem
3123 1337 3138 1363 ,
3172 1295 3372 1366 inquit,
3403 1309 3588 1350 semen

2030 1388 2173 1461 frugi
2200 1388 2462 1452 virorum,
2503 1388 2703 1458 quibus
2744 1387 2993 1458 intelligit
3034 1401 3129 1443 eos
3168 1386 3262 1458 qui
3290 1387 3590 1442 secundum

2032 1481 2202 1536 Deum
2232 1478 2345 1534 nati
2373 1489 2521 1537 sunt.

2104 1593 2318 1664 Respice
2344 1593 2412 1646 in
2441 1608 2541 1647 me.
2573 1590 2795 1662 Oportet
2827 1593 2969 1647 enim
3014 1608 3133 1656 nos,
3168 1591 3504 1647 conﬁdentes
3540 1589 3594 1644 in

2035 1685 2410 1757 misericordia
2436 1682 2553 1743 Dei.
2588 1699 2693 1738 non
2718 1684 2946 1754 supinos
2982 1698 3102 1739 esse
3127 1692 3181 1738 et
3205 1684 3468 1754 abiectos,
3502 1683 3596 1736 sed

2035 1781 2199 1836 etiam
2241 1779 2503 1847 laborem,
2530 1780 2707 1851 quiin
2738 1780 2960 1850 agendis
2994 1780 3254 1848 occurrit,
3290 1777 3599 1854 exhibere.)

438 1980 524 2035 15.
559 1981 744 2036 Daniel
779 1981 1048 2036 Barbarus
1077 1997 1096 2034 :
1122 1981 1314 2035 Anima
1340 1981 1454 2051 ejus
1488 1984 1543 2036 in
1568 1983 1716 2037 bonis
1749 1981 2130 2038 demorabitur.
2167 1980 2420 2036 Actiones
2446 1980 2551 2035 illa:
2581 1996 2702 2049 quae
2721 1981 2786 2036 ad
2820 1982 3234 2038 intellectualem
3263 1990 3461 2035 terram
3488 1982 3599 2033 bas-

372 2069 707 2126 reditamlam
732 2070 1134 2127 conciliatrices
1167 2070 1322 2126 facta:
1352 2071 1573 2140 fuerint,
1611 2074 1817 2129 semina
1849 2085 2005 2131 terra:
2033 2077 2163 2131 lient
2194 2076 2462 2131 bonorum
2492 2075 2622 2130 viris
2656 2078 2761 2133 illis
2798 2078 2891 2148 qui
2922 2077 3218 2132 secundum
3244 2073 3411 2129 Deum
3442 2086 3601 2126 reno-

370 2159 655 2215 vabuntur.
713 2161 909 2234 Hujus,
939 2162 1135 2233 inquit,
1178 2180 1364 2220 semen
1399 2166 1739 2223 bzereditabit
1771 2177 2005 2237 terram;
2042 2185 2166 2226 nam
2212 2172 2506 2241 perveniet,
2555 2172 2649 2235 ait,
2684 2172 2986 2226 benedictio
3036 2187 3207 2242 usque
3246 2170 3310 2225 ad
3353 2176 3603 2242 posteros

371 2269 522 2309 SUOS.

440 2368 789 2438 Κραταίωμα
846 2369 1058 2437 Κύριος
1114 2368 1234 2424 τῶν
1287 2373 1671 2443 φοϐουμένων
1719 2376 1937 2428 αὐτόν·
1973 2380 2019 2440 Β

375 2459 469 2511 καί
513 2456 764 2526 διαθήκη
806 2458 993 2513 αὐτοῦ
1030 2458 1289 2527 δηλώσει
1327 2462 1567 2528 αὐτούς.
1606 2462 1671 2515 Ἦ
1712 2464 1940 2533 εὐαγγε-

377 2551 515 2620 λική.
561 2549 628 2602 Τί
674 2548 732 2603 δὲ
776 2548 1039 2621 δηλώσει;
1080 2550 1114 2622 ἢ
1151 2550 1252 2624 τὴν
1297 2553 1570 2624 σωτηρίας
1613 2553 1751 2607 ὀδόν.
1786 2556 1943 2608 Πᾶσα

378 2641 514 2713 γὰρ,
540 2640 705 2712 φησὶ,
743 2641 1033 2712 νομοθεσία
1071 2640 1166 2694 τοῦ
1196 2640 1331 2695 Θεοῦ
1361 2644 1496 2713 πρὸς
1523 2641 1679 2695 τοῦτο
1719 2641 1942 2713 βλέπει,

384 2729 513 2800 πρὸς
536 2730 596 2783 τὸ
623 2731 682 2783 ἐν
711 2730 1011 2785 ἀπολαύσει
1040 2732 1167 2795 τοὺς
1194 2731 1432 2801 ἀγαθοὺς
1454 2736 1628 2787 ποιεῖν
1656 2726 1730 2787 ὧν
1758 2734 1943 2806 προεί-

386 2823 559 2876 λαντο.
582 2822 752 2875 Τοῦτο
776 2821 886 2895 γὰρ
913 2822 1061 2892 λέγει
1080 2838 1093 2851 °
1120 2821 1383 2891 Δηλώσει
1424 2824 1644 2890 αὐτοῖς,
1678 2826 1797 2879 ἀντὶ
1830 2823 1945 2892 τοῦ,

387 2916 443 2967 ἐν
466 2915 752 2970 ἀπολαύσει
777 2917 972 2981 αὐτοὺς
994 2917 1323 2988 καταστήσει
1346 2910 1420 2971 ὧν
1450 2917 1785 2989 προείλαντο.

452 3009 520 3059 Al
573 3008 809 3076 θλίψεις
856 3008 963 3077 τῆς
1004 3008 1250 3077 καρδίας
1285 3026 1404 3079 μου
1455 3009 1944 3078 ἐπληθύνθησαν.

387 3097 627 3165 Πολλοῖς,
659 3099 824 3170 φησιν
842 3140 858 3165 ,
885 3099 1154 3169 ἀλγεινοῖς
1182 3099 1515 3172 πανταχόθεν
1557 3101 1951 3172 περιστοιχίζο-

389 3209 504 3261 μαι.
533 3193 749 3265 Ταύτην
784 3212 887 3265 μου
914 3193 1092 3249 τοίνυν
1121 3193 1222 3265 τὴν
1248 3194 1574 3248 ταπείνωσιν
1604 3192 1695 3248 καὶ
1724 3191 1822 3266 τὴν
1856 3209 1950 3248 τα-

386 3283 687 3355 λαιπωρίαν
713 3287 831 3348 ταῖς
860 3287 1017 3357 ἐμαῖς
1048 3282 1537 3349 ἀντιταλαντεύσας
1564 3284 1955 3356 παρανομίαις,

386 3374 473 3440 δὸς
498 3376 597 3449 τὴν
629 3378 853 3448 ἄφεσιν,
903 3378 1001 3433 καὶ
1042 3378 1141 3449 τὴν
1186 3377 1510 3451 συγγνώμην
1550 3379 1814 3450 πάρασχε.
1857 3379 1953 3433 Ἐκ

387 3464 506 3520 τῶν
550 3466 828 3537 ἀναγκῶν
869 3484 990 3536 μου
1041 3465 1295 3538 alid-rare
1329 3482 1408 3537 με
1429 3483 1443 3496 ο
1486 3466 1550 3519 ἐκ
1577 3464 1686 3522 τῶν
1718 3465 1955 3538 συνεχῶν

392 3575 513 3627 μου.

463 3649 575 3705 Ἴδε
606 3649 720 3718 τὴν
753 3650 1115 3705 ταπείνωσιν
1157 3667 1277 3720 μου
1305 3649 1405 3703 καί
1448 3648 1556 3703 τὸν
1588 3651 1778 3703 κόπον
1811 3665 1952 3719 μου.

2114 2378 2201 2432 14.
2228 2377 2649 2434 Firmamentum
2673 2388 2750 2433 est
2778 2377 3033 2433 Dominus
3063 2376 3363 2432 timentibus
3405 2390 3524 2430 eum
3552 2383 3603 2427 et

2046 2477 2414 2525 testamentum
2460 2471 2626 2541 ipsius
2675 2470 3034 2540 manifestabit
3084 2469 3213 2523 illis.
3252 2467 3602 2537 Evangelium

2045 2560 2270 2629 scilicet,
2311 2572 2406 2618 aut
2443 2563 2632 2619 salutis
2660 2562 2831 2617 viam.
2862 2561 2996 2617 Tota
3033 2560 3233 2631 quippe
3274 2559 3359 2614 lex
3400 2557 3604 2613 Christi

2046 2654 2150 2709 hoc
2182 2663 2389 2724 spectat
2422 2664 2480 2709 ut
2509 2655 2709 2725 probos
2742 2655 2941 2725 optatis
2972 2662 3026 2708 et
3046 2652 3268 2707 delectis
3299 2650 3603 2704 l'rui'curet.

2046 2742 2104 2798 Id
2142 2761 2377 2815 namque
2423 2746 2521 2814 ait,
2548 2744 2906 2814 manifestabit
2956 2744 3090 2809 illis,
3127 2743 3181 2798 id
3206 2752 3311 2807 est,
3336 2739 3604 2809 esoptatis

2049 2835 2156 2891 frui
2184 2837 2416 2893 curabit.

2124 2927 2206 2981 l7.
2252 2926 2638 2982 Tribulationes
2684 2926 2856 2981 cordis
2904 2925 3007 2978 mei
3051 2920 3421 2990 multiplicata
3462 2928 3603 2971 sunt.

2049 3015 2270 3084 Multis,
2315 3018 2527 3090 inquit,
2576 2997 2874 3088 angoribus
2924 3012 3167 3083 undique
3206 3010 3609 3065 circumventus

2054 3124 2197 3166 sum.
2226 3108 2378 3166 Hanc
2402 3110 2586 3182 itaque
2606 3124 2783 3164 meam
2808 3105 3193 3169 humilitatem,
3223 3103 3321 3159 has
3339 3113 3614 3156 erumnas

2054 3201 2368 3272 appendens
2395 3216 2519 3258 cum
2550 3200 2789 3273 peccatis
2817 3198 2974 3264 meis,
2996 3197 3065 3252 da
3103 3193 3484 3251 remissionem
3520 3204 3611 3245 te-

2055 3294 2310 3365 niamque
2365 3294 2564 3365 pmbe.
2606 3292 2684 3347 De
2721 3290 3116 3347 necessitatibus
3162 3288 3291 3344 meis
3342 3301 3463 3342 erue
3501 3300 3616 3353 nte,

2056 3388 2274 3445 assidue
2300 3388 2505 3444 scilicet
2528 3384 2915 3457 prementibus.

2130 3655 2217 3712 l8.
2269 3652 2395 3709 Vide
2435 3650 2788 3707 humilitatem
2832 3664 3001 3703 meam
3046 3657 3096 3701 et
3150 3645 3384 3700 laborem
3421 3656 3613 3697 meum.

391 3743 482 3793 Δεῖ
507 3740 617 3813 γὰρ
648 3741 722 3813 μὴ
758 3742 981 3805 ὑπτίους
1012 3738 1147 3794 εἶναι
1181 3741 1275 3795 καὶ
1314 3740 1789 3807 ἀναπεπτωκότας,
1822 3741 1948 3812 θαῤ·

2071 3745 2284 3816 Dportct
2329 3743 2474 3800 enim
2513 3756 2623 3798 non
2661 3740 2886 3810 supinos
2925 3747 2979 3793 et
3009 3737 3193 3791 animo
3235 3739 3436 3789 tractos
3472 3749 3615 3796 esse.

395 3831 620 3903 ροὖντας
651 3833 727 3904 τῷ
756 3833 894 3885 ἐλέει
924 3832 1017 3886 τοῦ
1047 3831 1180 3886 Θεοῦ
1201 3849 1214 3862 ·
1251 3831 1386 3886 ἀλλὰ
1415 3831 1523 3906 γὰρ
1564 3831 1834 3904 εἰσφέρειν
1868 3830 1957 3883 τὸν

393 3923 481 3977 διὰ
502 3925 612 3977 τῶν
636 3925 811 3995 ἔργων
840 3926 1019 3981 πόνον.
1322 3950 1327 3954 ι

471 4014 584 4070 Ἴδε
609 4016 753 4083 τοὺς
778 4017 1031 4085 ἐχθρούς
1048 4035 1187 4088 pou,
1222 4016 1311 4070 ὅτι
1331 4014 1815 4082 ἐπληθύνθησαν.
1851 3999 1962 4065 Kal.

398 4107 506 4161 ἀπὺ
536 4109 635 4181 τῆς
680 4109 892 4171 ἀδικίας
930 4108 1037 4162 τῶν
1075 4108 1285 4181 ἐχθρῶν
1336 4110 1416 4172 εἰς
1462 4106 1607 4159 ἔλεον
1654 4103 1965 4159 ἐκκαλεῖται

399 4198 490 4253 τὸν
516 4199 670 4253 Θεόν.

473 4293 710 4345 Ἀκακοι
753 4291 849 4344 καὶ
889 4289 1083 4357 εὐθεῖς
1111 4288 1450 4345 ἐκολλῶντό
1484 4305 1607 4357 μοι.
1659 4288 1770 4340 Καὶ
1807 4283 1963 4339 τοῦτο

402 4382 531 4435 ἴδιον
577 4382 813 4454 ἀρετῆς,
855 4381 915 4434 τὸ
953 4384 1129 4452 μισεῖν
1177 4381 1274 4452 μὲν
1303 4379 1413 4433 τῶν
1459 4377 1674 4448 φαύλων
1706 4376 1804 4441 τὰς
1836 4393 1964 4430 συν-

400 4473 587 4536 θυσίας
611 4514 627 4535 .
657 4472 784 4535 τοὺς
823 4472 879 4527 δὲ
907 4473 1005 4545 τὴν
1037 4472 1258 4543 ἰσότητα
1284 4471 1557 4542 τιμῶντας
1597 4470 1691 4523 καὶ
1715 4468 1968 4539 εύθύτητι

403 4566 715 4637 χρωμένους
751 4563 1001 4635 συνήθεις
1027 4563 1171 4635 ἔχειν
1198 4563 1291 4617 καὶ
1315 4561 1500 4632 φίλους
1519 4578 1533 4592 ⁸
1564 4559 1723 4614 τοῦτο
1744 4560 1854 4630 γὰρ
1877 4559 1971 4613 καὶ

397 4673 433 4707 ο
480 4658 765 4730 προφήτης
815 4655 918 4726 ἔφη
966 4654 1356 4726 πεποιηκέναι,
1398 4653 1493 4708 ἆτε
1536 4652 1601 4724 δὴ
1651 4651 1971 4724 θεραπεύειν

404 4749 563 4805 τοῦτο
588 4749 680 4803 τὸν
703 4747 981 4818 Δεσπότην
1010 4746 1142 4818 ἠγού
1150 4762 1327 4817 μενος.

573 4863 678 4925 Εἰς
702 4859 769 4912 τὸ
798 4857 969 4923 τέλος
1003 4859 1309 4914 ΨΑΛΜΟΣ
1335 4854 1416 4921 τῷ
1441 4853 1638 4909 Δαυΐδ.
1665 4853 1796 4908 KE'.

1040 4949 1358 5013 Ὺπόθεσις.

408 5064 532 5119 Τῶν
556 5064 992 5120 πεπιστευκότων
1020 5065 1100 5127 είς
1128 5060 1359 5134 Χριστὸν
1381 5060 1692 5130 είσφὲρεται
1718 5058 1779 5112 τὸ
1809 5059 1978 5131 πρόσ-

482 5175 628 5213 ωπον
660 5155 1008 5229 ἀρνουμένων
1034 5154 1128 5209 καὶ
1152 5150 1626 5225 διισχυριζομένων
1652 5150 1744 5204 ἐπὶ
1778 5151 1844 5221 τῇ
1877 5166 1977 5205 κα-

484 5251 740 5305 ταστάσει
781 5250 879 5321 τῆς
922 5247 1202 5310 κοινωνίας
1244 5245 1355 5299 τῶν
1404 5243 1669 5298 Ἰουδαίων
1700 5242 1810 5296 τῶν
1855 5258 1979 5296 συν-

486 5341 819 5414 εληλυθότων
839 5335 982 5397 κατά
1001 5336 1094 5390 τοῦ
1117 5333 1323 5407 Κυρίου
1349 5334 1443 5387 καὶ
1466 5331 1605 5386 κατὰ
1632 5330 1725 5384 τοῦ
1742 5327 1976 5403 Χριστοῦ

485 5435 668 5491 αὐτοῦ.

490 5553 702 5624 Κρῖνόν
722 5567 833 5621 με,
858 5548 1032 5616 Κύριε
1054 5584 1068 5610 ,
1111 5544 1199 5598 ὅτι
1224 5542 1338 5614 ἐγὼ
1374 5542 1442 5596 ὲν
1473 5540 1690 5606 ἀκακία
1708 5556 1826 5609 μου
1847 5537 1986 5590 ἑπο-

2058 3836 2287 3891 fidentes
2339 3831 2728 3888 misericordia:
2774 3827 2893 3893 Dei,
2921 3827 3016 3882 sed
3059 3824 3252 3879 afferte
3283 3837 3507 3893 operum
3541 3822 3622 3876 la-

2060 3928 2268 3982 borem.

2133 4016 2220 4070 19.
2251 4014 2468 4085 Respice
2508 4011 2748 4065 inimicos
2793 4023 2954 4073 meos,
2984 4006 3235 4077 quoniam
3286 4000 3624 4072 multiplicati

2062 4116 2205 4164 sunt.
2246 4107 2323 4161 Ex
2360 4105 2710 4161 inimicorum
2755 4099 3045 4170 iniquitate
3072 4103 3287 4165 sumpta
3316 4094 3624 4158 occasione,

2064 4201 2235 4257 Deum
2266 4207 2429 4255 vocat
2453 4197 2523 4253 ad
2551 4193 3002 4251 misericordiam.

2134 4296 2225 4350 21.
2280 4293 2588 4347 Innocentes
2628 4298 2679 4345 et
2705 4288 2830 4343 recti
2869 4286 3203 4341 adhwserunt
3236 4282 3385 4336 mihi.
3427 4279 3493 4335 Et
3525 4294 3630 4335 noc

2067 4390 2348 4459 proprium
2379 4383 2599 4440 virtutis
2638 4390 2741 4450 est,
2789 4380 3162 4451 improborum
3190 4390 3519 4447 congressus
3547 4373 3631 4427 fu-

2071 4494 2214 4550 gere,
2249 4478 2391 4549 :equi
2419 4486 2600 4531 autem
2637 4483 2691 4529 et
2720 4473 2850 4529 recti
2883 4473 3124 4528 cultores
3152 4471 3208 4525 in
3252 4468 3444 4525 amicis
3467 4477 3523 4523 et
3551 4465 3632 4522 fa-

2074 4571 2378 4627 miliaribus
2434 4569 2651 4623 habere.
2681 4565 2797 4621 lioc
2832 4566 2997 4621 etiam
3036 4564 3306 4633 Propheta
3346 4577 3406 4617 se
3441 4561 3669 4621 fecisse,

2078 4667 2154 4721 ait
2179 4682 2196 4722 :
2228 4672 2382 4719 ratus
2405 4661 2665 4721 nimirum
2695 4660 2750 4714 id
2781 4672 2905 4713 esse
2928 4655 3218 4710 Dominum
3251 4653 3450 4708 cole-re.

2288 4778 2341 4832 1.
2375 4774 2442 4829 In
2472 4775 2628 4844 ﬁnem
2659 4767 2992 4826 PSALMUS
3027 4767 3214 4823 David.
3245 4763 3425 4820 XXV.

2663 4868 3062 4938 Argumentum.

2080 4987 2361 5044 lnducitur
2390 5000 2619 5055 persona
2644 4998 2835 5040 eorum
2879 4981 2973 5053 qui
3003 4980 3353 5036 crediderunt
3395 4976 3450 5030 in
3482 4974 3641 5030 Chri-

2152 5089 2317 5144 stum,
2338 5077 2660 5149 negantibus
2675 5076 2879 5130 interea
2904 5068 3469 5130 etcontradicentibus
3491 5081 3643 5122 com-

2153 5171 2429 5227 munionis
2470 5166 2843 5223 constitutioni
2883 5164 3108 5231 Judaeis,
3142 5161 3235 5231 qui
3279 5168 3647 5214 convenerant

2155 5264 2415 5320 adversus
2446 5260 2730 5316 Dominum
2761 5267 2815 5314 et
2846 5259 3106 5312 adversus
3129 5252 3406 5306 Christum
3436 5249 3572 5320 ejus.

2154 5527 2352 5582 Judica
2396 5541 2495 5590 me,
2544 5522 2793 5583 Demine,
2841 5516 3089 5588 quoniam
3121 5529 3214 5584 ego
3256 5512 3311 5566 in
3353 5507 3653 5564 innocentia

694 5605 961 5699 ’Ᾱκακίαν
984 5605 1138 5691 καλεῖ
1163 5637 1223 5690 τὸ
1249 5605 1323 5708 μὴ
1356 5635 1641 5705 μετασχεῖν
1662 5605 1767 5699 τῆς
1798 5627 1948 5698 φαυλι

2090 5638 2206 5676 mea
2238 5621 2503 5689 ingressus
2542 5629 2678 5668 sum.
2713 5607 3082 5664 Innocentiam
3114 5605 3247 5661 dicit
3270 5618 3379 5658 non
3409 5611 3656 5656 commn-

2135 5714 2143 5716 λ
2553 5707 2577 5716 ⁸
2602 5706 2636 5716 ··
2735 5712 2745 5716 -
3022 5697 3040 5716 Ι
3101 5698 3319 5716 I,--_-_...
3380 5687 3440 5716 l7:
3464 5690 3517 5716 :..
3557 5687 3656 5716 n..-

418 5687 652 5716 ιιι-ννσιι·
709 5687 952 5699 enm-"vn
987 5687 1135 5691 ν-ν-ν-νν
1176 5687 1216 5690 η
1249 5687 1323 5708 ιη.
1356 5687 1369 5705 ι
1468 5687 1471 5688 ν
1530 5687 1562 5703 η
1724 5687 1757 5699 .-
1811 5687 1822 5698 .

418 5755 579 5809 τητος
616 5739 709 5794 καὶ
738 5735 842 5805 τῆς
873 5729 1127 5792 ἀπονοίας
1173 5727 1276 5781 τῶν
1328 5725 1609 5780 Ἰουδαίων.
1649 5723 1761 5778 Καὶ
1788 5719 1885 5775 ἐπὶ
1916 5736 1948 5773 τ

2094 5714 2277 5771 nicarc
2302 5687 2426 5767 cum
2451 5706 2671 5777 perfidia
2700 5712 2752 5759 ct
2776 5700 2989 5756 vesania
3013 5697 3345 5754 Jutlmorum.
3372 5687 3440 5744 Ei
3464 5690 3518 5743 in
3547 5687 3657 5741 Do-
