3944 6220
284 383 390 439 H7-

1132 384 1190 438 S.
1231 381 1788 439 ATHANASII'OPP.
1832 378 2013 435 PARS
2053 377 2137 433 lli.
2177 402 2258 416 -ι
2286 372 2696 431 EXEGETICA.

3397 365 3500 420 με

281 502 424 555 mino
450 516 662 571 sperans
686 501 1143 570 nominﬁrmabor.
1171 501 1306 555 Cum
1339 501 1392 554 in
1429 509 1479 554 te
1505 514 1654 570 spem
1678 498 1793 553 salu
1822 523 1841 536 ι

1964 495 2133 563 ἴυρίῳ
2164 492 2414 552 ἐλπίζων
2453 492 2525 544 οὐ
2552 489 2637 559 μὴ
2666 487 3000 554 ἁσθενήσω.
3035 482 3284 546 Βεϐαίαν,
3314 480 3497 550 φησιν,

279 591 351 646 tis
375 605 654 661 reponam,
685 590 915 645 [innitar
945 598 999 645 et
1032 589 1288 645 immotus
1328 591 1642 645 consistam.

344 769 400 824 9;
435 765 610 822 Proba
635 785 734 833 me,
765 768 1004 833 Domine,
1032 777 1082 821 et
1103 777 1244 821 tenta
1270 782 1369 820 me.
1394 765 1454 820 Si
1483 766 1834 836 pervestiges,

275 859 471 931 inquit,
504 859 770 930 profunda
822 860 1019 914 anima:
1063 874 1216 923 meae,
1262 858 1319 912 in
1365 865 1415 912 te
1457 857 1575 912 solo
1617 871 1832 911 omnem

277 953 477 1008 mentis
519 952 941 1007 sollicitudinem
981 966 1069 1006 me
1134 965 1397 1021 reponere
1444 948 1828 1018 deprehendes.

1943 585 2047 651 ἔξω
2092 584 2191 655 τὴν
2224 583 2410 635 στάσιν
2478 582 2556 642 εἰς
2593 580 2651 631 σὲ
2683 578 2780 640 τὰς
2823 574 3042 637 ἐλπίδας
3088 573 3199 642 τῆς
3227 568 3500 641 σωτηρίας

1943 675 2414 747 ἀπογραψάμενος.

2010 768 2348 836 Δοκιμασόν
2365 782 2463 834 με,
2489 765 2693 831 Κύριε,
2722 761 2819 814 καὶ
2855 757 3145 826 πείρασόν
3166 772 3263 824 με.
3307 753 3370 807 Εἰ
3414 750 3502 817 ἐξ·

1942 860 2141 932 ετάσῃς
2178 859 2274 928 τῆς
2299 855 2475 926 ψυχῆς
2508 872 2609 926 μου
2648 852 2717 906 τὰ
2742 851 2879 922 βάθη
2903 888 2919 913 ,
2965 847 3161 918 φησιν,
3192 844 3284 896 ἐπὶ
3319 842 3395 913 τῷ
3421 842 3500 911 sip

1945 952 2090 1022 μόνῳ
2117 948 2368 1020 εὑρήσεις
2396 945 2534 999 ἐλέει
2566 944 2743 998 πάντα
2772 957 2869 1012 μου
2904 940 3001 1007 τῆς
3030 935 3263 996 διανοίας
3291 934 3379 987 τὸν
3401 933 3500 986 πό-

283 1044 437 1110 Quod
462 1058 585 1098 cum
610 1059 787 1114 agam,
806 1053 1063 1114 acceptus
1082 1058 1176 1099 ero
1198 1042 1313 1107 tibi,
1342 1051 1446 1096 tute
1462 1042 1668 1098 scilicet
1691 1043 1837 1097 veri-

1964 1059 2028 1095 ιον
2075 1041 2422 1109 ἐπανέχοντα.
2454 1035 2621 1089 Τοῦτο
2663 1033 2720 1086 δὲ
2766 1029 2931 1084 ποιῶν
2976 1028 3265 1097 εὐάρεστος
3307 1022 3499 1093 ἔσομαι

273 1137 403 1192 tatis
427 1152 638 1193 amans.

1942 1130 2093 1202 παρὰ
2119 1130 2203 1182 σοὶ
2233 1128 2329 1200 τὴν
2360 1128 2457 1198 σὴν
2485 1126 2776 1196 ἀγαπήσας
2806 1119 3081 1193 ἀλήθειαν.

342 1269 535 1327 Daniel
566 1272 838 1328 Barbarus
863 1289 880 1326 :
914 1271 1016 1326 Ure
1044 1287 1188 1325 renes
1219 1287 1379 1325 meos.
1409 1268 1577 1337 Quasi
1602 1270 1766 1335 dicat,
1803 1267 2071 1324 succende
2103 1275 2157 1322 et
2179 1267 2430 1321 examina
2467 1262 2686 1318 intimas
2715 1258 2883 1312 animi
2915 1257 3021 1311 mei
3050 1253 3424 1324 cogitationes,
3445 1259 3502 1306 et

274 1376 615 1438 perscrutare
643 1384 712 1424 an
747 1369 820 1423 ita
851 1382 935 1423 me
964 1368 1139 1423 habeo
1173 1376 1234 1421 ut
1260 1365 1403 1421 dico.
1438 1365 1608 1420 Porro
1633 1365 1737 1420 alia
1771 1372 1858 1420 est
1908 1363 1995 1418 hic
2033 1361 2318 1418 succensio
2347 1356 2586 1420 Domini,
2619 1368 2782 1425 quam
2823 1351 3091 1420 Propheta
3138 1356 3305 1418 optat,
3332 1346 3402 1400 ab
3431 1360 3497 1400 ea

271 1436 396 1532 quae
424 1462 486 1517 ﬁt
508 1462 823 1517 ardentibus
855 1461 1077 1532 maligni
1108 1460 1338 1531 sagittis.
1372 1457 1511 1513 Nam
1537 1458 1801 1515 Dominus
1831 1456 2103 1513 deteriora
2140 1450 2435 1517 consumit,
2468 1457 2522 1503 et
2549 1461 2708 1502 renes
2747 1453 2803 1500 et
2829 1443 2992 1499 corda
3024 1446 3318 1509 expurgat;
3344 1436 3501 1489 mali-

270 1528 411 1625 gnus
439 1562 620 1609 autem
647 1553 902 1609 libidines
946 1528 1013 1609 et
1033 1528 1256 1608 affectus
1291 1551 1523 1614 excitat;
1558 1562 1843 1624 propterea
1874 1550 2016 1622 ignis
2047 1551 2140 1619 qui
2170 1547 2225 1601 in
2260 1545 2395 1600 rubo
2434 1551 2549 1598 erat
2578 1556 2686 1596 non
2718 1536 2942 1602 exarsit,
2974 1533 3067 1605 qui
3121 1546 3249 1586 vero
3275 1529 3330 1584 in
3354 1528 3505 1599 judi-

269 1646 425 1701 cibus
451 1644 594 1714 est,"
624 1659 688 1699 ex
719 1644 951 1699 rltamuo
972 1644 1292 1699 comburere
1317 1640 1538 1697 dicitur.

340 1761 394 1816 ι.
419 1758 543 1814 Non
562 1759 673 1814 sedi
694 1774 812 1811 cum
837 1756 1056 1811 consilio
1072 1757 1342 1811 vanitatis.
1362 1755 1831 1827 [niquissimorum

2005 1749 2124 1801 Οὐκ
2154 1745 2402 1799 ἐκάθισα
2425 1740 2575 1812 μετὰ
2603 1738 2921 1807 συνεδρίου
2961 1734 3369 1806 ματαιότητος.
3391 1733 3501 1785 Σα-

264 1852 470 1925 judaici
501 1851 681 1923 populi
723 1851 1030 1921 principum
1063 1849 1358 1905 consilium
1399 1848 1542 1919 apud
1584 1862 1709 1902 eum
1739 1844 1833 1914 qui

269 1944 433 2000 corda
473 1942 624 1997 novit
653 1948 707 1997 et
742 1946 1017 1995 scrutatur
1046 1946 1231 2010 aperte
1264 1945 1424 2010 negat
1454 1945 1508 1992 et
1536 1933 1759 2005 respuit.

340 2119 390 2174 6.
424 2117 636 2173 Lavabo
681 2118 818 2171 inter
856 2118 1150 2175 innocentes
1189 2131 1376 2169 manus
1421 2130 1581 2169 meas.
1630 2109 1829 2173 Purus,

269 2211 470 2281 inquit,
502 2224 599 2265 ero
633 2224 663 2264 a
695 2208 1016 2264 foedissimis
1056 2223 1245 2263 eorum
1276 2207 1465 2277 gestis.
1502 2206 1568 2259 Et
1603 2205 1829 2258 circum-

268 2299 404 2354 dtbo
426 2299 597 2354 altare
621 2309 790 2366 tuum,
824 2297 1066 2354 Domine.
1100 2298 1298 2368 Aperte
1332 2297 1387 2350 in
1420 2296 1567 2350 hisce
1593 2293 1832 2347 rationa-

268 2392 430 2447 bilem
461 2390 715 2461 praedicat
738 2390 969 2445 cultum.

338 2483 392 2538 8‘.
420 2482 665 2550 Domine,
690 2481 856 2536 dilexi
883 2480 1117 2536 decorem
1138 2480 1323 2534 domus
1353 2488 1475 2534 tuae.
1511 2476 1724 2550 [Cupio,
1748 2476 1830 2530 iu-

266 2576 407 2646 quit,
439 2575 678 2630 divinam
704 2575 929 2630 domum
961 2572 1147 2627 videre
1180 2579 1357 2638 tuam,
1388 2585 1511 2640 qua:
1533 2567 1706 2639 gratia
1737 2574 1829 2621 tua

268 2665 547 2738 νοτώδει]
578 2665 752 2721 Decor
785 2665 982 2721 domus
1003 2671 1132 2720 sunt
1155 2665 1249 2733 qui
1275 2672 1466 2717 ornate
1497 2668 1551 2716 et
1574 2659 1830 2731 religiose

268 2760 322 2813 in
347 2756 591 2812 Ecclesia
616 2756 838 2828 degunt.

341 2849 395 2904 9.-
431 2847 515 2903 Ne
538 2848 727 2918 perdas
770 2863 887 2901 cum
912 2848 1087 2917 impiis
1111 2848 1344 2899 animum
1382 2860 1569 2898 meam.
1595 2842 1769 2914 RDgat
1797 2855 1829 2895 a

268 2939 536 3012 supplicio
560 2937 947 2997 eximiJudaais
971 2947 1181 3010 parato.

338 3120 426 3175 10.
460 3119 527 3175 I’n
552 3137 774 3191 quorum
813 3119 1053 3175 manibus
1094 3120 1393 3190 iniquitates
1428 3126 1572 3183 sunt,
1612 3118 1828 3172 dextera
1853 3130 1897 3187 α

266 3226 448 3264 eorum
481 3210 680 3281 repleta
704 3219 781 3265 est
802 3210 1123 3265 muneribus.
1150 3210 1258 3264 Aut
1276 3210 1405 3279 quia
1433 3208 1594 3265 donis
1614 3208 1706 3278 jus
1726 3207 1829 3277 ipsi

268 3310 655 3370 perverterent,
683 3314 778 3358 aut
821 3303 949 3373 quia
988 3303 1149 3358 donis
1182 3301 1512 3371 proditorem
1552 3300 1828 3371 corrupis-

267 3401 430 3459 sent;
458 3403 554 3447 aut
580 3394 706 3463 quia
733 3394 937 3464 injuste
974 3404 1248 3464 raperent,
1288 3393 1411 3449 ideo
1439 3393 1713 3448 dexteram
1737 3406 1830 3447 eo-

266 3497 388 3536 rum
422 3482 702 3551 replebant
729 3485 1071 3540 muneribus.

302 3576 327 3628 i
340 3615 367 3628 ρ
383 3573 618 3630 ΡδΑιΜ
631 3573 718 3631 US
747 3575 919 3631 Dauid
939 3579 1246 3648 priusquam
1272 3578 1545 3632 (iniretur.
1568 3574 1617 3629 X
1622 3574 1669 3628 Χ
1687 3573 1779 3628 v1.

861 3676 901 3723 Α
913 3680 1269 3742 rgumentum.

266 3754 689 3814 lnstructibnem
754 3759 1017 3816 adversus
1072 3761 1263 3816 hostes
1317 3758 1696 3829 complectitur
1741 3755 1830 3810 llic

334 3844 609 3912 Psalmus,
637 3863 759 3918 quae
809 3863 877 3904 ex
928 3850 1086 3906 bonis
1130 3850 1233 3905 sibi
1261 3865 1292 3904 a
1321 3848 1431 3903 Deo
1454 3845 1664 3903 collatis
1701 3852 1827 3899 nota

339 3946 483 4006 erat,
511 3948 674 4011 atque
723 3957 848 3996 cum
900 3941 1242 3998 confessione
1286 3950 1442 4012 rogat
1478 3937 1732 3995 secundis
1771 3952 1829 3991 se

337 4032 499 4089 donis
545 4034 751 4104 augeri.
786 4033 918 4088 Illud
946 4042 1125 4090 autem
1153 4053 1167 4088 :
1196 4035 1493 4105 Antequam
1525 4039 1825 4103 angeretur,

335 4124 628 4193 signiﬁcat,
669 4125 848 4195 ipsum
886 4125 1074 4182 divino
1122 4125 1327 4197 Spiritu
1373 4125 1702 4196 prospicere,
1727 4138 1828 4178 un-

335 4214 571 4282 gendum
595 4229 655 4269 se
678 4214 794 4271 fore
816 4216 870 4269 in
897 4232 1099 4288 regem,
1129 4216 1624 4286 tentationibusque
1651 4215 1828 4284 impe-

335 4304 583 4360 tendum.
610 4305 951 4363 Fortitudine
976 4309 1191 4364 lumbos
1219 4308 1542 4379 praecinctus
1588 4305 1654 4361 ad
1684 4304 1827 4376 peri-

334 4396 459 4451 cula
483 4397 852 4466 propulsanda
874 4399 1167 4454 admodum
1198 4399 1577 4470 praemunitum

1937 1838 2052 1909 φῶς
2077 1837 2170 1890 ἐπὶ
2200 1834 2293 1889 τοῦ
2323 1833 2520 1897 εἰδότος
2548 1831 2647 1895 τὰς
2671 1830 2897 1901 καρδίας
2935 1826 3144 1890 ὲτάζειν
3167 1826 3228 1878 τὸ
3254 1824 3362 1878 τῶν
3396 1842 3499 1877 πα·-

1937 1928 2328 2002 ρανομωτάτων
2368 1925 2643 1998 ἀρχόντων
2675 1918 2767 1975 τοῦ
2805 1918 3070 1974 Ἰουδαίων
3109 1917 3292 1981 ἔθνους
3322 1918 3500 1988 ἀρνεῖ-

1932 2038 2021 2074 ται
2058 2019 2350 2091 συνέδριον.

2000 2112 2263 2180 Νίψομαι
2306 2108 2375 2162 ἐν
2419 2103 2630 2170 ἀθώοις
2665 2103 2772 2169 τὰς
2817 2101 3016 2172 χεῖράς
3053 2116 3192 2169 μου.
3246 2096 3505 2168 Καθαρδς

1931 2203 2158 2274 ἔσομαι,
2192 2199 2352 2271 φησι,
2392 2196 2500 2251 τῶν
2530 2195 2824 2266 μιαιφόνων
2867 2191 3045 2249 αὐτῶν
3078 2188 3349 2261 πράξεων.
3386 2187 3500 2245 Καὶ

1932 2292 2222 2348 κυκλώσω
2251 2290 2319 2344 τὸ
2351 2286 2780 2356 θυσιαστήριον
2807 2298 2943 2349 σου,
2979 2283 3173 2350 Κύριε.
3205 2279 3399 2349 Σαφῶς
3438 2282 3505 2334 ὲν

1930 2385 2138 2448 τούτοις
2164 2384 2263 2454 τὴν
2295 2380 2518 2450 λογικὴν
2549 2376 2911 2449 ἀνακηρύττει
2934 2374 3210 2446 λατρείαν.

2000 2476 2195 2545 Κύριε,
2219 2473 2505 2543 ἠγάπησα
2531 2467 2888 2538 εὐπρέπειαν
2913 2467 3082 2520 οἴκου
3110 2480 3246 2520 σου.
3292 2464 3492 2537 [Ποθῶ,

1932 2567 2097 2638 φησὶ,
2139 2565 2228 2619 τὸν
2273 2564 2414 2618 θεῖον
2457 2558 2602 2616 οἷκον
2635 2559 2796 2623 ἰδεῖν,
2828 2558 2918 2611 τὸν
2962 2557 3060 2626 τὴν
3104 2556 3203 2627 σὴν
3241 2554 3514 2609 ἀποστίλ--

1931 2659 2092 2712 ϐοντα
2119 2654 2326 2728 χάριν.]
2355 2653 2671 2725 Εὐπρέπεια
2716 2649 2808 2704 τοῦ
2847 2648 3072 2702 οἴκουιςοί
3108 2647 3495 2717 διαπρέποντες

1930 2753 1987 2804 ὲν
2011 2753 2076 2822 τῇ
2120 2746 2412 2817 Ἐκκλησία
2442 2744 2529 2799 διὰ
2558 2740 2883 2805 θεοσεϐείας.

2003 2839 2097 2909 Μὴ
2127 2835 2558 2903 συναπολέσῃς
2572 2833 2721 2903 μετὰ
2744 2827 2975 2885 ἀσεϐῶν
2998 2828 3111 2896 τὴν
3130 2827 3339 2897 ψυχήν
3349 2845 3507 2897 μου..

1935 2933 2081 2996 Ἔξω
2112 2930 2213 3002 τῆς
2233 2929 2508 2990 κολάσεως
2537 2923 2788 2995 γενέσθαι
2815 2921 3036 2991 εὔχεται
3072 2921 3170 2991 τῆς
3200 2918 3495 2991 ἀποκειμέ-

1931 3041 2028 3094 νης
2051 3026 2164 3086 τοῖς
2195 3021 2485 3083 Ἰουδαίοις.

1999 3110 2108 3168 Ὧν
2129 3113 2199 3166 ὲν
2224 3111 2439 3181 χερσὶν
2467 3112 2527 3163 al
2547 3105 2803 3176 ἀνομίαι,
2838 3106 2876 3174 ἡ
2902 3104 3066 3170 δεξιὰ
3087 3099 3282 3156 αὐτῶν
3299 3099 3491 3168 ἐπλήφ

1932 3210 2047 3274 σθη
2074 3204 2291 3273 δώρων.
2325 3203 2396 3255 Ἦ
2420 3200 2495 3264 ὡς
2520 3200 2613 3253 καὶ
2633 3197 2809 3252 αὐτῶν
2833 3197 3023 3269 δώροις
3051 3192 3510 3266 παρακρινόντων.

1929 3299 1991 3352 τὸ
2009 3297 2232 3361 δίκαιον,
2250 3295 2283 3364 ἢ
2307 3292 2397 3346 διὰ
2418 3291 2480 3345 τὸ
2505 3289 2695 3362 δώροις
2711 3290 2802 3343 τὸν
2820 3287 3082 3361 προδότην
3094 3283 3488 3357 ἐξωνήσασθαι·

1930 3392 1962 3462 ἢ
2004 3387 2188 3459 ἐπειδὴ
2229 3385 2535 3458 ἡρπάζοντο
2573 3381 2803 3454 ἀνομίαν
2825 3397 2839 3411 ’
2886 3380 2973 3434 διά
3004 3379 3159 3433 τοῦτο
3185 3376 3278 3448 τὴν
3312 3374 3512 3442 δεξιὰν.

1931 3481 2107 3536 αὐτῶν
2135 3478 2401 3550 ἐπλήρουν
2428 3475 2635 3549 δώρων.

1969 3572 2277 3627 ΨΑΛΜΟΣ
2325 3568 2426 3622 τοῦ
2457 3566 2636 3620 Δαυῒδ
2663 3565 2776 3633 πρὸ
2808 3563 2914 3618 τοῦ
2941 3560 3277 3632 χρισθῆναι.
3311 3562 3452 3628 Κατ.

2546 3657 2868 3720 Ὑπόθεσις.

1932 3751 2179 3824 Περιέχει
2212 3752 2241 3803 ὁ
2281 3748 2491 3821 ψαλμδς
2532 3748 2829 3818 κατήχησιν
2869 3747 2987 3800 κατ’
3017 3742 3244 3815 ἐχθρῶν,
3286 3740 3378 3810 ἀφ’
3415 3730 3499 3792 ὧν

2001 3845 2100 3915 ἤδη
2127 3840 2344 3906 ἐδέξατο
2373 3839 2521 3911 παρά
2553 3837 2685 3891 Θεοῦ
2710 3834 3137 3907 γινωσκομένην,
3163 3833 3256 3888 καὶ
3280 3832 3491 3902 αἴτησιν

2001 3932 2267 4005 δευτέρων
2315 3930 2530 4000 ἀγαθῶν
2585 3930 2701 4000 μετ’
2766 3927 3218 3999 ὲξομολογήσεως.
3264 3923 3337 3976 Τὸ
3393 3921 3449 3974 ’ὢ
3472 3962 3507 3986 ,_

1998 4027 2112 4098 πρὸ
2168 4025 2273 4081 τοῦ
2327 4021 2681 4094 ψισθῆναι,
2736 4023 2910 4074 ἐκεῖνο
2945 4018 3217 4091 σημαίνει,
3260 4016 3363 4079 ὅτι,
3414 4011 3491 4083 τῷ

1998 4117 2275 4189 Πνεύματι
2310 4114 2389 4185 τῷ
2414 4113 2542 4185 θείῳ
2585 4111 2982 4185 προεωρακὼς,
3025 4108 3100 4172 ὡς
3139 4107 3502 4180 χρισθήσεται⁴

2004 4210 2101 4280 μὲν
2145 4209 2225 4271 είς
2270 4205 2525 4277 βασιλέα,
2559 4203 2845 4276 περιπέσει
2875 4202 2932 4256 δὲ
2975 4203 3088 4265 τοῖς
3133 4199 3485 4271 πειρασμοῖς.

2000 4297 2216 4368 ἀνδρείᾳ
2252 4294 2693 4366 περιζωσάμενος
2728 4291 2823 4363 τὴν
2866 4291 3036 4360 ὀσφὺν
3076 4286 3135 4343 εὖ
3174 4287 3317 4359 μάλα
3358 4286 3488 4354 περὶ

1999 4388 2125 4450 τοὺς
2152 4383 2424 4446 κινδύνους
2456 4380 2800 4436 ἀντισοῦσθαι
2823 4378 3243 4435 διαϐεϐαιοῦται.

334 4545 535 4615 Adjicit
562 4544 756 4601 Daniel
781 4545 1052 4602 Barbarus
1083 4563 1102 4601 :
1135 4546 1449 4604 Vicesimus
1469 4554 1678 4609 sextus,
1701 4542 1986 4612 septimus,
2020 4545 2248 4593 octavus
2281 4542 2334 4590 et
2362 4547 2541 4588 nonus
2578 4531 2771 4603 psalmi
2805 4530 2946 4586 idem
2978 4530 3174 4585 uabent
3204 4543 3491 4599 argumen-

259 4648 399 4692 tum.
427 4637 705 4709 Siquidem
748 4639 995 4710 subjecto
1018 4641 1076 4695 in
1107 4628 1361 4714 Assyrios
1394 4642 1585 4698 eodem
1625 4655 1690 4694 ex
1732 4648 1968 4707 persona
2001 4631 2144 4687 beati
2173 4627 2417 4684 Ezechiae
2446 4627 2723 4690 dicuntur,
2755 4621 3078 4694 praedicente
3125 4619 3314 4684 David,
3339 4630 3402 4676 et
3423 4621 3489 4673 ad

259 4738 366 4789 hoc
397 4744 781 4805 argumentum
804 4744 1096 4792 revocante
1127 4712 1399 4808 Propheta
1444 4737 1592 4792 illius
1624 4745 1935 4804 personam,
1965 4727 2041 4782 ita
2070 4733 2135 4781 ut
2163 4724 2349 4781 eadem
2388 4721 2554 4776 verba
2596 4718 2852 4790 praedicet
2886 4724 2940 4770 et
2967 4713 3190 4769 aﬂ'ectus
3218 4712 3489 4768 ostendat.

256 4804 527 4884 Caeterum
557 4827 918 4884 imitationem
946 4837 1001 4883 et
1031 4804 1388 4886 diﬁ'erenitiam
1415 4826 1706 4899 quamdam
1731 4823 1931 4877 habent
1956 4819 2010 4873 hi
2038 4816 2234 4888 psalmi
2261 4839 2275 4869 :
2304 4828 2430 4868 nam
2465 4810 2755 4867 vicesimus
2783 4816 2990 4875 sextus,
3018 4813 3073 4860 et
3098 4804 3385 4860 vicesimus
3406 4818 3492 4858 se-

256 4919 480 4990 ptimus,
508 4919 749 4976 victoriae
794 4921 1040 4977 carmina
1082 4932 1211 4978 sunt
1253 4894 1464 4977 tantum
1504 4934 1605 4991 pro
1632 4915 1821 4973 deletis
1846 4910 2122 4983 Assyriis:
2158 4916 2215 4964 at
2241 4905 2529 4961 vicesimus
2552 4910 2778 4958 octavus
2815 4908 2870 4956 et
2906 4896 3194 4954 vicesimus
3220 4908 3397 4950 nouus
3423 4894 3491 4947 de

256 5015 633 5073 incolumitate
663 5023 720 5072 et
746 5017 982 5073 sanitate
1006 5016 1253 5075 Ezechiae
1276 5019 1525 5075 restituta
1554 5013 1883 5070 mentionem
1916 5005 2140 5062 faciunt.

324 5106 585 5163 Dominus
629 5106 953 5163 illuminatio
1002 5126 1118 5164 mea
1151 5119 1201 5164 et
1229 5111 1375 5166 salus
1418 5126 1552 5175 mea,
1576 5124 1727 5180 quem
1756 5108 1825 5159 ti-
1855 5108 1865 5167 1

1998 5098 2211 5165 Κύριος
2240 5091 2540 5165 φωτισμός
2561 5107 2680 5159 μου
2709 5087 2806 5141 καὶ
2828 5084 3028 5153 Σωτήρ
3044 5101 3183 5154 μου,
3211 5082 3353 5137 τινα
3380 5098 3487 5151 5co-

254 5195 439 5250 ποιεὺοῖ
460 5198 819 5255 Κόνενεετίοε
850 5206 1145 5269 potestates
1175 5200 1427 5271 despicit,
1457 5171 1599 5270 quia.
1627 5199 1682 5253 in
1715 5195 1825 5253 Do-

1964 5186 2294 5257 ηθήσομαι;
2322 5179 2729 5252 Κατευμεγεθεί
2754 5176 2863 5230 τῶν
2905 5173 3292 5245 ἀντικειμένων
3330 5171 3491 5226 δυνά-

254 5287 388 5341 mini
411 5288 810 5347 illuminatione
828 5264 1074 5347 conlidit.
1096 5294 1227 5357 Alc,
1250 5264 1445 5363 inquit.
1464 5264 1822 5349 illuminatus.

1964 5299 2077 5335 ,εων
2118 5278 2196 5349 τῷ
2234 5275 2375 5346 φωτὶ
2421 5273 2516 5328 τοῦ
2559 5271 2763 5343 Κυρίου
2822 5268 3124 5339 θαρρήσας.
3177 5266 3311 5319 Ὑπὸ
3357 5264 3485 5327 σοῦ,

255 5390 447 5433 omnes
478 5394 584 5435 una
606 5383 794 5439 hostes
820 5394 1111 5439 contemno

1964 5375 2062 5445 ιησὶ
2079 5413 2094 5439 ,
2130 5370 2495 5441 φωτιζόμενος
2540 5363 2755 5417 πάντων
2791 5360 2925 5431 ὁμοῦ
2969 5358 3076 5434 τῶν
3113 5357 3487 5428 πολεμούντων

457 5533 470 5545 ,
507 5534 518 5545 ι
568 5535 600 5545 ,ι
675 5539 685 5545 _
913 5541 937 5545 λ
1048 5544 1055 5545 7
1928 5462 2269 5536 καταφρονῶ.

328 5532 518 5587 Daniel
559 5535 869 5596 Barbarus:
900 5541 1155 5597 Dominus
1204 5554 1462 5612 protector
1501 5546 1617 5603 vita:
1667 5566 1809 5606 metu.
1843 5549 1977 5617 Quis
2021 5532 2159 5610 adeo
2206 5550 2528 5608 insidiarum
2574 5557 2766 5617 potens
2823 5544 2946 5609 erit,
3009 5551 3067 5597 ut
3120 5550 3309 5612 potens
3346 5538 3489 5594 Deus

256 5637 338 5681 est
369 5628 439 5683 ad
473 5630 732 5688 auxilium
764 5635 1090 5693 ferendum?

344 5764 387 5795 ’⁷
421 5762 597 5821 Jullic.
636 5784 711 5835 ιχ,
739 5770 823 5825 15,
