3944 6220
381 353 479 410 “9

1427 355 1783 414 EXPOSITIO
1825 358 1888 414 ΙΝ
1930 358 2256 414 PSALMUM
2291 356 2500 411 XXVII.

3500 355 3607 417 £50

461 473 549 521 ‘Er
577 467 649 533 τῷ
678 469 936 538 ἐγγίζειν
967 469 1056 523 ἐπ’
1095 472 1198 540 ἐμὲ
1237 474 1588 540 κακοῦντας.
1633 475 1920 546 Προσῆλθοε

2106 473 2160 528 2.
2195 472 2332 526 Dum
2376 473 2688 543 appropiant
2731 490 2885 542 super
2932 490 3010 526 me
3049 483 3304 527 nocentes.
3343 473 3597 529 Accessu-

377 565 495 634 μὲν,
522 563 670 632 φησι,
715 563 1028 633 διαφθεῖραι
1059 563 1297 628 θέλοντες
1337 565 1630 632 πεπόνθασι
1666 568 1723 620 δὲ
1756 568 1783 620 ὃ
1809 569 1940 639 δρᾶ-

374 670 465 707 σαι
490 651 742 723 ἦλπισαν.

447 742 560 800 Τοῦ
580 744 875 804 κατοικεῖν
897 761 973 814 με
1007 746 1076 798 ἐν
1101 746 1241 812 οἴκῳ
1263 748 1500 815 Kvplov.
1521 749 1630 801 Kal.
1657 747 1763 817 γὰρ
1789 748 1938 814 ἅγιο-

370 833 581 904 πρεπὴς
612 835 646 904 ἡ
685 834 902 904 αἴτησις
932 833 1152 902 γέγονε,
1179 837 1273 888 καὶ
1304 836 1421 906 Θεῷ
1463 837 1642 891 δοῦναι
1670 838 1813 902 ἀξία.
1855 836 1937 902 Τῷ

367 921 602 988 θεῳεῖν
641 937 716 989 με
770 921 885 988 τὴν
930 924 1294 991 τερπνότητα
1327 926 1566 993 Κυρίου.
1613 928 1700 979 Ἐν
1730 925 1931 998 ταύτῃ,

365 1013 549 1083 φησιν,
569 1011 798 1084 εὔχομαι
823 1015 1110 1079 διαπαντὸς
1134 1017 1326 1081 οἰκεῖν,
1353 1016 1410 1068 ὲν
1508 1018 1602 1071 καὶ
1631 1016 1732 1086 τῆς
1761 1033 1933 1087 σωτη-

368 1104 488 1173 ρίας
523 1103 804 1174 ἐπέτυχον.

448 1197 544 1248 Ἐν
564 1196 749 1266 πέτρᾳ
767 1196 1015 1266 ὕψωσέν
1025 1214 1120 1266 με.
1138 1198 1330 1267 Σαφῶς
1345 1199 1371 1250 ὁ
1389 1197 1594 1262 Παῦλος
1615 1198 1710 1269 τὴν
1727 1199 1932 1270 πέτραν

361 1283 502 1339 εἶναι
534 1287 625 1339 τὸν
651 1287 882 1358 Χριστὸν
906 1286 1314 1358 διισχυρίζεται.
1345 1289 1506 1358 Ι’ᾼοιω
1527 1289 1624 1342 καὶ
1654 1287 1831 1357 ψαλῶ
1853 1287 1932 1353 τῷ

359 1374 574 1443 Κυρίῳ.
607 1374 802 1444 Σαφῶς
826 1376 927 1447 τὴν
953 1375 1070 1441 τοῦ,
1091 1376 1298 1446 Ἃγιος,
1323 1376 1493 1447 ἅγιος,
1527 1377 1698 1446 ἆγιος,
1727 1380 1930 1450 ἀνακη-

363 1465 542 1536 ρύττει
568 1464 846 1536 λατρείαν.

431 1556 836 1623 Είσὰκουσον,
868 1560 1064 1627 Κύριε,
1099 1558 1206 1626 τῆς
1226 1558 1432 1628 φωνῆς
1456 1577 1596 1628 μου.
1631 1560 1773 1613 Ἀντλ⁸
1810 1560 1925 1626 τοῦ,

359 1647 678 1718 Εὑχαριστῶ
704 1665 784 1702 σοι
802 1649 941 1721 ὑπὲρ
964 1649 1069 1702 τῶν
1105 1649 1568 1721 παρεληλυθότων,
1597 1651 1926 1722 δεηθήσομαι

355 1739 412 1792 δὲ
440 1740 578 1810 ὑπὲρ
605 1739 713 1792 τῶν
741 1738 885 1811 ἑξῆς.

422 1832 848 1901 Νομοθέτησόν
882 1848 990 1902 με,
1031 1833 1238 1901 Κύριε,
1277 1831 1345 1885 ἐν
1379 1832 1454 1902 τῇ
1486 1831 1604 1899 ὀδῷ
1634 1848 1770 1886 σου.
1821 1833 1922 1885 Τὸν
1954 1820 1996 1874 Β

356 1921 709 1991 εὖαγγελικὸν
738 1923 900 1994 νόμον
924 1923 1139 1994 εὔχεται
1170 1924 1520 1996 γυμνωθῆναι
1555 1924 1703 1995 αὐτῷ
1721 1943 1734 1956 ·
1762 1925 1922 1988 αὐτὸς

352 2011 410 2066 δὲ
441 2013 548 2082 γὰρ
576 2009 645 2084 ἦν
671 2013 766 2066 καὶ
790 2015 823 2086 ή
854 2013 1036 2067 εὐθεῖα
1065 2013 1200 2078 ὁδός.

421 2106 532 2160 Καὶ
565 2107 866 2174 ἐψεύσατο
900 2107 938 2174 ἡ
981 2106 1182 2161 ἀδικία
1207 2105 1412 2176 ἑαυτῇ.
1444 2107 1730 2161 Τουτέστιν
1759 2108 1922 2178 ἠσθέ-

349 2215 512 2267 νησεν
542 2199 574 2269 ἡ
608 2198 730 2252 καθ’
763 2198 920 2269 ἡμῶν
952 2199 1151 2254 ἀδικία.

415 2290 684 2342 Πιστεύω
711 2289 817 2353 τοῦ
849 2287 998 2342 ίδεῖν
1032 2290 1104 2342 τὰ
1127 2288 1315 2358 ἀγαθὰ
1346 2289 1565 2357 Κυρίου
1593 2289 1662 2344 ἐν
1684 2287 1760 2359 γῇ
1786 2288 1919 2351 ζών-

349 2396 483 2434 των.
511 2380 621 2452 Τὴν
643 2380 754 2435 ἄνω
791 2380 1137 2452 Ἰερουσαλήμ
1172 2398 1350 2452 φησιν.

735 2473 1042 2527 ΨΑΛΜΟΣ
1070 2471 1149 2538 τῷ
1179 2472 1375 2528 Δαυτδ.
1399 2476 1528 2527 KZ'.

976 2563 1298 2629 Ὑπόθεσις.

353 2657 498 2728 ’ᾼδει
527 2656 614 2709 τὸν
651 2657 894 2729 παρόντα
919 2655 1128 2727 ψαλμὸν
1154 2656 1219 2708 ἐκ
1243 2655 1533 2728 προσώπου
1566 2655 1672 2708 τῶν
1700 2672 1917 2708 πιστευ-

422 2749 625 2802 σάντων
651 2750 733 2812 ei;
766 2748 1033 2820 Χριστὸν,
1069 2747 1156 2802 διὰ
1199 2748 1432 2818 δεήσεως
1476 2747 1555 2809 εἰς
1598 2747 1916 2817 ἐπικουρίαν

422 2841 594 2894 καλῶν
627 2842 720 2894 τὸν
758 2840 892 2900 Θεόν
913 2860 927 2874 ·
960 2840 1078 2912 ἃμα
1107 2841 1163 2894 δὲ
1199 2841 1291 2893 καὶ
1331 2840 1427 2910 τῆς
1476 2838 1740 2892 Ἰουδαίων
1781 2840 1918 2892 ἀπο-

421 2935 562 2998 νοίας
602 2934 906 3006 κατάρασιν
947 2933 1059 3005 ἔχει
1105 2933 1200 2987 καὶ
1241 2931 1405 3002 εὐχὴν
1446 2930 1540 2985 τοῦ
1585 2931 1914 3002 χωρισθῆναι

413 3028 512 3098 τῆς
535 3028 777 3099 χείρονος
800 3027 1024 3081 ἐκείνων
1055 3027 1288 3098 μερίδος.

415 3119 571 3187 Πρὸς
603 3119 714 3184 σὲ,
743 3120 939 3187 Κύριε,
982 3116 1404 3186 κεκράξομαι...
1436 3116 1533 3170 καὶ
1557 3115 1916 3183 ὁμοιωθήσο-

2042 575 2188 631 runt,
2214 565 2407 634 inquit,
2437 565 2618 618 animo
2651 564 2755 618 mei
2799 564 3088 634 perdendi,
3125 565 3269 636 quod
3313 566 3600 637 sperabant

2039 657 2290 711 illaturos
2319 672 2377 710 se
2404 655 2554 719 mali,
2585 655 2784 708 accidit
2811 654 2962 724 ipsis.

2111 748 2164 800 4.
2206 745 2272 801 Ut
2305 745 2587 800 inhabilem
2623 746 2677 798 in
2711 745 2865 799 domo
2901 745 3129 799 Domini.
3167 744 3377 800 Etenim
3410 755 3597 801 sancta

2036 847 2089 894 et
2121 855 2272 908 aequa
2307 838 2617 908 postulatio,
2657 853 2818 906 quam
2874 839 3172 891 concedere
3221 835 3328 890 Deo
3375 835 3594 907 dignum

2035 939 2136 985 est.
2170 928 2236 983 Ut
2271 929 2475 984 videam
2521 928 2833 996 voluptatem
2877 926 3108 982 Domini.
3143 929 3203 980 In
3256 928 3376 990 hac,
3400 927 3594 994 inquit,

2034 1034 2224 1090 precor
2249 1020 2380 1074 mibi
2413 1033 2626 1088 semper
2652 1018 2899 1073 habitare
2930 1019 3111 1086 liceat,
3144 1018 3198 1072 in
3225 1033 3331 1089 qua
3356 1035 3477 1075 sum
3503 1035 3593 1074 sa-

2034 1109 2198 1164 lutem
2231 1117 2577 1165 consecutus.

2121 1199 2174 1254 6.
2221 1199 2287 1252 In
2329 1209 2477 1269 petra
2509 1201 2761 1256 exultavit
2790 1219 2887 1255 me.
2917 1201 3114 1270 Aperte
3141 1199 3344 1257 Paulus
3386 1209 3592 1271 petram

2031 1306 2151 1346 esse
2166 1291 2444 1345 Christum
2463 1290 2691 1346 aiﬁrmat
2714 1293 2777 1344 “.
2799 1293 3035 1346 Cantabo
3065 1302 3112 1346 et
3133 1292 3394 1360 psalmum
3418 1293 3593 1345 dicam

2031 1385 2274 1437 Domino.
2303 1382 2585 1438 Manifeste
2611 1385 2814 1438 cultum
2845 1399 2940 1454 per
2975 1384 3089 1439 haec
3118 1383 3304 1450 verba,
3337 1383 3593 1445 Sanctus,

2030 1481 2269 1533 sanctus.
2299 1481 2520 1528 sanctus
2544 1472 2610 1539 ",
2644 1473 2912 1528 redditum
2943 1474 3219 1544 praedicat.

2105 1564 2156 1620 7.
2206 1563 2440 1632 Exaudi,
2473 1563 2713 1629 Domine,
2743 1581 2916 1619 vocem
2968 1581 3156 1619 meam.
3195 1565 3364 1631 Quasi
3407 1567 3590 1621 dicat:

2027 1663 2233 1728 gratias
2277 1657 2374 1712 tibi
2399 1657 2466 1712 de
2505 1657 2794 1728 praeteritis
2821 1672 2945 1730 ago,
2977 1658 3224 1728 supplico
3245 1674 3344 1728 pro
3369 1657 3589 1712 futuris.

2110 1837 2195 1892 Η.
2226 1836 2411 1907 Legem
2439 1852 2569 1906 pone
2606 1836 2756 1899 mihi,
2794 1834 3030 1899 Domine,
3068 1835 3122 1887 in
3165 1851 3246 1889 vta
3278 1841 3386 1887 tua.
3412 1833 3590 1887 Evan-

2029 1928 2252 1999 gelicam
2286 1928 2456 1998 legem
2491 1926 2593 1984 sibi
2622 1936 2807 1981 notam
2847 1926 2960 1979 ﬁeri
2989 1925 3262 1995 postulat;
3294 1926 3412 1994 ipsa
3443 1926 3587 1978 enim

2028 2030 2173 2076 recta
2198 2021 2285 2075 via
2315 2029 2418 2076 est.

2106 2109 2192 2164 12.
2227 2110 2297 2164 Et
2321 2112 2540 2165 mentita
2563 2119 2640 2165 est
2661 2111 2914 2180 iniquitas
2941 2110 3060 2163 sibi.
3094 2107 3150 2164 ld
3179 2115 3283 2174 est,
3315 2107 3484 2163 fracta
3506 2116 3588 2162 cst

2024 2202 2282 2272 iniquitas
2314 2218 2418 2272 qua
2457 2202 2867 2272 impetcbamur.

2102 2292 2188 2346 15.
2216 2291 2383 2346 Credo
2427 2293 2596 2346 uidere
2625 2293 2759 2346 bona
2799 2292 3007 2346 Domini
3037 2293 3090 2346 in
3123 2302 3262 2347 terra
3283 2291 3582 2346 viventium.
3605 2333 3632 2342 ._

2025 2383 2323 2453 Supernam
2348 2382 2648 2437 Jerusalem
2676 2383 2953 2452 intelligit.

2371 2473 2712 2530 PSALMUS
2741 2474 2927 2528 David.
2957 2473 3206 2530 XXVII.

2610 2565 3007 2634 Argumentum.

2022 2651 2347 2706 Praesentem
2381 2651 2820 2720 canitpsalmum
2869 2667 2934 2706 ex
2980 2667 3206 2721 persona
3248 2651 3584 2707 credentium

2088 2743 2140 2797 in
2188 2743 2486 2804 Christum.
2515 2751 2568 2796 et
2600 2742 2825 2813 supplex
2867 2741 2958 2797 Dei
3003 2743 3258 2812 implorat
3284 2745 3580 2809 auxilium»;

2091 2847 2251 2903 atque
2279 2849 2387 2888 una
2418 2833 2728 2889 Judazorum
2751 2835 2983 2889 vesaniae
2998 2835 3420 2913 exsecrationem
3447 2851 3581 2889 οοηά

2094 2930 2249 2991 tinet,
2277 2936 2439 2998 atque
2462 2941 2492 2981 a
2515 2926 2755 2997 pessima
2788 2927 3004 2982 illorum
3035 2934 3181 2981 sorte
3217 2925 3460 2996 separari
3478 2941 3578 2995 ρος

2089 3021 2273 3076 stulat.

2087 3113 2138 3166 1.
2175 3111 2258 3166 Ad
2299 3120 2367 3177 te,
2401 3110 2639 3176 Domine,
2663 3110 2990 3166 clamabo....
3015 3121 3064 3164 et
3109 3111 3445 3164 assimilabor
3489 3125 3580 3161 ae—

335 3227 444 3281 μαι
474 3211 600 3276 τοῖς
631 3212 1096 3267 καταϐαίνουσιν
1117 3212 1204 3276 είς
1228 3209 1479 3264 λάκκον.
1517 3209 1676 3272 Ἕθος
1704 3211 1769 3280 τῇ
1794 3209 1912 3279 θείᾳ

2055 3204 2376 3258 :endentibus
2407 3204 2461 3256 in
2486 3203 2680 3258 lacum.
2710 3202 2825 3258 Mos
2848 3203 3044 3257 divinae
3079 3200 3371 3272 Scriptura:
3396 3201 3573 3254 lacum

343 3303 534 3375 Γραφῇ
564 3303 765 3356 λάκκον
797 3301 1082 3373 ὀνομάζειν
1113 3301 1202 3355 τὸν
1233 3300 1384 3373 ᾅδην.

407 3394 506 3463 Μὴ
536 3396 926 3463 συνελκύσῃς
941 3411 1017 3464 με
1034 3393 1184 3463 μετὰ
1211 3392 1589 3464 ἁμαρτωλῶν.
1631 3394 1912 3465 Ἀμαρτω-

335 3488 464 3550 Iob;
489 3487 551 3539 τὸ
577 3486 685 3540 τῶν
719 3486 987 3539 Ἰουδαίων
1018 3487 1167 3549 ἔθνος
1212 3487 1363 3556 φησὶ,
1409 3485 1549 3538 κατὰ
1579 3487 1637 3538 τὸ
1677 3484 1906 3556 εἰρημέ-

333 3597 428 3633 νον
455 3580 641 3642 αὐτοῖς
663 3579 767 3632 ὑπὸ
800 3577 895 3632 τοῦ
921 3578 1170 3650 Σωτῆρος
1190 3595 1203 3608 ο
1245 3577 1388 3631 Ἐὰν
1407 3577 1493 3645 μὴ
1524 3577 1906 3644 πιστεύσητε,

335 3669 427 3722 ὅτι
444 3670 558 3740 ἐγώ
579 3672 714 3738 ειμι,
733 3669 804 3723 ἐν
830 3668 958 3735 ταῖς
985 3669 1292 3737 ἁμαρτίαις
1311 3667 1475 3736 ὑμῶν
1493 3666 1904 3738 ἀποθανεῖσθε.

334 3763 501 3816 Αὐτοὶ
533 3762 590 3815 δὲ
620 3762 713 3814 καὶ
736 3761 1091 3832 ἐργαζόμενοι
1116 3759 1212 3830 τὴν
1243 3759 1494 3830 ἀνομίαν,
1521 3761 1601 3813 ὅτι
1623 3757 1714 3812 τὸν
1735 3758 1908 3812 ἀθῶον

334 3857 429 3910 καὶ
455 3854 662 3908 δίκαιον
690 3854 1020 3908 ἀπέκτειναν
1041 3892 1056 3918 ,
1094 3851 1151 3905 ὃν
1184 3851 1284 3904 οὐκ
1315 3853 1633 3904 ἀποκτεῖναι
1675 3852 1704 3902 δ
1745 3850 1909 3919 νόμος

334 3945 641 3999 ἐκέλευσεν.
661 3943 777 3997 Τῶν
818 3945 1158 3997 λαλούντων
1180 3941 1426 4010 εἰρήνην
1443 3939 1592 4010 μετὰ
1615 3939 1736 3992 τῶν
1755 3943 1910 4006 πλη-

332 4037 476 4091 σίον
513 4035 733 4091 αὐτῶν.
765 4035 934 4089 Τοῦτό
962 4053 1146 4109 φησιν,
1183 4037 1285 4103 ὅτι,
1316 4033 1631 4087 διδάσκαλον
1655 4033 1748 4084 καὶ
1771 4034 1907 4100 ἁγα-

329 4130 426 4183 θὸν
462 4129 866 4193 ἀποκαλοῦντες
910 4129 1004 4182 τὸν
1044 4128 1306 4202 Σωτῆρα,
1351 4127 1497 4181 κακὰ
1552 4124 1906 4193 διελογίζοντο

329 4223 452 4276 κατ’
480 4222 668 4278 αὐτοῦ.

404 4313 526 4368 Ὅτι
557 4317 629 4368 οὐ
649 4312 929 4383 συνῆκαν
948 4316 1034 4380 είς
1065 4313 1138 4366 τὰ
1170 4312 1313 4382 ἔργα
1340 4312 1578 4380 Κυρίου.
1623 4311 1767 4363 Ἀντὶ
1787 4308 1900 4373 τοῦ,

328 4405 447 4459 Οὐκ
472 4404 764 4476 ἠθέλησαν,
800 4405 954 4475 φησὶ,
987 4403 1084 4476 τὴν
1115 4403 1322 4458 οἰκείαν
1355 4402 1757 4475 παραδέξασθαι
1796 4419 1902 4454 σω-

329 4515 394 4568 τη
405 4497 546 4568 ρξαν.
1929 4529 1975 4583 D

399 4589 508 4643 Καὶ
533 4590 828 4643 ἁνέθαλεν
856 4589 894 4657 ἠ
919 4588 1074 4656 σάρξ
1093 4607 1232 4659 μου.
1263 4587 1455 4656 Σαφῶς
1484 4587 1581 4657 τὴν
1608 4587 1898 4641 ἀνάστασιν

329 4683 388 4734 ὲν
412 4681 623 4744 τούτοις
654 4680 934 4752 κηρύττει.

2013 3295 2282 3364 appellare
2314 3292 2610 3348 infernum.

2095 3389 2148 3442 '5.
2176 3386 2259 3441 Ne
2293 3386 2452 3441 simul
2485 3387 2664 3440 trahas
2709 3403 2787 3440 me
2817 3403 2934 3439 cum
2962 3386 3341 3456 peccatoribus.
3377 3386 3574 3440 Pecca-

2012 3485 2158 3532 tores
2192 3475 2501 3532 Iudaeorum
2536 3485 2747 3548 gentem
2786 3477 2935 3540 dicit,
2985 3477 3140 3546 juxta
3176 3476 3308 3530 illud
3331 3492 3362 3530 a
3389 3477 3576 3530 Salvaa

2011 3579 2127 3624 tore
2148 3569 2348 3624 dictum
2382 3589 2394 3623 :
2430 3568 2552 3622 Nisi
2580 3571 2910 3624 credideritis
2939 3572 3063 3640 quia
3092 3585 3184 3638 ego
3209 3584 3345 3632 sum,
3382 3568 3436 3621 in
3458 3583 3569 3636 pec-

2010 3663 2143 3715 catis
2167 3663 2350 3716 vestris
2381 3663 2676 3716 moriemini
2699 3662 2768 3727 ”,
2794 3663 2897 3732 ipsi
2932 3662 3133 3716 interea
3158 3667 3444 3731 operantes
3473 3659 3578 3711 inio

2008 3753 2294 3822 quitatem,
2332 3754 2835 3828 cuminnocentem
2872 3761 2925 3807 et
2951 3754 3157 3823 justum
3183 3761 3370 3806 contra
3407 3767 3577 3819 quam

2009 3843 2093 3896 lex
2120 3851 2325 3897 vetaret
2347 3843 2674 3897 occiderent.
2702 3843 2805 3907 Qui
2820 3842 3104 3909 loquuntur
3119 3857 3297 3910 pacem
3321 3857 3438 3893 cum
3459 3855 3574 3908 pro-

2006 3935 2151 3987 ximo
2197 3949 2310 3987 suo.
2350 3932 2462 3988 Hoc
2506 3934 2582 3988 ait
2617 3934 2745 4003 quia
2789 3933 3125 3987 Saivatorem
3163 3932 3482 4002 magistrum
3517 3942 3573 3990 et.

2008 4025 2210 4080 bonum
2234 4025 2586 4095 appellantes,
2610 4024 2748 4078 mala
2783 4023 3141 4078 moliebantur
3167 4022 3296 4092 ipsi.

2077 4305 2128 4358 5.
2159 4303 2418 4370 Quoniam
2444 4321 2547 4359 non
2575 4306 2940 4361 intellexerunt
2973 4321 3127 4374 opera
3153 4305 3573 4372 DOmini.Quasi

2003 4394 2206 4450 diceret
2231 4415 2244 4451 :
2270 4395 2574 4452 Noluerunt
2601 4398 2877 4468 propriam
2899 4397 3181 4452 admittere
3207 4398 3458 4452 salutent.

2085 4580 2136 4634 7.
2162 4579 2231 4634 Et
2263 4581 2504 4649 reﬂoruit
2533 4595 2656 4634 caro
2686 4595 2820 4633 mea.
2866 4579 3062 4649 Aperte
3097 4578 3183 4632 his
3212 4577 3566 4632 resurrectio-

2010 4689 2130 4727 nem
2160 4673 2422 4743 prazdicit.

397 4792 599 4862 Adjicit
632 4791 823 4846 Daniel
846 4791 1157 4846 Barbarus:
1189 4789 1422 4845 Reﬂorct
1452 4806 1579 4845 caro
1611 4798 1794 4845 nostra
1833 4803 1958 4843 cum
1987 4803 2138 4858 spem
2182 4787 2602 4844 resurrectionis
2632 4785 2954 4857 accipimus;
2982 4795 3242 4842 caeterum.
3282 4801 3388 4842 non
3417 4801 3564 4850 caro,

328 4889 423 4944 sed
457 4901 551 4941 cor
584 4885 676 4941 alii
705 4895 1003 4942 verterunt.

396 4981 592 5036 Daniel
626 4981 896 5036 Barbarus
921 4998 940 5035 :
975 4981 1059 5036 Ea:
1088 4982 1354 5036 uoluntate
1391 4998 1505 5036 mea
1536 4980 1818 5050 conﬁtebor
1843 4979 1912 5034 ei.
1948 4978 2095 5033 Dixit
2122 4993 2187 5033 ea:
2225 4976 2512 5042 voluntate,
2541 4977 2608 5032 ad
2638 4975 2992 5031 differentiam
3029 4976 3216 5048 legalis
3247 4974 3444 5035 cultus,
3471 4973 3564 5040 qui

327 5075 720 5144 suppliciorum
755 5087 902 5130 metu
935 5075 1290 5143 adiciebatur,
1322 5077 1373 5132 id
1402 5086 1504 5143 est,
1539 5092 1647 5132 non
1671 5076 1892 5130 invitam
1932 5083 1988 5128 et
2013 5082 2282 5140 coactam,
2309 5074 2403 5129 sed
2433 5073 2790 5128 voluntariam
2821 5081 2874 5126 ct
2903 5082 3202 5142 promptam
3237 5069 3331 5123 tibi
3350 5066 3562 5121 laudem

326 5163 596 5234 proferam
629 5183 644 5219 :
675 5165 758 5221 sic
784 5175 839 5221 et
864 5166 999 5221 alias
1032 5167 1168 5221 dixit
1194 5186 1206 5221 :
1247 5167 1551 5222 Voluntarie
1575 5167 1885 5236 sacriﬁcabo
1914 5166 2009 5219 tibi
2031 5166 2073 5198 ⁵¹
2100 5185 2112 5218 :
2148 5165 2214 5219 Et
2240 5165 2542 5220 voluntaria
2573 5165 2678 5218 oris
2704 5164 2804 5218 mei
2837 5164 3160 5233 beneplacita
3189 5161 3294 5229 fac,
3320 5155 3563 5218 Domine,

327 5265 374 5308 et
400 5256 595 5309 exaudi
626 5272 706 5309 me
729 5257 796 5308 δ’.
823 5253 928 5312 Sed
951 5258 1210 5328 quoniam
1238 5259 1461 5312 verbum
1486 5257 1732 5313 conﬁteri
1764 5266 1818 5311 et
1842 5255 2244 5310 damnationem
2284 5262 2657 5324 peccatorum,
2685 5257 2740 5309 et
2772 5255 3068 5322 gratiarum
3101 5250 3366 5304 actionem
3398 5244 3566 5314 signi-

328 5348 486 5420 ﬁcat;
517 5349 642 5406 ideo
667 5351 714 5406 si
745 5351 851 5406 hoc
875 5351 993 5407 loco
1024 5368 1122 5422 pro
1151 5353 1501 5409 damnatione
1531 5353 1737 5424 peccati
1763 5351 2045 5408 commissi
2071 5358 2340 5413 sumatur,
2373 5351 2552 5405 innuit
2573 5351 2719 5421 quod
2750 5367 2857 5405 non
2889 5349 3093 5419 pudore
3115 5351 3170 5398 ct
3188 5352 3437 5412 respectu
3463 5344 3566 5395 ho-

329 5441 530 5496 minum
574 5458 804 5513 peccare
849 5444 1056 5501 destitit
1084 5465 1097 5501 :
1131 5447 1224 5502 sed
1257 5448 1518 5517 quoniam
1557 5448 1858 5517 respexerit
1897 5447 1963 5502 ad
2003 5446 2186 5502 odium
2215 5455 2270 5500 et
2305 5461 2504 5500 noxam
2535 5446 2779 5515 peccati:
2811 5445 2861 5499 si.
2891 5456 3016 5497 vero
3050 5438 3284 5495 sumitur
3316 5453 3415 5509 pro
3446 5453 3567 5506 gra-

329 5532 520 5589 tiarum
559 5539 803 5605 actione,
836 5537 1073 5593 ostendit
1107 5554 1165 5593 se
1194 5539 1260 5594 de
1291 5540 1547 5595 omnibus
1570 5541 1773 5610 gratias
1814 5554 1991 5610 agere,
2022 5538 2185 5607 idque
2212 5555 2423 5594 summa
2455 5555 2580 5594 cum
2619 5537 2893 5592 voluntate
2921 5540 3178 5604 praestare
3204 5549 3218 5586 :
3247 5546 3374 5586 nam
3405 5529 3457 5583 id
3483 5523 3564 5579 vel

329 5623 505 5682 dolore
538 5628 626 5684 vel
655 5628 984 5684 necessitate
1013 5645 1190 5701 agere,
1223 5647 1329 5685 non
1362 5640 1533 5686 estex
1563 5632 1840 5686 voluntate
1873 5629 2141 5685 conﬁteri.

393 5774 628 5835 “Hior.
665 5797 728 5846 χ,
764 5781 813 5836 1.
899 5782 939 5814 ”
976 5781 1077 5838 lsa.
1108 5800 1183 5848 rt,
1217 5785 1264 5842 5.
1349 5787 1391 5817 '°
1422 5785 1578 5841 Joan.
1618 5802 1738 5854 rm,
1777 5785 1856 5841 ΞΕ.
1939 5785 1976 5815 δ’
2012 5782 2289 5851 Psal.t.m,
2325 5785 2374 5838 8.
2457 5787 2500 5815 ⁵²
2532 5781 2880 5846 Psalwxwu,
2914 5781 3035 5836 108.
