3944 6220
292 304 385 365 151
1146 304 1202 361 S.
1243 301 1613 357 ATIIANASII
1653 301 1805 356 OPP.
1844 295 2024 354 PARS
2061 297 2150 353 Ill.
2192 330 2262 339 —
2293 298 2702 355 EXEGETICA.

3410 302 3525 357 {5'}

361 428 415 481 8.
456 425 525 480 Et
551 432 813 495 protector
843 422 1194 476 salvationth
1223 400 1422 474 Christi
1455 416 1536 472 sui
1568 427 1665 472 est.
1696 416 1854 470 Chri-

2026 412 2133 466 Καὶ
2160 414 2616 482 ὑπερασπιστὴς
2640 411 2755 468 τῶν
2777 415 3082 484 σωτηρίων
3109 414 3214 470 τοῦ
3235 417 3511 485 Χριστοῦ.

284 534 430 577 stum
462 521 578 576 sive
612 529 836 573 unctum
881 517 969 570 hic
991 523 1151 570 vocat
1190 513 1451 583 populum
1480 510 1535 564 in
1568 508 1751 580 regale
1772 523 1864 565 sa-

283 614 584 669 cerdotium
622 611 927 665 inunctum.
957 606 1077 677 Ipse
1110 606 1300 676 igitur,
1330 605 1426 669 ait,
1468 602 1734 658 Dominus
1761 616 1864 672 po-

1965 506 2195 576 Χριστὸν
2240 504 2471 560 ἐνταῦθα
2498 506 2589 559 τὸν
2630 505 2915 577 χρισθέντα
2960 506 3083 560 λαὸν
3125 509 3202 570 είς
3249 505 3514 577 βασίλειον

1965 596 2261 666 ἱεράτευμα
2295 612 2479 666 φησιν.
2504 596 2673 660 Αὐτὸς
2703 593 2813 662 οὖν,
2843 595 3004 668 φησὶν
3023 637 3038 661 ,
3063 598 3091 650 δ
3117 598 3319 668 Κύριος
3346 597 3515 670 ὑπερ-

293 707 478 777 pulum
522 705 774 776 protegit,
799 713 859 758 ut
894 694 1123 758 salutem
1160 698 1360 769 populo
1391 694 1544 768 paret
1575 710 1733 765 quem
1765 708 1854 763 per

1972 684 2179 750 κοπίζει
2207 687 2286 749 εἰς
2316 685 2376 739 τὸ
2404 684 2572 739 σῶσαι
2604 686 2693 740 τὸν
2718 685 3004 759 χρισθέντα
3028 687 3094 740 δι’
3126 685 3287 740 αὑτοῦ
3317 687 3411 741 καὶΙ
3437 688 3517 752 εἰς

295 817 353 855 se
377 810 430 854 et
458 799 526 853 ad
557 812 616 852 se
647 797 883 851 inunxit.

337 889 390 943 9.
422 888 487 941 Et
511 902 665 957 pasce
712 885 858 949 illos,
899 898 948 939 et
998 881 1188 937 extolle
1242 880 1363 934 illos
1414 893 1573 947 usque
1613 884 1861 946 m‘wter-

1963 777 2121 831 αὐτὸν
2144 776 2291 830 λαόν.

2032 867 2138 920 Καὶ
2171 867 2462 937 ποίμανον
2491 869 2739 935 αὐτοὺς,
2784 869 2883 923 καὶ
2910 868 3134 939 ἔπειρον
3159 871 3378 937 αὐτοὺς
3407 870 3517 937 ἕως

286 997 430 1034 nu-n.
466 979 584 1049 lps‘e
636 993 875 1047 namque
917 990 1018 1029 nos
1058 982 1248 1044 pascet
1276 972 1446 1026 misso
1477 970 1531 1023 in
1563 968 1735 1022 vicem
1772 964 1854 1019 sui

1972 959 2066 1013 τοῦ
2108 956 2340 1026 αὶῶνος.
2392 962 2562 1026 Αὐτὸς
2606 962 2714 1034 γὰρ
2763 965 2909 1035 ἡμᾶς
2968 966 3250 1036 ποιμανεῖ,
3297 964 3515 1035 πέμψας

286 1069 585 1124 Paracleto.
619 1068 684 1122 Et
720 1068 939 1139 quidem
979 1082 1080 1120 nos
1112 1064 1348 1129 extollit,
1378 1062 1431 1117 id
1457 1069 1561 1124 est,
1594 1059 1854 1114 sublimes

1972 1054 2089 1122 ἡμῖν
2119 1054 2233 1106 ἀντ’
2259 1054 2421 1108 αὑτοῦ
2449 1056 2541 1108 καὶ
2563 1056 2637 1121 ὡς
2662 1058 2851 1111 ἑαυτὸν
2875 1058 2966 1113 τὸν
2995 1058 3368 1133 Παράκλητον.
3405 1061 3516 1114 Καὶ

287 1162 395 1231 agit
420 1163 472 1216 in
498 1160 681 1215 futura
704 1167 753 1214 et
787 1158 998 1213 inlinita
1028 1156 1248 1212 saecula.

289 1339 629 1397 PSALMUS
665 1341 856 1406 David,
885 1343 946 1395 de
979 1342 1123 1395 exitu
1158 1337 1525 1393 Tabernacnli.
1571 1335 1672 1389 XX
1688 1335 1852 1388 VIII.

881 1435 1280 1503 Argumentum.

288 1523 515 1579 Canitur
548 1537 788 1593 praesens
833 1524 1079 1593 psalmus
1126 1521 1302 1590 ejecto
1352 1517 1568 1576 lsraelis
1616 1517 1853 1588 populo,

359 1616 716 1686 gentibusque
739 1629 927 1669 eorum
954 1613 1072 1667 vice
1103 1612 1315 1674 accitis,
1341 1611 1486 1681 quod
1512 1611 1627 1680 ipsa
1653 1610 1856 1664 indicat

356 1705 660 1774 inscriptio,
694 1703 886 1760 Exitus
920 1702 1305 1766 Tabernaculi,
1332 1717 1453 1772 quae
1485 1701 1662 1772 palam
1697 1700 1853 1755 nobis

355 1799 561 1852 exitum
585 1798 802 1850 illorum
821 1796 1112 1864 signiﬁcat.

363 1890 417 1953 1,
447 1890 502 1943 2.
535 1888 732 1958 A/ferte
776 1887 1020 1954 Domino,
1052 1888 1152 1958 ﬁlii
1178 1887 1291 1941 Dei.
1311 1886 1478 1943 Filios
1508 1886 1600 1941 Dei
1636 1894 1852 1942 sanctos

289 1982 562 2050 apostolos
587 1988 761 2046 vocat,
789 1980 989 2050 quippe
1014 1995 1151 2050 quos
1184 1981 1364 2035 dicere
1386 1980 1666 2035 docuerit:
1692 1978 1853 2032 Pater

289 2081 465 2127 uoster
503 2071 592 2141 qui
627 2087 678 2125 es
713 2073 769 2124 in
813 2071 956 2124 cretis
979 2071 1043 2125 ⁸³.
1073 2071 1272 2140 A/ferte
1299 2071 1524 2126 Domino
1554 2070 1693 2140 ﬁlios
1716 2070 1851 2124 arie-

290 2146 422 2218 tum.
464 2162 628 2218 Filios
655 2163 885 2219 arietum
921 2174 1080 2220 vocat
1111 2180 1205 2219 eos
1233 2164 1325 2234 qui
1358 2180 1453 2234 per
1482 2165 1756 2235 apostolos
1785 2180 1848 2219 ex

290 2255 491 2333 ludatis
519 2257 773 2333 atl‘lidem
817 2246 1034 2311 Domini
1068 2265 1196 2312 sunt
1219 2257 1418 2321 vocati,
1447 2258 1532 2312 vel
1566 2257 1730 2311 etiam
1758 2257 1849 2325 qui

290 2328 355 2400 ei
385 2328 634 2417 gentibus
674 2354 1043 2409 accesserunt,
1070 2345 1270 2415 quippe
1295 2345 1390 2415 qui
1427 2361 1492 2400 ex
1523 2345 1851 2399 irrationali-

290 2438 393 2491 bus
427 2437 674 2506 patribus
717 2436 832 2491 nati
882 2447 1031 2493 sunt.
1063 2437 1260 2506 Aﬂ‘erte
1294 2436 1520 2491 Domino
1549 2437 1773 2509 gloriam
1801 2446 1851 2491 et

291 2528 556 2582 honorem.
585 2526 825 2582 Gloriam
859 2526 1015 2582 aﬂ’ert
1038 2526 1269 2583 Domino
1290 2529 1385 2599 qui
1411 2528 1568 2584 bonis
1594 2528 1850 2599 operibus

290 2630 467 2687 vacat,
498 2620 797 2676 secundum
825 2620 957 2676 illud
987 2621 1132 2692 quod
1165 2621 1371 2677 dictum
1396 2629 1514 2677 est:
1550 2619 1617 2675 Ut
1642 2620 1851 2675 videant

292 2730 450 2782 opera
477 2722 649 2768 vestra
686 2713 842 2776 bona,
879 2722 927 2767 et
957 2712 1250 2784 gloriﬁcent
1283 2713 1497 2768 Patrem
1534 2723 1759 2768 vestrum
1779 2713 1847 2767 ".

293 2804 506 2862 Rursus
554 2806 814 2861 honorem
852 2805 1004 2860 affert
1033 2806 1129 2875 qui
1169 2806 1312 2862 bona
1341 2806 1452 2861 edit
1487 2821 1672 2876 opera,
1693 2806 1851 2874 juxta

294 2897 348 2951 id
394 2897 538 2967 quod
581 2897 784 2953 dictum
814 2908 899 2952 est
918 2898 1000 2951 ἐς
1029 2896 1248 2951 Honora
1295 2896 1576 2952 Dominum
1604 2897 1668 2951 de
1686 2897 1849 2968 justis

297 2980 399 3042 tuis
425 2989 682 3057 operibus.

364 3081 595 3135 Adorate
623 3079 905 3135 Dominum
923 3081 977 3134 in
1005 3081 1142 3135 atrio
1169 3088 1353 3135 saneto
1374 3082 1508 3151 ejus.
1530 3080 1717 3137 Palam
1737 3082 1849 3138 edi-

295 3174 385 3238 cit,
409 3187 517 3227 non
543 3180 788 3241 oportere
818 3186 918 3228 nos
943 3181 1096 3228 extra
1113 3172 1396 3228 ecclesiam
1425 3172 1685 3228 adorare:
1706 3174 1850 3243 quod

294 3264 750 3318 heterodoxorum
799 3271 1169 3319 conventuum
1221 3280 1388 3341 causa
1437 3264 1656 3320 dicitur.
1709 3261 1850 3341 [Non

295 3361 509 3421 oportet
543 3364 694 3407 extra
741 3354 1025 3410 ecclesiam
1063 3339 1312 3422 adorare,
1357 3355 1451 3411 sed
1489 3356 1547 3410 in
1585 3339 1851 3425 ipsauaula

297 3442 411 3499 Dei.
451 3441 529 3498 Ne
571 3444 724 3510 mihi,
767 3444 960 3515 inquit,
988 3447 1238 3517 proprias
1273 3447 1427 3503 aulas
1471 3455 1527 3502 et
1550 3427 1852 3519 synagogas

295 3535 628 3609 excogitetis,
646 3553 753 3592 una
772 3545 858 3593 ‘cst
882 3537 1005 3592 aula
1030 3547 1219 3594 sancta
1242 3536 1686 3609 Dei.]Possumus
1701 3539 1849 3602 item,

296 3638 476 3686 mente
516 3644 734 3687 sursum
771 3639 970 3698 erecta,
998 3645 1094 3702 per
1137 3630 1337 3686 atrium
1385 3630 1661 3687 cmlestem
1698 3644 1852 3684 man-

298 3723 507 3777 sionem
538 3722 857 3793 intelligere.

366 3898 420 3954 5.
471 3897 580 3953 Vox
619 3897 831 3954 Domini
870 3915 1022 3970 super
1054 3915 1241 3970 aquas.
1280 3903 1463 3969 Aquas
1496 3897 1627 3954 dicit
1664 3912 1852 3953 eorum

297 3978 701 4072 multitudinem
737 3991 832 4072 qui
883 4007 979 4062 per
1019 4007 1112 4048 eas
1158 3983 1387 4047 salutem
1423 3997 1850 4062 consequuntur.

295 4085 465 4153 Aqua:
491 4067 618 4139 sunt
642 4067 838 4151 sancti,
853 4084 1112 4154 quoniam
1128 4081 1358 4138 ﬂumina
1373 4083 1440 4139 de
1454 4091 1639 4138 ventre
1662 4097 1852 4138 eorum

295 4174 485 4241 ﬂuent,
509 4174 555 4205 ”
569 4175 870 4244 spiritualis
896 4175 1148 4231 videlicet
1188 4174 1467 4239 doctrina‘,
1494 4188 1602 4245 qua
1630 4174 1856 4243 irrigant

300 4263 597 4319 auditores.
636 4264 808 4333 Super
860 4263 1175 4334 huiusmodi
1230 4278 1400 4335 aquas
1448 4263 1713 4321 Dominus
1749 4273 1852 4319 est.

302 4353 406 4409 Sed
437 4353 583 4424 quod
612 4354 895 4410 historiam
913 4364 1137 4425 spectat,
1160 4354 1304 4411 Elias
1332 4372 1454 4412 cum
1496 4356 1690 4425 pluviae
1712 4355 1857 4410 defe-

1963 1143 2068 1213 μὴν
2100 1144 2193 1195 καὶ
2230 1144 2475 1217 ἐπαίρει,
2518 1147 2794 1200 τουτέστιν
2853 1148 3085 1220 ὑψηλοὺς
3112 1149 3397 1220 ἀποφαίνει
3437 1152 3515 1214 εἰς

1957 1235 2081 1299 τοὺς
2114 1235 2405 1305 μέλλοντας
2431 1238 2525 1291 καὶ
2554 1237 2937 1308 ἀτελευτήτους
2972 1240 3193 1305 αἰῶνας.

2090 1330 2397 1392 ΨΑΛΜΟΣ
2417 1329 2496 1394 τῷ
2525 1329 2703 1384 Δαυῖδ
2725 1331 2937 1395 ἐξόδου
2965 1331 3220 1401 Σκηνῆς.
3254 1337 3385 1389 KH'.

2585 1423 2900 1489 Ὺπόθεσις.

1969 1514 2031 1568 '0
2057 1514 2242 1586 παρὼν
2270 1514 2450 1586 ᾄδεται
2479 1514 2711 1585 ψαλμὸς,
2760 1514 3164 1586 ἐκϐαλλομένων
3202 1517 3298 1587 μὲν
3320 1516 3426 1571 τῶν
3456 1516 3522 1583 ἐξ

2038 1606 2250 1679 Ἰσραὴλ
2270 1647 2284 1672 ,
2312 1607 2777 1677 ἀντεισαγομένων
2804 1607 2861 1661 δὲ
2887 1608 2994 1661 τῶν
3027 1607 3216 1664 ἐθνῶν.
3246 1609 3413 1663 Τοῦτο
3456 1608 3521 1663 δὲ

2024 1701 2172 1771 δηλοῖ
2198 1701 2342 1772 καὶῆ
2371 1700 2649 1772 ἐπιγραφὴ
2678 1702 2710 1770 ἡ
2737 1698 2986 1768 λέγουσα,
3003 1699 3241 1764 Ἐξόδου
3254 1700 3515 1771 Σκηνῆς,
3576 1742 3583 1751 .

2032 1793 2214 1862 σαφῶς
2242 1793 2339 1865 τὴν
2369 1792 2543 1858 ἔξοδον
2573 1793 2748 1847 αὐτῶν
2775 1794 2906 1864 ἡμῖν
2931 1792 3426 1863 κατασημαίνουσα.

2038 1885 2343 1954 Ἐνέγκατε
2369 1883 2449 1949 τῷ
2475 1884 2688 1952 Κυρίῳ,
2715 1883 2830 1938 viai
2854 1882 3018 1938 Θεοῦ.
3046 1885 3207 1948 Υίοὺς
3229 1883 3362 1937 Θεοῦ
3389 1883 3516 1949 τοὺς

1958 1979 2142 2046 ἁγίους
2167 1977 2494 2040 ἀποστόλους
2510 1977 2682 2031 καλεῖ·
2703 1975 2904 2042 ἐδίδαξε
2958 1976 3066 2049 γὰρ
3092 1977 3287 2041 αὐτοὺς
3312 1975 3511 2045 λέγειν·

1957 2069 2147 2139 Πάτερ
2194 2069 2363 2139 ἡμῶν
2399 2072 2432 2123 ό
2469 2070 2539 2122 ἐν
2580 2071 2704 2135 τοῖς
2745 2068 3042 2137 οὐρανοῖς.
3094 2068 3397 2138 Ἐνέγκατε
3437 2064 3525 2133 τῷι

1956 2164 2149 2231 Kvpltp
2171 2162 2341 2228 υἱοὺς
2368 2162 2566 2231 κριῶν.
2595 2162 2758 2225 Υίοὺς
2785 2160 2952 2233 κριῶν
2976 2161 3101 2224 τοὺς
3136 2159 3426 2232 κληθέντας
3446 2159 3515 2211 δι’

1956 2254 2131 2308 αὐτῶν
2170 2256 2232 2307 ὲκ
2269 2252 2362 2307 τοῦ
2400 2253 2664 2308 Ἰουδαίων
2693 2252 2874 2317 ἔθνους
2905 2254 2982 2316 εἰς
3008 2252 3105 2325 τὴν
3133 2252 3311 2306 πίστιν
3334 2252 3430 2323 τὴν
3458 2254 3529 2305 ἐν

1957 2348 2145 2420 Κυρίῳ
2193 2349 2445 2418 σημαίνει
2468 2365 2481 2378 ο
2524 2347 2557 2419 ἢ
2588 2346 2829 2409 καὶτοὺς
2869 2345 2929 2410 ἐξ
2960 2344 3127 2399 ἐθνῶν
3162 2345 3519 2398 πεπιστευκό-

1955 2457 2088 2506 τας,
2119 2440 2213 2494 ἅτε
2247 2439 2311 2510 δὴ
2343 2439 2546 2508 φύντας
2576 2437 2634 2504 ἐξ
2671 2437 2879 2506 ἀλόγων
2908 2436 3176 2509 πατέρων.
3215 2435 3518 2506 Ἐνέγκατε

1955 2532 2035 2600 τῷ
2058 2534 2253 2602 Κυρίῳ
2277 2532 2463 2598 δόξαν
2495 2533 2594 2587 καὶ
2614 2531 2808 2603 τιμήν.
2841 2530 3006 2596 Δόξαν
3036 2529 3134 2603 μὲν
3159 2530 3313 2603 φέρει
3338 2548 3419 2595 τις
3435 2530 3533 2601 τῷ.

1956 2624 2145 2696 Κυρίῳ
2174 2623 2552 2695 ἀγαθοεργῶν,
2583 2623 2722 2677 κατὰ
2762 2622 2822 2676 τὸ
2865 2622 3150 2694 εἰρημένον
3175 2638 3189 2652 ο
3222 2621 3420 2688 Ὅπως
3467 2621 3518 2675 ι-

1955 2715 2103 2770 δωσι
2138 2715 2212 2770 τὰ
2243 2716 2397 2776 καλὰ
2419 2716 2560 2785 ἔργα
2595 2714 2779 2785 ὑμῶν,
2812 2713 2910 2769 καί
2934 2713 3236 2779 δοξάσωσι
3262 2713 3369 2768 τὸν
3395 2715 3515 2766 Πα-

1955 2806 2095 2877 τέρα
2138 2806 2323 2880 ὑμῶν.
2366 2807 2541 2880 Τιμὴν
2589 2806 2645 2860 δὲ
2691 2805 2887 2873 πάλιν,
2936 2805 3146 2875 ἀγαθὰς
3190 2804 3534 2875 ἐπιτηδεύων-

1958 2898 2183 2972 πράξεις
2208 2938 2222 2963 ,
2250 2896 2393 2953 κατά
2415 2902 2475 2953 τὸ
2503 2898 2785 2971 εἰρημένον
2803 2915 2817 2928 ο
2854 2897 2995 2967 Τίμα
3017 2897 3123 2951 τὸν
3148 2897 3368 2965 Κύριον
3398 2895 3517 2950 ἀπὸ

1957 2990 2085 3044 σῶν
2115 2989 2360 3044 δικαίων
2386 2990 2607 3044 πόνων.

2027 3084 2496 3155 Προσκυνήσατε
2520 3085 2600 3151 τῷ
2630 3086 2824 3153 Κυρίῳ
2855 3085 2924 3139 ἐν
2963 3082 3119 3153 αυλῇ
3145 3083 3281 3154 ἁγίᾳ
3306 3080 3512 3135 αὐτοῦ.

1959 3173 2150 3242 Σαφῶς
2177 3172 2264 3227 διὰ
2300 3173 2501 3228 τούτων
2528 3177 2656 3246 ἡμῖν
2686 3172 3115 3246 παρακελεύεται
3134 3212 3148 3236 ,
3179 3173 3254 3235 ὡς
3288 3170 3391 3237 ἔξω
3416 3169 3517 3241 τῆς

1959 3263 2249 3334 ἐκκλησίας
2293 3264 2353 3318 ού
2407 3263 2485 3317 δεῖ
2531 3266 2872 3334 προσκυνεῖν.
2924 3261 3093 3315 Τοῦτο
3144 3260 3199 3314 δέ
3253 3276 3385 3331 φησι
3430 3257 3519 3311 διά

1957 3358 2053 3421 τὰς
2090 3357 2197 3411 τῶν
2226 3356 2543 3429 ἑτεροδόξων
2573 3357 2908 3427 συναγωγάς.
2945 3354 3340 3428 [Προσκύνησις
3375 3351 3430 3405 δὲ
3455 3352 3516 3404 ού

1958 3452 2060 3524 χρὴ
2104 3450 2208 3519 ἔξω
2230 3450 2329 3522 τῆς
2371 3449 2665 3515 ἐκκλησίας
2686 3493 2700 3515 ,
2731 3449 2844 3502 ἀλλ’
2885 3448 2941 3502 ὲν
2991 3448 3128 3519 αὐτῇ
3159 3450 3225 3519 τῇ
3260 3445 3394 3517 αὐλῇ
3425 3443 3533 3499 τοῦ.

1957 3541 2090 3595 Θεοῦ
2134 3540 2448 3613 τελουμένη.
2482 3542 2574 3612 Μή
2619 3557 2741 3611 μοι,
2784 3539 2944 3611 φησὶν
2967 3579 2982 3604 ,
3037 3538 3170 3601 ιδίας
3214 3535 3380 3600 αὐλὰς
3427 3535 3519 3589 καὶ

1960 3633 2278 3704 συναγωγὰς
2308 3635 2569 3687 ἐπινοεῖτε
2590 3649 2602 3661 ·
2641 3631 2736 3704 μία
2764 3632 2911 3685 ἐστὶν
2937 3630 3074 3703 αὐλὴ
3102 3632 3134 3702 ἡ
3163 3630 3294 3700 ἀγία
3338 3628 3519 3701 Θεοῦ.]

1958 3725 2187 3779 Δυνατδν
2227 3724 2284 3777 δὲ
2324 3722 2491 3794 αὐλὴν
2545 3720 3019 3793 ὲπαναδεϐηκότας
3063 3719 3250 3791 νοῆσαι
3278 3719 3376 3792 τὴν
3417 3720 3518 3772 ὲπ-

1958 3818 2204 3890 ουράνιον
2230 3816 2524 3888 διαγωγήν.

2029 3909 2199 3977 Φωνὴ
2229 3908 2448 3977 Κυρίου
2476 3905 2708 3962 ἐπὶτῶν
2721 3904 2977 3963 ὑδάτων.
3006 3905 3212 3960 Ὕδατά
3261 3922 3391 3977 φησι
3412 3903 3527 3960 τῶν

1958 4003 2046 4057 διὰ
2080 4001 2283 4059 τούτων
2322 4001 2641 4073 σωζομένων
2683 4000 2752 4054 τὰ
2795 3999 2993 4072 πλήθη.
3027 3999 3233 4053 ’Υδατα
3274 3998 3328 4052 oi.
3353 3999 3521 4069 ἅγιοι,

1959 4094 2143 4168 διόπερ
2189 4094 2423 4165 ποταμοὶ
2476 4093 2756 4165 ῥεύσουσιν
2802 4094 2868 4146 ὲκ
2909 4091 3011 4160 τῆς
3058 4089 3263 4155 κοιλίας
3306 4090 3518 4144 αὐτῶν·

1958 4188 2206 4243 τουτέστι
2235 4186 2577 4259 πνευματικὴ
2605 4185 2937 4250 διδασκαλία,
2961 4185 3028 4238 δι’
3055 4179 3124 4258 ἦς
3155 4183 3373 4256 ἄρδουσι
3397 4184 3523 4247 τοὺς

1961 4279 2273 4341 ἀκούοντας.
2307 4278 2429 4330 Ἐπὶ
2463 4277 2570 4331 τῶν
2603 4276 2853 4330 τοιούτων
2887 4272 2978 4330 οὖν
3008 4276 3214 4330 ὑδάτων
3243 4277 3273 4329 ὁ
3298 4274 3517 4346 Κύριος.

1974 4369 2131 4424 Ἀλλά
2154 4369 2273 4423 καθ’
2310 4369 2547 4441 ἱστορίαν
2584 4369 2766 4434 Ἠλίας
2790 4369 2927 4441 μετά
2951 4368 3048 4441 τὴν
3077 4367 3335 4440 ἀδροχίαν
3356 4367 3521 4438 ήκουε

300 4455 421 4500 ctus
446 4454 610 4506 esset,
635 4446 841 4501 audivit
866 4461 1054 4501 vocem
1077 4461 1342 4516 aquarum
1368 4448 1662 4501 multarum
1696 4448 1854 4519 (alius

1972 4462 2144 4532 φωνὴν
2170 4462 2375 4516 ὑδάτων
2411 4460 2641 4515 πολλῶν.
2688 4461 2797 4532 Τὴν
2829 4460 3123 4532 γενομένην
3154 4458 3318 4529 φησιν
3357 4459 3415 4511 ὲν
3443 4457 3522 4527 τῷ

301 4539 506 4609 eodem).
532 4537 730 4594 Vocem
760 4538 972 4593 Domini
1000 4538 1076 4593 ait
1102 4539 1159 4592 in
1182 4537 1418 4593 Jordane
1441 4555 1472 4594 a
1498 4538 1607 4594 Deo
1629 4539 1862 4614 etPatre

298 4632 555 4688 emissam
582 4647 647 4687 ac
677 4632 943 4687 dicentem
974 4629 1056 4686 ⁵⁷έ
1082 4624 1194 4686 Hie
1234 4640 1310 4686 est
1354 4632 1496 4702 ﬁlius
1543 4650 1684 4687 meus
1729 4633 1862 4688 dite-

301 4734 435 4788 ctus,
466 4738 631 4793 quam
661 4724 824 4779 etiam
849 4724 1093 4778 tonitruo
1125 4733 1425 4794 comparat.

369 4813 420 4869 5.
467 4812 580 4868 Vox
606 4813 821 4868 Domini
863 4813 1237 4884 confringentis
1292 4814 1494 4868 cedros.
1537 4813 1746 4870 Cedros
1774 4813 1862 4869 hic

300 4907 431 4962 dicit
457 4906 795 4962 adversarias
816 4914 1129 4977 potestates.
1157 4905 1235 4959 Et
1268 4906 1557 4977 confringet
1602 4905 1859 4960 Dominus

299 5000 479 5054 cedro:
523 4998 734 5053 Libani.
766 4999 972 5055 Cedros
1012 4998 1207 5055 Libani
1248 4999 1325 5054 ait
1358 5000 1619 5055 sublimes
1649 4998 1859 5055 Iudaici

298 5090 481 5159 populi
510 5089 761 5146 homines
788 5109 801 5145 :
826 5091 952 5161 quia
969 5090 1289 5161 plerumque
1312 5091 1363 5146 in
1378 5091 1560 5146 divina
1585 5089 1860 5161 Scriptura

299 5178 540 5236 Libanus
568 5179 905 5252 Jerosolyma
933 5182 1153 5237 dicitur.

361 5360 491 5414 6.Et
514 5366 824 5418 comminuet
846 5380 935 5417 eas
954 5373 1204 5432 tanquam
1227 5363 1446 5417 vitulum
1473 5363 1749 5419 Libanum.
1766 5365 1858 5419 Vi-

301 5453 466 5518 tulus,
499 5454 552 5506 id
596 5466 680 5509 est
724 5459 911 5511 altare.
948 5454 1018 5508 Et
1057 5455 1277 5510 dilectus
1318 5457 1753 5525 quemadmodum
1793 5460 1859 5528 [i—

302 5541 403 5596 lius
441 5544 788 5599 unicornium.
833 5548 1066 5605 Dilectus
1092 5548 1461 5617 apostolorum
1487 5552 1686 5607 chorus
1714 5553 1856 5610 ﬁlius

1970 4554 2207 4627 Ἰορδάνῃ
2232 4552 2327 4607 τοῦ
2353 4552 2485 4607 Θεοῦ
2517 4554 2610 4607 καὶ
2638 4552 2868 4626 Πατρὺς,
2895 4554 2989 4607 καὶ
3010 4552 3270 4623 λέγουσαν
3290 4566 3304 4580 ⁵
3336 4547 3522 4616 Οὗτός

1956 4648 2127 4701 ἐστιν
2147 4650 2178 4701 ὀ
2210 4647 2344 4711 Υἱός
2360 4662 2480 4714 μου
2502 4648 2535 4698 ὀ
2558 4644 2880 4714 ἀγαπητὸς,
2896 4646 2964 4716 ἢν
2985 4646 3078 4699 καὶ
3104 4644 3297 4716 βροντῇ
3327 4659 3519 4714 παρει-

1959 4739 2113 4803 κάζει

2029 4831 2200 4900 Φωνὴ
2255 4832 2476 4899 Κυρίου
2513 4829 2934 4897 συντρίϐοντος
2971 4827 3237 4896 κέδρους.
3282 4826 3519 4897 Κέδρους

1965 4926 2023 4977 ὲν
2068 4922 2276 4984 τούτοις
2320 4921 2417 4986 τὰς
2469 4919 2843 4989 ἀντικειμένας
2890 4917 3145 4988 δυνάμεις
3170 4916 3349 4987 φησίν.
3410 4915 3519 4970 Καὶ

1964 5014 2279 5082 συντρίψει
2314 5013 2524 5079 Κύριος
2546 4998 2657 5076 ⁸τὰς
2680 5009 2929 5078 κέδρους
2957 5008 3062 5063 τοῦ
3095 5006 3370 5061 Λιϐάνου.
3409 5006 3518 5059 Κέ-

1962 5102 2122 5174 δρους
2161 5100 2390 5155 Λιϐάνου
2415 5101 2542 5163 τοὺς
2576 5099 2809 5169 ὑψηλοὺς
2839 5098 2934 5151 τοῦ
2973 5098 3239 5152 Ἰουδαίων
3264 5096 3393 5150 λαοῦ
3420 5113 3523 5167 φη-
3586 5090 3607 5111 ”

1967 5212 2071 5258 σιν,
2091 5194 2178 5248 διὰ
2203 5194 2265 5248 τὸ
2290 5191 2604 5264 ὠνομάσθαι
2621 5191 2877 5255 πολλάκις
2893 5194 2950 5244 ἐν
2972 5193 3038 5261 τῇ
3065 5190 3184 5262 θείᾳ
3212 5191 3399 5263 Γραφῇ
3430 5190 3523 5243 Δί·-

1965 5286 2125 5340 6ανον
2147 5284 2245 5356 τὴν
2277 5282 2578 5355 Ίερουσαλή
2589 5301 2644 5353 μ.

2032 5376 2141 5430 Καί
2166 5374 2452 5429 λεπτυνεῐ
2489 5374 2675 5440 αὐτὰς
2702 5375 2782 5440 ὡς
2806 5374 2911 5428 τὸν
2934 5376 3173 5444 μόσχον
3216 5373 3321 5428 τόν
3349 5375 3520 5429 Λίϐα»

1962 5487 2090 5523 νον.
2138 5470 2197 5521 Ὀ
2240 5467 2437 5539 μόσχος
2472 5467 2532 5519 τὸ
2569 5467 2946 5537 θυσιαστήριον
2983 5466 3148 5537 δηλοῖ.
3181 5467 3286 5520 Καὶ
3321 5469 3354 5520 ὁ
3378 5467 3522 5537 mra-

1965 5557 2227 5627 πημένος
2267 5557 2346 5621 ὡς
2385 5556 2516 5623 υίὸς
2556 5554 2992 5626 μονοκερώτων.
3046 5558 3102 5610 '0
3131 5556 3519 5632 ὴγαπημένος,

367 5719 414 5753 ε’
441 5720 627 5778 Matth.
660 5738 743 5787 vr,
778 5726 828 5780 9.
906 5726 952 5760 ”
984 5728 1147 5784 Matth
1202 5746 1249 5796 ν,
1285 5731 1367 5787 l6.
1442 5732 1485 5766 ⁸⁵
1526 5732 1684 5789 Prov.
1723 5748 1805 5804 ιιι,
1837 5733 1854 5790 ε

1972 5734 2011 5767 ⁵⁸
2036 5731 2192 5790 Joan.
2230 5748 2327 5800 vn,
2364 5733 2452 5788 58.
2530 5736 2571 5769 δ’
2595 5733 2782 5792 Matth.
2812 5751 2893 5806 lit,
2930 5736 3015 5792 l7.
