3944 6220
222 328 321 382 153

1334 342 1697 423 ΕΧΡΟΒΙῘΙΟ
1730 346 1796 401 ΙΝ
1832 349 2169 411 PSALMUM
2197 354 2389 410 XXIX.

3396 362 3497 417 154

229 446 354 518 φησὶ
378 485 392 509 ,
418 445 533 500 τῶν
565 449 896 505 ἀποστόλων
927 454 1085 525 χορὸς
1139 455 1251 519 υίὸς
1296 457 1485 526 γέγονε
1522 461 1799 531 μονοκερώ

1932 467 2035 523 fuit
2072 469 2444 526 unicorninm.
2479 466 2782 526 Unicornes
2812 479 2992 527 autem
3022 481 3151 528 sunt
3176 478 3346 530 sancti
3373 491 3497 546 pro-

237 556 355 593 των.
392 539 800 612 Μονοκέρωτες
849 544 905 597 δὲ
942 547 989 598 oi
1031 546 1177 615 ἀγιοι
1209 550 1484 621 προφῆται
1515 552 1608 604 καὶ
1635 569 1826 624 πατρι-

243 632 431 703 άρχαι,
455 624 532 685 ὧν
563 634 677 686 υἱοὶ
707 637 758 688 οἱ
798 636 941 702 ἅγιοι
977 639 1262 693 ἀπόστολοι
1290 655 1303 668 ⁸
1335 640 1422 695 διὰ
1451 642 1511 695 τὸ
1538 644 1630 696 ἐπὶ
1680 644 1825 716 μόνῳ

243 724 356 797 θεῷ
376 724 437 778 τὸ
459 725 628 796 κέρας
660 728 759 781 καὶ
787 729 883 799 τὴν
910 731 1061 799 ἰσχὺν
1096 730 1259 803 ἔχειν.

311 818 480 887 Φωνὴ
515 820 741 887 Κιιρίου
780 820 1208 889 διακόπτοντος
1239 826 1435 896 φλόγα
1472 828 1679 894 πυρός.
1713 827 1823 879 Αὐ-

245 907 337 977 τὴν
367 907 463 977 τὴν
492 907 827 978 ἐπαγγελίαν
862 913 1152 983 σημαίνει,
1191 916 1256 985 ῆν
1285 919 1397 979 τοῖς
1429 917 1600 986 ἁγίοις
1650 918 1821 988 ἐπηγ-

244 999 457 1068 γείλατο
480 999 655 1070 λέγων
673 1017 688 1030 '
721 1003 834 1057 Καὶ
862 1004 971 1058 ἐὰν
1012 1004 1083 1059 ἐν
1122 1005 1293 1075 μέσῳ
1326 1008 1516 1078 πυρὸς
1543 1008 1780 1078 διέλθῃς
1805 1049 1819 1074 ,

240 1089 357 1160 πῦρ
389 1093 468 1146 οὺ
494 1095 859 1148 κατακαύσει
887 1110 981 1149 σε.

305 1182 481 1251 Φωνὴ
530 1184 749 1252 Κυρίου
793 1189 1194 1257 συσσείοντος
1240 1191 1482 1260 ἔρημον.
1522 1190 1618 1257 Τὸ,
1667 1204 1821 1246 συσσ-

238 1274 419 1328 σείων
447 1274 681 1328 ἐνταῦθα
726 1277 936 1349 εἴρηται
980 1281 1074 1334 ἐπὶ
1113 1282 1207 1336 τοῦ
1258 1282 1582 1350 ἐξακούστου
1636 1283 1816 1348 πάλιν,

237 1364 308 1429 ὡς
337 1366 421 1433 τὸ,
470 1370 871 1438 Εἰσελθόντος
895 1373 1001 1426 τοῦ
1039 1374 1232 1442 Ἰησοῦ
1252 1418 1266 1443 ,
1300 1376 1549 1445 ἐσείσθη
1578 1374 1746 1432 πᾶσα
1778 1379 1817 1447 ἡ

237 1457 433 1522 πόλις.
467 1458 714 1529 Ἔρημον
750 1460 808 1513 δὲ
847 1461 946 1533 τὴν
980 1462 1039 1528 ἐξ
1087 1464 1252 1518 ὲθνῶν
1288 1466 1612 1537 Ἐκκλησίαν
1635 1467 1815 1536 λέγει,

234 1545 329 1616 τὴν
356 1545 527 1599 πάλαι
558 1547 760 1619 ἔρημον
788 1546 952 1605 οὖσαν
981 1554 1077 1625 τῆς
1108 1554 1200 1607 τοῦ
1231 1554 1367 1609 Θεοῦ
1401 1555 1673 1625 γνώσεως.
1706 1558 1818 1613 Καὶ

233 1640 554 1693 συσσείσει
618 1642 833 1709 Κύριος
890 1643 1002 1714 τὴν
1049 1643 1271 1714 ἔρημον
1337 1646 1556 1715 Κάδης.
1630 1649 1817 1721 Κάδης

232 1728 369 1797 ἁγία
418 1732 800 1802 ἑρμηνεύεται.
853 1730 1008 1803 Ἀγία
1054 1735 1112 1788 δὲ
1150 1739 1182 1808 ἡ
1233 1737 1471 1809 Χριστοῦ
1518 1738 1813 1811 Ἐκκλησία

233 1825 428 1875 νοεῖται

296 1911 468 1981 Φωνὴ
495 1915 718 1982 Κυρίου
746 1916 1196 1988 καταρτιζομένη
1220 1920 1506 1990 ἐλάφους,
1538 1924 1637 1978 καὶ
1657 1927 1807 1980 ἀπο-

227 2006 488 2074 καλύψει
520 2006 804 2077 δρυμούς.
835 2010 1059 2081 Ἐλαφοι
1095 2012 1192 2083 μὲν
1238 2016 1286 2066 ol
1335 2014 1478 2083 ἅγιοι
1499 2033 1513 2046 °
1540 2034 1809 2087 καταρτι-

228 2094 433 2164 ζομένη
467 2097 526 2150 δὲ
556 2100 675 2152 ἀντὶ
701 2100 826 2166 τοῦ,
852 2102 1280 2173 εύτρεπίζοντος.
1315 2106 1485 2172 Αὐτὸς
1530 2108 1638 2179 γὰρ
1683 2110 1808 2175 τοὺς

229 2189 411 2256 ἁγίους
451 2192 784 2259 ἀποστόλους
823 2194 1149 2267 εὐτρεπίσας
1194 2197 1490 2270 ἐξέπεμψε,
1532 2200 1674 2254 κατά
1722 2201 1805 2268 τὸ,

226 2281 654 2351 Πορευθέντες,
689 2284 1327 2355 μαθητεύσατείπάντα
1362 2289 1434 2344 τὰ
1465 2289 1633 2361 ἔθνη.
1664 2294 1808 2359 Δρυ-

223 2373 370 2441 μοὺς
401 2373 503 2446 τὴν
538 2375 862 2447 Ἐκκλησίαν
888 2380 1184 2446 ἀποκαλεῖ,
1225 2380 1312 2435 διὰ
1335 2381 1396 2436 τὸ
1425 2383 1591 2438 πάλαι
1635 2383 1807 2449 ξύλων

229 2463 493 2537 ἀκάρπων
516 2461 657 2520 εἶναι
690 2468 924 2541 μητέρα.

293 2556 442 2629 [Καὶ
483 2559 555 2612 ἐν
586 2560 669 2626 τῷ
709 2562 835 2628 ναῷ
873 2564 1059 2620 αὑτοῦ
1097 2565 1212 2632 πᾶς
1263 2584 1353 2632 τις
1388 2568 1552 2637 λέγει
1596 2566 1806 2634 δόξαν.

234 2649 289 2701 ⁸0
316 2650 528 2723 Κύριος
549 2692 565 2717 ,
602 2653 730 2718 τοὺς
761 2656 946 2724 ἀγίους
977 2657 1309 2722 ἀποστόλους
1356 2659 1682 2732 εὐτρεπίσας
1721 2663 1808 2729 ἐξ·

224 2743 497 2815 ἐπεμψεν,
533 2746 674 2800 ὥστε
706 2748 834 2810 τοὺς
872 2749 1133 2822 δαίμονας
1181 2751 1544 2824 ἀποσοϐῆσαι,
1593 2756 1688 2809 καὶ
1737 2756 1807 2812 τὰ

222 2835 341 2922 ἔθνη
377 2839 457 2900 είς
493 2840 788 2908 ἐπίγνωσιν
815 2840 949 2896 Θεοῦ
983 2844 1258 2917 ἀγαγεῖν.]

287 2932 509 3001 Κύριος
552 2932 657 2987 τὸν
688 2934 1121 3006 κατακλυσμὸν
1166 2939 1471 2997 κατοικιεῖ.
1520 2939 1807 2995 Κατακλυ-

222 3022 352 3095 σμὺν
377 3024 443 3076 τὸ
479 3022 678 3095 πλῆθος
704 3025 812 3079 τῶν
855 3028 1262 3084 πιστευσάντων
1286 3030 1436 3101 λέγει
1468 3033 1610 3101 κατά
1641 3033 1703 3086 τὸ
1729 3034 1807 3087 εί-

223 3133 284 3187 ρη
293 3116 456 3186 μένον
472 3158 494 3185 ,
522 3117 602 3170 ὅτι
636 3118 695 3174 Ἡ
721 3119 1013 3188 σύμπασα
1040 3120 1116 3191 τῆ
1142 3122 1490 3195 ἐνεπλήσθη
1525 3125 1630 3180 τοῦ
1651 3126 1803 3196 γνῶ-

1925 559 2101 628 phetae
2142 570 2195 615 et
2232 559 2575 631 patriarchae,
2604 576 2841 630 quorum
2871 563 2963 617 ﬁlii
2996 574 3126 619 sunt
3159 567 3335 621 sancti
3360 583 3494 639 apo-

1925 649 2072 716 stoli,
2099 666 2165 705 eo
2191 651 2337 721 quod
2361 666 2532 706 cornu
2557 658 2611 707 et
2634 651 3005 709 fortitudinem
3036 655 3090 709 in
3121 656 3238 712 solo
3260 656 3371 714 Deo
3400 659 3495 715 ha-

1923 741 2158 813 buerint.

1996 831 2047 886 7.
2092 832 2204 887 Vox
2244 834 2456 890 Domini
2480 836 2838 892 intercidentis
2867 839 3138 908 ﬂammam
3168 842 3324 911 ignis.
3360 841 3493 897 Pro-

1922 924 2243 981 missionem
2279 927 2427 983 illam
2468 928 2740 998 signiﬁcat
2768 946 2876 999 qua
2915 933 3119 986 sanctis
3141 947 3200 987 se
3238 932 3493 1005 obligavit

1915 1008 2107 1074 ldieens
2131 1019 2198 1072 ⁸⁸.
2222 1018 2291 1072 Et
2319 1020 2365 1073 si
2387 1037 2479 1091 per
2502 1022 2729 1076 medium
2750 1023 2887 1092 ignis
2912 1023 3209 1091 transieris,
3231 1026 3366 1095 ignis
3389 1042 3492 1085 non

1912 1119 1970 1183 te
1994 1113 2283 1181 comburet.

1916 1269 1923 1275 ι
1989 1203 2044 1259 8.
2091 1202 2201 1257 νοω
2228 1203 2444 1258 Domini
2468 1206 2813 1260 concutientis
2844 1206 3129 1261 desertum.
3176 1207 3499 1265 Concutiens.

1920 1296 2009 1350 hic
2040 1295 2246 1350 dictum
2282 1304 2385 1359 est,
2408 1311 2474 1351 eo
2504 1296 2654 1367 quod
2682 1312 2759 1352 ex
2779 1299 2964 1354 sonitu
2989 1299 3291 1363 audiretur,
3329 1309 3491 1357 utest

1919 1386 2050 1441 illud
2070 1404 2085 1443 :
2102 1385 2128 1440 Ι
2137 1386 2439 1455 ngrediente
2448 1385 2480 1440 J
2486 1404 2574 1441 esu
2592 1398 2851 1443 commota
2866 1397 2942 1443 est
2962 1390 3203 1444 universa
3221 1391 3404 1451 civitas
3420 1392 3487 1445 ‘9.

1918 1476 2202 1533 Desertum
2226 1487 2406 1533 autem
2435 1478 2569 1533 dicit
2592 1478 2887 1535 Ecclesiam
2919 1481 3181 1552 gentium,
3212 1497 3337 1552 quae
3357 1482 3486 1538 olim

1916 1569 2127 1625 deserta
2158 1577 2210 1624 et
2235 1569 2496 1625 destituta
2520 1579 2665 1625 esset
2691 1569 2783 1625 Dei
2807 1572 3138 1642 cognitione.
3172 1570 3242 1625 Et
3265 1589 3491 1627 commo-

1915 1663 2048 1716 vebit
2070 1661 2329 1716 Dominus
2366 1662 2631 1719 desertum
2675 1662 2868 1729 Gades.
2897 1663 3074 1720 Cades
3104 1676 3290 1719 sancta
3322 1664 3493 1727 inter-

1914 1764 2179 1825 pretatur.
2224 1754 2292 1811 Et
2319 1769 2451 1811 vero
2477 1754 2722 1812 Ecclesia
2756 1755 2962 1812 Christi
2993 1765 3183 1813 sancta
3212 1765 3485 1812 censetur.

1978 1930 2030 1985 9.
2048 1929 2159 1985 Vox
2185 1930 2393 1985 Domini
2422 1931 2773 2001 preparantis
2800 1946 2997 1995 cervos,
3019 1941 3069 1985 et
3098 1930 3345 1985 revelavit
3369 1945 3488 1983 con-

1907 2021 2090 2078 densa.
2129 2022 2287 2078 Cervi
2311 2018 2441 2078 sun't
2465 2022 2665 2079 sancti.
2685 2021 3053 2093 Prwparantis
3074 2031 3257 2078 autem
3283 2029 3366 2078 est
3386 2036 3486 2077 ceu

1908 2113 2258 2169 adornantis:
2287 2114 2403 2183 ipse
2430 2129 2665 2184 namque
2692 2121 2910 2170 sanctos
2939 2114 3215 2183 apostolos
3251 2112 3490 2179 adorna-

1909 2217 1992 2264 tos
2037 2216 2091 2263 et
2114 2208 2415 2265 instructos
2462 2209 2636 2275 misit,
2658 2208 2816 2278 juxta
2857 2207 2990 2263 illud
3025 2226 3039 2263 :
3072 2206 3277 2262 Euntes
3306 2207 3491 2261 docete

1909 2314 2085 2353 omnes
2135 2308 2309 2370 gentes
2344 2299 2412 2355 ‘°.
2461 2297 2740 2353 Condensa
2779 2306 2960 2353 autem
2993 2297 3295 2354 Ecelesiam
3331 2296 3483 2361 dicit,

1906 2391 2053 2461 quod
2075 2398 2221 2447 esset
2249 2391 2383 2446 olim
2414 2389 2882 2446 infructuosarum
2919 2388 3178 2443 arborum
3207 2396 3402 2444 mater.

1973 2544 2074 2618 [Et
2090 2546 2147 2600 in
2190 2544 2381 2616 templo
2412 2544 2526 2616 ejus
2558 2545 2739 2615 quivis»
2764 2544 2990 2615 gloriam
3031 2543 3183 2597 dicit.
3221 2542 3488 2598 Dominus

1905 2650 2031 2693 cum
2062 2644 2282 2693 sanctos
2317 2636 2595 2706 apostolos
2637 2647 3023 2708 praeparasset,
3053 2636 3237 2690 emisit
3270 2650 3390 2701 eos,
3425 2645 3487 2689 ut.

1907 2729 2181 2785 daemones
2230 2735 2569 2783 exterrerent
2621 2739 2781 2796 atque
2815 2724 3088 2797 fugarent,
3112 2733 3168 2780 et
3204 2734 3392 2795 gentes
3428 2723 3487 2777 in

1905 2817 2002 2876 Dei
2030 2818 2398 2891 cognitionem
2437 2815 2707 2890 agerem]

1980 2930 2069 2989 10.
2100 2930 2361 2987 Dominus
2408 2930 2665 2986 diluvium
2690 2930 2991 2986 inhabitare
3027 2929 3179 2999 facit.
3211 2926 3482 2983 Diluvium

1907 3027 1984 3085 ait
2032 3041 2157 3084 esse
2193 3025 2435 3097 gentium
2481 3024 2918 3089 multitudinem,
2949 3023 3110 3092 juxta
3153 3021 3285 3086 illud
3336 3019 3486 3089 quod

1907 3117 2115 3173 dictum
2148 3126 2232 3174 est
2259 3135 2273 3172 :
2306 3114 2491 3171 Omnis
2529 3124 2670 3169 terra
2692 3112 2913 3183 impleta
2939 3120 3019 3167 est
3052 3111 3348 3182 cognitione
3374 3108 3484 3163 Do-

336 3208 447 3261 τύν
473 3180 717 3278 Κύριον,
744 3180 821 3274 ὡς
870 3210 1012 3285 ὕδωρ
1039 3180 1174 3268 ἐτέλει
1207 3180 1585 3288 κατακαλύψαι
1609 3180 1804 3274 θάλασ-

1931 3211 2037 3265 nini
2060 3209 2129 3274 σί,
2155 3223 2255 3264 ceu
2279 3222 2420 3278 aqua
2445 3205 2617 3261 multa
2646 3180 2776 3274 quasi
2794 3217 2943 3257 mare
2978 3180 3207 3270 aperiat.
3240 3196 3312 3252 Et
3339 3197 3485 3252 sede-

222 3313 335 3353 σαν.
398 3300 511 3353 Καὶ
574 3300 861 3356 καθιεῖται
925 3304 1142 3372 Κύριος
1186 3306 1489 3372 ,ϐασιλεὺς
1548 3311 1636 3376 εις
1695 3309 1803 3365 τὸν

220 3390 400 3447 αἰῶνα
421 3410 436 3423 ·
462 3393 647 3462 ὅμοιον
672 3393 771 3465 τῷ,
798 3395 917 3449 Ὅτι
941 3397 1102 3464 αὐτῷ
1124 3397 1347 3469 κάμψει
1379 3399 1503 3457 πᾶν
1524 3402 1692 3472 γόνυ.

280 3485 503 3552 Κύριος
538 3484 722 3555 ἰσχὺν
743 3484 825 3553 τῷ
844 3487 972 3553 λαῷ
995 3489 1181 3544 αὐτοῦ
1205 3489 1406 3547 δώσει.
1436 3493 1665 3565 Ὅμοιον
1690 3495 1768 3567 τῷ
1784 3514 1799 3526 ·

220 3575 417 3630 Πάντα
471 3578 661 3646 ἰσχύω
701 3579 773 3631 ἐν
815 3577 895 3645 τῷ
934 3579 1372 3651 ἐνδυναμοῦντί
1420 3600 1497 3653 με
1545 3585 1796 3654 Χριστῷ.

221 3669 430 3736 Κύριος
469 3670 793 3736 εὐλογήσει
843 3670 950 3725 τόν
1003 3671 1158 3726 λαὸν
1201 3674 1389 3729 αὐτοῦ
1447 3675 1517 3730 ἐν
1566 3676 1793 3748 εἰρήνῃ.

219 3760 442 3829 Ὅμοιον
471 3758 568 3831 τῷ,
599 3761 866 3830 Εἰρήνην
888 3761 1002 3831 τὴν
1032 3763 1187 3832 ἐμὴν
1209 3763 1417 3836 δίδωμι
1443 3766 1606 3837 ὑμῖν,
1634 3769 1795 3839 εἰρή-

219 3867 327 3918 ιην
358 3851 477 3920 τὴν
498 3851 655 3922 ἐμὴν
675 3853 891 3923 ἀφίημι
915 3853 1077 3924 ὑμῖν.

1900 3303 1977 3359 bit
2009 3304 2267 3359 Dominus
2311 3318 2405 3357 rea:
2444 3302 2502 3356 in
2537 3312 2817 3365 aeternam,
2846 3298 2975 3353 huic
3006 3294 3205 3362 simile,
3232 3292 3488 3364 quoniam

1899 3398 2001 3468 ipsi
2023 3395 2330 3451 curvabitur
2357 3410 2507 3448 omne
2535 3408 2671 3463 genu
2694 3392 2761 3444 ⁸³.

1970 3487 2059 3542 il.
2101 3486 2363 3541 Dominus
2418 3485 2667 3538 virtutem
2698 3480 3028 3552 populosuo
3068 3477 3259 3532 dabit:
3293 3473 3488 3530 Simile

1901 3580 2032 3636 huic
2067 3599 2078 3634 :
2115 3577 2310 3635 Omnia
2350 3592 2564 3647 possum
2599 3577 2654 3629 in
2685 3590 2745 3629 eo
2787 3574 2881 3644 qui
2916 3588 2998 3627 me
3036 3572 3298 3642 confortat
3326 3568 3484 3625 Chri~

1902 3682 1983 3726 sto
2007 3671 2073 3727 “.
2115 3669 2377 3724 Dominus
2404 3668 2666 3722 benedice:
2702 3667 2893 3734 papqu
2927 3680 3021 3718 suo
3047 3665 3103 3717 in
3126 3679 3275 3733 pace,
3303 3660 3485 3716 simile

1902 3765 2031 3820 huic
2059 3782 2072 3819 :
2101 3762 2295 3817 Pacem
2321 3777 2491 3817 meam
2527 3758 2596 3812 do
2643 3757 2810 3822 vobis,
2834 3772 3014 3825 pacem
3034 3770 3202 3810 meam
3246 3752 3487 3823 relinquo

1903 3857 2046 3913 vobis
2070 3856 2139 3911 “.

284 3968 490 4038 Adjicit
515 3971 573 4023 in
596 3970 700 4038 [ine
728 3970 921 4027 Daniel
940 3972 1213 4030 Barbarus
1235 3989 1256 4028 :
1290 3974 1602 4033 Desolatam
1634 3978 1704 4033 ab
1728 3979 1971 4053 Assyriis
2005 3987 2206 4034 terram
2239 3974 2435 4028 iterum
2459 3969 2781 4026 reformabit
2806 3979 2861 4024 et
2882 3966 3131 4021 habitare
3157 3962 3338 4018 faciet.

224 4064 533 4119 ΨΛΛΜΟΣ
569 4064 732 4134 ᾠδῆς
768 4065 877 4120 τοῦ
920 4069 1312 4140 ἐγκαινισμοῦ
1352 4072 1462 4126 τοῦ
1502 4073 1672 4129 οἶκον
1714 4077 1802 4142 εὶς

626 4158 694 4211 τὸ
727 4158 900 4224 τέλος
927 4158 1006 4225 τῷ
1031 4162 1233 4216 Δαυΐδ.
1258 4165 1391 4217 KG’.

229 4249 610 4320 Ἐγκαινισμὺς
640 4250 732 4304 τοῦ
764 4250 911 4304 οἴκου
949 4254 1119 4316 ἐστὶν,
1150 4255 1268 4326 ἦτοι
1299 4256 1401 4326 τῆς
1439 4254 1796 4328 Ἐκκλησίας,

281 4342 317 4416 ἢ
348 4345 439 4397 ὅτε
465 4343 563 4396 τοῦ
589 4343 695 4409 ἔξω
730 4342 1017 4415 ἀνθρώπου
1046 4348 1079 4416 η
1090 4345 1204 4417 μῶν
1242 4346 1604 4420 φθειρομένου
1630 4350 1660 4402 ὁ
1689 4348 1798 4403 ἔσω

283 4448 462 4485 ανακα
467 4449 672 4486 ινουται
681 4470 694 4485 ι

849 4524 1172 4594 Ὺπόθεσις.

2046 4073 2100 4127 1.
2122 4068 2366 4126 PSALM
2375 4067 2463 4123 US
2494 4068 2692 4122 cantici
2715 4067 2771 4118 in
2798 4061 3132 4117 dedicatione
3153 4059 3339 4112 domus

2450 4160 2667 4215 Davidi.
2692 4155 2914 4212 XXIX.

1903 4253 2180 4310 Dedicatio
2214 4253 2411 4309 domus
2440 4258 2549 4316 est,
2585 4258 2680 4303 aut
2708 4246 2988 4310 Ecclesiae,
3033 4251 3127 4299 aut
3171 4256 3295 4298 cum
3325 4248 3480 4295 exte-

1974 4346 2118 4401 riore
2169 4352 2359 4400 nostro
2418 4340 2639 4397 homine
2712 4346 2974 4408 corrupto
3033 4333 3262 4390 interior
3318 4348 3481 4388 reno-

1968 4444 2147 4492 vatur.

2495 4528 2896 4599 Argumentum.

216 4613 417 4669 ΐοῦτον
452 4615 569 4687 ᾄδει
589 4616 680 4669 τὸν
703 4617 919 4689 ψαλμὸν
953 4620 1092 4689 μετά
1122 4621 1184 4673 τὸ
1219 4620 1479 4693 ῥυσθῆναι
1504 4623 1601 4694 τῆς
1618 4625 1799 4696 ἀμαρ-

1931 4622 2063 4680 lune
2097 4624 2245 4680 canit
2277 4622 2547 4694 psalmum
2582 4629 2873 4691 postquam
2905 4631 2936 4671 a
2962 4624 3188 4685 peccato
3216 4613 3481 4669 liberatus

279 4706 438 4771 τίας,
479 4706 671 4780 ὥσπερ
721 4709 1198 4783 ἀνακαινισθείσης
1249 4710 1415 4766 αὑτοῦ
1469 4713 1571 4783 τῆς
1618 4714 1798 4787 ψυχῆς

279 4799 376 4853 διὰ
392 4801 494 4869 τῆς
517 4801 824 4871 μετανοίας,
851 4803 886 4873 ἢ
916 4805 1010 4858 καὶ
1036 4800 1186 4867 οἶκος
1217 4804 1386 4857 πάλαι
1416 4800 1485 4875 ἦν
1510 4806 1608 4859 τοῦ
1640 4807 1798 4877 ἁγίου

282 4890 625 4962 Πνεύματος.
650 4891 856 4947 Ψάλλει
885 4894 943 4947 δὲ
978 4895 1069 4949 καὶ
1097 4896 1235 4968 ὑπὲρ
1261 4896 1359 4967 τῆς
1389 4897 1672 4967 ἀφέσεως,
1708 4902 1802 4954 εὐ·-

283 4984 570 5055 χαριστίας
619 4984 925 5050 ἀνατιθεὶς,
982 4988 1078 5041 καὶ
1131 4989 1260 5058 περὶ
1319 4988 1427 5042 τῶν
1500 4991 1801 5062 μελλόντων

283 5075 495 5147 ἀσφαλῆ
530 5076 715 5145 μένειν
746 5077 934 5131 ἑαυτὸν
960 5078 1251 5149 εὐχόμενος
1271 5118 1287 5143 ,
1327 5082 1421 5134 καὶ
1461 5084 1575 5146 τοῖς
1620 5083 1800 5148 ἄλλοις

284 5166 543 5237 παρέχων
585 5166 973 5234 διδασκαλίαν,
1034 5170 1251 5225 εἴποτε
1299 5172 1408 5243 ἄρα
1457 5191 1509 5227 τι
1557 5174 1799 5230 τοιοῦτον

289 5257 496 5330 συμϐῇ,
526 5258 696 5331 εὐχὰς
724 5261 818 5314 ἐπὶ
847 5261 937 5316 τὸν
968 5261 1098 5315 Θεὸν
1127 5263 1449 5337 ἀνατείνειν.

297 5350 536 5422 ’Υψώσω
563 5370 661 5421 σε,
694 5355 892 5423 Κύριε,
923 5355 1013 5410 ὅτι
1040 5357 1328 5424 ἐπέλαϐές
1345 5375 1539 5428 με.....

293 5445 571 5515 Ἕσωσὰς
596 5465 677 5520 με
716 5447 837 5503 ἀπὸ
880 5446 999 5502 τῶν
1026 5451 1508 5505 καταϐαινόντων
1537 5453 1624 5519 είς
1651 5453 1795 5509 λάκ-

227 5552 344 5594 κον.
377 5541 593 5598 Λάκκον
621 5542 718 5597 τὸν
746 5539 879 5612 ᾅδην
906 5542 1091 5611 φησίν.

290 5693 332 5725 ⁸⁸
364 5695 458 5754 lsa.
492 5716 649 5764 xu-r,
682 5698 741 5752 2.
822 5698 866 5729 ⁵⁹
894 5696 1083 5751 Matth.
1112 5714 1231 5762 τινι,
1268 5698 1351 5754 i0.
1429 5697 1475 5733 ⁸ο
1505 5698 1694 5759 Matth.
1735 5720 1922 5769 xxvm,
1970 5706 2053 5761 19.

228 5763 340 5839 lipp.
379 5787 448 5839 ιιι,
494 5774 580 5828 15.
669 5772 719 5803 δι
749 5769 910 5825 Joau.
940 5785 1051 5835 τιν,
1076 5769 1163 5825 ‘27.

1968 4724 2023 4770 et
2060 4716 2217 4786 quasi
2258 4725 2517 4769 renovata
2562 4712 2744 4765 anima
2796 4708 2917 4779 ejus
2948 4721 3043 4776 per
3080 4704 3479 4776 paenitentiam,

1948 4790 2094 4880 ηυδε
2132 4808 2262 4862 olim
2297 4808 2495 4863 domus
2520 4813 2640 4860 erat
2677 4801 2915 4872 Spiritus
2945 4797 3137 4854 sancti.
3166 4795 3356 4853 Psallit
3380 4813 3480 4852 au-

1968 4912 2078 4959 tem
2116 4916 2216 4973 pro
2263 4912 2529 4955 concessa
2563 4898 2723 4953 venia
2755 4896 2962 4968 gratias
2994 4909 3180 4964 agens,
3202 4901 3257 4948 et
3281 4905 3499 4961 rogans.

1968 5002 2145 5050 tutum
2189 4992 2347 5048 sein
2374 4991 2558 5046 futuro
2592 4977 2822 5054 servari,
2850 4987 3099 5057 aliosque
3132 4985 3290 5041 docet
3315 4993 3396 5049 ut,
3430 4982 3496 5035 si.

1966 5085 2096 5157 quid
2139 5083 2279 5139 forte
2306 5081 2622 5154 hujusmodi
2651 5079 2952 5152 contingat,
2985 5092 3177 5149 preces
3200 5076 3268 5131 ad
3303 5073 3491 5128 Deum.

1967 5178 2221 5234 emittant

1962 5362 2018 5416 2.
2050 5359 2320 5416 Exaltabo
2342 5369 2413 5436 te,
2446 5359 2686 5423 Domine,
2716 5357 2965 5427 quoniam
2992 5351 3268 5421 suscepisti
3296 5364 3468 5403 me....

1969 5456 2021 5509 5.
2054 5454 2289 5511 Salvasti
2313 5469 2394 5506 me
2421 5468 2456 5507 a
2488 5450 2916 5506 descendentibus
2946 5448 3002 5501 in
3034 5447 3226 5501 lacum.
3264 5441 3480 5499 Lucum-

1898 5556 2057 5604 vocat
2081 5546 2376 5604 infernum.

2148 5706 2188 5737 “
2224 5702 2373 5762 Psal.
2396 5717 2513 5771 Clll,
2551 5700 2636 5755 24.
2741 5700 2783 5731 ⁶²
2816 5697 2916 5753 lsa.
2942 5712 3070 5764 ην,
3097 5694 3185 5750 “Li.
3264 5696 3307 5733 ⁸³
3341 5692 3467 5750 Phi-
