3944 6220
404 377 505 433 155

1234 377 1292 435 S.
1334 377 1706 436 ATHANASII
1745 378 1896 438 OPP.
1932 379 2113 441 PARS
2152 382 2236 438 Ill.
2281 415 2352 426 —
2389 380 2793 442 EXEGETICA.

3518 384 3624 441 158

471 492 525 547 4.
564 490 631 545 Et
664 490 983 561 conﬁtemini
1014 494 1276 548 memoria:
1304 497 1604 551 sanctitatis
1627 497 1760 567 ejus.
1788 495 1959 567 Opor-

2128 498 2238 553 Καὶ
2273 498 2728 569 ἐξομολογεῖσθε
2778 498 2854 568 τῇ
2882 501 3090 570 μνήμῃ
3134 501 3245 570 τῆς
3286 503 3624 571 ἁγιωσύνης

404 592 499 650 tet,
525 582 723 653 inquit,
746 583 977 652 hymnos
1004 582 1384 654 multiplicare,
1416 601 1684 643 memores
1712 587 1963 660 benigni-

404 674 535 728 tatis
567 673 713 743 ejus.

469 761 524 816 6.
552 762 817 828 Quoniam
866 761 953 815 ira
1002 763 1058 816 in
1108 763 1468 834 indignatione
1503 765 1638 834 ejus.
1683 764 1799 822 Non
1848 767 1965 838 ejus

401 852 631 910 consilio
654 863 708 909 et
731 855 1034 922 voluntate;
1066 856 1161 911 sed
1196 857 1340 925 quod
1369 857 1569 928 singuli
1609 872 1705 928 per
1745 869 1965 929 peccata

402 961 498 1002 sua
516 960 637 1000 eam
659 944 764 1001 sibi
786 946 1120 1016 pertrabant.
1145 945 1278 1001 Nam
1305 947 1424 1016 ejus
1447 948 1696 1004 voluntas
1723 951 1831 1005 vita
1860 961 1961 1007 est.

400 1031 482 1086 Ad
511 1048 780 1102 vesperum
818 1033 1180 1088 demorabitur
1219 1036 1394 1104 ﬂetus.
1424 1034 1520 1093 His
1548 1038 1728 1093 verbis
1755 1039 1964 1110 signiti-

401 1129 558 1176 catur
603 1124 934 1193 paenitentiae
966 1127 1300 1195 praestantia.
1343 1125 1536 1182 Nullus
1561 1130 1706 1184 enim
1737 1140 1845 1184 tam
1883 1133 1966 1186 in-

400 1227 535 1284 gens
561 1223 905 1283 peccatorum
931 1232 1213 1285 numerus,
1247 1234 1408 1288 quem
1440 1234 1549 1275 non
1572 1221 1821 1279 celeriter
1846 1239 1964 1296 poe-

404 1296 631 1354 nitentia
664 1300 720 1354 in
746 1302 1163 1359 exsultationem
1200 1315 1392 1362 vertat.

473 1390 527 1444 7.
563 1389 675 1462 Ego
705 1401 879 1446 autem
924 1395 1042 1449 dixi
1071 1397 1129 1450 in
1161 1396 1490 1454 abundantia
1522 1417 1638 1455 mea
1660 1418 1680 1456 :
1705 1401 1826 1456 Non
1854 1419 1966 1457 mo-

400 1481 554 1537 vebar
573 1485 628 1538 in
649 1493 922 1540 wtcrnum.
948 1487 1179 1544 Causam
1204 1489 1387 1559 lapsus
1408 1501 1643 1548 enarrat.
1673 1492 1964 1563 Quoniam,

399 1573 594 1644 inquit,
613 1578 889 1645 prosperis
910 1578 1094 1644 rebus,
1125 1582 1263 1635 altos
1285 1582 1507 1651 spiritus
1529 1587 1820 1656 assumpsi,
1839 1601 1967 1656 pro-

399 1673 585 1733 pterea
617 1668 974 1724 conturbatus
1006 1684 1148 1725 sum.
1181 1668 1295 1727 Hoc
1339 1688 1471 1728 vero
1500 1688 1607 1729 non
1639 1684 1693 1730 te
1723 1678 1964 1746 compel-

398 1755 563 1821 lente,
599 1757 694 1813 sed
719 1767 929 1813 tantum
959 1757 1152 1815 faciem
1190 1770 1340 1816 tuam
1372 1772 1663 1833 avertente,
1698 1766 1832 1821 mibi
1874 1783 1965 1823 ac-

2061 589 2245 642 αὑτοῦ
2296 592 2587 662 Προσήκει,
2613 592 2796 662 φησὶν,
2826 591 3111 645 ἐπιτείνειν
3137 593 3260 655 τοὺς
3281 590 3501 662 ὕμνους,
3527 610 3627 664 με·

2064 696 2168 751 μνη
2178 682 2367 751 μένους
2393 682 2492 752 τῆς
2520 682 2614 735 τοῦ
2636 681 2769 735 Θεοῦ
2796 681 3214 753 φιλανθρωπίας.

2133 773 2254 826 Ὅτι
2285 772 2429 842 ὀργὴ
2468 773 2539 825 ἐν
2575 771 2655 838 τῷ
2692 773 2855 843 θυμῷ
2881 773 3085 827 αὑτοῦ.
3122 775 3234 828 Ούκ
3274 774 3434 828 αὐτοῦ
3465 775 3625 831 τοῦτο

2064 863 2385 934 βουλομένου
2432 866 2634 917 ποιεῖν·
2679 863 2792 917 ἀλλ’
2837 864 3049 935 ἑκάστῳ
3091 864 3178 919 διὰ
3214 865 3311 937 τῆς
3353 869 3625 939 ἁμαρτίας

2063 953 2237 1025 ἐαυτῷ
2267 953 2473 1026 ταύτην
2506 955 2906 1025 ἐπεισάγοντος,
2953 956 3026 1009 Τὸ
3068 956 3177 1029 γὰρ
3220 958 3382 1011 αὐτοῦ
3415 959 3624 1032 θέλημα

2062 1046 2174 1119 ζωή
2219 1049 2385 1101 ἐστιν.
2422 1047 2491 1102 Τὸ
2516 1048 2776 1117 ἑσπέρας
2819 1047 3249 1117 αὑλισθήσεται
3295 1053 3617 1122 κλαυθμός.

2062 1138 2135 1191 Τὸ
2168 1138 2570 1209 εύκατόρθωτον
2599 1143 2699 1211 τῆς
2745 1141 3030 1211 μετανοίας
3068 1141 3156 1195 διὰ
3193 1142 3393 1197 τούτων
3425 1145 3625 1215 σημαί-

2060 1246 2229 1284 νεται.
2280 1230 2443 1284 Οὐδὲν
2474 1230 2584 1303 γὰρ
2624 1231 2872 1286 τοσοῦτον
2905 1232 3107 1305 πλῆθος
3148 1234 3458 1307 ἁμαρτιῶν,
3486 1235 3514 1289 δ
3545 1236 3622 1308 μὴ

2061 1319 2268 1390 ταχέως
2300 1322 2333 1392 η
2370 1322 2623 1392 μετάνοια
2648 1323 2727 1387 είς
2758 1322 3073 1392 ἀγαλλίασιν
3100 1325 3338 1396 ἐκφέρει.

2146 1411 2286 1482 Ἐγὼ
2320 1412 2387 1465 δὲ
2410 1410 2547 1467 εἶπα
2573 1414 2644 1467 ἐν
2668 1413 2744 1483 τῇ
2773 1416 3021 1484 εὐθηνίᾳ
3039 1434 3156 1485 μου
3178 1434 3194 1448 ·
3219 1417 3315 1484 Μὴ
3349 1416 3626 1472 σαλευθῶ

2060 1506 2148 1569 εὶς
2174 1504 2279 1557 τὸν
2301 1504 2503 1560 αἰῶνα.
2528 1505 2599 1558 Τὸ
2619 1505 2788 1562 αἴτιον
2814 1507 2959 1577 λέγει
2976 1510 3075 1580 τῆς
3103 1508 3376 1573 πτώσεως.
3406 1510 3620 1582 Ἐπειδή

2066 1597 2228 1668 μέγα,
2254 1597 2437 1668 φησὶν,
2470 1601 2526 1651 ὲν
2550 1601 2614 1670 τῇ
2649 1599 2915 1671 εὐημερίᾳ
2943 1601 3276 1672 πεφρόνηκα,
3307 1602 3494 1656 τούτου
3531 1604 3624 1673 χά-

2065 1703 2148 1756 ριν
2184 1687 2540 1760 τετάραγμαι.
2587 1689 2780 1758 Γέγονε
2825 1690 2883 1743 δέ
2937 1708 3026 1762 μοι
3075 1691 3252 1757 τοῦτο,
3293 1695 3354 1746 ού
3404 1694 3497 1747 σοῦ
3551 1712 3619 1765 με

2065 1777 2537 1848 προσωθήσαντος,
2564 1779 2700 1833 ἀλλά
2728 1781 3163 1854 ἀποστρέψαντος
3193 1785 3351 1855 μόνον
3377 1784 3436 1838 τὸ
3456 1786 3622 1857 πρόσο

399 1846 554 1903 cidit.
583 1847 812 1915 Quando
836 1850 1020 1919 igitur,
1056 1851 1163 1907 ιιιεὶ
1197 1860 1286 1907 tua
1318 1851 1637 1911 fortitudine
1665 1856 1963 1913 innitamur

2077 1846 2231 1921 ωπον.
2271 1846 2483 1940 Ἐπειδὴ
2516 1868 2693 1923 τοίνυν
2725 1870 2853 1924 ἄνευ
3037 1846 3218 1944 ἰσχύος
3243 1875 3341 1946 τῆς
3373 1875 3471 1947 σῆς
3501 1846 3623 1930 οὐδὲ

400 1953 469 1992 ne
515 1939 815 1996 consistere
862 1941 1080 2010 quidem
1127 1958 1441 2013 possumus,
1483 1944 1590 2013 fac,
1624 1947 1870 2016 obsecro,
1906 1960 1965 2006 ut

397 2026 526 2082 dum
552 2038 699 2084 tuam
723 2029 920 2100 impleo
944 2032 1499 2101 voluntatem,decore
1522 2036 1759 2093 animam
1787 2054 1963 2095 meam

397 2120 637 2177 illustres
660 2121 792 2193 (10).
813 2121 870 2179 Id
897 2123 1000 2178 sibi
1023 2123 1195 2179 Adam
1220 2126 1275 2180 in
1292 2126 1549 2196 paradiso
1575 2128 1774 2200 degens
1799 2144 1967 2185 even-

399 2219 580 2267 turum
607 2213 862 2282 speravit,
889 2222 1179 2284 antequam
1208 2215 1263 2269 in
1287 2216 1534 2273 fraudem
1565 2219 1961 2276 deduceretur:

396 2301 449 2355 id
483 2300 746 2359 Ezechias
790 2312 1076 2374 postquam
1109 2305 1391 2376 Assyrium
1432 2307 1722 2362 devicerat.
1761 2308 1830 2363 Et
1851 2310 1964 2366 haec

395 2402 581 2462 aperte
611 2394 766 2449 docet
801 2394 938 2449 liber
975 2394 1449 2466 Paralipomenon,
1483 2412 1609 2453 cum
1653 2399 1728 2454 ait
1753 2400 1962 2457 exalta-

396 2492 514 2538 tum
548 2482 718 2540 I'uisse
747 2499 843 2540 cor
873 2484 1118 2541 Ezechiae
1149 2487 1294 2556 regis
1320 2487 1387 2540 “.

463 2573 606 2630 9.Ad
639 2586 706 2641 te,
743 2574 984 2644 Domine,
1017 2577 1347 2634 clamabo....
1384 2578 1469 2633 10.
1497 2578 1630 2645 Qute
1662 2581 1868 2636 utilitas
1904 2583 1961 2635 in

395 2665 651 2734 sanguine
671 2681 784 2720 meo
805 2666 933 2720 dum
955 2668 1208 2723 descendo
1233 2670 1287 2723 in
1312 2673 1713 2739 corruptionem.
1737 2670 1956 2738 Precor,

394 2753 590 2823 inquit,
621 2754 808 2809 reduci
840 2771 927 2809 me
958 2756 1025 2811 de
1048 2757 1191 2822 lacu,
1217 2758 1346 2828 quia
1367 2775 1471 2812 non
1496 2760 1831 2830 conﬁtebitur
1861 2763 1960 2817 tibi

393 2842 582 2912 pulvis.
615 2842 771 2909 Quod
801 2846 852 2900 si
871 2846 1204 2903 descendere
1245 2849 1299 2903 in
1330 2853 1754 2920 corruptionem,
1786 2870 1961 2926 neque

394 2933 530 2989 mihi
567 2950 743 3005 neque
791 2937 914 2992 aliis
963 2938 1073 2992 ulla
1113 2938 1219 2993 erit
1266 2940 1488 2995 utilitas.
1528 2941 1641 3011 Ego
1682 2936 1862 2999 autem
1896 2961 1959 3000 ea

396 3027 503 3082 vita
535 3028 780 3097 privatus
815 3044 935 3084 sum
967 3043 1091 3099 quae
1129 3030 1227 3084 abs
1277 3039 1329 3085 te
1375 3031 1686 3088 obtinetur:
1718 3034 1807 3088 alii
1833 3051 1959 3090 vero

395 3117 600 3172 nullam
627 3132 724 3188 per
753 3134 839 3174 me
868 3119 1096 3175 salutem
1133 3121 1276 3176 nacti
1308 3128 1455 3176 sunt.
1488 3121 1583 3177 Sin
1609 3139 1736 3180 vero
1770 3126 1958 3181 audie-

394 3208 473 3265 ris
501 3224 690 3265 vocem
715 3226 892 3265 meam
923 3220 977 3267 et
1004 3214 1338 3268 converteris
1365 3213 1566 3269 luctum
1596 3216 1651 3270 in
1676 3217 1956 3286 gaudium,

392 3310 449 3358 et
471 3317 556 3355 me
582 3302 769 3357 laetitia
805 3304 1061 3369 cinxeris,
1090 3319 1199 3359 non
1238 3320 1404 3374 parva
1449 3307 1582 3361 mihi
1610 3310 1820 3364 eveniet
1854 3314 1959 3365 uti-

394 3389 787 3447 litaszetenim
835 3402 1121 3463 postquam
1172 3394 1459 3464 pristinam
1505 3397 1731 3468 gloriam
1777 3415 1956 3455 meam

394 3496 809 3553 recuperavero,
851 3499 976 3539 cum
1020 3500 1083 3540 ea
1119 3494 1172 3541 te
1208 3487 1475 3557 alloquar,
1502 3504 1610 3544 non
1644 3505 1766 3544 cum
1792 3507 1957 3561 prava

393 3574 749 3631 conscientia.
788 3573 904 3631 Hoc
945 3576 1092 3631 enim
1143 3576 1416 3648 signiﬁcat
1457 3578 1612 3645 illud,
1646 3579 1770 3635 Non
1817 3597 1959 3635 com-

390 3682 618 3737 oungar.

464 3756 550 3813 12.
571 3754 888 3813 Conscidisti
920 3774 1131 3813 saccum
1154 3776 1347 3827 meum,
1373 3768 1426 3814 et
1454 3760 1848 3815 circumdedisti
1878 3778 1958 3817 me

390 3844 599 3902 latitia.
640 3844 869 3902 Saccum
901 3848 1032 3904 dicit
1059 3850 1265 3905 luctum
1288 3888 1304 3913 ,
1348 3851 1565 3921 quando
1593 3865 1713 3908 mos
1744 3862 1827 3906 est
1866 3852 1954 3906 lu-

390 3937 642 4007 gentibus
685 3939 763 3993 uti
798 3953 980 3995 sacco.
1018 3938 1154 3995 Nam
1196 3956 1391 3997 saccus
1420 3941 1683 3997 malitiam
1714 3949 1769 3997 et
1798 3943 1956 4014 igno-

387 4028 621 4084 rantiam
650 4029 947 4102 signiﬁcat:
969 4032 1229 4102 quoniam
1256 4048 1323 4087 ex
1347 4032 1626 4088 haedorum
1660 4034 1785 4103 pilis
1817 4049 1955 4089 con-

388 4118 515 4174 iecti
540 4128 669 4175 sunt
694 4120 862 4188 sacci,
894 4122 988 4192 qui
1026 4124 1163 4179 haedi
1198 4126 1265 4179 ad
1300 4124 1583 4180 sinistram
1609 4126 1950 4193 consistunt;

387 4223 456 4263 ex
490 4209 615 4278 pilis
647 4210 776 4264 item
809 4210 947 4267 hirci
975 4212 1122 4267 illius
1151 4212 1472 4269 emissariis

456 4295 525 4352 In
548 4297 727 4366 ﬁnem,
757 4296 1003 4353 PSALM
1012 4298 1099 4355 US
1125 4300 1318 4355 Davidi
1341 4317 1437 4371 pro
1458 4304 1681 4357 υεειαεί.
1713 4302 1896 4358 XXX.

964 4389 1365 4460 Argumentum.

2068 1957 2256 2028 στῆναι
2294 1959 2588 2031 δυνάμεθα,
2614 1960 2676 2014 τὸ
2704 1963 2795 2017 σὺν
2819 1963 2978 2016 πάλιν
3010 1965 3267 2020 ἐπιτελῶν
3296 1966 3523 2039 θέλημα,
3559 1970 3623 2022 τὸ

2065 2046 2259 2112 κάλλος
2308 2065 2408 2120 μου
2449 2050 2549 2121 τῆς
2591 2051 2767 2123 ψυχῆς
2814 2053 3134 2126 διαλάμπειν
3184 2057 3618 2130 παρασκεύαστιν.

2064 2138 2231 2192 Τοῦτο
2274 2140 2366 2193 καὶ
2394 2142 2423 2194 ὁ
2457 2140 2626 2212 Ἀδὰμ
2657 2142 2879 2212 ἡλπισεν
2912 2147 3004 2199 ἐπὶ
3040 2146 3133 2199 τοῦ
3163 2149 3483 2219 παραδείσου
3515 2165 3626 2220 προ

2061 2227 2160 2297 τῆς
2186 2228 2400 2301 ἀπάτης
2428 2230 2854 2302 πολιτευόμενος,
2884 2235 2977 2287 καὶ
2999 2235 3027 2286 ὁ
3058 2234 3303 2299 Ἐζεκίας
3326 2233 3623 2307 νενικηκὼς

2062 2316 2152 2371 τδν
2185 2318 2484 2391 Ἀσσύριον,
2526 2321 2617 2374 καὶ
2645 2320 2880 2376 διδάσκει
2908 2322 3062 2377 τοῦτο
3091 2323 3274 2393 σαφῶς
3303 2324 3409 2379 τῶν
3438 2326 3623 2398 Παρω-

2062 2409 2390 2479 λειπομένων
2417 2413 2450 2481 ἡ
2486 2410 2683 2481 βίϐλος,
2711 2412 2986 2485 ὑψωθῆναι
3016 2415 3245 2486 λέγουσα
3272 2416 3371 2489 τὴν
3399 2417 3623 2490 καρδίαν

2074 2504 2309 2569 Ἐζεκίου
2337 2505 2429 2559 τοῦ
2461 2505 2738 2576 βασιλέως.

2131 2595 2286 2664 Πρὸς
2307 2595 2400 2661 σὲ,
2434 2599 2629 2665 Κύριε,
2658 2598 3123 2670 κεκράξομαι.....
3153 2601 3248 2667 Τίς
3278 2600 3529 2671 ὠφέλεια
3552 2602 3623 2654 ἐν

2059 2680 2140 2755 τῷ
2167 2687 2369 2756 αἵματί
2410 2705 2528 2756 μου
2549 2727 2564 2754 ,
2607 2688 2678 2742 ἐν
2725 2689 2805 2757 τῷ
2846 2692 3221 2747 καταϐαίνειν
3244 2710 3323 2762 με
3363 2697 3449 2759 εις
3497 2693 3622 2748 δια-

2060 2777 2326 2847 φθοράν;
2359 2779 2578 2850 Δέομαι,
2615 2781 2810 2852 φησὶν,
2839 2782 3130 2854 ἀναχθῆναι
3162 2786 3226 2837 ἐκ
3264 2785 3357 2839 τοῦ
3395 2785 3619 2851 λάκκου,

2059 2869 2241 2941 ἐπειδὴ
2266 2870 2366 2923 ούκ
2386 2869 2830 2942 ἐξομολογεῖταί
2849 2887 2947 2927 σοι
2967 2873 3133 2943 χοῦς.
3166 2875 3252 2927 Ἐν
3280 2873 3337 2928 δὲ
3361 2873 3438 2946 τῷ
3459 2890 3621 2929 κατα-

2060 2959 2217 3030 ϐῆναι
2259 2976 2324 3031 με
2360 2961 2440 3023 εἰς
2483 2960 2774 3033 διαφθορὰν
2812 2961 2933 3016 οὕτε
2966 2964 3062 3034 μία
3108 2982 3190 3027 τις
3220 2965 3455 3034 ὠφέλεια
3495 2965 3620 3020 οὔτε

2059 3049 2203 3119 ἐμοὶ,
2233 3047 2356 3102 οὔτε
2394 3049 2618 3124 ἑτέροις.
2655 3049 2794 3120 Ἐγώ
2836 3070 2895 3105 τε
2934 3053 3042 3124 γάρ
3077 3053 3486 3125 ἀπεστερούμην
3522 3054 3622 3125 τῆς

2058 3138 2210 3211 παρά
2252 3139 2345 3194 σοῦ
2386 3141 2561 3212 ζωῆς·
2598 3141 2747 3196 ἄλλοι
2796 3143 2853 3196 δὲ
2898 3144 3148 3216 οὐδαμῶς
3186 3144 3473 3215 ἐτύγχανον
3519 3146 3620 3218 τῆς

2059 3233 2189 3304 παρ’
2217 3232 2351 3302 ἐμοῦ
2403 3234 2695 3305 σωτηρίας.
2738 3234 2825 3288 Ἐν
2854 3234 2910 3286 δὲ
2947 3235 3024 3305 τῷ
3065 3234 3372 3289 εἰσακοῦσαί
3424 3252 3483 3288 σε
3517 3237 3621 3307 τῆς

2059 3324 2273 3395 φωνῆς,
2319 3324 2413 3378 καὶ
2460 3325 2782 3395 μεταϐαλεῖν
2820 3325 2909 3379 τὸν
2934 3327 3158 3380 κοπετὸν
3184 3329 3263 3392 είς
3289 3326 3492 3399 χαρὰν,
3522 3329 3621 3384 καὶ

2057 3412 2357 3485 περιζῶσαί
2392 3433 2458 3487 με
2505 3415 2858 3488 εὐφροσύνην,
2890 3418 2987 3488 ούχ
3017 3419 3049 3487 ἡ
3082 3419 3317 3488 τυχοῦσὰ
3347 3435 3435 3488 μοι
3459 3420 3619 3489 γενή-

2059 3521 2209 3558 σεται
2252 3505 2508 3575 ὠφέλεια.
2557 3503 2862 3559 Ἀπολαὸὼν
2894 3505 2999 3577 γάρ
3027 3504 3123 3577 τὴν
3154 3504 3419 3575 προτέραν
3448 3506 3620 3575 ἐμαυ-

2054 3595 2149 3649 τοῦ
2171 3594 2348 3661 δόξαν,
2376 3597 2444 3650 δι’
2473 3597 2643 3667 αὐτῆς
2672 3613 2753 3650 σοι
2781 3595 2943 3661 λαλῶ,
2974 3599 3035 3651 ού
3071 3597 3205 3669 μετά
3233 3613 3377 3660 τινος
3407 3596 3616 3667 φαύλης

2058 3688 2409 3760 συνειδήσεως
2429 3705 2443 3720 ·
2464 3689 2621 3743 τοῦτο
2645 3689 2755 3762 γὰρ
2777 3689 2926 3762 δηλοῖ
2953 3689 3013 3743 τό
3032 3706 3045 3720 ·
3077 3692 3157 3744 οὐ
3171 3688 3256 3760 μὴ
3281 3687 3613 3757 κατανυγῶ.

2125 3778 2442 3847 Διέῤῥηξας
2479 3779 2587 3833 τὸν
2614 3779 2846 3834 σάκκον
2867 3797 2985 3850 μου
3003 3821 3018 3845 ,
3045 3779 3142 3833 καὶ
3168 3777 3519 3849 περιέζωσάς
3538 3794 3617 3847 με

2057 3869 2462 3937 εὐφροσύνην.
2497 3869 2707 3924 Σάκκον
2750 3866 2871 3924 εἷπε
2913 3869 2974 3922 τὸ
3016 3868 3235 3935 πένθος,
3278 3868 3461 3939 ἐπειδὴ
3493 3868 3616 3934 ἔθος

2054 3962 2165 4023 τοῖς
2191 3962 2248 4012 ἐν
2272 3958 2458 4014 πένθει
2490 3960 2583 4013 καὶ
2612 3961 2798 4032 σάκκῳ
2823 3961 3140 4033 κεχρῆσθαι.
3186 3961 3245 4014 '0
3274 3959 3382 4032 γὰρ
3413 3961 3615 4023 σάκκος

2054 4050 2250 4105 κακίαν
2283 4052 2376 4104 καὶ
2422 4051 2694 4120 ἀγνωσίαν
2739 4053 3023 4124 σημαίνει·
3071 4052 3258 4124 ἐπειδὴ
3294 4053 3387 4106 καὶ
3427 4051 3613 4123 τρίχες

2051 4141 2159 4195 τῶν
2206 4142 2408 4213 ἐρίφων
2453 4143 2561 4197 εἰσὶ
2594 4143 2703 4199 τῶν
2747 4145 3044 4216 ἱσταμένων
3081 4144 3140 4210 ἐξ
3170 4145 3482 4216 εὐωνύμων,
3517 4142 3614 4197 καὶ

2050 4225 2143 4279 τοῦ
2171 4227 2554 4297 ἀποπομπαίου
2588 4232 2843 4301 χιμάρου.

2053 4320 2156 4385 Εἰς
2181 4318 2248 4373 τὸ
2276 4319 2449 4386 τέλος
2488 4324 2792 4377 ΨΑΛΜΟΣ
2821 4321 2900 4389 τῷ
2933 4324 3112 4379 Δαυῒδ
3138 4324 3492 4391 ἐκστάσεως.
3524 4324 3606 4379 Λ’.

2674 4415 2994 4482 Ὑπόθεσις.

386 4471 712 4531 Praesentem
749 4476 898 4532 canit
928 4479 1201 4547 psalmum
1244 4480 1403 4549 quasi
1441 4482 1650 4552 peccati
1683 4497 1847 4539 causa
1896 4484 1948 4538 in

2079 4501 2206 4570 ᾼδει
2237 4501 2327 4556 τὸν
2356 4503 2708 4575 προκείμενον
2728 4471 3040 4578 ψαλμδνῶς
3071 4508 3151 4561 ἔτι
3174 4510 3231 4561 ἐν
3252 4511 3315 4580 τῇ
3349 4508 3604 4584 μετανοίᾳ

455 4564 774 4636 paenitentia
803 4565 982 4622 adhuc
1021 4576 1330 4623 versaretur
1360 4577 1413 4623 et
1443 4577 1661 4641 rogaret
1690 4570 1759 4625 ab
1787 4585 1852 4626 eo
1876 4570 1944 4623 ll—

455 4656 654 4713 berari.
687 4657 942 4724 Quini‘mo
973 4667 1034 4714 ut
1057 4658 1169 4730 jam
1196 4660 1485 4718 exauditus
1518 4662 1722 4733 gratias
1748 4663 1858 4734 agit
1881 4678 1946 4719 ac

453 4762 577 4815 quae
614 4748 716 4819 ipsi
746 4750 1075 4819 pmnitentiaa
1103 4760 1345 4822 tempore
1391 4754 1664 4825 contigere
1708 4765 1893 4809 narrat
1925 4774 1938 4809 :

452 4839 586 4894 illud
613 4849 791 4896 autem
816 4882 831 4907 ,
864 4859 960 4913 pro
997 4845 1196 4898 exstasi
1214 4882 1229 4909 ,
1262 4844 1399 4899 nihil
1427 4845 1531 4900 nisi
1559 4855 1838 4916 peccatum
1867 4846 1942 4901 si-

450 4930 690 5001 gnificat,
720 4947 828 5003 quo
851 4935 1007 5005 quasi
1036 4950 1068 4989 a
1099 4949 1232 4990 sana
1260 4944 1440 4992 mente
1466 4938 1648 4991 anima
1674 4937 1937 4993 exCessit:

450 5030 513 5077 ut
541 5039 647 5079 non
677 5024 816 5079 ultra
844 5040 903 5081 se
923 5036 1264 5097 assumptum
1296 5028 1363 5082 iri
1392 5039 1653 5098 speraret,
1674 5037 1728 5084 et
1757 5030 1938 5099 palam

450 5114 655 5171 diceret
678 5134 691 5170 :
719 5116 828 5187 Ego
857 5127 1031 5173 autem
1055 5119 1170 5172 dixi
1194 5120 1250 5172 in
1278 5135 1490 5175 excessu
1518 5136 1648 5185 meo,
1672 5120 1932 5191 projectus

448 5223 566 5261 sum
592 5224 627 5262 α
654 5207 791 5279 facie
819 5208 1090 5265 oculorum
1119 5218 1349 5266 tuorum.

446 5428 503 5497 2,
535 5431 589 5485 3.
629 5430 698 5485 In
727 5441 795 5500 te,
829 5431 1071 5497 Domine,
1105 5433 1374 5502 speravi...
1406 5430 1616 5486 Inclina
1638 5432 1707 5486 ad
1734 5447 1814 5485 me
1837 5447 1935 5484 au-

380 5536 487 5574 rem
513 5530 677 5576 tuam.
706 5523 934 5589 Quando
960 5540 1068 5580 non
1098 5533 1272 5595 potest
1299 5526 1502 5580 clamor
1531 5536 1717 5581 noster
1745 5524 1799 5578 in
1842 5523 1922 5577 al-

443 5637 490 5668 ”
518 5636 563 5691 ll
590 5636 820 5710 Paralip.
854 5659 1024 5706 xxx",
1048 5642 1119 5697 25

2120 4593 2186 4662 τῇ
2213 4590 2302 4645 διὰ
2328 4593 2426 4664 τὴν
2453 4594 2722 4665 ἁμαρτίαν
2747 4594 2842 4662 ὢν,
2876 4597 2969 4650 καὶ
2999 4597 3161 4665 ἀξιῶν
3187 4598 3355 4669 αὐτῆς
3387 4597 3603 4650 ἐλευθεο

2121 4681 2378 4753 ρωθῆναι.
2412 4685 2487 4737 Οὐ
2518 4685 2624 4756 μὴν
2661 4685 2797 4740 ἀλλά
2820 4690 2912 4743 καὶ
2937 4689 3013 4754 ὡς
3039 4689 3140 4759 ἠδη
3186 4688 3603 4759 εἰσηκουσμένος

2118 4770 2469 4842 εὐχαριστίαν
2514 4773 2805 4847 ἀναφέρει·
2837 4777 2932 4831 καὶ
2962 4777 3068 4849 μὴν
3106 4778 3199 4830 καὶ
3230 4777 3300 4830 τὰ
3323 4776 3604 4848 συμϐάντα

2116 4858 2264 4929 αύτῷ
2285 4861 2342 4913 ἐν
2364 4859 2442 4930 τῷ
2471 4860 2573 4931 τῆς
2596 4864 2880 4933 μετανοίας
2912 4864 3086 4936 καιρῷ
3109 4865 3391 4936 διηγεῖται.
3416 4865 3487 4920 Τὸ
3517 4865 3599 4930 δέ,

2115 4950 2484 5019 ἐκστάσεως,
2531 4953 2683 5008 οὐδὲν
2713 4954 2897 5028 ἕτερον
2925 4957 2959 5028 ἢ
3000 4958 3168 5029 αὐτὴν
3200 4958 3297 5030 τὴν
3328 4958 3598 5030 ἁμαρτίαν

2115 5045 2245 5114 ἡμῖν
2279 5047 2694 5118 κατασημαίνει,
2728 5051 2796 5104 δι’
2828 5052 2894 5124 ἢν
2925 5052 3110 5123 ὥσπερ
3143 5053 3359 5122 ἀγαθῶν
3388 5054 3599 5125 φρενῶν

2109 5130 2355 5197 ἐξίστατο
2381 5138 2414 5206 ἡ
2445 5138 2607 5210 ψυχή·
2636 5139 2730 5192 καὶ
2763 5139 2840 5204 ὡς
2866 5141 2940 5211 μὴ
2966 5141 3201 5206 ἐλπίζειν
3234 5142 3314 5195 ἑτι
3338 5142 3435 5214 τὴν
3460 5141 3596 5195 ἀνάσ

2105 5223 2297 5294 ληψιν,
2332 5226 2558 5295 φάσκειν
2601 5246 2662 5282 τε
2705 5231 2920 5299 σαφῶς·
2958 5231 3095 5302 Ἐγὼ
3136 5231 3206 5286 δὲ
3242 5229 3379 5288 εἶπα
3417 5234 3487 5287 ἐν
3515 5232 3593 5304 τῇ

2105 5316 2391 5373 ἐκστάσει
2414 5338 2555 5391 μου·
2599 5322 2961 5394 mapparum
2985 5325 3098 5394 ἄρα
3126 5325 3243 5381 ἀπὸ
3269 5325 3594 5395 προσώπου

2105 5411 2225 5465 τῶν
2250 5413 2571 5485 ὀφθαλμῶν
2594 5432 2729 5472 σου.

2118 5526 2240 5580 Ἐπὶ
2297 5529 2428 5595 σοὶ,
2473 5532 2675 5598 Κύριε,
2723 5530 2954 5599 ἤλπισα
3013 5572 3025 5585 .
3070 5570 3083 5585 .
3130 5571 3143 5583 .
3189 5570 3201 5582 .
3248 5571 3259 5583 .
3305 5571 3316 5584 .
3371 5530 3599 5586 Kliror

443 5752 552 5825 (10)
593 5752 715 5810 Haec
748 5757 887 5826 apud
935 5757 1206 5816 Danielem
1264 5759 1559 5816 Barbarum
1606 5756 1931 5814 Theodoreti
1964 5772 2083 5813 esse
2121 5756 2387 5813 feruntur.
