3944 6220
248 353 350 411 157

1339 365 1700 424 EXPOSITIO
1737 365 1802 420 IN
1842 365 2170 425 PSALMUM
2210 371 2374 432 XXX.

3373 379 3480 437 {58

250 496 397 564 πρός
440 511 517 567 με
556 494 623 550 τὸ
676 491 793 564 οὖς
836 512 970 552 σου.
1011 499 1159 553 Ἐπεὶ
1186 499 1262 571 μὴ
1296 500 1542 574 φθάνειή
1580 500 1814 573 ἡμετέρα

1931 492 2036 538 tum
2066 486 2369 557 pertingere
2391 527 2405 551 ,
2444 487 2643 544 inclina
2680 502 2864 545 aurem
2897 497 3042 545 tuam
3074 490 3141 546 ad
3168 505 3275 557 me,
3310 500 3362 547 te
3395 479 3480 548 at?

250 586 464 658 κραυγὴ
492 586 571 649 τίς
608 584 673 638 τὸ
723 585 893 657 ὕψος,
937 587 1113 642 κλῖνον
1156 589 1217 642 τὸ
1261 585 1354 653 οὖς
1402 606 1494 643 σου
1527 589 1661 661 πρὸς
1695 587 1815 660 ἐμὲ,

248 676 337 731 διὰ
364 676 461 730 τοῦ
493 677 946 745 συγκαταϐαίνειν
974 695 1083 749 μοι.

332 766 595 833 Ἐξὰξεες
643 782 728 836 με
766 766 834 821 ἐκ
881 768 1128 838 παγίδος
1163 769 1383 836 ταύτης
1421 762 1496 837 ἧς
1545 765 1820 836 ἕκρυψὰν

243 873 366 926 μοι.
414 855 870 926 Ἔφεδρεύσαντες
906 855 1013 929 γὰρ
1044 856 1207 910 αὑτοῦ
1233 857 1331 928 τὴν
1369 856 1566 929 ψυχὴν,
1601 856 1819 912 συνελά-

249 946 405 1000 ϐοντο
440 946 623 1000 αὐτόν.
675 948 762 1000 Ἐν
792 948 930 1011 τίνις
962 949 1019 1002 ὲν
1041 950 1107 1020 τῇ
1135 948 1396 1019 ἁμαρτίᾳ.

335 1035 684 1103 Ἑλυτρώσω
709 1051 820 1104 με,
849 1036 1060 1103 Κύριε,
1104 1039 1137 1089 ὀ
1183 1036 1326 1100 Θεὸς
1360 1033 1471 1104 τῆς
1510 1036 1813 1105 ἀληθείας.

260 1126 348 1190 Ὠς
370 1125 476 1198 ήδη
505 1125 876 1189 εἰσακουσθεὶς
901 1125 1124 1180 τοιαῦτά
1148 1143 1330 1198 φησιν.

329 1217 660 1287 Ἐμίσησας
689 1216 831 1282 τοὺς
866 1215 1401 1286 διαφυλάσσοντας
1422 1221 1819 1287 ματαιότητας

249 1304 558 1373 διακενῆς.
603 1305 982 1377 Ματαιότητάς
1047 1322 1178 1376 φησι
1244 1305 1338 1359 τοῦ
1388 1307 1651 1378 παρόντος
1702 1307 1816 1378 βίου

250 1398 373 1460 τοὺς
394 1396 838 1469 περισπασμούς
866 1395 958 1461 οὒς
986 1397 1079 1451 καὶ
1104 1395 1455 1468 ἐργαζόμενοι
1484 1400 1817 1469 ματαιότητα

248 1490 540 1562 πονοῦμεν.
567 1491 878 1562 Παρέπεται
917 1489 1012 1554 τὸ,
1047 1487 1347 1559 διακενῆς,
1387 1489 1465 1561 τῷ
1495 1490 1816 1560 φυλάσσοντι

252 1582 640 1653 ματαιότητας.

333 1672 811 1744 Ἀταλλιάσομαι,
840 1674 937 1729 καί
963 1673 1473 1744 εὐφρανθήσομαι.
1500 1674 1689 1744 Λύπην
1720 1674 1816 1727 καὶ

249 1765 319 1820 τὰ
348 1765 514 1819 λοιπὰ
545 1764 693 1835 πάθη
722 1767 1133 1837 καταπατήσας.

316 1856 429 1911 Καὶ
450 1856 521 1909 οὺ
546 1854 953 1921 ωνέκλεισάς
975 1872 1052 1925 με
1074 1859 1162 1923 εὶς
1186 1857 1387 1926 χεῖρας
1409 1853 1657 1925 ἐχθρῶν.
1674 1854 1816 1907 Ἀντὶ

250 1948 360 2013 τοῦ,
385 1949 449 2001 οὐ
480 1947 891 2018 παραδέδωκας.
918 1947 1222 2016 Ἕστησας
1248 1949 1318 2002 ἐν
1343 1944 1655 2016 εὺρυχώρφ
1676 1944 1817 2010 τοὺς

249 2040 439 2104 πόδας
462 2056 605 2108 μου.
647 2037 983 2102 Ἀπαλλὰξας
1016 2055 1082 2109 με
1114 2038 1362 2110 θλίψεως,
1397 2037 1733 2108 κατέστησας
1760 2039 1816 2089 ὲν

250 2132 432 2186 ἀνέσει
467 2130 564 2185 καὶ
594 2128 924 2201 εὐρυχωρίᾳ.

324 2221 655 2290 Ἐταράκθη
702 2221 774 2274 ἐν
804 2219 968 2290 θυμῷ
1016 2224 1049 2275 δ
1075 2221 1380 2290 ὀφθαλμός
1414 2237 1554 2289 μου.
1579 2222 1622 2289 ἡ
1646 2219 1815 2289 ψυχή

245 2334 357 2385 μου
391 2314 493 2369 καί
537 2316 577 2383 ἡ
608 2314 842 2383 γαστήρ
861 2330 1002 2383 μου.
1029 2314 1240 2385 Ὥσπερ
1272 2312 1545 2384 ὀφθαλμὸν
1571 2313 1662 2367 τὸν
1692 2312 1817 2368 νοῦν

248 2407 344 2478 τῆς
385 2406 568 2477 ψυχῆς
598 2421 782 2478 φησιν,
815 2403 956 2459 οὕτω
994 2407 1088 2459 καὶ
1140 2405 1382 2476 γαστέρα
1422 2406 1556 2475 φησὶ
1587 2406 1684 2474 τῆς
1715 2402 1818 2472 ψυ-

249 2497 346 2567 χῆς
373 2496 478 2568 τὴν
508 2496 750 2567 μνήμην·
783 2497 843 2548 ἐν
869 2489 903 2569 ᾖ
936 2494 1123 2567 ὥσπερ
1156 2496 1214 2550 ὲν
1242 2495 1440 2565 γαστρὶ
1470 2494 1568 2558 τὰς
1594 2492 1816 2562 λογικὰς

249 2588 616 2659 ἁποτιθέμεθα
646 2587 872 2659 τροφάς.
913 2588 974 2642 Ἠ
1007 2587 1179 2657 ψυχή
1214 2605 1333 2658 μου
1377 2588 1477 2641 καί
1516 2588 1554 2656 ἡ
1586 2585 1815 2656 γαστήρ

243 2698 378 2750 μου.
420 2679 729 2749 ’Δπέστησα
758 2678 851 2733 τὸν
882 2676 1158 2750 ὀφθαλμόν
1187 2696 1286 2751 μου
1309 2679 1416 2734 ἀπὸ
1436 2677 1530 2731 τοῦ
1554 2676 1685 2732 λαοῦ
1708 2676 1815 2741 τῶν

259 2769 524 2825 Ἰουδαίων
556 2770 613 2823 ὲν
646 2768 804 2841 θυμῷ
826 2769 921 2823 καὶ
951 2771 1084 2842 ὀργῇ
1111 2771 1341 2843 μεγάλῃ.

316 2862 446 2916 Ὅτι
465 2861 746 2926 ἐξέλιπεν
766 2862 835 2916 ἐν
861 2861 1049 2931 ὀδύνη
1076 2864 1115 2932 ἡ
1149 2860 1259 2930 ζωή
1295 2879 1437 2932 μου.
1469 2861 1540 2915 Τὸ
1570 2862 1818 2914 ἐπιτετα-

251 2953 413 3024 μένον
444 2952 547 3023 τῆς
582 2951 819 3017 διανοίας
849 2952 1017 3023 δηλοῖ.
1043 2952 1154 3006 Καὶ
1180 2953 1253 3007 τὰ
1280 2954 1385 3022 ἐτη
1409 2972 1527 3023 μου
1554 2953 1637 3005 ’ἐν
1676 2967 1812 3006 στε-

248 3045 513 3118 ναγμοῖς.
535 3045 840 3110 Διετέλεσα,
884 3046 1040 3116 φησὶ.
1064 3044 1331 3110 στενάζων
1351 3045 1458 3100 ἀπὸ
1480 3045 1589 3098 τῶν
1605 3043 1811 3111 κακῶν.

1921 579 2264 648 temperando
2296 580 2447 635 mihi.

1988 760 2041 814 5.
2084 758 2290 814 Educcs
2328 774 2408 813 me
2440 758 2504 813 de
2545 760 2730 831 laqueo
2772 762 2867 815 hoc
2901 778 3061 833 quem‘
3092 763 3477 817 absconderant

1919 852 2067 908 mihi.
2094 851 2314 908 Insidiis
2346 850 2492 906 enim
2518 851 2636 918 ejus
2669 852 2866 907 animae
2891 854 3096 923 paratis
3121 855 3476 925 comprehen-

1918 946 2111 1000 derunt
2137 961 2301 1012 eum;
2329 946 2385 999 in
2416 945 2563 1015 quo?
2592 944 2646 998 in
2678 953 2914 1012 peccato.

1988 1037 2041 1091 6.
2081 1035 2367 1090 Redemisti
2409 1052 2510 1103 me,
2558 1033 2800 1100 Domine,
2843 1034 2984 1089 Deus
3017 1037 3273 1092 veritatis.
3307 1035 3471 1102 Quasi

1913 1128 2025 1198 jam
2054 1129 2384 1197 postulatum
2409 1130 2730 1198 impetrarit,
2755 1131 2857 1185 hoc
2889 1129 2986 1183 ait.

1988 1220 2041 1273 7.
2086 1218 2261 1275 Odisti
2289 1221 2617 1275 obseruantes
2646 1221 2902 1274 vanitates
2933 1233 3311 1287 supervacue...
3363 1216 3473 1270 Va-

1918 1314 2115 1368 nitates
2142 1312 2378 1382 appellat
2400 1313 2561 1382 hujus
2581 1314 2708 1367 vitae
2730 1313 3135 1377 distractiones,
3165 1310 3363 1380 quibus
3382 1325 3477 1361 va-

1919 1416 2103 1463 cantes
2147 1407 2201 1459 in
2242 1421 2441 1460 vanum
2491 1406 2823 1461 laboramus.
2874 1402 3252 1473 Subsequitur,
3295 1416 3475 1470 super-

1917 1516 2097 1566 cacue,
2125 1500 2192 1556 de
2219 1514 2284 1554 eo
2314 1500 2524 1554 scilicet
2550 1499 2645 1569 qui
2676 1497 2931 1554 observat
2958 1496 3245 1550 vanitates.

1986 1676 2040 1732 8.
2098 1675 2386 1730 Exsultabo
2434 1685 2484 1731 et
2535 1674 2774 1730 laetabor.
2826 1672 3074 1729 Dolorem
3128 1683 3185 1727 et
3236 1670 3476 1741 reliquos

1919 1770 2085 1825 animi
2119 1779 2298 1824 motus
2328 1768 2674 1823 conculcans.

1987 1862 2041 1916 9.
2083 1858 2196 1914 Nec
2226 1859 2535 1915 conclusisti
2568 1875 2647 1913 me
2673 1860 2727 1912 in
2757 1856 2997 1911 manibus
3042 1853 3245 1908 intmtci
3266 1892 3282 1919 ,
3314 1849 3474 1922 quasi

1916 1956 2079 2019 dicat,
2115 1968 2223 2009 non
2265 1951 2556 2007 tradidisti.
2589 1949 2843 2005 Statuisti
2874 1951 2931 2002 in
2964 1949 3078 2001 loco
3111 1944 3346 2015 spatioso
3382 1959 3473 2012 pe-

1914 2048 2006 2101 des
2040 2062 2180 2100 meos
2202 2062 2222 2100 :
2252 2052 2535 2115 postquam
2565 2042 2805 2098 liberain
2837 2056 2921 2094 me
2957 2039 3024 2093 ab
3053 2050 3254 2106 angore
3283 2034 3475 2102 animi,

1915 2137 2157 2194 statuisti
2184 2135 2237 2189 in
2266 2134 2619 2204 tranquillum
2643 2141 2697 2187 et
2725 2130 3007 2201 paciﬁcum
3037 2136 3262 2182 statum.

1988 2226 2344 2284 Conturbatus
2369 2234 2447 2280 est
2478 2226 2536 2278 in
2560 2226 2644 2278 ira
2677 2222 2857 2277 oculus
2890 2237 3053 2287 meus,
3081 2220 3258 2272 anima
3281 2232 3395 2270 mea
3424 2222 3475 2268 et

1914 2330 2089 2377 venter
2123 2336 2288 2374 meus.
2324 2317 2476 2383 Sicut
2514 2324 2747 2370 mentem
2776 2329 2876 2369 ceu
2905 2312 3100 2366 animae
3125 2307 3370 2370 oculum,
3401 2306 3474 2357 ita

1913 2427 1969 2470 et
1996 2414 2314 2469 memoriam
2336 2418 2584 2466 ventrem
2617 2407 2813 2463 animae
2843 2403 3005 2459 habet
3032 2421 3044 2457 :
3081 2401 3133 2455 in
3163 2413 3271 2469 qua
3293 2411 3389 2452 ceu
3417 2396 3475 2450 in

1916 2517 2108 2563 ventre
2140 2504 2493 2561 rationabiles
2525 2502 2679 2557 cibos
2711 2497 3050 2569 deponimus.
3090 2492 3244 2546 Alius
3288 2489 3470 2544 eodem.

1916 2600 2107 2654 Anima
2137 2615 2254 2652 mea
2286 2606 2334 2651 et
2366 2604 2540 2650 venter
2568 2608 2730 2647 uicus.
2768 2589 2948 2643 Averti
2983 2586 3199 2641 oculum
3234 2596 3411 2638 meum
3442 2594 3472 2633 a

1913 2693 2142 2751 Judaico
2170 2690 2371 2763 populo
2397 2689 2453 2743 in
2483 2687 2668 2742 furore
2687 2693 2742 2741 et
2770 2684 2823 2738 in
2849 2682 2932 2736 ira
2960 2694 3175 2749 magna.

1988 2871 2074 2925 10.
2103 2870 2366 2936 Quoniam
2391 2866 2579 2938 defecit
2611 2866 2663 2919 in
2697 2862 2875 2917 dolore
2904 2861 3012 2914 vita
3045 2874 3178 2912 mea.
3207 2859 3471 2909 Intentutn

1914 2964 2069 3018 valde
2120 2962 2364 3017 animum
2395 2959 2619 3014 indicat.
2653 2957 2721 3011 Et
2753 2969 2916 3010 annos
2949 2966 3086 3005 meos
3111 2949 3167 3002 in
3199 2942 3474 3017 gemitibus

1915 3053 2151 3123 transegi
2180 3066 2402 3123 gemens
2433 3051 2504 3105 ob
2542 3048 2811 3103 malorum
2852 3039 3266 3099 vehementiam.
3311 3033 3475 3104 Inﬁr-

258 3139 625 3207 Ἡσθένησεν
673 3138 744 3191 ἐν
791 3138 1051 3207 πτωχείᾳ
1082 3138 1121 3205 η
1169 3138 1346 3206 ισχύς
1377 3155 1516 3208 μου.
1562 3135 1814 3207 Πτωχεύ-

1931 3156 2061 3199 mata
2104 3157 2181 3199 est
2211 3146 2266 3199 in
2292 3150 2598 3214 paupertate
2620 3140 2789 3194 uirtus
2819 3151 2953 3191 mea.
2976 3135 3109 3190 Cum
3140 3141 3291 3187 tuum
3321 3127 3476 3183 auxi-

249 3246 364 3294 σας,
393 3230 554 3300 φησι,
587 3228 689 3299 τῆς
712 3226 864 3298 παρὰ
892 3227 987 3279 σοῦ
1021 3226 1267 3298 βοηθείας
1288 3226 1373 3280 διὰ
1397 3226 1493 3298 τὴν
1522 3225 1814 3297 ἁμαρτίαν,

248 3321 540 3391 ἠσθένησα.
574 3320 684 3375 Kal
725 3319 799 3374 τὰ
842 3316 994 3374 ὀστᾶ
1022 3336 1142 3388 μου
1179 3318 1614 3389 ἐταράχθησαν.
1656 3318 1817 3371 Ὀστᾶ

244 3416 339 3479 τὰς
356 3415 462 3485 τῆς
485 3414 670 3484 ψυχῆς
692 3412 951 3484 δυνάμεις
978 3412 1160 3483 φησίν.

311 3504 463 3577 [Ὅτι
500 3504 785 3569 ἐξέλιπεν
816 3504 884 3557 ὲν
910 3503 1094 3573 ὀδύνῃ
1141 3505 1179 3572 ἡ
1214 3502 1323 3572 ζωή
1347 3519 1487 3573 μου.
1531 3502 1595 3557 Ἦ
1618 3501 1813 3566 ἔνδεια,

244 3597 395 3667 φησι,
449 3595 561 3650 τῶν
600 3594 911 3663 ἀναγκαίων
939 3595 1198 3668 κατέτηξέ
1232 3612 1333 3666 μου
1362 3594 1423 3647 τὸ
1466 3594 1643 3665 σῶμα,
1677 3596 1757 3648 ὅτι
1788 3595 1816 3647 ὀ

186 3720 191 3729 ο
247 3688 399 3756 Σιφεὶ
425 3688 523 3742 καὶ
565 3689 595 3740 ὁ
636 3687 894 3759 Βερσελεὶ
925 3689 1158 3759 ήνεγκαν
1183 3685 1262 3757 τῷ
1286 3685 1448 3740 sane
1486 3685 1690 3757 πυροὺς
1722 3684 1815 3737 καὶ

244 3777 456 3848 κριθὰς,
479 3777 577 3832 καὶ
597 3776 820 3848 ἄλευρα,
849 3776 949 3831 καὶ
962 3776 1191 3848 κύαμον,
1218 3778 1312 3832 καὶ
1338 3776 1528 3847 φάκον,
1556 3775 1649 3829 καὶ
1670 3773 1812 3846 μέλι,

246 3869 337 3921 καὶ
382 3869 552 3940 ἕτερά
593 3882 750 3922 τινα·
795 3869 894 3922 καὶ
935 3870 1201 3940 τάπητας,
1229 3870 1321 3923 καὶ
1354 3867 1648 3940 στρώματα
1667 3883 1682 3897 ο
1722 3867 1816 3919 καὶ

245 3962 629 4033 προσήνεγκαν
670 3960 750 4032 τῷ
796 3959 909 4031 λαῷ
952 3961 1147 4027 ταῦτα,
1177 3961 1271 4014 καὶ
1317 3958 1416 4023 τὰς
1450 3959 1690 4030 τροφάς’
1732 3957 1813 4009 ὅτι

244 4054 426 4123 Ελεγον
456 4054 553 4107 τὸν
601 4052 729 4106 λαὸν
776 4053 987 4123 πεινᾷν,
1022 4053 1117 4106 καὶ
1160 4049 1476 4105 ἐκλελύσθαι
1515 4048 1814 4120 διψήσαντα

242 4146 301 4199 ἐν
326 4148 394 4216 τῇ
424 4142 671 4215 ἐρήμῳ-1

309 4235 481 4305 Παρὰ
508 4234 742 4300 πάντας
767 4235 907 4301 τοὺς
932 4235 1180 4305 ἐχθρούς
1201 4250 1319 4304 μου
1344 4231 1636 4302 ἐγενήθην
1660 4231 1813 4285 ὄνει-

239 4326 364 4392 δος.
400 4326 640 4398 [Νεκρὺς
672 4326 770 4397 μὲν
802 4325 912 4379 ἀπὸ
943 4326 1167 4398 καρδίας
1208 4325 1356 4378 ἐστὶν
1390 4326 1419 4378 ὁ
1456 4325 1814 4396 ἐστερημένος

239 4416 500 4490 ἀρετῶν]
547 4417 658 4471 Καὶ
696 4419 746 4470 οἱ
783 4416 966 4488 ἐχθροί
1008 4435 1129 4488 μου,
1172 4416 1356 4488 φησὶν,
1400 4415 1672 4480 ὠνείδιζόν
1719 4432 1808 4487 με,

239 4510 334 4563 καὶ
365 4510 417 4562 οἱ
448 4509 681 4578 γνωστοί
716 4526 817 4578 μου
841 4508 1130 4579 ἐφοϐοῦντο
1158 4526 1254 4580 με,
1291 4508 1383 4562 καὶ¹
1406 4509 1456 4562 οἱ
1488 4507 1812 4580 θεωροῦντες

1841 4478 1888 4535 Β

1918 3240 2051 3293 lium
2081 3236 2477 3293 emendicarem
2505 3240 2726 3303 propter
2759 3238 2978 3300 peccata
3008 3241 3148 3291 mea,
3168 3222 3480 3282 inﬁrmatus

1915 3349 2055 3391 sum.
2093 3331 2163 3387 Et
2190 3346 2311 3385 ossa
2339 3343 2455 3381 mea
2481 3325 2794 3381 conturbata
2818 3330 2961 3376 sunt.
3005 3316 3138 3373 Ossa
3172 3318 3366 3372 anima:
3395 3316 3475 3369 ia-

1914 3429 2148 3484 cultates
2173 3421 2426 3493 appellat.

1986 3517 2274 3590 [Quoniam
2301 3512 2488 3583 defecit
2517 3511 2572 3564 in
2602 3507 2781 3563 dolore
2811 3507 2921 3561 vita
2958 3521 3094 3558 mea.
3121 3502 3356 3568 Rerum,
3392 3499 3477 3553 in-

1913 3611 2033 3682 quit
2048 3610 2112 3676 “,
2138 3606 2568 3663 necessariarum
2589 3603 2789 3672 inopia,
2804 3612 3001 3667 corpus
3014 3610 3190 3649 meum
3207 3593 3327 3649 tabe
3345 3606 3476 3646 con-

1918 3704 2075 3767 fecit,
2102 3704 2232 3772 quia
2257 3699 2387 3754 Siba
2418 3708 2471 3753 et
2494 3692 2755 3751 Bercellai
2798 3689 2987 3745 Davidi
3031 3686 3327 3742 attulerunt
3356 3683 3474 3738 fru-

1913 3803 2156 3849 mentum
2186 3798 2240 3846 et
2270 3788 2555 3853 hordeum,
2588 3783 2843 3850 farinam,
2896 3782 3072 3846 fabas,
3117 3780 3335 3841 lentem,
3368 3775 3474 3829 me!

1913 3897 1968 3944 et
1991 3887 2093 3940 alia
2118 3885 2388 3955 quaedam,
2413 3896 2627 3935 necnon
2658 3886 2867 3946 tapetas
2907 3884 2960 3928 et
2984 3871 3249 3927 velamina
3277 3886 3290 3923 :
3314 3876 3475 3934 atque

1898 3974 2101 4037 'isthaec
2145 3976 2346 4047 populo
2378 3989 2501 4029 cum
2533 3960 2654 4025 aliis
2687 3969 2823 4024 cibis
2852 3965 3195 4025 obtulerunt,
3228 3958 3355 4028 quia
3386 3955 3474 4007 di-

1913 4071 2110 4126 cebant
2148 4064 2406 4137 papulum
2449 4062 2591 4116 fame
2625 4060 2873 4113 laborare
2894 4096 2910 4122 ,
2956 4069 3019 4108 ae
3047 4051 3135 4105 siti
3169 4047 3471 4104 confectum

1914 4162 2150 4219 solutum
2184 4156 2355 4211 fuisse
2390 4155 2443 4208 in
2471 4148 2729 4222 deserto.]

1985 4252 2072 4307 12.
2116 4249 2286 4321 Super
2318 4261 2491 4302 omnes
2540 4243 2779 4297 inimicos
2825 4254 2963 4293 meos
3010 4233 3183 4306 factus
3227 4244 3344 4285 sum
3383 4243 3479 4295 op-

1913 4319 2204 4415 probrium,
2236 4350 2341 4397 etc.
2371 4338 2641 4412 [Mortuus
2667 4350 2695 4389 a
2732 4333 2894 4388 corde
2925 4337 3027 4392 est,
3068 4324 3159 4396 qui
3183 4319 3475 4378 virtutibus

1914 4446 1998 4495 est
2026 4431 2275 4505 vacuus.]
2300 4430 2509 4486 Inimici
2537 4427 2662 4494 mei,
2698 4424 2875 4494 inquit
2896 4461 2911 4486 ,
2941 4436 3027 4476 me
3060 4414 3321 4473 conviciis
3345 4427 3475 4467 one-

1916 4532 2109 4588 rabant
2135 4549 2149 4584 :
2179 4537 2235 4584 et
2262 4527 2376 4583 noti
2409 4524 2514 4579 mei
2560 4521 2811 4589 fugerunt
2843 4531 2950 4571 me.
2982 4512 3047 4567 Et
3077 4509 3171 4581 qui
3210 4522 3295 4561 me
3323 4505 3469 4559 vide~

237 4601 559 4670 ἀπέφευγον
603 4599 694 4654 διὰ
744 4600 839 4671 τὴν
894 4600 1194 4673 ὑπερϐολὴν
1236 4594 1306 4671 ἦς
1354 4599 1814 4672 ὑπερεδεικνύμην

1931 4632 2042 4678 )ant
2067 4620 2394 4692 aufugerunt
2413 4617 2484 4672 ob
2505 4611 2928 4686 magnitudinem
2957 4602 3290 4676 paenitentiae
3316 4614 3468 4661 meae;

238 4692 562 4763 μετανοίας·
591 4692 778 4763 σάκκῳ
797 4692 857 4746 δὲ
883 4693 977 4746 καὶ
1004 4691 1184 4763 σποδῷ
1214 4693 1698 4763 κατατρυχὸμενος,
1721 4693 1817 4747 καὶ

234 4785 459 4856 ἡμέρας
494 4784 593 4838 καὶ
635 4784 828 4848 νυκτὸς
858 4784 1078 4839 κλαίων.
1118 4785 1210 4838 Διὸ
1245 4784 1340 4839 καὶ
1384 4786 1689 4855 φευγόντων
1713 4785 1814 4839 αὑ-

236 4874 370 4940 τῶν,
400 4874 464 4926 ἐν
495 4873 637 4947 λήθῃ
667 4879 990 4945 γεγένημαι,
1037 4873 1226 4946 ὥσπερ
1269 4874 1459 4947 ἀμέλει
1493 4877 1587 4929 καὶ
1625 4876 1815 4948 νεκρὸς

239 4963 462 5018 ἐδόκουν
506 4963 692 5017 σκεύει
737 4963 968 5017 ἐοικέναι
1022 4964 1339 5021 ἀπολωλότι.
1388 4965 1463 5019 Τὸ
1514 4966 1601 5031 δὲ,
1658 4966 1819 5034 παρὰ

242 5054 499 5121 πάντας,
530 5056 632 5125 οὐχ
658 5053 800 5128 ὑπὲρ
832 5054 1038 5121 πάντας
1066 5058 1237 5110 εἰπεῖν
1266 5057 1532 5128 βούλεται,
1562 5058 1675 5111 ἀλλ’
1696 5058 1815 5111 ἀντὶ

241 5144 358 5210 τοῦ,
381 5144 540 5217 παρὰ
557 5145 788 5208 πάντας·
818 5144 1090 5205 τουτέστιν
1122 5146 1272 5218 παρὰ
1297 5146 1405 5200 τῶν
1435 5147 1644 5219 ἐχθρῶν
1663 5148 1817 5201 ὠνει-

242 5234 449 5307 δίσθην.
476 5234 636 5291 Οὕτω
662 5236 771 5307 γὰρ
800 5235 946 5306 λέγει
977 5238 1070 5291 καὶ
1107 5239 1359 5304 Ἀκύλας*
1385 5239 1551 5309 Παρὰ
1576 5239 1816 5295 πάντων

244 5324 361 5381 τῶν
381 5326 615 5398 ἐχθρῶν
641 5345 764 5398 μου
791 5327 1089 5398 ἐγενήθην
1112 5329 1359 5397 ὄνειδος.

312 5418 432 5474 Ὀτι
456 5419 701 5489 ἥκουσα
736 5423 934 5492 ψόγον
963 5422 1208 5477 πολλῶν
1232 5424 1671 5491 παροικούντων
1701 5442 1807 5479 κυ-

250 5509 473 5591 κλόθενῖ
511 5512 699 5581 Ψόγον
741 5511 842 5584 τὴν
892 5512 1181 5584 ἐπιϐουλήν
1215 5529 1395 5582 φησιν.
1423 5514 1583 5583 Λέγει
1614 5515 1704 5582 δὲ,
1732 5515 1807 5579 ὡς

250 5601 293 5653 oi
317 5601 493 5677 ἐχθροὶ
522 5604 797 5659 ἐκύκλουν
822 5603 1274 5668 ἐπιϐουλεύοντες.
1320 5606 1427 5660 Τοῦ
1459 5606 1664 5661 λαϐεῖν
1698 5605 1810 5673 τὴν

249 5694 440 5765 ψυχήν
461 5716 586 5769 μου
633 5698 1105 5754 ἐϐουλεύσαντο.
1146 5700 1287 5770 Ἐγὼ
1323 5700 1388 5753 δὲ
1420 5700 1514 5753 ἐπὶ
1544 5700 1665 5767 σοί,
1699 5700 1813 5754 Κύ-

177 5804 188 5822 ’
298 5790 340 5823 “
374 5790 422 5847 Il
452 5790 588 5864 Reg.
629 5806 748 5851 xvi,
785 5789 898 5844 1-4.

1913 4733 2074 4774 sacco
2104 4715 2250 4776 enim
2280 4724 2334 4768 et
2374 4712 2557 4766 cinere
2586 4713 2925 4766 maceratus,
2956 4698 3146 4753 ﬂebam
3179 4693 3268 4749 die
3296 4698 3475 4745 nocte-

1913 4826 2040 4881 que.
2068 4807 2248 4875 Quare
2272 4803 2608 4875 fugientibus
2637 4798 2777 4861 illis,
2806 4795 2863 4849 in
2892 4791 3216 4881 oblivionem
3245 4784 3389 4847 veni,
3419 4791 3475 4836 et

1914 4919 2014 4960 ceu
2050 4909 2301 4956 mortuus
2342 4912 2460 4952 esse
2483 4893 2726 4961 videbar,
2771 4898 2831 4945 ut
2873 4886 2991 4942 vasi
3025 4865 3237 4955 perdito
3279 4877 3472 4933 similis

1913 5006 2112 5048 essem.
2148 4989 2285 5045 Illud
2315 4995 2495 5043 autem
2530 4999 2686 5054 super
2716 4996 2915 5046 omnes,
2953 4991 3061 5031 non
3090 4973 3192 5029 sibi
3218 4970 3333 5024 vult
3363 4981 3476 5037 pro.

1916 5085 2194 5146 omnibus,
2225 5081 2319 5138 sed
2345 5077 2489 5150 apud
2514 5090 2729 5138 omnes,
2764 5073 2817 5128 id
2848 5079 2931 5126 est
2952 5110 2967 5135 ,
3002 5069 3070 5123 ab
3104 5062 3341 5123 inimicis
3375 5074 3472 5150 op-

1914 5176 2136 5249 probrio
2161 5146 2424 5229 oneratus
2450 5183 2594 5225 sum.
2638 5164 2730 5220 Sic
2763 5161 2907 5218 enim
2939 5159 3103 5214 habet
3127 5151 3317 5223 Aquila
3344 5162 3359 5198 :
3389 5146 3468 5199 Ab

1914 5267 2155 5324 omnibus
2184 5262 2418 5320 inimicis
2451 5260 2580 5315 meis
2616 5257 2789 5327 factus
2813 5268 2931 5308 sum
2952 5244 3304 5320 opprobrium.

1972 5418 2077 5480 Π.
2148 5421 2412 5491 Quoniam
2467 5416 2648 5471 audivi
2701 5409 3130 5481 vituperationem
3184 5398 3469 5454 multorum

1915 5513 2351 5571 commorantium
2380 5510 2438 5563 in
2463 5507 2712 5561 circuitu.
2749 5495 3212 5568 Vituperationem
3246 5488 3473 5544 insidias

1918 5619 2097 5665 vocat.
2133 5608 2222 5662 Ait
2251 5614 2427 5661 autem
2472 5602 2616 5674 quod
2661 5596 3059 5652 circumdantes
3092 5585 3293 5644 inimici
3338 5584 3473 5638 insi-

1918 5704 2214 5759 diarentur.
2249 5700 2491 5771 Accipere
2530 5695 2761 5751 animam
2804 5702 2971 5742 meam
3015 5681 3282 5739 consiliati
3328 5687 3470 5734 sunt.
