3944 6220
444 358 574 414 ,159

1307 362 1364 418 S.
1401 362 1772 419 ATHANASII
1800 362 1951 418 OPP.
1990 362 2169 417 PARS
2207 361 2292 417 111.
2331 394 2400 405 -—
2436 363 2839 422 EXEGETICA.

3571 362 3682 418 160

469 472 581 540 Ego
611 482 783 527 autem
816 476 871 528 in
903 485 950 530 te
978 478 1181 546 speravi
1203 518 1216 543 ,
1254 479 1496 533 Domine.
1524 479 1627 535 Per
1655 480 1892 535 animam
1920 493 2015 533 cor

2112 493 2220 544 ριε,
2244 476 2494 545 ἤλπισα.
2531 479 2629 533 Διά
2661 479 2759 549 τῆς
2789 479 2964 549 ψυχῆς
2992 479 3087 550 τὴν
3118 480 3338 551 καρδίαν
3372 479 3682 551 λαμϐάνου-

466 563 710 633 capiunt,
738 579 833 635 per
859 567 994 621 iram
1031 577 1086 624 et
1119 570 1438 640 cupiditates
1480 580 1714 627 mentem
1741 570 2014 626 occidunt.

537 742 625 797 i6.
664 742 732 798 In
762 747 1000 803 manibus
1032 750 1135 803 tuis
1164 758 1326 805 sortes
1353 768 1498 805 mea.
1548 750 1773 808 Etiamsi
1806 751 2017 807 insidiis
2102 786 2106 791 -

2102 837 2460 893 ,ϐουλεύουσιν
2484 844 2532 895 οἱ
2558 843 2759 915 ἐχθροὶ,
2786 843 3221 908 ἐπιϐουλεύοντες
3244 845 3342 916 τὴν
3360 844 3537 916 ψυχήν
3570 862 3677 917 μου

465 833 669 905 inimici
697 838 937 894 animam
968 856 1142 897 meam
1172 845 1626 914 comprehendere
1658 852 1905 915 satagant
1926 859 1939 909 ;
1962 852 2017 897 at

464 932 638 979 sortes
667 938 800 981 mea:
832 936 960 983 tuta:
988 940 1114 987 sunt
1156 932 1212 987 in
1245 934 1497 989 manibus
1522 935 1650 1000 tuis,
1698 949 1834 1004 quas
1860 933 2014 989 dabis

462 1014 516 1068 in
548 1024 786 1087 tempore
809 1021 960 1088 mihi,
978 1024 1234 1092 quoniam
1266 1025 1319 1079 in
1344 1032 1398 1081 te
1414 1041 1563 1095 spem
1584 1027 1791 1082 colloco
1813 1040 2009 1083 meam.

462 1101 824 1168 Quamobrem
867 1127 996 1181 rogo
1039 1114 1092 1168 in
1128 1117 1380 1184 prmscnti
1414 1117 1629 1173 liberari
1672 1118 1740 1173 ab
1777 1117 2013 1175 inimicis

460 1196 617 1250 meis.
651 1199 803 1255 Alius
826 1203 1007 1258 codex.
1046 1206 1160 1271 llli,
1192 1206 1388 1278 inquit,
1432 1210 1625 1274 coacti,
1659 1224 1845 1266 necem
1877 1211 2011 1265 mihi

458 1288 800 1347 moliuntur:
831 1310 930 1366 ego
970 1308 1149 1354 autem
1198 1309 1250 1356 te
1278 1300 1447 1356 Deum
1496 1304 1623 1358 novi
1668 1303 1801 1358 mihi
1849 1312 2013 1374 atque

460 1389 766 1442 patronum.
804 1384 963 1457 Eripe
1003 1391 1169 1449 mede
1192 1409 1350 1447 manu
1380 1395 1714 1449 inimicorum
1755 1412 2007 1461 meorum,

457 1476 507 1520 et
541 1484 573 1520 a
608 1479 1032 1545 persequentibus
1059 1498 1157 1536 me.
1191 1482 1342 1559 Fuge
1375 1487 1796 1556 malignitatem,
1835 1489 2012 1557 inquit

456 1560 835 1630 Apostolus",
865 1569 1076 1625 etiamsi
1106 1575 1446 1642 persequitur
1480 1575 1806 1645 malignitas,
1828 1592 2011 1646 perse-

452 1653 640 1729 quitur
667 1661 845 1710 tamen
884 1656 1187 1729 fornicatio,
1229 1664 1477 1730 avaritia,
1522 1665 1695 1732 furor,
1731 1666 1849 1723 ira:
1882 1670 2010 1724 reli-

455 1727 562 1810 qua
599 1736 929 1802 defecerunt.

528 1921 617 1976 17.
666 1923 892 1983 Illustra
938 1931 1128 2000 faciem
1181 1943 1327 1991 tuam
1370 1955 1526 2009 super
1563 1958 1769 1998 servum
1808 1954 2002 2000 tuum:

455 2013 659 2068 salvum
686 2034 764 2071 me
801 2020 888 2088 {ac
921 2022 975 2075 in
1004 2026 1366 2083 misericordia
1393 2040 1505 2086 tua.
1531 2032 1664 2089 Nam
1694 2047 1746 2091 te
1770 2037 2006 2094 animam

456 2119 631 2160 meam
664 2107 984 2174 illustrante,
1002 2115 1179 2171 tristia
1197 2135 1424 2189 quaeque
1454 2125 1636 2180 statim
1663 2142 2006 2190 evanescent.

456 2193 581 2251 ﬂare
607 2211 712 2251 una
754 2200 918 2266 mihi,
949 2203 1159 2274 inquit,
1191 2208 1385 2265 salutis
1409 2212 1547 2267 ratio
1571 2225 1683 2280 est,
1721 2218 1767 2272 si
1814 2216 2005 2276 faciem

456 2297 604 2343 tuam
635 2288 1010 2351 illustraveris.

527 2377 616 2433 18.
655 2380 896 2452 Domine,
938 2402 1045 2442 non
1075 2391 1371 2461 confundor
1394 2398 1643 2464 quoniam
1667 2402 1904 2459 invocavi
1936 2417 2003 2463 te.

455 2470 593 2528 tlinc
616 2474 912 2535 ediscimus
946 2482 1175 2567 mnltum
1202 2497 1482 2553 peccatum
1508 2490 1651 2547 inter
1677 2502 1732 2549 et
1757 2495 2007 2567 impieta-

452 2571 562 2617 tem
629 2565 963 2626 discriminis
1005 2547 1149 2629 esse.
1194 2547 1535 2648 buapropter
1581 2594 1735 2655 rogat
1776 2547 2005 2659 magnus

452 2655 540 2709 ille
566 2656 732 2714 David
762 2676 790 2715 a
821 2667 1025 2731 peccati
1051 2682 1110 2723 se
1139 2672 1470 2741 turpitudine
1497 2677 1748 2746 liberari,
1781 2655 2003 2738 eos'an-

454 2755 561 2800 tem
602 2750 694 2818 qui
740 2752 792 2806 in
838 2754 1111 2825 impietate
1142 2761 1308 2817 vitam
1357 2775 1559 2836 agunt,
1610 2784 1735 2824 cum
1779 2770 2001 2830 infantia

451 2846 625 2892 morte
654 2840 811 2896 allici.

523 2928 611 2984 l9.
654 2930 819 2987 Mula
869 2936 1004 3004 ﬁant
1049 2939 1194 2996 labia
1223 2944 1426 3001 dolosa.
1459 2947 1638 3021 Rogo,
1672 2953 1878 3024 inquit,
1906 2958 2004 3013 ob-

451 3032 751 3079 mutescere
772 3026 1022 3088 inimicos
1052 3052 1067 3088 :
1096 3037 1240 3105 quod
1281 3041 1492 3099 eveniet
1515 3044 1565 3100 si
1591 3049 1893 3108 ostenderis
1921 3052 2002 3110 ta-

448 3112 586 3167 ciem
617 3122 784 3170 tuam.

2125 580 2234 620 σιν’
2262 567 2349 620 διὰ
2382 567 2488 639 γὰρ
2534 568 2705 640 θυμοῦ
2752 570 2846 624 καὶ
2890 568 3180 640 ἐπιθυμίας
3224 570 3312 622 τὸν
3346 570 3468 624 νοῦν
3513 570 3682 625 θανα-

2121 673 2319 711 τουσιν.

2201 749 2297 802 Ἐν
2317 750 2445 815 ταῖς
2472 753 2682 820 χερσίν
2707 768 2823 808 σου
2850 756 2904 807 οἱ
2928 753 3141 822 κλῆροι
3167 772 3305 824 μου.
3340 755 3402 808 Ei
3428 756 3523 809 καὶ
3552 757 3681 809 ἐπι-

2120 928 2320 995 λαϐεῖν,
2356 930 2491 985 ἀλλὰ
2528 934 2578 985 oi
2621 932 2810 1006 κλῆροι
2852 951 2954 1005 μου
2995 934 3393 1006 πεφυλαγμένοι
3436 936 3569 992 εἰσιν
3613 940 3678 990 ἐν

2119 1024 2238 1085 ταῖς
2274 1024 2427 1094 χερσί
2458 1040 2573 1089 σου,
2602 1025 2695 1090 οὒς
2728 1026 3024 1090 ἀποδώσεις
3059 1045 3147 1098 μοι
3180 1027 3321 1080 κατὰ
3351 1028 3559 1096 καιρὸν,
3586 1026 3679 1081 διὰ

2117 1113 2178 1166 τὸ
2207 1113 2299 1166 ἐπὶ
2330 1116 2412 1167 σοί
2444 1133 2511 1186 με
2536 1117 2793 1181 ἐλπίζειν.
2821 1119 2911 1173 Διὸ
2942 1119 3037 1175 καὶ
3063 1119 3249 1192 δέομαι
3279 1120 3371 1174 ἐπὶ
3406 1120 3497 1174 τοῦ
3530 1137 3681 1191 παρ-

2117 1203 2266 1268 όντος
2310 1207 2570 1278 ρυσθῆναι
2608 1212 2672 1264 ἐκ
2715 1210 2823 1265 τῶν
2873 1211 3082 1284 ἐχθρῶν
3134 1230 3253 1284 μου.
3303 1214 3525 1275 Ἐκεῖνοι
3575 1214 3680 1284 μὲν

2117 1290 2207 1349 οὖν
2235 1296 2604 1369 ἀθροισθέντες
2624 1301 2714 1354 τὸν
2739 1301 2871 1373 ἐμὸν
2897 1302 3184 1357 καττύουσι
3208 1304 3454 1360 θάνατον’
3482 1305 3592 1375 ἐγὼ
3612 1305 3679 1360 δὲ

2119 1387 2178 1439 σὲ
2211 1387 2340 1445 Θεὸν
2384 1387 2498 1443 οἶδα
2542 1392 2633 1446 καὶ
2680 1393 2958 1465 πρύτανιν.
3005 1394 3206 1457 Ῥῦσαί
3244 1413 3322 1466 με
3360 1397 3431 1451 ἐκ
3476 1398 3678 1467 χειρὸς

2114 1480 2340 1549 ἐχθρῶν
2361 1500 2480 1552 μου
2504 1484 2601 1541 καὶ
2625 1486 2693 1540 ἐκ
2722 1487 2841 1541 τῶν
2869 1488 3346 1543 καταδιωκόντων
3375 1507 3471 1559 με.
3500 1490 3677 1559 Φεῦγε

2115 1570 2212 1640 τὴν
2246 1574 2527 1645 πονηρίαν,
2575 1576 2735 1647 φησὶν
2773 1578 2802 1628 ὁ
2839 1577 3184 1643 Ἀπόστολοςθ
3218 1581 3265 1632 εί
3307 1580 3400 1633 καὶ
3422 1578 3604 1635 διώκει
3633 1582 3671 1651 ἠ

2116 1663 2368 1734 πονηρία,
2402 1665 2583 1720 διώκει
2610 1668 2848 1740 δηλονότι
2872 1671 2966 1722 καὶ
2996 1672 3028 1740 ὴ
3063 1672 3294 1741 μοιχεία,
3326 1672 3419 1726 καὶ
3444 1673 3476 1743 ή
3506 1671 3673 1733 πλερ-

2115 1758 2284 1825 νεξία,
2316 1763 2408 1816 καὶ
2439 1764 2466 1814 ὁ
2496 1763 2683 1835 θυμὸς,
2717 1768 2811 1821 καὶ
2839 1770 2872 1837 ἡ
2907 1767 3063 1840 ὀργή·
3095 1768 3164 1822 τὰ
3200 1769 3255 1823 δὲ
3285 1769 3448 1824 λοιπὰ
3472 1771 3674 1826 ἀπολέι

2042 1835 2084 1890 Β
2113 1848 2314 1905 λειπτο.

2124 1930 2157 1940 ”
2193 1942 2519 2013 Ἐπιφανον
2558 1947 2626 2001 τὸ
2657 1949 2977 2016 πρόσωπόν
3015 1963 3131 2005 σου
3168 1951 3267 2006 ἐπὶ
3308 1955 3417 2009 τὸν
3444 1955 3672 2011 δοῦλόν

2111 2045 2245 2086 σου’
2280 2034 2486 2089 σῶσόν
2510 2055 2587 2106 με
2611 2038 2682 2092 ἐν
2707 2038 2789 2104 τῷ
2816 2040 2973 2096 ἐλέει
3009 2058 3144 2097 σου.
3176 2044 3287 2115 Τῆς
3318 2046 3426 2118 γὰρ
3451 2048 3549 2119 σῆς
3575 2066 3669 2119 μοι

2108 2123 2401 2194 γενομένης
2434 2126 2770 2195 ἐπιφανείας,
2799 2129 2869 2183 τὰ
2898 2132 3193 2203 σκυθρωπά
3236 2138 3545 2206 παραυτίκα
3572 2138 3668 2192 λυσ-

2110 2214 2352 2286 θήσεται.
2386 2212 2551 2282 Οὗτός
2582 2236 2691 2290 μοι,
2731 2223 2886 2292 φησι,
2949 2224 3107 2293 μόνος
3137 2227 3335 2298 τρόπος
3359 2229 3459 2300 τῆς
3490 2248 3668 2303 σωτη-

2111 2301 2251 2373 ρίας,
2280 2306 2328 2357 εί
2357 2305 2418 2358 τὸ
2442 2306 2534 2359 σὺν
2556 2308 2824 2381 ἐπιφάνῃς
2849 2313 3153 2382 πρόσωπον.

2177 2395 2373 2463 Κύριε,
2403 2397 2489 2465 μὴ
2517 2403 3050 2472 καταισχυνθείην,
3094 2405 3182 2460 ὅτι
3206 2408 3667 2483 ἐπεκαλεσάμην

2106 2498 2199 2539 σε.
2233 2484 2507 2542 Ἐντεῦθεν
2531 2491 2871 2564 μανθάνομεν
2890 2495 2965 2558 ὡς
2993 2496 3189 2570 πολλὴν
3213 2499 3469 2573 διαφορὰν
3495 2505 3668 2578 άμαρο

2106 2576 2196 2630 τία
2225 2579 2362 2648 πρὸς
2391 2580 2643 2637 ἀσέϐειαν
2675 2584 2805 2656 ἔχει.
2849 2586 2939 2639 Διὸ
2972 2589 3064 2644 καὶ
3091 2591 3120 2642 ὁ
3154 2592 3326 2662 μέγας
3361 2576 3666 2670 παρακαλεί

2105 2667 2266 2722 Δαυῒδ
2293 2670 2452 2726 αὐτὸν
2484 2674 2580 2744 μὲν
2604 2675 2703 2747 τῆς
2737 2676 2826 2731 διὰ
2862 2677 2960 2750 τὴν
2983 2681 3252 2753 ἁμαρτίαν
3292 2667 3665 2763 γεγενημένης

2105 2756 2364 2831 αίσχύνης
2388 2760 2784 2836 ἀπαλλαγῆναι,
2812 2768 2939 2833 τοὺς
2965 2769 3022 2823 δὲ
3051 2772 3109 2825 ἐν
3131 2772 3417 2850 δυσσεϐείᾳ
3452 2756 3663 2845 συζῶν-

2102 2863 2201 2911 τας
2232 2852 2347 2919 μετ’
2379 2853 2640 2927 αἰσχύνης
2673 2857 2751 2928 τῷ
2781 2858 2992 2931 θανάτῳ
3023 2868 3483 2940 πραπεμφθῆναι

2178 2938 2401 2992 Ἅλαλα
2429 2943 2727 3012 γενηθήτω
2756 2947 2827 3001 τὰ
2856 2949 3028 3017 χειλη
3067 2952 3141 3005 τὰ
3171 2953 3363 3009 δόλια.
3384 2938 3659 3029 Εὖχομαι,

2103 3026 2287 3099 φησὶν,
2315 3029 2749 3120 ἀποκωφωθῆναι
2774 3041 2900 3103 τοὺς
2922 3039 3165 3113 ἐχθρούς
3194 3045 3351 3101 τοῦτο
3389 3049 3445 3103 δὲ
3473 3026 3661 3120 ἐσται,

2054 3166 2069 3199 ᾖ
2101 3119 2151 3172 εί
2176 3107 2442 3195 autem;
2470 3124 2532 3180 τὸ
2561 3107 2847 3200 πρόσωπόν

517 3202 606 3258 20.
646 3209 819 3270 Quam
847 3227 1040 3283 magna
1069 3216 1354 3275 multitudo
1390 3222 1683 3283 dulcedinis
1724 3241 1850 3299 tum,
1894 3232 2005 3290 Do-

2188 3176 2293 3277 Dc.
2321 3176 2494 3268 noun
2510 3176 2866 3290 *τότ’-,πλῆθος
2908 3223 3018 3293 τῆς
3065 3229 3466 3298 χρηστότητός
3506 3247 3626 3288 σου
3642 3274 3660 3299 ,

448 3295 624 3350 mine!
652 3298 849 3369 Utpote
876 3304 989 3372 jam
1021 3322 1117 3376 per
1138 3310 1390 3380 spiritum
1420 3317 1744 3391 illustratus,
1773 3295 1843 3381 de
1866 3326 2007 3384 futu-

346 3402 351 3408 ·
447 3385 526 3441 ris
573 3391 774 3457 gratias
807 3395 936 3464 agit.
980 3395 1096 3454 Mos
1137 3410 1316 3458 autem
1346 3404 1556 3472 Davidi,
1583 3385 1796 3481 vocem,
1822 3435 2001 3489 quam,

448 3488 547 3543 per
594 3477 1005 3541 admirationem
1041 3503 1328 3560 usurpare,
1374 3500 1549 3567 quasi,
1595 3477 2003 3581 valdesl'lagna

448 3565 677 3625 dulcedo
713 3581 802 3628 tua
849 3585 970 3641 est,
1022 3595 1186 3647 quam
1218 3565 1465 3644 recondis
1497 3600 1551 3645 et
1592 3610 1778 3653 servas
1825 3565 1998 3657 nobis.

446 3655 582 3713 illud
631 3663 799 3729 enim,
834 3668 1177 3741 abscondisti,
1220 3687 1306 3732 est
1350 3683 1525 3750 quasi,
1578 3689 1872 3746 custodisti.
1912 3655 2004 3750 rUt

445 3750 609 3806 etiam
644 3755 796 3832 illud,
832 3759 1103 3818 abscondit
1131 3783 1210 3821 me
1232 3770 1288 3823 in
1311 3772 1644 3832 tabernaculo
1673 3796 1788 3837 suo.
1823 3782 2002 3842 Utitur

445 3851 627 3898 autem
663 3864 822 3916 voce,
856 3853 1176 3913 abscondisti
1206 3876 1307 3930 pro
1350 3868 1659 3938 custodisti,
1690 3875 1817 3944 quia
1855 3880 2001 3948 quod

444 3932 795 3994 absconditur
817 3946 1137 4003 custoditur.
1176 3948 1456 4022 Perfecisti
1482 3960 1556 4011 eis
1587 3932 1677 4031 qui
1705 3932 1921 4033 sperant
1947 3971 2000 4024 in

324 4062 332 4067 .
444 4033 514 4078 le.
547 4024 712 4092 Quasi
741 4031 907 4101 dicat,
936 4037 1208 4106 perfecisti
1236 4043 1291 4100 in
1319 4054 1563 4118 tempore
1590 4024 1927 4126 congruenti.

510 4178 601 4234 21.
641 4183 935 4242 Abscondes
956 4207 1042 4245 eos
1068 4194 1124 4246 in
1146 4198 1451 4256 abscondito
1472 4203 1630 4272 faciei
1661 4216 1782 4267 tuae.
1811 4210 1998 4269 Facies

443 4276 568 4333 tua,
604 4269 813 4342 inquit,
845 4286 1212 4349 tegumentum
1244 4269 1592 4356 sperantibus
1625 4294 1681 4349 in
1712 4305 1764 4352 te
1795 4297 1994 4355 factum

440 4366 543 4412 est.
578 4361 623 4413 Α
652 4366 1047 4424 contnrbatione
1070 4373 1333 4430 hominum
1358 4391 1590 4452 proteges
1611 4402 1717 4452 eos,
1746 4389 1799 4441 in
1823 4392 1997 4446 taber-

437 4438 632 4505 naculo
657 4463 744 4508 tuo
766 4475 797 4510 a
826 4455 1236 4521 centradictione
1264 4470 1585 4542 linguarum.
1615 4476 1683 4532 Ut
1718 4489 1993 4551 tegumen-
2026 4514 2069 4569 ο

2103 3300 2279 3368 Κύριε
2290 3301 2311 3355 !
2345 3303 2432 3369 Ὠς
2460 3305 2560 3378 ἤδη
2604 3306 2690 3363 διὰ
2732 3308 2826 3363 τοῦ
2858 3312 3169 3385 Πνεύματος
3201 3322 3622 3393 φωταγωγηθεὶς
3640 3364 3659 3389 ,

2105 3392 2232 3463 περὶ
2261 3392 2368 3447 τῶν
2401 3396 2671 3467 ἐσομένων
2710 3400 3054 3473 εὐχαριστίαν
3101 3407 3370 3482 ἀναφέρει.
3414 3392 3573 3478 Ἔθος
3601 3415 3663 3471 δέ

2101 3481 2180 3553 τῷ
2216 3483 2379 3539 Δαυῒδ
2412 3487 2506 3539 ἐπὶ
2549 3488 2861 3561 ἐκπλήξεως
2906 3493 3162 3561 πολλάκις
3205 3481 3500 3570 λαμϐάνειν
3528 3504 3656 3574 τὴν,

2101 3573 2217 3639 ὡς,
2261 3575 2472 3648 φωνὴν,
2506 3579 2625 3633 ἀντὶ
2664 3582 2780 3647 τοῦ,
2814 3586 3067 3655 σφόδρα.
3100 3589 3273 3662 Πολλή
3321 3609 3414 3646 σου
3451 3573 3598 3648 ἐστὶν
3622 3597 3656 3665 ἡ

2100 3667 2420 3739 χρηστότης,
2448 3669 2515 3741 ἢν
2534 3672 2811 3742 ταμιεύεις
2836 3676 2930 3729 καὶ
2954 3678 3235 3746 φυλάττεις
3263 3683 3415 3754 ἡμῖν’
3444 3684 3507 3738 τὸ
3527 3685 3657 3758 γάρ,

2099 3754 2385 3825 ἔκρυψας,
2410 3759 2530 3813 ἀντὶ
2562 3761 2678 3829 τοῦ,
2695 3763 3019 3833 ἐφύλαξας,
3036 3768 3111 3834 ὡς
3138 3772 3234 3825 καὶ
3258 3773 3319 3826 τό
3338 3789 3356 3807 ο
3397 3754 3661 3846 Ἕκρυιίιέ

2094 3862 2171 3915 με
2211 3847 2282 3901 ἐν
2323 3849 2522 3919 σκηνῇ
2568 3852 2773 3910 αὑτοῦ.
2818 3856 3094 3929 Κέχρηται
3139 3861 3197 3914 δὲ
3233 3862 3329 3934 τῷ,
3366 3865 3653 3935 ἔκρυψας,

2098 3937 2220 3992 ἀντὶ
2246 3938 2359 4003 τοῦ,
2385 3940 2711 4010 ἐφύλαξας,
2739 3947 2925 4020 ἐπειδὴ
2968 3949 3028 4003 τὺ
3055 3953 3432 4024 κεκρυμμένον
3456 3956 3656 4026 φυλάτ-

2101 4046 2267 4083 τεται.
2311 4031 2657 4104 Ἐξειργάσω
2702 4036 2825 4102 τοῖς
2856 4039 3201 4102 ἐλπίζουσιν
3238 4045 3337 4099 ἐπὶ
3372 4047 3467 4103 σέ.
3514 4049 3658 4104 ’Δντὶ

2096 4119 2209 4185 τοῦ,
2240 4121 2540 4195 ἐξειργάσω
2565 4129 2622 4183 ἐν
2648 4127 2822 4200 καιρῷ
2852 4128 2929 4200 τῷ
2958 4134 3305 4205 προσήκοντι.

2163 4214 2570 4284 Κατακρύψεις
2600 4219 2820 4285 αὐτοὺς
2849 4220 2919 4274 ἐν
2965 4223 3287 4294 ἀποκρύφῳ
3315 4227 3420 4282 τοῦ
3464 4245 3653 4298 προσ·

2092 4300 2255 4357 ὠπου
2271 4318 2407 4360 σου.
2426 4306 2499 4359 Τὸ
2514 4308 2798 4378 πρόσωπόν
2824 4328 2939 4376 σου,
2964 4314 3115 4385 φησὶ,
3159 4316 3332 4389 σκέπη
3361 4321 3471 4382 τοῖς
3498 4318 3654 4375 ἐλπί-

2095 4388 2275 4454 ζουσιν
2319 4394 2412 4449 ἐπὶ
2449 4396 2508 4450 σέ
2541 4398 2785 4472 γένηται.
2841 4402 2973 4456 Ἀπὸ
3026 4405 3289 4475 ταραχῆς
3321 4388 3657 4477 ἀνθρώπων

2093 4484 2421 4554 σκεπάσεις
2488 4491 2708 4558 αὐτοὺς
2758 4493 2828 4547 ὲν
2880 4495 3084 4565 σκηνῇ
3139 4498 3257 4553 ἀπὸ
3311 4500 3655 4573 ἀντιλογίας

442 4549 576 4605 tum,
615 4544 809 4614 inquit,
838 4564 1089 4624 conlegas
1133 4571 1247 4625 eos,
1278 4560 1352 4615 ita
1380 4571 1453 4636 _ut
1492 4581 1663 4637 neque
1700 4571 1768 4625 ab
1801 4571 1866 4628 iis
1898 4575 1992 4644 qui

442 4634 602 4658 ιπηιῑιλ
634 4636 763 4658 ἔηλὲ-
802 4657 809 4658 ,
850 4656 861 4658 _
1025 4655 1031 4658 .
1538 4656 1544 4658 Α

2396 4544 2413 4554 .
2612 4544 2617 4545 ν
2682 4544 2699 4558 ³
2765 4544 2800 4547 --
2886 4544 2903 4547 -
2927 4544 3018 4562 --τ
3048 4544 3078 4565 π
3141 4544 3253 4553 -ννν
3312 4544 3369 4555 -ν
3392 4544 3514 4555 *ν’-υ
3556 4544 3646 4569 ννη)

2112 4575 2404 4647 Γλωσσῶν.
2418 4580 2702 4654 Καθάπερ,
2722 4583 2905 4654 φησὶν,
2925 4585 3096 4657 σκέπη
3126 4588 3416 4654 σκεπάσεις
3433 4544 3651 4658 curione,

440 4634 605 4688 verbo
634 4636 766 4706 ipsis
799 4656 993 4699 nocere
1019 4655 1259 4720 tentant,
1289 4634 1464 4725 neque
1498 4656 1565 4712 ab
1598 4658 1665 4715 iis
1692 4662 1784 4716 (lui
1817 4668 1994 4736 operi-

440 4722 542 4779 bus
569 4739 902 4803 oppugnant,
932 4752 1275 4809 superentur.

505 4908 593 4965 22.
636 4910 947 4973 Benedictus
977 4920 1253 4994 Dominus,
1277 4930 1524 4998 quoniam
1555 4933 1854 5003 miriﬁcavit
1890 4937 1991 4991 mi-

433 5001 775 5058 sericordiam
804 5023 954 5062 suam
982 5014 1109 5067 mihi
1139 5016 1195 5069 in
1236 5018 1446 5075 civitate
1480 5024 1705 5078 munita.
1748 5025 1851 5081 Per
1877 5043 1985 5092 me,

433 5089 643 5163 inquit,
701 5094 843 5155 Deus
891 5103 1223 5173 gloriﬁcatus
1276 5121 1390 5178 est,
1442 5115 1699 5183 quoniam
1750 5118 1987 5174 circum-

432 5185 658 5243 sistente
681 5205 766 5245 me
798 5192 1082 5253 innumera
1109 5200 1345 5258 hostium
1391 5205 1754 5275 multitudine,
1792 5221 1846 5267 et
1870 5214 1979 5268 ani-

431 5290 574 5331 mam
607 5296 782 5337 meam
814 5300 909 5340 ceu
942 5304 1191 5361 magnam
1235 5297 1423 5351 urbem
1455 5298 1701 5356 obsidere
1735 5313 1982 5372 conante,

431 5369 524 5434 qui
570 5373 673 5426 mei
703 5384 888 5434 custos
924 5388 1008 5435 est
1036 5384 1176 5441 vallo
1222 5401 1308 5442 me
1355 5390 1627 5459 muniens,
1672 5394 1985 5450 misericor-

433 5456 574 5512 diam
609 5478 763 5521 suam
795 5470 1096 5528 mirabilem
1122 5478 1378 5533 ostendit.

501 5549 588 5603 23.
632 5552 744 5625 Ego
774 5571 949 5617 autem
974 5565 1090 5620 dixi
1122 5569 1177 5622 in
1203 5585 1415 5627 excessu
1446 5579 1632 5635 mentis
1666 5595 1826 5636 meaz:
1849 5581 1984 5638 Pro-

425 5640 596 5707 iectus
627 5660 762 5703 sunt.
794 5650 930 5707 Cum
966 5661 1338 5731 mcmctipsum
1380 5665 1742 5737 humilitatem,
1785 5673 1978 5745 inquit,

500 5733 542 5766 "
576 5733 783 5795 Coloss.
813 5758 896 5810 ιιι,
923 5744 975 5800 8.

2093 4665 2232 4720 ὥστε
2260 4670 2396 4740 μήτε
2420 4671 2523 4725 ὑπὸ
2553 4673 2661 4726 τῶν
2689 4674 2866 4744 λόγοις
2895 4678 3077 4742 αὐτοῖς
3113 4680 3525 4752 ἐπιχειρούντων
3554 4702 3654 4739 κα·-

2090 4758 2434 4827 ταϐλάπτειν,
2468 4765 2603 4837 μήτε
2630 4766 2735 4821 ὑπὸ
2766 4768 2875 4824 τῶν
2906 4769 3084 4840 ἔργοις
3124 4771 3500 4844 πολεμούντων
3527 4777 3650 4832 ἀλί-

2093 4866 2267 4903 σκωντ
2270 4869 2345 4906 αι.

2156 4946 2500 5015 Εὐλογητὸς
2523 4951 2768 5018 Κύριος,
2795 4953 2884 5009 ὅτι
2913 4954 3335 5024 ἑθαυμαστωσε
3376 4960 3444 5012 τὸ
3473 4959 3647 5027 ἕλεος

2088 5034 2274 5090 αὑτοῦ
2305 5037 2376 5090 ἐν
2419 5040 2591 5095 πόλει
2631 5043 2934 5113 περιοχῆς.
2959 5046 3036 5098 Δι’
3063 5046 3217 5117 ἐμοῦ,
3244 5058 3426 5119 φησιν,
3455 5051 3485 5103 ὁ
3513 5050 3645 5116 Θεὸς

2088 5125 2345 5200 ἐδοξάσθη
2365 5146 2380 5159 °
2427 5131 2539 5198 ὅτι,
2570 5134 2775 5204 μυρίων
2807 5135 3077 5207 πολεμίων
3112 5140 3241 5211 περὶ
3270 5141 3371 5211 ἐμὲ
3411 5142 3645 5210 συστάντ

2086 5235 2224 5287 των,
2272 5223 2366 5274 καὶ
2403 5223 2559 5295 δίκην
2601 5226 2839 5297 μεγάλης
2882 5228 3088 5293 πόλεως
3136 5232 3237 5303 τὴν
3286 5233 3423 5306 ἐμὴν
3466 5234 3644 5307 ψυχὴν

2087 5308 2391 5381 πολιορκεῖν
2418 5315 2788 5386 πειρωμένων,
2810 5319 2839 5370 ὁ
2871 5318 3000 5389 ἐμὸς
3028 5321 3220 5390 φύλαξ,
3248 5327 3501 5396 φραγμὸν
3519 5328 3646 5399 ἐμοὶ

2087 5400 2411 5471 περιϐαλὼν,
2442 5403 2502 5456 τὸ
2526 5403 2673 5470 ἕλεος
2697 5406 2860 5460 αὐτοῦ
2895 5408 3200 5481 θαυμαστὸν
3230 5413 3444 5483 ἔδειξεν.

2167 5598 2307 5670 Ἐγὼ
2332 5599 2400 5653 δὲ
2425 5598 2595 5657 εἷπον
2636 5604 2707 5658 ἐν
2737 5604 2813 5672 τῇ
2840 5607 3123 5661 ἐκστάσει
3157 5627 3296 5679 ,κου’
3345 5613 3643 5685 Ἀπέρῤιμ-

2078 5711 2204 5763 μαι.
2253 5697 2543 5767 Ὀπηνίκα,
2592 5700 2782 5770 φησὶν,
2827 5702 3136 5759 ἓταπείνουν
3181 5707 3410 5774 ἐμαυτὸν
3462 5712 3520 5763 ἐν
3574 5713 3641 5784 τῇ
