3944 6220
213 321 298 377 Ιϐὶ

1292 321 1652 379 EXPOSlTlO
1689 320 1757 379 IN
1796 326 2124 385 PSALMUM
2166 328 2352 385 XXXI.

3332 340 3433 394 162

212 434 463 506 γενομένῃ
492 450 578 505 μοι
606 435 895 499 ὲκστάσει,
929 436 1016 489 ὅτε
1041 435 1135 489 καὶ
1172 436 1442 508 ἐταράχθη
1478 441 1537 492 έν
1566 440 1720 510 θυμῷ

1877 443 1930 494 in
1957 446 2369 512 superveniente
2400 444 2530 500 mihi
2563 446 2759 503 mentis
2781 462 3028 514 excessu,
3060 451 3279 522 quando
3302 466 3432 507 con-

214 526 473 597 ὀφθαλμός
506 543 631 597 μου,
674 527 960 599 ιπέτρισον
998 528 1232 598 ἐμαυτὸν
1261 530 1336 593 ὡς
1364 532 1770 603 ἀπερριμμένος

214 619 292 672 διὰ
324 618 418 688 τὴν
444 618 582 689 ἐμὴν
632 619 928 692 ἁμαρτίαν.
981 619 1116 672 Ἀλλ’
1150 620 1260 689 ἐγὼ
1305 623 1403 693 μὲν
1446 625 1632 688 ταῦτα,
1664 641 1769 695 φη-

216 712 317 774 σὶν,
343 710 550 778 ἔλεγον,
577 710 645 763 σὺ
684 709 743 764 δὲ
769 711 799 762 ό
827 711 1200 784 φιλάνθρωπος
1223 712 1321 767 οὐκ
1351 714 1656 786 ἀπέρριψας
1679 716 1770 769 τὸν

216 798 301 851 σὺν
326 798 561 868 οἰκέτην.

289 888 657 959 Ἀταπήσατε
688 889 795 943 τὸν
836 892 1080 960 Κύριον,
1115 892 1336 961 πάντες
1380 898 1435 949 οἱ
1471 894 1625 949 ὅσιοι
1666 897 1771 950 αὐ-

214 980 334 1034 τοῦ.
369 980 572 1051 Τρέπει
616 981 707 1036 τὸν
745 981 901 1052 λόγον
943 984 1021 1047 είς
1062 984 1159 1056 τὴν
1207 985 1407 1056 ἑτέρων
1452 987 1768 1058 παραίνεσιν

211 1068 299 1136 ἀφ’
327 1062 403 1120 ὧν
440 1069 803 1139 εὐηργετήθη,
836 1071 960 1135 τοὺς
991 1071 1181 1137 ἄλλους
1210 1075 1301 1127 ἐπὶ
1320 1058 1393 1127 ’τὸ
1433 1076 1768 1147 ἐξομολογεῖ-

212 1158 329 1212 σθαι
350 1160 698 1230 παρακαλῶν.
724 1163 834 1215 Καὶ
857 1163 1443 1234 ἀνταποδίδωσι“τοῖς
1466 1170 1767 1237 περισσῶς

208 1248 487 1303 ποιοῦσιν
508 1253 939 1321 ὑπερηφανίαν.
985 1256 1342 1329 Μακροθυμεῖ
1366 1260 1466 1329 μὲν
1502 1262 1531 1314 ό
1562 1261 1766 1333 Κύριος

208 1342 295 1394 ἐπὶ
336 1343 453 1405 τοῖς
501 1342 899 1417 ὑπερηφάνοις,
948 1349 1059 1411 τοῖς
1104 1348 1163 1401 δὲ
1206 1350 1478 1421 περισσῶς
1524 1353 1764 1408 ποιοῦσιν

209 1432 583 1504 ὑπερηφανίαν
617 1436 711 1488 καὶ
744 1436 1180 1493 ἀνταποδίδωσιν.

404 1526 715 1580 ΨΑΛΜΟΣ
744 1526 822 1593 τῷ
852 1529 1050 1595 Δαυῒδ,
1078 1530 1402 1599 συνέσεως.
1427 1539 1556 1589 AA’.

826 1620 1148 1687 ’Υπόθεσις.

204 1710 307 1780 Τὴν
336 1709 708 1763 κακοπάθειαν
754 1710 916 1764 αὑτοῦ
962 1711 1061 1785 τὴν
1101 1712 1300 1785 πολλὴν
1329 1715 1758 1788 προϐαλλόμενος

270 1804 297 1854 ό
328 1802 515 1866 Δαυῒδ,
549 1802 616 1874 ἢν
642 1804 698 1855 ὲν
724 1806 790 1875 τῇ
822 1804 1074 1875 μετανοίᾳ
1114 1804 1426 1876 ὑπέμεινεν,
1469 1787 1757 1881 μακαρίζει
1789 1787 1830 1842 Β

264 1893 387 1957 τοὺς
406 1894 508 1965 τῆς
534 1894 787 1963 ἀφέσεως
800 1896 1163 1966 τετυχηκότας
1185 1896 1272 1951 διὰ
1292 1897 1385 1951 τοῦ
1413 1899 1637 1972 λουτροῦ
1660 1905 1757 1974 τῆς

262 1984 699 2054 παλιγγενεσίας.
725 1986 1036 2055 Συνέσεως
1065 1988 1123 2042 δὲ
1144 1990 1538 2063 ἐπιγέγραπται
1563 1995 1591 2047 ό
1618 1993 1757 2063 ψαλ-

264 2076 381 2147 μδς,
411 2078 504 2132 διὰ
532 2076 594 2131 τὸ
630 2078 833 2151 ταύτης
880 2080 1111 2152 μάλιστα
1143 2081 1349 2137 δεῖσθαι
1390 2085 1517 2149 τοὺς
1541 2084 1753 2157 ἀνθρὼ-

257 2183 428 2231 πωςο
460 2167 543 2221 δτι
580 2167 645 2239 δὴ
681 2168 884 2241 σφόδρα
913 2172 1287 2237 ὲκνενευκότες
1336 2174 1430 2227 ἐπὶ
1469 2174 1537 2229 τὰ
1571 2175 1750 2257 πάθη,

260 2258 448 2323 ἵπποις
470 2258 568 2313 καὶ
590 2260 839 2331 ἡμιόνοις
868 2260 1299 2334 ἀπεικάσθησαν.

254 2350 546 2419 Μακάριοι
594 2345 682 2405 ὧν
732 2351 1046 2422 ἀφέθησαν
1091 2356 1152 2408 at
1199 2354 1470 2424 ἀνομίαι,
1524 2357 1621 2411 καὶ
1664 2349 1752 2411 ὧν

192 2441 698 2513 έακαλύφθησαν
717 2447 779 2498 αι
804 2444 1094 2515 ἁμαρτίαι.
1131 2445 1401 2517 ’Δφίενται
1431 2449 1529 2520 μὲν
1552 2451 1608 2503 αί
1636 2451 1752 2504 ἀνο-

195 2535 300 2607 μίαι
340 2535 436 2588 διὰ
481 2535 883 2607 βαπτίσματος,
917 2536 1371 2593 ἐπικαλύπτονται
1402 2539 1458 2594 δὲ
1486 2542 1748 2613 ἁμαρτίαι

190 2627 267 2680 διὰ
291 2626 394 2697 τῆς
417 2628 620 2699 πικρᾶς
649 2627 950 2698 μετανοίας.

248 2717 551 2787 Μακάριος
576 2718 731 2788 ἀνὴρ
777 2715 850 2775 οὗ
882 2721 954 2774 οὐ
989 2719 1075 2791 μὴ
1114 2721 1429 2790 λογίσηται
1474 2725 1508 2777 ό
1534 2724 1746 2792 Κύριος

188 2807 493 2877 ἁμαρτίαν,
515 2806 657 2862 οὐδὲ
678 2808 851 2862 ἐστιν
868 2809 937 2863 έν
966 2810 1047 2875 τῷ
1070 2811 1318 2881 στόματι
1340 2812 1524 2866 αὐτοῦ
1543 2813 1741 2881 δόλος.

187 2894 344 2964 Οὗτος
372 2900 487 2971 γὰρ
517 2898 729 2971 ἀληθῶς
770 2900 1057 2973 μακάριος,
1089 2904 1117 2956 ὁ
1146 2902 1241 2974 ὅλῃ
1272 2903 1467 2977 καρδίᾳ
1514 2922 1744 2978 προσερ-

182 2992 401 3062 χόμενος
444 2991 522 3061 τῷ
569 2992 709 3063 ἁγίῳ
757 2992 1108 3064 βαπτίσματι.
1144 2992 1240 3065 [Ὀ
1279 2994 1386 3065 γὰρ
1423 2995 1560 3066 μετὰ
1589 2997 1741 3051 δόλου

183 3081 591 3183 βαπτιζόμενος,
622 3084 760 3183 πρὸς
782 3084 887 3183 τῷῌ
904 3087 977 3158 μὴ
1011 3087 1193 3157 τυχεῖν
1216 3087 1315 3157 τῆς
1342 3087 1608 3157 ἀφέσεως,
1646 3090 1740 3142 καὶ
1767 3124 1809 3183 C

181 3178 344 3246 κρῖμα
373 3176 535 3250 ἔξω]
578 3177 685 3231 Τοῦ
727 3176 910 3232 αὐτοῦ·
957 3179 1039 3244 τὸ,
1082 3179 1191 3244 ὅτι,
1225 3178 1329 3250 τῷ,
1379 3179 1735 3249 ἐπαλαιώθη,

182 3268 494 3335 συναπτέον,
529 3270 598 3323 ἶν’
626 3266 693 3342 ᾖα
733 3271 861 3324 Ὅτι
903 3270 1237 3339 ἐπαλαιὼθη
1280 3270 1351 3325 τὰ
1397 3269 1548 3326 ὀστᾶ
1583 3289 1734 3340 μου,

178 3361 285 3416 ἀπὸ
310 3363 424 3417 τοῦ
457 3361 695 3432 κράζειν
733 3381 812 3434 με
849 3362 1002 3431 ὅλην
1038 3362 1154 3433 τῆν
1181 3362 1428 3432 ἡμέραν.
1478 3362 1738 3435 Ἐσίγησα

178 3455 366 3524 μηκέτι
417 3456 601 3526 ςωνὴν
636 3456 851 3526 ἀφεῖναι
895 3457 1208 3527 δυνάμενος.
1241 3454 1307 3509 Τί
1338 3455 1394 3509 δὲ
1421 3455 1667 3528 ἔκραξεν,
1700 3456 1733 3528 ἢ

172 3547 261 3619 τὴν
285 3547 616 3621 συγγνώμην
630 3550 730 3620 τῆς
748 3551 1019 3622 ἁμαρτίας
1046 3549 1245 3615 αίτῶν;

239 3641 357 3694 Ὀτι
397 3639 624 3710 ἡμέρας
667 3640 768 3694 καὶ
813 3640 1033 3706 νυκτὸς
1073 3641 1365 3709 ἐϐαρύνθη
1410 3641 1502 3695 ἐπ’
1552 3642 1656 3712 ἐμὲ
1693 3643 1731 3710 ἡ

172 3732 293 3800 χείρ
337 3748 478 3786 σου.
523 3732 768 3801 Ἀγαθὸς,
804 3733 986 3802 φησιν,
1028 3731 1102 3785 ὢν
1133 3731 1454 3796 ἐπαίδευσας
1494 3732 1734 3804 σφοδρῶς

170 3821 253 3874 διὰ
279 3820 382 3892 τῆς
409 3820 656 3885 παιδείας
687 3821 1027 3893 ἐπιστρέφων
1052 3823 1130 3885 είς
1165 3821 1452 3892 σωτηρίαν.
1501 3820 1735 3889 Ἐστρά-

170 3930 285 3981 φηγ
312 3916 400 3979 είς
424 3912 830 3980 ταλαιπωρίαν
855 3913 924 3965 ὲν
955 3911 1034 3978 τῷ
1061 3912 1400 3983 ἐμπαγῆναι
1421 3930 1524 3982 μοι
1548 3911 1730 3966 ἅκαν-

169 4006 293 4073 θαν.
326 3994 605 4056 Ἀκανθαν
627 4001 726 4072 τὴν
751 4002 1023 4073 ἁμαρτίαν
1047 4001 1229 4073 φησίν.
1247 4001 1306 4053 '0
1334 4000 1389 4054 δὲ
1413 4000 1536 4065 νοῦς
1555 3993 1727 4066 οὗτος

178 4093 388 4165 Ἐπειδὴ
440 4092 715 4163 ὲνεπάγη,
746 4093 909 4164 φησὶ,
943 4094 1010 4164 τῇ
1059 4092 1204 4164 ψυχῇ
1246 4108 1345 4163 μου
1390 4093 1422 4164 ἡ
1466 4093 1727 4165 ἁμαρτία,

166 4184 606 4256 ἐταλαιπώρησα.

232 4277 354 4344 Τὴν
402 4277 665 4345 ἁνομΙαν
703 4294 821 4345 μου
870 4275 1181 4346 ἐγνώρισα.
1227 4275 1331 4328 Τὸν
1386 4275 1583 4346 τρόπον
1631 4274 1729 4344 τῆς

163 4366 601 4438 ἒξομολογήσεως
646 4364 914 4436 σημαίνει.
965 4360 1123 4418 Εἷπα
1177 4360 1547 4431 ἐξαγορεύσω
1600 4361 1725 4414 κατ’

1874 534 2121 589 turbatus
2154 543 2237 590 est
2280 536 2333 590 in
2366 537 2448 591 ira
2494 537 2688 593 oculus
2722 554 2910 608 meus,
2958 555 3045 596 me
3090 541 3430 597 macerabant

1870 625 2027 693 quasi
2054 626 2257 695 peccati
2287 627 2393 682 mei
2422 642 2586 683 causa
2619 629 2912 698 proiectus.
2942 629 3049 686 Sed
3078 646 3179 699 ego
3209 633 3430 703 quidem

1870 718 1983 773 haec
2009 717 2254 772 dicebam
2291 737 2306 774 :
2340 728 2398 773 tu
2425 734 2553 774 vero
2600 720 2865 792 benignus
2903 737 3029 778 cum
3061 724 3159 789 sis,
3188 739 3299 779 non
3336 726 3430 779 ab-

1863 808 2041 879 jecisti
2068 806 2330 864 famulum
2357 820 2526 863 tuum.

1934 898 2024 953 24.
2063 897 2282 969 Diligite
2307 899 2612 968 Dominum,
2650 917 2825 956 omnes
2849 904 3018 957 sancti
3052 903 3185 972 ejus.
3211 902 3428 959 Sermo-

1866 1004 1989 1045 nem
2031 990 2298 1046 convertit
2323 991 2388 1045 ad
2417 992 2646 1047 aliorum
2677 994 3129 1058 exhortationem,
3168 1011 3199 1050 a
3227 996 3429 1065 quibus

1865 1081 2143 1137 beneﬁciis
2175 1091 2259 1137 est
2290 1080 2550 1148 all‘ectus,
2604 1082 2741 1140 alios
2785 1085 2852 1139 ad
2900 1085 3263 1142 conﬁtendum
3298 1102 3426 1141 evo-

1864 1186 2016 1228 cans.
2043 1171 2114 1227 Et
2144 1173 2385 1226 retribuit
2405 1173 2734 1229 abundanter
2763 1175 3079 1244 facientibus
3103 1177 3423 1246 superbiam.

1865 1260 1965 1315 Diu
1989 1261 2207 1330 quidem
2238 1261 2432 1316 tolerat
2453 1260 2720 1317 Dominus
2745 1264 3033 1333 superbos,
3065 1270 3121 1317 at
3149 1264 3425 1319 abundan-

1865 1360 1946 1407 ter
1977 1351 2304 1409 facientibus
2332 1351 2647 1422 superbiam
2674 1354 2971 1423 promerita
3004 1354 3277 1410 retribuit.

2006 1527 2250 1583 PSALM
2259 1526 2347 1585 US
2375 1529 2479 1598 ipsi
2504 1528 2696 1594 Dauid,
2724 1528 3036 1584 intellectus.
3062 1526 3222 1582 XXX
3228 1527 3277 1581 1.

2428 1618 2829 1689 Argumentum.

1860 1707 2157 1766 Erumnas
2202 1719 2257 1766 et
2291 1710 2623 1766 calamitates
2665 1709 2863 1765 multas
2914 1708 3069 1779 queis
3110 1709 3166 1763 in
3209 1708 3416 1780 agenda

1927 1803 2244 1873 paenitentia
2267 1801 2584 1873 perfunctus
2613 1810 2696 1857 est
2722 1816 3032 1872 proponens
3056 1799 3244 1863 David,
3288 1801 3417 1855 bea-

1928 1902 2014 1951 tos
2045 1894 2170 1950 illos
2197 1895 2457 1965 praedicat
2488 1893 2583 1963 qui
2615 1910 2710 1964 per
2741 1894 3019 1949 lavacrum
3054 1893 3415 1963 regeneratio-

1926 1988 2012 2043 nis
2053 1988 2267 2042 veniam
2322 1995 2452 2042 sunt
2516 1987 2817 2043 consecuti.
2868 1985 3175 2042 Intellectus
3233 1995 3413 2042 autem

1923 2079 2167 2150 psalmus
2208 2078 2546 2144 inscribitur,
2569 2078 2697 2148 quia
2726 2079 2820 2132 illo
2855 2087 3015 2147 egent
3040 2077 3279 2132 maxime
3308 2078 3414 2132 bo-

1923 2171 2098 2227 miues
2123 2187 2136 2224 :
2165 2185 2290 2225 nam
2315 2170 2446 2224 dum
2469 2169 2751 2225 ail‘ectibus
2781 2170 2903 2240 plus
2925 2185 3081 2239 aequo
3108 2169 3411 2240 indulgent,

1921 2262 2078 2332 equis
2106 2272 2161 2317 et
2184 2261 2350 2317 mulis
2379 2261 2584 2317 similes
2613 2259 2743 2316 facti
2774 2267 2921 2331 sunt.

1922 2354 1976 2408 l.
2037 2353 2190 2409 Beati
2236 2369 2459 2424 quorum
2507 2353 2742 2408 remisse
2784 2359 2906 2405 sunt
2963 2351 3270 2422 iniquitates
3292 2391 3308 2417 ,
3359 2360 3409 2406 et

1847 2460 2069 2516 quorum
2097 2453 2231 2499 tecta
2264 2454 2385 2499 sunt
2431 2452 2664 2515 peccata.
2708 2442 3065 2499 Dimittuntur
3096 2442 3410 2513 iniquitates

1848 2553 1944 2608 per
1972 2537 2261 2608 baptisma,
2293 2546 2547 2609 teguntur
2589 2550 2686 2606 per
2715 2549 2960 2590 aaram
3011 2533 3405 2605 paenitentiam.

1912 2716 1968 2770 2.
2008 2714 2205 2771 Beatus
2247 2716 2326 2770 vir
2372 2716 2459 2770 cui
2496 2731 2603 2770 non
2638 2714 2915 2784 imputauit
2947 2712 3204 2768 Dominus
3227 2730 3409 2784 pecco.

1847 2817 1977 2874 tum,
2020 2823 2112 2862 nec
2143 2816 2222 2861 est
2260 2809 2318 2861 in
2359 2824 2447 2861 ore
2493 2806 2608 2877 ejus
2647 2807 2821 2860 dotus.
2872 2804 2964 2859 Ille
3003 2820 3239 2875 namque
3282 2821 3409 2861 vere

1844 2900 2036 2955 beatus
2057 2899 2149 2968 qui
2178 2906 2292 2953 toto
2316 2899 2483 2954 corde
2512 2897 2721 2953 accedit
2748 2897 2813 2950 ad
2842 2906 3087 2951 sanctum
3115 2896 3405 2965 baptisma.

1845 2989 2000 3064 [Nam
2045 2992 2134 3061 qui
2180 3006 2302 3047 cum
2353 2991 2478 3046 dolo
2545 2989 2871 3060 baptizatur,
2918 2988 3129 3043 veniam
3182 2988 3408 3044 minimc

1843 3091 2188 3146 consecutus,
2214 3081 2423 3153 judicio
2464 3095 2683 3153 quoque
2707 3079 3101 3151 damnabitur.]
3129 3077 3284 3146 Quod
3317 3094 3406 3134 se-

1845 3175 2052 3246 quitur,
2080 3175 2358 3245 quoniam,
2386 3188 2508 3228 cum
2550 3172 2652 3226 hac
2677 3186 2828 3236 voce,
2855 3173 3291 3234 inveteraverunt,
3319 3176 3405 3224 est

1845 3266 2299 3329 connectendum,
2330 3272 2392 3319 ut
2434 3264 2701 3320 sententia
2729 3263 2833 3329 sit,
2877 3263 3122 3333 quoniam
3152 3265 3404 3316 invetera-

1845 3365 2025 3411 verunt
2047 3373 2166 3410 ossa
2192 3372 2325 3410 mea.
2353 3354 2492 3409 Dum
2513 3354 2796 3409 clamarem
2823 3364 2934 3408 tota
2959 3354 3044 3409 die
3084 3352 3250 3409 Tacui
3274 3368 3399 3408 cum

1845 3466 1953 3504 non
2004 3464 2220 3520 possem
2254 3448 2489 3518 amplius
2516 3461 2702 3504 vocem
2733 3447 2999 3502 emittere.
3050 3443 3189 3513 Quid
3218 3456 3399 3500 autem

1843 3546 2113 3611 clamavit,
2144 3546 2250 3601 nisi
2279 3546 2492 3600 veniam
2524 3545 2731 3615 peccati
2761 3544 2997 3612 rogans?

1908 3640 1963 3694 4.
2004 3638 2265 3703 Quoniam
2305 3637 2389 3690 die
2436 3652 2498 3688 ac
2545 3645 2691 3689 nocte
2744 3644 2960 3704 gravata
3010 3642 3085 3688 est
3125 3644 3282 3700 super
3319 3648 3399 3686 me

1840 3750 2026 3788 manus
2054 3742 2164 3785 tua.
2192 3729 2394 3789 Bonus.
2424 3728 2619 3796 inquit,
2649 3741 2772 3782 cum
2802 3726 2902 3789 sis,
2930 3725 3047 3780 dire
3081 3735 3135 3779 et
3159 3726 3398 3794 graviter

1839 3843 1927 3882 me
1956 3821 2253 3893 castigasti,
2282 3828 2344 3875 ut
2384 3820 2450 3874 ad
2487 3819 2714 3874 salutem
2759 3816 3075 3871 adduceres.
3109 3815 3395 3870 Conversus

1837 3932 1954 3973 sum
1983 3917 2035 3969 in
2064 3928 2302 3968 aerumna
2332 3912 2457 3964 dum
2484 3910 2764 3979 con/igitur
2786 3909 2959 3977 spina.
2986 3906 3208 3976 Spinam
3241 3916 3397 3959 vocat

1835 4013 2139 4079 peccatum.
2190 4002 2314 4057 Haec
2359 4008 2442 4056 est
2496 4008 2675 4054 autem
2723 3997 2990 4053 sententia
3040 4015 3054 4050 :
3101 3995 3392 4064 Postquam

1835 4101 2109 4156 conlisum
2149 4103 2232 4151 est
2274 4093 2469 4149 anim
2507 4105 2642 4146 mea).
2684 4089 3090 4160 peccatum,-in
3135 4084 3398 4141 aerumnis

1833 4198 2080 4249 versatus
2105 4198 2247 4242 sum.

1902 4282 1956 4337 5.
1997 4278 2259 4334 Detictum
2308 4288 2479 4328 meum
2531 4269 2796 4341 cognitum
2845 4267 2942 4321 tibi
2993 4267 3114 4336 feci.
3170 4267 3393 4323 Modum

1833 4369 2192 4429 confessionis
2234 4364 2521 4436 signiﬁcat.
2566 4360 2686 4415 Dixi
2710 4376 2728 4414 :
2772 4358 3072 4429 Conﬁtebor
3114 4358 3393 4412 adversum

158 4459 299 4526 ἐμοῦ
334 4459 457 4526 τὴν
477 4457 752 4525 ἀνομίαν.
779 4456 1012 4520 Δίκαιος
1053 4453 1270 4508 ἑαυτοῦ
1301 4452 1627 4520 κατήγορος
1659 4451 1727 4503 ἐν

1863 4481 1911 4519 ιε
1943 4460 2280 4533 injustitiam.
2306 4455 2494 4510 Justus
2520 4455 2575 4509 in
2600 4452 2859 4524 principio
2889 4450 3150 4505 sermonis
3171 4465 3388 4503 accusa-

158 4548 549 4618 αρωτολογίᾳ.
581 4548 688 4602 Καὶ
733 4548 858 4616 λέγε
903 4548 991 4615 σὺ,
1024 4546 1178 4616 φησι,
1206 4545 1304 4608 τὰς
1330 4543 1600 4615 ἁμαρτίας
1629 4560 1723 4596 σου

1863 4573 1911 4610 π
1941 4562 2015 4608 est
2049 4553 2130 4606 sui
2152 4551 2217 4616 ⁸⁸,
2250 4557 2304 4605 ιιι
2328 4548 2497 4619 prior,
2519 4545 2735 4615 inquit,
2757 4551 3007 4598 enarrato
3036 4548 3252 4612 peccata
3277 4550 3394 4594 tua.

160 4661 395 4714 πρωτος.

233 4733 409 4801 Ὑπὲρ
441 4733 665 4799 ταύτης
689 4728 1078 4799 προσεύξεται
1107 4725 1256 4795 πρὸς
1288 4725 1363 4778 σὲ
1389 4723 1505 4789 πᾶς
1536 4723 1723 4789 ὅσιος.

170 4824 339 4896 ’Υπὲρ
386 4824 489 4894 τῆς
539 4824 690 4894 ἐμοὶ,
756 4821 907 4892 φησὶ,
961 4815 1403 4890 συγχωρηθείσης
1456 4814 1727 4885 ἁμαρτίας

159 4916 384 4980 ἕκαστος
430 4915 538 4970 τῶν
577 4914 739 4968 ὁσίων
782 4930 862 4966 σοι
906 4911 1133 4976 εὔξεται.
1174 4908 1277 4961 Δύο
1307 4907 1363 4960 δὲ
1408 4906 1495 4960 διὰ
1523 4906 1726 4959 τούτων

166 5008 433 5077 σημαίνειο
463 5007 498 5078 ἢ
525 5006 607 5059 ὅτι
638 5003 941 5072 ὑπόδειγμα
969 5004 1101 5055 πᾶσι
1131 4998 1413 5071 μετανοίας
1441 4991 1655 5069 ἔσομαι,
1691 4996 1724 5067 ἢ

165 5095 675 5169 πρῳητικώτερον,
721 5093 810 5148 διὰ
860 5094 920 5146 τὸ
979 5093 1037 5158 ἐξ
1079 5089 1242 5145 αὑτοῦ
1298 5087 1390 5142 τοῦ
1436 5086 1724 5159 προσώπου

169 5186 321 5241 Δαυῒδ
366 5188 543 5241 πάντα
588 5186 657 5240 τὰ
698 5184 826 5255 ἔθνη
869 5183 1006 5237 κατὰ
1043 5181 1267 5252 καιροὺς
1294 5178 1724 5250 ἐξομολογεῖσθαι

170 5281 299 5354 ὑπὲρ
327 5283 425 5353 τῆς
464 5281 744 5354 ἁμαρτίας
788 5277 969 5332 αυτοῦ.
1008 5275 1182 5343 Πλὴν
1223 5275 1293 5328 ἐν
1324 5270 1725 5341 κατακλυσμῷ

172 5372 384 5427 ὑδάτων
408 5373 661 5430 πολλῶν
706 5370 855 5439 πρὸς
901 5367 1085 5423 αὐτὸν
1118 5368 1228 5420 οὐκ
1265 5363 1589 5436 ἐγτιοῦσιν.
1622 5362 1725 5416 Τὸν

181 5467 536 5535 μετανοοῦντα,
592 5464 766 5536 φησὶ,
835 5461 1033 5531 πλῆθος
1084 5457 1402 5531 πειρασμῶν
1454 5455 1551 5509 οὐκ
1604 5457 1722 5507 ἐπι-

176 5573 356 5615 κλυσει.

1895 4705 1948 4759 6.
1994 4702 2100 4756 Pro
2126 4703 2224 4754 hac
2250 4700 2419 4755 orabit
2453 4699 2522 4752 ad
2555 4707 2605 4752 te
2629 4697 2796 4750 omnis
2826 4706 3062 4751 sanctus.
3103 4693 3211 4750 Pro
3233 4695 3393 4750 venia

1826 4795 2053 4867 peccati,
2084 4793 2281 4862 inquit,
2305 4791 2438 4845 mihi
2464 4803 2747 4852 concessa,
2778 4786 2958 4842 omnis
2987 4796 3210 4842 sanctus
3243 4786 3309 4841 ad
3338 4796 3390 4842 te

1827 4887 2023 4943 orabit.
2093 4883 2212 4939 Duo
2260 4891 2441 4937 autem
2492 4881 2643 4936 hisce
2683 4879 2865 4935 verbis
2922 4879 3192 4949 significat
3243 4897 3257 4933 :
3305 4881 3387 4934 vel

1826 4974 2081 5031 omnibus
2102 4972 2430 5044 paenitentiae
2444 4970 2718 5040 exemplar
2740 4985 2870 5037 ero;
2891 4970 2974 5024 vel
2997 4970 3143 5040 quod
3170 4969 3236 5025 ad
3262 4985 3390 5041 pro-

1827 5067 2023 5137 phetia:
2049 5066 2315 5121 rationem
2357 5062 2533 5133 magis
2557 5062 2786 5128 accedit,
2814 5061 2941 5132 quia
2970 5061 3213 5116 futurum
3244 5072 3386 5115 esset

1827 5171 1883 5216 ut
1913 5176 1980 5216 ex
2012 5174 2240 5231 persona
2265 5158 2438 5228 ipsius
2466 5156 2633 5211 David
2663 5170 2854 5212 omnes
2875 5169 3067 5227 gentes
3098 5156 3214 5212 suis
3256 5164 3393 5208 tem-

1824 5254 2047 5323 poribus
2088 5251 2472 5306 confiterentur
2519 5263 2617 5320 pro
2663 5258 2885 5319 peccato
2931 5247 3071 5316 ejus.
3134 5244 3384 5314 (Scilicet

1825 5349 1959 5401 hunc
2004 5344 2270 5409 recitando
2319 5342 2636 5415 psalmum.)
2691 5339 3051 5395 Verumtamen
3098 5339 3153 5390 in
3186 5333 3387 5388 diluvio

1824 5454 2084 5510 aquarum
2147 5439 2438 5491 multarum
2489 5436 2557 5489 ad
2598 5450 2717 5489 eum
2767 5448 2870 5486 non
2923 5426 3391 5497 approximabunt.

1734 5562 1742 5569 ε
1822 5529 2204 5587 Paenitentiam
2239 5536 2519 5599 agentem,
2568 5525 2778 5600 inquit,
2806 5518 3094 5579 multitudo
3127 5526 3378 5576 lentatu-

1825 5641 1895 5681 nu
1905 5640 1952 5679 ιιι
1988 5640 2095 5679 non
2129 5623 2339 5679 obruet.

219 5766 258 5797 “
282 5760 432 5815 Prov.
468 5773 629 5824 xvltt,
658 5755 685 5808 l
700 5753 752 5806 7.
