3944 6220
490 325 592 377 165

1326 321 1384 378 S.
1425 320 1792 376 ATHANASH
1838 319 1988 374 OPP.
2029 313 2207 370 PARS
2241 313 2328 369 lll.
2369 340 2434 352 —
2474 312 2879 369 EXEGETICA.

3607 313 3713 368 ιει

559 437 610 491 7.
639 435 715 490 Tu
746 453 797 490 es
821 437 1076 505 refugium
1107 451 1296 499 meum,
1319 443 1423 490 etc.
1451 435 1585 488 Cum
1621 435 1706 487 illa
1741 433 1806 486 de
1831 441 2050 501 peccato

2223 430 2304 481 Σύ
2343 446 2461 496 μου
2506 426 2836 495 καταφυγή.
2884 426 3094 478 Ἐκεῖνα
3139 425 3266 497 περὶ
3304 427 3403 497 τῆς
3437 427 3712 501 ἁμαρτίας

488 529 734 591 dixisset,
769 536 924 596 rogat
960 542 989 580 a
1034 525 1192 580 malis
1234 539 1328 594 per
1368 541 1486 578 eam
1536 524 1759 578 invectis
1789 524 1943 591 eripi.
1986 521 2052 574 Et

489 633 619 672 vero
661 617 894 687 gratiosa
935 617 1094 670 datur
1138 615 1418 684 responsio
1461 633 1475 668 :
1526 615 1602 667 ait
1647 614 1790 667 enim
1838 613 1913 666 illi
1960 612 2052 665 be-

489 711 687 780 nignus
721 708 980 763 Dominus
1005 727 1018 762 :
1047 706 1378 760 Intellectum
1413 705 1510 760 tibi
1539 707 1694 770 dabo,
1717 716 1761 758 et
1794 707 2051 758 instruant

493 810 541 854 te
572 802 626 854 in
658 802 744 855 via
777 802 896 854 hac.
941 799 1147 854 Petenti
1177 799 1546 854 liberationem
1592 799 1658 852 ab
1693 797 1927 851 inimicis
1967 812 2050 848 re-

493 894 720 961 spondet
747 891 908 955 Deus,
943 891 1262 960 promittens
1288 905 1346 944 sc
1386 889 1460 942 illi
1489 889 1541 941 in
1572 888 1654 941 via
1691 895 1834 940 recta
1860 887 2048 940 ducem

494 983 759 1037 futurum.

564 1071 618 1126 9.
659 1071 838 1126 Nolite
866 1071 982 1139 ﬁeri
1005 1071 1142 1123 sicut
1166 1085 1326 1139 equus
1360 1076 1408 1122 et
1433 1067 1626 1130 mulus,
1652 1066 1832 1136 quibus
1857 1082 1956 1119 non
1975 1073 2050 1118 est

493 1163 806 1217 intellectus.
856 1161 1113 1216 Hortatur
1155 1169 1466 1230 peccantes,
1514 1174 1579 1212 ne
1623 1174 1680 1212 se
1718 1158 1955 1212 efferatis
2000 1164 2054 1210 et

495 1251 746 1304 belluinis
787 1251 1030 1304 moribus
1073 1249 1287 1303 dedant.
1327 1247 1392 1300 In
1424 1264 1571 1300 camo
1602 1257 1649 1300 et
1684 1249 1830 1316 freno
1861 1245 2053 1299 maxil-

495 1341 576 1394 las
635 1358 813 1396 eorum
868 1343 1208 1412 constringes.
1266 1341 1376 1394 Ceu
1426 1341 1490 1394 ad
1538 1340 1824 1393 Dominum
1876 1351 2053 1392 sermo

495 1429 762 1501 dirigitur.
823 1431 1142 1500 liujnsmodi
1201 1440 1377 1485 autem
1445 1430 1706 1484 sententia
1759 1438 1841 1483 est
1886 1447 1898 1480 :
1948 1427 2052 1482 Eos

496 1523 588 1590 qui
633 1523 894 1592 paenitere
941 1525 1248 1590 noluerint,
1299 1538 1396 1577 ceu
1442 1523 1674 1591 quodam
1709 1521 1860 1575 freno
1898 1519 1962 1573 ad
2003 1526 2054 1573 te

567 1632 768 1668 nverte.
1512 1645 1516 1650 ·

497 1629 634 1668 conv
672 1632 694 1668 r
755 1655 768 1668 .
1512 1645 1516 1650 -

497 1624 835 1759 15.42.;st
875 1705 1072 1769 David,
1105 1705 1195 1775 qui
1235 1714 1377 1757 caret
1418 1704 1570 1757 titulo
1604 1703 1741 1772 apud
1785 1701 2053 1756 Hebraeos.

1153 1793 1401 1847 XXXII.

1078 1884 1475 1954 Argumentum.

498 1973 554 2025 In
591 1977 839 2043 praesenti
889 1975 1047 2029 docet
1092 1989 1187 2029 eos
1217 1975 1309 2042 qui
1349 1975 1458 2043 jam
1495 1973 1548 2026 in
1575 1973 1850 2027 Christum
1880 1972 2054 2027 credi-

568 2065 763 2119 derunt
804 2065 1022 2119 laudare
1069 2063 1356 2118 Dominum
1399 2079 1588 2126 suum,
1620 2074 2054 2117 commonstrans

571 2164 827 2222 praeterea
879 2155 1160 2224 potestatis
1194 2170 1305 2208 suae
1353 2153 1758 2219 excellentiam;
1799 2153 2055 2222 quoniam

569 2247 685 2314 ipse
724 2245 1028 2314 redemptor
1067 2255 1150 2299 est
1179 2243 1554 2297 universorum
1581 2283 1597 2308 ,
1631 2243 1744 2311 ipse
1775 2242 2055 2303 Dominus,

572 2337 687 2404 ipse
734 2337 1013 2405 improbos
1061 2336 1215 2389 nihili
1261 2334 1423 2399 facit,
1459 2349 1754 2403 eorumque
1791 2333 2058 2388 disturbat

565 2426 825 2491 consilia;
851 2435 1128 2495 sperantes
1162 2435 1341 2479 autem
1378 2425 1431 2478 in
1463 2440 1522 2479 se
1553 2424 1731 2479 salvos
1767 2422 1914 2480 facit.

571 2517 623 2569 1.
666 2515 946 2570 Ezsnltate
968 2555 982 2580 ,
1008 2517 1177 2586 justi,
1203 2519 1260 2570 in
1284 2515 1578 2570 Domina...
1610 2517 1667 2569 in
1691 2517 1942 2584 psalterio
1969 2515 2058 2569 de-

501 2623 610 2660 cem
633 2608 948 2662 chordarum
985 2609 1193 2678 psallite
1220 2608 1319 2661 illi.
1345 2607 1667 2663 Psalterium
1693 2608 1874 2662 decem
1899 2607 2059 2661 chor-

502 2701 697 2758 darum
749 2716 948 2770 corpus
993 2709 1149 2755 vocat
1194 2718 1207 2753 :
1263 2701 1461 2769 quippe
1511 2700 1654 2769 quod
1701 2699 1940 2768 quinque
1990 2698 2061 2752 sit

504 2791 753 2845 sensibus
798 2791 1116 2859 praeditum,
1151 2799 1204 2844 et
1247 2792 1391 2859 quod
1427 2791 1670 2860 quinque
1717 2791 2059 2860 operationes

503 2881 682 2934 anima
711 2881 924 2943 habeat,
957 2896 1050 2950 per
1075 2881 1316 2952 singulos
1345 2897 1580 2951 namque
1609 2898 1804 2937 sensus
1836 2882 2061 2953 singulae

503 2971 844 3039 operationes
875 2972 1202 3025 excitantur.

572 3063 626 3116 5.
663 3059 884 3116 Cantate
913 3063 960 3116 ei
987 3064 1248 3116 canticum
1276 3078 1481 3117 novum.
1507 3063 1704 3133 Aperte
1731 3062 1860 3118 dicit
1888 3063 2056 3133 legem

505 3152 668 3208 Hosis
699 3153 858 3207 tinem
885 3154 1178 3223 accepisse.

573 3242 628 3298 4.
671 3244 808 3308 Quia
835 3255 1031 3298 rectum
1059 3253 1134 3296 est
1159 3243 1370 3297 verbum
1398 3243 1632 3298 Domini.
1681 3244 2059 3317 Evangelicum

504 3334 769 3388 videlicet.
817 3338 886 3388 Et
913 3336 1087 3388 omnia
1117 3353 1273 3406 opera
1317 3336 1427 3405 ejus
1458 3337 1512 3389 in
1538 3337 1660 3404 ﬁde.
1696 3337 2058 3401 Credendum,

505 3423 700 3492 inquit,
741 3423 808 3478 iis
837 3439 957 3492 quae
983 3424 1092 3487 ille,
1130 3425 1368 3479 utDeum
1397 3425 1644 3490 decebat,
1677 3435 1938 3496 operatus
1955 3437 2057 3482 est.

572 3603 626 3657 5.
667 3601 854 3673 Diligit
912 3604 1321 3658 misericordiam
1383 3615 1434 3659 et
1475 3606 1741 3675 judicium
1782 3606 2058 3661 Dominus.

506 3694 648 3758 llaec,
680 3695 856 3766 inquit
879 3737 894 3759 ,
929 3698 1163 3764 postulat
1201 3698 1269 3752 ab
1298 3698 1365 3753 iis
1391 3700 1484 3768 qui
1517 3700 1746 3754 credunt
1775 3700 1828 3754 in
1861 3701 2058 3770 ipsum.

506 3787 874 3842 Misericordia
901 3789 1114 3843 Domini
1145 3789 1300 3859 plena
1331 3801 1406 3846 est
1445 3801 1606 3846 terra.
1643 3790 1939 3848 Ostendere
1974 3794 2062 3847 in-

501 3879 631 3950 cipit
653 3880 829 3950 ipsum
853 3896 1032 3936 rerum
1060 3883 1305 3937 omnium
1327 3891 1635 3939 creatarum
1657 3884 1900 3954 opiﬁcem
1917 3900 2058 3950 esse,

500 3981 555 4026 et
593 3973 808 4041 quidem
857 3973 1090 4042 printum
1138 3983 1296 4028 terrae
1335 3989 1497 4043 quam
1547 3973 1919 4031 misericordia
1973 3989 2060 4028 re-

500 4061 676 4132 plesse
705 4062 781 4119 ait
821 4078 835 4118 :
884 4078 1059 4131 neque
1101 4064 1245 4118 enim
1290 4065 1426 4118 alias
1476 4065 1827 4132 consisteret,
1859 4064 1963 4119 uisi
1997 4079 2060 4118 ea

502 4153 702 4220 repleta
731 4162 894 4208 esset.
930 4153 995 4208 Et
1038 4170 1168 4209 sane
1209 4170 1386 4224 neque
1418 4156 1543 4210 caeli
1588 4171 1826 4225 unquam
1857 4156 2062 4210 consti-

502 4244 695 4298 tissent
715 4284 731 4310 ,
759 4245 863 4298 nisi
892 4246 1056 4298 verbo
1082 4246 1200 4314 ejus
1229 4245 1428 4299 firmati
1467 4247 1727 4313 fuissent,
1768 4247 2060 4315 itidemque

500 4332 727 4387 virtutes
751 4348 936 4388 eorum
956 4371 972 4397 ,
1007 4348 1198 4402 nempe
1225 4333 1420 4390 divinae
1451 4345 1504 4390 et
1534 4335 1900 4390 rationabiles.

572 4503 780 4574 [Diligit
829 4505 1012 4574 itaque
1061 4504 1486 4561 misericordiam
1521 4521 1647 4576 erga
1695 4503 2050 4574 pmnitentes;

499 4595 673 4665 diligit
699 4596 961 4665 judicium
996 4611 1182 4650 eorum
1224 4598 1318 4667 qui
1359 4613 1584 4667 peccare
1615 4612 1722 4650 non
1763 4595 2050 4650 desistunt.

501 4685 630 4740 Tale
662 4687 932 4757 quidpiam
966 4686 1130 4742 Isaias
1155 4687 1264 4743 Deo
1291 4689 1552 4758 loquitur,
1588 4687 1728 4752 Quia
1757 4687 2054 4740 misericor-

498 4777 591 4829 dia
616 4787 707 4830 tua
732 4779 786 4830 in
809 4795 1107 4832 mensuram
1132 4779 1215 4832 ‘9:
1249 4779 1517 4849 siquidem
1554 4779 1669 4848 ipse
1693 4792 1817 4832 cum
1849 4776 2052 4847 judicio

496 4867 922 4923 misericordiam
967 4877 1224 4940 praestat,
1275 4871 1328 4924 iu
1363 4871 1600 4940 pondere
1624 4878 1678 4924 et
1704 4883 1931 4923 numero
1968 4884 2052 4923 re-

498 4958 738 5013 tribuens
766 4975 863 5028 pro
891 4961 1156 5030 cujusque
1182 4960 1426 5032 merito.]

562 5053 615 5106 6.
671 5052 831 5107 Verbo
856 5054 1069 5108 Domini
1091 5055 1205 5108 caeli
1235 5057 1437 5124 ﬁrmati
1465 5065 1605 5110 sunt.
1633 5054 1698 5110 Et
1727 5056 1814 5111 hic
1834 5072 2050 5127 quoque

494 5159 680 5203 sancta
707 5147 943 5204 Trinitas
967 5149 1294 5204 declaratur.
1316 5149 1384 5203 Et
1408 5151 1595 5220 spiritu
1621 5152 1727 5205 oris
1746 5151 1858 5221 ejus
1880 5153 2048 5204 omnis

493 5241 658 5293 uirtus
704 5256 904 5293 eorum.
948 5241 1021 5295 Os
1060 5240 1154 5294 Dei
1193 5239 1452 5310 Spiritum
1486 5253 1734 5298 sanctum
1764 5243 1896 5298 dicit
1926 5262 1938 5298 :
1972 5243 2048 5297 sic

492 5332 710 5399 quidem
742 5333 1013 5400 prophetae
1056 5347 1178 5384 cum
1211 5347 1276 5386 eo
1321 5332 1533 5388 amante
1563 5335 1932 5405 loquerentur,
1967 5336 2048 5390 di-

493 5422 771 5488 cebant",
797 5422 1043 5491 quoniam
1077 5439 1133 5474 os
1172 5422 1380 5476 Domini
1413 5425 1521 5479 haec
1545 5426 1774 5479 locutum
1806 5437 1902 5480 est.

563 5595 611 5648 7.
655 5595 982 5669 Congregans
1011 5603 1144 5656 sicut
1178 5604 1228 5658 in
1259 5616 1370 5659 utre
1406 5623 1570 5676 aquas
1597 5610 1779 5664 maris.
1809 5609 2046 5680 Congre-

562 5708 605 5738 ⁶⁹
633 5707 734 5766 lsa.
768 5728 958 5778 xxvnt,
996 5715 1078 5770 17.
1159 5718 1201 5750 ⁷⁸
1235 5716 1338 5774 Isa.
1373 5736 1410 5789 t,
1433 5720 1523 5776 ‘20.

2150 517 2420 588 εἰρηκὼς,
2469 517 2695 570 ἱκετεύει
2752 516 2858 568 τῶν
2914 516 3002 570 διὰ
3055 517 3258 588 ταύτην
3315 520 3712 590 ἐπενεχθέντων

2153 606 2529 675 ἀπαλλαγῆναι
2576 605 2780 658 κακῶν.
2814 606 2922 657 Καὶ
2959 605 3136 674 μέντοι
3175 607 3267 658 καὶ
3309 607 3564 676 τυγχάνει
3607 610 3712 679 τῆς

2151 696 2521 766 ἀποκρίσεως·
2557 695 2702 763 λέγει
2755 695 2862 766 γὰρ
2930 695 3066 766 πρὸς
3121 695 3279 748 αὐτὸν
3334 697 3714 771 φιλάνθρωπος

2153 786 2351 856 Κύριος
2372 803 2385 816 ·
2423 784 2675 838 Συνετιῶ
2701 801 2772 839 σε
2825 785 2916 838 καί
2952 786 3212 855 σινμὸιὸιῦ
3241 803 3314 842 σε
3339 789 3408 842 ἐν
3435 789 3551 856 όδῷ
3575 793 3716 846 ταύ-

2151 893 2242 943 τῃ.
2272 875 2564 945 Εύξαμένῳ
2588 875 2854 946 λύτρωσιν
2882 873 3087 945 ἐχθρῶν
3113 875 3526 944 ἀντιφθέγγεται
3553 877 3709 942 Θεὸς,

2151 967 2428 1037 ὀδηγήσειν
2456 965 2913 1036 ἐπαγγελλόμενος
2937 967 2993 1017 ἐν
3025 965 3205 1036 εὐθείᾳ
3241 966 3362 1036 ὁδῷ.

2220 1057 2317 1125 Μὴ
2360 1058 2632 1126 γίνεσθαι
2672 1059 2752 1122 ὠς
2798 1058 2980 1122 ἵππος
3021 1057 3117 1110 καὶ
3158 1058 3436 1125 ἡμίονος,
3465 1053 3555 1123 οἷς
3601 1061 3714 1114 οὐκ

2153 1149 2283 1204 ἔστι
2328 1150 2600 1215 σύνεσις.
2643 1151 2954 1220 Εἰσηγεῖται
3004 1153 3115 1212 τοῖς
3165 1150 3561 1220 ἁμαρτάνουσι,
3600 1155 3716 1215 τοῖς

2154 1239 2369 1302 ἀλόγοις
2405 1239 2479 1309 μὴ
2519 1238 2778 1291 ἐκδιδόναι
2815 1239 3007 1302 αὐτοὺς
3034 1240 3247 1293 πάθεσι.
3293 1241 3387 1292 Ἐν
3417 1240 3582 1309 κημῷ
3613 1244 3713 1295 καὶ

2154 1326 2380 1396 χαλινῷ
2411 1327 2517 1392 τὰς
2540 1329 2827 1396 σιαγόνας
2853 1326 3050 1380 αὐτῶν
3077 1327 3295 1395 ἄγξεις.
3336 1328 3420 1390 Ὠς
3450 1329 3584 1399 πρὸς
3621 1330 3715 1381 τὸν

2154 1419 2355 1490 Κύριον
2379 1420 2407 1470 ὁ
2437 1417 2609 1486 λόγος.
2645 1419 2710 1470 Ὃ
2743 1418 2799 1470 δὲ
2831 1419 2998 1486 λέγει,
3035 1418 3266 1471 τοιοῦτόν
3303 1421 3438 1472 ἐστι·
3463 1420 3597 1482 Τοὺς
3638 1421 3715 1490 μὴ

2158 1509 2506 1579 βουλομένους
2553 1511 2830 1579 μετανοεῖν
2874 1505 2962 1564 οἶά
3009 1528 3114 1563 τινι
3155 1511 3352 1581 χαλινῴ
3393 1511 3715 1582 ὲπίστρεψον

2157 1601 2290 1673 πρὸς
2319 1601 2526 1655 ἐαυτόν.

2309 1692 2614 1745 ΨΑΛΜΟΣ
2656 1691 2736 1756 τῷ
2776 1692 2955 1745 sane
2994 1693 3392 1761 ἀνεπίγραφος
3441 1696 3573 1762 παρ’

2705 1783 3007 1850 Ἑϐραίοις.
3048 1788 3178 1838 AB’.

2774 1875 3098 1940 Ὑπόθεσις.

2167 1965 2253 2019 Ἐν
2281 1964 2452 2036 τούτῳ
2484 1964 2720 2018 διδάσκει
2756 1965 2881 2028 τοὺς
2922 1965 3020 2037 ἤδη
3056 1966 3445 2032 πιστεύσαντας
3477 1971 3556 2032 είς
3579 1968 3717 2038 Χρι-

2227 2057 2368 2120 στὸν,
2395 2058 2560 2109 αἰνεῖν
2585 2056 2673 2108 τὸν
2699 2057 2901 2108 ἐαυτῶν
2929 2059 3222 2129 Δεσπότην,
3238 2059 3500 2113 διδάσκων
3524 2059 3719 2123 αὐτοὺς

2232 2151 2347 2220 ἅμα
2377 2153 2476 2220 τῆς
2507 2148 2786 2218 δυνάμεως
2816 2148 2976 2201 αὑτοῦ
3001 2151 3098 2221 τὴν
3133 2151 3418 2223 ὑπεροχὴν,
3452 2153 3532 2205 δτι
3557 2151 3719 2216 αὐτὸς

2230 2239 2427 2311 ρύστης
2456 2239 2561 2291 τῶν
2606 2238 2760 2303 ὅλων,
2797 2239 2960 2302 αὐτὸς
2995 2241 3220 2312 Κύριος,
3255 2243 3414 2306 αὐτὸς
3451 2243 3571 2306 τοδε,
3619 2243 3718 2312 μὲν

2228 2330 2494 2401 πονηροὺς
2518 2329 2804 2395 ἐξουθενεῖ,
2836 2331 2928 2383 καὶ
2958 2331 3395 2388 διασκεδάννυσιν
3418 2333 3594 2388 αὐτῶν
3621 2335 3721 2397 τὰς

2233 2420 2446 2490 βουλὰς,
2477 2420 2606 2483 τοὺς
2635 2420 2690 2472 δὲ
2718 2421 3032 2487 ἐλπίζοντας
3065 2425 3150 2477 ἐπ’
3176 2426 3336 2480 αὐτὸν
3360 2424 3538 2491 σώζει.

2242 2511 2655 2581 Ἀγαλλιᾶσθε,
2688 2511 2934 2578 δίκαιοι,
2964 2515 3033 2568 ἐν
3060 2517 3255 2584 Κιιρίῳ
3298 2556 3313 2570 .
3359 2559 3372 2572 .
3415 2557 3429 2570 .
3475 2559 3488 2572 .
3535 2557 3550 2572 .
3595 2556 3609 2570 .
3649 2518 3722 2572 ἐν

2157 2603 2465 2672 ψαλτηρίῳ
2506 2601 2843 2670 δεκαχόρδῳ
2885 2602 3119 2671 ψάλατε
3162 2605 3340 2671 αὐτῷ.
3391 2607 3724 2681 Δεκάχορδον

2156 2695 2452 2766 ψαλτήριον
2473 2693 2534 2745 τὸ
2556 2691 2714 2762 σῶμά
2746 2709 2929 2764 φησιν,
2957 2695 3052 2747 ἆτε
3083 2695 3241 2748 πέντε
3269 2697 3543 2769 αἰσθήσεις
3574 2697 3719 2769 ἔχον,

2159 2790 2252 2842 καὶ
2289 2788 2444 2841 πέντε
2492 2786 2767 2856 ἐνεργείας
2799 2787 2996 2857 ψυχῆς,
3035 2788 3102 2842 δι’
3150 2790 3382 2862 ἑκάστης
3413 2790 3722 2860 αἰσθήσεως

2158 2880 2442 2950 γινομένης
2470 2881 2747 2950 ἐνεργείας
2774 2882 3029 2953 ἑκάστης.
3087 2909 3093 2926 ι

2232 3059 2451 3127 ’ᾼσατε
2479 3057 2636 3123 αὐτῷ
2663 3052 2826 3128 ᾆσμα
2862 3063 3090 3114 καινόν.
3118 3061 3310 3130 Σαφῶς
3339 3061 3428 3115 τὸν
3461 3061 3548 3114 διὰ
3589 3063 3722 3115 Μω-

2162 3150 2298 3212 σέως
2327 3151 2484 3220 νόμον
2515 3150 2664 3214 τέλος
2696 3151 2984 3221 ἐσχηκέναι
3014 3153 3196 3222 φησίν.

2233 3241 2352 3292 ’Ότι
2380 3239 2558 3305 εὐθὺς
2585 3243 2616 3293 ό
2637 3242 2820 3309 λόγος
2849 3241 2954 3294 τοῦ
2987 3241 3227 3308 Κυρίου.
3268 3241 3324 3294 Ὀ
3375 3242 3724 3311 εὐαγγελικὸς

2159 3330 2414 3400 δηλονότι.
2441 3331 2547 3384 Καὶ
2583 3329 2775 3384 πάντα
2803 3330 2874 3383 τὰ
2906 3331 3047 3401 ἔργα
3081 3332 3264 3386 αὐτοῦ
3291 3333 3359 3385 ἐν
3385 3335 3604 3388 πίστει.
3633 3335 3721 3386 11t-

2163 3423 2368 3474 στεύειν
2396 3421 2493 3487 δεῖ,
2525 3423 2676 3491 φησὶ,
2699 3424 2810 3485 τοῖς
2838 3422 2902 3474 δι’
2933 3421 3095 3475 αὑτοῦ
3127 3422 3443 3495 θεοπρεπῶς
3474 3427 3724 3497 ἐνεργου-

2165 3513 2362 3582 μένοις.

2244 3601 2458 3673 Ἀγαπᾷ
2508 3604 2926 3672 ἐλεημοσύνην
2989 3606 3088 3658 καὶ
3142 3608 3343 3675 κρίσιν
3397 3611 3431 3662 ό
3486 3611 3720 3678 Κύριος.

2162 3695 2365 3761 Ταῦτα,
2398 3696 2582 3765 φησὶν,
2616 3697 2836 3750 ἀπαιτεῖ
2876 3700 3002 3763 τοὺς
3033 3701 3113 3763 εἰς
3155 3701 3314 3753 αὑτὸν
3346 3703 3721 3768 πιστεύοντας.

2167 3785 2274 3839 Τοῦ
2322 3785 2530 3850 ἐλέους
2571 3788 2790 3854 Κυρίου
2824 3790 3060 3858 πλήρης
3104 3792 3142 3858 ἠ
3328 3794 3583 3863 ’Δρχεται
3628 3795 3722 3848 τοῦ

2161 3873 2254 3927 καὶ
2287 3874 2514 3944 ποιητὴν
2558 3874 2686 3928 ὄντα
2716 3875 2875 3930 αὐτὸν
2907 3879 3006 3947 τῆς
3051 3880 3232 3950 πάσης
3261 3881 3488 3945 κτίσεως
3513 3882 3723 3937 δεικνύ-

2160 3983 2268 4030 ναι,
2315 3965 2407 4018 καὶ
2456 3967 2562 4035 πρό
2603 3984 2665 4035 γε
2704 3969 2801 4038 τῆς
2834 3969 2936 4040 γῆς
2967 3970 3034 4040 ἢν
3081 3971 3174 4023 καὶ
3217 3971 3398 4035 ἐλέους
3436 3974 3726 4045 πληρῶσαί

2160 4073 2342 4126 φησιν·
2370 4057 2463 4110 καὶ
2489 4059 2587 4110 οὐκ
2618 4058 2682 4112 ἂν
2707 4060 2879 4123 άλλως
2905 4063 3286 4134 συνεστηκέναι
3318 4066 3391 4136 μὴ
3413 4064 3600 4120 τούτου
3630 4069 3722 4132 γέ-

2163 4164 2356 4218 μουσα.
2409 4148 2623 4218 Ἀμέλει
2664 4151 2757 4202 καὶ
2800 4152 2850 4203 οἱ
2893 4153 3108 4224 οὐρανοὶ
3150 4155 3249 4208 οὐκ
3293 4157 3357 4210 ἄν
3404 4175 3531 4211 ποτε
3594 4176 3722 4213 συν-

2158 4238 2409 4308 έστησαν.
2439 4239 2487 4291 εἰ
2516 4239 2588 4310 μὴ
2620 4239 2693 4310 τῷ
2720 4240 2862 4312 λόγῳ
2890 4243 3051 4296 αὐτοῦ
3079 4244 3472 4316 διεκρατοῦντο,
3497 4250 3586 4303 καὶ
3613 4250 3722 4322 μὴν

2158 4330 2250 4381 καὶ
2280 4330 2335 4381 αί
2365 4329 2617 4400 δυνάμεις
2649 4331 2856 4398 αὐτῶν,
2898 4334 3173 4387 τουτέστιν
3205 4337 3260 4388 αἱ
3307 4336 3446 4390 θεῖαι
3494 4339 3586 4391 καὶ
3632 4339 3722 4392 λο-

2084 4447 2130 4502 D
2157 4421 2328 4485 γικαί.

2229 4510 2476 4584 [Ἀγαπᾷ
2507 4507 2599 4568 οὖν
2624 4513 2988 4587 ἐλεημοσύνην
3030 4517 3121 4568 ἐπὶ
3157 4516 3264 4570 τῶν
3294 4517 3714 4588 μετανοούντων·

2152 4601 2339 4670 ἀγαπᾷ
2369 4601 2424 4653 δὲ
2455 4601 2631 4672 κρίσιν
2663 4603 2756 4656 ἐπὶ
2781 4604 2888 4656 τῶν
2916 4605 3225 4659 ἀνενδότων.
3255 4607 3505 4662 Τοιοῦτον
3535 4609 3592 4661 δὲ
3622 4610 3720 4664 καὶ

2150 4692 2178 4742 ὁ
2215 4691 2438 4754 Ἡσαΐας
2468 4691 2614 4759 λέγει
2654 4691 2732 4762 τῷ
2771 4693 2919 4764 Θεῷ·
2948 4695 3068 4748 Ὅτι
3101 4697 3138 4763 ἡ
3173 4697 3549 4766 ἐλεημοσύνη
3595 4716 3719 4757 σου

2149 4783 2235 4845 εὶς
2285 4783 2584 4851 σταθμόν·
2620 4785 2712 4836 καὶ
2757 4784 2864 4858 γὰρ
2904 4786 3151 4850 κάκεῖνος
3186 4787 3283 4859 τὴν
3316 4788 3452 4860 μετὰ
3480 4791 3718 4861 κρίσεως

2151 4872 2514 4943 ἐλεημοσύνην
2541 4873 2856 4946 παρίστησι,
2889 4876 3037 4948 ζυγῷ
3065 4878 3159 4932 καὶ
3193 4879 3410 4950 ἀριθμῷ
3443 4881 3584 4934 κατὰ
3613 4884 3718 4953 τὴν

2149 4964 2377 5017 ἑκάστου
2411 4963 2566 5030 ἀξίαν
2594 4966 2912 5039 ὰντιμετρού
2921 4967 3125 5040 μενος.]
3679 4959 3683 4963 Δ

2223 5056 2306 5122 Τῷ
2361 5059 2519 5126 λόγῳ
2574 5059 2794 5126 Κυρίου
2845 5062 2898 5112 οὶ
2947 5061 3186 5127 οἱφανοὶ
3242 5060 3712 5129 ἐστερεώθησαν.

2148 5148 2385 5220 Δήλωσις
2413 5148 2688 5203 κάνταῦθα
2708 5151 2806 5220 τῆς
2837 5151 2996 5220 ἁγίας
3026 5153 3272 5223 Τριάδος,
3303 5154 3409 5208 Καὶ
3435 5147 3516 5220 τῷ
3540 5159 3718 5210 arcti:

2141 5255 2282 5305 ματι
2321 5239 2427 5292 τοῦ
2474 5240 2767 5306 στόματος
2814 5239 2999 5292 αὑτοῦ
3047 5240 3215 5294 πᾶσα
3251 5241 3290 5307 ἡ
3324 5241 3572 5311 δύναμις
3600 5245 3716 5297 αὐ-

2147 5325 2283 5379 τῶν.
2315 5327 2493 5397 Στόμα
2529 5327 2662 5380 Θεοῦ
2697 5327 2755 5380 τὸ
2782 5327 3003 5399 Πνεῦμα
3047 5329 3107 5382 τὸ
3140 5331 3291 5399 ἆγιον
3329 5332 3494 5402 λέγει⁸
3528 5336 3577 5387 o‘i
3602 5335 3715 5405 γὰρ

2148 5418 2422 5488 προφῆται
2445 5420 2511 5471 δι’
2541 5418 2701 5472 αὑτοῦ
2727 5420 3006 5486 λαλοῦντες
3031 5421 3212 5491 ἔλεγον
3235 5441 3248 5454 ο
3279 5425 3397 5476 Ὅτι
3424 5425 3492 5479 τὸ
3519 5430 3717 5497 στόμα

2145 5511 2364 5578 Κυρίου
2393 5513 2659 5580 ἐλάλησε
2691 5514 2894 5568 ταῦτα.

2216 5601 2496 5676 Συνάγων
2536 5604 2676 5657 ὡσεὶ
2725 5605 2916 5660 ἀσκὸν
2955 5605 3141 5659 ὕδατα
3171 5607 3504 5676 θαλάσσης.
3539 5611 3714 5685 Προσ-
