3944 6220
233 321 332 378 I65

1314 313 1670 370 EXPOSITIO
1708 312 1773 367 IN
1813 313 2136 370 PSALMUM
2174 315 2404 373 XXXIII.

3357 315 3458 370 166

235 449 589 505 καλουμενος,
627 436 798 505 φησὶ,
827 435 887 487 τὸ
928 433 1069 506 ὕδωρ
1100 433 1197 504 τῆς
1227 433 1517 505 θαλάσσης,
1552 435 1801 501 καθάπερ

1917 453 2055 502 rans,
2094 438 2288 508 Inquit,
2339 436 2496 506 quasi
2529 436 2581 490 in
2611 444 2730 491 utrc
2765 436 2999 506 quodam
3035 449 3229 502 aquam
3271 435 3461 500 maris,

237 528 294 578 ἐν
321 521 474 592 ἀσκῷ
498 535 603 574 τινι
626 561 641 584 ,
671 524 793 584 ταῖς
821 521 1065 589 νεφέλαις
1094 520 1432 590 ὲπισυνέχει·
1466 521 1541 583 ὡς
1579 521 1670 572 καὶ
1702 519 1796 572 ἀλ-

239 616 400 686 λαχοῦ
444 631 627 685 φησιν’
669 615 723 666 '0
755 614 1237 683 προκαλούμενος
1270 613 1334 668 τὸ
1364 615 1518 682 ὕδωρ
1557 612 1662 680 τῆς
1694 616 1798 666 θα-

239 709 498 775 λάσσης,
529 708 627 760 καὶ
672 705 894 776 ἐκχὲων
931 705 1074 760 αὐτὸ
1111 706 1207 759 ἐπὶ
1251 707 1570 774 πρόσωπον
1600 706 1800 775 πάσης

238 801 347 868 τῆς
382 798 512 868 γῆς’
541 799 632 851 καὶ
659 797 836 851 πάλιν·
880 796 1131 866 Ἀνάγων
1161 797 1418 866 νεφέλας
1441 797 1510 862 ἐξ
1537 797 1799 867 ἐσχάτου

241 889 345 956 τῆς
375 887 504 958 τῆς.
545 888 730 954 Τιθείς
753 888 823 940 ἐν
849 887 1170 956 θησαυροῖς
1202 888 1530 954 ἀϐύσσους.
1557 888 1664 942 Καὶ
1700 887 1799 952 τὰς

241 983 504 1043 ἀϐύσσους
529 1021 544 1044 ,
581 981 746 1050 φησὶ,
779 979 1024 1050 καθάπερ
1056 981 1113 1032 ὲν
1158 979 1449 1051 θησαυροῖς
1488 977 1797 1050 σφραγίζει,

239 1076 326 1129 tua
350 1073 428 1143 μὴ
451 1071 838 1134 ἀναϐλύζουσαι
863 1071 1192 1124 ὲπικλύσωσι
1219 1073 1316 1142 τὴν
1342 1071 1508 1143 ξηράν

307 1163 624 1231 Φοϐηθήτω
645 1161 749 1214 τὸν
773 1161 987 1228 Κύριον
1013 1159 1178 1215 πᾶσα
1203 1161 1238 1228 ἠ
1269 1159 1364 1230 γῆ.
1390 1161 1620 1231 Μηκέτι,
1646 1161 1796 1231 φησι,

238 1259 345 1319 τοῖς
376 1254 666 1325 δαιμονίοις
709 1251 1028 1322 προσαγὲτω
1073 1254 1105 1323 ἡ
1135 1253 1208 1322 γῆ
1235 1253 1296 1305 τὸ
1326 1251 1506 1316 σέϐας.
1548 1253 1663 1306 Ἀπ’
1697 1255 1800 1305 αὐ-

236 1348 340 1402 τοῦ
389 1346 459 1399 δὲ
509 1344 978 1412 σαλευθήτωσαν
1017 1343 1236 1410 ,πάντες
1281 1346 1333 1397 οὶ
1383 1344 1800 1407 κατοικοῦντες

238 1441 348 1508 τὴν
374 1439 751 1509 οἰκουμένην.
795 1440 1132 1504 Ἀκούοντες,
1175 1439 1372 1508 φησὶν,
1415 1437 1578 1491 αὐτοῦ
1623 1439 1674 1490 οἱ
1703 1439 1799 1508 τὴν

237 1530 556 1601 οἰκουμένην
585 1529 857 1592 οἰκοῦντες
893 1529 1189 1600 ἅνθρωποι,
1220 1529 1321 1598 τῆς
1360 1527 1628 1600 προτέρας
1673 1529 1800 1582 στά-

240 1639 375 1684 σεως
419 1615 486 1692 ἦς
530 1616 667 1690 εἶχον
713 1619 1235 1689 εἰδωλολατροῦντες,
1267 1605 1507 1690 δὴλονότι
1539 1619 1798 1691 σαλευθή-

237 1729 414 1765 τωσαν
445 1711 522 1780 τῷ
555 1712 668 1781 ἰδίῳ
693 1710 1005 1782 δημιουργῷ
1033 1711 1414 1775 ὑπακούοντες.

1900 531 1953 584 in
1987 530 2221 584 nubibus
2256 530 2494 584 continet
2521 528 2666 582 illam
2702 546 2713 578 :
2755 527 3213 598 quemadmodum
3263 534 3315 580 et
3354 526 3463 579 alio

1900 621 2020 674 loco
2063 620 2199 673 ait"
2237 635 2249 670 :
2282 618 2385 683 Qui
2417 628 2660 671 convocat
2693 634 2882 686 aquam
2925 616 3088 669 maris
3111 655 3128 680 ,
3162 625 3206 668 et
3241 614 3464 684 effundit

1899 731 2013 768 eam
2043 729 2198 781 super
2228 712 2415 780 [aciem
2442 711 2696 764 universae
2727 719 2898 764 teme.
2928 707 2993 762 Et
3025 723 3240 763 rursum
3271 726 3284 760 :
3320 705 3467 760 Edu-
3493 747 3496 756 ι

1900 821 2016 858 cens
2061 802 2218 856 nubes
2256 802 2319 855 ab
2367 811 2594 854 extremo
2644 808 2816 852 terrm.
2860 797 3063 852 Ponens
3105 797 3157 850 in
3206 795 3463 848 thesauris

1900 896 2137 965 abyssos.
2154 893 2218 946 Et
2238 893 2482 962 ahyssos,
2505 890 2800 960 inquit,ceu
2822 889 2874 941 in
2898 887 3172 943 thesauris
3192 886 3461 955 obsignat,

1903 1000 1967 1039 ne
1998 984 2354 1039 scaturientes
2381 992 2580 1036 terram
2614 977 2897 1034 inundent.

1970 1160 2021 1212 8.
2059 1157 2258 1211 Timeat
2285 1156 2568 1209 Dominum
2590 1155 2756 1208 omnis
2782 1162 2944 1209 terra.
2968 1151 3046 1207 Ne
3073 1151 3238 1209 ultra.
3265 1149 3465 1219 inquit,

1898 1250 2236 1306 dzemouibus
2268 1257 2407 1301 terra
2436 1247 2640 1300 cultum
2673 1244 2884 1300 oil‘erat.
2927 1243 3003 1298 Ab
3039 1260 3100 1298 eo
3123 1251 3296 1296 autem
3323 1257 3466 1295 com-

1899 1351 2201 1396 moueantur
2227 1354 2400 1392 omnes
2426 1337 2778 1390 inhabitantes
2806 1336 2999 1390 orbem.
3036 1334 3138 1398 Qui
3171 1334 3355 1389 orbem
3385 1333 3468 1386 in-

1900 1435 2085 1489 colunt
2123 1429 2371 1485 homines
2404 1429 2494 1498 qui
2529 1428 2680 1496 prius
2731 1427 2891 1482 idolis
2933 1426 3099 1481 dediti
3148 1435 3334 1490 erant,
3367 1439 3468 1478 au-

1899 1525 2011 1580 dito
2059 1523 2179 1593 ejus
2228 1525 2446 1578 nomine
2495 1528 2942 1577 commoveantur
2987 1532 3197 1586 suoque
3241 1525 3466 1587 pareant

1901 1617 2188 1672 conditori.

307 1804 428 1854 Ὅτι
453 1776 788 1867 αυτὸς-εἷσε
816 1776 911 1854 καί
938 1776 1340 1870 ἐγενήθησαν,
1369 1800 1551 1866 αὐτὸς
1584 1800 1801 1853 ἐνετεί-

1977 1807 2030 1861 9.
2075 1805 2336 1870 Quoniam
2361 1805 2470 1874 ipse
2492 1805 2628 1857 dixit
2651 1813 2699 1857 et
2735 1803 2878 1873 facta
2900 1811 3042 1868 sunt,
3065 1803 3175 1872 ipse
3197 1803 3466 1855 mandarit

237 1893 517 1958 .ῑατο,καὶ
545 1895 929 1961 ἐκτίσθησαν.
972 1894 1038 1947 Ἦ
1072 1895 1167 1964 μὲν
1195 1895 1418 1964 γένησις
1450 1893 1547 1963 τὴν
1579 1892 1684 1946 τῶν
1717 1893 1802 1945 λο-

238 1983 402 2049 γικῶν
430 1982 654 2052 οὐσιῶδη
677 1982 843 2052 δηλοῖ·
869 1983 901 2052 ἡ
926 1981 981 2033 δὲ
1004 1982 1175 2045 κτίσις
1197 1983 1294 2051 τὴν
1318 1981 1424 2034 ἀπὸ
1447 1979 1538 2032 τοῦ
1565 1979 1802 2050 χείρονος

237 2073 323 2124 εει
346 2074 407 2124 τὸ
431 2075 672 2144 κρεῖττον
716 2073 966 2144 σημαίνει
1004 2071 1325 2143 μεταϐολήν.
1370 2073 1443 2126 ΕΣ
1480 2089 1570 2136 τις
1598 2071 1705 2140 γὰρ
1733 2071 1802 2124 ἐν

238 2163 464 2232 ,ηςιστῷ
495 2165 672 2233 καινὴ
701 2167 915 2230 κτίσις.

305 2258 521 2324 Κύριος
551 2255 917 2316 διασκεδάζει
943 2257 1178 2322 ,βουλὰς
1206 2254 1414 2310 ἐθνῶν.
1445 2255 1566 2308 Τῶν
1595 2254 1800 2326 νοητῶν

237 2347 494 2416 δηλονότι.
534 2347 740 2400 Ἀθετεῖ
777 2345 846 2398 δὲ
886 2345 1212 2415 λογισμοὺς
1243 2345 1434 2412 λαῶν,
1468 2346 1566 2399 καὶ
1610 2344 1808 2399 ἀθετεῖ

233 2440 467 2506 βουλὰς
492 2440 819 2508 ἀρχόντων.
859 2437 1194 2506 Ἀπράκτους
1218 2439 1326 2510 γὰρ
1353 2437 1639 2501 ἐπιϐουλὰς
1665 2440 1794 2492 πάν-

238 2549 340 2584 των
391 2530 554 2600 ἔθηκε
605 2529 715 2582 τῶν
777 2530 1041 2583 Ἰουδαίων
1065 2569 1080 2594 ,
1129 2531 1422 2600 τριήμερος
1471 2529 1799 2598 ἀναστήσας.

239 2621 411 2674 Τοῦτο
466 2620 572 2690 γὰρ
619 2615 688 2689 ἦν
731 2620 760 2672 ὂ
801 2619 893 2672 καὶ
939 2619 1218 2690 βούλεται,
1250 2619 1393 2688 ὅπερ
1433 2618 1531 2673 καὶ
1574 2621 1661 2684 είς
1697 2619 1802 2672 τὸν

239 2713 421 2766 αἰῶνα
441 2712 630 2780 μένει.

305 2803 589 2872 Λοτισμοὶ
638 2802 745 2869 τῆς
792 2803 1036 2871 καρδίας
1077 2802 1263 2857 αὑτοῦ
1315 2804 1400 2868 είς
1449 2803 1661 2872 γενεὰν
1704 2803 1800 2856 καὶ

240 2895 469 2967 γενεάν.
510 2894 590 2946 Τὰ
619 2893 882 2964 δόγματα,
931 2894 1112 2964 φησὶν,
1139 2893 1174 2946 ἃ
1205 2893 1546 2963 βεϐούλευται
1592 2894 1685 2945 καὶ
1724 2893 1802 2955 εἰς

240 2991 323 3042 τὸν
352 2988 594 3059 παρόντα
633 2987 801 3040 αἰῶνα
836 2987 932 3039 καὶ
972 2987 1049 3048 εἰς
1082 2985 1174 3038 τὸν
1210 2985 1491 3055 μέλλοντα.
1538 2984 1802 3054 Δογισμοὶ

240 3077 367 3131 Θεοῦ
398 3080 455 3131 αἱ
478 3076 799 3147 κατάλληλοι
835 3075 1235 3147 διακοσμήσεις⁹
1269 3073 1462 3146 καρδία
1497 3073 1554 3127 δὲ
1584 3073 1644 3127 τὸ
1665 3073 1801 3126 ἀπό-
1830 3113 1872 3170 c

241 3188 439 3242 κρυφον
467 3171 570 3240 τῆς
597 3169 805 3231 οὐσίας.

308 3261 612 3330 Μακάρων
642 3260 707 3312 τὸ
741 3261 913 3324 ἔθνος
938 3255 1009 3314 οὗ
1047 3257 1178 3312 ἐστὶ
1209 3259 1422 3325 Κύριος
1454 3259 1487 3310 ό
1520 3256 1663 3322 Θεὸς
1697 3259 1803 3311 αὑ-

239 3354 360 3408 τοῦ.
394 3355 534 3416 Τοὺς
563 3351 902 3421 είς.Χριστὸν
950 3350 1301 3412 πιστεύοντας
1351 3350 1408 3400 ὲν
1441 3347 1649 3412 τούτοις
1696 3365 1800 3418 μα-

239 3446 461 3516 καρίους
493 3444 778 3498 ἀποκαλεῖ.

306 3537 440 3610 [Ἐξ
463 3537 722 3605 οὐρανοῦ
751 3534 1085 3603 ἐπέϐλεψεν
1121 3536 1153 3588 ὁ
1187 3533 1417 3600 Κύριος.
1457 3533 1655 3596 Ειπεν,
1702 3531 1804 3583 ἐπ-

236 3628 512 3696 έϐλεψεν,
560 3627 646 3678 ἵνα
696 3626 770 3696 μή
806 3641 887 3687 τις
933 3623 1091 3676 αὑτὸν
1120 3624 1328 3691 ἀγνοεῖν
1367 3621 1522 3692 οἰηθῇ
1554 3620 1622 3673 τὰ
1654 3619 1804 3692 παρὰ

235 3721 340 3774 τῶν
368 3720 466 3774 ἀνθ
475 3717 671 3791 ρώπων
694 3717 1036 3787 τολμώμενα.
1056 3716 1078 3786 ]

307 3812 442 3884 [Ἐξ
485 3813 724 3880 ἑτοίμου
752 3807 1201 3877 κατοικητηρίου
1245 3805 1451 3860 αὑτοῦ.
1481 3806 1636 3858 Ἤτοι
1661 3805 1804 3876 ἡτοι-

237 3906 535 3977 μασμένον,
584 3903 1028 3974 εὐτρεπισμένου.
1085 3897 1246 3963 Οἶκος
1288 3897 1421 3968 γὰρ]
1441 3897 1626 3968 ῶσπερ
1667 3896 1802 3950 Θεοῦ

233 4002 687 4071 ἀποκεκλήρωται
714 4001 742 4052 6
763 3995 1034 4069 οὑρανός.]

313 4095 367 4146 '0
393 4092 641 4155 πλάσας
666 4090 1002 4158 καταμόνας
1026 4087 1133 4153 τὰς
1167 4083 1414 4153 καρδίας
1439 4081 1655 4136 αὐτῶν.
1689 4081 1802 4134 Μό-

177 4227 188 4232 -
233 4203 342 4248 νος,
375 4185 565 4255 φησὶν,
587 4185 615 4236 6
645 4181 772 4244 Θεὸς
804 4175 910 4232 οἶδε
941 4178 1050 4232 τῶν
1094 4175 1393 4247 ἀνθρώπων
1423 4175 1519 4236 τὰς
1561 4171 1800 4244 καρδίας.

231 4277 322 4328 Διὸ
353 4276 452 4329 καὶ
492 4277 521 4327 6
545 4273 733 4341 Σωτὴρ
759 4273 870 4334 τοῖς
914 4269 1186 4331 Ἰουδαίοις
1223 4267 1374 4335 ἔλεγε
1399 4284 1412 4298 ·
1450 4267 1511 4320 Τί
1549 4263 1805 4333 διαλογί-

229 4369 400 4430 ζεσθε
430 4364 665 4432 πονηρὰ
687 4365 755 4416 ὲν
782 4361 909 4428 ταῖς
934 4359 1201 4428 καρδίαις
1221 4358 1421 4426 ὐμῶν;

1901 1909 1948 1953 et
1994 1909 2170 1952 creata
2214 1907 2355 1953 sunt.
2414 1897 2605 1950 Factio
2654 1895 3055 1950 rationabilium
3108 1893 3470 1948 substantiam

1901 1992 2124 2044 denotat
2158 2006 2171 2042 :
2209 1990 2411 2044 creatio
2452 1999 2653 2051 autem,
2686 2004 2714 2041 a
2759 1988 2942 2058 pejore
2971 1986 3025 2041 in
3055 1986 3250 2040 melius
3285 1995 3464 2039 muta-

1901 2083 2100 2136 tionem
2130 2097 2142 2132 :
2182 2078 2239 2134 Si
2271 2097 2388 2151 qua:
2416 2081 2552 2133 enim
2586 2080 2641 2132 in
2667 2079 2878 2133 Christo
2904 2094 3036 2132 nova
3065 2087 3309 2131 creatura
3325 2077 3392 2128 τ’.

1974 2259 2062 2314 IO.
2108 2259 2357 2313 Dominus
2389 2259 2614 2327 dissipat
2648 2256 2872 2310 consilia
2908 2257 3158 2326 gentium.
3201 2253 3473 2324 Spiritua-

1901 2351 2035 2404 lium
2068 2351 2357 2414 videlicet,
2393 2348 2648 2418 Reprobat
2674 2359 2844 2401 autem
2879 2347 3217 2416 cogitationes
3245 2344 3466 2413 populo-

1903 2459 2046 2507 rum,
2113 2451 2162 2496 et
2238 2442 2478 2510 reprobat
2541 2440 2763 2492 consilia
2823 2439 3140 2506 principum.
3211 2435 3466 2489 Omnium

1901 2534 2098 2604 quippe
2139 2532 2448 2587 Iudaeorum
2501 2531 2726 2584 insidias
2769 2529 2952 2582 irritas
3005 2525 3152 2590 fecit,
3200 2534 3325 2595 post
3372 2525 3468 2579 tri-

1901 2626 2068 2680 duum
2113 2639 2422 2694 resurgens.
2465 2622 2519 2677 Id
2551 2623 2692 2677 enim
2727 2622 2828 2676 sibi
2862 2621 2976 2674 vult
3002 2621 3164 2675 etiam
3198 2617 3328 2673 illud
3355 2659 3370 2683 ,
3411 2618 3469 2670 in

1902 2727 2154 2770 aeternum
2185 2724 2358 2768 manet
2389 2713 2667 2767 consilium
2700 2712 2935 2765 Domini.

1973 2808 2060 2860 II.
2103 2804 2456 2876 Cogitationes
2503 2805 2676 2857 cordis
2736 2821 2850 2872 ejus
2892 2805 2947 2856 in
2991 2801 3380 2871 generationem
3417 2811 3467 2853 et

1903 2895 2306 2966 generationem.
2342 2893 2600 2964 Dogmata
2623 2932 2638 2956 ,
2673 2892 2882 2960 inquit,
2911 2906 3033 2961 qum
3070 2891 3287 2946 decreta
3317 2897 3464 2948 sunt.

1903 2987 2014 3039 sive
2045 2986 2097 3038 in
2136 2985 2385 3055 preesenti
2415 2985 2526 3038 sive
2556 2984 2609 3037 in
2641 2982 2821 3037 futuro
2851 2982 3070 3037 saeculo.
3099 2979 3468 3050 Cogitationes

1907 3074 2020 3140 Dei,
2050 3075 2101 3128 id
2135 3083 2218 3129 est
2246 3082 2606 3144 congruentes
2650 3072 3035 3142 dispositiones
3065 3089 3078 3124 :
3110 3085 3239 3134 cor,
3285 3070 3466 3124 occul-

1905 3171 2017 3218 tum
2050 3163 2388 3219 substantiae.

1974 3274 2057 3328 ιε.
2099 3274 2264 3328 Beata
2315 3291 2436 3344 gens
2484 3275 2633 3344 cujus
2680 3285 2756 3328 est
2805 3273 3056 3328 Dominus
3108 3272 3248 3327 Deus
3310 3271 3447 3342 ejus.

1903 3366 2098 3421 Beatos
2134 3367 2218 3422 his
2242 3367 2422 3422 verbis
2447 3377 2606 3422 vocat
2647 3384 2744 3422 eos
2768 3368 2860 3437 qu‘i
2893 3367 2946 3420 in
2978 3366 3256 3420 Christum
3290 3364 3467 3418 credi-

1902 3461 2120 3515 derunt.

1973 3548 2092 3620 [15.
2136 3547 2212 3602 De
2246 3549 2373 3603 caelo
2404 3552 2626 3620 respexit
2662 3549 2935 3606 Dominus.
2962 3551 3086 3614 Ait,
3113 3552 3360 3620 respexit,
3401 3565 3471 3605 ne

1903 3642 2025 3711 quis
2060 3650 2302 3696 autumet
2328 3643 2502 3713 ipsum
2537 3644 2786 3714 ignorare
2807 3644 3089 3699 hominum
3113 3643 3370 3700 facinora.

1975 3811 2085 3885 [Η.
2111 3815 2188 3869 De
2211 3826 2510 3885 prwparato
2541 3817 2845 3870 habitacula
2873 3834 2989 3872 suo.
3010 3816 3063 3871 Id
3091 3826 3195 3882 est,
3218 3828 3468 3872 accurate

1906 3903 2170 3960 instructo
2202 3915 2256 3960 et
2285 3916 2496 3962 ornato.
2531 3905 2664 3960 Nam
2698 3907 2892 3962 caelum
2933 3907 3089 3976 quasi
3132 3906 3199 3960 ad
3229 3905 3321 3960 Dei
3366 3905 3462 3959 do-

1906 3995 2165 4049 micilium
2204 3996 2530 4051 destinatum
2563 3995 2694 4065 εει]

1975 4085 2064 4139 I5.
2095 4083 2199 4149 Qui
2227 4085 2381 4154 ﬁnxit
2413 4085 2692 4154 sigillatim
2743 4085 2902 4138 corda
2933 4101 3130 4139 eorum.
3160 4083 3343 4149 Solus,
3383 4085 3465 4138 in-

1905 4177 2042 4247 quit,
2075 4176 2216 4230 Deus
2245 4175 2392 4230 novit
2430 4176 2712 4230 hominum
2735 4176 2917 4230 corda.
2951 4175 3312 4242 Quamobrem
3345 4175 3466 4230 Sal-

1906 4279 2061 4324 vator
2088 4269 2287 4324 Judaeis
2313 4269 2526 4324 dicebat
2555 4285 2568 4319 :
2604 4268 2744 4336 Quid
2771 4270 3016 4338 cogitatis
3041 4270 3183 4323 mala
3214 4272 3268 4322 in
3291 4271 3466 4323 cordi-

1907 4360 1999 4414 bus
2024 4360 2305 4414 restris”?

313 4457 461 4512 Ἰδοὺ
505 4459 560 4509 οὶ
597 4454 890 4523 ὀφθαλμοὶ
937 4452 1155 4520 Κυρίου
1198 4452 1295 4504 ἐπὶ
1337 4450 1476 4514 τοὺς
1514 4446 1801 4516 φοϐουμέ-

1981 4452 2063 4507 I8.
2094 4451 2227 4506 Ecce
2251 4452 2392 4506 oculi
2414 4451 2630 4505 Domini
2654 4469 2808 4520 super
2839 4461 3118 4506 metuentes
3150 4470 3290 4507 eum.
3315 4451 3467 4508 Oculi

227 4567 377 4613 νους
401 4547 610 4600 αὐτόν.
654 4543 946 4615 Ὀφθαλμοὶ
978 4542 1180 4616 Κυρίου
1211 4545 1242 4611 ἡ
1278 4541 1615 4610 παντοπτικὴ
1638 4539 1800 4591 αὑτοῦ

226 4641 479 4707 δύναμις·
521 4638 556 4707 ἢ
605 4635 857 4698 πολλάκις
904 4636 931 4687 ὁ
972 4633 1100 4694 Υἱὸς
1134 4633 1226 4685 καὶ
1261 4631 1322 4684 τὸ
1367 4629 1604 4700 Πνεῦμα,
1638 4629 1712 4692 ὡς
1745 4628 1801 4680 ἐν

228 4732 384 4802 μέσῳ
406 4729 503 4782 δύο
532 4725 724 4796 φώτων
755 4727 784 4778 6
810 4723 996 4794 Πατὴρ
1025 4722 1135 4775 τῶν
1165 4720 1378 4792 φώτων.

294 4819 409 4879 Kal
437 4816 749 4886 διαθρέψαι
776 4814 996 4879 αὐτοὺς
1017 4813 1088 4866 ἐν
1115 4811 1285 4882 λιμῷ.
1319 4812 1407 4864 Ἐν
1427 4809 1622 4880 καιρῷ,
1648 4808 1798 4880 φησὶ,

224 4908 496 4981 διωγμοῦ,
527 4909 604 4979 μὴ
635 4905 1038 4975 συνισταμένων
1072 4902 1182 4955 τῶν
1210 4901 1414 4972 νοητῶν
1439 4900 1670 4972 τροφῶν.
1701 4899 1800 4952 αὒ-

225 5003 320 5067 τδς
346 5003 377 5053 6
407 5000 614 5072 Κύριος
647 4996 736 5050 διὰ
758 4995 1069 5066 Πνεύματος
1099 4993 1255 5062 ἁγίου
1291 4991 1476 5063 Θρέψει
1505 4989 1718 5052 αὐτούς.

305 5095 374 5148 Ἠ
396 5093 466 5146 δὲ
495 5090 672 5160 ψυχὴ
702 5087 871 5158 ήμῶν
907 5086 1190 5154 ὑπομένει
1224 5083 1304 5149 τῷ
1335 5083 1544 5151 Κυρίῳ.
1586 5083 1671 5145 Ὠς
1699 5080 1802 5151 ἠδη

225 5185 554 5256 δεδειγμένοι
584 5182 688 5251 τὴν
716 5183 796 5244 εἰς
827 5179 986 5232 αὐτὸν
1010 5176 1330 5246 πεποίθησιν
1355 5171 1763 5244 προϐάλλονται.

229 5278 542 5332 ΨΔΑΜΟΣ
584 5271 668 5336 τῷ
713 5269 892 5323 Δαυτδ
931 5269 1108 5322 ὁπότε
1161 5266 1461 5334 ἠλλοίωσε
1506 5263 1572 5316 τὸ
1615 5263 1800 5330 πρόσ-

287 5385 456 5421 ωπον
482 5363 676 5420 αὐτοῦ
706 5360 986 5414 ἐναντίον
1021 5359 1337 5428 Ἀϐιμέλεχ,
1357 5355 1451 5408 καὶ
1488 5353 1800 5407 ἀπέλυσεν
1875 5402 1898 5410 η,

291 5460 497 5524 αὐτὸν,
524 5453 632 5510 καί
661 5451 956 5521 ἀπῆλθεν.
992 5451 1126 5504 ΛΓ’.

861 5541 1184 5604 Ὑπόθεσις.

233 5641 431 5711 ξιξ-ἇγων
457 5645 488 5698 6
521 5636 694 5695 Δαυῒδ
720 5635 812 5686 τὸν
836 5630 1024 5694 Σαοὺλ,
1052 5627 1178 5702 ἦλθε
1211 5627 1343 5700 πρὸς
1377 5622 1680 5694 Ἀϐιμέλεχ,
1707 5621 1798 5673 καὶ

291 5779 329 5808 ⁷⁸
352 5781 512 5836 Amos
547 5795 603 5844 ν,
641 5773 698 5829 8.
777 5770 826 5802 ⁷¹
857 5767 898 5820 Il
928 5766 1052 5820 Cor.
1084 5779 1135 5830 ν,
1174 5763 1256 5816 I7.
1330 5762 1375 5795 ’³
1407 5759 1596 5815 Matth.
1634 5772 1706 5820 Ix,
1741 5755 1792 5809 4.

1907 4545 2119 4599 Domini
2165 4553 2294 4599 suut
2348 4548 2592 4600 omnium
2648 4545 2974 4613 speculatrix
3017 4545 3136 4614 ejus
3177 4555 3416 4615 potestas
3451 4561 3465 4596 :

1907 4646 2001 4691 aut
2037 4638 2355 4707 plerumque
2403 4637 2572 4691 Filius
2595 4646 2648 4690 et
2673 4635 2908 4706 Spiritus
2937 4648 3180 4703 sanctus,
3213 4637 3286 4692 ita
3321 4645 3376 4692 ut
3412 4638 3466 4692 in

1906 4728 2086 4783 medio
2111 4729 2341 4783 duorum
2377 4729 2642 4782 luminum
2679 4729 2750 4782 sit
2781 4727 2954 4782 Pater
2987 4729 3270 4783 luminum.

1979 4817 2066 4873 I9.
2115 4816 2183 4870 Et
2216 4817 2327 4870 alat
2361 4833 2447 4872 eos
2475 4818 2529 4870 in
2561 4817 2722 4886 fame.
2765 4815 3063 4888 Tempore,
3093 4817 3301 4888 inquit,
3344 4832 3470 4886 per.

1907 4907 2239 4972 secutionis,
2274 4909 2320 4964 si
2349 4923 2458 4962 non
2491 4909 2673 4963 adsint
2698 4908 3005 4978 spiritualcs
3049 4909 3177 4973 cibi,
3228 4909 3342 4978 ipse
3369 4908 3470 4961 Do-

1911 5000 2094 5054 minus
2126 5014 2222 5070 per
2251 4998 2513 5070 Spiritum
2543 5009 2791 5055 sanctum
2815 5001 3050 5055 enutriet
3075 5000 3216 5055 illos.

1974 5090 2260 5146 20.Anima
2273 5101 2450 5146 nostra
2467 5093 2684 5146 sustinet
2700 5089 2996 5147 Dominum.
3017 5090 3188 5158 Quam
3198 5091 3308 5160 jam
3321 5088 3472 5145 exhi-

1906 5185 2137 5239 buerunt
2162 5181 2410 5237 ﬁduciam
2431 5198 2555 5253 erga
2579 5182 2881 5240 Dominum.
2904 5198 3048 5237 nunc
3064 5199 3172 5252 pra:
3189 5197 3247 5236 se
3265 5180 3464 5234 ferunt.

1911 5276 1959 5330 ι.
2017 5272 2356 5329 ΡεΑιΜυις
2411 5276 2583 5329 David
2641 5277 2848 5347 quando
2907 5274 3205 5329 immutavit
3261 5269 3464 5324 vultum

1979 5381 2132 5418 suum
2187 5380 2362 5417 coram
2417 5367 2745 5430 Abimelech,
2785 5377 2829 5424 et
2866 5365 3062 5419 dimisit
3078 5377 3193 5416 eum
3222 5369 3270 5415 et
3313 5363 3440 5414 abiit

1978 5453 2257 5509 XXXIII.

2490 5551 2885 5616 Argumentum.

1864 5615 1876 5618 ν
1908 5641 2044 5697 Cum
2079 5641 2287 5712 fugeret
2342 5640 2513 5696 David
2544 5615 2782 5703 Saulcm,
2810 5636 2954 5693 venit
3011 5635 3078 5692 ad
3132 5633 3434 5690 Ahimeleo”
