3944 6220
417 356 515 411 167

1264 345 1319 402 S.
1365 344 1735 401 ATllANASll
1774 343 1926 399 OPP.
1975 340 2155 396 PARS
2195 340 2285 395 lli.
2329 334 2398 381 -'—
2434 340 2851 399 EXEGETICA.

3561 349 3666 404 168

481 482 535 525 et
565 476 782 539 rogatus
803 467 871 522 ab
891 482 955 523 eo
980 481 1100 536 qua:
1143 480 1306 520 causa
1339 467 1613 527 recessus;
1645 464 1828 535 fugam
1861 461 1982 531 qui-
2015 510 2020 520 ,

2158 458 2257 527 τῆς
2299 457 2535 527 ἀφίξεως
2566 457 2661 529 τὴν
2707 460 2884 514 αἰτίαν
2929 459 3277 531 ἐρωτώμενος
3320 459 3447 531 παρ’
3475 461 3663 526 αὐτοῦ,

402 594 407 601 -
485 558 607 613 dem
636 557 879 628 negavit;
910 556 1005 611 sed
1026 556 1256 629 missum
1288 570 1347 610 se
1376 556 1452 608 ait
1482 556 1551 609 ab
1581 554 1748 609 Saule
1784 562 1981 622 postu-

488 650 657 706 latum
684 649 920 704 Goliathi
950 664 1158 704 ensem.
1196 647 1471 714 Quoniam
1515 649 1682 717 igitur
1710 646 1858 699 aliud
1897 645 1984 699 di-

488 741 644 796 cebat
673 738 821 796 aliud
861 741 1150 804 sentiebat,
1181 740 1518 809 descriptum
1552 751 1636 793 est
1661 739 1987 793 immutasse

487 831 695 886 vultum
727 847 908 886 suum.
964 831 1126 887 Canit
1159 840 1341 885 autem
1397 831 1665 901 psalmum
1725 845 1865 885 novo
1892 844 1990 898 po-

488 923 638 994 pulo,
673 922 978 979 doctrinam
1026 924 1384 980 introducens
1419 923 1720 995 spiritualis
1747 930 1801 978 et
1820 938 1991 979 evan-

492 1014 648 1087 gelici
681 1015 887 1072 cultus.

491 1195 547 1251 2.
586 1196 900 1251 Benedieam
943 1196 1226 1251 Dominum
1286 1199 1341 1251 in
1390 1197 1533 1251 omni
1574 1206 1869 1265 tempore...
1924 1193 1993 1248 In

425 1286 648 1342 Domino
690 1288 1000 1343 laudabitur
1040 1291 1221 1344 anima
1269 1307 1404 1344 mea.
1440 1289 1666 1344 Etiamsi
1719 1289 1879 1342 laude
1905 1287 1992 1341 di-

425 1397 564 1451 gnus
590 1381 715 1447 sim,
770 1380 897 1451 quia
926 1382 1178 1436 nonnihil
1216 1381 1347 1437 boni
1377 1381 1431 1435 in
1459 1381 1713 1450 operibus
1738 1379 1875 1433 meis
1908 1393 1994 1432 re-

2158 550 2256 621 τὴν
2286 551 2462 623 φυγὴν
2487 552 2586 623 μὲν
2612 555 2904 624 ἠρνήσατο·
2932 554 3262 609 ἀπεστάλθαι
3283 555 3338 609 δὲ
3362 552 3483 609 εἷπε
3511 558 3666 630 παρά
3762 538 3765 543 ι

2154 641 2250 694 τοῦ
2281 641 2452 695 Σαοὺλ
2473 683 2487 707 ,
2535 643 2611 707 ὡς
2640 644 2735 697 καὶ
2763 648 2860 716 τὴν
2889 646 3162 717 ῥομφαίαν
3195 647 3416 719 αἰτῆσαι
3450 648 3543 703 τοῦ
3577 650 3668 701 Γο·

2158 732 2301 787 λιάθ.
2341 734 2495 787 Ἐπεὶ
2523 735 2703 789 τοίνυν
2732 737 2867 791 ἄλλα
2918 738 3017 807 μὲν
3052 733 3225 804 εἶπεν,
3257 738 3390 793 ἄλλα
3414 737 3469 793 δὲ
3506 739 3670 811 ἐφρό-

2160 841 2276 887 νει,
2318 825 2730 897 ἀναγέγραπται
2755 828 2813 881 τὸ
2835 828 3231 895 ἠλλοιωκέναι
3252 830 3319 883 τὸ
3341 832 3667 898 πρόσωπον

2159 917 2364 971 αὐτοῦ.
2407 918 2557 989 ’ᾼδει
2581 919 2638 972 δὲ
2668 920 2757 974 τὸν
2781 920 2990 992 ψαλμὸν
3016 921 3095 991 τῷ
3122 921 3229 993 νέῳ
3259 920 3394 993 λαῷ,
3419 922 3671 977 διδασκα-

2161 1008 2278 1063 λίαν
2306 1011 2741 1083 εἰσηγησάμενος
2771 1015 2873 1084 τῆς
2900 1015 3278 1086 πνευματικῆς
3313 1016 3407 1071 καὶ
3443 1018 3671 1088 εὐαγγε-

2162 1100 2319 1173 λικῆς
2347 1101 2621 1175 λατρείας.

2162 1193 2495 1263 Εὐλογήσω
2521 1181 2878 1264 τὸνπύριον
2914 1197 2982 1252 ἐν
3015 1199 3194 1253 παντί
3236 1198 3419 1268 καιρῷ
3440 1240 3485 1256 ..
3506 1240 3518 1254 .
3576 1201 3673 1252 Ἐν·

2090 1281 2171 1349 τῷ
2226 1286 2422 1353 Κυρίῳ
2472 1286 2929 1355 ἐπαινεθήσεται
2978 1291 3017 1359 ἡ
3057 1290 3227 1360 ψυχή
3276 1308 3411 1361 μου.
3465 1292 3529 1345 Εἰ
3577 1283 3671 1345 καὶ

2092 1371 2241 1437 ἄξιος
2289 1374 2512 1430 ἐπαίνου
2558 1379 2809 1449 τυγχάνω
2846 1379 3162 1452 εὑρεθέντος
3203 1382 3349 1447 τινὸς
3394 1381 3560 1436 καλοῦ
3612 1384 3672 1436 ἐν

424 1473 651 1542 peritur,
680 1473 731 1528 id
763 1488 872 1527 non
920 1474 1053 1527 mihi
1093 1473 1186 1528 sed
1232 1471 1344 1527 Deo
1388 1471 1769 1527 ascribendum
1814 1489 1828 1525 :
1881 1470 1994 1539 ipse

2127 1468 2211 1529 αῖς
2245 1467 2406 1537 ἐμαῖς
2449 1468 2731 1537 πράξεσιν,
2762 1470 2918 1525 τοῦτο
2958 1473 3058 1526 οὐκ
3099 1473 3243 1544 ἐμοὶ,
3271 1473 3409 1528 ἀλλὰ
3443 1474 3523 1546 τῷ
3551 1474 3672 1546 Θεῷ

426 1580 513 1620 me
535 1574 588 1621 et
612 1566 874 1621 illustrem
933 1565 1115 1620 effecit
1162 1573 1217 1620 et
1260 1563 1581 1635 praeclarum
1630 1562 1849 1616 eﬁiciet.
1877 1560 1993 1613 Au-

423 1654 577 1711 diant
612 1657 871 1711 mansueti
898 1666 947 1711 et
973 1657 1238 1712 ltetentur.
1267 1654 1511 1708 Salutem
1544 1653 1676 1707 mihi
1703 1668 1733 1706 a
1761 1650 1995 1706 Domino

425 1762 745 1803 concessam
769 1748 997 1818 quilibet
1026 1748 1210 1817 justus
1237 1745 1283 1801 si
1315 1746 1501 1801 audiat
1558 1744 1777 1799 lanatus
1807 1742 1995 1798 fuerit.

2094 1554 2410 1609 ἀναθετέονο
2456 1558 2616 1623 αὐτὸς
2670 1559 2770 1630 ἐμὲ
2802 1560 2895 1613 καί
2943 1560 3209 1632 πεποίηκε
3257 1563 3548 1633 περιφανῆ,
3580 1564 3673 1615 καὶ

2095 1646 2310 1718 ποιήσει
2359 1649 2740 1722 περίϐλεπτον.
2796 1652 3249 1708 Ἄκουσάτωσαν
3288 1654 3526 1724 πραεῖς,
3569 1656 3671 1711 καί

2095 1741 2625 1810 εὐφρανθήτωσαν.
2666 1744 2779 1815 Τὴν
2816 1744 2940 1816 ἐμοί
2987 1746 3355 1818 γεγενημένην
3386 1746 3536 1820 παρά
3577 1747 3670 1801 τοῦ

424 1838 583 1905 Quod
606 1847 785 1894 autem
826 1840 915 1893 ille
957 1840 1140 1896 salvos
1172 1838 1339 1893 faciat
1366 1845 1650 1908 sperantes
1682 1836 1736 1890 in
1766 1850 1846 1901 se,
1878 1849 1991 1889 non

2125 1836 2298 1906 ἱυρίου
2340 1840 2613 1910 σωτηρίαν
2654 1841 2763 1901 πᾶς
2803 1838 3008 1904 δίκαιος
3040 1839 3291 1913 ἀκηκοὼς
3319 1841 3667 1913 εὐφρανθείη.

427 1933 481 1986 id
511 1932 751 1987 admittit
797 1941 858 1987 ut
889 1932 1041 1987 solus
1101 1933 1363 2001 hymnum
1400 1931 1568 1985 edat:
1626 1931 1717 1985 sed
1759 1944 1854 1984 eos
1896 1929 1992 1998 qui

427 2029 708 2075 consortes
738 2031 866 2075 sunt
895 2022 1196 2077 clementia:
1231 2020 1468 2088 Domini,
1523 2030 1808 2077 consortes
1831 2019 1994 2076 eﬁicit

428 2110 651 2168 cantici.

495 2201 550 2255 5.
582 2200 922 2273 Magniﬁcam
948 2202 1230 2257 Dominum
1261 2220 1433 2259 meum
1488 2214 1541 2259 et
1581 2204 1872 2259 exaltemus
1898 2220 1995 2259 no-

427 2308 543 2345 men
568 2293 681 2363 ejus
713 2295 768 2348 in
788 2295 1043 2365 idipsum.
1071 2294 1240 2362 Quasi
1290 2311 1402 2351 non
1443 2295 1677 2352 sufﬁciat
1706 2295 1822 2366 ipse
1844 2296 1996 2353 solus

431 2386 890 2456 magniﬁcentiam
947 2386 1041 2442 Dei
1089 2388 1397 2457 enuntiare,
1449 2389 1690 2460 postulat
1716 2405 1779 2445 ea
1827 2389 1884 2445 in
1935 2406 1997 2446 re

427 2478 657 2534 aliorum
686 2496 907 2551 Operam
942 2491 994 2536 et
1020 2483 1308 2538 auxilium.

501 2663 553 2717 5.
577 2663 817 2717 Accedite
839 2662 908 2717 ad
938 2679 1055 2720 eum
1085 2672 1134 2718 et
1167 2663 1570 2720 illuminamini.
1608 2662 1687 2720 Ex
1716 2665 1997 2722 concessis

430 2755 588 2810 donis
616 2766 835 2827 accepta
866 2756 1082 2822 ﬁducia,
1115 2757 1254 2814 alios
1279 2758 1445 2813 etiam
1478 2759 1544 2813 ad
1577 2758 1629 2814 id
1669 2758 1881 2814 invitat.

500 2927 556 2984 6.
593 2926 703 2982 Iste
751 2944 948 2998 pauper
994 2928 1264 2995 clamavit,
1317 2939 1367 2985 et
1413 2929 1673 2984 Dominus
1729 2932 1999 2986 exaudivit

431 3019 848 3087 eum.Ediscite,
885 3020 1081 3091 inquit,
1113 3037 1181 3076 ex
1212 3022 1278 3077 iis
1312 3037 1435 3092 qua:
1473 3022 1607 3076 mihi
1652 3023 1998 3088 acciderunt,

435 3110 689 3168 ﬁduciam
734 3111 934 3168 habere
979 3113 1032 3165 in
1098 3111 1386 3167 Dominum
1452 3114 1859 3170 universorum.
1918 3115 2003 3171 Me

2095 1928 2219 1981 Ὅτι
2242 1928 2307 2001 δὴ
2326 1928 2487 1995 σώζει
2510 1931 2636 1996 τοὺς
2658 1931 2973 1997 ἐλπίζοντας
2993 1934 3078 1987 ἐπ’
3101 1932 3281 2000 αὐτὸν,
3301 1932 3402 1987 οὐκ
3425 1932 3672 2003 ἀνέχεται

2099 2019 2257 2091 μόνος
2301 2021 2504 2091 ὑφῆναι
2543 2022 2634 2077 τὸν
2683 2024 2867 2096 ὕμνον,
2908 2026 3044 2081 ἀλλὰ
3088 2027 3215 2091 τοὺς
3256 2029 3542 2093 κοινωνοὺς
3572 2027 3672 2099 τῆς

2097 2110 2421 2185 πραότητος,
2449 2116 2736 2178 κοινωνοὺς
2752 2118 2983 2170 ποιεῖται
3005 2118 3106 2188 τῆς
3133 2118 3424 2189 ὑμνῳδίας.

2165 2204 2555 2272 Μεγαλύνατε
2579 2204 2684 2259 τὸν
2724 2207 2946 2276 Κύριον
2974 2207 3097 2262 σὺν
3120 2208 3271 2278 ἐμοὶ,
3304 2210 3404 2263 καί
3432 2209 3673 2279 suam.

2090 2308 2207 2362 μεν
2253 2292 2321 2347 τὸ
2368 2293 2555 2364 ὄνομα
2601 2298 2788 2352 αὐτοῦ
2829 2299 3163 2355 ἐπιτοαυτό.
3206 2301 3293 2365 Ὡς
3319 2303 3392 2373 μὴ
3427 2302 3673 2373 ἐξαρκῶν

2099 2382 2171 2437 τά
2197 2383 2460 2455 μεγαλεῖα
2486 2386 2798 2458 ἐξαγγεῖλαι
2820 2390 2914 2444 τοῦ
2944 2390 3101 2460 Θεοῦ,
3132 2395 3212 2458 εἰς
3249 2394 3407 2448 τοῦτο
3431 2396 3560 2449 αὐτὸ
3597 2396 3673 2461 ώς

2099 2476 2697 2549 περισυλλαμδάνεσθαι
2729 2482 2824 2536 καὶ
2851 2484 2978 2548 τοὺς
3004 2484 3195 2551 ἄλλους
3234 2486 3376 2553 ἀξιοῖ
3410 2489 3505 2542 καὶ
3537 2505 3675 2559 συμ-

2099 2566 2383 2639 πράττειν.

2170 2659 2542 2728 Προσέλθετε
2583 2662 2733 2732 πρὸς
2772 2665 2980 2732 αὐτὸν,
3017 2669 3116 2723 καί
3155 2671 3505 2740 φωτισθητε.
3557 2673 3674 2742 Ἀφ’

2100 2742 2175 2806 ὧν
2230 2749 2447 2815 ἐδέξατο
2492 2752 2787 2818 πεποιθὼς,
2841 2754 2937 2809 καί.
2977 2758 3103 2821 τοὺς
3151 2757 3340 2824 ἄλλους
3384 2761 3465 2823 εἰς
3513 2759 3675 2815 τοῦτο

2102 2839 2313 2908 ἀνάγει.

2184 2928 2375 3001 Οὗτος
2403 2936 2437 2988 ὁ
2472 2934 2706 3007 πτωχὸς
2744 2936 3062 3008 ἐκέκραξε,
3105 2941 3206 2995 καί
3236 2944 3269 2997 ό
3304 2944 3517 3013 Κύριος
3552 2948 3676 3000 εἰσ-

2105 3020 2378 3087 ήκουσεν
2418 3026 2624 3079 αὐτόν.
2676 3027 2914 3092 Μάθετε,
2943 3029 3127 3100 φησὶν,
3169 3032 3233 3083 ἐκ
3275 3031 3382 3085 τῶν
3431 3033 3546 3086 κατ’
3575 3035 3676 3106 ἐμὲ

2108 3113 2330 3185 θαρρεῖν
2362 3113 2441 3185 τῷ
2479 3114 2584 3169 τῶν
2617 3116 2752 3170 ὅλων
2784 3117 2922 3189 Θεῷ.
2954 3120 3158 3192 Εὐτελῆ
3185 3121 3292 3193 γὰρ
3318 3122 3445 3176 ὄντα
3475 3141 3543 3195 με
3582 3127 3678 3179 καὶ

437 3219 673 3274 namque
695 3203 851 3259 vilem
883 3213 937 3259 et
964 3202 1234 3274 abiectum
1274 3212 1328 3257 et
1349 3213 1620 3274 pastorem
1673 3205 1879 3269 ovium,
1904 3223 2002 3262 sua

2125 3202 2404 3274 τροϐατέα.
2423 3206 2522 3276 τῆς
2546 3206 2749 3272 οἰκείας
2780 3210 3120 3282 προμηθείας
3142 3212 3359 3283 ἠξίωσε,
3379 3215 3470 3269 καὶ
3499 3217 3678 3287 κρείτο

437 3295 689 3365 dignatus
731 3303 813 3349 est
841 3295 1196 3364 providentia.
1224 3305 1388 3350 atoue
1424 3294 1678 3350 hostibus
1728 3306 1996 3366 praestau-

440 3392 634 3438 tlorem
662 3386 930 3438 exhibuit.

512 3476 564 3530 7.
605 3475 1081 3531 Castrametabitur
1102 3476 1317 3548 angelus
1338 3477 1548 3532 Domini
1580 3479 1635 3533 in
1680 3481 1905 3534 circuitu
1940 3482 2007 3535 ti-

442 3570 695 3623 mentium
714 3586 851 3630 cum.
870 3578 917 3623 et
946 3570 1128 3640 eripiet
1152 3585 1259 3623 eos.
1286 3567 1402 3626 Hoc
1420 3580 1685 3627 consonat
1707 3589 1830 3627 cum
1866 3573 2007 3644 Apoc

443 3660 569 3715 stoli
619 3660 800 3715 verbis
825 3660 904 3714 ’δι
939 3658 1123 3714 Nonne
1159 3677 1333 3714 omnes
1380 3670 1501 3716 sunt
1560 3662 2006 3718 administratorii

444 3754 661 3824 spiritus
678 3754 732 3807 in
768 3754 1117 3808 ministerium
1153 3754 1323 3816 missi,
1346 3766 1558 3825 propter
1589 3772 1675 3811 eos
1724 3758 1815 3827 qui
1837 3758 1999 3812 luere-

443 3847 661 3900 ditatem
685 3847 891 3917 capturi
920 3848 1269 3905 suntsalatis.
1289 3847 1366 3903 Ita
1395 3860 1451 3906 et
1478 3852 1671 3908 beatus
1698 3852 1865 3909 Jacob
1895 3856 2009 3911 haec

445 3947 694 4009 precatur
722 3940 768 3972 "
792 3959 804 3995 :
832 3940 1059 4011 Angelus
1100 3943 1190 4012 qui
1214 3943 1405 4014 eripuit
1437 3962 1516 3999 me
1544 3962 1608 3999 ea:
1653 3947 1891 4001 omnibus
1919 3964 2009 4001 ra-

443 4028 767 4084 lamitatibus
804 4033 953 4086 meis.
1014 4031 1217 4087 Eodem
1256 4034 1420 4089 modo
1459 4035 1775 4104 patriarcha
1826 4037 2007 4092 Abra-

444 4120 592 4183 ham,
634 4121 937 4175 admirabili
992 4123 1289 4179 domestico
1327 4141 1428 4181 suo
1484 4126 1561 4181 ait
1615 4128 1697 4181 ":
1750 4127 2008 4185 Dominus

444 4210 584 4265 Deus
614 4214 786 4266 mittet
815 4214 1058 4284 angelum
1084 4233 1238 4269 suum
1262 4226 1383 4272 ante
1409 4210 1601 4288 [aciem
1625 4231 1793 4288 tuam,
1820 4234 1871 4276 et
1915 4239 2008 4276 ac-

444 4302 603 4370 cipies
635 4318 851 4356 uxorem
880 4304 992 4372 ﬁlio
1016 4320 1126 4357 meo
1163 4290 1323 4360 Isaac
1370 4309 1577 4364 exinde.
1609 4309 1700 4365 Sic
1735 4324 1789 4366 et
1818 4312 2010 4369 beatus

444 4392 738 4449 Zacharias
764 4395 840 4447 ait
866 4396 910 4426 '"
934 4412 947 4449 :
986 4395 1215 4465 Angelus
1241 4399 1332 4467 qui
1364 4398 1674 4470 loquebatur
1720 4404 1866 4458 milii.

517 4653 574 4710 8.
617 4655 837 4712 Gustate
872 4667 920 4713 et
947 4661 1108 4715 videte
1149 4664 1394 4734 quoniam
1429 4668 1604 4720 suavis
1626 4678 1704 4722 est
1733 4667 2005 4726 Dominus.

445 4745 522 4799 Ex
552 4762 700 4812 vero,
744 4749 940 4820 inquit,
990 4767 1129 4821 pane
1178 4762 1425 4823 gustato,
1487 4757 1581 4826 qui
1615 4758 1897 4815 descendit
1941 4778 2008 4817 ex

444 4838 605 4894 caelo.
636 4838 830 4895 Beatus
855 4844 933 4895 vir
972 4843 1063 4913 qui
1103 4856 1278 4914 sperat
1328 4846 1385 4901 in
1443 4863 1541 4913 eo;
1570 4847 1809 4905 futuram
1858 4852 2005 4907 enim

447 4931 610 4985 vitam
636 4943 1024 5002 consequetur.

516 5023 606 5079 ill.
633 5022 827 5078 Diuites
857 5038 1101 5096 eguerunt
1128 5036 1176 5081 et
1195 5030 1513 5084 esurierunt.
1540 5028 1804 5088 Videlicet
1834 5050 2009 5105 popu-

444 5115 530 5168 lus
559 5113 839 5170 Iudaicus.
875 5113 1202 5187 Inquirentes
1229 5130 1404 5174 autem
1444 5121 1722 5175 Dominum
1778 5141 1880 5177 non
1910 5128 2011 5179 mi-

445 5218 671 5261 nuentur
693 5208 745 5262 in
772 5209 912 5261 omni
942 5210 1094 5263 bono.
1114 5210 1295 5264 Alium
1314 5212 1445 5266 dicit
1467 5213 1704 5282 gentium
1729 5216 2011 5286 pepulum.

518 5385 605 5440 Η.
645 5386 843 5449 Venite,
873 5388 996 5458 ﬁlii,
1036 5388 1215 5444 audite
1245 5407 1346 5456 me,
1378 5391 1616 5446 timorem
1668 5392 1879 5448 Domini
1911 5395 2006 5448 do-

450 5472 570 5525 cebo
595 5491 747 5530 ros...
772 5491 821 5532 et
850 5479 993 5532 latia
1025 5488 1116 5532 tua
1146 5497 1206 5534 ne
1233 5481 1518 5552 loquantur
1541 5482 1744 5538 dolum.
1799 5484 2013 5540 Doctri-

454 5574 580 5612 nam
617 5564 868 5631 gentibus
897 5569 1297 5637 praedicandam
1330 5571 1606 5642 proponit,
1652 5573 1810 5643 cujus
1832 5577 2013 5644 primo

454 5664 574 5705 esse
586 5653 664 5708 ait
687 5653 920 5711 timoren
950 5658 1078 5712 Dei:
1110 5662 1350 5715 secundo
1366 5676 1473 5716 non
1499 5664 1803 5721 obtrectare
1822 5665 2012 5736 fratri;

533 5786 576 5818 τι
600 5784 757 5845 Hebr,
786 5808 825 5850 ι,
867 5796 921 5848 Μ
1029 5799 1066 5831 τ’
1094 5798 1227 5857 Gen.
1264 5817 1448 5873 sum,
1478 5804 1561 5859 13.

1657 5806 1851 5861 "Gen.
1889 5824 2034 5867 nn“.
2075 5809 2162 5866 40.

2106 3310 2236 3349 τονα
2256 3294 2364 3349 τῶν
2394 3296 2770 3370 πολεμούντων
2794 3302 3059 3375 ἀπέφηνε.

2176 3476 2551 3546 Παρεμϐαλεῖ
2568 3477 2822 3549 ἅγγελος
2844 3481 3067 3551 Κιιρίου
3091 3483 3296 3546 κύκλῳ
3320 3482 3439 3537 τῶν
3458 3485 3677 3554 φοϐου-

2101 3565 2302 3635 μένων
2328 3568 2533 3637 αὐτύν,
2551 3570 2650 3624 καί
2670 3573 2921 3640 ῥύσεται
2942 3576 3184 3642 αὐτούς.
3204 3575 3373 3630 Τοῦτο
3400 3582 3682 3649 συμφωνεῖ

2108 3658 2202 3711 καὶ
2237 3657 2331 3711 τοῦ
2376 3660 2697 3716 ’Λποστόλου
2734 3668 2848 3729 τοῖς
2882 3666 3107 3737 ῥήμασι·
3142 3668 3269 3737 περί
3303 3667 3410 3739 γὰρ
3441 3669 3549 3721 τῶν
3575 3671 3679 3738 ἀγ-

2107 3749 2281 3819 γέλων
2313 3744 2469 3817 οὗτός
2498 3771 2684 3827 φησιν·
2723 3758 2869 3825 Οὐχὶ
2898 3759 3120 3826 πάντες
3153 3760 3271 3815 εἰσί
3302 3766 3681 3833 λειτουργικὰ

2109 3843 2419 3913 πνεύματα
2472 3848 2560 3913 εἰς
2618 3850 2995 3919 λειτουργίαν
3044 3853 3538 3925 ἀποστελλόμενα
3579 3856 3681 3911 δρὰ

2108 3933 2253 3999 τοὺς
2312 3935 2653 4005 μέλλοντας
2697 3941 3094 4011 κληρονομεῖν
3138 3946 3460 4014 σωτηρίαν.
3524 3945 3680 4000 Οὕτω

2109 4025 2202 4079 καὶ
2238 4028 2267 4079 ὁ
2293 4028 2559 4099 μακάριος
2594 4028 2788 4084 Ἰακὼϐ
2813 4034 3243 4105 προσευχόμενός
3271 4053 3449 4108 φησιν·
3492 4037 3547 4089 '0
3573 4038 3680 4108 ἅγ-

2110 4121 2285 4187 γελος
2314 4120 2346 4172 ὀ
2362 4117 2708 4189 ῥυσάμενός
2723 4139 2801 4191 με
2825 4122 2893 4176 ἐκ
2915 4123 3155 4179 πάντων
3174 4123 3293 4181 τῶν
3314 4125 3512 4182 κακῶν
3528 4147 3669 4199 μου.

2112 4207 2267 4261 Οὕτω
2302 4210 2396 4262 καὶ
2439 4210 2468 4261 ὁ
2509 4213 2850 4284 πατριάρχης
2894 4214 3143 4287 Ἀϐραὰμ
3170 4216 3306 4290 πρὸς
3331 4218 3421 4271 τὸν
3464 4220 3674 4291 θαυμά-

2114 4316 2227 4352 σιον
2270 4301 2485 4374 οἰκέτην
2522 4301 2624 4374 ἔφη
2645 4318 2657 4331 ο
2706 4304 2915 4372 Κύριος
2944 4309 2977 4361 d
3018 4308 3161 4375 Θεὸς
3207 4309 3535 4365 ἀποστελεῖ
3572 4311 3681 4366 τὸν

2113 4389 2370 4462 ἄγγελον
2413 4393 2599 4448 αὐτοῦ
2651 4394 2765 4463 πρὸ
2810 4398 3131 4464 προσώπου
3176 4415 3326 4468 σου,
3363 4403 3461 4457 καί
3503 4404 3679 4475 λήψῃ

2042 4507 2090 4567 D
2116 4481 2370 4553 γυναῖκα
2398 4481 2479 4548 τῷ
2501 4483 2609 4550 υἱῷ
2638 4501 2758 4555 μου
2820 4488 3013 4543 Ἰσαὰκ
3054 4491 3300 4547 ἐκεῖθεν.
3330 4492 3483 4549 Οὕτω
3519 4496 3615 4549 καὶ
3651 4496 3681 4548 ὁ

2121 4572 2387 4647 μακάριος
2409 4572 2555 4646 λὲγει
2578 4577 2872 4650 Ζαχαρίας·
2900 4581 2952 4633 Ὁ
2979 4582 3229 4652 ἄγγελος
3245 4587 3277 4639 ό
3303 4586 3509 4640 λαλῶν
3525 4589 3679 4657 ἐμοί.

2187 4666 2503 4720 Γεύσασθε
2522 4707 2537 4731 ,
2578 4669 2675 4723 καί
2723 4669 2897 4735 ιδετε,
2929 4672 3017 4727 ὅτι
3062 4676 3323 4744 χρηστὸς
3369 4681 3403 4732 d
3442 4680 3678 4746 Κύριος.

2115 4752 2221 4806 Τοῦ
2253 4754 2503 4826 ἀληθινοῦ
2532 4758 2717 4830 ἄρτου,
2742 4763 2893 4832 φησὶ,
2923 4764 3207 4831 γεύσασθε,
3232 4766 3323 4821 τοῦ
3347 4769 3681 4833 καταϐάντος

2114 4844 2173 4912 ἐξ
2205 4846 2454 4917 οὐρανοῦ.
2499 4849 2797 4918 Μακάριος
2829 4853 2982 4922 ἀνὴρ
3016 4854 3081 4923 ὃς
3106 4856 3324 4919 ἐλπίζει
3348 4858 3442 4912 ἐπ’
3472 4860 3678 4915 αὐτόν’

2112 4935 2221 5003 ’ἐξει
2246 4937 2353 5008 γὰρ
2383 4939 2482 5010 τὴν
2516 4940 2813 5011 μέλλουσαν
2838 4944 3000 5017 ζωήν.

2185 5032 2474 5085 Πλούσιω
2503 5031 2892 5102 ἐπτώχευσαν
2919 5038 3018 5091 καί
3057 5039 3406 5099 ἐπείνασαν.
3432 5042 3681 5115 Δηλονότι

2114 5120 2143 5173 ὁ
2173 5121 2279 5175 τῶν
2323 5122 2586 5178 Ἰουδαίων
2631 5125 2776 5190 λαός.
2818 5131 2883 5182 Οἱ
2924 5128 2993 5183 δὲ
3023 5132 3405 5201 ἐπιζητοῦντες
3435 5135 3539 5189 τὸν
3566 5138 3683 5191 Κύ-

2107 5231 2246 5281 ριον
2289 5216 2403 5269 οὐκ
2460 5216 2974 5287 ἐλαττωθήσονται
3008 5224 3233 5292 παντὸς
3280 5227 3523 5296 ἀγαθοῦ.
3579 5228 3683 5281 Τὸν

2115 5304 2300 5375 ἕτερον
2331 5305 2475 5375 λέγει
2499 5307 2589 5361 τὸν
2621 5308 2729 5361 τῶν
2761 5310 2951 5367 ἐθνῶν.

2184 5396 2378 5463 Δεῦτε,
2408 5396 2604 5459 τέκνα,
2631 5399 2928 5456 ἀκούσατέ
2952 5422 3095 5472 μουο
3123 5408 3310 5475 φόϐον
3341 5410 3562 5477 Kvplov
3593 5408 3682 5463 δι-

2116 5486 2276 5551 δάξω
2304 5486 2458 5557 ὑμᾶς
2487 5527 2502 5543 .
2540 5529 2554 5542 .
2586 5529 2599 5543 .
2638 5531 2655 5547 .
2685 5528 2700 5543 .
2733 5531 2747 5545 .
2778 5494 2878 5547 καὶ
2909 5497 3081 5564 χείλη
3111 5513 3226 5551 σου
3258 5500 3365 5553 τοῦ
3389 5500 3475 5569 μὴ
3501 5499 3683 5566 λαλῆ-

2119 5594 2224 5634 σαι
2282 5582 2486 5635 δόλον.
2537 5582 2892 5639 Διδασκαλίαν
2942 5587 3111 5644 ἐθνῶν
3170 5592 3559 5661 παρατίθεται,
3613 5587 3684 5663 ἦς

2123 5671 2336 5743 πρῶτον
2364 5673 2454 5725 τὸν
2482 5674 2642 5741 φόϐον
2684 5677 2777 5730 τοῦ
2815 5678 2950 5732 Θεοῦ
2984 5675 3121 5735 εἷναί
3154 5700 3284 5754 φησι
3303 5701 3317 5716 ’
3346 5683 3593 5754 δεύτερον
3622 5684 3681 5736 τὸ

2243 5813 2284 5843 ’⁵⁷
2322 5810 2549 5867 Zachar.
2590 5828 2647 5881 η,
2684 5814 2735 5871 '5.
