3944 6220
303 296 395 352 169

1336 297 1705 352 EXPOSITIO
1763 297 1827 350 IN
1868 294 2195 352 PSALMUM
2236 294 2474 351 XXXIV.

3417 304 3520 358 1ῖο

299 412 366 480 μὴ
393 410 710 464 καταλαλεῖν
738 411 962 480 ἀδελφοῦ
984 428 996 440 ·
1033 410 1235 481 τρίτον,
1263 411 1414 464 δόλου
1439 413 1635 477 παντὸς
1662 411 1850 465 παύειν

1985 410 2131 472 ertio,
2167 409 2235 464 ab
2263 409 2409 478 omni
2447 409 2638 463 doloso
2663 409 2808 464 dicto
2839 410 2979 464 labia
3039 426 3325 479 coercere;
3352 430 3520 483 quar-

297 497 356 548 τὲι
383 496 554 566 χείλη·
583 498 859 568 τέταρτον,
888 499 1093 569 ἀποχὴν
1123 501 1319 563 παντὸς
1349 501 1516 553 κακοῦ
1541 504 1635 554 καὶ
1665 504 1856 572 ἐπιτή-

296 587 466 638 δευσιν
508 589 715 656 ἀγαθοῦ
762 592 816 642 ὲν
851 591 1068 646 ἅπασιν.
1129 591 1241 659 Ἐφ’
1290 592 1489 644 ἅπασιν
1534 592 1590 645 δὲ
1626 593 1853 655 τούτοις,

298 679 512 746 εἰρήνην
565 678 871 730 ἐπιδιώκειν
917 681 1008 732 καὶ
1056 680 1371 749 ἀντέχεσθαι
1423 681 1610 749 αὐτῆς.
1654 683 1856 753 Εἰρήνη

298 766 349 817 δὲ
375 769 403 818 ό
439 769 692 836 Χριστός.
725 769 938 822 Τούτων
962 770 1018 822 δὲ
1058 771 1154 840 τὴν
1186 771 1525 839 ἐπιτήδευσιν
1556 771 1697 841 ζωὴν
1724 769 1858 824 εἶναι

301 855 438 922 λέγει
471 858 565 908 καὶ
593 858 803 926 ἡμέρας
826 859 1054 926 ἀγαθάς.

370 948 692 1000 Ἐκκλινον
728 948 848 1001 ἀπὸ
903 949 1114 1012 κακοῦ,
1159 949 1254 1002 καί
1300 949 1559 1016 ποίησον
1597 950 1854 1017 ἀγαθόν’

301 1035 550 1101 ζήτησον
573 1037 839 1104 εἰρήνην,
863 1040 958 1090 καὶ
986 1039 1200 1102 δίωξον
1223 1039 1432 1106 αὑτήν.
1460 1040 1551 1103 Τὸ,
1576 1041 1860 1094 ἐκκλινυν

301 1124 408 1176 ἀπὸ
437 1127 648 1190 κακοῦ,
676 1129 703 1178 ὁ
737 1127 898 1195 φόϐος
923 1128 1190 1181 διδάσκει·
1216 1130 1276 1196 τὸ
1307 1130 1394 1192 δὲ,
1424 1131 1683 1195 ποίησον
1720 1130 1860 1198 ἀγα-

296 1213 419 1276 θὸν,
448 1216 482 1283 ἡ
507 1216 714 1285 ἀγάπη.
741 1217 831 1268 Διὸ
857 1217 1055 1286 μείζων
1081 1221 1108 1270 ὁ
1134 1217 1359 1286 ἀγαπῶν
1389 1218 1481 1270 τοῦ
1505 1217 1855 1288 φοϐουμένου.

371 1304 684 1373 Ὀρθαλμοὶ
715 1308 932 1374 Κυρίου
959 1307 1057 1360 ἐπὶ
1083 1308 1372 1373 δικαίους,
1403 1309 1500 1361 καὶ
1529 1304 1649 1362 ὦτα
1672 1310 1858 1363 αὑτοῦ

298 1395 378 1456 εις
404 1393 616 1460 δέησιν
659 1397 876 1451 αὐτῶν.
911 1398 1099 1464 Μέγαν
1138 1401 1203 1468 τῇ
1247 1398 1585 1468 ἐπιτηδεύσει
1611 1400 1708 1468 τῆς
1735 1400 1859 1470 ἀρε-

299 1487 387 1552 τῆς
408 1486 709 1540 ἀποδέδωκε
733 1488 941 1557 μισθὸν,
973 1489 1030 1540 τὸ
1059 1489 1299 1560 ἐπόπτην
1322 1488 1464 1559 ἔχειν
1495 1490 1646 1542 Θεόν.

327 1689 334 1692 -
363 1664 670 1718 Φυλάσσει
699 1665 1131 1733 Κύριοςλπάντα
1157 1666 1227 1719 τὰ
1261 1664 1412 1720 ὀστᾶ
1435 1665 1654 1719 αὐτῶν.
1697 1666 1860 1719 Ὀστᾶ

1959 507 2036 561 ιο,
2073 497 2344 551 abstinere
2369 496 2436 550 ab
2464 497 2609 549 omni
2638 497 2804 559 malo,
2856 506 2909 551 et
2947 513 3134 552 curam
3159 499 3212 552 in
3253 501 3510 555 omnibus

1959 588 2150 658 agendi
2176 588 2302 640 boni
2331 586 2545 639 habere.
2571 587 2649 640 Ad
2677 587 2790 640 hzec
2818 587 3026 652 omnia,
3049 603 3237 657 pacem
3260 591 3516 660 persequi

1958 688 2011 731 et
2049 677 2289 746 adipisci.
2325 677 2435 730 Pax
2467 686 2648 731 autem
2685 677 2936 732 Christus
2985 688 3088 732 est.
3122 679 3394 735 Harumce
3423 697 3514 736 re-

1959 784 2078 822 rum
2127 769 2572 835 sollicitudinem,
2598 769 2674 822 ait
2706 769 2871 822 vitam
2902 784 3026 823 esse
3057 778 3110 823 ct
3156 771 3273 825 dies
3319 771 3515 826 bonos.

2033 942 2114 996 M.
2158 942 2373 998 Declina
2401 963 2432 999 a
2459 946 2598 999 malo
2619 956 2668 1000 et
2693 949 2778 1016 [ac
2809 949 2996 1000 bonum
3035 964 3051 1001 :
3089 951 3292 1019 inquire
3318 963 3520 1018 pacem,

1957 1040 2006 1082 et
2032 1046 2332 1100 persequere
2362 1050 2496 1086 eam.
2553 1033 2708 1098 Illud,
2746 1037 2946 1088 declina
3001 1054 3032 1090 a
3068 1039 3228 1101 malo,
3271 1039 3427 1093 docet
3457 1041 3522 1092 ti-

1959 1135 2112 1174 mor:
2145 1123 2247 1176 hoc
2273 1138 2421 1187 vero,
2452 1133 2500 1176 et
2541 1125 2626 1192 fac
2654 1125 2864 1192 bonum,
2901 1143 3075 1181 amor.
3109 1128 3288 1194 Quare
3321 1147 3515 1186 amans

1961 1210 2181 1264 timente
2204 1214 2566 1279 praestantior.

2030 1299 2118 1351 15.
2156 1298 2308 1352 Oculi
2339 1299 2554 1354 Domini
2604 1319 2760 1372 super
2811 1305 3011 1372 justas,
3045 1315 3094 1359 et
3125 1322 3278 1360 aures
3319 1307 3431 1376 ejus
3465 1309 3521 1361 is

1959 1402 2132 1456 preces
2161 1403 2362 1442 eorum.
2395 1384 2639 1458 Magnam
2663 1392 2844 1446 studio
2870 1393 3084 1448 virtutis
3102 1395 3290 1448 tribuit
3317 1411 3497 1450 merce.

1960 1477 2103 1542 dem,
2133 1478 2279 1546 quod
2322 1479 2532 1534 scilicet
2561 1481 2921 1552 inspectorem
2952 1492 3005 1538 et
3026 1491 3259 1540 tutorem
3286 1486 3520 1542 habeant

1961 1563 2152 1620 Deum.

2030 1660 2118 1713 2|.
2173 1659 2414 1716 Custodit
2457 1663 2716 1718 Dominus
2747 1671 2923 1720 omnia
2955 1685 3076 1723 ossa
3137 1687 3338 1724 eorum.
3379 1671 3517 1727 Ossa.

297 1770 421 1823 φησι
448 1754 546 1816 τὰς
572 1755 669 1824 τῆς
700 1753 877 1825 ψυχῆς
901 1756 1176 1825 δυνάμεις.
1201 1755 1346 1807 assa
1374 1754 1430 1806 δέ
1459 1757 1563 1806 εισι
1590 1754 1859 1807 δικαιοσύ-

1985 1751 2186 1807 ’ἱι-ιυιεε
2209 1755 2376 1808 animi
2405 1755 2556 1810 dicit.
2590 1755 2708 1825 lpsa
2738 1771 2868 1812 vero
2909 1768 3037 1814 sunt
3075 1759 3309 1829 iustitia,
3336 1777 3521 1831 perse-

295 1863 376 1914 νη,
401 1846 684 1915 καρτερία,
720 1845 970 1898 εὐσέὸεια
1005 1846 1098 1898 καὶ
1136 1846 1304 1904 πᾶσα,
1345 1845 1420 1907 ὡς
1448 1846 1638 1907 εἰπεῖν,
1667 1845 1853 1916 ἀρετή.

361 1933 622 1998 Θάνατος
665 1933 1026 2002 ἁμαρτωλῶν
1064 1936 1342 2001 πονηρός.
1386 1934 1490 1986 Τὸν
1535 1933 1633 2002 τῆς
1685 1932 1859 2002 ψυχῆς

293 2005 516 2076 ῡὰνατὸν
546 2042 730 2094 φησιν,
760 2025 818 2077 ὃν
853 2026 947 2077 καὶ
982 2025 1282 2090 διαδέξεται
1322 2023 1433 2095 πῦρ
1462 2023 1696 2086 αἰώνιον,
1737 2023 1859 2075 σκό-

293 2130 376 2176 τος
422 2113 720 2184 ἐξώτερον,
775 2115 1070 2186 ἀκοίμητος
1126 2113 1377 2184 σκώληξ,
1434 2113 1706 2184 κλαυθμὸς
1766 2115 1858 2166 καὶ

293 2204 525 2273 ὀδυρμὸς
549 2205 656 2258 τῶν
684 2206 928 2259 ὀδόντων.
956 2194 1154 2260 Γέεννα
1185 2205 1294 2276 γὰρ
1322 2205 1515 2268 αὐτοὺς
1546 2207 1642 2258 καὶ
1670 2205 1859 2266 σκότος

294 2293 572 2364 διαδέχετα

683 2409 980 2462 ΨΑΛΜΟΣ
1005 2407 1083 2474 τῷ
1111 2408 1308 2462 Δαυτδ.
1339 2411 1462 2462 ΛΔν..

915 2520 1243 2587 ’Υπόθεσιᾳ

303 2630 393 2685 Ἕκ
423 2633 717 2703 προσώπου
753 2632 844 2686 τοῦ
870 2633 1184 2696 πεποιθότος
1208 2634 1298 2686 ἐπὶ
1316 2633 1447 2686 Θεὸν
1473 2633 1566 2686 καὶ
1596 2630 1858 2698 πολεμου-

363 2736 526 2791 μενου
563 2716 668 2775 ὑπὸ
711 2723 818 2776 τῶν
849 2725 1067 2793 ἀφανῶν
1095 2723 1373 2793 δυνάμεων
1419 2721 1486 2775 τὰ
1524 2720 1857 2791 προκείμενα

355 2812 596 2881 λέγεται,
623 2813 654 2884 ἢ
687 2814 781 2867 καὶ
805 2815 870 2866 ἐκ
930 2814 1022 2866 τοῦ
1057 2814 1215 2885 χοροῦ
1246 2811 1352 2866 τῶν
1384 2810 1709 2865 ἀποστόλων.
1739 2809 1857 2861 Ela-

356 2902 550 2970 ἁγεται
599 2903 654 2956 δὲ
699 2903 792 2956 καὶ
818 2903 1102 2974 πρόσωπον
1137 2902 1229 2955 τοῦ
1262 2900 1519 2972 Χριστοῦ,
1548 2898 1619 2952 τὰ
1664 2899 1756 2950 ἐπὶ
1781 2897 1858 2968 τῷ

358 2991 520 3045 πάθει
547 2991 698 3060 παρὰ
745 2991 853 3044 τῶν
897 2993 1163 3045 Ἰουδαίων
1207 2993 1286 3054 εἰς
1325 2990 1483 3043 αὐτὸν
1522 2988 1856 3058 γεγενημένα

355 3081 715 3151 διηγουμένου
737 3122 752 3145 ,
800 3082 934 3151 πρὸς
968 3081 1241 3152 ὑπομονὴν
1287 3081 1382 3133 καὶ
1430 3079 1721 3152 καρτερίαν
1749 3077 1856 3130 τῶν
1884 3066 1924 3120 C

362 3171 785 3240 πολεμουμένων
818 3171 903 3224 διὰ
934 3171 1086 3224 Θεὸν.

351 3263 638 3323 Δίκασον,
668 3263 865 3329 Κύριε,
909 3262 1050 3326 τοὺς
1085 3259 1442 3325 ἀδικοῦντάς
1469 3275 1566 3326 με,
1598 3253 1846 3323 πολέμη-

290 3368 398 3404 σον
426 3352 574 3417 τοὺς
598 3351 1008 3421 πολεμοῦντάς
1032 3367 1126 3418 με.
1159 3347 1247 3419 Τῷ
1281 3347 1554 3419 προσώπῳ
1577 3345 1685 3398 τῶν
1723 3345 1858 3397 ἀπο-

293 3442 488 3495 στόλων
517 3443 748 3512 ἁρμόσει
778 3444 812 3512 ἡ
847 3442 1121 3513 πρόσοδος.

357 3534 496 3596 Τοὺς
537 3534 820 3596 Ἰουδαίους
863 3534 1046 3604 φησιν,
1088 3534 1135 3586 οἳ
1183 3533 1257 3605 μὴ
1295 3533 1507 3603 ἔχοντες
1547 3534 1603 3586 ὲν
1646 3533 1856 3594 ἑαυτοῖς

292 3624 529 3692 εἰρήνην,
562 3623 827 3691 πολέμους
857 3623 1055 3694 ἔχουσι,
1086 3626 1178 3677 καὶ
1203 3624 1493 3695 πολεμοῦσι
1521 3624 1772 3695 Χριστὸν,
1796 3624 1854 3686 ὃς

293 3715 428 3767 ἔστιν
448 3715 646 3785 εἰρήνη
674 3714 850 3784 ἡμῶν.
879 3715 1172 3784 (Hactenus
1200 3715 1430 3785 (ἔπεσα.)

1958 1843 2218 1906 verantia,
2256 1844 2447 1912 pietas,
2481 1855 2554 1906 et,
2585 1854 2647 1900 ut
2674 1847 2874 1910 dicam,
2905 1850 3079 1905 virtus
3102 1854 3301 1908 omnis.

1997 1932 2118 1985 -22.
2165 1931 2312 1986 Mors
2341 1942 2674 2002 peccatorum
2730 1939 2975 2004 pessima.
3025 1940 3236 1997 Animae
3285 1954 3516 2001 mortem

1951 2022 2230 2092 intelligit,
2300 2039 2464 2092 quam
2509 2025 2782 2094 excipient
2812 2027 2952 2099 ignis
2994 2039 3257 2096 aeternus,
3289 2036 3522 2090 tenebrae

1961 2114 2281 2177 exteriores,
2317 2115 2518 2170 vermis
2553 2131 2829 2186 nunquam
2886 2120 3203 2189 moriturus,
3255 2124 3412 2179 ﬂetus
3469 2139 3525 2182 et.

1955 2205 2158 2259 stridor
2173 2206 2436 2260 dentium.
2455 2207 2712 2264 Gehenna
2730 2209 2928 2279 quippe
2952 2220 3006 2266 et
3021 2213 3252 2268 tenebrae
3266 2229 3362 2270 eos
3375 2215 3525 2272 exci-

1955 2295 2129 2363 piunt.

2303 2403 2642 2460 PSALJIUS
2685 2405 2874 2462 David.
2902 2408 3168 2462 XXXIV.

2536 2519 2936 2588 Argumentum.

1955 2629 2241 2698 Proposita
2272 2630 2436 2684 verba
2469 2630 2728 2686 dicuntur
2767 2647 2832 2686 ex
2860 2647 3090 2700 persona
3112 2635 3231 2702 ejus
3281 2636 3374 2704 qui
3403 2635 3521 2690 Deo

2029 2718 2306 2773 confidens
2346 2719 2414 2772 ab
2473 2721 2702 2774 occultis
2752 2721 3110 2789 potestatibus
3150 2733 3512 2793 oppugnatur,

2030 2817 2126 2863 aut
2146 2807 2379 2864 fortasse
2411 2824 2474 2862 ex
2501 2825 2733 2878 persona
2785 2811 2936 2866 chori
2980 2813 3372 2880 apostolorum.
3431 2813 3524 2870 Ιη-

2029 2899 2248 2953 ducitur
2276 2899 2403 2953 item
2453 2914 2682 2967 persona
2724 2899 2929 2957 Christi
2969 2917 3033 2957 ea
3060 2905 3368 2960 enarrantis
3395 2921 3517 2974 qua:

2033 2989 2132 3043 sibi
2166 2999 2407 3057 tempore
2440 2987 2716 3044 Passionis
2739 3006 2770 3044 a
2799 2989 2999 3047 Iudaeis
3032 2992 3178 3047 illata
3208 3007 3334 3048 sunt
3357 2996 3518 3053 mala.

2027 3079 2096 3132 ad
2126 3078 2404 3147 patientiae
2449 3088 2502 3133 et
2545 3081 2957 3149 perseverantiae
3007 3082 3410 3139 hortamentum
3453 3086 3523 3142 iis

2031 3169 2122 3236 qui
2143 3177 2357 3236 propter
2383 3167 2553 3223 Deum
2587 3170 2992 3240 impugnantur.

2035 3263 2084 3313 1.
2118 3258 2333 3324 ludica,
2363 3260 2605 3327 Domine,
2654 3273 2892 3317 nocentes
2928 3281 3028 3331 me,
3085 3282 3326 3336 expugna
3351 3269 3522 3336 impu-

1958 3359 2174 3419 gnantes
2226 3365 2326 3404 me.
2379 3349 2635 3406 Personae
2687 3353 3058 3420 apostolorum
3111 3357 3364 3410 convenit
3395 3371 3520 3425 sup-

1959 3438 2194 3507 plicatio.

2033 3526 2223 3579 Daniel
2251 3525 2538 3584 Barbarus.
2570 3528 2956 3599 Oppugnantes
2983 3530 3202 3588 Iudaeos
3248 3533 3520 3606 intelligit,

1959 3620 2074 3688 qui,
2099 3633 2223 3674 cum
2257 3619 2311 3671 in
2347 3634 2404 3673 se
2429 3635 2613 3687 pacem
2645 3636 2748 3675 non
2784 3622 3038 3686 habeant,
3086 3623 3285 3678 bellum
3327 3626 3525 3680 habent

1959 3718 2012 3764 et
2049 3718 2367 3779 oppugnant
2388 3709 2689 3774 Christum,
2723 3711 2814 3781 qui
2843 3722 2927 3767 est
2957 3729 3058 3782 pax
3094 3725 3300 3768 nostra.
3339 3715 3404 3771 Et
3425 3732 3520 3771 ex-

293 3821 539 3876 pugnans
584 3805 721 3860 Dens
761 3804 1050 3870 benefacit,
1087 3806 1185 3860 hos
1242 3806 1457 3876 quidem
1511 3805 1712 3875 justos,
1753 3803 1875 3857 illos
1912 3813 2040 3854 vero
2072 3798 2280 3853 amicos
2312 3798 2539 3864 faciens,
2573 3807 2627 3853 et
2677 3799 2983 3869 impediens
3017 3803 3259 3858 actiones
3290 3821 3412 3873 qua:
3459 3808 3513 3861 in

290 3901 528 3953 deterius
565 3899 944 3968 prolabuntur.

365 3990 688 4044 Ἐπιλαόοῦ
719 3990 911 4045 ὅπλου
943 3990 1039 4044 καὶ
1067 3989 1298 4057 θυρεοῦ,
1325 3989 1421 4042 καί
1447 3989 1737 4054 ἀνάστηθι
1769 3990 1855 4050 εἶς

287 4074 394 4141 τὴν
415 4075 718 4140 βοήθειάν
741 4093 878 4144 μου.
915 4076 1114 4128 Ὅπλον
1137 4078 1230 4129 καὶ
1255 4076 1444 4147 θυρεὸν
1465 4077 1555 4128 καὶ
1583 4077 1855 4144 ῥομφαίαν

289 4165 669 4249 ⁸τιμωρειῖτικὰς
689 4166 942 4236 δυνάμεις
973 4168 1281 4230 αἰνίττεται,
1313 4167 1410 4230 τὰς
1437 4165 1856 4236 ὲκπεμπομένας

290 4257 434 4326 παρὰ
459 4256 675 4326 Κυρίου
703 4257 836 4327 πρὸς
861 4258 1177 4328 ἐπικουρίαν
1203 4257 1310 4310 τῶν
1333 4257 1572 4309 δικαίων.

2029 3994 2084 4049 9..
2128 3985 2462 4062 Appreltende
2485 4012 2636 4048 arma
2661 4006 2710 4050 et
2734 4006 2962 4062 scutum,
2991 4008 3040 4051 et
3089 4015 3306 4069 exsurge
3331 4003 3388 4054 in
3429 4003 3526 4056 ad-

1953 4083 2212 4151 jutorium
2242 4084 2391 4147 mihi,
2419 4095 2524 4138 etc.
2552 4086 2739 4146 Arma,
2764 4095 3002 4153 scutum,
3033 4086 3261 4150 framea,
3296 4091 3523 4145 ultrices

1963 4173 2290 4227 adumbrant
2344 4183 2663 4242 potestates,
2700 4190 2730 4229 a
2778 4173 3010 4231 Domino
3035 4178 3105 4231 ad
3156 4193 3315 4246 opem
3355 4181 3525 4250 justis

1964 4261 2236 4316 ferendam
2280 4263 2572 4318 immissas.

358 4343 552 4400 Εἶπον
595 4344 671 4413 τῇ
717 4345 890 4414 ψυχῇ
928 4363 1063 4415 μου*
1108 4347 1370 4412 Σωτηρία
1413 4346 1529 4398 σού
1570 4348 1685 4413 ειμι

2039 4353 2090 4406 5.
2123 4351 2222 4404 Dic
2252 4353 2443 4406 anima:
2470 4369 2633 4408 meat:
2662 4355 2821 4409 Salus
2844 4363 2936 4408 tua
2965 4371 3056 4425 ego
3094 4372 3230 4409 sum.
3267 4356 3322 4411 ld
3359 4366 3410 4412 te
3435 4373 3525 4412 ro-

292 4436 454 4488 Τοῦτό
498 4454 584 4501 σε,
628 4435 812 4506 φησιν,
839 4436 973 4488 αἰτῶ
1009 4438 1180 4489 εἰπεῖν
1210 4439 1275 4506 τῇ
1319 4435 1461 4506 ψυχῇ
1509 4453 1641 4506 μου,
1671 4437 1745 4498 ὼς
1771 4453 1862 4504 γε-

293 4526 424 4595 νήσῃ
453 4527 600 4594 αὐτῇ
631 4524 839 4594 βοηθός.

371 4616 956 4684 Ἀποστραρήτωσαν
981 4619 1066 4681 εὶς
1091 4616 1162 4669 τὰ
1196 4618 1404 4670 ὀπίσω.
1437 4615 1860 4688 Εὑεργετοῦνται

291 4706 335 4758 oi
365 4707 471 4760 ἀπὸ
498 4708 604 4776 τῆς
630 4707 828 4775 ἀρετῆς
854 4706 945 4758 ἐπὶ
977 4706 1084 4775 τὴν⁷
1109 4706 1303 4758 κακίαν
1339 4705 1631 4768 ὁδεύοντες,
1663 4705 1756 4756 ἐὰν
1783 4706 1860 4767 εἰς

293 4797 353 4847 τὰ
377 4797 558 4848 ὀπίσω
589 4796 1014 4864 ἐπιστραφῶσιν.

373 4884 627 4937 Έλθέτω
670 4881 830 4946 αὐτῷ
858 4883 895 4950 ἠ
934 4881 1112 4950 παγίς
1137 4880 1217 4948 ἣν
1243 4883 1312 4935 οὐ
1353 4881 1651 4950 γινώσκει,
1683 4881 1779 4932 καὶ
1823 4882 1859 4947 ἡ

295 4972 438 5039 θήρα
479 4972 564 5038 ἢν
611 4973 874 5038 ἔκρυψεν
919 4971 1269 5024 συλλαϐέτω
1309 4971 1515 5035 αὑτὸν,
1557 4970 1653 5023 καὶ
1679 4971 1749 5022 ἐν
1789 4969 1860 5037 τῇ

296 5064 489 5132 κοιτίδι
521 5062 797 5115 πεσεῖται
825 5062 894 5114 ἐν
926 5060 1099 5129 αὐτῇ.
1148 5062 1512 5132 Ἀντεστράφη
1539 5060 1648 5132 γὰρ
1674 5063 1751 5124 εἰς
1781 5077 1864 5113 κε-

294 5155 456 5220 φαλὰς
481 5153 740 5223 πονηρῶν
762 5155 795 5222 ἡ
813 5153 995 5220 παγίς.
1011 5153 1381 5224 Θηρεύσαντες
1399 5153 1526 5224 γὰρ,
1540 5155 1618 5215 εἰς
1639 5152 1862 5206 θάνατον

293 5244 761 5316 ἀντηγρεύθησαν,
797 5243 889 5294 καὶ
915 5243 1127 5313 θανάτῳ
1154 5243 1549 5314 παραδίδονται.

371 5336 428 5388 Ἠ
456 5334 528 5388 δὲ
566 5331 741 5402 ψυχή
777 5349 896 5401 μου
938 5333 1364 5401 ἀγαλλιάσεται
1395 5334 1494 5387 ἐπὶ
1539 5333 1618 5397 τῷ
1650 5333 1858 5402 Κυρίῳ.

295 5426 354 5476 Οἱ
395 5426 492 5495 μὲν
535 5421 634 5478 οὖν
659 5424 758 5494 τὴν
804 5424 983 5492 πάγην
1023 5424 1398 5495 ὲξηρτυκότες,
1417 5425 1508 5478 καὶ
1535 5424 1594 5476 τὸ
1624 5425 1722 5493 τῆς
1749 5425 1862 5478 δια·-

296 5519 491 5588 φθορᾶς
540 5515 688 5570 κατὰ
735 5513 830 5567 τοῦ
878 5515 1090 5568 πάντων
1142 5517 1297 5586 ἡμῶν
1340 5517 1588 5585 Σωτῆρος
1628 5514 1860 5586 Χριστοῦ

300 5607 574 5670 συνθέντες
621 5602 970 5686 σκευώυημα,
1003 5603 1102 5666 τὰς
1133 5605 1228 5674 τῆς
1270 5607 1347 5668 είς
1396 5605 1555 5656 αὐτὸν
1586 5603 1862 5673 παροινίας

621 5700 890 5756 Ριτιιοι..
938 5696 1054 5755 Gn.
1115 5696 1376 5756 XXVII.

1960 4457 2049 4511 go,
2081 4441 2276 4510 inquit,
2317 4450 2371 4495 ut
2393 4443 2591 4498 animae
2628 4459 2762 4498 mea:
2806 4444 2958 4499 dicas
2991 4453 3043 4499 te
3097 4446 3173 4499 illi
3215 4446 3520 4516 adiutorem

1960 4530 2230 4586 futurum.

2030 4615 2084 4667 4.
2106 4615 2423 4668 Avertantur
2456 4627 2763 4670 retrorsum.
2795 4616 2938 4672 Bene
2960 4618 3136 4687 agitur
3169 4635 3292 4674 cum
3319 4620 3389 4676 iis
3421 4622 3522 4697 qui

1959 4720 2026 4760 ex
2061 4706 2259 4759 virtute
2278 4706 2346 4760 ad
2387 4707 2648 4760 malitiam
2680 4714 3035 4773 transmeant,
3061 4710 3108 4764 si
3135 4720 3525 4766 convertantur

1962 4802 2203 4849 τοιτονειι
2212 4811 2262 4848 m
2271 4835 2284 4847 .

2033 4885 2088 4938 8.
2139 4884 2323 4937 Veniat
2358 4883 2440 4936 illi
2486 4884 2702 4950 laqueus
2768 4901 2922 4954 quem
2967 4886 3195 4954 ignorat,
3243 4901 3293 4944 et
3351 4894 3523 4958 captio

1962 4991 2120 5043 quam
2136 4973 2407 5028 abscondit
2433 4974 2784 5043 apprehendat
2813 4991 2953 5042 eum,
2999 4989 3046 5032 et
3083 4979 3134 5031 in
3159 4978 3402 5049 laqueum
3429 4998 3521 5033 ca-

1962 5066 2054 5114 dat
2095 5064 2150 5116 in
2187 5064 2379 5132 ipsum.
2427 5061 2484 5116 lu
2519 5071 2684 5132 caput
2746 5063 3062 5133 iniquorum
3113 5069 3340 5138 laqueus
3385 5083 3519 5122 con-

1963 5168 2154 5206 versus
2179 5161 2281 5206 est.
2313 5151 2450 5206 Cum
2475 5152 2620 5206 enim
2651 5153 2719 5206 ad
2766 5163 2998 5210 mortem
3033 5166 3378 5221 venarentur,
3414 5156 3516 5226 ipsi

1964 5254 2151 5295 contra
2177 5243 2318 5312 capti
2350 5252 2475 5297 sunt
2500 5252 2552 5298 et
2576 5245 2738 5298 morti
2766 5247 2966 5300 traditi.

2037 5333 2090 5387 9.
2126 5334 2315 5386 Anima
2338 5344 2512 5387 autem
2562 5351 2676 5388 mea
2725 5337 3013 5390 exsultabit
3045 5337 3098 5388 in
3139 5336 3384 5392 Domino.
3418 5337 3522 5406 Qui

1962 5424 2217 5492 laqueum
2245 5433 2654 5490 paraverunt,et
2678 5427 2970 5494 perniciem
2997 5427 3237 5481 omnium
3273 5440 3520 5484 nostrum

1966 5512 2234 5566 Salvatori
2258 5511 2478 5568 Christo
2509 5514 2680 5568 moliti
2741 5523 2889 5577 sunt,
2921 5515 3182 5574 facinoris
3225 5518 3278 5572 in
3315 5520 3518 5590 ipsum,

1964 5601 2141 5656 modis
2168 5615 2340 5671 nuper
2374 5616 2404 5654 a
2434 5602 2588 5657 nobis
2631 5603 2938 5671 descriptis,
2992 5619 3182 5672 poenas
3228 5608 3403 5670 luent.
3453 5611 3524 5663 At

3208 5700 3246 5757 6
