3944 6220
358 293 463 352 fit

1176 294 1233 350 S.
1271 295 1643 353 ATHANASII
1682 295 1835 352 OPP.
1893 296 2071 352 PARS
2108 296 2194 353 ιιι.
2230 328 2301 341 --
2341 294 2755 355 EXEGETICA.

3494 305 3598 363 I73

362 409 540 465 anima
571 423 708 475 mea,
741 409 935 480 inquit,
965 411 1117 466 omni
1174 413 1316 467 malo
1343 427 1562 484 semper
1600 414 1770 469 libera
1802 412 1924 478 erit,

2031 388 2535 489 elcnpaxbﬁc’ovrat’
2571 416 2752 480 δίκας,
2799 419 2939 471 κατά
2970 438 3032 488 γε
3072 424 3196 487 τοὺς
3238 424 3436 495 ἀρτίως
3464 425 3597 494 ἡμῖν

360 508 616 568 perpetuo
642 499 783 568 apud
816 498 980 553 Deum
1003 498 1193 556 fruens
1222 502 1440 573 gaudio,
1466 512 1519 557 et
1544 503 1804 559 delectata
1833 519 1928 558 su-

362 604 456 656 per
477 590 704 644 salutari
735 590 874 658 ejus.

2035 503 2354 574 εἰρημένους
2386 504 2636 575 τρόπους·
2674 508 2707 575 ἡ
2741 504 2797 558 δέ
2843 523 2906 574 γε
2944 509 3048 578 ἐμὴ
3074 509 3237 581 ψυχὴ,
3270 511 3451 580 φησὶν,
3488 510 3595 575 ἔξω

2034 593 2230 657 παντὸς
2267 593 2418 647 ἔσται
2467 593 2638 647 δεινοῦ
2682 594 2956 665 διηνεκέςο
3008 599 3173 668 ἤγουν
3224 601 3597 670 ἀκατάληκτον

356 678 551 750 ἔχουσα
599 679 659 733 τὸ
707 681 917 753 χαίρειν
968 684 1058 736 ἐπὶ
1108 682 1254 752 Θεῷ,
1300 683 1392 736 καὶ
1438 684 1920 757 κατευφραίνεσθαι
1948 684 2066 737 λίαν
2090 687 2181 738 ἐπὶ
2214 683 2290 755 τῷ
2321 687 2569 757 σωτηρίῳ
2592 687 2776 740 αὑτοῦ.

427 770 623 825 Daniel
645 771 922 826 Barbarus
949 789 966 826 :
996 771 1189 827 Omnia
1213 790 1352 837 assa,
1380 773 1432 827 id
1465 784 1568 838 est,
1598 790 1789 830 omnes
1817 776 2088 831 homines.

426 864 630 930 10,“.
685 862 965 934 Surgentes
1019 874 1170 918 testes
1205 864 1396 933 iniqui,
1442 880 1560 933 qua:
1609 865 1920 934 ignorabam

2108 865 2496 932 Ἀναστάντες
2539 886 2643 936 μοι
2679 868 2977 937 μάρτυρες
3008 867 3219 932 ἄδικοι,
3259 867 3297 923 ἁ
3329 872 3438 925 οὐκ
3474 872 3597 940 ἐγί-

355 953 755 1023 interrogabant
786 969 886 1006 me.
924 952 1063 1007 Hinc
1106 953 1382 1008 inducitur
1408 952 1617 1007 Christi
1685 968 1921 1023 persona

2015 968 2266 1027 γωσκον
2313 954 2555 1022 ἠρώτων
2594 973 2692 1026 με.
2749 957 3026 1009 Ἐντεῦθεν
3065 955 3337 1024 εἰσάγεται
3389 956 3448 1009 τὸ
3494 957 3591 1010 τοῦ

353 1041 421 1095 ad
448 1040 687 1095 tribunal
715 1040 1020 1111 principum
1048 1042 1392 1096 sacerdotum
1426 1039 1567 1098 l'also
1598 1042 1783 1097 delati.

433 1280 807 1336 lietribuebant
835 1282 960 1334 mihi
1006 1282 1149 1335 mala
1184 1298 1278 1351 pro
1317 1282 1464 1336 bouis
1494 1290 1543 1336 et
1587 1283 1915 1338 sterilitatem

352 1371 543 1425 anima:
566 1387 712 1424 mem.
749 1369 861 1425 Hoc
886 1370 978 1435 ait,
1007 1370 1134 1440 quia
1178 1371 1385 1441 indigni
1420 1371 1522 1425 visi
1556 1380 1684 1426 sunt
1710 1372 1787 1424 illi
1820 1387 1919 1426 vo-

349 1463 463 1516 cari
492 1462 585 1515 lilii
616 1461 731 1525 Dei,
755 1462 901 1530 quod
927 1461 1164 1515 maxime
1198 1462 1444 1515 omnium
1482 1462 1912 1531 prtedieatjuxta

346 1552 514 1607 illud:
547 1552 761 1618 Quoties
789 1551 930 1605 volui
969 1567 1284 1622 congregare
1310 1550 1450 1619 ﬁlios
1487 1560 1603 1605 tuos
1640 1550 1686 1582 ⁷⁸
1713 1551 1726 1603 l

420 1730 508 1782 12.
532 1727 645 1797 Ego
666 1704 865 1793 autem,
894 1743 1012 1780 cum
1042 1727 1171 1781 mihi
1194 1726 1399 1780 molesti
1434 1735 1625 1789 essent,
1652 1724 1909 1777 induebar
1938 1746 1980 1800 Β

358 1818 551 1875 cilicio.
579 1821 822 1890 Lugebat
849 1819 993 1873 enim
1020 1833 1209 1872 eorum
1239 1817 1556 1888 perniciem,
1615 1817 1688 1870 ita
1722 1824 1782 1871 ut
1810 1815 1912 1871 do-

350 1912 501 1975 leret,
525 1912 870 1965 vehementer
915 1918 1224 1980 angeretur,
1260 1909 1677 1980 laerymaretur,
1730 1917 1913 1964 oraret

345 2017 447 2071 pro
477 2010 698 2071 peccato
732 2014 944 2054 eorum.

416 2093 506 2147 15.
534 2090 605 2145 Et
620 2089 983 2145 Jtumiliabam
1013 2088 1068 2142 in
1100 2087 1307 2157 jejunio
1346 2088 1581 2141 animam
1614 2103 1805 2142 meam.
1844 2086 1912 2142 Ut

342 2180 1161 2242 continuaretincarnationem,
1188 2179 1363 2233 noluit
1379 2168 1588 2248 jejunio
1615 2179 1907 2234 abstinere.

344 2271 413 2325 Et
447 2272 616 2326 oratio
646 2287 761 2325 mea
798 2271 854 2325 in
879 2271 997 2325 sinu
1026 2285 1137 2323 meo
1164 2278 1508 2323 convertetur.
1542 2268 1653 2324 Hoc
1678 2268 1912 2325 fortasse

342 2362 521 2416 innuit
553 2361 674 2415 illos
705 2360 759 2414 in
799 2368 1021 2429 peccato
1073 2360 1387 2427 persistere.
1423 2356 1568 2413 Nihil
1601 2358 1767 2424 enim,
1816 2362 1907 2413 in-

345 2453 484 2523 quit,
517 2450 725 2522 profuit
752 2451 885 2520 ipsis
919 2451 1158 2519 precatio
1192 2464 1336 2513 mea,
1386 2464 1551 2518 quam
1593 2465 1662 2504 ex
1706 2449 1911 2519 ingenti

343 2541 651 2611 ignorantia
679 2540 748 2594 ad
780 2554 867 2594 me
893 2539 1053 2609 quasi
1086 2537 1288 2593 reﬂecti
1322 2536 1641 2592 effecerunt.

406 2735 500 2789 ’M.
529 2734 699 2801 Quasi
728 2733 1025 2803 proximum
1051 2743 1101 2787 et
1131 2733 1283 2802 quasi
1317 2732 1538 2801 fratrem
1567 2740 1806 2785 nostrum
1835 2731 1910 2784 sic

339 2824 747 2893 comptae-ebant.
792 2823 960 2889 Quasi
983 2822 1223 2884 fratrem,
1247 2822 1443 2891 inquit,
1472 2829 1523 2875 et
1556 2821 1811 2886 amicum,
1836 2821 1909 2874 ita

341 2918 599 2972 curabam
630 2929 727 2971 eos
758 2913 1021 2969 benelleio
1048 2913 1337 2977 demereri,
1371 2912 1559 2965 volens
1597 2926 1693 2965 eos
1717 2911 1783 2963 ad
1816 2924 1908 2963 sa-

337 3011 560 3066 nitatem
600 3006 901 3062 reducere:
934 3013 1268 3076 quapropter
1298 3002 1518 3057 illorum
1550 3017 1717 3056 causa
1752 3001 1904 3070 luge-

336 3102 485 3155 ham.
1762 3140 1777 3155 δ

401 3189 489 3245 15.
521 3186 591 3240 Et
639 3187 1037 3240 adversumme
1074 3182 1240 3238 lwtati
1285 3166 1406 3234 sunt
1438 3187 1487 3234 et
1535 3186 1897 3233 convenerunt.

337 3277 481 3344 Haec,
508 3278 706 3348 inquit,
745 3279 878 3332 mihi
902 3277 1150 3347 opsonia,
1174 3274 1317 3345 quod
1343 3288 1531 3329 eorum
1555 3287 1775 3327 causam
1803 3271 1901 3326 do-

333 3370 523 3432 lerem,
552 3368 945 3423 retribuerunt.
988 3364 1316 3436 Cungregata
1342 3371 1464 3416 sunt
1498 3378 1653 3431 super
1685 3377 1764 3415 me
1793 3360 1898 3429 ﬂa-

332 3459 489 3531 gella,
520 3467 567 3511 et
587 3456 844 3527 ignoravi.
876 3454 1089 3510 Nullam
1119 3456 1265 3509 enim
1306 3468 1528 3509 causam
1560 3468 1659 3507 cur
1688 3466 1775 3506 me
1801 3449 1898 3504 ﬂa-

327 3549 490 3619 gellis
525 3547 798 3601 caaderent
829 3544 1253 3614 comperiebam.

403 3637 492 3693 16.
538 3637 795 3705 Dissipati
838 3645 979 3701 sunt,
1002 3652 1094 3690 nec
1132 3634 1450 3703 compuncti,
1486 3641 1590 3688 etc.
1616 3631 1676 3687 In
1713 3631 1894 3686 varias

332 3726 541 3785 scilicet
569 3724 862 3781 multitudo
891 3725 1025 3779 abiit
1050 3724 1371 3787 sententias,
1411 3732 1471 3776 ut
1509 3724 1585 3775 ait
1621 3720 1897 3791 evangeli-

330 3823 437 3883 sta,
469 3815 592 3870 aliis
622 3815 848 3879 bonum,
871 3815 995 3869 aliis
1022 3815 1375 3868 malumesse
1404 3812 1734 3867 dicentibus.
1772 3808 1897 3865 ihs-

330 3920 437 3975 que
470 3914 648 3959 tamen
678 3904 846 3973 gestis
878 3918 1222 3973 nequaquam
1268 3901 1585 3972 compuncti
1616 3910 1766 3966 sunt,
1800 3916 1896 3955 nc-

328 4012 435 4066 que
465 3995 846 4050 intellexerunt
899 4004 1088 4048 contra
1138 4008 1299 4063 quem
1348 3993 1476 4047 taiia
1524 3992 1890 4046 admitterent.

327 4087 444 4141 Hoc
477 4096 657 4142 autem
710 4099 817 4140 non
859 4084 1171 4139 accusando
1219 4082 1445 4153 profert,
1503 4082 1597 4136 sed
1629 4090 1893 4151 exoptans

327 4178 592 4231 auxilium
643 4178 761 4230 dari
822 4177 947 4231 sibi.
995 4174 1243 4241 Quando,
1269 4173 1465 4242 inquit,
1490 4172 1776 4241 apparebis
1828 4178 1885 4225 ct

327 4265 528 4335 injuria
558 4264 809 4318 allectum
835 4263 1155 4318 ulcisceris?

2014 1038 2260 1116 Χριστοῦ
2311 1045 2598 1114 πρόσωπον
2642 1044 2791 1115 παρά
2828 1047 2894 1115 τῇ
2924 1044 3100 1114 κρίσει
3140 1043 3247 1098 τῶν
3289 1045 3597 1116 ἀρχιερέων

2008 1150 2359 1203 ⁸σιικοφαντου
2368 1134 2550 1203 μένου.

2109 1301 2603 1355 Ἅνταπεδίδοσάν
2640 1319 2742 1370 μοι
2774 1302 3003 1369 πονηρὰ
3040 1303 3174 1357 ἀντὶ
3218 1299 3454 1369 ἀγαθῶν
3490 1301 3591 1355 καὶ

2018 1388 2298 1443 ἀτεκνίαν
2338 1389 2414 1457 τῇ
2456 1390 2628 1460 ψυχῇ
2668 1409 2807 1461 μου.
2862 1392 3029 1444 Τοῦτό
3074 1408 3239 1463 φησι,
3278 1391 3365 1444 διὰ
3410 1391 3470 1444 τὸ
3498 1392 3597 1444 ἀνσ

2020 1477 2206 1541 αξίους
2230 1480 2425 1541 αὐτοὺς
2449 1478 2675 1548 ὀφθῆναι
2691 1480 2783 1533 τοῦ
2809 1480 3070 1551 κληθῆναι
3096 1481 3261 1533 τέκνα
3274 1480 3429 1533 Θεοῦ·
3454 1480 3594 1550 ὅπερ

2022 1568 2255 1638 μάλιστα
2293 1568 2582 1639 ἐγνώριζεν
2612 1568 2774 1632 αὐτὸς
2806 1570 2946 1623 κατὰ
2967 1570 3056 1635 τὸ,
3080 1569 3345 1636 Ποσάκις
3372 1569 3593 1638 ἠθέλη-

2018 1672 2101 1709 σα
2127 1656 2515 1727 ἐπισυνάγειν
2543 1658 2611 1712 τὰ
2638 1658 2819 1711 τέκνα
2845 1659 3000 1713 σου]

2094 1748 2230 1817 Ἐγὼ
2259 1748 2347 1811 δὲ,
2388 1750 2457 1802 ἐν
2488 1748 2569 1815 τῷ
2611 1750 2835 1815 αὐτοὺς
2880 1750 3278 1819 παρενοχλεῖν
3328 1768 3465 1820 μοι,
3494 1751 3593 1805 ἐν-

2011 1838 2279 1909 εδυόμην
2293 1838 2545 1894 σάκκον.
2564 1839 2807 1893 Ἐπένθει
2830 1840 2939 1912 γὰρ
2967 1841 3144 1894 αὐτῶν
3170 1843 3268 1913 τὴν
3290 1841 3588 1906 ἀπώλειαν,

1972 1942 1975 1943 ⁷
2009 1931 2084 1995 ὡς
2108 1932 2201 1984 καί
2222 1930 2524 1994 λυπεῖσθαι,
2550 1932 2642 1983 καί
2690 1931 2997 2003 ἀδημονεῖν,
3027 1932 3121 1984 καὶ
3162 1930 3436 2002 δακρύειν,
3493 1931 3592 1986 καὶ

2011 2012 2409 2094 προσεύχεσθαι
2437 2024 2576 2095 ὑπὲρ
2610 2025 2709 2095 τῆς
2736 2024 3009 2095 ἁμαρτίας
3035 2024 3233 2078 αὐτῶν.

2083 2114 2193 2168 Καὶ
2223 2115 2579 2170 ἑταπείνουν
2601 2115 2670 2169 ἐν
2689 2115 2936 2182 νηστείᾳ
2955 2114 3069 2182 τὴν
3088 2114 3298 2183 ψυχήν
3313 2128 3453 2182 μου.
3483 2115 3589 2167 Βε-

2015 2204 2182 2259 6αιῶν
2202 2205 2299 2277 τὴν
2324 2205 2754 2278 ὲνανθρὼπησιν,
2775 2206 2867 2259 καὶ
2889 2205 3141 2277 νηστείας
3162 2206 3262 2258 οὐκ
3290 2206 3582 2275 ἀπέσχετο.

2009 2296 2117 2350 Kal
2141 2298 2180 2364 ἠ
2203 2296 2512 2366 προσευχὴ
2550 2315 2668 2366 μου
2689 2299 2776 2362 εἰς
2797 2298 3029 2349 κόλπον
3050 2313 3170 2364 μου
3198 2296 3588 2366 ἀποστραφήο

2010 2402 2198 2440 σεται.
2226 2385 2394 2439 Τοῦτο
2427 2384 2756 2456 σημαντικὸν
2788 2385 2871 2454 εἰη
2912 2382 3006 2437 τοῦ
3052 2385 3399 2453 ὲναπομεῖναι
3440 2383 3588 2437 ὲκεί-

2009 2494 2131 2541 νους
2172 2480 2238 2548 τῇ
2287 2478 2549 2549 ἁμαρτίᾳ.
2588 2477 2752 2531 Οὐδὲν
2783 2474 2891 2545 γὰρ
2923 2474 3297 2545 ὠφελήθησαν,
3329 2473 3481 2546 φησὶ,
3514 2477 3582 2544 τῇ

2011 2567 2282 2639 ὑπερϐολῇ
2306 2569 2405 2639 τῆς
2432 2568 2672 2637 ἀγνοίας,
2691 2567 2789 2638 τὴν
2821 2565 3128 2636 προσευχὴν
3159 2565 3349 2636 ὥσπερ
3382 2566 3586 2619 ὲπαναο

2009 2657 2227 2728 κάμψαι
2257 2660 2601 2729 ποιήσαντες.

2091 2750 2184 2813 Ὠς
2205 2749 2484 2815 πλησίον,
2515 2749 2595 2814 ὠς
2625 2746 2893 2815 ἀδελφὸν
2917 2743 3225 2813 ἡμέτερον,
3264 2744 3451 2810 οὕτως
3482 2746 3584 2798 εὐ-

2007 2841 2324 2910 ηρέστουν.
2351 2840 2559 2908 Ὠσπερ
2604 2835 2848 2905 ἀδελφὸν,
2888 2837 3039 2905 φησὶ,
3080 2835 3175 2889 καὶ
3204 2834 3372 2903 φίλον,
3404 2834 3582 2900 οὕτως

2009 2930 2337 2993 ἐσπούδαζον
2398 2931 2701 2999 εὐεργετεῖν
2773 2927 2990 2989 αὐτοὺς,
3040 2914 3360 2996 βουλόμενος
3415 2923 3579 2995 0e93-

2010 3022 2196 3076 πεύειν
2215 3039 2228 3052 ·
2258 3021 2337 3075 διὸ
2369 3022 2463 3074 καὶ
2488 3019 2747 3074 ἐπένθουν
2780 3018 2919 3087 ὑπὲρ
2942 3016 3140 3071 αὐτῶν.

2071 3197 2181 3254 Καὶ
2221 3196 2346 3250 κατ’
2372 3194 2516 3264 ἐμοῦ
2558 3190 3007 3261 εὐφράνθησαν,
3033 3188 3131 3242 καὶ
3152 3186 3571 3257 συνήχθησαν.

1999 3286 2184 3341 Ταῦτά
2211 3302 2320 3356 μοι,
2354 3284 2507 3353 φησί,
2544 3283 2641 3351 τῆς
2679 3282 2819 3352 ὑπὲρ
2857 3280 3037 3332 αὐτῶν
3071 3279 3260 3349 ὀδύνης
3284 3277 3570 3331 ἀπεδίδουν

1997 3375 2065 3429 τά
2092 3374 2298 3444 coena.
2325 3372 2734 3440 Συνήχθησαν
2755 3369 2848 3423 ἐπ’
2868 3368 2973 3439 ἐμὲ
2987 3368 3297 3438 μάστιγες,
3322 3367 3419 3421 καί
3458 3369 3585 3433 οὐκ⁸

1996 3464 2207 3533 ἔγνων.
2243 3461 2609 3526 Μαστίξοντές
2654 3477 2742 3530 με,
2772 3460 2924 3530 φησί,
2955 3460 3056 3513 οὐκ
3101 3458 3393 3527 ἐγίνωσκον
3445 3457 3571 3511 οὺεδ

1996 3553 2250 3625 εὕρισκον
2273 3553 2452 3607 αἰτίαν
2477 3552 2733 3621 οὐδεμίαν
2772 3552 2891 3603 κατ’
2925 3549 3082 3619 ἐμοῦ.

2066 3646 2531 3714 Διεσχίσθησαν,
2568 3643 2665 3696 καί
2692 3644 2764 3696 οὐ
2799 3641 3238 3710 κατενύγησαν.
3268 3638 3565 3713 Ἐμερίσθη

1995 3738 2105 3809 γὰρ
2130 3736 2191 3789 τὸ
2226 3734 2561 3806 πλῆθος,οὼς
2605 3735 2634 3788 ὁ
2681 3732 3066 3802 εύαγγελιστής
3109 3748 3262 3802 φησι,
3309 3731 3419 3783 τῶν
3466 3731 3566 3801 μὲν

1994 3826 2195 3896 ἀγαθὸν
2225 3822 2363 3881 εἶναι
2394 3825 2679 3892 λεγόντων,
2706 3824 2814 3877 τῶν
2838 3824 2895 3877 δὲ
2934 3825 3186 3895 πονηρόν.
3221 3822 3330 3875 Καὶ
3362 3822 3567 3876 τούτων

1993 3918 2309 3989 γινομένων,
2332 3917 2514 3987 φησὶν,
2537 3917 2597 3968 οὐ
2615 3915 3009 3985 κατενύγησαν.
3031 3915 3147 3969 οὐδὲ
3168 3915 3404 3985 συνῆκαν
3424 3914 3566 3968 κατὰ

1992 4011 2137 4072 τίνος
2165 4009 2220 4063 αἰ
2252 4005 2497 4079 πράξεις.
2537 4005 2706 4060 Τοῦτο
2735 4005 2791 4058 δὲ
2817 4006 2915 4058 οὐκ
2943 4005 3189 4073 ἐγκαλῶν
3230 4000 3400 4066 εἶπεν,
3430 4003 3564 4059 ἀλλά

1994 4097 2175 4152 ποθῶν
2201 4098 2299 4169 τὴν
2330 4096 2601 4167 βοήθειαν.
2625 4096 2781 4161 Πότε,
2818 4096 3002 4165 φησὶν,
3038 4095 3303 4167 ὲπιφαίνῃ
3334 4095 3431 4149 καὶ
3464 4096 3564 4146 ὲπ-

1994 4189 2217 4257 αμυνεῖς
2254 4183 2593 4254 ἀδικουμένῳ
2613 4199 2627 4248 ;

400 4356 487 4410 l7.
511 4356 748 4409 Restitue
773 4354 1008 4408 animam
1048 4369 1217 4405 meam
1250 4369 1282 4405 a
1317 4352 1645 4421 malignitate
1685 4366 1886 4405 eorum.
1922 4385 1924 4391 ς

2077 4354 2597 4423 Ἆποωτάστησον
2632 4352 2747 4421 τὴν
2770 4352 2980 4422 ψυχήν
3012 4370 3139 4438 μου.
3170 4351 3289 4406 ἀπὸ
3326 4349 3437 4418 τῆς
3460 4366 3564 4403 κα-

325 4446 673 4516 Qu:ccunque
717 4446 919 4515 patitur
945 4451 1039 4498 aut
1083 4443 1339 4510 loquitur,
1370 4444 1421 4496 id
1455 4458 1555 4511 pro
1590 4453 1773 4497 nostra
1803 4458 1894 4498 sa-

324 4538 435 4592 lute
463 4537 717 4591 admittit.
759 4534 895 4601 Quia
922 4532 1197 4588 descendit
1229 4533 1342 4601 ipse
1388 4532 1597 4587 scilicet
1642 4531 1894 4586 Christus

324 4638 378 4682 et
435 4642 535 4695 pro
585 4626 742 4681 nobis
793 4633 880 4679 est
927 4623 1260 4678 incarnatus.
1313 4622 1354 4675 A
1407 4620 1642 4675 leonibus
1681 4622 1892 4674 unicam

324 4732 511 4769 meam.
552 4713 760 4770 Lcoues
794 4721 950 4769 vocat
980 4722 1075 4767 aut
1104 4713 1277 4767 malas
1305 4721 1359 4767 et
1398 4711 1739 4767 adversarius
1790 4726 1888 4780 po-

326 4815 566 4867 testates,
603 4820 722 4873 quae
771 4812 979 4857 tantum
1021 4817 1130 4857 non
1162 4801 1448 4873 rugiebant
1497 4802 1550 4855 in
1581 4801 1883 4868 Christum,

321 4908 417 4953 aut
447 4895 680 4950 fortasse
709 4890 1016 4949 Iudaeorum
1064 4893 1444 4962 magistratus;
1486 4892 1562 4946 ita
1593 4892 1739 4946 enim
1773 4906 1887 4945 me-

320 4997 499 5044 morat
525 5002 622 5043 eos
657 5001 750 5054 per
780 5000 966 5039 vocem
995 4983 1241 5039 Jeremizn
1264 5000 1277 5035 :
1303 4982 1471 5036 Facta
1499 4991 1575 5036 est
1604 4982 1883 5036 Iuereditas

320 5096 436 5133 mea
459 5079 610 5149 quasi
624 5075 704 5130 leo
726 5076 783 5128 in
810 5074 962 5141 silva,
991 5076 1325 5145 quamobrem
1339 5072 1458 5126 odio
1477 5072 1637 5125 habui
1659 5071 1878 5126 illam".

321 5167 548 5224 Uuicam
612 5178 791 5221 autem
842 5165 1075 5237 appellat
1122 5166 1361 5221 animam
1411 5178 1590 5229 suam,
1630 5161 1882 5232 ponendo

321 5260 527 5311 mticam
560 5272 657 5327 pro
687 5257 953 5311 dilectam.
982 5253 1131 5309 Solet
1157 5255 1299 5309 enim
1336 5254 1527 5324 ingens
1565 5267 1722 5320 amor
1761 5250 1882 5307 uni-

320 5347 626 5416 genitorum
655 5362 799 5405 esse.

387 5632 435 5662 "
471 5632 662 5691 Matth.
695 5652 850 5703 nni,
885 5639 972 5691 57.
1091 5634 1359 5690 "Jerem.
1413 5650 1524 5706 ιιι,
1579 5635 1629 5689 8.

1990 4448 2272 4517 κουργίας
2306 4444 2519 4499 αὐτῶν.
2556 4445 2737 4498 Πάντα
2777 4445 2876 4497 ὅσα
2921 4431 3193 4513 πάσχείῆ
3221 4442 3389 4509 λέγει,
3422 4440 3563 4509 ὑπὲρ

1987 4540 2085 4611 τῆς
2118 4539 2390 4609 ἡμετέρας
2421 4537 2691 4607 σωτηρίας
2718 4536 2879 4598 ποιεῖ,
2904 4533 2992 4586 διὰ
3036 4532 3096 4585 τὸ
3141 4531 3416 4585 κατελθεῖν
3458 4530 3560 4584 αὖ·

1987 4632 2100 4695 τὸν,
2135 4631 2301 4701 ἤγουν
2347 4629 2439 4681 τὸν
2482 4627 2735 4699 Χριστὸν,
2778 4627 2872 4680 καὶ
2913 4624 3261 4696 σαρκωθῆναι
3291 4623 3349 4690 ἐξ
3379 4622 3556 4693 ἡμῶν.

2004 4720 2135 4777 Ἀπὸ
2178 4721 2441 4775 λεόντων
2463 4718 2579 4784 τὴν
2594 4714 2890 4787 μονογενῆ
2932 4732 3068 4783 μου.
3103 4713 3333 4775 Λέοντάς
3361 4727 3491 4782 φησι
3523 4711 3558 4781 ἢ

1989 4810 2090 4875 τὰς
2116 4810 2352 4881 πονηρὰς
2380 4809 2473 4862 καὶ
2498 4808 2875 4878 ἀντικειμένας
2897 4807 3171 4875 δυνάμεις,
3197 4804 3253 4857 αἳ
3286 4802 3445 4874 μόνον
3468 4802 3559 4855 ob-

1990 4902 2046 4972 χί
2074 4899 2543 4970 κατεϐρυχήσαντο
2569 4897 2663 4950 τοῦ
2692 4895 2946 4967 Χριστοῦ,
2979 4896 3012 4966 ἢ
3038 4895 3175 4963 τάχα
3211 4910 3311 4947 που
3343 4893 3435 4945 καὶ
3459 4892 3560 4945 αὐ-

1988 4991 2113 5054 τοὺς
2134 4991 2260 5053 τοὺς
2284 4988 2391 5042 τῶν
2420 4988 2684 5041 Ἰουδαίων
2707 4985 3038 5057 καθηγητὰς.
3069 4983 3231 5044 Οὕτω,
3246 4983 3354 5055 γάρ
3377 4982 3554 5035 αὐτῶν

1987 5079 2404 5152 διαμνημονεύει
2435 5079 2607 5147 λέγων
2634 5079 2721 5132 διὰ
2750 5077 2933 5147 φωνῆς
2970 5076 3256 5147 Ἱερεμίας·
3276 5074 3551 5145 Ἐγενήθη

1987 5174 2028 5241 ἠ
2057 5171 2423 5241 κληρονομία
2444 5188 2563 5241 μου
2596 5170 2675 5235 ὡς
2702 5169 2855 5222 λέων
2892 5167 2961 5220 ὲν
3000 5163 3225 5235 δριιμῷο
3258 5165 3355 5219 διὰ
3381 5164 3555 5218 τοῦτο

1987 5261 2254 5333 ἐμίσησα
2282 5259 2493 5327 αὑτήν.
2526 5257 2805 5327 Μονογενῆ
2857 5256 2953 5327 μὲν
2996 5255 3093 5326 τὴν
3142 5254 3335 5308 ἑαυτοῦ
3378 5252 3556 5323 ψυχὴν

1986 5348 2263 5420 ὀνομάζει,
2298 5348 2357 5401 τὸ
2394 5348 2718 5418 μονογενὲς
2764 5345 2933 5408 τιθεὶς
2961 5345 3080 5399 ἀντί
3118 5343 3212 5398 τοῦ
3248 5340 3551 5415 ἠγαπημέ-

1988 5457 2125 5509 νην.
2143 5441 2254 5494 ’Δεί
2282 5440 2390 5510 γάρ
2416 5438 2530 5502 πώς
2564 5441 2709 5492 ἐστιν
2752 5440 2810 5492 ὲν
2840 5436 3025 5508 ἀγάπῃ
3051 5435 3277 5511 πλείστῃ
3298 5435 3359 5490 τὸ
3395 5447 3554 5505 μονο-

1990 5531 2142 5600 γενὲς
2175 5532 2232 5583 ὲν
2257 5530 2482 5591 τέκνοις.
