3944 6220
280 337 372 392 ίῖδ

1357 337 1720 396 EXPOSITIO
1759 338 1825 393 1N
1862 336 2194 394 PSAthth
2234 338 2447 394 XXXV.

3429 356 3556 407 Πι-

350 461 411 511 οι
430 455 770 527 μισοῦντές
785 476 859 529 με
880 457 1101 527 δωρεὰν
1124 458 1223 511 καὶ
1241 459 1615 525 διανεύοντες
1642 460 1847 529 ὀφθαλ·

2035 459 2118 514 19.
2146 458 2248 523 Qui
2273 461 2494 512 oderunt
2521 475 2600 511 me
2620 461 2783 527 gratis
2802 469 2855 513 et
2881 474 3118 518 annuunt
3142 468 3329 522 oculis.
3358 470 3404 535 Q
3428 472 3524 527 :asi

285 550 425 620 μοῖς.
443 548 590 602 Ἀντὶ
630 550 754 615 τοῦ,
787 549 1118 613 συντιθέντες
1142 549 1345 614 δόλους.

349 642 468 694 -Ὁτι
493 641 624 710 ἐμοὶ
651 639 775 709 μὲν
801 639 1071 709 εἰρηνικὰ
1095 639 1385 704 ἐλάλουν,
1418 640 1515 693 καί
1545 640 1636 692 ἐπ’
1671 639 1856 710 ὀργὴν

287 730 498 796 δόλους
530 730 948 800 διελογίζοντο.
983 732 1099 797 Τὸ,,
1121 731 1454 785 Διδάσκαλε
1472 729 1655 800 ἁγναθέ
1676 747 1692 764 ·
1740 732 1853 795 καὶ,

290 823 407 875 ὀτι
424 820 672 890 οῖδαμεν
699 821 789 874 ὅτι
816 820 930 888 τὴν
960 821 1249 887 ἀλήθειαν
1273 820 1602 887 διδάσκεις,
1631 820 1730 873 καί
1768 820 1856 873 ὅτι

287 914 354 965 οὺ
376 911 702 980 λαμϐάνεις
734 912 1056 979 πρόσωπον
1093 912 1424 980 ἀνθρώπου.

350 1002 461 1056 Kal
511 1001 863 1056 ὲπλάτυναν
891 1003 982 1055 ἐπ’
1009 1002 1114 1071 ἐμὲ
1159 1003 1226 1056 τὸ
1261 1005 1455 1073 στόμα
1499 1002 1715 1061 αὐτῶν.
1746 1004 1856 1069 Τὰς

284 1094 633 1163 βλασφημίας
662 1094 762 1158 τὰς
809 1094 901 1146 ἐπὶ
949 1092 1026 1164 τῷ
1070 1095 1286 1166 σταυρῷ
1333 1097 1621 1165 γινομένας
1672 1097 1852 1165 φησίν.

283 1180 503 1238 Εἶπον·
539 1180 716 1253 Εὖγε,
742 1180 900 1253 εὖτε,
930 1181 1091 1238 εἶδον
1129 1188 1182 1239 οὶ
1227 1186 1517 1254 ὀφθαλμοὶ
1567 1186 1856 1255 mtas-ID;

284 1277 399 1328 κατ’
430 1275 599 1345 εὐχὴν
633 1276 813 1338 αὐτοῖς
847 1274 941 1328 τοῦ
967 1276 1199 1346 πέρατος
1224 1276 1603 1346 ἐκϐεϐηκότος,
1630 1276 1691 1329 τὸ
1729 1293 1855 1347 κρε-

286 1364 558 1435 μασθῆναι
583 1364 742 1416 αὑτὸν
780 1365 871 1416 ἐπὶ
902 1363 996 1415 τοῦ
1028 1363 1207 1427 ξύλου.
1237 1363 1406 1416 Τοῦτο
1431 1363 1487 1417 δὲ
1517 1363 1732 1416 ποιοῦσι
1760 1364 1855 1417 καὶ

281 1457 329 1508 οἱ
353 1455 781 1526 ἐπαγαλλόμενοι
814 1457 878 1526 τῇ
912 1453 1087 1523 θλίψει
1111 1454 1205 1507 τοῦ
1235 1454 1466 1508 δικαίου.

351 1544 564 1614 Εἶδες,
602 1548 814 1615 Κύριε,
851 1546 937 1615 μὴ
981 1546 1477 1614 παρασιωπήσῃς,
1527 1546 1723 1614 Κύριε,
1766 1543 1851 1614 μὴ

280 1638 552 1707 ἀποστῇς
587 1639 689 1693 ἀπ’
713 1636 1207 1708 ἐμοῦ.’¹Ανθρωπος
1240 1638 1530 1708 γενόμενος
1571 1638 1600 1689 ὁ
1636 1654 1856 1707 μονογε-

279 1729 375 1801 νὴς
415 1728 512 1789 τοῦ
561 1728 696 1783 Θεοῦ
737 1727 927 1796 Λόγος,
957 1729 1059 1780 οὐκ
1099 1727 1386 1781 ἀποϐαλὼν
1419 1728 1481 1781 τὸ
1516 1723 1655 1780 εἶναι
1698 1726 1851 1790 Θεὸς,

1956 549 2159 603 diceret
2183 568 2195 602 :
2227 546 2329 614 Qui
2355 548 2509 603 dolos
2542 558 2779 603 struunt.

2026 638 2115 693 ΞΟ.
2147 638 2409 704 Quoniam
2434 639 2563 692 milii
2593 639 2803 709 quidem
2836 643 3053 713 paciﬁce
3080 645 3449 716 loquebantur,
3474 661 3528 704 .et

1955 729 2010 782 in
2066 730 2149 783 ira
2203 728 2352 783 dolos
2397 728 2721 798 cogitabant.
2777 727 2911 786 Illud
2972 734 3216 802 scilicet,
3279 737 3532 808 Magister

1956 821 2085 874 bone
2108 820 2186 886 ⁸⁰;
2219 828 2311 875 et:
2346 820 2553 874 Scimus
2574 822 2823 890 quoniam
2853 824 3120 879 ueritatem
3156 832 3305 881 doces
3348 840 3397 882 et
3429 847 3530 882 non

1956 910 2153 979 accipis
2190 925 2469 977 personam
2505 911 2731 964 hominis
2756 910 2821 963 εί.

2025 999 2115 1053 2i.
2145 998 2213 1052 Et
2235 1000 2589 1053 dilatauerunt
2617 1017 2773 1071 super
2797 1019 2876 1058 me
2907 1021 2963 1058 os
2996 1022 3169 1060 suum.
3202 1007 3530 1077 Blasphema

1955 1090 2102 1144 dicta
2142 1090 2269 1144 dum
2306 1089 2358 1143 in
2390 1086 2553 1145 cruce
2582 1093 2840 1160 penderet
2869 1094 2920 1148 in
2952 1111 3011 1150 sc
3038 1097 3283 1166 conjecta
3316 1115 3524 1154 memo-

1956 1187 2064 1233 rat.
2098 1179 2410 1233 Dixerunt:
2466 1179 2631 1250 Euge,
2672 1198 2818 1253 euge,
2867 1184 3104 1238 uiderunt
3151 1186 3292 1240 oculi
3344 1192 3528 1242 nostri.

1954 1268 2034 1321 Ac
2060 1267 2108 1321 si
2144 1276 2410 1335 soptatutn
2466 1267 2729 1323 haberent
2775 1271 3002 1334 exitum,
3040 1273 3261 1341 quando
3292 1275 3339 1331 is
3376 1276 3524 1347 ligno

1954 1371 2258 1429 suspensus
2287 1355 2484 1410 fuerat.
2528 1356 2769 1427 ldipsum
2800 1368 2982 1415 autem
3013 1370 3182 1432 agunt
3208 1364 3302 1433 qui
3330 1366 3517 1420 exsul-

1957 1458 2070 1503 tant
2092 1449 2158 1502 de
2189 1446 2499 1502 calamitate
2519 1446 2680 1517 justi.

2038 1537 2127 1591 22.
2166 1535 2378 1599 Vidisti,
2408 1535 2648 1603 Domine,
2670 1554 2734 1591 ne
2765 1538 2922 1594 sileas
2948 1555 2966 1603 ;
2998 1538 3237 1607 Domine,
3270 1559 3334 1598 ne
3362 1544 3531 1599 disce.

1955 1628 2055 1681 das
2098 1644 2131 1681 a
2160 1644 2262 1681 me.
2299 1625 2477 1682 Homo
2505 1625 2708 1681 factum
2752 1628 3089 1699 unigenitum
3123 1632 3215 1688 Dei
3262 1631 3525 1698 Verbum,

1964 1733 2069 1772 non
2098 1718 2357 1773 amittens
2381 1732 2504 1772 esse
2535 1715 2699 1784 Deus,
2729 1728 2883 1789 rogat
2920 1719 3134 1790 injuriae
3165 1738 3331 1779 causa
3366 1726 3527 1780 nobis

281 1820 420 1873 αἰτεῖ
449 1820 592 1889 ὑπὲρ
638 1820 737 1889 τῆς
782 1821 861 1881 είς
886 1821 1034 1889 ἡμᾶς
1058 1817 1272 1883 ἀδικίας
1295 1819 1594 1889 γενομένης
1617 1817 1722 1870 ὑπὸ
1750 1817 1847 1871 τῶν

1969 1825 2060 1880 per
2093 1809 2370 1865 damones
2415 1807 2580 1864 illatze
2619 1809 2859 1879 judicem
2889 1809 3124 1868 Patrem.
3163 1812 3334 1884 Rogat
3365 1815 3529 1872 dissi-

278 1912 549 1981 δαιμόνων
573 1910 829 1981 δικαστὴν
854 1910 1141 1979 γενόμενον
1167 1909 1259 1963 τὸν
1289 1910 1526 1982 Πατέρα,
1559 1911 1702 1963 αἰτεῖ
1725 1909 1847 1963 ἀπο-

1969 1901 2076 1983 pari
2107 1900 2469 1970 superborum
2498 1901 2904 1957 contumeliam.
2934 1901 3010 1957 ita
3044 1905 3187 1959 enim
3222 1905 3313 1960 alii
3344 1907 3395 1961 in
3426 1923 3526 1977 pu-

281 2000 573 2072 σκορπίσαι
600 2000 709 2053 τῶν
737 2000 1100 2071 ὑπερηφάνων
1124 1999 1225 2070 τὴν
1255 1999 1430 2072 ὓϐριν.
1469 1998 1625 2053 Οὕτω
1665 1998 1774 2068 γὰρ
1806 2001 1855 2052 οι

284 2094 375 2161 μὲν
398 2094 478 2155 εἰς
494 2091 755 2162 αἰσχύνην
776 2091 1309 2162 ἀποστραφήσονται,
1330 2091 1515 2161 φησὶν,
1539 2091 1588 2143 oi
1608 2089 1665 2142 δὲ
1687 2088 1857 2157 ἀγαλ-

280 2181 579 2244 λιὰσαιντο,
620 2181 719 2244 τᾶς
767 2181 861 2234 ἒπὶ
902 2182 968 2251 τῇ
998 2180 1240 2253 σωτηρίᾳ
1269 2181 1610 2243 ἀνατιθέντες
1638 2181 1856 2251 εὐχαρι-

282 2273 451 2335 στίας.
950 2303 958 2309 -

460 2365 567 2428 Εἰς
593 2362 769 2430 τέλος
798 2362 879 2429 τῷ
905 2363 1102 2433 δούλῳ
1129 2365 1348 2433 Κυρίου
1371 2362 1449 2429 τῷ
1474 2364 1671 2419 Δαυΐδ.

837 2458 1145 2510 ΨΑΛΜΟΣ
1180 2457 1305 2511 AE'.

909 2548 1231 2613 Ὺπόθεσις.

284 2639 630 2709 Κατηγορίαν
666 2639 908 2712 περιέχει
936 2638 964 2689 ὀ
990 2638 1176 2709 παρὼν
1200 2637 1412 2709 ψαλμδς
1437 2638 1536 2710 τῆς
1565 2639 1851 2711 ὑπερηφα-

349 2728 465 2792 νίας
519 2728 616 2782 τοῦ
669 2728 799 2782 λαοῦ
857 2728 964 2781 τῶν
1002 2729 1272 2782 Ἰουδαίων
1295 2769 1308 2794 ,
1363 2732 1457 2783 καὶ
1503 2730 1603 2801 τῆς
1654 2731 1852 2795 κακίας

349 2818 596 2889 ἔλεγχον*
627 2819 721 2873 καὶ
749 2819 854 2890 μὴν
876 2820 969 2872 καὶ
995 2819 1319 2889 ὑμνολογίαν
1354 2820 1464 2873 τῶν
1494 2819 1715 2874 δικαίων
1738 2835 1853 2891 κριὲ

350 2911 558 2980 μάτων,
585 2911 653 2963 δι’
679 2904 754 2963 ὧν
802 2910 1021 2981 ἐποίησε
1066 2910 1165 2982 τὴν
1218 2908 1593 2981 ὑπ”οὐρανόνο
1625 2912 1761 2981 πρὸς
1791 2912 1848 2964 δὲ

346 3001 558 3065 τούτοις
587 3003 682 3056 καὶ
711 3003 1057 3085 εὐχαριστίας
1090 3002 1226 3080 πρὸς
1252 3002 1340 3056 τὸν
1362 3004 1581 3074 Πατέρα
1613 3005 1754 3075 ὑπὲρ
1774 2997 1848 3057 ὧν

348 3092 686 3163 εὐηργέτησε
704 3091 791 3145 διὰ
827 3092 1027 3163 Ἰησοῦ·
1056 3094 1140 3161 ἐφ’
1175 3091 1342 3145 ἅπασι
1371 3092 1428 3145 δὲ
1457 3091 1662 3157 τούτοις
1684 3094 1847 3164 εὐχὴν
1873 3126 1916 3184 c

346 3182 788 3255 ἁσφαλιζομένην
815 3183 909 3236 τοῦ
946 3183 1020 3253 μὴ
1054 3186 1240 3235 πεσεῖν
1274 3184 1352 3246 είς
1374 3182 1771 3253 ὑπερηφανίαν.

343 3277 540 3343 Φησὶν
588 3279 622 3330 ὁ
664 3274 1008 3344 παράνομος
1056 3273 1167 3345 (10)
1212 3275 1318 3329 τοῦ
1360 3274 1718 3343 ἁμαρτάνειν
1778 3275 1847 3328 ὲν

275 3366 483 3431 ἐαυτῷ.
513 3367 719 3431 Ofe-rat,
754 3368 936 3436 φησὶν,
971 3369 999 3419 ὁ
1026 3367 1194 3437 κακία
1236 3366 1706 3438 συντεθραμμένος
1739 3384 1845 3439 μη-

275 3460 396 3514 δένα
446 3459 673 3530 θεωρεῖν
713 3460 814 3529 τῆς
837 3458 1013 3528 ψυχῆς
1043 3458 1206 3511 αὐτοῦ
1234 3459 1593 3530 κεκρυμμένα
1628 3458 1845 3528 βουλεῦ-

278 3570 440 3620 ματα.
468 3553 545 3604 Τὸ
573 3551 703 3622 γὰρ,
734 3551 945 3620 φησίν,
974 3551 1095 3603 ἀντὶ
1125 3550 1240 3613 τοῦ,
1270 3549 1493 3618 ἡγεῖται
1530 3549 1848 3620 ἦύπολαμ-

273 3644 457 3706 εάνει,
491 3643 753 3697 τέθεικεν.
783 3642 965 3695 Αἴτιον
1002 3641 1058 3695 δὲ
1092 3642 1193 3712 τῆς
1224 3641 1479 3712 τοιαύτης
1518 3642 1845 3714 ἀναλγησίας

235 3800 245 3809 1
272 3737 331 3789 τὸ
360 3737 435 3806 μὴ
469 3735 697 3788 δεδιέναι
726 3735 816 3787 τὸν
848 3733 1025 3787 πάντα
1070 3733 1348 3804 ἐφορῶντα
1397 3733 1678 3805 δεσπότην.
1722 3738 1843 3789 Οὐκ

269 3826 400 3879 ἔστι
427 3827 612 3896 φόϐος
634 3825 781 3880 Θεοῦ
801 3824 1088 3880 ἀπέναντι
1129 3823 1247 3877 τῶν
1286 3822 1606 3892 ὀφθαλμῶν
1633 3824 1837 3878 αὐτοῦ.

273 3917 455 3981 ’Δπαξ
499 3917 851 3988 προθέμενος,
886 3917 1037 3986 φησὶ,
1072 3915 1166 3969 τοῦ
1199 3917 1554 3986 παρανομεῖν,
1587 3914 1691 3980 ἔξω
1734 3914 1843 3967 τῶν

270 4006 562 4078 θ’,ιθαλμῶν
595 4008 759 4062 αὐτοῦ
788 4007 878 4060 τὸν
897 4006 991 4060 1:06
1020 4005 1154 4059 Θεοῦ
1185 4004 1390 4058 τίθεται
1416 4003 1598 4073 φόϐον.
1618 4003 1708 4073 Τῷ
1733 4003 1842 4074 γὰρ

274 4100 422 4170 φόϐῳ
454 4100 660 4170 Κυρίου
694 4098 929 4152 ἐκκλίνει
956 4100 1062 4161 πᾶς
1092 4097 1198 4150 ἀπὸ
1223 4095 1419 4151 κακοῦ.

340 4193 460 4245 Ὅτι
486 4192 793 4246 ἐδόλωσεν
823 4189 1076 4244 ἐνώπιον
1107 4186 1500 4243 αὐτοῦ.⁹Εκὼν
1540 4186 1597 4240 δὲ
1639 4185 1840 4256 ταύτην
1888 4236 1893 4239 ,

271 4284 379 4354 ἔχει
423 4284 526 4353 τὴν
567 4283 811 4351 ἄγνοιαν,
841 4282 901 4334 οὒ
932 4281 1251 4352 βουλόμενος
1276 4277 1614 4347 λογιστεῢσαι
1638 4277 1706 4330 τὰ
1739 4294 1838 4330 πε-

1955 1994 2144 2047 dorem
2178 1999 2479 2055 vertentur,
2508 1991 2726 2061 inquit;
2780 1993 2872 2048 alii
2920 1994 3271 2051 exsultabant
3318 1997 3523 2075 gratias

1954 2083 2033 2139 de.
2055 2082 2181 2137 data
2205 2082 2381 2141 salute
2405 2092 2651 2154 agentes.

2193 2392 2242 2445 1.
2272 2390 2339 2446 In
2367 2393 2524 2462 linem
2547 2409 2695 2448 seruo
2721 2393 2931 2447 Domini
2968 2394 3070 2460 ipsi
3095 2392 3286 2447 David.

2426 2482 2766 2539 PSALMUS
2812 2484 2967 2538 XXX
2983 2484 3044 2537 V.

2531 2562 2912 2644 Argumentum

1955 2658 2236 2731 Superbiae
2266 2660 2477 2718 Judaici
2514 2665 2697 2735 populi
2727 2666 3130 2721 accusationem
3160 2666 3406 2721 continet
3430 2666 3523 2722 hic

2022 2753 2283 2822 psalmus,
2314 2762 2367 2807 et
2395 2753 2612 2807 malitiae
2642 2768 2831 2808 eorum
2863 2752 3311 2819 confutationem,
3350 2767 3518 2827 atquc

2021 2845 2168 2914 justa
2207 2844 2300 2901 Dei
2323 2845 2532 2915 judicia
2569 2845 2841 2912 decantat,
2867 2846 3016 2915 quod
3042 2845 3228 2900 orbem
3260 2846 3521 2901 condide-

2021 2933 2108 2988 rit.
2173 2934 2255 2988 Ad
2313 2934 2427 2988 haec
2475 2933 2638 2988 etiam
2701 2934 2998 3003 gratiarum
3058 2932 3325 2988 actionem
3374 2932 3518 2988 Patri

2022 3021 2178 3077 oliert
2228 3021 2329 3092 pro
2388 3022 2666 3078 beneﬁciis
2693 3038 2788 3092 per
2839 3021 3024 3077 Jesum
3060 3023 3315 3078 collatis:
3356 3039 3519 3092 super

2020 3113 2107 3169 his
2156 3115 2408 3169 omnibus
2459 3115 2824 3184 precationem
2865 3114 2937 3168 ad
2991 3115 3286 3169 cavendam
3323 3129 3516 3185 super.

2021 3203 2188 3259 biam.

2018 3297 2168 3351 Dixit
2196 3295 2426 3366 injustas
2460 3304 2519 3349 ut
2552 3296 2821 3366 delinquat
2854 3296 2910 3349 in
2931 3297 3227 3366 semetipso.
3273 3295 3518 3352 Arbitra-
3632 3324 3641 3331 α

1947 3400 2055 3455 tur,
2108 3387 2305 3456 inquit,
2334 3386 2429 3457 qui
2458 3387 2513 3440 in
2567 3386 2774 3441 malitia
2827 3387 3094 3442 educatus
3140 3395 3250 3452 est,
3304 3388 3514 3443 occulta

1948 3479 2114 3533 animi
2163 3478 2337 3548 ipsius
2385 3478 2611 3534 consilia
2658 3478 2932 3532 neminem
2987 3478 3327 3547 conspicere.
3379 3477 3515 3532 Nam

1945 3569 2100 3632 illud,
2130 3569 2290 3633 dixit,
2325 3583 2424 3638 pro
2450 3569 2740 3631 existimat,
2790 3575 2884 3622 aut
2911 3568 3226 3633 arbitratur,
3252 3568 3511 3638 positum.

1944 3660 2132 3716 Tantae
2181 3675 2348 3730 porro
2385 3660 2697 3716 indolentia:
2743 3673 2909 3714 causa
2940 3669 3045 3723 est,
3094 3660 3240 3729 quod
3270 3660 3513 3714 omnium

1944 3746 2309 3817 inspectorem
2366 3745 2657 3801 Duiliinum
2710 3760 2819 3800 non
2864 3745 3200 3802 reformidet.
3264 3745 3387 3801 Non
3436 3757 3515 3801 est

1945 3840 2102 3891 timor
2155 3839 2249 3892 Dei
2290 3848 2412 3892 ante
2466 3840 2643 3892 oculos
2673 3837 2806 3906 ejus.
2868 3837 3006 3893 Cum
3063 3839 3249 3904 semel,
3314 3840 3511 3908 inquit,
3611 3888 3624 3897 .

1942 3928 2203 3995 peccandi
2259 3928 2605 3997 prOpositum
2640 3927 2947 3991 admiserit,
2984 3942 3013 3980 a
3052 3937 3342 3996 conspectu
3375 3942 3511 3981 ocu-

1941 4009 2120 4072 lorum
2150 4016 2248 4071 Dei
2289 4018 2539 4071 timorem
2586 4026 2823 4070 amovet.
2872 4013 3008 4070 Nam
3056 4016 3250 4071 timore
3296 4015 3510 4072 Domini

1941 4108 2176 4164 declinat
2202 4107 2434 4177 quilibet
2463 4122 2492 4160 a
2532 4107 2695 4160 malo.

2011 4197 2065 4252 2.
2095 4195 2360 4261 Quoniam
2392 4193 2571 4248 dolose
2615 4195 2720 4265 egit
2749 4199 2803 4249 in
2833 4205 3106 4266 conspectu
3143 4196 3279 4266 ejus.
3310 4196 3511 4250 Libens

1939 4299 2059 4339 eam
2090 4283 2329 4338 admittit
2377 4282 2765 4352 ignorantiam,
2797 4282 2987 4337 nolens
3013 4291 3162 4352 gesta
3193 4297 3291 4337 sua
3321 4296 3506 4336 secum

270 4374 580 4444 ςτραγμένα,
608 4374 699 4426 καί
747 4375 972 4443 μισῆσαι
1002 4371 1072 4424 τὰ
1098 4371 1281 4434 κακῶς
1313 4369 1696 4440 πεπραγμένα.
1728 4367 1837 4423 Τοῦ

1971 4383 2217 4445 epulare,
2259 4388 2360 4427 nec
2398 4388 2562 4442 prave
2605 4373 2900 4429 commissa
2950 4372 3211 4428 aversari.
3271 4369 3339 4425 Ut
3367 4371 3509 4424 inre-

265 4464 463 4532 εὑρεῖν
483 4464 600 4532 τὴν
625 4465 881 4532 ἀνομίαν
906 4462 1090 4517 αὐτοῦ
1120 4462 1219 4515 καὶ
1237 4460 1516 4530 μισῆσαι.
1544 4460 1679 4513 υὺδὲ
1709 4459 1834 4514 τοῦ-

1969 4468 2121 4518 νὶίιιιιν
2146 4465 2402 4534 iniquitas
2427 4464 2540 4532 ejus
2571 4464 2640 4516 ad
2672 4463 2872 4517 odium.
2900 4461 3087 4532 Neque
3120 4461 3271 4526 illud,
3310 4461 3504 4531 inquit,

262 4573 341 4621 το,
377 4554 537 4626 φησι,
575 4554 872 4622 λογίζεται,
907 4556 989 4608 ὅτι
1014 4556 1049 4607 νὸ
1085 4553 1217 4616 Θεὸς
1244 4552 1487 4623 εὑρίσκει
1530 4550 1629 4621 τὴν
1658 4552 1837 4621 ἁμαρ-

261 4646 382 4700 τίαν
431 4645 619 4710 αὐτοῦ,
655 4646 751 4700 καὶ
782 4644 957 4716 εὑρὼν
987 4645 1175 4716 αὐτὴν,
1226 4646 1375 4715 μισεῖ
1424 4642 1516 4696 καὶ
1543 4641 1710 4712 αὐτὴν
1743 4642 1836 4694 καὶ

262 4740 445 4794 αὐτόν.
1810 4798 1817 4801 μ

334 4830 411 4885 Τὰ
433 4830 674 4899 ῥήματα
695 4828 802 4883 τοῦ
826 4830 1123 4898 στόματος
1137 4826 1324 4882 αὐτοῦ
1353 4825 1572 4895 ἀνομία
1614 4825 1709 4879 καί
1737 4825 1833 4914 δός

260 4924 384 4988 λος.
404 4923 675 4990 Ἀνομίαν
705 4922 821 4991 μὲν,
864 4920 928 4973 δι’
958 4920 1024 4983 ἃς
1055 4921 1330 4989 ἐπήγαγον
1359 4916 1545 4990 ὕϐρεις
1576 4915 1795 4988 Χριστῷ
1815 4932 1828 4946 ⁸

262 5014 441 5069 δόλον
469 5015 551 5078 δὲ,
574 5015 658 5069 ὅτι
692 5015 786 5067 καὶ
810 5012 1118 5080 παγιδεύειν
1152 5011 1310 5064 αὐτὸν
1341 5009 1674 5080 βουλόμενοι,
1700 5025 1833 5078 χρη-

264 5107 401 5168 στοῖς
450 5105 748 5176 προσίεσαν
798 5102 993 5170 λόγοις.
1039 5104 1159 5155 Οὐκ
1198 5099 1504 5167 ἠϐουλήθη
1558 5099 1831 5153 συνιέναι

263 5195 363 5249 τοῦ
389 5193 910 5266 ἀπτιθῦναι.”Εκὼν,
948 5193 1132 5264 φησιν,
1167 5192 1355 5245 ἑαυτὸν
1386 5192 1551 5256 Egone
1597 5191 1692 5244 τοῦ
1739 5193 1826 5245 εὐ-

265 5286 557 5355 πραγῆσαι.
1108 5294 1129 5303 "
1208 5288 1229 5301 “

336 5376 603 5446 Ἀνομιάν
637 5374 1015 5441 διελογίσατο
1061 5372 1158 5426 ἐπὶ
1200 5370 1308 5441 τῆς
1357 5372 1560 5436 κοίτης
1602 5371 1786 5424 αὑτοῦ
1807 5387 1821 5400 ·

264 5463 513 5533 παρέστη
552 5463 726 5532 πάσῃ
757 5461 877 5527 ὀδῷ
920 5463 1029 5515 οὐκ
1055 5458 1268 5530 ἀγαθῇ.
1309 5459 1384 5512 Τὸ
1416 5458 1618 5512 ἄϋπνον
1650 5458 1826 5511 αὐτῶν

322 5555 514 5612 "Luc.
567 5571 728 5618 mn,
781 5552 869 5607 i8.
944 5550 1198 5606 "Matth.
1234 5549 1486 5617 “11,16.

1941 4555 2275 4618 considerat,
2317 4555 2461 4622 quod
2499 4553 2707 4609 scilicet
2755 4551 2900 4608 Deus
2943 4559 3225 4623 peccatum
3258 4551 3377 4620 ejus
3406 4553 3504 4606 de-

1933 4645 2249 4715 prehendat,
2280 4654 2441 4713 atque
2466 4659 2532 4698 eo
2560 4643 2896 4714 deprehenso
2923 4651 2977 4698 et
2998 4650 3276 4712 peccatum
3302 4649 3356 4695 et
3377 4655 3506 4710 pec-

1932 4745 2169 4789 catorem
2207 4734 2334 4787 odio
2364 4734 2577 4788 habeat.

2000 4829 2052 4882 3.
2109 4816 2277 4879 Verba
2311 4826 2418 4878 oris
2459 4826 2572 4894 ejus
2612 4827 2869 4897 iniquitas
2903 4836 2951 4881 et
2987 4825 3161 4880 dolus.
3212 4824 3499 4896 Iniquitas,

1932 4926 2149 4987 propter
2198 4916 2408 4969 oblatas
2458 4915 2678 4971 Christo
2730 4917 3129 4983 contumelias;
3192 4917 3346 4970 dolus
3403 4933 3502 4970 au-

1933 5018 2059 5074 tem,
2116 5021 2239 5060 cum
2290 5006 2531 5061 volentes
2577 5006 2729 5060 illum
2779 5007 3013 5071 irretire,
3072 5007 3286 5062 blandis
3345 5006 3494 5061 illum

1929 5098 2277 5154 sermonibus
2307 5097 2724 5167 compellabant.
2760 5096 2951 5153 Noluit
2975 5099 3265 5169 intelligere
3287 5106 3353 5152 ut
3370 5095 3496 5148 bene

1932 5198 2125 5260 ageret.
2186 5186 2406 5255 Libens,
2459 5190 2655 5259 inquit,
2694 5190 2823 5246 sese
2872 5206 2901 5245 a
2945 5191 3088 5246 bono
3134 5203 3295 5258 opere
3335 5187 3493 5241 cohi-

1931 5281 2065 5335 Imit.

1997 5371 2050 5441 4.
2087 5358 2430 5440 Ιηὶιγιιὶιαίεηι
2457 5370 2742 5424 meditatus
2772 5381 2844 5425 est
2878 5371 2933 5423 in
2960 5366 3121 5422 cubili
3156 5382 3253 5421 suo
3287 5381 3305 5419 :
3357 5367 3492 5422 asti-

1929 5461 1992 5512 tit
2021 5461 2163 5513 omni
2198 5461 2295 5515 uia:
2326 5476 2427 5513 non
2458 5460 2626 5515 bonte.
2659 5458 2861 5531 Vigiles
2891 5468 2944 5514 et
2992 5459 3272 5517 insomnes
3302 5469 3490 5515 noctes

323 5644 425 5768 illi)
459 5646 581 5702 limo
618 5648 673 5700 in
701 5645 959 5699 Ambros.
989 5644 1338 5699 adnotantur.
1367 5659 1489 5712 quae
1518 5643 1583 5698 ad
1617 5657 1755 5697 vers.
1788 5644 1821 5698 ι

323 5732 391 5768 ua
416 5735 512 5768 vn.
542 5716 836 5768 Sianiﬁeat
874 5729 1054 5766 eorum
1103 5712 1436 5768 viailuntiam
1467 5713 1520 5765 in
1555 5712 1807 5768 mirandis
1835 5730 1847 5765 t

1969 5652 2096 5697 rtant
2124 5661 2137 5696 :
2169 5642 2242 5696 Τδ
2266 5642 2468 5696 ἄϋπνον
2502 5642 2680 5696 αὐτῶν
2704 5640 2804 5708 τῆς
2837 5639 2917 5699 είς
2946 5635 3176 5709 Χριστὸν
3193 5637 3489 5709 ἐπιϐουλῆς

1969 5728 2082 5766 rsus
2116 5710 2386 5768 Christum
2412 5711 2641 5767 insidiis.

256 5710 512 5785 aqualvst.
542 5716 836 5787 Signiﬁcat
874 5729 1054 5766 eorum
1103 5710 1436 5783 vigilantiam
1467 5713 1520 5765 in
1554 5712 1807 5781 parandis
1835 5710 2082 5767 adversus
2116 5710 2386 5768 Christum
2412 5711 2641 5767 insidiis.
