3944 6220
397 260 500 343 trs

1234 288 1297 344 S.
1341 285 1718 342 ATHANASII
1745 286 1907 341 'OPP.
1945 284 2126 340 PARS
2167 283 2251 338 Ill.
2290 316 2359 327 —
2396 285 2804 344 EXEGETlCA.

3517 292 3616 348 176

396 414 585 456 eorum
616 374 709 469 qui
729 398 949 453 Christo
978 398 1204 454 insidias
1232 402 1494 469 parabant
1517 401 1805 472 signiﬁcat.
1839 401 1957 456 Mn-

2065 400 2156 471 τῆς
2199 401 2279 464 είς
2320 400 2553 471 Χριστὸν
2586 399 2876 471 ἐπιϐουλῆς
2903 402 3177 470 σημαίνει.
3209 403 3400 472 Κακία
3445 403 3513 457 δὲ
3557 406 3629 461 οὐ

396 493 571 546 titiam
620 501 794 544 autem
840 506 941 542 non
987 491 1171 545 adivit.
1222 490 1301 546 Ac
1358 492 1404 547 si
1439 492 1662 558 diceret,
1698 492 1979 547 malitiam-

396 595 502 633 llOll
537 586 820 634 aversatus
858 587 962 633 85L

465 673 518 727 5.
562 670 802 738 Domine,
833 672 890 725 in
913 671 1040 726 coelo
1065 673 1428 728 misericordia
1470 686 1582 729 tua.
1614 674 1864 732 Declarat
1895 692 1961 732 ex

394 763 769 819 misericordia
803 763 923 834 ejus
949 764 1216 828 ctelestia,
1245 764 1298 819 id
1343 773 1427 819 est
1466 766 1821 823 rationabiles
1866 774 1962 838 po-

395 862 616 908 testates
648 854 970 910 consistere.
1003 852 1072 907 Et
1102 855 1292 909 veritas
1331 865 1423 909 tua
1455 872 1616 926 usque
1646 857 1715 910 ad
1745 858 1926 912 nubes.

460 1025 516 1079 6.
540 1026 763 1080 Iustitia
792 1035 882 1080 tua
909 1028 1048 1081 sicut
1079 1036 1278 1081 montes
1305 1026 1419 1080 Dei.
1448 1024 1640 1091 Veras,
1677 1026 1876 1096 inquit,
1909 1036 1962 1081 et

393 1115 580 1172 ﬁrmas
617 1131 735 1173 esse
770 1117 1155 1187 prophetarum
1196 1118 1591 1188 promissiones
1649 1119 1958 1174 ostendisti.

392 1203 575 1260 Nubes
606 1206 749 1260 enim
780 1216 906 1261 sunt
933 1207 1244 1276 prophetae:
1270 1222 1428 1262 veras
1450 1216 1630 1262 autem
1658 1222 1751 1263 eas
1779 1217 1959 1264 osten-

394 1297 543 1362 disti,
601 1306 808 1352 tantam
840 1298 1109 1354 exhibens
1141 1301 1248 1353 vim
1294 1299 1536 1369 iustitiae,
1573 1309 1634 1354 ut
1683 1302 1960 1356 montibus

396 1387 490 1442 Dei
521 1389 823 1458 comparari
868 1390 1057 1459 possit.
1109 1389 1323 1443 Indicia
1359 1399 1451 1443 tua
1500 1392 1715 1461 abyssus
1767 1391 1956 1446 multa.

393 1478 530 1533 Cum
565 1489 713 1536 [ama
762 1484 1171 1554 veritas'atque
1214 1485 1421 1554 iustitia
1455 1485 1581 1540 insit
1612 1485 1731 1551 tibi,
1767 1485 1959 1555 ignoro

392 1584 512 1638 quae
554 1586 721 1626 causa
768 1571 836 1626 sit
882 1574 1027 1642 quod
1081 1574 1267 1627 tandiu
1325 1574 1539 1629 toleres.
1573 1571 1706 1627 Nam
1753 1575 1957 1644 judicia

386 1667 483 1713 tua
515 1659 958 1732 inaspectabilem
987 1662 1165 1734 abyssi
1198 1662 1622 1733 profunditatem
1649 1664 1955 1719 imitantur.

2064 490 2516 560 προσώχθησεν.
2534 492 2679 544 Ἀντὶ
2706 489 2822 556 τοῦ,
2852 490 2949 563 τὴν
2975 493 3173 546 κακίαν
3204 493 3304 547 οὐκ
3342 494 3591 567 ἐμίσησε.

2133 669 2329 736 Κύριε,
2367 670 2438 722 ἐν
2472 669 2552 735 τῷ
2590 669 2823 737 οὐρανῷ
2856 669 2921 723 τὸ
2945 669 3117 734 ἔλεός
3156 682 3293 722 σου.
3332 667 3623 735 Δείκνυσιν,

2061 758 2240 828 ὡς-τῷ
2272 758 2435 812 αὑτοῦ
2467 760 2606 812 ἐλέει
2643 760 2738 813 καὶ
2768 758 2837 811 τὰ
2883 759 3113 830 οὐράνια
3139 759 3453 828 συνέστηκε,
3475 750 3602 812 rem}

2062 849 2207 903 ἐστιν
2240 850 2295 901 αἱ
2342 850 2555 917 λογικαὶ
2594 850 2869 921 δυνάμεις.
2895 850 3005 904 Καὶ
3035 852 3072 918 ἡ
3107 850 3357 920 ἀλήθειά
3382 866 3498 906 σου
3524 852 3633 919 ἕως

2063 936 2180 990 τῶν
2210 936 2502 1004 νεφελῶν.

2143 1027 2204 1081 Ἠ
2230 1026 2583 1096 δικαιοσύνη
2607 1043 2723 1082 σου
2748 1029 2829 1094 ὡς
2853 1028 2956 1097 ὄρη
2994 1029 3160 1084 Θεοῦ.
3180 1031 3444 1103 Ἀληθεῖςτ
3476 1033 3631 1106 φησὶ,

2061 1118 2155 1171 καὶ
2190 1116 2535 1198 βεδαίαςπάς
2561 1119 2648 1172 διὰ
2674 1117 2782 1172 τῶν
2816 1119 3107 1190 προφητῶν
3140 1122 3469 1192 ἐπαγγελίας
3491 1124 3633 1178 ἔδει-

2061 1204 2187 1271 ξας·
2240 1206 2459 1275 νεφέλαι
2501 1207 2609 1278 γὰρ
2658 1209 2707 1260 οἱ
2757 1208 3304 1279 προφῆται.Ἕδειξας
3343 1212 3401 1265 δὲ
3429 1213 3636 1275 ταύτας

2060 1296 2320 1367 ἀληθεῖς,
2370 1296 2573 1368 πλῆθος
2602 1297 2946 1368 δικαιοσύνης
2995 1303 3307 1373 χορηγήσας
3357 1304 3630 1368 τοσοῦτον,

2059 1387 2136 1451 ὡς
2193 1387 2341 1458 ὄρεσι
2411 1387 2853 1458 παρασέιλλεσθαι
2896 1388 3055 1443 Θεοῦ.
3106 1391 3181 1445 Τὰ
3224 1389 3477 1460 κρίματά
3516 1409 3635 1446 σου

2059 1477 2331 1544 ἅϐυσσος
2382 1468 2601 1545 πολλή.
2632 1478 2913 1549 Τοσαύτην
2950 1480 3007 1533 δὲ
3055 1479 3195 1551 ἔχων
3239 1482 3491 1553 ἀλήθειαν
3540 1483 3633 1536 καὶ

2057 1567 2422 1639 δικαιοσύνην,
2448 1569 2591 1633 τίνος
2610 1569 2795 1623 ἕνεκεν
2826 1562 3196 1641 μακροθυμείς
3221 1570 3399 1640 ἀγνοῶ
3417 1590 3429 1602 ·
3453 1573 3514 1626 τὸ
3535 1576 3634 1644 τῆς

2059 1658 2298 1712 ἀϐύσσου
2344 1658 2453 1731 γὰρ
2498 1659 2808 1732 ἀθεώρητον
2845 1662 3090 1732 μιμεῖταί
3125 1679 3218 1715 σου
3248 1663 3315 1717 τὰ
3352 1663 3631 1736 κρίματασ

387 1751 523 1808 Nam
557 1753 700 1808 sicut
751 1754 871 1823 ejus
912 1753 1252 1824 profunditas
1297 1755 1366 1810 ab
1407 1756 1721 1811 hominibus
1751 1756 1954 1827 percipi

2065 1748 2307 1820 καθάπερ
2335 1750 2445 1821 γάρ
2468 1751 2683 1822 ἐκείνης
2713 1751 3020 1824 ἀνθρώποις
3046 1752 3356 1825 ἀθεώρητος
3393 1758 3420 1809 ὁ
3450 1755 3633 1827 βυθὸς,ι

387 1841 594 1911 nequit,
631 1843 704 1895 ita
734 1841 1071 1912 iudiciorum
1117 1851 1334 1897 tuorum
1376 1844 1634 1915 cogitatio
1676 1853 1830 1899 extra
1862 1859 1955 1901 ca-

388 1943 537 2000 ptum
565 1932 803 1988 hominis
828 1925 939 1988 εει.

456 2021 507 2074 7.
552 2021 803 2077 Homines
843 2033 893 2077 et
913 2024 1157 2093 jumenta
1214 2025 1469 2092 salvabis,
1510 2025 1751 2081 Domine.
1794 2025 1957 2082 Post-

386 2125 552 2179 quam
582 2110 648 2165 de
680 2110 895 2166 duobus
920 2112 1138 2182 populis
1161 2114 1277 2168 haec
1304 2115 1600 2183 Apostolus
1620 2115 1850 2170 dixisset
1869 2115 1949 2170 "z

387 2196 656 2252 Conclusit
688 2199 944 2254 Dominus
977 2217 1153 2255 omnes
1182 2202 1235 2256 in
1266 2202 1657 2271 incredulitate,
1685 2212 1743 2261 ut
1777 2219 1952 2258 omnes

385 2287 554 2341 salvos
583 2288 801 2355 faceret,
830 2280 1153 2359 subiunxit:
1195 2293 1370 2357 Quam
1408 2294 1955 2363 incomprehensibilia

385 2386 506 2431 sunt
523 2377 731 2446 judicia
763 2391 854 2433 tuo
878 2380 898 2432 ί
924 2379 1113 2436 Simile
1141 2382 1230 2436 hic
1264 2383 1491 2437 habetur
1516 2401 1530 2438 :
1559 2399 1684 2436 nam
1719 2384 1953 2439 duorum

384 2469 734 2538 populorum,
766 2471 861 2539 qui
889 2471 1053 2525 etiam
1090 2486 1186 2540 per
1218 2472 1473 2528 homines
1507 2483 1560 2527 et
1599 2475 1848 2542 jumenta
1880 2477 1952 2529 si.

383 2559 731 2628 gniﬁcantur,
766 2562 997 2615 salutem
1022 2572 1380 2618 enarraturus
1418 2583 1431 2617 :
1476 2563 1758 2619 hominum
1806 2566 1953 2621 scili-

386 2657 470 2704 cet
499 2648 866 2706 lsraelitarum
900 2653 995 2722 qui
1027 2653 1261 2709 instituti
1315 2655 1369 2708 in
1401 2654 1518 2724 lege
1548 2665 1698 2723 sunt,
1731 2665 1786 2711 et
1815 2672 1953 2726 prae-

386 2742 650 2796 stantiora
697 2743 974 2810 cegitant:
1024 2743 1401 2813 iumentorum
1445 2756 1624 2800 autem
1653 2786 1668 2811 ,
1709 2749 1947 2817 gentium

384 2844 596 2898 nempe,
628 2838 816 2899 utpote
851 2831 1375 2887 irrationabiliorum
1405 2853 1420 2902 ;
1454 2834 1622 2891 Judaei
1656 2839 1799 2892 enim
1836 2855 1951 2910 my-

382 2919 608 2975 sterium
636 2935 732 2989 per
781 2921 928 2991 leges
961 2931 1016 2978 et
1049 2926 1340 2995 prophetas
1380 2925 1555 2980 edocti
1598 2927 1944 2993 exciderunt,

384 3018 567 3077 gentes
599 3025 725 3065 vero
756 3027 878 3080 qua:
912 3028 1189 3084 nunquam
1226 3015 1361 3070 illud
1407 3016 1698 3071 audierant
1730 3031 1948 3071 assum-

2056 1834 2229 1901 οὕτως
2249 1838 2535 1907 ἀνέφικτος
2561 1837 2669 1892 τῶν
2695 1839 2802 1893 σῶν
2831 1841 3112 1911 χριμάτων
3140 1843 3488 1915 κατανόησις.

2139 2015 2501 2083 Ἆνθρὼπους
2530 2016 2629 2072 καὶ
2667 2017 2856 2087 κτήνη
2880 2021 3120 2086 σώσεις,
3141 2021 3336 2089 Κύριε.
3364 2020 3497 2092 Περὶ
3523 2021 3634 2076 τῶν

2053 2105 2147 2159 δύο
2190 2106 2334 2159 λαῶν
2384 2106 2621 2179 εἰρηκὼς
2667 2109 2697 2161 ὁ
2743 2109 3094 2176 Ἀπὸστολος,
3146 2109 3549 2165 Συνέκλεισεν
3599 2115 3633 2166 d

2057 2195 2201 2259 Θεὸς
2228 2195 2370 2262 τοὺς
2403 2197 2632 2263 πάντας
2653 2200 2740 2261 είς
2766 2198 3092 2263 ἀπείθειαν,
3124 2200 3224 2253 ἵνα
3244 2199 3385 2265 τοὺς
3403 2199 3646 2265 πάντας⁴

2054 2287 2247 2354 σώσῃ,
2296 2288 2609 2358 ἐπήγαγεν·
2653 2288 2746 2354 Ὡς
2789 2288 3227 2358 ἀνεξερεύνητα
3268 2291 3341 2343 τὰ
3382 2291 3631 2360 κρίματα

2053 2373 2278 2430 αὑτοῦ]
2302 2378 2412 2430 Καὶ
2449 2378 2684 2432 ἐνταῦθα
2710 2378 2894 2448 ὅμοιόν
2916 2380 3066 2433 ἐστιν
3085 2396 3099 2409 ο
3131 2379 3320 2450 ἐπειδὴ
3345 2379 3453 2449 γὰρ
3477 2378 3631 2450 ἔμελ-

2052 2465 2111 2518 λε
2148 2466 2381 2519 τῶν’δύο
2410 2466 2555 2522 λαῶν
2585 2467 2684 2539 τὴν
2720 2470 2993 2540 σωτηρίαν
3019 2468 3403 2541 διηγήσασθαι,
3445 2470 3494 2522 οἶ
3537 2470 3632 2524 καὶ

2055 2557 2408 2627 σημαίνονται
2438 2557 2524 2612 διὰ
2550 2559 2658 2611 τῶν
2682 2558 2984 2630 ἀνθρώπων
3015 2562 3109 2614 καί
3136 2561 3242 2613 τῶν
3270 2560 3481 2632 κτηνῶν
3503 2577 3517 2592 ο
3544 2562 3629 2615 ἀνι

2052 2647 2285 2718 θρώπων
2339 2650 2438 2721 μὲν
2488 2650 2595 2703 τῶν
2648 2649 2708 2715 ἐξ
2745 2651 2959 2723 Ἰσραὴλ
2995 2652 3071 2716 ὡς
3103 2653 3521 2724 κατηχουμὲνων
3564 2656 3632 2707 ἐκ

2049 2737 2141 2790 τοῦ
2178 2738 2363 2809 νόμου,
2392 2740 2484 2793 καὶ
2516 2738 2776 2794 νοούντων
2825 2741 2892 2794 τὰ
2936 2742 3261 2812 διαφέροντα
3283 2761 3296 2774 ·
3331 2742 3544 2813 κτηνῶν
3571 2743 3630 2797 δὲ

2049 2829 2124 2891 ὡς
2155 2829 2512 2898 ἁλογωτέρων
2541 2830 2648 2884 τῶν
2687 2830 2747 2897 ἐξ
2794 2830 2965 2887 ἐθνῶν
2988 2849 3003 2862 ·
3033 2832 3411 2896 παιδευθέντες
3446 2832 3555 2904 γὰρ
3579 2835 3629 2886 ci

2048 2918 2109 2982 ἐξ
2147 2919 2412 2972 Ἰουδαίων
2440 2919 2500 2972 τὸ
2535 2921 2834 2991 μυστήριον
2865 2920 2952 2975 διὰ
2989 2922 3153 2992 νόμου
3181 2923 3274 2976 καὶ
3304 2922 3619 2993 προφητῶν,

2050 3007 2338 3072 ἐξέπεσονο
2391 3010 2440 3060 oi
2493 3007 2551 3060 δέ
2583 3008 2849 3061 ὀὐδέποτε
2900 3009 3197 3079 ἀκηκοότες
3244 3011 3293 3062 οἱ
3346 3010 3405 3074 ἐξ
3455 3009 3633 3063 ἐθνῶν

382 3106 487 3166 piae
517 3108 685 3165 sunt;
718 3101 822 3156 hac
865 3101 933 3156 de
963 3081 1129 3158 causa
1172 3113 1332 3160 antea
1381 3105 1560 3161 dixit:
1593 3105 1810 3161 Iudicia
1852 3118 1947 3161 tua

2065 3097 2534 3169 τροσελήφθησαν’
2579 3096 2769 3151 τούτου
2816 3099 2976 3171 χάριν
3022 3101 3353 3172 προείρηκε*
3390 3103 3465 3155 Τὰ
3501 3102 3633 3170 κρί-

381 3186 603 3257 abyssus
636 3187 822 3242 multa.
852 3188 1094 3245 Rursum
1122 3191 1373 3248 homines
1391 3193 1527 3248 dicit
1552 3209 1646 3248 eos
1667 3195 1759 3263 qui
1788 3196 1950 3249 ratio-

383 3277 615 3331 nabilem
634 3279 948 3348 dignitatem
968 3292 1284 3349 servarunt;
1305 3284 1550 3353 jnmenta
1573 3300 1721 3348 vero,
1743 3300 1838 3339 eos
1855 3286 1949 3355 qui

380 3381 569 3422 versus
618 3377 815 3422 terram
862 3370 1119 3426 deorsum
1182 3373 1549 3437 inclinantur,
1602 3383 1657 3427 et
1718 3374 1948 3430 terrenis

382 3470 681 3527 pascuntur
715 3460 985 3529 cogitatis.
1013 3460 1130 3516 Non
1181 3465 1356 3519 solum
1388 3465 1570 3535 itaque
1603 3466 1804 3536 justos,
1853 3466 1948 3522 sed

381 3549 543 3604 etiam
575 3560 887 3619 peccatores
920 3552 987 3606 ad
1017 3554 1246 3609 salutem
1280 3556 1511 3609 vocavit.

451 3640 505 3693 8.
540 3639 674 3694 Filii
707 3650 881 3696 autem
930 3643 1196 3697 hominum
1239 3645 1296 3697 in
1327 3646 1548 3715 tegmine
1576 3646 1788 3698 alarum
1823 3654 1945 3699 tua-

379 3745 497 3785 rum
522 3733 822 3801 sperabunt.
854 3733 911 3789 Id
942 3743 1046 3801 est,
1074 3745 1124 3791 te
1154 3745 1510 3805 protectorem
1535 3737 1946 3807 adjutoremque

375 3823 671 3894 evangelici
706 3826 855 3880 verbi
887 3826 1233 3882 obtinebunt.

447 3912 501 3978 9,
534 3914 619 3968 10.
654 3912 1069 3971 Inebriabuntur
1109 3917 1173 3971 ab
1223 3917 1458 3972 ubertate
1486 3918 1672 3973 domus
1722 3932 1844 3987 ture,
1893 3928 1943 3973 et

377 4013 603 4057 torrente
640 4005 923 4074 voluptatis
949 4015 1055 4061 tua:
1074 4008 1283 4077 potabis
1304 4024 1413 4072 eos,
1444 4018 1549 4062 etc.
1579 4007 1815 4066 Torrens
1845 4026 1941 4065 vo-

374 4093 598 4161 luptatis
653 4093 906 4154 Christus
956 4107 1060 4163 est,
1099 4099 1252 4168 juxta
1307 4100 1451 4169 quod
1497 4100 1703 4155 dictum
1753 4103 1938 4156 est”:

374 4181 659 4236 Declinabo
691 4201 844 4254 super
876 4205 962 4242 eos
990 4191 1143 4258 quasi
1184 4198 1385 4244 torrens
1421 4192 1686 4246 inundans
1711 4193 1939 4263 gloriam

373 4272 622 4341 gentium.
642 4270 735 4327 Est
756 4285 936 4329 autem
964 4287 1018 4332 et
1039 4278 1160 4333 fons
1177 4281 1299 4335 vita:
1326 4290 1381 4335 et
1408 4281 1589 4339 lumen
1608 4282 1677 4336 de
1707 4284 1934 4338 lumine.

445 4359 533 4414 12.
580 4360 704 4417 Non
739 4364 909 4418 veniat
957 4366 1087 4419 mihi
1113 4384 1202 4436 pes
1234 4370 1513 4439 superbiae.
1560 4369 1736 4442 Rogat
1784 4374 1931 4427 nulla
1968 4400 2014 4453 ο

280 4488 285 4493 ι
373 4452 575 4507 moveri
605 4468 665 4510 se
694 4456 968 4524 passione.
1021 4456 1090 4512 Et
1127 4475 1313 4514 manus
1353 4464 1645 4530 peccatoris
1675 4480 1779 4518 non
1827 4481 1937 4518 mo-

372 4553 484 4595 seat
512 4560 610 4597 me.
655 4545 841 4616 Neque
874 4562 985 4615 me,
1018 4548 1216 4621 inquit,
1251 4567 1474 4620 pravum
1514 4552 1728 4611 facinus
1769 4571 1936 4628 prope

372 4641 425 4686 te
453 4642 680 4688 stantem
709 4636 1004 4691 dimoveat.

618 4813 667 4867 1.
704 4813 1043 4873 PSALMUS
1089 4821 1188 4890 ipsi
1214 4821 1404 4876 David.
1449 4822 1609 4877 XXX
1627 4823 1721 4879 Vl.

502 4978 507 4985 Ι
965 4910 1004 4962 Α
1015 4922 1360 4981 rgumentum.

366 4994 679 5052 Doctrinam
707 4998 794 5055 hic
828 5000 1070 5071 psalmus
1099 5004 1479 5073 complectitur
1501 5046 1518 5072 ,
1543 5005 1929 5063 abstinentiam

436 5101 468 5142 a
496 5087 655 5143 ma'lis
675 5129 692 5154 ,
720 5089 1097 5162 bonorumque
1123 5095 1362 5149 studium
1396 5110 1540 5151 novo
1568 5099 1771 5167 popqu
1800 5115 1930 5170 prae-

435 5182 623 5237 dicans
653 5200 667 5237 :
702 5193 931 5253 utroque
968 5184 1037 5238 ad
1069 5186 1407 5241 suadendum
1444 5203 1613 5256 usus,
1640 5206 1736 5260 spe
1776 5192 1928 5247 scili-

432 5281 515 5326 cet
541 5275 888 5341 praemiorum
928 5273 1103 5332 bonos
1132 5276 1528 5345 spectantium,
1568 5288 1623 5334 et
1662 5282 1927 5350 supplicio

435 5360 594 5415 malis
617 5361 912 5420 reservato.

432 5448 488 5504 2.
521 5446 650 5503 Noli
684 5455 928 5508 temulari
955 5456 1007 5509 in
1039 5455 1453 5527 malignantibus
1473 5498 1490 5525 ,
1527 5477 1686 5532 neque
1721 5464 1921 5519 zelave-

434 5628 477 5658 “
504 5625 657 5683 Rom.
690 5645 766 5699 ιι,
797 5635 983 5689 31-55.
1056 5637 1225 5692 ηις..
1257 5653 1405 5702 LXVI,
1446 5640 1531 5695 l2.

2045 3188 2202 3257 ματά
2224 3205 2339 3244 σου
2364 3189 2635 3258 ἄϐυσσος
2658 3192 2882 3259 πολλή.
2900 3193 3020 3247 Ἀνθ
3031 3192 3244 3265 ρώπους
3268 3195 3412 3263 λέγει
3436 3194 3622 3259 πάλιν,

2048 3281 2174 3344 τοὺς
2200 3280 2298 3352 τὴν
2323 3281 2552 3353 λογικὴν
2580 3282 2735 3347 ἀξίαν
2769 3284 3134 3352 φυλάττοντας
3154 3301 3167 3315 '
3200 3286 3373 3357 κτήνη
3396 3286 3475 3352 δέ,
3502 3286 3635 3350 τοὺς

2049 3372 2128 3435 εἰς
2140 3371 2244 3441 γῆν
2260 3371 2415 3425 κάτω
2429 3373 2702 3439 νεύοντας,
2726 3373 2820 3427 καὶ
2843 3374 2911 3427 τά
2934 3376 3096 3446 γήϊνα
3119 3375 3479 3446 βοσκομένους
3496 3393 3621 3446 φροθ

2047 3463 2281 3533 νήματα.
2309 3461 2384 3516 05
2410 3463 2570 3534 μόνον
2591 3460 2683 3517 οὖν
2705 3464 2967 3531 δικαίους,
2995 3465 3131 3519 ἀλλά
3151 3467 3245 3519 καὶ
3269 3467 3627 3538 ἁμαρτωλοὺς

2047 3554 2128 3616 είς
2158 3553 2431 3623 σωτηρίαν
2460 3553 2739 3607 ἐκάλεσεν.

2118 3646 2183 3698 Ol
2213 3643 2282 3696 δὲ
2309 3645 2424 3697 υἱοὶ
2449 3643 2567 3698 τῶν
2590 3644 2914 3713 ἀνθρώπων
2938 3645 3008 3698 ἐν
3037 3647 3237 3717 σκέπῃ
3272 3647 3388 3702 τῶν
3415 3651 3632 3719 πτερύ-

2044 3751 2165 3802 γων
2190 3748 2308 3787 σου
2340 3733 2642 3788 ἐλπιοῦσι.
2663 3734 2942 3797 Τουτὲστι,
2972 3724 3287 3807 σκεπαστὴν
3308 3737 3402 3790 καὶ
3430 3736 3632 3809 βοηθόν

2046 3839 2106 3875 σε
2136 3822 2314 3889 ἕξουσι
2348 3823 2441 3877 τοῦ
2472 3823 2831 3893 εὐαγγελικοῢ
2867 3824 3049 3893 λόγου,
3080 3826 3266 3897 φησίν.

2112 3915 2607 3983 Μεθυσθήσονται
2639 3913 2755 3971 ἀπὸ
2803 3917 3084 3983 πιότητος
3133 3917 3301 3970 οἴκου
3342 3933 3481 3983 σου,
3519 3918 3622 3972 καὶ

2042 4005 2149 4058 τὸν
2176 3992 2539 4075 χειμάρῤουν
2568 4004 2680 4074 τῆς
2717 4005 2952 4075 τρυφῆς
2978 4023 3094 4060 σου
3125 4006 3346 4071 ποτιεῖς
3377 4009 3621 4075 αὐτούς.

2040 4089 2387 4166 Χειμάρρους
2412 4098 2624 4167 τρυφῆς
2649 4097 2796 4150 ἐστιν
2825 4097 2854 4148 ὁ
2881 4096 3116 4167 Χριστὸς
3148 4097 3289 4150 κατὰ
3308 4097 3369 4150 τὸ
3395 4097 3625 4169 εἰρημέ-

2041 4201 2128 4237 νον
2149 4202 2162 4214 °
2205 4186 2490 4239 Ἐκκλίνω
2526 4186 2620 4238 ἐπ’
2644 4187 2863 4253 αὐτοὺς
2888 4189 2968 4254 ὡς
3002 4188 3360 4258 χειμάρῤους
3379 4189 3627 4245 emus.

2040 4273 2149 4334 ζων
2179 4273 2366 4341 δόξαν
2385 4275 2758 4333 ἐθνῶν.Ἐστι
2783 4276 2839 4330 δὲ
2869 4278 2962 4331 καὶ
2992 4278 3143 4351 πηγὴ
3178 4278 3323 4350 ζωῆς
3368 4279 3461 4333 καὶ
3504 4281 3623 4350 φῶς

2042 4363 2106 4414 ἐκ
2134 4363 2328 4430 φωτός.

2110 4452 2206 4520 Μὴ
2237 4452 2453 4507 ἐλθέτω
2474 4471 2575 4523 μοι
2600 4453 2753 4521 ποῦς
2776 4457 3366 4526 ὐπερηςρανίας.Ἔξω
3390 4458 3484 4512 τοῦ
3514 4461 3624 4513 τά·

2038 4542 2163 4606 θους
2200 4542 2340 4607 ἀξιοί
2366 4543 2637 4612 γενέσθαι.
2679 4544 2788 4599 Καὶ
2818 4547 2949 4615 χεὶρ
2990 4548 3338 4616 ἀμαρτωλοῦ
3373 4548 3460 4619 μὴ
3500 4564 3622 4603 σα-

2033 4634 2249 4687 λεύσαι
2274 4650 2374 4703 με.
2400 4635 2553 4704 Μηδὲ
2592 4638 3008 4707 μετακινησάτω
3036 4655 3126 4708 με,
3159 4640 3313 4710 φησὶ,
3335 4640 3439 4709 τῆς
3464 4641 3617 4711 παρά

2038 4725 2119 4776 σοὶ
2146 4724 2387 4789 στάσεως
2421 4726 2622 4797 πρᾶξις
2645 4727 2866 4789 ἄτοπος.

2426 4818 2735 4872 ΨΛΛΜΟΣ
2767 4816 2846 4882 τῷ
2873 4818 3072 4874 Δαυΐδ.
3104 4822 3213 4887 Δεῖ
3226 4826 3260 4874 '.

2655 4909 2668 4928 '
2682 4910 2989 4974 Υπόθεσις.

2033 4996 2390 5051 Διδασκαλίαν
2418 4997 2663 5068 περιέχει
2685 5000 2713 5051 ὁ
2734 4997 2971 5069 ψαλμὸς,
3001 4998 3389 5071 εἰσηγούμενος
3402 5001 3481 5073 τῷ
3504 5003 3619 5073 νέῳ

2100 5084 2214 5156 λαῷ
2256 5087 2464 5158 ἀποχὴν
2492 5087 2588 5158 μὲν
2610 5088 2719 5140 τῶν
2751 5088 3022 5161 πονηρῶν,
3054 5091 3394 5162 ἐπιτήδευσιν
3414 5092 3472 5146 δὲ
3500 5093 3609 5147 τῶν

2101 5175 2348 5244 ἀγαθῶν·
2378 5178 2435 5243 ἐξ
2467 5178 2741 5250 ἑκατέρων
2763 5178 2965 5232 πείθων
2985 5222 2999 5240 .
3027 5179 3090 5233 ἐκ
3120 5196 3179 5233 τε
3205 5180 3305 5250 τῆς
3333 5184 3443 5245 τοῖς
3471 5183 3609 5251 ἀγα-

2101 5266 2211 5330 θοῖς
2243 5268 2685 5340 ηὐτρεπισμένης
2717 5268 2962 5333 ἐλπίδος,
2994 5270 3057 5324 ἐκ
3083 5288 3142 5324 τε
3172 5272 3272 5342 τῆς
3301 5272 3415 5336 τοῖς
3441 5289 3607 5343 πονη-

2102 5361 2216 5429 ροῖς
2233 5359 2600 5431 ἀποκειμένης
2625 5358 2918 5424 κολάσεως.

2096 5449 2193 5518 Μὴ
2219 5448 2562 5520 παραζήλου
2591 5450 2661 5504 ἐν
2683 5451 3207 5521 πονηρευομένοις,
3239 5451 3395 5522 μηδὲ
3419 5452 3601 5520 ζήλου
