3944 6220
263 309 357 367 ΠῚ

1317 313 1679 368 ΕΧΡΟΒΙΤΙΟ
1718 313 1782 368 IN
1817 314 2143 371 I‘SALMUM
2179 314 2416 370 XXXVI.

3401 313 3501 370 178

266 425 395 490 τοὺς
416 424 750 491 ποιοῦντας
773 408 1179 496 τὴν-ἀνομίαν.
1214 429 1474 498 Παραινεῐ
1499 427 1718 496 φεύγειν
1743 429 1839 498 τὴν

1967 431 2014 482 is
2042 431 2288 495 facientes
2321 405 2672 497 iniquitatem.
2707 426 2962 482 Malitiam
2991 426 3175 498 fugere
3205 427 3456 483 hortatur
3488 448 3500 481 :

272 515 557 586 πονηρίαν·,
590 516 671 578 ὡς
703 516 972 570 ἔκπτωσιν
1000 511 1136 570 εἶναι
1178 518 1375 580 παντὸς
1403 518 1609 585 ἀγαθοῦ
1639 519 1842 588 ταύτης

275 607 609 676 ὑπογράφων,
638 607 699 660 τὸ
723 607 893 671 τέλος.

339 699 443 750 Καὶ
475 687 868 766 κὶιτασκήνου
897 697 1011 765 τὴν
1037 698 1169 770 γῆν,
1197 698 1295 752 καὶ
1334 698 1714 767 ποιμανθήσῃ
1744 699 1844 752 ἐπὶ

275 787 349 852 τῷ
381 788 622 850 πλούτῳ
655 787 864 854 αὐτῆς.
898 788 1006 858 Γῆν
1035 789 1180 856 λέγει
1203 789 1300 858 τὴν
1323 787 1680 841 θεόπνευστον
1704 790 1844 858 Γρα-

278 878 408 947 φὴν,
443 877 501 927 ὲν
604 877 632 927 ὁ
662 875 889 936 πλοῦτος
918 877 1025 928 τῶν
1049 877 1248 944 ἁγίων,
1285 877 1556 930 τουτέστιν
1583 878 1634 931 ai
1673 880 1843 946 ὲπαγ-

275 967 462 1035 γελίαι.
537 967 804 1036 Παραινεί
849 967 1137 1030 διαπαντὸς
1170 967 1276 1020 τῶν
1310 968 1467 1021 Θείων
1513 967 1846 1039 προσχέσθαι

275 1057 486 1125 λογίων,
520 1055 682 1124 ἔρωτι
718 1057 825 1110 τῶν
856 1060 913 1113 ὲν
931 1058 1113 1122 αὐτοῖς
1127 1059 1504 1128 ἀποκειμένων
1528 1062 1641 1123 τοῖς
1672 1058 1843 1128 ἁγίοις

277 1149 510 1218 ἀγαθῶν.

353 1240 776 1308 Ἀποκάιιυψον
820 1240 968 1307 πρὸς
1016 1243 1235 1309 Κύριον
1268 1241 1381 1309 τὴν
1407 1242 1551 1296 ὁδόν
1574 1257 1710 1304 σου,
1745 1243 1844 1296 καί

276 1331 530 1384 {laedor
550 1330 642 1382 ἐπ’
667 1331 871 1393 αὑτὸν,
895 1330 992 1383 καὶ
1019 1331 1200 1395 αὐτὸς
1222 1330 1480 1398 ποιήσει.
1509 1332 1666 1402 Ἔστι,
1690 1331 1848 1401 φησὶ,

278 1421 522 1489 φανερῶς
549 1419 646 1489 τὴν
679 1420 1015 1489 ἀρέσκουσαν
1049 1421 1196 1491 αὐτῷ
1230 1421 1461 1491 βαδίζων
1492 1422 1628 1474 ὀδόν..

342 1507 448 1560 Καὶ
475 1507 698 1570 ἐξοίσει
729 1508 808 1571 ὡς
832 1508 954 1575 φῶς
983 1509 1096 1576 τὴν
1123 1509 1519 1578 δικαιοσύνην
1548 1529 1684 1564 σου.
1740 1512 1846 1581 Δῆ-

276 1597 362 1650 λον
389 1597 497 1666 γάρ
536 1597 706 1660 ἐστιν,
736 1598 816 1650 ὅτι
842 1598 899 1650 ἐν
923 1598 1000 1668 τῷ
1033 1600 1275 1668 μέλλοντι
1304 1600 1459 1652 αίῶνι
1481 1641 1495 1665 ,
1529 1601 1604 1663 ὡς
1632 1601 1795 1663 αὐτὸς
1819 1602 1848 1652 ὁ

1944 523 2144 576 docens
2169 522 2286 590 ejus
2316 522 2477 574 tinem
2499 535 2620 575 esse
2653 520 2863 588 lapsum
2890 520 2956 573 ab
2981 519 3130 572 omni
3161 519 3325 573 bono.

2013 704 2066 756 ’5.
2111 701 2176 754 Et
2204 701 2676 764 inhabitaterram,
2703 710 2750 754 et
2785 700 3017 768 pasceris
3053 700 3106 752 in
3136 698 3335 751 diritiis
3369 697 3504 767 ejus.

1945 795 2168 847 Terram
2212 793 2341 848 dicit
2384 793 2645 847 divinitus
2673 793 2988 861 inspiratam
3036 789 3370 860 Scripturani
3399 831 3412 854 ,
3450 791 3505 844 in

1945 896 2051 950 qua
2082 882 2198 936 sita:
2243 890 2558 936 sanctorum
2590 882 2810 947 divitiis,
2862 883 2912 934 id
2962 890 3044 936 est
3090 881 3503 950 promissiones.

1945 969 2203 1025 Hortatur
2232 982 2413 1026 autem
2459 979 2519 1026 ut
2547 972 2745 1026 divinis
2788 972 3020 1042 eloquiis
3053 986 3264 1041 semper
3303 972 3508 1024 hazrea-

1946 1077 2090 1126 mus,
2121 1077 2306 1116 amore
2337 1063 2486 1118 ducti
2520 1063 2784 1118 bonorum
2822 1079 2942 1132 quae
2974 1063 3028 1117 in
3059 1063 3139 1117 eis
3173 1076 3270 1131 pro
3306 1063 3507 1116 sanctis

1946 1160 2072 1206 sunt
2095 1152 2348 1220 reposita.

2017 1241 2068 1294 5.
2096 1240 2284 1294 Revela
2319 1241 2542 1295 Domino
2585 1245 2722 1296 viam
2769 1253 2911 1296 tuam
2949 1253 2997 1296 et
3038 1259 3189 1312 spera
3235 1245 3287 1295 in
3328 1259 3416 1302 eo,
3459 1252 3506 1295 et

1947 1329 2058 1397 ipse
2092 1330 2273 1397 faciet.
2306 1329 2488 1384 Palam
2516 1371 2530 1395 ,
2560 1333 2767 1400 inquit,
2804 1333 2907 1385 erit
2940 1341 2992 1385 te
3027 1347 3122 1401 per
3151 1344 3428 1402 acceptam
3457 1341 3511 1384 et

1948 1429 2156 1492 gratam
2187 1422 2290 1492 ipsi
2324 1421 2466 1476 viam
2504 1422 2772 1476 incedere.

2018 1512 2070 1563 6.
2112 1509 2179 1562 Et
2208 1509 2389 1563 educet
2417 1511 2567 1577 quasi
2601 1511 2774 1563 lumen
2821 1512 3083 1573 iustitiam
3124 1520 3288 1565 tuam.
3339 1509 3510 1564 Mani-

1952 1600 2144 1656 festum
2196 1600 2339 1655 enim
2386 1610 2467 1655 est
2511 1602 2655 1670 quod
2699 1603 2751 1654 in
2796 1602 2978 1656 fultum
3019 1603 3256 1665 saeculo,
3290 1611 3350 1656 ut
3396 1602 3512 1670 ipse

277 1686 473 1756 Κύριος
500 1685 722 1756 εἴρηκεν
744 1725 758 1749 ,
789 1687 871 1738 ὅτι
917 1689 969 1739 οι
1002 1686 1213 1741 δίκαιοι
1248 1688 1672 1758 ἐκλάμψουσιν
1697 1690 1778 1752 ὡς
1815 1691 1849 1742 ὁ

1967 1692 2214 1746 )ominus
2245 1693 2372 1746 dicit
2398 1692 2466 1755 ⁸⁸,
2503 1691 2642 1760 justi
2675 1693 2940 1762 fulgebunt
2977 1695 3111 1746 sicut
3153 1693 3250 1746 sol.
3303 1691 3508 1745 Lumen

277 1778 464 1845 ἥλιος.
497 1776 614 1839 Φῶς
642 1777 698 1829 δὲ
727 1777 1074 1849 δικαιοσύνης
1107 1779 1335 1846 γνῶσις
1379 1779 1563 1851 ἐπειδὴ
1592 1781 1685 1833 καὶ
1709 1782 1742 1847 ἠ
1767 1780 1847 1831 δι·-

276 1866 531 1935 καιοσύνη
558 1865 737 1919 κανών
761 1869 906 1920 ἐστιν
929 1868 1154 1940 ἀρετῶν.
1189 1870 1296 1924 Kal
1325 1870 1390 1924 τὸ
1418 1870 1594 1940 κρῖμά
1624 1887 1739 1925 σου
1767 1873 1848 1937 ὡς

269 1961 659 2028 μῑσημὸρίαν.
700 1961 842 2013 Ἀντὶ
865 1961 958 2013 τοῦ
979 1977 992 1990 ·
1018 1963 1208 2030 Κρινεῖ
1230 1977 1288 2013 σε
1320 1960 1466 2024 ἄξιον
1491 1961 1618 2014 ὄντα
1650 1961 1844 2029 φωτός.

339 2051 449 2102 Καὶ
489 2050 674 2117 αὐτὸς
714 2049 972 2117 ποιήσει.
1011 2052 1178 2104 Ὅταν
1208 2052 1292 2104 ἐπ’
1319 2052 1468 2121 αὑτῷ
1492 2091 1506 2116 ,
1538 2053 1733 2122 φησιν,
1765 2051 1850 2104 ex-

274 2140 470 2209 πίσῃς,
511 2140 632 2193 τότε
663 2141 756 2193 καὶ
789 2140 951 2204 αὐτὸς
987 2141 1225 2211 ποιήσει.
1280 2141 1346 2192 Τί
1392 2139 1447 2193 δὲ
1487 2143 1700 2211 ποιήσει
1733 2143 1848 2194 δια-

271 2229 910 2298 δείκνυσινὲπενεγκώνθ
959 2230 1221 2294 Ἐξοίσει
1250 2230 1330 2295 ὡς
1354 2228 1479 2298 φῶς
1497 2229 1612 2296 τὴν
1633 2229 1850 2283 δικαιο-

271 2304 470 2386 οἶύνην
519 2336 636 2374 σου
662 2359 678 2383 ,
729 2322 827 2374 καί
867 2321 930 2374 τὸ
979 2320 1158 2389 κρῖμά
1199 2335 1314 2374 σου
1348 2321 1427 2386 ὡς
1452 2321 1846 2389 μεσημϐρίαν.

274 2411 313 2461 Τ
316 2409 402 2461 ότε
426 2409 484 2461 δὲ
512 2407 733 2476 ἐξοίσει,
763 2411 946 2480 φησιν,
977 2411 1099 2464 ἀντὶ
1131 2411 1223 2464 τοῦ
1247 2411 1464 2481 ἐμφανῆ
1497 2413 1847 2483 καταστήσει,

274 2503 362 2552 καὶ
409 2495 522 2553 οἷον
576 2499 869 2571 περίοπτον
900 2502 1198 2570 ἀποφανεῖ,
1251 2500 1433 2553 λαθεῖν
1475 2502 1574 2554 οὐκ
1613 2501 1717 2555 ἐῶν
1754 2502 1852 2571 τῆς

274 2589 502 2653 εὐζωίις
535 2590 597 2642 τὺ
637 2589 853 2653 κάλλος.
927 2592 1117 2646 Ἔσται
1145 2590 1251 2662 γὰρ
1286 2591 1486 2644 ἅπασιν
1534 2591 1768 2662 ἐναργὴς
1815 2594 1847 2662 ἡ

272 2679 584 2750 δικαιοσύνη
639 2696 733 2733 σου
775 2680 930 2751 δίκην
978 2682 1156 2750 φωτὸς
1186 2681 1618 2751 ἀναλάμπουσα,
1677 2681 1851 2750 φωτὸς

278 2769 672 2840 μεσημϐρινοῦ.
697 2771 1030 2842 Μεσημϐρία
1052 2788 1115 2839 γε
1139 2773 1246 2842 μὴν
1267 2771 1585 2842 ὀνομάζεται
1607 2771 1704 2842 τῆς
1727 2770 1855 2841 ὴμέ-

278 2878 373 2929 ρας
404 2862 537 2914 αὐτὸ
567 2861 629 2915 τὺ
661 2862 1001 2932 μεσαίτατον.
1030 2863 1104 2916 Oi)
1136 2863 1316 2934 μόνον,
1344 2863 1508 2932 φησὶ,
1541 2863 1738 2915 δικαιοῖ
1762 2861 1853 2914 τὸν

276 2950 784 3021 ἐξομολογούμενον,
811 2952 906 3004 καὶ
928 2955 1102 3023 κρῖμα
1131 2953 1279 3023 αὐτῷ
1303 2953 1602 3025 προσφέρει
1629 2953 1854 3023 χρηστό-

1948 1793 2127 1838 autem
2156 1783 2402 1852 justitia,
2431 1785 2696 1852 cognitio;
2723 1785 3159 1852 quandoquidem
3188 1781 3396 1851 jussitia
3429 1797 3513 1834 rc-

1948 1876 2070 1945 gula
2103 1876 2363 1928 virtutum
2388 1885 2487 1928 est.
2530 1873 2594 1927 Et
2621 1875 2886 1943 judicium
2931 1885 3077 1928 tuum
3117 1884 3366 1943 tanquam
3403 1889 3510 1926 ικα-

1948 1965 2153 2018 ridient.
2184 1963 2240 2017 Id
2263 1973 2366 2029 est,
2400 1962 2478 2016 Te
2508 1963 2732 2033 dignum
2767 1965 2904 2018 lucis
2929 1964 3196 2033 judicabit
3227 1975 3366 2016 esse.

2018 2056 2166 2110 Dan.
2197 2055 2360 2110 Barb.
2381 2070 2400 2108 :
2419 2054 2484 2108 Et
2508 2055 2615 2124 ipse
2632 2056 2811 2123 faciet.
2835 2055 2958 2118 Ubi,
2989 2055 3183 2124 inquit,
3207 2055 3262 2108 in
3288 2066 3354 2106 eo
3384 2065 3512 2120 spe-

1949 2148 2173 2215 raveris,
2203 2155 2332 2202 tunc
2377 2147 2493 2216 ipse
2543 2145 2722 2201 faciet.
2757 2146 2864 2201 Sed
2910 2146 3041 2216 quid
3083 2145 3244 2198 faciet
3277 2142 3512 2198 ostendit

1948 2237 2184 2291 inferens
2221 2255 2234 2290 :
2275 2240 2343 2290 Et
2374 2237 2554 2289 educet
2584 2237 2738 2305 quasi
2777 2235 2947 2289 lumen
2983 2235 3252 2304 justitiam
3283 2243 3429 2285 tuam
3462 2239 3510 2284 et

1940 2328 2205 2397 judicium
2250 2333 2397 2380 tuum
2437 2336 2688 2395 tanquam
2726 2327 3014 2379 meridiem.
3048 2325 3186 2380 Tum
3218 2339 3346 2378 vero
3380 2321 3514 2376 edu-

1949 2426 2054 2481 cet,
2084 2419 2280 2486 inquit,
2310 2431 2428 2485 pro,
2461 2417 2810 2470 manifestum
2855 2417 3075 2482 reddet,
3105 2425 3159 2470 et
3187 2415 3344 2484 quasi
3375 2429 3510 2468 con-

1951 2508 2198 2576 spicuum
2232 2507 2562 2570 declarabit,
2597 2521 2704 2560 non
2751 2506 3070 2574 permittens
3116 2506 3355 2559 honestae
3393 2505 3514 2556 vita

1950 2598 2200 2652 decorem
2223 2604 2276 2651 et
2309 2597 2761 2667 pulchritudinem
2783 2596 2968 2650 latere.
2990 2594 3106 2648 Erit
3133 2593 3276 2648 enim
3301 2593 3514 2663 justitia

1952 2697 2044 2743 tua
2075 2697 2332 2758 tanquam
2360 2689 2543 2742 lumen
2570 2686 2823 2742 omnibus
2855 2684 3138 2760 manifesta
3160 2724 3176 2750 ,
3215 2685 3513 2739 meridiana

1953 2781 2073 2834 luce
2117 2778 2466 2848 splendidior.
2511 2776 2763 2831 Meridies
2822 2776 2928 2830 diei
2966 2775 3250 2829 dimidium
3296 2775 3517 2831 dicitur.

1951 2867 2070 2923 Non
2105 2869 2288 2934 modo,
2313 2867 2510 2937 inquit,
2542 2866 2890 2921 confitentem
2929 2864 3210 2934 justiticat,
3246 2862 3374 2918 etei
3404 2862 3515 2916 cle-

1955 2967 2163 3015 menter
2206 2959 2510 3029 adjudicat,
2552 2972 2742 3012 verum
2783 2957 2944 3010 etiam
2982 2953 3251 3024 justitiam
3292 2953 3411 3022 ejus
3459 2951 3515 3005 in

277 3057 451 3111 τητος,
478 3040 619 3094 ἀλλά
647 3041 741 3093 καὶ
767 3045 845 3104 είς
867 3041 980 3111 φῶς
1013 3042 1176 3095 αὐτοῦ
1211 3044 1509 3114 προσφέρει
1533 3042 1631 3114 τὴν
1658 3044 1852 3096 δικαιο-

1967 3057 2141 3119 aperto
2156 3050 2325 3120 ponit,
2351 3048 2455 3104 hoc
2476 3057 2579 3112 est,
2613 3055 2803 3100 notum
2833 3045 3090 3098 omnibus
3119 3043 3249 3097 Facit
3276 3057 3334 3096 se
3363 3042 3513 3095 illum

280 3131 470 3201 σύνην·
522 3131 770 3184 τουτέστι
801 3133 1053 3204 γνωρίζει
1100 3136 1263 3187 πᾶσιν
1284 3174 1297 3196 ,
1334 3134 1526 3205 ὅτιπερ
1552 3134 1711 3188 αὐτὸν
1745 3133 1851 3188 ὲδι-

280 3221 534 3276 καίωσεν.
592 3217 716 3284 Οἷος
741 3217 810 3291 ἦν
835 3223 863 3274 ὁ
893 3222 1094 3296 λῃστὴς
1119 3264 1133 3289 ,
1165 3217 1225 3277 οὗ
1261 3222 1322 3275 τὸ
1350 3225 1523 3294 κρῖμα
1552 3225 1608 3274 ὲν
1645 3241 1856 3294 μεσημ-

278 3309 404 3380 ϐρίᾳ
438 3308 584 3363 κατὰ
612 3311 672 3362 τὸ
704 3311 868 3381 μέσον
894 3315 992 3382 τῆς
1025 3312 1235 3382 ἡμέρας
1262 3311 1658 3382 σταυρούμενος
1687 3314 1715 3365 ὁ
1756 3313 1857 3382 Ἰη-

284 3399 402 3462 σοῦς
430 3399 688 3470 ἐξήγαγε,
720 3401 813 3454 καὶ
841 3402 941 3472 τὴν
965 3403 1050 3455 ἐπ’
1077 3401 1223 3473 αύτῷ
1247 3402 1588 3482 δικαιοσύνην
1616 3404 1696 3465 εἰς
1720 3403 1855 3472 φῶς,

282 3487 555 3543 τουτέστιν
607 3493 687 3554 είς
721 3492 936 3544 πάντων
973 3491 1174 3560 γνῶσιν
1204 3491 1454 3561 ἤνεγκεν.
1523 3492 1585 3544 Ἦ
1628 3491 1737 3562 γὰρ
1768 3493 1855 3543 ἐπ’

283 3580 424 3650 αὑτῷ
463 3581 616 3650 φωνὴ
636 3619 649 3643 ,
698 3582 894 3650 Ἀμὴν,
924 3582 1088 3650 ἀμὴν
1111 3581 1264 3652 λέγω
1285 3597 1405 3649 σοι,
1435 3583 1703 3651 σήμερον
1729 3584 1856 3651 μετ’

284 3671 423 3738 ἐμοῦ
454 3671 664 3739 ἔσῃ’ἐν
692 3672 772 3738 τῷ
809 3674 1168 3742 παραδείσῳ,
1202 3675 1281 3736 είς
1324 3673 1552 3745 φανερὸν
1580 3676 1646 3744 τῇ
1679 3675 1858 3728 οίκου-

287 3758 416 3829 μένῃ
434 3801 450 3821 ,
481 3760 682 3829 μᾶλλον
711 3761 769 3814 δὲ
797 3761 912 3830 φῶς
935 3765 998 3833 τῇ
1025 3762 1320 3834 οἰκουμένῃ
1369 3761 1690 3832 γεγένηται,
1721 3778 1857 3834 προ-

283 3849 457 3920 τροπὴ
487 3852 623 3903 πᾶσι
643 3854 756 3914 τοῖς
785 3852 842 3905 ὲν
868 3853 1124 3922 μετανοίᾳ
1145 3854 1520 3922 τυγχάνουσιν.
1549 3853 1663 3906 Ούκ
1683 3852 1857 3917 ἔσται,

287 3937 452 4006 φησὶ,
509 3939 921 4009 κεκαλυμμένον
960 3942 1020 3994 τὸ
1051 3943 1150 4012 τῆς
1195 3941 1542 4010 δικαιοσύνης
1588 3942 1857 4014 λαμπρὸν,

287 4029 474 4101 ὥσπερ
497 4031 613 4094 νῦν,
641 4031 755 4084 ἀλλ’
780 4034 1040 4101 ἐπιφανὲς
1059 4033 1247 4103 ὥσπερ
1265 4035 1412 4103 ἥλιος
1439 4035 1498 4088 ἐν
1519 4032 1858 4105 μεσημϐρίᾳ,

286 4122 470 4192 ὥσπερ
502 4124 532 4175 ὁ
561 4123 760 4194 Κύριός
791 4141 925 4194 φησι
946 4141 961 4154 ·
1021 4126 1154 4177 Τότε
1184 4128 1236 4177 οὶ
1273 4124 1490 4179 δίκαιοι
1511 4123 1864 4192 Idaei-auctr

286 4214 359 4278 ὡς
386 4217 420 4266 ὁ
453 4213 629 4280 ἣλιος
655 4214 726 4266 ἐν
755 4209 828 4281 τῇ
849 4215 1134 4281 ,ϐασιλείᾳ
1161 4214 1268 4267 τοῦ
1295 4214 1525 4282 Πατρός
1548 4213 1768 4268 αὐτῶν.
1807 4251 1818 4266 .

364 4304 376 4321 '
393 4301 724 4372 Υποτάγηθι
747 4302 826 4368 τῷ
851 4304 1044 4371 Κυρίῳ
1069 4304 1167 4356 καὶ
1187 4304 1500 4358 ἱκέτευσον
1525 4305 1730 4358 αὐτόν.
1757 4305 1863 4357 Αύ-

1950 3141 2302 3211 justiﬁcasse.
2328 3139 2646 3208 Cujusmodi
2677 3137 2778 3191 fuit
2804 3137 2960 3201 latro,
2993 3137 3149 3205 cujus
3171 3134 3434 3204 judicium
3461 3132 3513 3185 in

1956 3227 2201 3293 meridie,
2235 3227 2339 3282 hoc
2364 3234 2442 3281 est
2473 3225 2649 3280 medio
2673 3225 2759 3278 die
2785 3265 2798 3289 ,
2824 3222 2994 3278 .lesus.
3011 3223 3063 3276 in
3094 3236 3254 3277 cruce
3279 3220 3517 3290 pendens

1955 3315 2159 3379 eduxit,
2189 3330 2406 3384 unaque
2432 3314 2550 3384 ejus
2574 3314 2840 3383 justitiam
2873 3312 2928 3366 in
2961 3313 3136 3367 lucem
3159 3350 3174 3375 ,
3207 3312 3311 3366 hoc
3341 3318 3425 3364 est
3461 3324 3518 3362 ιιι

1957 3407 2200 3460 omnium
2227 3407 2614 3476 cognitionem,
2654 3404 2930 3474 produxit.
2967 3401 3102 3456 Nam
3133 3415 3390 3470 expressa
3413 3415 3516 3454 vox

1959 3497 2069 3560 illa,
2098 3498 2284 3560 Amen,
2321 3511 2474 3549 amen
2502 3497 2620 3548 dico
2651 3495 2768 3558 tibi,
2799 3494 2952 3548 hodie
2978 3509 3178 3546 mecum
3206 3492 3310 3545 eris
3339 3491 3396 3544 in
3425 3506 3520 3559 pa-

1959 3583 2138 3635 radiso
2161 3583 2228 3649 ⁸⁵,
2249 3583 2396 3635 clara
2423 3581 2648 3647 mundo,
2672 3589 2834 3650 atque
2859 3579 3230 3635 adeoluxorbi
3254 3588 3518 3632 terrarum

1958 3670 2100 3726 facta
2133 3679 2234 3739 est,
2268 3680 2318 3725 et
2353 3671 2607 3728 omnibus
2646 3670 3092 3740 resipiscentibus
3119 3679 3173 3723 et
3211 3667 3520 3736 pmnitenti-

1959 3762 2062 3816 bus
2089 3753 2395 3816 adhortatio
2422 3760 2668 3829 quaedam
2698 3759 2817 3814 fuit.
2849 3758 2964 3813 Non
2989 3759 3156 3822 enim,
3180 3758 3274 3822 ait,
3302 3756 3520 3811 claritas

1955 3846 2178 3915 jUSlllltB
2203 3847 2321 3914 ejus
2349 3847 2562 3901 occulta
2584 3846 2708 3912 erit,
2736 3855 2796 3899 ut
2821 3846 2980 3900 modo
3009 3855 3109 3906 cst,
3145 3845 3236 3898 sed
3263 3858 3520 3912 tanquam

1962 3937 2041 3991 sol
2073 3937 2126 3990 in
2154 3935 2378 3991 meridie
2405 3936 2718 4004 conspicua.
2757 3934 3224 4000 Quemadmodum
3258 3933 3521 3987 Dominus

1961 4025 2037 4080 ait
2057 4026 2101 4057 ⁸⁸
2136 4042 2149 4081 :
2182 4025 2312 4080 Tum
2343 4026 2480 4096 justi
2507 4025 2778 4095 fulgebunt
2812 4026 2947 4079 sicut
2971 4025 3051 4079 sol
3076 4025 3130 4076 in
3159 4039 3312 4093 regno
3337 4021 3520 4078 Patris

1961 4131 2161 4171 eorum.

2035 4299 2086 4354 7.
2118 4297 2371 4353 Subditue
2394 4308 2505 4351 esto
2544 4295 2764 4349 Domino
2798 4303 2848 4349 et
2874 4311 2967 4348 ora
2997 4310 3134 4348 eum.
3163 4295 3282 4362 Ipse
3303 4292 3524 4362 quidem

286 4392 374 4456 τὸς
403 4393 504 4461 μὲν
522 4392 725 4461 funal,
761 4392 908 4458 ἄξιον
932 4393 1060 4447 ὄντα
1089 4391 1166 4464 (a)
1190 4394 1365 4462 φωτὸς
1394 4394 1666 4458 ἀποδείξει
1704 4397 1761 4448 ἐν
1784 4395 1852 4466 τῷ

1967 4399 2017 4444 te
2052 4391 2171 4445 luce
2197 4389 2418 4459 dignum
2467 4386 2716 4443 ostendet
2751 4385 2807 4438 in
2837 4384 3022 4442 futuro
3062 4384 3293 4448 saeculo,
3325 4392 3378 4438 tu
3423 4399 3521 4437 au-

290 4481 539 4550 μέλλοντι
575 4480 731 4534 αίῶνι
755 4498 770 4512 ο
807 4482 871 4534 σὺ
902 4482 959 4535 δὲ
1001 4481 1236 4536 ἐνταῦθα
1267 4482 1592 4551 ὑποτάγηθι.
1625 4484 1722 4552 Μὴ
1749 4499 1862 4537 πα-

281 4571 542 4638 ραᾷξλου
581 4573 651 4626 ἐν
683 4572 763 4638 τῷ
793 4572 1277 4643 κατευοδουμένῳ
1305 4574 1374 4634 ἐν
1404 4573 1478 4642 τῇ
1508 4574 1624 4640 ὀδῷ
1647 4574 1857 4629 αὐτοῦ.

290 4663 377 4732 Μὴ
441 4664 693 4734 μιμήσῃ,
759 4665 950 4735 φησιν,
999 4664 1346 4735 εὐδαιμονίαν
1402 4666 1468 4718 ὲκ
1520 4665 1860 4737 παρανομίας

293 4769 592 4824 συγκροτου
601 4753 788 4824 μένην.

361 4840 476 4913 [Μὴ
512 4841 758 4913 θαύμαζε
790 4844 1073 4916 ἄνθρωπον
1107 4847 1420 4917 παράνομον
1461 4849 1862 4918 κατευθυνόμε-

291 4949 394 4998 νον,
417 4933 551 5005 μηδὲ
578 4935 794 5008 μιμήσῃ
817 4935 1161 5006 εὐδαιμονίαν
1185 4939 1249 4990 ὲκ
1271 4939 1616 5008 παρανομίας
1639 4957 1867 5011 συγκρο-

294 5023 578 5094 τουμένην,
616 5024 750 5094 μηδὲ
783 5026 1042 5095 πράττειν
1074 5026 1314 5096 ἐρεθίζου
1343 5028 1410 5081 τά
1437 5029 1627 5098 ὃμοια’
1659 5029 1777 5083 ἀλλ’
1810 5033 1860 5084 εί

296 5117 384 5168 aut
419 5114 562 5168 κατά
593 5115 722 5187 ροῦν
755 5115 904 5185 αύτῷ
939 5117 1162 5187 φέρεται
1195 5119 1400 5181 πάντα,
1441 5120 1514 5190 μὴ
1541 5119 1733 5173 δάκνου
1765 5139 1868 5191 μη-

297 5201 351 5252 δὲ
375 5200 658 5273 δυσφόρει,
684 5204 765 5256 ὅτι
803 5203 877 5276 μὴ
901 5204 1101 5258 διδόασι
1125 5205 1280 5275 δίκην
1313 5208 1360 5257 oi
1390 5207 1635 5277 πονηροὶ,
1667 5208 1779 5262 ἀλλ’
1811 5211 1870 5262 ὲν

300 5289 541 5361 εύθηνείᾳ
570 5291 889 5358 διάγουσιν,
943 5291 1018 5355 ὡς
1064 5294 1137 5364 μή
1185 5311 1327 5356 τινος
1371 5293 1469 5366 τὴν
1524 5295 1662 5349 τίσιν
1711 5296 1867 5349 εύού-

301 5394 486 5444 νοντος.

362 5471 658 5538 Κρεῖσσσν
697 5472 905 5540 ὀλίγον
945 5472 1024 5538 τῷ
1075 5474 1316 5538 δικαίῳ·
1357 5475 1477 5530 ἀντὶ
1522 5476 1649 5540 τοῦ,
1688 5477 1867 5544 μεῖζόν

1965 4492 2071 4536 tem
2109 4482 2197 4536 hic
2223 4480 2473 4535 subditus
2499 4487 2639 4550 esto.
2672 4475 2801 4531 Noli
2839 4475 3080 4530 wiitulari
3115 4475 3166 4526 in
3193 4489 3250 4525 eo
3274 4475 3363 4542 qui
3407 4489 3530 4541 pra-

1963 4583 2204 4643 spcratur
2233 4572 2288 4624 in
2310 4571 2393 4625 via
2418 4586 2535 4624 sua.
2567 4567 2645 4623 Ne
2666 4567 2955 4630 aemuleris,
2976 4565 3069 4629 ait,
3089 4564 3396 4626 felicitatem
3428 4565 3531 4616 ini.—

1966 4665 2171 4734 quitate
2195 4673 2587 4731 comparatam.

2041 4843 2141 4915 [Ne
2169 4843 2530 4900 admiratione
2557 4839 2794 4910 capiaris
2809 4840 2928 4894 viso
2951 4839 3171 4892 homine
3195 4837 3382 4906 iniquo
3409 4851 3532 4904 pro-

1971 4947 2126 5002 spere
2153 4940 2368 5001 agente,
2390 4944 2566 5000 neque
2589 4929 2859 4984 retarderis
2888 4927 3198 4982 felicitatem
3225 4941 3289 4980 ex
3320 4926 3527 4996 injusti-

1975 5024 2044 5075 Iia
2075 5021 2422 5090 acquisitam,
2445 5034 2620 5088 neque
2645 5019 2941 5073 stimuleris
2966 5017 3034 5075 ad
3066 5017 3264 5073 similia
3295 5014 3528 5085 agenda:

1973 5113 2066 5166 sed
2091 5111 2305 5165 etiamsi
2343 5110 2526 5165 omnia
2563 5109 2664 5178 ipsi
2703 5124 2769 5164 ex
2805 5117 2930 5163 voto
2970 5116 3164 5177 sponte
3197 5104 3490 5164 succedant
3514 5142 3526 5164 ,

1974 5217 2042 5255 ne
2074 5200 2260 5254 doleas
2292 5214 2394 5252 neu
2436 5198 2652 5267 indigne
2683 5195 2856 5263 feras,
2889 5197 3044 5266 quasi
3077 5192 3306 5262 improbi
3346 5205 3534 5259 plenas

1973 5309 2082 5345 non
2111 5293 2260 5344 luant
2282 5329 2296 5356 ,
2329 5288 2422 5343 sed
2455 5303 2714 5358 prospere
2746 5296 2930 5357 agant,
2968 5301 3065 5340 ceu
3098 5283 3246 5337 nullo
3275 5281 3542 5345 ultionem

1971 5393 2023 5437 et
2051 5381 2460 5452 castigationem
2486 5380 2768 5433 infcrente.

2042 5473 2232 5529 Μεηιιε
2261 5483 2336 5526 est
2361 5473 2619 5526 modicum
2645 5469 2837 5537 justo;
2870 5483 2930 5520 ac
2961 5466 3004 5520 si
3035 5465 3207 5529 dicat,
3242 5463 3430 5518 melior
3456 5470 3540 5516 est

363 5581 402 5610 “
433 5581 624 5636 Matth.
656 5598 785 5644 xm,
821 5582 911 5636 45.
975 5585 1018 5616 ⁸⁸
1049 5585 1179 5643 Luc.
1230 5604 1386 5653 xxlu,
1421 5590 1510 5644 45.
1594 5589 1638 5620 ⁸⁸
1666 5587 1858 5644 Matth.
1900 5605 2016 5655 xm,
2048 5588 2136 5642 45.

362 5673 432 5743 (α)
471 5674 631 5732 Deest
663 5691 749 5729 σε.
785 5672 943 5727 Enn.
