3944 6220
373 347 478 402 479

1209 348 1268 405 s.
1308 349 1681 408 ATHANASII
1719 352 1872 409 ore.
1916 354 2094 411 rans
2133 356 2221 411 nt.
2265 384 2335 396 -
2378 332 2787 415 nisa-eruca.

3504 366 3608 419 180

367 460 582 515 modica
623 457 839 515 Domini
868 458 1285 528 misericordia,
1324 479 1491 533 quam
1519 480 1709 521 omnes
1742 467 1929 520 mundi
1960 522 1965 532 ,

2067 485 2149 522 στι
2185 473 2377 542 μικρδν
2416 471 2562 535 ἔλεος
2594 470 2684 524 τοῦ
2717 471 2919 543 Κυρίου
2954 472 3093 544 ὑπὲρ
3120 473 3296 529 πάντα
3329 476 3418 530 τὸν
3446 477 3612 534 πλοῦ-

368 549 619 621 divitiae.)

439 639 491 694 8.
524 640 712 695 Desine
732 642 796 695 ab
825 642 929 708 ira,
963 651 1012 695 et
1039 642 1335 713 derelinque
1367 643 1616 700 furorem.
1649 644 1726 700 Ne
1756 647 1927 715 rt-spi-

308 770 317 773 -
368 732 482 785 cias
511 733 918 799 proslieritatem
939 746 1155 798 eorum,
1182 734 1276 789 sed
1303 743 1616 803 exspectato
1645 737 1805 790 ﬁnem
1832 778 1845 797 .
1876 750 1930 790 et

366 821 573 876 videbis
616 822 938 890 perniciem.
972 823 1053 877 lra
1100 834 1281 879 autem
1323 834 1406 879 est
1444 828 1713 895 appetitus
1754 828 1931 880 vindi-

367 921 467 965 cta:
498 929 511 964 :
547 911 784 965 vindicta
810 921 990 966 autem
1021 914 1148 967 mali
1174 915 1481 970 retributio.
1518 916 1647 970 Noli
1690 920 1932 972 aemulari

367 1012 427 1054 ut
454 1002 777 1071 maligner‘ts.
812 1001 987 1063 Probe
1032 1005 1173 1059 nosti
1212 1006 1352 1074 quod
1385 1006 1420 1059 ii
1460 1008 1553 1076 qui
1596 1008 1664 1061 ad
1693 1008 1930 1062 divinam

369 1106 428 1145 se
469 1106 617 1160 spem
647 1092 1073 1156 commiserunt,
1101 1102 1156 1147 et
1193 1092 1341 1164 frugi.
1382 1095 1547 1150 vitam
1581 1096 1930 1168 delegerunt,

368 1195 492 1233 cum
529 1181 918 1249 tranquillitate
939 1190 992 1236 et
1021 1197 1172 1251 pace,
1207 1191 1263 1235 et
1288 1183 1562 1252 voluptate
1593 1186 1814 1255 degunt,
1844 1188 1934 1240 tir-

367 1283 512 1323 ntam
544 1270 855 1326 obtinentes
886 1271 1236 1327 conscientiae
1263 1273 1593 1341 puritatem;
1625 1275 1720 1343 qui
1752 1284 1930 1329 autem

369 1369 730 1430 temporanem
774 1361 1115 1431 prosperitati
1166 1360 1377 1430 ﬁdunt,
1428 1374 1733 1433 promptam
1783 1365 1935 1421 inve-

368 1449 520 1504 nient
547 1451 926 1514 mutationem,
960 1460 1013 1506 et
1045 1451 1305 1507 oblivioni
1333 1454 1547 1522 penitus
1578 1454 1879 1510 tradentur.

438 1627 525 1682 10.
562 1627 629 1681 Et
650 1646 848 1699 quaeres
885 1630 1055 1683 locum
1095 1632 1210 1700 ejus
1243 1642 1294 1684 et
1322 1647 1424 1684 non
1454 1632 1702 1687 invenies.
1741 1634 1937 1689 Simile

367 1718 512 1774 dicto
538 1720 664 1774 huic
690 1736 702 1771 :
743 1719 904 1788 lmpii
934 1730 1107 1773 autem
1136 1723 1391 1775 radicitus
1411 1722 1651 1789 peribunt
1674 1724 1743 1776 ".

2033 577 2125 613 τον
2151 562 2245 614 τοῦ
2283 564 2510 633 κόσμου.
2530 562 2551 634 ]

2104 652 2334 706 Παῦσαι
2362 654 2480 707 ἀπὸ
2508 653 2707 722 ὀργῆς,
2732 655 2831 708 καὶ
2856 654 3241 725 ἐγκαταλείπει
3263 660 3471 725 θυμόν.
3521 660 3610 730 Μή

2035 742 2150 813 ῐδῃς
2177 743 2355 797 αὐτῶν
2388 745 2485 815 τὴν
2517 745 2816 817 εὐημερίαν
2840 786 2854 810 ,
2889 745 3025 800 ἀλλὰ
3054 748 3380 817 πρόσμεινον
3420 748 3481 801 τὸ
3522 749 3614 801 τέ-

2034 833 2129 897 λος
2149 873 2163 893 ,
2197 835 2287 886 καὶ
2318 833 2435 902 ὄψει
2468 833 2558 887 τὸν
2585 834 2823 906 ὄλεθρον.
2869 837 3035 907 Ὀργὴ
3064 836 3121 888 δέ
3152 838 3297 889 ἐστιν
3328 838 3507 906 ὄρεξις
3531 855 3619 890 τις

2040 925 2281 996 μωρίας’
2315 926 2551 996 τιμωρία
2592 925 2648 978 δέ
2699 927 2817 979 ἐστι
2862 927 3032 980 κακοῦ
3065 924 3432 992 ἀνταπόδοσις.
3510 929 3615 998 Μὴ

2038 1014 2376 1083 παραζῆξλου
2408 1015 2562 1069 ὥστε
2591 1019 3044 1086 ποηρεύεσθαι.
3070 1014 3142 1071 Εὖ
3169 1017 3297 1081 ἴσθι,
3324 1019 3405 1071 ὅτι
3435 1022 3482 1072 οἱ
3512 1021 3614 1090 μὲν

2037 1104 2138 1172 τῆς
2166 1103 2317 1167 Θείας
2343 1104 2557 1168 ἐλπίδος
2579 1107 2717 1174 σφᾶς
2738 1107 2935 1170 αὐτοὺς
2954 1108 3374 1178 ἀνὰρτήσαντες,
3407 1111 3500 1162 καὶ⁵
3521 1109 3617 1163 τὸν

2040 1193 2259 1263 ἐπιεικῆ
2306 1194 2727 1265 προαιρούμενοι
2778 1195 2921 1265 βίον,
2983 1198 3040 1249 ὲν
3074 1197 3468 1271 ἀπραγμοσύνῃ
3521 1197 3615 1251 util

2041 1286 2235 1355 εἰρήνῃ
2262 1284 2585 1350 διατελοῦσι,
2610 1288 2820 1358 τρυφὴν
2842 1288 3055 1358 ἔχοντες
3087 1290 3309 1360 μόνιμον
3334 1290 3425 1343 τοῦ
3449 1308 3619 1344 συνεισ

2041 1376 2192 1439 δότος
2217 1378 2316 1447 τὴν
2344 1376 2692 1449 καθαρότητα
2710 1395 2723 1407 ·
2747 1379 2795 1430 οἱ
2827 1379 2883 1431 δὲ
2912 1381 2975 1448 τῇ
3004 1380 3319 1449 προσκαίρῳ
3347 1379 3616 1449 εὐημερίᾳ

2041 1463 2368 1535 θαρροῦντες
2401 1470 2621 1535 ταχεῖαν
2654 1466 2893 1531 δέξονται
2927 1468 3025 1537 τὴν
3057 1466 3377 1537 μεταϐολήν,
3412 1468 3503 1520 καὶ
3522 1468 3619 1536 λήι

2042 1553 2109 1624 θῃ
2137 1554 2601 1625 παραδοθήσονται
2626 1556 2895 1611 παντελεῖ.

2108 1644 2219 1699 Καὶ
2250 1644 2522 1712 ζητήσεις
2553 1646 2659 1701 τὸν
2687 1651 2875 1701 τόπον
2911 1647 3116 1711 αὐτοῦ,
3162 1649 3259 1702 καί
3296 1651 3367 1703 οὐ
3406 1648 3492 1717 μὴ
3523 1649 3625 1702 εῦ-

2036 1752 2174 1803 ρῃς.
2218 1738 2442 1807 ’Ὅμοιον
2488 1736 2565 1807 τῷ
2617 1739 2921 1810 είρημένιρο
2952 1742 3017 1793 Ol
3065 1738 3135 1792 δὲ
3165 1739 3402 1806 ἀσεϐεῖς
3449 1740 3623 1808 ὀλόρὲ

1971 1814 2015 1869 Β
2038 1818 2185 1886 ριζοι
2215 1821 2601 1877 ἀπολοῦνται.

438 1900 629 1955 Daniel
672 1902 959 1957 Barbarus.
999 1903 1083 1957 tl.
1116 1901 1380 1957 .llansueti
1428 1916 1605 1958 autem
1651 1907 2037 1963 Ittereditabunt
2085 1921 2303 1967 terram.
2362 1914 2585 1969 Terram
2637 1917 3035 1973 haereditabnnt
3100 1920 3193 1989 qui
3252 1921 3619 1989 perniciosum

370 1991 664 2048 iracundiae
716 1991 967 2046 allectum
1021 1992 1363 2061 spiraverint.
1423 1993 1506 2049 Ira
1536 1996 1678 2049 enim
1723 2006 1777 2051 et
1834 2000 2131 2068 prudentes
2179 2005 2373 2072 perdit,
2426 2005 2694 2075 siquidem
2726 2008 3020 2076 quominus
3066 2009 3289 2063 honeste
3332 2024 3391 2064 se
3432 2000 3630 2079 geran‘

370 2086 759 2156 impediuntur.
793 2084 889 2139 Ira
937 2086 1075 2139 enim
1119 2086 1217 2139 viri
1271 2085 1368 2140 Dei
1407 2087 1679 2156 justitiam
1738 2106 1847 2143 non
1883 2094 2208 2160 operatur”.
2244 2095 2512 2151 Cancrum
2558 2099 2627 2153 ab
2656 2097 2733 2152 ira
2783 2107 2837 2152 et
2874 2098 3058 2154 furore
3097 2099 3191 2155 Dei
3241 2115 3470 2156 securus
3498 2111 3622 2155 est-

367 2178 463 2248 qui
492 2178 732 2231 abstinet
761 2177 829 2231 ab
859 2177 925 2231 iis
947 2190 1068 2245 quae
1104 2175 1238 2229 iram
1269 2186 1323 2230 et
1363 2177 1600 2256 furorem
1638 2181 1933 2236 concitant.

452 2270 519 2325 Et
563 2269 963 2324 delectabantur
985 2272 1043 2323 in
1075 2269 1413 2323 multitudine
1444 2274 1613 2339 pacis.
1648 2270 1948 2327 Delectatio

371 2363 509 2431 justi
544 2378 757 2418 summa
792 2378 897 2431 pax
926 2370 1031 2428 est,
1056 2371 1110 2416 et
1138 2368 1220 2416 est
1247 2363 1493 2432 quaedam
1524 2379 1623 2419 ceu
1652 2364 1947 2421 indolentia

377 2453 548 2508 animi
586 2469 716 2508 cum
736 2468 861 2508 vera
889 2468 1067 2507 rerum
1102 2453 1351 2508 scientia.

454 2544 543 2597 12.
597 2542 903 2599 Obseruabit
952 2552 1194 2612 peccator
1231 2542 1461 2611 justum.
1512 2542 1569 2598 Id
1620 2544 1689 2599 de
1728 2544 1948 2600 diabolo

382 2643 564 2702 potest
590 2643 892 2703 Opportune
921 2633 1116 2702 accipi,
1143 2641 1307 2702 atque
1341 2634 1488 2689 hisce
1516 2635 1945 2690 consolationem

381 2725 534 2780 affert
564 2727 631 2781 iis
656 2726 749 2794 qui
784 2725 983 2794 injuria
1012 2723 1341 2778 abiciuntur.
1370 2723 1605 2779 Exhibet
1639 2726 1783 2780 enim
1820 2740 1948 2794 pec-

383 2826 621 2871 calorem
668 2817 937 2871 dolentem
987 2831 1051 2871 ac
1100 2815 1375 2870 furentem
1418 2816 1683 2871 adversus
1717 2831 1814 2871 eos
1852 2815 1946 2884 qui

387 2905 732 2973 tranquillam
767 2904 999 2973 amplexi
1039 2913 1167 2959 sunt
1202 2904 1367 2957 vitam
1395 2921 1410 2968 ;
1439 2903 1647 2973 justum
1682 2919 1813 2959 vero
1852 2904 1945 2972 ju-

384 2996 560 3049 dicem
584 2994 921 3049 deridentem
953 2995 1071 3064 ejus
1111 3003 1259 3064 gesta
1292 3012 1306 3049 :
1336 2996 1534 3064 quippe
1576 2995 1667 3064 qui
1699 3009 1828 3050 mox
1860 2994 1946 3048 t'u-

382 3094 559 3139 turam
587 3085 706 3153 ejus
737 3095 964 3139 mortem
995 3084 1312 3154 prospiciat.

378 3266 520 3333 quit,
554 3275 899 3333 peccatorum
929 3264 1155 3320 insidias
1194 3265 1455 3321 adversus
1492 3265 1743 3335 justum;
1768 3263 1944 3319 sciens

381 3357 600 3427 quidem
641 3358 783 3425 quod
832 3356 973 3410 diem
1020 3356 1246 3418 statuit,
1285 3358 1340 3410 in
1382 3371 1493 3424 quo
1543 3355 1673 3409 buic
1722 3353 1943 3423 quidem

380 3457 636 3502 aeternam
667 3447 830 3501 vitam
858 3486 872 3511 ,
906 3446 983 3501 illi
1034 3460 1163 3501 vero
1195 3446 1585 3515 sempiternum
1621 3445 1942 3515 supplicium

380 3538 661 3593 retribuet.

456 3630 544 3683 Η.
597 3627 845 3684 Gladium
884 3628 1283 3698 euaginaverunt
1328 3636 1690 3695 peccatores...
1737 3626 1946 3697 gladius

382 3735 562 3774 eorum
592 3720 750 3773 intret
793 3721 849 3773 in
879 3722 1040 3773 corda
1066 3720 1319 3787 ipsorum.
1365 3716 1465 3780 Ea,
1494 3717 1705 3786 inquit,
1741 3717 1947 3773 (Immo-

382 3824 484 3866 nes
510 3810 650 3864 mala
681 3818 811 3865 sunt
838 3806 1104 3879 perpessi,
1140 3822 1264 3877 qua:
1288 3806 1496 3863 sanctis
1518 3806 1721 3862 inferre
1755 3808 1948 3862 molie-

381 3903 603 3958 bantur.
665 3911 673 3921 '

451 3992 540 4047 18.
580 3990 739 4045 Novit
773 3989 1025 4045 Dominus
1071 3990 1183 4044 vias
1229 3988 1712 4043 immaculatorum.
1758 3987 1813 4041 ld
1845 3995 1946 4051 est,

382 4080 646 4149 approbat
682 4088 738 4133 et
773 4081 1024 4134 honorat.
1063 4077 1133 4131 Et
1175 4076 1455 4132 ha’reditas
1491 4093 1672 4132 eorum
1711 4077 1767 4131 in
1799 4088 1951 4131 teter-

385 4183 510 4221 num
548 4168 669 4220 erit.
700 4166 1031 4237 lncorruptaa
1074 4181 1309 4236 namque
1348 4175 1402 4221 ct
1442 4168 1787 4236 sempiternae
1822 4174 1947 4221 sunt

388 4266 702 4313 sanctorum
738 4257 1038 4311 mercedes.

461 4348 549 4401 £9.
586 4345 707 4399 Non
735 4346 1120 4413 confundentur
1161 4345 1214 4397 in
1256 4354 1483 4412 tempore
1524 4345 1684 4398 malo.
1733 4346 1790 4400 in
1830 4360 1954 4415 per-

388 4436 755 4497 secutionum,
793 4434 990 4502 inquit,
1032 4434 1390 4503 temporibus,
1423 4433 1803 4489 deﬁcientibus
1832 4449 1951 4487 ma-

2123 2276 2233 2330 Kal
2257 2274 2825 2344 κατατρυφήσουσιν
2846 2277 2942 2332 ἐπὶ
2965 2274 3177 2343 πλήθει
3198 2277 3459 2345 εἰρήνης.
3484 2277 3622 2348 Τρυο

2057 2366 2130 2437 φὴ
2159 2366 2390 2430 δικαίου,
2416 2367 2619 2437 πλῆθος
2635 2369 2857 2439 εἰρήνης
2882 2368 3028 2421 ἐστίν
3044 2386 3057 2398 ·
3081 2368 3317 2421 ἀπάθεια
3336 2369 3393 2421 δὲ
3422 2369 3621 2439 ψυχῆς,

2056 2454 2194 2526 μετά
2222 2455 2475 2523 γνώσεως
2505 2457 2612 2508 τῶν
2634 2456 2801 2509 ὄντων
2828 2456 3078 2528 ἀληθοῦς.

2122 2544 2608 2613 Παρατηρήσεται
2623 2547 2657 2599 d
2678 2544 3025 2614 ἁμαρτωλὸς
3051 2547 3153 2600 τὸν
3168 2545 3418 2600 δίκαιον.
3455 2546 3627 2599 Τοῦτο

2053 2635 2147 2688 καὶ
2161 2637 2250 2689 ἐπὶ
2264 2634 2358 2687 τοῦ
2374 2635 2617 2688 διαϐόλου
2647 2635 2917 2706 ληφθῆναι
2943 2638 3268 2711 πρόσφορον,
3294 2638 3385 2690 καὶ
3399 2636 3484 2689 διὰ
3501 2636 3631 2689 τού-

2052 2743 2160 2780 των
2188 2726 2513 2798 παραψυχὴν
2538 2729 2646 2789 τοῖς
2673 2725 3045 2796 ἀδικουμένοις
3065 2728 3379 2799 προσφέρει.
3405 2727 3631 2781 Δεξιινυ-

2055 2834 2107 2870 σι
2159 2816 2265 2887 γὰρ
2315 2817 2404 2870 τὸν
2439 2817 2536 2887 μὲν
2567 2817 2881 2888 παράνομον
2914 2817 3182 2870 λυποῦντα
3216 2818 3310 2871 καὶ
3344 2817 3624 2888 μεμηνότα

2052 2906 2193 2960 κατά
2218 2906 2325 2959 τῶν
2353 2908 2684 2978 ἀπράγμονα
2716 2907 2829 2977 βίον
2855 2907 3247 2978 ἀσπαζομένων
3265 2947 3280 2971 ,
3311 2908 3401 2961 τὸν
3444 2908 3500 2961 δὲ
3546 2908 3627 2960 δί-

2051 3012 2202 3048 καιον
2236 2995 2426 3065 κριτήν
2465 2995 2848 3063 καταγελῶντα
2875 2997 2973 3066 τῆς
2996 2998 3390 3068 ἐγχειρήσεως,
3429 2995 3523 3049 ἀτε
3557 2997 3624 3067 δή

1994 3088 1997 3089 ⁷
2047 3086 2146 3156 τὴν
2177 3088 2396 3155 ταχεῖαν
2426 3085 2590 3137 αὐτοῦ
2625 3085 3239 3158 τελευτὴνππροορῶντα.

446 3174 534 3227 15.
571 3172 827 3227 Dominus
876 3183 1050 3227 autem
1097 3173 1341 3227 irridebit
1383 3190 1522 3227 eum.
1574 3174 1807 3237 Irridet,
1858 3174 1943 3228 in-
1970 3211 2012 3268 ϐ

2132 3174 2184 3226 '0
2206 3172 2275 3226 δὲ
2290 3174 2504 3241 Κύριος
2526 3173 2912 3243 ἐκγελάσεται
2940 3177 3143 3229 αὐτόν.
3184 3176 3435 3248 Διαγελᾷ,
3464 3178 3622 3246 φησι..

2043 3264 2143 3328 τὰς
2194 3264 2335 3318 κατὰ
2391 3264 2486 3317 τοῦ
2541 3264 2747 3317 δικαίου
2787 3264 3077 3328 ἐπιϐουλὰς
3111 3266 3205 3319 τοῦ
3260 3265 3581 3338 ἁμαρτωλοῦ
3606 3283 3632 3296 ο·

2045 3354 2221 3419 εἰδὼς,
2256 3354 2332 3417 ὼς
2363 3353 2590 3423 ἔστησεν
2618 3355 2830 3425 ἡμέραν
2865 3356 2986 3409 καθ’
3013 3357 3079 3427 ἡν
3104 3357 3180 3426 τῷ
3215 3357 3313 3426 μὲν
3352 3355 3634 3410 ἀποδώσει

2045 3445 2144 3514 τήν
2174 3444 2389 3498 αἰώνιον
2414 3445 2579 3516 ζωὴν,
2603 3445 2681 3516 τῷ
2709 3446 2764 3498 δὲ
2783 3447 2881 3516 τὴν
2907 3446 3122 3500 αἰώνιον
3151 3446 3390 3501 κόλασιν.

2129 3621 2455 3689 Ῥομφαίαν
2474 3621 2824 3676 ἐσπάσαντο
2847 3624 2901 3675 οἱ
2926 3619 3256 3690 ἁμαρτωλοί
3276 3660 3303 3691 ι
3325 3620 3631 3673 ἐνέτειναν

2046 3711 2226 3773 τόξον
2262 3710 2462 3765 αὐτῶν
2495 3751 2508 3764 .
2542 3751 2557 3765 .
2598 3752 2611 3764 .
2647 3714 2686 3779 ἠ
2730 3713 2998 3781 ῥομφαία
3024 3711 3223 3765 αὐτῶν
3251 3712 3509 3765 είσέλϐοι
3541 3713 3631 3775 εἰς

2047 3800 2298 3869 καρδίαν
2322 3800 2548 3854 αὐτῶν.
2564 3798 2768 3865 Ταῦτα,
2792 3800 2948 3870 φησι,
2973 3800 3303 3853 πεπόνθασιν
3328 3800 3377 3851 οἱ
3399 3802 3630 3868 πονηροὶ

2047 3892 2320 3961 δαίμονες.
2350 3890 2387 3945 ἃ
2422 3890 2669 3962 ποιήσειν
2697 3893 2810 3954 τοῖς
2837 3891 3015 3958 ἁγίοις
3045 3888 3459 3942 ἐπεϐούλευσαν.

2119 3982 2413 4037 Γινώσκει
2436 3983 2651 4049 Κύριος
2684 3982 2791 4048 τὰς
2819 3981 2997 4047 ὀδοὺς
3026 3979 3144 4034 τῶν
3176 3979 3446 4049 ἀμώμων.
3477 3978 3625 4029 ’Δντὶ
3694 4032 3711 4047 ο

2048 4072 2163 4135 τοῦ,
2194 4072 2515 4142 ἀποδέχεται
2537 4074 2630 4125 καὶ
2648 4074 2803 4142 τιμᾷ.
2844 4071 2950 4125 Καὶ
2974 4073 3011 4139 ἠ
3035 4070 3400 4137 κληρονομία
3429 4066 3631 4121 αὐτῶν

2048 4166 2135 4229 είς
2166 4162 2353 4218 αἰῶνα
2381 4164 2570 4219 ἐσται.
2637 4162 2938 4235 Ἀφθαρτοι
2988 4161 3097 4233 γὰρ
3129 4161 3224 4214 καὶ
3266 4157 3473 4213 ultimo:
3521 4158 3631 4211 τῶν

2052 4253 2222 4321 ἁγίων
2254 4254 2310 4305 al
2345 4252 2745 4314 ἀνταποδόσεις.

2117 4348 2202 4399 Οὐ
2244 4345 2869 4414 καταισχυνθήσονται
2904 4343 2976 4397 ἐν
3011 4342 3189 4412 καιρῷ
3217 4341 3474 4409 πονηρῷ.
3542 4343 3633 4396 Ἑν

2053 4438 2165 4499 τοῖς
2194 4436 2303 4489 τῶν
2333 4432 2609 4506 διωγμῶν,
2654 4435 2821 4504 φησὶ,
2857 4437 3087 4505 καιροῖς,
3134 4433 3490 4486 ἐκλειπόντων
3522 4433 3631 4486 τῶν

387 4525 593 4597 gistris,
620 4524 733 4593 ipse
757 4523 1021 4578 Dominus
1042 4531 1235 4593 suopte
1261 4523 1454 4592 spiritu
1482 4522 1720 4577 enutriet
1741 4538 1837 4578 eos
1858 4524 1950 4593 qui

2067 4526 2411 4591 Βιδασκάλων,
2436 4526 2597 4588 αὐτὸς
2624 4528 2652 4578 ὁ
2669 4526 2873 4597 Κύριος
2895 4524 2971 4595 τῷ
2996 4524 3187 4578 ἑαυτοῦ
3215 4523 3480 4594 πνεύματι
3508 4521 3636 4595 θρέ-

390 4620 444 4672 in
475 4619 651 4686 ipsum
680 4614 1026 4670 crediderint.

458 4705 606 4778 [Non
636 4703 1023 4774 confundentur
1051 4705 1106 4758 in
1131 4715 1354 4771 tempore
1385 4703 1545 4757 malo.
1582 4702 1781 4758 Malum
1813 4714 1952 4759 tem-

388 4785 603 4871 pus‘est
654 4799 749 4853 irae
778 4812 843 4852 ac
871 4796 1075 4852 furoris
1119 4807 1310 4852 contra
1355 4796 1588 4865 impios,
1620 4795 1840 4865 quando
1875 4796 1953 4850 illi

388 4891 607 4962 quidem
628 4888 837 4959 justum
864 4886 956 4941 Dei
982 4886 1245 4955 judicium
1271 4886 1659 4955 experientur;
1694 4885 1827 4953 justi
1858 4899 1956 4938 au-

392 4995 500 5039 tem
547 4982 773 5053 gloriam
799 5022 816 5049 ,
856 4982 1150 5042 honorem,
1191 4977 1654 5046 incorruptionem
1694 4985 1749 5029 et
1786 4976 1955 5029 vitam

390 5083 647 5129 :eternam
676 5067 1121 5140 consequentur.]

458 5168 549 5223 2|.
592 5167 923 5221 Mutuabitur
950 5176 1212 5235 peccator,
1245 5175 1293 5219 et
1325 5180 1427 5218 non
1447 5164 1625 5219 solvet.
1668 5161 1784 5218 Non
1838 5178 1962 5231 gra-

400 5258 500 5314 tias
526 5258 665 5328 agit,
703 5257 919 5328 inquit,
950 5264 1235 5327 peccator,
1269 5255 1336 5308 de
1380 5254 1594 5309 collatis
1635 5253 1737 5307 sibi
1783 5258 1813 5306 a
1851 5251 1960 5305 Deo

401 5348 699 5403 beneﬂciis.
728 5347 916 5401 Justus
957 5356 1132 5400 autem
1163 5346 1458 5407 miseretur,
1477 5355 1526 5397 et
1556 5342 1759 5396 tribuit.
1792 5341 1957 5395 Mise-

402 5436 689 5491 ricordiam
724 5436 1096 5492 retributionis
1125 5438 1246 5490 loco
1274 5433 1459 5499 solvit,
1486 5432 1773 5488 Dominum
1796 5448 1954 5489 suum

404 5526 664 5581 imitatus.

459 5679 503 5711 ⁸⁷
532 5676 633 5733 Job
666 5694 740 5743 tv,
767 5681 822 5736 7.
888 5683 934 5715 ⁸⁸
970 5680 1085 5737 Jac.
1118 5700 1156 5749 I,
1196 5684 1288 5737 20.

2056 4618 2147 4686 ψει
2178 4618 2303 4680 τοὺς
2335 4618 2416 4679 είς
2449 4615 2608 4668 αὐτὸν
2640 4615 3006 4678 πιστεύοντας.

2130 4707 2253 4779 [οὺ
2314 4705 2935 4774 καταισχυνθήσονται
2991 4705 3061 4758 ἐν
3130 4701 3309 4771 καιρῷ
3372 4703 3630 4770 πονηρῷ.

2060 4798 2267 4869 Καιρὸς
2291 4797 2525 4867 πονηρὸς
2551 4796 2580 4847 ὁ
2610 4798 2710 4865 τῆς
2735 4795 2875 4848 κατὰ
2901 4794 3008 4846 τῶν
3035 4794 3245 4846 ἀσεϐῶν
3272 4794 3439 4864 ὀργῆς
3458 4831 3471 4855 ,
3509 4795 3567 4846 ἐν
3588 4786 3635 4859 ᾧ

2060 4890 2110 4941 οἱ
2142 4889 2239 4956 μὲν
2269 4888 2366 4957 τῆς
2391 4886 2787 4958 δικαιοκρισίας
2819 4885 2913 4938 τοῦ
2937 4884 3070 4938 Θεοῦ
3100 4885 3517 4956 πειραθήσονται
3537 4902 3552 4914 ⁸
3583 4886 3635 4937 οἱ

2061 4978 2118 5031 δὲ
2137 4977 2294 5043 δόξαν
2313 4977 2408 5030 καὶ
2428 4993 2480 5028 τι
2488 4975 2614 5047 μὴν,
2645 4975 2740 5028 καὶ
2763 4973 3088 5045 ἀφθαρσίαν,
3131 4975 3225 5027 καὶ
3250 4973 3391 5044 ζωὴν
3420 4974 3641 5027 αἰώνιον

2061 5069 2444 5141 ἀπολήψονται.
2464 5067 2484 5139 ]

2142 5160 2471 5221 Δανείζεται
2498 5163 2530 5213 ό
2553 5157 2916 5228 ἁμαρτωλὸς,
2945 5157 3041 5211 καὶ
3062 5158 3173 5209 οὐκ
3193 5156 3486 5211 ἀποτίσει.
3520 5158 3640 5211 Οὐκ

2062 5252 2387 5313 ἀντιδίδωσι,
2419 5251 2602 5320 φησὶν,
2630 5252 2658 5302 ὁ
2685 5247 3005 5319 ἁμαρτωλὸς
3028 5247 3375 5317 εὐχαριστίαν
3401 5246 3541 5319 ὑπὲρ
3561 5242 3639 5300 ὧν

2064 5344 2432 5413 εὐεργετεῖται
2464 5339 2611 5410 παρά
2650 5337 2807 5391 Θεοῦ.
2855 5338 2917 5389 '0
2964 5337 3031 5390 δὲ
3073 5337 3303 5401 δίκαιος
3340 5338 3635 5405 οὶκτεὶρει,

2065 5431 2163 5485 καὶ
2196 5430 2460 5484 δίδωσιν.
2531 5426 2859 5480 Ἀντιδίδωσι
2879 5467 2893 5492 ,
2947 5426 3110 5497 φησιν
3130 5465 3146 5489 ,
3171 5425 3512 5496 οίκτιρμοὺς,
3546 5425 3637 5478 τὸν

2067 5521 2259 5575 ἑαυτοῦ
2289 5521 2563 5591 Δεσπότην
2595 5518 2943 5589 μιμούμενος.
