3944 6220
341 356 429 411 πει
1393 355 1759 412 EXPOSITIO
1802 355 1864 409 IN
1899 353 2238 411 PSALMUM
2279 354 2519 410 XXXVI.

3468 352 3578 409 183

405 477 526 529 Ὀτι
583 476 638 528 ol
681 476 1078 545 εὐλογοῦντες
1134 476 1318 529 αὐτὸν
1377 477 1884 546 κληρονομήσουσ

2075 475 2164 530 92.
2201 477 2339 542 Quia
2370 475 2723 530 benedicentes
2746 475 2792 528 ei
2823 471 3208 528 Imreditabunl
3237 479 3430 524 terram
3484 471 3544 526 Si

335 566 458 638 γῆν.
529 568 753 636 Ὅμοιον
785 567 846 620 τὸ
882 567 1167 637 εἰρημένον
1225 567 1359 639 πρὸς
1403 567 1677 638 Ἀϐραάμο
1759 567 1903 632 Τοὺς

332 654 730 725 ὠλογοῦντὰς
779 672 852 710 σε
897 656 1208 724 εὐλογήσω
1229 695 1244 720 ,
1278 656 1374 709 καὶ
1406 657 1546 722 τοὺς
1577 656 1905 725 καταρωμέ-

333 766 472 812 νους
498 763 572 801 σε
594 745 1024 815 καταράσομαι.

397 837 563 903 Παρὰ
587 837 809 902 Κυρίου
836 837 906 888 τὰ
935 835 1261 905 διαδήματα
1279 835 1590 904 ἀνθρώπου
1621 837 1902 889 κατευθύ-

331 941 509 978 νεται.
545 924 914 993 Ἀποδέχεται,
937 925 1121 994 φησιν,
1147 927 1212 994 ἢν
1243 927 1474 978 ποιεῖται
1503 925 1645 978 κατὰ
1671 925 1759 977 τὸν
1788 925 1900 994 βίον

334 1015 637 1085 πρακτικὴν
667 1014 911 1084 πορείαν.

398 1105 581 1156 Ὅταν
618 1101 775 1171 πέσῃ
809 1106 881 1157 οὐ
916 1107 1486 1174 καταρῤαχθήσεται.
1541 1107 1604 1160 Ei
1635 1109 1762 1171 καὶ,
1794 1124 1899 1178 φη-

329 1197 428 1257 σὶν,
467 1193 650 1265 συμϐῇ
684 1194 860 1262 ὀλίγον
889 1214 938 1249 τι
968 1197 1386 1268 παρασιραλῆναι
1417 1198 1508 1250 τὸν
1535 1199 1768 1262 δίκαιον,
1801 1200 1900 1253 οὐκ

327 1286 708 1356 ἁδικηθήσεται
743 1284 881 1354 ἔχων
919 1287 1360 1358 ἀντιστηρίζοντα
1385 1289 1476 1340 τὸν
1502 1288 1652 1343 Θεόν.

395 1379 549 1432 οὐδὲ
581 1377 647 1431 τὸ
696 1381 933 1448 σπέρμα
981 1379 1166 1434 αὐτοῦ
1216 1377 1432 1447 ζητοῦν
1467 1379 1700 1447 ἄρτους.
1761 1381 1898 1443 Τοὺς

325 1470 545 1538 νοητούς
579 1488 764 1541 φησιν,
793 1472 987 1535 οἵτινές
1013 1475 1148 1525 εἰσιν
1179 1474 1226 1524 οἱ
1261 1473 1391 1524 Θεῖοι
1421 1471 1588 1539 λόγοι.

390 1561 498 1613 Kal
524 1564 911 1628 κατασκήνου
933 1566 1021 1628 εἰς
1038 1563 1221 1615 αἰῶνα
1244 1563 1476 1628 αἰῶνος.
1504 1563 1612 1614 Καὶ
1643 1561 1898 1632 κληρονο-

328 1652 532 1722 μήσεις,
567 1655 720 1722 φησι,
750 1654 844 1716 τὰς
872 1654 1120 1716 αἰωνίους
1155 1653 1376 1724 σκηνάς.

387 1743 607 1795 Δίκαιοι
633 1742 700 1795 δὲ
727 1744 1253 1812 κληρονομήσουσι
1297 1743 1430 1812 γῆν.
1492 1741 1766 1812 Πολλαχοῦ
1799 1744 1895 1813 τῆς

2007 567 2130 621 mile
2155 567 2282 621 huic
2312 568 2441 621 illud
2475 568 2541 621 ad
2591 566 2864 620 Abraham
2906 565 3113 621 dictum
3144 581 3156 614 :
3196 562 3558 620 Benedicente.

2006 669 2054 712 te
2083 660 2401 727 benedicam,
2425 668 2473 713 et
2504 658 2870 713 maledicentes
2901 668 2946 712 te
2971 658 3284 712 maledicam
3308 657 3374 711 ⁸⁹.

2071 838 2159 892 25.
2193 837 2343 908 Apud
2393 839 2675 891 Dominum
2721 853 2928 907 gressus
2976 838 3205 892 horninis
3251 838 3548 906 dirigentur

2003 925 2232 997 Recipit,
2264 930 2358 995 ait,
2389 929 2690 984 mercedem
2727 944 2954 998 operum
2980 970 2996 996 ,
3025 943 3148 999 qua:
3179 929 3318 982 hanc
3351 927 3561 998 agendo

2000 1021 2165 1073 vitam
2195 1020 2380 1074 edidit.

2069 1109 2160 1162 24.
2197 1107 2329 1163 Cum
2363 1109 2605 1162 ceciderit
2623 1125 2725 1162 non
2759 1109 3060 1162 collidetur.
3095 1105 3344 1172 Etiamsi,
3373 1107 3567 1176 inquit,

2001 1198 2284 1268 contigerit
2325 1200 2665 1267 aliquantum
2711 1199 2817 1252 labi
2853 1198 3059 1261 justum
3087 1237 3100 1262 ,
3148 1199 3284 1252 nihil
3327 1199 3454 1252 hinc
3491 1197 3567 1252 illi

2000 1287 2126 1341 mali
2155 1289 2385 1352 eveniet,
2411 1304 2534 1342 cum
2567 1289 2733 1342 Deum
2764 1289 2958 1344 habeat
2982 1305 3040 1344 se
3076 1289 3509 1344 cnnfirnlantem.

2068 1379 2159 1433 25.
2215 1378 2325 1432 Nec
2372 1395 2544 1433 semcn
2581 1380 2694 1448 ejus
2738 1397 2974 1450 quarens
3021 1397 3201 1449 panes.
3247 1381 3570 1453 Spirituales

1999 1467 2223 1528 scilicet,
2259 1467 2353 1536 qui
2385 1476 2513 1521 sunt
2536 1468 2705 1522 divini
2741 1485 3043 1526 sermones.

2064 1555 2154 1609 27.
2183 1554 2252 1608 Et
2277 1555 2514 1608 inhabita
2537 1557 2587 1609 in
2611 1557 2862 1610 secutum
2884 1559 3086 1613 sceculi.
3120 1560 3187 1615 Et
3221 1561 3559 1628 haereditate,

1998 1647 2195 1716 inquit,
2229 1647 2466 1716 accipies
2495 1657 2696 1702 aeterna
2725 1649 3095 1705 tabernacula.

2062 1737 2152 1792 29.
2187 1735 2333 1791 Justi
2357 1746 2530 1790 autem
2572 1736 2952 1791 ha'reditabunt
2977 1737 3553 1811 terram..Plerumquc

322 1831 598 1902 διδομένης
629 1837 731 1904 γῆς
760 1804 870 1898 toi;
904 1804 1130 1905 πραέσιν
1164 1804 1556 1905 ὲμνηῠμδνευσε,
1597 1804 1885 1903 προτρεπδέ

2005 1826 2178 1881 datam
2210 1828 2507 1883 mansuetis
2549 1836 2745 1882 terram
2782 1833 3136 1896 memoravit,
3174 1837 3240 1886 ad
3281 1833 3399 1901 ejus
3427 1847 3562 1888 cnn-

322 1939 478 1990 μενος
507 1926 588 1987 εἰς
616 1922 908 1994 ὲπιθυμῖαν
936 1925 1124 1995 αὐτῆς.

385 2015 585 2082 Στόμα
608 2008 841 2069 δικαίου
867 2015 1185 2084 μελετήσει
1205 2017 1447 2084 σοφίαν.
1472 2018 1763 2086 Προσήκει,
1796 2033 1897 2086 φη-

322 2104 430 2167 σὶν,
464 2104 571 2156 κᾶν
603 2109 668 2175 τῇ
698 2105 934 2180 γλώττῃ,
969 2107 1072 2161 κᾶν
1103 2110 1159 2160 ἐν
1191 2111 1255 2178 τῇ
1281 2109 1486 2178 διανοίᾳ
1519 2107 1589 2161 τὰ
1611 2107 1727 2160 θεῖα
1741 2106 1895 2174 λόγια

320 2191 654 2261 περιφέρειν,
696 2194 790 2245 καὶ
815 2193 912 2264 τὴν
938 2194 1143 2249 τούτων
1173 2195 1399 2264 μελέτην
1430 2195 1693 2248 ποιεῖσθαι
1722 2195 1896 2265 διηνε-

317 2279 422 2343 κῶς
440 2297 452 2310 ·
487 2280 660 2343 οὕτως
686 2282 793 2352 γὰρ
818 2283 879 2334 τὸ
901 2284 1169 2354 πρακτέον
1201 2285 1486 2354 μανθάνων
1515 2286 1543 2336 ὁ
1567 2286 1665 2355 τῆς
1694 2287 1894 2356 ἀρετῆς

316 2374 549 2445 ἐραστὴς
567 2414 582 2438 ,
610 2375 852 2446 ἀτρεμὴς
885 2379 1034 2445 μενεί
1061 2377 1152 2430 καὶ
1174 2377 1487 2441 ἀσάλευτος,
1510 2379 1616 2431 τῶν
1633 2378 1894 2432 καταϐάλ-

314 2465 421 2517 λειν
455 2465 876 2534 ἐπιχειρούντων
915 2469 1350 2538 περιγενόμενος.
1387 2469 1574 2523 Ταῦτα
1615 2471 1708 2522 καὶ
1735 2471 1789 2521 ὲν
1816 2470 1893 2540 τῷ

315 2554 514 2627 πρώτῳ
546 2557 745 2627 ψαλμῷ
793 2557 896 2628 ἔφη
919 2575 933 2588 ’
993 2560 1154 2613 Ἀλλ’
1179 2562 1248 2613 ἐν
1280 2559 1358 2624 τῷ
1387 2561 1546 2628 νόμῳ
1574 2562 1792 2628 Κυρίου
1826 2562 1890 2614 τὸ

313 2644 542 2714 θέλημα
573 2645 759 2699 αὑτοῦ
780 2685 794 2708 ,
831 2647 927 2700 καὶ
952 2647 1021 2699 ἐν
1048 2647 1128 2712 τῷ
1160 2650 1318 2715 νόμῳ
1350 2650 1535 2703 αὑτοῦ
1571 2650 1891 2718 μελετήσει

311 2735 533 2803 ἡμέρας
556 2736 654 2788 καί
690 2738 946 2802 νυκτὸς,
979 2741 1072 2792 καὶ
1103 2739 1174 2791 τὰ
1211 2739 1357 2810 ἑξῆς.
1410 2742 1518 2794 Καὶ
1564 2742 1602 2808 ἠ
1640 2741 1891 2810 γλῶσσα

310 2824 495 2879 αὑτοῦ
522 2826 783 2895 λαλήσει
820 2828 1040 2894 κρίσιν.
1090 2831 1498 2901 Δικαιοκρισίαν
1527 2833 1588 2884 οὐ
1613 2831 1710 2903 τὴν
1739 2834 1890 2886 δικα-

313 2917 521 2985 στικὴν,
557 2915 691 2968 ἀλλὰ
715 2917 812 2987 τὴν
847 2917 904 2984 ἐξ
939 2919 1210 2983 ἀπλανοῦς
1235 2921 1330 2973 καὶ
1362 2922 1547 2988 ὑγιοῦς
1580 2925 1885 2994 κριτηρίου.

386 3005 447 3058 '0
481 3009 666 3072 νόμος
698 3007 803 3060 τοῦ
835 3007 983 3060 Θεοῦ
1019 3009 1089 3061 ἐν
1121 3009 1338 3078 καρδίᾳ
1372 3012 1589 3075 αὑτοῦ,
1635 3014 1733 3066 καὶ
1773 3015 1886 3081 οὐχ

310 3094 897 3162 ὐποσκελισθήσεται
926 3097 998 3150 τὰ
1024 3097 1352 3166 διαδήματα
1373 3088 1579 3156 αὑτοῦ.
1601 3102 1889 3156 Κατανοεῖ

309 3190 342 3239 ό
365 3186 714 3253 ἁμαρτωλὸς
736 3188 844 3239 τὸν
872 3189 1125 3267 δίκαιον.
1172 3191 1224 3241 '0
1253 3190 1320 3242 δὲ
1344 3193 1576 3259 Κύριος.
1608 3195 1888 3269 Διαφόρως

307 3277 370 3328 τὰ
400 3276 542 3327 αὐτὰ
575 3276 740 3344 λέγει,
767 3281 833 3349 τῇ
869 3279 1074 3332 πλείονι
1101 3280 1297 3352 μελέτῃ
1331 3285 1704 3354 μονιμωτέραν
1727 3303 1892 3338 κατα-

307 3365 586 3430 σκευάζων
615 3368 711 3439 τὴν
742 3372 985 3440 μνήμην.
1019 3372 1180 3440 Λέγει
1211 3372 1266 3424 δέ
1291 3389 1306 3404 ο
1343 3374 1415 3425 Οὐ
1449 3375 1766 3444 περιόψεται
1798 3377 1888 3430 τὸν

306 3455 510 3509 δίκαιον
542 3456 570 3508 ὁ
603 3459 878 3528 Δεσπότης
914 3460 1396 3531 ἐπιϐουλευόμενον
1431 3464 1534 3515 ὑπὸ
1568 3465 1677 3516 τῶν
1716 3483 1887 3536 πονη·

308 3544 434 3612 ρῶν,
465 3545 587 3597 οὐδὲ
616 3546 1007 3616 συμψηφιεῖται
1031 3550 1214 3614 αὐτοῖς
1245 3551 1313 3604 τὰ
1337 3553 1561 3606 τοιαῦτα
1583 3554 1880 3624 τολμῶσιν’

306 3633 414 3685 ἀλλ’
449 3635 834 3705 ὺπερπηδῆσαι
870 3641 1280 3709 παρασκευάσει
1309 3640 1379 3692 τὰ
1399 3642 1612 3696 δίκτυα.
1667 3643 1884 3714 Ταύτης

309 3725 618 3794 ἀπήλαυσεν
656 3727 904 3797 Ἀϐραὰμ
944 3730 1042 3798 τῆς
1087 3732 1376 3800 προνοίας.
1428 3734 1508 3797 δὶς
1545 3735 1884 3805 ἁρπαγείσης

307 3814 398 3882 τῆς
425 3815 642 3886 Σάρρας
665 3833 680 3846 ο
730 3817 934 3887 ταύτης
961 3821 988 3872 ὁ
1029 3820 1210 3873 Ἰσαὰκ
1234 3861 1248 3884 ,
1296 3823 1426 3875 αὐτὸ
1471 3823 1628 3876 τοῦτο
1659 3824 1846 3877 παθών
1865 3843 1877 3855 ο

305 3905 502 3975 ταύτης
532 3909 560 3960 ὀ
599 3906 811 3969 Ἰακὼϐ,
830 3909 921 3962 ὑπ’
940 3909 1167 3978 ἀδελφοῦ
1191 3911 1284 3964 καὶ
1306 3912 1565 3982 κηδεστοῦ
1587 3913 1877 3985 φθονούμε-

305 4011 418 4058 ver
460 3995 664 4068 ταύτης
693 4000 721 4051 ὁ
770 3999 991 4069 Ἰωσὴφ,
1015 4001 1117 4053 ὑπὸ
1152 4001 1345 4070 φθόνου
1378 4004 1471 4055 καὶ
1520 4006 1880 4074 συκοφαντίας

306 4084 649 4156 πολεμηθείς.
705 4088 816 4141 Καὶ
843 4089 894 4142 τί
927 4090 1006 4142 δεῖ
1038 4092 1361 4160 καταλέγειν
1392 4094 1638 4160 ἆπαντα;
1697 4096 1877 4167 ῥᾴδιον

304 4172 408 4245 γὰρ
427 4178 540 4239 τοῖς
572 4175 894 4246 φιλομαθέσι
923 4180 1018 4232 καὶ
1040 4181 1107 4234 τὰ
1131 4181 1300 4235 πάλαι
1331 4181 1597 4250 συλλέξαι,
1627 4186 1717 4238 καὶ
1739 4180 1875 4238 θεω-

307 4261 462 4331 ρῆσαι
489 4262 559 4315 τὰ
589 4263 707 4317 νέα.

365 4351 519 4406 Οὐδὲ
539 4352 627 4421 μὴ
683 4354 1136 4412 καταδικάσεται
1186 4362 1372 4414 αὐτὸν
1411 4363 1557 4417 ὅταν
1605 4366 1874 4434 κρίνηται

302 4445 502 4499 αὐτόν.
539 4445 682 4498 Ἀντὶ
706 4446 824 4510 τοῦ,
859 4449 916 4502 ὲν
945 4449 1022 4518 τῷ
1051 4451 1326 4520 κρίνεσθαι
1359 4455 1540 4509 αὐτόν.

380 4534 483 4587 Ἐν
511 4534 593 4600 τῷ
616 4535 1104 4604 ἐξολοθρεύεσθαι
1141 4543 1522 4610 ἁμαρτωλοὺς
1548 4546 1700 4613 ὄψει.
1750 4548 1872 4599 Ἐκ-

302 4625 684 4694 κοπτομένους,
717 4628 870 4698 φησὶ,
915 4631 1042 4692 τοὺς
1066 4632 1422 4702 ἁμαρτωλοὺς
1449 4635 1635 4708 Θεάσῃ.

359 4711 539 4770 Εἶδον
563 4717 671 4770 τὸν
692 4719 881 4788 ἀσεϐῆ
906 4723 1425 4792 ὑπερυψούμενον,
1451 4727 1547 4780 καί
1573 4728 1871 4798 ἐπαιρόμε-

298 4820 404 4856 νον
430 4806 513 4871 ὡς
544 4806 652 4872 τὰς
685 4809 935 4876 κέδρους
967 4813 1072 4866 τοῦ
1106 4815 1383 4871 Λιϐάνου.
1451 4818 1606 4871 Κατὰ
1633 4819 1692 4872 τὸ
1718 4822 1869 4890 εἰρη-

302 4893 478 4962 μένον·
511 4895 659 4949 Σκιὰ
688 4900 721 4950 ό
743 4899 884 4963 ,βίος
914 4899 1098 4967 ἡμῶν.

364 4986 474 5038 Καὶ
505 4987 822 5054 παρῆλθον
843 5029 857 5054 ,
910 4994 1006 5046 καὶ
1041 4994 1169 5048 ίδοὺ
1200 4997 1311 5048 οὐκ
1349 4993 1444 5065 ἦν.
1505 4997 1866 5070 Θεασάμενος,

299 5077 474 5144 φησιν,
496 5077 695 5148 ἄνδρας
719 5084 986 5151 πονηροὺς
1039 5085 1461 5155 εὑημεροῦντας,
1485 5090 1725 5143 ἐνενόουν
1752 5092 1868 5156 πῶς

296 5162 476 5216 τούτου
499 5165 794 5235 ἐπέτυχονο
844 5165 958 5221 εἶτα
995 5172 1216 5225 τοιαῦτα
1264 5175 1458 5228 ἐννοῶν
1507 5179 1598 5230 καὶ
1641 5178 1866 5251 δεύτερα

297 5251 715 5323 βουλευόμενος,
769 5256 1037 5328 θεωρῆσαι
1071 5262 1266 5326 αὐτοὺς
1318 5267 1415 5319 οὐκ
1471 5267 1698 5338 ἴσχυσαο
1750 5272 1865 5325 ἀλλ’

1999 1919 2396 1988 ουιρίεοεηιίειη
2424 1919 2762 1974 cohortatus.

2067 2008 2153 2062 50.
2198 2008 2269 2064 0s
2304 2010 2442 2079 justi
2482 2011 2825 2064 meditabitur
2865 2014 3205 2081 sapientiam.
3251 2012 3556 2080 Convenit,

1997 2097 2193 2165 inquit,
2229 2098 2342 2152 sive
2378 2099 2562 2167 lingua
2585 2140 2599 2165 ,
2632 2100 2749 2154 sive
2781 2111 2963 2156 mente
2994 2101 3180 2158 divina
3205 2102 3420 2173 eloquia
3453 2103 3560 2158 cir-

1995 2187 2285 2252 cumferre,
2307 2189 2360 2241 in
2383 2203 2683 2258 eorumque
2707 2190 3060 2245 meditatione
3087 2191 3308 2246 assidue
3329 2193 3558 2249 versari.

1996 2283 2073 2335 lla
2097 2282 2242 2336 enim
2267 2297 2390 2336 cum
2425 2281 2556 2352 quid
2587 2281 2860 2352 agendum
2895 2284 2967 2338 sit
3009 2283 3294 2339 edidicerit
3323 2287 3416 2355 qui
3446 2283 3562 2339 vir-

1994 2371 2126 2426 tutis
2169 2387 2361 2426 amans
2409 2381 2511 2435 est,
2561 2372 2862 2441 intrepidus
2911 2373 3281 2444 immotusque
3323 2376 3564 2430 manebit

1993 2463 2259 2518 adversus
2299 2477 2396 2518 eos
2439 2464 2534 2532 qui
2579 2463 2812 2530 dejicere
2867 2463 3042 2532 ipsum
3094 2465 3384 2519 voluerint.
3440 2464 3566 2521 llmc

1993 2553 2159 2608 etiam
2195 2554 2330 2607 dixit
2356 2553 2568 2622 psalmo
2599 2555 2774 2622 primo
2809 2569 2822 2605 :
2857 2552 2960 2608 Sed
2997 2555 3053 2606 in
3084 2553 3192 2624 lege
3233 2553 3447 2608 Domini
3473 2571 3575 2610 00--

1993 2644 2168 2697 luntas
2201 2643 2334 2712 ejus,
2358 2653 2407 2697 et
2435 2645 2490 2697 in
2543 2643 2652 2713 lege
2683 2644 2796 2713 ejus
2829 2644 3172 2698 meditabitur
3219 2645 3304 2699 die
3343 2661 3406 2698 ac
3461 2661 3555 2699 no-

1989 2744 2069 2787 cte
2085 2734 2151 2799 “,
2187 2743 2291 2789 etc.
2319 2733 2387 2787 Et
2412 2735 2591 2804 lingua
2606 2733 2718 2801 ejus
2739 2734 2978 2802 loquetur
2982 2733 3267 2802 judicium.
3289 2733 3563 2790 Iudicium

1986 2823 2220 2897 justum,
2251 2839 2360 2879 non
2387 2822 2623 2886 forense,
2661 2823 2754 2877 sed
2785 2823 2926 2890 quod
2955 2823 3008 2875 in
3046 2823 3140 2877 illo
3169 2837 3304 2877 sano
3334 2830 3388 2877 et
3420 2839 3561 2879 nun-

1989 2929 2152 2983 quam
2178 2923 2397 2968 errante
2423 2913 2685 2967 tribunali
2721 2912 2915 2968 fertur.

2058 3005 2148 3068 54,
2183 3003 2273 3057 32.
2299 3002 2408 3056 Lea:
2434 3003 2532 3056 Dei
2560 3003 2674 3072 ejus
2698 3003 2937 3059 incorde
2977 3005 3142 3074 ipsius
3162 3045 3178 3070 ,
3209 3013 3259 3058 et
3293 3019 3396 3058 non
3437 3021 3559 3074 sup-

1989 3096 2374 3166 plantabuntur
2409 3111 2616 3164 gressus
2660 3096 2794 3164 ejus.
2843 3094 3157 3150 Considerat
3191 3104 3434 3164 peccator
3467 3096 3556 3164 juo

1995 3193 2154 3238 stum.
2186 3184 2444 3237 Dominus
2468 3193 2666 3248 autem,
2689 3192 2795 3239 etc.
2831 3183 3004 3239 Variis
3025 3185 3214 3240 eadem
3241 3186 3356 3252 ipsa
3384 3185 3558 3240 modis

1995 3275 2220 3346 profert,
2256 3275 2450 3345 majori
2481 3275 2572 3329 illa
2601 3290 2731 3330 cura
2761 3283 2816 3328 et
2848 3275 3202 3330 meditatione
3224 3275 3557 3330 stabiliorem

1990 3381 2192 3434 parans
2223 3365 2302 3420 rei
2350 3367 2694 3419 memoriam.
2744 3365 2834 3418 Ait
2870 3373 3052 3420 autem
3091 3383 3104 3419 :
3145 3363 3260 3419 Non
3318 3365 3554 3436 negliget

1984 3455 2193 3525 justum
2237 3455 2500 3509 Dominus
2533 3455 2906 3524 improborum
2965 3455 3177 3510 insidiis
3216 3451 3513 3524 appetitum
3540 3496 3558 3521 ,

1989 3561 2166 3615 neque
2190 3561 2295 3599 una
2337 3546 2610 3601 calculum
2661 3545 2799 3600 feret
2837 3561 2961 3600 cum
3002 3546 3083 3602 eis
3118 3546 3243 3600 talia
3288 3545 3556 3602 molienti-

1986 3639 2088 3694 bas
2114 3656 2128 3692 :
2163 3640 2255 3695 sed
2284 3641 2497 3695 curabit
2527 3651 2586 3694 ut
2617 3641 2754 3695 retia
2783 3641 2872 3696 ille
2905 3641 3198 3697 transiliat.
3231 3639 3554 3711 llujusmodi

1985 3731 2324 3799 providentia
2360 3729 2646 3785 fruebatur
2688 3731 2966 3785 Abraham
2993 3770 3008 3796 ,
3061 3731 3196 3786 Sara
3232 3732 3316 3786 bis
3353 3742 3505 3801 rapta
3536 3749 3551 3787 :

1983 3820 2168 3874 eadem
2187 3819 2355 3886 Isaac,
2384 3822 2477 3891 qui
2509 3822 2744 3890 idipsum
2766 3836 2960 3891 passus
2986 3831 3069 3876 est
3095 3841 3109 3876 :
3136 3823 3324 3876 eadem
3354 3821 3550 3887 Jacob,

1983 3909 2150 3965 fratre
2175 3923 2230 3966 et
2259 3927 2449 3966 socero
2478 3913 2842 3968 invidentibus
2882 3933 2894 3966 :
2932 3913 3120 3967 eadem
3146 3911 3346 3980 Joseph
3372 3914 3558 3968 livore

1980 4009 2035 4056 et
2059 4001 2331 4054 calumnia
2372 4001 2742 4070 impugnatus.
2796 3999 3001 4069 Ecquid
3045 4016 3182 4070 opus
3228 4003 3412 4058 omnia
3455 4019 3544 4058 re-

1981 4087 2254 4143 censere?
2281 4086 2442 4142 facile
2467 4103 2702 4156 namque
2729 4094 2813 4141 est
2835 4088 3082 4142 studioso
3115 4089 3313 4158 cuique
3353 4099 3408 4144 et
3452 4104 3556 4146 rem

1978 4189 2091 4233 tera
2118 4177 2391 4247 colligere,
2419 4186 2474 4232 et
2497 4191 2632 4232 nova
2669 4177 3120 4234 animadvertere.

2050 4377 2139 4431 '53.
2167 4376 2278 4431 Nec
2304 4379 2578 4432 damnabit
2601 4395 2718 4432 eum
2745 4395 2863 4432 cum
2877 4379 3207 4449 judicabitur
3229 4381 3332 4435 illi.
3359 4381 3412 4436 ld
3438 4391 3541 4448 est,

1899 4457 1951 4515 D
1977 4469 2195 4536 quando
2225 4471 2491 4525 sententia
2516 4471 2585 4525 de
2615 4471 2709 4525 illo
2741 4471 2962 4526 feretur.
2990 4486 2994 4491 ‘

2047 4559 2135 4612 54.
2189 4557 2324 4614 Cum
2375 4561 2625 4628 perierint
2679 4571 2975 4630 peccatores
3021 4563 3239 4616 uidebis.
3279 4563 3540 4626 Accisos.

1979 4647 2178 4717 inquit,
2206 4650 2410 4704 videbis
2438 4659 2768 4719 peccatores.

2045 4736 2134 4791 55.
2167 4736 2287 4790 Vidi
2312 4739 2532 4806 impium
2562 4741 3036 4808 superexaltatum,
3065 4749 3115 4794 et
3145 4741 3403 4795 eleuatum
3430 4742 3542 4796 sie-

1973 4839 2032 4882 ut
2072 4829 2252 4883 cedros
2286 4829 2498 4896 Libani,
2535 4840 2640 4886 etc.
2679 4830 2843 4887 Juxta
2883 4833 3016 4888 illud
3049 4833 3253 4888 dictum
3287 4851 3301 4888 :
3341 4831 3539 4888 Umbra

1971 4929 2047 4974 est
2070 4921 2178 4974 vita
2207 4931 2384 4975 nostra
2403 4921 2469 4975 ’⁸.

2040 5009 2129 5064 56.
2162 5010 2226 5064 Et
2261 5012 2504 5078 transivi,
2530 5019 2581 5064 et
2606 5027 2723 5066 ecce
2752 5029 2854 5065 non
2881 5022 3014 5067 erat.
3045 5011 3148 5068 Ubi
3182 5013 3314 5076 ridi,
3337 5013 3532 5080 inquir,

1970 5101 2220 5155 homines
2248 5102 2526 5171 improbos
2551 5117 2809 5171 prospere
2838 5112 3059 5173 agentes
3081 5143 3094 5168 ,
3125 5117 3338 5157 mecum
3372 5116 3534 5170 repu-

1968 5189 2150 5244 tabam
2177 5206 2283 5260 qua
2319 5191 2526 5245 ratione
2549 5191 2602 5244 id
2626 5191 2754 5244 boni
2784 5192 3060 5246 consecuti
3095 5198 3298 5245 essent.
3331 5187 3531 5244 Deinde

1965 5294 2094 5334 vero
2147 5279 2262 5333 haec
2289 5279 2532 5349 cogitans
2577 5288 2629 5335 et
2673 5279 2776 5334 alia
2808 5285 3037 5335 'mecum
3087 5278 3388 5341 revolvens,
3430 5294 3528 5332 eos

294 5341 406 5440 esse
443 5345 532 5398 τὸν
563 5345 750 5410 τόπον,
785 5349 840 5400 ὲν
869 5342 913 5415 ᾦ
944 5352 1163 5406 ἑστάναι
1197 5354 1430 5421 ἐδόκουν,
1450 5358 1549 5411 οὐκ
1581 5361 1862 5434 ἠδυνάμην

2005 5385 2143 5424 enuo
2175 5370 2356 5424 videre
2383 5385 2489 5424 non
2525 5372 2672 5439 potui
2706 5387 2718 5422 :
2758 5372 2868 5426 imo
2894 5383 3068 5440 neque
3106 5369 3286 5422 locum
3331 5369 3384 5422 in
3419 5384 3527 5439 quo

294 5430 346 5482 εὖ
356 5435 479 5488 οεῐν.

387 5448 479 5488 ειν.
1123 5471 1128 5476 ο

354 5448 642 5578 fbulam”
670 5523 947 5589 ἀκακίαν,
983 5544 1078 5582 και
1111 5530 1199 5584 ws
1228 5535 1538 5601 εὐθύτητα,
1579 5539 1666 5591 ὅτι
1691 5540 1862 5594 ἐστιν

361 5676 402 5707 ⁸³
431 5675 564 5736 Gen.
604 5693 705 5741 xu,
729 5678 783 5731 ὅ.
856 5681 901 5713 ⁸ο
932 5680 1076 5738 Psal.
1111 5704 1147 5749 ι,
1189 5689 1241 5743 2.
1323 5692 1362 5723 ⁹¹
1397 5688 1498 5747 Joh
1534 5711 1650 5756 vm.
1679 5697 1732 5752 9.

1965 5460 2266 5514 consistere
2295 5459 2621 5514 videbantur
2654 5462 2892 5530 reperire
2923 5459 3151 5514 facultas
3189 5458 3311 5514 fuit.

1989 5551 2116 5615 L57.
2163 5549 2380 5606 Custodi
2405 5552 2777 5614 innocentiam,
2812 5561 2860 5605 et
2901 5550 3014 5603 uide
3043 5550 3362 5620 aquitatem,
3391 5567 3521 5623 quo-
