3944 6220
335 335 438 393 135

1202 339 1264 394 S.
1303 339 1671 397 ATHANASH
1707 343 1854 399 OPP.
1898 340 2081 398 PARS
2115 342 2211 397 111..
2244 372 2313 383 --
2350 339 2770 396 EXEGETICA.-

3463 342 3569 397 {8-5

336 452 479 505 niam
517 462 639 505 sunt
676 452 908 524 reliquiis
929 454 1131 508 homini
1152 454 1392 522 paciﬁca.
1427 453 1503 507 Et'
1535 456 1858 524 supplicium
1879 496 1895 521 ,

2011 453 2434 522 ἐγκατάλειμμα
2462 452 2746 518 ἀνθρώπῳ
2772 453 3065 519 clpa-rixo).
3099 451 3208 505 Καὶ
3245 452 3278 522 ἡ
3302 456 3572 525 τιμωρία..

335 544 546 612 inquit,
581 545 951 615 improborum
978 588 993 613 ,
1026 556 1081 600 et
1121 544 1376 614 reliquia',
1419 546 1470 600 id
1504 555 1591 602 est
1613 547 1895 603 lnereditas

330 634 626 702 proborum
649 677 663 699 ,
692 638 789 692 tibi
816 638 1082 694 suadeant
1118 644 1177 690 ut
1216 636 1614 705 simplicitatem
1645 645 1698 693 et
1733 639 1894 693 iunco

331 725 563 779 centiam
595 729 840 784 secteris.

330 815 382 868 1.
436 813 774 873 PSALMUS
821 820 922 888 ipsi
971 817 1140 871 David
1195 819 1248 870 in
1300 819 1781 873 rememorationem
1829 818 1891 871 de

820 908 1074 964 Sabbalo.
1095 907 1252 961 XXX
1268 907 1395 964 VH.

916 1002 1311 1071 Argumentum.

327 1086 485 1145 Hunc
510 1091 655 1146 canit
688 1092 958 1161 psalmum
985 1093 1261 1146 assiduam
1311 1106 1620 1147 memorans
1668 1093 1892 1148 calami-

394 1187 583 1247 tatem,
644 1197 810 1252 quam
869 1191 1091 1251 propter
1147 1191 1427 1251 peccatum
1485 1183 1777 1247 sustinuit,
1836 1192 1890 1236 et

399 1267 566 1324 Deum
603 1286 696 1340 per
724 1287 845 1327 sese
874 1279 1048 1341 rogat,
1074 1256 1188 1326 Asibi
1222 1272 1621 1337 sabbatismos,
1658 1287 1752 1326 seu
1792 1287 1887 1327 ca-

385 1360 688 1417 lamitatum
718 1362 877 1417 tinem
910 1362 1166 1417 concedi-

393 1539 449 1592 Ξ.
486 1535 728 1606 Domine,
777 1556 841 1594 ne
869 1536 921 1593 in
957 1542 1136 1610 furore
1160 1549 1251 1593 tuo
1284 1555 1478 1609 arguas
1508 1554 1617 1603 me,
1645 1555 1803 1609 neque
1832 1541 1888 1593 in

321 1633 406 1686 ira
451 1642 542 1687 tua
571 1635 828 1703 corripias
860 1650 959 1689 me.
999 1633 1323 1705 [Dmmoncs,
1346 1633 1451 1702 qui»
1484 1632 1764 1702 suppliciis
1804 1634 1891 1687 in-

321 1718 560 1777 ferendis
611 1720 976 1794 deputantur,
1028 1731 1081 1777 et
1133 1721 1354 1776 ultrices
1404 1728 1730 1790 potestates,
1791 1720 1885 1774 Dci

322 1812 410 1865 ira
448 1820 502 1866 et
546 1811 699 1867 furor
726 1823 1031 1868 vocantur.
1061 1811 1342 1881 Supplicat
1364 1812 1549 1880 itaque
1574 1825 1643 1865 ne
1672 1825 1702 1865 a
1728 1810 1883 1864 mali-

321 1901 449 1971 gnis-
471 1902 762 1957 virtutibus
803 1909 1094 1974 arguatur,
1145 1917 1319 1973 neque
1359 1916 1457 1971 per
1490 1901 1884 1956 immissioncm

320 1993 637 2062 angelorum
682 1995 951 2048 malorum
982 2034 997 2059 ,
1038 1994 1130 2050 sed
1159 2010 1254 2065 per
1281 1993 1542 2050 salutaria
1569 1993 1731 2049 verba
1765 2008 1887 2047 cor-

320 2081 613 2154 ripiatur.]'
635 2080 874 2154 Corripit
909 2099 1011 2140 nos
1046 2085 1308 2141 Dominus
1328 2126 1342 2149 ,
1374 2100 1497 2141 cum
1542 2098 1646 2140 nos
1677 2084 1743 2138 ad
1771 2084 1886 2138 vir-

322 2173 451 2227 tutis
494 2174 926 2229 recordationem
977 2174 1213 2229 deducit.
1264 2174 1499 2229 Sanctus
1545 2187 1725 2229 autem
1776 2189 1887 2227 non

319 2262 755 2334 redargutionem
788 2273 884 2319 aut
903 2265 1301 2320 correctionem
1329 2265 1580 2334 repudiat
1608 2281 1623 2317 :
1652 2266 1742 2320 sed
1763 2279 1884 2319 eam

318 2368 441 2422 quae
470 2369 594 2409 cum
626 2356 712 2410 ira
731 2364 786 2409 et
816 2354 997 2409 furore
1028 2355 1319 2425 conjuncta
1352 2356 1444 2408 sit.

390 2445 445 2498 ἵ».
471 2445 733 2510 quoniam
759 2448 969 2515 sagittae
993 2447 1296 2515 tuainﬁsw
1319 2456 1441 2500 sunt
1468 2448 1618 2503 mihi.
1646 2445 1887 2516 Sagittae

317 2543 478 2591 vocat
514 2536 734 2593 ultrices
768 2545 1090 2605 potestates.
1137 2536 1206 2590 Et
1247 2538 1574 2605 conﬁrmasti
1609 2552 1762 2605 super
1806 2553 1887 2590 me

319 2638 534 2680 manum
557 2636 723 2682 tuam.
766 2625 964 2697 Tetigit
993 2640 1079 2682 me
1104 2667 1118 2692 ,
1150 2628 1360 2697 inquit,
1398 2642 1596 2682 manus
1621 2637 1734 2695 tua,
1766 2642 1890 2697 pec-

321 2715 426 2769 cati
454 2729 620 2770 causa
657 2716 981 2785 corripiens.

388 2806 444 2858 4.
477 2804 598 2859 Non
627 2814 704 2859 est
734 2808 936 2860 sanitas
965 2809 1019 2861 in
1060 2824 1216 2861 carne
1242 2824 1356 2861 mea
1399 2824 1431 2861 a
1471 2807 1608 2877 facie
1633 2809 1731 2862 ira:
1760 2817 1883 2863 tuat‘.

319 2896 525 2949 Iratua
562 2896 847 2965 ingruente
891 2898 1063 2963 mihi,
1091 2896 1415 2952 labefactata
1453 2906 1537 2953 est
1565 2913 1694 2952 caro
1743 2913 1882 2952 mea.

322 2982 389 3035 Et
411 2998 513 3035 non
541 2992 617 3036 est
637 2999 743 3051 pax
768 2983 972 3037 ossibus
1005 2985 1132 3037 meis
1161 3002 1194 3037 a
1223 2984 1360 3053 facie
1391 2984 1723 3055 peccatorum
1744 3002 1887 3040 meo-

1999 542 2150 611 φησὶ,
2180 541 2286 595 τῶν
2314 540 2584 611 πονηρῶν,
2609 541 2715 593 -καὶ
2762 541 2822 591 τδ
2859 537 3313 607 ἐγκατάλειμμα,
3365 541 3482 610 ἦτοι
3526 545 3563 611 ἠ

1995 629 2327 703 κληρονομία
2359 628 2465 681 τῶν
2501 627 2739 696 ἀγαθῶν,
2793 627 3252 698 παρασκευαζέτω
3282 645 3341 682 σε
3374 632 3566 701 ἐπιτη-

1993 719 2167 773 δεύειν
2190 719 2484 789 ἁπλότητα.

1998 803 2301 867 ΨΛΛΜΟΣ
2328 809 2410 877 τῷ
2435 810 2617 865 Δαυιδ
2645 813 2731 877 εὶς
2757 810 3096 878 ἀνάμνησιν
3124 809 3253 876 περὶ
3276 810 3383 864 rei}
3412 811 3562 864 Σαϐ-

2576 899 2773 953 ὄάτου.
2825 902 2963 953 ΛΖ’.

2614 992 2627 1008 '
2647 991 2927 1055 Υπόθεσις

1995 1080 2198 1134 Τοῦτον
2244 1080 2359 1152 ᾅδει
2385 1080 2477 1134 τὸν
2506 1079 2740 1150 ψαλμὸν,
2777 1080 3203 1150 ἀναμιμνήσκων
3244 1080 3430 1133 ἑαυτὸν
3460 1080 3565 1151 τῆς

2064 1175 2392 1243 συνεχούσης
2433 1172 2848 1243 ταλαιπωρίας,
2896 1168 2964 1243 ἧς
3017 1171 3273 1241 ὑπέμεινε
3317 1172 3408 1225 διὰ
3462 1173 3561 1243 τὴν

2063 1263 2356 1335 ἁμαρτίαν.
2421 1263 2587 1329 Ἀξιοῖ
2615 1261 2670 1315 δὲ
2693 1264 2757 1315 δι’
2801 1260 2992 1314 ἑαυτοῦ
3023 1260 3113 1314 τὸν
3157 1261 3323 1328 Θεὸν,
3360 1262 3563 1316 σαϐϐα-

2058 1352 2287 1421 τισμοὺς
2313 1351 2464 1423 αὐτῷ
2494 1349 2706 1413 δοῦναι,
2761 1351 2879 1421 ἦτοι
2919 1350 3223 1405 ἀνάπαυσιν
3263 1353 3371 1407 τῶν
3425 1371 3563 1426 συμ-

2061 1441 2261 1512 φορῶν.

2059 1533 2264 1599 Κύριε,
2286 1530 2372 1600 μὴ
2402 1530 2483 1595 τῷ
2515 1529 2679 1600 θυμῷ
2709 1546 2823 1585 σου
2855 1529 3108 1602 ἐλέγξῃς
3160 1549 3258 1601 με,
3302 1533 3457 1602 μηδὲ
3484 1534 3560 1602 τᾶ

1990 1620 2137 1690 ὀργῇ
2164 1638 2279 1675 σου
2311 1620 2644 1690 παιδεύσῃς
2674 1637 2770 1689 με.
2823 1620 2922 1692 [υἱ
2947 1625 3066 1686 ταῖς
3095 1622 3347 1676 κολάσεσι
3376 1623 3573 1677 διακον

1989 1710 2236 1780 νούμενοι
2261 1710 2533 1780 δαίμονες,
2568 1711 2664 1764 καὶ
2688 1712 2744 1764 ai.
2767 1712 3132 1782 τιμωρητικαὶ
3156 1711 3434 1782 δυνάμεις,
3464 1714 3573 1767 τοῦ

1920 1782 1960 1845 3
1989 1799 2125 1854 Θεοῦ
2156 1801 2292 1872 ὀργὴ
2317 1801 2412 1854 καὶ
2445 1799 2612 1874 θυμὸς
2643 1801 2908 1868 λέγονται.
2963 1802 3216 1855 Ἱκετεύει
3240 1799 3330 1858 οὖν
3367 1803 3441 1874 μὴ
3470 1805 3562 1857 διὰ

1990 1892 2251 1961 πονηρῶν
2271 1889 2551 1960 δυνάμεων
2598 1890 2950 1961 ἐλεγχθῆναι,
2987 1892 3119 1963 μηδὲ
3161 1892 3226 1945 δι’
3260 1894 3562 1966 ἀποστολῆς

1987 1981 2231 2049 ἀγγέλων
2263 1981 2602 2052 σκυθρωπῶν
2636 1983 3025 2054 παιδευθῆναι,
3075 1984 3211 2039 ἀλλὰ
3251 1986 3338 2039 διὰ
3386 1987 3575 2055 λόγων

1987 2070 2333 2143 σωτηρίων.]
2370 2071 2622 2125 Παιδεύει
2651 2072 2797 2141 ἡμᾶς
2825 2075 2854 2128 ὁ
2878 2075 3097 2146 Κύριος,
3143 2078 3223 2138 εἰς
3254 2076 3563 2148 ἀνάμνησιν
3581 2055 3594 2063 ¹

1986 2161 2133 2228 ἄγων
2156 2162 2256 2232 τῆς
2292 2162 2513 2233 ἀρετῆς.
2544 2164 2603 2215 Ὀ
2641 2162 2697 2217 δὲ
2736 2166 2888 2232 ἅγιος
2927 2167 2989 2218 ού
3026 2166 3116 2219 τὸν
3143 2166 3359 2237 ἔλεγχον
3394 2169 3429 2240 ἢ
3462 2168 3562 2238 τὴν

1994 2251 2242 2304 παιδείαν
2302 2255 2679 2322 παραιτεῖται,
2733 2255 2868 2309 ἀλλὰ
2919 2256 3018 2326 τὴν
3072 2257 3186 2325 μετ’
3248 2258 3416 2330 ὀργῆς
3467 2261 3577 2312 καὶ

1989 2342 2184 2414 θυμοῦ.

2062 2434 2179 2486 Ὅτι
2206 2434 2281 2490 τὰ
2302 2434 2458 2504 ,ϐέλη
2489 2451 2604 2490 σου
2634 2438 3015 2506 ὲνεπάγησάν
3040 2455 3164 2507 μοι.
3194 2438 3332 2510 Βέλη
3362 2439 3458 2502 τὰς
3482 2457 3575 2493 τιον

1989 2525 2306 2596 μωρητικάς
2326 2525 2580 2598 δυνάμεις
2602 2527 2754 2597 φησί.
2794 2529 2901 2582 Καὶ
2926 2527 3319 2597 ὲπεστιὶριξας
3339 2529 3430 2581 ἐπ’
3458 2530 3566 2599 ἐμὲ

1986 2615 2100 2685 τὴν
2138 2615 2307 2685 χεῖρά
2345 2631 2480 2671 σου.
2506 2616 2804 2689 Καθήψατό
2850 2635 2949 2688 μου
2968 2659 2982 2683 ,
3011 2621 3173 2689 φησιν
3191 2658 3207 2684 ,
3233 2621 3265 2690 ἡ
3293 2620 3413 2691 χείρ
3441 2636 3560 2683 σου,

1988 2705 2128 2776 ὑπὲρ
2155 2707 2254 2777 τῆς
2288 2706 2557 2777 ἁμαρτίας
2589 2707 2936 2763 παιδεύουσα.
3204 2714 3209 2717 ⁷

2052 2802 2175 2854 Οὐκ
2210 2798 2383 2853 ἔστιν
2414 2799 2575 2867 ἴασις
2630 2799 2700 2853 ὲν
2744 2798 2819 2869 τῇ
2848 2800 3029 2868 σαρκί
3062 2816 3181 2869 μου
3220 2800 3336 2853 ἀπὸ
3374 2813 3565 2868 προσ-

1986 2890 2152 2945 ώπου
2176 2889 2284 2960 τῆς
2307 2891 2489 2961 ὀργῆς
2504 2891 2987 2961 σου..Λελὼ6ημαι
3012 2891 3109 2961 τὴν
3135 2890 3332 2962 σάρκα,
3361 2893 3560 2968 ἐπενη-

1987 2982 2254 3054 νεγμένης
2285 2999 2374 3053 μοι
2405 2982 2505 3053 τῆς
2532 2984 2720 3054 ὀργῆς.
2746 2984 2867 3037 Οὐκ
2895 2984 3066 3037 ἔστιν
3092 2981 3298 3052 είρήνη
3330 2983 3399 3034 ὲν
3435 2981 3562 3047 τοῖς

319 3089 458 3127 rum.
508 3073 829 3140 Debilitata,
881 3074 1097 3143 inquit,
1128 3084 1214 3130 est
1257 3076 1430 3131 virtus
1472 3077 1668 3132 anima:
1710 3092 1884 3143 mete,

2011 3072 2224 3139 ίστέοις
2246 3091 2366 3143 μου
2390 3073 2507 3129 ἀπὸ
2550 3073 2870 3142 προσώπου
2909 3072 3031 3127 τῶν
3078 3073 3370 3141 ἁμαρτιῶν
3416 3091 3557 3142 μου;

321 3178 487 3219 causa
516 3171 698 3219 autem
725 3163 1369 3234 inﬁrmitatistpeccatum
1403 3174 1506 3220 est.

392 3338 1085 3417 iniiinii-aresr
1115 3356 1242 3396 mete
1274 3356 1624 3413 supergressa
1644 3348 1775 3396 sunt
1800 3354 1893 3394 ca-

321 3442 416 3503 put
443 3447 634 3486 meum.
664 3432 878 3503 Fregit,
912 3433 1124 3502 inquit,
1147 3448 1235 3488 me
1258 3433 1436 3503 gravis
1463 3433 1667 3503 peccati
1695 3431 1885 3487 moles.

322 3523 547 3579 Cruciat
586 3538 674 3579 me
716 3523 1464 3593 permolestus-putridorum
1504 3522 1668 3577 fmtor
1698 3519 1889 3576 vulne-

326 3629 473 3680 rum,
505 3629 629 3685 quae
692 3616 892 3670 amissa
924 3615 1241 3684 prudentia,
1277 3622 1332 3669 et
1378 3613 1698 3682 insipientia
1760 3613 1891 3668 sub-

324 3715 478 3763 actus
510 3706 567 3760 in
592 3721 680 3761 me
707 3706 917 3776 excepi.
943 3706 1116 3776 Cujus
1138 3707 1215 3760 rei
1257 3720 1421 3760 causa
1463 3705 1613 3760 omni
1645 3705 1888 3774 privatus

322 3797 683 3864 delectatione
705 3812 875 3867 angor
903 3806 958 3852 et
980 3796 1201 3852 assidue
1223 3796 1442 3850 crucior
1472 3794 1676 3854 animo,
1712 3807 1888 3861 neque

322 3887 489 3942 ullam
522 3887 855 3943 declinandre
884 3888 1117 3943 tristitiae
1136 3889 1280 3945 viam
1319 3885 1556 3941 invenio.
1586 3883 1733 3939 Sicut
1756 3900 1886 3937 onus

234 3982 237 3985 “
322 3993 477 4047 graue
504 3988 739 4048 gravate
757 3984 880 4032 sunt
911 3993 1067 4047 super
1098 3993 1198 4031 me.
1228 3977 1559 4032 Gravitatem
1587 3976 1721 4031 dicit
1751 3990 1886 4030 con-

323 4068 563 4123 scientiae
592 4077 800 4124 motum
823 4069 1171 4124 vehementer
1198 4066 1267 4122 ad
1309 4066 1743 4138 desperationem
1772 4073 1891 4120 ten-

322 4156 523 4212 dentis.

387 4246 442 4299 6.
474 4244 799 4301 Putruerunt
825 4256 874 4300 et
914 4256 1175 4316 corruptae
1206 4256 1330 4301 sunt
1374 4248 1643 4301 cicatrices
1687 4262 1814 4300 mea:
1854 4263 1894 4299 a-

323 4336 462 4404 facie
486 4335 806 4404 insipientia
829 4354 975 4397 more.
1007 4338 1294 4397 Peccatum
1317 4354 1498 4403 omne,
1533 4348 1691 4407 turpe
1709 4348 1763 4393 et
1791 4352 1890 4406 pu-

2001 3163 2388 3234 Ἐξησθένησε,
2422 3163 2618 3233 φησὶν,
2651 3164 2684 3233 ή
2731 3163 2954 3233 δύναμις
2981 3164 3079 3235 τῆς
3108 3164 3245 3234 ἐμῆς
3276 3163 3484 3233 ψυχῆς
3524 3166 3577 3234 ἡ.

1986 3253 2045 3306 δὲ
2066 3254 2213 3306 αἰτία
2245 3253 2342 3324 τῆς
2372 3252 2670 3319 ἀσθενείας,
2701 3254 2734 3324 ἡ
2760 3254 3023 3324 ἁμαρτία.

2064 3342 2191 3395 Ὅτι
2234 3346 2295 3397 αἱ
2338 3341 2575 3411 ἀνομίαι
2623 3359 2742 3410 μου
2788 3332 3094 3410 ὑπερῆραν
3132 3340 3246 3409 τὴν
3288 3341 3562 3410 κεφαλήν

1982 3452 2122 3503 μου.
2177 3431 2512 3503 Κατὲκαμψέ
2545 3449 2613 3502 με
2633 3470 2648 3495 ,
2678 3433 2870 3503 φησιν,
2904 3431 2965 3485 τὸ
2993 3431 3129 3503 βαρὺ
3158 3432 3258 3501 τῆς
3287 3431 3561 3502 ἁμαρτίας

1989 3525 2227 3595 φορτίον.
2296 3524 2444 3594 Ἀνιᾷ
2487 3506 2544 3575 δέ
2597 3525 2664 3593 με
2712 3520 2957 3577 καὶ-τῶν
2993 3521 3306 3593 σεσηπότων
3335 3520 3554 3574 ἐκείνων

1984 3614 2314 3684 τραυμάτων
2340 3614 2373 3683 ή
2403 3612 2668 3683 δυσοσμία
2686 3652 2701 3677 ,
2731 3611 2790 3679 ἀ,
2816 3611 2913 3682 τὴν
2959 3611 3218 3682 φρόνησιν
3250 3609 3569 3671 ἀποϐαλὼν,

1988 3704 2084 3754 καὶ
2106 3704 2172 3773 τῇ
2207 3701 2484 3773 ἀφροσύνῃ
2511 3700 2815 3764 δουλεύσας,
2846 3699 3217 3770 εἰσεδεξάμην.
3264 3692 3338 3753 υῦ
3370 3699 3434 3770 δὴ
3464 3700 3559 3767 χά-

1992 3811 2076 3867 ριν
2106 3794 2286 3864 πάσης
2315 3791 2584 3862 θυμηδίας
2610 3790 2990 3862 ἐστερημένος,
3019 3790 3267 3860 ἀσχάλλω
3294 3790 3387 3842 καὶ
3413 3787 3562 3841 ἀλύω

1985 3883 2284 3955 διηνεκῶς,
2320 3874 2430 3935 ίκαὶ
2475 3881 2573 3950 τῆς
2626 3879 3076 3952 σκυθρωπὰητος
3116 3870 3416 3949 μεταϐολὴν
3461 3877 3561 3947 οὐχ
3606 3942 3607 3945 η

1986 3974 2241 4044 εὑρίσκω.
2306 3972 2463 4026 Ὡσεὶ
2510 3971 2757 4041 φορτίον
2805 3970 2965 4038 βαρὺ
3000 3969 3417 4037 ἐϐαρύνθησαν
3465 3969 3558 4019 ἐπ’

1985 4064 2111 4134 ἐμέ.
2165 4063 2452 4136 Βαρύτητα
2496 4062 2593 4132 τὴν
2640 4060 2739 4131 τῆς
2769 4060 3122 4130 συνειδήσεως
3148 4061 3227 4124 εἰς
3258 4060 3570 4128 ἀπόγνωσιν.

1986 4154 2191 4222 ὥθησιν
2224 4153 2340 4223 μετ’
2369 4149 2671 4214 ὲπιτάσεώς
2724 4167 2909 4221 φησιν.

2060 4240 2450 4311 Προσώζεσαν
2491 4238 2589 4291 καὶ
2639 4237 2961 4305 ὲσάπησαν
3010 4239 3065 4289 οἱ
3113 4234 3400 4305 μάλλωπέζν
3441 4254 3561 4305 μου

1986 4334 2106 4390 ἀπὸ
2155 4335 2480 4400 προσώπου
2533 4328 2642 4397 τῆς
2692 4328 3042 4396 ἀφροσύνης
3074 4343 3212 4396 μου.
3267 4326 3422 4380 Πᾶσα
3452 4327 3561 4397 γὰρ

324 4426 493 4495 [idum
520 4435 603 4480 est
634 4441 649 4478 :
682 4427 789 4481 nisi
815 4428 959 4481 enim
1007 4429 1063 4483 in
1104 4428 1476 4498 insipientiam
1512 4428 1696 4484 anima
1737 4428 1886 4482 deci-

2011 4423 2237 4495 ἱιμαρτία
2261 4421 2477 4492 μυσαρά
2495 4437 2552 4474 τε
2573 4421 2666 4474 καὶ
2686 4416 2924 4487 δυσώδης
2941 4434 2954 4447 ·
2985 4419 3033 4469 εἰ
3068 4415 3143 4487 μὴ
3168 4415 3277 4486 γὰρ
3299 4418 3378 4479 είς
3401 4416 3563 4487 ἀφρο-

323 4515 437 4581 dat,
481 4524 764 4586 peccatum
798 4517 1087 4573 admittere
1134 4532 1414 4588 nunquam
1459 4519 1718 4574 tolerarit.
1762 4515 1889 4571 Inde

322 4616 577 4661 naturam
618 4607 825 4676 peccati
867 4609 1141 4665 novimus.
1173 4607 1433 4675 Qnamam
1475 4610 1567 4665 illa
1598 4609 1715 4665 est?
1743 4607 1897 4661 Nihil.

321 4702 470 4751 certe
498 4703 777 4766 peccatum
811 4704 894 4752 est
917 4697 1023 4752 nisi
1065 4697 1393 4767 insipientia:
1419 4706 1622 4753 nostrae
1651 4696 1816 4753 fetus.

394 4867 448 4921 7.
482 4865 615 4922 Tota
660 4868 744 4921 die
788 4868 1135 4923 contristatus
1177 4869 1527 4938 ingrediebar.
1576 4869 1632 4924 Id
1678 4870 1890 4924 dicatur

321 4960 391 5016 iis
411 4960 505 5031 qui
546 4959 777 5015 multum
808 4959 985 5014 rident
1016 4968 1072 5014 et
1090 4960 1357 5015 laetantur.

395 5124 584 5208 [Miser
616 5133 791 5204 factus
820 5149 974 5199 sum,
1016 5142 1122 5190 etc.
1170 5133 1500 5191 Gravitatem
1545 5136 1890 5192 conscientiae

323 5224 548 5290 indicat,
578 5241 700 5295 qua
718 5225 876 5294 quasi
908 5225 962 5280 in
991 5225 1424 5295 desperationem
1464 5227 1710 5295 impellit.

395 5313 449 5368 8.
479 5315 742 5380 Quoniam
781 5316 945 5370 lumbi
978 5318 1079 5370 mei
1118 5317 1323 5386 impleti
1359 5327 1482 5370 sunt
1529 5317 1886 5373 illusionibus.

325 5405 828 5477 Quoniam,inquit,
848 5407 1096 5464 videbam
1120 5406 1373 5462 inimicos
1402 5408 1535 5463 mihi
1563 5409 1886 5465 illudentes:

326 5493 689 5566 intelligibiles
714 5507 894 5553 autem
928 5496 1181 5551 inimicos
1207 5496 1521 5569 signiiicat.]

395 5582 450 5639 9.
480 5584 714 5652 Afﬂictus
752 5604 867 5640 sum
905 5596 956 5641 et
987 5586 1293 5641 hurailiatus
1323 5604 1438 5642 sum
1470 5589 1646 5642 nimis.
1678 5587 1758 5641 Ex
1784 5587 1890 5642 hu-

324 5675 564 5745 )usmodi
589 5717 604 5743 ,
633 5675 849 5745 inquit,
882 5678 1318 5747 concupiscentia
1340 5718 1355 5745 ,
1393 5679 1444 5734 id
1470 5694 1594 5735 sum
1620 5694 1885 5735 consecu-

1997 4513 2161 4583 σύνην
2190 4508 2487 4564 καταπέσοι
2517 4506 2738 4578 ἡψυχὴ,
2770 4507 2870 4560 οὐκ
2889 4504 2954 4558 ἂν
2977 4504 3232 4575 ὑπομένοι
3257 4503 3353 4574 τὴν
3384 4504 3565 4573 ἁμαρ-

1994 4604 2134 4658 τίαν.
2175 4599 2454 4656 Ἐντεῦθεν
2478 4598 2578 4669 τὴν
2606 4597 2766 4668 φύσιν
2790 4597 2886 4665 τῆς
2913 4594 3183 4667 ἁμαρτίας
3201 4591 3556 4662 γινώσκομεν.

2007 4693 2196 4748 Ὅποία
2219 4691 2305 4754 τίς
2328 4692 2445 4743 ἐστι
2469 4731 2484 4756 ,
2521 4688 2659 4760 πλὴν
2689 4688 2770 4741 ὅτι
2804 4684 2910 4739 ἀπὸ
2930 4684 3237 4757 ἀφροσύνης
3263 4685 3390 4755 ἡμῖν
3422 4700 3563 4754 συμ-

1996 4784 2266 4838 ϐαίνουσιν
2299 4784 2354 4834 αί
2383 4778 2644 4851 ἁμαρτίαι
2671 4795 2687 4843 ;

2068 4874 2260 4939 Ὅλην
2288 4870 2403 4936 τὴν
2449 4867 2679 4937 ἡμέραν
2713 4864 3143 4933 σκυθρωπάζων
3171 4864 3557 4933 ἐπορευόμην.

1998 4960 2228 5015 Λεκτέον
2257 4958 2414 5012 τοῦτο
2448 4958 2593 5030 πρὸς
2611 4957 2735 5020 τοὺς
2761 4955 3033 5023 γελῶντας
3058 4954 3226 5007 πολλά
3246 4954 3339 5007 καὶ
3364 4971 3419 5006 τε
3428 4971 3531 5025 ρπο
3546 4983 3558 4992 -

2001 5051 2211 5124 μένους.
3422 5108 3431 5113 -

2068 5141 2088 5213 [
2118 5140 2607 5207 Ἐταλαιπώρησα
2634 5137 2744 5191 καὶ·
2762 5151 2959 5191 sarcre.
2981 5175 2997 5199 ,
3043 5135 3137 5189 καὶ
3165 5134 3233 5187 τὰ
3269 5134 3414 5204 ἑξῆς.
3464 5135 3564 5186 Βα-

2000 5232 2203 5304 ρύτητα
2232 5232 2330 5303 τῆς
2378 5231 2728 5300 συνειδήσεως
2761 5227 2836 5290 ὡς
2877 5230 2956 5290 εἰς
2999 5226 3303 5294 ἀπόγνωσιν
3337 5225 3553 5297 ῶθησιν.

2068 5324 2195 5376 Ὅτι
2213 5324 2271 5375 αἱ
2292 5322 2437 5389 ψόαι
2452 5338 2570 5389 μου
2590 5319 2993 5387 ἐπλήσθησαν
3004 5316 3362 5389 ἐμπαιγμῶν.
3395 5318 3565 5368 Ἐπει-

1994 5412 2171 5481 δήπερ
2214 5413 2408 5480 φησιν,
2447 5409 2541 5460 ἐπὶ
2582 5409 2644 5460 τὸ
2684 5407 3039 5468 καταπαίζειν
3073 5423 3173 5475 μου
3223 5405 3406 5459 λοιπὸν
3438 5405 3564 5466 τοὺς

1996 5501 2222 5574 ἐχθρούς
2257 5518 2356 5571 μου
2389 5500 2599 5572 ἑώρων·
2632 5501 2757 5564 τοὺς
2787 5502 3009 5568 νοητοὺς
3032 5500 3087 5553 δὲ
3117 5499 3284 5566 λέγει.
3310 5495 3328 5568 ]

2078 5588 2414 5655 Ἐκακώθην
2469 5588 2567 5641 καὶ
2604 5588 3004 5656 ἐταπεινώθην
3031 5588 3139 5653 ἕως
3171 5585 3423 5655 σφόδρα.
3473 5581 3562 5646 Ἐξ

1997 5680 2228 5748 ἐκείνης,
2259 5679 2412 5748 φησὶ,
2452 5679 2553 5747 τῆς
2602 5678 2893 5750 ἐπιθυμίας
2927 5678 3202 5749 ἐτρύγησα
3229 5678 3290 5730 τὸ
3334 5673 3558 5729 κύπτειν
