3944 6220
273 345 372 400 133

1336 344 1428 402 ΕΣ
1443 344 1710 400 Ρο51Τ10
1747 344 1813 398 ΙΝ
1848 344 2178 402 PSALMUM
2218 342 2499 399 XXXVI”

3409 338 3519 392 1(ξῦ

279 461 353 523 εις
373 458 499 529 γῆν,
524 456 624 511 καὶ
644 458 909 528 διηνεκῶς
931 457 1283 530 ὀλοφύρεσθαι
1304 459 1392 513 διὰ
1411 458 1508 523 τὰς
1531 459 1734 530 πικρὰς
1755 460 1854 529 τῆς

1982 476 2064 526 us,
2094 471 2155 516 ut
2200 474 2392 515 versus
2444 467 2642 511 terram
2693 453 2983 507 inclinatus
3021 449 3249 520 gemitus
3297 447 3514 503 assidue

283 548 499 621 καρδίας
523 547 740 610 ὀδύνας.
775 547 973 600 Τούτου
999 533 1155 619 χάριν
1179 549 1278 618 τῆς
1306 547 1597 617 ἐπιθυμίας
1625 547 1852 619 μεταϐα·

285 640 385 695 λὼν
409 641 506 711 τὴν
533 639 823 709 ἐνέργειαν
842 677 856 702 ,
888 636 1159 710 ὗπουργδν
1204 640 1372 710 αὐτὴν
1403 639 1708 709 κατέστησα
1753 638 1848 692 τοῦ

286 728 422 784 θείου
454 728 813 799 βουλήματος.
865 726 1034 781 Τοῦτο
1064 728 1172 800 γὰρ
1198 728 1473 799 ἐπήγαγεν
1505 743 1520 758 ·
1558 728 1851 797 Ὠρυόμην

291 820 400 874 ἀπὸ
431 816 774 887 στεναγμοῦ
802 815 913 885 τῆς
960 817 1206 885 καρδίας
1242 834 1381 886 μου.
1462 814 1751 880 Μαστίζων
1788 814 1852 867 τὸ

295 909 524 971 συνειδὸς
549 947 565 972 ,
640 908 741 978 τὴν
784 908 1008 979 καρδίαν
1079 924 1179 978 μου
1239 906 1569 977 στεναγμοὺς
1636 904 1850 974 ἀφιέναι

291 1001 521 1055 ἐποίουν.

353 1090 463 1145 Kal
493 1093 527 1143 ό
567 1088 898 1158 στεναγμός
940 1104 1059 1157 μου
1088 1086 1206 1141 ἀπὸ
1234 1087 1349 1141 σοῦ
1382 1090 1494 1140 οὐκ
1529 1086 1851 1154 ἁπεκρύϐη.

290 1180 395 1249 Ἱῆς
425 1180 741 1249 μετανοίας,
771 1179 962 1247 φησὶν,
996 1180 1025 1231 ὁ
1074 1177 1233 1240 πόθος
1258 1177 1437 1247 στήτω
1477 1173 1703 1229 ἐνώπιόν
1734 1189 1852 1237 σου,

292 1264 325 1340 ᾗ
374 1269 483 1338 ἐχω
539 1268 804 1338 ἐπιθυμίᾳ
864 1265 1100 1338 σωθῆναι
1148 1265 1484 1337 βουλόμενος.
1551 1265 1661 1320 Καὶ
1703 1264 1786 1327 τίς
1816 1266 1851 1334 ἡ

293 1354 553 1425 ἐπιθυμία
583 1354 675 1407 τοῦ
729 1353 1000 1424 Χριστοῦ;
1054 1353 1117 1405 τὸ
1164 1354 1305 1425 ὑπὲρ
1341 1353 1495 1424 ἡμῶν
1547 1352 1853 1406 ἐπιτελέσαι

293 1443 499 1514 Πάσχα.
534 1509 548 1522 σ

368 1534 431 1588 Ἠ
480 1532 697 1600 καρδία
736 1550 855 1601 μου
906 1532 1240 1611 ἐταρᾴχθη,
1297 1529 1641 1600 ἐγκατέλιπέ
1686 1544 1764 1598 με
1813 1529 1852 1596 ή

292 1623 467 1689 ίσχύς
489 1639 630 1689 μου.
666 1623 739 1675 Τὸ
764 1622 1155 1691 διαλογιστικὸν
1187 1622 1411 1694 καρδίαν
1446 1621 1597 1691 φησί.
1657 1620 1765 1673 Kal
1787 1618 1855 1672 τὸ

292 1711 408 1789 φῶς
433 1710 552 1765 τῶν
575 1712 897 1781 ὀφθαλμῶν
920 1731 1037 1782 μου
1058 1757 1073 1780 ,
1131 1714 1228 1766 καὶ
1256 1712 1401 1768 αὐτὸ
1423 1714 1533 1765 οὐκ
1556 1712 1688 1765 ἐστι
1727 1709 1853 1778 μετ’

293 1905 388 1941 πον
416 1893 527 1953 τοῖς
551 1891 648 1960 τῆς
674 1890 913 1953 διανοίας
945 1890 1107 1943 αὐτοῦ
1134 1891 1395 1960 ὄμμασιν.

362 1983 425 2033 οι
458 1981 623 2048 φίλοι
647 1997 767 2050 μου
800 1981 899 2033 καί
946 1983 999 2033 οἱ
1041 1982 1308 2048 πλησίον
1333 1997 1451 2049 μου
1481 1978 1550 2043 ἐξ
1582 1979 1856 2043 ἐναντίας

286 2087 399 2138 μου
426 2068 689 2138 ἤγγισαν
714 2069 808 2122 καὶ
836 2069 1125 2137 ἔστησαν.
1174 2070 1261 2139 ῘΕν
1291 2069 1369 2137 τῷ
1400 2067 1732 2139 πεπληγέναι
1766 2082 1855 2135 με,

294 2161 473 2229 φησιν,
499 2157 835 2228 ἀντέστησαν
871 2173 976 2225 μοι.
1005 2156 1188 2209 Ταῦτα
1207 2156 1262 2207 δέ
1291 2155 1435 2223 λέγει
1460 2154 1549 2207 διὰ
1572 2155 1661 2206 τὸν
1678 2152 1861 2205 Ἀϐεσ-

296 2249 480 2318 σαλὼμ
508 2248 602 2300 καὶ
627 2247 716 2300 τὸν
756 2245 1051 2316 Ἀχιτόφελ.
1098 2245 1206 2299 Kal
1249 2247 1303 2297 οἱ
1331 2242 1574 2313 ἔγγιστά
1599 2242 1716 2311 you
1742 2241 1860 2295 ἀπὸ

288 2342 582 2411 μακρόθεν
611 2339 901 2404 ἔστησαν.
953 2338 1014 2389 0i
1059 2336 1165 2405 γὰρ
1196 2352 1324 2388 συνυ
1336 2333 1685 2405 πουργοῦντες
1715 2332 1861 2403 αὑτῷ

295 2432 511 2500 ἄγγελοι
543 2429 898 2497 ἐγκατέλιπον
929 2427 1089 2480 αὑτὸν
1112 2427 1200 2480 διὰ
1233 2428 1331 2497 τὴν
1364 2426 1655 2496 ἁμαρτίαν.
1711 2425 1862 2494 Τάχα

293 2523 399 2593 γὰρ
424 2522 522 2573 καὶ
553 2521 609 2572 αἱ
660 2520 916 2589 δυνάμεις
946 2519 1001 2570 αἱ
1036 2518 1187 2586 una:
1230 2516 1602 2587 ὑποχωροῦσιν
1635 2517 1693 2567 ἐν
1739 2532 1862 2567 και-

299 2611 373 2683 ρῷ
392 2608 702 2681 πειρασμοῦ
726 2610 861 2680 πρὸς
875 2608 1098 2679 δοκιμὴν
1121 2607 1213 2661 τοῦ
1239 2606 1651 2678 πειραζομένου,
1674 2606 1707 2679 ἢ
1728 2606 1865 2675 πρὸς

296 2701 530 2754 κὸλασιν.

361 2790 470 2844 Καὶ
502 2785 869 2851 ἐξεδιάζοντο
913 2789 966 2839 ol
999 2784 1309 2851 ζητοῦντες
1333 2783 1446 2850 τὴν
1472 2782 1682 2851 ψυχήν
1721 2798 1861 2848 μου.

300 2882 557 2943 Εἰκότως,
588 2879 696 2931 τῶν
725 2877 974 2946 ἀγγέλων
1005 2875 1407 2929 καταλιπόντων
1434 2873 1615 2934 αὐτὸν,
1641 2870 1866 2941 σφοδρό-

298 2989 450 3042 τερον
476 2972 528 3024 οἱ
555 2970 804 3039 δαίμονες
851 2965 1177 3019 ἐπετίθεντο.
1237 2965 1342 3017 Kal
1368 2967 1420 3016 οἱ
1448 2961 1756 3028 ζητοῦντες
1795 2960 1867 3013 τὰ

300 3061 448 3115 κακά
468 3077 603 3129 μοι,
626 3058 940 3123 ἐλάλησαν
962 3055 1380 3124 ματαιότητας.
1418 3051 1686 3116 Ἐλάλουν,
1712 3050 1862 3119 φησὶ,

302 3152 433 3223 πρὸς
462 3151 710 3212 ἑαυτοὺς,
740 3134 1031 3215 ἐπιϐουλήν
1070 3134 1569 3216 μοι’σκευὰζοντες.

375 3239 518 3310 Ἐγὼ
543 3239 614 3292 δὲ
643 3237 785 3291 ὡσεὶ
828 3237 1026 3305 κωφὸς
1059 3238 1169 3289 οὐκ
1196 3233 1423 3302 ἤκουον
1446 3273 1460 3297 ,
1502 3232 1595 3285 καὶ
1617 3232 1685 3284 τὰ
1717 3229 1863 3299 ἐξῆς.

302 3330 483 3384 Ταῦτα
504 3369 522 3394 ,
555 3328 752 3398 φησὶν,
782 3326 1082 3392 λαλούντων
1112 3324 1288 3377 αὐτῶν
1307 3363 1321 3387 ,
1348 3322 1467 3375 οὐδέ
1496 3321 1712 3375 ἀκούειν
1757 3321 1869 3373 ἐδό-

300 3437 443 3486 κουν,
474 3417 598 3471 οὐδὲ
631 3416 808 3469 λαλεῖν
835 3416 953 3486 τῆς,
980 3414 1289 3486 παρρησίας
1321 3429 1420 3483 μου
1455 3411 1543 3465 διὰ
1572 3411 1669 3482 τῆς
1700 3412 1869 3481 ἀμαρ-

303 3510 418 3571 τίας
454 3506 833 3578 ἀφῃρημένης.

371 3595 502 3646 Ὀτι
529 3592 629 3646 ἐπὶ
655 3591 773 3654 σοὶ,
798 3592 995 3659 Κύριε,
1023 3590 1256 3657 ἤλπισα
1286 3627 1300 3641 .
1338 3628 1351 3642 .
1384 3627 1397 3641 .
1427 3587 1516 3641 ὅτι
1542 3583 1680 3641 εἶπα
1699 3603 1715 3617 ⁸
1744 3586 1871 3654 Μνή-

302 3697 439 3738 τοτε
460 3680 793 3751 ἑπιχαρῶσί
813 3698 913 3750 μοι
946 3683 999 3735 oi
1027 3680 1228 3747 ἐχθροί
1258 3670 1397 3748 μου.
1430 3677 1551 3730 Τῶν
1580 3677 1867 3752 τοσούτων,

306 3773 454 3841 φησὶ,
487 3770 808 3841 συμϐάντων
837 3768 1042 3832 κακῶν,
1076 3768 1202 3838 μίαν
1224 3766 1331 3836 ἐχω
1362 3765 1632 3837 σωτηρίας
1660 3763 1869 3826 ἐλπίδα,

304 3861 396 3929 τὴν
423 3859 489 3910 ἐκ
516 3858 610 3911 σοῦ
639 3856 1007 3926 γενησομένην
1040 3872 1128 3923 μοι
1156 3854 1492 3924 ἐπικουρίαν.

368 3949 476 4001 Kal
515 3948 584 4002 ὲν
607 3945 688 4011 τῷ
714 3945 1087 4013 σαλευθῆναι
1116 3944 1306 4010 πόδας
1335 3961 1452 4012 μου
1483 3942 1573 3995 ἐπ’
1600 3942 1704 4009 ἐμὲ
1739 3939 1870 4007 ἐμε-

305 4039 861 4107 τπλοῤῥημόνησαν.
894 4037 1052 4103 Μέγα
1071 4076 1086 4099 ,
1117 4035 1250 4104 φησὶ
1269 4074 1282 4097 ,
1313 4034 1511 4086 δέδωκε
1543 4033 1756 4102 φρονεῖν
1786 4031 1875 4082 ait-

305 4128 427 4190 τοὺς
449 4129 571 4180 κατ’
590 4125 724 4197 ἐμοῦ
749 4129 783 4196 ἡ
807 4126 1052 4196 ἁμαρτία
1076 4123 1387 4193 σαλεύσασὰ
1408 4140 1509 4193 μου
1531 4122 1657 4185 τοὺς
1686 4120 1875 4182 πόδας.

371 4326 503 4379 Ὀτι
553 4324 671 4394 ἐγὼ
716 4326 804 4391 εις
830 4322 1125 4393 μάστιγας
1179 4320 1442 4393 ἕτοιμος,
1477 4317 1572 4371 καὶ
1601 4314 1877 4385 ἀλγηδών

1952 548 2306 619 profundam,
2335 546 2409 601 ob
2447 543 2701 599 acerbum
2731 540 2898 594 animi
2936 537 3197 591 dolorem.
3232 534 3515 600 Quamob-

1950 653 2097 705 rem,
2161 645 2371 691 mutato
2419 630 2880 702 concupiscentiae
2931 643 3073 693 usu,
3138 624 3511 679 administram

1951 744 2071 783 eam
2104 726 2300 782 divinae
2336 724 2632 780 voluntatis
2662 718 2941 776 constitui.
2962 716 3076 771 Hoc
3111 715 3255 771 enim
3284 715 3467 783 adjicit
3496 753 3511 768 .

1951 817 2243 887 Rugiebam
2279 833 2312 869 a
2345 816 2539 885 gemitu
2570 813 2743 866 cordis
2772 811 2889 863 mei.
2920 807 3209 878 Castigans
3233 806 3528 860 conscien—A

1952 907 2081 961 tiam
2113 920 2314 972 meam,
2346 905 2398 959 id
2429 902 2720 958 cilicit‘batn
2757 908 2816 953 ut
2850 913 2944 952 cor
2978 896 3032 950 in
3072 895 3303 966 gemitus
3330 906 3521 947 erum~

1951 1006 2122 1065 pet-et.
2358 984 2365 991 ’
3169 1056 3174 1063 υ

2025 1087 2114 1141 10.
2158 1085 2225 1139 Et
2260 1085 2479 1155 gemitus
2522 1098 2664 1136 meus
2710 1096 2743 1133 a
2795 1088 2841 1132 te
2884 1094 2985 1132 non
3034 1083 3110 1129 est
3157 1073 3511 1128 absconditus.

1956 1177 2313 1243 Pwnitentiaa,
2351 1174 2550 1244 inquit,
2597 1170 2927 1227 desiderium
2954 1182 3137 1223 coram
3183 1175 3233 1221 te
3270 1165 3512 1218 sistatur.

1957 1270 2093 1325 Toto
2140 1268 2409 1324 desiderio
2455 1266 2680 1321 salutem
2727 1260 2988 1328 consequi
3028 1267 3238 1327 expeto.
3292 1253 3514 1324 Ecquod

1955 1358 2281 1415 desiderium
2314 1354 2564 1411 Christi?
2598 1352 2805 1409 Pascha
2848 1350 3019 1408 nostri
3054 1362 3217 1403 causa
3262 1360 3515 1401 consum-

1955 1462 2105 1502 mare
2133 1448 2201 1499 “.

2026 1539 2112 1592 11.
2165 1536 2270 1591 Cor
2314 1551 2483 1589 meum
2532 1531 2901 1587 conturbatum
2955 1537 3064 1594 est,
3110 1526 3386 1596 dereliquit
3435 1539 3518 1577 me

1914 1629 2121 1683 .tn'rtus
2169 1642 2305 1681 mea.
2353 1624 2462 1679 Cor
2512 1623 2746 1693 appellat
2790 1621 2897 1674 vim
2933 1620 3129 1674 anima:
3174 1614 3511 1671 rationalem.

1956 1720 2026 1774 Et
2064 1719 2238 1772 lumen
2263 1717 2532 1772 oculorum
2562 1729 2814 1776 meorum,
2854 1720 2903 1765 et
2945 1712 3115 1780 ipsum
3154 1726 3257 1763 non
3295 1717 3369 1759 est
3412 1720 3517 1757 me-

513 1801 587 1854 Τδ
616 1802 731 1870 φῶς
760 1801 869 1855 τῶν
894 1781 1186 1870 ὀφθαλμῶν
1213 1802 1273 1855 τὸ
1303 1801 1516 1872 πνεῦμα
1551 1801 1611 1853 τὸ
1653 1798 1854 1868 ἐκλάμ-

1981 1825 2097 1864 λιιηι.
2123 1808 2330 1862 Lumen
2372 1805 2654 1881 oculorum
2684 1804 2813 1857 dicit
2846 1801 3096 1870 spiritum
3133 1797 3297 1851 animi
3343 1794 3518 1849 oculis

1956 1900 2375 1954 illucescentem.

2028 1990 2113 2043 12.
2144 1989 2318 2041 Amici
2366 1986 2466 2040 mei
2506 1995 2555 2038 et
2596 1983 2824 2053 proximi
2863 1980 2963 2033 mei
2997 1978 3267 2032 adversum
3308 1988 3389 2026 me
3423 1987 3519 2040 ap-

1954 2078 2431 2146 propinquaverunt
2478 2082 2526 2126 et
2562 2079 2834 2125 steterunt.
2893 2067 3028 2120 Cum
3078 2066 3251 2135 plagis
3294 2061 3520 2115 affectus

1957 2185 2133 2225 essem
2155 2207 2171 2234 ,
2206 2167 2416 2236 inquit,
2443 2165 2773 2219 obstiterunt
2821 2162 2976 2216 mihi.
3010 2159 3134 2213 Ha‘c
3179 2167 3358 2211 autem
3391 2151 3521 2225 dicit

1959 2264 2176 2325 propter
2218 2254 2476 2307 Absalom
2520 2260 2574 2305 et
2618 2249 2959 2318 Achitophel.
3012 2247 3081 2300 Et
3129 2246 3217 2317 qui
3245 2245 3405 2313 juxta
3444 2256 3523 2294 me

1959 2352 2105 2395 erant
2135 2342 2200 2394 de
2231 2341 2387 2408 longe.
2411 2338 2690 2391 steterunt.
2738 2334 2928 2404 Angeli
2960 2334 3104 2387 enim
3154 2332 3246 2400 qui
3290 2329 3524 2383 auxilia-

1961 2432 2157 2491 bantur
2183 2429 2283 2493 illi,
2320 2427 2522 2498 peccati
2553 2441 2716 2480 causa
2743 2424 3149 2491 dereliquerunt
3187 2420 3359 2472 illum.
3391 2416 3525 2470 For-

1960 2521 2124 2574 tassis
2151 2527 2205 2573 et
2237 2527 2439 2572 sanctae
2471 2517 2701 2569 virtutes
2742 2513 3000 2566 secedunt
3042 2510 3095 2562 in
3128 2518 3369 2575 tempore
3403 2514 3522 2558 ten-

1963 2609 2186 2664 tationis
2228 2608 2295 2661 ad
2327 2605 2517 2660 tentati
2552 2603 2929 2673 probationem
2958 2608 3014 2654 et
3055 2596 3485 2666 experimentum
3506 2634 3522 2657 ,

1963 2708 2057 2753 aut
2085 2697 2332 2752 fortassis
2357 2696 2420 2749 ad
2446 2694 2806 2762 punitioncm.

2034 2789 2122 2842 15.
2180 2786 2250 2839 Et
2299 2786 2403 2838 vim
2454 2783 2717 2852 faciebant
2778 2781 2868 2850 qui
2932 2777 3231 2848 quarebant
3292 2775 3527 2827 animum

1964 2893 2152 2931 meam.
2193 2870 2705 2942 Derclinquentibus
2743 2870 2920 2939 ipsum
2951 2866 3157 2936 angelis
3203 2865 3331 2917 hinc
3367 2862 3531 2915 velte-

1968 2969 2200 3023 mentitis
2247 2965 2527 3018 irruebant
2578 2961 2874 3014 daemones.
2927 2957 3000 3010 Et
3049 2956 3138 3025 qui
3196 2950 3528 3023 inquirebant

1968 3056 2107 3109 mala
2154 3054 2282 3107 mihi
2329 3051 2493 3105 locuti
2541 3057 2664 3103 sunt
2714 3049 2990 3101 vanitates.
3028 3044 3213 3097 Mutuo
3256 3042 3530 3109 colloque-

1967 3148 2184 3210 bantur,
2217 3143 2413 3211 inquit,
2448 3146 2702 3210 parantes
2732 3136 2958 3190 insidias
2992 3133 3145 3185 mihi.

2038 3233 2124 3286 14.
2171 3230 2282 3300 Ego
2323 3238 2499 3282 autem
2544 3236 2796 3296 tanquam
2842 3224 3033 3276 surdus
3080 3236 3179 3273 non
3225 3219 3527 3281 audiebam,

1968 3333 2071 3378 etc.
2101 3321 2235 3375 Dum
2264 3322 2407 3383 haec,
2456 3316 2665 3387 inquit,
2698 3315 2775 3367 illi
2807 3314 3183 3380 loquerentur,
3214 3323 3313 3362 nec
3343 3307 3534 3360 audire

1969 3430 2068 3470 nec
2088 3413 2237 3483 loqui
2263 3409 2505 3475 videbar,
2527 3407 2703 3461 ablata
2730 3404 2863 3459 mihi
2890 3418 2983 3472 per
3005 3409 3284 3481 peccatum
3312 3397 3529 3452 ﬁducia.

2041 3585 2128 3640 16.
2162 3583 2422 3648 Quoniam
2448 3582 2502 3634 in
2537 3587 2605 3642 te,
2637 3576 2856 3630 Dontine
2879 3616 2893 3636 ,
2927 3573 3197 3641 speravi...
3231 3571 3354 3642 quia
3380 3568 3538 3625 dixi:

1974 3675 2055 3729 Ne
2082 3676 2294 3743 quando
2331 3672 2750 3740 supergaudeant
2786 3665 2913 3717 mihi
2945 3665 3140 3717 inimici
3170 3663 3288 3715 mei.
3323 3657 3535 3722 Tantis,

1973 3764 2169 3833 inquit,
2207 3743 2574 3816 accidentibus
2605 3757 2793 3819 malis,
2828 3770 2935 3807 una
2962 3761 3218 3821 superest
3247 3750 3381 3803 mihi
3410 3763 3541 3818 spes

1973 3855 2190 3916 salutis,
2223 3851 2486 3905 auxilium
2515 3849 2721 3904 scilicet
2750 3861 2912 3916 unum
2952 3844 3085 3896 mihi
3119 3841 3438 3895 affuturum.

2044 3943 2131 3996 17.
2160 3941 2228 3994 Et
2260 3942 2385 3994 dum
2414 3950 2799 3993 commoventur
2825 3907 2976 4004 pcdes
3003 3937 3101 3986 mei
3135 3947 3287 4000 super
3317 3946 3397 3983 me
3421 3945 3539 3982 ma-

1977 4050 2079 4103 gna
2110 4032 2275 4086 locuti
2303 4039 2446 4083 sunt.
2489 4029 2777 4083 Peccatum
2804 4065 2819 4090 ,
2849 4024 3053 4093 inquit,
3084 4036 3262 4076 meum
3294 4012 3540 4075 commo-

1976 4139 2111 4178 vens
2144 4123 2310 4192 pedes
2343 4135 2494 4175 meos
2538 4119 2591 4172 in
2623 4132 2787 4173 causa
2824 4116 2923 4169 fuit
2961 4123 3019 4169 ut
3066 4114 3204 4168 altos
3248 4112 3538 4168 adversum

1977 4228 2064 4267 me
2089 4211 2314 4280 spiritus
2344 4216 2704 4265 assumerent.

2050 4279 2142 4357 18.
2170 4301 2435 4367 Quoniam
2466 4316 2558 4368 ego
2607 4300 2658 4353 in
2694 4297 2907 4367 ﬂagella
2950 4305 3170 4365 paratus
3203 4310 3339 4359 sum,
3367 4302 3415 4348 et
3444 4279 3541 4351 do-

305 4433 416 4484 μου
443 4385 700 4467 ἐνώπιόν
718 4385 846 4480 μσῦ
865 4413 996 4464 ἐστι
1023 4385 1364 4474 διαπαντδς.
1387 4385 1603 4469 νἨδέως
1630 4404 1865 4475 δέχεσθαι

1985 4394 2066 4447 lor
2088 4409 2230 4446 meus
2264 4393 2318 4444 in
2359 4400 2636 4459 conspectu
2664 4404 2775 4440 meo
2801 4403 3017 4456 semper.
3050 4385 3303 4439 Libenter
3328 4398 3386 4439 se
3414 4398 3545 4446 (ξομ.

310 4507 402 4578 τὴν
432 4502 856 4575 ἐπιστρεπτικὴν
882 4501 1126 4554 παιδείαν
1152 4499 1332 4570 φησίν.

378 4682 507 4734 Ὅτι
544 4681 660 4747 τὴν
683 4679 933 4747 ἀνομίαν
975 4694 1093 4746 μου
1137 4674 1251 4744 ἐγὼ
1284 4670 1608 4741 ἀναγγελῶ,
1638 4669 1735 4723 καί
1776 4687 1881 4739 με·

306 4770 575 4839 ριμνήσω
621 4769 774 4836 ὑπὲρ
822 4766 930 4834 τῆς
985 4767 1270 4835 ἁμαρτίας
1308 4781 1444 4833 μου.
1493 4762 1590 4815 Διὰ
1630 4761 1692 4831 δὴ
1723 4760 1881 4813 τοῦτο

249 4916 256 4921 ,
314 4863 612 4931 κατήγορος
653 4859 891 4930 ἐμαυτοῦ
925 4860 1163 4929 γίνομαι,
1187 4858 1281 4910 καὶ
1300 4857 1479 4908 πᾶσαν
1506 4854 1758 4925 φροντίδα
1784 4853 1882 4923 τῆς

318 4953 520 5021 ὑγιείας
552 4953 871 5021 ποιήσομαι.

383 5046 445 5095 οἱ
472 5041 541 5095 δὲ
558 5030 762 5109 ἐχθροί
789 5058 910 5109 μου
937 5038 1094 5101 ζῶσι,
1122 5038 1221 5093 καί
1248 5036 1700 5107 κεκραταίωντᾳι
1732 5033 1882 5101 ὑπὲρ

316 5133 430 5202 ἐμέ.
463 5133 677 5193 Καίτοι,
702 5131 858 5202 φησὶ,
893 5132 966 5202 μὴ
989 5130 1399 5199 ἀνεπαισθήτως
1419 5128 1556 5198 ἔχων
1582 5128 1681 5196 τῆς
1706 5128 1884 5196 ἁμαρ-

316 5222 448 5286 τίας,
472 5222 609 5275 ἀλλὰ
632 5220 909 5291 μεριμνῶν
938 5222 1065 5291 περὶ
1089 5219 1260 5289 αὐτῆς
1290 5220 1599 5282 διαπαντὸς,
1625 5217 1736 5288 ὁρῶ
1757 5217 1884 5277 τοὺς

318 5313 535 5384 ἐχθρούς
572 5329 675 5382 μου
701 5328 960 5381 κραταιου
970 5311 1179 5381 μένους.
1217 5306 1372 5364 υῦτοι
1395 5310 1448 5363 δὲ
1472 5312 1519 5363 oi
1547 5309 1749 5380 ἐχθροὶ,
1783 5324 1885 5378 μη-

317 5400 398 5456 δέν
430 5403 613 5457 ἄδικον
654 5403 786 5472 παρ’
814 5401 948 5470 ἐμοῦ
979 5400 1305 5463 πεπονθότες
1325 5440 1339 5463 ,
1370 5398 1745 5461 uesanam;
1782 5414 1882 5468 μου

317 5494 407 5565 τὴν
425 5492 738 5566 ἁμαρτίαν,
776 5492 870 5546 καὶ
918 5492 1189 5563 πρόφασιν
1229 5490 1398 5563 αὐτὴν
1444 5490 1751 5560 ποιούμενοι
1791 5489 1884 5543 τοῦ

378 5678 425 5712 ’⁸
444 5677 581 5734 Luc.
623 5693 764 5742 uti,
796 5677 881 5732 15.

1982 4483 2281 4551 reptionem
2308 4479 2654 4536 conversioni
2677 4493 2790 4534 suae
2812 4476 3272 4531 accommodatam
3292 4472 3553 4542 excipere

1978 4571 2262 4626 tcstiticatu
2272 4587 2315 4623 r.

2055 4659 2142 4713 19.
2196 4659 2459 4725 Quoniam
2506 4658 2841 4727 iniquitatem
2880 4670 3049 4707 meam
3088 4651 3442 4715 annuntiabo,
3493 4659 3551 4704 et

1981 4753 2222 4819 cngitubo
2257 4767 2353 4819 pro
2401 4760 2612 4818 peccato
2645 4765 2778 4802 meo.
2822 4746 3112 4815 Propterea
3151 4755 3205 4798 et
3242 4744 3345 4798 mei
3378 4756 3542 4797 accu-

1984 4850 2134 4894 sator
2180 4856 2340 4905 sum,
2374 4850 2430 4895 et
2472 4839 2679 4893 nullam
2726 4851 2837 4891 non
2886 4835 3080 4890 salutis
3124 4832 3547 4889 sollicitudinem

1982 4946 2188 5002 geram.

2050 5021 2140 5075 20.
2185 5019 2400 5077 Inimici
2432 5028 2607 5073 autem
2639 5018 2740 5071 mei
2772 5017 2976 5083 vivunt,
3005 5024 3056 5070 et
3098 5013 3397 5084 conﬁrmati
3421 5018 3548 5064 sunt

1984 5129 2140 5182 super
2170 5128 2270 5165 me.
2316 5110 2453 5175 Etsi,
2480 5110 2686 5178 inquit,
2713 5124 2819 5163 non
2847 5109 2966 5163 sine
2994 5123 3155 5163 sensu
3182 5102 3384 5175 peccati
3416 5101 3545 5163 sim,

1984 5202 2079 5258 sed
2119 5203 2186 5256 de
2230 5202 2350 5270 ipso
2402 5215 2616 5269 semper
2666 5199 2863 5253 anxius
2906 5199 3041 5262 sim,
3094 5198 3248 5249 video
3292 5192 3543 5246 inimicos

1988 5308 2142 5347 meos
2173 5292 2320 5345 vires
2344 5292 2675 5359 sumpsisse,
2702 5291 2793 5358 qui
2826 5305 2950 5344 cum
2982 5287 3116 5341 nihil
3147 5283 3359 5351 injuria:
3396 5298 3425 5335 a
3457 5295 3545 5334 me

1985 5382 2133 5452 passi
2160 5382 2289 5445 sint,
2310 5390 2588 5450 peccatum
2613 5379 3004 5447 exprobrantes
3035 5386 3237 5435 meum,
3258 5370 3546 5438 ipsuman

1984 5490 2080 5531 ceu
2121 5472 2464 5529 occasionem
2497 5470 2620 5525 belli
2659 5474 2848 5523 contra
2879 5478 2966 5518 me
3007 5459 3227 5531 gerendi
3271 5456 3549 5528 accipien-
