3976 6220
384 342 489 398 187
834 356 843 357 ί
1225 338 1282 394 S.
1319 336 1691 393 ATHANASLI
1730 336 1879 393 OPP.
1923 339 1944 392 Ι

2055 339 2102 394 8
2138 339 2225 394 lll.
2265 370 2336 382 --
2371 340 2786 399 EXEGETICA.
3515 340 3620 399 188

381 464 486 513 tes,
520 466 604 505 me
627 449 1111 520 persequebantur,
1141 465 1199 503 se
1233 450 1356 519 jure
1387 466 1450 504 ac
1478 460 1670 506 merito
1700 450 1749 503 id
1787 465 1944 519 agere

2055 451 2170 504 κατ’
2205 451 2337 521 ἐμοῦ
2372 452 2631 523 πολέμου,
2673 452 2999 507 κατεδίωκόν
3030 468 3120 522 με,
3160 451 3345 506 δίκαια
3373 452 3624 522 λέγοντες

377 543 708 613 jactitantes.
749 542 982 610 Ideoque
1012 541 1187 596 factus
1213 542 1355 610 apud
1401 542 1524 596 illos
1557 557 1655 596 ceu
1698 551 1944 596 mortuus

2055 545 2235 595 ποιεῖν.
2258 543 2554 613 Τοιγαροῦν
2575 544 2669 597 καὶ
2686 545 2981 614 γεγένημαι
3003 545 3131 613 παρ’
3148 543 3328 607 αὐτοῖς
3344 544 3419 608 ὡς
3432 545 3623 616 νεκρὸς

380 635 760 689 abominabilis
808 652 823 688 :
868 642 1194 703 quapropter
1239 635 1467 687 obsecro
1517 642 1569 685 te
1616 631 1903 685 Dominum
1930 670 1944 694 ,

2055 634 2430 705 ἑϐδελυγμένος
2451 653 2463 667 ·
2499 636 2578 688 διὸ
2599 635 2663 706 δὴ
2705 636 2798 689 καὶ
2827 636 3039 705 δέομαι,
3080 635 3140 687 σὲ
3176 635 3267 687 τὸν
3300 636 3503 706 Κύριον
3547 637 3622 706 μὴ

379 742 448 778 ne
484 727 734 780 discedas
775 742 806 779 a
854 743 974 790 me;
1014 726 1109 780 sed
1160 740 1416 795 properes
1461 725 1640 794 potius
1677 723 1742 777 ad
1788 723 1944 776 auxi-

2055 726 2348 795 ἀποστῆναι
2372 727 2465 779 ἀπ’
2496 727 2628 796 ἐμοῦ
2648 743 2661 757 ο
2690 726 2919 781 σπεῦσαι
2949 727 3004 780 δὲ
3042 726 3241 797 μᾶλλον
3267 728 3344 789 εἰς
3373 725 3472 796 τὴν
3504 725 3625 796 βοή-

381 817 513 872 lium
544 820 700 874 nobis
730 817 1033 872 ferendum.

2055 813 2197 866 θειαν
2228 813 2327 883 τὴν
2359 815 2654 886 ἡμετέραν.

447 909 538 964 2|.
570 909 653 963 Ne
683 909 1011 979 derelinquas
1039 925 1147 973 me,
1188 907 1410 961 Domine
1463 905 1602 960 Deus
1662 921 1843 970 meus,
1884 914 1989 958 etc.
2031 903 2218 957 Daniel
2256 904 2580 959 Barbarus‘:
2626 905 2862 960 Possunt
2925 905 3175 960 homines
3222 920 3361 974 quos
3413 915 3624 958 natura:

380 1001 561 1069 inopia
606 1000 673 1053 ad
720 1000 885 1054 Deum
934 1000 1254 1069 placandum
1315 998 1576 1067 impellit;
1629 999 1744 1053 haec
1783 1014 1880 1067 pro
1927 1000 2121 1068 seipsis
2159 1014 2360 1054 orare:
2396 998 2489 1053 sed
2556 997 2809 1053 Christus
2848 998 2893 1052 si
2955 1012 3139 1052 secum
3181 996 3391 1051 Patrem
3426 997 3620 1061 habet,

378 1093 605 1146 salutem
645 1094 925 1147 hominum
963 1100 1221 1158 tanquam
1253 1090 1526 1159 propriam
1561 1090 1726 1156 petit,
1761 1090 1854 1157 qui
1913 1099 1965 1144 ct
2025 1093 2136 1156 ipse
2170 1091 2745 1159 quoque'prtitionem
2815 1090 2955 1144 hanc
3006 1088 3303 1143 secundum
3346 1088 3618 1142 divinitati

378 1185 725 1253 cmijuuctam
791 1186 1180 1237 humanitatem
1225 1192 1479 1251 tauquam
1525 1197 1679 1236 suam
1730 1182 1832 1235 sibi
1892 1183 2099 1236 tribuit.
2150 1181 2263 1236 Hoc
2299 1196 2427 1235 vero
2467 1180 2569 1235 fuit
2604 1180 2655 1234 id
2699 1180 2843 1249 quod
2904 1180 3053 1234 carni
3115 1192 3502 1249 compactum,
3565 1191 3623 1233 et

375 1276 659 1331 affectibus
686 1275 983 1328 obnoxium
1016 1272 1151 1336 fuit,
1186 1288 1308 1327 cum
1349 1272 1553 1341 alioqui
1597 1271 1938 1325 divinitatem
2000 1284 2186 1327 serum
2239 1270 2468 1324 haberet
2501 1285 2623 1338 quae
2669 1268 2987 1338 petitionem
3015 1267 3160 1323 illius
3191 1277 3365 1322 ratam
3396 1268 3621 1328 faceret.

379 1393 431 1444 1.
462 1384 808 1459 ΡΒΑΙΑΜΠΞ
850 1382 1185 1438 XXXVIII.
1250 1381 1315 1436 In
1355 1384 1532 1451 ﬁnem,
1574 1382 1676 1451 ipsi
1710 1379 1944 1435 Mil/tum

2146 1380 2459 1457 ΨΑΛΜΟΣ
2496 1379 2625 1435 ΑΠ’.
2678 1382 2782 1446 Εἰς
2819 1379 2885 1434 τὸ
2930 1380 3124 1447 τέλος,
3163 1380 3406 1453 Ἰδιθοὺμ
3441 1383 3565 1452 ᾠδὴ

900 1475 1179 1531 Canticum
1228 1473 1420 1527 David.

2682 1472 2758 1537 τῷ
2789 1472 2988 1527 Δαυΐδ.

576 1626 579 1629 _
963 1565 1366 1631 Argumentum.

380 1659 544 1713 Sacer
563 1667 754 1713 cantor
782 1672 906 1711 cum
938 1663 1082 1708 esset
1115 1652 1348 1706 lditbum
1378 1661 1432 1707 et
1455 1652 1766 1721 prapbetica
1793 1665 1951 1706 coro-

2684 1563 3003 1630 Ὑπόθεσις.

2061 1652 2405 1724 Ἰεροψάλτης
2432 1651 2694 1724 ὑπάρχων
2738 1652 2990 1723 Ἰδιθοὺμ,
3029 1654 3122 1706 καί
3162 1657 3472 1726 προφητικῇ
3518 1656 3629 1726 χά-

450 1756 608 1801 natus
632 1747 826 1816 gratia,
860 1746 1134 1799 canticum
1174 1742 1340 1797 refert
1363 1743 1428 1795 ad
1463 1758 1749 1811 personam
1779 1743 1944 1812 ipsius

2126 1760 2231 1814 ριτι
2272 1742 2722 1813 κατεστεμμένος,
2756 1743 2897 1814 tjoaijv
2929 1742 3306 1808 ἀναϐάλλεται,
3339 1761 3627 1817 προσωπο-

448 1837 638 1904 David,
668 1845 1066 1905 repraesentans
1102 1835 1252 1889 illum
1288 1834 1632 1889 conﬁtentem
1667 1843 1949 1904 peccatum

447 1945 627 1983 suum.

446 2022 502 2075 2.
547 2021 674 2073 Dixi
698 2019 1170 2075 :Custodiamvias
1206 2035 1367 2073 nicas.
1403 2017 1633 2072 Evidens
1649 2018 1953 2073 conﬁrmati

376 2113 560 2168 cordis
593 2120 994 2181 argumentum.
1038 2110 1200 2163 Posui
1233 2111 1315 2162 ori
1346 2126 1456 2162 meo
1487 2111 1806 2174 custodiam,
1833 2126 1953 2164 cum

377 2204 678 2256 consisteret
723 2210 964 2271 peccator
1000 2201 1273 2253 adversum
1326 2200 1727 2257 me.-Astantcs
1770 2212 1948 2255 autem

376 2293 482 2362 ipsi
541 2292 853 2362 spirituales
903 2292 1141 2357 inimici,
1214 2301 1495 2360 peccatum
1548 2292 1953 2362 exprobrabant

447 2475 499 2527 3.
545 2473 818 2538 Obmutui,
855 2484 903 2527 et
929 2474 1239 2527 humiliatus
1274 2491 1412 2537 sum,
1467 2485 1518 2528 et
1554 2474 1680 2529 silui
1715 2491 1746 2527 a
1780 2474 1949 2528 bonis.

373 2565 671 2629 Conviciis,
691 2567 786 2630 ait,
806 2566 1082 2634 impetitus
1104 2580 1209 2619 non
1236 2566 1483 2620 convicia
1505 2566 1816 2631 reddebam,
1836 2583 1952 2620 cer-

374 2668 511 2707 nens
556 2669 642 2708 me
683 2655 841 2708 bonis
875 2655 1162 2709 excidisse.
1208 2655 1273 2708 Et
1309 2657 1465 2710 dolor
1489 2673 1631 2711 meus
1670 2666 1951 2712 renovatus

372 2751 469 2794 est.
519 2740 626 2796 Pro
657 2744 1011 2810 responsione
1046 2744 1110 2797 ad
1158 2760 1252 2799 eos
1279 2746 1373 2813 qui
1417 2761 1503 2799 me
1528 2746 1793 2800 conviciis
1822 2762 1954 2801 one-

377 2832 590 2894 rabant,
632 2843 849 2900 peccata
877 2835 1010 2887 mihi
1035 2835 1137 2904 ipsi
1163 2836 1483 2889 revocaham
1521 2837 1574 2889 in
1609 2837 1949 2890 memoriam.

377 2920 635 2977 Memoria
682 2933 861 2977 autem
898 2926 1101 2993 peccati
1145 2926 1304 2995 quasi
1342 2926 1484 2996 ignis
1525 2926 1579 2979 in
1626 2926 1790 2981 corde
1833 2943 1953 2982 meo

374 3024 511 3067 erat.
620 3043 629 3063 .-

2122 1836 2302 1889 ποιίαν
2331 1835 2596 1905 εἰσφέρων
2624 1834 2788 1888 αὑτοῦ
2817 1834 2908 1888 τοῦ
2938 1834 3104 1889 Δαυῒδ
3132 1833 3623 1908 ὲξομολογουμὲνου

2122 1928 2214 1980 ἐπὶ
2266 1929 2332 1997 τῇ
2378 1926 2644 1997 ἁμαρτίᾳ.

2118 2014 2290 2070 Εἴπω·
2322 2015 2574 2079 Φυλάξω
2592 2016 2698 2080 τὰς
2732 2014 2911 2080 ὁδούς
2937 2032 3076 2084 μου.
3118 2015 3413 2081 Ἀπόδειξις
3444 2018 3626 2089 σαφὴς

2053 2106 2346 2178 ἱδρυμένης
2386 2105 2631 2176 καρδίας.
2677 2105 2927 2173 Ἐθέμην
2955 2102 3035 2169 τῷ
3073 2106 3324 2175 στόματι
3348 2123 3466 2175 μου
3511 2124 3628 2176 φυ-

2049 2197 2251 2265 λακὴν
2271 2199 2339 2251 ἐν
2367 2194 2446 2262 τῷ
2473 2196 2775 2263 συστῆναι
2811 2194 2918 2248 τὸν
2949 2197 3303 2264 ἁμαρτωλὸν
3344 2199 3627 2253 ἐναντίον

2045 2306 2186 2357 μου.
2214 2288 2616 2360 Παριστάμενοι
2638 2287 2747 2358 γὰρ
2777 2285 2925 2355 αὐτῷ
2948 2288 2995 2338 οἱ
3028 2290 3209 2357 νοητοὶ
3241 2287 3445 2359 ἐχθροὶ,
3463 2289 3623 2341 ὠνεί-

2049 2378 2193 2443 διζον
2215 2377 2378 2431 αὐτοῦ
2397 2378 2494 2447 τὴν
2525 2376 2813 2448 ἁμαρτίαν.

2136 2466 2507 2535 Ἐκωφώθηη
2537 2466 2633 2519 καὶ
2664 2465 3087 2533 ἐταπεινώθην,
3126 2465 3222 2519 καὶ
3260 2465 3517 2535 ἐσίτησα
3550 2468 3622 2533 ἐξ

2053 2556 2308 2628 ἀγαθῶν.
2356 2557 2791 2629 Λοιδορούμενος,
2820 2558 3003 2627 φησὶν,
3043 2556 3146 2609 οὐκ
3195 2557 3618 2629 ἀντελοιδόρουν,

2055 2648 2279 2702 συνιδὼν
2301 2649 2398 2719 τὴν
2428 2649 2698 2702 ἔκπτωσίν
2748 2666 2849 2719 μου
2874 2647 2981 2701 τῶν
3016 2648 3258 2717 ἀγαθῶν.
3287 2649 3394 2703 Kal
3419 2649 3482 2702 τὸ
3508 2647 3621 2702 ἆλ-

2053 2738 2211 2809 γημὰ
2231 2757 2350 2809 μου
2374 2740 2783 2805 ἀνεκαινίσθη.
2819 2738 2963 2791 Ἀντὶ
3000 2737 3093 2790 τοῦ
3129 2736 3305 2806 λέγειν
3338 2737 3471 2809 πρὸς
3496 2738 3623 2801 τοὺς

2056 2830 2448 2902 λοιδοροῦντας,
2476 2831 2575 2901 τῆς
2626 2828 2897 2899 ἁμαρτίας
2943 2829 3349 2899 ἀνεμίμνησκον
3372 2828 3616 2901 ἐμαυτῷ.

2064 2922 2132 2974 Ἦ
2164 2921 2221 2974 δὲ
2257 2922 2444 2990 μνήμη
2470 2920 2571 2990 τῆς
2601 2920 2873 2991 ἁμαρτιας
2913 2914 3002 2974 οἷα
3046 2919 3156 2990 πῦρ
3208 2920 3333 2991 περὶ
3362 2920 3458 2991 τὴν
3486 2937 3627 2992 καρς

2051 3010 2168 3064 δίαν
2196 3028 2294 3079 μου
2317 3010 2547 3078 ἐγένετο.

443 3102 496 3155 4.
538 3100 606 3155 Et
648 3104 703 3156 in
743 3104 1081 3159 meditatione
1130 3121 1245 3158 mea
1283 3105 1583 3181 exardesret
1612 3107 1766 3175 ignis.
1810 3080 1944 3162 Dum

2120 3101 2229 3156 Καὶ
2257 3102 2326 3154 ἐν
2358 3100 2435 3164 τῇ
2471 3099 2694 3169 μελέτῃ
2721 3117 2840 3170 μου
2871 3098 3312 3166 ἐκκαυθήσεται
3343 3099 3483 3169 πῦρ.
3531 3100 3618 3154 Ἐν

376 3194 693 3246 memoriam
726 3196 933 3263 peccati
958 3196 1301 3256 revocabam.
1325 3195 1703 3251 inﬂammabar
1730 3198 1874 3269 igne.

435 3367 489 3421 5.
508 3364 741 3421 Locutus
780 3384 895 3420 sum
921 3370 975 3421 in
999 3368 1181 3438 lingua
1200 3385 1336 3433 mea,
1358 3379 1461 3424 etc.
1485 3369 1642 3435 Illud,
1663 3373 1717 3425 in
1740 3372 1943 3443 lingua,

373 3457 530 3526 quasi
566 3458 737 3523 dicas,
774 3458 1009 3513 demissa
1037 3475 1163 3514 voce
1191 3469 1245 3513 οι
1273 3462 1429 3530 quasi
1465 3463 1822 3529 susurrando,
1850 3480 1948 3519 nec

373 3546 441 3600 ad
481 3549 695 3615 _mu|tos
741 3562 1048 3603 sermonem
1101 3550 1401 3618 proferens.
1441 3552 1714 3607 Caeterum
1763 3569 1947 3609 sermo

372 3636 464 3690 ille
494 3638 845 3707 interrogatio
867 3648 985 3693 erat
1013 3640 1080 3695 de
1101 3641 1292 3696 diebus
1323 3644 1414 3712 qui
1449 3645 1549 3714 ipsi
1580 3656 1944 3714 superessent.

373 3725 765 3782 Sciscitabatur
794 3738 995 3789 autem.
1023 3732 1163 3786 scire
1192 3742 1484 3803 peroplans
1520 3752 1648 3789 num
1677 3737 1778 3806 ipsi
1812 3738 1946 3793 resi-

371 3818 539 3872 duum
570 3822 690 3873 vitae
727 3829 938 3889 tempus
968 3820 1109 3876 foret
1131 3823 1196 3877 ad
1239 3826 1614 3893 pmnirentiam
1652 3830 1805 3882 satis.

443 3909 497 3962 6.
533 3907 667 3962 Ecce
712 3912 1088 3967 mensurabiles
1125 3918 1348 3982 posuisti
1381 3915 1493 3969 dies
1524 3933 1685 3983 meos,
1734 3927 1783 3971 et
1824 3920 1948 3972 sub-

369 4002 568 4054 stantia
595 4018 709 4056 mea
740 4014 991 4074 tanquam
1014 4007 1239 4060 nihilum
1288 4018 1410 4061 ante
1453 4021 1522 4063 te.
1569 4008 1821 4074 Etiamsi,
1863 4012 1949 4065 in-

369 4091 508 4158 quit,
545 4092 702 4161 longa
736 4095 918 4149 adhuc
949 4097 1081 4150 mihi
1124 4097 1232 4151 \‘ita
1261 4098 1588 4166 super-foret,
1621 4102 1778 4169 quasi
1811 4102 1948 4156 nihil

374 4179 429 4231 in
456 4193 749 4249 conspectu
776 4193 869 4238 tuo
906 4186 1265 4254 reputabitur.
1303 4186 1358 4241 Si
1387 4204 1621 4257 namque
1651 4189 1797 4243 mille
1819 4191 1947 4244 anni

370 4276 497 4321 ante
546 4271 734 4324 oculos
800 4280 925 4327 tuos
976 4286 1236 4345 tanquam
1302 4277 1420 4332 dies
1450 4294 1578 4342 una,
1614 4282 1741 4347 quid
1784 4280 1947 4336 fuerit

370 4368 585 4426 tempus
629 4362 864 4416 hominis
911 4364 1109 4417 unius?
1153 4364 1205 4419 ld
1239 4381 1456 4420 rursum
1486 4370 1845 4439 Symmachus
1868 4372 1949 4425 sic

2044 3191 2121 3263 τῷ
2154 3191 2662 3261 ἀναμιμνήσκεσθαι
2711 3207 2776 3261 με
2818 3189 2913 3243 τοῦ
2968 3190 3386 3261 ἁμαρτήματος,
3431 3190 3617 3262 φησὶν.

2048 3283 2312 3352 ὲκαιόμην
2338 3282 2490 3352 πυρί.

2133 3372 2441 3439 Ἐλὰλησα
2494 3372 2564 3425 ἐν
2622 3371 2871 3441 γλώσσῃ
2917 3388 3037 3439 μου
3060 3388 3073 3401 ·
3111 3370 3421 3439 Γνὼρισόν
3465 3386 3568 3441 μοι
3600 3410 3618 3434 ,

2047 3464 2243 3532 Κύριε,
2274 3462 2341 3517 τὸ
2369 3462 2552 3531 πέρας
2574 3480 2711 3531 μου.
2750 3462 2843 3527 Τὸ,
2872 3462 2942 3515 ἐν
2974 3463 3247 3532 γλώσσῃ,
3277 3457 3387 3515 οἷον
3431 3461 3620 3534 ἡρέμα

2049 3555 2144 3609 καὶ
2171 3554 2493 3626 ψιθυρίζων,
2523 3554 2615 3607 καὶ
2648 3552 2722 3623 μὴ
2751 3554 2830 3615 εἰς
2870 3553 3097 3614 πολλοὺς
3126 3552 3372 3623 ἐκφέρων
3400 3550 3489 3604 τὸν
3530 3550 3621 3603 M-

2049 3661 2165 3713 γον.
2212 3645 2268 3698 Ὀ
2297 3644 2353 3698 δὲ
2377 3644 2535 3713 λόγος
2559 3642 2827 3715 ἐρώτησις
2844 3638 2912 3713 ἦν
2938 3643 3066 3714 περὶ
3094 3642 3202 3696 τῶν
3234 3642 3433 3696 λοιπῶν
3483 3643 3622 3713 ἡμε-

2051 3734 2181 3807 ρῶν.
2228 3734 2443 3805 Ἦρώτα
2507 3735 2586 3798 δὲ,
2635 3734 2828 3806 μαθεῖν
2881 3735 3198 3806 βουλόμενος
3240 3737 3288 3789 εἰ
3336 3735 3619 3807 ἐξαρκέσει

2049 3822 2197 3892 αὑτῷ
2235 3825 2314 3885 εἰς
2342 3823 2631 3893 μετάνοιαν
2662 3825 2691 3876 ό
2714 3824 2899 3887 λοιπὸς
2930 3824 3039 3877 τῶν
3073 3824 3296 3895 ἡμερῶν
3322 3825 3532 3896 χρόνος.

2132 3913 2287 3968 Ἰδοὺ
2310 3916 2649 3980 παλαιστὰς
2689 3914 2828 3968 ἔθου
2860 3920 2968 3982 τὰς
3005 3916 3231 3984 ἡμέρας
3255 3933 3371 3986 μου
3395 3931 3408 3946 ·
3449 3914 3547 3969 καὶ
3579 3916 3620 3983 ἡ

2046 4004 2385 4068 ὑπόστασις
2404 4021 2523 4072 μου
2572 4003 2713 4057 ὡσεὶ
2761 4003 2941 4059 οὐθὲν
2976 4004 3235 4058 ἐνώπιόν
3254 4019 3394 4058 σου.
3429 4004 3492 4056 Ei
3525 4007 3622 4057 καὶ

2049 4096 2129 4157 εἰς
2160 4094 2354 4164 μῆκος,
2392 4095 2546 4162 φησὶ,
2582 4095 2895 4165 παρατείνει
2921 4111 3009 4165 μοι
3041 4093 3175 4165 ζωὴ,
3207 4094 3283 4157 ὼς
3327 4093 3478 4147 οὐδὲν
3531 4095 3621 4147 ἐν·

2048 4184 2221 4239 ώπιόν
2261 4202 2353 4238 σου
2387 4183 2785 4255 λογισθήσεται.
2809 4185 2871 4237 ΕΞ
2899 4185 3008 4256 γὰρ
3036 4183 3181 4255 χίλια
3212 4185 3305 4256 ἔτη
3329 4186 3387 4238 ὲν
3417 4183 3618 4253 ὀφθαλ-

2052 4279 2173 4347 μοῖς
2201 4293 2294 4329 σον
2326 4276 2402 4338 ὼς
2435 4275 2616 4346 ἡμέρα
2650 4274 2771 4345 μία,
2815 4276 2869 4329 τί
2905 4275 2971 4329 ἂν
3015 4277 3099 4347 εἴη
3138 4276 3326 4347 χρόνος
3366 4276 3484 4338 ἑνὸς
3523 4277 3620 4331 ἀνθ

2050 4358 2267 4439 θρώπου
2292 4385 2305 4429 ;
2333 4366 2507 4420 Τοῦτο
2551 4366 2711 4420 πάλιν
2744 4368 2772 4419 ὁ
2806 4366 3100 4438 Σύμμαχος
3135 4367 3305 4431 οὕτως
3345 4368 3619 4439 ἡρμήνευ-

373 4449 755 4517 interpretatus
798 4459 884 4505 est
926 4472 938 4506 :
973 4452 1107 4507 Ecce
1147 4459 1298 4525 quasi
1347 4459 1551 4525 palmas
1599 4460 1791 4517 dedisti
1836 4463 1944 4517 dies

2055 4475 2143 4512 σεν
2163 4475 2176 4489 ·
2227 4458 2371 4512 Ἰδοὺ
2409 4458 2489 4523 ὡς
2521 4458 2823 4527 σπιθαμὰς
2842 4459 3068 4523 ἔδωκας
3098 4457 3207 4525 τὰς
3238 4457 3458 4528 ἡμέρας
3474 4475 3614 4527 μου,

370 4553 545 4602 meos,
594 4550 645 4593 et
692 4544 802 4595 vita
841 4559 956 4596 mea
996 4553 1246 4615 tanquam
1297 4549 1521 4602 nihilum
1566 4551 1622 4604 in
1670 4562 1946 4622 conspectu

371 4640 482 4682 tuo.
526 4629 607 4684 Tu
641 4648 875 4702 namque
907 4637 1026 4689 sine
1055 4639 1210 4692 initio
1238 4655 1297 4694 es
1335 4649 1388 4694 et
1429 4642 1549 4696 sine
1592 4644 1719 4709 ﬁne,
1761 4654 1946 4699 nostra

369 4734 548 4776 autem
584 4725 689 4777 vita
713 4740 810 4780 ceu
830 4728 1155 4795 quibusdam
1191 4732 1386 4799 palmis
1414 4742 1469 4788 et
1494 4737 1768 4789 mensuris
1796 4752 1948 4791 men-

370 4828 432 4868 sa
466 4823 567 4869 est.
619 4814 713 4871 llis
743 4818 1060 4874 brevitatem
1108 4821 1350 4879 declarat
1381 4824 1633 4881 humana:
1660 4826 1799 4881 vita).

437 4992 488 5046 7.
530 4992 895 5050 Verumtamen
920 5000 1162 5055 uniuersa
1205 5003 1434 5065 vanitas,
1481 5004 1649 5056 omnis
1684 5004 1837 5057 homo
1875 5005 1947 5058 ui-

368 5098 508 5136 uens.
552 5082 920 5141 Verumtamen
950 5089 1005 5140 in
1040 5090 1269 5158 imagine
1315 5093 1604 5160 pertransit
1639 5091 1813 5157 homo,
1853 5095 1946 5148 sed

367 5185 418 5229 et
456 5176 658 5244 frustra
692 5180 1059 5235 conturbatur.
1098 5181 1155 5234 Si
1194 5191 1374 5235 autem
1440 5183 1492 5235 in
1530 5183 1784 5253 imagine,
1826 5170 1941 5239 non

371 5267 423 5319 in
453 5270 676 5325 veritate
705 5271 997 5339 pertransit
1020 5271 1204 5335 homo,
1237 5274 1361 5342 jure
1391 5274 1681 5328 vanitatem
1722 5276 1940 5345 praemi-

370 5358 460 5414 sit.
495 5360 713 5423 quando
746 5377 853 5415 non
901 5377 1084 5416 veram
1130 5363 1296 5418 vitam
1346 5367 1715 5433 transigimus,
1754 5370 1847 5422 sed
1886 5369 1939 5423 in

369 5445 601 5514 quadam
627 5450 882 5519 imagine,
924 5467 1098 5517 neque
1145 5455 1258 5508 veri
1312 5455 1438 5509 boni
1481 5458 1663 5512 studio
1706 5459 1938 5525 agimur,

370 5550 540 5602 quare
564 5536 763 5594 frustra
790 5543 1205 5600 conturbamur.
1243 5546 1384 5613 Vita,
1408 5547 1603 5616 inquit,
1625 5564 1813 5604 eorum
1845 5549 1939 5620 qui

370 5625 425 5695 ip
450 5634 591 5682 terra
622 5629 842 5699 degunt,
862 5635 1060 5704 quippe
1082 5651 1203 5705 quae
1230 5636 1282 5690 in
1314 5638 1668 5694 saecularibus
1692 5648 1939 5695 versetur

370 5715 538 5784 cuzis,
568 5717 690 5787 jure
719 5720 929 5776 vanitas
951 5725 1267 5783 aestimetur.
1298 5726 1388 5789 Vel
1422 5728 1501 5786 sic
1539 5748 1550 5783 :
1580 5729 1783 5787 Omnes
1814 5730 1936 5786 vitm

2051 4550 2149 4604 καὶ
2184 4551 2220 4618 ή
2249 4550 2470 4615 ,βίωσίς
2502 4567 2622 4619 μου
2646 4550 2725 4616 ὠς
2747 4549 2929 4603 οὐδὲν
2947 4548 3228 4617 ἄντικρύς
3248 4566 3380 4603 σου.
3420 4551 3491 4603 Σὺ
3517 4551 3616 4620 μὲν

2049 4641 2158 4713 γάρ
2183 4640 2414 4712 ἄναρχος
2441 4640 2532 4694 καὶ
2561 4640 2865 4711 ἀπέραντος
2890 4657 2904 4669 ⁸
2935 4643 2962 4693 ὁ
2991 4640 3048 4694 δὲ
3072 4640 3338 4710 ἡμέτερος
3366 4639 3478 4710 βίος
3504 4634 3615 4693 οἷόν

2048 4748 2156 4783 τισι
2212 4731 2510 4800 σπιθαμαῖς
2555 4731 2648 4785 καὶ
2678 4731 3000 4792 παλαισταῖς
3040 4730 3467 4801 ὲκμεμέτρηται.
3508 4730 3611 4784 Διὶ

2049 4821 2238 4875 τούτου
2272 4821 2623 4892 παρεδήλωσε
2652 4822 2714 4875 τὸ
2743 4822 3104 4893 ὀλιγοχρόνιον
3143 4822 3243 4891 τῆς
3271 4821 3614 4893 ἀνθρωπίνης

2050 4911 2215 4981 ζωῆς.

2116 5003 2290 5069 Πλὴν
2316 5001 2389 5056 τὰ
2414 5006 2735 5073 σύμπαντα
2762 5004 3117 5074 ματαιότης,
3149 5003 3268 5070 πᾶς
3306 5004 3613 5072 ἅνθρωπος

2048 5090 2177 5152 ζῶν.
2206 5092 2494 5163 Μέντοιγε
2517 5093 2586 5147 ἐν
2605 5096 2794 5149 εικόνι
2831 5094 3237 5161 διαπορεύεται
3284 5092 3611 5161 ἄνθρωπος,

2045 5182 2213 5250 πλὴν
2236 5183 2437 5253 μάτην
2469 5184 2849 5254 ταράσσεται.
2897 5187 2961 5239 Εἰ
2993 5185 3070 5245 δὲ.
3108 5186 3293 5255 φησὶν,
3331 5186 3388 5238 ὲν
3421 5185 3610 5249 εἰκόνι,

2047 5274 2138 5327 καὶ
2184 5275 2282 5327 οὐκ
2314 5277 2371 5329 ἐν
2406 5276 2632 5347 ἀληθείᾳ
2697 5276 2985 5347 πορεύεται
3031 5276 3345 5346 ἄνθρωπος.
3388 5276 3614 5340 εἰκότως

2047 5367 2380 5437 ματαιότητα
2406 5371 2683 5439 προεῖπεν·
2720 5368 2907 5440 ἐπειδὴ
2935 5368 2995 5420 οὐ
3034 5366 3131 5437 τὴν
3160 5366 3418 5437 ἀληθινὴν
3442 5364 3608 5437 ζωὴν,

2042 5458 2154 5511 ἀλλ’
2210 5461 2266 5512 ὲν
2316 5458 2483 5511 εἰκόνι
2513 5461 2638 5512 τινξο
2686 5460 2808 5512 οὐδὲ
2842 5460 2942 5529 τὴν
2987 5456 3221 5527 σπουδὴν
3269 5456 3379 5509 τῶν
3440 5456 3611 5510 ὄντων

2043 5548 2263 5617 ἀγαθῶν
2291 5549 2548 5613 ποιοῦμεν
2574 5564 2587 5578 ·
2636 5550 2717 5603 διδ
2748 5552 2843 5604 καὶ
2891 5550 3067 5621 μάτην
3097 5546 3497 5621 ταραττόμεθα.
3553 5548 3611 5602 ’0

2045 5614 2177 5707 βίος,
2213 5638 2366 5708 φησι,
2401 5637 2510 5690 τῶν
2539 5638 2631 5691 ἐπὶ
2656 5639 2778 5709 γῆς,
2818 5614 2913 5691 ἅτε
2962 5614 3090 5708 περὶ
3134 5614 3611 5707 φροντίδαξστρε-

2042 5730 2274 5799 φάμενος
2299 5727 2589 5799 κοσμικὰς,
2623 5729 2833 5801 κριθείη
2862 5727 2927 5782 ἂν
2950 5727 3269 5799 ματαιότης.
3303 5725 3371 5779 Ἥ
3397 5723 3604 5792 οὕτωςιο
