3976 6220
360 320 463 375 189

1447 315 1808 372 EXPOSiTiO
1849 317 1913 371 IN
1956 317 2282 376 PSALMUM
2323 320 2565 376 XXXIX.

359 432 651 501 Σύμπαντα
685 428 755 482 τὰ
800 427 895 500 ἔτη
942 429 1039 500 τῆς
1084 429 1355 500 ἡμετέρας
1391 429 1533 499 ζωῆς
1565 429 1728 499 ἀτμίς
1779 432 1912 483 tam

2036 444 2227 488 nostrae
2257 433 2382 487 anni
2421 447 2587 501 vapor
2626 440 2753 487 sunt
2785 432 2836 486 in
2874 443 3163 503 conspectu
3203 444 3316 500 tuo,
3348 451 3471 492 nam
3493 453 3597 508 pro

360 520 588 576 ἐνώπιόν
638 537 767 573 σου·
816 520 937 573 ἀντὶ
977 520 1083 590 γάρ
1112 522 1507 588 ματαιότητος
1554 520 1583 570 ό
1632 518 1927 589 Σύμμαχος

360 613 530 682 ἀτμίς
556 610 803 677 ἐξέδωκε.
841 610 1205 678 Θησαυριζει,
1250 610 1344 663 καὶ
1390 612 1461 663 οὐ
1501 610 1780 678 γινώσκει
1810 612 1928 665 τίνι

360 702 610 765 συνάξει
638 701 811 756 αὐτά.
852 700 1069 771 Ἐπειδὴ
1100 702 1159 753 οὺ
1203 700 1302 770 τὴν
1335 698 1510 769 ἀληθῆ
1561 700 1741 770 ζῶμεν
1784 700 1926 772 ζωὴν

359 791 472 855 νῦν,
501 790 636 844 ἀλλὰ
657 790 755 861 τὴν
776 790 853 853 ὡς
878 792 935 842 ὲν
966 790 1133 843 εἰκόνι
1153 807 1166 820 ο
1196 790 1317 842 οὐδὲ
1342 790 1468 861 περὶ
1495 789 1562 841 τὰ
1592 789 1760 852 ὅντως
1795 791 1928 857 ἀγα-

359 882 424 935 θά
450 881 750 953 ποιούμεθα
782 880 881 952 τὴν
930 881 1201 951 σπουδήν·
1244 880 1325 933 δ.ὺ
1367 880 1542 953 μάτην
1584 880 1928 951 ταρασσόμε-

360 974 447 1036 θα,
478 973 609 1043 περὶ
637 973 735 1035 τὰς
763 971 1031 1042 κοσμικὰς
1054 972 1348 1041 ἐπιθυμίας
1393 970 1769 1041 στρεφόμενοι,
1799 988 1924 1025 συν-

359 1065 580 1132 άγοντες
606 1064 932 1134 θησαυροὺς,
960 1056 1035 1115 ὧν
1059 1063 1157 1115 οὐκ
1193 1062 1348 1131 ἴσμεν
1375 1062 1669 1132 διαδόχους.

423 1155 532 1207 Καὶ
560 1154 677 1207 νῦν
708 1155 800 1219 τίς
824 1155 862 1221 ἠ
894 1152 1164 1221 ὑπομονὴ
1198 1168 1358 1221 μου;
1386 1153 1521 1220 οὐχὶ
1550 1154 1801 1220 Κύριος;
1827 1154 1922 1205 Ei-

354 1246 524 1307 κότως
559 1246 658 1315 τὴν
683 1244 873 1295 ἐλπίδα
908 1244 1001 1295 ἐπὶ
1036 1242 1236 1313 Κύριον
1270 1243 1413 1312 ἔχειν
1448 1244 1631 1312 φησιν,
1679 1245 1775 1296 ἆτε
1818 1261 1919 1297 κα-

353 1333 577 1398 ταγνοὺς
600 1331 708 1383 τῶν
745 1333 804 1383 ὲν
832 1330 932 1401 βίῳ
965 1330 1386 1400 περισπασμῶν.
1420 1331 1529 1383 Καὶ
1583 1333 1615 1398 ὴ
1656 1332 1922 1385 ὑπόστα-

353 1422 451 1487 σίς
472 1438 589 1488 μου
641 1423 801 1489 παρὰ
845 1422 947 1473 σοί
981 1421 1169 1473 ἐστιν.
1230 1420 1297 1472 Ἠ
1347 1419 1668 1489 προσδοκία,
1719 1422 1836 1490 ἦτοι
1884 1423 1918 1491 ὴ

353 1516 616 1587 ὕπομονή.

419 1606 690 1671 Ὀνειδος
733 1604 945 1673 ἄφρονι
977 1604 1206 1670 ἔδωκάς
1239 1621 1334 1673 με.
1388 1603 1480 1673 Μὴ
1514 1602 1767 1674 παραδῷς
1825 1620 1915 1672 με,

350 1698 529 1767 φησὶν.
568 1699 645 1759 εἰς
690 1695 1013 1766 όιειδισμὸν,
1061 1694 1149 1747 διά
1199 1694 1261 1746 τὸ
1308 1696 1386 1757 είς
1416 1694 1515 1764 ἐμὲ
1564 1690 1701 1746 εἶναι
1737 1710 1795 1745 σε
1825 1694 1917 1747 τὸν

349 1788 521 1857 λοιδορ
533 1805 580 1841 9.
598 1803 774 1857 μενον.

427 1874 795 1942 Ἐκωρώθην,
826 1875 922 1928 καί
951 1876 1062 1927 οὐκ
1092 1873 1305 1941 ἤνοιξα
1329 1873 1395 1926 τὸ
1427 1873 1620 1941 στόμα
1643 1891 1783 1942 μου,
1824 1873 1912 1927 ὅτι

347 1965 424 2018 σὺ
451 1967 769 2032 ἐποίησας.
813 1965 1252 2036 Λοιδορούμενος,
1290 1967 1476 2035 φησὶν,
1511 1965 1727 2033 ἐσίγων,
1756 1965 1911 2030 είδὼς

347 2056 589 2125 ἀκριϐῶς
628 2057 755 2126 περὶ
786 2057 976 2126 αὐτῆς,
1008 2058 1090 2109 ὅτι
1125 2056 1188 2107 σὺ
1219 2051 1270 2107 εἶ
1292 2058 1320 2107 ὁ
1352 2056 1619 2125 τιμωρίας
1647 2056 1763 2126 ἦτοι
1794 2074 1914 2110 παι-

343 2144 485 2206 δείας
516 2145 677 2214 χάριν
715 2144 879 2208 τάξας
912 2161 978 2214 με
1024 2146 1103 2205 είς
1128 2144 1259 2196 αὐτὸ
1294 2143 1451 2196 τοῦτο
1482 2145 1848 2208 ὀνειδίζεσθαι.

423 2234 801 2300 Ἀπόστησον
847 2234 948 2286 ἀπ’
992 2233 1136 2303 ἐμοῦ
1160 2233 1266 2301 τὰς
1294 2232 1590 2301 μάστιγάς
1630 2248 1766 2287 σου.
1799 2234 1910 2298 Τὰς

342 2324 632 2394 γινομένας
659 2324 811 2393 αὐτῷ
855 2324 1005 2396 παρά
1038 2325 1148 2375 τῶν
1181 2323 1449 2392 δαιμόνων
1506 2324 1775 2395 τιμωρίας
1820 2324 1911 2377 λέ-

341 2430 445 2491 γει,
475 2415 540 2467 οὑ
565 2410 976 2485 συγχωροῦντος
1003 2414 1184 2477 αὐτοῖς
1224 2415 1319 2468 τοῦ
1352 2414 1506 2467 Θεοῦ.
1538 2414 1695 2484 (Reg.
1725 2416 1749 2468 1
1791 2417 1909 2485 sic.)

340 2506 447 2569 Τάς
476 2507 770 2577 γινομένας
803 2504 949 2574 αὐτῷ
998 2505 1147 2574 παρά
1187 2505 1293 2558 τῶν
1331 2506 1599 2576 δαιμόνων
1641 2506 1912 2576 τιμωρίας

340 2598 487 2668 παρά
516 2598 609 2650 τοῦ
658 2596 793 2649 Θεοῦ
839 2596 1008 2663 λέγει,
1062 2596 1138 2659 ὡς
1183 2596 1590 2667 συγχωροῦντος
1619 2597 1780 2649 αὐτὸν
1824 2597 1911 2650 διὰ

338 2688 435 2757 τὴν
457 2687 735 2758 ἁμαρτίαν
753 2686 964 2740 παθεῖν.
983 2686 1124 2740 Ἀπὸ
1154 2687 1264 2756 γὰρ
1289 2686 1398 2754 τῆς
1413 2687 1628 2755 ὶσχὺος
1656 2686 1765 2753 τῆς
1790 2705 1911 2757 χει-

334 2777 441 2843 ρός
455 2793 575 2830 σου
600 2777 714 2845 ἐγὼ
735 2776 1034 2839 ἐξέλιπον.
1054 2776 1320 2839 Πολλάκις
1338 2777 1440 2846 ἤδη
1454 2778 1552 2846 τὴν
1572 2775 1904 2839 κολάζουσαν

336 2867 559 2937 δύναμιν
597 2871 753 2938 χεῖρα
780 2866 875 2919 τοῦ
922 2866 1056 2920 Θεοῦ
1094 2866 1345 2934 λέγεσθαι
1387 2866 1896 2936 ἐμνημονεύσαμεν.

2031 523 2280 587 vanitate,
2306 538 2544 590 vaporem
2562 521 2728 576 edidit
2750 521 3126 593 Symmachus.
3156 522 3521 589 Tltesaurizat,
3542 539 3593 581 et

2027 614 2235 683 ignorat
2270 613 2357 666 cui
2404 612 2736 682 congregabit
2761 630 2842 668 ea.
2876 613 3142 679 Quoniam
3178 615 3239 675 in
3260 616 3362 671 huc
3390 618 3596 672 mundo

2028 720 2134 758 non
2180 720 2306 758 vera
2349 703 2582 757 vivimus
2620 703 2750 767 vita,
2780 704 2870 758 sed
2903 705 3061 772 quasi
3109 705 3162 758 in
3199 705 3469 773 imagine:
3497 720 3594 760 ne-

2026 809 2130 862 que
2164 794 2317 848 deiis
2340 809 2460 863 quae
2477 810 2602 848 vere
2634 795 2773 848 bona
2807 803 3224 854 suntcuramus,
3250 795 3370 849 ideo
3388 794 3591 849 frustra

2025 886 2436 949 conturbamur,
2480 884 2609 938 dum
2650 884 2702 936 in
2732 884 3087 938 saecularibus
3123 900 3404 938 versamur
3445 885 3590 939 desi-

2023 972 2212 1037 deriis,
2247 981 2301 1027 et
2343 974 2630 1030 thesauros
2657 974 2983 1044 colligimus,
3015 990 3243 1043 quorum
3276 976 3589 1045 ignoramus

2023 1062 2282 1116 hteredes.

2091 1151 2141 1205 8.
2171 1149 2238 1202 Et
2269 1165 2405 1203 nunc
2430 1168 2546 1221 ante
2574 1163 2650 1207 est
2682 1156 3001 1222 exspectatio
3030 1172 3166 1219 mea,
3202 1172 3368 1209 nonne
3405 1155 3588 1211 Domi-

2022 1241 2161 1293 nus?
2189 1239 2320 1294 Jure
2355 1256 2413 1295 se
2456 1258 2605 1311 spem
2637 1245 2690 1297 in
2725 1244 3011 1299 Dominum
3043 1247 3337 1315 repositam
3380 1247 3455 1301 ait
3485 1247 3586 1301 ha-

2020 1332 2168 1394 bere,
2195 1341 2379 1400 utpote
2416 1333 2509 1401 qui
2543 1335 2927 1389 distractiones
2951 1335 3112 1404 hujus
3132 1337 3253 1391 vita:
3272 1346 3583 1408 cognoscat.

2022 1421 2089 1475 Et
2120 1422 2420 1475 substantia
2443 1440 2556 1477 mea
2581 1425 2718 1492 apud
2741 1437 2790 1479 te
2807 1436 2900 1480 est.
2922 1426 2977 1481 ld
2993 1436 3076 1481 est
3092 1428 3443 1496 exspectatio,
3472 1427 3586 1482 sive

2017 1513 2272 1583 patientia

2089 1608 2141 1661 9.
2172 1607 2519 1676 Opprobrium
2544 1609 2811 1677 insipienti
2830 1610 3021 1663 dedisti
3046 1627 3143 1664 me.
3168 1608 3244 1664 Ne
3270 1610 3453 1665 tradas
3476 1624 3581 1672 mc,

2018 1698 2214 1766 inquit,
2251 1700 2303 1752 in
2351 1700 2741 1768 opprobrium:
2778 1715 2844 1754 eo
2876 1701 3020 1769 quod
3057 1710 3113 1755 tu
3144 1701 3198 1754 in
3253 1715 3338 1754 me
3367 1700 3444 1755 sis
3488 1700 3583 1770 qui

1942 1773 1986 1827 Β
2013 1790 2320 1860 opprobriis
2364 1792 2630 1846 oneraria.

2084 1881 2169 1934 10.
2214 1880 2487 1948 Obmutui,
2518 1893 2564 1936 et
2596 1899 2696 1936 non
2719 1885 2900 1951 aperui
2931 1899 2987 1935 os
3032 1899 3224 1949 meum,
3253 1884 3498 1953 quoniam
3526 1891 3583 1935 tu

2016 1972 2206 2040 fecisti.
2240 1972 2517 2028 Conviciis
2541 1974 2838 2042 impelitus,
2880 1974 3076 2042 inquit,
3112 1975 3378 2036 tacebam,
3417 1972 3584 2040 probe

2016 2078 2218 2132 gnarus
2256 2074 2308 2118 te
2349 2080 2468 2119 esse
2504 2066 2594 2134 qui
2643 2078 2729 2118 me
2777 2065 3026 2134 supplicii
3079 2073 3174 2118 aut
3207 2062 3582 2133 castigationis

2016 2167 2180 2209 causa
2232 2151 2299 2206 ad
2332 2152 2597 2229 ejusmodi
2633 2155 2923 2223 opprobria
2962 2153 3273 2209 destinasti.

2086 2242 2170 2294 11.
2203 2242 2395 2295 Amove
2417 2258 2448 2295 a
2470 2259 2549 2295 me
2576 2243 2759 2311 plagas
2787 2252 2923 2295 tuas.
2960 2241 3195 2296 lniiictas
3232 2240 3440 2296 scilicet
3477 2237 3583 2295 sibi

2012 2346 2202 2399 poenas
2224 2347 2254 2384 a
2287 2332 2724 2393 diemonibus,-a
2759 2330 2869 2383 Dco
2901 2344 3024 2384 esse
3065 2330 3217 2393 dicit,
3267 2337 3447 2396 utpote
3487 2326 3583 2395 qui

2010 2422 2339 2475 concesserit
2377 2436 2501 2474 eum
2536 2420 2742 2488 peccati
2783 2435 2947 2474 causa
2986 2419 3246 2486 torqueri.
3282 2418 3326 2470 Α
3363 2416 3580 2485 fortitu-

2008 2511 2129 2563 dine
2165 2512 2303 2563 enim
2352 2525 2538 2563 manus
2592 2518 2697 2562 tua:
2735 2525 2826 2577 ego
2872 2507 3059 2575 defeci.
3106 2505 3429 2572 Plerumque
3464 2503 3578 2569 jam

2009 2600 2255 2654 ultricem
2280 2600 2529 2653 virtutem
2562 2613 2782 2653 manum
2813 2597 2901 2651 Dei
2926 2598 3102 2650 vocari
3128 2593 3574 2649 memoravimus.

2007 2686 2110 2754 Qui
2134 2704 2255 2742 cum
2290 2691 2484 2743 acriter
2512 2688 2762 2757 ﬂagellat,
2788 2685 2966 2739 delicit
2988 2687 3078 2754 qui
3099 2687 3416 2752 castigatur,
3439 2697 3577 2748 qua—

2010 2784 2168 2831 tenus
2190 2778 2311 2832 talis
2336 2786 2440 2841 est,
2475 2777 2680 2832 scilicet
2705 2777 2973 2839 infirmus,
3004 2775 3095 2842 qui
3124 2789 3231 2827 non
3274 2774 3367 2827 diu
3407 2770 3585 2824 valeat

2005 2869 2228 2922 verbera
2266 2870 2512 2923 tolerare.

339 2961 501 3013 Ὅταν
526 2961 724 3023 αὐτοὺς
760 2960 992 3031 ίσχυρῶς
1029 2961 1294 3033 μαστίςῃ,
1339 2960 1582 3013 ἐκλείπει
1627 2960 1655 3010 ό
1687 2959 2067 3030 κολαζόμενος,
2124 2961 2258 3015 καθὸ
2296 2962 2538 3025 τοιοῦτός
2588 2944 2757 3027 ἔστιν,
2807 2959 3039 3029 ἀσθενὴς
3089 2957 3330 3031 δηλονότι
3373 2956 3467 3009 καὶ
3501 2954 3576 3024 μὴ

336 3052 629 3120 δυνάμενος
659 3053 743 3120 ἐφ’
786 3052 969 3105 ἰκανὸν
998 3051 1243 3121 ἀντέχειν
1276 3051 1412 3124 πρὸς
1449 3049 1731 3122 μάστιγας.

403 3142 602 3214 [Πλὴν
624 3141 825 3210 μάτην
849 3140 1272 3210 ταράσσονται.
1335 3142 1395 3194 Ὀ
1441 3142 1498 3193 ἐν
1544 3141 1743 3212 ἀνομίᾳ
1772 3144 1905 3209 ζῶν,

336 3235 409 3298 ὡς
430 3235 528 3287 καὶ
560 3234 816 3302 τοιαύτης
846 3232 1092 3295 παιδείας
1122 3231 1441 3303 δεηθῆναι.]

414 3323 511 3375 Ἐν
541 3322 813 3391 eleg-por}
842 3321 994 3389 ὑπὲρ
1025 3322 1273 3390 ἀνομίας
1295 3322 1660 3388 ἐπαίδευσας
1687 3321 1908 3391 ἅνθρω-

336 3426 471 3467 xor.
522 3412 788 3483 Ἐλέγχων
836 3400 1145 3482 με,’φησ”ιν,
1189 3413 1281 3464 ἐπὶ
1320 3415 1386 3482 τῇ
1437 3414 1701 3485 ἁμαρτίᾳ,
1751 3415 1909 3468 ἐπαί-

336 3503 546 3564 δεύσας.

407 3593 526 3661 Τῆς
552 3590 817 3659 δεήσεώς
841 3610 961 3661 μου
988 3591 1283 3646 ἐνώτισαι.
1323 3592 1468 3645 Ἀντὶ
1498 3591 1612 3654 τοῦ,
1646 3592 1909 3645 Είσάκου-

340 3702 444 3748 σον,
480 3686 575 3738 καὶ
624 3683 976 3755 συγχώρησον
1007 3683 1105 3754 τὴν
1143 3681 1420 3752 ἁμαρτίαν
1454 3683 1560 3753 πρὸ
1589 3683 1689 3752 τῆς
1716 3682 1904 3734 τελευ-

334 3774 451 3842 τῆς.
488 3772 701 3844 [Τοῦτο
746 3772 857 3843 γάρ
902 3772 1155 3843 σημαίνει
1188 3789 1201 3801 ο
1242 3773 1360 3825 Ὅτι
1393 3770 1678 3841 πάροινός
1725 3771 1904 3842 εὶμι.]

341 3867 507 3931 Ἀνες
532 3883 657 3935 μοι,
704 3865 805 3918 ἵνα
844 3863 1156 3930 ἀναψύξει).
1190 3862 1304 3929 Πρὸ
1334 3861 1436 3932 τῆς
1479 3862 1734 3931 τελευτῆς
1782 3879 1904 3930 μου,

337 3958 519 4025 φησὶν,
552 3954 838 4027 ἁμαρτιῶν
866 3955 1144 4025 πάρασχον
1168 3954 1392 4022 ἄφεσιν,
1444 3954 1530 4005 ἵνα
1563 3952 1780 4022 θαρρῶν
1825 3954 1905 4015 εἰς

338 4048 462 4119 ᾆδον
493 4047 868 4118 πορεύσωμαι.
888 4038 1009 4099 Καὶ
1058 4045 1255 4099 οὐκέτι
1269 4042 1513 4112 ὐπάρξω
1552 4044 1662 4113 Ούχ
1685 4041 1913 4112 ύπάρξω
1945 4048 1955 4055 ’

340 4138 576 4201 τοιοῦτος
604 4133 715 4200 οἷος
752 4137 817 4190 ἂν
844 4138 938 4189 καὶ
964 4137 1224 4206 γενοίμην
1267 4138 1331 4191 ὲκ
1374 4137 1473 4206 τῆς
1515 4136 1650 4206 προς
1696 4132 1789 4186 σοῦ
1821 4150 1911 4204 μοι

340 4232 637 4302 γενομένης
673 4231 932 4293 ἀνέσεως.
966 4232 1178 4292 Ἀνεσις
1211 4229 1267 4282 δὲ
1310 4227 1447 4281 Θεοῦ
1480 4230 1627 4280 ἐστιν
1673 4224 1910 4279 ἀπάθεια

342 4323 517 4394 ψυχῆς
547 4322 684 4393 μετά
709 4319 962 4389 γνώσεως
997 4319 1104 4375 τῶν
1131 4320 1299 4373 ὄντων
1330 4319 1583 4390 ἀληθοῦς.

495 4474 603 4538 Εις
629 4470 695 4524 τὸ
723 4470 897 4536 τέλος
930 4438 1237 4524 damnor:
1262 4469 1339 4535 τῷ
1369 4469 1565 4524 Δαυΐδ.
1608 4462 1738 4524 Aen

960 4561 1283 4624 Ὺπόθεσις.

361 4676 709 4747 Ἀναφέρεται
736 4678 769 4746 ἡ
793 4675 903 4747 ᾠδὴ
937 4677 1001 4729 ἐκ
1033 4675 1322 4747 προσώπου
1353 4676 1447 4729 τοῦ
1489 4677 1610 4729 νέου
1644 4676 1773 4727 λαοῦ
1812 4675 1906 4728 τοῦ

413 4767 867 4836 ἀνακομισθέντος
889 4769 954 4819 ἐκ
987 4767 1190 4820 λάκκου
1224 4766 1617 4837 ταλαιπωρίας.
1649 4764 1782 4820 Εἶτα
1815 4784 1909 4835 με-

413 4857 543 4922 ταξὺ
595 4859 910 4929 εἰσφέρεται
948 4859 1008 4911 τὸ
1034 4857 1128 4911 τοῦ
1179 4858 1414 4929 Χριστοῦ
1445 4860 1755 4929 πρόσωπον,
1780 4860 1908 4921 τοὺς

416 4949 868 5023 εὐχαριστοῦντας
889 4950 1153 5003 διδάσκων
1179 4951 1276 5020 τῆς
1307 4950 1618 5019 οἰκονομίας
1645 4950 1738 5002 τὸν
1788 4951 1911 5021 τρό-

417 5058 512 5093 πον
537 5059 551 5073 ·
588 5038 705 5093 εἶτα
737 5039 899 5093 πάλιν
926 5040 1031 5092 τῶν
1062 5040 1465 5093 πιστευσάντων
1495 5042 1557 5092 ὲκ
1572 5040 1666 5092 τοῦ
1700 5038 1913 5110 Ἰσραὴλ

415 5131 473 5183 τὸ
489 5133 803 5202 πρόσωπον,
832 5129 1120 5196 ἀξιούντων
1140 5130 1401 5201 ῥωσθῆναι
1416 5129 1515 5198 τῆς
1539 5131 1625 5183 διὰ
1641 5129 1738 5201 τὴν
1762 5132 1865 5182 ἀπε
1875 5131 1913 5181 ί-

418 5223 560 5276 θειαν
584 5223 897 5294 ἁμαρτίας,
935 5222 1050 5292 ἅμα
1089 5222 1146 5275 δὲ
1186 5224 1278 5275 καὶ
1321 5222 1690 5293 διηγουμένων
1732 5222 1913 5285 αὐτοῖς

416 5314 479 5365 sit
512 5314 903 5384 συμεεϐηκότα
932 5313 1019 5365 διὰ
1047 5313 1145 5383 τὴν
1171 5314 1427 5365 ἀπιστίαν
1472 5312 1637 5366 κακά.

429 5403 772 5474 Ὑπομέναηο
823 5401 1114 5470 ὑπέμεινα
1160 5404 1267 5455 τὸν
1309 5405 1548 5470 Κύριον,
1592 5403 1689 5455 καὶ
1729 5416 1915 5471 προσ-

361 5490 524 5561 έσχεν
566 5512 693 5564 μοι.
732 5494 963 5563 Ὅμοιον
991 5492 1103 5563 τῷ*
1145 5493 1252 5546 Ἐν
1305 5492 1381 5563 τῇ
1426 5492 1699 5563 ὑπομονῇ
1750 5494 1917 5563 ὑμῶν

362 5582 647 5651 inimicae
674 5582 792 5649 τὰς
826 5580 1031 5650 ψυχὰς
1063 5581 1245 5651 ὑμῶν.
1382 5568 1386 5575 ”

422 5670 463 5702 ⁸⁸
482 5671 603 5731 Luc.
639 5688 766 5738 nl,
802 5669 891 5726 19.

2081 3135 2194 3207 [12.
2241 3134 2610 3189 Verumtamen
2641 3152 2770 3190 uane
2798 3134 3199 3188 conturbantur.
3231 3129 3335 3196 Qui
3363 3128 3491 3182 vivit
3520 3128 3577 3181 in

2009 3228 2321 3295 iniquitate,
2358 3227 2430 3281 ita
2463 3236 2523 3280 ut
2552 3226 2863 3295 huiusmodi
2902 3235 3057 3293 egeat
3087 3217 3470 3289 institutionc.]

2081 3319 2168 3371 15.
2211 3316 2276 3370 In
2312 3317 2752 3385 increpationibus
2798 3324 3008 3385 propter
3063 3308 3577 3381 iniquitatentcorri-

2006 3410 2170 3479 puisti
2201 3409 2482 3462 hominem.
2509 3408 2643 3463 Cum
2676 3425 2783 3473 me,
2814 3407 3007 3475 inquit,
3036 3414 3255 3475 propter
3294 3410 3573 3472 peccatum

2007 3501 2293 3571 arguebas,
2342 3515 2428 3553 me
2467 3498 2798 3568 corripuisti.

2081 3593 2168 3647 ﬂ.
2209 3592 2440 3644 Auribus
2476 3591 2678 3658 percipe
2714 3584 3121 3641 obsecrationem
3174 3597 3364 3636 meam.
3408 3578 3574 3644 Quasi

2006 3682 2152 3736 dicat
2184 3699 2196 3735 :
2240 3680 2446 3733 Exaudi
2480 3692 2534 3732 et
2573 3677 2809 3732 concede
2835 3676 2966 3729 mihi
2996 3672 3200 3743 peccati
3233 3670 3447 3725 veniam
3478 3682 3574 3722 anc

2009 3780 2224 3840 tequam
2247 3771 2467 3823 moriar.
2487 3769 2566 3838 [ld
2590 3769 2733 3821 enim
2760 3765 3063 3835 signiﬁcat:
3086 3761 3344 3826 Quoniam
3376 3757 3576 3811 advena

2009 3859 2174 3931 suun]
2204 3860 2423 3913 Remitte
2444 3859 2573 3910 mihi
2607 3869 2663 3910 ut
2700 3858 2994 3925 refrigerer.
3023 3855 3322 3920 Antequam
3354 3847 3573 3903 moriar.

2010 3953 2105 4016 ait,
2157 3957 2498 4017 peccatomm
2549 3947 2761 3999 veniam
2802 3944 3067 4005 concede,
3112 3951 3167 3993 ut
3219 3954 3343 3991 cum
3381 3935 3575 3989 ﬁducia

2010 4042 2063 4093 in
2096 4038 2370 4092 infernum
2417 4038 2531 4091 sive
2559 4037 2611 4089 in
2645 4035 2953 4103 sepulcrum
2985 4030 3328 4084 descendam.
3362 4026 3430 4079 Et
3462 4040 3567 4076 am.

2010 4131 2151 4203 ptius
2190 4146 2299 4185 non
2347 4146 2457 4184 ero.
2509 4126 2728 4181 Scilicet
2764 4126 2886 4179 talis
2931 4122 3108 4191 qualis
3149 4135 3323 4174 essem
3383 4134 3448 4171 ex
3484 4125 3575 4170 tua

2012 4226 2144 4278 mihi
2195 4223 2391 4278 collata
2436 4218 2795 4275 remissione..
2836 4213 3105 4268 Remissio
3148 4220 3326 4264 autem
3363 4207 3456 4261 Dei
3495 4215 3580 4261 est

2014 4315 2212 4368 animae
2254 4312 2619 4380 tranquillitas
2665 4318 2787 4362 cum
2819 4321 2948 4359 vera
2974 4307 3193 4370 ‘rcrum_
3220 4297 3544 4367 cognitione.

2152 4471 2204 4525 1.
2261 4468 2327 4522 In
2351 4469 2507 4538 ﬁnem
2539 4461 2876 4521 PSALMUS
2926 4458 3134 4514 Duuidi.
3167 4450 3436 4509 XXXIX.

2599 4553 2996 4622 Argumentum.

2010 4668 2265 4723 Refertur
2292 4666 2565 4721 canticum
2612 4678 2675 4717 ex
2704 4676 2935 4732 persona
2988 4659 3110 4712 novi
3140 4655 3323 4725 pupilli
3373 4652 3439 4706 de
3460 4652 3578 4704 lacu

2082 4758 2320 4812 miseria:
2344 4755 2576 4809 reducti.
2603 4753 2795 4807 Postea
2820 4750 3094 4804 inducitur
3110 4746 3308 4801 Christi
3329 4756 3579 4812 persona,

2085 4851 2177 4920 qui
2230 4863 2324 4904 eos
2376 4849 2467 4918 qui
2527 4846 2717 4917 gratiis
2765 4844 2986 4913 agendis
3043 4850 3233 4894 vacant
3269 4835 3585 4893 oeconomiae

2078 4936 2297 4997 moduin
2330 4943 2536 4994 edocet.
2585 4938 2788 4993 Deinde
2816 4935 3149 4991 credentium
3184 4947 3248 4985 ex
3272 4928 3434 4982 Israel
3464 4940 3585 4995 per-

2080 5047 2214 5086 sona
2243 5030 2629 5090 introducitur,
2671 5026 2977 5095 rogantium
3005 5016 3208 5078 remitti
3250 5019 3352 5073 sibi
3389 5028 3582 5084 peccao

2087 5133 2199 5177 tum
2231 5121 2647 5181 incredulitatis,
2699 5126 2861 5185 atque
2901 5108 3418 5168 una'enarrantium
3464 5118 3586 5173 qua:

2085 5213 2188 5267 sibi
2219 5212 2357 5266 mala
2388 5212 2458 5265 ob
2505 5209 2872 5263 inlidclitatcm
2903 5208 3218 5260 evenerunt.
3320 5276 3327 5283 ι

2074 5391 2125 5443 ‘2.
2155 5389 2475 5458 Exspectans
2492 5385 2780 5456 exspectavi
2800 5382 3097 5439 Dominum,
3126 5382 3176 5426 et
3194 5370 3415 5425 intendit
3434 5367 3580 5421 mihi.

2017 5481 2206 5536 Simile
2237 5480 2364 5535 huic
2391 5499 2405 5534 :
2432 5478 2496 5532 In
2526 5478 2778 5547 patientia
2821 5481 2989 5526 uestra
3026 5464 3357 5537 possidebitis
3379 5462 3584 5517 animas

2016 5582 2213 5626 uestras
2249 5569 2314 5622 ⁸³.

3493 328 3659 384 190’
