3976 6220
311 315 414 371 195

1386 302 1756 361 ΕΧΡΟΞΙἸΊΟ
1790 303 1860 358 IN
1898 300 2229 359 PSALMUM
2264 300 2507 355 XXXIX.

3451 304 3554 360 191

305 424 637 495 Μονογενοῦς
660 423 1042 493 διδασκόμενος
1067 422 1267 491 ἢκουσε
1293 434 1306 448 ·
1342 417 1497 473 Λαόἑ
1538 419 1724 487 τόμον
1760 434 1886 470 και-

2006 414 2131 468 'ium
2186 413 2434 476 edoctus,
2471 411 2677 467 audivit
2716 431 2729 466 :
2783 404 2973 482 Accipe
3013 416 3212 468 Ionium
3252 431 3463 480 novum,
3503 426 3556 472 et

306 519 438 583 νόν,
454 515 552 572 καί
577 514 816 583 γράψον
839 514 907 565 ἐν
929 509 1088 575 αὐτῷ
1119 507 1357 578 γραφίδι
1377 505 1711 575 ἀνθρώπου.
1735 505 1882 574 Συμ-

309 609 480 663 εαίνει
499 608 575 670 ὡς
601 606 701 659 οὐκ
722 607 779 657 ὲν
804 602 967 665 πλαξὶ
982 600 1230 663 λιθίναις,
1257 597 1393 652 ἀλλὰ
1421 597 1724 667 σαρκίναις,
1752 610 1884 664 γρα·

311 701 576 771 φήσονται
622 696 693 749 τὰ
724 695 1071 764 θεσπίσματα
1118 690 1211 744 τοῦ
1257 687 1445 743 καινοῦ
1473 689 1659 757 νόμον,
1701 685 1885 747 καθώς

313 809 443 862 φησι
475 791 542 843 δι’
576 787 840 860 Ἱερεμίου
878 785 970 838 τοῦ
994 785 1275 855 προφήτου
1296 800 1309 813 ·
1354 781 1563 846 Διδοὺς
1589 778 1760 832 δώσω
1784 779 1884 831 νό-

309 900 461 952 μους
486 897 608 949 μου
640 883 728 944 εἰς
751 878 866 947 τὴν
893 877 1164 931 διάνοιαν
1194 874 1416 935 αὐτῶν,
1465 870 1564 924 καί
1601 870 1699 923 ἐπὶ
1746 885 1885 937 καρ-

312 973 446 1038 δίας
466 970 668 1026 αὐτῶν
696 968 902 1039 γράψω
932 967 1173 1033 αὐτοὺς,
1208 966 1295 1018 ἵνα
1326 963 1494 1034 δηλοῖ,
1528 963 1609 1015 ὅτι
1644 962 1756 1023 τοῖς
1802 961 1887 1011 ὲν-

312 1065 552 1127 δοτάτοις
577 1065 672 1116 καὶ
700 1062 907 1132 νοητοῖς
927 1062 1025 1130 τῆς
1054 1057 1280 1129 καρδίας
1311 1054 1558 1125 ταμείοις
1586 1054 1620 1122 ἡ
1659 1050 1887 1120 Ἐκκλη-

316 1154 404 1206 σία
428 1153 521 1206 τὸν
556 1152 740 1205 καινὸν
772 1148 1139 1220 παραδέξηται
1184 1147 1368 1217 νόμον,
1414 1144 1510 1198 καὶ
1536 1144 1634 1206 τὰς
1669 1141 1887 1205 ἐντολὰς

316 1245 520 1316 σφόδρα
549 1244 775 1314 θελήσῃ.
1344 1224 1351 1235 ’

382 1333 892 1405 [Sinin-sxtade
911 1331 1308 1399 δικαιοσύνην
1328 1330 1398 1385 ἐν
1437 1328 1767 1397 Ἐκκλησία
1784 1345 1888 1397 με-

313 1425 489 1496 γάλῃ.
524 1422 822 1493 Ἐκκλησία
872 1422 1080 1493 μεγάλη
1117 1421 1150 1491 ἠ
1184 1418 1326 1473 κατὰ
1350 1420 1459 1473 πᾶν
1483 1418 1634 1481 ἔθνος
1662 1415 1887 1469 πιστεύ-

318 1535 456 1571 σασα
507 1515 585 1585 τῷ
640 1514 856 1584 Σωτῆρι
882 1513 1057 1584 ψυχή·
1114 1511 1149 1582 ἢ
1205 1512 1299 1564 καὶ
1350 1509 1696 1562 δεδικαίωται
1726 1507 1888 1562 αὐτὸν

318 1609 514 1678 ἔχουσα
542 1605 636 1658 τὸν
682 1603 999 1658 δικαιοῦντα
1050 1602 1143 1655 τὸν
1186 1600 1382 1669 ἀσεϐῆ.
1420 1598 1540 1668 Τὴν
1584 1597 1888 1651 δικαιοσύοε

316 1716 429 1765 νην
454 1714 572 1752 σου
609 1699 720 1750 οὐκ
749 1696 985 1764 ἔκρυψα
1014 1694 1084 1747 ἐν
1128 1692 1205 1762 τῇ
1248 1691 1462 1759 καρδίᾳ
1496 1707 1636 1759 μου.
1672 1690 1888 1742 Δικαιο-

1985 505 2155 559 scribe
2213 506 2271 556 in
2314 506 2426 571 ipso
2454 502 2592 570 stylo
2649 504 2877 559 hominis
2909 505 2973 558 ⁵⁷.
3033 504 3317 575 Contingit
3369 516 3550 561 autem

1985 611 2092 649 non
2124 596 2177 648 in
2202 595 2403 649 tabulis
2427 594 2678 663 lapideis,
2697 594 2790 648 sed
2825 595 3138 650 carnalibus
3159 597 3398 651 describi
3420 612 3555 665 pra:-

1984 695 2140 754 cepta
2170 700 2323 738 novat
2352 684 2525 754 legis:
2554 685 3016 753 quemadmodum
3056 686 3133 739 ait
3163 687 3252 740 ille
3282 702 3376 756 per
3400 686 3556 741 Jere-

1985 774 2150 827 miam
2183 775 2500 843 prophetam
2528 773 2604 827 ⁹⁸;
2632 770 2778 827 Dans
2803 773 2938 826 dabo
2966 774 3101 844 leges
3136 792 3279 831 meas
3328 778 3382 828 in
3412 792 3556 829 men-

1986 878 2087 920 tem
2113 867 2373 935 ipsorum.
2399 876 2449 919 et
2502 867 2559 919 in
2592 867 2747 919 corde
2773 882 2958 919 eorum
3004 867 3300 922 describam
3343 885 3456 932 eas,
3496 876 3559 922 ut

1984 956 2227 1010 declaret
2255 954 2500 1010 futurum
2532 963 2592 1008 ut.
2634 954 2878 1009 Ecclesia
2906 956 2958 1009 in
2988 957 3197 1011 intimis
3245 967 3301 1012 et
3348 958 3559 1012 intelli-

1985 1047 2243 1115 gibilibus
2275 1047 2458 1100 cordis
2475 1046 2836 1114 receptaculis
2865 1062 3060 1101 novam
3096 1047 3268 1117 legem
3300 1048 3555 1118 recipiat,

1985 1146 2042 1191 et
2067 1137 2325 1191 mandata
2355 1137 2609 1191 ardenter
2635 1137 2847 1207 diligat.

2057 1310 2144 1363 l0.
2177 1309 2793 1377 Annunlt'at't'juslitiam
2828 1311 2883 1364 in
2925 1309 3169 1364 Ecclesia
3204 1327 3419 1388 magna.
3454 1310 3561 1366 Ec-

1986 1400 2154 1456 clesia
2191 1415 2387 1469 magna
2433 1409 2519 1453 est
2549 1402 2804 1469 quaelibet
2840 1402 3024 1455 anima
3074 1416 3196 1469 quae
3231 1417 3327 1469 per
3368 1416 3562 1455 omnes

1988 1503 2180 1563 gentes
2217 1490 2488 1545 Salvatori
2544 1492 2796 1557 credidit,
2830 1507 2952 1561 qua:
2981 1493 3144 1546 etiam
3191 1484 3561 1558 justiﬁcatur‘,

1990 1596 2116 1636 eum
2145 1581 2354 1635 habens
2377 1580 2471 1649 qui
2501 1580 2767 1649 justiﬁcat
2806 1581 3057 1649 impium.
3085 1580 3371 1633 Justitiam
3415 1591 3564 1633 tuam

1991 1686 2094 1723 non
2134 1670 2388 1723 abscondi
2419 1671 2475 1722 in
2508 1671 2664 1723 corde
2702 1687 2837 1724 meo.
2859 1669 3136 1724 Justitiam
3172 1672 3242 1725 ab
3278 1671 3398 1739 ipso
3424 1686 3565 1739 prte-

320 1758 481 1859 ctiqu
538 1787 638 1858 μὲν
672 1787 774 1856 τὴν
810 1758 876 1839 δι’
904 1758 1083 1840 ταύτοῦ
1136 1758 1556 1853 κεκηρυγμένην
1591 1782 1743 1851 φησι,
1792 1780 1889 1851 τὴν

2006 1763 2225 1817 licatam
2250 1762 2522 1831 intelligit,
2552 1778 2672 1831 qua:
2693 1773 2778 1816 est
2812 1778 2978 1831 supra
3008 1763 3179 1831 legem
3214 1771 3268 1816 et
3291 1762 3562 1816 umbram.

318 1881 453 1948 ὑπὲρ
473 1880 639 1949 νόμον
670 1879 766 1931 καὶ
794 1878 952 1933 σκιάν
978 1894 992 1909 ·
1024 1876 1086 1929 τὸ
1119 1876 1197 1939 δὲ,
1216 1875 1423 1946 ἔγνως,
1461 1874 1581 1928 ἀντὶ
1617 1874 1731 1937 τοῦ,
1764 1874 1890 1926 ίδιο-

319 1971 548 2040 ποιήσω.
587 1967 705 2036 Τὴν
736 1966 1026 2033 ἀλήθειάν
1045 1981 1162 2021 σου
1192 1966 1291 2019 καὶ
1321 1965 1387 2019 τὸ
1422 1965 1727 2033 σωτήριόν
1774 1980 1891 2017 σου

316 2056 472 2114 cista.
503 2058 577 2112 Οὐ
614 2058 903 2129 σεσίγηκα,
948 2058 1102 2127 φησι,
1142 2057 1265 2110 οὐδὲ
1295 2055 1554 2126 συνέσχον
1579 2057 1638 2110 ὲν
1667 2052 1892 2125 ἐμαυτῷ

317 2150 413 2222 τήν
449 2149 708 2219 ἀλήθειάν
739 2165 854 2201 σου.
890 2147 1171 2219 Ἀλήθειαν
1198 2146 1256 2199 δέ
1293 2163 1425 2216 φησι
1449 2147 1510 2199 τὸ
1540 2144 1893 2214 εὐαγγελικὸν

319 2245 602 2315 κήρυγμα.
654 2241 793 2294 Ἀλλ’
823 2241 942 2294 οὐδὲ
964 2239 1173 2311 ἔκρυψα
1200 2239 1260 2291 τὸ
1294 2239 1558 2309 σωτήριόν
1586 2255 1700 2301 σου,
1739 2255 1894 2290 τουτ-

318 2334 431 2388 έστι
475 2333 579 2403 τῆς
627 2332 779 2403 παρὰ
827 2330 921 2385 σοῦ
969 2330 1220 2398 δοθείσης
1281 2330 1558 2401 σωτηρίας
1603 2329 1704 2398 τὴν
1753 2328 1892 2394 ὁδὸν,

320 2427 434 2496 ἦτοι
456 2424 558 2496 τὴν
578 2424 666 2477 διὰ
695 2423 798 2493 τῆς
824 2424 1058 2485 πίστεως
1088 2421 1266 2492 χάριν.
1294 2419 1625 2489 Συναγωγὴν
1665 2418 1723 2472 δὲ
1763 2417 1895 2471 πολ-

288 2586 291 2587 ν
321 2517 435 2588 λήν,
460 2516 561 2586 τήν
596 2517 661 2567 ὲκ
690 2514 785 2567 τοῦ
826 2513 1042 2584 Ἰσραὴλ
1075 2513 1169 2566 καὶ
1211 2512 1320 2564 τῶν
1355 2511 1524 2565 ἐθνῶν
1550 2507 1898 2578 συνειλεγμέ-

322 2624 417 2678 νην
456 2605 787 2676 Ἐκκλησίαν
813 2605 1003 2674 φησίν.
1045 2602 1446 2657 Ἀποκαλύπτει
1475 2602 1584 2673 γὰρ
1612 2601 1640 2652 ό
1663 2598 1899 2670 Χριστὸς

322 2700 448 2763 τοὺς
477 2699 608 2770 περὶ
642 2697 826 2761 ἐλέους
865 2698 960 2749 καὶ
985 2696 1245 2767 ἀληθείας
1288 2696 1481 2763 λόγους
1517 2697 1584 2766 τῇ
1627 2693 1788 2763 φύσει
1830 2695 1896 2764 τῇ

324 2791 537 2861 λογικῇ,
571 2790 667 2842 καὶ
698 2789 826 2851 τοὺς
855 2789 984 2859 περ)⁸
1019 2788 1315 2859 σωτηρίας.
1346 2786 1456 2839 Kal
1484 2787 1610 2849 τοὺς
1651 2785 1749 2856 μὲν
1772 2785 1900 2856 περὶ

325 2880 580 2952 ἀληθείας
604 2879 796 2949 λόγους
824 2880 1044 2950 εὑρήσει
1069 2881 1127 2933 ὲν
1146 2881 1213 2950 τῇ
1254 2878 1478 2950 θεωρία,
1511 2877 1637 2940 τοὺς
1668 2875 1747 2930 δὲ-
1771 2875 1901 2947 περὶ

328 2973 607 3043 σωτηρίας
630 2973 688 3026 ὲν
716 2974 783 3043 τῇ
816 2973 1116 3042 πρακτικῇ.

1993 1853 2128 1908 Illud
2150 1862 2356 1918 autem,
2388 1862 2443 1906 tu
2481 1855 2652 1918 scisti,
2705 1854 2970 1923 positum,
3006 1869 3103 1922 pro
3157 1854 3250 1907 tibi
3285 1854 3566 1921 proprium

1994 1944 2192 2000 fecisti.
2235 1944 2521 1998 Veritatem
2550 1954 2696 1997 tuam
2723 1953 2772 1996 et
2806 1948 3045 1997 salutare
3096 1953 3246 1996 tuum
3276 1943 3410 1996 dixi.
3448 1940 3566 1995 Non

1993 2035 2121 2091 silui
2173 2051 2349 2105 neque
2382 2035 2582 2091 retinui
2637 2035 2691 2089 in
2723 2036 3046 2104 memetipso
3076 2034 3356 2108 veritatem
3395 2042 3567 2089 tuam.

2003 2124 2300 2179 Veritatem
2330 2133 2512 2178 autem
2544 2124 2643 2189 ait,
2689 2124 3060 2193 evangelieam
3105 2124 3567 2192 praedicationem.

1993 2213 2183 2284 Neque
2211 2216 2451 2270 salutare
2489 2225 2641 2268 tuum
2684 2215 2969 2279 abscondi,
3018 2214 3071 2267 id
3105 2222 3210 2273 est.
3251 2213 3444 2267 salutis
3472 2213 3571 2267 abs

1994 2319 2047 2365 te
2077 2312 2218 2365 data:
2245 2310 2543 2377 viam,sive
2562 2310 2793 2377 gratiam
2827 2325 2950 2377 quae
2967 2323 3061 2377 per
3093 2308 3253 2361 [idem
3271 2308 3571 2365 obtinetur.

1993 2397 2299 2451 Concilium
2325 2406 2509 2450 autem
2548 2396 2782 2450 multum
2828 2397 2903 2449 ait
2947 2396 3245 2449 Eeclesiam
3275 2411 3341 2448 ex
3376 2394 3571 2448 Israele

1994 2496 2049 2542 et
2076 2503 2143 2540 ex
2170 2488 2423 2556 gentibus
2456 2499 2860 2555 eongregatam.
2911 2485 3132 2540 Revelat
3156 2485 3356 2553 quippe
3382 2483 3570 2537 Domi-

1998 2592 2102 2631 nus
2142 2586 2353 2631 naturae
2399 2575 2654 2630 rationali
2710 2588 2993 2631 sermones
3017 2576 3083 2630 de
3126 2574 3497 2629 misericordia
3520 2582 3574 2628 et

2005 2671 2255 2736 veritate,
2290 2678 2343 2724 et
2367 2684 2652 2725 sermones
2679 2671 2747 2724 de
2770 2670 2967 2724 salute.
3018 2668 3086 2724 Et
3116 2684 3399 2724 sermones
3442 2668 3573 2737 qui-

2006 2760 2127 2814 dem
2159 2760 2226 2813 de
2256 2759 2485 2814 veritate
2515 2760 2757 2814 inveniet
2787 2759 2953 2813 homo
2989 2760 3043 2813 in
3069 2759 3569 2829 contemplatione:

2000 2865 2289 2906 sermones
2323 2860 2505 2905 autem
2534 2851 2603 2906 de
2628 2851 2823 2915 salute,
2853 2851 2908 2904 in
2943 2851 3179 2907 actione.
3492 2834 3517 2847 ~

394 3060 479 3114 Σὺ
509 3059 599 3123 δὲ,
632 3062 833 3127 Κύριε.
878 3059 965 3129 μὴ
1010 3059 1326 3128 μακρύνῃς
1378 3057 1522 3124 τοὺς
1563 3054 1900 3125 οίκτιρμούς

2073 3062 2158 3115 12.
2202 3061 2279 3115 Tu
2304 3070 2501 3127 autem,
2545 3061 2786 3122 Domine.
2822 3078 2885 3116 ne
2912 3063 3068 3132 longe
3118 3062 3288 3131 facias
3344 3063 3570 3117 misera-

329 3166 443 3205 σου
466 3152 570 3205 ἀπ’
615 3150 783 3220 ἐμοῦ.
815 3150 1135 3216 Διδάξαντος
1161 3148 1257 3203 τοῦ
1286 3148 1524 3220 Χριστοῦ
1549 3147 1612 3199 τὸ
1645 3146 1774 3217 περὶ
1804 3146 1902 3216 τῆς

327 3239 640 3309 οἰκονομίας
672 3241 987 3309 μυστήριον,
1023 3236 1390 3307 είσκομίζεται
1430 3234 1525 3287 τοῦ
1584 3232 1807 3306 Ἰσραὴλ
1843 3232 1906 3286 τὸ

330 3332 621 3404 πρόσωπον
645 3330 738 3383 τοῦ
771 3330 1051 3401 μείναντος
1090 3329 1147 3380 ὲν
1180 3326 1453 3398 ἀπειθείᾳ.
1495 3326 1581 3389 Ὠς
1607 3325 1718 3398 γὰρ
1746 3326 1905 3377 aut-

330 3421 500 3494 θήσας
528 3419 609 3490 τῷ
640 3419 780 3473 ὲλὲει
820 3418 915 3473 τοῦ
952 3417 1111 3483 Θεοῦ,
1147 3419 1239 3471 καὶ
1278 3416 1367 3470 διὰ
1407 3415 1566 3469 τοῦτο
1615 3431 1907 3487 παρεωρα-

334 3513 511 3583 μένος,
538 3513 634 3565 καὶ
670 3512 731 3565 ὲν
761 3510 925 3565 παντὶ
967 3509 1205 3579 γεγονὼς
1237 3507 1414 3578 κακῷ,
1460 3508 1722 3578 ἀνανήφει
1769 3504 1907 3577 πρὸς

339 3605 700 3673 μετάγνωσιν,
729 3600 1199 3672 κατοικτείρεσθαι
1239 3598 1591 3670 παρακαλῶν.
1641 3597 1909 3668 Σημαίνε-

332 3713 419 3748 ται
450 3695 510 3748 δὲ
538 3696 572 3765 ή
604 3696 688 3747 ἐπ’
723 3694 955 3764 ἐσχάτου
994 3691 1189 3764 καιροῦ
1219 3689 1559 3762 γενησομένη
1592 3688 1785 3759 κλῆσις
1812 3688 1908 3742 αὺ-

334 3788 456 3842 τῶν.
491 3787 563 3842 Τό
583 3787 758 3851 ἔλεός
786 3801 901 3840 σου
930 3785 1026 3839 καί
1068 3785 1107 3852 ’ἠ
1146 3781 1396 3849 ἀλήθειά
1422 3799 1541 3836 σου
1585 3779 1909 3845 διαπαντὸς

335 3878 746 3934 ἀντιλάϐοιντό
769 3895 907 3946 μου.
942 3874 1358 3947 Ὀμολογοῦμεν,
1402 3873 1584 3944 φησιν,
1617 3872 1701 3925 ὅτι
1746 3870 1908 3932 αὐτὸς

339 3964 415 4032 εἷς
440 3970 470 4021 ό
501 3967 669 4022 πάλαι
701 3966 888 4031 eang
908 3967 1059 4037 ἡμᾶς
1086 3966 1182 4019 καὶ
1213 3962 1764 4034 ἀντιλαμϐανόμενος.
1801 3960 1911 4012 Kal.

337 4060 573 4130 τυχοῦσα
604 4060 703 4131 τῆς
731 4059 1004 4131 σωτηρίας
1030 4060 1063 4129 ή
1087 4056 1179 4110 τοῦ
1218 4052 1354 4109 Θεοῦ
1390 4050 1706 4124 Ἐκκλησία,
1739 4051 1910 4104 δεῖται

342 4154 500 4208 πάλιν
521 4153 623 4222 τῆς
652 4151 746 4205 τοῦ
778 4151 914 4204 Θεοῦ
948 4149 1288 4222 προμηθείας
1319 4145 1407 4199 διὰ
1430 4144 1529 4208 τὰς
1563 4142 1910 4206 παντοδαπὰς

340 4247 444 4299 τῶν
473 4244 776 4317 ἀνθρώπων
821 4244 915 4297 καὶ
946 4242 1212 4311 δαιμόνων
1260 4235 1678 4299 ἐπαναστάσεις,
1727 4227 1801 4289 ὧν
1847 4235 1909 4286 ὲν

340 4341 450 4401 τοῖς
479 4337 606 4406 ἑξῆς
637 4336 858 4406 μνήμην
886 4335 1144 4390 ποιεῖται.

2006 3153 2172 3207 tiones
2200 3165 2320 3207 tuas
2354 3168 2387 3205 a
2415 3168 2514 3207 me.
2574 3149 2869 3220 Postquam
2916 3153 3105 3206 docuit
3135 3150 3392 3206 Christus
3421 3167 3543 3207 (nco
3574 3184 3579 3189 ο

2006 3243 2205 3297 nomia:
2236 3242 2579 3313 mysterium,
2608 3243 2823 3297 inducit
2871 3240 3089 3295 lsraelis
3121 3256 3436 3310 personam,
3478 3243 3577 3310 qui

2007 3330 2061 3384 in
2115 3332 2497 3386 incredulitate
2529 3331 2853 3400 permansit.
2916 3330 2985 3385 Ut
3027 3342 3247 3398 autem,
3309 3333 3573 3401 quoniam

2016 3421 2415 3476 misericordias
2470 3419 2566 3476 Dei
2633 3437 2739 3475 non
2794 3422 3208 3492 obtemperavit,
3240 3422 3578 3492 neglectusa

2007 3510 2117 3566 Deo
2143 3520 2245 3575 est,
2268 3518 2322 3564 et
2359 3511 2525 3565 nullis
2557 3525 2664 3564 non
2686 3510 2912 3565 allectus
2951 3520 3032 3565 est
3061 3511 3220 3565 malis
3245 3528 3261 3578 ;
3288 3510 3580 3579 resipscit,

2008 3603 2411 3672 etvptenitentia
2466 3612 2647 3656 motus
2674 3610 2830 3672 rogat
2875 3611 2945 3656 ut
2976 3617 3043 3655 ex
3075 3602 3452 3656 misericordia
3481 3617 3573 3656 se-

2013 3704 2137 3744 cum
2166 3700 2380 3758 agatur.
2415 3688 2767 3759 Signiticatur
2791 3699 2976 3743 autem
3010 3689 3325 3744 Judaaorum
3365 3692 3580 3745 vocatio

2008 3778 2268 3831 extremis
2322 3777 2661 3845 temporibus
2712 3777 2916 3830 futura.
2971 3777 3344 3830 Misericordia
3381 3786 3474 3830 tua
3527 3787 3577 3830 et

2008 3868 2197 3920 veritas
2229 3876 2320 3921 tua
2351 3883 2551 3935 semper
2571 3868 2862 3936 suscipiant
2904 3883 3007 3920 me.
3065 3866 3425 3932 Contitemur,
3474 3868 3575 3931 ait,

2011 3965 2062 4011 te
2088 3958 2217 4010 olim
2273 3956 2443 4011 fuisse
2473 3957 2566 4026 qui
2604 3972 2704 4010 nos
2736 3957 3011 4022 servabas,
3060 3966 3114 4010 et
3144 3956 3398 4025 praesidio
3423 3957 3585 4010 nobis

2010 4060 2154 4100 eras.
2189 4045 2255 4099 Et
2295 4046 2423 4100 olim
2452 4045 2678 4099 salutem
2705 4054 2997 4099 consecuta
3026 4043 3117 4097 Dei
3153 4042 3396 4099 Ecclesia
3426 4056 3584 4113 rogat

2011 4137 2212 4191 iterum
2264 4135 2359 4191 Dei
2416 4135 2811 4205 providentiam
2863 4145 2917 4190 et
2968 4134 3256 4199 auxilium,
3308 4138 3577 4189 adversus

2012 4228 2344 4298 multiplices
2374 4227 2655 4281 hominum
2686 4237 2849 4296 atque
2879 4226 3189 4280 dagmonum
3224 4226 3581 4296 irruptiones,

2016 4334 2251 4390 quarum
2279 4317 2598 4372 memoriam
2626 4318 2679 4371 in
2716 4317 3074 4386 sequentibus
3098 4317 3229 4387 agit.

3348 4378 3377 4397 Β

422 4432 552 4481 Ὀτι
582 4427 906 4496 περιέσχον
924 4442 1002 4495 με
1029 4424 1183 4478 κακά
1200 4415 1288 4476 ὧν
1309 4425 1420 4477 οὐκ
1457 4423 1627 4477 ἐστιν
1642 4421 1901 4490 ἀριθμός.

2085 4410 2172 4464 15.
2207 4408 2470 4475 Quoniam
2519 4409 2973 4463 circumdederunt
3020 4424 3100 4461 me
3132 4407 3301 4473 mala,
3358 4422 3585 4478 quorum

342 4520 422 4575 Τὰ
457 4520 597 4591 μετὰ
617 4518 714 4590 τὴν
743 4517 998 4571 ἀπιστίαν
1026 4514 1125 4586 τήν
1148 4516 1227 4578 είς
1256 4513 1491 4584 Χριστὸν
1524 4511 1910 4583 συμδεδηκὸτα

344 4612 524 4673 αὐτοῖς
548 4609 815 4680 διηγεῖται
855 4605 1022 4659 κακά.
1071 4604 1578 4671 Ἐπληθὺνθησαν
1607 4601 1759 4669 ὑπὲρ
1804 4599 1911 4666 τὰς

344 4704 546 4771 τρίχας
561 4699 673 4768 τῆς
691 4695 957 4768 κεφαλῆς
976 4713 1114 4765 μου,
1148 4694 1295 4762 καὶὴ
1336 4693 1550 4761 καρδία
1566 4709 1684 4761 μου
1707 4692 1913 4761 ἐγκατ-

344 4792 511 4847 έλιπέ
560 4809 658 4861 με.
702 4792 921 4860 Ὅμοιον
947 4788 1080 4841 ὡσεὶ
1113 4786 1334 4855 ἔλεγεν·
1381 4785 1524 4847 Ἰσος
1548 4783 1747 4852 γέγονα
1798 4784 1912 4845 τοῖς

345 4884 439 4938 οὐκ
467 4883 651 4953 ἔχουσι
678 4879 855 4951 νοῦνῆ
884 4879 1107 4951 καρδίαν
1127 4893 1142 4908 ο
1174 4877 1361 4945 γέγονε
1401 4874 1509 4947 γὰρ
1549 4874 1674 4937 λαδς
1710 4872 1911 4944 μωρὸς,

349 4975 439 5027 καὶ
465 4974 586 5044 οὐχὶ
617 4971 801 5041 σοφός.

424 5061 981 5130 Ἀποστραέρείησαν
1004 5061 1091 5126 είς
1112 5058 1183 5112 τὰ
1213 5057 1405 5111 ὀπίσω
1427 5056 1523 5109 καὶ
1558 5071 1917 5124 καταισχυν-
1952 5050 1959 5059 “

352 5157 587 5224 θείησαν
625 5157 679 5208 οἱ
729 5151 1009 5217 θέλοντές
1052 5167 1156 5220 μοι
1216 5146 1390 5201 κακά.
1431 5147 1501 5198 Ἦ
1557 5145 1666 5198 τῶν
1712 5144 1918 5215 νοητῶν

352 5241 551 5318 ίχθρῶν
585 5243 950 5305 καταϐοῶσιν,
985 5241 1018 5311 ἢ
1047 5240 1155 5293 τῶν
1192 5236 1572 5310 Γραμματέων
1605 5236 1699 5288 καὶ
1749 5237 1917 5307 Φαρι-

353 5337 510 5390 σαίων
531 5335 640 5389 τῶν
662 5332 1163 5397 ἐπιϐουλευσάντων
1194 5332 1260 5399 τῇ
1311 5326 1554 5397 σωτηρία
1593 5326 1693 5395 τῆς
1741 5324 1918 5395 ψυχῆς

352 5427 525 5494 αὐτοῦ,
584 5426 863 5496 λεγόντων
915 5421 1095 5475 αὐτῶν
1142 5420 1270 5490 περὶ
1327 5420 1567 5488 Χριστου
1626 5415 1754 5468 ποτὲ
1798 5415 1918 5485 μέν’

355 5520 464 5572 οὐκ
488 5518 782 5573 ἐκϐάλλει
811 5513 889 5568 τὰ
914 5512 1185 5580 δαιμόνια
1223 5513 1276 5564 εί
1300 5508 1387 5578 μὴ
1415 5508 1485 5561 ἐν
1518 5504 1876 5567 Βεελζεὸούλ
1902 5520 1918 5536 ⁸

352 5610 466 5663 ποτὲ
488 5611 562 5665 δέ’
596 5609 931 5677 Δαιμόνιον
956 5604 1139 5672 ἔχεις,
1155 5604 1246 5669 τίς
1274 5618 1347 5655 σε
1370 5598 1529 5667 ζητεῖ
1546 5598 1920 5659 detonsis-ar;

2017 4516 2121 4554 non
2147 4509 2224 4554 est
2271 4497 2707 4567 numerus._Mala
2747 4506 2994 4553 recenset
3030 4510 3154 4566 qua:
3216 4496 3351 4565 ipsis
3383 4510 3584 4551 secun-

2017 4592 2147 4647 dum
2182 4605 2339 4646 suam
2370 4604 2497 4659 erga
2514 4588 2795 4643 Christum
2824 4588 3195 4641 inﬁdelitatem
3220 4587 3581 4640 obvenerunt.

2022 4680 2399 4751 .llultiplicatte
2433 4689 2555 4735 sunt
2586 4695 2742 4748 super
2772 4678 2994 4740 capillos
3025 4677 3217 4746 capitis
3243 4676 3364 4742 mei,
3398 4688 3445 4729 et
3496 4691 3591 4727 cur

2019 4789 2187 4826 meum
2216 4771 2495 4840 dereliquit
2523 4786 2618 4823 me.
2652 4769 2880 4823 Perinde
2901 4778 2984 4823 est
3013 4782 3078 4822 ac
3119 4767 3166 4820 si
3198 4766 3403 4820 diceret
3446 4782 3460 4819 :
3498 4763 3587 4817 Si-

2020 4863 2170 4917 milis
2198 4861 2277 4916 l‘ui
2316 4861 2396 4916 eis
2425 4861 2517 4930 qui
2564 4873 2663 4914 nec
2691 4868 2926 4913 mentem
2959 4874 3061 4914 nec
3087 4873 3181 4912 cor
3208 4857 3432 4913 habent.
3482 4853 3591 4908 Fa-

2016 4963 2138 5008 ctus
2164 4961 2250 5007 est
2266 4952 2411 5006 enim
2444 4950 2679 5020 populus
2713 4950 2918 5004 stultus
2947 4958 3000 5004 et
3048 4948 3337 5018 insipiens.

2089 5044 2177 5099 15.
2230 5044 2552 5097 Avertantur
2594 5050 2883 5095 retrorsum
2940 5049 2990 5095 et
3018 5042 3325 5095 erubescant
3374 5037 3465 5106 qui
3498 5051 3588 5088 vo—

2020 5137 2135 5192 lunt
2179 5136 2310 5189 mihi
2355 5134 2520 5190 mala.
2554 5133 2663 5187 Aut
2693 5134 2958 5188 adversus
2987 5132 3297 5203 spirituales
3333 5128 3590 5183 inimicos

2019 5229 2348 5290 exclamant,
2386 5235 2480 5280 aut
2516 5226 2777 5280 adversus
2803 5226 3026 5280 Scribas
3056 5236 3110 5279 et
3145 5220 3587 5288 Pharisaaos,qui

2024 5320 2186 5376 saluti
2226 5319 2421 5382 anima:
2465 5317 2585 5386 ejus
2616 5316 3014 5372 insidiabantur
3051 5315 3118 5369 de
3145 5313 3366 5368 Christo
3400 5309 3591 5365 dicen-

2025 5423 2128 5477 tes,
2157 5407 2491 5465 modo:Non
2513 5409 2661 5479 ejicit
2697 5408 2961 5462 dwmonia
2991 5394 3093 5459 nisi
3124 5406 3179 5457 in
3205 5401 3483 5457 Beelzebul
3508 5399 3588 5465 ”;

2026 5503 2225 5557 modo:
2285 5500 2612 5556 Demetrium
2665 5499 2861 5564 habes,
2902 5497 3020 5566 quis
3069 5506 3115 5551 te
3152 5495 3342 5566 qua'rit
3383 5489 3591 5561 interﬁ-

2028 5611 2140 5648 cere
2166 5594 2216 5647 ’ἲ

407 5704 448 5733 ’⁷
481 5703 576 5761 lsa.
618 5717 752 5766 vm,
793 5699 844 5753 1.
918 5697 963 5729 ⁸⁸
993 5694 1189 5751 Jerem.
1215 5711 1360 5761 xxxi,
1398 5693 1486 5748 '53.
1563 5698 1608 5729 θ’
1635 5690 1824 5745 Matth.
1864 5705 1962 5757 xu,
1995 5690 2084 5743 2i.
2164 5690 2177 5719 ¹
2210 5685 2379 5740 Joan.,
2403 5699 2474 5738 vn
2525 5683 2614 5736 20.
