3976 6220
409 299 508 352 195

478 411 562 466 18.
588 410 699 480 Ego
731 418 907 464 autem
939 411 1208 463 mendicus
1260 425 1374 463 sum
1433 417 1483 463 et
1531 423 1749 477 pauper,
1782 404 1962 459 Domi—
1994 407 2040 464 Α

1245 295 1304 350 S.
1345 292 1718 348 ATllANASll
1758 290 1908 346 OPP.
1952 290 2127 345 PARS
2174 293 2260 347 Ill.
2298 325 2362 337 --
2401 294 2816 351 EXEGETICA.

3531 302 3633 357 {96

2148 408 2288 477 Ἐγὼ
2317 408 2385 462 δὲ
2414 412 2649 477 πτωχός
2673 411 2789 476 ειμι
2821 408 2918 461 καί
2959 407 3182 476 πένηςῖ
3216 410 3430 478 Κύριος
3453 428 3641 480 φρον-

405 519 503 556 nus
529 502 791 555 sollicitus
812 502 923 555 erit
972 501 1095 553 mei.
1133 499 1299 553 Israel
1346 499 1435 553 ille
1491 500 1621 552 olim
1667 496 1963 558 admodum

2067 500 2180 552 τιεῖ
2198 518 2337 569 μου.
2391 502 2447 554 '0
2491 501 2631 553 πάνυ
2662 500 2866 571 θρασὺς
2911 499 3146 571 Ἰσραὴλ,
3183 501 3242 553 ὲν
3296 502 3635 571 μεταγνώσει

406 594 556 647 ferox
592 594 659 646 ad
708 592 1079 661 prenitentiam
1140 605 1356 655 versus,
1408 604 1530 644 sese
1586 578 1879 658 pauperem
1904 594 1959 641 et

405 683 710 736 mendicum
765 690 944 736 vocat.
988 680 1054 734 Et
1108 681 1355 751 adjungit
1381 697 1441 736 se
1480 680 1773 735 Dominum
1806 695 1958 749 spem

405 772 604 826 habere
628 787 802 824 suam.
866 784 873 793 ‘

472 860 700 929 Adjutor
730 878 871 914 meus
904 872 950 915 et
973 871 1237 931 protector
1264 878 1406 915 meus
1447 871 1502 915 tu
1527 878 1602 927 es,
1622 861 1761 916 Deus
1793 878 1958 923 meus,

403 964 465 1001 ne
494 952 805 1004 tardaret-is.
849 951 961 1017 (l2)
998 951 1187 1004 Daniel
1210 951 1498 1007 Barbarus.
1535 951 1688 1006 Hunc
1730 953 1957 1016 exitum,

401 1038 594 1106 inquit,
621 1039 838 1093 habebit
864 1039 1131 1104 Ecclesia,
1178 1049 1234 1094 ut
1268 1056 1391 1110 quae
1443 1043 1595 1110 prius
1624 1057 1827 1111 pauper
1856 1041 1959 1095 fuit

397 1136 451 1179 ct
489 1128 778 1181 inmundo
826 1129 1007 1198 inopia
1057 1132 1290 1199 graviter
1340 1143 1696 1199 premeretur,
1742 1132 1955 1185 tandem

399 1219 634 1285 potentia
659 1229 747 1271 tua
779 1219 1000 1282 ditetur,
1039 1231 1091 1274 et
1126 1222 1332 1275 auxilio
1360 1232 1454 1275 tuo
1481 1223 1717 1290 gloriosa
1762 1224 1952 1277 redda-

396 1313 504 1368 tur,
536 1306 680 1372 quod
706 1307 835 1375 petit
878 1322 945 1361 ne
981 1308 1035 1361 in
1071 1309 1291 1377 longqu
1338 1312 1708 1378 protrahatur,
1742 1319 1795 1364 et
1822 1325 1953 1379 pro-

394 1406 515 1464 pter
550 1397 670 1464 ejus
715 1398 1026 1465 petitionem
1073 1400 1210 1452 nihil
1252 1400 1577 1463 morabitur,
1628 1400 1786 1469 juxta
1819 1400 1951 1454 illud

393 1488 543 1556 quod
578 1488 779 1541 dicitur
810 1490 830 1521 ²
857 1508 872 1542 :
922 1488 1141 1543 Veniens
1172 1493 1336 1543 veniet
1370 1501 1417 1544 et
1449 1509 1551 1545 non
1584 1493 1841 1548 tardabit.

631 1574 774 1630 1.1::
799 1577 957 1646 ﬁnem
992 1578 1327 1635 essurus
1360 1582 1550 1636 David.
1586 1582 1704 1637 XL.

967 1669 1367 1737 Argumentum.

2063 588 2372 657 γενόμενος,
2402 588 2607 657 πένητα
2631 588 2726 640 καὶ
2758 589 2969 656 πτωχὴν
2990 589 3181 641 ἑαυτὸν
3210 590 3489 643 ἁποκαλει.
3521 592 3635 646 Καὶ

2070 676 2174 747 μὴν
2199 678 2289 731 καὶ
2318 679 2479 731 αὐτὸν
2515 680 2657 749 ἔχειν
2686 678 2776 731 τὸν
2803 678 3005 751 Κύριον
3045 680 3145 751 τὴν
3178 679 3365 733 ἐλπίδα
3397 682 3629 753 ὲπιγρά⁸

2064 783 2238 835 φεται.

2134 860 2358 925 Βοηθός
2382 877 2498 929 μου
2547 859 2646 912 καὶ
2695 858 3154 927 ὑπερασπιστὴς
3178 877 3298 928 μου
3339 859 3395 916 εἴ
3442 863 3523 916 σύ
3547 879 3560 893 ·
3594 867 3629 918 ὁ

2062 949 2206 1012 Θεός
2240 966 2381 1016 μου,
2423 949 2503 1016 μὴ
2555 951 2865 1017 χρονίσῃς.
2900 950 2994 1013 Εἰς
3041 950 3098 1004 δὲ
3145 952 3316 1003 ταῦτα
3365 951 3433 1004 τὰ
3470 951 3627 1022 τέλη,

2061 1038 2212 1107 φησὶ,
2249 1039 2580 1108 προϐήσεται
2611 1042 2643 1110 ἠ
2702 1040 2992 1110 Ἐκκλησία
3030 1042 3388 1112 πτωχεύσασα
3430 1044 3629 1114 πρότε-

2061 1145 2152 1195 ρον
2184 1128 2277 1180 καί¹
2302 1127 2389 1181 διὰ
2416 1129 2605 1192 πενίας
2644 1128 2846 1200 πολλῆς
2896 1129 3126 1184 ἐλθοῦσα
3170 1133 3227 1184 ὲν
3275 1132 3483 1201 κόσμῳ,
3530 1133 3629 1187 καὶ

2056 1220 2121 1287 τῇ
2155 1218 2303 1287 παρὰ
2339 1218 2429 1270 σοῦ
2459 1218 2805 1289 πλουτήσασα
2839 1219 3084 1290 δυνάμει,
3113 1223 3205 1273 καὶ
3236 1224 3301 1291 τῇ
3336 1223 3484 1296 παρὰ
3529 1222 3624 1275 σοῦ

2054 1303 2369 1369 δοξασθείσα
2404 1308 2693 1378 ἐπικουρίᾳ
2717 1347 2732 1369 ,
2774 1309 2840 1379 ἣν
2874 1310 3017 1361 αἰτεῖ
3052 1310 3125 1379 μὴ
3160 1311 3428 1381 χρονίζειν
3456 1352 3470 1375 ,
3526 1311 3624 1364 καὶ

2053 1395 2140 1448 διὰ
2171 1396 2269 1465 τὴν
2297 1396 2511 1466 αἴτησιν
2546 1398 2604 1449 οὐ
2639 1401 2859 1467 χρονιεῖ,
2900 1401 3041 1453 καθὰ
3073 1400 3290 1468 λέγεται
3320 1402 3401 1454 τόο
3443 1405 3495 1455 '0
3528 1402 3625 1471 ἐρ-

2053 1485 2309 1551 χόμενος
2342 1483 2493 1550 ἣξει,
2519 1485 2617 1538 καί
2646 1489 2716 1539 οὐ
2746 1487 2986 1555 χρονιεῖ.

2229 1579 2333 1643 Είς
2365 1577 2427 1630 τὸ
2456 1579 2630 1644 τέλος
2664 1582 2971 1635 ΨΑΛΜΟΣ
3009 1581 3088 1647 τῷ
3117 1583 3317 1637 Δαυΐδ.
3351 1587 3441 1638 M'.

2376 1667 2711 1733 ’Υπόθεσις⁸
2746 1668 2981 1738 (Incerto
3018 1674 3274 1744 auclore.)

388 1751 635 1811 PraeScns
690 1759 932 1827 psalmus
963 1736 1153 1815 beatos
1203 1765 1461 1831 praedicat
1511 1779 1608 1820 eos
1642 1766 1736 1834 qui
1777 1765 1951 1820 credi-

2064 1757 2123 1809 Ὀ
2153 1756 2507 1827 προκείμενος
2534 1736 2764 1828 ψαλμὸςή
2787 1762 3080 1832 μακαρίζει
3124 1736 3265 1827 τοὺς,
3296 1764 3620 1819 πιστεύσαν-

460 1847 660 1901 derunt
687 1850 737 1902 in
768 1851 943 1918 ipsum
990 1852 1293 1918 Christum,
1324 1856 1415 1923 qui
1467 1872 1598 1911 sane
1633 1859 1754 1912 lidei
1808 1874 1949 1927 prae-

460 1937 566 1989 mia
600 1939 733 2006 ipsis
756 1940 979 2000 tribuit,
1033 1957 1194 1996 suum
1233 1944 1439 1997 scilicet
1468 1945 1753 1999 auxilium.
1785 1945 1950 2000 Indu-

461 2025 604 2079 citur
628 2038 807 2081 autem
850 2030 965 2099 ipsa
995 2031 1300 2087 Salvatoris
1336 2049 1569 2102 persona
1616 2036 1949 2092 maledicens

464 2113 675 2171 Iudaici
704 2122 886 2189 populi
933 2123 1291 2192 principibus,
1331 2125 1566 2180 maxime
1598 2136 1778 2181 autem
1829 2142 1950 2182 om-

458 2208 630 2272 nium,
659 2212 945 2277 proditori.

454 2295 508 2349 2.
541 2297 737 2351 Beatus
761 2301 850 2369 qui
901 2302 1153 2371 intelligit
1190 2321 1347 2373 super
1383 2322 1598 2375 egenum
1635 2316 1686 2361 et
1742 2325 1943 2377 paupe-

386 2402 513 2439 rem.
549 2385 789 2457 Egenum
837 2399 893 2443 et
925 2407 1219 2461 pauperem
1250 2395 1529 2450 Christum
1567 2406 1746 2460 vocat,
1777 2398 1936 2466 juxta

384 2473 436 2526 id
485 2477 629 2544 quod
658 2476 863 2531 dictum
897 2487 983 2532 est
1015 2480 1073 2532 ἰ
1119 2480 1273 2534 Dives
1306 2498 1425 2534 cum
1454 2493 1615 2549 esset,
1638 2485 1787 2553 inops
1817 2502 1939 2554 pro.

379 2574 494 2633 pter
520 2581 614 2619 nos
667 2568 881 2635 effectus
910 2578 1008 2624 est.
1043 2570 1297 2625 Moralem
1340 2572 1445 2627 hoc
1477 2574 1600 2627 loco
1628 2575 1935 2629 doctrinam

380 2657 639 2723 praemisit
671 2659 987 2725 prophetiae,
1025 2670 1081 2715 ut
1110 2678 1176 2715 ex
1203 2664 1412 2730 psalmo
1444 2664 1651 2718 utilitas
1683 2667 1941 2735 utrinque

379 2744 705 2811 proveniret.
760 2745 1000 2816 Ecquem
1056 2750 1276 2805 beatum
1318 2754 1612 2821 praedicat?
1663 2769 1786 2808 eum
1843 2756 1939 2824 qui

380 2832 630 2901 intelligit
651 2849 816 2902 super
846 2851 1074 2903 egenum
1098 2849 1150 2892 et
1177 2856 1488 2909 pauperem.
1538 2843 1789 2898 videlicet
1813 2860 1936 2898 cum

340 2982 349 2988 ,
378 2923 472 2991 qui
506 2923 710 2992 cogitat
731 2928 897 2993 quod,
923 2927 1085 2995 hujus
1116 2932 1290 2999 gratia
1324 2931 1599 2998 Christus,
1624 2935 1777 2989 dives
1811 2951 1936 2990 eum

375 3023 543 3078 esset,
579 3031 783 3085 pauper
812 3017 1036 3072 effectus
1079 3031 1183 3085 est,
1217 3030 1275 3075 ut
1329 3037 1428 3077 nos
1461 3040 1682 3094 quoque
1728 3042 1930 3096 paupe~

376 3118 497 3156 rum
533 3112 714 3171 utpote
744 3105 971 3160 fratrum
999 3106 1289 3164 Creatoris'
1314 3124 1367 3166 et
1391 3112 1591 3181 judicis
1616 3117 1786 3169 nostri
1829 3118 1935 3170 mi-

373 3207 704 3247 sereremur.
748 3193 970 3264 Ecquod
997 3199 1202 3253 amoris
1230 3214 1354 3270 erga
1381 3217 1648 3271 pauperes
1677 3204 1885 3260 lucrum
1912 3207 1935 3260 ’Ξ

373 3281 441 3335 In
464 3283 551 3337 die
582 3285 724 3337 mala
767 3287 1015 3340 liberabit
1048 3305 1167 3342 eum
1207 3289 1487 3347 Dominus.
1522 3293 1806 3363 Signiticat
1834 3312 1933 3351 au-

374 3383 480 3426 tem
509 3374 701 3442 judicii
733 3376 899 3439 diem,
945 3395 1067 3447 quzr
1112 3381 1329 3435 dolores
1372 3386 1747 3450 peccatoribus
1771 3395 1934 3457 atque

371 3465 586 3521 labores
642 3467 857 3522 inferet.
909 3469 1186 3525 Liberabit
1215 3471 1497 3537 Dominus,
1557 3476 1651 3544 qui
1689 3477 1779 3531 lux
1818 3490 1921 3542 est,

373 3568 674 3624 pauperum
711 3568 978 3629 amantes.
1018 3560 1151 3612 Nam
1174 3561 1388 3615 debitor
1410 3563 1516 3618 illis
1561 3576 1644 3619 est
1677 3566 1932 3621 lunnani-

371 3646 501 3700 t‘atis
525 3658 687 3717 atque
718 3648 1118 3719 olIicii,quippe
1156 3667 1281 3706 cum
1312 3655 1379 3708 ab
1409 3656 1513 3710 illis
1530 3657 1929 3729 eleemosynam

370 3734 441 3789 sit
466 3746 775 3804 mutuatus;
803 3755 926 3792 nam
959 3754 1054 3808 per
1091 3740 1435 3797 Salomonem
1482 3746 1649 3800 dixit:
1689 3747 1792 3812 Qui
1820 3749 1923 3800 mi-

302 3893 311 3898 _
350 3810 568 3881 “seretur
583 3830 828 3897 pauperis
863 3830 1151 3897 fwneratur
1177 3832 1283 3886 Deo
1311 3834 1366 3901 ‘;
1399 3844 1453 3889 et
1474 3846 1666 3906 squte
1700 3854 1829 3893 ore:
1865 3839 1931 3893 In

366 3929 617 3987 quantum
654 3919 827 3986 fecilsti
856 3923 947 3974 uni
999 3937 1065 3975 ea:
1115 3923 1195 3976 liis
1229 3925 1461 3979 minimis
1510 3932 1660 3991 meis,
1704 3931 1830 3982 milii
1856 3932 1932 3999 fe-

366 4008 485 4061 cisti
513 4009 555 4061 ³.
602 4006 671 4065 In
702 4012 784 4063 die
812 4012 952 4064 mala
999 4012 1243 4068 liberabit
1271 4032 1389 4069 eum
1450 4016 1732 4073 Dominus.
1781 4019 1929 4074 Diem

368 4097 590 4163 malam,
634 4100 993 4154 teutationum
1027 4101 1283 4172 impetum
1316 4104 1449 4159 dicit
1475 4115 1530 4159 et
1581 4107 1927 4162 inimicorum

369 4188 707 4241 vexationes.
736 4190 1039 4244 Adumbrat
1065 4203 1275 4255 autem,
1306 4197 1520 4262 opinor,
1549 4196 1742 4265 judicii
1762 4198 1927 4264 diem,

372 4275 667 4327 terribilem
697 4291 847 4343 sane,
903 4281 1388 4352 improborumque
1449 4286 1721 4341 ultricem.
1765 4287 1930 4343 Polli-

2118 1863 2215 1910 τας
2246 1850 2324 1910 είς
2352 1848 2513 1901 αὐτὸν
2546 1848 2636 1901 τὸν
2665 1851 2899 1920 Χριστόν
2925 1867 2938 1880 ’
2975 1853 3071 1906 καὶ
3258 1856 3351 1907 καὶ
3383 1855 3618 1925 ἀμοιϐὰς

2120 1940 2300 2001 αὐτοῖς
2327 1940 2423 2009 τῆς
2447 1940 2680 2003 πίστεως
2708 1940 2888 1994 δίδωσι
2914 1943 3011 2013 τὴν
3040 1947 3171 2015 παρ’
3199 1944 3361 1997 αὐτοῦ
3390 1946 3614 1999 ἐπικου-

2120 2028 2259 2100 ρίαν.
2298 2029 2623 2101 Είσφέρεται
2668 2030 2727 2083 δὲ
2771 2034 2865 2085 καὶ
2912 2034 3045 2086 αὐτὸ
3102 2033 3196 2087 τοῦ
3244 2035 3497 2108 Σωτῆρος
3548 2036 3612 2089 τὸ

2120 2118 2430 2189 πρόσωπον,
2458 2119 2754 2188 καταλέγον
2787 2123 2895 2175 τῶν
2937 2140 2997 2175 τε
3047 2124 3322 2195 ἀρχόντων
3345 2125 3439 2179 τοῦ
3478 2128 3580 2179 ’ἰου

2116 2208 2278 2261 δαίων
2304 2208 2433 2261 λαοῦ
2469 2210 2562 2262 καὶ
2591 2211 2756 2263 αὑτοῦ
2789 2212 2881 2265 τοῦ
2908 2214 3166 2284 προδότου
3193 2214 3502 2287 ἐξαιρέτως.

2114 2298 2415 2365 Μακάριος
2447 2302 2480 2352 ό
2522 2300 2750 2353 συνιὼν
2778 2301 2875 2354 ἐπί
2924 2310 3163 2371 πτωχὸν
3208 2304 3309 2357 καί
3361 2304 3610 2374 πένητα.

2045 2388 2266 2457 Πτωχὺν
2296 2388 2389 2440 καὶ
2416 2389 2625 2459 πένητα
2650 2389 2740 2442 τὸν
2786 2392 3020 2462 Χριστὸν
3058 2393 3319 2447 ἀποκαλεῖ
3365 2395 3505 2449 κατὰ
3553 2397 3616 2450 τὸ

2044 2477 2329 2547 εἰρημένον
2364 2492 2375 2504 ·
2436 2479 2739 2544 Πλούσιος
2783 2478 2867 2532 ὢν
2910 2479 3253 2551 ἐπτώχευσε
3302 2484 3376 2537 δι’
3428 2485 3608 2560 ἡμᾶς.

2056 2566 2278 2635 Ἠθικὴν
2305 2567 2536 2621 ἐνταῦθα
2562 2568 2906 2622 διδασκαλίαν
2967 2572 3065 2641 τῆς
3103 2574 3435 2643 προφητείας
3476 2588 3592 2646 πςδ

2043 2657 2250 2722 ἔταξεν,
2278 2658 2557 2728 ὠφελῆσαι
2589 2659 2681 2711 τὸν
2713 2660 2923 2732 ψαλμὸν
2946 2662 3013 2715 τὰ
3048 2662 3108 2727 ἐξ
3134 2664 3391 2735 ἑκατέρου
3423 2665 3610 2735 βουλό·⁸

2045 2765 2223 2818 μενος.
2256 2750 2365 2801 Καὶ
2392 2749 2511 2803 τίνα
2541 2751 2860 2822 μακαρίζει;
2885 2752 2975 2805 τὸν
2997 2754 3089 2807 ἐπὶ
3128 2754 3338 2825 πτωχὸν
3365 2756 3609 2811 συνιέντα

2042 2839 2136 2891 καὶ
2168 2839 2403 2907 πένητα·
2438 2840 2683 2894 τουτέστι
2712 2842 2804 2894 τὸν
2832 2842 3076 2909 νοοῦντα,
3112 2843 3194 2896 ὅτι
3222 2843 3411 2897 τούτου
3448 2846 3607 2918 χάριν

2040 2929 2068 2980 6
2096 2928 2327 2998 Χριστὸς
2379 2928 2633 2993 πλούσιος
2679 2930 2754 2981 ὣν
2808 2931 3140 3001 ὲπτώχευσε,
3179 2933 3265 2986 ἴνα
3310 2935 3404 2987 καὶ
3449 2938 3609 3007 ἡμεῖς

2040 3020 2164 3081 τοὺς
2194 3020 2439 3089 πτωχοὺς
2469 3020 2544 3083 ὡς
2588 3020 2849 3089 ἀδελφοὺς
2894 3021 2986 3074 τοῦ
3032 3024 3302 3095 ἡμετέρου
3339 3027 3586 3099 Δημιουρ

2038 3107 2135 3175 γοῦ
2161 3109 2253 3160 καὶ
2290 3108 2476 3179 κριτοῦ
2505 3108 2978 3180 ὲλεήσωμεν.·Κα“ι
3020 3112 3073 3163 τί
3107 3113 3204 3184 τῆς
3243 3114 3605 3186 φιλοπτωχίας

2036 3197 2096 3249 τὸ
2135 3198 2361 3269 κέρδος;
2409 3200 2511 3252 Ἐν
2555 3199 2744 3268 ἡμέρᾳ
2784 3199 3015 3269 πονηρᾷ
3052 3205 3302 3271 ῥύσεται
3344 3206 3531 3259 αὐτὸν
3573 3210 3607 3258 ὁ

2036 3290 2272 3357 Κύριος.
2308 3291 2467 3360 Δηλοῖ
2486 3291 2541 3343 δὲ
2566 3292 2663 3361 τὴν
2690 3292 2790 3360 τῆς
2812 3292 3043 3361 κρίσεως
3073 3294 3262 3357 ὀδύνας
3288 3298 3400 3359 τοῖς
3424 3298 3605 3368 ἁμαρ-

2035 3384 2222 3442 τωλοῖς
2257 3384 2350 3434 καὶ
2380 3382 2572 3446 πόνους
2606 3383 2990 3453 ἐπιφέρουσαν.
3046 3384 3295 3438 Ῥύσεται
3332 3385 3607 3454 φῶςκτοὺς

2036 3471 2407 3542 φιλοπτώχους
2436 3476 2463 3526 6
2495 3473 2716 3545 Κύριος.
2747 3475 3026 3545 Χρεωστεῖ
3050 3475 3158 3546 γὰρ
3191 3476 3372 3540 αὐτοῖς
3416 3476 3605 3544 φιλαν-

2036 3560 2304 3632 θρωπίαν,
2331 3563 2406 3626 ὡς
2437 3564 2596 3625 αὐτὸς
2626 3563 2722 3635 τὴν
2748 3563 3117 3635 ἐλεημοσύνην
3148 3567 3278 3638 παρ’
3307 3567 3486 3630 αὐτοῖς
3519 3568 3608 3621 δα-

2034 3652 2351 3721 νεισάμενος
2376 3668 2388 3681 ·
2424 3653 2519 3705 καὶ
2570 3652 2657 3706 διὰ
2716 3654 2813 3724 μὲν
2863 3653 2956 3706 τοῦ
3012 3656 3355 3725 Σολομῶντος
3393 3658 3561 3712 εἰπών
3588 3675 3601 3687 ·

2046 3742 2109 3793 '0
2130 3740 2315 3795 ἐλεῶν
2341 3742 2578 3809 πτωχὸν
2601 3741 2846 3803 δανείζει
2888 3745 3062 3797 Θεόν·
3114 3746 3292 3816 οἰκεία
3326 3745 3382 3799 δὲ
3434 3745 3606 3814 γλώτ-

2032 3848 2101 3906 τῃ
2125 3849 2138 3862 ·
2197 3834 2303 3901 Ἑρ
2335 3833 2487 3886 ὅσον
2543 3833 2864 3899 ἐποιήσατε
2901 3834 2990 3887 ἐνί
3025 3836 3251 3889 τούτων
3300 3835 3419 3889 τῶν
3465 3838 3607 3891 ἐλα-

2033 3925 2277 3992 χίστων,
2309 3924 2437 3993 ἐμοὶ
2469 3924 2813 3990 ἐποιήσατε.
2858 3927 2961 3978 Ἐν
3004 3925 3194 3995 ἡμέρᾳ
3226 3925 3461 3994 πονηρᾷ
3492 3930 3604 3995 ρύ-

2031 4029 2201 4067 σεται
2232 4014 2420 4067 αὐτὸν
2447 4017 2479 4067 ό
2511 4000 2742 4083 Κύριοςζ
2783 4015 3022 4086 Ἡμέραν
3065 4016 3310 4088 πονηρὰν
3352 4017 3450 4089 τὴν
3493 4018 3603 4073 τών

2032 4103 2353 4173 πειρασμῶν
2415 4104 2659 4158 ὲπίθεσίν
2716 4122 2846 4174 φησι
2908 4108 3000 4159 καὶ
3068 4108 3169 4171 τὰς
3213 4107 3420 4172 διώξεις
3493 4109 3604 4163 τῶν

2032 4194 2261 4265 ἐχθρῶν.
2298 4196 2598 4249 Δίνίττεται
2632 4196 2707 4259 δὲ,
2741 4192 2916 4267 οἶμαι,
2969 4199 3061 4251 καὶ
3091 4198 3189 4269 τὴν
3234 4199 3335 4268 τῆς
3368 4199 3604 4271 κρίσεως

2035 4284 2249 4354 ἡμέραν
2299 4284 2535 4356 φοϐερὰν
2570 4281 2756 4351 οὖσαν,
2789 4287 2883 4338 καὶ
2913 4286 3022 4338 τῶν
3059 4288 3385 4359 παρανόμων
3418 4306 3600 4344 κακω-

366 4370 520 4415 cetur
561 4370 738 4415 autem
768 4378 956 4431 puram
981 4368 1127 4423 illius
1158 4374 1496 4438 paupertatis
1534 4376 1925 4443 cognitionem,
1959 4413 1963 4423 ς

2057 4374 2212 4442 εικήν.
2253 4373 2618 4443 ’Υπισχνεῖται
2644 4375 2742 4445 τὴν
2781 4375 3045 4447 είλικρινῆ
3081 4376 3280 4445 γνῶσιν
3312 4377 3410 4446 τῆς
3455 4390 3599 4430 πτω-

364 4452 643 4508 horribilis
674 4454 819 4510 illius
844 4455 948 4511 dici
970 4459 1126 4514 malis
1158 4463 1333 4529 ipsum
1359 4463 1732 4520 liberaturum.

438 4623 659 4697 [Beatus
692 4627 772 4681 vir
818 4627 925 4693 ille,
962 4631 1054 4699 qui
1102 4631 1167 4685 de
1202 4634 1531 4701 pauperibus
1576 4638 1651 4693 uti
1686 4654 1923 4695 consen-

364 4724 579 4769 laneum
606 4729 689 4771 est
716 4719 947 4787 c0gitat;
972 4736 1038 4775 ac
1061 4723 1105 4775 si
1123 4720 1346 4788 diceret,
1366 4723 1466 4791 Qui
1502 4727 1801 4799 intelligere
1824 4748 1921 4787 va-

363 4810 436 4862 let
470 4808 728 4877 inepiam,
755 4826 918 4880 quam
940 4815 1107 4868 nostri
1133 4830 1298 4870 causa
1316 4820 1557 4889 suscepit
1610 4820 1914 4896 Christus.]

429 4986 483 5042 3.
512 4986 769 5041 Dominus
824 5001 1082 5044 conservet
1131 5008 1277 5058 eum,
1327 5002 1377 5047 et
1425 4996 1646 5065 vivi/iret
1701 5015 1841 5063 eum,
1869 5013 1919 5055 et

2032 4462 2182 4531 χείας
2215 4464 2455 4534 ὲκείνης·
2488 4463 2597 4517 τῶν
2626 4464 2726 4533 τῆς
2756 4465 2993 4535 φοϐερᾶς
3016 4466 3175 4519 αὐτὸν
3201 4465 3413 4538 ἡμέρας
3432 4465 3600 4520 ἀπαλ-

2032 4553 2188 4618 λάξαι
2224 4554 2425 4608 κακῶν.

2101 4641 2430 4713 [Μακάριος
2478 4644 2506 4695 6
2557 4642 2696 4713 ἀνὴρ
2751 4645 2955 4706 ἐκεῖνος
2986 4645 3014 4695 6
3060 4644 3255 4697 ἐννοῶν
3287 4644 3323 4699 ἃ
3352 4646 3594 4717 προσῆκε

2032 4734 2158 4804 περὶ
2208 4733 2314 4786 τῶν
2349 4734 2614 4805 πενήτων,
2662 4736 2783 4788 ἀντὶ
2815 4734 2945 4789 1τοῦο
2991 4736 3049 4789 '0
3086 4737 3321 4790 συνιέναι
3371 4738 3597 4808 δυνάμε.

2029 4839 2119 4884 νος
2156 4822 2254 4892 τὴν
2288 4823 2583 4892 πτωχείαν,
2632 4824 2698 4893 ῆν
2747 4825 2814 4877 δι’
2860 4826 3008 4895 ἡμᾶς
3053 4826 3340 4897 ἀνείληφεν
3382 4830 3411 4880 6
3459 4829 3594 4901 Χρι-

2031 4910 2209 4983 στός.]

2096 5004 2305 5071 Κύριος
2333 5002 2698 5073 διαφυλάξαι
2724 5006 2910 5060 αὑτὸν
2935 5007 3035 5062 καί
3067 5006 3237 5074 ζῆσαι
3265 5009 3471 5072 αὑτὸν,
3496 5009 3594 5061 καί

360 5075 569 5130 beatum
595 5078 761 5147 faciat
800 5095 919 5132 eum
951 5081 1006 5134 in
1051 5090 1212 5148 terra,
1262 5094 1309 5137 et
1350 5101 1450 5138 non
1477 5087 1660 5141 tradat
1713 5106 1831 5143 eum
1862 5092 1916 5144 in

2057 5095 2346 5163 ιακαρίσαι
2380 5094 2570 5149 αὑτὸν
2596 5096 2666 5147 ἐν
2686 5094 2772 5165 τῇ
2818 5096 2916 5166 τῇ,
2960 5097 3057 5152 καὶ
3083 5098 3169 5167 μὴ
3202 5096 3444 5167 παραδῷ
3476 5099 3591 5158 αὐ-

360 5168 594 5222 animam
619 5170 950 5225 inimicorum
974 5172 1109 5240 ejus.
1144 5174 1494 5232 Inimicorum
1530 5179 1905 5248 spiritualium

362 5256 623 5315 videlicet.

428 5345 481 5399 4.
518 5345 825 5405 Universum
848 5361 1076 5405 stratum
1107 5353 1219 5421 ejus
1263 5358 1485 5411 versasti
1510 5360 1565 5412 in
1599 5361 1920 5431 inﬁrmitate

428 5495 450 5524 θ
478 5493 675 5552 llahac.
712 5518 771 5566 ll,
813 5501 869 5559 '5.

2024 5183 2131 5237 τὸν
2165 5188 2251 5251 εὶς
2277 5185 2480 5254 χεῖρας
2503 5185 2733 5255 ἐχθρῶν
2775 5189 2984 5244 αὑτοῦ.
3027 5190 3267 5260 Ἐχορῶν
3312 5188 3421 5243 τῶν
3469 5205 3593 5259 νοη-

2022 5275 2131 5329 τῶν
2156 5275 2415 5345 δηλονότι.

2094 5365 2281 5431 Ὅλην
2309 5366 2422 5433 τὴν
2448 5370 2658 5434 κοίτην
2684 5370 2870 5424 αὐτοῦ
2918 5369 3220 5439 ἔστρεψας
3256 5372 3327 5425 ἐν
3372 5368 3449 5441 τῇ
3480 5370 3587 5437 ἀβ-

963 5508 983 5536 ³
1018 5505 1059 5559 ll
1089 5508 1218 5563 Cor.
1243 5526 1360 5576 rm,
1389 5511 1441 5565 9.
1528 5513 1549 5545 δ
1581 5513 1741 5569 Prov.
1779 5535 1890 5587 xu,
1918 5523 2001 5577 l7.
2081 5527 2101 5555 '
2147 5524 2335 5577 Matth.
2369 5542 2493 5592 xxv,
2529 5527 2618 5583 ιο.

433 5651 547 5718 (l3)
587 5653 736 5723 Apud
759 5660 941 5715 solum
973 5663 1175 5720 Daniel.
1209 5665 1503 5725 Barbarum
1540 5673 1757 5728 nomino
1786 5674 2067 5731 Athanasii
2109 5677 2354 5731 habetur.
