3976 6220
1372 293 1762 350 mposmo
1801 294 1866 348 1N
1910 295 2233 351 PSALML‘M
2274 296 2384 351 XL.
2421 351 2429 361 ,
2536 262 2543 269 ’

3401 303 3503 359 108

260 415 483 487 ρωστίᾳ
513 414 727 477 αὑτοῦ.
772 414 917 487 Πρὸς
962 413 1031 467 τὰ
1083 414 1292 482 ἀμείνω
1356 411 1830 482 μετενεχθήσεται,

1947 415 2065 482 ejus.
2105 414 2187 468 Ad
2238 414 2484 479 meliora,
2543 413 2639 479 ait,
2670 415 3059 482 transferetur,
3108 423 3161 470 et
3207 424 3504 471 revertetur

268 505 417 575 φησί,
446 502 534 556 καὶ
564 502 873 573 μεταϐολὴν
902 501 1010 568 ἕξει
1030 501 1165 572 πρὸς
1190 502 1509 573 εὐρωστίαν.
1539 501 1698 564 Ἔθος
1724 501 1832 572 γάρ

266 601 329 668 τῇ
361 596 480 665 θεία
509 595 701 665 Γραφῇ
747 593 846 664 τὴν
876 593 1110 664 στροφὴν
1139 593 1258 644 ἀντὶ
1289 593 1386 661 τῆς
1418 591 1717 661 μεταϐολῆς
1748 608 1831 643 τι-

267 686 435 749 θέναι,
468 684 541 747 ὡς
574 684 637 736 τό
654 699 669 713 ·
703 685 1047 751 Ἕστρεψας
1073 681 1179 735 τὸν
1200 682 1456 735 κοπετόν
1473 699 1592 751 μου
1616 684 1702 745 εἰς
1725 698 1832 750 χα-

258 779 374 845 ρὰν
402 776 553 844 ἐμοί.
1750 790 1761 795 -

344 866 495 936 Ἐγὼ
515 862 685 919 εἶπα·
721 865 919 932 Κύριε,
950 862 1211 928 ἐλέησόν
1243 880 1339 932 με,
1382 862 1545 916 ἴασαι
1570 861 1685 928 τὴν
1711 864 1830 929 ψυ-

266 955 384 1026 χήν
404 972 544 1024 μου.
574 955 683 1006 Καὶ
712 955 854 1025 ὑπὲρ
874 955 971 1024 τῆς
1009 955 1143 1016 ἰδίας
1169 953 1442 1024 ἁμαρτίας
1488 955 1517 1006 ό
1556 951 1717 1005 Δαυῖδ
1744 950 1833 1003 εὖ·

266 1062 438 1117 χεται,
474 1046 570 1098 ἆτε
615 1044 680 1114 δὴ
735 1047 794 1097 ἐν
841 1043 1018 1113 ἑαυτῷ
1051 1042 1205 1105 εἰδὼς
1250 1043 1346 1096 ἕνα
1389 1042 1497 1095 τῶν
1546 1041 1832 1094 συνιέντων

266 1136 357 1188 ἰπὶ
382 1134 597 1204 πτωχὸν
630 1135 725 1187 καὶ
756 1134 981 1203 πένητα.
1016 1132 1185 1186 Πάλιν
1210 1132 1308 1195 τὰς
1331 1130 1636 1201 ἀνθρώπων
1661 1131 1835 1200 ἁμαρ-

267 1227 382 1289 τίας
408 1225 546 1287 ἰδίας
568 1226 597 1276 ό
625 1224 765 1296 ὑπὲρ
803 1222 1105 1293 ἀνθρώπων
1146 1224 1371 1293 πάσχων
1402 1221 1571 1290 λέγει,
1603 1221 1696 1274 καὶ
1741 1219 1831 1273 τὸν

267 1318 357 1370 ἐπὶ
382 1316 607 1378 ταύταις
638 1315 784 1368 ἔλεον
822 1316 900 1377 εἰς
922 1316 1069 1384 ἡμᾶς
1105 1314 1187 1382 ἐφ’
1218 1312 1409 1366 ἑαυτοῦ
1432 1314 1603 1384 ζητεῖ,
1635 1311 1693 1373 ὃς
1717 1309 1832 1362 λύει

267 1408 364 1478 τὴν
393 1405 504 1458 τῶν
532 1403 868 1474 ἀγνοούντων
895 1405 981 1456 ἐπ’
1007 1402 1156 1472 αὐτῷ
1179 1402 1602 1473 καταφρόνησιν,
1634 1398 1830 1468 ἐκφαί-

269 1515 371 1551 νων
396 1497 497 1567 τὴν
524 1497 684 1562 δόξαν
705 1513 719 1527 ⁸
754 1495 840 1548 ἐπ’
865 1494 1029 1548 αὑτοῦ
1063 1494 1161 1565 μὲν
1186 1493 1325 1548 κατὰ
1368 1494 1465 1563 τὴν
1512 1492 1645 1545 ἰδίαν
1675 1490 1834 1543 δύνα-

272 1606 382 1659 μιν,
404 1590 492 1657 ἐφ’
515 1587 676 1656 ἡμῶν
703 1587 760 1639 δὲ
789 1587 927 1640 κατᾶ
955 1585 1053 1656 τὴν
1086 1585 1322 1656 Χριστοῦ
1351 1585 1529 1655 χάριν.

339 1682 403 1733 Οἱ
432 1680 636 1747 ἐχθροί
676 1695 797 1747 μου
853 1673 1024 1731 εἷπον
1070 1675 1226 1731 κακά
1267 1693 1389 1745 μοι.
1452 1674 1728 1729 Ἐντεῦθεν
1771 1674 1833 1729 τὸ

270 1770 555 1840 πρόσωπον
590 1767 899 1837 εἰσφέρεται
944 1765 1007 1818 τὸ
1054 1765 1148 1817 τοῦ
1192 1764 1425 1835 Χριστοῦ
1446 1805 1461 1829 ,
1490 1763 1837 1834 διηγούμενον
1865 1748 1909 1801 Β

268 1860 335 1914 τὰ
366 1859 518 1930 παρὰ
567 1857 675 1910 τῶν
733 1855 1001 1910 Ἰουδαίων
1050 1855 1198 1925 αὐτῷ
1252 1855 1610 1925 γεγενημένα.
1661 1854 1837 1925 Μέχρι

273 1950 367 2019 μὲν
396 1947 492 2002 τοῦ
526 1947 796 2017 παρόντος
831 1947 1013 2015 στίχου
1047 1944 1175 2014 περὶ
1216 1944 1394 2013 πάσης
1420 1946 1518 2014 τῆς
1544 1942 1837 2013 καθολικῆς

282 2041 604 2110 Ἐκκλησίας
637 2037 915 2109 εἰρηκέναι
949 2036 1039 2088 τὸν
1065 2037 1349 2106 προφήτην
1373 2033 1727 2104 ὑποληπτέον,
1763 2032 1838 2095 ὼς

270 2136 484 2203 ἑκάστῳ
516 2131 626 2185 τῶν
661 2130 971 2184 σπουδαίων·
994 2128 1285 2200 ἁρμόττειν
1324 2126 1522 2197 μᾶλλον
1549 2126 1582 2195 ἦ
1611 2124 1689 2196 τῷ
1724 2126 1835 2179 Κυ-

271 2224 445 2296 ριακῷ
469 2220 765 2292 ἀνθρώπῳ.
797 2220 872 2272 Οὐ
905 2218 1031 2289 γὰρ,
1060 2220 1136 2280 ὣς
1162 2233 1307 2278 τινες
1334 2215 1687 2285 ὑπειλήφασι,
1711 2213 1839 2283 περί

269 2315 430 2372 αὐτοῦ
463 2316 562 2368 καὶ
588 2313 746 2384 μόνου
774 2311 973 2382 φάσκει
997 2309 1067 2363 τὰ
1088 2307 1354 2380 εἰρημένα
1379 2320 1393 2335 °
1428 2308 1487 2359 οὺ
1522 2306 1631 2377 γάρ
1669 2305 1837 2375 ἔφησε

274 2409 406 2479 μετὰ
461 2406 556 2461 τοῦ
616 2384 851 2476 ἄρθρου·
885 2400 1187 2469 Μακάριος
1220 2402 1253 2453 d
1306 2397 1535 2452 συνιὼν
1583 2396 1684 2450 ἐπὶ
1733 2395 1840 2449 τὸν

272 2500 513 2568 πτωχὸν
539 2498 638 2552 καί
673 2496 924 2563 πένητα.
961 2492 1131 2546 Τοῦτο
1155 2491 1212 2544 δὲ
1242 2490 1409 2561 χωρὶς
1453 2488 1657 2559 ἄρθρου
1683 2486 1838 2554 λεγό-

274 2607 432 2662 μενον
461 2590 558 2642 τὸν
586 2587 706 2641 τινὰ
740 2584 992 2656 σημαίνει
1038 2584 1132 2638 καὶ
1164 2581 1405 2653 μερικόν.
1442 2580 1598 2634 Μετὰ
1623 2579 1679 2632 δὲ
1710 2578 1841 2631 ταῦ-

271 2699 339 2735 τα
369 2681 613 2752 μέτεισιν
651 2679 758 2733 ἀπὸ
796 2676 905 2731 τῶν
933 2675 1106 2731 ἄλλων
1142 2674 1242 2744 τῆς
1282 2671 1609 2742 Ἐκκλησίας
1664 2669 1840 2741 μελῶν

272 2774 357 2828 ἐπ’
396 2773 561 2827 αὑτὸν
615 2772 820 2824 ἐκεῖνον
874 2767 965 2822 τὸν
1023 2765 1228 2836 Κύριον
1287 2762 1530 2832 δηλονότι
1564 2759 1800 2830 Χριστὸν
1823 2800 1837 2824 ,

272 2864 525 2934 ὅστιςλδὴ
573 2863 666 2915 καί
710 2876 908 2932 φησιν·
947 2861 1011 2911 Οἱ
1054 2855 1255 2926 ἐχθροί
1291 2870 1432 2922 μου.
1462 2853 1555 2905 καὶ
1590 2851 1658 2904 τὰ
1693 2849 1839 2921 ἑξῆς.

274 2959 418 3011 Πότε
444 2952 827 3010 ἀποθανεῖται
857 2949 952 3004 καὶ
979 2948 1288 3003 ἀπολεῖται
1315 2945 1382 2999 τὸ
1411 2944 1598 3013 ὄνομα
1630 2942 1840 3006 αὐτοῦ;

269 3044 448 3116 Βαρύς
478 3045 627 3096 ἐστιν
665 3044 798 3113 ἡμῖν
823 3040 917 3093 καὶ
951 3038 1278 3109 βλεπόμενος
1305 3034 1433 3107 γάρ.

340 3124 447 3190 Καί
488 3136 543 3188 εἰ
584 3132 1000 3198 εἰσεπορεύετο
1028 3128 1135 3182 τοῦ
1178 3126 1346 3190 ἰδεῖν,
1383 3124 1582 3194 μάτην
1612 3122 1836 3176 ἐλάλει.

275 3224 455 3280 Ταῦτα
483 3224 614 3294 περὶ
649 3222 744 3277 τοῦ
788 3221 955 3274 Ἰούδα
992 3220 1175 3290 φησίν.
1223 3220 1288 3271 ’Ὁ
1330 3217 1387 3270 δὲ
1414 3217 1561 3284 λέγει
1604 3213 1841 3268 τοιοῦτόν

275 3319 436 3370 ἐστιν⁸
481 3313 764 3385 Ἐσχηκὼς
807 3312 1010 3366 εἴσοδον
1059 3311 1194 3381 πρός
1229 3327 1319 3381 με,
1358 3308 1446 3362 διὰ
1486 3308 1546 3361 τὸ
1585 3306 1842 3376 τετάχθαι

277 3409 332 3461 ἐν
370 3405 663 3478 μαθηταῖς,
694 3404 989 3473 δίγλωσσος
1022 3404 1114 3455 καὶ
1155 3400 1563 3472 πολυπράγμων
1588 3394 1656 3469 ἦν
1675 3414 1689 3429 ’
1720 3396 1844 3449 ἐλά-

275 3498 352 3551 λει
374 3497 488 3568 γὰρ
527 3498 724 3566 μάτην,
760 3493 1038 3547 τουτέστιν
1066 3492 1167 3545 οὐκ
1195 3490 1397 3560 ἀληθὴς
1422 3486 1508 3559 ἦν.
1548 3488 1609 3541 Ἠ
1633 3485 1844 3554 καρδία

277 3588 457 3643 αὑτοῦ
513 3584 861 3654 συνήγαγεν
907 3584 1163 3652 ἀνομίαν
1222 3579 1432 3645 ἐαυτῷ.
1504 3577 1804 3648 Ἐκεκρίγλι
1826 3614 1841 3639 ,

280 3679 430 3749 φησί,
463 3674 800 3747 παραδοῦναι
826 3676 937 3738 τοῖς
962 3671 1245 3741 φθονοῦσιν
1270 3671 1389 3740 ὲμέ.
1428 3667 1845 3734 Ἐξεπορεύετο

278 3771 411 3833 ἔξω,
455 3769 558 3822 καὶ
585 3766 788 3821 ἐλάλει
822 3765 920 3818 ἐπὶ
962 3764 1026 3817 τὸ
1057 3763 1206 3816 αὐτό
1227 3777 1241 3791 ο
1289 3761 1372 3827 τὸ,
1414 3760 1475 3813 Τί
1502 3757 1706 3813 θέλετέ
1743 3773 1846 3827 μοι

279 3858 507 3919 δοῦναι,
542 3855 703 3924 κάγὼ
726 3855 872 3922 ὑμῖν
899 3850 1228 3918 παραδώσω
1249 3849 1470 3910 αὑτόν;

349 3950 485 4004 Κατ’
512 3947 660 4017 ἐμοῦ
687 3942 1027 4019 ἐψιθύριζον
1051 3940 1272 4005 πάντες
1291 3942 1345 3992 oi
1374 3937 1576 4005 ἐχθροί
1591 3954 1730 4005 μου.
1766 3935 1848 3988 Τὰ

286 4041 399 4094 κατ’
426 4038 594 4093 αὐτοῦ
624 4036 732 4090 τῶν
775 4034 1040 4088 Ἰουδαίων
1074 4030 1401 4101 σκώμματα,
1455 4028 1555 4090 τὰς
1599 4029 1717 4080 κατ’
1747 4027 1845 4079 αὐ-

282 4132 371 4187 τοῦ
400 4130 513 4183 τῶν
547 4128 815 4182 Ἰουδαίων
848 4122 1117 4186 συσκευὰς
1150 4120 1426 4191 σημαίνει,
1457 4118 1549 4170 καὶ
1584 4117 1651 4170 τὰ
1694 4115 1849 4185 λελη-

286 4224 412 4277 θότα
443 4221 760 4291 σκέμματα,
790 4216 915 4278 τοὺς
958 4216 1232 4285 ἀρχιερεῖς
1261 4212 1387 4273 τοὺς
1426 4205 1849 4279 συμφωνοῦντας

286 4316 418 4385 πρὸς
447 4315 543 4366 τὸν
585 4310 787 4364 Ἰούδαν
811 4307 1005 4375 λέγων,
1030 4306 1226 4366 οἵτινες
1254 4300 1582 4372 ὲψιθύριζον,
1620 4298 1689 4351 τὰ
1719 4296 1849 4367 περὶ

1866 3069 1912 3129 C

1939 505 2005 558 ad
2036 507 2340 559 sanitatem.
2380 503 2495 558 Mes
2533 504 2678 558 enim
2719 504 2916 559 divina:
2944 503 3243 573 Scriptum
3289 505 3503 559 versio-

1941 610 2065 649 nem
2124 610 2225 665 pro
2274 597 2576 650 mutatione
2626 610 2847 665 ponere.
2883 605 2942 648 ut
2981 596 3146 651 illud:
3181 594 3502 651 Convertisti

1937 682 2204 752 planctum
2233 701 2401 737 meum
2423 685 2476 736 in
2500 684 2755 753 gaudium
2787 684 2917 736 mihi
2948 684 2986 735 ⁸.

2009 864 2063 919 ὕ.
2094 863 2203 933 Ego
2230 863 2344 915 dixi
2361 878 2377 916 :
2414 860 2652 924 Domine,
2685 862 2929 914 miserere
2950 861 3071 924 mei,
3107 876 3238 913 sana
3267 861 3501 912 animam

1938 963 2238 1016 utemini-te.
2274 952 2337 1007 Et
2367 967 2466 1021 pro
2500 961 2724 1021 peccato
2765 966 2866 1006 suo
2919 950 3089 1003 David
3122 954 3262 1011 erat,
3315 957 3503 1017 utpote

1937 1043 2031 1113 qui
2081 1042 2134 1095 in
2166 1042 2349 1110 scipso
2406 1057 2575 1094 unum
2608 1040 2910 1108 conspiciat
2959 1054 3023 1092 cx
3061 1038 3127 1091 iis
3178 1038 3268 1106 qui
3301 1037 3502 1090 intelli-

1938 1144 2253 1205 guntsuper
2274 1147 2504 1201 egenum
2538 1138 2591 1182 ct
2616 1144 2904 1199 pauperem
2938 1128 3094 1195 (ιν).
3131 1127 3366 1182 Rursum
3404 1128 3504 1180 ho'c

1938 1227 2143 1279 minum
2210 1231 2429 1290 peccata
2480 1222 2573 1289 qui
2653 1236 2749 1289 pro
2784 1221 3099 1273 hominibus
3154 1234 3351 1287 passus
3407 1226 3494 1272 est

1938 1330 2036 1370 sua
2069 1329 2189 1368 esse
2214 1312 2369 1375 dicit,
2395 1321 2449 1366 et
2475 1326 2574 1381 pro
2606 1311 2691 1366 his
2719 1310 3155 1365 misericordiam
3191 1324 3293 1377 pro
3334 1307 3492 1362 nobis

1937 1408 1992 1461 in
2019 1420 2139 1460 sese
2171 1404 2430 1473 postulat,
2461 1418 2525 1457 ac
2568 1402 2935 1470 ignorantium
2990 1408 3360 1467 contemptum
3393 1397 3502 1451 sol-

1937 1496 2035 1560 vit,
2072 1510 2226 1549 suam
2260 1493 2810 1562 exhibcusagloriam;
2850 1493 2905 1544 in
2930 1506 2988 1544 sc
3011 1490 3228 1558 quidem
3260 1503 3353 1555 per
3378 1502 3504 1556 pro-

1937 1590 2110 1660 priam
2141 1589 2426 1651 virtutem,
2461 1586 2513 1638 in
2557 1584 2715 1637 nobis
2746 1597 2875 1635 vero
2904 1597 2999 1650 per
3025 1580 3252 1650 gratiam
3274 1576 3498 1632 ChriSti.

2009 1679 2061 1733 6.
2092 1677 2307 1731 Inimici
2332 1676 2431 1729 mei
2461 1674 2708 1727 dixerunt
2738 1670 2880 1724 mala
2906 1671 3059 1723 mihi.
3094 1670 3234 1722 Hinc
3267 1680 3500 1736 persona

1937 1768 2213 1823 inducitur
2239 1766 2464 1828 Christi,
2501 1778 2732 1817 narrans
2758 1777 2880 1831 qua:
2922 1761 3025 1814 sibi
3058 1775 3088 1813 ιι
3119 1757 3326 1813 ἰυόωίε
3354 1758 3502 1811 illata

1936 1861 2044 1915 sint
2098 1858 2259 1912 mala.
2322 1853 2504 1924 Usque
2565 1854 2631 1907 ad
2691 1859 3013 1922 praesentem
3046 1865 3289 1911 versum,
3350 1846 3498 1900 aesti-

1936 1948 2196 2004 mandum
2246 1948 2312 2002 de
2363 1955 2475 2000 tota
2532 1944 2778 1999 Ecclesia
2854 1940 3120 1996 catholica
3193 1951 3500 1992 sermonem

1937 2040 2192 2094 habuisse
2227 2036 2579 2106 Prophetam,
2616 2036 2690 2088 ila
2725 2042 2783 2088 ut
2815 2034 3109 2103 proborum
3155 2029 3376 2084 cuilibet
3410 2039 3506 2094 pe-

1938 2134 2046 2188 tius
2089 2130 2372 2186 conveniat
2419 2143 2585 2197 quam
2638 2126 2923 2180 Dominicu
2960 2122 3166 2177 homini
3196 2121 3331 2190 (t5).
3382 2116 3501 2171 Non

1937 2221 2103 2284 enim,
2137 2229 2195 2273 ut
2236 2220 2595 2282 arbitrantur,
2621 2217 2688 2269 de
2733 2216 2853 2284 ipso
2903 2197 3020 2268 solo
3066 2212 3318 2280 superius
3351 2208 3506 2261 locu-

1937 2321 2026 2367 tus
2058 2322 2141 2365 est
2167 2328 2181 2363 :
2223 2324 2399 2379 neque
2420 2309 2567 2376 enim
2598 2322 2724 2361 cum
2762 2305 2997 2359 articulo
3023 2302 3272 2362 dixisset,
3304 2298 3504 2352 Beatus

1937 2403 2028 2456 ille
2060 2404 2148 2472 qui
2177 2401 2427 2469 intelligit
2468 2413 2625 2466 super
2670 2412 2885 2465 egenum
2935 2403 2984 2448 et
3036 2407 3336 2462 pauperem.
3368 2387 3503 2441 Nam

1937 2493 2141 2548 dictum
2169 2492 2286 2546 sine
2316 2489 2568 2550 articulo,
2601 2485 2892 2555 quemdam
2913 2492 2968 2538 et
3008 2482 3300 2551 specialem
3333 2478 3506 2548 signi-

1938 2583 2145 2638 ﬁcaret.
2170 2579 2422 2635 Posthaic
2460 2578 2529 2631 ab
2565 2577 2689 2630 aliis
2727 2574 2986 2629 Ecclesiae
3016 2572 3274 2626 membris
3307 2566 3504 2622 transit

1939 2672 2007 2726 ad
2054 2672 2231 2739 ipsum
2276 2669 2552 2723 Christum
2588 2666 2797 2720 scilicet
2851 2663 3163 2723 Dominum,
3204 2660 3299 2729 qui
3328 2657 3498 2713 dicit:

1939 2762 2155 2817 Inimici
2184 2760 2304 2821 mei,
2328 2767 2433 2813 etc.
2469 2755 2696 2822 Quando
2716 2755 2971 2806 morietur
3008 2761 3056 2804 et
3090 2748 3281 2819 peribit
3320 2762 3506 2802 nomen

1938 2852 2091 2923 ejus?
2122 2850 2314 2906 Gravis
2345 2848 2505 2903 nobis
2540 2854 2625 2900 est
2649 2844 2733 2899 vel
2763 2845 2883 2912 ipso
2908 2848 3228 2910 conspectu.

2016 3118 2070 3172 7.
2102 3117 2169 3171 Et
2204 3117 2251 3170 si
2278 3113 2667 3191 ingrediebatur
2680 3122 2736 3165 ut
2768 3112 2985 3173 videret,
3014 3126 3151 3163 vana
3169 3107 3505 3177 loquebatur.

1942 3207 2067 3263 Hine
2095 3208 2173 3262 ait
2203 3205 2449 3261 deiuda.
2488 3204 2543 3258 Id
2585 3214 2763 3257 autem
2815 3202 2919 3255 sibi
2954 3201 3068 3253 vult
3100 3216 3115 3253 :
3155 3198 3290 3253 Cum
3328 3198 3510 3252 aditus

1942 3299 1990 3353 ei
2019 3298 2086 3352 ad
2117 3311 2203 3351 me
2235 3304 2398 3359 esset,
2423 3294 2552 3362 quia
2586 3292 2638 3344 in
2679 3291 3077 3358 discipulorum
3118 3298 3349 3340 numero
3376 3300 3510 3340 eon-

1943 3389 2166 3445 stitutus
2216 3394 2371 3452 erat,
2415 3393 2534 3439 erat
2566 3382 2826 3452 bilinguis
2876 3389 2930 3434 et
2978 3381 3326 3447 negotiator:
3368 3376 3509 3430 van'a

1942 3482 2141 3552 quippe
2174 3479 2521 3547 loquebatur,
2541 3475 2592 3528 id
2617 3485 2699 3528 est
2734 3488 2896 3526 verax
2926 3486 3034 3524 non
3066 3478 3204 3525 erat.
3261 3466 3366 3523 Cor
3393 3467 3509 3536 ejus

1944 3574 2273 3642 congregavit
2303 3569 2639 3637 iniquitatem
2677 3565 2800 3618 sibi.
2831 3565 3175 3625 Decreverat,
3201 3562 3398 3630 inquit,
3425 3573 3513 3613 me

1944 3665 2143 3719 invidis
2179 3664 2409 3717 tradere.
2442 3658 2828 3728 Egrediebatur
2858 3657 3004 3725 foras
3031 3665 3081 3708 et
3117 3652 3427 3723 loquebatur
3452 3651 3511 3704 in

1946 3757 2170 3824 itlipsum
2190 3767 2209 3804 :
2236 3753 2366 3806 illud
2398 3765 2626 3817 nempe;
2656 3747 2796 3812 Quid
2831 3746 2991 3800 vultis
3014 3744 3142 3798 mihi
3168 3743 3317 3805 dare,
3339 3750 3387 3795 et
3417 3755 3510 3810 ego

1945 3846 2088 3900 vobis
2114 3860 2232 3898 eum
2273 3843 2482 3895 tradam
2509 3840 2565 3893 7?

2015 3938 2068 3992 8.
2099 3936 2388 3987 Adversum
2434 3948 2514 3985 me
2565 3930 2914 3983 susurrabant
2941 3941 3118 3980 omnes
3149 3923 3352 3976 inimici
3387 3921 3509 3973 mei.

1946 4026 2263 4081 Derisiones
2292 4032 2457 4092 atque
2488 4020 2719 4075 insidias
2749 4028 2805 4072 et
2839 4016 3276 4085 conspirationes
3306 4009 3517 4064 Judaao-

1948 4134 2071 4173 rum
2123 4116 2411 4171 adversum
2443 4129 2502 4167 se
2531 4119 2769 4167 structas
2811 4109 3105 4177 signiﬁcat,
3143 4116 3358 4157 necnon
3412 4114 3513 4154 oc-

1948 4208 2097 4264 Cttlta
2130 4221 2321 4261 eorum
2378 4190 2631 4263 ronsilia,
2677 4198 2950 4269 principes
2995 4193 3339 4250 sacerdotum
3386 4202 3512 4242 cum

1946 4298 2085 4353 Juda
2118 4296 2453 4366 paeiscentes
2480 4290 2747 4352 indicans,
2766 4290 2858 4357 qui
2885 4284 3264 4346 susurrabant,
3282 4280 3514 4349 pretium

284 4369 372 4461 τόῦ
398 4369 603 4474 "introii
659 4369 924 4470 σύμφωνα
968 4396 1104 4467 πρὸς
1151 4394 1243 4447 τὸν
1297 4369 1506 4444 ’Ἰούδαν
1552 4388 1839 4459 τιθέμενοι.

1948 4387 2078 4443 Jesu
2102 4400 2403 4442 consonum
2423 4398 2546 4436 cum
2563 4378 3130 4434 Judaconslituentes.
3153 4369 3516 4427 Susurrabant

296 4484 668 4566 Ἐψιθύριζὶιν
695 4508 711 4524 ·
747 4490 868 4543 οὐδὲ
919 4488 1026 4559 γὰρ
1079 4485 1322 4555 ἐτόλμων
1368 4479 1618 4552 φανερῶς
1671 4477 1846 4532 ταῦτα

287 4589 344 4642 τδ
369 4586 577 4656 πλῆθος
607 4581 993 4651 εὐλαϐούμενοι
1014 4577 1277 4631 τίθεσθαι.

352 4679 548 4746 Λόγον
593 4670 941 4739 παράνομον
992 4665 1306 4721 κατέθεντο
1350 4662 1475 4716 κατ’
1522 4658 1688 4729 ἐμοῦ.
1741 4657 1846 4721 Τὸ,

289 4768 469 4840 Ἀραι,
502 4760 660 4835 ἆραι,
687 4764 1042 4830 σταύρωσον
1064 4760 1271 4813 αὐτόν.
1302 4748 1469 4817 Οὗτος
1490 4753 1547 4806 δὲ
1580 4753 1662 4805 ὅτι
1684 4750 1847 4820 παρά-

290 4838 446 4933 νομος
470 4856 565 4929 ἦν,
596 4856 754 4925 δῆλον
785 4854 851 4905 ὲκ
882 4850 976 4904 τοῦ
1014 4848 1309 4920 εἰρημένου
1336 4860 1353 4876 ·
1396 4842 1608 4898 Ἁθῶον
1638 4840 1736 4895 καὶ
1767 4838 1853 4891 δίο

1949 4479 2175 4542 scilicet,
2207 4491 2315 4531 non
2347 4474 2469 4529 ausi
2500 4472 2675 4542 palam
2704 4470 2893 4525 istliaec
2926 4476 3071 4520 metu
3129 4462 3305 4532 plebis
3331 4473 3511 4529 agere.

2025 4652 2078 4708 9.
2128 4652 2345 4706 Verbum
2400 4650 2638 4718 iniquum
2683 4646 3060 4699 constituerunt
3099 4639 3377 4692 adversum
3414 4650 3514 4688 me.

1954 4745 2094 4800 Illud
2131 4743 2373 4799 scilicet:
2436 4738 2601 4801 Tolle,
2650 4737 2791 4800 tolle,
2823 4733 3071 4801 cruci/iga
3115 4728 3300 4784 cum“.
3361 4725 3517 4791 Quod

1957 4845 2135 4890 autem
2168 4834 2416 4902 iniquum
2453 4841 2619 4892 esset,
2656 4828 2830 4897 palam
2863 4832 3042 4878 estex
3088 4821 3213 4874 illo:
3252 4816 3519 4870 Insomem

292 4905 451 5006 καῖον
483 4905 598 5004 bim
639 4905 1007 5006 άποκτενεῒς.
1188 4941 1222 4991 ό
1266 4933 1661 5004 κοιμώμενος,
1717 4928 1839 4997 οὐχὶ

1957 4937 2005 4981 et
2025 4927 2233 4996 justum
2254 4940 2357 4978 non
2380 4920 2641 4985 occides”.
2680 4915 2932 4985 Nunquid
2953 4914 3040 4983 qui
3066 4911 3261 4964 dormit
3287 4925 3389 4962 non
3424 4905 3521 4957 udo

294 4994 621 5110 ξξᾶθῖξσέι
640 4994 1162 5097 *ἀναστῆναι-ς
1197 4994 1560 5094 Διαγελᾷντῶν
1590 4994 1839 5072 Ἰουδαίωι

1952 4994 2100 5086 jiciet
2132 5014 2274 5067 ultra
2306 5009 2657 5079 utresurgat?
2686 5005 2904 5059 Deridet
2932 5001 3248 5056 Iudaeorum
3270 4994 3518 5059 consilia,

2025 5108 2034 5110 λ
2062 5108 2071 5110 ’
2227 5104 2239 5110 ‘
2708 5096 2761 5110 ἰ·
2842 5109 2845 5110 ν
2887 5107 2978 5110 ..λα
3024 5097 3252 5110 _--_.-_.
3303 5083 3518 5110 ..1.Α1.ι..η

293 5107 356 5188 τά
395 5132 691 5202 σκέμματα
739 5126 816 5188 ὡς
858 5121 1117 5192 οἰομένων
1164 5117 1252 5172 διὰ
1300 5114 1395 5169 τοῦ
1442 5113 1671 5167 θανάτου
1697 5107 1851 5181 θραύ-

296 5241 369 5278 ειν
392 5223 551 5277 αὑτὸν
573 5220 651 5283 ὡς
693 5216 792 5271 ἕνα
827 5214 934 5267 τῶν
965 5211 1085 5266 καθ’
1115 5209 1283 5282 ἡμᾶς.

295 5316 531 5388 νομίζετε
571 5310 793 5380 θανάτῳ
818 5303 1127 5378 περιϐαλεῖν
1158 5301 1255 5372 τὴν
1298 5298 1475 5369 ζωήν;
1513 5296 1717 5357 Ὕπνος
1743 5291 1851 5363 γάρ

359 5492 538 5547 'Psal.
588 5504 746 5553 xxix,
794 5483 883 5537 12.

360 5654 489 5710 Ηῒὶ
515 5649 643 5707 Hae
678 5650 812 5701 sunt
844 5634 1187 5707 Apollinarii.

1958 5083 2341 5161 arbitrantium
2395 5114 2555 5171 posse
2606 5113 2665 5152 se
2707 5096 2858 5149 illum
2885 5107 2980 5161 per
3023 5097 3255 5144 mortem
3302 5083 3521 5137 abolere

1329 5208 1388 5260 '0
1432 5205 1489 5259 δέ
1528 5218 1696 5275 φησι·
1730 5173 1854 5263 iiii);
1959 5197 2115 5269 quasi
2142 5209 2311 5250 unum
2341 5208 2407 5248 ex
2442 5190 2617 5244 nobis.
2648 5186 2744 5241 Ille
2775 5193 2954 5239 autem
3006 5181 3083 5235 ait
3106 5199 3119 5233 :
3143 5177 3251 5275 Qui
3281 5173 3520 5275 arbitra-

1959 5288 2092 5343 mini
2114 5300 2276 5357 posse
2314 5298 2412 5338 vos
2434 5288 2607 5335 morte
2627 5279 2790 5333 vitam
2821 5266 3253 5330 circumvenire?
3281 5263 3522 5318 Somnus

984 5481 1004 5512 "
1046 5478 1232 5532 Matth.
1276 5491 1424 5538 xxvi,
1460 5471 1544 5526 15.
1633 5470 1654 5502 ⁸
1690 5466 1849 5523 ¹ῐοιιιι.
1883 5482 1998 5530 ιιι,
2063 5464 2149 5519 15.
2240 5460 2261 5492 ⁸
2303 5456 2475 5512 Exod.
2520 5468 2675 5518 mu,
2710 5451 2764 5504 7.

2036 5614 2145 5686 (ἰῦ)
2190 5611 2493 5668 Daminirns
2519 5608 2693 5669 homo,
2719 5617 2821 5657 vox
2852 5591 3243 5653 Athanasiana.
