3976 6220
393 301 495 356 199

1265 288 1321 342 S.
1362 283 1735 341 ATHANASII
1777 283 1929 339 OPP.
1982 282 2164 337 PARS
2202 281 2290 336 lli.
2334 311 2401 322 --
2441 281 2851 338 EXECETICA.

3504 275 3619 331 τοο

369 426 641 484 ,namque
673 410 805 466 mihi
838 406 1019 479 passio
1039 414 1140 461 est.
1172 403 1310 458 Hine
1333 403 1683 471 consequitur
1698 400 1951 455 arbitrari
1982 454 1983 460 η

2070 416 2201 453 εστιν
2229 399 2351 469 ἐμοὶ
2379 399 2440 451 τὸ
2472 399 2682 451 παθεῖν.
2744 394 3080 464 Ἀναγκαίως
3134 393 3189 447 δὲ
3232 393 3378 460 λέγει
3407 394 3474 464 τῇ
3507 409 3622 447 κοι-

392 505 572 575 ipsum
594 508 720 570 post
742 496 1123 555 domuitionem
1179 491 1435 560 subsequi
1465 488 1945 543 resurrectionem.

396 592 669 648 Dormitio
690 603 842 644 mors
863 593 977 642 est:
1009 599 1137 655 ergo
1177 592 1405 636 mortem
1459 578 1820 647 subsequetur
1866 593 1953 632 re-

393 684 685 741 surrectio.
1668 732 1671 735 η

466 781 553 834 10.
585 777 792 832 Etenim
824 776 975 828 homo
1005 772 1149 840 pacis
1181 786 1306 825 mea:
1332 770 1384 822 in
1427 782 1528 836 quo
1565 765 1797 834 speravi,
1859 761 1952 831 qui

348 886 353 891 λ
392 870 577 924 edebat
598 884 758 938 panes
785 881 948 929 meos,
984 862 1341 934 magniﬁcavit
1374 875 1531 924 super
1553 872 1632 910 me
1646 852 1956 924 supplanta-

397 962 459 1014 tic
475 975 609 1013 nem.
643 955 985 1021 Ludibrium,
1024 953 1280 1015 insidias,
1331 950 1538 1004 dolum.
1573 945 1732 1000 Pacis
1781 941 1957 997 homi-

394 1046 734 1104 nemJudam
767 1055 945 1110 vocat,
990 1044 1116 1113 quia
1171 1040 1454 1095 videbatur
1481 1039 1624 1092 inter
1668 1031 1956 1090 benevolos

394 1149 448 1195 et
477 1139 683 1193 amicos
714 1136 833 1205 eius
863 1130 1191 1202 computari,
1222 1137 1277 1185 et
1323 1130 1379 1183 in
1427 1125 1819 1195 discipulorum
1849 1138 1954 1176 nu-

396 1240 603 1282 merum
641 1225 867 1278 allectus
895 1222 1088 1276 fuerat.

468 1320 555 1373 ii.
589 1317 668 1372 Tu
700 1326 897 1378 autem,
928 1315 1169 1378 Domine,
1198 1314 1441 1367 miserere
1470 1310 1592 1376 mei,
1622 1318 1671 1363 et
1700 1307 1956 1361 resuscita

395 1425 496 1473 me,
531 1421 580 1461 et
613 1406 899 1483 retribuam
925 1408 1020 1460 eis.
1053 1404 1305 1459 Humano
1335 1417 1487 1457 more
1520 1411 1737 1470 propter
1774 1399 1956 1453 humi-

394 1498 675 1552 liationem
710 1510 863 1549 suam
885 1496 950 1548 ad
985 1493 1193 1548 Patrem
1218 1508 1378 1547 suum
1400 1492 1565 1546 verba
1599 1490 1745 1554 facit,
1764 1488 1956 1543 etiam-

394 1589 440 1644 si
471 1589 561 1642 ille
592 1587 665 1642 sit
691 1586 1065 1642 misericordia
1091 1585 1182 1665 Dei
1215 1592 1270 1641 et
1296 1584 1499 1646 Patris,
1539 1589 1594 1635 et
1622 1578 1954 1635 resurrectio

393 1687 556 1747 atque
580 1676 710 1733 vita.

466 1764 553 1819 12.
582 1762 650 1819 In
677 1765 772 1818 hoc
796 1763 1010 1834 cognovi
1054 1763 1179 1833 quia
1218 1750 1832 1829 vetuistime.’Rursum
1880 1757 1961 1812 lo-

394 1855 580 1925 quitur
608 1865 667 1908 ut
698 1855 884 1920 homo,
946 1862 1005 1907 ut
1032 1855 1272 1922 seipsum
1306 1853 1501 1907 oﬂ'erat
1535 1851 1644 1906 Deo
1699 1860 1753 1905 et
1791 1847 1956 1901 Patri.

398 1944 657 2009 Quoniam
679 1960 783 1997 non
820 1943 1067 2012 gaudebit
1093 1944 1340 1996 inimicus
1387 1959 1532 1996 meus
1579 1958 1737 2010 super
1758 1955 1860 1993 me.
1899 1936 1958 1992 Si

394 2049 461 2087 ex
489 2034 843 2089 humanitatis
872 2048 1107 2103 persona
1154 2034 1259 2087 hoc
1301 2033 1435 2088 dicit
1465 2031 1742 2095 Christus,
1775 2028 1963 2083 inimi-

397 2139 496 2179 cus
535 2125 695 2193 plane
750 2125 1083 2195 intelligatur
1112 2139 1235 2199 esse
1259 2123 1355 2193 qui
1407 2129 1641 2176 mortem
1676 2119 1839 2175 nobis
1865 2134 1962 2188 pa-

394 2210 553 2262 ravit.
590 2208 684 2261 Sin
712 2209 868 2277 quasi
890 2210 1091 2278 exipso
1125 2208 1362 2273 Christo,
1401 2206 1723 2261 Judaeorum
1757 2201 1963 2272 princi-

399 2311 492 2364 pes
517 2296 614 2349 ait.
651 2294 805 2362 ρυοά
831 2296 975 2349 enim
1011 2312 1097 2351 res
1133 2296 1268 2365 ipsis
1303 2286 1625 2365 permoleste
1657 2292 1842 2358 fuerit,
1867 2307 1964 2361 pa-

394 2384 504 2439 lam
530 2400 595 2439 ex
616 2399 681 2440 eo
707 2395 791 2440 est
813 2386 956 2455 quod
987 2387 1104 2455 ejus
1130 2386 1582 2442 resurrectionem
1609 2385 1720 2439 sint
1756 2386 1964 2438 calum-

395 2474 553 2530 niali.

464 2566 554 2620 15.
591 2565 676 2619 He
699 2574 874 2620 autem
894 2575 1105 2636 propter
1125 2566 1480 2621 innocentiam
1514 2563 1815 2632 suscepisti.
1855 2559 1960 2626 Qui

395 2657 641 2711 omnium
671 2664 757 2712 est
788 2638 1176 2726 patrocinium,
1213 2656 1316 2710 sibi
1346 2668 1569 2725 quoque
1593 2650 1960 2722 patrocinium

396 2745 568 2803 fuisse
604 2749 700 2801 ait.
732 2746 850 2801 Non
883 2748 1029 2816 quod
1083 2748 1175 2802 ille
1203 2732 1477 2816 quatenus
1511 2745 1655 2799 Deus
1704 2740 1961 2810 intelligi-

397 2847 488 2892 tur
518 2853 585 2893 eo
614 2837 886 2907 indigeat:
931 2838 1024 2893 sed
1056 2838 1221 2892 homo
1251 2837 1428 2890 factus
1456 2850 1581 2890 cum
1611 2834 1704 2899 sit,
1736 2842 1837 2903 pro
1864 2832 1963 2886 ho-

397 2928 637 2982 minibus
669 2929 832 2981 verba
856 2927 1003 2981 facit.

2057 492 2219 561 μήσει
2243 489 2339 561 τὴν
2367 490 2658 542 ἀνάστασιν
2683 487 2932 540 ἕπεσθαι.
2979 486 3042 537 Ἡ
3085 484 3142 536 δὲ
3175 482 3429 554 κοίμησίς
3473 484 3621 536 ἐστιν

2052 584 2081 634 ὁ
2114 581 2339 643 θάνατος
2361 597 2374 610 ·
2412 579 2723 647 ἀναγκαίως
2748 577 2826 648 τῷ
2872 578 3087 647 θανάτῳ
3127 574 3482 644 ἀκολουθήσει
3524 574 3641 628 καὶ.

2055 675 2088 743 ἡ
2117 673 2429 735 ἀνάστασις.

2122 765 2231 817 Καὶ
2262 764 2369 832 γὰρ
2399 766 2430 816 0'
2470 760 2777 829 ἅνθρωπος
2817 760 2929 827 τῆς
2976 758 3218 826 είρήνης
3251 774 3370 826 μου
3409 756 3502 825 ἐφ’
3550 755 3623 817 ὃν

2054 853 2307 921 ἤλπισα,
2351 856 2384 907 ό
2419 853 2640 905 ἐσθίων
2691 850 2908 919 ἄρτους
2934 872 2937 873 ν
2952 866 3095 918 μου,
3121 847 3489 918 ἐμεγάλυνεν
3527 847 3621 901 ἐπ’

2052 942 2158 1011 ἐμὲ
2196 943 2578 1011 πτερνισμῦν.
2645 939 2987 1010 Ἐμπαιγμύν
3009 979 3023 1003 ,
3066 938 3356 1008 ἐπιϐουλὴν
3387 978 3406 1002 ,
3451 935 3620 990 δόλον.

2053 1033 2291 1104 Εἰρήνης
2331 1031 2611 1102 ἄνθρωπον
2639 1030 2730 1082 τὸν
2768 1028 2968 1082 Ἰούδαν
3000 1028 3164 1097 φησι,
3224 1027 3313 1080 διὰ
3357 1026 3418 1079 τὸ
3448 1026 3624 1079 δοκεῖν

2055 1127 2111 1177 ὲν
2131 1128 2241 1186 τοῖς
2261 1122 2530 1175 εὐνοοῦσιν
2548 1120 2693 1191 αὐτῷ
2711 1120 2965 1191 τετάχθαι
2987 1122 3077 1173 καὶ
3106 1119 3298 1189 φίλοις·
3326 1120 3451 1188 τόγε
3472 1118 3626 1189 ἥκων

2054 1216 2132 1276 εἰς
2156 1215 2217 1266 τὸ
2243 1209 2384 1266 εἶναι
2413 1212 2681 1283 μαθητήν.

2125 1303 2206 1356 Σὺ
2236 1303 2323 1367 δὲ,
2356 1304 2553 1370 Κύριε,
2585 1300 2846 1367 ἐλέησόν
2877 1316 2976 1368 με,
3013 1299 3111 1353 καὶ
3146 1297 3502 1366 ἀνάστησόν
3518 1314 3618 1367 με,

2055 1394 2154 1448 καὶ
2180 1393 2582 1449 ἀνταποδώσω
2630 1392 2857 1457 αὐτοῖς.
2895 1390 3272 1462 Ἀνθρωπίνως
3305 1389 3504 1460 μᾶλλον
3530 1389 3623 1443 διὰ

2054 1486 2152 1555 τὴν
2197 1484 2425 1537 κένωσιν
2456 1485 2592 1554 πρὸς
2620 1483 2710 1535 τὸν
2756 1481 2948 1536 ἑαυτοῦ
3000 1481 3220 1552 Πατέρα
3267 1483 3497 1533 ποιεῖται
3529 1480 3622 1533 τὸν

2055 1576 2232 1643 λόγον,
2286 1575 2460 1629 καίτοι
2484 1570 2654 1636 ἀὐτὸς
2683 1571 2756 1625 ὢν
2797 1573 2859 1626 τὸ
2883 1571 3031 1635 ἔλεος
3071 1570 3165 1625 τοῦ
3197 1571 3332 1623 Θεοῦ
3382 1572 3476 1624 καὶ
3506 1571 3613 1624 Πα-

2055 1667 2200 1738 τρὸς,
2232 1667 2326 1720 καὶ
2357 1667 2390 1736 ἡ
2421 1666 2713 1726 ἀνάστασις
2741 1665 2884 1733 καὶὴ
2914 1662 3050 1732 ζωή.

2143 1761 2240 1812 Ἑν
2267 1760 2454 1821 τούτῳ
2484 1756 2696 1825 ἔγνων,
2721 1755 2809 1808 ὅτι
2837 1751 3165 1819 τεθέληκάς
3191 1768 3287 1822 με.
3328 1751 3492 1805 Λαλεῖ
3514 1752 3623 1805 πά-

2059 1848 2140 1900 λιν
2172 1847 2246 1909 ὡς
2274 1847 2555 1916 ἄνθρωπος
2585 1884 2601 1908 ,
2648 1843 2735 1896 ῖνα
2773 1843 2961 1896 ἑαυτὸν
2990 1840 3207 1912 παραθῇ
3251 1839 3330 1910 τῷ
3364 1839 3485 1909 Θεῷ
3525 1840 3624 1893 καὶ

2060 1938 2252 2010 Πατρί.
2290 1940 2409 1992 Ὅτι
2435 1939 2507 1992 οὐ
2529 1935 2616 2005 μὴ
2645 1931 2900 2003 ἐπιχαρῆ
2925 1935 2957 1985 ό
2985 1932 3197 2001 ἐχθρός
3218 1948 3339 2000 μου
3374 1931 3466 1984 ἐπ’
3492 1930 3621 2000 ἐμέ.

2059 2032 2122 2085 Et
2160 2032 2258 2100 μὲν
2288 2029 2354 2084 ἐκ
2376 2027 2666 2100 προσώπου
2696 2026 2791 2095 τῆς
2819 2010 3230 2096 ἀνθρωπότητος
3257 2023 3430 2077 ταῦτα
3476 2023 3625 2091 λέγει

2060 2119 2087 2169 ὁ
2110 2115 2361 2186 Χριστὸς,
2388 2112 2579 2184 ἐχθρὸς
2603 2113 2668 2166 ἂν
2684 2111 2902 2183 νοηθείη
2928 2115 2955 2165 ὁ
2980 2112 3070 2165 τὸν
3105 2110 3331 2165 θάνατον
3363 2114 3495 2181 ἡμῖν
3525 2128 3628 2175 κα-

2059 2205 2437 2268 τασκευάσαςσ
2477 2206 2528 2258 ει
2560 2204 2617 2257 δὲ
2662 2202 2736 2266 ὡς
2784 2202 2844 2268 ἐξ
2892 2201 3058 2257 αὐτοῦ
3106 2201 3200 2255 τοῦ
3228 2202 3487 2273 Χριστοῦ,
3515 2202 3626 2256 τῶν

2074 2297 2339 2352 Ἰουδαίων
2361 2296 2486 2360 τούς
2515 2295 2782 2367 ἄρχοντάς
2829 2311 3013 2365 φησιν.
3048 2294 3168 2346 Ὅτι
3206 2294 3314 2366 γὰρ
3360 2293 3628 2364 λελύπην-

2060 2405 2171 2454 ται,
2199 2388 2355 2458 δῆλον
2397 2388 2463 2440 ἑκ
2498 2386 2589 2440 τοῦ
2625 2386 3028 2455 ωκοφαντῆσαι
3056 2383 3220 2439 αὐτοῦ
3259 2385 3358 2457 τὴν
3393 2386 3628 2440 ἀνάστα·

2064 2497 2166 2533 σιν.

2143 2568 2316 2636 Ἐμοῦ
2336 2567 2405 2619 δὲ
2441 2565 2547 2620 διὰ
2577 2564 2692 2634 τὴν
2715 2566 2974 2621 ἀκακίαν
3007 2565 3359 2621 ἀπολάϐοι).
3401 2568 3464 2620 Ἠ
3492 2567 3628 2622 πάν-

2059 2675 2167 2712 των
2196 2658 2477 2728 ἀντίληψις
2517 2657 2850 2729 ἀντιλήψεως
2892 2658 3246 2729 τετυχηκέναι
3291 2657 3487 2728 φησιν·
3526 2659 3628 2712 οὐκ

2062 2747 2225 2810 αὐτὸς
2254 2747 2457 2819 ταύτης
2504 2747 2778 2817 δεόμενος,
2823 2746 2943 2800 καθ’
2989 2747 3017 2800 ὃ
3071 2750 3270 2801 νοεῖται
3299 2747 3454 2812 Θεὸς,
3490 2747 3630 2801 ἀλλὰ

2063 2834 2365 2905 γενόμενος·
2392 2835 2696 2905 ἄνθρωπος,
2744 2833 2884 2905 ὑπὲρ
2925 2832 3225 2905 ἀνθρώπων
3256 2836 3488 2887 ποιεῖται
3542 2833 3631 2887 λό-

2062 2940 2211 2992 γους.

474 3017 560 3071 14.
595 3016 910 3069 Benedictus
942 3015 1198 3068 Dominus
1248 3012 1388 3068 Deus
1437 3012 1611 3067 Israel
1665 3028 1697 3065 a
1740 3009 1956 3065 sarculo.

2132 3014 2472 3084 Εὐλογητὸς
2488 3015 2703 3081 Κύριος
2720 3016 2752 3068 ό
2773 3013 2915 3079 Θεὸς
2949 3012 3192 3080 Ἰσραὴλ
3211 3012 3326 3066 ἀπὸ
3349 3011 3456 3065 τοῦ
3492 3011 3630 3065 aldi-

395 3105 516 3162 Jam
546 3107 801 3176 obsignat
830 3108 1104 3161 canticum
1139 3105 1192 3158 in
1218 3104 1518 3175 gratiarum
1562 3103 1836 3158 actionem
1868 3101 1965 3156 de—

398 3197 608 3251 sinens.
637 3196 682 3247 A
716 3196 992 3263 ρηεοοηιὶ,
1014 3195 1212 3265 inquit,
1254 3210 1428 3264 usque
1475 3195 1543 3248 ad
1593 3193 1861 3247 futurum.
1918 3189 1964 3243 A

394 3287 653 3357 praesenti
684 3286 848 3357 igitur
868 3287 1171 3341 benedictio
1192 3302 1223 3342 α
1272 3286 1432 3341 nobis
1464 3284 1575 3339 Deo
1625 3285 1807 3339 oblata
1854 3284 1964 3336 ini-
2004 3280 2020 3296 '

397 3378 534 3432 tium
570 3377 1170 3446 ducit,completurque
1202 3378 1258 3430 in
1300 3377 1520 3430 futuro:
1564 3391 1690 3429 nam
1730 3385 1966 3444 exparte

384 3469 761 3538 mgnoscimus
795 3476 846 3521 et
894 3482 959 3521 ea:
995 3477 1144 3537 parte
1190 3468 1561 3536 prophetamus
1591 3467 1657 3530 ιθ,
1691 3480 1863 3534 quare
1895 3479 1965 3518 ex

396 3564 555 3625 parte
582 3556 995 3610 benedicimus:
1028 3554 1161 3610 Cum
1196 3566 1373 3610 autem
1415 3556 1610 3610 venerit
1656 3555 1795 3623 quod
1845 3571 1965 3624 per-

399 3647 593 3713 fectum
619 3654 695 3698 est
719 3686 734 3710 ,
766 3644 947 3714 inquit
998 3645 1287 3711 Paulus“,
1322 3645 1668 3699 evacuabitur
1717 3646 1856 3715 quod
1899 3650 1965 3698 ex

393 3745 546 3807 parte
563 3751 662 3792 est.
698 3735 831 3791 Nam
852 3737 1094 3808 profectu
1118 3738 1185 3793 ad
1230 3738 1453 3791 meliora
1478 3737 1791 3801 accedente,
1846 3750 1965 3791 ces-

320 3890 325 3897 ,
397 3836 487 3885 sat
509 3830 654 3899 quod
684 3845 750 3883 ex
771 3838 925 3898 parte
953 3837 1058 3884 est.
1086 3828 1319 3896 Ideoque
1367 3826 1656 3883 Psalmista
1683 3826 1959 3896 adiunxit,

396 3918 545 3984 Fiat,
574 3921 693 3985 ﬁat,
722 3928 778 3974 et
804 3920 1045 3990 duplicat
1075 3921 1399 3976 orationem.
1435 3918 1713 3989 Siquidem
1741 3920 1961 3973 beatum

395 4022 503 4077 est,
526 4026 622 4081 per
646 4010 806 4065 tidem
833 4021 888 4065 et
913 4011 1019 4065 alia
1069 4010 1211 4064 bona
1243 4024 1410 4079 opera
1436 4009 1870 4064 benedictionem
1907 4008 1961 4062 in

395 4099 567 4154 Deum
591 4100 852 4162 exordiri,
880 4109 1046 4168 atque
1098 4102 1176 4156 ita
1202 4101 1349 4155 illam
1390 4115 1656 4155 coronare
1699 4100 1753 4153 in
1779 4099 1964 4153 futuro

396 4188 618 4247 saeculo.
655 4195 715 4240 ut
744 4187 929 4255 impiis
954 4195 1009 4240 et
1038 4187 1350 4242 inﬁdelibus
1377 4186 1550 4241 Deum
1588 4186 1700 4240 illic
1741 4186 1964 4240 laudare

397 4276 707 4329 nullatenus
734 4278 1086 4331 concedatur.
1116 4278 1409 4343 Sciendum
1440 4286 1644 4340 autem,
1670 4277 1963 4332 nonnullos

2066 3123 2192 3171 νος.
2209 3106 2502 3176 Σφραγίξει
2520 3106 2614 3158 καὶ
2627 3104 2720 3158 νῦν
2742 3107 2821 3168 είς
2834 3104 3180 3175 εὐχαριστίαν
3211 3102 3307 3172 τὴν
3342 3103 3633 3172 προκειμέ-

2065 3214 2162 3268 ’,ην
2188 3196 2351 3267 ᾠδήν.
2398 3197 2530 3248 Ἀπὸ
2573 3195 2665 3249 τοῦ
2710 3196 2995 3267 παρόντος,
3043 3195 3225 3265 φησὶν,
3256 3196 3336 3256 εἰς
3379 3194 3469 3246 τὸν
3499 3193 3629 3264 μέλ-

2063 3283 2223 3339 λοντα
2246 3301 2260 3316 ·
2287 3283 2478 3337 οὐκοῦν
2504 3283 2613 3336 ἀπὸ
2638 3283 2735 3352 μὲν
2765 3281 2859 3335 τοῦ
2884 3281 3150 3351 παρόντος
3181 3284 3214 3351 ὴ
3256 3280 3473 3350 εὐλογία
3497 3282 3629 3353 παρ’

2064 3373 2219 3444 ἡμῶν
2239 3374 2317 3436 είς
2342 3373 2431 3426 τὸν
2458 3371 2589 3424 Θεὸν
2617 3372 2865 3441 ἄρχεται,
2886 3370 3187 3423 τελειοῦται
3210 3369 3268 3422 δὲ
3306 3370 3364 3423 ὲν
3391 3369 3470 3439 τῷ
3501 3368 3631 3439 μέλ-

2062 3463 2207 3516 λοντι
2227 3479 2239 3494 ·
2255 3464 2325 3516 ἐκ
2364 3462 2585 3531 μέρους
2611 3462 2719 3531 γὰρ
2748 3459 3141 3530 γινώσκομεν,
3193 3460 3294 3513 καὶ
3321 3460 3391 3512 ἐκ
3408 3459 3631 3529 μέρους

2062 3540 2530 3622 προφητεύομεν,
2543 3550 2662 3604 ὃθεν
2684 3551 2853 3604 καὶὲκ
2875 3550 3072 3621 μέρους
3092 3549 3439 3620 εὐλογοῦμεν·
3455 3553 3633 3604 Ὅταν

2063 3641 2130 3695 δὲ
2144 3643 2290 3711 ἔλθῃ
2308 3642 2374 3696 τὸ
2387 3641 2803 3711 tactos-npqu
2816 3642 2844 3694 ὁ
2859 3640 3090 3705 Παῦλος,
3108 3640 3173 3693 τὸ
3182 3641 3250 3693 ἐκ
3270 3638 3491 3708 μέρους
3502 3655 3633 3692 κατ-

2063 3731 2479 3802 αργηθήσεται.
2503 3732 2580 3802 Τῇ
2600 3732 2708 3802 γάρ
2747 3734 2839 3785 ἐπὶ
2861 3732 2922 3785 τὸ
2954 3733 3137 3803 μεῖζον
3161 3734 3408 3802 προκοπῇ
3435 3729 3500 3785 τὸ
3522 3730 3632 3784 ἀπὸ

2069 3823 2267 3894 μέρους
2289 3823 2540 3877 παύεται.
2559 3821 2657 3876 Διὰ
2679 3822 2876 3876 τοῦτοὸ
2897 3822 3194 3895 Ψαλμῳδὸς
3218 3823 3487 3892 ἐπήγαγε,
3527 3820 3635 3875 Γέ-

2064 3929 2245 3974 νοιτο,
2268 3909 2516 3981 γένοιτο,
2549 3913 2645 3964 καὶ
2666 3910 3004 3976 διπλασιάζει
3024 3913 3121 3982 τὴν
3145 3911 3329 3981 εὐχήν.
3347 3908 3634 3980 Μακάριον

2065 4001 2173 4073 γὰρ
2186 4001 2436 4055 ἐντεῦθεν
2447 4002 2547 4072 τῆς
2562 4003 2809 4070 εὐλογίας
2828 4003 2927 4073 τῆς
2947 4006 3025 4068 είς
3038 4004 3130 4056 τὸν
3144 4002 3276 4056 Θεὸν
3295 4002 3383 4055 διὰ
3398 4002 3634 4062 πίστεως

2066 4093 2159 4146 καὶ
2182 4093 2281 4163 τῆς
2304 4093 2411 4146 τῶν
2442 4093 2617 4150 ἄλλων
2648 4093 2870 4163 ἀγαθῶν
2904 4093 3292 4164 κατορθώσεως
3330 4090 3629 4161 ἄρξασθαι,

2066 4182 2209 4236 οὕτω
2236 4201 2295 4236 τε
2327 4183 2495 4255 αὐτὴν
2527 4185 2866 4252 στεφανῶσαι
2916 4186 2996 4248 είς
3024 4183 3114 4236 τὸν
3158 4181 3334 4236 αἰῶνα
3378 4180 3470 4233 τὸν
3505 4178 3635 4250 μέλ-

2067 4278 2247 4341 λοντα,
2276 4279 2350 4342 ὠς
2388 4279 2442 4332 οἴ
2474 4296 2538 4349 γε
2571 4278 2788 4341 ἀσεϐεῖς
2823 4278 2919 4333 καὶ⁴
2957 4278 3173 4331 ἄπιστοι
3228 4275 3468 4341 εὐλογεῖν
3515 4274 3636 4324 ἐκεῖ

398 4366 543 4420 hanc
575 4365 911 4434 psalmorum
937 4367 1275 4435 prophetiam
1304 4367 1357 4420 in
1407 4366 1578 4423 libros
1607 4368 1848 4437 quinque
1875 4367 1960 4421 di-

2070 4363 2158 4418 τὸν
2196 4364 2327 4419 Θεὸν
2359 4367 2458 4419 οὐκ
2499 4365 2903 4437 ὲπιτρέπονται.
2940 4365 3152 4419 Είδέναι
3193 4365 3250 4417 δὲ
3283 4363 3382 4426 δεῖ,
3418 4363 3500 4415 ὅτι
3530 4360 3632 4430 τὴν

395 4456 615 4509 videre:
645 4464 810 4523 atque
865 4457 931 4510 ad
977 4457 1124 4510 hunc
1174 4470 1350 4522 usque
1405 4458 1675 4525 psalmum
1724 4459 1961 4527 priorem

395 4545 766 4609 constituere;
822 4545 949 4614 quia
980 4546 1033 4598 in
1075 4545 1182 4599 line
1220 4546 1651 4601 benedictionem
1702 4548 1755 4600 in
1792 4546 1962 4602 Deum

396 4648 494 4687 seu
516 4648 774 4689 coronam
813 4635 992 4690 habet.
1018 4633 1174 4691 Unde
1204 4637 1370 4690 etiam
1397 4636 1477 4692 sic
1505 4645 1797 4707 sequentes
1828 4653 1963 4707 qua-

399 4732 526 4778 tuor
551 4723 885 4793 partiuntur.

538 4898 591 4952 1.
632 4897 692 4951 1η
738 4899 893 4967 ﬁnem
922 4902 992 4955 ad
1042 4902 1444 4972 intelligentiam
1492 4904 1622 4973 filiis
1654 4902 1811 4959 Core.

923 4991 1260 5049 PSALMUS
1287 4983 1442 5048 XEI.
1728 4995 1735 5003 ’

972 5082 1370 5153 Argumentum.

395 5171 549 5227 Sacri
574 5170 728 5226 fuere
758 5179 1013 5226 cantores
1048 5174 1145 5227 ﬁlii
1167 5158 1329 5238 Core,
1360 5183 1565 5230 canunt
1597 5185 1780 5231 autem
1813 5191 1946 5231 can—

475 5264 641 5317 ticum
668 5264 735 5318 ab
760 5263 1392 5333 auctoribusacceptum,
1414 5265 1706 5321 videliceta
1730 5265 1957 5332 Davide,

467 5363 589 5416 qua-
615 5350 669 5403 in
709 5351 998 5421 postremis
1042 5353 1377 5421 temporibus
1415 5355 1717 5409 obventura
1775 5363 1962 5411 essent

471 5436 863 5504 signiﬁcantes.
896 5438 1165 5497 lnducunt
1187 5443 1351 5497 etiam
1381 5443 1554 5514 ipsius
1578 5443 1797 5502 lsraelis
1833 5462 1959 5516 per-

474 5612 519 5645 “
545 5615 563 5669 1
589 5615 715 5670 Cor;
743 5632 861 5683 xm,
880 5620 932 5675 9.
1016 5623 1054 5655 "
1082 5621 1211 5677 ibid.
1245 5623 1329 5679 10.

2068 4452 2349 4525 ψαλμικὴν
2403 4455 2607 4526 ταύτην
2650 4457 2987 4529 προφητείαν
3038 4457 3120 4518 είς
3168 4454 3329 4507 πέντε
3368 4452 3510 4515 τινὲς
3553 4451 3636 4506 δι-

2068 4543 2276 4606 ελόντες
2306 4545 2536 4613 βίϐλους,
2581 4546 2740 4617 μέχρι
2768 4547 2955 4600 τούτου
2984 4545 3080 4599 τοῦ
3114 4544 3328 4615 ψαλμοῦ
3360 4543 3460 4615 τὴν
3477 4540 3635 4613 πρὼ-

2067 4648 2167 4702 την
2198 4633 2507 4702 νομίζουσιν
2548 4650 2563 4664 ·
2615 4634 2800 4706 ἐπειδὴ
2852 4635 2988 4704 πρὸς
3037 4634 3115 4706 τῷ
3169 4629 3313 4687 τέλει
3369 4632 3636 4700 στέφανον

2068 4721 2260 4792 ὥσπερ
2308 4723 2406 4793 τὴν
2437 4724 2682 4793 εὐλογίαν
2723 4726 2822 4797 τὴν
2866 4728 2946 4790 είς
2994 4725 3125 4779 Θεὸν
3156 4725 3437 4795 κέκτηται.
3468 4722 3636 4777 Ὅθεν

2069 4811 2212 4865 οὕτω
2237 4813 2502 4885 διαιροῦσι
2527 4816 2620 4868 καὶ
2650 4815 2748 4880 τὰς
2778 4816 3038 4889 ὑπάρξεις
3071 4817 3170 4879 τὰς
3200 4816 3487 4885 τέσσαρας.

2132 4904 2235 4968 Είς
2264 4904 2330 4957 τὸ
2357 4904 2529 4970 τέλος
2551 4910 2640 4973 εις
2662 4907 2919 4962 σύνεσιν
2941 4898 3066 4973 τοῖς
3079 4906 3230 4973 υιοῒς
3254 4906 3359 4960 τοῦ
3389 4902 3560 4973 Κορέ.

2615 5001 2920 5054 ΨΑΛΜΟΣ
2953 5001 3090 5053 MA'.

2689 5090 2703 5109 '
2716 5091 3023 5155 Υπόθεσις.
3430 5129 3437 5133 .

2078 5178 2406 5252 ’ῐεροψάλται
2440 5180 2539 5250 μὲν
2582 5182 2865 5249 γεγόνασιν
2897 5184 2945 5235 oi
2984 5181 3077 5237 τοῦ
3120 5181 3265 5252 Κορὲ
3293 5180 3416 5242 υἱοὶ,
3445 5177 3638 5248 ᾅδουσι

2141 5269 2199 5321 δὲ
2226 5270 2326 5341 τὴν
2352 5270 2494 5342 ᾠδὴν
2538 5270 2791 5336 λαϐόντες
2851 5273 3005 5343 παρὰ
3055 5272 3164 5326 τῶν
3202 5270 3500 5325 συνθέντων
3535 5267 3641 5325 αὐ-

2140 5358 2259 5429 τὴν,
2293 5361 2537 5414 τουτέστι
2566 5360 2661 5414 τοῦ
2709 5362 2890 5426 Δαυῖδ,
2917 5363 2986 5418 τὰ
3034 5365 3122 5416 ἐπ’
3151 5363 3390 5433 ἐσχάτων
3425 5358 3638 5429 σημαί-

2136 5466 2318 5513 νοντες
2353 5452 2458 5506 τῶν
2500 5453 2726 5525 καιρῶν.
2763 5456 3089 5527 Είσφέρουσι
3129 5455 3186 5507 δὲ
3234 5454 3296 5506 τὸ
3333 5449 3497 5506 αὐτοῦ
3535 5449 3638 5504 τοῦ
