3976 6220
310 252 405 308 201

1416 246 1777 308 EXPOSITIO
1813 239 1881 302 IN
1918 240 2249 307 PSALMUM
2289 241 2427 304 XLI.

3432 247 3538 304 202

388 373 602 445 Ἰσραὴλ
642 373 944 445 πρόσωπον
985 371 1471 444 ὲςομολογούμενον
1524 370 1745 443 Χριστῷ
1788 371 1876 424 διὰ

2055 385 2244 425 sonam
2294 369 2514 425 Christo
2555 383 2650 439 per
2706 370 3072 439 paenitentiam
3144 368 3488 424 confitentem
3520 411 3539 435 ,

379 466 475 537 τῆς
526 464 946 535 μεταγνώσεως,
976 460 1049 537 ἦς
1091 466 1407 535 ποιήσονται
1457 464 1550 517 ἐπὶ
1598 462 1880 533 συντελείᾳ

382 556 486 609 τῶν
510 556 745 613 αίὼνων.

389 648 497 700 Ὃν
538 648 764 714 τρόπον
795 646 912 717 (14)
955 645 1229 701 ἐπιποθεῖ
1264 640 1304 712 ἠ
1352 644 1580 714 ἔλαφος
1625 642 1723 697 ἐπὶ
1769 644 1882 708 τὰς

315 738 512 807 πηγὰς
541 727 661 791 τῶν
687 738 942 803 ὑδάτων,
970 738 1158 804 οὕτως
1197 737 1469 792 ἐπιποθεῖ
1492 737 1530 804 ἠ
1564 735 1734 807 ψυχή
1763 753 1882 804 μου

315 829 464 897 πρὸς
514 830 609 891 σέ,
648 832 681 883 ὁ
715 830 878 895 Θεός.
921 830 987 883 Al
1033 830 1249 898 λογικαὶ
1270 829 1477 899 ἔλαφοι,
1506 826 1883 897 διαλειπούσης

315 920 486 984 αὐτὰς
514 919 602 973 διὰ
643 918 742 983 τὰς
772 919 1003 990 ἀνομίας
1037 920 1135 990 τῆς
1164 920 1359 991 νοητῆς
1386 921 1586 991 πηγῆς;
1624 916 1884 971 ἀπεκλαί-

314 1027 437 1064 οντο
465 1011 660 1074 νυκτὸς
685 1010 778 1064 καὶ
810 1009 929 1081 μεθ’
962 1009 1175 1083 ἡμέραν
1199 1010 1295 1081 τὴν
1317 1010 1592 1064 ἀπώλειαν
1625 1008 1853 1063 ἑαυτῶν.

383 1123 534 1175 Πότε
562 1121 723 1190 ἥξω,
773 1122 872 1176 καὶ
923 1121 1260 1191 ὀφθήσομαι
1308 1121 1389 1189 τῷ
1440 1123 1737 1191 προσώπῳ
1775 1120 1882 1175 τοῦ

312 1209 506 1274 Θεοῦ;
553 1211 849 1282 Πρόσωπον
880 1211 974 1263 τοῦ
1005 1209 1139 1264 Θεοῦ
1187 1211 1218 1262 ό
1270 1210 1458 1278 Λόγος.
1507 1210 1767 1282 Σημαίνει
1821 1209 1883 1262 τὸ

310 1302 431 1356 λίαν
480 1300 767 1371 ἐπιθυμεῖν
800 1301 995 1365 αὐτοὺς
1025 1302 1104 1363 είς
1136 1301 1327 1372 καιρὸν
1353 1301 1644 1371 ἀφικέσθαι
1688 1300 1883 1364 αὐτοὺς

312 1392 435 1446 καθ’
464 1393 525 1445 δν
548 1394 644 1446 καὶ
668 1395 700 1463 ἡ
732 1391 911 1446 αὐτῶν
940 1390 1093 1446 ἔσται
1127 1393 1318 1464 κλῆσις
1342 1412 1356 1424 ·
1380 1392 1521 1446 ὥστε
1554 1393 1646 1445 καὶ
1684 1392 1882 1454 αὐτοὺς

311 1486 576 1554 ἐμφανεῖς
599 1482 848 1551 γενέσθαι
894 1482 972 1554 τῷ
1022 1483 1296 1555 προσώπῳ
1341 1482 1433 1537 τοῦ
1485 1482 1618 1537 Θεοῦ
1653 1483 1747 1536 καὶ
1772 1483 1882 1537 Πά-

310 1574 456 1643 τρός.
492 1573 673 1625 Ταυτὺ
692 1573 746 1626 δέ
781 1575 895 1626 ἐστι
918 1575 1012 1627 καὶ
1041 1573 1102 1625 τὸ
1128 1572 1221 1626 τοῦ
1255 1572 1406 1626 Υίοῦ.

2049 476 2215 531 quam
2292 462 2346 515 in
2432 461 2906 516 consummatione
2967 462 3291 515 saeculorum
3365 463 3539 516 acturi

2048 643 2105 697 2.
2136 645 2589 709 Quemadmodum
2607 644 2870 698 desiderat
2889 660 3067 698 cervus
3091 644 3159 696 ad
3183 646 3352 712 fontes
3369 658 3540 712 aqua—

1981 744 2121 799 rum,
2144 734 2223 786 ita
2250 734 2513 788 desiderat
2536 735 2713 788 anima
2737 751 2853 788 mea
2886 736 2955 788 ad
2988 744 3055 795 te,
3090 733 3251 788 Deus.
3281 733 3542 788 Rationa-

1980 823 2117 879 biles
2147 827 2314 890 cervi,
2379 827 2662 881 deﬁciente
2712 828 2876 896 ipsis’,
2940 837 3281 896 peccatorum
3344 842 3538 894 causa,

1981 916 2247 985 spirituali
2280 916 2445 985 fonte,
2482 929 2642 974 noctu
2670 920 2864 989 dieque
2908 937 3061 976 suam
3099 922 3391 991 perniciem
3448 922 3541 975 de-

1979 1006 2284 1075 plorabant.

2052 1118 2106 1173 3.
2147 1118 2370 1184 Quando
2401 1119 2602 1176 veniam
2635 1132 2684 1176 et
2712 1124 2971 1194 apparebo
3029 1135 3149 1179 ante
3182 1126 3369 1195 [aciem
3402 1125 3544 1179 Dei.‘

1980 1202 2170 1265 Faucies
2209 1208 2386 1267 Patris
2425 1204 2684 1270 Verbum.
2716 1213 2812 1271 His
2838 1217 3171 1286 significatur
3205 1234 3415 1273 summe
3441 1236 3537 1273 ex—

1981 1309 2162 1367 petere
2185 1300 2306 1355 illos
2336 1316 2402 1355 eo
2434 1311 2677 1372 tempore
2702 1314 2827 1359 ante
2852 1317 3204 1376 conspectum
3229 1307 3321 1361 Dei
3347 1324 3541 1364 occur-
3566 1304 3569 1309 ’

1983 1404 2101 1444 rere
2132 1404 2242 1461 quo
2268 1393 2442 1447 vocati
2470 1391 2692 1459 fuerint,
2729 1402 2787 1450 ut
2814 1408 3166 1466 compareant
3192 1409 3320 1453 ante
3347 1399 3538 1455 faciem

1980 1478 2186 1535 Patris:
2217 1496 2339 1551 qua}
2368 1483 2554 1537 eadem
2579 1483 2695 1553 ipsa
2726 1492 2809 1538 est
2826 1493 2989 1555 atque
3013 1482 3155 1539 Filii.

392 1686 492 1738 Ἐν
533 1680 706 1753 φωνῇ
772 1685 1186 1756 ἀγαλλιάσεως
1231 1684 1330 1738 καὶ
1385 1681 1875 1755 ἐξομολογήσεως

2054 1674 2105 1734 5.
2139 1674 2207 1734 In
2238 1697 2357 1735 voce
2378 1683 2748 1739 exsultatiom’s
2771 1699 2818 1741 et
2852 1688 3197 1757 confessionis
3227 1706 3385 1744 sonus
3416 1708 3541 1756 epu-

310 1775 502 1845 ἦχους
548 1774 943 1845 ἑορτάζοντας.
994 1776 1524 1848 Προευαγγελίζεται
1571 1776 1760 1829 ἑαυτὸν
1807 1776 1883 1839 ὼς

310 1869 368 1919 ὲν
395 1865 576 1936 καιρῷ
598 1867 917 1937 τευξόμενος
942 1866 1040 1937 τῆς
1075 1865 1165 1920 διὰ
1196 1865 1430 1940 Χριστοῦ
1486 1866 1759 1938 σωτηρίας
1787 1866 1882 1919 καὶ

312 1958 481 2029 ζωῆς,
510 1958 608 2012 καὶ
632 1962 753 2023 ταῖς
778 1958 949 2022 θείαις
981 1959 1172 2024 αὐλαῖς
1202 1955 1338 2033 ὁμοῦ
1368 1961 1480 2023 τοῖς
1506 1958 1685 2024 ἄλλοις
1708 1958 1883 2030 ἁγίοις

310 2049 806 2122 ἑνδιαιτησόμενος.

383 2161 511 2215 Ἵνα
540 2162 600 2215 τι
632 2161 965 2230 περίλυπος
994 2158 1068 2226 εἶ,
1101 2163 1141 2230 ἡ
1174 2162 1343 2233 ψυχή
1379 2181 1519 2233 μου,
1561 2165 1659 2218 καὶ
1692 2160 1793 2219 ἵνα
1826 2164 1883 2219 τι

312 2252 762 2321 συνταράσσεις
805 2271 882 2323 με
894 2271 914 2319 ;
959 2255 1217 2325 Ἐπιτιμᾷ
1264 2259 1382 2318 ταῖς
1431 2255 1628 2319 λύπαις
1677 2258 1742 2328 τῇ
1803 2258 1883 2320 εἰς

312 2344 547 2415 Χριστὸν
567 2345 743 2399 ἐλπίδι
770 2346 1094 2418 όχυρόμενος
1109 2346 1265 2420 (14⁸).
1283 2349 1345 2401 El
1366 2349 1679 2420 τετήρηται,
1697 2349 1881 2419 φησιν,

311 2428 359 2490 ὦ
388 2435 561 2507 ψυχὴ,
596 2436 788 2508 καιρὸς
819 2437 940 2491 καθ’
966 2437 1025 2491 ὃν
1054 2442 1088 2510 ἡ
1135 2438 1224 2492 διὰ
1246 2439 1481 2501 πίστεως
1512 2438 1668 2509 ἡμῶν
1693 2438 1884 2509 κλῆσις

311 2529 521 2597 είσάγοι
567 2530 716 2599 ἡμᾶς
751 2529 891 2600 μετὰ
928 2528 1035 2583 τῶν
1068 2528 1432 2601 ἑορταζόντων
1476 2531 1556 2594 είς
1603 2532 1700 2602 τὴν
1750 2547 1885 2601 σκη-

312 2621 430 2690 νὴν,
470 2619 565 2674 διὰ
602 2621 659 2674 τί
702 2620 997 2692 περίλυπος
1035 2618 1106 2689 εἴ,
1149 2624 1240 2676 καὶ
1280 2622 1599 2696 κατατρύχῃ
1625 2626 1747 2686 ταῖς
1786 2622 1881 2676 λύε-

314 2726 478 2774 παιςς

384 2802 488 2856 Διὰ
511 2802 693 2857 τοῦτο
713 2801 1143 2875 μνησθήσομαι
1173 2822 1288 2859 σου
1323 2806 1394 2858 ἐκ
1433 2804 1546 2875 γῆς
1592 2806 1883 2875 Ἰορδάνου

311 2895 410 2950 καὶ
452 2895 791 2964 Ἐρμωνιεὶμ
814 2895 932 2950 ἀπὸ
962 2897 1139 2965 ὄρους
1156 2897 1395 2967 μικροῦ.
1444 2899 1659 2970 Ἐπειδὴ
1693 2900 1883 2971 ἐταρά-

1984 1770 2169 1824 tantis.
2216 1771 2332 1826 Sibi
2364 1774 2464 1843 ipsi
2507 1778 2837 1843 praenuntiat
2882 1777 3121 1833 futurum
3157 1791 3216 1833 ut
3247 1782 3542 1850 aliquando

1983 1876 2080 1931 per
2109 1861 2382 1918 Christum
2419 1860 2649 1920 salutem
2683 1876 2738 1922 et
2776 1868 2939 1924 vitam
2992 1883 3379 1941 consequatur,
3405 1885 3456 1928 et
3489 1876 3541 1928 in

1983 1952 2165 2008 divina
2194 1954 2315 2010 aula
2351 1972 2459 2013 una
2498 1975 2620 2014 cum
2672 1960 2794 2015 aliis
2830 1963 3036 2017 sanctis
3086 1964 3309 2018 habitet.

2069 2165 2124 2218 6.
2150 2166 2327 2233 Quare
2358 2168 2530 2222 tristis
2558 2184 2634 2234 es,
2670 2169 2850 2221 anima
2876 2184 3014 2231 mea,
3046 2177 3097 2222 et
3135 2185 3298 2239 quare
3326 2179 3547 2224 contur-

1985 2253 2078 2309 bas
2102 2272 2182 2309 me
2205 2257 2229 2309 ?
2257 2255 2558 2312 Tristitiam
2582 2258 2931 2326 reprehendit
2961 2272 3057 2328 spe
3089 2274 3215 2329 erga
3261 2258 3540 2313 Christum

1983 2346 2248 2401 munitus.
2281 2345 2336 2400 Si
2365 2357 2639 2402 servatum
2670 2356 2772 2410 est,
2799 2348 2993 2417 inquit,
3026 2359 3260 2414 tempus,
3291 2364 3324 2401 o
3361 2349 3544 2402 anima

1984 2452 2126 2503 mea,
2150 2452 2261 2507 quo
2284 2440 2500 2493 vocatio
2534 2454 2630 2507 per
2662 2440 2819 2493 tidem
2858 2449 3045 2495 nostra
3094 2440 3400 2495 introducet
3439 2456 3541 2494 nos

1984 2544 2109 2584 cum
2139 2528 2337 2586 festum
2375 2531 2661 2602 agentibus
2679 2532 2733 2586 in
2756 2532 3167 2587 tabernaculum
3191 2533 3346 2595 illud,
3370 2548 3545 2603 quare

1984 2622 2158 2678 tristis
2180 2638 2262 2688 es,
2295 2631 2350 2677 et
2372 2638 2471 2677 cur
2494 2623 2681 2678 dolore
2710 2625 3033 2679 macerat-is?

2063 2798 2114 2852 7.
2140 2797 2426 2870 Propterea
2454 2817 2649 2855 memor
2698 2817 2785 2855 ero
2836 2802 2915 2855 tui
2943 2802 3008 2856 de
3041 2811 3181 2857 terra
3222 2801 3476 2857 Jordanis
3499 2812 3548 2856 et

1987 2890 2314 2947 Hermoniim
2332 2912 2365 2946 a
2391 2903 2562 2948 monte
2577 2896 2799 2950 modico.
2819 2893 3288 2965 Quandoquidem,
3306 2896 3401 2960 ait,
3429 2904 3549 2949 tur-

320 2987 449 3058 χθη,
476 2988 669 3056 φησιν,
689 2989 722 3058 ἡ
740 2986 884 3059 ψυχή
927 3005 1048 3059 μου,
1072 2990 1483 3061 ἀναμνήσαντός
1520 3008 1620 3061 μου
1652 2990 1883 3062 ἐμαυτὸν

1994 2979 2111 3035 bata
2131 2991 2215 3037 est
2248 2983 2430 3037 anima
2478 2998 2620 3049 mea,
2666 2984 2793 3039 dum
2842 2985 2976 3037 mihi
3011 2984 3065 3038 in
3106 2984 3426 3039 memoriam
3463 3000 3550 3038 re-

314 3070 423 3124 τῶν
452 3071 564 3124 σῶν
593 3071 930 3144 θαυμασίων,
950 3070 1024 3129 ὧν
1051 3093 1110 3129 τε
1153 3078 1294 3131 κατὰ
1320 3078 1412 3132 τὸν
1447 3079 1715 3151 Ἰορδάνην
1751 3083 1883 3151 ἡμῖν

314 3163 542 3231 ἔδειξας,
557 3156 634 3216 ὧν
658 3181 720 3217 τε
742 3164 884 3218 κατὰ
902 3166 962 3219 τὸ
983 3166 1106 3238 ὅρος
1120 3168 1181 3220 τὸ
1212 3168 1477 3240 Ἀερμὼν,
1493 3171 1885 3241 παραμυθήσο-

314 3272 416 3324 μαι
450 3255 710 3327 ἐμαυτόν.
746 3256 817 3309 Ἦ
860 3256 1029 3321 οὕτως
1051 3276 1066 3289 ο
1112 3258 1436 3331 Γενόμενος,
1484 3263 1645 3332 φησὶν
1668 3304 1682 3327 ,
1718 3265 1777 3315 ἐν
1809 3262 1886 3334 τῷ

328 3347 588 3420 Ἰορδάνῃ,
618 3347 892 3401 τουτέστιν
922 3348 1173 3416 ἀξιωθεὶς
1190 3350 1280 3405 τοῦ
1303 3348 1457 3421 ἁγίου
1490 3353 1882 3426 βαπτίσματος,

313 3437 376 3491 τὸ
396 3439 703 3509 τηνικαῦτὰ
735 3456 826 3494 σου
862 3440 1242 3515 μνησθήσομαι
1271 3442 1359 3496 διὰ
1389 3444 1482 3497 τοῦ
1519 3446 1759 3515 ῥήματος
1782 3444 1881 3515 τῆς

310 3530 623 3600 ὁμολογίας.
687 3532 1083 3603 Μνησθήσομαι
1127 3534 1185 3588 δὲ
1235 3534 1332 3588 καὶ
1377 3535 1472 3589 τοῦ
1532 3536 1884 3608 Ἐρμωνιείμ.

327 3620 664 3692 Ἑρμωνιεὶμ
681 3620 737 3674 δὲ
760 3623 1118 3695 ἑρμηνεύεται
1146 3623 1287 3690 ὁδὸς
1300 3626 1554 3695 λύχνου,
1598 3626 1673 3690 ὡς
1701 3627 1794 3680 τοῦ
1827 3629 1888 3680 ἀ-

312 3712 435 3780 γίου
462 3712 840 3783 βαπτίσματος
865 3714 981 3766 ὁδὸν
1005 3715 1183 3778 αὐτοῖς
1209 3715 1515 3783 ἀνοίγοντος
1545 3718 1848 3787 φωτισμοῦ.

410 3806 694 3871 Αευσσος
714 3804 992 3860 ἄϐυσσον
1016 3807 1379 3861 ἐπικαλεῖται
1414 3810 1502 3874 είς
1537 3808 1746 3877 φωνὴν
1772 3808 1889 3861 τῶν

315 3896 701 3965 καταρακτῶν
738 3897 1132 3969 σου.ξ”Ετέρων
1159 3899 1315 3953 πάλιν
1359 3898 1670 3970 θαυμασίων
1694 3902 1890 3971 ἀναμι-

319 3989 657 4059 μνήσκουσιν
692 3988 938 4052 ἑαυτούς.
974 3990 1103 4043 Ὅτε
1131 3991 1240 4062 γὰρ
1265 3989 1548 4060 ἀλλόφυλοι
1580 3993 1887 4063 κατεστράη

316 4096 517 4132 τευσαν
546 4079 747 4145 αὐτῶν,
778 4080 1074 4152 γενομένης
1103 4081 1243 4151 ὑπὲρ
1276 4081 1457 4135 αὐτῶν
1502 4081 1692 4146 θυσίας
1740 4078 1889 4155 παρὰ

316 4171 411 4223 τοῦ
452 4170 726 4240 Σαμουὴλ,
784 4171 1087 4243 κατηνέχθη
1144 4173 1283 4226 κατὰ
1325 4173 1433 4227 τῶν
1466 4174 1737 4245 πολεμίων
1792 4177 1889 4245 χά-

314 4262 457 4327 λαζα
486 4263 750 4333 τοσαύτη,
785 4264 860 4327 ὡς
886 4265 1012 4326 τοὺς
1043 4264 1268 4336 ἐχθροὺς
1289 4265 1473 4336 σχεδὸν
1500 4267 1763 4333 ἅπαντας,
1799 4269 1889 4320 ού-

312 4355 466 4418 δενδς
498 4356 685 4418 αὐτοῖς
714 4353 1013 4426 ἀνθρώπιον
1062 4356 1388 4426 μαχομένου,
1444 4362 1649 4412 πεσεῖν.
1688 4358 1888 4411 Ἀϐυσ-
1915 4391 1970 4451 D

318 4463 411 4499 σον
435 4445 622 4499 τοίνυν
659 4446 747 4498 ἐπ’
778 4445 1000 4516 ἀὸύσσῳ
1028 4447 1324 4521 τρέχουσαν
1360 4449 1514 4502 καλεῖ
1535 4450 1633 4521 τὴν
1666 4451 1762 4520 τῆς
1795 4469 1891 4521 χα-

315 4538 488 4608 λάζης
506 4537 701 4609 φοράν.
735 4537 808 4591 Τὸ
840 4538 916 4599 δὲ,
952 4518 1319 4593 ἐπικαλεῖται
1338 4581 1352 4603 ,
1398 4541 1518 4593 ἀντὶ
1561 4518 1674 4606 τοῦ,

310 4629 532 4683 λεῖται,
565 4630 745 4682 Φωναὶ
775 4629 831 4682 δὲ
863 4626 971 4682 τῶν
1011 4630 1369 4703 καταρακτῶν
1404 4632 1461 4684 αἱ
1492 4630 1599 4684 τῶν
1641 4632 1891 4703 χαλαζῶν

316 4722 485 4790 φοραὶ
508 4718 752 4790 ωηθεῖεν
778 4721 861 4774 ἄν.
909 4718 1166 4792 Ἀλλαχοῦ
1198 4721 1253 4774 δὲ
1283 4723 1659 4795 καταρράκται
1696 4726 1744 4777 οἱ
1795 4724 1889 4778 τοῦ

310 4812 454 4865 Θεοῦ
472 4809 775 4883 προφῆται.
797 4810 1024 4879 Πάντες
1047 4816 1101 4866 οι
1125 4816 1519 4883 μετεωρωμοι
1554 4830 1670 4870 σου
1697 4817 1795 4870 καὶ
1821 4818 1894 4872 τὰ

315 4901 557 4972 κύματά
593 4917 711 4956 σου
738 4903 830 4955 ἐπ’
863 4902 968 4972 ἐμὲ
997 4902 1263 4972 διῆλθον.
1283 4892 1500 4977 Ἐτέρου
1523 4907 1684 4961 πάλιν
1704 4908 1895 4961 ἑαυτὸν

314 4993 730 5063 ἀναμιμνήσκει
774 4991 1068 5062 θαύματος.
1100 4994 1321 5065 Διῆλθον
1361 4995 1469 5066 γὰρ
1499 4995 1587 5049 διὰ
1616 4996 1895 5076 ,θαλάσσης

393 5276 505 5345 (IL)
542 5278 647 5331 Ὃν
689 5277 948 5344 τρόπον,
993 5292 1045 5327 κ.
1073 5292 1124 5328 τ.
1156 5270 1207 5329 λ.
1268 5266 1407 5329 Huic
1455 5274 1633 5330 versui
1677 5275 1730 5328 in
1771 5274 1894 5330 cod.

312 5344 591 5401 Ambros.-
620 5347 902 5417 sequentis
932 5344 1304 5417 interpretatio
1327 5350 1564 5417 aptatur,
1602 5360 1725 5417 cum
1744 5361 1897 5417 qua—

314 5418 448 5471 dam
488 5411 856 5487 discrepantia
907 5415 1013 5487 sic:
1048 5414 1342 5487 Πρόσωπον
1361 5411 1466 5487 ’τού
1496 5412 1630 5466 Θεοῦ
1668 5416 1701 5487 ῥ
1743 5411 1900 5487 λόγος

401 5486 577 5555 μαίνει
603 5483 818 5543 τόλίαν
852 5483 1141 5555 ἐπιθυμεῖν
1174 5484 1367 5555 αὐτοὺς
1407 5485 1492 5555 Δείς
1537 5484 1724 5555 καιρὸν
1770 5483 1900 5555 ἀφιέ-

401 5504 577 5555 μαίνει
603 5504 663 5543 το
691 5504 818 5543 Λιαν
852 5504 1141 5550 επιῠυμειν
1174 5504 1367 5545 αυτους
1414 5504 1492 5545 εις
1537 5504 1724 5555 καιρον
1770 5504 1900 5553 αφι..

315 5504 511 5612 ἓσθαι
534 5601 549 5625 ,
584 5559 705 5615 καθ’
746 5557 809 5610 ὃν
850 5553 1336 5625 καὶᾲαύτῶνᾼέσται
1370 5552 1558 5625 κλῆσις
1584 5554 1774 5625 χῶς-τε
1811 5554 1901 5625 καὶ

315 5621 805 5705 αὐτοὺςέμφανεῖς
833 5623 1094 5695 γενέσθαι
1114 5621 1192 5693 τῷ
1226 5621 1498 5692 προσώπῳ
1524 5623 1616 5674 τοῦ
1665 5623 1898 5693 Πατρός,

619 5747 915 5806 Parnm“
963 5735 1078 5796 Gn.
1127 5733 1383 5793 XXVII.

1906 3042 1956 3101 (Ξ

1999 3073 2205 3127 vocabo
2230 3073 2498 3128 mirabilia
2526 3084 2640 3133 tua.
2659 3090 2782 3129 cum
2813 3090 2873 3128 ea
2906 3091 3026 3143 qua:
3047 3076 3100 3128 in
3127 3073 3384 3141 Iordane,
3436 3087 3550 3130 tum

1990 3177 2053 3217 ea
2078 3180 2198 3234 quae
2223 3165 2278 3218 in
2302 3175 2485 3219 monte
2506 3168 2740 3220 Aermon
2773 3168 3056 3221 ostendisti
3104 3168 3282 3233 nobis,
3324 3180 3553 3222 memet-

1993 3253 2171 3327 ips'um
2213 3259 2554 3313 consolabor.
2582 3260 2690 3312 Aut
2712 3260 2815 3313 hoc
2841 3261 3003 3314 modo
3034 3260 3200 3315 :Cum
3236 3260 3287 3312 in
3319 3259 3555 3315 Jordane

1994 3347 2213 3409 fuerim,
2242 3350 2295 3403 id
2328 3359 2581 3405 estsacro
2604 3349 2860 3420 dignatus
2884 3351 3229 3421 baptismate,
3259 3351 3441 3405 statim
3475 3353 3558 3406 tui

1993 3430 2320 3495 recordabdr
2388 3440 2459 3495 ob
2520 3440 2883 3497 confessionis
2956 3442 3141 3495 verba.
3196 3440 3555 3509 ,Recorbahor

1994 3548 2211 3601 quoque
2232 3530 2604 3599 Hermoniim;
2645 3530 2979 3586 Hermoniim
3029 3543 3209 3587 autem
3255 3534 3554 3602 explicatur

1993 3627 2079 3678 via
2140 3625 2402 3689 lucernas,
2465 3627 2592 3694 quia
2650 3641 2865 3680 sacrum
2915 3626 3177 3695 baptisma
3228 3629 3365 3679 viam
3426 3627 3555 3694 ipsis

1995 3717 2168 3784 aperit
2201 3717 2267 3768 ad
2296 3717 2772 3770 illuminationem.

2071 3807 2126 3860 8.
2168 3806 2398 3876 Abyssus
2430 3806 2676 3875 abyssum
2704 3807 2907 3860 invocat
2933 3808 2986 3858 in
3014 3822 3132 3860 voce
3159 3816 3556 3859 cataractarum

1998 3908 2232 3952 tuarum.
2273 3899 2391 3952 Alia
2422 3900 2605 3953 itidem
2631 3898 2893 3952 miracula
2920 3908 3175 3952 revocant
3217 3899 3271 3951 in
3299 3908 3552 3952 mentem.

1997 3988 2130 4042 Nam
2162 4003 2287 4043 cum
2310 3988 2623 4056 alienigenae
2639 3987 2838 4041 bellum
2868 3997 3145 4041 moverent
3162 3987 3419 4040 adversus
3439 4002 3554 4050 eos,

1998 4096 2122 4134 cum
2154 4095 2347 4135 eorum
2382 4096 2547 4135 causa
2578 4080 2819 4135 oblatum
2853 4096 2879 4134 a
2931 4079 3183 4134 Samuele
3224 4078 3554 4135 sacriﬁcium

1998 4167 2217 4230 fuisset,
2251 4180 2398 4223 tanta
2425 4169 2661 4222 demissa
2706 4170 2788 4223 vis
2823 4170 3101 4239 grandinis
3121 4179 3222 4233 est,
3265 4181 3323 4224 ut
3350 4170 3558 4224 inimici

1996 4274 2163 4328 prope
2187 4273 2377 4312 omnes
2409 4260 2625 4314 nemine
2648 4269 2920 4328 pugnante
2943 4258 3219 4313 caderent.
3284 4259 3554 4330 Abyssum

1998 4349 2162 4418 igitur
2196 4364 2359 4418 super
2391 4349 2671 4420 abyssum,
2704 4349 2990 4419 grandinis
3039 4349 3436 4403 vehementiam
3476 4352 3561 4404 di-

1994 4441 2088 4496 cit.
2138 4438 2274 4495 Illud
2300 4448 2506 4503 autem,
2541 4441 2748 4493 invocat
2773 4455 2873 4509 pro
2904 4440 3125 4494 advocat
3155 4441 3411 4510 positum.
3446 4439 3551 4493 Vo-

1993 4528 2084 4588 ces
2118 4541 2300 4587 autem
2352 4541 2771 4597 cataractarum,
2810 4532 3093 4602 grandinis
3124 4533 3327 4588 imbres
3356 4533 3559 4588 intelli-

1994 4638 2112 4693 gas.
2152 4623 2302 4678 Alias
2332 4637 2462 4677 vero
2493 4631 2804 4687 cataractae,
2842 4621 2936 4676 Dei
2961 4623 3237 4692 prophetae
3275 4623 3561 4680 dicuntur.

2001 4713 2192 4767 Omnia
2216 4713 2422 4766 excelsa
2444 4724 2535 4765 tua
2555 4722 2603 4766 et
2622 4714 2820 4781 ﬂuctus
2846 4714 2925 4767 tui
2936 4730 3090 4783 super
3112 4731 3191 4768 me
3220 4719 3562 4769 transierunt.

1994 4804 2157 4877 Aliud
2218 4805 2346 4859 item
2377 4805 2698 4858 miraculum
2751 4806 3013 4859 memoria
3051 4806 3262 4875 repetit.
3303 4805 3439 4861 Nam
3469 4823 3564 4875 per

1996 4911 2170 4959 mare,
2216 4895 2515 4949 Pharaonis
2551 4896 2951 4964 improbitatem
2985 4896 3271 4967 fugientes,
3333 4900 3566 4952 transie-

1996 4997 2146 5043 runt.
2178 4984 2245 5042 Et
2271 4990 2613 5051 videbantur,
2646 4990 2740 5053 ait,
2783 4989 3044 5043 ﬂuentum
3081 4992 3317 5053 excelsa,
3372 4991 3421 5044 id
3483 4998 3568 5043 est

1999 5268 2243 5322 τουτέστι
2273 5267 2348 5337 τῷ
2379 5266 2509 5338 Υἱῷ.
2550 5266 2762 5320 Vultum
2795 5266 2893 5320 Dei
2921 5282 3089 5319 sermo
3117 5261 3400 5332 signiﬁcat,
3429 5257 3565 5335 quo-.1

2000 5341 2041 5393 ii
2064 5339 2351 5410 vehementi
2399 5337 2785 5410 ejustemporis
2838 5337 3079 5410 cupidine
3128 5339 3418 5389 teneantur,
3458 5340 3568 5410 quo

2005 5419 2233 5476 tempore
2263 5418 2311 5462 et
2335 5406 2903 5477 ipsiadvoc‘abuntur:
2938 5407 3015 5457 ita
3053 5413 3108 5455 ut
3147 5411 3427 5469 praesentes
3453 5406 3566 5450 sint

2005 5475 2161 5548 faciei
2181 5475 2384 5548 Patris,
2403 5476 2459 5530 id
2484 5488 2562 5548 est
2595 5475 2766 5532 Filio.

2076 5540 2212 5618 μιν)
2242 5546 2305 5602 F.
2332 5538 2700 5617 ὀχυρούμενος
2730 5546 2811 5599 vel
2842 5541 3206 5613 ὠχυρομένος.
3244 5538 3403 5594 Eutr.

3252 5720 3286 5776 Ἰ
