1988 3110
210 152 260 179 199

645 146 673 173 S.
694 144 880 172 ATHANASII
902 144 978 171 OPP.
1004 143 1095 171 PARS
1115 143 1158 170 lIl.
1180 158 1213 163 —
1234 143 1438 172 EXEGETlCA.

1776 141 1834 168 300

198 235 201 239 ,
213 214 333 243 namque
350 206 415 233 mihi
432 205 522 241 passio
533 209 583 231 est.
599 203 668 231 Hinc
679 203 854 237 consequitur
862 203 988 230 arbitrari

1048 211 1113 229 εστιν
1127 202 1188 237 ἐμοὶ
1202 202 1233 228 τὸ
1249 202 1354 228 παθεῖν.
1386 200 1553 235 Ἀναγκαίως
1580 200 1607 226 δὲ
1630 199 1707 233 λέγει
1724 200 1760 235 τῇ
1778 208 1836 226 κοι-

209 253 299 288 ipsum
311 255 373 286 post
384 250 574 278 dortuitionem
603 247 730 281 subsequi
745 246 985 273 resurrectionem.

211 297 347 324 Dormitio
358 303 433 323 mors
444 298 501 322 est:
517 301 581 329 ergo
602 298 715 319 mortem
742 292 922 325 subscquetur
946 299 989 318 re-

210 343 355 371 surrectio.

246 391 289 418 10.
306 390 409 417 Etenim
425 389 500 415 homo
516 388 587 421 pacis
603 395 665 414 mete
679 387 704 413 in
726 393 776 419 quo
795 385 910 419 speravi,
942 383 988 417 qui

209 436 301 463 edebat
312 443 391 469 panes
405 442 486 466 meos,
505 433 683 468 magniﬁcavit
699 439 778 464 super
789 438 828 457 me
835 428 990 464 supplanta-

211 481 317 507 ιῐίηειη.
334 479 505 511 Ludibrium,
526 478 652 509 insidias,
678 477 781 503 dolum.
799 475 878 502 Pacis
903 473 990 500 homi-

210 533 271 552 nem
282 523 379 551 Judatu
395 529 485 555 vocat,
508 523 571 557 quia
598 522 739 549 videbatur
753 521 824 548 inter
846 518 990 547 benevolos

209 575 236 597 et
251 571 354 597 amicos
370 569 429 603 eius
444 567 608 602 computari,
623 571 651 594 et
674 566 701 593 in
726 564 921 599 discipulorum
937 572 989 590 uu-

211 621 314 641 merum
333 614 446 640 allectus
460 612 556 639 fuerat.

246 661 290 687 ii.
307 659 346 686 Tu
362 664 461 690 autem,
476 659 596 691 Domine,
611 659 732 685 miserere
747 657 808 689 mei,
824 661 848 683 et
863 656 989 683 resuscita

210 713 260 737 me,
278 711 302 731 et
319 704 461 742 retribuam
474 705 522 731 eis.
539 703 664 731 Humano
681 710 755 730 more
772 707 880 737 propter
900 702 989 728 humi-

210 750 349 776 liationem
367 756 443 775 suam
455 749 486 775 ad
505 748 609 775 Patrem
621 756 700 775 suum
713 748 793 774 verba
812 747 884 779 facit,
894 747 989 773 etiam-

209 795 232 822 si
248 795 292 821 ille
308 795 344 821 sit
358 795 544 821 misericordia
558 794 603 820 Dei
620 798 647 821 et
661 793 761 824 Patris,
781 796 808 819 et
823 791 989 819 resurrectio

209 844 289 873 atque
302 839 367 867 vita.

245 883 288 909 12.
303 882 337 910 In
350 883 397 909 hoc
410 883 517 918 cognovi
539 883 601 917 quia
622 883 734 915 votuiin
745 891 794 909 me.
810 881 927 909 Rursum
952 880 992 907 Ιυ-

209 928 301 962 quitur
316 933 345 955 ut
361 928 454 960 homo,
485 932 514 954 ut
528 928 647 962 seipsum
665 927 762 954 oﬂ'erat
779 927 834 954 Deo
861 932 888 954 et
907 925 989 952 Patri.

211 972 340 1005 Quoniam
352 981 403 999 non
422 973 546 1007 gaudebit
559 974 682 999 inimicus
705 981 777 999 meus
801 980 880 1006 super
891 979 941 998 me.
962 970 990 997 Si

209 1025 243 1043 ex
256 1018 433 1045 humanitatis
448 1025 565 1052 persona
589 1018 641 1044 hoc
662 1018 729 1045 dicit
745 1017 882 1049 Christus,
899 1016 993 1043 inimi-

210 1070 259 1089 cus
279 1063 359 1097 plane
387 1063 553 1098 intelligatur
567 1071 629 1100 esse
641 1063 689 1097 qui
715 1066 831 1089 mortem
849 1061 930 1088 nobis
944 1069 993 1095 pa-

209 1105 287 1131 ravit.
306 1105 353 1131 Sin
368 1105 445 1139 quasi
457 1106 557 1140 exipso
574 1105 692 1137 Christo,
712 1104 873 1131 Judatorum
890 1103 993 1137 princi-

211 1156 257 1182 pes
270 1148 318 1175 ait.
337 1148 414 1181 Quod
427 1149 498 1175 enim
517 1157 559 1177 res
578 1150 645 1184 ipsis
663 1145 823 1183 permoleste
841 1148 932 1181 fuerit,
945 1155 993 1182 pa-

209 1192 262 1220 lam
276 1201 309 1220 ex
319 1200 351 1221 eo
365 1198 406 1221 est
418 1194 489 1228 quod
505 1194 563 1228 ejus
576 1194 802 1222 resurrectionem
816 1194 871 1221 sint
889 1194 993 1221 calum-

209 1238 287 1265 niali.

243 1284 288 1310 15.
306 1283 349 1310 Me
360 1288 448 1311 autem
458 1289 563 1319 propter
573 1284 751 1311 innocentiam
768 1283 918 1317 suscepisti.
939 1281 991 1314 Qui

209 1330 331 1356 omnium
347 1333 389 1357 est
405 1320 599 1364 patrocinium,
617 1330 669 1356 sibi
684 1336 795 1364 quoque
808 1327 991 1362 patrocinium

209 1373 295 1401 fuisse
313 1375 360 1401 ait.
377 1374 436 1401 Non
452 1375 525 1408 quod
552 1375 598 1402 ille
613 1379 749 1409 quatenus
766 1374 838 1401 Deus
863 1372 991 1406 intelligi-

209 1423 255 1446 tur
270 1427 303 1446 eo
318 1419 454 1454 indigeat:
477 1420 523 1447 sed
539 1420 621 1447 homo
636 1420 725 1446 factus
739 1426 802 1445 cum
816 1418 863 1451 sit,
880 1425 929 1452 pro
943 1418 992 1444 ho-

210 1464 329 1491 minibus
346 1465 426 1491 verba
439 1464 512 1491 facit.

1042 249 1122 283 μήσει
1134 248 1182 283 τὴν
1196 248 1342 274 ἀνάστασιν
1355 247 1479 273 ἕπεσθαι.
1503 246 1533 271 Ἡ
1556 245 1584 271 δὲ
1600 244 1735 279 κοίμησίς
1760 245 1836 271 ἐστιν

1039 294 1053 319 ὁ
1070 293 1200 324 θάνατος·
1219 293 1374 326 ἀναγκαίως
1387 292 1426 327 τῷ
1449 292 1556 326 θανάτῳ
1577 290 1764 325 ἀκολουθήσει
1787 290 1845 317 καὶ.

1040 340 1056 373 ή
1072 339 1227 370 ἀνάστασις.

1074 385 1127 411 Καὶ
1143 385 1197 419 γὰρ
1212 386 1227 410 ὁ
1247 383 1401 417 ἅνθρωπος
1422 383 1477 417 τῆς
1501 382 1621 416 εἰρήνης
1638 390 1702 416 μου
1725 381 1775 416 ἐφ’
1801 380 1838 408 ὃν

1040 429 1165 462 ἤλπισα,
1188 431 1204 456 ὁ
1222 429 1332 455 ἐσθίων
1358 428 1466 463 ἄρτους
1489 436 1560 462 μου,
1574 427 1768 462 ἐμεγάλυνεν
1790 427 1837 453 ἐπ’

1038 474 1091 507 ἐμὲ
1110 474 1301 508 πτερνισμόν.
1335 473 1524 507 Ἐμπαιγμὺν,
1546 472 1695 506 ἐπιϐουλὴν
1713 492 1723 504 ,
1749 471 1837 498 δόλον.

1039 519 1157 554 Εἰρήνης
1178 518 1318 554 ἄνθρωπον
1332 518 1378 544 τὸν
1396 517 1496 544 Ἰούδαν
1513 518 1594 552 φησι,
1624 517 1672 543 διὰ
1697 516 1731 543 τὸ
1747 517 1839 543 δοκεῖν

1039 566 1067 591 ὲν
1078 566 1132 595 τοῖς
1143 564 1277 590 εὐνοοῦσιν
1286 563 1359 598 αὑτῷ
1368 563 1495 598 τετάχθαι
1506 564 1551 590 καὶ
1566 563 1664 597 φίλοις·
1680 563 1748 597 τόγε
1761 563 1841 597 ἥκων

1039 610 1078 640 εὶς
1090 610 1120 635 τὸ
1134 607 1204 635 εἶναι
1219 609 1353 644 μαθητήν.

1074 654 1115 680 Σὺ
1130 653 1173 686 δὲ,
1190 654 1288 687 Κύριε,
1305 653 1435 686 ἐλέησόν
1451 661 1501 687 με,
1519 653 1568 679 καὶ
1585 652 1777 686 ἀνάστησόν
1785 661 1837 687 με,

1039 700 1088 726 καὶ
1102 699 1303 726 ἀνταποδώσω
1328 698 1440 731 αὐτοῖς.
1459 698 1650 734 Ἀνθρωπίνως
1669 698 1777 733 μᾶλλον
1792 698 1839 725 διὰ

1039 745 1088 779 τὴν
1110 745 1225 770 κένωσιν
1240 745 1308 779 πρὸς
1322 744 1367 770 τὸν
1390 743 1486 770 ἑαυτοῦ
1512 743 1622 779 Πατέρα
1648 745 1774 770 ποιεῖται
1792 744 1838 769 τὸν

1039 790 1128 823 λόγον,
1155 790 1242 816 καίτοι
1254 789 1339 821 ἀὐτὸς
1353 788 1390 815 ὢν
1410 790 1441 815 τὸ
1454 789 1527 820 ἕλεος
1548 788 1594 815 τοῦ
1611 788 1685 815 Θεοῦ
1712 790 1762 815 καὶ
1778 789 1833 815 Πα-

1039 836 1111 871 τρὺς,
1128 836 1175 862 καὶ
1190 836 1207 870 ἡ
1223 835 1368 865 ἀνὰττασις
1382 835 1453 869 καὶὴ
1469 834 1537 869 ζωή.

1083 883 1131 908 Ἐν
1146 882 1239 913 τούτῳ
1254 881 1359 915 ἔγνων,
1373 880 1416 906 ὅτι
1431 879 1594 912 τεθέληκάς
1608 887 1659 914 με,
1682 879 1771 906 Λαλεῐ
1783 880 1837 907 πά-

1042 926 1081 953 λιν
1097 926 1135 956 ὼς
1149 926 1289 960 ἄνθρωπος
1304 944 1312 956 ,
1336 925 1379 950 ἵνα
1398 924 1492 950 ἑαυτὸν
1507 923 1616 958 παραοῇ
1640 923 1683 958 τῷ
1703 923 1767 958 Θεῷ
1789 924 1838 950 καὶ

1042 972 1138 1007 Πατρί.
1157 972 1216 998 Ὅτι
1229 972 1265 998 οὺ
1277 970 1319 1005 μὴ
1335 969 1462 1004 ἐπιχαρῇ
1475 971 1491 995 ὁ
1504 969 1611 1003 ἐχθρός
1622 978 1687 1003 μου
1708 969 1757 996 ἐπ’
1771 969 1835 1003 ἐμέ.

1042 1018 1073 1044 Et
1091 1018 1141 1052 μὲν
1156 1017 1188 1044 ὲκ
1200 1016 1345 1052 προσώπου
1360 1016 1407 1050 τῆς
1421 1015 1627 1050 ἀνθρωπότητος
1643 1015 1737 1042 ταῦτα
1762 1015 1838 1049 λέγει

1041 1061 1055 1087 ὁ
1067 1060 1192 1095 Χριστὸς,
1206 1059 1301 1094 ἐχθρὸς
1314 1059 1346 1085 ἂν
1354 1059 1463 1094 νοηθείη
1476 1060 1489 1085 ὁ
1502 1059 1546 1085 τὸν
1564 1058 1683 1085 θάνατον
1700 1060 1771 1094 ἡμῖν
1788 1068 1838 1091 κα-

1041 1105 1229 1136 τασκευάσας·
1250 1105 1275 1131 ει
1292 1104 1320 1131 δὲ
1343 1104 1379 1135 ὡς
1404 1104 1433 1136 ἐξ
1458 1103 1540 1131 αὐτοῦ
1565 1104 1612 1130 τοῦ
1627 1105 1768 1140 Χριστοῦ,
1783 1105 1838 1132 τῶν

1048 1151 1181 1178 Ἰουδαίων
1192 1151 1254 1182 τοὺς
1269 1150 1402 1186 ἄρχοντάς
1426 1158 1517 1185 φησιν.
1536 1150 1596 1176 Ὅτι
1616 1150 1674 1186 γὰρ
1701 1150 1838 1186 λελύπην-

1041 1204 1097 1229 ται,
1111 1196 1189 1231 δῆλον
1211 1197 1243 1222 ὲκ
1261 1196 1305 1222 τοῦ
1324 1196 1526 1230 συκοφαντῆσαι
1540 1194 1623 1222 αὐτοῦ
1645 1196 1698 1231 τὴν
1718 1197 1839 1224 ἀνάστα-

1043 1250 1094 1268 σιν.

1083 1286 1169 1320 Ἐμοῦ
1180 1285 1214 1312 δὲ
1232 1285 1281 1312 διὰ
1300 1285 1357 1319 τὴν
1369 1286 1499 1313 ἀκακίαν
1515 1285 1699 1314 ἀντελάϐου.
1722 1288 1755 1314 Ἦ
1770 1288 1838 1314 πάν-

1041 1339 1095 1358 των
1109 1331 1250 1366 ἀντίληψις
1270 1331 1436 1366 ἀντιλήψεως
1457 1332 1638 1367 τετυχηκέναι
1663 1332 1767 1367 φησίν·
1788 1333 1838 1359 οὐκ

1042 1376 1123 1407 αὐτὸς
1139 1376 1239 1411 ταύτης
1263 1376 1400 1410 δεόμενος,
1423 1376 1483 1402 καθ’
1506 1376 1520 1402 ὃ
1547 1378 1651 1403 νοεῖται
1668 1377 1750 1409 Θεὸς,
1769 1377 1840 1404 ἀλλὰ

1042 1419 1186 1454 γενόμενος
1207 1420 1359 1455 ἄνθρωπος,
1383 1419 1453 1454 ὑπὲρ
1473 1419 1627 1455 ἀνθρώπων
1645 1422 1768 1447 ποιεῖται
1796 1420 1840 1447 λό-

1043 1472 1116 1497 γους.

249 1509 291 1535 14.
308 1508 466 1535 Benedictus
482 1507 610 1534 Dominus
635 1507 705 1534 Deus
729 1507 816 1534 Israel
844 1515 859 1533 a
881 1506 989 1534 saeculo.

1077 1509 1247 1543 Εὐλογητὸς
1255 1510 1362 1543 Κύριος
1371 1511 1387 1536 d
1398 1509 1468 1542 Θεὸς
1486 1509 1610 1543 Ἰσραὴλ
1621 1510 1683 1537 ἀπὸ
1696 1509 1752 1536 τοῦ
1772 1509 1841 1536 alti)-

209 1553 269 1580 Jam
284 1554 411 1588 obsignat
426 1554 563 1580 canticum
581 1553 607 1579 in
620 1553 769 1587 gratiarum
792 1553 929 1579 actionem
945 1552 993 1579 de-

210 1599 315 1625 sinens.
330 1598 352 1623 A
370 1597 617 1632 prmsentiﬁuquit,
638 1606 725 1632 usque
748 1598 782 1625 ad
807 1597 941 1625 futurum.
969 1597 993 1623 A

209 1644 337 1678 praesenti
354 1643 435 1678 igitur
445 1644 622 1671 henedictioa
647 1644 726 1671 nobis
742 1643 798 1670 Deo
823 1644 914 1670 oblata
938 1643 992 1670 ini-
1013 1642 1020 1649 '

211 1689 278 1715 tium
297 1689 596 1723 ducit,completurque
612 1689 639 1716 in
660 1689 770 1716 futuro:
793 1697 855 1716 nam
876 1694 993 1723 exparte

203 1735 391 1769 agnoscimus
408 1739 433 1760 et
458 1742 490 1760 ea:
508 1739 583 1769 parte
606 1735 791 1769 prophetamus
806 1734 838 1766 *°,
856 1742 942 1768 quare
958 1742 993 1761 ex

209 1782 288 1813 parte
302 1779 508 1805 henedicimus:
524 1778 590 1806 Cum
609 1784 696 1806 autem
718 1779 815 1806 venerit
838 1779 907 1813 quod
933 1787 993 1813 per-

211 1824 307 1857 fectum
321 1827 358 1849 est
371 1843 378 1855 ,
394 1822 484 1857 inquit
510 1823 609 1851 Paulus
621 1824 653 1856 “,
671 1824 844 1850 eoucuabitur
869 1825 938 1859 quod
960 1832 993 1851 ea:

207 1873 283 1904 parte
293 1876 342 1896 est.
360 1868 426 1896 Nam
437 1869 557 1904 profectu
569 1870 602 1897 ad
625 1870 737 1897 meliora
749 1870 906 1902 accedente,
934 1877 993 1897 ces-

171 1945 173 1948 ,
209 1918 254 1942 sat
266 1915 337 1949 quod
353 1922 385 1942 ex
397 1920 473 1949 parte
487 1919 539 1942 est.
554 1914 670 1948 Ideoque
694 1914 838 1942 Psalmista
852 1915 990 1949 adiunxit,

209 1959 283 1992 Fiat,
298 1961 357 1992 ﬁat,
372 1965 399 1987 et
413 1960 533 1995 duplicat
548 1961 709 1988 orationem.
728 1961 867 1995 Siquidem
881 1961 990 1988 beatum

208 2011 261 2038 cst,
274 2013 321 2040 per
334 2005 413 2032 iidem
427 2011 454 2032 et
466 2006 520 2033 alia
545 2006 616 2032 bona
632 2013 714 2040 opera
728 2006 945 2033 benedictionem
964 2006 991 2032 in

208 2049 294 2077 Deum
306 2050 436 2081 exordiri,
451 2055 533 2085 atque
560 2052 598 2078 ita
611 2051 685 2078 illam
705 2059 838 2079 coronare
860 2051 887 2078 in
900 2051 992 2078 futuro

209 2094 319 2124 saeculo,
338 2097 367 2120 ut
382 2094 475 2128 impiis
488 2098 515 2120 et
529 2094 685 2122 inﬁdelibus
700 2094 785 2122 Deum
804 2095 860 2122 illic
880 2095 992 2122 laudare

209 2138 363 2165 nullatenus
377 2139 553 2166 concedatur.
569 2140 714 2173 Sciendum
731 2144 832 2172 autem,
845 2140 991 2168 nonnullos

1044 1554 1371 1590 νος.Σφραγίζεικαὶνῦν
1383 1555 1604 1590 είςεὺχαριστίαν
1622 1555 1673 1590 τὴν
1693 1555 1843 1590 προκειμέ-

1043 1609 1091 1636 νην
1105 1600 1185 1635 ᾠδήν.
1210 1601 1275 1627 Ἀπὸ
1298 1600 1343 1626 τοῦ
1366 1600 1508 1635 παρόντος,
1533 1601 1630 1635 φησὶν,
1647 1602 1689 1632 εἰς
1713 1601 1760 1627 τὸν
1777 1600 1843 1636 μέλ-

1042 1644 1122 1671 λοντα
1134 1653 1140 1660 ·
1154 1644 1250 1671 οὐκοῦν
1263 1644 1317 1670 ἀπὸ
1330 1644 1378 1678 μὲν
1393 1643 1440 1669 τοῦ
1453 1644 1586 1678 παρόντος
1605 1646 1623 1679 ἡ
1647 1644 1763 1678 εὐλογία
1776 1645 1843 1680 παρ’

1043 1689 1120 1724 ἡμῶν
1130 1690 1169 1720 εἰς
1182 1689 1226 1715 τὸν
1240 1689 1304 1715 Θεὸν
1320 1689 1442 1723 ἄρχεται,
1454 1688 1607 1715 τελειοῦται
1621 1689 1652 1714 δὲ
1673 1689 1704 1714 ἐν
1719 1688 1761 1723 τῷ
1778 1688 1843 1723 μέλ-

1042 1734 1114 1760 λοντι
1124 1734 1173 1761 ’ἐκ
1193 1734 1303 1768 μέρους
1317 1733 1370 1768 γὰρ
1385 1732 1582 1767 γινώσκομεν,
1611 1734 1667 1760 καὶ
1682 1734 1719 1760 ex
1729 1734 1846 1768 μέρους

1042 1773 1275 1813 προφητεύομεν,
1282 1778 1342 1805 ὅθεν
1353 1778 1437 1804 καὶὲκ
1448 1778 1546 1813 μέρους
1556 1778 1677 1813 εὐλογοῦ
1682 1788 1746 1814 μεν·
1755 1781 1847 1805 Ὅταν

1042 1823 1076 1849 δὲ
1083 1824 1156 1858 ἔλθῃ
1165 1824 1197 1850 τὸ
1204 1823 1412 1858 τέλειον,φησὶν
1419 1824 1432 1850 ὁ
1440 1823 1555 1855 Παῦλος,
1565 1824 1600 1850 τὸ
1605 1824 1644 1850 ἐκ
1655 1823 1776 1858 μέρους
1783 1831 1850 1849 κατ-

1042 1868 1249 1903 αργηθήσεται.
1262 1869 1300 1903 Τῇ
1310 1869 1364 1904 γὰρ
1384 1870 1429 1895 ἐπὶ
1441 1869 1471 1895 τὸ
1488 1870 1580 1904 μεῖζον
1594 1871 1732 1904 προκοπῇ
1747 1868 1781 1896 τὸ
1794 1869 1850 1895 ἀπὸ

1045 1914 1144 1948 μέρους
1155 1913 1280 1941 παύεται.
1290 1914 1339 1940 Διὰ
1350 1914 1448 1940 τοῦτοὸ
1459 1914 1613 1950 Ψαλμῳδὸς
1627 1915 1776 1949 ἐπήγαγε,
1799 1913 1853 1940 Γέ-

1042 1966 1133 1989 retro,
1145 1957 1268 1992 γένοιτο,
1285 1959 1332 1984 καὶ
1343 1958 1512 1990 διπλασιάζει
1522 1959 1572 1993 τὴν
1586 1959 1689 1994 εὐχήν.
1700 1958 1853 1993 Μακάριον

1043 2003 1097 2038 γὰρ
1104 2003 1228 2030 ἐντεῦθεν
1234 2004 1283 2038 τῆς
1291 2004 1415 2038 εὐλογίας
1424 2004 1473 2039 τῆς
1484 2005 1523 2036 εἰς
1529 2005 1576 2031 τὸν
1585 2005 1660 2031 Θεὸν
1671 2005 1721 2031 διὰ
1730 2005 1855 2033 asia—tem;

1043 2049 1150 2083 καὶτῆς
1162 2048 1216 2075 τῶν
1231 2049 1318 2077 ἄλλων
1334 2049 1444 2083 ἀγαθῶν
1463 2049 1670 2084 κατορθώσεως
1692 2048 1854 2084 ἄρξασθαι.

1043 2093 1114 2120 οὕτω
1128 2102 1158 2120 τε
1174 2094 1258 2130 αὐτὴν
1273 2095 1443 2129 στεφανῶσαι
1469 2096 1508 2126 εις
1522 2094 1567 2120 τὸν
1594 2094 1694 2121 αἰῶνα
1720 2093 1771 2119 τὸν
1791 2091 1858 2127 μὲλ-

1043 2141 1133 2172 λονταν
1148 2141 1184 2173 ὼς
1204 2142 1231 2168 οἶ
1247 2150 1278 2176 γε
1296 2142 1404 2173 ἀσεϐεῖς
1422 2142 1469 2169 καὶ
1489 2141 1602 2168 ἄπιστοι
1634 2140 1770 2173 εὐλογεῖν
1796 2138 1859 2164 ἐκεῖ

209 2183 281 2210 hanc
298 2183 465 2217 psalmorum
478 2184 647 2218 prophetiam
662 2185 689 2211 in
713 2185 799 2212 libros
813 2185 934 2220 quinque
947 2186 990 2212 di-

1048 2184 1089 2210 τὸν
1108 2184 1173 2211 Θεὸν
1189 2186 1238 2212 οὐκ
1260 2186 1461 2221 ἐπιτρέπονται.
1481 2186 1590 2212 Είδέναι
1615 2186 1647 2211 δὲ
1666 2185 1722 2216 δεῖ,
1743 2184 1787 2210 ὃτι
1804 2182 1856 2216 τὴν

208 2228 317 2255 videre:
332 2232 415 2262 atque
442 2229 475 2256 ad
499 2229 572 2256 hunc
597 2237 685 2262 usque
713 2230 847 2264 psalmum
872 2232 990 2265 priorem

207 2274 393 2306 Constituere;
421 2274 484 2308 quia
500 2274 526 2300 in
547 2274 601 2301 line
621 2274 835 2302 benedictionem
861 2275 887 2302 in
905 2275 990 2303 Deum

208 2325 256 2345 seu
268 2325 397 2345 coronam
416 2319 505 2346 habet.
519 2318 596 2346 Unde
612 2320 694 2346 etiam
708 2320 749 2347 sic
763 2325 908 2355 sequentes
924 2329 991 2356 qua-

209 2367 273 2390 tuor
285 2363 451 2397 partiuntur.

279 2450 305 2477 1.
325 2449 355 2476 1η
378 2451 456 2485 ﬁnem
471 2452 505 2478 ad
531 2452 731 2488 intelligentiam
755 2454 820 2488 ﬁliis
837 2453 915 2481 Core.

471 2496 639 2526 PSALMUS
653 2493 730 2526 XLI.

495 2542 683 2578 Argumentum
688 2565 694 2571 .

208 2586 284 2614 Sacri
297 2585 373 2613 fuere
389 2591 516 2615 cantores
534 2589 581 2615 ﬁlii
592 2581 673 2621 core,
690 2594 791 2616 canunt
808 2595 899 2617 autem
916 2598 982 2617 can-

248 2633 330 2659 ticum
344 2632 377 2659 ab
390 2633 705 2668 auctoribusacceptum,
716 2635 862 2662 videliceta
875 2635 988 2667 Davide,

243 2682 304 2709 qua:
317 2676 344 2702 in
364 2677 508 2711 postremis
530 2678 697 2712 temporibus
716 2679 867 2706 obventura
897 2684 990 2706 essent

245 2719 441 2752 signiﬁcantes.
458 2720 591 2749 lnducunt
603 2723 684 2750 etiam
699 2723 786 2758 ipsius
799 2723 907 2752 lsraelis
926 2732 988 2759 pcr-

246 2807 268 2823 ¹⁶
282 2808 290 2835 l
304 2809 366 2836 Cor.
381 2818 439 2842 xm,
449 2811 475 2838 9.
517 2813 536 2828 “
550 2812 614 2839 ibid.
631 2812 673 2840 i0.

1044 2228 1184 2265 ψαλμικὴν
1211 2230 1313 2266 ταύτην
1336 2231 1504 2266 προφητείαν
1530 2231 1571 2261 εἰς
1600 2230 1692 2256 πέντε
1714 2228 1793 2259 τινὲς
1817 2227 1858 2253 δι-

1044 2274 1147 2305 ελόντες
1163 2276 1278 2309 βίϐλους,
1301 2276 1379 2310 μέχρι
1395 2277 1488 2302 τούτου
1504 2276 1551 2301 τοῦ
1570 2275 1690 2310 ψαλμοῦ
1710 2274 1764 2309 τὴν
1774 2272 1856 2308 πρώ-

1043 2327 1093 2353 την
1109 2320 1263 2353 νομίζουσιν
1284 2329 1291 2334 ·
1318 2320 1410 2354 ἐπειδὴ
1438 2321 1504 2354 πρὸς
1531 2320 1569 2355 τῷ
1601 2318 1683 2345 east
1715 2318 1857 2354 neque!

1045 2363 1139 2398 ὥσπερ
1164 2365 1211 2399 τὴν
1228 2365 1351 2398 εὐλογίαν
1373 2365 1421 2398 τὴν
1446 2367 1485 2396 εἰς
1510 2366 1575 2391 Θεὸν
1594 2366 1751 2399 κέκτηται.
1768 2363 1826 2399 ’ᾗ

1044 2408 1115 2434 οὕτω
1128 2409 1259 2444 διαιροῦσι
1274 2410 1320 2435 καὶ
1337 2409 1384 2439 τὰς
1401 2410 1532 2445 ὑπάρξεις
1550 2411 1602 2441 τὰς
1621 2411 1784 2445 uestram

1075 2454 1126 2486 Εὶς
1141 2455 1173 2480 τὸ
1189 2455 1273 2485 τέλος
1286 2456 1330 2485 εὶς
1345 2454 1475 2479 σύνεσιν
1489 2455 1547 2487 τοῖς
1555 2455 1637 2488 υἱοῖς
1650 2454 1709 2482 tbi?
1721 2454 1750 2488 ﬂ

1321 2500 1478 2525 ΨΑΛΜΟΣ
1497 2502 1563 2527 MA’.

1365 2543 1534 2577 'deOeatc.

1048 2591 1211 2627 Ἰεροῷάλται
1231 2590 1283 2624 μὲν
1308 2589 1456 2622 γεγόνασιν
1475 2591 1501 2616 ot
1520 2589 1610 2627 Μ

1079 2636 1109 2662 δὲ
1122 2637 1171 2672 τὴν
1185 2636 1262 2670 ᾠδὴν
1280 2636 1328 2672 3.

1546 2373 1575 2391 ον
1594 2373 1751 2399 κεκτηται.

1550 2411 1602 2441 τὰς
1621 2411 1712 2437 τέσσα

1544 2455 1637 2488 ·υίοῒς
1650 2454 1709 2482 tbi?

1546 2505 1551 2515 1

1152 2646 1171 2671 iV
1185 2646 1262 2670 ῳοην
1280 2654 1302 2670 ν
1812 2650 1823 2665 ς
1859 2669 1864 2676 ,
1950 2651 1951 2656 η

1156 2679 1251 2707 τουτέ
1272 2682 1288 2695 τ’
1315 2696 1318 2699 λ
1344 2688 1356 2694 --
1422 2675 1429 2679 ’
1821 2688 1853 2709 ,εκ

1155 2736 1167 2758 ς
1186 2724 1222 2752 τ“

1738 2837 1831 2990 Αίέ

1751 2949 1815 3006 1“;

1557 2986 1564 2996 ι

1538 3029 1555 3051 'I
1779 3025 1782 3029 “
1799 3031 1801 3035 4

1511 3076 1523 3087 Δ
1756 3068 1768 3087 ξ
