3976 6220
364 341 469 398 135

1232 345 1289 399 S.
1332 344 1700 402 ATBANASII
1736 349 1884 406 OPP.
1927 344 2109 404 PARS
2145 348 2230 403 lli.
2273 377 2342 389 -—-
2379 344 2798 402 EXEGETICA.

3492 348 3597 402 {Si

366 457 510 511 niam
547 466 670 511 sunt
706 458 939 530 reliquire
959 460 1160 514 homini
1181 460 1427 528 paciﬁca.
1456 458 1533 513 Et'
1564 461 1887 530 supplicium
1909 501 1925 527 ,

2037 458 2464 529 ἐγκατάλειμμα
2491 457 2776 524 ἀνθρώπῳ
2801 458 3094 524 είρηνιηκῳ.
3128 456 3237 510 Καὶ
3274 457 3306 527 ή
3330 461 3601 529 τιμωρία,-

365 549 577 618 inquit,
611 550 981 619 improborum
1008 594 1023 618 ,
1056 562 1111 606 et
1151 551 1406 620 reliquie,
1448 551 1499 606 id
1533 560 1621 607 est
1643 553 1925 609 liaereditas

360 639 657 708 proborum
679 682 693 705 ,
723 643 820 698 tibi
847 643 1112 699 suadeant
1148 649 1206 696 ut
1246 641 1643 711 simplicitatem
1674 651 1726 698 et
1763 644 1923 698 iuno.

362 730 594 784 centiam
625 734 870 789 secteris.

361 820 413 873 1.
466 818 805 878 PSALMUS
851 825 951 892 ipsi
1000 822 1170 876 David
1225 824 1278 876 in
1329 824 1810 878 rememoratiouem
1858 823 1920 876 de

851 913 1104 969 Sabbato.
1124 912 1282 966 XXX
1297 912 1424 969 γη.

946 1006 1341 1076 Argumentum.

357 1091 515 1150 Hunc
539 1096 685 1151 canit
717 1097 987 1166 psalmum
1014 1097 1290 1151 assiduam
1340 1110 1650 1152 memorans
1698 1098 1921 1153 calami-

422 1192 613 1251 tatem,
673 1201 839 1256 quam
898 1196 1119 1256 propter
1176 1196 1456 1255 peccatum
1514 1188 1806 1252 Sustinuit,
1865 1196 1921 1240 et

429 1272 595 1329 Deum
633 1291 726 1345 per
754 1291 874 1332 sese
904 1285 1077 1346 rogat,
1102 1262 1217 1331 sibi
1251 1277 1615 1333 sabbatismos
1635 1316 1650 1341 ,
1687 1292 1782 1332 seu
1821 1292 1916 1331 ca—

415 1365 717 1421 lamitatum
746 1366 906 1421 linem
939 1367 1194 1422 concedi..

421 1543 477 1597 Ἰ.
516 1539 757 1611 Domine,
806 1561 870 1598 ne
899 1541 950 1598 iu
987 1546 1165 1614 furore
1189 1554 1280 1597 tuo
1313 1560 1509 1614 arguas
1537 1560 1647 1608 me,
1674 1561 1832 1615 neque
1861 1547 1918 1599 in

350 1638 435 1691 ira
481 1630 572 1692 tua
600 1639 857 1708 corripias
889 1654 989 1694 me.
1028 1638 1352 1710 [Daemones,
1376 1638 1473 1707 qui
1513 1638 1794 1707 suppliciis
1834 1639 1920 1692 in-

2028 549 2179 616 φησὶ,
2209 547 2315 601 τῶν
2343 545 2612 616 πονηρῶν,
2638 545 2744 599 καὶ
2790 546 2851 597 ab
2888 543 3342 613 ἐγκατάλειμμα,
3394 545 3510 614 ἦτοι
3555 550 3591 616 ή

2024 634 2356 708 κληρονομία
2388 633 2494 686 τῶν
2530 632 2769 702 ἀγαθῶν,
2821 633 3281 704 παρασκευαζέτω
3310 650 3370 687 σε
3403 637 3595 706 ἐπιτη-

2023 724 2196 779 δεύειν
2219 724 2513 794 ἁπλότητα.

2028 808 2329 872 ΨΑΛΜΟΣ
2356 815 2439 881 τῷ
2464 815 2646 870 Δαυιδ
2674 817 2760 882 εἰς
2787 815 3125 884 ἀνάμνησιν
3153 814 3281 882 περὶ
3305 814 3412 869 τοῦ
3440 816 3592 869 Σαϐ-

2605 904 2803 958 ϐάτου.
2854 907 2950 958 ΛΖ
2960 910 2992 956 ⁸.

2643 997 2656 1014 '
2676 997 2957 1060 Υπόθεσις

2024 1084 2226 1139 Τοῦτον
2273 1085 2388 1157 ᾄδει
2414 1086 2507 1139 τὸν
2534 1085 2770 1155 ψαλμὸν,
2806 1085 3232 1155 ἀναμιμνήσκων
3273 1085 3459 1138 ἑαυτὸν
3489 1084 3597 1156 τῆς

2093 1181 2420 1249 συνεχούσης
2462 1177 2876 1248 ταλαιπωρίας,
2925 1173 2993 1248 ἦς
3046 1176 3302 1246 ὑπέμεινε
3346 1176 3436 1229 διὰ
3490 1178 3591 1248 τὴν

2092 1268 2385 1340 ἁμαρτίαν.
2450 1267 2616 1334 Ἀξιοῖ
2644 1267 2699 1320 δὲ
2723 1269 2786 1320 δι’
2830 1265 3022 1320 ἑαυτοῦ
3052 1265 3141 1319 τὸν
3186 1266 3352 1333 Θεὸν,
3389 1267 3593 1321 σαϐϐα-

2088 1357 2316 1426 τισμοὺς
2343 1355 2493 1429 αὐτῷ
2523 1356 2735 1419 δοῦναι,
2791 1356 2908 1426 ἦτοι
2949 1356 3252 1410 ἀνάπαυσιν
3292 1358 3400 1412 τῶν
3454 1375 3592 1431 συμ-

2090 1446 2291 1516 φορῶν.

2087 1538 2294 1604 Κύριε,
2316 1536 2401 1606 μὴ
2431 1535 2512 1601 τῷ
2543 1535 2707 1606 θυμῷ
2737 1551 2852 1590 σου
2884 1534 3138 1607 ἐλέγξῃς
3189 1554 3287 1606 με,
3331 1538 3486 1607 μηδὲ
3514 1539 3590 1607 rit"

2019 1626 2166 1696 ὀργῇ
2194 1643 2308 1681 σου
2340 1626 2673 1695 παιδεύσῃς
2703 1642 2799 1695 με.
2852 1625 2951 1697 [οί
2976 1631 3095 1691 ταῖς
3125 1627 3377 1681 κολάσεσι
3405 1629 3557 1681 διακο
3570 1658 3603 1669 -ι

350 1723 590 1781 ferendis
639 1725 1005 1801 deputauttrr,
1057 1735 1110 1782 et
1162 1727 1384 1781 ultrices
1432 1734 1760 1795 potestates,
1820 1725 1914 1780 Dei

2037 1716 2266 1786 ιούμενοι
2291 1716 2561 1786 δαίμονες,
2597 1717 2692 1770 καὶ
2717 1717 2772 1769 αί
2796 1717 3161 1788 τιμωρητικαὶ
3186 1717 3463 1788 δυνάμεις,
3493 1718 3601 1772 τοῦ

350 1816 439 1870 ira
477 1825 532 1870 et
575 1787 729 1872 furor
775 1787 1060 1873 vocantur.
1091 1816 1372 1886 Supplicat
1393 1787 1579 1886 itaque
1604 1831 1672 1870 ne
1701 1787 1912 1870 a'mali-

2037 1804 2153 1860 θεοῦ
2186 1807 2322 1878 ὀργὴ
2346 1806 2449 1860 καὶ
2474 1805 2641 1879 θυμὸς
2671 1806 2938 1873 λέγονται.
2993 1807 3247 1860 Ἱκετεύει
3269 1803 3360 1863 οὖν
3397 1808 3470 1879 μὴ
3500 1809 3591 1862 διὰ

350 1906 479 1976 guis
500 1907 792 1962 virtutibus
832 1914 1123 1979 arguatur,
1175 1923 1349 1978 neque
1388 1922 1487 1977 per
1519 1906 1913 1962 immissiouem

350 1997 667 2067 angelorum
711 2000 981 2053 malorum
1012 2039 1026 2063 ,
1067 1999 1159 2055 sed
1187 2015 1283 2070 per
1310 1998 1571 2055 salutaria
1599 1998 1761 2054 verba
1794 2014 1916 2053 cor—

349 2086 626 2159 ripiatur.]
665 2084 903 2159 Corripit
939 2104 1041 2146 nos
1075 2090 1337 2146 Dominus
1357 2131 1371 2155 ,
1403 2104 1527 2146 cum
1571 2103 1675 2145 nos
1707 2089 1773 2144 ad
1800 2089 1915 2143 vir-

351 2178 481 2232 tutis
524 2179 956 2233 recordationem
1006 2179 1243 2234 deducit.
1293 2179 1528 2234 Sanctus
1575 2192 1754 2234 autem
1806 2194 1915 2232 non

349 2267 786 2338 red‘argutiouem
819 2277 914 2324 aut
933 2271 1330 2325 correctionem
1359 2270 1610 2339 repudiat
1638 2286 1652 2322 :
1681 2271 1772 2325 sed
1792 2283 1913 2325 eam

347 2373 470 2427 quia
499 2374 624 2414 eum
656 2361 816 2415 ira'et
846 2359 1027 2414 furore
1058 2360 1349 2429 conjuncta
1382 2361 1473 2413 sit.

420 2450 475 2503 5.
501 2450 762 2514 Quoniam
788 2453 999 2520 sufﬂa:
1022 2452 1325 2519 tumin/iste
1349 2461 1470 2505 sunt
1497 2453 1647 2508 mihi.
1675 2451 1916 2521 Sagittas

346 2548 513 2596 vocat
545 2541 765 2598 ultrices
798 2549 1128 2610 potestates..
1166 2540 1236 2595 Et
1277 2542 1604 2610 conﬁrmasti
1637 2557 1791 2610 super
1835 2558 1917 2594 me

349 2642 564 2684 "ianum
587 2641 753 2687 tuam.
796 2630 995 2701 Tetigit
1022 2646 1110 2687 me
1133 2670 1147 2696 ,
1179 2632 1389 2702 inquit,
1428 2647 1626 2688 manus
1650 2642 1764 2699 tua,
1794 2647 1919 2701 pee-

351 2720 456 2774 eati
484 2734 651 2775 causa
687 2721 1010 2789 corripiens.

418 2812 473 2864 4.
506 2808 628 2863 Νοη
656 2813 966 2865 estsam'tas
994 2813 1049 2865 in
1091 2828 1245 2865 carne
1272 2828 1386 2865 mea
1428 2829 1461 2865 a
1501 2812 1637 2881 facie
1663 2813 1760 2866 ira:
1789 2822 1912 2866 tute.

349 2901 435 2954 Ira
467 2910 555 2955 tua
591 2902 878 2970 ingruente
922 2903 1093 2968 mihi,
1121 2901 1444 2956 labefactata
1482 2911 1566 2957 est
1595 2917 1724 2956 caro
1772 2918 1912 2957 mea.

352 2987 419 3040 Et
440 3002 543 3040 non
571 2997 647 3040 est
667 3003 773 3056 pax
799 2987 1002 3042 ossibus
1035 2990 1162 3042 meis
1190 3006 1224 3042 a
1253 2989 1391 3058 facie
1421 2990 1753 3059 peccatorum
1773 3006 1917 3045 meo-

1968 1924 1973 1927 .
2020 1898 2279 1967 πονηρῶν
2300 1895 2580 1965 δυνάμεων
2626 1895 2979 1967 ἐλεγχθῆναι,
3016 1897 3148 1968 μηδὲ
3190 1897 3255 1951 δι’
3289 1899 3592 1971 ἀποστολῆς

2016 1986 2260 2055 ἀγγέλων
2292 1986 2631 2057 σκυθρωπῶν
2664 1988 3015 2059 παιδευθῆναι
3039 2030 3054 2057 ,
3104 1988 3241 2044 ἀλλά
3281 1991 3368 2044 διὰ
3415 1992 3623 2069 λόγωνθ

2016 2075 2362 2148 σωτηρίων.]
2398 2076 2651 2130 Παιδεύει
2680 2078 2825 2146 ἡμᾶς
2854 2081 2883 2132 ὁ
2907 2079 3127 2151 Κύριος,
3171 2083 3252 2143 εἰς
3284 2080 3591 2152 ἀνάμνησιν

2015 2166 2163 2233 ἄγων
2186 2167 2285 2237 τῆς
2321 2167 2542 2238 ἀρετῆς.
2573 2169 2632 2220 Ὀ
2670 2167 2726 2222 δέ
2764 2171 2917 2238 ἅγιος
2957 2172 3018 2223 οὐ
3056 2172 3145 2223 τὸν
3172 2171 3388 2242 ἔλεγχον
3424 2173 3458 2244 ἢ
3491 2173 3591 2243 τὴν

2022 2256 2271 2309 παιδείαν
2330 2260 2707 2327 παραιτεῖται,
2762 2260 2897 2313 ἀλλὰ
2948 2261 3047 2331 τὴν
3101 2262 3216 2331 μετ’
3277 2263 3446 2334 ὀργῆς
3497 2265 3607 2317 καὶ.

2018 2347 2213 2418 θυμοῦ.

2090 2439 2208 2491 ’Ότι
2235 2440 2309 2495 τὰ
2331 2440 2488 2509 ,ϐέλη
2518 2456 2633 2495 σου
2663 2443 3045 2512 ἐνεπάγησάν
3069 2460 3193 2511 μοι.
3223 2444 3362 2515 Βέλη
3391 2444 3488 2508 τὰς
3512 2462 3605 2497 τις

2018 2530 2335 2600 μωρητικάς
2355 2530 2609 2603 δυνάμεις
2631 2532 2783 2602 φησί.
2823 2534 2930 2586 Καὶ
2955 2532 3348 2602 ὲπεστήριξας
3369 2534 3459 2586 ἐπ’
3487 2534 3596 2604 ἐμὲ

2015 2619 2129 2689 τὴν
2166 2620 2337 2690 χεῖρά
2374 2636 2509 2675 σου.
2535 2621 2833 2693 Καθήψατό
2879 2640 2978 2694 μου
2998 2664 3012 2688 ,
3041 2624 3202 2694 φησὶν
3221 2663 3237 2688 ,
3262 2626 3295 2694 ἡ
3323 2624 3442 2695 χείρ
3471 2640 3590 2687 σου,

2017 2711 2157 2781 ὑπὲρ
2184 2712 2282 2782 τῆς
2317 2710 2586 2782 ἁμαρτίας
2618 2712 2965 2768 παιδεύουσα.
3238 2718 3241 2721 ’

2081 2806 2204 2858 Οὐκ
2239 2803 2412 2858 ἐστιν
2443 2804 2604 2872 ἴασις
2660 2804 2730 2858 ὲν
2774 2802 2848 2875 τῇ
2878 2805 3058 2872 σαρκί
3091 2821 3210 2874 μου
3249 2804 3365 2858 ἀπὸ
3404 2818 3594 2873 προσ-

2015 2895 2182 2950 ώπου
2205 2894 2314 2964 τῆς
2336 2895 2518 2966 ὀργῆς
2533 2896 3016 2966 σου..Λελώ6ημαι
3041 2895 3138 2965 τὴν
3165 2896 3362 2967 σάρκα,
3391 2897 3589 2973 ἐπενη-

2016 2986 2283 3059 νεγμένης
2315 3004 2403 3057 μοι
2434 2987 2534 3057 τῆς
2561 2989 2750 3059 ὀργῆς.
2775 2989 2896 3042 Οὐκ
2924 2988 3096 3042 ἔστιν
3122 2986 3328 3056 είρήνη
3360 2987 3429 3039 ὲν
3465 2986 3592 3052 τοῖς

349 3094 488 3131 rum.
539 3078 859 3145 Debilitata,
911 3079 1127 3148 inquit,
1158 3088 1243 3134 est
1287 3080 1459 3136 virtus
1502 3082 1698 3137 animae
1740 3097 1914 3147 meat,

2037 3077 2253 3144 ςστέοις
2274 3096 2394 3148 μου
2418 3077 2536 3134 ἀπὸ
2579 3078 2899 3147 προσώπου
2938 3076 3060 3132 τῶν
3107 3077 3400 3146 ἁμαρτιῶν
3446 3095 3587 3146 pou;

351 3183 518 3223 causa
547 3176 727 3223 autem
754 3168 1399 3239 inﬁrmitatis-peccatum
1433 3179 1535 3224 est.

422 3343 1116 3417 St'ﬂuorrtminiquitates'
1304 3360 1653 3418 supergressa
1673 3352 1804 3400 "sunt
1830 3359 1922 3401 ca-

2030 3166 2417 3238 Ἒξησθένησε,
2450 3168 2647 3237 φησὶν,
2680 3169 2713 3238 ἡ
2761 3167 2983 3238 δύναμις
3011 3168 3109 3238 τῆς
3138 3169 3274 3238 ἐμῆς
3305 3167 3480 3238 ψυχῆς
3502 3185 3514 3197 ·
3554 3171 3607 3239 ἡ,

2016 3257 2074 3311 δέ
2095 3258 2242 3311 αἰτία
2273 3257 2371 3327 τῆς
2401 3257 2699 3324 ἀσθενείας,
2730 3259 2763 3328 ἡ
2790 3259 3052 3341 ἁμαρτία.

2093 3346 2220 3400 Ὅτι
2263 3349 2324 3400 at
2367 3346 2604 3415 ἀνομίαι
2652 3364 2771 3415 μου
2816 3347 3123 3415 ὑπερῆραν
3163 3345 3275 3412 τὴν
3318 3346 3591 3415 κεφαλήν

351 3448 445 3507 put
472 3453 663 3491 meum.
694 3437 908 3508 Fregit,
942 3437 1154 3506 inquit,
1177 3452 1265 3492 me
1287 3438 1466 3507 gravis
1493 3437 1698 3508 peccati
1726 3436 1915 3491 moles.

2037 3456 2152 3492 ιου.
2207 3435 2541 3518 Κατέκαμψέ
2574 3453 2643 3507 με
2662 3474 2677 3499 ,
2708 3438 2900 3507 φησὶν,
2933 3436 2995 3489 τὸ
3023 3436 3159 3507 βαρὺ
3187 3437 3287 3506 τῆς
3316 3436 3591 3507 ἁμαρτίας

352 3528 577 3584 Cruciat
616 3542 705 3584 me
745 3528 1493 3598 permolestus-putridorum
1535 3527 1698 3582 foetor
1727 3524 1919 3580 vulne-

356 3635 502 3686 rum,
535 3634 658 3690 quae
721 3621 921 3675 amissa
953 3619 1271 3689 prudentia,
1307 3626 1362 3674 et
1408 3618 1727 3687 insipientia
1789 3617 1923 3672 sub.

354 3721 511 3767 actus
541 3712 596 3765 in
622 3726 710 3766 me
736 3711 947 3780 excepi.
972 3711 1146 3780 Cujus
1168 3711 1245 3764 rei
1287 3725 1451 3765 causa
1493 3710 1642 3764 omni
1674 3709 1919 3778 privatus

352 3802 713 3868 delectatione
734 3817 905 3872 angor
933 3811 988 3857 et
1010 3801 1231 3857 assidue
1253 3800 1472 3854 crucior
1502 3799 1706 3858 animo.
1742 3811 1918 3866 neque

352 3892 520 3947 ullam
551 3893 885 3948 declinanda:
914 3892 1147 3947 tristitia:
1165 3893 1310 3949 viam
1348 3890 1585 3945 invenio.
1615 3888 1762 3944 Sicut
1786 3904 1916 3941 onus

352 3999 508 4053 grave
535 3993 769 4053 gravate
787 3990 911 4037 sunt
941 3998 1097 4051 super
1128 3998 1228 4036 ms.
1258 3981 1590 4037 Gravitatem
1616 3980 1750 4036 dicit
1780 3994 1916 4034 cou-

353 4073 593 4128 scientia:
621 4081 830 4128 motum
853 4073 1201 4129 vehementer
1228 4071 1296 4126 ad
1339 4070 1773 4142 desperationem
1801 4077 1925 4125 ten-

352 4161 553 4217 dentis.

416 4250 471 4303 6.
502 4249 829 4305 Patruerunt
854 4261 904 4305 et
944 4261 1205 4321 corrupta:
1236 4261 1359 4306 sunt
1403 4252 1672 4306 cicatrices
1716 4266 1843 4304 mea:
1884 4267 1924 4303 a—

352 4340 492 4409 facie
514 4340 835 4409 insipientiw
858 4358 1003 4401 mete.
1036 4342 1323 4401 Peccatum
1346 4358 1526 4407 omne,
1564 4352 1721 4410 turpe
1739 4351 1792 4395 et
1820 4356 1920 4409 pu-

2019 3529 2257 3599 φορτίον.
2325 3528 2474 3598 Ἀνιᾷ
2516 3518 2573 3580 δέ
2626 3529 2694 3597 με
2742 3525 2987 3581 καὶητῶν
3023 3525 3336 3598 σεσηπότων
3365 3524 3583 3579 ἐκείνω.

2015 3618 2343 3688 τραυμάτων
2369 3618 2402 3687 ἡ
2432 3616 2730 3687 δυσοσμία,
2761 3616 2819 3683 ἃ,
2845 3615 2942 3687 τὴν
2989 3616 3247 3686 φρόνησιν
3280 3614 3599 3676 ἀποϐαλὼν,

2017 3707 2114 3759 καὶ
2136 3708 2202 3777 τῇ
2236 3704 2513 3777 ἀφροσύνη
2540 3704 2845 3768 δουλεύσας,
2876 3704 3247 3775 εἰσεδεξάμην.
3295 3697 3369 3758 Οὗ
3401 3704 3464 3774 δὴ
3493 3704 3588 3772 χά-

2022 3815 2106 3872 ριν
2135 3798 2315 3867 πάσης
2345 3795 2613 3867 θυμηδίας
2639 3794 3020 3866 ἐστερημένος,
3048 3794 3296 3864 ἀσχάλλω
3325 3795 3417 3847 καὶ
3443 3792 3592 3846 ἀλύω

2014 3887 2314 3960 διηνεκῶς,
2364 3886 2459 3939 καὶ
2504 3885 2602 3955 τῆς
2655 3884 3105 3956 σκυθρωπότητος
3147 3875 3447 3954 μεταϐολὴν
3491 3883 3592 3953 οὐχ
3634 3944 3637 3951 κ

2015 3979 2270 4049 εὑρίσκω.
2335 3977 2492 4030 Ὡσεὶ
2539 3977 2786 4045 φορτίον
2835 3974 2995 4043 ,βαρὺ
3030 3974 3447 4042 ἐϐαρύνθησαν
3496 3973 3588 4024 ἐπ’

2014 4068 2140 4138 ἐμέ.
2194 4068 2481 4141 Βαρύτητα
2525 4067 2623 4136 τὴν
2670 4066 2768 4136 τῆς
2799 4065 3151 4136 συνειδήσεως
3178 4067 3257 4128 εἰς
3288 4065 3600 4132 ἀπόγνωσιν.

2016 4159 2219 4226 ῶθησιν
2253 4158 2369 4227 μετ’
2399 4154 2701 4218 ἐπιτάσεώς
2754 4171 2939 4225 φησιν.

2091 4244 2480 4314 Προσώζεσαν
2520 4242 2619 4295 καὶ
2669 4241 2991 4308 ὲσάπησαν
3040 4244 3095 4294 οι
3142 4240 3430 4309 μώλωπέζι
3471 4259 3592 4310 μου

2016 4337 2135 4392 ἀπὸ
2185 4339 2509 4404 προσώπου
2562 4331 2672 4400 τῆς
2722 4333 3072 4400 ἀφροσύνης
3103 4348 3242 4400 μου.
3297 4331 3452 4384 Πᾶσα
3482 4331 3592 4402 γὰρ

353 4430 522 4499 [idum
549 4440 632 4484 est
664 4445 677 4482 :
712 4431 819 4486 nisi
845 4432 988 4485 enim
1036 4433 1092 4487 in
1134 4433 1505 4502 insipientiam
1542 4433 1725 4487 anima
1766 4431 1916 4485 deci-

2037 4426 2267 4497 ίιμαρτία
2290 4424 2507 4495 μυσαρά
2523 4440 2581 4477 τε
2603 4425 2696 4477 καὶ
2715 4420 2953 4491 δυσώδης
2971 4438 2984 4452 ⁸
3015 4423 3063 4474 εἰ
3098 4420 3173 4491 μὴ
3198 4420 3307 4491 γὰρ
3329 4423 3409 4484 είς
3431 4422 3595 4492 ἀφρο-

351 4520 466 4584 dat,
510 4528 793 4590 peccatum
827 4521 1115 4578 admittere
1163 4537 1444 4592 nunquam
1489 4521 1748 4577 tolerarit.
1791 4518 1919 4574 lude

351 4620 605 4665 naturam
648 4612 854 4680 peccati
896 4613 1170 4677 novimus.
1202 4611 1463 4680 Quasnam
1504 4613 1595 4667 illa
1627 4612 1745 4668 est?
1773 4610 1927 4664 Nihil.

349 4707 498 4755 certe
527 4707 807 4769 peccatum
840 4708 923 4756 est
947 4701 1053 4756 nisi
1094 4700 1423 4771 insipientia:
1449 4710 1652 4756 nostra:
1681 4698 1845 4756 fetus.

422 4871 478 4925 7.
512 4869 644 4925 Tota
690 4872 773 4925 die
818 4872 1166 4926 contristatae
1207 4872 1557 4941 ingrediebar.
1607 4872 1663 4927 ιιι
1707 4873 1920 4927 dicatur

350 4964 421 5020 iis
441 4964 535 5034 qui
576 4962 807 5019 multum
838 4963 1015 5018 rident
1045 4972 1102 5018 et
1121 4964 1387 5019 laetantur.

426 5127 615 5213 [Miser
647 5136 821 5206 factus
850 5152 1005 5202 sum,
1047 5145 1152 5193 etc.
1201 5136 1530 5194 Gravitatem
1574 5139 1920 5195 conscientiae

353 5228 579 5294 iudicat,
609 5244 730 5299 quae
748 5228 906 5298 quasi
938 5228 999 5283 in
1021 5229 1454 5299 desperationem
1494 5230 1740 5300 impellit.

424 5318 479 5372 8.
510 5318 773 5384 Quoniam
813 5319 975 5374 lumbi
1008 5321 1109 5374 mei
1149 5322 1353 5390 impleti
1389 5331 1512 5374 sunt
1558 5321 1915 5376 illusionibus.

355 5409 859 5480 Quoniamdnquit,
879 5410 1127 5467 videbam
1150 5412 1403 5466 inimicos
1431 5413 1564 5467 mihi
1592 5413 1916 5468 illudeutes:

356 5498 719 5570 iutelligibiles
744 5511 925 5558 autem
958 5501 1212 5558 inimicos
1238 5500 1551 5573 signiticet.]

425 5586 481 5643 9.
510 5588 744 5657 Amic-tus
782 5609 897 5646 sum
935 5601 986 5647 et
1018 5592 1323 5646 humiliatus
1353 5593 1676 5647 sum'nimis.
1708 5591 1788 5646 Ex
1812 5592 1920 5646 hu-

355 5680 595 5749 :usmodi
620 5722 635 5747 ,
664 5681 879 5751 inquit,
912 5684 1349 5755 concupiscentia
1370 5723 1385 5750 ,
1422 5683 1474 5740 id
1501 5699 1624 5740 sum
1650 5699 1915 5741 consecu-

2027 4515 2190 4586 σύνην
2221 4511 2517 4567 καταπέσοι
2547 4509 2767 4581 ἡψυχὴ.
2800 4510 2900 4563 οὐκ
2919 4509 2983 4563 ἂν
3007 4509 3262 4579 ὑπομένοι
3286 4508 3382 4578 τὴν
3413 4508 3596 4578 ἀμαρ-

2023 4607 2163 4659 τίαν.
2205 4601 2484 4658 Ἐντεῦθεν
2507 4601 2607 4672 τὴν
2635 4601 2795 4670 φύσιν
2819 4601 2916 4669 τῆς
2942 4599 3213 4671 ἁμαρτίας
3232 4596 3587 4667 γινώσκομεν.

2036 4695 2225 4751 Ὀποία
2249 4694 2334 4756 τίς
2358 4694 2474 4747 ἐστι
2498 4734 2513 4758 ,
2550 4691 2687 4763 πλὴν
2718 4692 2800 4744 ὅτι
2833 4688 2939 4744 ἀπὸ
2959 4689 3267 4762 ἀφροσύνης
3294 4690 3420 4758 ἡμῖν
3452 4706 3595 4759 συμ-

2025 4786 2295 4841 ϐαίνουσιν
2328 4786 2383 4837 αἱ
2412 4782 2674 4854 ἁμαρτίαι
2700 4798 2715 4846 ;

2098 4876 2289 4941 Ὅλην
2318 4873 2433 4939 τὴν
2478 4870 2708 4939 ἡμέραν
2742 4868 3173 4937 σκυθρωπάζων
3201 4869 3589 4939 ἐπορευόμην.

2027 4963 2258 5018 Λεκτέον
2287 4961 2444 5015 τοῦτο
2477 4961 2622 5033 πρὸς
2640 4961 2764 5023 τοὺς
2790 4959 3062 5027 γελῶντας
3087 4959 3256 5012 πολλά
3276 4960 3369 5012 καὶ
3393 4976 3449 5011 τε
3459 4976 3590 5030 ρποα

2097 5071 2240 5116 νους.
3452 5114 3461 5119 -

2097 5073 2126 5107 ν
2158 5072 2187 5105 υ
2224 5092 2240 5108 .

2030 5054 2637 5216 μέ[ὶῖεξταλαιπώρησα
2662 5141 2773 5195 καῖ
2792 5155 2989 5195 κατεκ.
3011 5179 3027 5204 ,
3073 5140 3167 5193 καὶ
3194 5140 3263 5193 τὰ
3299 5114 3461 5210 ἑξῆς.-
3494 5140 3596 5192 Ba-

2029 5236 2232 5307 ρύτητα
2261 5236 2360 5306 τῆς
2407 5234 2757 5303 συνειδήσεως
2791 5231 2866 5294 ὼς
2906 5234 2985 5294 είς
3028 5231 3332 5299 ἀπόγνωσιν
3366 5230 3585 5301 ῶθησιν.

2098 5328 2224 5380 ’Ότι
2242 5328 2301 5379 αὶ
2321 5326 2466 5393 ψόαι
2482 5341 2600 5393 μου
2620 5323 3023 5391 ἐπλήσθησαν
3034 5322 3392 5393 ἐμπαιγμῶν.
3424 5324 3597 5375 Ἐπει-

2024 5415 2200 5485 δήπερ
2244 5416 2437 5484 φησιν,
2477 5413 2571 5464 ἐπὶ
2613 5413 2674 5465 τὸ
2714 5411 3068 5473 καταπαίζειν
3102 5428 3203 5480 μου
3253 5411 3436 5464 λοιπὸν
3467 5411 3595 5472 τοὺς

2026 5504 2252 5578 ἐχθρούς
2286 5522 2385 5575 μου
2418 5503 2629 5576 ἐώρων·
2661 5506 2787 5569 τοὺς
2817 5507 3038 5574 νοητοὺς
3060 5506 3116 5558 δέ
3146 5504 3312 5570 λέγει.
3338 5500 3357 5572 ]

2108 5592 2444 5660 Ἐκαιιώθην
2500 5593 2597 5646 καί
2634 5593 3033 5661 ἐταπεινώθην
3060 5592 3169 5657 ἕως
3201 5590 3453 5659 σφόδρα.
3503 5587 3593 5651 Ἐξ

2027 5685 2260 5754 ἐκείνης,
2290 5685 2441 5753 φησὶ,
2484 5684 2583 5753 τῆς
2632 5684 2923 5755 ἐπιθυμίας
2957 5683 3231 5754 ἐτρύγησα
3258 5682 3318 5734 τὸ
3362 5678 3590 5734 κύπτειν
