3976 6220
313 334 414 390 183

1290 392 1294 396 Α
1365 336 1456 393 ΕΣ
1472 337 1738 393 POSITIO
1776 338 1842 391 IN
1877 338 2206 395 PSALMUM
2247 338 2528 394 XXXVI“

3439 337 3547 390 1⁸ἶῦ

312 449 396 512 εις
411 446 535 517 γῆν,
557 444 653 499 καὶ
674 446 938 517 διηνεκῶς
961 448 1311 523 ὀλοφύρεσθαι
1332 449 1419 504 διὰ
1439 451 1536 514 τὰς
1559 452 1761 522 πικρὰς
1784 453 1881 523 τῆς

1998 466 2092 520 ius,
2122 465 2183 510 ut
2228 470 2421 511 versus
2473 462 2670 506 terram
2723 449 3012 504 inclinatus
3049 447 3278 518 gemitus
3324 446 3543 502 assidue

311 536 532 609 καρδίας
555 535 768 599 ὀδύνας.
802 535 1002 590 Τούτου
1026 522 1183 609 χάριν
1206 539 1306 610 τῆς
1333 538 1624 609 ἐπιθυμίας
1653 540 1880 611 μταὸα-

312 628 416 682 λὼν
440 629 537 700 τὴν
565 628 850 698 ἐνέργειαν
869 667 883 691 ,
916 628 1186 701 ὑπουργὸν
1231 631 1400 701 αὐτὴν
1430 631 1736 702 κατέστησα
1780 631 1875 685 τοῦ

313 716 452 772 θείου
486 716 840 786 βουλήματος.
892 716 1061 770 Τοῦτο
1091 719 1199 791 γὰρ
1224 720 1500 790 ὲπήγαγεν
1532 736 1547 750 ·
1586 721 1878 790 Ὠρυόμην

316 807 430 861 ἀπὸ
460 806 800 875 στεναγμοῦ
828 806 940 875 τῆς
988 808 1233 875 καρδίας
1268 826 1408 877 μου.
1488 806 1777 872 Μαστίζων
1815 808 1878 860 τὸ

320 897 593 961 συνειδὸς,
667 896 766 967 τὴν
810 898 1034 969 καρδίαν
1105 915 1206 969 μου
1265 898 1596 969 στεναγμοὺς
1662 896 1876 967 ἀφιέναι

315 989 547 1042 ἐποίουν.

380 1078 490 1132 Kal
520 1081 553 1131 ό
594 1078 923 1147 στεναγμός
965 1095 1084 1146 μου
1114 1077 1231 1132 ἀπὸ
1259 1078 1375 1132 σοῦ
1407 1082 1520 1132 οὐκ
1554 1078 1876 1146 ἀπεκρύϐη.

315 1167 420 1237 Ἰῆς
451 1169 765 1237 μετανοίας.
797 1168 987 1236 φησιν,
1021 1170 1050 1222 ὁ
1100 1168 1259 1230 πόθος
1283 1168 1463 1238 στήτω
1502 1166 1728 1222 ἐνώπιόν
1760 1183 1877 1231 σου,

315 1251 348 1327 ᾖ
399 1255 508 1326 ἔχω
564 1257 829 1328 ἐπιθυμίᾳ
889 1255 1126 1327 σωθῆναι
1173 1256 1510 1328 βουλόμενος.
1577 1258 1687 1313 Καὶ
1728 1258 1811 1320 τίς
1841 1259 1875 1328 ἡ

316 1341 577 1413 ἐπιθυμία
607 1343 700 1396 τοῦ
754 1343 1026 1413 Χριστοῦ;
1080 1344 1141 1396 τὸ
1190 1345 1330 1416 ὑπὲρ
1366 1345 1520 1415 ἡμῶν
1572 1344 1878 1399 ἐπιτελέσαι

315 1430 523 1501 Πάσχα.
558 1496 573 1510 ⁸

391 1521 455 1575 Ἠ
506 1520 721 1589 καρδία
759 1540 878 1590 μου
930 1522 1264 1601 ἐταρᾴχθη,
1321 1521 1666 1592 ἐγκατέλιπέ
1710 1536 1788 1590 με
1837 1522 1876 1589 ἠ

314 1610 491 1677 ἰσχύς
512 1627 653 1677 μου.
690 1612 762 1664 Τὸ
788 1612 1179 1681 διαλογιστικὺν
1211 1613 1434 1685 καρδίαν
1469 1613 1621 1683 φησί.
1681 1612 1788 1666 Καὶ
1811 1612 1879 1665 τὸ

315 1698 430 1767 φῶς
456 1698 576 1753 τῶν
599 1701 921 1771 ὀφθαλμῶν
944 1721 1061 1772 μου
1082 1747 1096 1771 ,
1154 1705 1252 1757 καὶ
1279 1704 1424 1759 αὺτό
1446 1706 1555 1757 οὑκ
1579 1705 1710 1758 ἐστι
1750 1702 1876 1771 μετ’

1979 542 2334 613 profundam,
2364 541 2436 597 ob
2476 539 2729 595 acerbum
2760 536 2926 590 animi
2965 535 3225 589 dolorem.
3261 533 3544 598 Quamob-

1979 647 2125 699 rem,
2188 640 2399 686 mutato
2447 626 2908 697 concupiscentia:
2959 640 3100 690 usu,
3166 622 3540 677 administram

1978 738 2098 777 eam
2132 722 2327 776 divinae
2364 719 2660 775 voluntatis
2690 715 2969 771 constitui.
2990 713 3103 768 Hoc
3140 713 3283 768 enim
3312 712 3496 781 adjicit
3524 752 3540 767 .

1978 810 2270 882 Rugiebam
2307 828 2340 863 a
2372 811 2566 880 gemitu
2598 808 2771 862 cordis
2800 807 2916 859 mei.
2948 803 3236 875 Castigans
3260 804 3544 857 conscien-

1979 901 2107 954 tiam
2140 914 2340 966 meam,
2372 900 2425 954 id
2456 897 2747 953 eiiiciebam
2785 904 2843 949 ut
2877 909 2972 949 cor
3004 894 3059 948 in
3098 892 3330 963 gemitus
3358 905 3549 945 erum--

1977 1002 2148 1059 pcret.
2384 980 2391 985 ’
3195 1053 3201 1060 ι

2050 1082 2140 1135 10.
2184 1079 2251 1133 Et
2285 1080 2504 1149 gemitus
2549 1093 2691 1131 meus
2736 1092 2769 1129 a
2821 1084 2868 1128 te
2910 1090 3011 1128 non
3061 1081 3136 1126 est
3184 1071 3538 1126 absconditus.

1980 1172 2337 1238 Paenitentiaa,
2377 1169 2576 1239 inquit,
2623 1166 2953 1223 desiderium
2980 1180 3163 1220 coram
3209 1172 3259 1219 te
3296 1164 3539 1216 sistatur.

1982 1264 2118 1319 Toto
2164 1263 2435 1319 desiderio
2481 1261 2706 1316 salutem
2752 1256 3014 1324 consequi
3053 1264 3264 1325 expeto.
3317 1252 3540 1322 Ecquod

1980 1353 2306 1409 desiderium
2338 1350 2589 1406 Christi?
2624 1348 2830 1405 Pascha
2873 1347 3045 1404 nostri
3079 1360 3242 1401 causa
3287 1358 3541 1399 consum-

1980 1456 2129 1496 mare
2157 1442 2225 1493 ⁸⁸.

2050 1533 2136 1586 11.
2189 1530 2294 1585 Cor
2338 1546 2508 1583 meum
2556 1528 2925 1582 conturbatum
2979 1533 3089 1591 est,
3134 1524 3411 1593 dereliquit
3461 1538 3542 1575 me

1979 1623 2145 1676 virtus
2193 1637 2328 1675 mea.
2377 1619 2486 1674 Cor
2536 1619 2769 1688 appellat
2812 1618 2921 1671 vim
2957 1617 3153 1670 animae
3198 1613 3536 1668 rationalem.

1979 1714 2049 1768 Et
2087 1713 2261 1767 lumen
2286 1712 2555 1766 oculorum
2586 1726 2837 1772 meorum,
2877 1716 2926 1762 et
2968 1709 3139 1776 ipsum
3178 1723 3280 1759 nou
3319 1715 3393 1757 est
3436 1718 3541 1756 me-

315 1788 475 1856 ἐμοῦ.
535 1790 610 1842 Τὸ
639 1790 754 1859 φῶς
783 1790 891 1845 τῶν
918 1792 1209 1860 ὀφθαλμῶν
1236 1794 1296 1846 τὸ
1326 1792 1539 1864 πνεῦμα
1575 1793 1634 1845 τὸ
1676 1791 1877 1861 ἐκλάμ-

1998 1819 2120 1858 :um.
2146 1801 2353 1856 Lumen
2394 1800 2677 1875 oculorum
2708 1800 2836 1854 dicit
2868 1798 3118 1867 spiritum
3156 1795 3321 1848 animi
3366 1793 3541 1848 oculis

314 1893 410 1929 πον
438 1880 549 1941 τοῖς
573 1879 671 1948 τῆς
698 1879 935 1943 διανοίας
968 1880 1129 1933 αὐτοῦ
1157 1881 1417 1951 ὄμμασιν.

383 1971 448 2021 Oi
479 1969 645 2036 φίλοι
669 1986 788 2039 μου
823 1971 921 2022 καὶ
968 1973 1022 2023 οἱ
1063 1972 1331 2038 πλησίον
1355 1989 1473 2040 μου
1503 1970 1573 2035 ἐξ
1604 1971 1878 2036 ἐναντίας

306 2075 421 2125 μου
448 2056 711 2126 ἤγγισαν
736 2059 831 2111 καὶ
859 2059 1147 2127 ἔστησαν.
1197 2061 1282 2130 ξΕν
1314 2060 1391 2129 τῷ
1422 2059 1753 2131 πεπληγέναι
1788 2075 1877 2128 με,

314 2149 495 2217 φησὶν,
520 2146 856 2217 ἀντέστησάν
892 2163 999 2215 μοι.
1028 2146 1210 2200 Ταῦτα
1228 2147 1283 2198 δὲ
1313 2146 1457 2215 λέγει
1482 2145 1570 2198 διὰ
1593 2147 1682 2199 τὸν
1699 2146 1895 2198 Ἀϐεσέ

314 2237 502 2306 σαλὼμ
528 2237 623 2289 καὶ
647 2236 738 2288 τὸν
777 2234 1074 2304 Ἀχιτόφελ.
1120 2236 1228 2290 Kal
1270 2238 1324 2288 oi
1352 2234 1595 2304 ἔγγιστά
1620 2232 1737 2304 μοι)
1763 2234 1880 2288 ἀπὸ

306 2330 603 2399 μακρόθεν
631 2327 922 2393 ἔστησαν.
975 2327 1035 2378 Oi
1080 2327 1186 2395 γὰρ
1217 2325 1706 2396 συνυπουργοῦντες
1736 2325 1882 2396 αὐτῷ

313 2421 530 2487 ἄγγελοι
563 2417 918 2487 ἐγκατέλιπον
950 2417 1109 2470 αὑτὸν
1132 2417 1219 2471 διὰ
1254 2419 1351 2489 τὴν
1385 2418 1676 2488 ἁμαρτίαν.
1732 2418 1883 2487 Τάχα

312 2510 418 2581 γὰρ
444 2509 542 2561 καὶ
573 2510 629 2561 αἱ
681 2508 937 2579 δυνάμεις
967 2510 1022 2560 αἱ
1056 2508 1206 2576 ἅγιαι
1251 2508 1623 2579 ὑποχωροῦσιν
1655 2509 1713 2559 ὲν
1759 2525 1882 2560 και-

318 2598 393 2670 ρῷ
412 2597 722 2669 πειρασμοῦ
745 2598 880 2669 πρὸς
895 2598 1118 2669 δοκιμὴν
1141 2599 1234 2652 τοῦ
1259 2597 1671 2670 πειραζομένου,
1694 2599 1727 2673 ἢ
1748 2599 1884 2668 πρὸς

313 2688 548 2742 κύλασιν.

379 2778 489 2832 Καὶ
521 2775 888 2839 ἐξεϐιάζοντο
933 2779 986 2829 οἱ
1018 2774 1328 2841 ζητοῦντες
1353 2774 1466 2842 τὴν
1492 2774 1702 2843 ψυχήν
1741 2791 1880 2842 μου.

316 2869 576 2932 Εἰκότως,
607 2868 715 2920 τῶν
745 2866 993 2934 ἀγγέλων
1024 2865 1427 2919 καταλιπόντων
1453 2865 1634 2927 αὐτὸν,
1660 2864 1885 2934 σφοδρό-

314 2976 468 3030 τερον
496 2961 546 3012 οξ
574 2958 823 3028 δαίμονες
869 2955 1196 3009 ἐπετίθεντο.
1255 2956 1361 3008 Kal
1387 2959 1439 3008 οἱ
1467 2953 1775 3019 ζητοῦντες
1814 2953 1885 3005 τὰ

316 3048 468 3103 κακὰ
487 3066 591 3118 μοι
607 3090 621 3112 ,
645 3047 959 3113 ἐλάλησαν
980 3046 1397 3114 ματαιότητας.
1436 3043 1705 3107 Ἐλάλουν,
1730 3043 1880 3112 φησὶ,

318 3140 450 3210 πρὸς
480 3140 727 3200 ἑαυτοὺς,
758 3136 1048 3205 ἐπιϐουλήν
1088 3124 1586 3206 μοι’σκευὰζοντες.

392 3227 536 3298 Ἐγὼ
561 3228 631 3281 δὲ
661 3227 803 3281 ὡσεὶ
846 3227 1043 3294 κωφὸς
1076 3228 1187 3279 οὐκ
1213 3224 1441 3293 ἢκουον
1463 3264 1478 3288 ,
1519 3224 1703 3277 καὶτὰ
1735 3222 1881 3292 ἑξῆς.

318 3318 501 3372 Ταῦτα
522 3358 539 3382 ,
573 3317 769 3387 φησὶν,
799 3316 1099 3382 λαλούντων
1129 3315 1306 3368 αὐτῶν
1324 3354 1338 3378 ,
1365 3314 1484 3366 οὐδὲ
1513 3313 1729 3366 ἀκούειν
1774 3314 1886 3366 ἐδό-

315 3424 460 3475 νουν,
491 3406 615 3459 οὐδὲ
647 3405 825 3458 λαλεῖν
852 3406 969 3475 τῆς,
998 3404 1307 3476 παρρησίας
1338 3420 1438 3474 μου
1472 3403 1560 3457 διὰ
1588 3403 1686 3473 τῆς
1717 3405 1886 3473 ἁμαρ.

318 3497 433 3560 via;
470 3496 849 3566 ἀφῃρημένης.

387 3583 518 3634 Ὀτι
545 3581 645 3634 ἐπὶ
671 3580 789 3643 σοὶ,
814 3582 1011 3649 Κύριε,
1038 3580 1272 3648 ’ἤλπισα
1302 3618 1316 3632 .
1354 3619 1367 3633 .
1400 3618 1414 3632 .
1444 3580 1533 3632 ὅτι
1559 3575 1696 3632 εἶπα
1716 3595 1731 3609 ·
1760 3579 1887 3647 Μή-

318 3685 456 3725 ποτε
477 3668 808 3739 ἑπιχαρῶσί
829 3686 930 3739 μοι
962 3673 1015 3725 οἱ
1043 3670 1245 3737 ἐχθροί
1273 3660 1413 3738 μου.
1447 3668 1567 3722 Τῶν
1595 3669 1883 3745 τοσούτων,

322 3760 470 3829 φησὶ,
504 3758 824 3829 συμϐάντων
852 3758 1058 3822 κακῶν,
1091 3758 1217 3828 μίαν
1240 3756 1346 3826 ἔχω
1378 3757 1647 3829 σωτηρίας
1676 3755 1885 3819 ἐλπίδα,

318 3847 412 3916 τὴν
439 3848 505 3898 ὲκ
531 3846 625 3899 σοῦ
654 3845 1022 3916 γενησομένην
1055 3862 1143 3913 μοι
1170 3845 1507 3916 ἐπικουρίαν.

383 3937 492 3989 Kal
529 3936 599 3991 ὲν
622 3934 703 4000 τῷ
729 3935 1101 4002 σαλευθῆναι
1132 3935 1321 4001 πόδας
1350 3953 1467 4003 μου
1497 3935 1588 3987 ἐπ’
1616 3934 1719 4002 ἐμὲ
1754 3932 1885 4000 ἐμε-

319 4027 875 4095 ταλοῤῥημόνησαν.
908 4026 1066 4093 Μέγα
1086 4066 1100 4089 ,
1132 4027 1296 4095 φησὶ,
1327 4026 1525 4077 δέδωκε
1558 4026 1770 4094 φρονεῖν
1800 4024 1890 4075 αύ-

318 4116 441 4178 τοῦς
464 4117 586 4168 κατ’
604 4115 739 4186 ἐμοῦ
763 4118 797 4186 η
822 4116 1066 4186 ἁμαρτία
1090 4114 1401 4185 σαλεύσασά.
1422 4131 1522 4185 μου
1544 4114 1671 4176 τοὺς
1700 4113 1891 4175 πόδας..

385 4314 516 4366 Ὅτι
566 4312 684 4381 ἐγὼ
730 4315 818 4380 εὶς
843 4312 1138 4382 μάστιγας
1193 4311 1455 4383 ἕτοιμος,
1489 4310 1586 4363 καὶ
1614 4307 1891 4378 ἀλγηδών

1979 1894 2397 1947 illucescentem.

2050 1984 2136 2038 12.
2166 1983 2339 2035 Amici
2388 1981 2489 2035 mei
2528 1991 2577 2034 et
2618 1980 2847 2049 proximi
2885 1978 2985 2030 mei
3019 1976 3291 2029 adversum
3331 1987 3411 2025 me
3446 1986 3542 2039 ap-

1976 2072 2453 2140 propinquaveruut
2499 2077 2547 2122 et
2584 2076 2855 2122 steterunt.
2915 2065 3050 2118 Cum
3100 2064 3273 2132 plagis
3316 2059 3542 2114 aﬂ'ecttta

1978 2179 2154 2219 essem
2177 2201 2192 2228 ,
2227 2162 2437 2231 inquit,
2464 2161 2795 2215 obstiterunt
2842 2159 2998 2213 mihi.
3031 2157 3154 2211 Haec
3200 2166 3379 2208 autem
3412 2151 3543 2222 dicit

1980 2258 2197 2318 propter
2240 2249 2497 2302 Absalom
2540 2256 2595 2301 et
2638 2247 2979 2315 Acbitophel.
3032 2245 3101 2297 Et
3149 2245 3238 2315 qui
3266 2243 3426 2311 juxta
3465 2256 3544 2294 me

1980 2347 2126 2389 erant
2156 2336 2221 2388 de
2251 2334 2402 2403 longe
2432 2334 2710 2387 steterunt.
2760 2331 2949 2401 Angeli
2981 2331 3125 2385 enim
3174 2330 3266 2398 qui
3311 2328 3544 2381 auxilia-

1981 2426 2177 2487 bantur
2204 2423 2303 2488 illi,
2340 2423 2542 2493 peccati
2573 2437 2737 2476 causa
2763 2421 3169 2489 dereliquerunt
3208 2419 3379 2470 illum.
3412 2415 3546 2469 For-

1981 2515 2144 2568 tassis
2171 2521 2225 2566 et
2258 2522 2459 2567 sanctae
2491 2512 2721 2565 virtutes
2762 2509 3020 2563 secedunt
3062 2507 3114 2560 in
3148 2515 3389 2574 tempore
3422 2512 3542 2557 ten-

1983 2603 2206 2658 talionis
2248 2603 2314 2656 ad
2347 2600 2537 2655 tentati
2572 2599 2949 2668 probationem
2978 2605 3033 2650 et
3075 2595 3504 2665 experimentum
3526 2633 3542 2657 ,

1982 2702 2077 2747 aut
2104 2691 2352 2747 fortassis
2375 2690 2441 2744 ad
2466 2690 2825 2758 punitionem.

2053 2783 2141 2837 13.
2199 2780 2269 2833 Et
2318 2782 2421 2833 vim
2473 2779 2735 2847 faciebant
2797 2778 2888 2847 qui
2951 2775 3250 2845 quarebant
3311 2773 3546 2826 animam

1983 2888 2171 2926 meam.
2212 2867 2724 2937 Derelinquentibus
2761 2866 2938 2936 ipsum
2969 2864 3175 2934 angelis
3221 2864 3349 2916 hinc
3385 2861 3550 2915 velte-

1986 2963 2218 3016 mentitis
2266 2960 2546 3013 irruebant
2596 2957 2892 3011 daemones.
2946 2954 3018 3008 Et
3067 2955 3156 3022 qui
3214 2949 3547 3021 inquirebant

1986 3051 2125 3103 mala
2172 3049 2300 3101 mihi
2347 3047 2511 3100 locuti
2558 3053 2681 3098 sunt
2732 3045 3007 3097 vanitates.
3044 3041 3230 3095 Mutuo
3274 3041 3548 3108 colloque-

1985 3142 2201 3205 bantur,
2234 3137 2430 3206 inquit,
2466 3143 2719 3205 parantes
2749 3132 2975 3187 insidias
3010 3131 3163 3183 mihi.

2056 3227 2141 3280 14.
2188 3225 2299 3295 Ego
2340 3233 2516 3277 autem
2562 3232 2813 3292 tanquam
2859 3221 3050 3273 surdus
3097 3235 3196 3271 non
3242 3217 3544 3280 audiebam,

1984 3326 2088 3372 etc.
2118 3316 2251 3369 Dum
2281 3317 2424 3378 haec,
2472 3312 2681 3383 inquit,
2714 3311 2792 3363 illi
2823 3311 3200 3378 loquerentur,
3230 3322 3330 3360 nec
3359 3306 3551 3360 audire

1985 3424 2084 3463 nec
2106 3407 2253 3477 loqui
2279 3405 2521 3470 videbar,
2543 3404 2719 3457 ablata
2747 3401 2879 3455 mihi
2907 3416 2999 3469 per
3022 3407 3301 3477 peccatum
3328 3395 3546 3451 ﬁducia.

2057 3579 2143 3633 16.
2178 3578 2437 3643 Quoniam
2464 3577 2517 3628 in
2553 3583 2621 3637 te,
2652 3573 2871 3627 Domine
2895 3613 2908 3634 ,
2943 3571 3213 3639 speravi...
3246 3570 3370 3640 quia
3396 3568 3555 3624 dixi:

1990 3668 2072 3722 Ne
2098 3670 2309 3738 quando
2347 3668 2765 3736 superguudeant
2801 3663 2929 3715 mihi
2961 3662 3156 3715 inimici
3186 3662 3304 3713 mei.
3339 3657 3549 3722 Tantis,

1989 3758 2185 3827 inquit,
2222 3738 2589 3811 accidentibus
2620 3753 2809 3816 malis,
2843 3767 2950 3804 una
2983 3759 3233 3819 superest
3263 3749 3396 3802 mihi
3425 3762 3557 3818 spes

1988 3849 2205 3910 salutis,
2238 3846 2501 3900 auxilium
2530 3845 2736 3900 scilicet
2764 3859 2928 3910 unum
2967 3842 3100 3894 mihi
3134 3839 3453 3893 aﬂuturum.

2059 3937 2146 3990 17.
2175 3936 2242 3989 Et
2274 3937 2398 3989 dum
2428 3946 2814 3988 commoventur
2840 3904 2991 4001 pbdes
3018 3935 3115 3984 mei
3148 3946 3302 3998 super
3332 3944 3412 3981 me
3435 3944 3552 3981 ma-

1991 4044 2094 4097 gna
2125 4027 2289 4080 locuti
2318 4034 2460 4079 sunt.
2502 4025 2791 4079 Peccatum
2818 4063 2833 4087 ,
2865 4022 3067 4090 inquit,
3097 4034 3276 4074 meum
3309 4010 3557 4074 commo-

1990 4133 2125 4172 vens
2158 4118 2324 4186 pedes
2356 4131 2508 4171 meos
2551 4116 2605 4169 in
2637 4129 2801 4170 causa
2838 4113 2937 4167 fuit
2974 4121 3034 4166 ut
3080 4113 3217 4166 altos
3262 4112 3552 4166 adversum

1991 4222 2078 4261 me
2103 4206 2328 4274 spiritus
2357 4212 2718 4261 assumerent.

2063 4292 2155 4351 18.
2183 4296 2448 4361 Quoniam
2479 4312 2571 4364 ego
2620 4297 2672 4348 in
2707 4294 2920 4364 ﬂagella
2963 4303 3183 4363 paratus
3216 4308 3352 4357 sum,
3380 4301 3428 4346 et
3457 4291 3554 4350 do-

318 4419 429 4472 μου
457 4400 714 4454 ἐνώπιόν
731 4403 849 4470 μού
879 4402 1009 4454 ἐστι
1037 4402 1377 4465 διαπαντός.
1421 4399 1617 4461 Ἡδέως
1643 4396 1884 4468 δέχεσθαι

1998 4387 2079 4440 tor
2101 4404 2243 4441 meus
2278 4387 2331 4439 in
2372 4397 2648 4454 conspectu
2678 4401 2788 4437 meo
2813 4401 3030 4453 semper.
3063 4383 3316 4437 Libenter
3341 4398 3399 4438 se
3426 4397 3558 4445 cor-.

321 4494 414 4565 τὴν
445 4491 869 4563 ὲπιστρεπτικὴν
895 4492 1138 4544 παιδείαν
1164 4490 1345 4561 φησίν.

391 4670 519 4722 Ὀτι
555 4670 672 4735 τὴν
696 4668 945 4736 ἀνομίαν
986 4684 1105 4736 μου
1149 4665 1263 4735 ἐγὼ
1296 4662 1620 4733 ἀναγγελῶ,
1650 4662 1747 4716 καὶ
1787 4680 1893 4735 με·

317 4758 586 4827 ριμνήσω
633 4758 786 4825 ὑπὲρ
834 4756 942 4825 τῆς
997 4758 1283 4825 ἁμαρτίας
1319 4773 1455 4824 μου.
1505 4754 1602 4807 Διὰ
1642 4753 1704 4823 δὴ
1735 4753 1893 4806 τοῦτο

260 4902 265 4908 .
325 4851 625 4920 κατήγορος
664 4849 903 4918 ἐμαυτοῦ
936 4849 1175 4919 γίνομαι,
1198 4849 1292 4901 καὶ
1312 4848 1490 4900 πᾶσαν
1517 4846 1770 4917 φροντίδα
1795 4846 1894 4917 τῆς

329 4941 531 5008 ὑγιείας
562 4942 883 5010 ποιήσομαι.

393 5034 457 5083 οε
482 5029 551 5083 δὲ
568 5018 773 5097 ἐχθροί
800 5048 921 5098 μου
947 5027 1105 5091 ζῶσι,
1132 5029 1231 5085 καὶ
1259 5028 1710 5101 κεκραταίωνται
1743 5027 1892 5095 ὑπὲρ

327 5121 440 5189 ἐμέ.
472 5123 686 5181 Καίτοι,
711 5121 868 5190 φησὶ,
904 5122 976 5191 μὴ
1000 5121 1409 5190 ἀνεπαισθήτως
1430 5119 1567 5190 ἔχων
1593 5120 1691 5189 τῆς
1717 5121 1894 5190 ἁμαρ-

328 5210 458 5273 τίας,
480 5211 615 5264 ἀλλὰ
639 5210 920 5282 μεριμνῶν
947 5212 1075 5281 περὶ
1098 5210 1270 5280 αὐτῆς
1300 5212 1609 5274 διαπαντὸς,
1635 5211 1746 5281 ὁρῶ
1767 5210 1893 5271 τοὺς

330 5300 541 5372 ἐχθρούς
576 5318 681 5373 μου
708 5301 1189 5370 κραταιουμένους.
1227 5297 1382 5355 υῦτοι
1404 5302 1459 5355 δὲ
1482 5304 1529 5355 oi
1557 5301 1759 5372 ἐχθροὶ,
1792 5318 1895 5371 μη-

326 5388 406 5447 δὲν
436 5392 615 5448 ἄδικον
657 5393 794 5462 παρ’
823 5390 957 5459 ἐμοῦ
988 5391 1315 5454 πεπονθότες
1334 5431 1348 5454 ,
1379 5391 1755 5454 διαϐάλλοντές
1790 5408 1891 5465 μου

324 5483 413 5555 τὴν
429 5483 742 5556 ἁμαρτίαν,
782 5481 878 5535 καὶ
926 5482 1197 5553 πρόφασιν
1239 5482 1407 5554 αὐτὴν
1453 5482 1759 5552 ποιούμενοι
1800 5482 1893 5536 τοῦ

383 5667 426 5703 ’⁸
445 5667 573 5727 Luc.
616 5684 767 5733 xxii,
802 5667 888 5722 15.

1995 4478 2294 4545 reptionem
2321 4476 2666 4531 conversioni
2689 4490 2801 4530 sum
2824 4474 3285 4529 accommodatam
3305 4471 3565 4541 excipere

1990 4566 2274 4619 testiﬁcatu
2284 4582 2328 4618 r.
3452 4548 3455 4549 ν

2068 4654 2155 4707 19.
2208 4653 2472 4719 Quoniam
2519 4654 2852 4723 iniquitatem
2892 4667 3061 4705 meam
3100 4650 3454 4714 annuntiabo,
3504 4657 3565 4703 et>

1992 4746 2234 4814 cogitabo
2269 4761 2365 4814 pro
2413 4756 2624 4813 peccato
2656 4761 2790 4799 meo.
2833 4742 3123 4812 Propterea
3163 4753 3216 4796 et
3255 4743 3356 4796 mei
3390 4755 3554 4796 accu-

1995 4842 2146 4888 sator
2191 4850 2352 4900 sum,
2385 4845 2442 4890 et
2483 4835 2690 4889 trullam
2738 4848 2848 4887 non
2897 4832 3090 4887 salutis
3136 4831 3559 4887 sollicitudinem

1994 4940 2199 4996 geram.

2061 5015 2150 5070 20.
2195 5013 2411 5071 Inimici
2443 5023 2618 5069 autem
2649 5015 2750 5068 mei
2782 5014 2986 5080 vivunt,
3016 5022 3067 5067 et
3109 5011 3408 5082 conﬁrmati
3431 5018 3559 5063 sunt

1995 5123 2151 5176 super
2180 5122 2281 5160 me.
2326 5105 2463 5170 Etsi,
2490 5106 2695 5173 inquit,
2723 5121 2829 5159 non
2858 5106 2975 5159 sine
3005 5120 3165 5160 sensu
3192 5101 3395 5173 peccati
3426 5101 3555 5163 sim,

1994 5197 2089 5251 sed
2129 5197 2195 5250 de
2240 5197 2360 5265 ipso
2411 5211 2626 5265 semper
2676 5195 2874 5249 anxius
2916 5196 3051 5259 sim,
3104 5195 3258 5247 video
3302 5191 3553 5244 inimicos

1997 5302 2152 5341 meos
2181 5286 2328 5340 vires
2353 5287 2685 5355 sumpsisse,
2712 5288 2804 5355 qui
2836 5302 2959 5340 cum
2992 5284 3125 5338 nihil
3157 5281 3369 5349 injuria:
3405 5297 3435 5334 a
3467 5294 3555 5334 me

1994 5376 2142 5445 passi
2169 5376 2298 5441 sint,
2319 5385 2597 5445 peccatum
2621 5375 3013 5443 exprobrantes
3044 5384 3246 5433 meum,
3267 5368 3555 5436 ipsumque

1993 5483 2089 5524 ceu
2129 5467 2473 5523 occasionem
2505 5466 2629 5521 belli
2668 5471 2856 5519 contra
2888 5475 2975 5515 me
3017 5457 3236 5527 gerendi
3281 5456 3559 5526 ιρεείρὶριι-
