3976 6220
389 344 494 400 187
1065 356 1069 361 ‘
1229 342 1285 397 S.
1322 340 1693 397 ATHANASLI
1733 340 1883 397 OPP.
1926 343 2105 399 PARS
2141 343 2228 399 111.
2267 374 2339 386 -—
2374 345 2788 403 EXEGETICA.
3516 344 3623 402 188

385 465 490 515 tes,
524 467 609 507 me
631 451 1115 522 persequebantur,
1144 468 1203 507 se
1236 454 1361 523 jure
1391 470 1454 507 ac
1482 464 1674 509 merito
1703 454 1752 508 id
1789 469 1948 523 agere

2059 456 2173 508 κατ’
2207 455 2340 525 ἐμοῦ
2375 457 2634 528 πολέμου,
2676 456 3001 511 κατεδίωκόν
3032 472 3122 526 με,
3162 455 3347 510 δίκαια
3376 455 3626 526 λέγοντες

381 544 712 614 iactitantes.
753 544 986 613 Ideoque
1017 544 1191 600 factus
1217 546 1358 613 apud
1405 546 1527 599 illos
1560 561 1658 600 ceu
1701 554 1948 600 mortuus

2059 549 2239 599 ποιεῖν.
2261 547 2558 617 Τοιγαροῦν
2577 548 2672 602 καὶ
2689 550 2983 618 γεγένημαι
3004 550 3133 617 παρ’
3150 547 3330 611 αὐτοῖς
3346 548 3421 611 ὡς
3435 548 3626 620 νεκρὸς

384 637 764 691 aliominabilis
812 655 827 691 :
872 646 1198 706 quapmpter
1242 638 1471 691 obsecro
1520 645 1571 689 te
1619 635 1947 698 Dominum,

2059 638 2466 709 ἐϐδελυγμένος’
2502 640 2581 693 διὸ
2602 640 2665 710 δὴ
2708 641 2801 694 καὶ
2830 640 3041 709 δέομαι,
3082 639 3142 692 σὲ
3178 639 3269 691 τὸν
3302 639 3505 710 Κύριον
3549 641 3624 710 μὴ

383 743 452 780 ne
488 728 738 783 discedas
779 744 810 781 a
857 745 978 793 me;
1018 729 1112 783 sed
1164 744 1420 798 preperes
1464 728 1643 798 potius
1680 727 1745 781 ad
1792 727 1948 779 auxi-

2059 730 2351 799 ἀποστῆναι
2375 730 2469 783 ἀπ’
2499 731 2630 800 ἐμοῦ
2650 747 2664 761 ·
2692 731 2921 785 σπεῦσαι
2951 731 3006 784 δὲ
3044 730 3242 802 μᾶλλον
3268 732 3346 793 εἰς
3376 729 3475 801 τὴν
3506 729 3627 800 βοή-

385 819 516 874 lium
548 821 705 876 nobis
734 820 1037 875 ferendum.

2059 816 2200 871 θειαν
2231 817 2329 887 τὴν
2361 820 2657 889 ἡμετέραν.

451 911 542 966 2|.
574 910 657 964 Ne
688 912 1015 982 derelinquas
1043 928 1151 975 me,
1191 910 1413 963 Domine
1466 908 1605 963 Dens
1664 925 1846 973 meus,
1887 918 1992 962 etc.
2032 907 2221 961 Daniel
2260 908 2582 962 Barbarus‘:
2629 909 2865 964 Possunt
2928 909 3176 964 homines
3225 924 3363 977 quos
3415 918 3627 962 natura:

384 1002 565 1071 inopia
610 1002 676 1055 ad
724 1002 889 1057 Deum
938 1003 1258 1071 placandum
1319 1002 1579 1070 impellit',
1632 1002 1747 1056 lucc
1786 1018 1883 1071 pro
1930 1004 2124 1072 seipsis
2162 1018 2363 1057 orare:
2399 1002 2491 1056 sed
2559 1001 2811 1057 Christus
2850 1002 2895 1056 si
2958 1016 3140 1055 secum
3183 1000 3394 1055 Patrem
3428 1001 3622 1064 habet,

382 1095 609 1147 salutem
648 1097 928 1149 hominum
968 1103 1225 1160 tanquam
1257 1094 1529 1162 propriam
1564 1094 1729 1160 petit,
1764 1094 1856 1161 qui
1916 1104 1968 1148 et
2028 1096 2139 1159 ipse
2173 1109 2391 1163 quoque
2434 1094 2748 1163 petitionem
2818 1094 2957 1149 hanc
3007 1091 3306 1147 secundum
3348 1092 3619 1146 divinitati

382 1187 729 1254 co:ijuuctam
795 1189 1184 1239 humanitatem
1227 1194 1482 1254 tanquam
1528 1201 1682 1239 suam
1733 1186 1835 1239 sibi
1895 1187 2102 1240 tribuit.
2153 1185 2266 1240 Hoc
2302 1200 2431 1239 vero
2469 1184 2572 1238 fuit
2608 1184 2658 1238 id
2702 1184 2845 1253 quod
2906 1184 3055 1238 carni
3117 1196 3504 1252 compactum,
3567 1194 3625 1237 et

379 1278 663 1333 aﬂcctibus
689 1277 986 1330 obnoxium
1019 1274 1154 1339 fuit,
1189 1291 1311 1329 cum
1352 1275 1557 1344 alioqui
1600 1275 1941 1328 divinitatem
2003 1288 2189 1331 serum
2242 1274 2471 1328 haberet
2504 1289 2625 1343 quae
2672 1272 2989 1342 petitionem
3017 1271 3163 1326 illius
3194 1281 3367 1326 ratam
3399 1272 3622 1331 faceret.

382 1395 435 1446 1.
466 1386 812 1461 ,ΡεΑιΜυε
853 1383 1188 1440 XXXVIII.
1253 1384 1319 1438 In
1358 1387 1535 1454 finem,
1578 1385 1679 1454 ipsi
1713 1383 1948 1439 Iditltum

2150 1385 2462 1459 ΨΑΛΜΟΣ
2498 1383 2628 1439 ΛΗ’.
2681 1386 2785 1450 Εἰς
2821 1383 2888 1438 τὸ
2932 1383 3126 1451 τέλος,
3166 1384 3409 1456 valeam;
3445 1386 3567 1456 ᾠδὴ

903 1477 1182 1533 Canticum
1230 1476 1423 1530 David.

2684 1475 2760 1541 τῷ
2792 1476 2990 1530 Δαυΐδ.

579 1628 583 1632 _
966 1568 1369 1635 Argumentum.

383 1660 548 1715 Sacer
567 1668 757 1714 cantor
786 1674 909 1713 cum
941 1666 1085 1711 esset
1118 1655 1351 1709 ldithum
1381 1665 1435 1710 et
1458 1655 1769 1725 prophetica
1796 1670 1955 1710 coro-

2686 1567 3006 1621 Ὑπόθεσιρ.

2704 1588 2951 1621 ιπουεσι
2994 1607 3006 1619 .

2064 1656 2407 1728 Ἱεροψάλτης
2436 1655 2696 1728 ὑπάρχων
2741 1588 2992 1726 Ἰδιθοὺμῖ
3031 1657 3124 1709 καὶ
3164 1659 3475 1729 προφητιλῇ
3522 1660 3631 1729 χά·-

452 1758 611 1803 natus
635 1748 829 1818 gratia,
863 1748 1137 1801 canticum
1176 1745 1343 1801 refert
1366 1747 1431 1799 ad
1465 1761 1753 1815 personam
1783 1746 1948 1815 ipsius

2129 1764 2234 1818 ριτι
2275 1746 2724 1815 κατεστεμμένος,
2758 1746 2899 1816 (ψὴν
2932 1745 3308 1811 ἀναϐάλλεται,
3341 1764 3630 1820 προσωπο-

452 1838 641 1906 David,
671 1847 1069 1907 repraesentans
1105 1838 1255 1892 illum
1291 1838 1636 1892 conlitentem
1670 1846 1952 1907 peccatum

450 1946 631 1985 suum.

449 2025 505 2077 2.
550 2023 678 2075 Βίατὲ
701 2021 1044 2078 :Cuslodiam
1064 2023 1174 2076 vias
1209 2039 1370 2077 meas.
1406 2020 1636 2075 Evidcns
1653 2022 1956 2076 conlirmati

378 2116 563 2171 cordis
596 2123 997 2184 argumentum.
1041 2113 1203 2167 Posui
1235 2115 1318 2166 ori
1348 2130 1459 2166 meo
1490 2115 1809 2178 custodiant,
1836 2130 1956 2167 cum

379 2206 681 2259 consisteret
726 2213 967 2273 peccator
1004 2205 1276 2257 adversum
1330 2204 1730 2261 me.-Astantes
1773 2215 1951 2259 autem

380 2296 486 2364 ipsi
544 2295 855 2365 spirituales
906 2295 1144 2360 inimici,
1217 2305 1497 2364 peccatum
1550 2295 1956 2366 exprobrabant

380 2389 479 2444 iiii.

451 2478 503 2531 5.
549 2477 822 2542 Obmutui,
858 2487 907 2531 et
933 2478 1243 2531 humiliatus
1277 2495 1415 2541 sum,
1470 2489 1521 2532 et
1558 2478 1683 2532 silui
1718 2495 1749 2531 a
1783 2478 1951 2532 bonis.

377 2569 675 2633 Conviciis,
695 2571 791 2634 ait,
810 2570 1087 2637 impetitus
1108 2584 1214 2623 non
1239 2571 1487 2624 convicia
1509 2570 1820 2635 reddebam,
1839 2587 1956 2624 cer-

378 2673 515 2712 nens
560 2673 646 2712 me
687 2659 845 2713 bonis
879 2659 1166 2713 excidisse.
1212 2659 1278 2712 Et
1313 2661 1468 2714 dolor
1493 2677 1635 2715 meus
1673 2671 1954 2716 renovatus

375 2756 473 2799 est.
523 2745 630 2801 Pro
660 2748 1015 2814 responsione
1051 2748 1114 2801 ad
1162 2764 1256 2803 eos
1283 2750 1377 2817 qui
1421 2765 1507 2803 me
1532 2750 1796 2804 conviciis
1826 2766 1957 2805 one-

381 2836 594 2898 rabaut,
636 2846 853 2904 peccata
881 2838 1014 2889 mihi
1039 2838 1141 2906 ipsi
1167 2840 1487 2892 revocabam
1524 2841 1578 2893 in
1613 2841 1952 2894 memoriam.

380 2924 638 2980 Memoria
685 2935 865 2981 autem
902 2928 1105 2996 peccati
1150 2929 1309 2998 quasi
1346 2929 1488 2999 ignis
1529 2930 1583 2982 in
1631 2930 1793 2985 corde
1836 2946 1955 2986 meo

378 3031 515 3071 erat.
624 3054 633 3067 ι

2126 1840 2305 1893 ποιίαν
2334 1839 2599 1909 εἰσφέρων
2628 1836 2791 1891 αὐτοῦ
2820 1838 2911 1891 τοῦ
2941 1837 3107 1891 Δαυῒδ
3134 1837 3625 1911 ἐξομολογουμένου

2125 1931 2217 1984 ἐπὶ
2269 1932 2335 2000 τῇ
2381 1929 2647 2000 ἁμαρτίᾳ.

2120 2017 2293 2073 Ebur
2325 2018 2576 2083 Φυλάξω
2595 2018 2701 2083 τὰς
2735 2017 2914 2082 ὁδούς
2939 2034 3079 2087 μου.
3120 2018 3416 2083 Ἀπόδειξις
3448 2020 3627 2090 σαφὴς

2056 2109 2349 2181 ἱδρυμένης
2388 2108 2633 2179 καρδίας.
2679 2108 2929 2175 Ἐθέμην
2958 2104 3038 2172 τῷ
3076 2108 3327 2177 στόματι
3351 2126 3470 2178 μου
3514 2127 3631 2179 φυ-

2052 2200 2253 2268 λακὴν
2274 2202 2342 2254 ἐν
2371 2198 2449 2265 τῷ
2475 2199 2777 2266 συστῆναι
2813 2198 2921 2251 τὸν
2952 2199 3306 2267 ἁμαρτωλὸν
3347 2202 3631 2255 ἐναντίον

2048 2309 2188 2360 μου.
2216 2291 2619 2362 Παριστάμενοι
2641 2290 2749 2361 γὰρ
2779 2287 2927 2358 αὐτῷ
2950 2290 2998 2341 οἱ
3031 2292 3212 2360 νοητοὶ
3244 2290 3449 2362 ἐχθροὶ,
3467 2291 3627 2344 ὠνεί-

2052 2381 2196 2447 διζον
2218 2380 2380 2434 αὑτοῦ
2400 2381 2497 2451 τὴν
2528 2380 2815 2451 ἁμαρτίαν.

2138 2469 2509 2539 Ἐκωφώθηικ
2540 2469 2636 2523 καὶ
2667 2468 3090 2537 ἐταπεινώθην,
3129 2468 3225 2522 καὶ
3263 2468 3520 2538 ἐσίγησα
3554 2470 3626 2535 ἐξ

2055 2560 2310 2631 ἀγαθῶν.
2358 2559 2794 2632 Λοιδορούμενος,
2822 2561 3007 2629 φησιν,
3046 2560 3149 2612 οὐκ
3199 2559 3621 2631 ἀντελοιδόρουν,

2058 2652 2282 2706 συνιδὼν
2304 2653 2401 2722 τὴν
2430 2652 2701 2705 ἔκπτωσίν
2750 2668 2852 2722 μου
2876 2650 2984 2704 τῶν
3020 2650 3261 2720 ἀγαθῶν.
3289 2652 3398 2706 Kal
3422 2651 3486 2705 τὸ
3511 2650 3625 2705 ἆλ-

2055 2742 2213 2813 γημά
2234 2761 2352 2813 μου
2376 2743 2786 2808 ἁνεκαινίσθη.
2822 2740 2966 2794 ’Δντὶ
3003 2740 3096 2794 τοῦ
3132 2738 3308 2809 λέγειν
3341 2739 3475 2811 πρὸς
3500 2741 3627 2803 τοὺς

2058 2835 2450 2905 λοιδοροῦντας,
2478 2834 2578 2904 τῆς
2628 2832 2900 2903 ἁμαρτίας
2946 2831 3352 2901 ἀνεμίμνησκον
3375 2830 3620 2904 ἐμαυτῷ.

2068 2926 2134 2978 Ἠ
2166 2925 2223 2978 δὲ
2259 2926 2446 2994 μνήμη
2474 2923 2573 2993 τῆς
2604 2923 2876 2995 ἁμαρτιας
2916 2917 3005 2977 οἷα
3050 2922 3160 2994 πῦρ
3211 2923 3337 2994 περὶ
3366 2922 3462 2994 τὴν
3489 2939 3631 2994 καρς

2053 3014 2172 3067 δίαν
2198 3032 2296 3083 μου
2319 3014 2550 3082 ἐγένετο.

448 3107 500 3160 4.
542 3104 610 3159 Et
653 3108 708 3160 in
746 3107 1085 3162 meditatione
1134 3124 1249 3162 mea
1286 3109 1587 3186 exardgsret
1616 3111 1769 3180 ignis.
1813 3086 1947 3165 Dum

2123 3104 2232 3159 Kal
2259 3105 2329 3157 ἐν
2361 3103 2438 3167 τῇ
2474 3102 2697 3173 μελέτῃ
2723 3121 2842 3173 μου
2873 3092 3315 3170 ἐκκαυθήσεται
3346 3102 3487 3171 πῦρ.
3535 3103 3623 3157 Ἑν

379 3198 696 3251 memoriam
730 3200 937 3267 peccati
962 3200 1305 3261 revocabam,
1330 3199 1706 3255 inﬂammabar
1734 3202 1878 3272 igne.

438 3372 493 3426 5.
512 3369 745 3425 Locutus
784 3389 899 3425 sunt
924 3374 979 3425 in
1003 3373 1185 3442 lingua
1205 3390 1340 3438 mea,
1362 3383 1465 3428 etc.
1489 3373 1646 3439 Illud,
1667 3376 1721 3429 in
1744 3376 1947 3447 lingua,

377 3462 534 3530 quasi
570 3462 741 3528 dicas,
777 3462 1013 3518 demissa
1040 3480 1167 3519 voce
1195 3474 1249 3518 (ιι
1277 3466 1433 3534 quasi
1470 3467 1826 3533 susurrando,
1853 3484 1952 3522 nec

376 3551 445 3605 ad
485 3553 698 3620 .multos
745 3567 1052 3608 sermonem
1105 3554 1405 3623 proferens.
1446 3556 1717 3611 Caeterum
1767 3573 1950 3613 sermo

375 3641 468 3694 ille
497 3643 849 3711 interrogatio
870 3653 989 3697 erat
1017 3645 1084 3699 de
1104 3645 1297 3700 diebus
1327 3648 1419 3716 qui
1453 3648 1553 3717 ipsi
1584 3660 1948 3718 superessent.

377 3730 768 3786 Sciscitabatur
797 3743 999 3793 autem.
1027 3736 1167 3791 scire
1197 3746 1489 3807 peroptans
1524 3756 1653 3793 num
1682 3741 1781 3810 ipsi
1816 3741 1951 3796 resi-

375 3822 542 3877 duum
573 3827 694 3877 vitae
730 3833 942 3893 tempus
972 3825 1113 3880 foret
1135 3827 1200 3881 ad
1243 3830 1618 3896 pmnirentiam
1655 3834 1809 3885 satis.

447 3913 501 3966 6.
537 3912 671 3966 Ecce
715 3916 1092 3971 mensurabiles
1130 3921 1353 3986 posuisti
1386 3919 1497 3973 dies
1529 3937 1689 3986 meos,
1738 3930 1787 3974 et
1828 3923 1952 3975 sub-

372 4006 572 4058 stantia
599 4023 713 4060 ntea
744 4018 996 4078 tanquam
1019 4011 1244 4063 nihilum
1292 4022 1414 4064 ante
1457 4023 1526 4066 te.
1573 4011 1824 4077 Etiamsi,
1867 4014 1952 4067 in-

373 4095 512 4162 quit,
549 4096 705 4166 longa
739 4099 922 4153 adhuc
952 4099 1086 4153 mihi
1129 4101 1237 4155 vita
1266 4102 1592 4169 superforet,
1625 4105 1782 4172 quasi
1815 4105 1951 4158 nihil

378 4184 433 4235 in
460 4198 752 4253 conspectu
780 4198 873 4242 tuo
911 4190 1269 4257 reputabitur.
1307 4189 1363 4244 Si
1391 4207 1625 4260 namque
1655 4192 1801 4246 mille
1823 4193 1950 4246 anni

374 4280 500 4325 ante
550 4275 737 4328 oculos
804 4284 929 4331 tuos
981 4289 1239 4348 tanquam
1306 4281 1425 4335 dies
1454 4298 1582 4345 una,
1618 4284 1745 4351 quid
1788 4283 1951 4338 fuerit

374 4372 589 4430 tempus
632 4366 868 4420 hominis
915 4368 1113 4420 unius?
1156 4368 1208 4422 Id
1242 4385 1460 4424 rursum
1490 4374 1850 4442 Symmachus
1873 4374 1953 4427 sic

2047 3195 2124 3267 τῷ
2158 3194 2665 3265 ἀναμιμνήσκεσθαι
2714 3210 2779 3264 με
2821 3192 2916 3246 τοῦ
2971 3193 3389 3263 ἁμαρτήματος,
3435 3192 3620 3265 φησὶν,

2051 3287 2315 3356 ἐκαιόμην
2340 3285 2493 3356 πυρί.

2136 3375 2444 3443 Ἐλιὶλησα
2497 3375 2566 3429 ἐν
2625 3373 2874 3444 γλώσσῃ
2919 3390 3040 3443 μου
3063 3390 3076 3405 ο
3113 3373 3424 3442 Γνώρισόν
3469 3389 3571 3443 μοι
3603 3412 3621 3437 ,

2050 3467 2246 3535 Κύριε,
2277 3466 2344 3520 τὸ
2371 3466 2554 3534 πέρας
2577 3483 2714 3535 μου.
2753 3465 2845 3531 Τὸ,
2875 3466 2945 3518 ὲν
2977 3466 3250 3535 γλώσσῃ,
3280 3460 3390 3518 οἷον
3434 3464 3623 3537 ⁴ἡρέμα

2052 3559 2148 3612 καὶ
2175 3557 2496 3630 ψιθυρίζων,
2525 3557 2618 3610 καὶ
2651 3554 2725 3626 μὴ
2754 3557 2833 3619 εἰς
2873 3555 3099 3617 πολλοὺς
3129 3555 3374 3625 ἐκφέρων
3403 3553 3493 3607 τὸν
3534 3553 3624 3606 λό-

2053 3664 2169 3717 γον.
2215 3649 2271 3701 Ὀ
2300 3648 2356 3701 δὲ
2380 3647 2539 3716 λόγος
2561 3646 2829 3718 ἐρώτησις
2846 3642 2915 3717 ἦν
2940 3646 3069 3717 περὶ
3097 3644 3204 3699 τῶν
3236 3644 3437 3699 λοιπῶν
3486 3646 3624 3715 ἠμε-

2054 3738 2184 3810 ρῶν.
2232 3737 2446 3809 Ἥρὼτα
2511 3738 2588 3801 δέ,
2638 3738 2830 3809 μαθεῖν
2884 3738 3201 3809 βουλόμενος
3243 3740 3291 3792 el
3339 3738 3623 3811 ἐξαρκέσει

2053 3824 2201 3895 αὐτῷ
2238 3828 2317 3888 εἰς
2346 3826 2634 3896 μετάνοιαν
2665 3829 2694 3879 ὁ
2717 3827 2903 3891 λοιπὸς
2933 3827 3042 3880 τῶν
3077 3827 3299 3899 ἡμερῶν
3325 3828 3536 3899 χρόνος.

2135 3916 2290 3970 Ἰδοὺ
2314 3919 2652 3984 παλαιστὰς
2693 3918 2831 3972 ἔθου
2863 3924 2971 3985 τὰς
3008 3919 3234 3988 ἡμέρας
3258 3936 3375 3989 μου
3398 3935 3412 3949 ·
3452 3917 3551 3972 καὶ
3582 3919 3623 3986 ἠ

2050 4006 2389 4071 ὑπόστασις
2407 4023 2526 4075 μου
2575 4007 2716 4061 ὡσεὶ
2764 4007 2944 4063 οὐθὲν
2980 4007 3238 4061 ἐνώπιόν
3258 4022 3398 4061 σου.
3433 4007 3496 4059 El
3528 4010 3624 4060 καὶ

2053 4099 2133 4159 εἰς
2164 4096 2357 4167 μῆκος,
2396 4098 2549 4165 φησὶ,
2585 4098 2898 4168 παρατείνει
2924 4114 3013 4168 μοι
3044 4096 3178 4168 ζωὴ,
3210 4098 3286 4160 ὡς
3331 4096 3482 4150 οὐδὲν
3535 4098 3625 4149 ἐν·

2052 4187 2225 4241 ώπιόν
2265 4205 2357 4240 σου
2390 4186 2789 4258 λογισθήσεται.
2812 4189 2874 4241 ΕΞ
2903 4189 3011 4259 γὰρ
3039 4187 3184 4259 χίλια
3216 4188 3308 4259 ἐτη
3332 4190 3390 4241 ἐν
3420 4186 3621 4256 ὀφθαλ-

2057 4281 2177 4349 μοῖς
2206 4295 2299 4331 σου
2330 4278 2406 4341 ὡς
2438 4278 2619 4349 ἡμέρα
2654 4277 2774 4348 μία,
2818 4279 2873 4332 τι
2908 4278 2974 4332 ἂν
3018 4279 3103 4350 εἴη
3141 4280 3330 4350 χρόνος
3370 4278 3486 4341 ἐνὸς
3527 4281 3623 4334 ἀν-

2054 4369 2271 4441 θρώπου
2295 4387 2310 4431 ς
2338 4368 2511 4421 Τοῦτο
2555 4369 2715 4422 πάλιν
2747 4370 2776 4421 ὁ
2809 4369 3103 4440 Σύμμαχος
3138 4369 3308 4434 οὕτως
3348 4371 3623 4443 ἡρμήνευ-

377 4453 758 4521 interpretatus
802 4464 887 4509 est
929 4477 941 4511 :
977 4456 1110 4511 Ecce
1151 4462 1302 4529 quasi
1351 4462 1555 4528 palmas
1603 4462 1796 4518 dedisti
1841 4465 1948 4519 dies

2059 4477 2148 4514 σεν
2168 4477 2180 4491 ο
2230 4460 2375 4515 Ἰδοὺ
2413 4460 2493 4525 ὡς
2524 4461 2827 4529 σπιθαμὰς
2845 4461 3071 4525 ἔδωκας
3101 4460 3210 4527 τὰς
3241 4460 3462 4530 ἡμέρας
3478 4478 3617 4530 μου,

373 4557 549 4605 meos,
598 4554 648 4598 et
694 4548 805 4598 vita
844 4563 959 4600 mea
999 4557 1250 4618 tanquam
1302 4552 1526 4604 nihilum
1571 4553 1627 4606 in
1675 4565 1951 4623 conspectu

374 4644 484 4687 tuo.
530 4633 611 4688 Tu
645 4653 879 4706 namque
911 4640 1030 4693 sine
1059 4642 1214 4695 initio
1242 4657 1302 4696 es
1339 4652 1393 4697 et
1434 4644 1554 4698 sine
1596 4645 1724 4710 ﬁne,
1766 4656 1951 4701 nostra

372 4739 552 4780 autem
588 4730 693 4781 vita
717 4744 813 4783 ceu
835 4731 1160 4799 quibusdam
1196 4735 1391 4802 palmis
1419 4744 1474 4789 et
1499 4738 1773 4791 mensuris
1800 4754 1952 4793 men-

373 4832 436 4872 sa
470 4827 570 4873 est.
623 4818 717 4875 llis
747 4821 1064 4877 brevitatem
1111 4825 1354 4881 declarat
1385 4827 1638 4883 humanae
1664 4828 1805 4883 vitae.

441 4996 492 5050 7.
534 4996 900 5053 Verumtamen
924 5003 1166 5057 universa
1210 5006 1439 5069 vanitas,
1486 5008 1653 5059 omnis
1688 5008 1841 5060 Itomo
1879 5008 1951 5061 vi-

372 5102 513 5140 vens.
557 5085 923 5144 Verumtamen
955 5092 1010 5143 in
1044 5092 1273 5161 imagine
1319 5097 1607 5163 pertransit
1642 5095 1817 5161 homo,
1858 5098 1949 5151 sed

371 5189 423 5233 et
460 5179 663 5248 frustra
697 5183 1062 5239 conturbatur.
1102 5184 1159 5237 Si
1198 5194 1379 5238 autem
1444 5187 1496 5239 in
1534 5186 1789 5257 imagine,
1830 5174 1945 5242 Inou

376 5273 427 5323 in
457 5274 681 5329 veritate
710 5275 1001 5343 pertransit
1024 5275 1208 5340 homo,
1240 5278 1365 5345 jure
1395 5278 1686 5331 vanitatem
1727 5280 1944 5348 praemi-

374 5362 465 5417 sit.
500 5364 717 5428 ηυιιιιίιο
751 5382 857 5419 non
905 5381 1087 5420 veram
1134 5368 1301 5422 vitam
1350 5371 1719 5437 transigimus,
1758 5372 1851 5425 sed
1889 5372 1943 5424 iu

374 5450 605 5518 quadam
631 5455 885 5524 imagine,
928 5472 1102 5522 neque
1150 5459 1262 5513 veri
1316 5459 1442 5514 boni
1486 5462 1667 5516 studio
1710 5462 1942 5528 agimur,

375 5554 544 5607 quare
569 5540 767 5598 frustra
794 5548 1209 5604 conturbamur.
1247 5551 1389 5617 Vita,
1412 5551 1607 5621 inquit,
1630 5567 1818 5606 eorum
1850 5551 1943 5620 qui

375 5629 429 5698 ip
456 5637 596 5684 terra
626 5633 846 5703 degunt,
867 5640 1064 5709 quippe
1087 5656 1208 5709 qua:
1234 5640 1286 5695 in
1319 5641 1672 5697 saecularibus
1696 5650 1943 5696 versetur

376 5718 543 5786 cuzis,
574 5719 693 5789 jure
724 5724 933 5780 vanitas
956 5729 1272 5785 aestimetur.
1303 5729 1393 5791 Vel
1426 5730 1505 5786 sic
1543 5749 1554 5784 :
1584 5730 1787 5787 Omnes
1819 5730 1940 5786 vitat

2056 4551 2153 4607 καὶ
2188 4554 2224 4619 ἡ
2253 4552 2474 4617 ,βίωσίς
2506 4569 2625 4622 μου
2649 4552 2729 4618 ὡς
2751 4552 2932 4606 οὐδὲν
2951 4552 3232 4620 ἄντικρύς
3252 4569 3383 4606 σου.
3424 4554 3495 4606 Σὺ
3521 4554 3619 4623 μὲν

2053 4643 2162 4715 γὰρ
2187 4643 2418 4714 ἄναρχος
2444 4643 2535 4696 καὶ
2564 4642 2868 4714 ἀπέραντος
2894 4660 2907 4671 ·
2939 4646 2966 4696 ό
2995 4643 3051 4697 δὲ
3075 4642 3340 4713 ἡμέτερος
3369 4641 3482 4712 βίος
3508 4637 3619 4696 οἷόν

2052 4750 2160 4786 τισι
2216 4732 2514 4803 σπιθαμαῖς
2558 4734 2651 4787 καὶ
2682 4734 3004 4795 παλαισταῖς
3043 4733 3471 4804 ἐκμεμέτρηται.
3512 4732 3615 4788 Διὶ

2053 4824 2242 4877 τούτου
2276 4822 2627 4894 παρεδήλωσε
2655 4824 2718 4877 τὸ
2747 4825 3108 4895 ὀλιγοχρόνιον
3146 4824 3246 4894 τῆς
3274 4824 3617 4896 ἀνθρωπίνης

2053 4914 2219 4983 ζωῆς.

2120 5006 2294 5072 Πλὴν
2320 5004 2393 5058 τὰ
2418 5008 2739 5074 σύμπαντα
2765 5004 3121 5075 ματαιότης,
3153 5005 3271 5073 πᾶς
3309 5006 3616 5075 ἅνθρωπος

2052 5092 2181 5155 ζῶν.
2209 5094 2497 5165 Μέντοιγε
2521 5096 2590 5149 ἐν
2609 5098 2797 5150 εικόνι
2835 5096 3241 5163 διαπορεύεται
3287 5095 3615 5164 ἅνθρωπος,

2048 5185 2217 5252 πλὴν
2240 5186 2441 5256 μάτην
2472 5186 2853 5255 ταράσσεται.
2901 5188 2964 5240 Εἰ
2996 5188 3074 5248 δέ,
3111 5189 3296 5258 φησὶν,
3334 5189 3391 5241 ἐν
3424 5188 3613 5252 εἰκόνι,

2050 5277 2142 5329 καὶ
2188 5278 2286 5329 οὐκ
2318 5279 2375 5330 ἐν
2409 5277 2635 5349 ἀληθεία
2700 5277 2988 5349 πορεύεται
3034 5279 3349 5349 ἄνθρωπος,
3391 5279 3617 5342 εἰκότως

2052 5369 2383 5439 ματαιότητα
2409 5372 2686 5440 προεῖπεν·
2723 5369 2910 5442 ἐπειδὴ
2938 5371 2999 5423 οὺ
3037 5369 3134 5439 τὴν
3163 5369 3421 5439 ἀληθινὴν
3445 5367 3611 5440 ζωὴν,

2046 5459 2158 5513 ἀλλ’
2214 5462 2270 5512 ἐν
2320 5459 2486 5512 εἰκόνι
2517 5462 2641 5513 τινί·
2690 5460 2811 5512 οὐδὲ
2845 5461 2946 5532 τὴν
2990 5459 3224 5530 σπουδὴν
3273 5459 3382 5513 τῶν
3443 5459 3614 5513 ὄντων

2047 5549 2266 5619 ἀγαθῶν
2295 5550 2552 5614 ποιοῦμεν
2578 5565 2591 5579 ·
2640 5551 2720 5605 διῦ
2752 5553 2846 5605 καὶ
2895 5552 3070 5623 μάτην
3101 5550 3500 5623 ταραττόμεθα.
3556 5551 3613 5606 '0

2049 5638 2181 5708 βίος,
2217 5639 2370 5709 φησι,
2405 5638 2513 5692 τῶν
2543 5639 2635 5692 ἐπὶ
2660 5640 2782 5711 γῆς,
2822 5618 2916 5693 ἅτε
2966 5618 3094 5711 περὶ
3138 5618 3613 5709 φροντιόαξστρε-

2047 5731 2277 5801 (ρόμενος
2302 5730 2592 5801 κοσμικὰς,
2626 5731 2836 5804 κριθείη
2866 5730 2930 5784 ἂν
2954 5729 3273 5801 ματαιότης.
3306 5729 3375 5781 Ἦ
3400 5725 3607 5795 cum]!
