  <div class='ocr_page' id='page_1' title='image "/cluster/home/n/w/nwhite01/storage/ocr_20150623/27/mdp.39015007065769/114.png"; bbox 0 0 3976 6220; ppageno 0'>
   <div class='ocr_carea' id='block_1_1' title="bbox 350 330 453 385">
    <p class='ocr_par' dir='ltr' id='par_1_1' title="bbox 350 330 453 385">
     <span class='ocr_line' id='line_1_1' title="bbox 350 330 453 385; baseline 0.01 -1"><span class='ocrx_word' id='word_1_1' title='bbox 350 330 453 385; x_wconf 65' lang='lat'><strong>£89</strong></span> 
     </span>
    </p>
   </div>
   <div class='ocr_carea' id='block_1_2' title="bbox 1438 326 2556 386">
    <p class='ocr_par' dir='ltr' id='par_1_2' title="bbox 1438 326 2556 386">
     <span class='ocr_line' id='line_1_2' title="bbox 1438 326 2556 386; baseline 0.003 -4"><span class='ocrx_word' id='word_1_2' title='bbox 1438 326 1799 383; x_wconf 78' lang='lat' dir='ltr'><strong>EXPOSiTiO</strong></span> <span class='ocrx_word' id='word_1_3' title='bbox 1840 328 1904 382; x_wconf 80' lang='lat' dir='ltr'><strong>IN</strong></span> <span class='ocrx_word' id='word_1_4' title='bbox 1948 328 2273 386; x_wconf 75' lang='lat' dir='ltr'><strong>PSALMUM</strong></span> <span class='ocrx_word' id='word_1_5' title='bbox 2314 330 2556 386; x_wconf 76' lang='lat' dir='ltr'><strong>XXXIX.</strong></span> 
     </span>
    </p>
   </div>
   <div class='ocr_carea' id='block_1_3' title="bbox 3484 339 3586 394">
    <p class='ocr_par' dir='ltr' id='par_1_3' title="bbox 3484 339 3586 394">
     <span class='ocr_line' id='line_1_3' title="bbox 3484 339 3586 394; baseline 0.02 -2"><span class='ocrx_word' id='word_1_6' title='bbox 3484 339 3586 394; x_wconf 63' lang='lat'><strong>£90</strong></span> 
     </span>
    </p>
   </div>
   <div class='ocr_carea' id='block_1_4' title="bbox 349 438 1904 517">
    <p class='ocr_par' dir='ltr' id='par_1_4' title="bbox 349 438 1904 511">
     <span class='ocr_line' id='line_1_4' title="bbox 349 438 1904 511; baseline -0.002 -16"><span class='ocrx_word' id='word_1_7' title='bbox 349 442 644 511; x_wconf 80' lang='grc' dir='ltr'>Σύμπαντα</span> <span class='ocrx_word' id='word_1_8' title='bbox 677 439 746 492; x_wconf 84' lang='grc' dir='ltr'>τὰ</span> <span class='ocrx_word' id='word_1_9' title='bbox 792 438 887 511; x_wconf 77' lang='grc' dir='ltr'>ἔτη</span> <span class='ocrx_word' id='word_1_10' title='bbox 934 440 1031 511; x_wconf 83' lang='grc' dir='ltr'>τῆς</span> <span class='ocrx_word' id='word_1_11' title='bbox 1075 440 1347 511; x_wconf 81' lang='grc' dir='ltr'>ἡμετέρας</span> <span class='ocrx_word' id='word_1_12' title='bbox 1382 439 1524 510; x_wconf 83' lang='grc' dir='ltr'><strong>ζωῆς</strong></span> <span class='ocrx_word' id='word_1_13' title='bbox 1556 440 1719 510; x_wconf 80' lang='grc' dir='ltr'>ἀτμίς</span> <span class='ocrx_word' id='word_1_14' title='bbox 1771 442 1904 493; x_wconf 67' lang='lat' dir='ltr'><strong>tam</strong></span> 
     </span>
    </p>
   </div>
   <div class='ocr_carea' id='block_1_5' title="bbox 2027 438 3588 517">
    <p class='ocr_par' dir='ltr' id='par_1_5' title="bbox 2027 442 3588 517">
     <span class='ocr_line' id='line_1_5' title="bbox 2027 442 3588 517; baseline 0.004 -21"><span class='ocrx_word' id='word_1_15' title='bbox 2027 455 2219 498; x_wconf 73' lang='lat' dir='ltr'><strong>nostra:</strong></span> <span class='ocrx_word' id='word_1_16' title='bbox 2248 442 2374 498; x_wconf 88' lang='lat' dir='ltr'><strong>anni</strong></span> <span class='ocrx_word' id='word_1_17' title='bbox 2413 457 2578 511; x_wconf 80' lang='lat' dir='ltr'><strong>vapor</strong></span> <span class='ocrx_word' id='word_1_18' title='bbox 2618 450 2744 497; x_wconf 87' lang='lat' dir='ltr'><strong>sunt</strong></span> <span class='ocrx_word' id='word_1_19' title='bbox 2777 442 2827 496; x_wconf 93' lang='lat' dir='ltr'><strong>in</strong></span> <span class='ocrx_word' id='word_1_20' title='bbox 2866 452 3155 513; x_wconf 88' lang='lat' dir='ltr'><strong>conspectu</strong></span> <span class='ocrx_word' id='word_1_21' title='bbox 3194 453 3308 510; x_wconf 84' lang='lat' dir='ltr'><strong>tuo,</strong></span> <span class='ocrx_word' id='word_1_22' title='bbox 3339 461 3462 501; x_wconf 81' lang='lat' dir='ltr'><strong>nam</strong></span> <span class='ocrx_word' id='word_1_23' title='bbox 3485 463 3588 517; x_wconf 83' lang='lat' dir='ltr'><strong>pro</strong></span> 
     </span>
    </p>
   </div>
   <div class='ocr_carea' id='block_1_6' title="bbox 349 528 1919 601">
    <p class='ocr_par' dir='ltr' id='par_1_6' title="bbox 349 528 1919 601">
     <span class='ocr_line' id='line_1_6' title="bbox 349 528 1919 601; baseline -0.005 -15"><span class='ocrx_word' id='word_1_24' title='bbox 349 531 580 586; x_wconf 71' lang='grc' dir='ltr'>ἐνώπιόν</span> <span class='ocrx_word' id='word_1_25' title='bbox 630 547 758 584; x_wconf 87' lang='grc' dir='ltr'>σου·</span> <span class='ocrx_word' id='word_1_26' title='bbox 807 531 928 583; x_wconf 83' lang='grc' dir='ltr'>ἀντὶ</span> <span class='ocrx_word' id='word_1_27' title='bbox 968 530 1074 601; x_wconf 85' lang='grc' dir='ltr'><strong>γάρ</strong></span> <span class='ocrx_word' id='word_1_28' title='bbox 1103 532 1497 598; x_wconf 80' lang='grc' dir='ltr'><strong>ματαιότητος</strong></span> <span class='ocrx_word' id='word_1_29' title='bbox 1546 530 1574 581; x_wconf 88' lang='grc' dir='ltr'>ὁ</span> <span class='ocrx_word' id='word_1_30' title='bbox 1624 528 1919 599; x_wconf 79' lang='grc' dir='ltr'><strong>Σύμμαχος</strong></span> 
     </span>
    </p>
   </div>
   <div class='ocr_carea' id='block_1_7' title="bbox 348 620 1919 693">
    <p class='ocr_par' dir='ltr' id='par_1_7' title="bbox 348 620 1919 693">
     <span class='ocr_line' id='line_1_7' title="bbox 348 620 1919 693; baseline -0.001 -17"><span class='ocrx_word' id='word_1_31' title='bbox 348 625 521 693; x_wconf 77' lang='grc' dir='ltr'>ἀτμίς</span> <span class='ocrx_word' id='word_1_32' title='bbox 547 620 794 687; x_wconf 77' lang='grc' dir='ltr'><strong>ἐξέδωκε.</strong></span> <span class='ocrx_word' id='word_1_33' title='bbox 832 621 1196 689; x_wconf 60' lang='grc' dir='ltr'>Θησαιιρίζει,</span> <span class='ocrx_word' id='word_1_34' title='bbox 1242 621 1336 674; x_wconf 67' lang='grc' dir='ltr'>καὶ</span> <span class='ocrx_word' id='word_1_35' title='bbox 1381 622 1453 674; x_wconf 85' lang='grc' dir='ltr'><strong>οὐ</strong></span> <span class='ocrx_word' id='word_1_36' title='bbox 1492 621 1770 689; x_wconf 74' lang='grc' dir='ltr'><strong>γινώσκει</strong></span> <span class='ocrx_word' id='word_1_37' title='bbox 1802 623 1919 675; x_wconf 77' lang='grc' dir='ltr'>τίνι</span> 
     </span>
    </p>
   </div>
   <div class='ocr_carea' id='block_1_8' title="bbox 349 709 1918 782">
    <p class='ocr_par' dir='ltr' id='par_1_8' title="bbox 349 709 1918 782">
     <span class='ocr_line' id='line_1_8' title="bbox 349 709 1918 782; baseline -0.001 -15"><span class='ocrx_word' id='word_1_38' title='bbox 349 713 601 776; x_wconf 69' lang='grc' dir='ltr'>συνάξει</span> <span class='ocrx_word' id='word_1_39' title='bbox 629 711 802 767; x_wconf 82' lang='grc' dir='ltr'>αὐτά.</span> <span class='ocrx_word' id='word_1_40' title='bbox 844 711 1061 782; x_wconf 81' lang='grc' dir='ltr'><strong>Ἐπειδὴ</strong></span> <span class='ocrx_word' id='word_1_41' title='bbox 1091 712 1150 764; x_wconf 81' lang='grc' dir='ltr'><strong>ού</strong></span> <span class='ocrx_word' id='word_1_42' title='bbox 1193 712 1293 781; x_wconf 74' lang='grc' dir='ltr'>τὴν</span> <span class='ocrx_word' id='word_1_43' title='bbox 1327 709 1501 780; x_wconf 82' lang='grc' dir='ltr'>ἀληθῆ</span> <span class='ocrx_word' id='word_1_44' title='bbox 1552 710 1733 781; x_wconf 83' lang='grc' dir='ltr'>ζῶμεν</span> <span class='ocrx_word' id='word_1_45' title='bbox 1776 712 1918 782; x_wconf 79' lang='grc' dir='ltr'>ζωὴν</span> 
     </span>
    </p>
   </div>
   <div class='ocr_carea' id='block_1_9' title="bbox 349 798 1920 872">
    <p class='ocr_par' dir='ltr' id='par_1_9' title="bbox 349 798 1920 872">
     <span class='ocr_line' id='line_1_9' title="bbox 349 798 1920 872; baseline -0.003 -15"><span class='ocrx_word' id='word_1_46' title='bbox 349 801 462 865; x_wconf 84' lang='grc' dir='ltr'>νῦν,</span> <span class='ocrx_word' id='word_1_47' title='bbox 492 801 627 855; x_wconf 72' lang='grc' dir='ltr'>ἀλλὰ</span> <span class='ocrx_word' id='word_1_48' title='bbox 649 801 746 872; x_wconf 76' lang='grc' dir='ltr'>τὴν</span> <span class='ocrx_word' id='word_1_49' title='bbox 767 802 843 864; x_wconf 85' lang='grc' dir='ltr'>ὡς</span> <span class='ocrx_word' id='word_1_50' title='bbox 869 803 926 853; x_wconf 75' lang='grc' dir='ltr'>ὲν</span> <span class='ocrx_word' id='word_1_51' title='bbox 957 800 1157 854; x_wconf 80' lang='grc' dir='ltr'>εἰκόνι·</span> <span class='ocrx_word' id='word_1_52' title='bbox 1187 801 1307 853; x_wconf 86' lang='grc' dir='ltr'>οὐδὲ</span> <span class='ocrx_word' id='word_1_53' title='bbox 1333 801 1461 871; x_wconf 74' lang='grc' dir='ltr'>περὶ</span> <span class='ocrx_word' id='word_1_54' title='bbox 1486 798 1553 852; x_wconf 86' lang='grc' dir='ltr'><strong>τὰ</strong></span> <span class='ocrx_word' id='word_1_55' title='bbox 1583 801 1751 863; x_wconf 70' lang='grc' dir='ltr'>ὅντως</span> <span class='ocrx_word' id='word_1_56' title='bbox 1786 802 1920 867; x_wconf 84' lang='grc' dir='ltr'>ἁγα-</span> 
     </span>
    </p>
   </div>
   <div class='ocr_carea' id='block_1_10' title="bbox 350 891 1919 963">
    <p class='ocr_par' dir='ltr' id='par_1_10' title="bbox 350 891 1919 963">
     <span class='ocr_line' id='line_1_10' title="bbox 350 891 1919 963; baseline -0.002 -18"><span class='ocrx_word' id='word_1_57' title='bbox 350 892 413 945; x_wconf 75' lang='grc' dir='ltr'><strong>θά</strong></span> <span class='ocrx_word' id='word_1_58' title='bbox 440 892 741 963; x_wconf 81' lang='grc' dir='ltr'><strong>ποιούμεθα</strong></span> <span class='ocrx_word' id='word_1_59' title='bbox 773 892 872 962; x_wconf 80' lang='grc' dir='ltr'>τὴν</span> <span class='ocrx_word' id='word_1_60' title='bbox 921 892 1192 962; x_wconf 83' lang='grc' dir='ltr'>σπουδήν·</span> <span class='ocrx_word' id='word_1_61' title='bbox 1235 891 1317 944; x_wconf 81' lang='grc' dir='ltr'><strong>δ.ὺ</strong></span> <span class='ocrx_word' id='word_1_62' title='bbox 1358 892 1533 963; x_wconf 82' lang='grc' dir='ltr'><strong>μάτην</strong></span> <span class='ocrx_word' id='word_1_63' title='bbox 1574 891 1919 961; x_wconf 80' lang='grc' dir='ltr'>ταρασσόμε-</span> 
     </span>
    </p>
   </div>
   <div class='ocr_carea' id='block_1_11' title="bbox 348 981 1916 1054">
    <p class='ocr_par' dir='ltr' id='par_1_11' title="bbox 348 981 1916 1054">
     <span class='ocr_line' id='line_1_11' title="bbox 348 981 1916 1054; baseline -0.001 -18"><span class='ocrx_word' id='word_1_64' title='bbox 348 984 437 1046; x_wconf 87' lang='grc' dir='ltr'><strong>θα,</strong></span> <span class='ocrx_word' id='word_1_65' title='bbox 469 984 600 1054; x_wconf 74' lang='grc' dir='ltr'>περὶ</span> <span class='ocrx_word' id='word_1_66' title='bbox 627 983 726 1046; x_wconf 81' lang='grc' dir='ltr'>τὰς</span> <span class='ocrx_word' id='word_1_67' title='bbox 754 982 1023 1053; x_wconf 73' lang='grc' dir='ltr'><strong>κοσμικὰς</strong></span> <span class='ocrx_word' id='word_1_68' title='bbox 1046 982 1340 1052; x_wconf 77' lang='grc' dir='ltr'><strong>ἐπιθυμίας</strong></span> <span class='ocrx_word' id='word_1_69' title='bbox 1385 981 1760 1052; x_wconf 83' lang='grc' dir='ltr'><strong>στρεφόμενοι,</strong></span> <span class='ocrx_word' id='word_1_70' title='bbox 1791 998 1916 1034; x_wconf 84' lang='grc' dir='ltr'>συν-</span> 
     </span>
    </p>
   </div>
   <div class='ocr_carea' id='block_1_12' title="bbox 347 1066 1660 1145">
    <p class='ocr_par' dir='ltr' id='par_1_12' title="bbox 347 1066 1660 1145">
     <span class='ocr_line' id='line_1_12' title="bbox 347 1066 1660 1145; baseline -0.002 -16"><span class='ocrx_word' id='word_1_71' title='bbox 347 1076 572 1143; x_wconf 81' lang='grc' dir='ltr'>άγοντες</span> <span class='ocrx_word' id='word_1_72' title='bbox 598 1074 923 1145; x_wconf 81' lang='grc' dir='ltr'>θησαυροὺς,</span> <span class='ocrx_word' id='word_1_73' title='bbox 951 1066 1025 1125; x_wconf 81' lang='grc' dir='ltr'>ὧν</span> <span class='ocrx_word' id='word_1_74' title='bbox 1050 1073 1149 1125; x_wconf 82' lang='grc' dir='ltr'>οὐκ</span> <span class='ocrx_word' id='word_1_75' title='bbox 1184 1072 1339 1142; x_wconf 86' lang='grc' dir='ltr'>ίσμεν</span> <span class='ocrx_word' id='word_1_76' title='bbox 1366 1072 1660 1142; x_wconf 75' lang='grc' dir='ltr'><strong>διαδόχους.</strong></span> 
     </span>
    </p>
   </div>
   <div class='ocr_carea' id='block_1_13' title="bbox 413 1162 1913 1232">
    <p class='ocr_par' dir='ltr' id='par_1_13' title="bbox 413 1162 1913 1232">
     <span class='ocr_line' id='line_1_13' title="bbox 413 1162 1913 1232; baseline -0.001 -14"><span class='ocrx_word' id='word_1_77' title='bbox 413 1165 523 1218; x_wconf 74' lang='grc' dir='ltr'><strong>Καὶ</strong></span> <span class='ocrx_word' id='word_1_78' title='bbox 552 1164 669 1218; x_wconf 77' lang='grc' dir='ltr'><strong>νῦν</strong></span> <span class='ocrx_word' id='word_1_79' title='bbox 699 1165 790 1230; x_wconf 80' lang='grc' dir='ltr'><strong>τίς</strong></span> <span class='ocrx_word' id='word_1_80' title='bbox 815 1165 853 1232; x_wconf 75' lang='grc' dir='ltr'><strong><em>ἠ</em></strong></span> <span class='ocrx_word' id='word_1_81' title='bbox 883 1162 1156 1232; x_wconf 71' lang='grc' dir='ltr'><em>ὑπομονὴ</em></span> <span class='ocrx_word' id='word_1_82' title='bbox 1191 1179 1349 1231; x_wconf 88' lang='grc' dir='ltr'>μου;</span> <span class='ocrx_word' id='word_1_83' title='bbox 1378 1163 1513 1231; x_wconf 81' lang='grc' dir='ltr'>οὐχὶ</span> <span class='ocrx_word' id='word_1_84' title='bbox 1542 1164 1792 1230; x_wconf 81' lang='grc' dir='ltr'>Κύριος;</span> <span class='ocrx_word' id='word_1_85' title='bbox 1818 1165 1913 1216; x_wconf 78' lang='lat' dir='ltr'><strong>El-</strong></span> 
     </span>
    </p>
   </div>
   <div class='ocr_carea' id='block_1_14' title="bbox 346 1253 1910 1325">
    <p class='ocr_par' dir='ltr' id='par_1_14' title="bbox 346 1253 1910 1325">
     <span class='ocr_line' id='line_1_14' title="bbox 346 1253 1910 1325; baseline 0 -18"><span class='ocrx_word' id='word_1_86' title='bbox 346 1256 515 1317; x_wconf 80' lang='grc' dir='ltr'>κὸτως</span> <span class='ocrx_word' id='word_1_87' title='bbox 550 1256 648 1325; x_wconf 81' lang='grc' dir='ltr'>τὴν</span> <span class='ocrx_word' id='word_1_88' title='bbox 674 1254 864 1306; x_wconf 77' lang='grc' dir='ltr'>ἐλπίδα</span> <span class='ocrx_word' id='word_1_89' title='bbox 900 1254 992 1306; x_wconf 72' lang='grc' dir='ltr'><strong>ἐπὶ</strong></span> <span class='ocrx_word' id='word_1_90' title='bbox 1026 1253 1228 1323; x_wconf 82' lang='grc' dir='ltr'>Κύριον</span> <span class='ocrx_word' id='word_1_91' title='bbox 1262 1253 1405 1323; x_wconf 70' lang='grc' dir='ltr'>ἔχειν</span> <span class='ocrx_word' id='word_1_92' title='bbox 1440 1255 1623 1323; x_wconf 77' lang='grc' dir='ltr'>φησὶν,</span> <span class='ocrx_word' id='word_1_93' title='bbox 1670 1255 1766 1306; x_wconf 84' lang='grc' dir='ltr'>ἆτε</span> <span class='ocrx_word' id='word_1_94' title='bbox 1809 1271 1910 1307; x_wconf 85' lang='grc' dir='ltr'>κα-</span> 
     </span>
    </p>
   </div>
   <div class='ocr_carea' id='block_1_15' title="bbox 342 1340 1912 1411">
    <p class='ocr_par' dir='ltr' id='par_1_15' title="bbox 342 1340 1912 1411">
     <span class='ocr_line' id='line_1_15' title="bbox 342 1340 1912 1411; baseline 0.001 -17"><span class='ocrx_word' id='word_1_95' title='bbox 342 1343 568 1409; x_wconf 78' lang='grc' dir='ltr'>ταγνοὺς</span> <span class='ocrx_word' id='word_1_96' title='bbox 592 1341 699 1394; x_wconf 84' lang='grc' dir='ltr'><strong>τῶν</strong></span> <span class='ocrx_word' id='word_1_97' title='bbox 736 1343 794 1393; x_wconf 83' lang='grc' dir='ltr'>ὲν</span> <span class='ocrx_word' id='word_1_98' title='bbox 822 1341 923 1411; x_wconf 84' lang='grc' dir='ltr'>βίῳ</span> <span class='ocrx_word' id='word_1_99' title='bbox 957 1340 1378 1411; x_wconf 81' lang='grc' dir='ltr'>περισπασμῶν.</span> <span class='ocrx_word' id='word_1_100' title='bbox 1412 1341 1521 1393; x_wconf 76' lang='grc' dir='ltr'><strong>Καὶ</strong></span> <span class='ocrx_word' id='word_1_101' title='bbox 1575 1344 1607 1408; x_wconf 72' lang='grc' dir='ltr'><strong><em>ἡ</em></strong></span> <span class='ocrx_word' id='word_1_102' title='bbox 1647 1343 1912 1395; x_wconf 81' lang='grc' dir='ltr'>ὑπόστα-</span> 
     </span>
    </p>
   </div>
   <div class='ocr_carea' id='block_1_16' title="bbox 343 1430 1908 1502">
    <p class='ocr_par' dir='ltr' id='par_1_16' title="bbox 343 1430 1908 1502">
     <span class='ocr_line' id='line_1_16' title="bbox 343 1430 1908 1502; baseline -0.001 -17"><span class='ocrx_word' id='word_1_103' title='bbox 343 1432 439 1497; x_wconf 75' lang='lat' dir='ltr'><strong>ait;</strong></span> <span class='ocrx_word' id='word_1_104' title='bbox 462 1448 581 1498; x_wconf 78' lang='grc' dir='ltr'>μου</span> <span class='ocrx_word' id='word_1_105' title='bbox 632 1434 791 1499; x_wconf 80' lang='grc' dir='ltr'><strong>παρά</strong></span> <span class='ocrx_word' id='word_1_106' title='bbox 836 1432 938 1483; x_wconf 85' lang='grc' dir='ltr'><strong>σοί</strong></span> <span class='ocrx_word' id='word_1_107' title='bbox 972 1432 1160 1484; x_wconf 79' lang='grc' dir='ltr'>ἐστιν.</span> <span class='ocrx_word' id='word_1_108' title='bbox 1221 1430 1288 1482; x_wconf 84' lang='grc' dir='ltr'><strong>Ἦ</strong></span> <span class='ocrx_word' id='word_1_109' title='bbox 1338 1430 1660 1500; x_wconf 77' lang='grc' dir='ltr'><strong>προσδοκία,</strong></span> <span class='ocrx_word' id='word_1_110' title='bbox 1710 1432 1827 1500; x_wconf 66' lang='grc' dir='ltr'>ἦτοι</span> <span class='ocrx_word' id='word_1_111' title='bbox 1875 1434 1908 1502; x_wconf 79' lang='grc' dir='ltr'>ἡ</span> 
     </span>
    </p>
   </div>
   <div class='ocr_carea' id='block_1_17' title="bbox 343 1527 607 1597">
    <p class='ocr_par' dir='ltr' id='par_1_17' title="bbox 343 1527 607 1597">
     <span class='ocr_line' id='line_1_17' title="bbox 343 1527 607 1597; baseline -0.008 -17"><span class='ocrx_word' id='word_1_112' title='bbox 343 1527 607 1597; x_wconf 78' lang='grc' dir='ltr'>ὕπομονή.</span> 
     </span>
    </p>
   </div>
   <div class='ocr_carea' id='block_1_18' title="bbox 410 1613 1906 1684">
    <p class='ocr_par' dir='ltr' id='par_1_18' title="bbox 410 1613 1906 1684">
     <span class='ocr_line' id='line_1_18' title="bbox 410 1613 1906 1684; baseline -0.003 -15"><span class='ocrx_word' id='word_1_113' title='bbox 410 1616 680 1682; x_wconf 80' lang='grc' dir='ltr'>Ὀνειδος</span> <span class='ocrx_word' id='word_1_114' title='bbox 723 1614 937 1683; x_wconf 63' lang='grc' dir='ltr'><strong>ἄφρονι</strong></span> <span class='ocrx_word' id='word_1_115' title='bbox 968 1615 1197 1681; x_wconf 77' lang='grc' dir='ltr'>ἔδωκάς</span> <span class='ocrx_word' id='word_1_116' title='bbox 1230 1631 1325 1683; x_wconf 82' lang='grc' dir='ltr'><strong>με.</strong></span> <span class='ocrx_word' id='word_1_117' title='bbox 1380 1614 1471 1683; x_wconf 82' lang='grc' dir='ltr'><strong>Μὴ</strong></span> <span class='ocrx_word' id='word_1_118' title='bbox 1506 1613 1758 1684; x_wconf 81' lang='grc' dir='ltr'>παραδῷς</span> <span class='ocrx_word' id='word_1_119' title='bbox 1816 1631 1906 1682; x_wconf 89' lang='grc' dir='ltr'><strong>με,</strong></span> 
     </span>
    </p>
   </div>
   <div class='ocr_carea' id='block_1_19' title="bbox 340 1700 1909 1777">
    <p class='ocr_par' dir='ltr' id='par_1_19' title="bbox 340 1700 1909 1777">
     <span class='ocr_line' id='line_1_19' title="bbox 340 1700 1909 1777; baseline -0.001 -17"><span class='ocrx_word' id='word_1_120' title='bbox 340 1709 521 1777; x_wconf 65' lang='grc' dir='ltr'>φησιν.</span> <span class='ocrx_word' id='word_1_121' title='bbox 560 1709 637 1769; x_wconf 63' lang='grc' dir='ltr'><strong>εἰς</strong></span> <span class='ocrx_word' id='word_1_122' title='bbox 681 1706 1004 1776; x_wconf 66' lang='grc' dir='ltr'>ὀρειδισμδν,</span> <span class='ocrx_word' id='word_1_123' title='bbox 1052 1704 1139 1757; x_wconf 85' lang='grc' dir='ltr'><strong>διὰ</strong></span> <span class='ocrx_word' id='word_1_124' title='bbox 1191 1705 1252 1757; x_wconf 76' lang='grc' dir='ltr'>τὸ</span> <span class='ocrx_word' id='word_1_125' title='bbox 1299 1707 1377 1768; x_wconf 79' lang='grc' dir='ltr'><strong>εἰς</strong></span> <span class='ocrx_word' id='word_1_126' title='bbox 1408 1704 1506 1774; x_wconf 80' lang='grc' dir='ltr'><strong>ἐμὲ</strong></span> <span class='ocrx_word' id='word_1_127' title='bbox 1556 1700 1692 1756; x_wconf 83' lang='grc' dir='ltr'>εἶναί</span> <span class='ocrx_word' id='word_1_128' title='bbox 1729 1720 1786 1756; x_wconf 92' lang='grc' dir='ltr'><strong>σε</strong></span> <span class='ocrx_word' id='word_1_129' title='bbox 1816 1704 1909 1758; x_wconf 83' lang='grc' dir='ltr'>τὸν</span> 
     </span>
    </p>
   </div>
   <div class='ocr_carea' id='block_1_20' title="bbox 339 1798 764 1868">
    <p class='ocr_par' dir='ltr' id='par_1_20' title="bbox 339 1798 764 1868">
     <span class='ocr_line' id='line_1_20' title="bbox 339 1798 764 1868; baseline 0.005 -18"><span class='ocrx_word' id='word_1_130' title='bbox 339 1798 513 1867; x_wconf 81' lang='grc' dir='ltr'>λοιδορ</span> <span class='ocrx_word' id='word_1_131' title='bbox 526 1815 572 1851; x_wconf 77' lang='grc' dir='ltr'><strong>ο.</strong></span> <span class='ocrx_word' id='word_1_132' title='bbox 588 1813 764 1868; x_wconf 64' lang='grc' dir='ltr'>μενον.</span> 
     </span>
    </p>
   </div>
   <div class='ocr_carea' id='block_1_21' title="bbox 417 1882 1903 1953">
    <p class='ocr_par' dir='ltr' id='par_1_21' title="bbox 417 1882 1903 1953">
     <span class='ocr_line' id='line_1_21' title="bbox 417 1882 1903 1953; baseline 0 -16"><span class='ocrx_word' id='word_1_133' title='bbox 417 1885 786 1953; x_wconf 60' lang='grc' dir='ltr'>Ἐκωρώθηη</span> <span class='ocrx_word' id='word_1_134' title='bbox 817 1885 913 1938; x_wconf 79' lang='grc' dir='ltr'>καὶ</span> <span class='ocrx_word' id='word_1_135' title='bbox 943 1886 1053 1938; x_wconf 77' lang='grc' dir='ltr'><strong>οὐκ</strong></span> <span class='ocrx_word' id='word_1_136' title='bbox 1083 1883 1297 1951; x_wconf 57' lang='lat' dir='ltr'><strong>ﬁrmi-Ia</strong></span> <span class='ocrx_word' id='word_1_137' title='bbox 1320 1882 1387 1936; x_wconf 83' lang='grc' dir='ltr'>τὸ</span> <span class='ocrx_word' id='word_1_138' title='bbox 1418 1884 1611 1952; x_wconf 86' lang='grc' dir='ltr'><strong>στόμα</strong></span> <span class='ocrx_word' id='word_1_139' title='bbox 1634 1902 1774 1953; x_wconf 83' lang='grc' dir='ltr'>μου,</span> <span class='ocrx_word' id='word_1_140' title='bbox 1816 1884 1903 1937; x_wconf 81' lang='grc' dir='ltr'>ὄτι</span> 
     </span>
    </p>
   </div>
   <div class='ocr_carea' id='block_1_22' title="bbox 339 1975 1903 2047">
    <p class='ocr_par' dir='ltr' id='par_1_22' title="bbox 339 1975 1903 2047">
     <span class='ocr_line' id='line_1_22' title="bbox 339 1975 1903 2047; baseline -0.001 -19"><span class='ocrx_word' id='word_1_141' title='bbox 339 1976 415 2028; x_wconf 88' lang='grc' dir='ltr'>σὺ</span> <span class='ocrx_word' id='word_1_142' title='bbox 443 1978 760 2043; x_wconf 73' lang='grc' dir='ltr'>ἐποίησας.</span> <span class='ocrx_word' id='word_1_143' title='bbox 803 1976 1245 2047; x_wconf 77' lang='grc' dir='ltr'>Λοιδορούμενος,</span> <span class='ocrx_word' id='word_1_144' title='bbox 1282 1977 1467 2046; x_wconf 67' lang='grc' dir='ltr'>φησιν,</span> <span class='ocrx_word' id='word_1_145' title='bbox 1502 1976 1718 2042; x_wconf 76' lang='grc' dir='ltr'>ἐσίγων,</span> <span class='ocrx_word' id='word_1_146' title='bbox 1747 1975 1903 2040; x_wconf 77' lang='grc' dir='ltr'>εἰδὼς</span> 
     </span>
    </p>
   </div>
   <div class='ocr_carea' id='block_1_23' title="bbox 339 2062 1905 2137">
    <p class='ocr_par' dir='ltr' id='par_1_23' title="bbox 339 2062 1905 2137">
     <span class='ocr_line' id='line_1_23' title="bbox 339 2062 1905 2137; baseline 0.001 -18"><span class='ocrx_word' id='word_1_147' title='bbox 339 2066 579 2136; x_wconf 76' lang='grc' dir='ltr'>ἀκριϐῶς</span> <span class='ocrx_word' id='word_1_148' title='bbox 619 2068 745 2137; x_wconf 78' lang='grc' dir='ltr'>περὶ</span> <span class='ocrx_word' id='word_1_149' title='bbox 777 2068 967 2136; x_wconf 83' lang='grc' dir='ltr'>αὐτῆς,</span> <span class='ocrx_word' id='word_1_150' title='bbox 1000 2068 1082 2118; x_wconf 84' lang='grc' dir='ltr'>ὅτι</span> <span class='ocrx_word' id='word_1_151' title='bbox 1117 2067 1180 2117; x_wconf 77' lang='grc' dir='ltr'>σὺ</span> <span class='ocrx_word' id='word_1_152' title='bbox 1211 2062 1262 2117; x_wconf 74' lang='grc' dir='ltr'>εἴ</span> <span class='ocrx_word' id='word_1_153' title='bbox 1284 2068 1312 2118; x_wconf 87' lang='grc' dir='ltr'>ὁ</span> <span class='ocrx_word' id='word_1_154' title='bbox 1344 2066 1611 2135; x_wconf 88' lang='grc' dir='ltr'>τιμωρίας</span> <span class='ocrx_word' id='word_1_155' title='bbox 1638 2066 1755 2136; x_wconf 70' lang='grc' dir='ltr'>ἤτοι</span> <span class='ocrx_word' id='word_1_156' title='bbox 1785 2085 1905 2120; x_wconf 89' lang='grc' dir='ltr'>παι-</span> 
     </span>
    </p>
   </div>
   <div class='ocr_carea' id='block_1_24' title="bbox 334 2153 1840 2225">
    <p class='ocr_par' dir='ltr' id='par_1_24' title="bbox 334 2153 1840 2225">
     <span class='ocr_line' id='line_1_24' title="bbox 334 2153 1840 2225; baseline 0.001 -18"><span class='ocrx_word' id='word_1_157' title='bbox 334 2154 476 2217; x_wconf 88' lang='grc' dir='ltr'>δείας</span> <span class='ocrx_word' id='word_1_158' title='bbox 508 2155 668 2225; x_wconf 83' lang='grc' dir='ltr'>χάριν</span> <span class='ocrx_word' id='word_1_159' title='bbox 706 2155 871 2219; x_wconf 82' lang='grc' dir='ltr'>τάξας</span> <span class='ocrx_word' id='word_1_160' title='bbox 903 2172 969 2224; x_wconf 90' lang='grc' dir='ltr'><strong>με</strong></span> <span class='ocrx_word' id='word_1_161' title='bbox 1015 2156 1095 2215; x_wconf 82' lang='grc' dir='ltr'><strong>είς</strong></span> <span class='ocrx_word' id='word_1_162' title='bbox 1119 2154 1250 2207; x_wconf 74' lang='grc' dir='ltr'>αὐτὸ</span> <span class='ocrx_word' id='word_1_163' title='bbox 1286 2153 1443 2207; x_wconf 84' lang='grc' dir='ltr'>τοῦτο</span> <span class='ocrx_word' id='word_1_164' title='bbox 1474 2155 1840 2218; x_wconf 78' lang='grc' dir='ltr'><strong>ὀνειδίζεσθαι.</strong></span> 
     </span>
    </p>
   </div>
   <div class='ocr_carea' id='block_1_25' title="bbox 415 2242 1902 2312">
    <p class='ocr_par' dir='ltr' id='par_1_25' title="bbox 415 2242 1902 2312">
     <span class='ocr_line' id='line_1_25' title="bbox 415 2242 1902 2312; baseline 0.001 -17"><span class='ocrx_word' id='word_1_165' title='bbox 415 2244 791 2310; x_wconf 78' lang='grc' dir='ltr'>Ἆπόστησον</span> <span class='ocrx_word' id='word_1_166' title='bbox 838 2244 940 2296; x_wconf 78' lang='grc' dir='ltr'><strong>ἀπ’</strong></span> <span class='ocrx_word' id='word_1_167' title='bbox 983 2243 1127 2312; x_wconf 81' lang='grc' dir='ltr'>ἐμοῦ</span> <span class='ocrx_word' id='word_1_168' title='bbox 1152 2243 1258 2311; x_wconf 83' lang='grc' dir='ltr'>τὰς</span> <span class='ocrx_word' id='word_1_169' title='bbox 1285 2242 1582 2311; x_wconf 76' lang='grc' dir='ltr'>μάστιγάς</span> <span class='ocrx_word' id='word_1_170' title='bbox 1622 2259 1758 2297; x_wconf 88' lang='grc' dir='ltr'>σου.</span> <span class='ocrx_word' id='word_1_171' title='bbox 1791 2244 1902 2308; x_wconf 84' lang='grc' dir='ltr'>Τὰς</span> 
     </span>
    </p>
   </div>
   <div class='ocr_carea' id='block_1_26' title="bbox 334 2333 1902 2406">
    <p class='ocr_par' dir='ltr' id='par_1_26' title="bbox 334 2333 1902 2406">
     <span class='ocr_line' id='line_1_26' title="bbox 334 2333 1902 2406; baseline 0 -19"><span class='ocrx_word' id='word_1_172' title='bbox 334 2334 623 2404; x_wconf 85' lang='grc' dir='ltr'>γινομένας</span> <span class='ocrx_word' id='word_1_173' title='bbox 650 2334 801 2403; x_wconf 76' lang='grc' dir='ltr'>αὐτῷ</span> <span class='ocrx_word' id='word_1_174' title='bbox 846 2334 997 2406; x_wconf 71' lang='grc' dir='ltr'>παρὰ</span> <span class='ocrx_word' id='word_1_175' title='bbox 1030 2335 1139 2386; x_wconf 85' lang='grc' dir='ltr'>τῶν</span> <span class='ocrx_word' id='word_1_176' title='bbox 1172 2333 1441 2402; x_wconf 83' lang='grc' dir='ltr'>δαιμόνων</span> <span class='ocrx_word' id='word_1_177' title='bbox 1498 2334 1767 2405; x_wconf 84' lang='grc' dir='ltr'><strong>τιμωρίας</strong></span> <span class='ocrx_word' id='word_1_178' title='bbox 1811 2335 1902 2387; x_wconf 82' lang='grc' dir='ltr'>λέ-</span> 
     </span>
    </p>
   </div>
   <div class='ocr_carea' id='block_1_27' title="bbox 333 2422 1901 2501">
    <p class='ocr_par' dir='ltr' id='par_1_27' title="bbox 333 2422 1901 2501">
     <span class='ocr_line' id='line_1_27' title="bbox 333 2422 1901 2501; baseline 0.003 -26"><span class='ocrx_word' id='word_1_179' title='bbox 333 2441 437 2501; x_wconf 77' lang='grc' dir='ltr'>γει,</span> <span class='ocrx_word' id='word_1_180' title='bbox 466 2426 531 2477; x_wconf 76' lang='grc' dir='ltr'><strong>οὐ</strong></span> <span class='ocrx_word' id='word_1_181' title='bbox 556 2422 967 2495; x_wconf 74' lang='grc' dir='ltr'><strong>συγχωροῦντος</strong></span> <span class='ocrx_word' id='word_1_182' title='bbox 995 2425 1177 2487; x_wconf 84' lang='grc' dir='ltr'>αὐτοῖς</span> <span class='ocrx_word' id='word_1_183' title='bbox 1216 2425 1311 2478; x_wconf 87' lang='grc' dir='ltr'><strong>τοῦ</strong></span> <span class='ocrx_word' id='word_1_184' title='bbox 1344 2424 1498 2477; x_wconf 83' lang='grc' dir='ltr'>Θεοῦ.</span> <span class='ocrx_word' id='word_1_185' title='bbox 1529 2423 1687 2495; x_wconf 78' lang='lat' dir='ltr'><strong>(Reg.</strong></span> <span class='ocrx_word' id='word_1_186' title='bbox 1717 2426 1740 2478; x_wconf 78' lang='grc'><strong>1</strong></span> <span class='ocrx_word' id='word_1_187' title='bbox 1782 2427 1901 2496; x_wconf 85' lang='lat' dir='ltr'><strong>sic.)</strong></span> 
     </span>
    </p>
   </div>
   <div class='ocr_carea' id='block_1_28' title="bbox 331 2515 1903 2587">
    <p class='ocr_par' dir='ltr' id='par_1_28' title="bbox 331 2515 1903 2587">
     <span class='ocr_line' id='line_1_28' title="bbox 331 2515 1903 2587; baseline -0.001 -17"><span class='ocrx_word' id='word_1_188' title='bbox 331 2516 438 2579; x_wconf 78' lang='grc' dir='ltr'>Τὰς</span> <span class='ocrx_word' id='word_1_189' title='bbox 468 2516 760 2587; x_wconf 86' lang='grc' dir='ltr'>γινομένας</span> <span class='ocrx_word' id='word_1_190' title='bbox 795 2515 942 2584; x_wconf 78' lang='grc' dir='ltr'>αὐτῷ</span> <span class='ocrx_word' id='word_1_191' title='bbox 989 2516 1138 2585; x_wconf 82' lang='grc' dir='ltr'>παρὰ</span> <span class='ocrx_word' id='word_1_192' title='bbox 1179 2515 1284 2569; x_wconf 81' lang='grc' dir='ltr'>τῶν</span> <span class='ocrx_word' id='word_1_193' title='bbox 1323 2516 1590 2585; x_wconf 75' lang='grc' dir='ltr'>δαιμόνων</span> <span class='ocrx_word' id='word_1_194' title='bbox 1633 2517 1903 2586; x_wconf 82' lang='grc' dir='ltr'>τιμωρίας</span> 
     </span>
    </p>
   </div>
   <div class='ocr_carea' id='block_1_29' title="bbox 331 2606 1902 2678">
    <p class='ocr_par' dir='ltr' id='par_1_29' title="bbox 331 2606 1902 2678">
     <span class='ocr_line' id='line_1_29' title="bbox 331 2606 1902 2678; baseline 0.001 -20"><span class='ocrx_word' id='word_1_195' title='bbox 331 2608 479 2678; x_wconf 72' lang='grc' dir='ltr'>παρὰ</span> <span class='ocrx_word' id='word_1_196' title='bbox 508 2608 601 2660; x_wconf 83' lang='grc' dir='ltr'><strong>τοῦ</strong></span> <span class='ocrx_word' id='word_1_197' title='bbox 649 2606 785 2660; x_wconf 84' lang='grc' dir='ltr'>Θεοῦ</span> <span class='ocrx_word' id='word_1_198' title='bbox 830 2607 1000 2674; x_wconf 80' lang='grc' dir='ltr'>λέγει,</span> <span class='ocrx_word' id='word_1_199' title='bbox 1054 2607 1130 2670; x_wconf 85' lang='grc' dir='ltr'>ὡς</span> <span class='ocrx_word' id='word_1_200' title='bbox 1174 2607 1581 2677; x_wconf 82' lang='grc' dir='ltr'>συγχωροῦντος</span> <span class='ocrx_word' id='word_1_201' title='bbox 1611 2607 1772 2659; x_wconf 79' lang='grc' dir='ltr'>αὑτὸν</span> <span class='ocrx_word' id='word_1_202' title='bbox 1816 2607 1902 2660; x_wconf 79' lang='grc' dir='ltr'><strong>διὰ</strong></span> 
     </span>
    </p>
   </div>
   <div class='ocr_carea' id='block_1_30' title="bbox 330 2696 1903 2768">
    <p class='ocr_par' dir='ltr' id='par_1_30' title="bbox 330 2696 1903 2768">
     <span class='ocr_line' id='line_1_30' title="bbox 330 2696 1903 2768; baseline 0.002 -20"><span class='ocrx_word' id='word_1_203' title='bbox 330 2698 426 2767; x_wconf 77' lang='grc' dir='ltr'>τὴν</span> <span class='ocrx_word' id='word_1_204' title='bbox 448 2697 726 2768; x_wconf 75' lang='grc' dir='ltr'>ἁμαρτίαν</span> <span class='ocrx_word' id='word_1_205' title='bbox 744 2696 956 2751; x_wconf 79' lang='grc' dir='ltr'>παθεῖν.</span> <span class='ocrx_word' id='word_1_206' title='bbox 974 2696 1115 2750; x_wconf 83' lang='grc' dir='ltr'><strong>Ἀπὸ</strong></span> <span class='ocrx_word' id='word_1_207' title='bbox 1146 2697 1256 2766; x_wconf 70' lang='grc' dir='ltr'>γὰρ</span> <span class='ocrx_word' id='word_1_208' title='bbox 1280 2696 1390 2764; x_wconf 84' lang='grc' dir='ltr'>τῆς</span> <span class='ocrx_word' id='word_1_209' title='bbox 1405 2697 1620 2766; x_wconf 81' lang='grc' dir='ltr'>ὶσχὺος</span> <span class='ocrx_word' id='word_1_210' title='bbox 1646 2696 1757 2764; x_wconf 84' lang='grc' dir='ltr'>τῆς</span> <span class='ocrx_word' id='word_1_211' title='bbox 1782 2715 1903 2766; x_wconf 84' lang='grc' dir='ltr'>χει-</span> 
     </span>
    </p>
   </div>
   <div class='ocr_carea' id='block_1_31' title="bbox 324 2785 1895 2857">
    <p class='ocr_par' dir='ltr' id='par_1_31' title="bbox 324 2785 1895 2857">
     <span class='ocr_line' id='line_1_31' title="bbox 324 2785 1895 2857; baseline 0.001 -19"><span class='ocrx_word' id='word_1_212' title='bbox 324 2787 433 2854; x_wconf 76' lang='grc' dir='ltr'>ρός</span> <span class='ocrx_word' id='word_1_213' title='bbox 447 2802 567 2840; x_wconf 81' lang='grc' dir='ltr'><strong>σου</strong></span> <span class='ocrx_word' id='word_1_214' title='bbox 591 2787 705 2855; x_wconf 74' lang='grc' dir='ltr'><strong>ἐγὼ</strong></span> <span class='ocrx_word' id='word_1_215' title='bbox 726 2786 1025 2850; x_wconf 72' lang='grc' dir='ltr'>ἐξέλιπον.</span> <span class='ocrx_word' id='word_1_216' title='bbox 1047 2786 1310 2850; x_wconf 83' lang='grc' dir='ltr'><strong>Πολλάκις</strong></span> <span class='ocrx_word' id='word_1_217' title='bbox 1331 2787 1431 2856; x_wconf 72' lang='grc' dir='ltr'>ἤδη</span> <span class='ocrx_word' id='word_1_218' title='bbox 1446 2788 1545 2857; x_wconf 83' lang='grc' dir='ltr'>τὴν</span> <span class='ocrx_word' id='word_1_219' title='bbox 1564 2785 1895 2849; x_wconf 75' lang='grc' dir='ltr'>κολάζουσαν</span> 
     </span>
    </p>
   </div>
   <div class='ocr_carea' id='block_1_32' title="bbox 327 2876 1888 2948">
    <p class='ocr_par' dir='ltr' id='par_1_32' title="bbox 327 2876 1888 2948">
     <span class='ocr_line' id='line_1_32' title="bbox 327 2876 1888 2948; baseline 0 -20"><span class='ocrx_word' id='word_1_220' title='bbox 327 2877 551 2947; x_wconf 75' lang='grc' dir='ltr'>δύναμιν</span> <span class='ocrx_word' id='word_1_221' title='bbox 589 2881 744 2948; x_wconf 82' lang='grc' dir='ltr'>χεῖρα</span> <span class='ocrx_word' id='word_1_222' title='bbox 772 2876 866 2930; x_wconf 86' lang='grc' dir='ltr'><strong>τοῦ</strong></span> <span class='ocrx_word' id='word_1_223' title='bbox 914 2876 1048 2930; x_wconf 87' lang='grc' dir='ltr'><strong>Θεοῦ</strong></span> <span class='ocrx_word' id='word_1_224' title='bbox 1085 2876 1337 2945; x_wconf 84' lang='grc' dir='ltr'>λέγεσθαι</span> <span class='ocrx_word' id='word_1_225' title='bbox 1379 2876 1888 2946; x_wconf 76' lang='grc' dir='ltr'>ἐμνημονεύσαμεν.</span> 
     </span>
    </p>
   </div>
   <div class='ocr_carea' id='block_1_33' title="bbox 2022 531 3584 603">
    <p class='ocr_par' dir='ltr' id='par_1_33' title="bbox 2022 531 3584 603">
     <span class='ocr_line' id='line_1_33' title="bbox 2022 531 3584 603; baseline 0.003 -18"><span class='ocrx_word' id='word_1_226' title='bbox 2022 534 2271 597; x_wconf 75' lang='lat' dir='ltr'><strong>vanitate,</strong></span> <span class='ocrx_word' id='word_1_227' title='bbox 2298 548 2535 600; x_wconf 79' lang='lat' dir='ltr'><strong>vaporem</strong></span> <span class='ocrx_word' id='word_1_228' title='bbox 2554 531 2720 585; x_wconf 87' lang='lat' dir='ltr'><strong>edidit</strong></span> <span class='ocrx_word' id='word_1_229' title='bbox 2742 531 3117 603; x_wconf 85' lang='lat' dir='ltr'><strong>Symmachus.</strong></span> <span class='ocrx_word' id='word_1_230' title='bbox 3148 532 3512 599; x_wconf 78' lang='lat' dir='ltr'><strong>Tltesaurizat,</strong></span> <span class='ocrx_word' id='word_1_231' title='bbox 3533 548 3584 590; x_wconf 84' lang='lat' dir='ltr'><strong>et</strong></span> 
     </span>
    </p>
   </div>
   <div class='ocr_carea' id='block_1_34' title="bbox 2018 622 3588 693">
    <p class='ocr_par' dir='ltr' id='par_1_34' title="bbox 2018 622 3588 693">
     <span class='ocr_line' id='line_1_34' title="bbox 2018 622 3588 693; baseline 0.003 -17"><span class='ocrx_word' id='word_1_232' title='bbox 2018 625 2226 693; x_wconf 82' lang='lat' dir='ltr'><strong>ignorat</strong></span> <span class='ocrx_word' id='word_1_233' title='bbox 2261 625 2348 677; x_wconf 86' lang='lat' dir='ltr'><strong>cui</strong></span> <span class='ocrx_word' id='word_1_234' title='bbox 2395 622 2729 692; x_wconf 81' lang='lat' dir='ltr'><strong>congregabit</strong></span> <span class='ocrx_word' id='word_1_235' title='bbox 2753 640 2833 678; x_wconf 90' lang='lat' dir='ltr'><strong>ea.</strong></span> <span class='ocrx_word' id='word_1_236' title='bbox 2868 622 3133 688; x_wconf 80' lang='lat' dir='ltr'><strong>Quoniam</strong></span> <span class='ocrx_word' id='word_1_237' title='bbox 3170 625 3231 683; x_wconf 81' lang='lat' dir='ltr'><strong>in</strong></span> <span class='ocrx_word' id='word_1_238' title='bbox 3251 625 3353 681; x_wconf 88' lang='lat' dir='ltr'><strong>hoc</strong></span> <span class='ocrx_word' id='word_1_239' title='bbox 3382 627 3588 681; x_wconf 80' lang='lat' dir='ltr'><strong>mundo</strong></span> 
     </span>
    </p>
   </div>
   <div class='ocr_carea' id='block_1_35' title="bbox 2019 713 3586 781">
    <p class='ocr_par' dir='ltr' id='par_1_35' title="bbox 2019 713 3586 781">
     <span class='ocr_line' id='line_1_35' title="bbox 2019 713 3586 781; baseline 0.001 -13"><span class='ocrx_word' id='word_1_240' title='bbox 2019 730 2126 768; x_wconf 91' lang='lat' dir='ltr'><strong>non</strong></span> <span class='ocrx_word' id='word_1_241' title='bbox 2171 730 2298 768; x_wconf 84' lang='lat' dir='ltr'><strong>vera</strong></span> <span class='ocrx_word' id='word_1_242' title='bbox 2341 713 2575 767; x_wconf 75' lang='lat' dir='ltr'><strong>vivimus</strong></span> <span class='ocrx_word' id='word_1_243' title='bbox 2612 713 2742 777; x_wconf 89' lang='lat' dir='ltr'><strong>vita,</strong></span> <span class='ocrx_word' id='word_1_244' title='bbox 2772 713 2862 767; x_wconf 83' lang='lat' dir='ltr'><strong>sed</strong></span> <span class='ocrx_word' id='word_1_245' title='bbox 2895 714 3053 781; x_wconf 84' lang='lat' dir='ltr'><strong>quasi</strong></span> <span class='ocrx_word' id='word_1_246' title='bbox 3100 714 3153 767; x_wconf 87' lang='lat' dir='ltr'><strong>in</strong></span> <span class='ocrx_word' id='word_1_247' title='bbox 3191 714 3460 781; x_wconf 72' lang='lat' dir='ltr'><strong>imagine:</strong></span> <span class='ocrx_word' id='word_1_248' title='bbox 3488 729 3586 769; x_wconf 74' lang='lat' dir='ltr'><strong>ne-</strong></span> 
     </span>
    </p>
   </div>
   <div class='ocr_carea' id='block_1_36' title="bbox 2017 803 3581 873">
    <p class='ocr_par' dir='ltr' id='par_1_36' title="bbox 2017 803 3581 873">
     <span class='ocr_line' id='line_1_36' title="bbox 2017 803 3581 873; baseline 0.002 -17"><span class='ocrx_word' id='word_1_249' title='bbox 2017 819 2122 873; x_wconf 88' lang='lat' dir='ltr'><strong>que</strong></span> <span class='ocrx_word' id='word_1_250' title='bbox 2156 805 2308 859; x_wconf 89' lang='lat' dir='ltr'><strong>deiis</strong></span> <span class='ocrx_word' id='word_1_251' title='bbox 2332 820 2452 873; x_wconf 68' lang='lat' dir='ltr'><strong>quae</strong></span> <span class='ocrx_word' id='word_1_252' title='bbox 2469 820 2593 858; x_wconf 93' lang='lat' dir='ltr'><strong>vere</strong></span> <span class='ocrx_word' id='word_1_253' title='bbox 2625 805 2765 858; x_wconf 89' lang='lat' dir='ltr'><strong>bona</strong></span> <span class='ocrx_word' id='word_1_254' title='bbox 2798 813 3216 864; x_wconf 75' lang='lat' dir='ltr'><strong>suntcuramus,</strong></span> <span class='ocrx_word' id='word_1_255' title='bbox 3241 804 3361 859; x_wconf 92' lang='lat' dir='ltr'><strong>ideo</strong></span> <span class='ocrx_word' id='word_1_256' title='bbox 3379 803 3581 859; x_wconf 77' lang='lat' dir='ltr'><strong>frustra</strong></span> 
     </span>
    </p>
   </div>
   <div class='ocr_carea' id='block_1_37' title="bbox 2016 893 3581 959">
    <p class='ocr_par' dir='ltr' id='par_1_37' title="bbox 2016 893 3581 959">
     <span class='ocr_line' id='line_1_37' title="bbox 2016 893 3581 959; baseline -0.001 -10"><span class='ocrx_word' id='word_1_257' title='bbox 2016 896 2427 959; x_wconf 71' lang='lat' dir='ltr'><strong>conturbamur,</strong></span> <span class='ocrx_word' id='word_1_258' title='bbox 2472 893 2601 947; x_wconf 87' lang='lat' dir='ltr'><strong>dum</strong></span> <span class='ocrx_word' id='word_1_259' title='bbox 2643 894 2693 946; x_wconf 90' lang='lat' dir='ltr'><strong>in</strong></span> <span class='ocrx_word' id='word_1_260' title='bbox 2724 893 3079 947; x_wconf 67' lang='lat' dir='ltr'><strong>srecularibus</strong></span> <span class='ocrx_word' id='word_1_261' title='bbox 3114 909 3395 947; x_wconf 89' lang='lat' dir='ltr'><strong>versamur</strong></span> <span class='ocrx_word' id='word_1_262' title='bbox 3436 894 3581 949; x_wconf 83' lang='lat' dir='ltr'><strong>desi-</strong></span> 
     </span>
    </p>
   </div>
   <div class='ocr_carea' id='block_1_38' title="bbox 2014 983 3580 1055">
    <p class='ocr_par' dir='ltr' id='par_1_38' title="bbox 2014 983 3580 1055">
     <span class='ocr_line' id='line_1_38' title="bbox 2014 983 3580 1055; baseline 0.001 -18"><span class='ocrx_word' id='word_1_263' title='bbox 2014 983 2203 1046; x_wconf 87' lang='lat' dir='ltr'><strong>deriis,</strong></span> <span class='ocrx_word' id='word_1_264' title='bbox 2238 992 2293 1037; x_wconf 92' lang='lat' dir='ltr'><strong>et</strong></span> <span class='ocrx_word' id='word_1_265' title='bbox 2334 985 2622 1039; x_wconf 82' lang='lat' dir='ltr'><strong>thesauros</strong></span> <span class='ocrx_word' id='word_1_266' title='bbox 2649 984 2974 1053; x_wconf 76' lang='lat' dir='ltr'><strong>colligimus,</strong></span> <span class='ocrx_word' id='word_1_267' title='bbox 3007 998 3235 1053; x_wconf 88' lang='lat' dir='ltr'><strong>quorum</strong></span> <span class='ocrx_word' id='word_1_268' title='bbox 3268 985 3580 1055; x_wconf 77' lang='lat' dir='ltr'><strong>ignoramus</strong></span> 
     </span>
    </p>
   </div>
   <div class='ocr_carea' id='block_1_39' title="bbox 2015 1072 2273 1127">
    <p class='ocr_par' dir='ltr' id='par_1_39' title="bbox 2015 1072 2273 1127">
     <span class='ocr_line' id='line_1_39' title="bbox 2015 1072 2273 1127; baseline 0.004 -1"><span class='ocrx_word' id='word_1_269' title='bbox 2015 1072 2273 1127; x_wconf 70' lang='lat' dir='ltr'><strong>htercdes.</strong></span> 
     </span>
    </p>
   </div>
   <div class='ocr_carea' id='block_1_40' title="bbox 2082 1160 3579 1232">
    <p class='ocr_par' dir='ltr' id='par_1_40' title="bbox 2082 1160 3579 1232">
     <span class='ocr_line' id='line_1_40' title="bbox 2082 1160 3579 1232; baseline 0.003 -17"><span class='ocrx_word' id='word_1_270' title='bbox 2082 1161 2132 1215; x_wconf 90' lang='lat'><strong>8.</strong></span> <span class='ocrx_word' id='word_1_271' title='bbox 2163 1160 2229 1213; x_wconf 88' lang='lat' dir='ltr'><strong>Et</strong></span> <span class='ocrx_word' id='word_1_272' title='bbox 2259 1176 2396 1213; x_wconf 84' lang='lat' dir='ltr'><strong>nunc</strong></span> <span class='ocrx_word' id='word_1_273' title='bbox 2421 1178 2537 1230; x_wconf 68' lang='lat' dir='ltr'><strong>quae</strong></span> <span class='ocrx_word' id='word_1_274' title='bbox 2565 1172 2642 1217; x_wconf 85' lang='lat' dir='ltr'><strong>est</strong></span> <span class='ocrx_word' id='word_1_275' title='bbox 2674 1165 2992 1232; x_wconf 76' lang='lat' dir='ltr'><strong>exspectatio</strong></span> <span class='ocrx_word' id='word_1_276' title='bbox 3022 1181 3157 1228; x_wconf 87' lang='lat' dir='ltr'><strong>mea,</strong></span> <span class='ocrx_word' id='word_1_277' title='bbox 3194 1181 3359 1219; x_wconf 73' lang='lat' dir='ltr'><strong>nonus</strong></span> <span class='ocrx_word' id='word_1_278' title='bbox 3395 1165 3552 1220; x_wconf 82' lang='lat' dir='ltr'><strong>Domi</strong></span> <span class='ocrx_word' id='word_1_279' title='bbox 3560 1194 3579 1205; x_wconf 90' lang='lat'><strong>-</strong></span> 
     </span>
    </p>
   </div>
   <div class='ocr_carea' id='block_1_41' title="bbox 2013 1249 3578 1325">
    <p class='ocr_par' dir='ltr' id='par_1_41' title="bbox 2013 1249 3578 1325">
     <span class='ocr_line' id='line_1_41' title="bbox 2013 1249 3578 1325; baseline 0.003 -21"><span class='ocrx_word' id='word_1_280' title='bbox 2013 1252 2153 1304; x_wconf 87' lang='lat' dir='ltr'><strong>nus?</strong></span> <span class='ocrx_word' id='word_1_281' title='bbox 2181 1249 2311 1304; x_wconf 83' lang='lat' dir='ltr'><strong>Jure</strong></span> <span class='ocrx_word' id='word_1_282' title='bbox 2346 1266 2403 1306; x_wconf 88' lang='lat' dir='ltr'><strong>se</strong></span> <span class='ocrx_word' id='word_1_283' title='bbox 2446 1267 2597 1320; x_wconf 90' lang='lat' dir='ltr'><strong>spem</strong></span> <span class='ocrx_word' id='word_1_284' title='bbox 2629 1254 2682 1307; x_wconf 89' lang='lat' dir='ltr'><strong>in</strong></span> <span class='ocrx_word' id='word_1_285' title='bbox 2716 1254 3003 1308; x_wconf 90' lang='lat' dir='ltr'><strong>Dominum</strong></span> <span class='ocrx_word' id='word_1_286' title='bbox 3036 1256 3328 1325; x_wconf 84' lang='lat' dir='ltr'><strong>repositam</strong></span> <span class='ocrx_word' id='word_1_287' title='bbox 3371 1256 3446 1310; x_wconf 88' lang='lat' dir='ltr'><strong>ait</strong></span> <span class='ocrx_word' id='word_1_288' title='bbox 3476 1256 3578 1309; x_wconf 80' lang='lat' dir='ltr'><strong>Ita-</strong></span> 
     </span>
    </p>
   </div>
   <div class='ocr_carea' id='block_1_42' title="bbox 2012 1342 3574 1417">
    <p class='ocr_par' dir='ltr' id='par_1_42' title="bbox 2012 1342 3574 1417">
     <span class='ocr_line' id='line_1_42' title="bbox 2012 1342 3574 1417; baseline 0.003 -22"><span class='ocrx_word' id='word_1_289' title='bbox 2012 1342 2160 1404; x_wconf 86' lang='lat' dir='ltr'><strong>bere,</strong></span> <span class='ocrx_word' id='word_1_290' title='bbox 2187 1351 2371 1410; x_wconf 81' lang='lat' dir='ltr'><strong>utpote</strong></span> <span class='ocrx_word' id='word_1_291' title='bbox 2407 1343 2500 1411; x_wconf 86' lang='lat' dir='ltr'><strong>qui</strong></span> <span class='ocrx_word' id='word_1_292' title='bbox 2535 1344 2919 1399; x_wconf 89' lang='lat' dir='ltr'><strong>distractiones</strong></span> <span class='ocrx_word' id='word_1_293' title='bbox 2942 1345 3103 1414; x_wconf 88' lang='lat' dir='ltr'><strong>hujus</strong></span> <span class='ocrx_word' id='word_1_294' title='bbox 3122 1347 3244 1400; x_wconf 69' lang='lat' dir='ltr'><strong>vitae</strong></span> <span class='ocrx_word' id='word_1_295' title='bbox 3264 1355 3574 1417; x_wconf 77' lang='lat' dir='ltr'><strong>cognoscat.</strong></span> 
     </span>
    </p>
   </div>
   <div class='ocr_carea' id='block_1_43' title="bbox 2013 1432 3579 1506">
    <p class='ocr_par' dir='ltr' id='par_1_43' title="bbox 2013 1432 3579 1506">
     <span class='ocr_line' id='line_1_43' title="bbox 2013 1432 3579 1506; baseline 0.003 -21"><span class='ocrx_word' id='word_1_296' title='bbox 2013 1432 2081 1485; x_wconf 82' lang='lat' dir='ltr'><strong>Et</strong></span> <span class='ocrx_word' id='word_1_297' title='bbox 2112 1432 2410 1486; x_wconf 75' lang='lat' dir='ltr'><strong>substantia</strong></span> <span class='ocrx_word' id='word_1_298' title='bbox 2434 1450 2548 1487; x_wconf 86' lang='lat' dir='ltr'><strong>mea</strong></span> <span class='ocrx_word' id='word_1_299' title='bbox 2572 1435 2709 1502; x_wconf 87' lang='lat' dir='ltr'><strong>apud</strong></span> <span class='ocrx_word' id='word_1_300' title='bbox 2732 1446 2781 1489; x_wconf 92' lang='lat' dir='ltr'><strong>te</strong></span> <span class='ocrx_word' id='word_1_301' title='bbox 2799 1446 2892 1489; x_wconf 83' lang='lat' dir='ltr'><strong>est.</strong></span> <span class='ocrx_word' id='word_1_302' title='bbox 2913 1435 2968 1490; x_wconf 87' lang='lat' dir='ltr'><strong>Id</strong></span> <span class='ocrx_word' id='word_1_303' title='bbox 2984 1445 3067 1490; x_wconf 91' lang='lat' dir='ltr'><strong>est</strong></span> <span class='ocrx_word' id='word_1_304' title='bbox 3084 1437 3434 1506; x_wconf 80' lang='lat' dir='ltr'><strong>exspectatio,</strong></span> <span class='ocrx_word' id='word_1_305' title='bbox 3464 1437 3579 1492; x_wconf 85' lang='lat' dir='ltr'><strong>sive</strong></span> 
     </span>
    </p>
   </div>
   <div class='ocr_carea' id='block_1_44' title="bbox 2009 1524 2263 1592">
    <p class='ocr_par' dir='ltr' id='par_1_44' title="bbox 2009 1524 2263 1592">
     <span class='ocr_line' id='line_1_44' title="bbox 2009 1524 2263 1592; baseline 0 -16"><span class='ocrx_word' id='word_1_306' title='bbox 2009 1524 2263 1592; x_wconf 87' lang='lat' dir='ltr'><strong>patientia</strong></span> 
     </span>
    </p>
   </div>
   <div class='ocr_carea' id='block_1_45' title="bbox 2081 1617 3572 1688">
    <p class='ocr_par' dir='ltr' id='par_1_45' title="bbox 2081 1617 3572 1688">
     <span class='ocr_line' id='line_1_45' title="bbox 2081 1617 3572 1688; baseline 0.001 -18"><span class='ocrx_word' id='word_1_307' title='bbox 2081 1619 2133 1671; x_wconf 93' lang='lat'><strong>9.</strong></span> <span class='ocrx_word' id='word_1_308' title='bbox 2163 1617 2511 1687; x_wconf 87' lang='lat' dir='ltr'><strong>Opprobrium</strong></span> <span class='ocrx_word' id='word_1_309' title='bbox 2535 1620 2802 1688; x_wconf 85' lang='lat' dir='ltr'><strong>insipienti</strong></span> <span class='ocrx_word' id='word_1_310' title='bbox 2821 1620 3013 1673; x_wconf 80' lang='lat' dir='ltr'><strong>dedisti</strong></span> <span class='ocrx_word' id='word_1_311' title='bbox 3037 1636 3134 1673; x_wconf 90' lang='lat' dir='ltr'><strong>me.</strong></span> <span class='ocrx_word' id='word_1_312' title='bbox 3160 1617 3236 1673; x_wconf 79' lang='lat' dir='ltr'><strong>Nc</strong></span> <span class='ocrx_word' id='word_1_313' title='bbox 3261 1619 3443 1675; x_wconf 88' lang='lat' dir='ltr'><strong>tradas</strong></span> <span class='ocrx_word' id='word_1_314' title='bbox 3467 1634 3572 1681; x_wconf 85' lang='lat' dir='ltr'><strong>me,</strong></span> 
     </span>
    </p>
   </div>
   <div class='ocr_carea' id='block_1_46' title="bbox 2010 1708 3574 1779">
    <p class='ocr_par' dir='ltr' id='par_1_46' title="bbox 2010 1708 3574 1779">
     <span class='ocr_line' id='line_1_46' title="bbox 2010 1708 3574 1779; baseline 0.001 -19"><span class='ocrx_word' id='word_1_315' title='bbox 2010 1708 2205 1777; x_wconf 85' lang='lat' dir='ltr'><strong>inquit,</strong></span> <span class='ocrx_word' id='word_1_316' title='bbox 2242 1710 2295 1763; x_wconf 92' lang='lat' dir='ltr'><strong>in</strong></span> <span class='ocrx_word' id='word_1_317' title='bbox 2343 1710 2692 1779; x_wconf 78' lang='lat' dir='ltr'><strong>opprobrium</strong></span> <span class='ocrx_word' id='word_1_318' title='bbox 2717 1729 2733 1761; x_wconf 83' lang='lat'><strong>.-</strong></span> <span class='ocrx_word' id='word_1_319' title='bbox 2769 1725 2835 1764; x_wconf 92' lang='lat' dir='ltr'><strong>eo</strong></span> <span class='ocrx_word' id='word_1_320' title='bbox 2868 1710 3012 1779; x_wconf 86' lang='lat' dir='ltr'><strong>quod</strong></span> <span class='ocrx_word' id='word_1_321' title='bbox 3048 1719 3104 1765; x_wconf 89' lang='lat' dir='ltr'><strong>tu</strong></span> <span class='ocrx_word' id='word_1_322' title='bbox 3135 1710 3188 1763; x_wconf 93' lang='lat' dir='ltr'><strong>in</strong></span> <span class='ocrx_word' id='word_1_323' title='bbox 3244 1725 3329 1764; x_wconf 87' lang='lat' dir='ltr'><strong>me</strong></span> <span class='ocrx_word' id='word_1_324' title='bbox 3358 1709 3435 1764; x_wconf 89' lang='lat' dir='ltr'><strong>sis</strong></span> <span class='ocrx_word' id='word_1_325' title='bbox 3480 1710 3574 1779; x_wconf 82' lang='lat' dir='ltr'><strong>qui</strong></span> 
     </span>
    </p>
   </div>
   <div class='ocr_carea' id='block_1_47' title="bbox 1933 1784 2621 1871">
    <p class='ocr_par' dir='ltr' id='par_1_47' title="bbox 1933 1784 2621 1871">
     <span class='ocr_line' id='line_1_47' title="bbox 1933 1784 2621 1871; baseline 0 -15"><span class='ocrx_word' id='word_1_326' title='bbox 1933 1784 1977 1838; x_wconf 77' lang='grc' dir='ltr'><strong>Β</strong></span> <span class='ocrx_word' id='word_1_327' title='bbox 2004 1800 2311 1871; x_wconf 82' lang='lat' dir='ltr'><strong>opprobriis</strong></span> <span class='ocrx_word' id='word_1_328' title='bbox 2356 1802 2621 1856; x_wconf 82' lang='lat' dir='ltr'><strong>oneraris.</strong></span> 
     </span>
    </p>
   </div>
   <div class='ocr_carea' id='block_1_48' title="bbox 2075 1890 3574 1963">
    <p class='ocr_par' dir='ltr' id='par_1_48' title="bbox 2075 1890 3574 1963">
     <span class='ocr_line' id='line_1_48' title="bbox 2075 1890 3574 1963; baseline 0.001 -19"><span class='ocrx_word' id='word_1_329' title='bbox 2075 1891 2161 1944; x_wconf 79' lang='grc'><strong>10.</strong></span> <span class='ocrx_word' id='word_1_330' title='bbox 2205 1890 2479 1958; x_wconf 81' lang='lat' dir='ltr'><strong>Obmutui,</strong></span> <span class='ocrx_word' id='word_1_331' title='bbox 2509 1903 2555 1946; x_wconf 88' lang='lat' dir='ltr'><strong>et</strong></span> <span class='ocrx_word' id='word_1_332' title='bbox 2587 1909 2688 1946; x_wconf 88' lang='lat' dir='ltr'><strong>non</strong></span> <span class='ocrx_word' id='word_1_333' title='bbox 2710 1895 2891 1961; x_wconf 84' lang='lat' dir='ltr'><strong>aperui</strong></span> <span class='ocrx_word' id='word_1_334' title='bbox 2922 1909 2977 1945; x_wconf 91' lang='lat' dir='ltr'><strong>os</strong></span> <span class='ocrx_word' id='word_1_335' title='bbox 3023 1909 3215 1959; x_wconf 86' lang='lat' dir='ltr'><strong>meum,</strong></span> <span class='ocrx_word' id='word_1_336' title='bbox 3244 1895 3489 1963; x_wconf 86' lang='lat' dir='ltr'><strong>quoniam</strong></span> <span class='ocrx_word' id='word_1_337' title='bbox 3518 1901 3574 1945; x_wconf 81' lang='lat' dir='ltr'><strong>tu</strong></span> 
     </span>
    </p>
   </div>
   <div class='ocr_carea' id='block_1_49' title="bbox 2008 1982 3575 2052">
    <p class='ocr_par' dir='ltr' id='par_1_49' title="bbox 2008 1982 3575 2052">
     <span class='ocr_line' id='line_1_49' title="bbox 2008 1982 3575 2052; baseline 0 -18"><span class='ocrx_word' id='word_1_338' title='bbox 2008 1982 2198 2050; x_wconf 82' lang='lat' dir='ltr'><strong>fecisti.</strong></span> <span class='ocrx_word' id='word_1_339' title='bbox 2231 1982 2508 2038; x_wconf 87' lang='lat' dir='ltr'><strong>Conviciis</strong></span> <span class='ocrx_word' id='word_1_340' title='bbox 2533 1985 2829 2052; x_wconf 89' lang='lat' dir='ltr'><strong>impetitus,</strong></span> <span class='ocrx_word' id='word_1_341' title='bbox 2870 1983 3067 2052; x_wconf 88' lang='lat' dir='ltr'><strong>inquit,</strong></span> <span class='ocrx_word' id='word_1_342' title='bbox 3102 1984 3369 2045; x_wconf 88' lang='lat' dir='ltr'><strong>tacebam,</strong></span> <span class='ocrx_word' id='word_1_343' title='bbox 3408 1982 3575 2050; x_wconf 83' lang='lat' dir='ltr'><strong>probe</strong></span> 
     </span>
    </p>
   </div>
   <div class='ocr_carea' id='block_1_50' title="bbox 2007 2071 3573 2144">
    <p class='ocr_par' dir='ltr' id='par_1_50' title="bbox 2007 2071 3573 2144">
     <span class='ocr_line' id='line_1_50' title="bbox 2007 2071 3573 2144; baseline -0.001 -18"><span class='ocrx_word' id='word_1_344' title='bbox 2007 2089 2209 2142; x_wconf 80' lang='lat' dir='ltr'><strong>gnarus</strong></span> <span class='ocrx_word' id='word_1_345' title='bbox 2248 2084 2299 2128; x_wconf 90' lang='lat' dir='ltr'><strong>te</strong></span> <span class='ocrx_word' id='word_1_346' title='bbox 2340 2090 2459 2129; x_wconf 90' lang='lat' dir='ltr'><strong>esse</strong></span> <span class='ocrx_word' id='word_1_347' title='bbox 2496 2077 2585 2144; x_wconf 90' lang='lat' dir='ltr'><strong>qui</strong></span> <span class='ocrx_word' id='word_1_348' title='bbox 2635 2088 2721 2128; x_wconf 88' lang='lat' dir='ltr'><strong>me</strong></span> <span class='ocrx_word' id='word_1_349' title='bbox 2769 2075 3018 2144; x_wconf 88' lang='lat' dir='ltr'><strong>supplicii</strong></span> <span class='ocrx_word' id='word_1_350' title='bbox 3070 2083 3164 2129; x_wconf 88' lang='lat' dir='ltr'><strong>aut</strong></span> <span class='ocrx_word' id='word_1_351' title='bbox 3198 2071 3573 2143; x_wconf 72' lang='lat' dir='ltr'><strong>castigationis</strong></span> 
     </span>
    </p>
   </div>
   <div class='ocr_carea' id='block_1_51' title="bbox 2007 2162 3262 2239">
    <p class='ocr_par' dir='ltr' id='par_1_51' title="bbox 2007 2162 3262 2239">
     <span class='ocr_line' id='line_1_51' title="bbox 2007 2162 3262 2239; baseline -0.002 -21"><span class='ocrx_word' id='word_1_352' title='bbox 2007 2178 2171 2218; x_wconf 85' lang='lat' dir='ltr'><strong>causa</strong></span> <span class='ocrx_word' id='word_1_353' title='bbox 2224 2162 2290 2216; x_wconf 92' lang='lat' dir='ltr'><strong>ad</strong></span> <span class='ocrx_word' id='word_1_354' title='bbox 2324 2162 2589 2239; x_wconf 82' lang='lat' dir='ltr'><strong>ejusmodi</strong></span> <span class='ocrx_word' id='word_1_355' title='bbox 2624 2165 2914 2233; x_wconf 89' lang='lat' dir='ltr'><strong>opprobria</strong></span> <span class='ocrx_word' id='word_1_356' title='bbox 2953 2163 3262 2218; x_wconf 80' lang='lat' dir='ltr'><strong>destinasti.</strong></span> 
     </span>
    </p>
   </div>
   <div class='ocr_carea' id='block_1_52' title="bbox 2077 2247 3581 2322">
    <p class='ocr_par' dir='ltr' id='par_1_52' title="bbox 2077 2247 3581 2322">
     <span class='ocr_line' id='line_1_52' title="bbox 2077 2247 3581 2322; baseline -0.001 -18"><span class='ocrx_word' id='word_1_357' title='bbox 2077 2253 2161 2305; x_wconf 77' lang='lat' dir='ltr'><strong>il.</strong></span> <span class='ocrx_word' id='word_1_358' title='bbox 2194 2252 2387 2305; x_wconf 77' lang='lat' dir='ltr'><strong>Amore</strong></span> <span class='ocrx_word' id='word_1_359' title='bbox 2408 2269 2440 2305; x_wconf 91' lang='lat' dir='ltr'><strong>a</strong></span> <span class='ocrx_word' id='word_1_360' title='bbox 2462 2269 2540 2305; x_wconf 82' lang='lat' dir='ltr'><strong>me</strong></span> <span class='ocrx_word' id='word_1_361' title='bbox 2567 2253 2751 2322; x_wconf 85' lang='lat' dir='ltr'><strong>plagas</strong></span> <span class='ocrx_word' id='word_1_362' title='bbox 2778 2263 2915 2305; x_wconf 86' lang='lat' dir='ltr'><strong>tuas.</strong></span> <span class='ocrx_word' id='word_1_363' title='bbox 2951 2251 3186 2306; x_wconf 87' lang='lat' dir='ltr'><strong>lnllictas</strong></span> <span class='ocrx_word' id='word_1_364' title='bbox 3223 2250 3431 2305; x_wconf 82' lang='lat' dir='ltr'><strong>scilicet</strong></span> <span class='ocrx_word' id='word_1_365' title='bbox 3468 2247 3581 2304; x_wconf 35' lang='lat' dir='ltr'><strong>sibi.</strong></span> 
     </span>
    </p>
   </div>
   <div class='ocr_carea' id='block_1_53' title="bbox 2003 2335 3573 2410">
    <p class='ocr_par' dir='ltr' id='par_1_53' title="bbox 2003 2335 3573 2410">
     <span class='ocr_line' id='line_1_53' title="bbox 2003 2335 3573 2410; baseline -0.004 -15"><span class='ocrx_word' id='word_1_366' title='bbox 2003 2355 2193 2410; x_wconf 69' lang='lat' dir='ltr'><strong>poenas</strong></span> <span class='ocrx_word' id='word_1_367' title='bbox 2216 2358 2245 2394; x_wconf 89' lang='lat' dir='ltr'><strong>a</strong></span> <span class='ocrx_word' id='word_1_368' title='bbox 2278 2342 2716 2403; x_wconf 41' lang='lat' dir='ltr'><strong>daemonibusra</strong></span> <span class='ocrx_word' id='word_1_369' title='bbox 2751 2340 2860 2393; x_wconf 86' lang='lat' dir='ltr'><strong>Deo</strong></span> <span class='ocrx_word' id='word_1_370' title='bbox 2892 2355 3014 2394; x_wconf 89' lang='lat' dir='ltr'><strong>esse</strong></span> <span class='ocrx_word' id='word_1_371' title='bbox 3056 2340 3207 2403; x_wconf 90' lang='lat' dir='ltr'><strong>dicit,</strong></span> <span class='ocrx_word' id='word_1_372' title='bbox 3259 2347 3438 2406; x_wconf 85' lang='lat' dir='ltr'><strong>utpote</strong></span> <span class='ocrx_word' id='word_1_373' title='bbox 3477 2335 3573 2404; x_wconf 86' lang='lat' dir='ltr'><strong>qui</strong></span> 
     </span>
    </p>
   </div>
   <div class='ocr_carea' id='block_1_54' title="bbox 2002 2426 3571 2499">
    <p class='ocr_par' dir='ltr' id='par_1_54' title="bbox 2002 2426 3571 2499">
     <span class='ocr_line' id='line_1_54' title="bbox 2002 2426 3571 2499; baseline -0.006 -15"><span class='ocrx_word' id='word_1_374' title='bbox 2002 2433 2331 2485; x_wconf 89' lang='lat' dir='ltr'><strong>concesserit</strong></span> <span class='ocrx_word' id='word_1_375' title='bbox 2369 2446 2492 2484; x_wconf 90' lang='lat' dir='ltr'><strong>eum</strong></span> <span class='ocrx_word' id='word_1_376' title='bbox 2528 2431 2733 2499; x_wconf 88' lang='lat' dir='ltr'><strong>peccati</strong></span> <span class='ocrx_word' id='word_1_377' title='bbox 2775 2445 2939 2483; x_wconf 89' lang='lat' dir='ltr'><strong>causa</strong></span> <span class='ocrx_word' id='word_1_378' title='bbox 2977 2428 3237 2496; x_wconf 87' lang='lat' dir='ltr'><strong>torqueri.</strong></span> <span class='ocrx_word' id='word_1_379' title='bbox 3272 2428 3316 2480; x_wconf 83' lang='lat' dir='ltr'><strong><em>A</em></strong></span> <span class='ocrx_word' id='word_1_380' title='bbox 3354 2426 3571 2494; x_wconf 72' lang='lat' dir='ltr'><strong>fortitu—</strong></span> 
     </span>
    </p>
   </div>
   <div class='ocr_carea' id='block_1_55' title="bbox 2000 2512 3570 2587">
    <p class='ocr_par' dir='ltr' id='par_1_55' title="bbox 2000 2512 3570 2587">
     <span class='ocr_line' id='line_1_55' title="bbox 2000 2512 3570 2587; baseline -0.007 -14"><span class='ocrx_word' id='word_1_381' title='bbox 2000 2522 2120 2573; x_wconf 84' lang='lat' dir='ltr'><strong>dine</strong></span> <span class='ocrx_word' id='word_1_382' title='bbox 2157 2521 2295 2573; x_wconf 87' lang='lat' dir='ltr'><strong>enim</strong></span> <span class='ocrx_word' id='word_1_383' title='bbox 2344 2536 2530 2573; x_wconf 85' lang='lat' dir='ltr'><strong>manus</strong></span> <span class='ocrx_word' id='word_1_384' title='bbox 2584 2527 2689 2572; x_wconf 66' lang='lat' dir='ltr'><strong>tua?</strong></span> <span class='ocrx_word' id='word_1_385' title='bbox 2726 2534 2818 2587; x_wconf 85' lang='lat' dir='ltr'><strong>ego</strong></span> <span class='ocrx_word' id='word_1_386' title='bbox 2863 2517 3050 2585; x_wconf 78' lang='lat' dir='ltr'><strong>defeci.</strong></span> <span class='ocrx_word' id='word_1_387' title='bbox 3098 2514 3421 2581; x_wconf 80' lang='lat' dir='ltr'><strong>Plerumque</strong></span> <span class='ocrx_word' id='word_1_388' title='bbox 3455 2512 3570 2579; x_wconf 84' lang='lat' dir='ltr'><strong>jam</strong></span> 
     </span>
    </p>
   </div>
   <div class='ocr_carea' id='block_1_56' title="bbox 2001 2603 3565 2664">
    <p class='ocr_par' dir='ltr' id='par_1_56' title="bbox 2001 2603 3565 2664">
     <span class='ocr_line' id='line_1_56' title="bbox 2001 2603 3565 2664; baseline -0.006 -1"><span class='ocrx_word' id='word_1_389' title='bbox 2001 2610 2247 2664; x_wconf 87' lang='lat' dir='ltr'><strong>ultricem</strong></span> <span class='ocrx_word' id='word_1_390' title='bbox 2271 2611 2520 2663; x_wconf 84' lang='lat' dir='ltr'><strong>virtutem</strong></span> <span class='ocrx_word' id='word_1_391' title='bbox 2554 2623 2773 2663; x_wconf 90' lang='lat' dir='ltr'><strong>manum</strong></span> <span class='ocrx_word' id='word_1_392' title='bbox 2804 2607 2893 2661; x_wconf 89' lang='lat' dir='ltr'><strong>Dei</strong></span> <span class='ocrx_word' id='word_1_393' title='bbox 2918 2608 3094 2660; x_wconf 84' lang='lat' dir='ltr'><strong>vocari</strong></span> <span class='ocrx_word' id='word_1_394' title='bbox 3119 2603 3565 2659; x_wconf 86' lang='lat' dir='ltr'><strong>memoravimus.</strong></span> 
     </span>
    </p>
   </div>
   <div class='ocr_carea' id='block_1_57' title="bbox 1999 2696 3568 2767">
    <p class='ocr_par' dir='ltr' id='par_1_57' title="bbox 1999 2696 3568 2767">
     <span class='ocr_line' id='line_1_57' title="bbox 1999 2696 3568 2767; baseline -0.004 -18"><span class='ocrx_word' id='word_1_395' title='bbox 1999 2696 2103 2764; x_wconf 88' lang='lat' dir='ltr'><strong>Qui</strong></span> <span class='ocrx_word' id='word_1_396' title='bbox 2125 2714 2247 2752; x_wconf 89' lang='lat' dir='ltr'><strong>cum</strong></span> <span class='ocrx_word' id='word_1_397' title='bbox 2282 2700 2476 2753; x_wconf 89' lang='lat' dir='ltr'><strong>acriter</strong></span> <span class='ocrx_word' id='word_1_398' title='bbox 2504 2698 2754 2767; x_wconf 83' lang='lat' dir='ltr'><strong>ﬂagellat,</strong></span> <span class='ocrx_word' id='word_1_399' title='bbox 2780 2696 2957 2748; x_wconf 87' lang='lat' dir='ltr'><strong>delicit</strong></span> <span class='ocrx_word' id='word_1_400' title='bbox 2979 2696 3069 2765; x_wconf 92' lang='lat' dir='ltr'><strong>qui</strong></span> <span class='ocrx_word' id='word_1_401' title='bbox 3091 2697 3407 2762; x_wconf 81' lang='lat' dir='ltr'><strong>castigatur,</strong></span> <span class='ocrx_word' id='word_1_402' title='bbox 3430 2705 3568 2757; x_wconf 88' lang='lat' dir='ltr'><strong>qua-</strong></span> 
     </span>
    </p>
   </div>
   <div class='ocr_carea' id='block_1_58' title="bbox 2002 2780 3577 2853">
    <p class='ocr_par' dir='ltr' id='par_1_58' title="bbox 2002 2780 3577 2853">
     <span class='ocr_line' id='line_1_58' title="bbox 2002 2780 3577 2853; baseline -0.004 -14"><span class='ocrx_word' id='word_1_403' title='bbox 2002 2795 2159 2841; x_wconf 88' lang='lat' dir='ltr'><strong>tenus</strong></span> <span class='ocrx_word' id='word_1_404' title='bbox 2182 2788 2303 2842; x_wconf 88' lang='lat' dir='ltr'><strong>talis</strong></span> <span class='ocrx_word' id='word_1_405' title='bbox 2328 2797 2432 2851; x_wconf 89' lang='lat' dir='ltr'><strong>est,</strong></span> <span class='ocrx_word' id='word_1_406' title='bbox 2466 2788 2672 2842; x_wconf 85' lang='lat' dir='ltr'><strong>scilicet</strong></span> <span class='ocrx_word' id='word_1_407' title='bbox 2696 2786 2964 2848; x_wconf 76' lang='lat' dir='ltr'><strong>infirmus,</strong></span> <span class='ocrx_word' id='word_1_408' title='bbox 2996 2785 3087 2853; x_wconf 87' lang='lat' dir='ltr'><strong>qui</strong></span> <span class='ocrx_word' id='word_1_409' title='bbox 3115 2799 3223 2837; x_wconf 86' lang='lat' dir='ltr'><strong>non</strong></span> <span class='ocrx_word' id='word_1_410' title='bbox 3265 2784 3358 2836; x_wconf 90' lang='lat' dir='ltr'><strong>diu</strong></span> <span class='ocrx_word' id='word_1_411' title='bbox 3398 2780 3577 2834; x_wconf 82' lang='lat' dir='ltr'><strong>valeat</strong></span> 
     </span>
    </p>
   </div>
   <div class='ocr_carea' id='block_1_59' title="bbox 1996 2878 2503 2932">
    <p class='ocr_par' dir='ltr' id='par_1_59' title="bbox 1996 2878 2503 2932">
     <span class='ocr_line' id='line_1_59' title="bbox 1996 2878 2503 2932; baseline 0 -1"><span class='ocrx_word' id='word_1_412' title='bbox 1996 2878 2221 2932; x_wconf 87' lang='lat' dir='ltr'><strong>verbera</strong></span> <span class='ocrx_word' id='word_1_413' title='bbox 2258 2880 2503 2932; x_wconf 89' lang='lat' dir='ltr'><strong>tolerare.</strong></span> 
     </span>
    </p>
   </div>
   <div class='ocr_carea' id='block_1_60' title="bbox 330 2953 3567 3043">
    <p class='ocr_par' dir='ltr' id='par_1_60' title="bbox 330 2953 3567 3043">
     <span class='ocr_line' id='line_1_60' title="bbox 330 2953 3567 3043; baseline -0.002 -20"><span class='ocrx_word' id='word_1_414' title='bbox 330 2971 493 3023; x_wconf 82' lang='grc' dir='ltr'>Ὅταν</span> <span class='ocrx_word' id='word_1_415' title='bbox 518 2972 716 3034; x_wconf 76' lang='grc' dir='ltr'>αὐτοὺς</span> <span class='ocrx_word' id='word_1_416' title='bbox 751 2971 984 3041; x_wconf 78' lang='grc' dir='ltr'>ἰσχυρῶς</span> <span class='ocrx_word' id='word_1_417' title='bbox 1020 2971 1286 3043; x_wconf 78' lang='grc' dir='ltr'>μαστίζῃ,</span> <span class='ocrx_word' id='word_1_418' title='bbox 1331 2971 1574 3023; x_wconf 79' lang='grc' dir='ltr'>ἐκλείπει</span> <span class='ocrx_word' id='word_1_419' title='bbox 1619 2971 1647 3021; x_wconf 87' lang='grc' dir='ltr'>ὁ</span> <span class='ocrx_word' id='word_1_420' title='bbox 1679 2968 2059 3040; x_wconf 80' lang='grc' dir='ltr'>κολαζόμενος,</span> <span class='ocrx_word' id='word_1_421' title='bbox 2116 2971 2250 3025; x_wconf 84' lang='grc' dir='ltr'>καθὸ</span> <span class='ocrx_word' id='word_1_422' title='bbox 2288 2972 2530 3035; x_wconf 84' lang='grc' dir='ltr'>τοιοῦτός</span> <span class='ocrx_word' id='word_1_423' title='bbox 2580 2953 2749 3035; x_wconf 68' lang='grc' dir='ltr'>ἔστιν,</span> <span class='ocrx_word' id='word_1_424' title='bbox 2798 2969 3030 3039; x_wconf 79' lang='grc' dir='ltr'>ἀσθενὴς</span> <span class='ocrx_word' id='word_1_425' title='bbox 3081 2967 3321 3040; x_wconf 86' lang='grc' dir='ltr'>δηλονότι</span> <span class='ocrx_word' id='word_1_426' title='bbox 3364 2966 3459 3018; x_wconf 77' lang='grc' dir='ltr'>καὶ</span> <span class='ocrx_word' id='word_1_427' title='bbox 3493 2964 3567 3033; x_wconf 82' lang='grc' dir='ltr'>μὴ</span> 
     </span>
    </p>
   </div>
   <div class='ocr_carea' id='block_1_61' title="bbox 327 3061 1724 3135">
    <p class='ocr_par' dir='ltr' id='par_1_61' title="bbox 327 3061 1724 3135">
     <span class='ocr_line' id='line_1_61' title="bbox 327 3061 1724 3135; baseline 0.001 -20"><span class='ocrx_word' id='word_1_428' title='bbox 327 3062 621 3130; x_wconf 81' lang='grc' dir='ltr'>δυνάμενος</span> <span class='ocrx_word' id='word_1_429' title='bbox 651 3063 735 3130; x_wconf 76' lang='grc' dir='ltr'><strong>ἐφ’</strong></span> <span class='ocrx_word' id='word_1_430' title='bbox 778 3062 961 3115; x_wconf 82' lang='grc' dir='ltr'>ἰκανὸν</span> <span class='ocrx_word' id='word_1_431' title='bbox 990 3062 1235 3131; x_wconf 81' lang='grc' dir='ltr'>ἀντέχειν</span> <span class='ocrx_word' id='word_1_432' title='bbox 1269 3062 1404 3135; x_wconf 83' lang='grc' dir='ltr'>πρὸς</span> <span class='ocrx_word' id='word_1_433' title='bbox 1440 3061 1724 3132; x_wconf 88' lang='grc' dir='ltr'>μάστιγας.</span> 
     </span>
    </p>
   </div>
   <div class='ocr_carea' id='block_1_62' title="bbox 394 3150 1897 3224">
    <p class='ocr_par' dir='ltr' id='par_1_62' title="bbox 394 3150 1897 3224">
     <span class='ocr_line' id='line_1_62' title="bbox 394 3150 1897 3224; baseline 0.001 -18"><span class='ocrx_word' id='word_1_434' title='bbox 394 3152 595 3224; x_wconf 66' lang='grc' dir='ltr'><em>[Πλὴν</em></span> <span class='ocrx_word' id='word_1_435' title='bbox 617 3151 817 3221; x_wconf 78' lang='grc' dir='ltr'>μάτην</span> <span class='ocrx_word' id='word_1_436' title='bbox 841 3150 1264 3220; x_wconf 79' lang='grc' dir='ltr'>ταράσσονται.</span> <span class='ocrx_word' id='word_1_437' title='bbox 1327 3151 1387 3203; x_wconf 86' lang='lat'><strong>&#39;0</strong></span> <span class='ocrx_word' id='word_1_438' title='bbox 1433 3152 1490 3203; x_wconf 82' lang='grc' dir='ltr'>ἐν</span> <span class='ocrx_word' id='word_1_439' title='bbox 1536 3151 1735 3222; x_wconf 84' lang='grc' dir='ltr'>ἀνομίᾳ</span> <span class='ocrx_word' id='word_1_440' title='bbox 1764 3153 1897 3219; x_wconf 81' lang='grc' dir='ltr'>ζῶν,</span> 
     </span>
    </p>
   </div>
   <div class='ocr_carea' id='block_1_63' title="bbox 328 3241 1433 3313">
    <p class='ocr_par' dir='ltr' id='par_1_63' title="bbox 328 3241 1433 3313">
     <span class='ocr_line' id='line_1_63' title="bbox 328 3241 1433 3313; baseline -0.004 -15"><span class='ocrx_word' id='word_1_441' title='bbox 328 3245 400 3309; x_wconf 83' lang='grc' dir='ltr'>ὡς</span> <span class='ocrx_word' id='word_1_442' title='bbox 422 3245 520 3298; x_wconf 78' lang='grc' dir='ltr'>καὶ</span> <span class='ocrx_word' id='word_1_443' title='bbox 553 3244 809 3313; x_wconf 81' lang='grc' dir='ltr'>τοιαύτης</span> <span class='ocrx_word' id='word_1_444' title='bbox 838 3243 1083 3305; x_wconf 87' lang='grc' dir='ltr'>παιδείας</span> <span class='ocrx_word' id='word_1_445' title='bbox 1114 3243 1389 3313; x_wconf 82' lang='grc' dir='ltr'>δεηθῆναι.</span> <span class='ocrx_word' id='word_1_446' title='bbox 1413 3241 1433 3313; x_wconf 95' lang='grc'>]</span> 
     </span>
    </p>
   </div>
   <div class='ocr_carea' id='block_1_64' title="bbox 406 3330 1900 3403">
    <p class='ocr_par' dir='ltr' id='par_1_64' title="bbox 406 3330 1900 3403">
     <span class='ocr_line' id='line_1_64' title="bbox 406 3330 1900 3403; baseline 0.001 -19"><span class='ocrx_word' id='word_1_447' title='bbox 406 3333 504 3385; x_wconf 77' lang='grc' dir='ltr'><strong>Ἐν</strong></span> <span class='ocrx_word' id='word_1_448' title='bbox 533 3332 806 3403; x_wconf 79' lang='grc' dir='ltr'>ἐλεγμοῖς</span> <span class='ocrx_word' id='word_1_449' title='bbox 835 3331 986 3399; x_wconf 80' lang='grc' dir='ltr'><strong>ὑπὲρ</strong></span> <span class='ocrx_word' id='word_1_450' title='bbox 1017 3332 1265 3400; x_wconf 82' lang='grc' dir='ltr'>ἀνομίας</span> <span class='ocrx_word' id='word_1_451' title='bbox 1287 3332 1652 3398; x_wconf 80' lang='grc' dir='ltr'>ἐπαίδευσας</span> <span class='ocrx_word' id='word_1_452' title='bbox 1678 3330 1900 3401; x_wconf 82' lang='grc' dir='ltr'><strong>ἅνθρω-</strong></span> 
     </span>
    </p>
   </div>
   <div class='ocr_carea' id='block_1_65' title="bbox 328 3410 1902 3494">
    <p class='ocr_par' dir='ltr' id='par_1_65' title="bbox 328 3410 1902 3494">
     <span class='ocr_line' id='line_1_65' title="bbox 328 3410 1902 3494; baseline 0 -17"><span class='ocrx_word' id='word_1_453' title='bbox 328 3436 463 3478; x_wconf 66' lang='grc' dir='ltr'><strong>πον.</strong></span> <span class='ocrx_word' id='word_1_454' title='bbox 513 3423 781 3493; x_wconf 86' lang='grc' dir='ltr'>Ἐλέγχων</span> <span class='ocrx_word' id='word_1_455' title='bbox 828 3410 1137 3493; x_wconf 54' lang='grc' dir='ltr'>με,’φησὶν,</span> <span class='ocrx_word' id='word_1_456' title='bbox 1182 3423 1272 3474; x_wconf 80' lang='grc' dir='ltr'><strong>ὲπὶ</strong></span> <span class='ocrx_word' id='word_1_457' title='bbox 1312 3424 1378 3493; x_wconf 81' lang='grc' dir='ltr'>τῇ</span> <span class='ocrx_word' id='word_1_458' title='bbox 1429 3424 1693 3494; x_wconf 82' lang='grc' dir='ltr'>ἁμαρτίᾳ,</span> <span class='ocrx_word' id='word_1_459' title='bbox 1742 3425 1902 3477; x_wconf 82' lang='grc' dir='ltr'>ὲπαί-</span> 
     </span>
    </p>
   </div>
   <div class='ocr_carea' id='block_1_66' title="bbox 328 3513 539 3575">
    <p class='ocr_par' dir='ltr' id='par_1_66' title="bbox 328 3513 539 3575">
     <span class='ocr_line' id='line_1_66' title="bbox 328 3513 539 3575; baseline 0 -10"><span class='ocrx_word' id='word_1_460' title='bbox 328 3513 539 3575; x_wconf 87' lang='grc' dir='ltr'>δευσας.</span> 
     </span>
    </p>
   </div>
   <div class='ocr_carea' id='block_1_67' title="bbox 399 3601 1901 3672">
    <p class='ocr_par' dir='ltr' id='par_1_67' title="bbox 399 3601 1901 3672">
     <span class='ocr_line' id='line_1_67' title="bbox 399 3601 1901 3672; baseline -0.001 -16"><span class='ocrx_word' id='word_1_461' title='bbox 399 3603 518 3672; x_wconf 86' lang='grc' dir='ltr'>Τῆς</span> <span class='ocrx_word' id='word_1_462' title='bbox 544 3601 809 3669; x_wconf 82' lang='grc' dir='ltr'>δεήσεώς</span> <span class='ocrx_word' id='word_1_463' title='bbox 833 3620 953 3672; x_wconf 84' lang='grc' dir='ltr'>μου</span> <span class='ocrx_word' id='word_1_464' title='bbox 980 3601 1275 3656; x_wconf 80' lang='grc' dir='ltr'>ἐνώτισαι.</span> <span class='ocrx_word' id='word_1_465' title='bbox 1316 3602 1459 3654; x_wconf 75' lang='grc' dir='ltr'>Ἀντὶ</span> <span class='ocrx_word' id='word_1_466' title='bbox 1489 3602 1603 3664; x_wconf 84' lang='grc' dir='ltr'>τοῦ,</span> <span class='ocrx_word' id='word_1_467' title='bbox 1637 3602 1901 3655; x_wconf 81' lang='grc' dir='ltr'>Είσάκου-</span> 
     </span>
    </p>
   </div>
   <div class='ocr_carea' id='block_1_68' title="bbox 332 3691 1895 3765">
    <p class='ocr_par' dir='ltr' id='par_1_68' title="bbox 332 3691 1895 3765">
     <span class='ocr_line' id='line_1_68' title="bbox 332 3691 1895 3765; baseline -0.003 -17"><span class='ocrx_word' id='word_1_468' title='bbox 332 3712 436 3759; x_wconf 83' lang='grc' dir='ltr'>σον,</span> <span class='ocrx_word' id='word_1_469' title='bbox 472 3697 568 3748; x_wconf 76' lang='grc' dir='ltr'>καὶ</span> <span class='ocrx_word' id='word_1_470' title='bbox 616 3693 969 3765; x_wconf 72' lang='grc' dir='ltr'>συγχώρησον</span> <span class='ocrx_word' id='word_1_471' title='bbox 999 3693 1096 3764; x_wconf 85' lang='grc' dir='ltr'>τὴν</span> <span class='ocrx_word' id='word_1_472' title='bbox 1136 3691 1412 3762; x_wconf 84' lang='grc' dir='ltr'>ἁμαρτίαν</span> <span class='ocrx_word' id='word_1_473' title='bbox 1446 3693 1552 3764; x_wconf 79' lang='grc' dir='ltr'>πρὸ</span> <span class='ocrx_word' id='word_1_474' title='bbox 1582 3694 1680 3762; x_wconf 82' lang='grc' dir='ltr'>τῆς</span> <span class='ocrx_word' id='word_1_475' title='bbox 1708 3693 1895 3744; x_wconf 84' lang='grc' dir='ltr'>τελευ-</span> 
     </span>
    </p>
   </div>
   <div class='ocr_carea' id='block_1_69' title="bbox 326 3781 1896 3855">
    <p class='ocr_par' dir='ltr' id='par_1_69' title="bbox 326 3781 1896 3855">
     <span class='ocr_line' id='line_1_69' title="bbox 326 3781 1896 3855; baseline -0.002 -18"><span class='ocrx_word' id='word_1_476' title='bbox 326 3785 443 3853; x_wconf 81' lang='grc' dir='ltr'>τῆς.</span> <span class='ocrx_word' id='word_1_477' title='bbox 480 3783 693 3855; x_wconf 87' lang='grc' dir='ltr'>[Τοῦτο</span> <span class='ocrx_word' id='word_1_478' title='bbox 738 3783 848 3853; x_wconf 86' lang='grc' dir='ltr'>γὰρ</span> <span class='ocrx_word' id='word_1_479' title='bbox 894 3783 1148 3853; x_wconf 79' lang='grc' dir='ltr'>σημαίνει</span> <span class='ocrx_word' id='word_1_480' title='bbox 1180 3799 1193 3812; x_wconf 91' lang='grc'><strong>·</strong></span> <span class='ocrx_word' id='word_1_481' title='bbox 1234 3783 1352 3835; x_wconf 86' lang='grc' dir='ltr'>’Ότι</span> <span class='ocrx_word' id='word_1_482' title='bbox 1385 3781 1670 3850; x_wconf 73' lang='grc' dir='ltr'>πάροικος</span> <span class='ocrx_word' id='word_1_483' title='bbox 1717 3781 1896 3853; x_wconf 88' lang='grc' dir='ltr'>είμι.]</span> 
     </span>
    </p>
   </div>
   <div class='ocr_carea' id='block_1_70' title="bbox 332 3872 1896 3945">
    <p class='ocr_par' dir='ltr' id='par_1_70' title="bbox 332 3872 1896 3945">
     <span class='ocr_line' id='line_1_70' title="bbox 332 3872 1896 3945; baseline -0.004 -16"><span class='ocrx_word' id='word_1_484' title='bbox 332 3878 499 3941; x_wconf 80' lang='grc' dir='ltr'>Ἄνες</span> <span class='ocrx_word' id='word_1_485' title='bbox 524 3893 649 3945; x_wconf 87' lang='grc' dir='ltr'>μοι,</span> <span class='ocrx_word' id='word_1_486' title='bbox 696 3875 797 3928; x_wconf 79' lang='grc' dir='ltr'><strong>ἵνα</strong></span> <span class='ocrx_word' id='word_1_487' title='bbox 836 3873 1149 3941; x_wconf 51' lang='lat' dir='ltr'><strong>(irati-455w.</strong></span> <span class='ocrx_word' id='word_1_488' title='bbox 1182 3872 1296 3939; x_wconf 86' lang='grc' dir='ltr'><strong>Πρὸ</strong></span> <span class='ocrx_word' id='word_1_489' title='bbox 1326 3872 1428 3941; x_wconf 79' lang='grc' dir='ltr'>τῆς</span> <span class='ocrx_word' id='word_1_490' title='bbox 1471 3872 1726 3941; x_wconf 82' lang='grc' dir='ltr'>τελευτῆς</span> <span class='ocrx_word' id='word_1_491' title='bbox 1774 3889 1896 3940; x_wconf 88' lang='grc' dir='ltr'>μου,</span> 
     </span>
    </p>
   </div>
   <div class='ocr_carea' id='block_1_71' title="bbox 328 3962 1897 4037">
    <p class='ocr_par' dir='ltr' id='par_1_71' title="bbox 328 3962 1897 4037">
     <span class='ocr_line' id='line_1_71' title="bbox 328 3962 1897 4037; baseline -0.005 -16"><span class='ocrx_word' id='word_1_492' title='bbox 328 3969 512 4036; x_wconf 64' lang='grc' dir='ltr'>φησὶν,</span> <span class='ocrx_word' id='word_1_493' title='bbox 544 3964 830 4037; x_wconf 83' lang='grc' dir='ltr'>ἁμαρτιῶν</span> <span class='ocrx_word' id='word_1_494' title='bbox 858 3965 1136 4035; x_wconf 86' lang='grc' dir='ltr'>πάρασχον</span> <span class='ocrx_word' id='word_1_495' title='bbox 1160 3964 1384 4031; x_wconf 83' lang='grc' dir='ltr'>ἄφεσιν,</span> <span class='ocrx_word' id='word_1_496' title='bbox 1435 3964 1522 4015; x_wconf 82' lang='grc' dir='ltr'>ἵνα</span> <span class='ocrx_word' id='word_1_497' title='bbox 1555 3962 1772 4032; x_wconf 72' lang='grc' dir='ltr'>θαρρῶν</span> <span class='ocrx_word' id='word_1_498' title='bbox 1817 3964 1897 4024; x_wconf 86' lang='grc' dir='ltr'><strong>εἰς</strong></span> 
     </span>
    </p>
   </div>
   <div class='ocr_carea' id='block_1_72' title="bbox 329 4052 1947 4129">
    <p class='ocr_par' dir='ltr' id='par_1_72' title="bbox 329 4052 1947 4129">
     <span class='ocr_line' id='line_1_72' title="bbox 329 4052 1947 4129; baseline -0.004 -18"><span class='ocrx_word' id='word_1_499' title='bbox 329 4059 455 4129; x_wconf 73' lang='grc' dir='ltr'>ᾅδου</span> <span class='ocrx_word' id='word_1_500' title='bbox 485 4057 860 4128; x_wconf 88' lang='grc' dir='ltr'>πορεύσωμαι.</span> <span class='ocrx_word' id='word_1_501' title='bbox 892 4056 1001 4109; x_wconf 80' lang='grc' dir='ltr'><strong>Καὶ</strong></span> <span class='ocrx_word' id='word_1_502' title='bbox 1050 4054 1248 4108; x_wconf 81' lang='grc' dir='ltr'>οὐκέτι</span> <span class='ocrx_word' id='word_1_503' title='bbox 1262 4052 1505 4122; x_wconf 79' lang='grc' dir='ltr'>ὑπάρξω</span> <span class='ocrx_word' id='word_1_504' title='bbox 1544 4054 1654 4123; x_wconf 86' lang='grc' dir='ltr'><strong>Οὐχ</strong></span> <span class='ocrx_word' id='word_1_505' title='bbox 1677 4052 1911 4121; x_wconf 78' lang='grc' dir='ltr'>ὑπάρξω</span> <span class='ocrx_word' id='word_1_506' title='bbox 1938 4056 1947 4065; x_wconf 63' lang='grc'><strong><em>⁵</em></strong></span> 
     </span>
    </p>
   </div>
   <div class='ocr_carea' id='block_1_73' title="bbox 332 4143 1903 4217">
    <p class='ocr_par' dir='ltr' id='par_1_73' title="bbox 332 4143 1903 4217">
     <span class='ocr_line' id='line_1_73' title="bbox 332 4143 1903 4217; baseline -0.004 -14"><span class='ocrx_word' id='word_1_507' title='bbox 332 4149 569 4211; x_wconf 79' lang='grc' dir='ltr'>τοιοῦτος</span> <span class='ocrx_word' id='word_1_508' title='bbox 597 4143 707 4211; x_wconf 69' lang='grc' dir='ltr'>οἷος</span> <span class='ocrx_word' id='word_1_509' title='bbox 744 4148 809 4201; x_wconf 84' lang='grc' dir='ltr'>ἂν</span> <span class='ocrx_word' id='word_1_510' title='bbox 836 4148 930 4199; x_wconf 73' lang='grc' dir='ltr'>καὶ</span> <span class='ocrx_word' id='word_1_511' title='bbox 956 4147 1216 4217; x_wconf 87' lang='grc' dir='ltr'>γενοίμην</span> <span class='ocrx_word' id='word_1_512' title='bbox 1260 4148 1324 4200; x_wconf 78' lang='grc' dir='ltr'>ἐκ</span> <span class='ocrx_word' id='word_1_513' title='bbox 1366 4147 1464 4216; x_wconf 80' lang='grc' dir='ltr'>τῆς</span> <span class='ocrx_word' id='word_1_514' title='bbox 1507 4146 1642 4215; x_wconf 73' lang='grc' dir='ltr'>πρὸς</span> <span class='ocrx_word' id='word_1_515' title='bbox 1688 4143 1782 4196; x_wconf 84' lang='grc' dir='ltr'><strong>σοῦ</strong></span> <span class='ocrx_word' id='word_1_516' title='bbox 1813 4160 1903 4214; x_wconf 88' lang='grc' dir='ltr'><strong>μοι</strong></span> 
     </span>
    </p>
   </div>
   <div class='ocr_carea' id='block_1_74' title="bbox 333 4235 1902 4313">
    <p class='ocr_par' dir='ltr' id='par_1_74' title="bbox 333 4235 1902 4313">
     <span class='ocr_line' id='line_1_74' title="bbox 333 4235 1902 4313; baseline -0.006 -17"><span class='ocrx_word' id='word_1_517' title='bbox 333 4243 629 4313; x_wconf 80' lang='grc' dir='ltr'>γενομένης</span> <span class='ocrx_word' id='word_1_518' title='bbox 666 4242 924 4303; x_wconf 83' lang='grc' dir='ltr'>ἀνέσεως.</span> <span class='ocrx_word' id='word_1_519' title='bbox 959 4240 1170 4302; x_wconf 79' lang='grc' dir='ltr'>Ἀνεσις</span> <span class='ocrx_word' id='word_1_520' title='bbox 1203 4239 1259 4292; x_wconf 83' lang='grc' dir='ltr'>δὲ</span> <span class='ocrx_word' id='word_1_521' title='bbox 1302 4237 1439 4291; x_wconf 84' lang='grc' dir='ltr'>Θεοῦ</span> <span class='ocrx_word' id='word_1_522' title='bbox 1473 4241 1619 4291; x_wconf 78' lang='grc' dir='ltr'>ἐστιν</span> <span class='ocrx_word' id='word_1_523' title='bbox 1664 4235 1902 4289; x_wconf 79' lang='grc' dir='ltr'>ἀπάθεια</span> 
     </span>
    </p>
   </div>
   <div class='ocr_carea' id='block_1_75' title="bbox 334 4329 1575 4404">
    <p class='ocr_par' dir='ltr' id='par_1_75' title="bbox 334 4329 1575 4404">
     <span class='ocr_line' id='line_1_75' title="bbox 334 4329 1575 4404; baseline -0.001 -19"><span class='ocrx_word' id='word_1_524' title='bbox 334 4334 509 4404; x_wconf 75' lang='grc' dir='ltr'>ψυχῆς</span> <span class='ocrx_word' id='word_1_525' title='bbox 539 4332 677 4403; x_wconf 76' lang='grc' dir='ltr'>μετὰ</span> <span class='ocrx_word' id='word_1_526' title='bbox 702 4330 954 4398; x_wconf 77' lang='grc' dir='ltr'>γνώσεως</span> <span class='ocrx_word' id='word_1_527' title='bbox 990 4329 1097 4385; x_wconf 85' lang='grc' dir='ltr'><strong>τῶν</strong></span> <span class='ocrx_word' id='word_1_528' title='bbox 1123 4330 1291 4383; x_wconf 78' lang='grc' dir='ltr'>ὄντων</span> <span class='ocrx_word' id='word_1_529' title='bbox 1323 4329 1575 4401; x_wconf 78' lang='grc' dir='ltr'>ἀληθοῦς.</span> 
     </span>
    </p>
   </div>
   <div class='ocr_carea' id='block_1_76' title="bbox 488 4450 1730 4548">
    <p class='ocr_par' dir='ltr' id='par_1_76' title="bbox 488 4450 1730 4548">
     <span class='ocr_line' id='line_1_76' title="bbox 488 4450 1730 4548; baseline -0.002 -13"><span class='ocrx_word' id='word_1_530' title='bbox 488 4484 594 4548; x_wconf 78' lang='grc' dir='ltr'>Εις</span> <span class='ocrx_word' id='word_1_531' title='bbox 621 4481 688 4535; x_wconf 84' lang='grc' dir='ltr'>τὸ</span> <span class='ocrx_word' id='word_1_532' title='bbox 716 4480 889 4546; x_wconf 73' lang='grc' dir='ltr'>τέλος</span> <span class='ocrx_word' id='word_1_533' title='bbox 920 4450 1229 4534; x_wconf 57' lang='lat' dir='ltr'><strong>manus</strong></span> <span class='ocrx_word' id='word_1_534' title='bbox 1254 4480 1332 4545; x_wconf 84' lang='grc' dir='ltr'>τῷ</span> <span class='ocrx_word' id='word_1_535' title='bbox 1360 4479 1558 4534; x_wconf 85' lang='grc' dir='ltr'>Δαυΐδ.</span> <span class='ocrx_word' id='word_1_536' title='bbox 1600 4472 1730 4535; x_wconf 72' lang='grc' dir='ltr'><strong>Λθν.</strong></span> 
     </span>
    </p>
   </div>
   <div class='ocr_carea' id='block_1_77' title="bbox 952 4571 1274 4635">
    <p class='ocr_par' dir='ltr' id='par_1_77' title="bbox 952 4571 1274 4635">
     <span class='ocr_line' id='line_1_77' title="bbox 952 4571 1274 4635; baseline 0.003 -14"><span class='ocrx_word' id='word_1_537' title='bbox 952 4571 1274 4635; x_wconf 83' lang='grc' dir='ltr'>Ὑπόοεσις.</span> 
     </span>
    </p>
   </div>
   <div class='ocr_carea' id='block_1_78' title="bbox 354 4684 1898 4757">
    <p class='ocr_par' dir='ltr' id='par_1_78' title="bbox 354 4684 1898 4757">
     <span class='ocr_line' id='line_1_78' title="bbox 354 4684 1898 4757; baseline 0 -19"><span class='ocrx_word' id='word_1_538' title='bbox 354 4686 701 4757; x_wconf 79' lang='grc' dir='ltr'>Ἀναφέρεται</span> <span class='ocrx_word' id='word_1_539' title='bbox 728 4688 761 4757; x_wconf 80' lang='grc' dir='ltr'><strong>ἡ</strong></span> <span class='ocrx_word' id='word_1_540' title='bbox 784 4686 895 4757; x_wconf 79' lang='grc' dir='ltr'><strong>ᾠδὴ</strong></span> <span class='ocrx_word' id='word_1_541' title='bbox 928 4686 993 4739; x_wconf 79' lang='grc' dir='ltr'>ἐκ</span> <span class='ocrx_word' id='word_1_542' title='bbox 1026 4684 1439 4757; x_wconf 80' lang='grc' dir='ltr'>προσώπουτοῦ</span> <span class='ocrx_word' id='word_1_543' title='bbox 1482 4686 1602 4739; x_wconf 81' lang='grc' dir='ltr'>νέου</span> <span class='ocrx_word' id='word_1_544' title='bbox 1636 4686 1765 4738; x_wconf 86' lang='grc' dir='ltr'>λαοῦ</span> <span class='ocrx_word' id='word_1_545' title='bbox 1805 4685 1898 4738; x_wconf 87' lang='grc' dir='ltr'><strong>τοῦ</strong></span> 
     </span>
    </p>
   </div>
   <div class='ocr_carea' id='block_1_79' title="bbox 405 4774 1901 4848">
    <p class='ocr_par' dir='ltr' id='par_1_79' title="bbox 405 4774 1901 4848">
     <span class='ocr_line' id='line_1_79' title="bbox 405 4774 1901 4848; baseline -0.002 -17"><span class='ocrx_word' id='word_1_546' title='bbox 405 4777 859 4848; x_wconf 83' lang='grc' dir='ltr'>ἀνακομισθέντος</span> <span class='ocrx_word' id='word_1_547' title='bbox 881 4779 946 4830; x_wconf 79' lang='grc' dir='ltr'>ἐκ</span> <span class='ocrx_word' id='word_1_548' title='bbox 978 4778 1182 4830; x_wconf 80' lang='grc' dir='ltr'>λάκκου</span> <span class='ocrx_word' id='word_1_549' title='bbox 1216 4776 1610 4847; x_wconf 83' lang='grc' dir='ltr'>ταλαιπωρίας.</span> <span class='ocrx_word' id='word_1_550' title='bbox 1641 4774 1775 4830; x_wconf 76' lang='grc' dir='ltr'>Εἶτα</span> <span class='ocrx_word' id='word_1_551' title='bbox 1808 4794 1901 4846; x_wconf 74' lang='grc' dir='ltr'>με-</span> 
     </span>
    </p>
   </div>
   <div class='ocr_carea' id='block_1_80' title="bbox 406 4868 1900 4939">
    <p class='ocr_par' dir='ltr' id='par_1_80' title="bbox 406 4868 1900 4939">
     <span class='ocr_line' id='line_1_80' title="bbox 406 4868 1900 4939; baseline 0 -19"><span class='ocrx_word' id='word_1_552' title='bbox 406 4868 535 4933; x_wconf 80' lang='grc' dir='ltr'>ταξίι</span> <span class='ocrx_word' id='word_1_553' title='bbox 586 4869 902 4939; x_wconf 79' lang='grc' dir='ltr'>εἰσφέρεται</span> <span class='ocrx_word' id='word_1_554' title='bbox 941 4870 1000 4922; x_wconf 82' lang='grc' dir='ltr'>τὸ</span> <span class='ocrx_word' id='word_1_555' title='bbox 1027 4868 1120 4921; x_wconf 89' lang='grc' dir='ltr'><strong>τοῦ</strong></span> <span class='ocrx_word' id='word_1_556' title='bbox 1170 4868 1406 4939; x_wconf 87' lang='grc' dir='ltr'>Χριστοῦ</span> <span class='ocrx_word' id='word_1_557' title='bbox 1438 4871 1748 4939; x_wconf 78' lang='grc' dir='ltr'>πρόσωπον,</span> <span class='ocrx_word' id='word_1_558' title='bbox 1772 4870 1900 4931; x_wconf 68' lang='grc' dir='ltr'>τοὺς</span> 
     </span>
    </p>
   </div>
   <div class='ocr_carea' id='block_1_81' title="bbox 410 4960 1904 5033">
    <p class='ocr_par' dir='ltr' id='par_1_81' title="bbox 410 4960 1904 5033">
     <span class='ocr_line' id='line_1_81' title="bbox 410 4960 1904 5033; baseline -0.001 -20"><span class='ocrx_word' id='word_1_559' title='bbox 410 4960 861 5033; x_wconf 82' lang='grc' dir='ltr'>εὐχαριστοῦντας</span> <span class='ocrx_word' id='word_1_560' title='bbox 882 4960 1145 5014; x_wconf 79' lang='grc' dir='ltr'>διδάσκων</span> <span class='ocrx_word' id='word_1_561' title='bbox 1171 4960 1269 5031; x_wconf 81' lang='grc' dir='ltr'>τῆς</span> <span class='ocrx_word' id='word_1_562' title='bbox 1299 4961 1610 5029; x_wconf 84' lang='grc' dir='ltr'>οἰκονομίας</span> <span class='ocrx_word' id='word_1_563' title='bbox 1638 4960 1730 5012; x_wconf 82' lang='grc' dir='ltr'>τὸν</span> <span class='ocrx_word' id='word_1_564' title='bbox 1781 4960 1904 5031; x_wconf 80' lang='grc' dir='ltr'>τρό-</span> 
     </span>
    </p>
   </div>
   <div class='ocr_carea' id='block_1_82' title="bbox 410 5048 1905 5120">
    <p class='ocr_par' dir='ltr' id='par_1_82' title="bbox 410 5048 1905 5120">
     <span class='ocr_line' id='line_1_82' title="bbox 410 5048 1905 5120; baseline -0.002 -17"><span class='ocrx_word' id='word_1_565' title='bbox 410 5069 503 5103; x_wconf 79' lang='grc' dir='ltr'><strong>πον</strong></span> <span class='ocrx_word' id='word_1_566' title='bbox 528 5069 542 5083; x_wconf 92' lang='grc'><strong>·</strong></span> <span class='ocrx_word' id='word_1_567' title='bbox 578 5049 696 5104; x_wconf 82' lang='grc' dir='ltr'>εἶτα</span> <span class='ocrx_word' id='word_1_568' title='bbox 729 5050 891 5103; x_wconf 84' lang='grc' dir='ltr'>πάλιν</span> <span class='ocrx_word' id='word_1_569' title='bbox 918 5050 1024 5102; x_wconf 86' lang='grc' dir='ltr'><strong>τῶν</strong></span> <span class='ocrx_word' id='word_1_570' title='bbox 1054 5050 1458 5103; x_wconf 85' lang='grc' dir='ltr'>πιστευσάντων</span> <span class='ocrx_word' id='word_1_571' title='bbox 1488 5052 1550 5102; x_wconf 78' lang='grc' dir='ltr'>ἐκ</span> <span class='ocrx_word' id='word_1_572' title='bbox 1565 5050 1658 5103; x_wconf 86' lang='grc' dir='ltr'><strong>τοῦ</strong></span> <span class='ocrx_word' id='word_1_573' title='bbox 1693 5048 1905 5120; x_wconf 78' lang='grc' dir='ltr'>Ἰσραὴλ</span> 
     </span>
    </p>
   </div>
   <div class='ocr_carea' id='block_1_83' title="bbox 407 5140 1906 5213">
    <p class='ocr_par' dir='ltr' id='par_1_83' title="bbox 407 5140 1906 5213">
     <span class='ocr_line' id='line_1_83' title="bbox 407 5140 1906 5213; baseline -0.001 -20"><span class='ocrx_word' id='word_1_574' title='bbox 407 5142 465 5194; x_wconf 75' lang='grc' dir='ltr'>τὸ</span> <span class='ocrx_word' id='word_1_575' title='bbox 480 5143 795 5213; x_wconf 81' lang='grc' dir='ltr'>πρόσωπον,</span> <span class='ocrx_word' id='word_1_576' title='bbox 824 5140 1113 5207; x_wconf 76' lang='grc' dir='ltr'>ἀξιούντων</span> <span class='ocrx_word' id='word_1_577' title='bbox 1133 5141 1394 5212; x_wconf 77' lang='grc' dir='ltr'>ῥυσθῆναι</span> <span class='ocrx_word' id='word_1_578' title='bbox 1408 5140 1508 5209; x_wconf 79' lang='grc' dir='ltr'>τῆς</span> <span class='ocrx_word' id='word_1_579' title='bbox 1532 5141 1617 5193; x_wconf 76' lang='grc' dir='ltr'><strong>διὰ</strong></span> <span class='ocrx_word' id='word_1_580' title='bbox 1633 5140 1731 5211; x_wconf 84' lang='grc' dir='ltr'>τὴν</span> <span class='ocrx_word' id='word_1_581' title='bbox 1754 5142 1857 5192; x_wconf 84' lang='grc' dir='ltr'>ἀπε</span> <span class='ocrx_word' id='word_1_582' title='bbox 1868 5141 1906 5191; x_wconf 87' lang='grc' dir='ltr'>ί-</span> 
     </span>
    </p>
   </div>
   <div class='ocr_carea' id='block_1_84' title="bbox 410 5232 1905 5305">
    <p class='ocr_par' dir='ltr' id='par_1_84' title="bbox 410 5232 1905 5305">
     <span class='ocr_line' id='line_1_84' title="bbox 410 5232 1905 5305; baseline -0.001 -20"><span class='ocrx_word' id='word_1_583' title='bbox 410 5233 550 5288; x_wconf 85' lang='grc' dir='ltr'>θειαν</span> <span class='ocrx_word' id='word_1_584' title='bbox 574 5234 889 5305; x_wconf 80' lang='grc' dir='ltr'>ἁμαρτίας,</span> <span class='ocrx_word' id='word_1_585' title='bbox 927 5233 1043 5302; x_wconf 79' lang='grc' dir='ltr'><strong>ἃμα</strong></span> <span class='ocrx_word' id='word_1_586' title='bbox 1081 5233 1138 5286; x_wconf 79' lang='grc' dir='ltr'>δὲ</span> <span class='ocrx_word' id='word_1_587' title='bbox 1178 5234 1270 5285; x_wconf 83' lang='grc' dir='ltr'>καὶ</span> <span class='ocrx_word' id='word_1_588' title='bbox 1314 5232 1683 5303; x_wconf 82' lang='grc' dir='ltr'>διηγουμένων</span> <span class='ocrx_word' id='word_1_589' title='bbox 1725 5232 1905 5294; x_wconf 77' lang='grc' dir='ltr'>αὐτοῖς</span> 
     </span>
    </p>
   </div>
   <div class='ocr_carea' id='block_1_85' title="bbox 408 5322 1630 5397">
    <p class='ocr_par' dir='ltr' id='par_1_85' title="bbox 408 5322 1630 5397">
     <span class='ocr_line' id='line_1_85' title="bbox 408 5322 1630 5397; baseline -0.001 -21"><span class='ocrx_word' id='word_1_590' title='bbox 408 5325 471 5376; x_wconf 71' lang='grc' dir='ltr'><strong>τά</strong></span> <span class='ocrx_word' id='word_1_591' title='bbox 503 5324 896 5397; x_wconf 67' lang='grc' dir='ltr'>συμϐεϐηκότα</span> <span class='ocrx_word' id='word_1_592' title='bbox 924 5322 1011 5376; x_wconf 80' lang='grc' dir='ltr'><strong>διὰ</strong></span> <span class='ocrx_word' id='word_1_593' title='bbox 1040 5323 1137 5393; x_wconf 77' lang='grc' dir='ltr'>τὴν</span> <span class='ocrx_word' id='word_1_594' title='bbox 1164 5324 1420 5376; x_wconf 80' lang='grc' dir='ltr'>ἀπιστίαν</span> <span class='ocrx_word' id='word_1_595' title='bbox 1465 5322 1630 5376; x_wconf 80' lang='grc' dir='ltr'>κακά.</span> 
     </span>
    </p>
   </div>
   <div class='ocr_carea' id='block_1_86' title="bbox 421 5412 1908 5486">
    <p class='ocr_par' dir='ltr' id='par_1_86' title="bbox 421 5412 1908 5486">
     <span class='ocr_line' id='line_1_86' title="bbox 421 5412 1908 5486; baseline -0.002 -19"><span class='ocrx_word' id='word_1_596' title='bbox 421 5414 764 5486; x_wconf 79' lang='grc' dir='ltr'><strong>Ὑπομένων</strong></span> <span class='ocrx_word' id='word_1_597' title='bbox 816 5412 1107 5481; x_wconf 76' lang='grc' dir='ltr'>ὑπέμεινα</span> <span class='ocrx_word' id='word_1_598' title='bbox 1153 5413 1260 5465; x_wconf 72' lang='grc' dir='ltr'><strong>τὸν</strong></span> <span class='ocrx_word' id='word_1_599' title='bbox 1302 5415 1540 5480; x_wconf 68' lang='grc' dir='ltr'>Κύριον,</span> <span class='ocrx_word' id='word_1_600' title='bbox 1584 5412 1681 5465; x_wconf 82' lang='grc' dir='ltr'>καὶ</span> <span class='ocrx_word' id='word_1_601' title='bbox 1722 5427 1908 5480; x_wconf 80' lang='grc' dir='ltr'>προσ-</span> 
     </span>
    </p>
   </div>
   <div class='ocr_carea' id='block_1_87' title="bbox 357 5500 1909 5576">
    <p class='ocr_par' dir='ltr' id='par_1_87' title="bbox 357 5500 1909 5576">
     <span class='ocr_line' id='line_1_87' title="bbox 357 5500 1909 5576; baseline 0.002 -21"><span class='ocrx_word' id='word_1_602' title='bbox 357 5500 515 5572; x_wconf 71' lang='grc' dir='ltr'>έσχεν</span> <span class='ocrx_word' id='word_1_603' title='bbox 556 5524 682 5576; x_wconf 82' lang='grc' dir='ltr'>μοι.</span> <span class='ocrx_word' id='word_1_604' title='bbox 723 5505 956 5574; x_wconf 85' lang='grc' dir='ltr'>’Όμοιον</span> <span class='ocrx_word' id='word_1_605' title='bbox 982 5503 1095 5573; x_wconf 81' lang='grc' dir='ltr'><strong>τῷ·</strong></span> <span class='ocrx_word' id='word_1_606' title='bbox 1138 5504 1245 5557; x_wconf 82' lang='grc' dir='ltr'><strong>Ἐν</strong></span> <span class='ocrx_word' id='word_1_607' title='bbox 1298 5502 1373 5573; x_wconf 76' lang='grc' dir='ltr'><strong>τῇ</strong></span> <span class='ocrx_word' id='word_1_608' title='bbox 1418 5503 1691 5573; x_wconf 75' lang='grc' dir='ltr'><em>ὑπομονῇ</em></span> <span class='ocrx_word' id='word_1_609' title='bbox 1742 5503 1909 5573; x_wconf 76' lang='grc' dir='ltr'><strong>ὑμῶν</strong></span> 
     </span>
    </p>
   </div>
   <div class='ocr_carea' id='block_1_88' title="bbox 356 5576 1379 5662">
    <p class='ocr_par' dir='ltr' id='par_1_88' title="bbox 356 5576 1379 5662">
     <span class='ocr_line' id='line_1_88' title="bbox 356 5576 1379 5662; baseline -0.002 -13"><span class='ocrx_word' id='word_1_610' title='bbox 356 5593 636 5662; x_wconf 72' lang='grc' dir='ltr'>πήσασθε</span> <span class='ocrx_word' id='word_1_611' title='bbox 664 5594 784 5660; x_wconf 84' lang='grc' dir='ltr'>τὰς</span> <span class='ocrx_word' id='word_1_612' title='bbox 818 5590 1023 5661; x_wconf 73' lang='grc' dir='ltr'>ψυχὰς</span> <span class='ocrx_word' id='word_1_613' title='bbox 1055 5591 1239 5662; x_wconf 79' lang='grc' dir='ltr'><strong>ὑμῶν.</strong></span> <span class='ocrx_word' id='word_1_614' title='bbox 1374 5576 1379 5585; x_wconf 40' lang='grc'><em>“</em></span> 
     </span>
    </p>
   </div>
   <div class='ocr_carea' id='block_1_89' title="bbox 413 5680 883 5750">
    <p class='ocr_par' dir='ltr' id='par_1_89' title="bbox 413 5680 883 5750">
     <span class='ocr_line' id='line_1_89' title="bbox 413 5680 883 5750; baseline -0.006 -11"><span class='ocrx_word' id='word_1_615' title='bbox 413 5681 454 5713; x_wconf 87' lang='grc'><strong>⁸³</strong></span> <span class='ocrx_word' id='word_1_616' title='bbox 473 5683 591 5743; x_wconf 85' lang='lat' dir='ltr'><strong>Luc.</strong></span> <span class='ocrx_word' id='word_1_617' title='bbox 628 5700 757 5750; x_wconf 75' lang='lat' dir='ltr'><strong>nt,</strong></span> <span class='ocrx_word' id='word_1_618' title='bbox 792 5680 883 5736; x_wconf 76' lang='grc'><strong>19.</strong></span> 
     </span>
    </p>
   </div>
   <div class='ocr_carea' id='block_1_90' title="bbox 2073 3138 3568 3217">
    <p class='ocr_par' dir='ltr' id='par_1_90' title="bbox 2073 3138 3568 3217">
     <span class='ocr_line' id='line_1_90' title="bbox 2073 3138 3568 3217; baseline -0.005 -19"><span class='ocrx_word' id='word_1_619' title='bbox 2073 3145 2185 3217; x_wconf 77' lang='grc'><strong>[12.</strong></span> <span class='ocrx_word' id='word_1_620' title='bbox 2232 3144 2602 3199; x_wconf 86' lang='lat' dir='ltr'><strong>Verumtamen</strong></span> <span class='ocrx_word' id='word_1_621' title='bbox 2632 3162 2761 3199; x_wconf 84' lang='lat' dir='ltr'><strong>vane</strong></span> <span class='ocrx_word' id='word_1_622' title='bbox 2790 3143 3191 3198; x_wconf 83' lang='lat' dir='ltr'><strong>conturbantur.</strong></span> <span class='ocrx_word' id='word_1_623' title='bbox 3223 3140 3326 3206; x_wconf 86' lang='lat' dir='ltr'><strong>Qui</strong></span> <span class='ocrx_word' id='word_1_624' title='bbox 3354 3138 3483 3192; x_wconf 80' lang='lat' dir='ltr'><strong>vivit</strong></span> <span class='ocrx_word' id='word_1_625' title='bbox 3512 3139 3568 3190; x_wconf 84' lang='lat' dir='ltr'><strong>in</strong></span> 
     </span>
    </p>
   </div>
   <div class='ocr_carea' id='block_1_91' title="bbox 2002 3227 3461 3305">
    <p class='ocr_par' dir='ltr' id='par_1_91' title="bbox 2002 3227 3461 3305">
     <span class='ocr_line' id='line_1_91' title="bbox 2002 3227 3461 3305; baseline -0.007 -14"><span class='ocrx_word' id='word_1_626' title='bbox 2002 3238 2313 3305; x_wconf 86' lang='lat' dir='ltr'><strong>iniquitate,</strong></span> <span class='ocrx_word' id='word_1_627' title='bbox 2350 3236 2423 3291; x_wconf 90' lang='lat' dir='ltr'><strong>ita</strong></span> <span class='ocrx_word' id='word_1_628' title='bbox 2455 3246 2514 3290; x_wconf 91' lang='lat' dir='ltr'><strong>ut</strong></span> <span class='ocrx_word' id='word_1_629' title='bbox 2544 3236 2853 3305; x_wconf 87' lang='lat' dir='ltr'><strong>hujusmodi</strong></span> <span class='ocrx_word' id='word_1_630' title='bbox 2894 3244 3049 3302; x_wconf 75' lang='lat' dir='ltr'><strong>egeat</strong></span> <span class='ocrx_word' id='word_1_631' title='bbox 3078 3227 3461 3299; x_wconf 85' lang='lat' dir='ltr'><strong>institutione.]</strong></span> 
     </span>
    </p>
   </div>
   <div class='ocr_carea' id='block_1_92' title="bbox 2072 3318 3568 3395">
    <p class='ocr_par' dir='ltr' id='par_1_92' title="bbox 2072 3318 3568 3395">
     <span class='ocr_line' id='line_1_92' title="bbox 2072 3318 3568 3395; baseline -0.008 -14"><span class='ocrx_word' id='word_1_632' title='bbox 2072 3328 2160 3381; x_wconf 74' lang='grc'><strong>15.</strong></span> <span class='ocrx_word' id='word_1_633' title='bbox 2203 3326 2267 3379; x_wconf 83' lang='grc' dir='ltr'><strong>1η</strong></span> <span class='ocrx_word' id='word_1_634' title='bbox 2304 3326 2742 3395; x_wconf 82' lang='lat' dir='ltr'><strong>increpationibus</strong></span> <span class='ocrx_word' id='word_1_635' title='bbox 2791 3333 3000 3394; x_wconf 86' lang='lat' dir='ltr'><strong>propter</strong></span> <span class='ocrx_word' id='word_1_636' title='bbox 3055 3318 3568 3391; x_wconf 83' lang='lat' dir='ltr'><strong>iniquitatemcorri-</strong></span> 
     </span>
    </p>
   </div>
   <div class='ocr_carea' id='block_1_93' title="bbox 1998 3416 3565 3489">
    <p class='ocr_par' dir='ltr' id='par_1_93' title="bbox 1998 3416 3565 3489">
     <span class='ocr_line' id='line_1_93' title="bbox 1998 3416 3565 3489; baseline -0.005 -18"><span class='ocrx_word' id='word_1_637' title='bbox 1998 3420 2162 3489; x_wconf 85' lang='lat' dir='ltr'><strong>puisti</strong></span> <span class='ocrx_word' id='word_1_638' title='bbox 2193 3419 2473 3472; x_wconf 82' lang='lat' dir='ltr'><strong>hominem.</strong></span> <span class='ocrx_word' id='word_1_639' title='bbox 2501 3418 2635 3473; x_wconf 88' lang='lat' dir='ltr'><strong>Cum</strong></span> <span class='ocrx_word' id='word_1_640' title='bbox 2667 3434 2774 3483; x_wconf 89' lang='lat' dir='ltr'><strong>me,</strong></span> <span class='ocrx_word' id='word_1_641' title='bbox 2806 3416 2999 3485; x_wconf 88' lang='lat' dir='ltr'><strong>inquit,</strong></span> <span class='ocrx_word' id='word_1_642' title='bbox 3028 3424 3247 3484; x_wconf 83' lang='lat' dir='ltr'><strong>propter</strong></span> <span class='ocrx_word' id='word_1_643' title='bbox 3286 3421 3565 3482; x_wconf 80' lang='lat' dir='ltr'><strong>peccatum</strong></span> 
     </span>
    </p>
   </div>
   <div class='ocr_carea' id='block_1_94' title="bbox 1999 3508 2789 3580">
    <p class='ocr_par' dir='ltr' id='par_1_94' title="bbox 1999 3508 2789 3580">
     <span class='ocr_line' id='line_1_94' title="bbox 1999 3508 2789 3580; baseline -0.003 -16"><span class='ocrx_word' id='word_1_644' title='bbox 1999 3510 2284 3580; x_wconf 76' lang='lat' dir='ltr'><strong>arguebas,</strong></span> <span class='ocrx_word' id='word_1_645' title='bbox 2334 3525 2420 3563; x_wconf 87' lang='lat' dir='ltr'><strong>me</strong></span> <span class='ocrx_word' id='word_1_646' title='bbox 2459 3508 2789 3577; x_wconf 86' lang='lat' dir='ltr'><strong>corripuisti.</strong></span> 
     </span>
    </p>
   </div>
   <div class='ocr_carea' id='block_1_95' title="bbox 2074 3587 3566 3667">
    <p class='ocr_par' dir='ltr' id='par_1_95' title="bbox 2074 3587 3566 3667">
     <span class='ocr_line' id='line_1_95' title="bbox 2074 3587 3566 3667; baseline -0.01 -12"><span class='ocrx_word' id='word_1_647' title='bbox 2074 3603 2160 3656; x_wconf 70' lang='grc'><strong>14.</strong></span> <span class='ocrx_word' id='word_1_648' title='bbox 2200 3602 2432 3654; x_wconf 71' lang='lat' dir='ltr'><strong>Auribus</strong></span> <span class='ocrx_word' id='word_1_649' title='bbox 2468 3600 2669 3667; x_wconf 82' lang='lat' dir='ltr'><strong>percipe</strong></span> <span class='ocrx_word' id='word_1_650' title='bbox 2706 3592 3113 3650; x_wconf 67' lang='lat' dir='ltr'><strong>obsecrationem</strong></span> <span class='ocrx_word' id='word_1_651' title='bbox 3166 3606 3355 3645; x_wconf 85' lang='lat' dir='ltr'><strong>meam.</strong></span> <span class='ocrx_word' id='word_1_652' title='bbox 3399 3587 3566 3653; x_wconf 69' lang='lat' dir='ltr'><strong>Quasi</strong></span> 
     </span>
    </p>
   </div>
   <div class='ocr_carea' id='block_1_96' title="bbox 1999 3680 3566 3753">
    <p class='ocr_par' dir='ltr' id='par_1_96' title="bbox 1999 3680 3566 3753">
     <span class='ocr_line' id='line_1_96' title="bbox 1999 3680 3566 3753; baseline -0.01 -8"><span class='ocrx_word' id='word_1_653' title='bbox 1999 3691 2144 3746; x_wconf 89' lang='lat' dir='ltr'><strong>dicat</strong></span> <span class='ocrx_word' id='word_1_654' title='bbox 2176 3709 2188 3745; x_wconf 92' lang='lat'><strong>:</strong></span> <span class='ocrx_word' id='word_1_655' title='bbox 2232 3689 2438 3743; x_wconf 78' lang='lat' dir='ltr'><strong>Exaudi</strong></span> <span class='ocrx_word' id='word_1_656' title='bbox 2472 3701 2526 3742; x_wconf 87' lang='lat' dir='ltr'><strong>et</strong></span> <span class='ocrx_word' id='word_1_657' title='bbox 2565 3686 2801 3742; x_wconf 88' lang='lat' dir='ltr'><strong>concede</strong></span> <span class='ocrx_word' id='word_1_658' title='bbox 2826 3685 2957 3738; x_wconf 88' lang='lat' dir='ltr'><strong>mibi</strong></span> <span class='ocrx_word' id='word_1_659' title='bbox 2987 3682 3191 3753; x_wconf 87' lang='lat' dir='ltr'><strong>peccati</strong></span> <span class='ocrx_word' id='word_1_660' title='bbox 3224 3680 3438 3734; x_wconf 88' lang='lat' dir='ltr'><strong>veniam</strong></span> <span class='ocrx_word' id='word_1_661' title='bbox 3470 3691 3566 3730; x_wconf 79' lang='lat' dir='ltr'><strong>an-</strong></span> 
     </span>
    </p>
   </div>
   <div class='ocr_carea' id='block_1_97' title="bbox 2002 3767 3568 3849">
    <p class='ocr_par' dir='ltr' id='par_1_97' title="bbox 2002 3767 3568 3849">
     <span class='ocr_line' id='line_1_97' title="bbox 2002 3767 3568 3849; baseline -0.011 -15"><span class='ocrx_word' id='word_1_662' title='bbox 2002 3790 2216 3849; x_wconf 88' lang='lat' dir='ltr'><strong>tequam</strong></span> <span class='ocrx_word' id='word_1_663' title='bbox 2239 3781 2459 3832; x_wconf 87' lang='lat' dir='ltr'><strong>moriar.</strong></span> <span class='ocrx_word' id='word_1_664' title='bbox 2479 3778 2557 3848; x_wconf 78' lang='lat' dir='ltr'><strong>[Id</strong></span> <span class='ocrx_word' id='word_1_665' title='bbox 2582 3779 2724 3831; x_wconf 85' lang='lat' dir='ltr'><strong>enim</strong></span> <span class='ocrx_word' id='word_1_666' title='bbox 2752 3774 3055 3845; x_wconf 77' lang='lat' dir='ltr'><strong>signiﬁcat;</strong></span> <span class='ocrx_word' id='word_1_667' title='bbox 3078 3771 3336 3836; x_wconf 84' lang='lat' dir='ltr'><strong>Quoniam</strong></span> <span class='ocrx_word' id='word_1_668' title='bbox 3368 3767 3568 3820; x_wconf 76' lang='lat' dir='ltr'><strong>advena</strong></span> 
     </span>
    </p>
   </div>
   <div class='ocr_carea' id='block_1_98' title="bbox 2001 3857 3565 3940">
    <p class='ocr_par' dir='ltr' id='par_1_98' title="bbox 2001 3857 3565 3940">
     <span class='ocr_line' id='line_1_98' title="bbox 2001 3857 3565 3940; baseline -0.008 -15"><span class='ocrx_word' id='word_1_669' title='bbox 2001 3869 2167 3940; x_wconf 71' lang='lat' dir='ltr'><strong>sum.)</strong></span> <span class='ocrx_word' id='word_1_670' title='bbox 2196 3870 2415 3923; x_wconf 83' lang='lat' dir='ltr'><strong>Remitte</strong></span> <span class='ocrx_word' id='word_1_671' title='bbox 2436 3869 2564 3920; x_wconf 81' lang='lat' dir='ltr'><strong>mihi</strong></span> <span class='ocrx_word' id='word_1_672' title='bbox 2599 3879 2655 3920; x_wconf 86' lang='lat' dir='ltr'><strong>ut</strong></span> <span class='ocrx_word' id='word_1_673' title='bbox 2692 3867 2986 3934; x_wconf 80' lang='lat' dir='ltr'><strong>refrigerer.</strong></span> <span class='ocrx_word' id='word_1_674' title='bbox 3015 3864 3315 3929; x_wconf 87' lang='lat' dir='ltr'><strong>Antequam</strong></span> <span class='ocrx_word' id='word_1_675' title='bbox 3345 3857 3565 3912; x_wconf 82' lang='lat' dir='ltr'><strong>moriar.</strong></span> 
     </span>
    </p>
   </div>
   <div class='ocr_carea' id='block_1_99' title="bbox 2002 3945 3566 4027">
    <p class='ocr_par' dir='ltr' id='par_1_99' title="bbox 2002 3945 3566 4027">
     <span class='ocr_line' id='line_1_99' title="bbox 2002 3945 3566 4027; baseline -0.013 -13"><span class='ocrx_word' id='word_1_676' title='bbox 2002 3962 2096 4025; x_wconf 91' lang='lat' dir='ltr'><strong>ait,</strong></span> <span class='ocrx_word' id='word_1_677' title='bbox 2149 3967 2490 4027; x_wconf 76' lang='lat' dir='ltr'><strong>peecaIOrum</strong></span> <span class='ocrx_word' id='word_1_678' title='bbox 2541 3957 2753 4009; x_wconf 87' lang='lat' dir='ltr'><strong>veniam</strong></span> <span class='ocrx_word' id='word_1_679' title='bbox 2794 3953 3058 4015; x_wconf 84' lang='lat' dir='ltr'><strong>concede,</strong></span> <span class='ocrx_word' id='word_1_680' title='bbox 3103 3960 3159 4002; x_wconf 91' lang='lat' dir='ltr'><strong>ut</strong></span> <span class='ocrx_word' id='word_1_681' title='bbox 3210 3963 3335 4001; x_wconf 89' lang='lat' dir='ltr'><strong>cum</strong></span> <span class='ocrx_word' id='word_1_682' title='bbox 3372 3945 3566 3999; x_wconf 83' lang='lat' dir='ltr'><strong>ﬁducia</strong></span> 
     </span>
    </p>
   </div>
   <div class='ocr_carea' id='block_1_100' title="bbox 2003 4035 3558 4113">
    <p class='ocr_par' dir='ltr' id='par_1_100' title="bbox 2003 4035 3558 4113">
     <span class='ocr_line' id='line_1_100' title="bbox 2003 4035 3558 4113; baseline -0.012 -9"><span class='ocrx_word' id='word_1_683' title='bbox 2003 4052 2055 4104; x_wconf 89' lang='lat' dir='ltr'><strong>in</strong></span> <span class='ocrx_word' id='word_1_684' title='bbox 2089 4049 2362 4103; x_wconf 78' lang='lat' dir='ltr'><strong>infernum</strong></span> <span class='ocrx_word' id='word_1_685' title='bbox 2409 4047 2523 4102; x_wconf 86' lang='lat' dir='ltr'><strong>sive</strong></span> <span class='ocrx_word' id='word_1_686' title='bbox 2551 4046 2602 4099; x_wconf 87' lang='lat' dir='ltr'><strong>in</strong></span> <span class='ocrx_word' id='word_1_687' title='bbox 2637 4045 2945 4113; x_wconf 83' lang='lat' dir='ltr'><strong>sepulcrum</strong></span> <span class='ocrx_word' id='word_1_688' title='bbox 2977 4040 3320 4094; x_wconf 87' lang='lat' dir='ltr'><strong>descendam.</strong></span> <span class='ocrx_word' id='word_1_689' title='bbox 3353 4035 3421 4089; x_wconf 88' lang='lat' dir='ltr'><strong>Et</strong></span> <span class='ocrx_word' id='word_1_690' title='bbox 3454 4050 3558 4086; x_wconf 87' lang='lat' dir='ltr'><strong>am-</strong></span> 
     </span>
    </p>
   </div>
   <div class='ocr_carea' id='block_1_101' title="bbox 2002 4131 3567 4213">
    <p class='ocr_par' dir='ltr' id='par_1_101' title="bbox 2002 4131 3567 4213">
     <span class='ocr_line' id='line_1_101' title="bbox 2002 4131 3567 4213; baseline -0.012 -17"><span class='ocrx_word' id='word_1_691' title='bbox 2002 4142 2143 4213; x_wconf 78' lang='lat' dir='ltr'><strong>plius</strong></span> <span class='ocrx_word' id='word_1_692' title='bbox 2184 4157 2291 4194; x_wconf 79' lang='lat' dir='ltr'><strong>non</strong></span> <span class='ocrx_word' id='word_1_693' title='bbox 2339 4155 2449 4194; x_wconf 74' lang='lat' dir='ltr'><strong>cro.</strong></span> <span class='ocrx_word' id='word_1_694' title='bbox 2501 4136 2720 4191; x_wconf 78' lang='lat' dir='ltr'><strong>Scilicet</strong></span> <span class='ocrx_word' id='word_1_695' title='bbox 2756 4135 2878 4188; x_wconf 90' lang='lat' dir='ltr'><strong>talis</strong></span> <span class='ocrx_word' id='word_1_696' title='bbox 2923 4131 3100 4201; x_wconf 83' lang='lat' dir='ltr'><strong>qualis</strong></span> <span class='ocrx_word' id='word_1_697' title='bbox 3140 4144 3315 4184; x_wconf 89' lang='lat' dir='ltr'><strong>essem</strong></span> <span class='ocrx_word' id='word_1_698' title='bbox 3375 4143 3441 4181; x_wconf 80' lang='lat' dir='ltr'><strong>ex</strong></span> <span class='ocrx_word' id='word_1_699' title='bbox 3477 4134 3567 4179; x_wconf 87' lang='lat' dir='ltr'><strong>tua</strong></span> 
     </span>
    </p>
   </div>
   <div class='ocr_carea' id='block_1_102' title="bbox 1976 4216 3572 4288">
    <p class='ocr_par' dir='ltr' id='par_1_102' title="bbox 1976 4216 3572 4288">
     <span class='ocr_line' id='line_1_102' title="bbox 1976 4216 3572 4288; baseline -0.013 0"><span class='ocrx_word' id='word_1_700' title='bbox 1976 4232 2136 4288; x_wconf 25' lang='lat' dir='ltr'><strong>‘milti</strong></span> <span class='ocrx_word' id='word_1_701' title='bbox 2187 4233 2383 4288; x_wconf 88' lang='lat' dir='ltr'><strong>collata</strong></span> <span class='ocrx_word' id='word_1_702' title='bbox 2428 4228 2787 4285; x_wconf 56' lang='lat' dir='ltr'><strong>remissio-ne.</strong></span> <span class='ocrx_word' id='word_1_703' title='bbox 2828 4222 3096 4278; x_wconf 78' lang='lat' dir='ltr'><strong>Remissio</strong></span> <span class='ocrx_word' id='word_1_704' title='bbox 3140 4229 3318 4274; x_wconf 88' lang='lat' dir='ltr'><strong>autem</strong></span> <span class='ocrx_word' id='word_1_705' title='bbox 3354 4216 3448 4270; x_wconf 88' lang='lat' dir='ltr'><strong>Dei</strong></span> <span class='ocrx_word' id='word_1_706' title='bbox 3487 4224 3572 4271; x_wconf 86' lang='lat' dir='ltr'><strong>est</strong></span> 
     </span>
    </p>
   </div>
   <div class='ocr_carea' id='block_1_103' title="bbox 2006 4307 3536 4389">
    <p class='ocr_par' dir='ltr' id='par_1_103' title="bbox 2006 4307 3536 4389">
     <span class='ocr_line' id='line_1_103' title="bbox 2006 4307 3536 4389; baseline -0.013 -12"><span class='ocrx_word' id='word_1_707' title='bbox 2006 4325 2204 4378; x_wconf 70' lang='lat' dir='ltr'><strong>animae</strong></span> <span class='ocrx_word' id='word_1_708' title='bbox 2246 4322 2611 4389; x_wconf 87' lang='lat' dir='ltr'><strong>tranquillitas</strong></span> <span class='ocrx_word' id='word_1_709' title='bbox 2656 4328 2780 4371; x_wconf 89' lang='lat' dir='ltr'><strong>cum</strong></span> <span class='ocrx_word' id='word_1_710' title='bbox 2811 4330 2940 4369; x_wconf 85' lang='lat' dir='ltr'><strong>vera</strong></span> <span class='ocrx_word' id='word_1_711' title='bbox 2968 4318 3185 4380; x_wconf 66' lang='lat' dir='ltr'><strong>~rerum_</strong></span> <span class='ocrx_word' id='word_1_712' title='bbox 3212 4307 3536 4377; x_wconf 83' lang='lat' dir='ltr'><strong>cognitione.</strong></span> 
     </span>
    </p>
   </div>
   <div class='ocr_carea' id='block_1_104' title="bbox 2144 4460 3429 4547">
    <p class='ocr_par' dir='ltr' id='par_1_104' title="bbox 2144 4460 3429 4547">
     <span class='ocr_line' id='line_1_104' title="bbox 2144 4460 3429 4547; baseline -0.016 -13"><span class='ocrx_word' id='word_1_713' title='bbox 2144 4481 2197 4534; x_wconf 74' lang='grc'>1.</span> <span class='ocrx_word' id='word_1_714' title='bbox 2252 4478 2320 4532; x_wconf 83' lang='lat' dir='ltr'><strong>In</strong></span> <span class='ocrx_word' id='word_1_715' title='bbox 2343 4479 2499 4547; x_wconf 76' lang='lat' dir='ltr'><strong>ﬁnem</strong></span> <span class='ocrx_word' id='word_1_716' title='bbox 2531 4471 2869 4530; x_wconf 77' lang='lat' dir='ltr'><strong><em>PSALMUS</em></strong></span> <span class='ocrx_word' id='word_1_717' title='bbox 2919 4469 3127 4524; x_wconf 83' lang='lat' dir='ltr'><strong>Davidi.</strong></span> <span class='ocrx_word' id='word_1_718' title='bbox 3159 4460 3429 4519; x_wconf 75' lang='lat' dir='ltr'><strong>XXXIX.</strong></span> 
     </span>
    </p>
   </div>
   <div class='ocr_carea' id='block_1_105' title="bbox 2591 4563 2988 4632">
    <p class='ocr_par' dir='ltr' id='par_1_105' title="bbox 2591 4563 2988 4632">
     <span class='ocr_line' id='line_1_105' title="bbox 2591 4563 2988 4632; baseline -0.015 -17"><span class='ocrx_word' id='word_1_719' title='bbox 2591 4563 2631 4615; x_wconf 83' lang='lat' dir='ltr'><strong><em>A</em></strong></span> <span class='ocrx_word' id='word_1_720' title='bbox 2644 4573 2988 4632; x_wconf 77' lang='lat' dir='ltr'><strong>rgumentum.</strong></span> 
     </span>
    </p>
   </div>
   <div class='ocr_carea' id='block_1_106' title="bbox 2002 4660 3570 4741">
    <p class='ocr_par' dir='ltr' id='par_1_106' title="bbox 2002 4660 3570 4741">
     <span class='ocr_line' id='line_1_106' title="bbox 2002 4660 3570 4741; baseline -0.012 -10"><span class='ocrx_word' id='word_1_721' title='bbox 2002 4677 2257 4733; x_wconf 79' lang='lat' dir='ltr'><strong>Refertur</strong></span> <span class='ocrx_word' id='word_1_722' title='bbox 2285 4676 2557 4731; x_wconf 90' lang='lat' dir='ltr'><strong>canticum</strong></span> <span class='ocrx_word' id='word_1_723' title='bbox 2605 4687 2667 4726; x_wconf 80' lang='lat' dir='ltr'><strong>ex</strong></span> <span class='ocrx_word' id='word_1_724' title='bbox 2696 4686 2927 4741; x_wconf 91' lang='lat' dir='ltr'><strong>persona</strong></span> <span class='ocrx_word' id='word_1_725' title='bbox 2981 4668 3103 4721; x_wconf 90' lang='lat' dir='ltr'><strong>novi</strong></span> <span class='ocrx_word' id='word_1_726' title='bbox 3131 4664 3315 4735; x_wconf 75' lang='lat' dir='ltr'><strong>populi</strong></span> <span class='ocrx_word' id='word_1_727' title='bbox 3365 4661 3431 4714; x_wconf 87' lang='lat' dir='ltr'><strong>de</strong></span> <span class='ocrx_word' id='word_1_728' title='bbox 3452 4660 3570 4714; x_wconf 88' lang='lat' dir='ltr'><strong>lacu</strong></span> 
     </span>
    </p>
   </div>
   <div class='ocr_carea' id='block_1_107' title="bbox 2074 4756 3571 4822">
    <p class='ocr_par' dir='ltr' id='par_1_107' title="bbox 2074 4756 3571 4822">
     <span class='ocr_line' id='line_1_107' title="bbox 2074 4756 3571 4822; baseline -0.011 0"><span class='ocrx_word' id='word_1_729' title='bbox 2074 4768 2312 4822; x_wconf 71' lang='lat' dir='ltr'><strong>miseria:</strong></span> <span class='ocrx_word' id='word_1_730' title='bbox 2335 4765 2569 4819; x_wconf 89' lang='lat' dir='ltr'><strong>reducti.</strong></span> <span class='ocrx_word' id='word_1_731' title='bbox 2594 4762 2786 4816; x_wconf 82' lang='lat' dir='ltr'><strong>Postea</strong></span> <span class='ocrx_word' id='word_1_732' title='bbox 2812 4760 3086 4814; x_wconf 80' lang='lat' dir='ltr'><strong>inducitur</strong></span> <span class='ocrx_word' id='word_1_733' title='bbox 3101 4756 3300 4811; x_wconf 82' lang='lat' dir='ltr'><strong>Clu-isti</strong></span> <span class='ocrx_word' id='word_1_734' title='bbox 3319 4765 3571 4821; x_wconf 86' lang='lat' dir='ltr'><strong>persona,</strong></span> 
     </span>
    </p>
   </div>
   <div class='ocr_carea' id='block_1_108' title="bbox 2077 4845 3576 4929">
    <p class='ocr_par' dir='ltr' id='par_1_108' title="bbox 2077 4845 3576 4929">
     <span class='ocr_line' id='line_1_108' title="bbox 2077 4845 3576 4929; baseline -0.01 -16"><span class='ocrx_word' id='word_1_735' title='bbox 2077 4860 2170 4929; x_wconf 89' lang='lat' dir='ltr'><strong>qui</strong></span> <span class='ocrx_word' id='word_1_736' title='bbox 2223 4873 2316 4913; x_wconf 87' lang='lat' dir='ltr'><strong>eos</strong></span> <span class='ocrx_word' id='word_1_737' title='bbox 2369 4858 2459 4927; x_wconf 89' lang='lat' dir='ltr'><strong>qui</strong></span> <span class='ocrx_word' id='word_1_738' title='bbox 2519 4856 2708 4926; x_wconf 81' lang='lat' dir='ltr'><strong>gratiis</strong></span> <span class='ocrx_word' id='word_1_739' title='bbox 2758 4854 2978 4924; x_wconf 77' lang='lat' dir='ltr'><strong>agendis</strong></span> <span class='ocrx_word' id='word_1_740' title='bbox 3034 4859 3225 4904; x_wconf 81' lang='lat' dir='ltr'><strong>vacant</strong></span> <span class='ocrx_word' id='word_1_741' title='bbox 3260 4845 3576 4902; x_wconf 73' lang='lat' dir='ltr'><strong>(economia:</strong></span> 
     </span>
    </p>
   </div>
   <div class='ocr_carea' id='block_1_109' title="bbox 2070 4937 3577 5006">
    <p class='ocr_par' dir='ltr' id='par_1_109' title="bbox 2070 4937 3577 5006">
     <span class='ocr_line' id='line_1_109' title="bbox 2070 4937 3577 5006; baseline -0.014 1"><span class='ocrx_word' id='word_1_742' title='bbox 2070 4946 2289 5006; x_wconf 85' lang='lat' dir='ltr'><strong>moduin</strong></span> <span class='ocrx_word' id='word_1_743' title='bbox 2322 4952 2527 5004; x_wconf 90' lang='lat' dir='ltr'><strong>edocet.</strong></span> <span class='ocrx_word' id='word_1_744' title='bbox 2578 4948 2781 5002; x_wconf 85' lang='lat' dir='ltr'><strong>Deinde</strong></span> <span class='ocrx_word' id='word_1_745' title='bbox 2809 4944 3141 5001; x_wconf 84' lang='lat' dir='ltr'><strong>credentium</strong></span> <span class='ocrx_word' id='word_1_746' title='bbox 3176 4956 3240 4994; x_wconf 87' lang='lat' dir='ltr'><strong>ex</strong></span> <span class='ocrx_word' id='word_1_747' title='bbox 3264 4937 3425 4991; x_wconf 84' lang='lat' dir='ltr'><strong>Israel</strong></span> <span class='ocrx_word' id='word_1_748' title='bbox 3455 4950 3577 5005; x_wconf 82' lang='lat' dir='ltr'><strong>per-</strong></span> 
     </span>
    </p>
   </div>
   <div class='ocr_carea' id='block_1_110' title="bbox 2073 5026 3572 5104">
    <p class='ocr_par' dir='ltr' id='par_1_110' title="bbox 2073 5026 3572 5104">
     <span class='ocr_line' id='line_1_110' title="bbox 2073 5026 3572 5104; baseline -0.015 -8"><span class='ocrx_word' id='word_1_749' title='bbox 2073 5057 2205 5096; x_wconf 90' lang='lat' dir='ltr'><strong>sona</strong></span> <span class='ocrx_word' id='word_1_750' title='bbox 2235 5040 2621 5100; x_wconf 89' lang='lat' dir='ltr'><strong>introducitur,</strong></span> <span class='ocrx_word' id='word_1_751' title='bbox 2662 5036 2968 5104; x_wconf 77' lang='lat' dir='ltr'><strong>rogantium</strong></span> <span class='ocrx_word' id='word_1_752' title='bbox 2998 5026 3201 5088; x_wconf 73' lang='lat' dir='ltr'><strong>remitti</strong></span> <span class='ocrx_word' id='word_1_753' title='bbox 3242 5028 3344 5083; x_wconf 86' lang='lat' dir='ltr'><strong>sibi</strong></span> <span class='ocrx_word' id='word_1_754' title='bbox 3380 5038 3572 5094; x_wconf 89' lang='lat' dir='ltr'><strong>pecca-</strong></span> 
     </span>
    </p>
   </div>
   <div class='ocr_carea' id='block_1_111' title="bbox 2079 5117 3578 5195">
    <p class='ocr_par' dir='ltr' id='par_1_111' title="bbox 2079 5117 3578 5195">
     <span class='ocr_line' id='line_1_111' title="bbox 2079 5117 3578 5195; baseline -0.013 -8"><span class='ocrx_word' id='word_1_755' title='bbox 2079 5142 2191 5187; x_wconf 90' lang='lat' dir='ltr'><strong>tum</strong></span> <span class='ocrx_word' id='word_1_756' title='bbox 2223 5130 2639 5191; x_wconf 84' lang='lat' dir='ltr'><strong>incredulitatis,</strong></span> <span class='ocrx_word' id='word_1_757' title='bbox 2691 5136 2853 5195; x_wconf 88' lang='lat' dir='ltr'><strong>atque</strong></span> <span class='ocrx_word' id='word_1_758' title='bbox 2893 5117 3409 5177; x_wconf 86' lang='lat' dir='ltr'><strong>una&#39;enarrantium</strong></span> <span class='ocrx_word' id='word_1_759' title='bbox 3455 5127 3578 5182; x_wconf 76' lang='lat' dir='ltr'><strong>qua:</strong></span> 
     </span>
    </p>
   </div>
   <div class='ocr_carea' id='block_1_112' title="bbox 2077 5218 3318 5293">
    <p class='ocr_par' dir='ltr' id='par_1_112' title="bbox 2077 5218 3318 5293">
     <span class='ocr_line' id='line_1_112' title="bbox 2077 5218 3318 5293; baseline -0.014 -16"><span class='ocrx_word' id='word_1_760' title='bbox 2077 5223 2180 5277; x_wconf 89' lang='lat' dir='ltr'><strong>sibi</strong></span> <span class='ocrx_word' id='word_1_761' title='bbox 2211 5222 2349 5276; x_wconf 89' lang='lat' dir='ltr'><strong>mala</strong></span> <span class='ocrx_word' id='word_1_762' title='bbox 2380 5221 2450 5275; x_wconf 92' lang='lat' dir='ltr'><strong>ob</strong></span> <span class='ocrx_word' id='word_1_763' title='bbox 2497 5219 2863 5273; x_wconf 88' lang='lat' dir='ltr'><strong>inlidelitatcm</strong></span> <span class='ocrx_word' id='word_1_764' title='bbox 2894 5218 3210 5269; x_wconf 88' lang='lat' dir='ltr'><strong>evenerunt.</strong></span> <span class='ocrx_word' id='word_1_765' title='bbox 3312 5285 3318 5293; x_wconf 19' lang='grc' dir='ltr'><strong>η</strong></span> 
     </span>
    </p>
   </div>
   <div class='ocr_carea' id='block_1_113' title="bbox 2066 5377 3572 5467">
    <p class='ocr_par' dir='ltr' id='par_1_113' title="bbox 2066 5377 3572 5467">
     <span class='ocr_line' id='line_1_113' title="bbox 2066 5377 3572 5467; baseline -0.017 -13"><span class='ocrx_word' id='word_1_766' title='bbox 2066 5401 2117 5453; x_wconf 76' lang='lat'><strong>‘2.</strong></span> <span class='ocrx_word' id='word_1_767' title='bbox 2146 5399 2468 5467; x_wconf 71' lang='lat' dir='ltr'><strong>Exspectant;</strong></span> <span class='ocrx_word' id='word_1_768' title='bbox 2484 5394 2773 5466; x_wconf 72' lang='lat' dir='ltr'><strong>exspectari</strong></span> <span class='ocrx_word' id='word_1_769' title='bbox 2791 5392 3089 5449; x_wconf 86' lang='lat' dir='ltr'><strong>Dominum,</strong></span> <span class='ocrx_word' id='word_1_770' title='bbox 3119 5392 3167 5436; x_wconf 81' lang='lat' dir='ltr'><strong>et</strong></span> <span class='ocrx_word' id='word_1_771' title='bbox 3186 5379 3406 5435; x_wconf 85' lang='lat' dir='ltr'><strong>intendit</strong></span> <span class='ocrx_word' id='word_1_772' title='bbox 3426 5377 3572 5431; x_wconf 76' lang='lat' dir='ltr'><strong>mihi.</strong></span> 
     </span>
    </p>
   </div>
   <div class='ocr_carea' id='block_1_114' title="bbox 2011 5472 3591 5557">
    <p class='ocr_par' dir='ltr' id='par_1_114' title="bbox 2011 5472 3591 5557">
     <span class='ocr_line' id='line_1_114' title="bbox 2011 5472 3591 5557; baseline -0.013 -12"><span class='ocrx_word' id='word_1_773' title='bbox 2011 5491 2198 5546; x_wconf 88' lang='lat' dir='ltr'><strong>Simile</strong></span> <span class='ocrx_word' id='word_1_774' title='bbox 2230 5490 2356 5544; x_wconf 85' lang='lat' dir='ltr'><strong>huic</strong></span> <span class='ocrx_word' id='word_1_775' title='bbox 2384 5509 2397 5544; x_wconf 87' lang='lat'><strong>:</strong></span> <span class='ocrx_word' id='word_1_776' title='bbox 2425 5487 2488 5542; x_wconf 81' lang='lat' dir='ltr'><strong>In</strong></span> <span class='ocrx_word' id='word_1_777' title='bbox 2518 5488 2771 5557; x_wconf 77' lang='lat' dir='ltr'><strong>patientia</strong></span> <span class='ocrx_word' id='word_1_778' title='bbox 2813 5491 2981 5537; x_wconf 83' lang='lat' dir='ltr'><strong>vestra</strong></span> <span class='ocrx_word' id='word_1_779' title='bbox 3018 5473 3349 5548; x_wconf 81' lang='lat' dir='ltr'><strong>possidebitis</strong></span> <span class='ocrx_word' id='word_1_780' title='bbox 3371 5472 3591 5526; x_wconf 70' lang='lat' dir='ltr'><strong>animas</strong></span> 
     </span>
    </p>
   </div>
   <div class='ocr_carea' id='block_1_115' title="bbox 2009 5579 2306 5635">
    <p class='ocr_par' dir='ltr' id='par_1_115' title="bbox 2009 5579 2306 5635">
     <span class='ocr_line' id='line_1_115' title="bbox 2009 5579 2306 5635; baseline -0.01 0"><span class='ocrx_word' id='word_1_781' title='bbox 2009 5591 2206 5635; x_wconf 72' lang='lat' dir='ltr'><strong>uestras</strong></span> <span class='ocrx_word' id='word_1_782' title='bbox 2242 5579 2306 5632; x_wconf 80' lang='lat'><strong>”.</strong></span> 
     </span>
    </p>
   </div>
  </div>
