3976 6220
348 325 446 380 191
1237 322 1295 377 S.
1337 319 1711 376 ATHANASH
1748 316 1900 373 OPP.

2011 311 2121 367 lRS
2157 310 2244 365 ιη.
2287 341 2356 351 ——
2393 307 2801 364 EXEGETICA.
3477 299 3581 355 1θὲ

409 440 464 494 '5.
492 437 559 492 Et
578 438 760 492 eduxit
792 454 872 492 me
894 437 957 492 de
981 437 1098 492 lacu
1121 437 1367 490 miserim.
1397 436 1623 508 [Ecquid
1655 435 1747 489 tibi
1773 447 1902 503 prb

2079 427 2189 481 Καὶ
2226 424 2487 495 ἀνήγαγέ
2512 440 2587 492 με
2617 423 2687 476 ἐκ
2717 419 2947 475 λάκκου
2978 415 3395 496 ταλαιπωρίας.
3428 412 3584 485 [Καὶ

341 533 459 585 buit
482 532 504 584 ?
527 529 821 599 Postquam
861 544 948 583 me
980 526 1280 589 exaudivit,
1312 507 1408 592 ait,
1450 527 1646 580 Eduxit
1675 540 1741 579 ex
1790 539 1902 593 pro-

2017 523 2067 575 τί
2093 539 2174 574 σοι
2204 518 2512 590 παρέσχεν;
2544 515 2880 577 Εἰσακούσας
2919 507 3071 566 εἶπεν
3109 529 3122 542 ·
3181 511 3481 599 Ἀνήγαγεν
3521 508 3582 560 ἐκ

338 619 510 676 fundo
553 597 758 688 peccati
804 627 859 672 et
909 633 977 673 ex
1041 618 1315 686 voluptate
1348 617 1474 670 lutei
1504 616 1771 685 corporis,
1803 617 1902 670 sive

2018 612 2213 681 βάθους
2237 610 2336 679 τῆς
2364 607 2658 677 ἁμαρτίας,
2687 604 2779 656 καὶ
2810 607 2873 656 ὲκ
2892 602 2991 670 τῆς
3010 599 3339 671 ἡδυπαθείας
3360 597 3452 650 τοῦ
3478 614 3580 666 πη-

340 725 404 763 ex
434 708 602 777 portis
637 708 824 762 mortis
873 716 926 762 et
955 708 1321 776 corruptionis
1349 707 1546 760 ibidem
1575 706 1902 767 exsistentis,

2014 701 2216 762 λώδους
2248 699 2519 768 σώματος,
2554 697 2588 763 ἢ
2619 698 2683 748 ὲκ
2716 694 2821 748 τῶν
2850 692 2942 745 τοῦ
2978 692 3209 744 θανάτου
3256 688 3459 753 πυλῶν,
3490 688 3583 741 καὶ

342 776 523 852 autex
544 798 993 867 occupationibus
1035 797 1265 868 saeculi.]
1300 795 1364 848 Et
1387 797 1451 850 de
1493 796 1606 851 luto
1638 796 1807 865 ftecis.
1836 795 1902 848 Ex

2015 792 2192 844 ὲκεῖσε
2221 788 2446 857 φθορᾶς,
2472 786 2505 855 ἢ
2538 787 2602 840 ὲκ
2633 782 2725 839 τοῦ
2754 782 2958 853 κόσμου
3002 776 3444 868 περισπασμῶν.]
3473 776 3583 831 Καὶ

343 885 616 956 profundo
672 895 1017 951 peccatorum
1060 901 1181 955 quae
1231 867 1328 939 luti
1362 886 1535 940 instar
1566 886 1633 940 iis
1669 886 1902 941 detentos

2013 882 2132 937 ἀπὸ
2148 878 2349 947 πηλοῦ
2371 879 2555 943 ίλύος.
2576 877 2670 931 Ἐκ
2689 875 2882 945 βάθους
2906 872 3178 943 ἁμαρτίας
3197 870 3252 923 αἳ
3274 868 3414 931 ἰλύος
3429 867 3583 937 δίκην

343 986 731 1045 conspurcant.
791 975 968 1031 Lacus
1017 975 1162 1030 enim
1202 977 1436 1030 miseriae
1485 985 1569 1031 est
1615 977 1818 1031 malitia
1861 987 1902 1030 et

2013 971 2422 1024 καταπάσσουσι
2467 968 2593 1028 τοὺς
2638 965 2864 1027 ἁλόντας
2905 965 2961 1016 ὲν
2990 962 3204 1023 αὑταῖς.
3233 959 3448 1020 Λάκκος
3475 957 3585 1026 γὰρ

343 1067 668 1134 ignorantia.
720 1065 789 1119 Et
824 1068 1011 1120 statuit
1042 1082 1198 1133 super
1232 1077 1435 1135 petram
1472 1067 1622 1135 pedes
1650 1083 1810 1130 meos,
1863 1082 1902 1120 et

2012 1059 2407 1130 ταλαιπωρίας,
2439 1058 2608 1111 κακία
2633 1057 2727 1111 καὶ
2756 1053 3018 1123 ἀγνωσία.
3058 1051 3168 1107 Καὶ
3190 1050 3455 1116 ἔστησεν
3483 1047 3580 1100 ἐπί

341 1156 536 1208 direxit
578 1173 783 1225 gressus
807 1173 964 1210 meos.
989 1153 1080 1207 Ait
1116 1155 1399 1223 apostolus
1415 1155 1616 1209 Paulus
1644 1154 1723 1208 ’δε
1755 1154 1902 1208 Petra

2012 1151 2237 1217 ,πέτραν
2260 1148 2399 1212 τοὺς
2423 1146 2612 1212 πόδας
2631 1163 2772 1214 μου,
2804 1145 2901 1198 καὶ
2925 1144 3248 1197 κατεύθυνε
3276 1140 3350 1193 τὰ
3379 1138 3582 1205 διαϐή-

338 1254 454 1297 erat
474 1244 734 1300 Christus.
755 1245 926 1301 Didici
952 1244 1096 1298 enim
1121 1244 1175 1296 in
1193 1243 1305 1298 Deo
1328 1244 1521 1311 placita
1542 1244 1787 1298 incedere
1805 1244 1902 1310 via,

2011 1237 2165 1304 ματὰ
2189 1254 2330 1304 μου.
2359 1235 2526 1306 Φησὶν
2569 1237 2598 1288 ό
2650 1233 2945 1296 ἀπόστολος
2984 1230 3214 1293 Παῦλος,
3253 1229 3335 1282 ότι
3382 1229 3440 1281 Ἡ
3483 1227 3584 1280 πέ-

340 1334 395 1389 id
426 1343 511 1405 est
532 1351 627 1405 per
654 1351 818 1406 opera
849 1345 904 1391 et
934 1345 1134 1391 rectam
1166 1335 1490 1390 doctrinam.
1648 1317 1659 1327 ’

2011 1343 2119 1392 τρα
2151 1321 2230 1394 ἦν
2274 1327 2307 1377 ό
2354 1324 2645 1392 Χριστός-ο
2698 1321 2899 1392 ἔμαθον
2937 1321 3044 1390 γὰρ
3093 1318 3192 1389 τὴν
3242 1316 3584 1387 ἀρέσκουσαν

853 1406 864 1416 ’
1223 1486 1228 1489 _
1426 1450 1439 1461 ι
2009 1417 2129 1486 Θεῴ
2160 1412 2394 1485 βαδίζειν
2427 1414 2565 1479 ὁδὸν,
2591 1415 2710 1485 ἦτοι
2736 1413 2823 1466 διὰ
2852 1413 2951 1483 τῆς
2981 1408 3291 1482 πρακτικῆς
3337 1406 3433 1460 καὶ
3459 1406 3584 1489 ’τῶν

1886 1562 1903 1569 _
2009 1505 2183 1576 ὀρθῶν
2221 1505 2526 1575 δογμάτων.
2880 1552 2893 1564 κ

412 1610 467 1664 4.
504 1609 569 1663 Ει
604 1612 821 1664 immisit
848 1612 902 1665 in
931 1628 987 1664 os
1019 1627 1190 1664 meum
1225 1612 1489 1665 canticum
1520 1626 1731 1673 novum,
1760 1610 1902 1679 Itym.

2078 1597 2186 1651 Καὶ
2245 1596 2529 1650 ἐνέϐαλεν
2590 1599 2676 1660 είς
2725 1596 2790 1649 τὸ
2839 1596 3031 1664 στόμα
3060 1613 3180 1664 μου
3229 1595 3391 1665 ᾆσμα
3459 1611 3586 1647 και-

344 1714 469 1751 uum
501 1698 604 1752 Deo
647 1710 845 1755 nostra.
884 1701 1079 1770 Legem
1127 1702 1494 1771 evangelieam
1535 1719 1549 1753 :
1591 1716 1710 1755 cum
1761 1701 1902 1754 enim

2011 1689 2140 1751 νὺν,
2172 1688 2362 1755 ὕμνον
2394 1685 2474 1752 τῷ
2522 1686 2642 1752 Θεῷ
2686 1686 2874 1757 ήμῶν.
2913 1687 3014 1743 Τὸν
3040 1687 3198 1757 νόμον
3237 1687 3327 1741 τὸν
3358 1689 3588 1755 εὐαγγε-

338 1789 689 1857 passionibus
735 1805 1034 1857 vacamus,
1088 1791 1333 1845 canimus
1362 1791 1638 1845 canticum
1688 1805 1902 1854 novum,

2014 1781 2194 1833 λικόν·
2234 1777 2371 1849 μετὰ
2408 1780 2516 1848 γὰρ
2545 1777 2642 1847 τὴν
2677 1777 2943 1831 ἀπάθειαν
2985 1778 3181 1848 ᾄδομεν
3212 1775 3363 1850 ᾆσμα
3395 1779 3582 1832 καινὸν

341 1887 600 1933 renovata
630 1880 837 1934 scilicet
886 1889 1073 1935 nostra
1121 1881 1307 1933 domo.
1366 1879 1620 1932 Videbunt
1645 1877 1819 1941 multi,
1864 1893 1902 1929 et

2013 1868 2487 1931 ἀνακαινισθέντος
2514 1868 2607 1922 τοῦ
2638 1868 2787 1923 οἴκου
2816 1867 2994 1938 ήμῶν.
3029 1869 3318 1935 Ὄψονται
3344 1869 3584 1933 πολλοὶ,

340 1971 615 2030 timebunt,
664 1979 712 2022 et
741 1970 1023 2039 sperabunt
1056 1971 1111 2023 in
1144 1969 1384 2024 Domino.
1420 1969 1741 2024 Praedicatio
1769 1967 1902 2022 enim

2013 1959 2108 2012 καὶ
2129 1957 2573 2026 φοϐηθήσονται
2600 1958 2697 2011 καὶ
2730 1958 3052 2013 ἐλπιοῦσιν
3078 1958 3176 2010 ἐπὶ
3206 1958 3444 2026 Κύριον.
3504 1962 3589 2010 Δι-

340 2072 439 2127 per
478 2067 650 2112 totum
679 2061 917 2127 pervasit
949 2061 1155 2115 orbem.

2014 2049 2167 2118 εδόθη
2199 2049 2308 2120 γὰρ
2337 2051 2416 2111 είς
2465 2050 2641 2103 πάντα
2666 2048 2869 2117 κόσμον
2900 2048 2961 2103 τὸ
2989 2049 3270 2118 κήρυγμα.

410 2147 463 2201 5.
500 2146 697 2201 Beatus
729 2151 808 2201 uir
830 2149 981 2216 cujus
1008 2159 1082 2201 est
1114 2164 1295 2201 nomen
1330 2146 1541 2200 Domini
1567 2162 1679 2215 spes
1704 2145 1838 2214 ejus,
1865 2161 1902 2199 et

2084 2136 2387 2204 Μακάριος
2415 2135 2571 2203 ἀνὴρ
2606 2133 2676 2191 οὗ
2710 2136 2841 2189 ἐστι
2865 2136 2929 2188 τὸ
2957 2136 3144 2204 ὄνομα
3172 2136 3388 2202 Κιιρίου
3413 2134 3588 2199 ἐλπὶς

342 2254 447 2291 non
477 2239 700 2302 respexit
750 2240 803 2291 in
836 2241 1094 2293 vanitates
1126 2247 1175 2291 et
1221 2238 1458 2291 insanias
1496 2237 1681 2305 falsas.
1726 2234 1902 2288 Solum

2014 2229 2219 2292 αὑτοῦ,
2261 2228 2359 2281 καὶ
2394 2230 2508 2281 οὐκ
2537 2226 2873 2295 ἐπέϐλεψεν
2919 2229 3023 2307 εὶς⁸
3042 2228 3444 2295 ματαιότητας
3486 2226 3585 2279 καί

342 2342 467 2383 esse
504 2328 722 2382 beatum
760 2329 835 2381 ait
861 2344 984 2381 eum
1018 2328 1108 2396 qui
1139 2329 1191 2380 in
1242 2326 1408 2381 Deum
1451 2342 1599 2394 spem
1643 2324 1912 2394 ascripsit,

341 2430 452 2469 non
482 2424 662 2469 autem
695 2432 819 2469 eum
855 2417 948 2486 qui
987 2417 1275 2472 mundanis
1303 2417 1600 2473 distractus
1631 2415 1703 2470 sit
1743 2420 1912 2482 curls,

340 2519 463 2574 qua
499 2514 554 2560 et
585 2505 798 2560 insania
829 2515 881 2560 et
913 2507 1255 2561 mendacium
1296 2515 1445 2560 sunt.

409 2676 561 2748 [Spes
589 2681 722 2750 ejus.
749 2678 944 2734 Postea
975 2655 1032 2733 in.
1059 2680 1490 2735 cohortationem
1513 2681 1661 2737 aliud
1693 2680 1912 2750 adjicit:

2008 2319 2230 2388 μανίας
2260 2317 2524 2386 ψευδεῖς.
2559 2317 2736 2371 Μόνον
2784 2317 2876 2370 τὸν
2919 2316 3017 2386 τὴν
3055 2316 3248 2370 ἐλπίδα
3276 2315 3585 2387 ἐπιγραψά-

2017 2425 2173 2478 μενον
2198 2411 2275 2470 εἰς
2289 2407 2421 2462 Θεὸν
2445 2407 2709 2478 μακάριόν
2739 2424 2922 2478 φησιν,
2952 2409 3012 2459 οὐ
3033 2406 3122 2460 τὸν
3149 2407 3587 2477 περισπασθέντα

2016 2499 2298 2569 βιωτικαῖς
2350 2500 2662 2571 μερίμναις,
2693 2498 2895 2561 αἵτινες
2929 2500 3023 2552 καὶ
3071 2498 3233 2569 μανία
3278 2500 3369 2551 καὶ
3394 2498 3586 2567 ψεῦδός

2014 2605 2171 2641 εισιν.

2086 2678 2540 2749 [Ἐλπὶς-αὐτοῦ.
2572 2675 2705 2731 Εἶτα
2729 2678 2823 2731 καὶ
2839 2680 2918 2740 εἰς
2943 2679 3253 2749 προτροπὴν
3264 2679 3447 2750 ἕτερον
3461 2680 3586 2735 ἐπι-

350 2768 571 2832 Beatus,
607 2770 803 2838 inquit.
845 2785 1055 2834 revera,
1090 2770 1183 2837 qui
1227 2769 1396 2824 Deum
1437 2771 1613 2827 solum
1642 2771 1831 2826 habuit
1862 2771 1902 2824 ir

2017 2770 2170 2840 φέρει
2190 2784 2205 2800 ο
2236 2769 2606 2840 Μακαριστὺς,
2626 2770 2778 2839 φησὶ,
2809 2769 2888 2839 τῷ
2913 2769 3048 2831 ὄντι,
3069 2770 3127 2832 ὃς
3150 2770 3241 2822 τὸν
3271 2769 3399 2839 Θεὸν
3424 2769 3584 2839 μόνον

345 2873 495 2928 spem
529 2874 704 2925 suam,
741 2875 918 2928 neque
948 2861 1185 2927 respexit
1212 2860 1280 2914 ad
1306 2865 1583 2929 praesentis
1617 2861 1739 2917 vitae
1769 2862 1902 2916 solli-

2017 2859 2170 2929 ἔσχεν
2194 2859 2401 2924 ἐλπίδα,
2429 2861 2525 2917 καὶ
2545 2861 2643 2912 οὐκ
2656 2857 2953 2928 ἐπέϐλεψεν
2967 2859 3045 2919 εἰς
3063 2858 3161 2921 τὰς
3184 2876 3251 2913 πε
3260 2860 3310 2929 pl.
3330 2859 3420 2911 τὸν
3443 2876 3585 2930 παρ-

348 2948 637 3012 citudines,
678 2965 801 3018 quae
845 2951 1111 3004 vanitates
1143 2958 1290 3013 sunt,
1320 2960 1375 3004 et
1408 2951 1634 3007 insania:
1669 2950 1837 3014 falsae,
1865 2966 1902 3007 el

2016 2948 2143 3002 όντα
2179 2947 2292 3018 βίον
2327 2948 2583 3013 σπουδᾶς,
2616 2948 2671 3001 αἳ
2703 2942 3059 3019 ματαιότήτές
3091 2949 3217 3010 είσι,
3270 2948 3361 2999 καὶ
3399 2948 3582 3017 μανίαι

341 3051 486 3091 curae
517 3038 572 3092 in
622 3054 818 3092 vanum
864 3038 1134 3092 admissae.
1173 3041 1388 3094 Insania
1428 3049 1607 3095 autem
1657 3044 1902 3111 prudens.

2019 3042 2250 3111 ψευδεῖς,
2283 3043 2375 3096 καὶ
2406 3043 2486 3105 είς
2520 3040 2677 3097 κενὸν
2713 3040 3007 3111 φροντίδες.
3041 3039 3219 3093 Μανία
3266 3040 3323 3093 δὲ
3354 3039 3584 3109 σώφρων

342 3136 427 3181 est
452 3126 576 3181 vita:
637 3129 921 3197 prmsentis
949 3137 1158 3194 status,
1187 3145 1293 3198 qua
1338 3140 1517 3186 mente
1560 3135 1699 3202 capti
1734 3135 1902 3189 multis

2022 3134 2056 3204 ὴ
2077 3132 2170 3186 τοῦ
2196 3134 2461 3204 παρόντος
2509 3132 2625 3203 βίου
2656 3133 3004 3194 κατάστασις,
3039 3130 3105 3184 δι’
3147 3130 3213 3201 ἢν
3241 3131 3333 3184 καὶ
3363 3130 3583 3197 ἐξεστη-

341 3233 463 3273 esse
488 3217 811 3273 videbantur
839 3224 1134 3289 prophetat,
1158 3237 1264 3290 qua
1286 3223 1353 3276 de
1386 3238 1445 3276 re
1468 3214 1728 3293 gloriatur
1741 3225 1902 3295 justus

2022 3224 2176 3287 κότες
2202 3226 2315 3287 τοῖς
2348 3223 2561 3286 πολλοῖς
2612 3222 2829 3274 ἐδόκουν
2858 3223 2906 3274 οι
2955 3218 3253 3290 προφῆται,
3298 3220 3381 3286 ἐφ’
3490 3221 3583 3272 καὶ

341 3316 396 3360 et
420 3306 530 3361 ait:
556 3306 668 3378 Ego
693 3308 806 3362 dixi
838 3310 895 3362 in
933 3324 1149 3366 excessu
1178 3326 1289 3364 meo
1326 3310 1418 3382 ”.]

2021 3311 2415 3382 σεμνυνόμενος
2442 3312 2532 3365 καὶ
2562 3313 2590 3364 ό
2617 3311 2822 3372 δίκαιος
2864 3309 3044 3376 λέγει’
3082 3304 3239 3362 Εἷπα
3280 3309 3350 3361 ἐν
3383 3306 3459 3377 τῇ
3486 3306 3582 3361 ὲκ-

2019 3402 2233 3456 στάσει
2265 3418 2405 3470 μου.
2431 3400 2451 3473 ]

405 3478 458 3533 6.
498 3480 671 3534 Multa
702 3482 874 3550 fecisti
918 3490 995 3549 tu,
1030 3482 1255 3538 Domine
1304 3484 1461 3549 Deus,
1504 3484 1767 3539 mirabilia
1804 3497 1902 3540 tua

2089 3495 2297 3546 Πολλὰ
2323 3493 2617 3559 ἐποίησας
2638 3491 2740 3554 σὺ,
2765 3492 2942 3559 Κύριε
2970 3494 3002 3545 ὁ
3027 3492 3171 3555 Θεός
3189 3507 3327 3558 μου,
3349 3489 3423 3542 τὰ
3443 3493 3581 3545 θαυ-

339 3568 473 3634 Qua
502 3569 701 3633 fecisti,
723 3573 918 3640 inquit,
952 3574 1272 3628 oeconomiae
1308 3587 1570 3643 tempore,
1599 3577 1766 3630 multa
1792 3591 1902 3631 sum

2012 3581 2203 3652 μάσιά
2236 3596 2372 3636 σου.
2407 3583 2472 3634 "A
2502 3582 2811 3653 πέπραχας,
2856 3582 3040 3653 φησιν,
3075 3583 3131 3634 ὲν
3162 3580 3238 3651 τῷ
3260 3581 3358 3650 τῆς
3380 3581 3584 3632 οίκονο-

312 3668 504 3725 .atque
529 3658 799 3715 mirabilia
828 3677 841 3713 :
875 3676 996 3729 quae
1017 3661 1139 3716 aliis
1166 3677 1385 3731 quoque
1419 3663 1744 3717 renuntiavi.
1767 3662 1902 3719 Prae-

2020 3674 2147 3744 μίας
2190 3673 2387 3744 καιρῷ,
2435 3673 2606 3728 πολλά
2639 3674 2754 3726 ἐστι
2783 3674 2877 3747 κα)ἶ
2911 3672 3185 3741 θαυμάσια
3208 3686 3223 3700 ·
3267 3670 3304 3724 ἆ
3337 3670 3432 3723 καὶ
3463 3670 3582 3723 ἑτέ-

341 3745 542 3801 dicatio
575 3757 751 3803 autem
780 3758 975 3815 totum,
1006 3749 1203 3818 inquit,
1236 3752 1472 3820 pervasit
1496 3754 1680 3807 orbem
1719 3763 1776 3807 ut
1797 3770 1902 3808 ma-

2020 3780 2132 3834 ροις
2164 3762 2491 3833 ἀπήγγειλα.
2541 3763 2602 3818 Ἠ
2634 3762 2690 3816 δὲ
2725 3745 3025 3831 ἐπαγγελία
3082 3762 3209 3831 ὃλην
3237 3802 3251 3826 ,
3298 3761 3449 3830 φησὶ,
3498 3760 3578 3812 δι-

334 3834 426 3903 jor
451 3834 523 3890 sit
551 3838 903 3894 credentium
934 3854 1197 3893 numerus
1237 3855 1400 3909 quam
1429 3842 1521 3910 qui
1553 3841 1676 3895 iniri
1721 3843 1902 3911 possit.

2017 3854 2221 3924 έδραμε
2252 3852 2350 3923 τὴν
2380 3853 2470 3909 ὑπ’
2498 3852 2743 3922 οὐρανὸν,
2773 3852 2848 3915 ὡς
2874 3853 2966 3905 καὶ
3005 3850 3320 3922 κρείττονας
3346 3848 3576 3922 ἀριθμοῦ

2014 3941 2266 4010 γενέσθαι
2289 3942 2416 4004 τοὺς
2446 3940 2860 4002 πιστεύσαντας.

414 4005 469 4072 7,
499 4004 552 4060 8.
579 4005 916 4075 Sacriﬁcium
930 4016 979 4062 et
1009 4008 1324 4065 ablutionem
1342 4011 1582 4075 noluisti,
1607 4028 1794 4080 corpus
1817 4032 1902 4068 au-

2026 4004 2038 4010 -
2086 4034 2315 4086 Θυσίαν
2358 4033 2456 4086 καὶ
2496 4031 2850 4102 προσφορὰν
2891 4032 3000 4083 οὐκ
3047 4027 3373 4097 ἠθέλησας,
3407 4027 3577 4096 σῶμα

338 4105 442 4150 tem
484 4099 683 4165 aptasti
712 4100 863 4161 mihi,
899 4109 1003 4154 etc.
1048 4098 1188 4161 Hinc
1228 4103 1397 4169 ipsius
1433 4118 1660 4170 persona
1711 4105 1902 4160 Christi

2011 4121 2080 4176 δὲ
2117 4122 2454 4191 κατηρτίσω
2472 4098 2574 4191 μοι
2594 4098 2745 4193 (li).
2771 4119 3047 4174 Ἐντεῦθεν
3069 4121 3383 4190 εἰσφέρεται
3403 4118 3463 4171 τὸ
3480 4116 3574 4170 τοῦ

338 4186 555 4243 Patrem
621 4190 952 4259 alloquentis
1007 4193 1301 4248 inducitur.
1350 4195 1795 4268 Quandoquidem
1838 4200 1902 4253 ait

2011 4186 2571 4283 Xptatoﬁwnpdcwirov
2602 4186 2748 4283 atpoc
2775 4211 2866 4264 τὸν
2900 4210 3119 4281 Πατέρα
3163 4186 3319 4279 λέίίον
3339 4249 3353 4263 .
3399 4210 3577 4262 Ἐπει-

345 4277 676 4339 sacriﬁcium
701 4288 754 4332 et
781 4281 1114 4336 oblationem
1168 4286 1415 4351 noluisti,
1447 4302 1624 4356 neque
1670 4289 1901 4359 placue-

2011 4277 2094 4373 δή,
2119 4304 2271 4372 φησὶ,
2299 4277 2491 4355 θυσίαν
2524 4304 2619 4356 καὶ
2658 4277 2973 4374 προσφορὰν
3002 4277 3102 4354 οόκ
3131 4277 3420 4371 ἠθέλησας,
3451 4300 3573 4354 οὒτε

339 4377 472 4421 runt
505 4367 601 4420 tibi
626 4367 942 4423 holocausta
969 4374 1269 4426 secundum
1296 4379 1465 4442 legem
1493 4378 1675 4431 oblata
1703 4380 1900 4443 ;venio

2012 4367 2462 4460 μῆνηὺδόκησας
2511 4392 2567 4442 ἐν
2601 4367 3012 4459 ὁλοκαυτιῦρασι
3062 4367 3174 4452 τοῖς
3206 4367 3345 4442 κατὰ
3369 4389 3458 4440 τὸν
3489 4387 3575 4440 νό-

337 4465 629 4550 postquam
675 4474 877 4528 corpus
923 4462 1107 4530 accepi
1166 4465 1314 4531 quod
1366 4474 1423 4519 tu
1485 4467 1617 4520 mihi
1679 4470 1899 4535 aptasti.

2012 4453 2113 4549 ξιον
2141 4453 2305 4549 ’.ἥκω
2337 4453 2494 4550 σῶμα
2535 4479 2713 4533 λαὸὼν
2751 4453 2892 4549 ὅπερ⁷
2914 4478 3074 4541 αὐτός
3112 4495 3201 4549 μοι
3242 4478 3568 4548 κατηρτίσω.
3659 4453 3673 4468 ⁸

336 4543 473 4599 Nam
510 4545 748 4614 Spiritus
781 4560 1008 4604 sanctus
1030 4559 1084 4605 et
1107 4551 1284 4606 virtus
1305 4555 1572 4610 Altissimi
1608 4559 1902 4612 obumbra-

2011 4543 2232 4640 Πνεῦμα
2268 4571 2377 4640 γὰρ
2410 4543 2563 4638 διγιον
2590 4571 2683 4624 καὶ
2723 4543 2977 4638 Ὑψίστου
3008 4543 3234 4639 δύναμις
3280 4543 3569 4623 ἐπεσκίασε

347 4634 429 4691 vit
463 4646 665 4691 sanctae
690 4636 917 4709 Virgini.
949 4638 1120 4694 Venio
1145 4653 1322 4697 autem
1359 4653 1415 4696 ut
1441 4644 1639 4713 faciam
1662 4648 1902 4702 volunta-

2011 4662 2067 4731 τῇ
2098 4634 2228 4730 ait;
2256 4634 2536 4730 Παρθένῳ.
2569 4661 2724 4714 ’Ἥκω
2761 4634 2816 4712 δέ
2863 4660 2963 4711 ἵνα
2986 4657 3053 4711 τό
3081 4634 3197 4712 σόν
3221 4658 3451 4723 ποιήσω
3475 4656 3569 4711 θέα

342 4735 447 4780 tem
477 4736 643 4781 tuam.
687 4730 819 4795 Quae
839 4744 1019 4787 autem
1048 4735 1301 4790 voluntas
1331 4735 1510 4792 Patris
1533 4748 1671 4801 erat,
1716 4741 1821 4797 nisi
1840 4757 1902 4796 ea

335 4831 502 4885 quam
533 4821 646 4887 ipse
673 4820 934 4876 Dominus
978 4827 1256 4880 enarravit
1293 4827 1483 4884 dicens
1537 4831 1617 4883 ’σε
1649 4829 1777 4885 ch
1826 4841 1903 4886 est

333 4916 515 4961 autem
572 4909 814 4967 voluntas
867 4913 981 4982 ejus
1037 4916 1127 4985 qui
1162 4918 1307 4971 misit
1356 4934 1456 4981 me,
1497 4929 1555 4974 ut
1582 4938 1733 4976 omne
1764 4924 1902 4993 quod

329 4996 479 5053 dedit
517 5001 648 5053 mihi
686 5018 789 5056 non
819 5007 1035 5072 perdam
1062 5022 1204 5060 exeo
1233 5023 1251 5070 ;
1285 5009 1375 5062 sed
1427 5013 1731 5065 resuscitem
1763 5013 1900 5067 illud

260 5145 269 5151 ,
331 5090 391 5144 in
420 5091 706 5147 novissimo
728 5093 813 5151 die
837 5097 862 5148 ἵ
889 5093 1026 5150 Illud
1055 5107 1261 5163 autem,
1289 5100 1342 5153 in
1373 5102 1546 5169 capite
1576 5101 1724 5168 libri,
1758 5103 1900 5158 banc

333 5179 503 5234 habet
529 5182 1053 5252 interpretationem.
1089 5187 1266 5256 Caput
1313 5189 1520 5244 Hebraei
1559 5200 1764 5247 tomum
1806 5209 1900 5263 ap-

333 5270 551 5336 pellant.
588 5273 756 5331 Isaias
791 5291 916 5332 vero
965 5278 1359 5334 incarnationis
1389 5279 1662 5351 Unigenili
1700 5293 1898 5353 mystc-

402 5416 493 5471 ’δι
525 5420 648 5476 Cor.
669 5441 722 5489 ι,
745 5426 799 5480 4.
876 5429 921 5460 ⁸⁸
949 5427 1094 5483 Psal.
1129 5445 1253 5498 cxv,
1282 5430 1370 5485 11.
1444 5433 1490 5465 ⁸⁸
1523 5431 1775 5498 Joan.vr,
1804 5434 1892 5488 40.

405 5547 647 5630 (“illiti
665 5552 819 5630 locus
848 5559 1046 5630 citatur
1081 5563 1299 5616 nomine
1336 5563 1616 5619 Athanasii
1677 5565 1729 5618 in
1792 5566 1899 5620 Ua-

335 5623 459 5669 tcns
517 5619 572 5672 in
606 5619 876 5691 Epistolas
931 5629 1105 5695 Pauli,
1140 5632 1259 5687 cod.
1288 5631 1419 5702 Reg.
1450 5633 1611 5697 2246,
1647 5634 1713 5688 ad
1750 5619 1893 5691 hunc

2002 4752 2184 4817 λημα.
2201 4750 2361 4802 Ποῖον
2377 4748 2486 4820 γὰρ
2500 4745 2567 4819 ἦν
2587 4749 2647 4801 τὸ
2664 4748 2877 4819 θέλημα
2895 4748 2994 4801 τοῦ
3018 4751 3132 4802 Πατ
3141 4749 3250 4817 ρὸς,
3269 4747 3301 4818 ἢ
3317 4747 3345 4800 ὃ
3366 4748 3523 4812 αὐτὸς
3541 4749 3571 4799 ό

2002 4839 2205 4910 Κύριος
2220 4838 2525 4909 ἐξηγήσατο
2539 4856 2563 4890 ε
2574 4838 2796 4910 ίρηκώς·
2809 4837 2989 4892 Τοῦτό
3000 4837 3131 4890 ἐστι
3142 4837 3208 4890 τὸ
3224 4836 3449 4905 θέλημα
3466 4835 3569 4889 τοῦ

2002 4929 2352 4998 πέμψαντός
2373 4946 2471 4998 με,
2493 4930 2592 4983 ἵνα
2616 4929 2740 4984 πᾶν
2763 4929 2794 4982 ὃ
2817 4927 3039 4982 δέδωκέ
3047 4945 3148 4997 μοι
3169 4927 3254 4996 μὴ
3284 4926 3567 4981 ἀπολέσω

2000 5019 2069 5082 ἐξ
2095 5018 2303 5083 αὐτοῦ,
2336 5019 2498 5073 ἀλλὰ
2529 5018 2854 5085 ἀναστήσω
2889 5018 3034 5072 αὺτὸ
3065 5016 3139 5088 τῇ
3166 5016 3397 5088 ἐσχάτῃ
3421 5015 3563 5085 ἠμέ-

1993 5123 2112 5175 ρᾳ;
2145 5109 2218 5161 Τὸ
2246 5109 2324 5176 δὲ,
2346 5109 2417 5162 ἐν
2451 5108 2727 5177 κεφαλίδι
2763 5109 3006 5172 ,ϐιϐλίου
3039 5147 3053 5174 ,
3086 5107 3288 5177 ταύτην
3325 5107 3437 5177 ἔχει
3468 5106 3566 5177 τὴν

2002 5198 2317 5269 ἑρμηνείαν.
2368 5199 2647 5266 Κεφαλίδα
2681 5199 2729 5251 oi
2768 5198 3008 5268 Ἑϐραῖοι
3050 5197 3141 5251 τὸν
3175 5198 3338 5269 τόμον
3378 5197 3559 5266 φασίν.

2014 5288 2241 5351 Ἡσαΐας
2296 5288 2353 5342 δὲ
2396 5288 2458 5340 τὸ
2504 5288 2603 5360 τῆς
2643 5288 3105 5360 ὲνανθρωπήσεως
3139 5290 3431 5359 μυστήριον
3469 5287 3564 5340 τοῦ

1999 5581 2214 5620 versum
2261 5565 2513 5636 Epistolas:
2546 5569 2608 5623 ad
2654 5567 2942 5625 Hebraeos:
2978 5569 3140 5639 Σῶμα
3166 5566 3221 5621 δὲ
3251 5568 3563 5638 κατηρτίσω

2003 5652 2111 5704 μοι.
