  <div class='ocr_page' id='page_1' title='image "/cluster/home/n/w/nwhite01/storage/ocr_20150623/27/mdp.39015007065769/116.png"; bbox 0 0 3976 6220; ppageno 0'>
   <div class='ocr_carea' id='block_1_1' title="bbox 308 322 411 378">
    <p class='ocr_par' dir='ltr' id='par_1_1' title="bbox 308 322 411 378">
     <span class='ocr_line' id='line_1_1' title="bbox 308 322 411 378; baseline 0.029 -3"><span class='ocrx_word' id='word_1_1' title='bbox 308 322 411 378; x_wconf 73' lang='grc'><strong>195</strong></span> 
     </span>
    </p>
   </div>
   <div class='ocr_carea' id='block_1_2' title="bbox 1383 303 2502 365">
    <p class='ocr_par' dir='ltr' id='par_1_2' title="bbox 1383 303 2502 365">
     <span class='ocr_line' id='line_1_2' title="bbox 1383 303 2502 365; baseline -0.007 -1"><span class='ocrx_word' id='word_1_2' title='bbox 1383 307 1752 365; x_wconf 69' lang='lat' dir='ltr'><strong>EXPOSlTlO</strong></span> <span class='ocrx_word' id='word_1_3' title='bbox 1787 308 1855 362; x_wconf 77' lang='lat' dir='ltr'><strong>1N</strong></span> <span class='ocrx_word' id='word_1_4' title='bbox 1895 304 2225 362; x_wconf 74' lang='lat' dir='ltr'><strong>PSALMUM</strong></span> <span class='ocrx_word' id='word_1_5' title='bbox 2258 303 2502 358; x_wconf 70' lang='lat' dir='ltr'><strong>XXXIX.</strong></span> 
     </span>
    </p>
   </div>
   <div class='ocr_carea' id='block_1_3' title="bbox 3447 304 3551 361">
    <p class='ocr_par' dir='ltr' id='par_1_3' title="bbox 3447 304 3551 361">
     <span class='ocr_line' id='line_1_3' title="bbox 3447 304 3551 361; baseline 0 -2"><span class='ocrx_word' id='word_1_6' title='bbox 3447 304 3551 361; x_wconf 71' lang='grc'><strong>191</strong></span> 
     </span>
    </p>
   </div>
   <div class='ocr_carea' id='block_1_4' title="bbox 303 405 1903 502">
    <p class='ocr_par' dir='ltr' id='par_1_4' title="bbox 303 421 1883 502">
     <span class='ocr_line' id='line_1_4' title="bbox 303 421 1883 502; baseline -0.011 -12"><span class='ocrx_word' id='word_1_7' title='bbox 303 430 632 502; x_wconf 78' lang='grc' dir='ltr'><strong>Μονογενοῦς</strong></span> <span class='ocrx_word' id='word_1_8' title='bbox 656 430 1039 499; x_wconf 69' lang='grc' dir='ltr'><strong>διδασκόμενος</strong></span> <span class='ocrx_word' id='word_1_9' title='bbox 1063 428 1263 497; x_wconf 69' lang='grc' dir='ltr'><strong>ἥκουσι</strong></span> <span class='ocrx_word' id='word_1_10' title='bbox 1290 439 1303 452; x_wconf 91' lang='grc'><strong>·</strong></span> <span class='ocrx_word' id='word_1_11' title='bbox 1338 421 1493 479; x_wconf 80' lang='grc' dir='ltr'><strong>Λαὸὲ</strong></span> <span class='ocrx_word' id='word_1_12' title='bbox 1534 423 1720 492; x_wconf 81' lang='grc' dir='ltr'><strong>τόμον</strong></span> <span class='ocrx_word' id='word_1_13' title='bbox 1756 438 1883 474; x_wconf 79' lang='grc' dir='ltr'><strong>και-</strong></span> 
     </span>
    </p>
   </div>
   <div class='ocr_carea' id='block_1_5' title="bbox 2004 405 3552 502">
    <p class='ocr_par' dir='ltr' id='par_1_5' title="bbox 2004 405 3552 483">
     <span class='ocr_line' id='line_1_5' title="bbox 2004 405 3552 483; baseline -0.001 -12"><span class='ocrx_word' id='word_1_14' title='bbox 2004 418 2127 471; x_wconf 84' lang='grc' dir='ltr'><strong>·ἰυῐη</strong></span> <span class='ocrx_word' id='word_1_15' title='bbox 2182 417 2431 479; x_wconf 79' lang='lat' dir='ltr'><strong>edoctus,</strong></span> <span class='ocrx_word' id='word_1_16' title='bbox 2467 413 2674 468; x_wconf 77' lang='lat' dir='ltr'><strong>audivit</strong></span> <span class='ocrx_word' id='word_1_17' title='bbox 2712 433 2725 467; x_wconf 91' lang='lat'>:</span> <span class='ocrx_word' id='word_1_18' title='bbox 2780 405 2969 483; x_wconf 75' lang='lat' dir='ltr'><strong>Accipe</strong></span> <span class='ocrx_word' id='word_1_19' title='bbox 3009 416 3208 469; x_wconf 78' lang='lat' dir='ltr'><strong>tantum</strong></span> <span class='ocrx_word' id='word_1_20' title='bbox 3249 432 3459 480; x_wconf 79' lang='lat' dir='ltr'><strong>novum,</strong></span> <span class='ocrx_word' id='word_1_21' title='bbox 3500 425 3552 472; x_wconf 87' lang='lat' dir='ltr'><strong>et</strong></span> 
     </span>
    </p>
   </div>
   <div class='ocr_carea' id='block_1_6' title="bbox 304 509 1878 590">
    <p class='ocr_par' dir='ltr' id='par_1_6' title="bbox 304 509 1878 590">
     <span class='ocr_line' id='line_1_6' title="bbox 304 509 1878 590; baseline -0.013 -9"><span class='ocrx_word' id='word_1_22' title='bbox 304 526 434 590; x_wconf 72' lang='grc' dir='ltr'><strong>νύν,</strong></span> <span class='ocrx_word' id='word_1_23' title='bbox 451 522 547 578; x_wconf 73' lang='grc' dir='ltr'><strong>καὶ</strong></span> <span class='ocrx_word' id='word_1_24' title='bbox 572 520 812 590; x_wconf 63' lang='grc' dir='ltr'><strong>γράψον</strong></span> <span class='ocrx_word' id='word_1_25' title='bbox 835 519 904 571; x_wconf 79' lang='grc' dir='ltr'><strong>ὲν</strong></span> <span class='ocrx_word' id='word_1_26' title='bbox 925 515 1084 580; x_wconf 82' lang='grc' dir='ltr'><strong>αὐτῷ</strong></span> <span class='ocrx_word' id='word_1_27' title='bbox 1115 512 1354 584; x_wconf 66' lang='grc' dir='ltr'><strong>τραφίδι</strong></span> <span class='ocrx_word' id='word_1_28' title='bbox 1374 509 1706 579; x_wconf 79' lang='grc' dir='ltr'><strong>ἀνθρώπου.</strong></span> <span class='ocrx_word' id='word_1_29' title='bbox 1732 510 1878 578; x_wconf 87' lang='grc' dir='ltr'><strong>Συμ-</strong></span> 
     </span>
    </p>
   </div>
   <div class='ocr_carea' id='block_1_7' title="bbox 308 602 1880 676">
    <p class='ocr_par' dir='ltr' id='par_1_7' title="bbox 308 602 1880 676">
     <span class='ocr_line' id='line_1_7' title="bbox 308 602 1880 676; baseline -0.013 -6"><span class='ocrx_word' id='word_1_30' title='bbox 308 616 476 670; x_wconf 82' lang='grc' dir='ltr'><strong>ϐαίνει</strong></span> <span class='ocrx_word' id='word_1_31' title='bbox 496 614 569 676; x_wconf 86' lang='grc' dir='ltr'><strong>ὡς</strong></span> <span class='ocrx_word' id='word_1_32' title='bbox 595 613 698 665; x_wconf 79' lang='grc' dir='ltr'><strong>οὐκ</strong></span> <span class='ocrx_word' id='word_1_33' title='bbox 717 614 775 663; x_wconf 74' lang='grc' dir='ltr'><strong>ὲν</strong></span> <span class='ocrx_word' id='word_1_34' title='bbox 801 608 964 671; x_wconf 69' lang='grc' dir='ltr'><strong>πλαξὶ</strong></span> <span class='ocrx_word' id='word_1_35' title='bbox 979 606 1226 667; x_wconf 78' lang='grc' dir='ltr'><strong>λιθίναις,</strong></span> <span class='ocrx_word' id='word_1_36' title='bbox 1254 602 1389 657; x_wconf 83' lang='grc' dir='ltr'><strong>ἀλλὰ</strong></span> <span class='ocrx_word' id='word_1_37' title='bbox 1416 602 1721 672; x_wconf 77' lang='grc' dir='ltr'><strong>σαρκίναις,</strong></span> <span class='ocrx_word' id='word_1_38' title='bbox 1749 615 1880 668; x_wconf 81' lang='grc' dir='ltr'><strong>γρα⁴</strong></span> 
     </span>
    </p>
   </div>
   <div class='ocr_carea' id='block_1_8' title="bbox 310 689 1881 777">
    <p class='ocr_par' dir='ltr' id='par_1_8' title="bbox 310 689 1881 777">
     <span class='ocr_line' id='line_1_8' title="bbox 310 689 1881 777; baseline -0.011 -18"><span class='ocrx_word' id='word_1_39' title='bbox 310 708 571 777; x_wconf 78' lang='grc' dir='ltr'><strong>φήσονται</strong></span> <span class='ocrx_word' id='word_1_40' title='bbox 617 702 689 755; x_wconf 72' lang='grc' dir='ltr'><strong>τὰ</strong></span> <span class='ocrx_word' id='word_1_41' title='bbox 721 701 1067 770; x_wconf 88' lang='grc' dir='ltr'><strong>θεσπίσματα</strong></span> <span class='ocrx_word' id='word_1_42' title='bbox 1114 695 1208 749; x_wconf 80' lang='grc' dir='ltr'><strong>τοῦ</strong></span> <span class='ocrx_word' id='word_1_43' title='bbox 1254 692 1441 748; x_wconf 81' lang='grc' dir='ltr'><strong>καινοῦ</strong></span> <span class='ocrx_word' id='word_1_44' title='bbox 1470 692 1657 762; x_wconf 76' lang='grc' dir='ltr'><strong>νόμον,</strong></span> <span class='ocrx_word' id='word_1_45' title='bbox 1698 689 1881 752; x_wconf 86' lang='grc' dir='ltr'><strong>καθώς</strong></span> 
     </span>
    </p>
   </div>
   <div class='ocr_carea' id='block_1_9' title="bbox 312 782 1881 869">
    <p class='ocr_par' dir='ltr' id='par_1_9' title="bbox 312 782 1881 869">
     <span class='ocr_line' id='line_1_9' title="bbox 312 782 1881 869; baseline -0.011 -18"><span class='ocrx_word' id='word_1_46' title='bbox 312 815 440 869; x_wconf 83' lang='grc' dir='ltr'><strong>φησι</strong></span> <span class='ocrx_word' id='word_1_47' title='bbox 471 798 538 850; x_wconf 82' lang='grc' dir='ltr'><strong>δι’</strong></span> <span class='ocrx_word' id='word_1_48' title='bbox 571 794 836 866; x_wconf 84' lang='grc' dir='ltr'><strong>Ἰερεμίου</strong></span> <span class='ocrx_word' id='word_1_49' title='bbox 874 791 968 844; x_wconf 85' lang='grc' dir='ltr'><strong>τοῦ</strong></span> <span class='ocrx_word' id='word_1_50' title='bbox 991 791 1272 861; x_wconf 74' lang='grc' dir='ltr'>προφήτου</span> <span class='ocrx_word' id='word_1_51' title='bbox 1293 804 1305 818; x_wconf 90' lang='grc'><strong>·</strong></span> <span class='ocrx_word' id='word_1_52' title='bbox 1350 785 1561 851; x_wconf 80' lang='grc' dir='ltr'><strong>Διδοὺς</strong></span> <span class='ocrx_word' id='word_1_53' title='bbox 1586 783 1758 836; x_wconf 83' lang='grc' dir='ltr'><em>δώσω</em></span> <span class='ocrx_word' id='word_1_54' title='bbox 1782 782 1881 836; x_wconf 75' lang='grc' dir='ltr'><strong>νό-</strong></span> 
     </span>
    </p>
   </div>
   <div class='ocr_carea' id='block_1_10' title="bbox 307 874 1883 959">
    <p class='ocr_par' dir='ltr' id='par_1_10' title="bbox 307 874 1883 959">
     <span class='ocr_line' id='line_1_10' title="bbox 307 874 1883 959; baseline -0.012 -16"><span class='ocrx_word' id='word_1_55' title='bbox 307 907 458 959; x_wconf 84' lang='grc' dir='ltr'><strong>μους</strong></span> <span class='ocrx_word' id='word_1_56' title='bbox 484 904 604 956; x_wconf 82' lang='grc' dir='ltr'><strong>μου</strong></span> <span class='ocrx_word' id='word_1_57' title='bbox 637 889 725 950; x_wconf 80' lang='grc' dir='ltr'><strong>εὶς</strong></span> <span class='ocrx_word' id='word_1_58' title='bbox 747 885 864 952; x_wconf 76' lang='grc' dir='ltr'><strong>τὴν</strong></span> <span class='ocrx_word' id='word_1_59' title='bbox 889 882 1161 936; x_wconf 82' lang='grc' dir='ltr'><strong>διάνοιαν</strong></span> <span class='ocrx_word' id='word_1_60' title='bbox 1191 878 1413 941; x_wconf 78' lang='grc' dir='ltr'><strong>αὐτῶν,</strong></span> <span class='ocrx_word' id='word_1_61' title='bbox 1462 875 1560 929; x_wconf 77' lang='grc' dir='ltr'><strong>καὶ</strong></span> <span class='ocrx_word' id='word_1_62' title='bbox 1598 874 1695 928; x_wconf 75' lang='grc' dir='ltr'><strong>ἐπὶ</strong></span> <span class='ocrx_word' id='word_1_63' title='bbox 1743 889 1883 941; x_wconf 83' lang='grc' dir='ltr'><strong>καρ-</strong></span> 
     </span>
    </p>
   </div>
   <div class='ocr_carea' id='block_1_11' title="bbox 311 965 1885 1045">
    <p class='ocr_par' dir='ltr' id='par_1_11' title="bbox 311 965 1885 1045">
     <span class='ocr_line' id='line_1_11' title="bbox 311 965 1885 1045; baseline -0.013 -11"><span class='ocrx_word' id='word_1_64' title='bbox 311 980 443 1045; x_wconf 80' lang='grc' dir='ltr'><strong>δίας</strong></span> <span class='ocrx_word' id='word_1_65' title='bbox 464 976 665 1033; x_wconf 77' lang='grc' dir='ltr'><strong>αὐτῶν</strong></span> <span class='ocrx_word' id='word_1_66' title='bbox 694 975 899 1045; x_wconf 71' lang='grc' dir='ltr'><strong>γράψω</strong></span> <span class='ocrx_word' id='word_1_67' title='bbox 929 972 1171 1039; x_wconf 83' lang='grc' dir='ltr'><strong>αὐτοὺς,</strong></span> <span class='ocrx_word' id='word_1_68' title='bbox 1205 971 1292 1023; x_wconf 77' lang='grc' dir='ltr'><strong>ἵνα</strong></span> <span class='ocrx_word' id='word_1_69' title='bbox 1323 968 1492 1039; x_wconf 84' lang='grc' dir='ltr'><strong>δηλοῖ,</strong></span> <span class='ocrx_word' id='word_1_70' title='bbox 1525 968 1606 1019; x_wconf 82' lang='grc' dir='ltr'><strong>ὅτι</strong></span> <span class='ocrx_word' id='word_1_71' title='bbox 1641 966 1753 1027; x_wconf 85' lang='grc' dir='ltr'><strong>τοῖς</strong></span> <span class='ocrx_word' id='word_1_72' title='bbox 1799 965 1885 1015; x_wconf 76' lang='grc' dir='ltr'><strong>ὲν-</strong></span> 
     </span>
    </p>
   </div>
   <div class='ocr_carea' id='block_1_12' title="bbox 312 1054 1889 1138">
    <p class='ocr_par' dir='ltr' id='par_1_12' title="bbox 312 1054 1889 1138">
     <span class='ocr_line' id='line_1_12' title="bbox 312 1054 1889 1138; baseline -0.013 -12"><span class='ocrx_word' id='word_1_73' title='bbox 312 1072 549 1134; x_wconf 77' lang='grc' dir='ltr'><strong>δοτέιτοις</strong></span> <span class='ocrx_word' id='word_1_74' title='bbox 574 1071 670 1123; x_wconf 61' lang='grc' dir='ltr'><strong>καὶ⁵</strong></span> <span class='ocrx_word' id='word_1_75' title='bbox 698 1068 905 1138; x_wconf 78' lang='grc' dir='ltr'><strong>νοητοῖς</strong></span> <span class='ocrx_word' id='word_1_76' title='bbox 925 1067 1022 1136; x_wconf 80' lang='grc' dir='ltr'><strong>τῆς</strong></span> <span class='ocrx_word' id='word_1_77' title='bbox 1051 1063 1279 1133; x_wconf 76' lang='grc' dir='ltr'><strong>καρδίας</strong></span> <span class='ocrx_word' id='word_1_78' title='bbox 1309 1059 1556 1130; x_wconf 80' lang='grc' dir='ltr'><strong>ταμείοις</strong></span> <span class='ocrx_word' id='word_1_79' title='bbox 1584 1058 1618 1127; x_wconf 83' lang='grc' dir='ltr'><strong>ἡ</strong></span> <span class='ocrx_word' id='word_1_80' title='bbox 1657 1054 1889 1124; x_wconf 59' lang='grc' dir='ltr'><strong>Ἐκκληέ</strong></span> 
     </span>
    </p>
   </div>
   <div class='ocr_carea' id='block_1_13' title="bbox 316 1145 1885 1226">
    <p class='ocr_par' dir='ltr' id='par_1_13' title="bbox 316 1145 1885 1226">
     <span class='ocr_line' id='line_1_13' title="bbox 316 1145 1885 1226; baseline -0.011 -12"><span class='ocrx_word' id='word_1_81' title='bbox 316 1162 402 1213; x_wconf 85' lang='grc' dir='ltr'><strong>σία</strong></span> <span class='ocrx_word' id='word_1_82' title='bbox 426 1160 518 1212; x_wconf 83' lang='grc' dir='ltr'><strong>τὸν</strong></span> <span class='ocrx_word' id='word_1_83' title='bbox 553 1158 737 1212; x_wconf 81' lang='grc' dir='ltr'><strong>καινὸν</strong></span> <span class='ocrx_word' id='word_1_84' title='bbox 769 1154 1136 1226; x_wconf 75' lang='grc' dir='ltr'><strong>παραδέξηται</strong></span> <span class='ocrx_word' id='word_1_85' title='bbox 1182 1152 1366 1222; x_wconf 85' lang='grc' dir='ltr'><strong>νόμον,</strong></span> <span class='ocrx_word' id='word_1_86' title='bbox 1412 1149 1508 1203; x_wconf 70' lang='grc' dir='ltr'><strong>καὶ</strong></span> <span class='ocrx_word' id='word_1_87' title='bbox 1534 1148 1632 1210; x_wconf 87' lang='grc' dir='ltr'><strong>τάς</strong></span> <span class='ocrx_word' id='word_1_88' title='bbox 1666 1145 1885 1209; x_wconf 76' lang='grc' dir='ltr'><strong>ἐντολὰς</strong></span> 
     </span>
    </p>
   </div>
   <div class='ocr_carea' id='block_1_14' title="bbox 316 1230 1349 1322">
    <p class='ocr_par' dir='ltr' id='par_1_14' title="bbox 316 1230 1349 1322">
     <span class='ocr_line' id='line_1_14' title="bbox 316 1230 1349 1322; baseline -0.009 -16"><span class='ocrx_word' id='word_1_89' title='bbox 316 1252 518 1322; x_wconf 68' lang='grc' dir='ltr'><strong>σφόδρα</strong></span> <span class='ocrx_word' id='word_1_90' title='bbox 546 1250 771 1320; x_wconf 83' lang='grc' dir='ltr'><strong>θελήσῃ.</strong></span> <span class='ocrx_word' id='word_1_91' title='bbox 1343 1230 1349 1239; x_wconf 74' lang='grc'><em>’</em></span> 
     </span>
    </p>
   </div>
   <div class='ocr_carea' id='block_1_15' title="bbox 380 1332 1886 1411">
    <p class='ocr_par' dir='ltr' id='par_1_15' title="bbox 380 1332 1886 1411">
     <span class='ocr_line' id='line_1_15' title="bbox 380 1332 1886 1411; baseline -0.009 -14"><span class='ocrx_word' id='word_1_92' title='bbox 380 1340 890 1411; x_wconf 70' lang='grc' dir='ltr'><strong>Εὺηγγελισάμην</strong></span> <span class='ocrx_word' id='word_1_93' title='bbox 909 1336 1306 1403; x_wconf 78' lang='grc' dir='ltr'><strong>δικαιοσύνην</strong></span> <span class='ocrx_word' id='word_1_94' title='bbox 1326 1335 1397 1389; x_wconf 79' lang='grc' dir='ltr'><strong>ἐν</strong></span> <span class='ocrx_word' id='word_1_95' title='bbox 1434 1332 1766 1400; x_wconf 68' lang='grc' dir='ltr'><strong>Ἐκκλησία</strong></span> <span class='ocrx_word' id='word_1_96' title='bbox 1782 1349 1886 1401; x_wconf 85' lang='grc' dir='ltr'><strong>με-</strong></span> 
     </span>
    </p>
   </div>
   <div class='ocr_carea' id='block_1_16' title="bbox 314 1419 1885 1503">
    <p class='ocr_par' dir='ltr' id='par_1_16' title="bbox 314 1419 1885 1503">
     <span class='ocr_line' id='line_1_16' title="bbox 314 1419 1885 1503; baseline -0.009 -17"><span class='ocrx_word' id='word_1_97' title='bbox 314 1431 487 1503; x_wconf 60' lang='grc' dir='ltr'><strong>γάλῃ.</strong></span> <span class='ocrx_word' id='word_1_98' title='bbox 522 1429 820 1499; x_wconf 73' lang='grc' dir='ltr'><strong>Ἐκκλησία</strong></span> <span class='ocrx_word' id='word_1_99' title='bbox 870 1427 1078 1498; x_wconf 84' lang='grc' dir='ltr'><strong>μεγάλη</strong></span> <span class='ocrx_word' id='word_1_100' title='bbox 1115 1427 1148 1496; x_wconf 88' lang='grc' dir='ltr'><strong>ή</strong></span> <span class='ocrx_word' id='word_1_101' title='bbox 1182 1423 1324 1478; x_wconf 81' lang='grc' dir='ltr'><strong>κατὰ</strong></span> <span class='ocrx_word' id='word_1_102' title='bbox 1348 1425 1456 1476; x_wconf 75' lang='grc' dir='ltr'><strong>πᾶν</strong></span> <span class='ocrx_word' id='word_1_103' title='bbox 1482 1422 1632 1485; x_wconf 81' lang='grc' dir='ltr'><strong>ἔθνος</strong></span> <span class='ocrx_word' id='word_1_104' title='bbox 1660 1419 1885 1474; x_wconf 80' lang='grc' dir='ltr'><strong>πιστεύ-</strong></span> 
     </span>
    </p>
   </div>
   <div class='ocr_carea' id='block_1_17' title="bbox 318 1511 1887 1591">
    <p class='ocr_par' dir='ltr' id='par_1_17' title="bbox 318 1511 1887 1591">
     <span class='ocr_line' id='line_1_17' title="bbox 318 1511 1887 1591; baseline -0.008 -13"><span class='ocrx_word' id='word_1_105' title='bbox 318 1529 455 1579; x_wconf 80' lang='grc' dir='ltr'><strong>σασα</strong></span> <span class='ocrx_word' id='word_1_106' title='bbox 505 1522 584 1591; x_wconf 82' lang='grc' dir='ltr'><strong>τῷ</strong></span> <span class='ocrx_word' id='word_1_107' title='bbox 639 1520 854 1590; x_wconf 78' lang='grc' dir='ltr'><strong>Σωτῆρι</strong></span> <span class='ocrx_word' id='word_1_108' title='bbox 880 1519 1055 1589; x_wconf 72' lang='grc' dir='ltr'><strong>ψυχή’</strong></span> <span class='ocrx_word' id='word_1_109' title='bbox 1112 1516 1147 1587; x_wconf 78' lang='grc' dir='ltr'>ἢ</span> <span class='ocrx_word' id='word_1_110' title='bbox 1203 1517 1298 1570; x_wconf 73' lang='grc' dir='ltr'><strong>καὶ</strong></span> <span class='ocrx_word' id='word_1_111' title='bbox 1348 1513 1694 1568; x_wconf 78' lang='grc' dir='ltr'><strong>δεδικαίωται</strong></span> <span class='ocrx_word' id='word_1_112' title='bbox 1725 1511 1887 1566; x_wconf 81' lang='grc' dir='ltr'><strong>αὐτὸν</strong></span> 
     </span>
    </p>
   </div>
   <div class='ocr_carea' id='block_1_18' title="bbox 317 1601 1887 1685">
    <p class='ocr_par' dir='ltr' id='par_1_18' title="bbox 317 1601 1887 1685">
     <span class='ocr_line' id='line_1_18' title="bbox 317 1601 1887 1685; baseline -0.01 -17"><span class='ocrx_word' id='word_1_113' title='bbox 317 1615 512 1685; x_wconf 72' lang='grc' dir='ltr'><strong>ἔχουσα</strong></span> <span class='ocrx_word' id='word_1_114' title='bbox 541 1612 634 1665; x_wconf 84' lang='grc' dir='ltr'><strong>τὸν</strong></span> <span class='ocrx_word' id='word_1_115' title='bbox 680 1609 997 1664; x_wconf 81' lang='grc' dir='ltr'><strong>δικαιοῦντα</strong></span> <span class='ocrx_word' id='word_1_116' title='bbox 1048 1607 1141 1661; x_wconf 80' lang='grc' dir='ltr'><strong>τὸν</strong></span> <span class='ocrx_word' id='word_1_117' title='bbox 1185 1605 1381 1674; x_wconf 81' lang='grc' dir='ltr'><strong>ἀσεϐῆ.</strong></span> <span class='ocrx_word' id='word_1_118' title='bbox 1418 1603 1540 1672; x_wconf 79' lang='grc' dir='ltr'><strong>Τὴν</strong></span> <span class='ocrx_word' id='word_1_119' title='bbox 1582 1601 1887 1655; x_wconf 58' lang='grc' dir='ltr'><strong>δικαιοσύν</strong></span> 
     </span>
    </p>
   </div>
   <div class='ocr_carea' id='block_1_19' title="bbox 316 1695 1887 1771">
    <p class='ocr_par' dir='ltr' id='par_1_19' title="bbox 316 1695 1887 1771">
     <span class='ocr_line' id='line_1_19' title="bbox 316 1695 1887 1771; baseline -0.011 -11"><span class='ocrx_word' id='word_1_120' title='bbox 316 1723 427 1771; x_wconf 70' lang='grc' dir='ltr'><strong>νην</strong></span> <span class='ocrx_word' id='word_1_121' title='bbox 452 1721 571 1759; x_wconf 84' lang='grc' dir='ltr'><strong>σου</strong></span> <span class='ocrx_word' id='word_1_122' title='bbox 607 1705 720 1757; x_wconf 77' lang='grc' dir='ltr'><strong>οὐκ</strong></span> <span class='ocrx_word' id='word_1_123' title='bbox 748 1702 984 1769; x_wconf 71' lang='grc' dir='ltr'><strong>ἔκρυψα</strong></span> <span class='ocrx_word' id='word_1_124' title='bbox 1013 1700 1082 1752; x_wconf 77' lang='grc' dir='ltr'><strong>ἐν</strong></span> <span class='ocrx_word' id='word_1_125' title='bbox 1128 1697 1204 1767; x_wconf 75' lang='grc' dir='ltr'><strong>τῇ</strong></span> <span class='ocrx_word' id='word_1_126' title='bbox 1246 1696 1462 1764; x_wconf 81' lang='grc' dir='ltr'><strong>καρδίᾳ</strong></span> <span class='ocrx_word' id='word_1_127' title='bbox 1494 1711 1635 1763; x_wconf 85' lang='grc' dir='ltr'><strong>μου.</strong></span> <span class='ocrx_word' id='word_1_128' title='bbox 1672 1695 1887 1746; x_wconf 87' lang='grc' dir='ltr'><strong>Δικαιο-</strong></span> 
     </span>
    </p>
   </div>
   <div class='ocr_carea' id='block_1_20' title="bbox 320 1783 1888 1866">
    <p class='ocr_par' dir='ltr' id='par_1_20' title="bbox 320 1783 1888 1866">
     <span class='ocr_line' id='line_1_20' title="bbox 320 1783 1888 1866; baseline -0.008 -18"><span class='ocrx_word' id='word_1_129' title='bbox 320 1795 481 1866; x_wconf 79' lang='grc' dir='ltr'><strong>σύνην</strong></span> <span class='ocrx_word' id='word_1_130' title='bbox 537 1794 636 1865; x_wconf 74' lang='grc' dir='ltr'><strong>μὲν</strong></span> <span class='ocrx_word' id='word_1_131' title='bbox 670 1793 773 1863; x_wconf 82' lang='grc' dir='ltr'><strong>τὴν</strong></span> <span class='ocrx_word' id='word_1_132' title='bbox 809 1792 875 1845; x_wconf 89' lang='grc' dir='ltr'><strong>δι’</strong></span> <span class='ocrx_word' id='word_1_133' title='bbox 915 1788 1081 1845; x_wconf 74' lang='grc' dir='ltr'><strong>αὐτοῦ</strong></span> <span class='ocrx_word' id='word_1_134' title='bbox 1134 1788 1555 1859; x_wconf 82' lang='grc' dir='ltr'><strong>κεκηρυγμένην</strong></span> <span class='ocrx_word' id='word_1_135' title='bbox 1590 1786 1742 1855; x_wconf 70' lang='grc' dir='ltr'><strong>φησι,</strong></span> <span class='ocrx_word' id='word_1_136' title='bbox 1791 1783 1888 1854; x_wconf 81' lang='grc' dir='ltr'><strong>τὴν</strong></span> 
     </span>
    </p>
   </div>
   <div class='ocr_carea' id='block_1_21' title="bbox 318 1877 1889 1956">
    <p class='ocr_par' dir='ltr' id='par_1_21' title="bbox 318 1877 1889 1956">
     <span class='ocr_line' id='line_1_21' title="bbox 318 1877 1889 1956; baseline -0.007 -16"><span class='ocrx_word' id='word_1_137' title='bbox 318 1888 453 1956; x_wconf 73' lang='grc' dir='ltr'><strong>ὑπὲρ</strong></span> <span class='ocrx_word' id='word_1_138' title='bbox 473 1887 638 1956; x_wconf 85' lang='grc' dir='ltr'><strong>νόμον</strong></span> <span class='ocrx_word' id='word_1_139' title='bbox 669 1885 766 1937; x_wconf 72' lang='grc' dir='ltr'><strong>καὶ</strong></span> <span class='ocrx_word' id='word_1_140' title='bbox 793 1884 951 1938; x_wconf 86' lang='grc' dir='ltr'><strong>σκιάν</strong></span> <span class='ocrx_word' id='word_1_141' title='bbox 978 1900 991 1914; x_wconf 89' lang='grc'><strong>·</strong></span> <span class='ocrx_word' id='word_1_142' title='bbox 1023 1881 1086 1935; x_wconf 79' lang='grc' dir='ltr'><strong>τὸ</strong></span> <span class='ocrx_word' id='word_1_143' title='bbox 1118 1881 1197 1945; x_wconf 83' lang='grc' dir='ltr'><strong>δὲ,</strong></span> <span class='ocrx_word' id='word_1_144' title='bbox 1216 1880 1422 1950; x_wconf 74' lang='grc' dir='ltr'><strong>ἔγνως,</strong></span> <span class='ocrx_word' id='word_1_145' title='bbox 1460 1879 1581 1933; x_wconf 78' lang='grc' dir='ltr'><strong>ἀντὶ</strong></span> <span class='ocrx_word' id='word_1_146' title='bbox 1617 1878 1730 1940; x_wconf 88' lang='grc' dir='ltr'><strong>τοῦ,</strong></span> <span class='ocrx_word' id='word_1_147' title='bbox 1763 1877 1889 1930; x_wconf 87' lang='grc' dir='ltr'><strong>ίδιο-</strong></span> 
     </span>
    </p>
   </div>
   <div class='ocr_carea' id='block_1_22' title="bbox 319 1969 1890 2047">
    <p class='ocr_par' dir='ltr' id='par_1_22' title="bbox 319 1969 1890 2047">
     <span class='ocr_line' id='line_1_22' title="bbox 319 1969 1890 2047; baseline -0.006 -18"><span class='ocrx_word' id='word_1_148' title='bbox 319 1977 546 2047; x_wconf 77' lang='grc' dir='ltr'><strong>ποιήσω.</strong></span> <span class='ocrx_word' id='word_1_149' title='bbox 585 1973 704 2042; x_wconf 76' lang='grc' dir='ltr'><strong>Τὴν</strong></span> <span class='ocrx_word' id='word_1_150' title='bbox 735 1971 1025 2040; x_wconf 68' lang='grc' dir='ltr'><strong>ἀλήθειάν</strong></span> <span class='ocrx_word' id='word_1_151' title='bbox 1044 1987 1161 2025; x_wconf 86' lang='grc' dir='ltr'><strong>σου</strong></span> <span class='ocrx_word' id='word_1_152' title='bbox 1191 1970 1290 2024; x_wconf 78' lang='grc' dir='ltr'><strong>καὶ</strong></span> <span class='ocrx_word' id='word_1_153' title='bbox 1321 1970 1386 2024; x_wconf 82' lang='grc' dir='ltr'><strong>τὸ</strong></span> <span class='ocrx_word' id='word_1_154' title='bbox 1431 1969 1727 2037; x_wconf 80' lang='grc' dir='ltr'><strong>σωτήριόν</strong></span> <span class='ocrx_word' id='word_1_155' title='bbox 1774 1984 1890 2021; x_wconf 88' lang='grc' dir='ltr'><strong>σου</strong></span> 
     </span>
    </p>
   </div>
   <div class='ocr_carea' id='block_1_23' title="bbox 317 2056 1892 2135">
    <p class='ocr_par' dir='ltr' id='par_1_23' title="bbox 317 2056 1892 2135">
     <span class='ocr_line' id='line_1_23' title="bbox 317 2056 1892 2135; baseline -0.007 -14"><span class='ocrx_word' id='word_1_156' title='bbox 317 2063 471 2121; x_wconf 75' lang='grc' dir='ltr'><strong>εἶπα.</strong></span> <span class='ocrx_word' id='word_1_157' title='bbox 501 2065 576 2119; x_wconf 71' lang='grc' dir='ltr'><strong>Οὐ</strong></span> <span class='ocrx_word' id='word_1_158' title='bbox 613 2064 902 2135; x_wconf 80' lang='grc' dir='ltr'><strong>σεσίγηκα,</strong></span> <span class='ocrx_word' id='word_1_159' title='bbox 947 2063 1101 2132; x_wconf 72' lang='grc' dir='ltr'><strong>φησὶ,</strong></span> <span class='ocrx_word' id='word_1_160' title='bbox 1142 2062 1264 2115; x_wconf 72' lang='grc' dir='ltr'><strong>οὐδὲ</strong></span> <span class='ocrx_word' id='word_1_161' title='bbox 1295 2060 1553 2130; x_wconf 78' lang='grc' dir='ltr'>συνέσχον</span> <span class='ocrx_word' id='word_1_162' title='bbox 1579 2061 1637 2114; x_wconf 79' lang='grc' dir='ltr'><strong>ὲν</strong></span> <span class='ocrx_word' id='word_1_163' title='bbox 1666 2056 1892 2128; x_wconf 74' lang='grc' dir='ltr'><strong>ἐμαυτῷ</strong></span> 
     </span>
    </p>
   </div>
   <div class='ocr_carea' id='block_1_24' title="bbox 318 2148 1892 2229">
    <p class='ocr_par' dir='ltr' id='par_1_24' title="bbox 318 2148 1892 2229">
     <span class='ocr_line' id='line_1_24' title="bbox 318 2148 1892 2229; baseline -0.006 -19"><span class='ocrx_word' id='word_1_164' title='bbox 318 2157 414 2229; x_wconf 80' lang='grc' dir='ltr'><strong>τὴν</strong></span> <span class='ocrx_word' id='word_1_165' title='bbox 449 2155 708 2226; x_wconf 80' lang='grc' dir='ltr'><strong>ἀλήθειάν</strong></span> <span class='ocrx_word' id='word_1_166' title='bbox 739 2171 854 2208; x_wconf 86' lang='grc' dir='ltr'><strong>σου.</strong></span> <span class='ocrx_word' id='word_1_167' title='bbox 889 2153 1170 2224; x_wconf 79' lang='grc' dir='ltr'><strong>Ἀλήθειαν</strong></span> <span class='ocrx_word' id='word_1_168' title='bbox 1197 2151 1255 2204; x_wconf 88' lang='grc' dir='ltr'><strong>δέ</strong></span> <span class='ocrx_word' id='word_1_169' title='bbox 1293 2168 1425 2221; x_wconf 89' lang='grc' dir='ltr'><strong>φησι</strong></span> <span class='ocrx_word' id='word_1_170' title='bbox 1448 2151 1510 2204; x_wconf 80' lang='grc' dir='ltr'><strong>τὸ</strong></span> <span class='ocrx_word' id='word_1_171' title='bbox 1539 2148 1892 2218; x_wconf 85' lang='grc' dir='ltr'><strong>εὐαγγελικὸν</strong></span> 
     </span>
    </p>
   </div>
   <div class='ocr_carea' id='block_1_25' title="bbox 320 2243 1894 2322">
    <p class='ocr_par' dir='ltr' id='par_1_25' title="bbox 320 2243 1894 2322">
     <span class='ocr_line' id='line_1_25' title="bbox 320 2243 1894 2322; baseline -0.006 -19"><span class='ocrx_word' id='word_1_172' title='bbox 320 2251 601 2322; x_wconf 85' lang='grc' dir='ltr'><strong>κήρυγμα.</strong></span> <span class='ocrx_word' id='word_1_173' title='bbox 655 2247 793 2300; x_wconf 83' lang='grc' dir='ltr'><strong>Ἀλλ’</strong></span> <span class='ocrx_word' id='word_1_174' title='bbox 823 2247 942 2300; x_wconf 78' lang='grc' dir='ltr'><strong>οὐδὲ</strong></span> <span class='ocrx_word' id='word_1_175' title='bbox 963 2244 1173 2317; x_wconf 70' lang='grc' dir='ltr'><strong>ἔκρυψα</strong></span> <span class='ocrx_word' id='word_1_176' title='bbox 1199 2244 1260 2297; x_wconf 81' lang='grc' dir='ltr'><strong>τὸ</strong></span> <span class='ocrx_word' id='word_1_177' title='bbox 1294 2243 1558 2314; x_wconf 83' lang='grc' dir='ltr'><strong>σωτήριόν</strong></span> <span class='ocrx_word' id='word_1_178' title='bbox 1586 2260 1700 2305; x_wconf 90' lang='grc' dir='ltr'><strong>σου,</strong></span> <span class='ocrx_word' id='word_1_179' title='bbox 1738 2258 1894 2295; x_wconf 87' lang='grc' dir='ltr'><strong>τουτ-</strong></span> 
     </span>
    </p>
   </div>
   <div class='ocr_carea' id='block_1_26' title="bbox 318 2331 1892 2410">
    <p class='ocr_par' dir='ltr' id='par_1_26' title="bbox 318 2331 1892 2410">
     <span class='ocr_line' id='line_1_26' title="bbox 318 2331 1892 2410; baseline -0.006 -16"><span class='ocrx_word' id='word_1_180' title='bbox 318 2340 429 2396; x_wconf 87' lang='grc' dir='ltr'><strong>έστι</strong></span> <span class='ocrx_word' id='word_1_181' title='bbox 473 2339 579 2410; x_wconf 84' lang='grc' dir='ltr'><strong>τῆς</strong></span> <span class='ocrx_word' id='word_1_182' title='bbox 627 2338 780 2409; x_wconf 81' lang='grc' dir='ltr'><strong>παρά</strong></span> <span class='ocrx_word' id='word_1_183' title='bbox 827 2336 920 2390; x_wconf 80' lang='grc' dir='ltr'><strong>σοῦ</strong></span> <span class='ocrx_word' id='word_1_184' title='bbox 968 2336 1220 2404; x_wconf 84' lang='grc' dir='ltr'>δοθείσης</span> <span class='ocrx_word' id='word_1_185' title='bbox 1280 2335 1558 2405; x_wconf 80' lang='grc' dir='ltr'><strong>σωτηρίας</strong></span> <span class='ocrx_word' id='word_1_186' title='bbox 1603 2333 1704 2403; x_wconf 83' lang='grc' dir='ltr'><strong>τὴν</strong></span> <span class='ocrx_word' id='word_1_187' title='bbox 1753 2331 1892 2398; x_wconf 86' lang='grc' dir='ltr'><strong>ὁδὸν,</strong></span> 
     </span>
    </p>
   </div>
   <div class='ocr_carea' id='block_1_27' title="bbox 321 2421 1895 2503">
    <p class='ocr_par' dir='ltr' id='par_1_27' title="bbox 321 2421 1895 2503">
     <span class='ocr_line' id='line_1_27' title="bbox 321 2421 1895 2503; baseline -0.008 -18"><span class='ocrx_word' id='word_1_188' title='bbox 321 2433 434 2503; x_wconf 69' lang='grc' dir='ltr'><strong>ἦτοι</strong></span> <span class='ocrx_word' id='word_1_189' title='bbox 455 2430 557 2502; x_wconf 80' lang='grc' dir='ltr'><strong>τὴν</strong></span> <span class='ocrx_word' id='word_1_190' title='bbox 578 2430 666 2483; x_wconf 85' lang='grc' dir='ltr'><strong>διά</strong></span> <span class='ocrx_word' id='word_1_191' title='bbox 696 2429 798 2499; x_wconf 82' lang='grc' dir='ltr'><strong>τῆς</strong></span> <span class='ocrx_word' id='word_1_192' title='bbox 825 2429 1058 2490; x_wconf 86' lang='grc' dir='ltr'><strong>πίστεως</strong></span> <span class='ocrx_word' id='word_1_193' title='bbox 1088 2426 1267 2497; x_wconf 83' lang='grc' dir='ltr'><strong>χάριν.</strong></span> <span class='ocrx_word' id='word_1_194' title='bbox 1294 2424 1625 2494; x_wconf 82' lang='grc' dir='ltr'><strong>Συναγωγὴν</strong></span> <span class='ocrx_word' id='word_1_195' title='bbox 1665 2423 1724 2476; x_wconf 80' lang='grc' dir='ltr'><strong>δὲ</strong></span> <span class='ocrx_word' id='word_1_196' title='bbox 1763 2421 1895 2474; x_wconf 88' lang='grc' dir='ltr'><strong>πολ-</strong></span> 
     </span>
    </p>
   </div>
   <div class='ocr_carea' id='block_1_28' title="bbox 322 2512 1899 2594">
    <p class='ocr_par' dir='ltr' id='par_1_28' title="bbox 322 2512 1899 2594">
     <span class='ocr_line' id='line_1_28' title="bbox 322 2512 1899 2594; baseline -0.008 -18"><span class='ocrx_word' id='word_1_197' title='bbox 322 2524 434 2594; x_wconf 79' lang='grc' dir='ltr'><strong>λὴν,</strong></span> <span class='ocrx_word' id='word_1_198' title='bbox 458 2523 559 2593; x_wconf 79' lang='grc' dir='ltr'><strong>τὴν</strong></span> <span class='ocrx_word' id='word_1_199' title='bbox 596 2523 661 2574; x_wconf 79' lang='grc' dir='ltr'><strong>ὲκ</strong></span> <span class='ocrx_word' id='word_1_200' title='bbox 690 2520 785 2573; x_wconf 86' lang='grc' dir='ltr'><strong>τοῦ</strong></span> <span class='ocrx_word' id='word_1_201' title='bbox 826 2518 1042 2590; x_wconf 83' lang='grc' dir='ltr'><strong>Ἰσραὴλ</strong></span> <span class='ocrx_word' id='word_1_202' title='bbox 1075 2519 1169 2571; x_wconf 75' lang='grc' dir='ltr'><strong>καὶ</strong></span> <span class='ocrx_word' id='word_1_203' title='bbox 1211 2517 1320 2569; x_wconf 90' lang='grc' dir='ltr'><strong>τῶν</strong></span> <span class='ocrx_word' id='word_1_204' title='bbox 1355 2515 1524 2570; x_wconf 82' lang='grc' dir='ltr'><strong>ὲθνῶν</strong></span> <span class='ocrx_word' id='word_1_205' title='bbox 1550 2512 1899 2582; x_wconf 82' lang='grc' dir='ltr'><strong>συνειλεγμέ-</strong></span> 
     </span>
    </p>
   </div>
   <div class='ocr_carea' id='block_1_29' title="bbox 323 2602 1900 2684">
    <p class='ocr_par' dir='ltr' id='par_1_29' title="bbox 323 2602 1900 2684">
     <span class='ocr_line' id='line_1_29' title="bbox 323 2602 1900 2684; baseline -0.008 -16"><span class='ocrx_word' id='word_1_206' title='bbox 323 2631 416 2684; x_wconf 86' lang='grc' dir='ltr'><strong>νην</strong></span> <span class='ocrx_word' id='word_1_207' title='bbox 456 2611 788 2683; x_wconf 82' lang='grc' dir='ltr'><strong>Ἐκκλησίαν</strong></span> <span class='ocrx_word' id='word_1_208' title='bbox 814 2610 1004 2680; x_wconf 80' lang='grc' dir='ltr'><strong>φησίν.</strong></span> <span class='ocrx_word' id='word_1_209' title='bbox 1047 2607 1446 2662; x_wconf 81' lang='grc' dir='ltr'><strong>Ἀποκαλύπτει</strong></span> <span class='ocrx_word' id='word_1_210' title='bbox 1476 2606 1584 2678; x_wconf 84' lang='grc' dir='ltr'><strong>γὰρ</strong></span> <span class='ocrx_word' id='word_1_211' title='bbox 1612 2605 1641 2657; x_wconf 85' lang='grc' dir='ltr'>ὁ</span> <span class='ocrx_word' id='word_1_212' title='bbox 1664 2602 1900 2675; x_wconf 81' lang='grc' dir='ltr'><strong>Χριστὸς</strong></span> 
     </span>
    </p>
   </div>
   <div class='ocr_carea' id='block_1_30' title="bbox 323 2697 1897 2777">
    <p class='ocr_par' dir='ltr' id='par_1_30' title="bbox 323 2697 1897 2777">
     <span class='ocr_line' id='line_1_30' title="bbox 323 2697 1897 2777; baseline -0.006 -18"><span class='ocrx_word' id='word_1_213' title='bbox 323 2707 448 2769; x_wconf 79' lang='grc' dir='ltr'><strong>τοὺς</strong></span> <span class='ocrx_word' id='word_1_214' title='bbox 476 2706 609 2777; x_wconf 76' lang='grc' dir='ltr'><strong>περὶ</strong></span> <span class='ocrx_word' id='word_1_215' title='bbox 642 2703 826 2766; x_wconf 73' lang='grc' dir='ltr'><strong>ἐλέους</strong></span> <span class='ocrx_word' id='word_1_216' title='bbox 866 2703 960 2755; x_wconf 75' lang='grc' dir='ltr'><strong>καὶ</strong></span> <span class='ocrx_word' id='word_1_217' title='bbox 986 2701 1245 2772; x_wconf 81' lang='grc' dir='ltr'><strong>ἀληθείας</strong></span> <span class='ocrx_word' id='word_1_218' title='bbox 1289 2701 1482 2769; x_wconf 84' lang='grc' dir='ltr'><strong>λόγους</strong></span> <span class='ocrx_word' id='word_1_219' title='bbox 1518 2702 1585 2770; x_wconf 83' lang='grc' dir='ltr'><strong>τῇ</strong></span> <span class='ocrx_word' id='word_1_220' title='bbox 1628 2697 1789 2767; x_wconf 85' lang='grc' dir='ltr'><strong>φύσει</strong></span> <span class='ocrx_word' id='word_1_221' title='bbox 1831 2699 1897 2767; x_wconf 79' lang='grc' dir='ltr'><strong>τῇ</strong></span> 
     </span>
    </p>
   </div>
   <div class='ocr_carea' id='block_1_31' title="bbox 324 2789 1901 2868">
    <p class='ocr_par' dir='ltr' id='par_1_31' title="bbox 324 2789 1901 2868">
     <span class='ocr_line' id='line_1_31' title="bbox 324 2789 1901 2868; baseline -0.006 -17"><span class='ocrx_word' id='word_1_222' title='bbox 324 2798 537 2868; x_wconf 78' lang='grc' dir='ltr'><strong>λογικῇ,</strong></span> <span class='ocrx_word' id='word_1_223' title='bbox 571 2796 667 2848; x_wconf 80' lang='grc' dir='ltr'><strong>καὶ</strong></span> <span class='ocrx_word' id='word_1_224' title='bbox 698 2795 828 2857; x_wconf 78' lang='grc' dir='ltr'><strong>τοὺς</strong></span> <span class='ocrx_word' id='word_1_225' title='bbox 856 2795 985 2865; x_wconf 76' lang='grc' dir='ltr'><strong>περὶ</strong></span> <span class='ocrx_word' id='word_1_226' title='bbox 1020 2793 1317 2864; x_wconf 88' lang='grc' dir='ltr'><strong>σωτηρίας.</strong></span> <span class='ocrx_word' id='word_1_227' title='bbox 1347 2792 1457 2844; x_wconf 59' lang='lat' dir='ltr'><strong>Kal</strong></span> <span class='ocrx_word' id='word_1_228' title='bbox 1485 2792 1611 2853; x_wconf 81' lang='grc' dir='ltr'><strong>τοὺς</strong></span> <span class='ocrx_word' id='word_1_229' title='bbox 1652 2789 1749 2860; x_wconf 85' lang='grc' dir='ltr'><strong>μὲν</strong></span> <span class='ocrx_word' id='word_1_230' title='bbox 1773 2789 1901 2860; x_wconf 72' lang='grc' dir='ltr'><strong>περὶ</strong></span> 
     </span>
    </p>
   </div>
   <div class='ocr_carea' id='block_1_32' title="bbox 327 2879 1902 2959">
    <p class='ocr_par' dir='ltr' id='par_1_32' title="bbox 327 2879 1902 2959">
     <span class='ocr_line' id='line_1_32' title="bbox 327 2879 1902 2959; baseline -0.005 -18"><span class='ocrx_word' id='word_1_231' title='bbox 327 2887 580 2959; x_wconf 78' lang='grc' dir='ltr'><strong>ἀληθείας</strong></span> <span class='ocrx_word' id='word_1_232' title='bbox 605 2886 796 2955; x_wconf 77' lang='grc' dir='ltr'><strong>λόγους</strong></span> <span class='ocrx_word' id='word_1_233' title='bbox 826 2886 1046 2956; x_wconf 81' lang='grc' dir='ltr'><strong>εὑρήσει</strong></span> <span class='ocrx_word' id='word_1_234' title='bbox 1070 2886 1127 2938; x_wconf 76' lang='grc' dir='ltr'>ὲν</span> <span class='ocrx_word' id='word_1_235' title='bbox 1147 2886 1214 2955; x_wconf 81' lang='grc' dir='ltr'><strong>τῇ</strong></span> <span class='ocrx_word' id='word_1_236' title='bbox 1255 2882 1479 2954; x_wconf 79' lang='grc' dir='ltr'><strong>θεωρίᾳ,</strong></span> <span class='ocrx_word' id='word_1_237' title='bbox 1512 2881 1638 2945; x_wconf 83' lang='grc' dir='ltr'><strong>τοῦς</strong></span> <span class='ocrx_word' id='word_1_238' title='bbox 1669 2879 1747 2934; x_wconf 84' lang='grc' dir='ltr'><strong>δὲ.</strong></span> <span class='ocrx_word' id='word_1_239' title='bbox 1772 2879 1902 2951; x_wconf 76' lang='grc' dir='ltr'><strong>περὶ</strong></span> 
     </span>
    </p>
   </div>
   <div class='ocr_carea' id='block_1_33' title="bbox 329 2978 1118 3049">
    <p class='ocr_par' dir='ltr' id='par_1_33' title="bbox 329 2978 1118 3049">
     <span class='ocr_line' id='line_1_33' title="bbox 329 2978 1118 3049; baseline -0.004 -17"><span class='ocrx_word' id='word_1_240' title='bbox 329 2980 606 3049; x_wconf 85' lang='grc' dir='ltr'><strong>σωτηρίας</strong></span> <span class='ocrx_word' id='word_1_241' title='bbox 630 2979 689 3032; x_wconf 83' lang='grc' dir='ltr'>ὲν</span> <span class='ocrx_word' id='word_1_242' title='bbox 717 2980 784 3048; x_wconf 82' lang='grc' dir='ltr'><strong>τῇ</strong></span> <span class='ocrx_word' id='word_1_243' title='bbox 818 2978 1118 3048; x_wconf 77' lang='grc' dir='ltr'><strong>πρακτικῇ.</strong></span> 
     </span>
    </p>
   </div>
   <div class='ocr_carea' id='block_1_34' title="bbox 1982 504 3547 576">
    <p class='ocr_par' dir='ltr' id='par_1_34' title="bbox 1982 504 3547 576">
     <span class='ocr_line' id='line_1_34' title="bbox 1982 504 3547 576; baseline -0.001 -14"><span class='ocrx_word' id='word_1_244' title='bbox 1982 508 2152 562; x_wconf 85' lang='lat' dir='ltr'><strong>scribe</strong></span> <span class='ocrx_word' id='word_1_245' title='bbox 2210 508 2267 559; x_wconf 86' lang='lat' dir='ltr'><strong>in</strong></span> <span class='ocrx_word' id='word_1_246' title='bbox 2311 508 2423 574; x_wconf 87' lang='lat' dir='ltr'><strong>ipso</strong></span> <span class='ocrx_word' id='word_1_247' title='bbox 2450 504 2589 572; x_wconf 80' lang='lat' dir='ltr'><strong>style</strong></span> <span class='ocrx_word' id='word_1_248' title='bbox 2646 505 2873 560; x_wconf 78' lang='lat' dir='ltr'><strong>hominis</strong></span> <span class='ocrx_word' id='word_1_249' title='bbox 2905 506 2970 559; x_wconf 80' lang='grc'><strong>⁸⁷.</strong></span> <span class='ocrx_word' id='word_1_250' title='bbox 3029 505 3313 576; x_wconf 85' lang='lat' dir='ltr'><strong>Contingit</strong></span> <span class='ocrx_word' id='word_1_251' title='bbox 3365 516 3547 561; x_wconf 89' lang='lat' dir='ltr'><strong>autem</strong></span> 
     </span>
    </p>
   </div>
   <div class='ocr_carea' id='block_1_35' title="bbox 1982 596 3552 666">
    <p class='ocr_par' dir='ltr' id='par_1_35' title="bbox 1982 596 3552 666">
     <span class='ocr_line' id='line_1_35' title="bbox 1982 596 3552 666; baseline -0.001 -14"><span class='ocrx_word' id='word_1_252' title='bbox 1982 614 2090 653; x_wconf 88' lang='lat' dir='ltr'><strong>non</strong></span> <span class='ocrx_word' id='word_1_253' title='bbox 2121 599 2173 651; x_wconf 90' lang='lat' dir='ltr'><strong>in</strong></span> <span class='ocrx_word' id='word_1_254' title='bbox 2199 598 2400 651; x_wconf 89' lang='lat' dir='ltr'><strong>tabulis</strong></span> <span class='ocrx_word' id='word_1_255' title='bbox 2424 596 2675 665; x_wconf 87' lang='lat' dir='ltr'><strong>lapideis,</strong></span> <span class='ocrx_word' id='word_1_256' title='bbox 2694 596 2786 649; x_wconf 87' lang='lat' dir='ltr'><strong>sed</strong></span> <span class='ocrx_word' id='word_1_257' title='bbox 2822 596 3135 650; x_wconf 81' lang='lat' dir='ltr'><strong>carnalibus</strong></span> <span class='ocrx_word' id='word_1_258' title='bbox 3155 597 3395 651; x_wconf 90' lang='lat' dir='ltr'><strong>describi</strong></span> <span class='ocrx_word' id='word_1_259' title='bbox 3417 612 3552 666; x_wconf 73' lang='lat' dir='ltr'><strong>prae-</strong></span> 
     </span>
    </p>
   </div>
   <div class='ocr_carea' id='block_1_36' title="bbox 1980 686 3554 757">
    <p class='ocr_par' dir='ltr' id='par_1_36' title="bbox 1980 686 3554 757">
     <span class='ocr_line' id='line_1_36' title="bbox 1980 686 3554 757; baseline -0.001 -15"><span class='ocrx_word' id='word_1_260' title='bbox 1980 699 2137 757; x_wconf 86' lang='lat' dir='ltr'><strong>cepta</strong></span> <span class='ocrx_word' id='word_1_261' title='bbox 2167 704 2321 742; x_wconf 65' lang='lat' dir='ltr'><strong>novae.</strong></span> <span class='ocrx_word' id='word_1_262' title='bbox 2348 687 2522 757; x_wconf 76' lang='lat' dir='ltr'><strong>legis:</strong></span> <span class='ocrx_word' id='word_1_263' title='bbox 2550 686 3013 755; x_wconf 83' lang='lat' dir='ltr'><strong>quemadmodum</strong></span> <span class='ocrx_word' id='word_1_264' title='bbox 3053 687 3131 739; x_wconf 93' lang='lat' dir='ltr'><strong>ait</strong></span> <span class='ocrx_word' id='word_1_265' title='bbox 3161 687 3249 741; x_wconf 91' lang='lat' dir='ltr'><strong>ille</strong></span> <span class='ocrx_word' id='word_1_266' title='bbox 3279 702 3374 756; x_wconf 88' lang='lat' dir='ltr'><strong>per</strong></span> <span class='ocrx_word' id='word_1_267' title='bbox 3398 686 3554 741; x_wconf 83' lang='lat' dir='ltr'><strong>Jere-</strong></span> 
     </span>
    </p>
   </div>
   <div class='ocr_carea' id='block_1_37' title="bbox 1982 774 3554 846">
    <p class='ocr_par' dir='ltr' id='par_1_37' title="bbox 1982 774 3554 846">
     <span class='ocr_line' id='line_1_37' title="bbox 1982 774 3554 846; baseline -0.001 -15"><span class='ocrx_word' id='word_1_268' title='bbox 1982 778 2148 831; x_wconf 88' lang='lat' dir='ltr'><strong>miam</strong></span> <span class='ocrx_word' id='word_1_269' title='bbox 2180 777 2498 846; x_wconf 75' lang='lat' dir='ltr'><strong>prophetam</strong></span> <span class='ocrx_word' id='word_1_270' title='bbox 2526 776 2602 827; x_wconf 71' lang='lat' dir='ltr'><strong>“z</strong></span> <span class='ocrx_word' id='word_1_271' title='bbox 2629 774 2776 828; x_wconf 84' lang='lat' dir='ltr'><strong>Dans</strong></span> <span class='ocrx_word' id='word_1_272' title='bbox 2800 775 2936 827; x_wconf 87' lang='lat' dir='ltr'><strong><em>dabo</em></strong></span> <span class='ocrx_word' id='word_1_273' title='bbox 2963 775 3098 845; x_wconf 80' lang='lat' dir='ltr'><strong>leges</strong></span> <span class='ocrx_word' id='word_1_274' title='bbox 3133 792 3276 831; x_wconf 82' lang='lat' dir='ltr'><strong>meas</strong></span> <span class='ocrx_word' id='word_1_275' title='bbox 3325 779 3378 828; x_wconf 88' lang='lat' dir='ltr'><strong>in</strong></span> <span class='ocrx_word' id='word_1_276' title='bbox 3409 792 3554 829; x_wconf 77' lang='lat' dir='ltr'><strong>uten-</strong></span> 
     </span>
    </p>
   </div>
   <div class='ocr_carea' id='block_1_38' title="bbox 1983 868 3556 938">
    <p class='ocr_par' dir='ltr' id='par_1_38' title="bbox 1983 868 3556 938">
     <span class='ocr_line' id='line_1_38' title="bbox 1983 868 3556 938; baseline 0 -16"><span class='ocrx_word' id='word_1_277' title='bbox 1983 882 2084 923; x_wconf 89' lang='lat' dir='ltr'><strong>tem</strong></span> <span class='ocrx_word' id='word_1_278' title='bbox 2110 870 2371 938; x_wconf 82' lang='lat' dir='ltr'><strong>ipsorum.</strong></span> <span class='ocrx_word' id='word_1_279' title='bbox 2396 877 2446 921; x_wconf 90' lang='lat' dir='ltr'><strong>et</strong></span> <span class='ocrx_word' id='word_1_280' title='bbox 2500 868 2557 920; x_wconf 84' lang='lat' dir='ltr'><strong>in</strong></span> <span class='ocrx_word' id='word_1_281' title='bbox 2590 868 2744 920; x_wconf 87' lang='lat' dir='ltr'><strong>corde</strong></span> <span class='ocrx_word' id='word_1_282' title='bbox 2770 883 2955 920; x_wconf 86' lang='lat' dir='ltr'><strong>eorum</strong></span> <span class='ocrx_word' id='word_1_283' title='bbox 3001 868 3297 922; x_wconf 82' lang='lat' dir='ltr'><strong>describam</strong></span> <span class='ocrx_word' id='word_1_284' title='bbox 3341 885 3454 933; x_wconf 85' lang='lat' dir='ltr'><strong>eas,</strong></span> <span class='ocrx_word' id='word_1_285' title='bbox 3493 877 3556 922; x_wconf 86' lang='lat' dir='ltr'><strong>ut</strong></span> 
     </span>
    </p>
   </div>
   <div class='ocr_carea' id='block_1_39' title="bbox 1981 955 3557 1013">
    <p class='ocr_par' dir='ltr' id='par_1_39' title="bbox 1981 955 3557 1013">
     <span class='ocr_line' id='line_1_39' title="bbox 1981 955 3557 1013; baseline -0.002 0"><span class='ocrx_word' id='word_1_286' title='bbox 1981 960 2224 1013; x_wconf 75' lang='lat' dir='ltr'><strong>declaret</strong></span> <span class='ocrx_word' id='word_1_287' title='bbox 2253 957 2498 1013; x_wconf 75' lang='lat' dir='ltr'><strong>futurum</strong></span> <span class='ocrx_word' id='word_1_288' title='bbox 2529 965 2590 1010; x_wconf 79' lang='lat' dir='ltr'><strong>nt.</strong></span> <span class='ocrx_word' id='word_1_289' title='bbox 2632 955 2876 1010; x_wconf 82' lang='lat' dir='ltr'><strong>Ecclesia</strong></span> <span class='ocrx_word' id='word_1_290' title='bbox 2904 957 2956 1010; x_wconf 88' lang='lat' dir='ltr'><strong>in</strong></span> <span class='ocrx_word' id='word_1_291' title='bbox 2985 957 3195 1012; x_wconf 88' lang='lat' dir='ltr'><strong>intimis</strong></span> <span class='ocrx_word' id='word_1_292' title='bbox 3243 966 3299 1012; x_wconf 90' lang='lat' dir='ltr'><strong>et</strong></span> <span class='ocrx_word' id='word_1_293' title='bbox 3347 958 3557 1011; x_wconf 84' lang='lat' dir='ltr'><strong>intelli-</strong></span> 
     </span>
    </p>
   </div>
   <div class='ocr_carea' id='block_1_40' title="bbox 1982 1047 3553 1120">
    <p class='ocr_par' dir='ltr' id='par_1_40' title="bbox 1982 1047 3553 1120">
     <span class='ocr_line' id='line_1_40' title="bbox 1982 1047 3553 1120; baseline -0.001 -19"><span class='ocrx_word' id='word_1_294' title='bbox 1982 1050 2240 1120; x_wconf 83' lang='lat' dir='ltr'><strong>gihilibus</strong></span> <span class='ocrx_word' id='word_1_295' title='bbox 2272 1049 2455 1102; x_wconf 81' lang='lat' dir='ltr'><strong>cordis</strong></span> <span class='ocrx_word' id='word_1_296' title='bbox 2473 1048 2834 1115; x_wconf 76' lang='lat' dir='ltr'><strong>receptaculis</strong></span> <span class='ocrx_word' id='word_1_297' title='bbox 2863 1063 3058 1101; x_wconf 83' lang='lat' dir='ltr'><strong>novam</strong></span> <span class='ocrx_word' id='word_1_298' title='bbox 3094 1048 3266 1119; x_wconf 75' lang='lat' dir='ltr'><strong>legem</strong></span> <span class='ocrx_word' id='word_1_299' title='bbox 3298 1047 3553 1117; x_wconf 83' lang='lat' dir='ltr'><strong>recipiat,</strong></span> 
     </span>
    </p>
   </div>
   <div class='ocr_carea' id='block_1_41' title="bbox 1982 1139 2845 1208">
    <p class='ocr_par' dir='ltr' id='par_1_41' title="bbox 1982 1139 2845 1208">
     <span class='ocr_line' id='line_1_41' title="bbox 1982 1139 2845 1208; baseline -0.003 -13"><span class='ocrx_word' id='word_1_300' title='bbox 1982 1149 2039 1195; x_wconf 84' lang='lat' dir='ltr'><strong>et</strong></span> <span class='ocrx_word' id='word_1_301' title='bbox 2065 1139 2322 1195; x_wconf 86' lang='lat' dir='ltr'><strong>mandata</strong></span> <span class='ocrx_word' id='word_1_302' title='bbox 2352 1139 2607 1193; x_wconf 76' lang='lat' dir='ltr'><strong>ardenter</strong></span> <span class='ocrx_word' id='word_1_303' title='bbox 2634 1139 2845 1208; x_wconf 77' lang='lat' dir='ltr'><strong>diligat.</strong></span> 
     </span>
    </p>
   </div>
   <div class='ocr_carea' id='block_1_42' title="bbox 2054 1310 3559 1388">
    <p class='ocr_par' dir='ltr' id='par_1_42' title="bbox 2054 1310 3559 1388">
     <span class='ocr_line' id='line_1_42' title="bbox 2054 1310 3559 1388; baseline -0.001 -21"><span class='ocrx_word' id='word_1_304' title='bbox 2054 1313 2143 1367; x_wconf 90' lang='grc'><strong>10.</strong></span> <span class='ocrx_word' id='word_1_305' title='bbox 2174 1312 2791 1380; x_wconf 79' lang='lat' dir='ltr'><strong>Annuntiavijustitiam</strong></span> <span class='ocrx_word' id='word_1_306' title='bbox 2827 1312 2881 1365; x_wconf 85' lang='lat' dir='ltr'><strong>in</strong></span> <span class='ocrx_word' id='word_1_307' title='bbox 2924 1310 3167 1365; x_wconf 74' lang='lat' dir='ltr'><strong>Ecclesia</strong></span> <span class='ocrx_word' id='word_1_308' title='bbox 3203 1327 3418 1388; x_wconf 85' lang='lat' dir='ltr'><strong>magna.</strong></span> <span class='ocrx_word' id='word_1_309' title='bbox 3454 1310 3559 1365; x_wconf 87' lang='lat' dir='ltr'><strong>Ec-</strong></span> 
     </span>
    </p>
   </div>
   <div class='ocr_carea' id='block_1_43' title="bbox 1983 1403 3561 1472">
    <p class='ocr_par' dir='ltr' id='par_1_43' title="bbox 1983 1403 3561 1472">
     <span class='ocr_line' id='line_1_43' title="bbox 1983 1403 3561 1472; baseline -0.003 -12"><span class='ocrx_word' id='word_1_310' title='bbox 1983 1403 2151 1460; x_wconf 86' lang='lat' dir='ltr'><strong>clesia</strong></span> <span class='ocrx_word' id='word_1_311' title='bbox 2189 1418 2384 1472; x_wconf 78' lang='lat' dir='ltr'><strong>magna</strong></span> <span class='ocrx_word' id='word_1_312' title='bbox 2431 1411 2517 1456; x_wconf 90' lang='lat' dir='ltr'><strong>est</strong></span> <span class='ocrx_word' id='word_1_313' title='bbox 2547 1404 2803 1471; x_wconf 56' lang='lat' dir='ltr'><strong>quaslibet</strong></span> <span class='ocrx_word' id='word_1_314' title='bbox 2839 1404 3023 1455; x_wconf 87' lang='lat' dir='ltr'><strong>anima</strong></span> <span class='ocrx_word' id='word_1_315' title='bbox 3072 1417 3194 1469; x_wconf 71' lang='lat' dir='ltr'><strong>quae</strong></span> <span class='ocrx_word' id='word_1_316' title='bbox 3230 1417 3325 1470; x_wconf 74' lang='lat' dir='ltr'><strong>per</strong></span> <span class='ocrx_word' id='word_1_317' title='bbox 3367 1416 3561 1455; x_wconf 88' lang='lat' dir='ltr'><strong>omnes</strong></span> 
     </span>
    </p>
   </div>
   <div class='ocr_carea' id='block_1_44' title="bbox 1987 1484 3559 1566">
    <p class='ocr_par' dir='ltr' id='par_1_44' title="bbox 1987 1484 3559 1566">
     <span class='ocr_line' id='line_1_44' title="bbox 1987 1484 3559 1566; baseline -0.003 -17"><span class='ocrx_word' id='word_1_318' title='bbox 1987 1506 2179 1566; x_wconf 78' lang='lat' dir='ltr'><strong>gentes</strong></span> <span class='ocrx_word' id='word_1_319' title='bbox 2215 1493 2486 1548; x_wconf 80' lang='lat' dir='ltr'><strong>Salvatori</strong></span> <span class='ocrx_word' id='word_1_320' title='bbox 2542 1494 2794 1558; x_wconf 82' lang='lat' dir='ltr'><strong>credidit,</strong></span> <span class='ocrx_word' id='word_1_321' title='bbox 2829 1508 2951 1562; x_wconf 71' lang='lat' dir='ltr'><strong>qua:</strong></span> <span class='ocrx_word' id='word_1_322' title='bbox 2980 1493 3142 1547; x_wconf 85' lang='lat' dir='ltr'><strong>etiam</strong></span> <span class='ocrx_word' id='word_1_323' title='bbox 3190 1484 3559 1559; x_wconf 66' lang='lat' dir='ltr'><strong>justiﬁcatuF,</strong></span> 
     </span>
    </p>
   </div>
   <div class='ocr_carea' id='block_1_45' title="bbox 1988 1580 3563 1652">
    <p class='ocr_par' dir='ltr' id='par_1_45' title="bbox 1988 1580 3563 1652">
     <span class='ocr_line' id='line_1_45' title="bbox 1988 1580 3563 1652; baseline -0.004 -14"><span class='ocrx_word' id='word_1_324' title='bbox 1988 1600 2114 1639; x_wconf 81' lang='lat' dir='ltr'><strong>cum</strong></span> <span class='ocrx_word' id='word_1_325' title='bbox 2144 1584 2352 1639; x_wconf 87' lang='lat' dir='ltr'><strong>habens</strong></span> <span class='ocrx_word' id='word_1_326' title='bbox 2376 1584 2470 1652; x_wconf 89' lang='lat' dir='ltr'><strong>qui</strong></span> <span class='ocrx_word' id='word_1_327' title='bbox 2500 1582 2766 1651; x_wconf 82' lang='lat' dir='ltr'><strong>justiticat</strong></span> <span class='ocrx_word' id='word_1_328' title='bbox 2806 1583 3057 1649; x_wconf 89' lang='lat' dir='ltr'><strong>impium.</strong></span> <span class='ocrx_word' id='word_1_329' title='bbox 3084 1580 3369 1633; x_wconf 76' lang='lat' dir='ltr'><strong>Justitiam</strong></span> <span class='ocrx_word' id='word_1_330' title='bbox 3414 1591 3563 1634; x_wconf 90' lang='lat' dir='ltr'><strong>tuam</strong></span> 
     </span>
    </p>
   </div>
   <div class='ocr_carea' id='block_1_46' title="bbox 1989 1670 3565 1740">
    <p class='ocr_par' dir='ltr' id='par_1_46' title="bbox 1989 1670 3565 1740">
     <span class='ocr_line' id='line_1_46' title="bbox 1989 1670 3565 1740; baseline -0.001 -15"><span class='ocrx_word' id='word_1_331' title='bbox 1989 1689 2093 1727; x_wconf 81' lang='lat' dir='ltr'><strong>non</strong></span> <span class='ocrx_word' id='word_1_332' title='bbox 2133 1673 2386 1726; x_wconf 82' lang='lat' dir='ltr'><strong>abscondi</strong></span> <span class='ocrx_word' id='word_1_333' title='bbox 2418 1674 2473 1725; x_wconf 87' lang='lat' dir='ltr'><strong>in</strong></span> <span class='ocrx_word' id='word_1_334' title='bbox 2506 1673 2662 1725; x_wconf 86' lang='lat' dir='ltr'><strong>corde</strong></span> <span class='ocrx_word' id='word_1_335' title='bbox 2702 1689 2836 1726; x_wconf 88' lang='lat' dir='ltr'><strong>meo.</strong></span> <span class='ocrx_word' id='word_1_336' title='bbox 2858 1670 3135 1725; x_wconf 85' lang='lat' dir='ltr'><strong>Justitiam</strong></span> <span class='ocrx_word' id='word_1_337' title='bbox 3172 1673 3241 1725; x_wconf 88' lang='lat' dir='ltr'><strong>ab</strong></span> <span class='ocrx_word' id='word_1_338' title='bbox 3277 1672 3397 1740; x_wconf 90' lang='lat' dir='ltr'><strong>ipso</strong></span> <span class='ocrx_word' id='word_1_339' title='bbox 3423 1686 3565 1739; x_wconf 75' lang='lat' dir='ltr'><strong>pra:-</strong></span> 
     </span>
    </p>
   </div>
   <div class='ocr_carea' id='block_1_47' title="bbox 1920 1761 3561 1835">
    <p class='ocr_par' dir='ltr' id='par_1_47' title="bbox 1920 1761 3561 1835">
     <span class='ocr_line' id='line_1_47' title="bbox 1920 1761 3561 1835; baseline -0.001 -20"><span class='ocrx_word' id='word_1_340' title='bbox 1920 1761 1959 1815; x_wconf 83' lang='lat' dir='ltr'><strong>B</strong></span> <span class='ocrx_word' id='word_1_341' title='bbox 1988 1767 2224 1821; x_wconf 87' lang='lat' dir='ltr'><strong>dicatam</strong></span> <span class='ocrx_word' id='word_1_342' title='bbox 2248 1765 2521 1835; x_wconf 79' lang='lat' dir='ltr'><strong>intelligit,</strong></span> <span class='ocrx_word' id='word_1_343' title='bbox 2551 1780 2670 1833; x_wconf 76' lang='lat' dir='ltr'><strong>qua:</strong></span> <span class='ocrx_word' id='word_1_344' title='bbox 2692 1775 2777 1818; x_wconf 93' lang='lat' dir='ltr'><strong>est</strong></span> <span class='ocrx_word' id='word_1_345' title='bbox 2812 1779 2976 1832; x_wconf 84' lang='lat' dir='ltr'><strong>supra</strong></span> <span class='ocrx_word' id='word_1_346' title='bbox 3007 1763 3178 1832; x_wconf 82' lang='lat' dir='ltr'><strong>legem</strong></span> <span class='ocrx_word' id='word_1_347' title='bbox 3213 1771 3267 1816; x_wconf 91' lang='lat' dir='ltr'><strong>et</strong></span> <span class='ocrx_word' id='word_1_348' title='bbox 3290 1762 3561 1816; x_wconf 88' lang='lat' dir='ltr'><strong>umbram.</strong></span> 
     </span>
    </p>
   </div>
   <div class='ocr_carea' id='block_1_48' title="bbox 1992 1854 3565 1924">
    <p class='ocr_par' dir='ltr' id='par_1_48' title="bbox 1992 1854 3565 1924">
     <span class='ocr_line' id='line_1_48' title="bbox 1992 1854 3565 1924; baseline -0.004 -13"><span class='ocrx_word' id='word_1_349' title='bbox 1992 1856 2126 1911; x_wconf 86' lang='lat' dir='ltr'><strong>Illud</strong></span> <span class='ocrx_word' id='word_1_350' title='bbox 2150 1865 2355 1920; x_wconf 88' lang='lat' dir='ltr'><strong>autem,</strong></span> <span class='ocrx_word' id='word_1_351' title='bbox 2387 1865 2442 1909; x_wconf 86' lang='lat' dir='ltr'><strong>tu</strong></span> <span class='ocrx_word' id='word_1_352' title='bbox 2480 1857 2651 1920; x_wconf 78' lang='lat' dir='ltr'><strong>scisti,</strong></span> <span class='ocrx_word' id='word_1_353' title='bbox 2704 1855 2969 1924; x_wconf 90' lang='lat' dir='ltr'><strong>positum,</strong></span> <span class='ocrx_word' id='word_1_354' title='bbox 3005 1870 3103 1923; x_wconf 90' lang='lat' dir='ltr'><strong>pro</strong></span> <span class='ocrx_word' id='word_1_355' title='bbox 3156 1854 3249 1907; x_wconf 89' lang='lat' dir='ltr'><strong>tibi</strong></span> <span class='ocrx_word' id='word_1_356' title='bbox 3284 1854 3565 1921; x_wconf 88' lang='lat' dir='ltr'><strong>pr0prium</strong></span> 
     </span>
    </p>
   </div>
   <div class='ocr_carea' id='block_1_49' title="bbox 1992 1941 3565 2003">
    <p class='ocr_par' dir='ltr' id='par_1_49' title="bbox 1992 1941 3565 2003">
     <span class='ocr_line' id='line_1_49' title="bbox 1992 1941 3565 2003; baseline -0.004 -1"><span class='ocrx_word' id='word_1_357' title='bbox 1992 1947 2191 2003; x_wconf 83' lang='lat' dir='ltr'><strong>fecisti.</strong></span> <span class='ocrx_word' id='word_1_358' title='bbox 2232 1947 2520 2002; x_wconf 82' lang='lat' dir='ltr'><strong>Veritatem</strong></span> <span class='ocrx_word' id='word_1_359' title='bbox 2549 1956 2695 1999; x_wconf 86' lang='lat' dir='ltr'><strong>tuam</strong></span> <span class='ocrx_word' id='word_1_360' title='bbox 2723 1955 2772 1999; x_wconf 88' lang='lat' dir='ltr'><strong>et</strong></span> <span class='ocrx_word' id='word_1_361' title='bbox 2805 1950 3044 1999; x_wconf 85' lang='lat' dir='ltr'><strong>salutare</strong></span> <span class='ocrx_word' id='word_1_362' title='bbox 3095 1955 3245 1997; x_wconf 86' lang='lat' dir='ltr'><strong>tuum</strong></span> <span class='ocrx_word' id='word_1_363' title='bbox 3275 1944 3409 1996; x_wconf 72' lang='lat' dir='ltr'><strong>dixi.</strong></span> <span class='ocrx_word' id='word_1_364' title='bbox 3446 1941 3565 1995; x_wconf 88' lang='lat' dir='ltr'><strong>Non</strong></span> 
     </span>
    </p>
   </div>
   <div class='ocr_carea' id='block_1_50' title="bbox 1992 2036 3643 2108">
    <p class='ocr_par' dir='ltr' id='par_1_50' title="bbox 1992 2036 3643 2108">
     <span class='ocr_line' id='line_1_50' title="bbox 1992 2036 3643 2108; baseline -0.006 -13"><span class='ocrx_word' id='word_1_365' title='bbox 1992 2039 2120 2095; x_wconf 85' lang='lat' dir='ltr'><strong>silui</strong></span> <span class='ocrx_word' id='word_1_366' title='bbox 2172 2054 2349 2108; x_wconf 85' lang='lat' dir='ltr'><strong>neque</strong></span> <span class='ocrx_word' id='word_1_367' title='bbox 2381 2038 2581 2093; x_wconf 87' lang='lat' dir='ltr'><strong>retinui</strong></span> <span class='ocrx_word' id='word_1_368' title='bbox 2637 2037 2691 2090; x_wconf 90' lang='lat' dir='ltr'><strong>in</strong></span> <span class='ocrx_word' id='word_1_369' title='bbox 2723 2038 3045 2105; x_wconf 82' lang='lat' dir='ltr'><strong>mcmetipso</strong></span> <span class='ocrx_word' id='word_1_370' title='bbox 3075 2036 3356 2108; x_wconf 82' lang='lat' dir='ltr'><strong>veritatem</strong></span> <span class='ocrx_word' id='word_1_371' title='bbox 3395 2042 3566 2089; x_wconf 87' lang='lat' dir='ltr'><strong>tuam.</strong></span> <span class='ocrx_word' id='word_1_372' title='bbox 3638 2076 3643 2085; x_wconf 42' lang='grc' dir='ltr'><strong>ι</strong></span> 
     </span>
    </p>
   </div>
   <div class='ocr_carea' id='block_1_51' title="bbox 2001 2124 3566 2195">
    <p class='ocr_par' dir='ltr' id='par_1_51' title="bbox 2001 2124 3566 2195">
     <span class='ocr_line' id='line_1_51' title="bbox 2001 2124 3566 2195; baseline -0.003 -16"><span class='ocrx_word' id='word_1_373' title='bbox 2001 2128 2300 2182; x_wconf 79' lang='lat' dir='ltr'><strong>Veritatem</strong></span> <span class='ocrx_word' id='word_1_374' title='bbox 2330 2135 2511 2181; x_wconf 88' lang='lat' dir='ltr'><strong>autem</strong></span> <span class='ocrx_word' id='word_1_375' title='bbox 2544 2126 2642 2191; x_wconf 85' lang='lat' dir='ltr'><strong>ait,</strong></span> <span class='ocrx_word' id='word_1_376' title='bbox 2689 2126 3060 2195; x_wconf 80' lang='lat' dir='ltr'><strong>evangelicam</strong></span> <span class='ocrx_word' id='word_1_377' title='bbox 3105 2124 3566 2193; x_wconf 70' lang='lat' dir='ltr'><strong>praedicationem.</strong></span> 
     </span>
    </p>
   </div>
   <div class='ocr_carea' id='block_1_52' title="bbox 1993 2214 3571 2288">
    <p class='ocr_par' dir='ltr' id='par_1_52' title="bbox 1993 2214 3571 2288">
     <span class='ocr_line' id='line_1_52' title="bbox 1993 2214 3571 2288; baseline -0.003 -16"><span class='ocrx_word' id='word_1_378' title='bbox 1993 2217 2183 2288; x_wconf 87' lang='lat' dir='ltr'><strong>Neque</strong></span> <span class='ocrx_word' id='word_1_379' title='bbox 2210 2218 2451 2273; x_wconf 80' lang='lat' dir='ltr'><strong>salutare</strong></span> <span class='ocrx_word' id='word_1_380' title='bbox 2489 2227 2641 2270; x_wconf 90' lang='lat' dir='ltr'><strong>tuum</strong></span> <span class='ocrx_word' id='word_1_381' title='bbox 2683 2218 2968 2280; x_wconf 87' lang='lat' dir='ltr'><strong>abscondi,</strong></span> <span class='ocrx_word' id='word_1_382' title='bbox 3018 2215 3071 2269; x_wconf 87' lang='lat' dir='ltr'><strong>id</strong></span> <span class='ocrx_word' id='word_1_383' title='bbox 3105 2216 3210 2273; x_wconf 85' lang='lat' dir='ltr'><strong>est.</strong></span> <span class='ocrx_word' id='word_1_384' title='bbox 3250 2214 3444 2267; x_wconf 86' lang='lat' dir='ltr'><strong>salutis</strong></span> <span class='ocrx_word' id='word_1_385' title='bbox 3471 2214 3571 2267; x_wconf 87' lang='lat' dir='ltr'><strong>abs</strong></span> 
     </span>
    </p>
   </div>
   <div class='ocr_carea' id='block_1_53' title="bbox 1995 2309 3570 2379">
    <p class='ocr_par' dir='ltr' id='par_1_53' title="bbox 1995 2309 3570 2379">
     <span class='ocr_line' id='line_1_53' title="bbox 1995 2309 3570 2379; baseline -0.004 -14"><span class='ocrx_word' id='word_1_386' title='bbox 1995 2322 2047 2368; x_wconf 89' lang='lat' dir='ltr'><strong>te</strong></span> <span class='ocrx_word' id='word_1_387' title='bbox 2077 2315 2218 2368; x_wconf 71' lang='lat' dir='ltr'><strong>datm</strong></span> <span class='ocrx_word' id='word_1_388' title='bbox 2245 2313 2543 2377; x_wconf 84' lang='lat' dir='ltr'><strong>viam,sive</strong></span> <span class='ocrx_word' id='word_1_389' title='bbox 2563 2312 2793 2379; x_wconf 82' lang='lat' dir='ltr'><strong>gratiam</strong></span> <span class='ocrx_word' id='word_1_390' title='bbox 2827 2326 2949 2379; x_wconf 83' lang='lat' dir='ltr'><strong>quae</strong></span> <span class='ocrx_word' id='word_1_391' title='bbox 2967 2325 3061 2378; x_wconf 88' lang='lat' dir='ltr'><strong>per</strong></span> <span class='ocrx_word' id='word_1_392' title='bbox 3093 2310 3253 2362; x_wconf 85' lang='lat' dir='ltr'><strong>ﬁdem</strong></span> <span class='ocrx_word' id='word_1_393' title='bbox 3271 2309 3570 2365; x_wconf 90' lang='lat' dir='ltr'><strong>obtinetur.</strong></span> 
     </span>
    </p>
   </div>
   <div class='ocr_carea' id='block_1_54' title="bbox 1993 2395 3571 2455">
    <p class='ocr_par' dir='ltr' id='par_1_54' title="bbox 1993 2395 3571 2455">
     <span class='ocr_line' id='line_1_54' title="bbox 1993 2395 3571 2455; baseline -0.004 -1"><span class='ocrx_word' id='word_1_394' title='bbox 1993 2401 2299 2455; x_wconf 83' lang='lat' dir='ltr'><strong>Concilium</strong></span> <span class='ocrx_word' id='word_1_395' title='bbox 2325 2409 2509 2452; x_wconf 87' lang='lat' dir='ltr'><strong>autem</strong></span> <span class='ocrx_word' id='word_1_396' title='bbox 2548 2398 2782 2452; x_wconf 91' lang='lat' dir='ltr'><strong>multum</strong></span> <span class='ocrx_word' id='word_1_397' title='bbox 2827 2399 2902 2450; x_wconf 89' lang='lat' dir='ltr'><strong>ait</strong></span> <span class='ocrx_word' id='word_1_398' title='bbox 2948 2397 3245 2450; x_wconf 80' lang='lat' dir='ltr'><strong>Ecclesiam</strong></span> <span class='ocrx_word' id='word_1_399' title='bbox 3275 2411 3340 2449; x_wconf 84' lang='lat' dir='ltr'><strong>ex</strong></span> <span class='ocrx_word' id='word_1_400' title='bbox 3375 2395 3571 2449; x_wconf 80' lang='lat' dir='ltr'><strong>Israele</strong></span> 
     </span>
    </p>
   </div>
   <div class='ocr_carea' id='block_1_55' title="bbox 1995 2483 3570 2559">
    <p class='ocr_par' dir='ltr' id='par_1_55' title="bbox 1995 2483 3570 2559">
     <span class='ocr_line' id='line_1_55' title="bbox 1995 2483 3570 2559; baseline -0.006 -14"><span class='ocrx_word' id='word_1_401' title='bbox 1995 2500 2049 2545; x_wconf 91' lang='lat' dir='ltr'><strong>et</strong></span> <span class='ocrx_word' id='word_1_402' title='bbox 2077 2506 2144 2544; x_wconf 83' lang='lat' dir='ltr'><strong>ex</strong></span> <span class='ocrx_word' id='word_1_403' title='bbox 2171 2490 2422 2559; x_wconf 75' lang='lat' dir='ltr'><strong>gentibus</strong></span> <span class='ocrx_word' id='word_1_404' title='bbox 2456 2500 2860 2558; x_wconf 77' lang='lat' dir='ltr'><strong>congregatam.</strong></span> <span class='ocrx_word' id='word_1_405' title='bbox 2911 2486 3132 2541; x_wconf 82' lang='lat' dir='ltr'><strong>Revelat</strong></span> <span class='ocrx_word' id='word_1_406' title='bbox 3156 2487 3356 2554; x_wconf 80' lang='lat' dir='ltr'><strong>quippe</strong></span> <span class='ocrx_word' id='word_1_407' title='bbox 3382 2483 3570 2537; x_wconf 89' lang='lat' dir='ltr'><strong>Domi-</strong></span> 
     </span>
    </p>
   </div>
   <div class='ocr_carea' id='block_1_56' title="bbox 1998 2574 3575 2634">
    <p class='ocr_par' dir='ltr' id='par_1_56' title="bbox 1998 2574 3575 2634">
     <span class='ocr_line' id='line_1_56' title="bbox 1998 2574 3575 2634; baseline -0.003 -1"><span class='ocrx_word' id='word_1_408' title='bbox 1998 2595 2103 2634; x_wconf 83' lang='lat' dir='ltr'><strong>nus</strong></span> <span class='ocrx_word' id='word_1_409' title='bbox 2143 2590 2354 2633; x_wconf 78' lang='lat' dir='ltr'><strong>natura:</strong></span> <span class='ocrx_word' id='word_1_410' title='bbox 2399 2578 2655 2632; x_wconf 81' lang='lat' dir='ltr'><strong>rationali</strong></span> <span class='ocrx_word' id='word_1_411' title='bbox 2710 2588 2993 2633; x_wconf 81' lang='lat' dir='ltr'><strong>sermones</strong></span> <span class='ocrx_word' id='word_1_412' title='bbox 3018 2577 3084 2631; x_wconf 89' lang='lat' dir='ltr'><strong>de</strong></span> <span class='ocrx_word' id='word_1_413' title='bbox 3127 2574 3498 2630; x_wconf 82' lang='lat' dir='ltr'><strong>misericordia</strong></span> <span class='ocrx_word' id='word_1_414' title='bbox 3521 2582 3575 2628; x_wconf 87' lang='lat' dir='ltr'><strong>et</strong></span> 
     </span>
    </p>
   </div>
   <div class='ocr_carea' id='block_1_57' title="bbox 2005 2669 3574 2739">
    <p class='ocr_par' dir='ltr' id='par_1_57' title="bbox 2005 2669 3574 2739">
     <span class='ocr_line' id='line_1_57' title="bbox 2005 2669 3574 2739; baseline -0.003 -13"><span class='ocrx_word' id='word_1_415' title='bbox 2005 2674 2256 2739; x_wconf 82' lang='lat' dir='ltr'><strong>veritate,</strong></span> <span class='ocrx_word' id='word_1_416' title='bbox 2290 2681 2344 2727; x_wconf 91' lang='lat' dir='ltr'><strong>et</strong></span> <span class='ocrx_word' id='word_1_417' title='bbox 2368 2686 2653 2727; x_wconf 86' lang='lat' dir='ltr'><strong>sermones</strong></span> <span class='ocrx_word' id='word_1_418' title='bbox 2680 2673 2746 2725; x_wconf 90' lang='lat' dir='ltr'><strong>de</strong></span> <span class='ocrx_word' id='word_1_419' title='bbox 2771 2672 2967 2726; x_wconf 84' lang='lat' dir='ltr'><strong>salute.</strong></span> <span class='ocrx_word' id='word_1_420' title='bbox 3019 2669 3087 2725; x_wconf 86' lang='lat' dir='ltr'><strong>Et</strong></span> <span class='ocrx_word' id='word_1_421' title='bbox 3116 2684 3399 2725; x_wconf 87' lang='lat' dir='ltr'><strong>sermones</strong></span> <span class='ocrx_word' id='word_1_422' title='bbox 3442 2669 3574 2737; x_wconf 88' lang='lat' dir='ltr'><strong>qui-</strong></span> 
     </span>
    </p>
   </div>
   <div class='ocr_carea' id='block_1_58' title="bbox 2007 2759 3570 2829">
    <p class='ocr_par' dir='ltr' id='par_1_58' title="bbox 2007 2759 3570 2829">
     <span class='ocr_line' id='line_1_58' title="bbox 2007 2759 3570 2829; baseline -0.002 -13"><span class='ocrx_word' id='word_1_423' title='bbox 2007 2763 2128 2817; x_wconf 85' lang='lat' dir='ltr'><strong>dem</strong></span> <span class='ocrx_word' id='word_1_424' title='bbox 2159 2763 2227 2817; x_wconf 87' lang='lat' dir='ltr'><strong>de</strong></span> <span class='ocrx_word' id='word_1_425' title='bbox 2258 2762 2485 2817; x_wconf 79' lang='lat' dir='ltr'><strong>veritate</strong></span> <span class='ocrx_word' id='word_1_426' title='bbox 2516 2762 2757 2816; x_wconf 82' lang='lat' dir='ltr'><strong>inveniet</strong></span> <span class='ocrx_word' id='word_1_427' title='bbox 2788 2761 2954 2815; x_wconf 88' lang='lat' dir='ltr'><strong>homo</strong></span> <span class='ocrx_word' id='word_1_428' title='bbox 2989 2761 3044 2814; x_wconf 91' lang='lat' dir='ltr'><strong>in</strong></span> <span class='ocrx_word' id='word_1_429' title='bbox 3070 2759 3570 2829; x_wconf 87' lang='lat' dir='ltr'><strong>contemplatione:</strong></span> 
     </span>
    </p>
   </div>
   <div class='ocr_carea' id='block_1_59' title="bbox 2001 2834 3518 2916">
    <p class='ocr_par' dir='ltr' id='par_1_59' title="bbox 2001 2834 3518 2916">
     <span class='ocr_line' id='line_1_59' title="bbox 2001 2834 3518 2916; baseline -0.003 -7"><span class='ocrx_word' id='word_1_430' title='bbox 2001 2868 2291 2909; x_wconf 81' lang='lat' dir='ltr'><strong>sermones</strong></span> <span class='ocrx_word' id='word_1_431' title='bbox 2325 2862 2506 2908; x_wconf 84' lang='lat' dir='ltr'><strong>autem</strong></span> <span class='ocrx_word' id='word_1_432' title='bbox 2535 2854 2604 2909; x_wconf 89' lang='lat' dir='ltr'><strong>de</strong></span> <span class='ocrx_word' id='word_1_433' title='bbox 2628 2854 2824 2916; x_wconf 84' lang='lat' dir='ltr'><strong>salute,</strong></span> <span class='ocrx_word' id='word_1_434' title='bbox 2854 2853 2908 2906; x_wconf 91' lang='lat' dir='ltr'><strong>iu</strong></span> <span class='ocrx_word' id='word_1_435' title='bbox 2944 2853 3180 2908; x_wconf 88' lang='lat' dir='ltr'><strong>actione.</strong></span> <span class='ocrx_word' id='word_1_436' title='bbox 3492 2834 3518 2846; x_wconf 56' lang='grc'><strong><em>’</em></strong></span> 
     </span>
    </p>
   </div>
   <div class='ocr_carea' id='block_1_60' title="bbox 396 3058 1903 3145">
    <p class='ocr_par' dir='ltr' id='par_1_60' title="bbox 396 3058 1902 3134">
     <span class='ocr_line' id='line_1_60' title="bbox 396 3058 1902 3134; baseline -0.005 -14"><span class='ocrx_word' id='word_1_437' title='bbox 396 3066 479 3121; x_wconf 83' lang='grc' dir='ltr'><strong>Σὺ</strong></span> <span class='ocrx_word' id='word_1_438' title='bbox 508 3065 598 3129; x_wconf 80' lang='grc' dir='ltr'><strong>δὲ,</strong></span> <span class='ocrx_word' id='word_1_439' title='bbox 634 3068 835 3134; x_wconf 81' lang='grc' dir='ltr'><strong>Κύριε,</strong></span> <span class='ocrx_word' id='word_1_440' title='bbox 879 3064 967 3134; x_wconf 82' lang='grc' dir='ltr'><strong>μὴ</strong></span> <span class='ocrx_word' id='word_1_441' title='bbox 1013 3065 1327 3134; x_wconf 82' lang='grc' dir='ltr'><strong>μακρύνῃς</strong></span> <span class='ocrx_word' id='word_1_442' title='bbox 1380 3061 1523 3128; x_wconf 83' lang='grc' dir='ltr'><strong>τοὺς</strong></span> <span class='ocrx_word' id='word_1_443' title='bbox 1564 3058 1902 3129; x_wconf 79' lang='grc' dir='ltr'><strong>οίκτιρμούς</strong></span> 
     </span>
    </p>
   </div>
   <div class='ocr_carea' id='block_1_61' title="bbox 2004 3058 3572 3145">
    <p class='ocr_par' dir='ltr' id='par_1_61' title="bbox 2075 3062 3572 3133">
     <span class='ocr_line' id='line_1_61' title="bbox 2075 3062 3572 3133; baseline -0.002 -15"><span class='ocrx_word' id='word_1_444' title='bbox 2075 3065 2160 3118; x_wconf 72' lang='grc'><strong>12.</strong></span> <span class='ocrx_word' id='word_1_445' title='bbox 2204 3064 2281 3118; x_wconf 84' lang='grc' dir='ltr'><strong>Τιι</strong></span> <span class='ocrx_word' id='word_1_446' title='bbox 2307 3073 2502 3129; x_wconf 84' lang='lat' dir='ltr'><strong>autem,</strong></span> <span class='ocrx_word' id='word_1_447' title='bbox 2546 3063 2787 3123; x_wconf 80' lang='lat' dir='ltr'><strong>Domine,</strong></span> <span class='ocrx_word' id='word_1_448' title='bbox 2823 3080 2886 3118; x_wconf 81' lang='lat' dir='ltr'><strong>ne</strong></span> <span class='ocrx_word' id='word_1_449' title='bbox 2913 3064 3069 3133; x_wconf 83' lang='lat' dir='ltr'><strong>longe</strong></span> <span class='ocrx_word' id='word_1_450' title='bbox 3119 3062 3290 3132; x_wconf 82' lang='lat' dir='ltr'><strong>facias</strong></span> <span class='ocrx_word' id='word_1_451' title='bbox 3345 3064 3572 3117; x_wconf 85' lang='lat' dir='ltr'><strong>misera-</strong></span> 
     </span>
    </p>
   </div>
   <div class='ocr_carea' id='block_1_62' title="bbox 331 3149 1903 3226">
    <p class='ocr_par' dir='ltr' id='par_1_62' title="bbox 331 3149 1903 3226">
     <span class='ocr_line' id='line_1_62' title="bbox 331 3149 1903 3226; baseline -0.006 -14"><span class='ocrx_word' id='word_1_452' title='bbox 331 3172 443 3212; x_wconf 82' lang='lat' dir='ltr'><strong>o&#39;ov</strong></span> <span class='ocrx_word' id='word_1_453' title='bbox 466 3159 570 3213; x_wconf 79' lang='grc' dir='ltr'><strong>ἀπ’</strong></span> <span class='ocrx_word' id='word_1_454' title='bbox 616 3156 784 3226; x_wconf 80' lang='grc' dir='ltr'><strong>ἐμοῦ.</strong></span> <span class='ocrx_word' id='word_1_455' title='bbox 816 3156 1136 3221; x_wconf 85' lang='grc' dir='ltr'><strong>Διδάξαντος</strong></span> <span class='ocrx_word' id='word_1_456' title='bbox 1163 3153 1258 3207; x_wconf 90' lang='grc' dir='ltr'><strong>τοῦ</strong></span> <span class='ocrx_word' id='word_1_457' title='bbox 1288 3152 1525 3224; x_wconf 82' lang='grc' dir='ltr'><strong>Χριστοῦ</strong></span> <span class='ocrx_word' id='word_1_458' title='bbox 1551 3150 1614 3204; x_wconf 82' lang='grc' dir='ltr'><strong>τὸ</strong></span> <span class='ocrx_word' id='word_1_459' title='bbox 1647 3149 1776 3221; x_wconf 71' lang='grc' dir='ltr'><strong>περὶ</strong></span> <span class='ocrx_word' id='word_1_460' title='bbox 1806 3150 1903 3219; x_wconf 80' lang='grc' dir='ltr'><strong>τῆς</strong></span> 
     </span>
    </p>
   </div>
   <div class='ocr_carea' id='block_1_63' title="bbox 329 3236 1909 3316">
    <p class='ocr_par' dir='ltr' id='par_1_63' title="bbox 329 3236 1909 3316">
     <span class='ocr_line' id='line_1_63' title="bbox 329 3236 1909 3316; baseline -0.006 -17"><span class='ocrx_word' id='word_1_461' title='bbox 329 3246 641 3316; x_wconf 84' lang='grc' dir='ltr'><strong>οἰκονομίας</strong></span> <span class='ocrx_word' id='word_1_462' title='bbox 673 3246 989 3315; x_wconf 79' lang='grc' dir='ltr'><strong>μυστήριον,</strong></span> <span class='ocrx_word' id='word_1_463' title='bbox 1025 3240 1392 3312; x_wconf 80' lang='grc' dir='ltr'><strong>είσκομίζεται</strong></span> <span class='ocrx_word' id='word_1_464' title='bbox 1432 3239 1527 3292; x_wconf 90' lang='grc' dir='ltr'><strong>τοῦ</strong></span> <span class='ocrx_word' id='word_1_465' title='bbox 1586 3236 1804 3310; x_wconf 83' lang='grc' dir='ltr'><strong>Ἰσραὴλ</strong></span> <span class='ocrx_word' id='word_1_466' title='bbox 1844 3236 1909 3290; x_wconf 85' lang='grc' dir='ltr'><strong>τδ</strong></span> 
     </span>
    </p>
   </div>
   <div class='ocr_carea' id='block_1_64' title="bbox 331 3329 1907 3411">
    <p class='ocr_par' dir='ltr' id='par_1_64' title="bbox 331 3329 1907 3411">
     <span class='ocr_line' id='line_1_64' title="bbox 331 3329 1907 3411; baseline -0.007 -19"><span class='ocrx_word' id='word_1_467' title='bbox 331 3339 621 3411; x_wconf 78' lang='grc' dir='ltr'><strong>πρόσωπον</strong></span> <span class='ocrx_word' id='word_1_468' title='bbox 646 3336 739 3390; x_wconf 86' lang='grc' dir='ltr'><strong>τοῦ</strong></span> <span class='ocrx_word' id='word_1_469' title='bbox 773 3336 1053 3406; x_wconf 85' lang='grc' dir='ltr'><strong>μείναντος</strong></span> <span class='ocrx_word' id='word_1_470' title='bbox 1092 3334 1149 3385; x_wconf 80' lang='grc' dir='ltr'><strong>ἐν</strong></span> <span class='ocrx_word' id='word_1_471' title='bbox 1182 3331 1456 3402; x_wconf 71' lang='grc' dir='ltr'><strong>ἀπειθείᾳ.</strong></span> <span class='ocrx_word' id='word_1_472' title='bbox 1497 3330 1584 3393; x_wconf 83' lang='grc' dir='ltr'><strong>Ὠς</strong></span> <span class='ocrx_word' id='word_1_473' title='bbox 1609 3329 1720 3402; x_wconf 83' lang='grc' dir='ltr'><strong>γάρ</strong></span> <span class='ocrx_word' id='word_1_474' title='bbox 1748 3329 1907 3381; x_wconf 80' lang='grc' dir='ltr'><strong>ἀπει-</strong></span> 
     </span>
    </p>
   </div>
   <div class='ocr_carea' id='block_1_65' title="bbox 331 3419 1909 3500">
    <p class='ocr_par' dir='ltr' id='par_1_65' title="bbox 331 3419 1909 3500">
     <span class='ocr_line' id='line_1_65' title="bbox 331 3419 1909 3500; baseline -0.006 -19"><span class='ocrx_word' id='word_1_475' title='bbox 331 3428 501 3500; x_wconf 76' lang='grc' dir='ltr'><strong>θήσας</strong></span> <span class='ocrx_word' id='word_1_476' title='bbox 529 3425 611 3497; x_wconf 84' lang='grc' dir='ltr'><strong>τῷ</strong></span> <span class='ocrx_word' id='word_1_477' title='bbox 641 3425 782 3479; x_wconf 78' lang='grc' dir='ltr'><strong>ὲλὲει</strong></span> <span class='ocrx_word' id='word_1_478' title='bbox 821 3424 919 3478; x_wconf 85' lang='grc' dir='ltr'><strong>τοῦ</strong></span> <span class='ocrx_word' id='word_1_479' title='bbox 955 3422 1113 3489; x_wconf 86' lang='grc' dir='ltr'><strong>Θεοῦ,</strong></span> <span class='ocrx_word' id='word_1_480' title='bbox 1150 3423 1241 3475; x_wconf 82' lang='grc' dir='ltr'><strong>καὶ</strong></span> <span class='ocrx_word' id='word_1_481' title='bbox 1281 3420 1369 3475; x_wconf 87' lang='grc' dir='ltr'><strong>διὰ</strong></span> <span class='ocrx_word' id='word_1_482' title='bbox 1410 3419 1568 3473; x_wconf 89' lang='grc' dir='ltr'><strong>τοῦτο</strong></span> <span class='ocrx_word' id='word_1_483' title='bbox 1618 3435 1909 3491; x_wconf 85' lang='grc' dir='ltr'><strong>παρεωρα-</strong></span> 
     </span>
    </p>
   </div>
   <div class='ocr_carea' id='block_1_66' title="bbox 335 3507 1910 3590">
    <p class='ocr_par' dir='ltr' id='par_1_66' title="bbox 335 3507 1910 3590">
     <span class='ocr_line' id='line_1_66' title="bbox 335 3507 1910 3590; baseline -0.008 -17"><span class='ocrx_word' id='word_1_484' title='bbox 335 3521 512 3590; x_wconf 80' lang='grc' dir='ltr'><strong>μένος,</strong></span> <span class='ocrx_word' id='word_1_485' title='bbox 539 3520 636 3572; x_wconf 74' lang='grc' dir='ltr'><strong>καὶ</strong></span> <span class='ocrx_word' id='word_1_486' title='bbox 672 3518 732 3570; x_wconf 81' lang='grc' dir='ltr'><strong>ὲν</strong></span> <span class='ocrx_word' id='word_1_487' title='bbox 764 3516 927 3571; x_wconf 73' lang='grc' dir='ltr'><strong>παντὶ</strong></span> <span class='ocrx_word' id='word_1_488' title='bbox 969 3513 1207 3584; x_wconf 88' lang='grc' dir='ltr'><strong>γεγονὼς</strong></span> <span class='ocrx_word' id='word_1_489' title='bbox 1240 3512 1417 3583; x_wconf 81' lang='grc' dir='ltr'><strong>κακῷ,</strong></span> <span class='ocrx_word' id='word_1_490' title='bbox 1463 3512 1723 3581; x_wconf 83' lang='grc' dir='ltr'><strong>ἀνανήφει</strong></span> <span class='ocrx_word' id='word_1_491' title='bbox 1772 3507 1910 3580; x_wconf 82' lang='grc' dir='ltr'><strong>πρὸς</strong></span> 
     </span>
    </p>
   </div>
   <div class='ocr_carea' id='block_1_67' title="bbox 342 3600 1912 3681">
    <p class='ocr_par' dir='ltr' id='par_1_67' title="bbox 342 3600 1912 3681">
     <span class='ocr_line' id='line_1_67' title="bbox 342 3600 1912 3681; baseline -0.008 -16"><span class='ocrx_word' id='word_1_492' title='bbox 342 3612 703 3681; x_wconf 77' lang='grc' dir='ltr'><strong>μετάγνωσιν,</strong></span> <span class='ocrx_word' id='word_1_493' title='bbox 732 3606 1202 3678; x_wconf 87' lang='grc' dir='ltr'><strong>κατοικτείρεσθαι</strong></span> <span class='ocrx_word' id='word_1_494' title='bbox 1242 3602 1595 3674; x_wconf 82' lang='grc' dir='ltr'><strong>παρακαλῶν.</strong></span> <span class='ocrx_word' id='word_1_495' title='bbox 1644 3600 1912 3672; x_wconf 83' lang='grc' dir='ltr'><strong>Σημαίνε-</strong></span> 
     </span>
    </p>
   </div>
   <div class='ocr_carea' id='block_1_68' title="bbox 335 3691 1911 3772">
    <p class='ocr_par' dir='ltr' id='par_1_68' title="bbox 335 3691 1911 3772">
     <span class='ocr_line' id='line_1_68' title="bbox 335 3691 1911 3772; baseline -0.007 -17"><span class='ocrx_word' id='word_1_496' title='bbox 335 3720 420 3755; x_wconf 80' lang='grc' dir='ltr'><strong>ται</strong></span> <span class='ocrx_word' id='word_1_497' title='bbox 452 3702 511 3755; x_wconf 76' lang='grc' dir='ltr'><strong>δὲ</strong></span> <span class='ocrx_word' id='word_1_498' title='bbox 540 3703 574 3772; x_wconf 81' lang='grc' dir='ltr'><strong>ἡ</strong></span> <span class='ocrx_word' id='word_1_499' title='bbox 605 3702 692 3753; x_wconf 69' lang='grc' dir='ltr'><strong>ἐπ’</strong></span> <span class='ocrx_word' id='word_1_500' title='bbox 726 3699 957 3770; x_wconf 73' lang='grc' dir='ltr'><strong>ἐσχάτου</strong></span> <span class='ocrx_word' id='word_1_501' title='bbox 997 3696 1192 3768; x_wconf 81' lang='grc' dir='ltr'><strong>καιροῦ</strong></span> <span class='ocrx_word' id='word_1_502' title='bbox 1222 3694 1562 3766; x_wconf 83' lang='grc' dir='ltr'><strong>γενησομένη</strong></span> <span class='ocrx_word' id='word_1_503' title='bbox 1595 3692 1788 3762; x_wconf 86' lang='grc' dir='ltr'><strong>κλῆσις</strong></span> <span class='ocrx_word' id='word_1_504' title='bbox 1815 3691 1911 3745; x_wconf 75' lang='grc' dir='ltr'><strong>αὑ⁴</strong></span> 
     </span>
    </p>
   </div>
   <div class='ocr_carea' id='block_1_69' title="bbox 336 3783 1912 3857">
    <p class='ocr_par' dir='ltr' id='par_1_69' title="bbox 336 3783 1912 3857">
     <span class='ocr_line' id='line_1_69' title="bbox 336 3783 1912 3857; baseline -0.008 -9"><span class='ocrx_word' id='word_1_505' title='bbox 336 3794 457 3849; x_wconf 85' lang='grc' dir='ltr'><strong>τῶν.</strong></span> <span class='ocrx_word' id='word_1_506' title='bbox 492 3793 565 3848; x_wconf 87' lang='grc' dir='ltr'><em>Τὸ</em></span> <span class='ocrx_word' id='word_1_507' title='bbox 585 3793 904 3857; x_wconf 52' lang='lat' dir='ltr'><strong>Medeam)</strong></span> <span class='ocrx_word' id='word_1_508' title='bbox 933 3790 1029 3844; x_wconf 74' lang='grc' dir='ltr'><strong>καὶ</strong></span> <span class='ocrx_word' id='word_1_509' title='bbox 1071 3791 1110 3857; x_wconf 78' lang='grc' dir='ltr'><strong>ή</strong></span> <span class='ocrx_word' id='word_1_510' title='bbox 1149 3786 1400 3854; x_wconf 79' lang='grc' dir='ltr'><strong>ἀλήθειά</strong></span> <span class='ocrx_word' id='word_1_511' title='bbox 1426 3804 1543 3841; x_wconf 87' lang='grc' dir='ltr'><strong>σου</strong></span> <span class='ocrx_word' id='word_1_512' title='bbox 1588 3783 1912 3848; x_wconf 80' lang='grc' dir='ltr'><strong>διαπαντὸς</strong></span> 
     </span>
    </p>
   </div>
   <div class='ocr_carea' id='block_1_70' title="bbox 338 3873 1911 3953">
    <p class='ocr_par' dir='ltr' id='par_1_70' title="bbox 338 3873 1911 3953">
     <span class='ocr_line' id='line_1_70' title="bbox 338 3873 1911 3953; baseline -0.009 -12"><span class='ocrx_word' id='word_1_513' title='bbox 338 3884 750 3941; x_wconf 73' lang='grc' dir='ltr'><strong>ἀντιλάϐοιντό</strong></span> <span class='ocrx_word' id='word_1_514' title='bbox 772 3900 910 3951; x_wconf 85' lang='grc' dir='ltr'><strong>μου.</strong></span> <span class='ocrx_word' id='word_1_515' title='bbox 945 3878 1361 3953; x_wconf 84' lang='grc' dir='ltr'><strong>Ὀμολογοῦμεν,</strong></span> <span class='ocrx_word' id='word_1_516' title='bbox 1405 3878 1588 3949; x_wconf 77' lang='grc' dir='ltr'><strong>φησὶν,</strong></span> <span class='ocrx_word' id='word_1_517' title='bbox 1621 3876 1704 3928; x_wconf 86' lang='grc' dir='ltr'><strong>ὃτι</strong></span> <span class='ocrx_word' id='word_1_518' title='bbox 1750 3873 1911 3936; x_wconf 77' lang='grc' dir='ltr'><strong>αὐτὸς</strong></span> 
     </span>
    </p>
   </div>
   <div class='ocr_carea' id='block_1_71' title="bbox 342 3963 1915 4042">
    <p class='ocr_par' dir='ltr' id='par_1_71' title="bbox 342 3963 1915 4042">
     <span class='ocr_line' id='line_1_71' title="bbox 342 3963 1915 4042; baseline -0.007 -16"><span class='ocrx_word' id='word_1_519' title='bbox 342 3971 418 4038; x_wconf 78' lang='grc' dir='ltr'><strong>εἷς</strong></span> <span class='ocrx_word' id='word_1_520' title='bbox 444 3977 473 4027; x_wconf 87' lang='grc' dir='ltr'>ὁ</span> <span class='ocrx_word' id='word_1_521' title='bbox 502 3974 673 4029; x_wconf 82' lang='grc' dir='ltr'><strong>πάλαι</strong></span> <span class='ocrx_word' id='word_1_522' title='bbox 705 3972 893 4038; x_wconf 78' lang='grc' dir='ltr'><strong>σῶζων</strong></span> <span class='ocrx_word' id='word_1_523' title='bbox 913 3972 1063 4042; x_wconf 79' lang='grc' dir='ltr'><strong>ἡμᾶς</strong></span> <span class='ocrx_word' id='word_1_524' title='bbox 1091 3971 1185 4025; x_wconf 63' lang='grc' dir='ltr'><strong>καὶ⁵</strong></span> <span class='ocrx_word' id='word_1_525' title='bbox 1217 3966 1767 4038; x_wconf 84' lang='grc' dir='ltr'><strong>ἀντιλαμϐανόμενος.</strong></span> <span class='ocrx_word' id='word_1_526' title='bbox 1804 3963 1915 4016; x_wconf 67' lang='grc' dir='ltr'><strong>Καὶ</strong></span> 
     </span>
    </p>
   </div>
   <div class='ocr_carea' id='block_1_72' title="bbox 341 4055 1913 4137">
    <p class='ocr_par' dir='ltr' id='par_1_72' title="bbox 341 4055 1913 4137">
     <span class='ocr_line' id='line_1_72' title="bbox 341 4055 1913 4137; baseline -0.009 -17"><span class='ocrx_word' id='word_1_527' title='bbox 341 4066 576 4137; x_wconf 78' lang='grc' dir='ltr'><strong>τυχοῦσα</strong></span> <span class='ocrx_word' id='word_1_528' title='bbox 607 4065 712 4137; x_wconf 76' lang='grc' dir='ltr'><strong>τῆς</strong></span> <span class='ocrx_word' id='word_1_529' title='bbox 734 4065 1007 4137; x_wconf 82' lang='grc' dir='ltr'><strong>σωτηρίας</strong></span> <span class='ocrx_word' id='word_1_530' title='bbox 1034 4065 1068 4134; x_wconf 81' lang='grc' dir='ltr'>ἡ</span> <span class='ocrx_word' id='word_1_531' title='bbox 1090 4061 1184 4116; x_wconf 86' lang='grc' dir='ltr'><strong>τοῦ</strong></span> <span class='ocrx_word' id='word_1_532' title='bbox 1222 4057 1357 4114; x_wconf 87' lang='grc' dir='ltr'><strong>Θεοῦ</strong></span> <span class='ocrx_word' id='word_1_533' title='bbox 1393 4055 1709 4128; x_wconf 87' lang='grc' dir='ltr'><strong>Ἐκκλησία,</strong></span> <span class='ocrx_word' id='word_1_534' title='bbox 1743 4055 1913 4108; x_wconf 85' lang='grc' dir='ltr'><strong>δεῖται</strong></span> 
     </span>
    </p>
   </div>
   <div class='ocr_carea' id='block_1_73' title="bbox 346 4145 1914 4229">
    <p class='ocr_par' dir='ltr' id='par_1_73' title="bbox 346 4145 1914 4229">
     <span class='ocr_line' id='line_1_73' title="bbox 346 4145 1914 4229; baseline -0.01 -15"><span class='ocrx_word' id='word_1_535' title='bbox 346 4161 503 4214; x_wconf 81' lang='grc' dir='ltr'><strong>πάλιν</strong></span> <span class='ocrx_word' id='word_1_536' title='bbox 525 4160 628 4229; x_wconf 81' lang='grc' dir='ltr'><strong>τῆς</strong></span> <span class='ocrx_word' id='word_1_537' title='bbox 656 4157 750 4211; x_wconf 85' lang='grc' dir='ltr'><strong>τοῦ</strong></span> <span class='ocrx_word' id='word_1_538' title='bbox 782 4157 919 4211; x_wconf 86' lang='grc' dir='ltr'><strong>Θεοῦ</strong></span> <span class='ocrx_word' id='word_1_539' title='bbox 952 4153 1292 4227; x_wconf 84' lang='grc' dir='ltr'><strong>προμηθείας</strong></span> <span class='ocrx_word' id='word_1_540' title='bbox 1323 4151 1411 4204; x_wconf 85' lang='grc' dir='ltr'><strong>διὰ</strong></span> <span class='ocrx_word' id='word_1_541' title='bbox 1434 4148 1533 4212; x_wconf 73' lang='grc' dir='ltr'><strong>τὰς</strong></span> <span class='ocrx_word' id='word_1_542' title='bbox 1566 4145 1914 4209; x_wconf 78' lang='grc' dir='ltr'><strong>παντοδαπὰς</strong></span> 
     </span>
    </p>
   </div>
   <div class='ocr_carea' id='block_1_74' title="bbox 345 4230 1912 4322">
    <p class='ocr_par' dir='ltr' id='par_1_74' title="bbox 345 4230 1912 4322">
     <span class='ocr_line' id='line_1_74' title="bbox 345 4230 1912 4322; baseline -0.01 -16"><span class='ocrx_word' id='word_1_543' title='bbox 345 4253 449 4307; x_wconf 89' lang='grc' dir='ltr'><strong>τῶν</strong></span> <span class='ocrx_word' id='word_1_544' title='bbox 478 4250 779 4322; x_wconf 84' lang='grc' dir='ltr'><strong>ἀνθρώπων</strong></span> <span class='ocrx_word' id='word_1_545' title='bbox 826 4249 920 4302; x_wconf 78' lang='grc' dir='ltr'><strong>καὶ</strong></span> <span class='ocrx_word' id='word_1_546' title='bbox 950 4247 1216 4317; x_wconf 80' lang='grc' dir='ltr'><strong>δαιμόνων</strong></span> <span class='ocrx_word' id='word_1_547' title='bbox 1265 4240 1682 4303; x_wconf 79' lang='grc' dir='ltr'><strong>ἐπαναστάσεις,</strong></span> <span class='ocrx_word' id='word_1_548' title='bbox 1731 4230 1806 4293; x_wconf 76' lang='grc' dir='ltr'><strong>ὧν</strong></span> <span class='ocrx_word' id='word_1_549' title='bbox 1852 4238 1912 4290; x_wconf 75' lang='grc' dir='ltr'><strong>ὲν</strong></span> 
     </span>
    </p>
   </div>
   <div class='ocr_carea' id='block_1_75' title="bbox 345 4340 1149 4412">
    <p class='ocr_par' dir='ltr' id='par_1_75' title="bbox 345 4340 1149 4412">
     <span class='ocr_line' id='line_1_75' title="bbox 345 4340 1149 4412; baseline -0.011 -14"><span class='ocrx_word' id='word_1_550' title='bbox 345 4347 454 4408; x_wconf 75' lang='grc' dir='ltr'><strong>τοῖς</strong></span> <span class='ocrx_word' id='word_1_551' title='bbox 483 4343 610 4412; x_wconf 76' lang='grc' dir='ltr'><strong>ἑξῆς</strong></span> <span class='ocrx_word' id='word_1_552' title='bbox 641 4342 863 4412; x_wconf 80' lang='grc' dir='ltr'><strong>μνήμην</strong></span> <span class='ocrx_word' id='word_1_553' title='bbox 891 4340 1149 4395; x_wconf 73' lang='grc' dir='ltr'><strong>ποιεῖται.</strong></span> 
     </span>
    </p>
   </div>
   <div class='ocr_carea' id='block_1_76' title="bbox 426 4420 1909 4502">
    <p class='ocr_par' dir='ltr' id='par_1_76' title="bbox 426 4420 1909 4502">
     <span class='ocr_line' id='line_1_76' title="bbox 426 4420 1909 4502; baseline -0.008 -13"><span class='ocrx_word' id='word_1_554' title='bbox 426 4438 557 4488; x_wconf 84' lang='grc' dir='ltr'><strong>Ὅτι</strong></span> <span class='ocrx_word' id='word_1_555' title='bbox 586 4433 911 4502; x_wconf 79' lang='grc' dir='ltr'><strong>περιέσχον</strong></span> <span class='ocrx_word' id='word_1_556' title='bbox 929 4448 1007 4500; x_wconf 80' lang='grc' dir='ltr'><strong>με</strong></span> <span class='ocrx_word' id='word_1_557' title='bbox 1034 4428 1189 4483; x_wconf 78' lang='grc' dir='ltr'><strong>κακὰ</strong></span> <span class='ocrx_word' id='word_1_558' title='bbox 1206 4420 1293 4481; x_wconf 76' lang='grc' dir='ltr'><strong>ὧν</strong></span> <span class='ocrx_word' id='word_1_559' title='bbox 1314 4428 1425 4481; x_wconf 83' lang='grc' dir='ltr'><strong>οὐκ</strong></span> <span class='ocrx_word' id='word_1_560' title='bbox 1461 4428 1632 4482; x_wconf 79' lang='grc' dir='ltr'><strong>ἐστιν</strong></span> <span class='ocrx_word' id='word_1_561' title='bbox 1646 4425 1909 4494; x_wconf 74' lang='grc' dir='ltr'><strong>ἀριθμός.</strong></span> 
     </span>
    </p>
   </div>
   <div class='ocr_carea' id='block_1_77' title="bbox 346 4514 1915 4597">
    <p class='ocr_par' dir='ltr' id='par_1_77' title="bbox 346 4514 1915 4597">
     <span class='ocr_line' id='line_1_77' title="bbox 346 4514 1915 4597; baseline -0.01 -15"><span class='ocrx_word' id='word_1_562' title='bbox 346 4526 426 4582; x_wconf 78' lang='grc' dir='ltr'><strong>Τὰ</strong></span> <span class='ocrx_word' id='word_1_563' title='bbox 462 4526 601 4597; x_wconf 87' lang='grc' dir='ltr'><strong>μετά</strong></span> <span class='ocrx_word' id='word_1_564' title='bbox 622 4524 719 4596; x_wconf 78' lang='grc' dir='ltr'><strong>τὴν</strong></span> <span class='ocrx_word' id='word_1_565' title='bbox 748 4523 1003 4577; x_wconf 84' lang='grc' dir='ltr'><strong>ἀπιστίαν</strong></span> <span class='ocrx_word' id='word_1_566' title='bbox 1031 4520 1131 4591; x_wconf 75' lang='grc' dir='ltr'><strong>τὴν</strong></span> <span class='ocrx_word' id='word_1_567' title='bbox 1153 4522 1233 4583; x_wconf 83' lang='grc' dir='ltr'><strong>εἰς</strong></span> <span class='ocrx_word' id='word_1_568' title='bbox 1262 4518 1496 4589; x_wconf 77' lang='grc' dir='ltr'><strong>Χριστὸν</strong></span> <span class='ocrx_word' id='word_1_569' title='bbox 1528 4514 1915 4587; x_wconf 73' lang='grc' dir='ltr'><strong>συμϐεϐηκότα</strong></span> 
     </span>
    </p>
   </div>
   <div class='ocr_carea' id='block_1_78' title="bbox 348 4603 1915 4685">
    <p class='ocr_par' dir='ltr' id='par_1_78' title="bbox 348 4603 1915 4685">
     <span class='ocr_line' id='line_1_78' title="bbox 348 4603 1915 4685; baseline -0.009 -14"><span class='ocrx_word' id='word_1_570' title='bbox 348 4619 530 4679; x_wconf 72' lang='grc' dir='ltr'><strong>αὐτοῖς</strong></span> <span class='ocrx_word' id='word_1_571' title='bbox 553 4615 819 4685; x_wconf 87' lang='grc' dir='ltr'><strong>διηγεῖται</strong></span> <span class='ocrx_word' id='word_1_572' title='bbox 861 4611 1027 4664; x_wconf 82' lang='grc' dir='ltr'><strong>κακά.</strong></span> <span class='ocrx_word' id='word_1_573' title='bbox 1077 4609 1583 4676; x_wconf 74' lang='grc' dir='ltr'><strong>Ἐπληθὺνθησαν</strong></span> <span class='ocrx_word' id='word_1_574' title='bbox 1611 4605 1764 4673; x_wconf 81' lang='grc' dir='ltr'><strong>ὑπὲρ</strong></span> <span class='ocrx_word' id='word_1_575' title='bbox 1808 4603 1915 4669; x_wconf 87' lang='grc' dir='ltr'><strong>τὰς</strong></span> 
     </span>
    </p>
   </div>
   <div class='ocr_carea' id='block_1_79' title="bbox 348 4696 1919 4778">
    <p class='ocr_par' dir='ltr' id='par_1_79' title="bbox 348 4696 1919 4778">
     <span class='ocr_line' id='line_1_79' title="bbox 348 4696 1919 4778; baseline -0.011 -15"><span class='ocrx_word' id='word_1_576' title='bbox 348 4711 552 4778; x_wconf 84' lang='grc' dir='ltr'><strong>τρίχας</strong></span> <span class='ocrx_word' id='word_1_577' title='bbox 566 4705 679 4775; x_wconf 81' lang='grc' dir='ltr'><strong>τῆς</strong></span> <span class='ocrx_word' id='word_1_578' title='bbox 696 4701 962 4774; x_wconf 62' lang='grc' dir='ltr'><strong>κεφαλῆς</strong></span> <span class='ocrx_word' id='word_1_579' title='bbox 982 4718 1120 4770; x_wconf 84' lang='grc' dir='ltr'><strong>μου,</strong></span> <span class='ocrx_word' id='word_1_580' title='bbox 1153 4699 1249 4754; x_wconf 76' lang='grc' dir='ltr'><strong>καὶ</strong></span> <span class='ocrx_word' id='word_1_581' title='bbox 1264 4700 1300 4767; x_wconf 72' lang='grc' dir='ltr'><em>ἡ</em></span> <span class='ocrx_word' id='word_1_582' title='bbox 1341 4697 1555 4765; x_wconf 77' lang='grc' dir='ltr'><strong>καρδία</strong></span> <span class='ocrx_word' id='word_1_583' title='bbox 1571 4714 1689 4766; x_wconf 83' lang='grc' dir='ltr'><strong>μου</strong></span> <span class='ocrx_word' id='word_1_584' title='bbox 1711 4696 1919 4765; x_wconf 79' lang='grc' dir='ltr'><strong>ἐγκατ-</strong></span> 
     </span>
    </p>
   </div>
   <div class='ocr_carea' id='block_1_80' title="bbox 349 4787 1918 4868">
    <p class='ocr_par' dir='ltr' id='par_1_80' title="bbox 349 4787 1918 4868">
     <span class='ocr_line' id='line_1_80' title="bbox 349 4787 1918 4868; baseline -0.011 -14"><span class='ocrx_word' id='word_1_585' title='bbox 349 4799 517 4854; x_wconf 70' lang='grc' dir='ltr'><strong>έλιπέ</strong></span> <span class='ocrx_word' id='word_1_586' title='bbox 565 4815 664 4868; x_wconf 79' lang='grc' dir='ltr'><strong>με.</strong></span> <span class='ocrx_word' id='word_1_587' title='bbox 707 4798 926 4865; x_wconf 86' lang='grc' dir='ltr'><strong>Ὅμοιον</strong></span> <span class='ocrx_word' id='word_1_588' title='bbox 953 4794 1086 4846; x_wconf 69' lang='grc' dir='ltr'>ὡσεὶ</span> <span class='ocrx_word' id='word_1_589' title='bbox 1118 4791 1306 4859; x_wconf 74' lang='grc' dir='ltr'><strong>ἔλεγεν</strong></span> <span class='ocrx_word' id='word_1_590' title='bbox 1326 4806 1339 4818; x_wconf 89' lang='grc'><strong>·</strong></span> <span class='ocrx_word' id='word_1_591' title='bbox 1386 4789 1530 4851; x_wconf 86' lang='grc' dir='ltr'><strong>Ἵσος</strong></span> <span class='ocrx_word' id='word_1_592' title='bbox 1553 4787 1752 4855; x_wconf 83' lang='grc' dir='ltr'><strong>γέγονα</strong></span> <span class='ocrx_word' id='word_1_593' title='bbox 1803 4787 1918 4848; x_wconf 81' lang='grc' dir='ltr'><strong>τοῖς</strong></span> 
     </span>
    </p>
   </div>
   <div class='ocr_carea' id='block_1_81' title="bbox 350 4876 1916 4959">
    <p class='ocr_par' dir='ltr' id='par_1_81' title="bbox 350 4876 1916 4959">
     <span class='ocr_line' id='line_1_81' title="bbox 350 4876 1916 4959; baseline 0.002 -14"><span class='ocrx_word' id='word_1_594' title='bbox 350 4890 445 4945; x_wconf 78' lang='grc' dir='ltr'><strong>οὐκ</strong></span> <span class='ocrx_word' id='word_1_595' title='bbox 473 4890 656 4959; x_wconf 80' lang='grc' dir='ltr'><strong>ἔχουσι</strong></span> <span class='ocrx_word' id='word_1_596' title='bbox 683 4885 861 4956; x_wconf 77' lang='grc' dir='ltr'><strong>νοῦνῆ</strong></span> <span class='ocrx_word' id='word_1_597' title='bbox 889 4884 1148 4956; x_wconf 58' lang='grc' dir='ltr'><strong>καρδίαν</strong></span> <span class='ocrx_word' id='word_1_598' title='bbox 1179 4882 1367 4950; x_wconf 86' lang='grc' dir='ltr'><strong>γέγονε</strong></span> <span class='ocrx_word' id='word_1_599' title='bbox 1406 4879 1514 4951; x_wconf 79' lang='grc' dir='ltr'><strong>γὰρ</strong></span> <span class='ocrx_word' id='word_1_600' title='bbox 1555 4878 1680 4940; x_wconf 63' lang='grc' dir='ltr'><strong>λαὸς</strong></span> <span class='ocrx_word' id='word_1_601' title='bbox 1716 4876 1916 4948; x_wconf 60' lang='grc' dir='ltr'><strong>μωρὸς,</strong></span> 
     </span>
    </p>
   </div>
   <div class='ocr_carea' id='block_1_82' title="bbox 354 4978 807 5051">
    <p class='ocr_par' dir='ltr' id='par_1_82' title="bbox 354 4978 807 5051">
     <span class='ocr_line' id='line_1_82' title="bbox 354 4978 807 5051; baseline -0.009 -17"><span class='ocrx_word' id='word_1_602' title='bbox 354 4982 445 5034; x_wconf 76' lang='grc' dir='ltr'><strong>καὶ</strong></span> <span class='ocrx_word' id='word_1_603' title='bbox 471 4981 593 5051; x_wconf 79' lang='grc' dir='ltr'><strong>οὐχὶ</strong></span> <span class='ocrx_word' id='word_1_604' title='bbox 624 4978 807 5048; x_wconf 83' lang='grc' dir='ltr'><strong>σοφός.</strong></span> 
     </span>
    </p>
   </div>
   <div class='ocr_carea' id='block_1_83' title="bbox 430 5054 1963 5136">
    <p class='ocr_par' dir='ltr' id='par_1_83' title="bbox 430 5054 1963 5136">
     <span class='ocr_line' id='line_1_83' title="bbox 430 5054 1963 5136; baseline -0.009 -13"><span class='ocrx_word' id='word_1_605' title='bbox 430 5066 988 5136; x_wconf 66' lang='grc' dir='ltr'><strong>’Λποστραφείησαν</strong></span> <span class='ocrx_word' id='word_1_606' title='bbox 1011 5066 1097 5130; x_wconf 81' lang='grc' dir='ltr'><strong>είς</strong></span> <span class='ocrx_word' id='word_1_607' title='bbox 1117 5062 1190 5117; x_wconf 84' lang='grc' dir='ltr'><strong>τὰ</strong></span> <span class='ocrx_word' id='word_1_608' title='bbox 1219 5062 1411 5115; x_wconf 82' lang='grc' dir='ltr'><strong>ὀπίσω</strong></span> <span class='ocrx_word' id='word_1_609' title='bbox 1433 5060 1530 5114; x_wconf 78' lang='grc' dir='ltr'><strong>καὶ</strong></span> <span class='ocrx_word' id='word_1_610' title='bbox 1563 5075 1923 5127; x_wconf 78' lang='grc' dir='ltr'><strong>καταισχυν-</strong></span> <span class='ocrx_word' id='word_1_611' title='bbox 1958 5054 1963 5061; x_wconf 79' lang='grc'>’</span> 
     </span>
    </p>
   </div>
   <div class='ocr_carea' id='block_1_84' title="bbox 358 5148 1924 5229">
    <p class='ocr_par' dir='ltr' id='par_1_84' title="bbox 358 5148 1924 5229">
     <span class='ocr_line' id='line_1_84' title="bbox 358 5148 1924 5229; baseline -0.008 -15"><span class='ocrx_word' id='word_1_612' title='bbox 358 5163 596 5229; x_wconf 72' lang='lat' dir='ltr'><strong>aetnam</strong></span> <span class='ocrx_word' id='word_1_613' title='bbox 634 5162 687 5213; x_wconf 79' lang='grc' dir='ltr'><strong>οἱ</strong></span> <span class='ocrx_word' id='word_1_614' title='bbox 736 5156 1016 5222; x_wconf 69' lang='grc' dir='ltr'><strong>θέλοντές</strong></span> <span class='ocrx_word' id='word_1_615' title='bbox 1058 5172 1163 5224; x_wconf 82' lang='grc' dir='ltr'><strong>μοι</strong></span> <span class='ocrx_word' id='word_1_616' title='bbox 1222 5150 1396 5206; x_wconf 80' lang='grc' dir='ltr'><strong>κακά.</strong></span> <span class='ocrx_word' id='word_1_617' title='bbox 1437 5151 1507 5203; x_wconf 83' lang='grc' dir='ltr'><strong>Ἦ</strong></span> <span class='ocrx_word' id='word_1_618' title='bbox 1563 5148 1672 5202; x_wconf 89' lang='grc' dir='ltr'><strong>τῶν</strong></span> <span class='ocrx_word' id='word_1_619' title='bbox 1718 5148 1924 5218; x_wconf 84' lang='grc' dir='ltr'><strong>νοητῶν</strong></span> 
     </span>
    </p>
   </div>
   <div class='ocr_carea' id='block_1_85' title="bbox 359 5240 1923 5324">
    <p class='ocr_par' dir='ltr' id='par_1_85' title="bbox 359 5240 1923 5324">
     <span class='ocr_line' id='line_1_85' title="bbox 359 5240 1923 5324; baseline -0.01 -17"><span class='ocrx_word' id='word_1_620' title='bbox 359 5252 560 5324; x_wconf 68' lang='grc' dir='ltr'><strong>ἔχθρῶν</strong></span> <span class='ocrx_word' id='word_1_621' title='bbox 594 5248 957 5310; x_wconf 87' lang='grc' dir='ltr'><strong>καταϐοῶσιν,</strong></span> <span class='ocrx_word' id='word_1_622' title='bbox 992 5246 1025 5316; x_wconf 82' lang='grc' dir='ltr'>ἢ</span> <span class='ocrx_word' id='word_1_623' title='bbox 1054 5245 1162 5298; x_wconf 91' lang='grc' dir='ltr'><strong>τῶν</strong></span> <span class='ocrx_word' id='word_1_624' title='bbox 1200 5240 1579 5315; x_wconf 79' lang='grc' dir='ltr'><strong>Γραμματέων</strong></span> <span class='ocrx_word' id='word_1_625' title='bbox 1611 5240 1705 5292; x_wconf 79' lang='grc' dir='ltr'><strong>καὶ</strong></span> <span class='ocrx_word' id='word_1_626' title='bbox 1755 5240 1923 5310; x_wconf 82' lang='grc' dir='ltr'><strong>Φαρι-</strong></span> 
     </span>
    </p>
   </div>
   <div class='ocr_carea' id='block_1_86' title="bbox 360 5328 1925 5404">
    <p class='ocr_par' dir='ltr' id='par_1_86' title="bbox 360 5328 1925 5404">
     <span class='ocr_line' id='line_1_86' title="bbox 360 5328 1925 5404; baseline -0.01 -9"><span class='ocrx_word' id='word_1_627' title='bbox 360 5344 520 5395; x_wconf 84' lang='grc' dir='ltr'><strong>σαίων</strong></span> <span class='ocrx_word' id='word_1_628' title='bbox 540 5340 651 5394; x_wconf 86' lang='grc' dir='ltr'><strong>τῶν</strong></span> <span class='ocrx_word' id='word_1_629' title='bbox 673 5337 1169 5393; x_wconf 61' lang='grc' dir='ltr'><strong>ἐπιϐουλευσάντων</strong></span> <span class='ocrx_word' id='word_1_630' title='bbox 1201 5336 1266 5404; x_wconf 79' lang='grc' dir='ltr'><strong>τῇ</strong></span> <span class='ocrx_word' id='word_1_631' title='bbox 1318 5331 1561 5402; x_wconf 65' lang='grc' dir='ltr'><strong>σωτηρίᾳ</strong></span> <span class='ocrx_word' id='word_1_632' title='bbox 1600 5330 1699 5399; x_wconf 76' lang='grc' dir='ltr'><strong>τῆς</strong></span> <span class='ocrx_word' id='word_1_633' title='bbox 1748 5328 1925 5398; x_wconf 72' lang='grc' dir='ltr'><strong>ψυχῆς</strong></span> 
     </span>
    </p>
   </div>
   <div class='ocr_carea' id='block_1_87' title="bbox 361 5419 1925 5500">
    <p class='ocr_par' dir='ltr' id='par_1_87' title="bbox 361 5419 1925 5500">
     <span class='ocr_line' id='line_1_87' title="bbox 361 5419 1925 5500; baseline -0.01 -17"><span class='ocrx_word' id='word_1_634' title='bbox 361 5432 537 5498; x_wconf 80' lang='grc' dir='ltr'><strong>αὑτοῦ,</strong></span> <span class='ocrx_word' id='word_1_635' title='bbox 596 5431 869 5500; x_wconf 85' lang='grc' dir='ltr'><strong>λεγόντων</strong></span> <span class='ocrx_word' id='word_1_636' title='bbox 923 5426 1102 5480; x_wconf 82' lang='grc' dir='ltr'><strong>αὐτῶν</strong></span> <span class='ocrx_word' id='word_1_637' title='bbox 1150 5424 1277 5495; x_wconf 72' lang='grc' dir='ltr'><strong>περὶ</strong></span> <span class='ocrx_word' id='word_1_638' title='bbox 1333 5424 1574 5492; x_wconf 86' lang='grc' dir='ltr'><strong>Χριστου</strong></span> <span class='ocrx_word' id='word_1_639' title='bbox 1634 5419 1762 5471; x_wconf 79' lang='grc' dir='ltr'><strong>ποτὲ</strong></span> <span class='ocrx_word' id='word_1_640' title='bbox 1804 5419 1925 5488; x_wconf 72' lang='grc' dir='ltr'><strong>μέν’</strong></span> 
     </span>
    </p>
   </div>
   <div class='ocr_carea' id='block_1_88' title="bbox 366 5507 1925 5586">
    <p class='ocr_par' dir='ltr' id='par_1_88' title="bbox 366 5507 1925 5586">
     <span class='ocr_line' id='line_1_88' title="bbox 366 5507 1925 5586; baseline -0.01 -9"><span class='ocrx_word' id='word_1_641' title='bbox 366 5525 475 5577; x_wconf 82' lang='grc' dir='ltr'><strong>οὐκ</strong></span> <span class='ocrx_word' id='word_1_642' title='bbox 501 5522 790 5577; x_wconf 70' lang='grc' dir='ltr'><strong>ἐκϐάλλει</strong></span> <span class='ocrx_word' id='word_1_643' title='bbox 819 5519 896 5574; x_wconf 81' lang='grc' dir='ltr'><strong>τὰ</strong></span> <span class='ocrx_word' id='word_1_644' title='bbox 921 5517 1192 5586; x_wconf 79' lang='grc' dir='ltr'><strong>δαιμόνια</strong></span> <span class='ocrx_word' id='word_1_645' title='bbox 1230 5517 1284 5569; x_wconf 83' lang='lat' dir='ltr'><strong>el</strong></span> <span class='ocrx_word' id='word_1_646' title='bbox 1307 5513 1394 5582; x_wconf 81' lang='grc' dir='ltr'><strong>μὴ</strong></span> <span class='ocrx_word' id='word_1_647' title='bbox 1423 5513 1492 5565; x_wconf 75' lang='grc' dir='ltr'><strong>ἐν</strong></span> <span class='ocrx_word' id='word_1_648' title='bbox 1524 5507 1883 5571; x_wconf 75' lang='grc' dir='ltr'><strong>Βεελζεόούλ</strong></span> <span class='ocrx_word' id='word_1_649' title='bbox 1910 5523 1925 5540; x_wconf 79' lang='grc'><strong><em>⁸</em></strong></span> 
     </span>
    </p>
   </div>
   <div class='ocr_carea' id='block_1_89' title="bbox 362 5601 1928 5682">
    <p class='ocr_par' dir='ltr' id='par_1_89' title="bbox 362 5601 1928 5682">
     <span class='ocr_line' id='line_1_89' title="bbox 362 5601 1928 5682; baseline -0.013 -14"><span class='ocrx_word' id='word_1_650' title='bbox 362 5616 479 5668; x_wconf 72' lang='grc' dir='ltr'><strong>ποτὲ</strong></span> <span class='ocrx_word' id='word_1_651' title='bbox 502 5616 578 5668; x_wconf 81' lang='grc' dir='ltr'><strong>δέ’</strong></span> <span class='ocrx_word' id='word_1_652' title='bbox 612 5614 938 5682; x_wconf 76' lang='grc' dir='ltr'><strong>Δαιμόνιον</strong></span> <span class='ocrx_word' id='word_1_653' title='bbox 963 5609 1147 5677; x_wconf 77' lang='grc' dir='ltr'><strong>ἔχεις,</strong></span> <span class='ocrx_word' id='word_1_654' title='bbox 1163 5608 1254 5673; x_wconf 83' lang='grc' dir='ltr'><strong>τίς</strong></span> <span class='ocrx_word' id='word_1_655' title='bbox 1282 5622 1354 5659; x_wconf 87' lang='grc' dir='ltr'><strong>σε</strong></span> <span class='ocrx_word' id='word_1_656' title='bbox 1378 5602 1536 5670; x_wconf 79' lang='grc' dir='ltr'><strong>ζητεῖ</strong></span> <span class='ocrx_word' id='word_1_657' title='bbox 1553 5601 1928 5662; x_wconf 51' lang='grc' dir='ltr'><strong>ἀποκινεῖν-αα</strong></span> 
     </span>
    </p>
   </div>
   <div class='ocr_carea' id='block_1_90' title="bbox 2007 3151 3581 3221">
    <p class='ocr_par' dir='ltr' id='par_1_90' title="bbox 2007 3151 3581 3221">
     <span class='ocr_line' id='line_1_90' title="bbox 2007 3151 3581 3221; baseline -0.001 -12"><span class='ocrx_word' id='word_1_658' title='bbox 2007 3157 2173 3210; x_wconf 85' lang='lat' dir='ltr'><strong>tiones</strong></span> <span class='ocrx_word' id='word_1_659' title='bbox 2202 3168 2322 3209; x_wconf 88' lang='lat' dir='ltr'><strong>tuas</strong></span> <span class='ocrx_word' id='word_1_660' title='bbox 2356 3170 2389 3208; x_wconf 88' lang='lat' dir='ltr'><strong>a</strong></span> <span class='ocrx_word' id='word_1_661' title='bbox 2417 3170 2516 3209; x_wconf 83' lang='lat' dir='ltr'><strong>me.</strong></span> <span class='ocrx_word' id='word_1_662' title='bbox 2576 3151 2871 3221; x_wconf 81' lang='lat' dir='ltr'><strong>Postquam</strong></span> <span class='ocrx_word' id='word_1_663' title='bbox 2918 3153 3106 3207; x_wconf 84' lang='lat' dir='ltr'><strong>docuit</strong></span> <span class='ocrx_word' id='word_1_664' title='bbox 3136 3151 3394 3207; x_wconf 82' lang='lat' dir='ltr'><strong>Christus</strong></span> <span class='ocrx_word' id='word_1_665' title='bbox 3422 3167 3545 3207; x_wconf 73' lang='lat' dir='ltr'><strong>ceco</strong></span> <span class='ocrx_word' id='word_1_666' title='bbox 3578 3185 3581 3188; x_wconf 55' lang='grc' dir='ltr'><strong>ι</strong></span> 
     </span>
    </p>
   </div>
   <div class='ocr_carea' id='block_1_91' title="bbox 2008 3242 3578 3316">
    <p class='ocr_par' dir='ltr' id='par_1_91' title="bbox 2008 3242 3578 3316">
     <span class='ocr_line' id='line_1_91' title="bbox 2008 3242 3578 3316; baseline -0.003 -16"><span class='ocrx_word' id='word_1_667' title='bbox 2008 3246 2207 3300; x_wconf 64' lang='lat' dir='ltr'><strong>nomize</strong></span> <span class='ocrx_word' id='word_1_668' title='bbox 2238 3244 2581 3316; x_wconf 85' lang='lat' dir='ltr'><strong>mysterium,</strong></span> <span class='ocrx_word' id='word_1_669' title='bbox 2610 3244 2825 3299; x_wconf 79' lang='lat' dir='ltr'><strong>inducit</strong></span> <span class='ocrx_word' id='word_1_670' title='bbox 2872 3242 3091 3297; x_wconf 87' lang='lat' dir='ltr'><strong>lsraelis</strong></span> <span class='ocrx_word' id='word_1_671' title='bbox 3123 3257 3438 3310; x_wconf 89' lang='lat' dir='ltr'><strong>personam,</strong></span> <span class='ocrx_word' id='word_1_672' title='bbox 3480 3242 3578 3310; x_wconf 85' lang='lat' dir='ltr'><strong>qui</strong></span> 
     </span>
    </p>
   </div>
   <div class='ocr_carea' id='block_1_92' title="bbox 2009 3331 3575 3402">
    <p class='ocr_par' dir='ltr' id='par_1_92' title="bbox 2009 3331 3575 3402">
     <span class='ocr_line' id='line_1_92' title="bbox 2009 3331 3575 3402; baseline -0.001 -15"><span class='ocrx_word' id='word_1_673' title='bbox 2009 3333 2063 3387; x_wconf 89' lang='lat' dir='ltr'><strong>in</strong></span> <span class='ocrx_word' id='word_1_674' title='bbox 2118 3334 2499 3388; x_wconf 89' lang='lat' dir='ltr'><strong>incredulitate</strong></span> <span class='ocrx_word' id='word_1_675' title='bbox 2531 3333 2855 3402; x_wconf 83' lang='lat' dir='ltr'><strong>permansit.</strong></span> <span class='ocrx_word' id='word_1_676' title='bbox 2919 3331 2987 3387; x_wconf 88' lang='lat' dir='ltr'><strong>Ut</strong></span> <span class='ocrx_word' id='word_1_677' title='bbox 3029 3343 3250 3398; x_wconf 86' lang='lat' dir='ltr'><strong>autem,</strong></span> <span class='ocrx_word' id='word_1_678' title='bbox 3311 3333 3575 3402; x_wconf 84' lang='lat' dir='ltr'><strong>quoniam</strong></span> 
     </span>
    </p>
   </div>
   <div class='ocr_carea' id='block_1_93' title="bbox 2018 3422 3581 3493">
    <p class='ocr_par' dir='ltr' id='par_1_93' title="bbox 2018 3422 3581 3493">
     <span class='ocr_line' id='line_1_93' title="bbox 2018 3422 3581 3493; baseline -0.001 -16"><span class='ocrx_word' id='word_1_679' title='bbox 2018 3424 2417 3479; x_wconf 67' lang='lat' dir='ltr'><strong>misericordiae</strong></span> <span class='ocrx_word' id='word_1_680' title='bbox 2473 3422 2569 3478; x_wconf 89' lang='lat' dir='ltr'><strong>Dei</strong></span> <span class='ocrx_word' id='word_1_681' title='bbox 2634 3438 2742 3477; x_wconf 88' lang='lat' dir='ltr'><strong>non</strong></span> <span class='ocrx_word' id='word_1_682' title='bbox 2796 3423 3211 3492; x_wconf 76' lang='lat' dir='ltr'><strong>obtemperavit,</strong></span> <span class='ocrx_word' id='word_1_683' title='bbox 3242 3423 3581 3493; x_wconf 72' lang='lat' dir='ltr'><strong>ueglectusa</strong></span> 
     </span>
    </p>
   </div>
   <div class='ocr_carea' id='block_1_94' title="bbox 2010 3511 3583 3580">
    <p class='ocr_par' dir='ltr' id='par_1_94' title="bbox 2010 3511 3583 3580">
     <span class='ocr_line' id='line_1_94' title="bbox 2010 3511 3583 3580; baseline -0.002 -14"><span class='ocrx_word' id='word_1_684' title='bbox 2010 3513 2120 3568; x_wconf 92' lang='lat' dir='ltr'><strong>Deo</strong></span> <span class='ocrx_word' id='word_1_685' title='bbox 2146 3522 2248 3578; x_wconf 91' lang='lat' dir='ltr'><strong>est,</strong></span> <span class='ocrx_word' id='word_1_686' title='bbox 2271 3520 2324 3566; x_wconf 87' lang='lat' dir='ltr'><strong>et</strong></span> <span class='ocrx_word' id='word_1_687' title='bbox 2362 3513 2527 3567; x_wconf 89' lang='lat' dir='ltr'><strong>nullis</strong></span> <span class='ocrx_word' id='word_1_688' title='bbox 2559 3527 2667 3566; x_wconf 90' lang='lat' dir='ltr'><strong>non</strong></span> <span class='ocrx_word' id='word_1_689' title='bbox 2688 3512 2914 3566; x_wconf 77' lang='lat' dir='ltr'><strong>affectus</strong></span> <span class='ocrx_word' id='word_1_690' title='bbox 2953 3520 3035 3566; x_wconf 79' lang='lat' dir='ltr'><strong>est</strong></span> <span class='ocrx_word' id='word_1_691' title='bbox 3063 3512 3223 3566; x_wconf 87' lang='lat' dir='ltr'><strong>malis</strong></span> <span class='ocrx_word' id='word_1_692' title='bbox 3248 3529 3264 3577; x_wconf 89' lang='lat'><strong>;</strong></span> <span class='ocrx_word' id='word_1_693' title='bbox 3291 3511 3583 3580; x_wconf 83' lang='lat' dir='ltr'><strong>resipscit,</strong></span> 
     </span>
    </p>
   </div>
   <div class='ocr_carea' id='block_1_95' title="bbox 2011 3602 3576 3675">
    <p class='ocr_par' dir='ltr' id='par_1_95' title="bbox 2011 3602 3576 3675">
     <span class='ocr_line' id='line_1_95' title="bbox 2011 3602 3576 3675; baseline -0.004 -15"><span class='ocrx_word' id='word_1_694' title='bbox 2011 3605 2414 3675; x_wconf 71' lang='lat' dir='ltr'><strong>etpmnitentia</strong></span> <span class='ocrx_word' id='word_1_695' title='bbox 2468 3614 2651 3658; x_wconf 86' lang='lat' dir='ltr'><strong>motus</strong></span> <span class='ocrx_word' id='word_1_696' title='bbox 2677 3612 2833 3674; x_wconf 75' lang='lat' dir='ltr'><strong>rogat</strong></span> <span class='ocrx_word' id='word_1_697' title='bbox 2878 3612 2937 3657; x_wconf 91' lang='lat' dir='ltr'><strong>ut</strong></span> <span class='ocrx_word' id='word_1_698' title='bbox 2979 3618 3046 3656; x_wconf 82' lang='lat' dir='ltr'><strong>ex</strong></span> <span class='ocrx_word' id='word_1_699' title='bbox 3078 3602 3455 3657; x_wconf 82' lang='lat' dir='ltr'><strong>misericordia</strong></span> <span class='ocrx_word' id='word_1_700' title='bbox 3484 3617 3576 3656; x_wconf 83' lang='lat' dir='ltr'><strong>se-</strong></span> 
     </span>
    </p>
   </div>
   <div class='ocr_carea' id='block_1_96' title="bbox 2016 3690 3583 3761">
    <p class='ocr_par' dir='ltr' id='par_1_96' title="bbox 2016 3690 3583 3761">
     <span class='ocr_line' id='line_1_96' title="bbox 2016 3690 3583 3761; baseline -0.001 -14"><span class='ocrx_word' id='word_1_701' title='bbox 2016 3707 2140 3747; x_wconf 91' lang='lat' dir='ltr'><strong>cum</strong></span> <span class='ocrx_word' id='word_1_702' title='bbox 2169 3702 2383 3761; x_wconf 84' lang='lat' dir='ltr'><strong>agatur.</strong></span> <span class='ocrx_word' id='word_1_703' title='bbox 2417 3690 2770 3761; x_wconf 80' lang='lat' dir='ltr'><strong>Signiticatur</strong></span> <span class='ocrx_word' id='word_1_704' title='bbox 2794 3701 2978 3745; x_wconf 89' lang='lat' dir='ltr'><strong>autem</strong></span> <span class='ocrx_word' id='word_1_705' title='bbox 3013 3690 3328 3745; x_wconf 72' lang='lat' dir='ltr'><strong>Iudaeorum</strong></span> <span class='ocrx_word' id='word_1_706' title='bbox 3368 3692 3583 3745; x_wconf 78' lang='lat' dir='ltr'><strong>vocatio</strong></span> 
     </span>
    </p>
   </div>
   <div class='ocr_carea' id='block_1_97' title="bbox 2011 3778 3581 3847">
    <p class='ocr_par' dir='ltr' id='par_1_97' title="bbox 2011 3778 3581 3847">
     <span class='ocr_line' id='line_1_97' title="bbox 2011 3778 3581 3847; baseline -0.003 -13"><span class='ocrx_word' id='word_1_707' title='bbox 2011 3781 2272 3834; x_wconf 64' lang='lat' dir='ltr'><strong>entiremis</strong></span> <span class='ocrx_word' id='word_1_708' title='bbox 2325 3779 2663 3847; x_wconf 87' lang='lat' dir='ltr'><strong>temporibus</strong></span> <span class='ocrx_word' id='word_1_709' title='bbox 2714 3779 2918 3831; x_wconf 83' lang='lat' dir='ltr'><strong>futura.</strong></span> <span class='ocrx_word' id='word_1_710' title='bbox 2975 3778 3347 3831; x_wconf 78' lang='lat' dir='ltr'><strong>Misericordia</strong></span> <span class='ocrx_word' id='word_1_711' title='bbox 3385 3786 3476 3830; x_wconf 90' lang='lat' dir='ltr'><strong>tua</strong></span> <span class='ocrx_word' id='word_1_712' title='bbox 3530 3787 3581 3829; x_wconf 87' lang='lat' dir='ltr'><strong>et</strong></span> 
     </span>
    </p>
   </div>
   <div class='ocr_carea' id='block_1_98' title="bbox 2011 3868 3578 3938">
    <p class='ocr_par' dir='ltr' id='par_1_98' title="bbox 2011 3868 3578 3938">
     <span class='ocr_line' id='line_1_98' title="bbox 2011 3868 3578 3938; baseline -0.003 -14"><span class='ocrx_word' id='word_1_713' title='bbox 2011 3871 2200 3924; x_wconf 74' lang='lat' dir='ltr'><strong>veri/as</strong></span> <span class='ocrx_word' id='word_1_714' title='bbox 2232 3879 2324 3923; x_wconf 88' lang='lat' dir='ltr'><strong>tua</strong></span> <span class='ocrx_word' id='word_1_715' title='bbox 2355 3885 2555 3938; x_wconf 82' lang='lat' dir='ltr'><strong>semper</strong></span> <span class='ocrx_word' id='word_1_716' title='bbox 2574 3869 2866 3938; x_wconf 84' lang='lat' dir='ltr'><strong>suscipiant</strong></span> <span class='ocrx_word' id='word_1_717' title='bbox 2907 3884 3010 3922; x_wconf 82' lang='lat' dir='ltr'><strong>me.</strong></span> <span class='ocrx_word' id='word_1_718' title='bbox 3068 3868 3428 3933; x_wconf 87' lang='lat' dir='ltr'><strong>Contitcmur,</strong></span> <span class='ocrx_word' id='word_1_719' title='bbox 3477 3868 3578 3931; x_wconf 90' lang='lat' dir='ltr'><strong>ait,</strong></span> 
     </span>
    </p>
   </div>
   <div class='ocr_carea' id='block_1_99' title="bbox 2014 3957 3589 4028">
    <p class='ocr_par' dir='ltr' id='par_1_99' title="bbox 2014 3957 3589 4028">
     <span class='ocr_line' id='line_1_99' title="bbox 2014 3957 3589 4028; baseline -0.003 -14"><span class='ocrx_word' id='word_1_720' title='bbox 2014 3969 2065 4014; x_wconf 85' lang='lat' dir='ltr'><strong>te</strong></span> <span class='ocrx_word' id='word_1_721' title='bbox 2092 3961 2220 4013; x_wconf 88' lang='lat' dir='ltr'><strong>olim</strong></span> <span class='ocrx_word' id='word_1_722' title='bbox 2276 3958 2448 4013; x_wconf 78' lang='lat' dir='ltr'><strong>fuisse</strong></span> <span class='ocrx_word' id='word_1_723' title='bbox 2477 3959 2570 4028; x_wconf 91' lang='lat' dir='ltr'><strong>qui</strong></span> <span class='ocrx_word' id='word_1_724' title='bbox 2608 3973 2708 4012; x_wconf 91' lang='lat' dir='ltr'><strong>nos</strong></span> <span class='ocrx_word' id='word_1_725' title='bbox 2739 3959 3015 4023; x_wconf 88' lang='lat' dir='ltr'><strong>servabas,</strong></span> <span class='ocrx_word' id='word_1_726' title='bbox 3063 3967 3118 4012; x_wconf 90' lang='lat' dir='ltr'><strong>ct</strong></span> <span class='ocrx_word' id='word_1_727' title='bbox 3147 3957 3402 4026; x_wconf 71' lang='lat' dir='ltr'><strong>praesidio</strong></span> <span class='ocrx_word' id='word_1_728' title='bbox 3426 3957 3589 4010; x_wconf 89' lang='lat' dir='ltr'><strong>nobis</strong></span> 
     </span>
    </p>
   </div>
   <div class='ocr_carea' id='block_1_100' title="bbox 2013 4043 3587 4114">
    <p class='ocr_par' dir='ltr' id='par_1_100' title="bbox 2013 4043 3587 4114">
     <span class='ocr_line' id='line_1_100' title="bbox 2013 4043 3587 4114; baseline -0.003 -11"><span class='ocrx_word' id='word_1_729' title='bbox 2013 4064 2157 4103; x_wconf 84' lang='lat' dir='ltr'><strong>eras.</strong></span> <span class='ocrx_word' id='word_1_730' title='bbox 2193 4047 2259 4102; x_wconf 87' lang='lat' dir='ltr'><strong>Et</strong></span> <span class='ocrx_word' id='word_1_731' title='bbox 2299 4049 2427 4103; x_wconf 90' lang='lat' dir='ltr'><strong>olim</strong></span> <span class='ocrx_word' id='word_1_732' title='bbox 2456 4047 2683 4101; x_wconf 71' lang='lat' dir='ltr'><strong>saluiem</strong></span> <span class='ocrx_word' id='word_1_733' title='bbox 2710 4055 3000 4101; x_wconf 82' lang='lat' dir='ltr'><strong>consecuta</strong></span> <span class='ocrx_word' id='word_1_734' title='bbox 3030 4044 3120 4099; x_wconf 84' lang='lat' dir='ltr'><strong>Dei</strong></span> <span class='ocrx_word' id='word_1_735' title='bbox 3157 4043 3400 4100; x_wconf 81' lang='lat' dir='ltr'><strong>Ecclesia</strong></span> <span class='ocrx_word' id='word_1_736' title='bbox 3430 4056 3587 4114; x_wconf 83' lang='lat' dir='ltr'><strong>rogat</strong></span> 
     </span>
    </p>
   </div>
   <div class='ocr_carea' id='block_1_101' title="bbox 2015 4136 3580 4208">
    <p class='ocr_par' dir='ltr' id='par_1_101' title="bbox 2015 4136 3580 4208">
     <span class='ocr_line' id='line_1_101' title="bbox 2015 4136 3580 4208; baseline -0.003 -14"><span class='ocrx_word' id='word_1_737' title='bbox 2015 4140 2216 4195; x_wconf 88' lang='lat' dir='ltr'><strong>iterum</strong></span> <span class='ocrx_word' id='word_1_738' title='bbox 2268 4138 2363 4193; x_wconf 89' lang='lat' dir='ltr'><strong>Dei</strong></span> <span class='ocrx_word' id='word_1_739' title='bbox 2421 4136 2815 4208; x_wconf 88' lang='lat' dir='ltr'><strong>providentiam</strong></span> <span class='ocrx_word' id='word_1_740' title='bbox 2867 4146 2921 4192; x_wconf 91' lang='lat' dir='ltr'><strong>et</strong></span> <span class='ocrx_word' id='word_1_741' title='bbox 2972 4136 3260 4199; x_wconf 76' lang='lat' dir='ltr'><strong>auxilium,</strong></span> <span class='ocrx_word' id='word_1_742' title='bbox 3311 4139 3580 4190; x_wconf 89' lang='lat' dir='ltr'><strong>adversus</strong></span> 
     </span>
    </p>
   </div>
   <div class='ocr_carea' id='block_1_102' title="bbox 2016 4226 3585 4301">
    <p class='ocr_par' dir='ltr' id='par_1_102' title="bbox 2016 4226 3585 4301">
     <span class='ocr_line' id='line_1_102' title="bbox 2016 4226 3585 4301; baseline -0.003 -16"><span class='ocrx_word' id='word_1_743' title='bbox 2016 4231 2349 4301; x_wconf 85' lang='lat' dir='ltr'><strong>multiplices</strong></span> <span class='ocrx_word' id='word_1_744' title='bbox 2378 4229 2659 4283; x_wconf 80' lang='lat' dir='ltr'><strong>hominum</strong></span> <span class='ocrx_word' id='word_1_745' title='bbox 2691 4238 2853 4297; x_wconf 84' lang='lat' dir='ltr'><strong>atque</strong></span> <span class='ocrx_word' id='word_1_746' title='bbox 2882 4228 3193 4281; x_wconf 66' lang='lat' dir='ltr'><strong>daemonum</strong></span> <span class='ocrx_word' id='word_1_747' title='bbox 3228 4226 3585 4296; x_wconf 80' lang='lat' dir='ltr'><strong>irruptiones,</strong></span> 
     </span>
    </p>
   </div>
   <div class='ocr_carea' id='block_1_103' title="bbox 2020 4317 3234 4393">
    <p class='ocr_par' dir='ltr' id='par_1_103' title="bbox 2020 4317 3234 4393">
     <span class='ocr_line' id='line_1_103' title="bbox 2020 4317 3234 4393; baseline -0.002 -19"><span class='ocrx_word' id='word_1_748' title='bbox 2020 4337 2255 4393; x_wconf 79' lang='lat' dir='ltr'><strong>quarum</strong></span> <span class='ocrx_word' id='word_1_749' title='bbox 2283 4319 2603 4375; x_wconf 88' lang='lat' dir='ltr'><strong>memoriam</strong></span> <span class='ocrx_word' id='word_1_750' title='bbox 2630 4319 2683 4373; x_wconf 90' lang='lat' dir='ltr'><strong>in</strong></span> <span class='ocrx_word' id='word_1_751' title='bbox 2720 4318 3078 4388; x_wconf 81' lang='lat' dir='ltr'><strong>sequentibus</strong></span> <span class='ocrx_word' id='word_1_752' title='bbox 3101 4317 3234 4388; x_wconf 83' lang='lat' dir='ltr'><strong>agit.</strong></span> 
     </span>
    </p>
   </div>
   <div class='ocr_carea' id='block_1_104' title="bbox 1946 4380 3590 4477">
    <p class='ocr_par' dir='ltr' id='par_1_104' title="bbox 1946 4380 3590 4477">
     <span class='ocr_line' id='line_1_104' title="bbox 1946 4380 3590 4477; baseline -0.004 -13"><span class='ocrx_word' id='word_1_753' title='bbox 1946 4409 1990 4464; x_wconf 84' lang='grc' dir='ltr'><strong>ι)</strong></span> <span class='ocrx_word' id='word_1_754' title='bbox 2090 4413 2176 4467; x_wconf 77' lang='grc'><strong>15.</strong></span> <span class='ocrx_word' id='word_1_755' title='bbox 2211 4410 2475 4477; x_wconf 79' lang='lat' dir='ltr'><strong>Quoniam</strong></span> <span class='ocrx_word' id='word_1_756' title='bbox 2524 4410 2977 4464; x_wconf 81' lang='lat' dir='ltr'><strong>circumdederunt</strong></span> <span class='ocrx_word' id='word_1_757' title='bbox 3025 4425 3104 4462; x_wconf 85' lang='lat' dir='ltr'><strong>me</strong></span> <span class='ocrx_word' id='word_1_758' title='bbox 3136 4407 3306 4474; x_wconf 81' lang='lat' dir='ltr'><strong>mala,</strong></span> <span class='ocrx_word' id='word_1_759' title='bbox 3352 4380 3590 4477; x_wconf 43' lang='lat' dir='ltr'><strong>buerunt</strong></span> 
     </span>
    </p>
   </div>
   <div class='ocr_carea' id='block_1_105' title="bbox 2021 4497 3590 4569">
    <p class='ocr_par' dir='ltr' id='par_1_105' title="bbox 2021 4497 3590 4569">
     <span class='ocr_line' id='line_1_105' title="bbox 2021 4497 3590 4569; baseline -0.007 -11"><span class='ocrx_word' id='word_1_760' title='bbox 2021 4520 2125 4557; x_wconf 83' lang='lat' dir='ltr'><strong>non</strong></span> <span class='ocrx_word' id='word_1_761' title='bbox 2152 4512 2229 4557; x_wconf 89' lang='lat' dir='ltr'><strong>est</strong></span> <span class='ocrx_word' id='word_1_762' title='bbox 2276 4499 2712 4569; x_wconf 83' lang='lat' dir='ltr'><strong>uumerus._Mala</strong></span> <span class='ocrx_word' id='word_1_763' title='bbox 2753 4507 2999 4554; x_wconf 87' lang='lat' dir='ltr'><strong>recenset</strong></span> <span class='ocrx_word' id='word_1_764' title='bbox 3034 4511 3158 4567; x_wconf 66' lang='lat' dir='ltr'><strong>quae</strong></span> <span class='ocrx_word' id='word_1_765' title='bbox 3220 4497 3355 4566; x_wconf 91' lang='lat' dir='ltr'><strong>ipsis</strong></span> <span class='ocrx_word' id='word_1_766' title='bbox 3388 4510 3590 4550; x_wconf 80' lang='lat' dir='ltr'><strong>secun-</strong></span> 
     </span>
    </p>
   </div>
   <div class='ocr_carea' id='block_1_106' title="bbox 2022 4587 3587 4661">
    <p class='ocr_par' dir='ltr' id='par_1_106' title="bbox 2022 4587 3587 4661">
     <span class='ocr_line' id='line_1_106' title="bbox 2022 4587 3587 4661; baseline -0.006 -11"><span class='ocrx_word' id='word_1_767' title='bbox 2022 4595 2151 4650; x_wconf 88' lang='lat' dir='ltr'><strong>dum</strong></span> <span class='ocrx_word' id='word_1_768' title='bbox 2187 4607 2344 4649; x_wconf 87' lang='lat' dir='ltr'><strong>suam</strong></span> <span class='ocrx_word' id='word_1_769' title='bbox 2376 4606 2501 4661; x_wconf 82' lang='lat' dir='ltr'><strong>erga</strong></span> <span class='ocrx_word' id='word_1_770' title='bbox 2519 4590 2799 4644; x_wconf 89' lang='lat' dir='ltr'><strong>Christum</strong></span> <span class='ocrx_word' id='word_1_771' title='bbox 2829 4588 3200 4642; x_wconf 81' lang='lat' dir='ltr'><strong>inﬁdelitatem</strong></span> <span class='ocrx_word' id='word_1_772' title='bbox 3225 4587 3587 4641; x_wconf 82' lang='lat' dir='ltr'><strong>obvenerunt.</strong></span> 
     </span>
    </p>
   </div>
   <div class='ocr_carea' id='block_1_107' title="bbox 2027 4675 3596 4754">
    <p class='ocr_par' dir='ltr' id='par_1_107' title="bbox 2027 4675 3596 4754">
     <span class='ocr_line' id='line_1_107' title="bbox 2027 4675 3596 4754; baseline -0.008 -16"><span class='ocrx_word' id='word_1_773' title='bbox 2027 4683 2405 4754; x_wconf 64' lang='lat' dir='ltr'><strong>.ilultiplicatte</strong></span> <span class='ocrx_word' id='word_1_774' title='bbox 2438 4691 2561 4737; x_wconf 87' lang='lat' dir='ltr'><strong>sunt</strong></span> <span class='ocrx_word' id='word_1_775' title='bbox 2591 4697 2748 4750; x_wconf 83' lang='lat' dir='ltr'><strong>super</strong></span> <span class='ocrx_word' id='word_1_776' title='bbox 2777 4679 2999 4742; x_wconf 78' lang='lat' dir='ltr'><strong>capillos</strong></span> <span class='ocrx_word' id='word_1_777' title='bbox 3030 4678 3223 4747; x_wconf 82' lang='lat' dir='ltr'><strong>capitis</strong></span> <span class='ocrx_word' id='word_1_778' title='bbox 3248 4675 3368 4743; x_wconf 85' lang='lat' dir='ltr'><strong>mei,</strong></span> <span class='ocrx_word' id='word_1_779' title='bbox 3405 4687 3450 4729; x_wconf 85' lang='lat' dir='ltr'><strong>et</strong></span> <span class='ocrx_word' id='word_1_780' title='bbox 3501 4691 3596 4726; x_wconf 74' lang='lat' dir='ltr'><strong>cur</strong></span> 
     </span>
    </p>
   </div>
   <div class='ocr_carea' id='block_1_108' title="bbox 2024 4762 3593 4842">
    <p class='ocr_par' dir='ltr' id='par_1_108' title="bbox 2024 4762 3593 4842">
     <span class='ocr_line' id='line_1_108' title="bbox 2024 4762 3593 4842; baseline -0.006 -15"><span class='ocrx_word' id='word_1_781' title='bbox 2024 4792 2192 4829; x_wconf 86' lang='lat' dir='ltr'><strong>meum</strong></span> <span class='ocrx_word' id='word_1_782' title='bbox 2221 4773 2501 4842; x_wconf 85' lang='lat' dir='ltr'><strong>dereliquit</strong></span> <span class='ocrx_word' id='word_1_783' title='bbox 2528 4788 2624 4825; x_wconf 86' lang='lat' dir='ltr'><strong>me.</strong></span> <span class='ocrx_word' id='word_1_784' title='bbox 2657 4770 2885 4824; x_wconf 89' lang='lat' dir='ltr'><strong>Perinde</strong></span> <span class='ocrx_word' id='word_1_785' title='bbox 2907 4779 2990 4824; x_wconf 88' lang='lat' dir='ltr'><strong>est</strong></span> <span class='ocrx_word' id='word_1_786' title='bbox 3019 4782 3083 4822; x_wconf 91' lang='lat' dir='ltr'><strong>ac</strong></span> <span class='ocrx_word' id='word_1_787' title='bbox 3125 4767 3171 4821; x_wconf 73' lang='lat' dir='ltr'><strong>si</strong></span> <span class='ocrx_word' id='word_1_788' title='bbox 3203 4767 3409 4821; x_wconf 87' lang='lat' dir='ltr'><strong>diceret</strong></span> <span class='ocrx_word' id='word_1_789' title='bbox 3451 4782 3465 4818; x_wconf 88' lang='lat'><strong>:</strong></span> <span class='ocrx_word' id='word_1_790' title='bbox 3503 4762 3593 4817; x_wconf 86' lang='lat' dir='ltr'><strong>Si-</strong></span> 
     </span>
    </p>
   </div>
   <div class='ocr_carea' id='block_1_109' title="bbox 2026 4852 3595 4932">
    <p class='ocr_par' dir='ltr' id='par_1_109' title="bbox 2026 4852 3595 4932">
     <span class='ocr_line' id='line_1_109' title="bbox 2026 4852 3595 4932; baseline -0.008 -13"><span class='ocrx_word' id='word_1_791' title='bbox 2026 4866 2176 4920; x_wconf 83' lang='lat' dir='ltr'><strong>milis</strong></span> <span class='ocrx_word' id='word_1_792' title='bbox 2203 4863 2283 4918; x_wconf 83' lang='lat' dir='ltr'><strong>i&#39;ui</strong></span> <span class='ocrx_word' id='word_1_793' title='bbox 2321 4863 2402 4917; x_wconf 88' lang='lat' dir='ltr'><strong>eis</strong></span> <span class='ocrx_word' id='word_1_794' title='bbox 2430 4863 2523 4932; x_wconf 92' lang='lat' dir='ltr'><strong>qui</strong></span> <span class='ocrx_word' id='word_1_795' title='bbox 2568 4875 2669 4916; x_wconf 89' lang='lat' dir='ltr'><strong>nec</strong></span> <span class='ocrx_word' id='word_1_796' title='bbox 2695 4870 2932 4915; x_wconf 87' lang='lat' dir='ltr'><strong>mentem</strong></span> <span class='ocrx_word' id='word_1_797' title='bbox 2964 4875 3067 4914; x_wconf 89' lang='lat' dir='ltr'><strong>nec</strong></span> <span class='ocrx_word' id='word_1_798' title='bbox 3093 4874 3187 4913; x_wconf 89' lang='lat' dir='ltr'><strong>cor</strong></span> <span class='ocrx_word' id='word_1_799' title='bbox 3214 4858 3438 4913; x_wconf 87' lang='lat' dir='ltr'><strong>habent.</strong></span> <span class='ocrx_word' id='word_1_800' title='bbox 3487 4852 3595 4907; x_wconf 78' lang='lat' dir='ltr'><strong>Fa-</strong></span> 
     </span>
    </p>
   </div>
   <div class='ocr_carea' id='block_1_110' title="bbox 2022 4949 3342 5022">
    <p class='ocr_par' dir='ltr' id='par_1_110' title="bbox 2022 4949 3342 5022">
     <span class='ocr_line' id='line_1_110' title="bbox 2022 4949 3342 5022; baseline -0.008 -11"><span class='ocrx_word' id='word_1_801' title='bbox 2022 4965 2144 5011; x_wconf 88' lang='lat' dir='ltr'><strong>ctus</strong></span> <span class='ocrx_word' id='word_1_802' title='bbox 2170 4964 2255 5010; x_wconf 86' lang='lat' dir='ltr'><strong>est</strong></span> <span class='ocrx_word' id='word_1_803' title='bbox 2272 4955 2417 5009; x_wconf 90' lang='lat' dir='ltr'><strong>enim</strong></span> <span class='ocrx_word' id='word_1_804' title='bbox 2450 4952 2686 5022; x_wconf 90' lang='lat' dir='ltr'><strong>populus</strong></span> <span class='ocrx_word' id='word_1_805' title='bbox 2719 4952 2924 5006; x_wconf 89' lang='lat' dir='ltr'><strong>stultus</strong></span> <span class='ocrx_word' id='word_1_806' title='bbox 2953 4960 3006 5005; x_wconf 86' lang='lat' dir='ltr'><strong>et</strong></span> <span class='ocrx_word' id='word_1_807' title='bbox 3054 4949 3342 5018; x_wconf 87' lang='lat' dir='ltr'><strong>insipiens.</strong></span> 
     </span>
    </p>
   </div>
   <div class='ocr_carea' id='block_1_111' title="bbox 2095 5037 3594 5107">
    <p class='ocr_par' dir='ltr' id='par_1_111' title="bbox 2095 5037 3594 5107">
     <span class='ocr_line' id='line_1_111' title="bbox 2095 5037 3594 5107; baseline -0.01 -6"><span class='ocrx_word' id='word_1_808' title='bbox 2095 5047 2182 5101; x_wconf 84' lang='grc'><strong>15.</strong></span> <span class='ocrx_word' id='word_1_809' title='bbox 2235 5047 2558 5099; x_wconf 83' lang='lat' dir='ltr'><strong>Avertantur</strong></span> <span class='ocrx_word' id='word_1_810' title='bbox 2600 5052 2889 5097; x_wconf 85' lang='lat' dir='ltr'><strong>retrorsum</strong></span> <span class='ocrx_word' id='word_1_811' title='bbox 2946 5051 2996 5097; x_wconf 86' lang='lat' dir='ltr'><strong>et</strong></span> <span class='ocrx_word' id='word_1_812' title='bbox 3025 5043 3331 5096; x_wconf 84' lang='lat' dir='ltr'><strong>erubescant</strong></span> <span class='ocrx_word' id='word_1_813' title='bbox 3380 5037 3470 5107; x_wconf 85' lang='lat' dir='ltr'><strong>qui</strong></span> <span class='ocrx_word' id='word_1_814' title='bbox 3504 5051 3594 5088; x_wconf 76' lang='lat' dir='ltr'><strong>vo-</strong></span> 
     </span>
    </p>
   </div>
   <div class='ocr_carea' id='block_1_112' title="bbox 2026 5128 3597 5204">
    <p class='ocr_par' dir='ltr' id='par_1_112' title="bbox 2026 5128 3597 5204">
     <span class='ocr_line' id='line_1_112' title="bbox 2026 5128 3597 5204; baseline -0.008 -10"><span class='ocrx_word' id='word_1_815' title='bbox 2026 5140 2141 5194; x_wconf 88' lang='lat' dir='ltr'><strong>lunt</strong></span> <span class='ocrx_word' id='word_1_816' title='bbox 2185 5139 2317 5192; x_wconf 86' lang='lat' dir='ltr'><strong>mihi</strong></span> <span class='ocrx_word' id='word_1_817' title='bbox 2361 5136 2526 5191; x_wconf 86' lang='lat' dir='ltr'><strong>mala.</strong></span> <span class='ocrx_word' id='word_1_818' title='bbox 2560 5134 2669 5189; x_wconf 82' lang='lat' dir='ltr'><strong>Aut</strong></span> <span class='ocrx_word' id='word_1_819' title='bbox 2699 5135 2964 5190; x_wconf 83' lang='lat' dir='ltr'><strong>adversus</strong></span> <span class='ocrx_word' id='word_1_820' title='bbox 2993 5133 3303 5204; x_wconf 83' lang='lat' dir='ltr'><strong>spirituales</strong></span> <span class='ocrx_word' id='word_1_821' title='bbox 3338 5128 3597 5182; x_wconf 83' lang='lat' dir='ltr'><strong>inimicos</strong></span> 
     </span>
    </p>
   </div>
   <div class='ocr_carea' id='block_1_113' title="bbox 2025 5220 3594 5293">
    <p class='ocr_par' dir='ltr' id='par_1_113' title="bbox 2025 5220 3594 5293">
     <span class='ocr_line' id='line_1_113' title="bbox 2025 5220 3594 5293; baseline -0.011 -5"><span class='ocrx_word' id='word_1_822' title='bbox 2025 5232 2355 5293; x_wconf 77' lang='lat' dir='ltr'><strong>exclamant,</strong></span> <span class='ocrx_word' id='word_1_823' title='bbox 2392 5237 2487 5283; x_wconf 88' lang='lat' dir='ltr'><strong>aut</strong></span> <span class='ocrx_word' id='word_1_824' title='bbox 2523 5228 2783 5282; x_wconf 76' lang='lat' dir='ltr'><strong>adversus</strong></span> <span class='ocrx_word' id='word_1_825' title='bbox 2810 5227 3032 5282; x_wconf 88' lang='lat' dir='ltr'><strong>Scribas</strong></span> <span class='ocrx_word' id='word_1_826' title='bbox 3063 5237 3117 5280; x_wconf 91' lang='lat' dir='ltr'><strong>et</strong></span> <span class='ocrx_word' id='word_1_827' title='bbox 3152 5220 3481 5283; x_wconf 72' lang='lat' dir='ltr'><strong>Pharisaaos,</strong></span> <span class='ocrx_word' id='word_1_828' title='bbox 3499 5220 3594 5287; x_wconf 85' lang='lat' dir='ltr'><strong>qui</strong></span> 
     </span>
    </p>
   </div>
   <div class='ocr_carea' id='block_1_114' title="bbox 2030 5309 3597 5388">
    <p class='ocr_par' dir='ltr' id='par_1_114' title="bbox 2030 5309 3597 5388">
     <span class='ocr_line' id='line_1_114' title="bbox 2030 5309 3597 5388; baseline -0.011 -9"><span class='ocrx_word' id='word_1_829' title='bbox 2030 5323 2192 5379; x_wconf 88' lang='lat' dir='ltr'><strong>saluti</strong></span> <span class='ocrx_word' id='word_1_830' title='bbox 2233 5321 2429 5385; x_wconf 66' lang='lat' dir='ltr'><strong>anima:</strong></span> <span class='ocrx_word' id='word_1_831' title='bbox 2472 5319 2592 5388; x_wconf 87' lang='lat' dir='ltr'><strong>ejus</strong></span> <span class='ocrx_word' id='word_1_832' title='bbox 2622 5319 3021 5374; x_wconf 80' lang='lat' dir='ltr'><strong>insidiabantur</strong></span> <span class='ocrx_word' id='word_1_833' title='bbox 3058 5315 3125 5370; x_wconf 92' lang='lat' dir='ltr'><strong>de</strong></span> <span class='ocrx_word' id='word_1_834' title='bbox 3152 5313 3372 5368; x_wconf 87' lang='lat' dir='ltr'><strong>Christo</strong></span> <span class='ocrx_word' id='word_1_835' title='bbox 3408 5309 3597 5364; x_wconf 84' lang='lat' dir='ltr'><strong>dicen-</strong></span> 
     </span>
    </p>
   </div>
   <div class='ocr_carea' id='block_1_115' title="bbox 2032 5395 3595 5480">
    <p class='ocr_par' dir='ltr' id='par_1_115' title="bbox 2032 5395 3595 5480">
     <span class='ocr_line' id='line_1_115' title="bbox 2032 5395 3595 5480; baseline -0.012 -10"><span class='ocrx_word' id='word_1_836' title='bbox 2032 5426 2134 5479; x_wconf 86' lang='lat' dir='ltr'><strong>tes,</strong></span> <span class='ocrx_word' id='word_1_837' title='bbox 2164 5409 2498 5468; x_wconf 87' lang='lat' dir='ltr'><strong>modo:Non</strong></span> <span class='ocrx_word' id='word_1_838' title='bbox 2521 5411 2668 5480; x_wconf 83' lang='lat' dir='ltr'><strong>ejicit</strong></span> <span class='ocrx_word' id='word_1_839' title='bbox 2704 5410 2968 5464; x_wconf 62' lang='lat' dir='ltr'><strong>da’monia</strong></span> <span class='ocrx_word' id='word_1_840' title='bbox 2998 5395 3100 5460; x_wconf 77' lang='lat' dir='ltr'><strong>nisi</strong></span> <span class='ocrx_word' id='word_1_841' title='bbox 3131 5407 3186 5458; x_wconf 89' lang='lat' dir='ltr'><strong>in</strong></span> <span class='ocrx_word' id='word_1_842' title='bbox 3210 5399 3490 5457; x_wconf 81' lang='lat' dir='ltr'><strong>Beelzebul</strong></span> <span class='ocrx_word' id='word_1_843' title='bbox 3515 5399 3595 5463; x_wconf 82' lang='lat'><strong>”;</strong></span> 
     </span>
    </p>
   </div>
   <div class='ocr_carea' id='block_1_116' title="bbox 2033 5489 3598 5568">
    <p class='ocr_par' dir='ltr' id='par_1_116' title="bbox 2033 5489 3598 5568">
     <span class='ocr_line' id='line_1_116' title="bbox 2033 5489 3598 5568; baseline -0.011 -8"><span class='ocrx_word' id='word_1_844' title='bbox 2033 5506 2232 5560; x_wconf 87' lang='lat' dir='ltr'><strong>modo:</strong></span> <span class='ocrx_word' id='word_1_845' title='bbox 2292 5502 2619 5558; x_wconf 67' lang='lat' dir='ltr'><strong>Demonium</strong></span> <span class='ocrx_word' id='word_1_846' title='bbox 2672 5500 2868 5566; x_wconf 83' lang='lat' dir='ltr'><strong>habes,</strong></span> <span class='ocrx_word' id='word_1_847' title='bbox 2909 5499 3028 5568; x_wconf 80' lang='lat' dir='ltr'><strong>quis</strong></span> <span class='ocrx_word' id='word_1_848' title='bbox 3076 5507 3122 5551; x_wconf 83' lang='lat' dir='ltr'><strong>te</strong></span> <span class='ocrx_word' id='word_1_849' title='bbox 3159 5495 3349 5567; x_wconf 72' lang='lat' dir='ltr'><strong>qua&#39;rit</strong></span> <span class='ocrx_word' id='word_1_850' title='bbox 3390 5489 3598 5560; x_wconf 79' lang='lat' dir='ltr'><strong>interﬁ-</strong></span> 
     </span>
    </p>
   </div>
   <div class='ocr_carea' id='block_1_117' title="bbox 2035 5597 2223 5651">
    <p class='ocr_par' dir='ltr' id='par_1_117' title="bbox 2035 5597 2223 5651">
     <span class='ocr_line' id='line_1_117' title="bbox 2035 5597 2223 5651; baseline -0.005 -1"><span class='ocrx_word' id='word_1_851' title='bbox 2035 5614 2148 5651; x_wconf 77' lang='lat' dir='ltr'><strong>cere</strong></span> <span class='ocrx_word' id='word_1_852' title='bbox 2173 5597 2223 5649; x_wconf 64' lang='grc' dir='ltr'><strong>’ί</strong></span> 
     </span>
    </p>
   </div>
   <div class='ocr_carea' id='block_1_118' title="bbox 421 5684 1903 5770">
    <p class='ocr_par' dir='ltr' id='par_1_118' title="bbox 421 5693 1899 5770">
     <span class='ocr_line' id='line_1_118' title="bbox 421 5693 1899 5770; baseline -0.009 -10"><span class='ocrx_word' id='word_1_853' title='bbox 421 5708 463 5738; x_wconf 82' lang='grc'><strong>’⁷</strong></span> <span class='ocrx_word' id='word_1_854' title='bbox 498 5707 596 5764; x_wconf 80' lang='lat' dir='ltr'><strong>lsa.</strong></span> <span class='ocrx_word' id='word_1_855' title='bbox 635 5721 762 5770; x_wconf 84' lang='lat' dir='ltr'><strong>vm,</strong></span> <span class='ocrx_word' id='word_1_856' title='bbox 803 5705 853 5759; x_wconf 86' lang='grc'><strong>1.</strong></span> <span class='ocrx_word' id='word_1_857' title='bbox 925 5702 969 5735; x_wconf 76' lang='grc'><strong>’⁸</strong></span> <span class='ocrx_word' id='word_1_858' title='bbox 1000 5700 1198 5755; x_wconf 82' lang='lat' dir='ltr'><strong>Jcrem.</strong></span> <span class='ocrx_word' id='word_1_859' title='bbox 1222 5714 1368 5766; x_wconf 71' lang='lat' dir='ltr'><strong>sui,</strong></span> <span class='ocrx_word' id='word_1_860' title='bbox 1406 5697 1493 5751; x_wconf 77' lang='lat'><strong>55.</strong></span> <span class='ocrx_word' id='word_1_861' title='bbox 1571 5702 1615 5733; x_wconf 69' lang='grc' dir='ltr'><strong>θ’</strong></span> <span class='ocrx_word' id='word_1_862' title='bbox 1644 5693 1831 5748; x_wconf 74' lang='lat' dir='ltr'><strong>Matth.</strong></span> <span class='ocrx_word' id='word_1_863' title='bbox 1874 5710 1899 5747; x_wconf 72' lang='grc' dir='ltr'><strong>ι</strong></span> 
     </span>
    </p>
   </div>
   <div class='ocr_carea' id='block_1_119' title="bbox 2004 5684 2622 5770">
    <p class='ocr_par' dir='ltr' id='par_1_119' title="bbox 2004 5684 2622 5746">
     <span class='ocr_line' id='line_1_119' title="bbox 2004 5684 2622 5746; baseline -0.016 0"><span class='ocrx_word' id='word_1_864' title='bbox 2004 5692 2092 5746; x_wconf 71' lang='grc'><strong>21.</strong></span> <span class='ocrx_word' id='word_1_865' title='bbox 2172 5687 2482 5742; x_wconf 68' lang='grc' dir='ltr'><strong>⁸]υιιιι..τιι</strong></span> <span class='ocrx_word' id='word_1_866' title='bbox 2533 5684 2622 5738; x_wconf 77' lang='grc'><strong>20.</strong></span> 
     </span>
    </p>
   </div>
  </div>
