3976 6220
391 299 490 353 195

460 412 545 466 l8.
571 410 681 480 Ego
714 418 890 463 autem
921 410 1191 462 mendicus
1242 423 1357 462 sum
1416 416 1465 462 et
1514 421 1732 475 pauper,
1765 402 1945 456 Domi—
1976 405 2023 461 Α

388 519 486 557 nus
511 501 773 555 sollicitus
794 501 906 554 erit
954 500 1078 553 mei.
1116 498 1282 553 Israel
1328 498 1418 551 ille
1474 498 1604 551 olim
1650 494 1949 555 admodum

389 595 539 647 ferox
576 594 642 645 ad
691 592 1063 660 paenitentiam
1123 604 1339 654 versus,
1391 603 1513 642 sese
1569 576 1862 656 pauperem
1887 593 1942 638 et

388 683 693 737 mendicum
749 689 927 736 vocat.
971 679 1038 734 Et
1091 680 1339 750 adjungit
1365 695 1425 734 se
1464 668 1757 735 Dominum
1790 693 1941 748 spem

388 773 588 826 habere
612 787 785 824 suam.
847 784 857 791 ‘

455 861 683 929 Adjutor
714 877 855 913 meus
887 872 934 914 et
957 870 1220 930 protector
1248 877 1389 914 meus
1431 870 1485 913 tu
1511 877 1586 926 es,
1606 860 1745 914 Deus
1777 876 1942 922 meus,

386 965 448 1002 ne
478 951 788 1003 tardavcris.
833 951 945 1016 (1‘2)
982 950 1171 1004 Daniel
1194 950 1482 1006 Barbarus.
1520 950 1673 1004 Hunc
1714 950 1941 1014 exitum,

385 1038 578 1107 inquit,
605 1039 822 1093 habebit
848 1038 1115 1103 Ecclesia,
1162 1049 1219 1093 ut
1252 1055 1375 1109 quae
1427 1041 1579 1108 prius
1608 1056 1812 1109 pauper
1841 1039 1942 1093 fuit

381 1137 435 1180 et
472 1129 523 1179 in
560 1129 764 1182 mundo
810 1129 992 1198 inopia
1041 1131 1275 1199 graviter
1324 1142 1681 1198 premeretur,
1726 1130 1940 1183 tandem

382 1219 618 1286 potentia
643 1228 732 1271 tua
763 1219 985 1282 ditetur,
1023 1230 1076 1274 et
1111 1222 1316 1273 auxilio
1344 1231 1438 1274 tuo
1466 1222 1702 1290 gloriosa
1746 1222 1937 1275 reddao

381 1315 489 1369 tur,
520 1306 664 1372 quod
690 1307 820 1375 petit
863 1323 931 1361 ne
965 1308 1019 1361 in
1055 1309 1276 1377 longum
1322 1311 1692 1378 protrahatur,
1727 1317 1781 1363 et
1807 1323 1939 1377 pro-

379 1407 499 1465 pter
534 1397 654 1465 ejus
700 1398 1012 1465 petitionem
1058 1399 1195 1451 nihil
1237 1399 1562 1462 morabitur,
1612 1399 1771 1468 juxta
1804 1398 1937 1452 illud

378 1489 528 1557 quod
563 1489 765 1541 dicitur
795 1490 816 1521 ³
843 1508 857 1542 ι
908 1488 1127 1543 Veniens
1157 1493 1322 1543 veniet
1354 1500 1402 1543 et
1433 1508 1536 1545 non
1569 1492 1827 1546 tardabit.

617 1577 668 1630 l.
695 1575 760 1630 In
785 1578 943 1646 ﬁnem
977 1578 1313 1634 PSALMUS
1345 1581 1535 1635 David.
1572 1581 1690 1636 XL.

952 1669 1352 1737 Argumentum.

1227 293 1287 348 S.
1328 290 1700 346 ATHANASll
1740 288 1891 343 OPP.
1934 287 2110 343 PARS
2157 289 2243 344 lll.
2281 323 2344 333 —
2382 291 2798 348 EXEGETICA.

3513 297 3615 352 {96

2130 405 2271 474 ἰῗγὼ
2300 404 2367 459 δὲ
2398 408 2631 474 πτωχός
2656 407 2772 472 ειμι
2805 404 2901 457 καὶ
2943 403 3165 472 πένης-ς
3199 404 3413 473 Κύριος
3436 423 3623 475 φρον-

2049 496 2163 550 τιεῖ
2181 515 2320 566 μου.
2374 499 2429 551 Ὀ
2474 497 2614 550 πάνυ
2645 497 2849 567 θρασὺς
2894 495 3129 567 Ἰσραὴλ,
3166 497 3225 550 ἐν
3279 498 3617 567 μεταγνώσει

2047 585 2355 655 γενόμενος,
2385 585 2591 654 πένητα
2615 584 2710 637 καὶ
2741 586 2952 652 πτωχὴν
2974 585 3165 637 ἐαυτὸν
3194 585 3473 639 ἀποκαλει.
3506 586 3618 641 Καὶ

2054 674 2158 745 μὴν
2182 676 2273 728 καὶ
2302 676 2463 728 αὐτὸν
2498 676 2640 745 ἔχειν
2671 675 2759 726 τὸν
2786 675 2989 747 Κύριον
3029 675 3129 746 τὴν
3162 675 3349 729 ἐλπίδα
3380 677 3612 748 ἐιτιγρά⁶

2047 781 2222 832 φεται.

2118 858 2341 923 Βοηθός
2366 874 2482 925 μου
2531 856 2629 909 καί
2678 854 3138 923 ὑπερασπιστὴς
3162 873 3281 923 μου
3323 855 3378 911 εἶ
3426 858 3507 911 σύ
3531 873 3544 888 ·
3577 862 3612 912 ό

2046 946 2190 1010 Θεός
2224 963 2364 1013 μου,
2407 946 2487 1013 μὴ
2539 947 2850 1014 χρονίσῃς.
2884 947 2978 1009 Εἰς
3025 946 3082 999 δὲ
3129 947 3300 998 ταῦτα
3350 946 3417 998 τὰ
3454 946 3609 1017 τέλη,

2045 1036 2197 1105 φησὶ,
2233 1036 2563 1106 προϐήσεται
2595 1039 2627 1107 ή
2686 1036 2977 1106 Ἐκκλησία
3014 1038 3372 1107 πτωχεύσασα
3415 1038 3612 1107 πρότε-

2045 1143 2136 1192 ρον
2169 1126 2261 1178 καὶ
2286 1125 2373 1178 διὰ
2400 1126 2590 1189 πενίας
2629 1125 2830 1196 πολλῆς
2880 1125 3110 1179 ἐλθοῦσα
3154 1129 3211 1178 ἐν
3259 1126 3468 1196 κόσμῳ,
3514 1127 3613 1180 καὶ

2041 1217 2106 1285 τῇ
2140 1215 2288 1284 παρὰ
2323 1215 2414 1267 σοῦ
2444 1208 2790 1286 πλουτήσασα
2824 1216 3068 1286 δυνάμει,
3097 1217 3189 1269 καὶ
3220 1219 3286 1286 τῇ
3320 1218 3469 1290 παρὰ
3513 1216 3608 1270 σοῦ

2039 1301 2353 1367 δοξασθεῖσα
2390 1305 2677 1374 ἐπικουρίᾳ
2702 1343 2717 1366 ,
2760 1306 2825 1375 ἢν
2859 1306 3002 1357 αἰτεῖ
3036 1305 3109 1375 μὴ
3143 1305 3413 1376 χρονίζειν
3441 1345 3456 1369 ,
3511 1305 3608 1358 καὶ

2039 1393 2125 1446 διὰ
2156 1394 2254 1463 τὴν
2282 1394 2496 1464 αἴτησιν
2531 1395 2590 1446 ού
2624 1397 2843 1464 χρονιεῖ,
2884 1396 3025 1448 καθὰ
3057 1395 3275 1463 λέγεται
3305 1397 3386 1449 τό·
3428 1399 3480 1450 '0
3512 1397 3610 1465 ἐρ-

2038 1483 2295 1549 χόμενος
2327 1481 2479 1547 ἣξει,
2504 1482 2601 1535 καί
2630 1485 2701 1535 οὐ
2731 1483 2971 1551 χρονιεῖ.

2215 1577 2318 1640 Eli;
2350 1574 2413 1627 τὸ
2441 1576 2615 1641 τέλος
2650 1578 2957 1630 ΨΑΛΜΟΣ
2994 1576 3073 1643 τῷ
3103 1578 3303 1633 Δαυΐδ.
3336 1581 3427 1633 Μ’.

2362 1664 2695 1729 ’Υπόθεσιᾳ
2731 1663 2966 1734 (Incerto
3002 1669 3259 1739 auctore.)

374 1752 622 1812 Praesens
676 1759 918 1827 psalmus
949 1734 1138 1814 beatos
1189 1764 1446 1831 praedicat
1497 1778 1594 1818 eos
1628 1764 1722 1833 qui
1763 1764 1937 1819 credi-

2050 1755 2108 1807 Ὀ
2139 1754 2493 1825 προκείμενος
2519 1755 2730 1825 ψαλμὺς
2772 1758 3065 1828 μακαρίζει
3109 1734 3249 1823 τοὺς.
3282 1758 3604 1813 πιστεύσαν-

446 1847 646 1901 derunt
673 1851 723 1902 in
754 1851 929 1918 ipsum
975 1851 1279 1917 Christum,
1310 1855 1401 1923 qui
1453 1871 1584 1909 sane
1618 1858 1741 1910 lidei
1795 1872 1935 1925 pra:-

447 1937 552 1990 mia
587 1939 718 2006 ipsis
743 1940 964 2001 tribuit,
1020 1956 1180 1995 suum
1219 1943 1424 1997 scilicet
1453 1944 1739 1998 auxilium.
1772 1943 1936 1999 ludu-

447 2025 591 2079 citur
614 2038 793 2081 autem
835 2030 951 2099 ipsa
981 2030 1286 2087 Salvatoris
1322 2048 1555 2101 persona
1603 2034 1935 2089 maledicens

450 2114 661 2172 Iudaici
691 2122 873 2189 populi
919 2122 1277 2192 principibus,
1318 2124 1553 2179 maxime
1584 2134 1765 2179 autem
1815 2140 1937 2180 om-

445 2209 616 2273 nium,
647 2212 932 2278 proditori.

440 2296 494 2349 2.
528 2297 723 2352 Beatus
748 2302 837 2369 qui
888 2302 1140 2371 intelligit
1178 2320 1333 2372 super
1370 2321 1585 2374 egenum
1622 2315 1673 2359 et
1729 2323 1931 2375 paupe-

373 2402 500 2440 rem.
535 2386 775 2458 Egenuni
824 2399 879 2444 et
911 2407 1206 2460 pauperem
1236 2394 1515 2449 Christum
1555 2405 1733 2459 vocat,
1764 2396 1922 2465 juxta

372 2474 422 2527 id
471 2477 617 2544 quod
645 2477 850 2531 dictum
884 2486 970 2533 est
1002 2479 1060 2531 ':
1105 2480 1259 2533 Dives
1293 2497 1412 2533 cum
1441 2492 1602 2548 esset,
1625 2484 1774 2551 inops
1805 2500 1926 2552 pro-

367 2575 481 2633 pter
507 2583 601 2619 nos
654 2569 868 2635 effectus
897 2577 995 2624 est.
1030 2569 1285 2625 Moralem
1328 2572 1432 2626 hoc
1464 2573 1587 2626 loco
1616 2573 1922 2627 doctrinam

368 2657 626 2724 praemisit
659 2659 974 2725 prophetiae,
1012 2670 1069 2714 ut
1098 2677 1164 2715 ex
1191 2663 1399 2730 psalmo
1432 2663 1639 2717 utilitas
1670 2665 1929 2733 utrinque

367 2746 693 2813 proveniret.
748 2745 986 2817 Ecquem
1044 2750 1263 2803 beatum
1305 2752 1600 2819 prmdicat?
1650 2768 1773 2807 eum
1831 2753 1927 2822 qui

367 2833 618 2901 intelligit
638 2850 804 2902 super
833 2852 1062 2905 egenum
1086 2848 1138 2892 et
1164 2855 1476 2908 pauperem,
1526 2842 1777 2896 videlicet
1800 2858 1924 2896 cum

327 2983 337 2989 ,
365 2923 459 2992 qui
495 2924 697 2993 cogitat
718 2928 885 2994 quod,
910 2928 1073 2995 hujus
1104 2931 1277 2998 gratia
1311 2930 1586 2997 Christus,
1612 2933 1764 2987 dives
1799 2949 1923 2988 cum

364 3025 531 3080 esset,
567 3032 771 3086 pauper
800 3018 1024 3072 etl‘ectus
1066 3030 1170 3084 est,
1204 3030 1262 3075 ut
1316 3036 1416 3076 nos
1449 3039 1670 3093 quoque
1716 3040 1918 3094 paupe-

365 3120 485 3157 rum
521 3114 702 3173 utpote
732 3105 960 3160 fratrum
987 3106 1275 3164 Creatoris’
1302 3123 1355 3165 et
1379 3112 1580 3179 judicis
1604 3115 1774 3167 nostri
1817 3116 1923 3169 mi-

362 3209 693 3249 sereremur.
736 3194 958 3264 Ecquod
985 3199 1191 3252 amoris
1218 3213 1342 3268 erga
1369 3216 1637 3269 pauperes
1664 3203 1873 3258 lucrum
1900 3205 1924 3258 ?

362 3282 429 3337 In
453 3284 539 3338 die
570 3285 713 3337 mala
756 3288 1004 3340 liberabit
1037 3304 1156 3341 eum
1196 3289 1475 3345 Dominus.
1510 3276 1794 3361 Signiﬁcat
1823 3311 1920 3349 au-

363 3384 469 3427 tem
499 3375 691 3443 judicii
722 3376 888 3438 diem,
934 3394 1056 3446 quae
1101 3380 1319 3434 dolores
1361 3385 1736 3450 peccatoribus
1760 3393 1922 3455 atque

360 3466 576 3520 iuberes
632 3466 846 3522 inferet.
899 3468 1175 3524 Liberabit
1204 3470 1487 3535 Dominus,
1546 3474 1640 3542 qui
1678 3476 1768 3529 lux
1808 3487 1910 3540 est,

363 3569 664 3623 pauperum
701 3567 967 3631 amantes.
1007 3559 1140 3612 Nam
1164 3561 1377 3614 debitor
1399 3562 1506 3617 illis
1550 3574 1633 3617 est
1667 3565 1922 3618 humani-

361 3646 491 3700 mtis
515 3658 677 3717 atque
708 3648 1107 3718 otIicii,quippe
1145 3666 1271 3705 cum
1301 3654 1369 3706 ab
1399 3654 1503 3709 illis
1520 3655 1917 3727 eleemosynam

360 3734 431 3789 sit
455 3746 765 3803 mutuatus;
792 3754 916 3791 nam
948 3754 1043 3807 per
1081 3740 1425 3797 Salomouem
1472 3744 1639 3799 dixit:
1677 3745 1781 3810 Qui
1810 3746 1913 3798 mi-

292 3892 302 3898 ,
357 3836 558 3880 seretur
573 3829 817 3896 pauperis
853 3829 1140 3897 faneratur
1167 3831 1273 3885 Deo
1301 3832 1357 3899 ‘;
1389 3842 1443 3888 et
1464 3845 1655 3904 suopte
1690 3852 1819 3891 ore:
1854 3837 1921 3890 In

356 3929 608 3988 quantum
643 3918 817 3986 fecisti
846 3922 938 3974 uni
989 3936 1054 3974 ea:
1104 3923 1185 3975 Itis
1218 3924 1451 3977 minimis
1501 3929 1649 3988 meis,
1693 3928 1820 3979 nti/ti
1845 3928 1922 3996 fec

355 4008 474 4061 ci.in
502 4009 545 4060 '.
593 4005 662 4065 In
691 4010 774 4063 die
802 4012 942 4064 mala
989 4012 1233 4067 liberabit
1262 4031 1379 4068 eum
1440 4015 1722 4070 Dominus.
1771 4016 1918 4071 Diem

358 4096 579 4164 malam,
624 4099 984 4152 teutationum
1016 4100 1274 4170 impetum
1306 4102 1439 4156 dicit
1465 4112 1521 4157 et
1571 4104 1916 4159 inimicorum

358 4188 697 4241 vexationes.
726 4189 1029 4243 Adumbrat
1054 4201 1265 4254 autem,
1296 4195 1510 4260 opinor,
1540 4193 1731 4262 judicii
1752 4196 1917 4261 diem,

363 4276 657 4328 terribilem
687 4291 837 4342 sane,
894 4280 1378 4351 improborumque
1440 4284 1711 4338 ultricem.
1755 4284 1920 4341 Polli-

2104 1861 2201 1907 τας
2232 1847 2309 1908 εἰς
2338 1845 2499 1897 αὐτὸν
2532 1845 2621 1897 τὸν
2652 1847 2884 1916 Χριστόν
2910 1863 2923 1876 ·
2960 1848 3057 1901 καὶ
3244 1851 3337 1903 καὶ
3370 1849 3604 1920 ἀμοιὸὰς

2106 1938 2286 1999 αὐτοῖς
2313 1937 2409 2006 τῆς
2433 1937 2665 1999 πίστεως
2694 1936 2874 1990 δίδωσι
2899 1939 2996 2009 τὴν
3025 1942 3156 2011 παρ’
3184 1940 3347 1992 αὐτοῦ
3376 1940 3599 1993 ἐπικου-

2106 2025 2246 2097 ρίαν.
2285 2026 2609 2098 Είσφέρεται
2654 2027 2713 2080 δέ
2757 2030 2851 2081 κα)⁸
2898 2030 3030 2082 αὐτὸ
3088 2029 3182 2083 τοῦ
3230 2030 3483 2103 Σωτῆρος
3534 2031 3597 2084 τδ

2106 2115 2416 2187 πρόσωπον,
2444 2115 2741 2184 καταλέγον
2773 2118 2881 2170 τῶν
2922 2136 2983 2171 τε
3033 2120 3309 2191 ἀρχόντων
3332 2120 3425 2174 τοῦ
3464 2122 3566 2174 Ἰού

2103 2205 2265 2258 δαίων
2290 2204 2419 2258 λαοῦ
2456 2206 2548 2259 καὶ
2578 2207 2743 2260 αὐτοῦ
2775 2208 2867 2261 τοῦ
2895 2210 3153 2279 προδότου
3179 2210 3488 2281 ἐξαιρέτως.

2101 2295 2401 2362 Μακάριος
2434 2298 2466 2348 ό
2509 2296 2737 2348 συνιὼν
2764 2297 2861 2349 ἐπὶ
2910 2306 3150 2367 πτωχὸν
3195 2299 3296 2352 καὶ
3348 2299 3596 2368 πένητα.

2032 2385 2253 2455 Πτωχὸν
2283 2385 2377 2437 καὶ
2404 2386 2611 2455 πένητα
2637 2385 2727 2438 τὸν
2773 2387 3007 2458 Χριστὸν
3045 2388 3306 2442 ἀποκαλεῖ
3352 2390 3491 2444 κατὰ
3540 2391 3603 2444 τὸ

2032 2474 2316 2544 εἰρημένον
2350 2490 2363 2501 ·
2423 2476 2727 2540 Πλούσιος
2770 2474 2854 2527 ὢν
2896 2475 3241 2546 ἐπτώχευσε
3289 2478 3363 2531 δι’

2044 2564 2265 2632 Ἠθικὴν
2292 2564 2523 2618 ἐνταῦθα
2549 2564 2893 2618 διδασκαλίαν
2955 2567 3052 2636 τῆς
3090 2568 3422 2638 προφητείας
3463 2582 3580 2640 “ags

2030 2654 2237 2720 έταξεν,
2265 2655 2544 2724 ὠφελῆσαι
2576 2655 2669 2707 τὸν
2700 2656 2911 2727 ψαλμὸν
2933 2657 3000 2709 τὰ
3036 2657 3095 2721 ἐξ
3121 2659 3379 2729 ἐκατέρου
3411 2659 3598 2728 βουλό-

2033 2763 2211 2815 μενος.
2244 2746 2352 2798 Καὶ
2379 2746 2499 2799 τίνα
2528 2747 2848 2818 μακαρίζει;
2871 2748 2963 2800 τὸν
2984 2749 3076 2802 ἐπὶ
3115 2748 3326 2819 πτωχὸν
3353 2750 3596 2806 συνιέντα

2030 2837 2124 2889 καὶ
2156 2837 2391 2904 πένητα·
2426 2836 2671 2890 τουτέστι
2700 2838 2792 2890 τὸν
2821 2837 3064 2905 νοοῦντα,
3099 2838 3182 2890 ὅτι
3209 2837 3399 2891 τούτου
3436 2841 3596 2912 χάριν

2027 2927 2056 2977 ὁ
2083 2925 2315 2995 Χριστὸς
2367 2924 2621 2989 πλούσιος
2666 2926 2741 2978 ὢν
2795 2925 3128 2996 ἐπτώχευσε,
3166 2928 3253 2981 ἴνα
3298 2929 3392 2981 καὶ
3437 2932 3597 3002 ἡμεῖς

2028 3017 2151 3079 τοὺς
2181 3016 2427 3085 πτωχοὺς
2456 3016 2531 3079 ὡς
2576 3016 2836 3085 ἀδελφοὺς
2881 3017 2974 3070 τοῦ
3020 3019 3291 3090 ἡμετέρου
3327 3023 3576 3094 Δημιουρ

2026 3104 2123 3173 γοῦ
2148 3106 2240 3158 καὶ
2279 3105 2464 3176 κριτοῦ
2493 3105 2966 3176 ἐλεήσωμενυΚαὶ
3009 3108 3061 3159 τί
3095 3108 3192 3178 τῆς
3230 3108 3593 3180 φιλοπτωχίαι,

2025 3194 2084 3247 τὸ
2123 3195 2349 3266 κέρδος;
2398 3197 2499 3249 Ἐν
2543 3195 2732 3264 ἡμέρᾳ
2772 3195 3003 3264 πονηρᾷ
3040 3200 3290 3266 ῥύσεται
3333 3201 3519 3253 αὐτὸν
3562 3204 3595 3253 cl

2024 3287 2260 3354 Κύριος.
2297 3287 2455 3356 Δηλοῖ
2474 3287 2530 3339 δὲ
2554 3288 2651 3357 τὴν
2678 3288 2778 3357 τῆς
2801 3287 3032 3357 κρίσεως
3061 3289 3251 3352 ὀδύνας
3277 3292 3389 3354 τοῖς
3413 3292 3594 3362 ἀμαρ-

2024 3381 2210 3440 τωλοῖς
2246 3381 2338 3431 καὶ
2368 3379 2560 3442 πόνους
2594 3379 2978 3448 ἐπιφέρουσαν.
3035 3379 3284 3433 Ῥύσεται
3321 3380 3596 3449 φῶςτοίις

2024 3469 2395 3539 φιλοπτώχους
2424 3472 2451 3523 ὁ
2483 3469 2705 3541 Κύριος.
2735 3471 3014 3541 Χρεωστεῖ
3039 3470 3147 3541 γὰρ
3179 3471 3361 3534 αὐτοῖς
3404 3470 3594 3539 φιλανθ

2026 3558 2292 3630 θρωπίιν,
2320 3560 2395 3623 ὼς
2426 3560 2585 3621 αὐτὸς
2614 3559 2711 3631 τὴν
2736 3559 3106 3630 ἐλεημοσύνην
3137 3562 3267 3632 παρ’
3296 3562 3475 3625 αὐτοῖς
3507 3561 3597 3615 δα-

2022 3649 2340 3718 νεισάμενος
2364 3665 2377 3677 ·
2413 3650 2508 3701 καὶ
2558 3648 2645 3702 διὰ
2705 3650 2802 3719 μὲν
2852 3648 2945 3702 τοῦ
3001 3651 3344 3719 Σολομῶντος
3381 3653 3549 3707 εἰπών
3577 3669 3592 3681 ⁸

2035 3739 2098 3791 '0
2119 3737 2304 3792 ἐλεῶν
2330 3738 2567 3805 πτωχὸν
2589 3736 2835 3798 δανείζει
2877 3740 3051 3792 Θεόιυ
3103 3740 3281 3811 οἰκείᾳ.
3315 3740 3371 3793 δέ
3423 3739 3596 3808 γλώτ-

2022 3845 2090 3903 τῃ
2114 3846 2127 3859 °
2186 3831 2292 3898 Ἑρ
2324 3829 2476 3883 ὅσον
2531 3828 2853 3895 ἐποιήσατε
2891 3829 2979 3882 ἐνὶ
3015 3830 3240 3883 τούτων
3289 3829 3408 3883 τῶν
3454 3831 3596 3885 ἐλαι

2022 3922 2267 3989 χίστων,
2298 3920 2427 3989 ἐμοὶ
2458 3919 2802 3986 ἐποιήσατε.
2848 3922 2950 3973 Ἐν
2993 3920 3183 3989 ἡμέρᾳ
3215 3919 3450 3989 πονηρᾷ
3481 3923 3594 3989 pu-

2021 4026 2190 4063 σεται
2221 4010 2409 4063 αὑτὸν
2436 4013 2468 4063 ὀ
2500 3998 2732 4078 Κύριος.
2772 4010 3011 4081 Ἠμέραν
3055 4011 3299 4083 πονηρὰν
3342 4012 3439 4083 τὴν
3483 4011 3593 4067 τῶν

2023 4099 2343 4169 πειρασμῶν
2405 4100 2649 4153 ἐπίθεσιν
2705 4117 2836 4169 φησι
2898 4102 2990 4153 καὶ
3059 4102 3159 4165 τὰς
3202 4102 3411 4167 διώξεις
3483 4103 3594 4157 τῶν

2022 4190 2250 4262 ἐχθρῶν.
2287 4191 2587 4244 Λίνίττεται
2621 4191 2697 4254 δέ,
2730 4188 2907 4262 οἶμαι,
2959 4193 3052 4246 καὶ
3080 4193 3179 4264 τὴν
3224 4193 3325 4262 τῆς
3358 4194 3594 4265 κρίσεως

2023 4281 2239 4350 ἡμέραν
2289 4280 2525 4351 φοϐερὰν
2560 4277 2746 4345 οὖσαν,
2780 4282 2872 4334 καὶ
2903 4281 3012 4333 τῶν
3050 4283 3375 4354 παρανόμων
3409 4300 3589 4338 κακω-

344 4354 510 4416 ἐοιυτ
551 4370 728 4416 autem
757 4378 947 4431 puram
971 4367 1117 4422 illius
1150 4371 1487 4437 paupertatis
1524 4373 1914 4441 cognitionem,
1950 4412 1951 4417 η

2045 4370 2202 4438 τικήν.
2242 4369 2607 4438 ’Υπισχνεῖται
2633 4370 2732 4440 τὴν
2771 4370 3036 4441 εἰλικρινῆ
3072 4371 3270 4439 γνῶσιν
3302 4371 3402 4441 τῆς
3446 4384 3589 4424 πτω-

355 4453 633 4508 horribilis
664 4454 810 4510 illius
834 4455 939 4510 dici
960 4458 1117 4513 malis
1148 4462 1323 4529 ipsum
1350 4461 1722 4518 liberaturum.

430 4624 649 4697 [Beatus
682 4626 763 4680 vir
808 4627 916 4692 ille,
953 4631 1045 4698 qui
1092 4630 1158 4683 de
1193 4632 1522 4700 pauperibus
1567 4635 1642 4691 uti
1677 4652 1913 4692 consen-

355 4725 571 4768 taneum
597 4729 680 4770 est
706 4719 938 4787 cegitat;
964 4736 1029 4774 ac
1052 4721 1097 4775 si
1114 4720 1337 4788 diceret,
1357 4721 1457 4789 Qui
1493 4725 1792 4797 intelligere
1814 4746 1912 4785 va-

354 4810 427 4862 let
461 4807 720 4877 inopiam,
747 4825 909 4879 quam
931 4814 1099 4867 nostri
1124 4829 1289 4869 causa
1307 4818 1548 4887 suscepit
1602 4818 1905 4894 Christus.]

421 4985 475 5041 3.
504 4984 761 5040 Dominus
816 4999 1073 5043 conservet
1123 5007 1269 5057 eum,
1318 5000 1368 5045 et
1417 4994 1637 5062 vivi/inet
1692 5012 1833 5061 eum,
1861 5010 1911 5053 et

2022 4458 2173 4527 χείας
2205 4459 2446 4529 ἐκείνης’
2478 4458 2587 4512 τῶν
2617 4460 2716 4528 τῆς
2746 4460 2984 4530 φοϐερᾶς
3007 4461 3166 4513 αὐτὸν
3193 4459 3403 4532 ἡμέρας
3423 4459 3590 4514 ἀπαλ-

2022 4550 2179 4615 λάξαι
2214 4550 2415 4604 κακῶν.

2092 4637 2419 4709 [Μακάριος
2467 4640 2495 4690 ὁ
2548 4638 2687 4709 ἀνὴρ
2742 4641 2946 4702 ἐκεῖνος
2976 4640 3005 4691 ὁ
3051 4639 3246 4692 ἐννοῶν
3278 4638 3314 4693 ἃ
3343 4640 3585 4711 προσῆκε

2023 4731 2149 4800 περὶ
2199 4729 2304 4782 τῶν
2340 4731 2605 4801 πενήτων,
2653 4731 2773 4784 ἀντὶ
2806 4729 2936 4785 τοῦ*
2982 4731 3041 4784 '0
3076 4731 3313 4784 συνιέναι
3363 4732 3589 4803 δυνάμε-

2020 4836 2111 4880 νος
2148 4819 2245 4889 τὴν
2278 4819 2575 4889 πτωχείαν,
2623 4819 2689 4889 ῆν
2738 4820 2804 4873 δι’
2852 4822 2998 4891 ἡμᾶς
3044 4821 3331 4892 ἀνείληφεν
3373 4824 3402 4875 ὁ
3450 4823 3587 4896 Χρι-

2022 4908 2161 4972 στός.
2181 4908 2201 4980 ]

2087 5001 2296 5068 Κύριος
2324 4999 2690 5069 διαφυλάξαι
2716 5002 2901 5056 αὐτὸν
2926 5003 3027 5058 καὶ
3057 5001 3229 5069 ζῆσαι
3257 5004 3463 5067 αὑτὸν,
3487 5004 3586 5056 καί

353 5074 561 5130 beatum
587 5076 753 5145 faciat
793 5094 911 5131 eum
942 5080 997 5133 in
1043 5089 1203 5147 terra,
1253 5092 1300 5136 et
1341 5099 1442 5137 non
1469 5085 1653 5139 tradat
1705 5104 1822 5141 eum
1853 5090 1909 5141 in

2045 5092 2338 5160 ιακαρίσαι
2372 5090 2561 5145 αὐτὸν
2588 5092 2658 5144 ἐν
2676 5090 2764 5159 τῇ
2809 5091 2907 5162 γῆ,
2952 5093 3049 5147 καὶ
3075 5093 3160 5162 μὴ
3193 5091 3435 5163 παραδῷ
3468 5094 3583 5153 αὐ-

353 5167 587 5221 animam
611 5169 942 5223 inimicorum
967 5171 1102 5239 ejus.
1136 5173 1486 5230 lnimicorum
1521 5176 1897 5246 spiritualium

354 5255 616 5314 videlicet.

421 5344 474 5398 4.
510 5344 817 5403 Universum
840 5360 1068 5404 stratum
1099 5352 1211 5419 ejus
1256 5356 1478 5409 uersasti
1502 5358 1557 5410 in
1592 5358 1911 5428 inﬁrmitate

421 5495 443 5523 ’
470 5493 667 5551 llabac.
704 5516 763 5565 tt,
805 5501 862 5557 3.

2016 5181 2123 5234 τὸν
2158 5185 2243 5247 εὶς
2269 5181 2472 5250 χεῖρας
2495 5181 2725 5251 ἐχθρῶν
2767 5184 2976 5240 αὑτοῦ.
3019 5185 3259 5255 Ἐχθρῶν
3305 5183 3413 5238 τῶν
3461 5200 3587 5254 νοη-

2014 5271 2123 5325 τῶν
2147 5272 2406 5341 δηλονότι.

2085 5362 2273 5428 Ὅλην
2301 5361 2414 5430 τὴν
2440 5365 2650 5429 κοίτην
2676 5365 2862 5419 αὐτοῦ
2910 5365 3213 5434 ἕστρεψας
3249 5367 3320 5420 ὲν
3364 5364 3441 5436 τῇ
3473 5365 3581 5432 ἆῤ-

956 5506 976 5535 ³
1012 5504 1051 5557 ll
1082 5507 1210 5561 Cor.
1236 5525 1352 5574 rm,
1381 5509 1433 5564 9.
1521 5510 1543 5542 ⁸
1573 5510 1733 5567 Prov.
1772 5532 1883 5583 nx,
1910 5519 1995 5573 17.
2074 5523 2093 5551 ³
2139 5519 2327 5573 Matth.
2361 5537 2486 5588 xxv,
2522 5522 2611 5577 ιο.

426 5652 538 5719 (l3)
578 5652 729 5723 Apud
750 5658 934 5714 solum
966 5661 1168 5717 Daniel.
1202 5664 1496 5723 Barbarum
1533 5670 1749 5725 nomine
1779 5671 2060 5726 Athanasii
2101 5672 2347 5726 habetur.
