3976 6220
415 306 516 361 199

1285 293 1342 348 S.
1383 288 1755 346 ATHANASII
1799 289 1950 345 OPP.
2004 288 2185 344 PARS
2223 288 2311 344 lll.
2354 318 2422 330 —-
2462 289 2871 347 EXEGETICA.

3524 283 3641 340 9.00

390 473 399 481 ,
422 429 662 488 namque
694 413 826 470 mihi
859 411 1040 483 passio
1060 418 1161 465 cst.
1192 408 1331 463 Hinc
1353 409 1704 476 consequitur
1720 407 1971 461 arbitrari

2085 410 2222 460 ἐστιν
2250 406 2371 477 ἐμοὶ
2400 407 2461 459 τὸ
2493 407 2702 460 παθεῖν.
2765 403 3100 473 Ἀναγκαίως
3154 402 3209 454 δὲ
3252 402 3398 469 λέγει
3427 403 3493 473 τῇ
3527 418 3644 457 κοι-

413 509 592 579 ipsum
612 512 741 574 post
763 501 1143 559 dortnitionem
1199 496 1455 565 subsequi
1485 495 1965 549 resurrectionem.

417 596 689 652 Dormitio
710 608 862 649 mors
883 597 998 647 est:
1029 603 1157 659 ergo
1198 597 1425 640 mortem
1479 584 1840 653 subsequetur
1887 599 1973 665 re-

413 688 706 746 Surrectio.
1688 738 1691 741 .

485 785 572 838 10.
605 782 812 836 Etenim
844 780 995 833 homo
1025 777 1168 845 pacis
1201 792 1326 830 mea:
1352 775 1404 827 in
1447 788 1548 841 quo
1585 770 1817 840 speravi,
1879 768 1972 837 qui

367 890 373 895 '
411 874 597 928 edebat
617 888 777 941 panes
805 886 968 934 meos,
1004 867 1361 939 magni/ienuit
1394 880 1550 930 super
1573 877 1652 915 me
1666 858 1975 930 supplanta-

416 965 628 1017 ticnem.
660 960 1005 1026 Ludibrium,
1044 959 1299 1021 insidias,
1351 955 1558 1009 dolum.
1591 951 1752 1006 Pacis
1801 948 1977 1002 homi-

412 1050 754 1107 nemJudam
786 1059 965 1114 vocat,
1010 1049 1135 1117 quia
1190 1046 1474 1100 videbatur
1500 1045 1643 1097 inter
1687 1038 1975 1096 benevolos

412 1152 466 1198 et
495 1143 702 1196 amicos
733 1140 852 1210 eius
883 1135 1210 1207 computari,
1241 1143 1297 1190 et
1342 1135 1398 1188 in
1446 1131 1839 1201 discipulorum
1869 1144 1973 1183 nu-

414 1244 622 1285 merum
660 1229 887 1282 allectus
914 1227 1108 1281 fuerat.

487 1323 574 1377 11.
608 1320 687 1375 Tu
718 1331 916 1382 autem,
947 1320 1188 1384 Domine,
1217 1319 1460 1372 miserere
1489 1315 1610 1382 mei,
1641 1322 1690 1369 et
1720 1313 1975 1368 resuscita

413 1429 515 1477 me,
550 1424 598 1465 et
631 1411 918 1487 retribuam
943 1412 1039 1464 eis.
1072 1409 1323 1464 Humano
1354 1423 1505 1463 more
1539 1416 1755 1476 propter
1793 1405 1974 1459 humi-

413 1501 693 1555 liationem
728 1514 882 1553 suam
902 1501 968 1553 ad
1002 1498 1212 1552 Patrem
1236 1513 1395 1553 suum
1419 1497 1582 1551 verba
1617 1496 1763 1560 facit,
1782 1495 1973 1549 etiam-

412 1592 459 1647 si
490 1592 579 1645 ille
611 1591 683 1645 sit
709 1590 1082 1645 misericordia
1109 1590 1200 1644 Dei
1234 1596 1288 1645 et
1316 1589 1517 1652 Patris,
1557 1595 1611 1641 et
1640 1584 1973 1640 resurrectio

411 1689 574 1750 atque
598 1680 728 1741 vita.
1114 1666 1121 1671 ί

484 1767 571 1822 12.
599 1766 668 1822 In
694 1769 789 1822 hoc
813 1768 1028 1838 cognovi
1072 1768 1196 1837 quia
1237 1757 1849 1833 votuisti,me(Rursum
1898 1762 1978 1817 lo-

412 1858 597 1928 quitur
625 1869 684 1912 ut
716 1858 902 1923 homo,
963 1866 1023 1911 ut
1049 1859 1289 1925 seipsum
1322 1857 1519 1911 offerat
1552 1855 1662 1911 Deo
1716 1865 1770 1910 et
1808 1853 1974 1907 Patri.

415 1947 675 2011 Quoniam
697 1963 800 2001 non
838 1946 1085 2017 gaudebit
1111 1949 1357 2001 inimicus
1404 1964 1549 2001 meus
1597 1963 1755 2015 super
1775 1961 1877 1999 me.
1916 1942 1975 1997 Si

412 2052 480 2089 ex
506 2038 860 2093 humanitatis
889 2052 1124 2106 persona
1172 2038 1276 2091 hoc
1318 2038 1451 2092 dicit
1482 2036 1759 2101 Christus,
1792 2034 1980 2088 inimi-

414 2142 513 2182 cus
552 2128 711 2196 plane
766 2128 1099 2198 intelligatur
1128 2143 1252 2203 esse
1275 2129 1372 2198 qui
1423 2135 1658 2181 mortem
1692 2125 1855 2180 nobis
1882 2140 1979 2194 pa-

412 2213 569 2265 ravit.
606 2211 700 2264 Sin
729 2214 884 2281 quasi
907 2227 970 2266 ex
990 2215 1107 2282 ipso
1141 2212 1378 2278 Christo,
1417 2210 1740 2266 Iudaeorum
1773 2208 1980 2278 princi-

415 2314 508 2367 pes
533 2300 630 2352 ait.
667 2298 821 2365 Quod
847 2300 991 2353 enim
1026 2316 1113 2355 res
1149 2301 1283 2370 ipsis
1319 2292 1641 2369 permoleste
1674 2297 1859 2365 fuerit,
1884 2312 1981 2367 pa-

411 2387 520 2442 lam
546 2403 611 2443 ex
632 2402 697 2444 eo
723 2399 807 2445 est
829 2390 971 2458 quod
1003 2390 1121 2459 ejus
1146 2390 1598 2446 resurrectionem
1626 2390 1736 2444 sint
1772 2392 1980 2444 calum-

411 2477 569 2533 niati.

458 2569 570 2623 15.
606 2568 692 2622 He
715 2578 889 2623 autem
910 2579 1120 2640 propter
1141 2571 1496 2625 innocentiam
1530 2569 1831 2638 suscepisti.
1871 2565 1976 2632 Qui

410 2661 657 2715 omnium
687 2668 772 2715 est
803 2642 1192 2730 patrocinium,
1229 2660 1332 2715 sibi
1362 2674 1585 2730 quoque
1609 2656 1976 2728 patrocinium

412 2749 584 2805 fuisse
621 2752 715 2805 ait.
746 2749 865 2804 Non
898 2752 1045 2819 quod
1098 2752 1191 2806 ille
1219 2736 1492 2820 quatenus
1526 2750 1671 2805 Deus
1719 2747 1977 2815 intelligi-

412 2849 504 2894 tur
535 2856 600 2896 eo
629 2840 902 2910 indigeat:
946 2842 1039 2896 sed
1072 2842 1236 2896 homo
1266 2841 1443 2896 factus
1471 2855 1597 2894 cum
1626 2840 1719 2904 sit,
1752 2851 1851 2907 pro
1880 2838 1979 2891 ho-

412 2930 652 2984 minibus
685 2932 846 2984 verba
871 2930 1018 2985 facit.

2078 499 2239 567 μήσει
2263 497 2359 567 τὴν
2387 497 2678 550 ἀνάστασιν
2704 495 2952 549 ἕπεσθαι.
3000 495 3062 546 Ἡ
3106 493 3162 545 δὲ
3195 491 3449 562 κοίμησίς
3493 494 3643 546 ἐστιν

2073 590 2102 641 ὁ
2135 588 2359 650 Θάνατος
2381 604 2395 618 ·
2433 587 2743 655 ἀναγκαίως
2769 585 2846 656 τῷ
2892 586 3107 656 Θανάτῳ
3147 583 3502 653 ἀκολουθήσει
3543 583 3661 637 καὶ.

2075 682 2109 749 ὴ
2138 680 2448 742 ἀνάστασις.

2142 772 2251 824 Καὶ
2282 770 2388 839 γὰρ
2419 772 2450 823 ό
2490 768 2797 836 ἅνθρωπος
2838 768 2948 836 τῆς
2995 765 3237 834 εἷρήνης
3270 783 3389 835 μου
3428 765 3521 834 ἐφ’
3569 764 3643 818 ὃν

2074 859 2326 927 ἤλπισα,
2371 864 2403 914 ὀ
2439 860 2659 913 ἐσθίων
2710 858 2926 927 ἄρτους
2971 875 3115 926 μου,
3140 856 3508 927 ἐμεγάλυνεν
3546 855 3641 910 ἐπ’

2072 949 2178 1017 ἐμὲ
2215 950 2598 1017 πτερνισμόν.
2665 948 3007 1018 Ἐμπαιγμὸν
3028 987 3042 1012 ,
3085 946 3375 1016 ἐπιϐουλὴν
3407 987 3424 1011 ,
3469 944 3639 999 δόλον.

2073 1040 2309 1110 Εἰρήνης
2350 1038 2630 1110 ἄνθρωπον
2658 1037 2750 1090 τὸν
2787 1036 2986 1090 Ἰούδαν
3019 1037 3182 1105 φησι,
3243 1036 3331 1089 διὰ
3376 1035 3437 1088 τὸ
3467 1035 3642 1088 δοκεῖν

2074 1134 2130 1183 ὲν
2151 1134 2259 1193 τοῖς
2280 1129 2549 1182 εὐνοοῦσιν
2566 1127 2712 1198 αὐτῷ
2731 1128 2985 1199 τετάχθαι
3006 1131 3096 1182 καὶ
3126 1128 3317 1198 φίλοις·
3344 1128 3468 1197 τόγε
3491 1128 3644 1198 ἥκων

2073 1223 2151 1282 είς
2174 1221 2235 1272 τὸ
2262 1216 2402 1273 εἶναι
2431 1219 2700 1290 μαθητήν.
2794 1250 2797 1253 -

2142 1310 2224 1362 Σὺ
2254 1308 2342 1374 δὲ,
2374 1310 2572 1376 Κύριε,
2603 1306 2865 1374 ἐλέησόν
2896 1324 2995 1376 με,
3031 1306 3130 1361 καὶ
3165 1305 3519 1374 ἀνάστησόν
3535 1323 3636 1375 με,

2073 1401 2171 1454 καὶ
2198 1399 2600 1455 ἀνταποδώσω
2649 1399 2875 1464 αὐτοῖς.
2913 1397 3290 1470 Ἀνθρωπίνως
3323 1397 3522 1468 μᾶλλον
3548 1398 3640 1451 διὰ

2073 1492 2170 1561 τὴν
2215 1491 2443 1543 κένωσιν
2474 1491 2610 1561 πρὸς
2638 1491 2728 1543 τὸν
2774 1489 2966 1543 ἑαυτοῦ
3018 1489 3238 1561 Πατέρα
3285 1491 3514 1541 ποιεῖται
3547 1488 3638 1541 τὸν

2073 1582 2250 1649 λόγον,
2303 1581 2479 1635 καίτοι
2502 1578 2671 1643 ἀὐτὸς
2700 1578 2774 1633 ὢν
2815 1581 2876 1633 τὸ
2901 1578 3048 1643 ἔλεος
3089 1578 3182 1633 τοῦ
3215 1579 3350 1632 Θεοῦ
3400 1581 3493 1633 καὶ
3523 1580 3629 1633 Πα-

2073 1673 2218 1744 τρὸς,
2249 1674 2344 1726 καὶ
2375 1674 2408 1744 ἡ
2439 1673 2730 1733 ἀνάστασις
2759 1673 2902 1740 καὶὴ
2931 1671 3067 1740 ζωή.

2160 1767 2257 1818 Ἐν
2285 1766 2472 1828 τούτῳ
2502 1763 2714 1833 ἔγνων,
2739 1763 2827 1830 ὅτι
2854 1760 3183 1828 τεθέληκάς
3208 1777 3305 1830 με.
3345 1760 3509 1814 Λαλεῖ
3532 1761 3639 1814 πά-

2076 1855 2157 1907 λιν
2189 1853 2263 1916 ὼς
2291 1854 2573 1923 ἄνθρωπος
2602 1891 2618 1915 ,
2665 1851 2753 1903 ἵνα
2790 1850 2978 1904 ἑαυτὸν
3007 1849 3224 1920 παραϐῇ
3268 1847 3347 1919 τῷ
3380 1847 3501 1918 Θεῷ
3542 1849 3639 1902 καὶ

2077 1945 2270 2017 Πατρί.
2308 1946 2426 1999 Ὅτι
2452 1946 2524 1999 οὐ
2546 1942 2634 2013 μὴ
2663 1939 2917 2011 ἐπιχαρῆ
2943 1943 2975 1994 ό
3002 1940 3214 2009 ἐχθρός
3235 1957 3355 2008 μου
3391 1940 3482 1993 ἐπ’
3508 1940 3636 2009 ἐμέ.

2077 2039 2139 2091 Et
2177 2039 2276 2108 μὲν
2305 2036 2371 2092 ἑκ
2393 2034 2684 2107 προσώπου
2713 2034 2808 2103 τῆς
2836 2018 3246 2104 άνθρωιιότητος
3274 2031 3446 2085 ταῦτα
3493 2031 3640 2101 λέγει

2077 2125 2104 2176 ὁ
2127 2122 2378 2193 Χριστὸς,
2404 2121 2597 2192 ἐχθρὸς
2620 2120 2686 2174 ἂν
2701 2119 2919 2190 νοηθείη
2944 2123 2972 2173 ὁ
2997 2120 3086 2173 τὸν
3121 2119 3348 2173 θάνατον
3379 2123 3511 2190 ἡμῖν
3541 2137 3644 2184 καο

2075 2213 2453 2275 τασκευάσαςο
2494 2213 2544 2265 εί
2576 2211 2634 2265 δὲ
2679 2210 2753 2274 ὡς
2801 2209 2861 2276 te
2909 2209 3074 2264 αὐτοῦ
3122 2210 3217 2264 τοῦ
3236 2211 3504 2281 Χριστοῦ,
3531 2211 3642 2265 τῶν

2090 2304 2355 2358 Ἰουδαίων
2378 2303 2502 2367 τούς
2531 2303 2798 2374 ἄρχοντάς
2845 2318 3029 2373 φησιν.
3064 2303 3184 2354 Ὅτι
3222 2302 3329 2374 γὰρ
3378 2302 3644 2373 λελύπην-

2076 2411 2187 2460 ται,
2215 2394 2372 2464 δῆλον
2414 2395 2479 2448 ὲκ
2515 2393 2605 2447 τοῦ
2642 2394 3045 2463 συκοφαντῆσαι
3072 2391 3236 2447 αὐτοῦ
3274 2394 3374 2464 τὴν
3409 2395 3644 2449 ἀνάστα-

2080 2503 2183 2539 σιν.

2159 2574 2331 2642 Ἐμοῦ
2352 2573 2420 2626 δὲ
2457 2572 2555 2626 διὰ
2592 2572 2708 2641 τὴν
2730 2573 2990 2628 ἀκακίαν
3022 2573 3375 2629 ἀπελάὄου.
3416 2576 3481 2629 'H
3507 2576 3643 2630 πάν-

2074 2682 2183 2718 των
2212 2665 2494 2735 ἀντίληψις
2532 2664 2866 2736 ἀντιλήψεως
2907 2666 3261 2736 τετυχηκέναι
3307 2665 3503 2737 φησίν·
3541 2667 3644 2721 οὐκ

2077 2754 2240 2816 αὐτὸς
2270 2753 2472 2825 ταύτης
2519 2754 2793 2824 δεόμενος,
2838 2754 2959 2808 καθ’
3005 2755 3032 2807 ὸ
3086 2758 3286 2809 νοεῖται
3315 2755 3470 2820 Θεὸς,
3506 2756 3646 2810 ἀλλά

2077 2841 2365 2911 γενόμενος
2407 2842 2711 2912 ἄνθρωπος,
2759 2840 2900 2912 ὑπὲρ
2939 2839 3240 2913 ἀνθρώπων
3272 2844 3503 2894 ποιεῖται
3557 2841 3646 2896 λό-

2077 2946 2226 2997 γους.

490 3019 576 3073 14.
610 3018 925 3072 Benedictus
956 3019 1213 3071 Dominus
1263 3017 1404 3072 Deus
1442 3016 1626 3070 Israel
1680 3032 1712 3069 a
1755 3015 1970 3070 secuto.

2147 3020 2487 3090 Εὐλογητὸς
2503 3022 2718 3088 Κύριος
2734 3024 2766 3075 ό
2788 3021 2930 3086 Θεὸς
2964 3020 3206 3088 Ἰσραὴλ
3226 3021 3341 3076 ἀπὸ
3364 3020 3471 3074 τοῦ
3508 3020 3645 3074 atrii-

410 3107 532 3164 Jam
562 3110 817 3179 obsignat
845 3111 1119 3164 canticum
1155 3109 1207 3161 in
1233 3108 1533 3178 gratiarum
1578 3108 1850 3162 actionem
1882 3107 1979 3161 de—

414 3199 624 3254 sinens.
653 3200 697 3250 A
732 3199 1007 3267 prtesenti,
1029 3198 1227 3268 inquit,
1269 3213 1443 3267 usque
1491 3198 1558 3251 ad
1607 3196 1875 3252 futurum.
1932 3196 1979 3249 A

411 3290 668 3358 praesenti
700 3289 863 3359 igitur
883 3291 1186 3345 benedictio
1207 3305 1238 3344 a
1288 3289 1447 3343 nobis
1479 3287 1590 3343 Deo
1639 3289 1820 3343 oblata
1868 3289 1978 3342 ini-
2017 3286 2033 3301 '

414 3380 550 3433 tium
586 3379 756 3442 ducit,
776 3380 1185 3450 completurque
1217 3381 1272 3434 in
1315 3380 1534 3434 futuro:
1579 3394 1704 3434 nam
1743 3390 1979 3449 exparte

398 3472 776 3539 tngnoscimus
809 3479 859 3523 et
909 3485 973 3523 ex
1010 3481 1159 3541 parte
1205 3471 1575 3540 prophetamus
1604 3471 1670 3535 “,
1704 3485 1877 3539 quare
1908 3485 1978 3524 et

412 3567 570 3627 parte
598 3559 1008 3614 benedicimus:
1042 3558 1174 3614 Cum
1210 3571 1386 3614 autem
1429 3560 1623 3614 venerit
1669 3561 1808 3629 quod
1858 3577 1978 3630 per-

414 3649 608 3714 fectum
634 3656 749 3713 est,
781 3647 962 3717 inquit
1012 3649 1300 3715 Paulus”,
1335 3650 1681 3704 evacuabitur
1730 3652 1869 3721 quod
1912 3666 1978 3704 ea:

408 3748 561 3809 parte
579 3754 677 3794 est.
713 3738 846 3794 Nam
866 3741 1107 3810 profectu
1130 3742 1197 3796 ad
1243 3742 1466 3795 meliora
1491 3742 1804 3806 accedente,
1859 3757 1978 3798 ees-

336 3890 341 3899 _
411 3838 501 3886 sat
525 3832 668 3900 quod
699 3846 765 3885 ex
786 3840 938 3900 parte
966 3840 1071 3887 est.
1099 3832 1332 3900 Ideoque
1380 3830 1669 3886 Psalmista
1696 3832 1972 3901 adiunxit,

411 3919 559 3985 Fiat,
589 3922 707 3986 ﬁat,
737 3931 792 3977 et
818 3922 1058 3992 duplicat
1087 3924 1411 3979 orationem.
1448 3923 1725 3994 Siquidem
1753 3925 1973 3979 beatum

409 4022 516 4078 est,
539 4027 637 4082 per
660 4011 820 4066 tidem
846 4024 901 4066 et
926 4014 1032 4068 alia
1082 4013 1224 4067 bona
1255 4028 1422 4082 opera
1448 4013 1883 4069 benedictionem
1919 4014 1973 4067 in

408 4099 580 4156 Deum
605 4102 865 4164 exordiri,
893 4112 1058 4172 atque
1111 4105 1188 4158 ita
1214 4105 1362 4158 illam
1402 4119 1668 4159 coronare
1712 4105 1766 4158 in
1791 4105 1976 4159 futuro

410 4189 631 4249 saeculo.
668 4197 728 4243 ut
757 4189 942 4258 impiis
967 4198 1023 4243 et
1050 4190 1363 4246 inﬁdelibus
1391 4190 1562 4245 Deum
1600 4191 1711 4246 illic
1753 4191 1976 4246 laudare

410 4278 720 4332 nullatenus
747 4281 1099 4334 concedatur.
1128 4281 1421 4347 Sciendum
1453 4290 1655 4347 autem,
1682 4283 1975 4338 nonnullos

2080 3129 2207 3178 νος.
2224 3113 2517 3182 Σφραγίζει
2534 3114 2629 3165 καὶ⁵
2642 3112 2735 3165 νῦν
2757 3114 2835 3175 είς
2848 3112 3194 3183 εὐχαριστίαν
3225 3111 3322 3182 τὴν
3356 3111 3647 3181 προκειμέρ

2079 3220 2176 3274 νην
2201 3203 2364 3273 ᾠδήν.
2413 3204 2544 3256 Ἀπὸ
2588 3202 2679 3255 τοῦ
2724 3203 3009 3273 παρόντος,
3058 3203 3239 3273 φησὶν,
3271 3205 3350 3265 είς
3392 3202 3484 3255 τὸν
3513 3202 3644 3272 μέλ-

2077 3289 2237 3345 λοντα
2260 3307 2274 3323 ο
2301 3290 2492 3344 οὐκοῦν
2518 3290 2627 3343 ἀπὸ
2652 3291 2750 3359 μὲν
2779 3288 2873 3342 τοῦ
2898 3289 3164 3359 παρόντος
3195 3291 3228 3359 ἠ
3270 3289 3487 3358 εὐλογία
3512 3291 3644 3362 παρ’

2078 3380 2233 3451 ἡμῶν
2252 3382 2331 3443 είς
2356 3380 2445 3434 τὸν
2472 3379 2602 3432 Θεὸν
2631 3379 2878 3449 ἄρχεται,
2900 3377 3200 3431 τελειοῦται
3224 3377 3281 3431 δὲ
3321 3379 3378 3430 ὲν
3406 3378 3484 3448 τῷ
3515 3377 3644 3448 μέλ-

2076 3470 2221 3523 λοντι
2240 3471 2339 3524 ’ἐκ
2377 3469 2599 3538 μέρους
2626 3469 2732 3539 γὰρ
2761 3467 3155 3537 γινώσκομεν,
3206 3468 3309 3522 καὶ
3335 3469 3404 3522 ἐκ
3421 3468 3645 3538 μέρους

2077 3548 2675 3629 πρὸφητεύομενῷθεν
2697 3559 2866 3611 καὶὲκ
2889 3558 3086 3629 μέρους
3105 3558 3452 3629 εὐλογοῦμεν·
3469 3562 3646 3613 Ὅταν

2076 3649 2144 3702 δὲ
2157 3650 2304 3717 ἔλθῃ
2322 3649 2387 3704 τὸ
2400 3648 2816 3719 castaneam!
2830 3650 2857 3703 ὁ
2872 3649 3104 3713 Παῦλος,
3121 3648 3187 3702 τὸ
3196 3649 3264 3702 ἐκ
3283 3647 3505 3717 μέρους
3516 3665 3648 3701 κατ-

2075 3738 2492 3808 αργηθήσεται.
2516 3740 2593 3810 Τῇ
2612 3739 2721 3810 γὰρ
2759 3742 2851 3793 ἐπὶ
2874 3740 2935 3793 τὸ
2966 3741 3150 3811 μεῖζον
3175 3743 3422 3811 προκοπῇ
3449 3739 3513 3794 τὸ
3537 3740 3647 3793 ἀπὸ
3716 3804 3721 3809 ο

2082 3830 2280 3900 μέρους
2302 3829 2555 3895 παύεται.
2572 3829 2670 3883 Διὰ
2691 3830 2889 3884 τοῦτοό
2909 3831 3207 3903 Ψαλμῳδὸς
3231 3832 3500 3902 ἐπήγαγε,
3541 3829 3649 3884 Γέ-

2077 3935 2258 3981 νοιτο,
2281 3916 2529 3988 γένοιτο,
2562 3920 2657 3972 καὶ
2678 3918 3016 3983 διπλασιάζει
3037 3920 3134 3990 τὴν
3159 3919 3342 3989 εὐχήν.
3360 3918 3647 3990 Μακάριον

2077 4009 2186 4079 γὰρ
2199 4008 2448 4063 ἐντεῦθεν
2461 4009 2559 4079 τῆς
2574 4010 2822 4078 εὐλογίας
2840 4011 2939 4081 τῆς
2960 4014 3038 4076 είς
3051 4012 3142 4064 τὸν
3158 4010 3289 4064 Θεὸν
3308 4011 3396 4064 διὰ
3411 4010 3647 4071 πίστεως

2079 4100 2294 4170 καὶτῆς
2317 4099 2424 4153 τῶν
2454 4099 2629 4157 ἄλλων
2660 4101 2882 4169 ἀγαθῶν
2917 4101 3306 4171 κατορθώσεως
3342 4098 3642 4171 ἄρξασθαι,

2078 4189 2221 4243 οὕτω
2248 4207 2308 4244 τε
2339 4190 2508 4261 αὐτὴν
2539 4192 2877 4259 στεφανῶσαι
2929 4194 3008 4255 είς
3036 4191 3126 4244 τὸν
3171 4189 3347 4244 αἰῶνα
3391 4188 3483 4242 τὸν
3518 4187 3648 4259 μὲλ-

2078 4284 2259 4348 λοντα,
2288 4285 2363 4349 ὡς
2400 4286 2454 4338 οῖ
2486 4302 2550 4354 γε
2584 4285 2800 4349 ἀσεϐεῖς
2835 4285 2930 4341 καὶ
2969 4285 3185 4340 ἄπιστοι
3240 4283 3480 4350 εὐλογεῖν
3528 4283 3648 4334 ἐκεῖ

411 4369 556 4423 hanc
588 4368 923 4438 psalmorum
950 4370 1287 4440 prophetiam
1316 4370 1370 4424 in
1418 4371 1590 4427 libros
1619 4373 1860 4443 quinque
1887 4373 1972 4428 di-

2085 4370 2170 4424 τὸν
2208 4371 2339 4426 Θεὸν
2370 4374 2470 4426 οὐκ
2511 4372 2914 4443 ὲπιτρέπονται.
2952 4374 3164 4427 Είδέναι
3206 4372 3263 4425 δὲ
3296 4371 3395 4436 δεῖ,
3430 4372 3512 4424 ὅτι
3542 4369 3645 4440 τὴν

408 4458 627 4513 videre:
658 4467 823 4527 atque
877 4461 944 4514 ad
990 4460 1136 4515 hunc
1186 4476 1362 4528 usque
1418 4463 1686 4530 psalmum
1736 4466 1973 4533 priorem

406 4549 778 4613 constituere;
834 4548 962 4618 quia
991 4550 1044 4603 in
1086 4549 1194 4604 line
1233 4551 1662 4606 benedictionem
1713 4554 1766 4607 in
1803 4553 1973 4609 Deum

408 4653 505 4691 seu
528 4652 785 4693 coronam
824 4639 1003 4694 habet.
1030 4638 1185 4696 Unde
1215 4642 1381 4695 etiam
1408 4643 1489 4698 sic
1516 4652 1808 4713 sequentes
1839 4660 1975 4715 qua-

410 4737 537 4782 tuor
562 4728 895 4798 partiuntur.

549 4903 602 4957 1.
642 4902 702 4956 1η
747 4905 903 4973 linem
933 4907 1002 4959 ad
1052 4907 1454 4977 intelligentiam
1503 4910 1632 4979 ﬁliis
1665 4908 1823 4965 Core.

932 4995 1271 5055 PSALMUS
1297 4988 1453 5055 XLI.
1739 5001 1746 5009 ’

981 5088 1381 5158 Argumentum.

405 5175 558 5230 Sacri
584 5174 737 5231 fuere
768 5186 1023 5232 cantores
1058 5180 1154 5233 ﬁlii
1176 5164 1339 5244 core,
1371 5188 1575 5235 canunt
1608 5190 1791 5236 autem
1823 5197 1957 5237 can-

485 5267 651 5320 ticum
677 5268 745 5322 ab
770 5269 1086 5322 auctoribus
1098 5278 1402 5338 acceptum,
1424 5270 1716 5326 videlicet:
1742 5270 1968 5338 Davide,

477 5365 599 5418 quae
624 5353 679 5406 in
718 5355 1008 5423 postremis
1052 5358 1387 5425 temporibus
1425 5359 1727 5414 obventura
1786 5369 1972 5416 essent

482 5438 873 5506 signiﬁcantes.
906 5442 1175 5499 lnducunt
1197 5447 1361 5501 etiam
1390 5447 1564 5517 ipsius
1590 5448 1807 5508 lsraelis
1843 5467 1969 5521 per-

484 5614 529 5646 “
555 5617 572 5671 1
599 5616 726 5671 Cor;
753 5635 871 5685 xiii,
890 5623 942 5677 9.
1026 5624 1064 5656 “
1091 5623 1220 5678 ibid.
1254 5625 1338 5681 10.

2079 4459 2361 4532 ψαλμικὴν
2414 4462 2618 4533 ταύτην
2663 4465 2998 4535 προφητείαν
3050 4464 3132 4526 εἰς
3180 4462 3341 4515 πέντε
3380 4461 3522 4524 τινὲς
3565 4460 3648 4514 δι-

2080 4550 2288 4614 ελόντες
2317 4552 2548 4621 βίϐλους,
2592 4554 2751 4625 μέχρι
2779 4555 2966 4608 τούτου
2995 4553 3091 4606 τοῦ
3127 4552 3341 4623 ψαλμοῦ
3373 4552 3473 4623 τὴν
3490 4549 3647 4623 πρώ-

2078 4656 2178 4708 την
2209 4640 2519 4709 νομίζουσιν
2559 4658 2574 4672 ·
2626 4642 2812 4713 ἐπειδὴ
2863 4642 2999 4711 πρὸς
3048 4642 3127 4713 τῷ
3180 4638 3324 4694 τέλει
3382 4641 3647 4710 στέφανον

2080 4728 2271 4800 ὥσπερ
2319 4731 2417 4801 τὴν
2447 4731 2694 4800 εὐλογίαν
2734 4734 2832 4804 τὴν
2877 4736 2957 4798 είς
3005 4733 3136 4787 Θεὸν
3167 4733 3449 4804 κέκτηται.
3480 4731 3647 4786 Ὅθεν

2080 4818 2223 4872 οὕτω
2248 4820 2512 4892 διαιροῦσι
2539 4823 2631 4876 καὶ
2662 4823 2758 4887 τὰς
2789 4824 3048 4897 ὑπάρξεις
3082 4825 3181 4887 τὰς
3211 4824 3499 4893 τέσσαρας-

2143 4911 2246 4974 Εις
2274 4911 2340 4964 τὸ
2367 4911 2540 4977 τέλος
2562 4916 2650 4980 εἰς
2673 4915 2930 4970 σύνεσιν
2952 4906 3076 4981 τοῖς
3089 4914 3241 4982 υἱοῖς
3264 4915 3370 4968 τοῦ
3400 4912 3572 4981 Κορὲ.

2626 5008 2930 5061 ΨΑΛΜΟΣ
2963 5011 3100 5061 MA’.

2700 5097 2712 5116 '
2725 5098 3032 5163 Υπόθεσις.
3442 5140 3445 5143 .

2089 5185 2416 5258 Ἰεροψάλται
2450 5187 2550 5256 μὲν
2592 5188 2875 5257 γεγόνασιν
2906 5192 2954 5243 oi
2993 5189 3087 5245 τοῦ
3130 5190 3275 5261 Κορὲ
3303 5189 3427 5250 ulo‘t,
3455 5186 3648 5258 ᾅδουσι

2151 5274 2210 5328 δὲ
2236 5276 2337 5347 τὴν
2362 5276 2505 5349 ᾠδὴν
2548 5276 2801 5342 λαϐόντες
2861 5280 3014 5351 παρά
3064 5281 3174 5333 τῶν
3211 5279 3511 5333 συνθέντων
3545 5277 3651 5332 αὐ-

2150 5365 2269 5435 τὴν,
2304 5367 2547 5421 τουτέστι
2576 5367 2671 5421 τοῦ
2718 5369 2899 5433 Δαυῒδ,
2926 5371 2995 5425 τά
3044 5372 3131 5425 ἐπ’
3160 5371 3399 5442 ἐσχάτων
3435 5367 3648 5439 σημαί-

2146 5472 2328 5520 νοντες
2363 5458 2469 5513 τῶν
2510 5460 2736 5532 καιρῶν.
2772 5463 3098 5535 Είσφὲρουσι
3138 5463 3195 5516 δὲ
3244 5462 3305 5515 τὸ
3343 5459 3508 5516 αὐτοῦ
3545 5459 3648 5513 τοῦ
