3976 6220
285 284 388 340 20!

1398 279 1758 339 EXPOSITIO
1794 272 1863 334 IN
1900 272 2230 338 PSALMUM
2271 273 2408 335 XLI.

3413 278 3520 336 SM

369 406 589 478 Ἰσραὴλ
634 404 924 478 πρόσωπον
966 403 1453 476 ὲςομολογούμενον
1505 402 1726 476 Χριστῷ
1769 402 1857 456 διὰ

2035 416 2225 457 sonam
2274 401 2495 456 Christo
2536 415 2631 471 per
2687 402 3053 471 pceuitenttam
3125 400 3469 456 conﬁtentem
3501 443 3520 467 ,

359 499 458 569 τῆς
511 496 926 568 μεταγνώσεως,
957 493 1030 569 ἧς
1072 498 1388 567 ποιήσονται
1438 496 1532 549 ἐπὶ
1580 494 1861 565 συντελείᾳ

357 588 468 642 τῶν
491 589 728 646 αἰώνων.

368 680 478 732 Ὃν
519 680 745 746 τρόπον
776 677 892 749 (14)
935 677 1209 733 ἐπιποθεῖ
1333 677 1561 746 ἔλαφος
1607 675 1705 729 ἐπὶ
1750 676 1863 741 τὰς

292 769 493 839 πηγὰς
522 760 643 823 τῶν
669 770 923 834 ὑδάτων,
951 770 1139 836 οὕτως
1178 769 1449 825 ἐπιποθεῖ
1473 770 1511 836 ἠ
1545 767 1715 839 ψυχή
1744 784 1863 836 μου

293 860 445 929 πρὸς
492 863 590 923 σὲ,
630 864 663 915 ό
696 862 858 927 Θεός.
902 861 968 915 At
1014 862 1229 930 λογικαὶ
1251 861 1458 931 ἔλαφοι,
1488 858 1864 929 διαλειπούσης

293 952 467 1015 αὐτὰς
494 951 582 1005 διὰ
624 951 724 1015 τὰς
753 951 984 1021 ἀνομίας
1018 951 1116 1023 τῆς
1145 953 1340 1024 νοητῆς
1367 953 1567 1023 πηγῆς
1606 949 1865 1003 ἀπεκλαί-

293 1059 417 1096 οντο
445 1043 641 1106 νυκτὸς
666 1042 759 1096 καί¹
791 1041 909 1113 μεθ’
943 1041 1156 1115 ἡμέραν
1180 1042 1277 1114 τὴν
1299 1042 1572 1097 ἀπώλειαν
1606 1040 1833 1095 ἑαυτῶν.

362 1154 515 1207 Πότε
544 1153 669 1222 ἥξω
688 1193 703 1217 ,
754 1153 852 1207 καί
903 1153 1241 1223 ὀφθήσομαι
1289 1153 1370 1221 τῷ
1421 1155 1718 1223 προσώπῳ
1757 1152 1863 1207 τοῦ

291 1240 486 1305 Osci};
534 1242 830 1314 Πρόσωπον
861 1242 955 1296 τοῦ
986 1241 1120 1296 Θεοῦ
1168 1243 1199 1295 ὀ
1250 1242 1439 1310 Λόγος.
1488 1242 1748 1314 Σημαίνει
1802 1241 1864 1294 τὸ

290 1334 413 1387 λίαν
462 1332 748 1404 ἐπιθυμεῖν
781 1334 976 1398 αὐτοὺς
1006 1334 1085 1395 είς
1118 1333 1309 1404 καιρὸν
1334 1332 1625 1403 ἀφικέσθαι
1669 1333 1865 1396 αὐτοὺς

290 1424 416 1478 καθ’
445 1424 506 1477 δν
530 1426 625 1478 καὶ
648 1427 681 1495 ὴ
714 1423 891 1477 αὐτῶν
922 1423 1073 1479 ἔσται
1107 1425 1299 1496 κλῆσις
1323 1444 1336 1456 ·
1361 1424 1501 1478 ὥστε
1535 1425 1627 1476 καὶ
1666 1424 1863 1486 αὐτοὺς

286 1518 557 1586 ἐμφανεῖς
580 1514 829 1582 γενέσθαι
875 1514 953 1586 τῷ
1003 1515 1277 1588 προσώπῳ
1322 1515 1414 1569 τοῦ
1466 1514 1599 1569 Θεοῦ
1635 1516 1728 1569 καὶ
1753 1515 1863 1568 Πα-

290 1606 437 1675 τρός.
473 1605 728 1657 Ταυτὸδέ
763 1608 876 1658 ἐστι
899 1607 993 1659 καὶ
1022 1605 1084 1657 τὺ
1110 1604 1202 1658 τοῦ
1236 1604 1388 1658 Υίοῦ.

2031 509 2195 563 quam
2273 494 2327 547 in
2414 494 2888 548 consummatione
2949 494 3272 547 saeculorum
3345 495 3520 548 acturi

2031 599 2177 651 sunt.
3500 573 3515 591 ⁸

2029 675 2086 729 2.
2117 677 2571 741 Quemadmodum
2588 676 2851 730 desiderat
2870 692 3048 729 cervus
3072 676 3141 728 ad
3164 677 3333 743 fontes
3351 690 3521 743 aqua—

1961 774 2102 831 rum,
2125 766 2204 818 ita
2231 766 2495 820 desiderat
2518 767 2695 820 anima
2718 783 2834 820 mea
2867 768 2937 819 ad
2969 776 3037 827 te,
3070 765 3232 820 Deus.
3262 765 3523 819 Rationa-

1961 855 2098 911 biles
2128 860 2295 922 cervi,
2360 859 2643 914 deficiente
2693 860 2857 928 ipsis',
2921 869 3262 928 peccatorum
3325 874 3520 925 causa,

1962 949 2228 1016 spirituali
2260 948 2427 1017 fonte,
2463 962 2623 1007 noctu
2651 952 2844 1022 dieque
2889 970 3042 1007 suam
3080 954 3372 1023 perniciem
3429 954 3522 1006 de-

1961 1038 2265 1106 plorabant.

2032 1150 2087 1205 5.
2128 1150 2351 1216 Quando
2382 1152 2583 1208 veniam
2617 1164 2666 1209 et
2692 1156 2952 1226 apparebo
3009 1167 3130 1211 ante
3163 1159 3352 1226 [aciem
3383 1158 3479 1211 Dei
3499 1159 3525 1211 .'

1961 1234 2151 1297 Facies
2189 1240 2367 1298 Patris
2408 1236 2665 1303 Verbum.
2697 1245 2793 1303 His
2818 1249 3151 1319 signiﬁcatur
3186 1266 3396 1305 summe
3422 1268 3518 1304 ex-

1962 1341 2143 1399 petere
2166 1332 2287 1387 illos
2317 1348 2383 1386 eo
2415 1343 2658 1404 tempore
2683 1346 2807 1391 ante
2833 1349 3185 1408 conspectum
3210 1339 3302 1393 Dei
3327 1356 3523 1396 occur-
3546 1336 3549 1343 ’

1965 1436 2082 1476 rere
2114 1436 2223 1492 quo
2249 1424 2423 1478 vocati
2451 1424 2673 1491 fuerint,
2710 1434 2769 1482 ut
2795 1440 3147 1497 compareant
3173 1440 3300 1486 ante
3327 1431 3518 1487 faciem

1961 1510 2167 1568 Patris:
2198 1528 2320 1584 quae
2348 1515 2536 1569 eadem
2560 1515 2676 1585 ipsa
2707 1525 2790 1570 est
2807 1525 2969 1587 atque
2994 1515 3137 1571 Filii.

374 1718 474 1769 Ἐν
514 1712 687 1786 φωνῇ
753 1717 1166 1788 ἀγαλλιάσεως
1213 1716 1311 1771 καὶ
1366 1713 1856 1786 ἑξομολογήσεως

2035 1706 2086 1765 5.
2120 1707 2187 1765 In
2218 1728 2338 1767 voce
2359 1714 2730 1771 exsultationis
2751 1730 2799 1773 et
2832 1720 3178 1788 confessionis
3208 1738 3365 1775 sonus
3397 1739 3521 1788 epu-

290 1806 484 1877 ἤχους
529 1806 923 1877 ἐορτὰζοντος.
973 1808 1505 1880 Προευαγγελίζεται
1552 1808 1741 1861 ἑαυτὸν
1788 1808 1863 1871 ὡς

288 1901 350 1951 ὲν
377 1897 557 1969 καιρῷ
580 1899 898 1969 τευξόμενος
923 1899 1021 1969 τῆς
1056 1897 1146 1952 διὰ
1178 1897 1410 1972 Χριστοῦ
1468 1898 1740 1971 σωτηρίας
1768 1898 1863 1951 καὶ

292 1990 462 2060 ζωῆς,
493 1990 591 2044 καὶ
614 1993 734 2054 ταῖς
758 1990 930 2055 θείαις
962 1990 1154 2056 αὐλαῖς
1183 1988 1319 2065 ὁμοῦ
1348 1993 1460 2055 τοῖς
1487 1990 1667 2057 ἄλλοις
1689 1991 1863 2062 ἁγίοις

292 2081 786 2153 ἒνδιαιτησόμενος.

364 2193 493 2247 Ἵνα
522 2194 582 2247 τι
612 2193 946 2263 περίλυπος
975 2190 1049 2258 εἴ,
1082 2195 1122 2262 ἠ
1154 2195 1324 2265 ψυχή
1360 2213 1500 2266 μου,
1542 2197 1640 2250 καὶ
1673 2198 1774 2251 ἵνα
1807 2196 1864 2251 τί

291 2283 742 2353 συνταράσσεις
787 2303 895 2355 pe;
939 2286 1198 2357 Ἐπιτιμᾷ
1245 2290 1363 2351 ταῖς
1411 2287 1609 2352 λύπαις
1658 2290 1723 2360 τῇ
1784 2290 1865 2352 εἰς

292 2376 529 2447 Χριστὸν
549 2376 724 2431 ἐλπίδι
752 2378 1075 2451 ὀχυρόμενος
1088 2378 1247 2453 (μ’).
1264 2380 1326 2433 Et
1347 2381 1659 2452 τετήρηται,
1678 2381 1862 2452 φησιν,

290 2460 340 2522 ὦ
368 2467 542 2538 ψυχὴ,
578 2469 769 2540 καιρὸς
800 2469 922 2523 καθ’
947 2469 1006 2523 ὃν
1036 2473 1069 2542 ἡ
1116 2470 1205 2524 διὰ
1228 2470 1462 2533 πίστεως
1493 2469 1649 2541 ἡμῶν
1674 2470 1865 2540 κλῆσις

292 2560 504 2629 είσάγοι
550 2562 697 2631 ἡμᾶς
733 2561 871 2632 μετὰ
909 2560 1017 2616 τῶν
1049 2560 1412 2634 ἑορταζόντων
1456 2563 1537 2626 είς
1584 2564 1682 2634 τὴν
1731 2579 1865 2633 σκη-

292 2653 412 2722 νὴν,
452 2651 547 2706 διὰ
585 2653 642 2706 τί
683 2652 978 2723 περίλυπος
1016 2650 1087 2721 εἴ,
1130 2656 1221 2708 καὶ
1262 2654 1581 2727 κατατρύχῃ
1606 2657 1728 2718 ταῖς
1767 2654 1862 2709 λύι-

294 2758 460 2806 παινςῖ

365 2834 469 2888 Διὰ
493 2833 675 2888 τοῦτο
694 2833 1125 2906 μνησθήσομαι
1153 2853 1269 2891 σου
1304 2838 1375 2890 ἐκ
1413 2837 1527 2907 γῆς
1573 2837 1864 2907 Ἰορδάνου

292 2927 390 2982 καὶ
434 2927 773 2996 Ἐρμωνιεὶμ
796 2927 914 2982 ἀπὸ
943 2929 1120 2998 ὄρους
1136 2930 1376 2999 μικροῦ.
1424 2931 1640 3002 Ἐπειδὴ
1675 2931 1865 3003 ἐταρά-

1965 1802 2150 1857 (antis.
2197 1802 2313 1858 Sibi
2346 1806 2446 1874 ipsi
2488 1810 2818 1875 praenuntiat
2863 1810 3101 1865 futurum
3138 1822 3196 1865 ut
3228 1813 3523 1882 aliquando

1965 1908 2061 1963 per
2089 1893 2363 1949 Christum
2400 1894 2630 1952 salutem
2664 1908 2719 1953 et
2756 1900 2920 1955 vitam
2973 1914 3359 1973 consequatur,
3385 1916 3437 1959 et
3470 1909 3521 1960 in

1963 1984 2146 2040 divina
2175 1986 2297 2041 aula
2332 2004 2440 2045 una
2479 2007 2602 2046 cum
2653 1992 2775 2048 aliis
2811 1995 3017 2049 sanctis
3066 1995 3289 2049 habitet.

2050 2197 2104 2250 6.
2131 2198 2308 2264 Quare
2338 2200 2511 2253 tristis
2538 2216 2616 2265 es,
2651 2200 2830 2253 anima
2857 2216 2995 2264 mea,
3026 2209 3078 2254 et
3115 2217 3279 2271 quare
3307 2210 3528 2255 contur—

1966 2285 2059 2341 bas
2083 2304 2163 2341 me
2186 2289 2211 2341 .9
2238 2287 2539 2344 Tristitiam
2563 2290 2913 2358 reprehendit
2942 2304 3038 2360 spe
3070 2305 3197 2361 erga
3242 2290 3521 2345 Christum

1964 2379 2229 2433 munitus.
2262 2376 2317 2432 Si
2346 2389 2620 2434 servatum
2650 2389 2754 2442 est,
2780 2380 2974 2449 inquit,
3007 2390 3240 2446 tempus,
3272 2396 3304 2433 ο
3342 2381 3525 2433 anime

1965 2484 2108 2534 mea,
2131 2484 2243 2539 quo
2266 2472 2481 2525 vocatio
2515 2486 2611 2539 per
2643 2472 2801 2525 Iidem
2839 2480 3026 2526 nostra
3074 2472 3381 2526 introducet
3420 2487 3522 2525 nos

1965 2576 2090 2616 cum
2119 2560 2318 2617 festum
2356 2564 2715 2633 agentibusin
2737 2563 3148 2619 tabernaculum
3172 2565 3327 2627 illud,
3351 2580 3526 2635 quare

1964 2654 2139 2710 tristis
2162 2670 2244 2719 es,
2276 2663 2331 2710 et
2353 2670 2452 2709 cur
2475 2655 2662 2710 dolore
2692 2657 3014 2711 maceraris?

2045 2830 2095 2884 7.
2121 2829 2407 2902 Propterea
2435 2849 2631 2887 memor
2679 2849 2767 2887 ero
2817 2834 2896 2887 tui
2925 2834 2990 2888 de
3022 2843 3163 2889 terra
3203 2834 3457 2889 Jordanie
3480 2843 3529 2888 et

1967 2922 2295 2979 Hermoniim
2314 2944 2346 2979 a
2372 2935 2543 2980 monte
2558 2928 2780 2981 modico.
2800 2925 3269 2997 Quandoquidem,
3287 2928 3383 2991 ait,
3410 2937 3529 2980 tur-

301 3019 431 3089 χθη,
458 3019 649 3088 φησιν,
670 3020 703 3090 ή
721 3018 865 3090 ψυχή
908 3037 1030 3091 μου,
1052 3021 1464 3093 ἀναμνήσαντός
1502 3040 1600 3093 μου
1633 3023 1864 3094 ἐμαυτὸν

1975 3012 2092 3067 hata
2112 3023 2196 3068 est
2230 3015 2411 3070 anima
2459 3030 2601 3082 mea,
2647 3016 2775 3070 dum
2825 3016 2957 3069 mihi
2993 3016 3046 3069 in
3087 3016 3407 3071 memoriam
3445 3033 3530 3071 re-

294 3102 405 3157 τῶν
433 3102 546 3157 σῶν
574 3103 911 3176 θαυμασίων,
931 3102 1005 3160 ὧν
1032 3124 1091 3161 τε
1133 3110 1274 3163 κατὰ
1301 3110 1393 3164 τὸν
1428 3111 1697 3183 Ἰορδάνην
1732 3115 1863 3183 ἡμῖν

294 3195 523 3262 ἔδειξας,
540 3189 616 3248 ὧν
640 3214 701 3249 τε
723 3196 864 3250 κατὰ
883 3198 943 3251 τὸ
963 3197 1087 3269 ὅρος
1102 3200 1162 3252 τὸ
1193 3199 1458 3272 Ἀερμὼν,
1474 3203 1866 3274 παραμυθήσο-

294 3305 397 3356 μαι
432 3288 691 3359 ἐμαυτόν.
727 3288 798 3341 Ἣ
840 3288 1010 3353 οὕτως
1032 3308 1046 3321 ·
1093 3290 1417 3362 Γενόμενος,
1465 3295 1626 3365 φησὶν
1650 3336 1663 3358 ,
1698 3298 1757 3347 ὲν
1790 3294 1867 3366 τῷ

309 3379 570 3452 Ἰορδάνῃ,
600 3380 873 3434 τουτέστιν
903 3380 1154 3448 ἀξιωθεὶς
1171 3383 1261 3437 τοῦ
1284 3378 1437 3453 ἁγίου
1472 3385 1863 3457 βαπτίσματος,

292 3470 358 3523 τὸ
377 3470 685 3541 τηνικαῦτά
716 3488 808 3526 σου
842 3473 1223 3546 μνησθήσομαι
1253 3474 1340 3528 διὰ
1370 3476 1463 3529 τοῦ
1500 3479 1565 3547 ρή
1575 3494 1740 3547 ματος
1763 3476 1863 3547 τῆς

290 3562 606 3632 ὁμολογίας.
669 3565 1064 3635 Μνησθήσομαι
1107 3566 1166 3619 δὲ
1216 3566 1313 3620 καὶ
1358 3567 1453 3621 τοῦ
1513 3569 1865 3640 Ἑρμωνιείμ.

308 3652 718 3724 Ἑρμωνιεὶμδὲ
741 3654 1099 3726 ἑρμηνεύεται
1128 3655 1268 3722 ὁδὸς
1281 3658 1535 3726 λύχνου,
1579 3658 1653 3722 ὼς
1682 3659 1775 3712 τοῦ
1808 3661 1869 3713 ἁ-

293 3744 416 3811 γίου
443 3744 821 3815 βαπτίσματος
846 3746 961 3799 ὁδὸν
985 3746 1165 3810 αὐτοῖς
1189 3746 1496 3815 ἀνοίγοντος
1526 3750 1829 3819 φωτισμοῦ.

391 3838 674 3902 Αϐυσσος
696 3836 972 3892 ἄϐυσσον
996 3838 1360 3893 ἐπικαλεῖται
1395 3842 1483 3905 εὶς
1518 3840 1727 3909 φωνὴν
1753 3840 1870 3893 τῶν

296 3928 683 3997 κατερεικτῶν
719 3930 1112 4001 σου.ξἘτέρων
1139 3931 1297 3985 πάλιν
1340 3930 1651 4003 θαυμασίων
1676 3933 1871 4003 ἀναμι-

300 4021 639 4090 μνήσκουσιν
673 4020 918 4084 ἑαυτούς.
955 4022 1084 4075 Ὅτε
1112 4023 1221 4094 γὰρ
1246 4020 1530 4091 ἀλλόφυλοι
1561 4024 1868 4095 κατεστράκ

296 4128 498 4165 τευσαν
528 4110 728 4177 αὐτῶν,
759 4112 1055 4183 γενομένης
1084 4113 1224 4183 ὑπὲρ
1258 4112 1438 4167 αὐτῶν
1483 4113 1673 4178 θυσίας
1721 4111 1870 4186 παρὰ

298 4203 393 4256 τοῦ
433 4202 707 4272 Σαμουὴλ,
765 4203 1068 4275 κατηνέχθη
1125 4205 1264 4258 κατὰ
1306 4205 1414 4258 τῶν
1447 4206 1719 4277 πολεμίων
1772 4208 1870 4277 χά-

295 4294 439 4359 λαζα
468 4294 731 4365 τοσαύτη,
766 4296 841 4360 ὡς
867 4296 993 4359 τοὺς
1024 4295 1249 4367 ἐχθροὺς
1271 4297 1454 4368 σχεδὸν
1481 4298 1744 4365 ἅπαντας,
1780 4301 1870 4352 ού·-

296 4387 449 4451 om;
481 4387 665 4450 αὐτοῖς
694 4385 994 4458 ἀνθρώπων
1041 4388 1369 4459 μαχομένου,
1425 4394 1630 4443 πεσεῖν.
1669 4390 1870 4443 Ἀϐυσ·
1897 4422 1951 4483 D

300 4495 394 4531 σον
418 4476 604 4531 τοίνυν
639 4478 726 4530 ἐπ’
759 4478 980 4548 ὰόύσσῳ
1008 4479 1305 4553 τρέχουσαν
1341 4480 1495 4533 καλεῖ
1516 4482 1614 4552 τὴν
1647 4483 1743 4552 τῆς
1776 4501 1872 4553 χα-

297 4570 471 4640 λάζης
490 4570 681 4641 φοράν.
715 4569 790 4623 Τδ
820 4570 897 4632 δὲ,
933 4550 1300 4625 ἐπικαλεῖται
1319 4613 1334 4636 ,
1378 4573 1499 4625 ἀντὶ
1542 4550 1655 4637 τοῦ,

294 4661 516 4715 defeat.
547 4662 725 4714 Φωναὶ
755 4661 812 4714 δὲ
844 4661 951 4714 τῶν
992 4661 1350 4735 καταρακτῶν
1384 4665 1442 4716 αι
1472 4662 1580 4717 τῶν
1622 4664 1872 4735 χαλαζῶν

298 4754 469 4822 φοραὶ
493 4751 732 4822 νοηθεῖεν
759 4753 842 4806 ἄν.
889 4751 1146 4824 Ἀλλαχοῦ
1178 4753 1235 4807 δὲ
1264 4755 1641 4827 καταρράκται
1677 4758 1725 4809 οἱ
1775 4756 1870 4810 τοῦ

294 4843 437 4897 Θεοῦ
457 4841 755 4914 προφῆται.
779 4842 1005 4910 Πάντες
1027 4847 1082 4898 οι
1105 4848 1500 4915 μπεωρισμοί
1535 4862 1651 4902 σου
1679 4849 1776 4902 καὶ
1802 4851 1875 4904 τὰ

297 4933 540 5004 κύματά
576 4949 690 4988 σου
718 4935 811 4988 ἐπ’
844 4934 949 5004 ἐμὲ
977 4934 1244 5004 διῆλθον.
1264 4924 1481 5009 Ἐτέρου
1505 4938 1666 4992 πάλιν
1685 4940 1875 4993 ἑαυτὸν

296 5025 710 5095 ἀναμιμνήσκει
755 5022 1049 5094 θαύματος.
1081 5026 1302 5098 Διῆλθον
1342 5026 1451 5098 γὰρ
1481 5027 1569 5081 διὰ
1598 5028 1875 5108 ’θαλάσσης

375 5308 487 5378 (14)
524 5311 629 5363 Ὃν
670 5309 928 5376 τρόπον,
972 5324 1025 5360 κ.
1054 5324 1105 5361 τ.
1136 5302 1188 5361 λ.
1236 5298 1388 5378 Huic
1436 5306 1615 5362 versui
1658 5307 1712 5360 in
1752 5307 1875 5362 cod.

296 5376 572 5433 Ambros:
601 5378 884 5448 sequentis
912 5376 1285 5448 interpretatio
1307 5383 1544 5448 aptatur,
1583 5391 1706 5448 cum
1725 5393 1879 5448 qua-

297 5450 428 5504 dam
468 5443 838 5518 discrepantia
889 5448 994 5518 sic:
1029 5443 1448 5518 Πρόσωποντού
1476 5444 1611 5498 Θεοῦ
1650 5448 1682 5518 ό
1724 5443 1881 5515 λόγος

382 5518 560 5587 μαίνει
587 5516 802 5573 τὸλίαν
835 5516 1123 5587 ἐπιθυμεῖν
1154 5516 1348 5587 αὐτοὺς
1388 5517 1473 5587 είς
1519 5516 1705 5587 καιρὸν
1751 5518 1881 5587 ὀιφιέ⁸

382 5536 560 5587 μαινει
587 5536 649 5573 το
678 5536 802 5573 Αιαν
835 5536 1123 5583 επιυυμειν
1154 5536 1348 5578 αυτους
1395 5536 1473 5577 εις
1519 5536 1705 5587 καιρον
1751 5536 1881 5586 αφι-

299 5536 536 5653 22601:,
569 5588 694 5644 καθ’
732 5588 793 5640 ὃν
833 5587 932 5640 καὶ
960 5585 1316 5656 αύτῶνᾼέσται
1350 5584 1540 5656 κλῆσις
1564 5602 1593 5656 '__
1615 5587 1755 5639 ὥστε
1792 5585 1882 5656 καὶ

299 5659 497 5723 αὐτοὺς
516 5660 791 5732 ¹ἐμφανεῖς
818 5655 1074 5726 γενέσθαι
1207 5654 1479 5725 προσώπῳ
1505 5654 1597 5707 τοῦ
1646 5655 1879 5726 Πατρός,

615 5773 897 5832 Parnm“
944 5767 1059 5828 Gn.
1108 5766 1364 5826 XXVI].

1888 3074 1937 3133 ϐ

1980 3105 2185 3159 vocabo
2211 3105 2479 3160 mirabilia
2508 3116 2763 3165 tua.cum
2795 3122 2855 3161 ea
2887 3122 3007 3176 quae
3029 3107 3081 3160 in
3109 3105 3366 3172 Jordane,
3417 3118 3531 3162 tum

1971 3209 2035 3249 ea
2060 3212 2180 3266 quae
2204 3197 2259 3250 in
2282 3207 2467 3251 monte
2488 3200 2721 3252 Aet-mon
2754 3199 3039 3253 ostendisti
3086 3200 3264 3264 nobis,
3306 3212 3534 3254 memet—

1973 3285 2152 3359 ips'um
2194 3291 2535 3345 consolabor.
2563 3293 2671 3344 Aut
2694 3291 2796 3345 hoc
2822 3293 2984 3346 modo
3015 3292 3183 3346 :Cum
3217 3292 3268 3344 in
3300 3290 3536 3347 .Iordane

1975 3379 2194 3442 fuerim.
2222 3381 2276 3434 id
2309 3391 2392 3435 est
2405 3397 2562 3436 sacro
2584 3381 2841 3452 dignatus
2866 3383 3211 3453 baptismate,
3241 3383 3423 3437 statim
3456 3384 3538 3438 tui

1974 3472 2301 3527 recordabor
2370 3472 2440 3527 oh
2502 3472 2864 3529 confessionis
2936 3474 3121 3527 verba.
3177 3472 3537 3541 ,Recnrhaha:

1974 3579 2192 3633 quoque
2214 3562 2584 3631 Hermoniim;
2625 3562 2959 3618 Hermoniim
3010 3575 3190 3618 autem
3236 3567 3536 3634 explicatur

1975 3658 2061 3710 via
2121 3657 2382 3721 lucernae,
2447 3658 2574 3726 quia
2631 3672 2846 3712 sacrum
2896 3658 3159 3727 baptisma
3209 3660 3346 3711 viam
3407 3658 3537 3726 ipsis

1976 3748 2149 3816 aperit
2182 3749 2248 3800 ad
2277 3749 2753 3802 illuminationem.

2052 3839 2107 3892 8.
2149 3838 2380 3909 Abyssus
2410 3839 2658 3906 abyssum
2686 3839 2888 3891 invocat
2914 3840 2968 3890 in
2995 3854 3113 3892 voce
3140 3847 3537 3891 cataractarum

1979 3940 2213 3984 tuarum.
2254 3930 2372 3984 Alia
2403 3932 2586 3985 itidem
2613 3930 2874 3984 miracula
2901 3940 3156 3983 revocant
3198 3931 3251 3983 in
3280 3940 3534 3984 mentem.

1978 4020 2112 4074 Nam
2143 4035 2268 4075 cum
2291 4020 2605 4089 alienigenae
2621 4019 2819 4073 bellum
2849 4028 3126 4073 moverent
3142 4019 3401 4072 adversus
3420 4034 3534 4082 eos,

1979 4127 2103 4166 cum
2135 4127 2328 4167 eorum
2364 4128 2529 4167 causa
2560 4112 2800 4167 oblatum
2834 4128 2860 4166 a
2912 4111 3164 4166 Samuele
3204 4110 3535 4166 sacriﬁcium

1980 4199 2199 4263 fuisset,
2232 4212 2380 4255 tanta
2406 4200 2644 4254 demissa
2687 4202 2770 4255 vis
2805 4202 3082 4271 grandinis
3101 4211 3203 4265 est,
3246 4213 3304 4256 ut
3331 4202 3538 4256 inimici

1977 4306 2145 4361 prope
2168 4305 2358 4344 omnes
2390 4292 2607 4345 nemine
2630 4301 2900 4361 pugnante
2925 4290 3200 4346 caderent.
3265 4290 3535 4362 Abyssum

1979 4381 2144 4450 igitur
2177 4396 2340 4450 super
2372 4381 2651 4452 abyssum,
2685 4381 2971 4451 grandinis
3021 4381 3417 4435 vehementiam
3457 4383 3542 4436 di-

1975 4473 2069 4527 cit.
2120 4469 2256 4525 lllud
2281 4480 2487 4534 autem,
2522 4473 2729 4525 invocat
2754 4487 2854 4541 pro
2885 4472 3106 4526 advocat
3136 4473 3393 4541 positum.
3427 4471 3532 4525 Vo-

1974 4580 2065 4620 ces
2099 4573 2281 4618 autem
2333 4573 2752 4629 cataractarum,
2792 4564 3073 4633 grandinis
3105 4565 3308 4619 imbres
3337 4565 3541 4620 intelli-

1975 4670 2093 4724 gas.
2133 4654 2283 4709 Alias
2314 4669 2443 4708 vero
2474 4662 2785 4719 cataractae,
2824 4653 2917 4707 Dei
2942 4655 3218 4724 prophetae
3256 4655 3542 4712 dicuntur.

1983 4744 2173 4799 Omnia
2197 4745 2404 4797 excelsa
2425 4756 2516 4797 tua
2537 4754 2584 4798 et
2604 4746 2802 4814 ﬂuctus
2827 4746 2905 4799 tui
2917 4762 3071 4815 super
3093 4763 3172 4800 me
3200 4751 3543 4801 transierunt.

1976 4836 2138 4909 Aliud
2198 4836 2326 4891 item
2358 4837 2680 4891 miraculum
2732 4837 2994 4891 memoria
3032 4838 3243 4907 repetit.
3285 4837 3419 4893 Nam
3450 4855 3546 4907 per

1977 4942 2151 4992 mare,
2197 4926 2496 4981 Pharaonis
2533 4928 2932 4996 improbitatem
2966 4927 3252 4998 fugientes,
3313 4931 3546 4984 transie-

1978 5029 2127 5075 runt.
2158 5016 2226 5073 Et
2252 5021 2594 5083 videbantur,
2627 5022 2722 5084 ait,
2764 5020 3024 5075 ﬂuctuum
3063 5024 3298 5083 excelsa,
3353 5022 3401 5075 id
3465 5030 3549 5075 est

1980 5300 2225 5355 τουτέστι
2253 5299 2330 5368 τῷ
2360 5298 2490 5370 Υἱῷ.
2530 5298 2743 5352 Vultum
2777 5298 2874 5351 Dei
2903 5314 3069 5370 sermo
3098 5292 3381 5364 signiﬁcat,
3409 5289 3546 5366 quod

1982 5373 2021 5424 ii
2044 5370 2327 5424 vehementi
2381 5369 2766 5441 ejus_tentporis
2819 5369 3060 5441 cupidine
3109 5370 3398 5420 teneantur,
3440 5372 3548 5441 quo

1985 5450 2214 5508 tempore
2244 5450 2292 5493 et
2316 5441 2418 5508 ipsi
2451 5438 2883 5508 advocabuntur;
2919 5438 2997 5489 ita
3035 5445 3089 5487 ut
3128 5442 3409 5501 praesentes
3433 5438 3547 5482 sint

1985 5507 2141 5580 faciei
2162 5507 2366 5580 Patris,
2384 5508 2440 5562 id
2465 5520 2543 5580 est
2578 5507 2746 5564 Filio.

2057 5572 2193 5650 (Μ’)
2224 5578 2286 5633 F.
2313 5569 2681 5650 ὀχυρούμενος
2712 5578 2792 5631 vel
2823 5573 3186 5645 ὠχυρομὲνος.
3223 5569 3384 5625 Εοιτ.

3233 5751 3267 5808 ’1
