3976 6220
420 272 531 330 Ξθε
762 322 766 327 .
1255 264 1311 321 S.
1356 261 1714 318 ATHANASH
1754 259 1907 317 OPP.
1946 259 1990 313 Ρη

2076 259 2127 315 ιδ
2164 260 2249 313 ιιι.
2288 250 2358 301 -έ-
2389 258 2779 317 EXEGETICA
3538 260 3646 315 2οᾹ

419 395 704 460 elationes,
731 394 785 447 in
812 405 907 446 eos
960 387 1108 443 ferri.
1159 386 1267 441 Sed
1316 385 1452 440 nihil
1507 384 1623 439 laesi
1669 392 1815 447 sunt,
1852 395 1977 434 nam

2085 379 2247 450 μέσον
2277 380 2377 450 τὴν
2419 378 2512 434 τοῦ
2560 378 2759 453 Φαραὼ
2812 378 3103 448 φεύγοντες
3155 378 3475 451 μοχθηρίαν.
3536 377 3649 430 Καὶ

420 502 579 560 aqua;
608 501 703 541 seu
733 497 924 539 murus
953 480 1249 550 coagulatae
1268 485 1416 532 sunt.

2084 468 2299 522 ἐδόκουν
2318 468 2416 539 μὲν
2439 472 2487 523 οἱ
2524 468 2631 523 τῶν
2659 468 2917 539 κυμάτων
2947 468 3336 539 μετεωρισμοὶ,
3368 464 3647 520 τουτέστιν

2083 563 2138 616 αἱ
2175 560 2429 631 ὑψώσεις,
2464 563 2585 613 κατ’
2610 559 2787 613 αὐτῶν
2822 558 3080 630 φέρεσθαι
3104 574 3119 590 ο
3148 557 3265 610 ἀλλ’
3293 557 3512 627 ἠδίκουν
3556 556 3648 609 ού-

2060 654 2167 707 ’δέν
2186 671 2200 684 ⁸
2236 652 2415 723 ἐπάγη
2449 652 2556 723 γὰρ
2581 652 2715 704 ὡσεὶ
2746 654 2919 722 τεῖχος
2943 649 3013 703 τὰ
3042 649 3229 704 ὕδατα.

476 744 767 820 ³[Αὺῃδειιε
793 744 1037 815 abyssum
1067 748 1296 796 invocat.
1330 725 1787 810 Abyssus‘l’ater,
1820 735 1982 806 abys-

2152 745 2474 817 [Ἅϐυσσος
2527 746 2804 799 ἄϐυσσον
2864 743 3247 797 ἐπικαλεῖται.
3312 740 3579 807 ’Δὸυσσος
3615 742 3647 794 ὁ

400 857 514 896 -δυε
561 840 752 896 Filius.
785 837 1031 907 Abyssus
1072 842 1421 904 peccatorum
1473 829 1693 885 invocat
1719 828 1970 899 abyssum

2080 837 2287 909 Πατὴρ,
2315 836 2549 901 ἄϐυσσος
2573 839 2602 890 ὁ
2659 836 2805 900 Υἱός.
2834 834 3103 898 Ἀϐυσσος
3130 836 3164 905 ἡ
3217 832 3326 886 τῶν
3357 832 3646 905 ἁμαρτιῶν

420 932 914 993 commiserationis
956 928 1073 994 Dei,
1145 936 1204 981 ut
1260 927 1375 996 ipse
1425 932 1708 995 peccatum
1763 921 1980 993 frangat
2079 929 2415 983 ἐπικαλεῖται
2441 929 2540 998 τὴν
2556 926 2786 983 ἄϐυσσον
2813 927 2912 997 τῆς
2946 926 3343 996 εὐσπλαγχνίας
3364 924 3458 978 τοῦ
3483 924 3642 988 Θεοῦ,

418 1031 647 1105 ejusque
701 1032 974 1088 auctores,
1041 1020 1278 1089 itemque
1333 1015 1889 1086 corruptionem;lac
1928 1014 1976 1069 si

2079 1023 2159 1085 είς
2191 1022 2251 1075 τὸ
2278 1021 2615 1093 καταῤῥάξαι
2638 1018 2737 1091 τὴν
2769 1021 3040 1093 ἁμαρτίαν
3069 1020 3163 1073 καὶ
3189 1018 3313 1082 τοὺς
3332 1016 3533 1088 ταύτης
3559 1019 3644 1070 αἰ-

416 1120 581 1184 dicat,
617 1115 824 1171 Moscst
860 1112 957 1167 tibi
989 1119 1067 1176 ut,
1105 1106 1483 1179 peccatoribus
1517 1104 1971 1175 supplicantibus,

2076 1117 2223 1179 τίους
2252 1114 2345 1168 καὶ
2372 1113 2470 1186 τὴν
2488 1113 2711 1186 φθοράν·
2735 1108 2844 1166 οἷον
2860 1114 2940 1166 ὅτι
2963 1111 3126 1175 Ἔθος
3142 1129 3223 1165 σοι
3254 1113 3365 1175 τοῖς
3385 1111 3643 1182 ἁμαρτω-

416 1209 601 1265 animo
623 1205 875 1261 llectaris.
909 1200 1115 1270 Ecquid
1161 1213 1260 1253 nos
1282 1197 1540 1269 ‘despicis
1579 1196 1674 1264 qui
1701 1195 1798 1250 tibi
1844 1210 1972 1263 pro-

2076 1208 2184 1271 λοίς
2208 1206 2478 1279 δεομένοις
2498 1225 2590 1261 σου
2617 1205 3074 1277 ἐπικάμπτεσθαι.
3124 1206 3233 1258 Καὶ
3260 1204 3347 1258 ἵνα
3392 1202 3444 1257 τί
3492 1203 3640 1274 ἡμᾶς

414 1300 723 1356 cumbimus
741 1296 799 1370 ἲ]

2077 1299 2448 1369 παραϐλέπεις
2482 1297 2921 1371 προσπίπτοντάς
2947 1314 3059 1362 σοις
3081 1296 3099 1368 ]

490 1392 540 1448 9.
568 1389 634 1444 In
656 1390 739 1442 die
764 1387 1032 1443 mandubit
1063 1385 1318 1440 Dominus
1342 1384 1760 1438 misericordiam
1796 1398 1968 1447 suam,

2158 1392 2398 1461 Ἡμέρας
2426 1390 2747 1444 ἐντελεῖται
2773 1391 2987 1458 Κύριος
3013 1388 3082 1443 τὸ
3112 1388 3284 1453 ἔλεος
3307 1388 3512 1452 αὐτοῦ,
3537 1385 3639 1441 καὶ

412 1494 459 1537 et
478 1494 627 1536 nocte
648 1481 911 1535 canticum
934 1480 1070 1546 eius.
1103 1477 1263 1532 Aliud
1312 1483 1577 1532 memorat
1620 1475 1964 1530 miraculum.

2073 1483 2296 1551 νυκτὸς
2327 1482 2449 1552 ᾠδὴ
2474 1484 2684 1537 αὐτοῦ.
2728 1482 2947 1555 Ἐτέρου
2980 1480 3139 1535 πάλιν
3187 1480 3456 1552 μέμνηται
3504 1479 3637 1534 θαύ-

411 1575 684 1645 Rapsaces
713 1574 879 1639 enim,
908 1587 1031 1627 cum
1054 1568 1449 1641 Jerosolymam
1475 1568 1801 1632 obsedisset,
1861 1567 1969 1620 mi-

2077 1591 2264 1647 ματος.
2306 1577 2366 1628 '0
2398 1574 2506 1646 γὰρ
2543 1574 2845 1645 Ῥαψάκης,
2881 1572 3291 1645 περικυκλὼσας
3320 1571 3419 1642 τὴν
3449 1572 3640 1643 Ἰερου-

409 1666 644 1719 nubatur
678 1679 745 1718 ne
795 1663 964 1717 Deum
1004 1661 1221 1731 quidem
1281 1674 1444 1729 posse
1499 1659 1710 1729 eripere
1754 1672 1850 1712 eos
1902 1657 1970 1712 de

2076 1666 2276 1738 σαλὴμ,
2306 1666 2518 1736 ἠπείλει
2555 1667 2688 1738 μηδέ
2720 1666 2809 1719 τὸν
2834 1664 2965 1718 Θεὸν
2996 1663 3196 1734 ἰσχύειν
3241 1661 3513 1727 ἐξελέσθαι
3535 1663 3636 1715 αὐο

408 1774 571 1813 manu
606 1757 955 1827 Assyriorum
982 1773 994 1807 :
1025 1763 1081 1808 at
1105 1753 1244 1809 Deus
1274 1753 1426 1807 hisce
1451 1750 1634 1806 verbis
1692 1748 1967 1820 pollicitus

2075 1759 2198 1821 τοὺς
2221 1760 2286 1810 ἐκ
2318 1755 2498 1830 χειρὸς
2539 1757 2869 1829 Ἀσσυρίων”-
2898 1755 3014 1809 ἀλλ’
3051 1753 3409 1825 ἐπηγγείλατο
3442 1755 3471 1806 ὁ
3501 1752 3637 1815 Θεὸς

405 1859 492 1905 est
518 1868 530 1903 :
569 1846 850 1917 Protegam
875 1846 1009 1899 hanc
1036 1844 1214 1899 urbem
1247 1846 1308 1900 ¹².
1334 1844 1524 1898 Postea
1542 1856 1672 1898 vero
1698 1841 1969 1914 promissa

2073 1848 2243 1918 λέγων
2263 1866 2276 1880 ·
2326 1847 2701 1917 Ὑπερασπιῶ
2744 1846 2895 1915 ὑπὲρ
2948 1845 3060 1915 τῆς
3110 1846 3341 1911 πόλεως
3390 1844 3631 1909 ταύτης.

407 1942 718 2011 complens,
749 1954 856 1994 una
905 1948 1067 1994 nocte
1116 1947 1333 1994 centum
1394 1936 1672 2006 octoginta
1725 1934 1970 2005 quinque

2072 1934 2204 1993 Εἶτα
2236 1939 2333 2009 τὴν
2387 1938 2718 2008 ἐπαγγελίαν
2752 1936 2974 2010 πληρῶν
3005 1939 3062 1989 ὲν
3097 1938 3197 2008 μιᾷ
3240 1937 3395 1990 νυκτὶ
3440 1932 3636 1990 ἑκατὸν

406 2033 574 2086 millia
601 2030 950 2101 Assyriorum
980 2028 1178 2084 occidit
1199 2028 1263 2084 ¹³.
1292 2029 1358 2083 Ει
1397 2027 1503 2082 hoc
1525 2034 1605 2082 est
1638 2026 1784 2095 quod
1802 2024 1964 2080 dicit:

2063 2031 2395 2103 ’ὁγδοήκοντα
2432 2030 2594 2085 πέντε
2644 2030 2887 2101 χιλιάδας
2936 2028 3110 2084 ἀνεῖλε
3149 2028 3257 2082 τῶν
3315 2026 3632 2099 Ἀσσυρίων.

405 2122 470 2175 In
496 2122 581 2175 die
609 2120 883 2175 mandabit
913 2120 1166 2173 Dominus
1191 2117 1612 2172 misericordiam
1635 2132 1807 2170 suam.
1835 2113 1970 2169 Ora-

2070 2121 2181 2177 Καὶ
2213 2119 2370 2175 τοῦτό
2428 2121 2609 2173 ἐστιν’
2648 2118 2898 2189 Ἡμέρας
2944 2115 3269 2171 ἐντελεῖται
3321 2116 3537 2183 Κύριος
3562 2114 3635 2167 τό

405 2215 478 2266 tio
510 2213 615 2266 Deo
643 2215 763 2267 vita:
801 2228 949 2265 mea.
976 2209 1182 2280 Utpote
1233 2208 1325 2278 qui
1362 2208 1474 2276 jam
1503 2206 1814 2270 crediderit,
1846 2220 1968 2275 qua:

2068 2213 2241 2277 ἕλεος
2268 2210 2473 2268 αὑτοῦ.
2528 2208 2843 2278 Προσευχὴ
2871 2207 2953 2274 τῷ
2994 2206 3116 2273 Θεῷ
3157 2205 3269 2275 τῆς
3319 2204 3468 2274 ζωῆς
3493 2222 3629 2275 μου.

403 2305 652 2360 ﬁdelibus
716 2304 1071 2373 congruentia
1130 2301 1293 2357 verba
1353 2309 1482 2355 sunt
1521 2298 1748 2370 profert,
1810 2313 1965 2354 suam

2081 2304 2167 2366 Ὠς
2190 2302 2289 2374 ἤδη
2318 2300 2696 2365 πεπιστευκὼς
2735 2300 2804 2354 τὰ
2847 2301 2959 2363 τοῖς
3002 2297 3315 2352 πιστεύουσι
3360 2296 3633 2368 πρέποντα

402 2398 570 2453 vitam
602 2397 916 2452 adscribens
945 2396 1066 2464 ipsi.

2068 2398 2331 2471 ἀναφέρει
2366 2399 2610 2470 ῥήματα,
2643 2394 2792 2467 αὐτῷ
2828 2394 2925 2467 τὴν
2947 2395 3153 2448 οἰκείαν
3188 2391 3632 2462 ἀναγραφόμενος

2069 2493 2233 2556 ζωήν.

474 2581 559 2634 ll.
598 2580 781 2633 Dicam
839 2576 1280 2648 Deo,‘Snsceptor
1328 2594 1474 2632 meus
1507 2593 1580 2631 es.
1609 2576 1848 2647 Populus
1878 2577 1966 2631 ille

2069 2532 2094 2556 Ὅ
2149 2532 2293 2650 ’ἐρῶ
2319 2580 2399 2647 τῷ
2432 2580 2574 2648 Θεῷ,
2609 2577 3002 2649 Ἄπιλῆπτωρ
3024 2596 3144 2647 μου
3167 2574 3240 2632 εἷ,
3278 2574 3630 2642 Ἐπαναλαμ-

403 2672 496 2740 qui
526 2671 899 2740 paenitentiam
928 2670 1038 2740 agit
1069 2669 1297 2723 resumit
1345 2667 1819 2739 supplicationem,
1852 2681 1968 2720 ma-

2067 2673 2217 2728 δάνει
2247 2673 2346 2743 τὴν
2373 2670 2652 2743 ἱκετηρίαν
2674 2673 2702 2724 ὀ
2736 2668 3156 2742 μεταγινώσκων
3177 2662 3322 2731 λαὸς,
3340 2667 3432 2720 ἐπὶ
3447 2665 3631 2718 πλεῖον

402 2780 487 2834 gis
514 2762 798 2832 magiSque
836 2760 1003 2815 Deum
1034 2776 1268 2815 evocans
1316 2760 1384 2815 ad
1404 2759 1856 2814 misericordiam.

1484 2759 1856 2814 SBfiCOl‘diam-
2065 2762 2461 2835 ἐκκαλούμενος
2496 2766 2574 2827 εἰς
2608 2761 2754 2815 ἔλεον
2781 2761 2871 2814 τὸν
2903 2760 3054 2814 Θεόν.

468 2852 800 2908 PSALMUS
820 2853 920 2921 ipsi
954 2852 1147 2915 David,
1180 2852 1269 2921 qui
1314 2851 1454 2920 apud
1484 2849 1733 2904 Hebrteos
1760 2859 1902 2903 caret

1874 2859 1902 2902 δε
2237 2858 2546 2910 ΨΑΛΜΟΣ
2574 2853 2654 2919 τῷ
2681 2852 2862 2906 Δαυῒδ
2888 2852 3290 2922 ἀνεπίγραφος
3326 2865 3444 2917 παρ

905 2946 1265 3014 inscriptione.
1283 2941 1471 2996 XLII.
2612 2947 2919 3013 Ἑϐραίοις.
2953 2946 3088 2997 MB'.

481 3039 671 3093 Judica
697 3039 1015 3105 mc,Dcus,et
1045 3037 1301 3099 discerne,
1332 3045 1435 3091 etc.
1456 3034 1553 3089 llic
1575 3035 1817 3105 psalmus
1845 3034 1957 3106 (15)
1985 3078 2032 3138 c

2067 3045 2095 3053 “”
2135 3042 2353 3112 Κρῖνόν
2383 3057 2480 3111 με,
2538 3043 2571 3094 ὀ
2608 3039 2771 3105 Θεὸς,
2812 3038 2911 3091 καὶ
2944 3036 3242 3107 ,δίκασονκ
3298 3033 3409 3104 Τὴν
3460 3032 3629 3102 αὐτὴν

406 3132 652 3201 ejusdem
697 3140 779 3186 est
826 3141 988 3199 atque
1038 3129 1288 3199 superior
1315 3127 1640 3198 argumenti.
1682 3126 1959 3181 Accedunt

2065 3136 2316 3190 ὑπόθεσιν
2347 3133 2423 3206 τῷ
2456 3131 2630 3186 ὀπίσω
2661 3132 2754 3185 καὶ
2784 3131 2812 3183 ὀ
2841 3126 3028 3200 παρὼν
3060 3127 3170 3197 ἔχει
3198 3122 3424 3196 ψαλμός.
3454 3123 3629 3195 Προσ-

401 3223 548 3276 enim
574 3222 768 3276 iterum
800 3220 1057 3276 Israelita:
1081 3220 1309 3275 salutem
1339 3235 1434 3289 per
1450 3219 1728 3273 Christum
1750 3226 1960 3288 partam

2063 3229 2314 3301 έρχονται
2345 3226 2454 3297 γὰρ
2497 3224 2658 3279 πάλιν
2688 3224 2738 3277 οἱ
2786 3221 2847 3287 ἐξ
2890 3219 3104 3293 Ἰσραὴλ
3128 3220 3225 3290 τὴν
3255 3216 3342 3271 διὰ
3392 3213 3627 3287 Χριστοῦ

402 3314 763 3384 postulantes.
792 3312 1158 3378 Quamobrem
1188 3313 1296 3366 ait:
1325 3311 1522 3364 Emitte
1544 3310 1711 3364 lucem
1744 3319 1960 3364 tuamet

2065 3319 2339 3391 σωτηρίαν
2376 3315 2765 3386 ἐξαιτούμενοι.
2794 3313 2885 3366 Διό
2927 3328 3090 3383 φησιν
3112 3327 3127 3340 ·
3172 3309 3630 3373 Ἐ’ίίαενιόστειλοιι⁴

398 3406 671 3460 veritatem
700 3415 865 3457 tuam.
900 3402 1166 3458 Futurum
1209 3420 1444 3473 namque
1475 3412 1592 3458 erat
1643 3411 1705 3462 ut
1737 3403 1854 3473 ipse
1903 3402 1958 3455 in

2061 3410 2128 3463 τ’)
2151 3408 2275 3479 φῶς
2303 3425 2419 3462 σου
2446 3407 2544 3461 καὶ
2570 3404 2686 3474 τὴν
2713 3401 3003 3473 ἀλήθειάν
3036 3418 3170 3456 σου.
3198 3398 3368 3462 Αὐτὸς
3397 3395 3505 3466 γὰρ
3526 3395 3625 3448 αὑ-

402 3505 641 3551 montem
669 3505 916 3551 sanctum
953 3495 1074 3549 illos
1095 3494 1409 3561 adduceret,
1436 3494 1488 3548 id
1535 3506 1619 3549 est
1650 3494 1719 3548 ad
1759 3493 1960 3549 coelum

2060 3503 2185 3565 τοὺς
2204 3501 2388 3564 καὶείς
2419 3498 2479 3553 τὸ
2504 3498 2653 3567 ἅγιον
2668 3497 2792 3569 ὅρος
2843 3495 3081 3563 εἰσάγειν
3109 3492 3324 3564 ἔμελλε,
3349 3489 3624 3542 τουτέστιν

399 3598 456 3641 et
482 3587 549 3641 ad
583 3602 849 3656 supernas
901 3587 1234 3647 mansiones,
1267 3601 1390 3656 qua:
1429 3585 1782 3640 tabernacula
1812 3601 1959 3638 nun-

2063 3596 2142 3658 είς
2166 3593 2256 3647 τὸν
2288 3591 2517 3664 οὐρανὸν
2549 3592 2640 3644 καὶ
2672 3592 2752 3653 εἰς
2798 3588 2899 3653 τὰς
2943 3587 3054 3642 ἄνω
3086 3583 3271 3657 μονὰς,
3309 3583 3485 3652 ἇσπερ
3531 3571 3627 3633 καλ

400 3687 595 3748 cupat;
626 3693 836 3732 necnon
869 3677 938 3731 ad
959 3678 1241 3746 spirituale
1272 3679 1440 3732 altare
1466 3695 1479 3731 :
1536 3677 1776 3732 futurum
1830 3678 1959 3732 item

2063 3683 2393 3755 σκηνώματα
2408 3681 2661 3753 ὀνομάζει
2681 3698 2694 3712 ·
2719 3680 2813 3735 καὶ
2838 3682 2919 3744 εἰς
2938 3672 3000 3733 τὸ
3019 3678 3206 3749 νοητὸν
3223 3677 3621 3747 θυσιαστήριοψ

397 3780 514 3823 erat
553 3778 611 3824 ut
634 3770 747 3838 ipse
768 3768 1065 3825 laetiﬁcaret
1095 3785 1284 3825 eorum
1338 3771 1700 3840 juventutem.
1757 3767 1962 3825 Juven-

2062 3775 2157 3828 καὶ
2188 3772 2349 3837 αὐτὸς
2394 3771 2572 3826 αὐτῶν
2606 3770 2827 3843 ἔμελλεν
2874 3769 3183 3841 εὐφραίνειν
3217 3767 3313 3836 τὴν
3373 3765 3621 3834 νεότητα.

399 3869 567 3916 tutem
603 3872 785 3915 autem
816 3858 972 3927 vocat
1001 3862 1242 3916 laetitiam
1277 3878 1398 3932 quae
1420 3870 1474 3917 et
1499 3871 1723 3917 renovat
1765 3877 1956 3917 eorum

2060 3864 2307 3937 Νεότητα
2330 3864 2387 3918 δὲ
2420 3864 2575 3919 καλεῖ
2595 3863 2691 3934 τὴν
2722 3860 3080 3936 εὐφροσύνην,
3113 3860 3213 3931 τὴν
3246 3859 3338 3913 καὶ
3367 3846 3623 3911 άνανεουδ

398 3966 656 4005 ammam.
684 3949 865 4016 Quare
890 3952 945 4005 in
1012 3952 1219 4011 cithara
1262 3952 1587 4022 pollicentur
1620 3968 1679 4009 se
1726 3953 1803 4007 illi
1831 3968 1960 4009 con-

2063 3957 2230 4029 μένην
2283 3956 2459 4010 αὐτῶν
2492 3956 2590 4025 τὴν
2631 3956 2826 4026 ψυχήν.
2875 3952 2965 4007 Διὸ
3003 3953 3097 4005 καὶ
3164 3953 3220 4003 ἐν
3259 3947 3457 4020 κιθάρᾳ
3521 3947 3628 3999 ὑπὸ

395 4038 687 4097 fessionem
729 4041 1028 4096 oblaturos.
1089 4040 1244 4111 Saepe
1288 4052 1470 4097 autem
1506 4043 1823 4098 monuimus
1874 4042 1957 4097 ci»

2064 4047 2366 4120 ισχνοϋνται
2394 4046 2541 4118 αύτῷ
2555 4045 2881 4117 προσφέρειν
2907 4044 3004 4116 τὴν
3032 4042 3429 4114 ἐξομολόγησιν.
3456 4037 3629 4091 Κιθά-

390 4132 565 4187 tharae
606 4134 829 4188 nomine
857 4149 1057 4203 corpus
1084 4150 1207 4190 esse
1240 4135 1674 4205 intelligendum.

2063 4155 2160 4210 ραν
2183 4137 2238 4190 δὲ
2265 4136 2527 4198 πολλάκις
2560 4135 2620 4188 τὸ
2647 4136 2807 4206 σῶμα
2834 4138 2973 4189 νοεῖν
3006 4133 3339 4203 ἐδιδάξαμεν.

563 4224 640 4278 ,ιη
693 4227 850 4293 ﬁnem
897 4225 1023 4294 ﬁliis
1075 4224 1206 4297 core
1253 4228 1322 4279 ad
1349 4226 1775 4299 intelligentiam.

2170 4229 2271 4293 Εἰς
2299 4226 2366 4279 τὸ
2390 4225 2565 4294 τέλος
2590 4226 2717 4292 τοῖς
2747 4226 2897 4293 υἱοῖς
2936 4226 3088 4293 Κορὲ
3126 4227 3214 4290 εἰς
3243 4225 3511 4277 σύνεσιν.

858 4313 1224 4391 ,ιςεΑιΜυε
1250 4314 1472 4370 XLIII.

2595 4321 2902 4374 ΨΑΛΜΟΣ
2964 4320 3104 4373 ΜΡ.

980 4405 1379 4474 Argumentum.
1988 4414 2033 4467 D

1988 4414 2033 4467 D
2686 4410 3008 4476 Ὑπόθεσις.

390 4488 522 4567 ιἨξιι
553 4508 768 4564 quoquc
821 4494 1064 4563 psalmus
1110 4496 1285 4550 eidem
1347 4505 1669 4566 argumento
1718 4496 1951 4563 insistit;

2066 4502 2200 4574 [Kal
2229 4502 2309 4556 ἔτι
2339 4495 2492 4566 οὗτος
2505 4520 2603 4575 της
2631 4502 3130 4573 αὐτῆςὺποθέσεως
3157 4501 3369 4573 ἔχεται·
3400 4498 3497 4561 τὰς
3523 4514 3629 4551 πα-

461 4596 650 4657 estque
667 4586 973 4650 hominum,
1002 4586 1095 4657 qui
1118 4588 1343 4658 antiqua
1365 4587 1628 4643 beneficia
1645 4598 1952 4649 recensent,

2136 4594 2294 4658 λαιὰς
2329 4594 2644 4668 εὐεργεσίας
2674 4594 3040 4665 διηγουμένων
3059 4633 3074 4658 ,
3098 4595 3190 4647 καλ⁸
3222 4590 3630 4664 προσληφθῆναι

456 4687 523 4732 et
555 4677 762 4732 assumi
782 4676 1083 4746 postulant,
1113 4678 1242 4747 quia
1269 4679 1446 4746 ipsum
1474 4678 1765 4733 Dominum
1799 4694 1950 4747 spem

2128 4685 2426 4752 ἀξιούντων
2459 4686 2546 4740 διὰ
2574 4686 2667 4740 τοῦ
2696 4686 2855 4741 αὐτὸν
2876 4684 3271 4757 ἐπιγράφεσθαι
3294 4683 3390 4755 τὴν
3416 4682 3626 4745 ἐλπίδα,

481 4769 586 4824 sibi
639 4769 1031 4839 ascripserunt,
1068 4777 1122 4823 et
1150 4770 1203 4823 in
1225 4771 1445 4824 nomine
1470 4770 1586 4839 ejus
1605 4770 1953 4827 confitentur.

1794 4781 1953 4827 :Ittur.
2136 4778 2228 4831 καὶ
2250 4777 2342 4831 ἐπὶ
2367 4776 2444 4847 τῷ
2467 4778 2691 4849 ὀνόματι
2713 4777 2877 4831 αὐτοῦ
2909 4775 3364 4848 ἐξομολογεῖσθαι.

467 4862 765 4916 llumiliata
822 4874 897 4917 est
937 4864 991 4917 in
1019 4863 1225 4933 pulvere
1250 4864 1451 4933 Ι,αηίηιίι
1504 4874 1710 4920 nostra.
1764 4865 1844 4922 lta
1878 4868 1959 4922 lo-

2151 4867 2534 4937 Ὲταπεινὼθη
2566 4871 2654 4935 εἰς
2682 4868 2835 4938 χοῦν
2860 4871 2898 4939 ή
2925 4869 3096 4939 ψυχὴ
3125 4867 3312 4938 ἡμῶν.
3343 4864 3497 4921 Οὕτω
3524 4882 3630 4934 φα-

394 4964 660 5026 quuntur,
685 4955 779 5025 qui
820 4955 1027 5024 depulsi
1070 4970 1099 5008 a
1133 4966 1297 5009 sensu
1342 4970 1532 5009 eorum
1574 4971 1697 5026 quae
1749 4958 1955 5015 Christi

2068 4954 2152 5013 olv
2196 4960 2405 5031 ἐπειδὴ,
2466 4961 2815 5032 ἀπωσάμενοι
2872 4964 3088 5031 φρονεῖν
3131 4959 3201 5013 τά
3257 4942 3513 5030 Χριστοῦ,
3548 4957 3630 5019 εἰς

390 5058 545 5113 sunt,
581 5048 634 5102 in
659 5062 877 5102 sensum
912 5047 1185 5100 carnalem
1221 5053 1349 5100 sunt
1378 5045 1631 5118 delapsi},

1461 5045 1631 5118 :apsi.‘I
2065 5051 2320 5122 φρόνημα
2356 5052 2613 5125 σαρκικον
2642 5055 2879 5125 κατέστη
2888 5052 3031 5125 σαν.]

463 5140 620 5199 Deus,
643 5138 861 5193 auribus
894 5137 1088 5189 nostris
1113 5136 1428 5191 audivimus.

2146 5142 2208 5196 '0
2222 5146 2457 5212 Κύριος,
2474 5146 2545 5200 ἐν
2560 5146 2682 5212 τοῖς
2701 5145 2852 5199 ὠσὶν
2879 5144 3048 5215 ἡμῶν
3066 5145 3430 5213 ἠκούσαμεν.

461 5229 547 5282 i0.
584 5227 741 5283 Nunc
784 5235 959 5279 autem
993 5223 1255 5292 repulisti,
1300 5232 1351 5276 et
1404 5226 1695 5293 confudistt
1746 5244 1858 5282 nos.
1888 5228 1958 5281 Et

2078 5254 2087 5264 ο
2135 5234 2371 5289 Νυνίδὲ
2383 5234 2622 5302 ἀπώσω,
2646 5236 2744 5293 καὶ
2772 5236 3163 5307 κατῄσχυνας
3180 5233 3358 5304 ἡμᾶς»
3394 5232 3499 5288 Καὶ
3520 5233 3633 5285 οὐκ

398 5335 499 5372 non
522 5320 822 5390 egredieris,
855 5318 1015 5384 Deus,
1049 5318 1103 5371 in
1126 5316 1408 5370 virtutibus
1442 5318 1842 5386 nostris.Olim,
1875 5322 1960 5375 in-

2065 5328 2377 5397 ὲξελεύσῃ.
2399 5328 2559 5394 Θεὸς,
2576 5328 2781 5397 ertan
2790 5328 3117 5399 δυνάμεσιν
3126 5326 3309 5398 ἡμῶν.
3327 5325 3519 5387 Πάλαι,
3536 5341 3635 5395 φη.

393 5410 536 5478 quit,
579 5426 687 5465 una
737 5411 1019 5465 nobiscum
1065 5409 1365 5478 pugnabas.
1416 5407 1571 5465 Nunc
1618 5420 1796 5467 autem
1851 5428 1956 5469 non

2069 5421 2171 5486 σιν,
2192 5422 2639 5492 συνεστρατήγεις
2656 5423 2807 5493 ἡμῖν’
2821 5421 2916 5477 νῦν
2928 5421 2984 5475 δὲ
3001 5422 3063 5476 ού
3079 5420 3237 5493 μόνον
3257 5419 3319 5474 οὐ
3333 5413 3637 5488 συνεξέρχῃ

472 5544 514 5573 ι’
539 5542 606 5597 IV
632 5544 765 5616 Reg.
795 5556 908 5610 xix,
936 5544 1023 5600 35.
1103 5543 1148 5575 “
1189 5543 1317 5598 ibid.
1351 5544 1440 5600 55.

469 5678 582 5748 (l5)
614 5678 705 5734 Es:
729 5682 1016 5749 explicatio
1033 5680 1391 5737 brevistotius
1413 5680 1604 5750 psalmi
1630 5680 1826 5735 Judica
1850 5698 1952 5741 me.
