3976 6220
299 334 412 395 203

1370 329 1735 386 EXPOSITIO
1772 329 1839 385 1N
1873 326 2202 387 PSALMUM
2237 324 2417 384 XLIII.

3436 331 3543 388 £36

302 456 460 524 ἡμῖν,
488 450 625 505 ἀλλὰ
660 451 752 504 καὶ
783 449 1127 522 aetnaea;
1164 450 1329 520 ἡμᾶς,
1366 451 1442 512 ώς
1492 450 1583 502 καὶ
1614 450 1725 511 τοῖς
1779 466 1868 518 μι-

1987 448 2133 502 nodo
2160 464 2266 502 non
2285 449 2574 502 nobiscum
2604 447 2852 517 procedis
2874 447 3195 518 ad,puguam
3222 465 3237 513 ;
3257 449 3349 503 sed
3371 450 3535 503 etiam

306 542 653 612 σοῦσινὴμᾶς
702 540 953 610 γενέσθαι
983 541 1062 602 el;
1095 539 1420 611 διαρπαγήν.
1469 539 1652 593 Ταῦτα
1677 539 1734 591 δέ
1768 556 1873 608 φη-

305 649 395 687 σιν
424 633 451 685 ὁ
476 631 635 703 χορὸς
664 633 693 685 ὁ
716 630 1046 701 προφητικὺς
1077 629 1439 700 οἰκειούμενος
1477 630 1570 684 τοῦ
1615 628 1745 683 λαοῦ
1777 631 1874 692 τὰς

310 724 619 795 συμοοειάς.

377 836 489 891 Kal
515 839 571 888 οἱ
594 835 914 904 μισοῦντες
938 833 1094 904 ἡμᾶς
1117 834 1435 903 διήρπαζον
1463 835 1714 900 ἑαυτοῖς.
1755 836 1877 889 Ἐκε-

298 927 635 998 dammam
662 928 898 998 φησὶν,ἡ
909 929 1013 998 μᾶς
1041 931 1118 991 εἰς
1144 928 1385 998 ἀτιμίαν.

378 1017 490 1072 Kal
521 1018 632 1070 οὐκ
677 1012 756 1086 ἦν
782 1015 1010 1083 πλῆθος
1046 1016 1116 1068 ἐν
1142 1016 1265 1082 τοῖς
1292 1015 1716 1086 ἀΙιάὰΥμασιν
1744 1016 1875 1087 [ἀλα

302 1108 635 1180 λάγμασιν]
664 1107 849 1178 ἡμῶν.
886 1108 1220 1179 Ἀλαλαγμός
1241 1111 1404 1183 ,ἐστιν
1444 1110 1707 1173 ὲπινίκιος
1744 1110 1873 1181 ᾠδή.

319 1201 378 1254 '0
398 1199 455 1252 δὲ
480 1198 602 1262 νοῦς
624 1194 794 1261 οὗτος·
828 1197 1031 1261 Οὕτως,
1058 1199 1241 1266 φησὶν,
1275 1198 1585 1268 ἁπέρῤιψας
1616 1200 1760 1269 ἡμᾶς
1803 1198 1878 1262 ώς

307 1291 406 1344 καὶ
431 1290 633 1359 ὀλίγοις
667 1290 813 1360 ἡμᾶς
852 1289 1168 1360 ἡττηθῆναι.
1212 1290 1305 1342 καὶ
1352 1290 1477 1353 τοὺς
1513 1290 1878 1353 ἀλαλάζοντας

306 1384 433 1435 καθ’
467 1382 623 1453 ἡμῶν
653 1381 879 1452 μικροὺς
916 1377 1052 1436 εἷναὶ
1074 1398 1245 1443 τινας.

384 1496 569 1549 Ἔθου
592 1491 750 1562 ἡμᾶς
776 1491 1004 1556 ὄνειδος
1032 1491 1158 1557 τοῖς
1178 1493 1442 1560 γείτοσιν
1472 1490 1659 1560 ἡμῶν..
1692 1492 1876 1545 Πάντα

301 1587 410 1640 ὃσα
440 1585 707 1654 ἐποίησαν
745 1586 825 1647 εἰς
868 1583 1100 1654 Χριστὸν
1131 1584 1446 1637 ἀποδέδοται
1477 1584 1657 1647 αὐτοῖς
1677 1599 1690 1611 ⁸
1720 1582 1876 1635 divel-

298 1678 483 1738 (Ἄσαν,
507 1674 890 1745 ώνειδίσθησαν
911 1690 922 1702 ⁸
955 1674 1252 1743 ἐχλεύασαν
1274 1714 1288 1736 ,
1322 1673 1829 1743 ἀντεχλευάσθησαν
1858 1689 1873 1704 δ

1979 539 2222 594 avertisti
2260 554 2381 603 nos,
2409 547 2468 591 ut
2502 537 2740 592 inimicis
2779 537 2941 590 etiam
2996 536 3204 590 nostris
3246 536 3537 604 direptioni

1979 631 2171 687 simus.
2209 629 2333 685 llaec
2355 638 2534 683 autem
2573 629 2962 698 pr0phetarum
2983 626 3187 683 chorus
3219 627 3373 692 dicit,
3403 643 3542 696 qua-

1977 721 2022 775 si
2056 720 2157 774 sibi
2187 720 2437 789 proprias
2466 735 2756 775 recensens
2782 719 2967 788 populi
3003 719 3363 774 calamitates.

2053 834 2139 888 Η.
2172 834 2240 887 Et
2268 835 2358 904 qui
2382 832 2601 887 oderunt
2629 849 2723 885 nos
2756 832 3074 900 diripiebant
3104 829 3226 884 sibi.
3262 830 3343 884 Ad
3375 829 3529 897 igno-

1979 928 2229 984 miniam.
2263 926 2461 994 inquit,
2489 941 2591 979 nos
2610 924 2899 978 tradidisui.

2051 1019 2136 1074 l3.
2160 1020 2227 1070 Et
2260 1034 2360 1071 non
2387 1018 2487 1086 fuit
2518 1017 2798 1069 multitudo
2816 1017 2867 1068 in
2887 1014 3295 1082 jubilalionibus
3325 1015 3538 1068 nostris.

1977 1109 2259 1172 Juhilatio,
2289 1118 2372 1164 est
2401 1110 2640 1163 victorim
2695 1107 2993 1162 canticum.
3033 1105 3312 1161 Sententia
3359 1118 3538 1158 autem

1980 1204 2096 1258 haec
2133 1213 2255 1257 est:
2301 1201 2397 1266 Ita,
2438 1202 2631 1269 inquit,
2663 1215 2764 1254 nos
2808 1199 3081 1268 abjecisti,
3116 1210 3249 1253 utet
3293 1216 3322 1252 a
3357 1199 3543 1268 paucis

1981 1311 2338 1366 superentur,
2401 1303 2454 1349 et
2503 1294 2595 1362 qui
2648 1294 2889 1347 victoriae
2936 1306 3154 1347 carmen
3206 1302 3394 1347 contra
3442 1305 3544 1344 nos

1976 1386 2148 1440 edunt
2177 1387 2394 1440 modico
2419 1384 2529 1439 sint
2557 1400 2805 1439 numero.

2059 1499 2140 1555 M.
2168 1497 2402 1551 Posuisti
2432 1514 2523 1550 nos
2545 1498 2879 1567 opprobrium
2905 1497 3091 1551 vicinis
3126 1496 3341 1550 nostris.
3376 1494 3537 1560 Quae-

1978 1606 2193 1660 cunque
2219 1593 2273 1644 in
2298 1590 2577 1644 Christum
2621 1587 2901 1651 fecerunt,
2942 1588 3074 1657 ipsis
3113 1586 3353 1642 vicissim
3396 1586 3540 1640 illata

1980 1690 2142 1734 sunt:
2172 1680 2567 1748 vituperaruut,
2596 1678 2886 1746 vituperati
2922 1686 3047 1732 sunt
3084 1695 3095 1730 :
3128 1677 3435 1735 irriscrunt.
3472 1676 3542 1727 ir-

306 1767 569 1837 ὲκίνησαν
600 1766 687 1819 ἐπ’
716 1764 863 1835 αὐτῷ
908 1765 1005 1828 τὰς
1039 1764 1301 1835 κεφαλὰς,
1336 1764 1593 1835 ἐκίνησαν
1637 1765 1733 1818 καὶ
1764 1765 1878 1816 ἓτε-

1987 1771 2079 1825 risi
2110 1780 2271 1825 sunt:
2335 1772 2511 1840 capita
2552 1778 2838 1825 moverunt
2866 1770 2918 1822 in
2951 1785 3098 1833 eum,
3123 1769 3302 1837 capita
3355 1782 3541 1823 move-

309 1874 392 1928 ροι
418 1860 518 1922 τὰς
541 1856 783 1926 κεφαλὰς
815 1857 902 1908 ἐπ’
930 1857 1134 1919 αὐτοῖς.

391 1950 590 2014 Ὅλην
615 1947 729 2015 τὴν
754 1946 981 2017 ἡμέραν
1008 1947 1047 2014 ἡ
1075 1944 1333 2015 ἑντροπή
1350 1963 1470 2015 μου
1499 1945 1885 2000 κατεναντίον

305 2057 422 2108 μου
444 2039 638 2092 ἐστίν.
662 2037 883 2108 Μακρὰ,
901 2038 1083 2108 φησιν,
1115 2037 1211 2090 καὶ
1243 2035 1493 2108 διηνεκὴς
1523 2038 1555 2107 ἡ
1585 2035 1705 2089 καθ’
1728 2037 1884 2106 ἡμῶν

309 2144 499 2195 γεγονε
535 2125 788 2197 αἰσχύνη.

385 2218 581 2274 Ταῦτα
608 2217 804 2270 πάντα
826 2212 1014 2286 ἦλθον
1039 2216 1130 2285 ἐφ’
1148 2214 1324 2285 ἡμᾶς,
1347 2216 1571 2269 καὶούκ
1597 2216 1882 2270 ἐπελαθόυ

302 2309 461 2378 ,μεθά
484 2326 624 2364 σου.
659 2311 798 2381 Ἤδη
839 2309 1048 2381 ἔφημεν
1070 2349 1084 2373 ,
1119 2309 1196 2374 ὡς
1244 2313 1293 2363 οἱ
1343 2310 1616 2381 προφῆται
1649 2310 1786 2361 εἰσιν
1832 2309 1881 2360 οἱ

310 2403 676 2474 αηφέροντες
701 2404 802 2476 τὴν
832 2402 1112 2474 ἱκετηρίαν
1140 2404 1205 2454 ἐκ
1232 2400 1530 2473 προσώπου
1575 2400 1669 2452 τοῦ
1716 2397 1846 2452 λαοῦ
1864 2440 1879 2462 ,

305 2492 636 2547 οἱκειοποιοὺ
644 2510 795 2565 μενοι
817 2493 987 2549 τὰδιά
1002 2494 1100 2558 τὰς
1116 2493 1292 2547 αὐτῶν
1310 2494 1581 2565 ἁμαρτίας
1600 2510 1661 2545 συ
1671 2491 1882 2563 μϐἀντα

304 2586 482 2639 κακά.

378 2676 491 2731 Kal
510 2676 829 2742 ἐξέκλινας
848 2676 956 2742 τὰς
989 2677 1226 2745 τρίϐους
1260 2674 1434 2744 ἡμῶν
1462 2673 1578 2727 ἀπὸ
1604 2670 1714 2739 τῆς
1737 2668 1881 2725 ὀδοῦ

302 2780 448 2822 σου.
484 2766 672 2820 Ταῦτά
707 2784 892 2837 φασιν,
934 2768 1037 2830 ὅτι,
1079 2766 1449 2837 ἀσεὸήσαντες
1498 2765 1577 2826 εἰς
1623 2762 1878 2833 Χριστὸν,

302 2860 406 2913 καὶ
430 2858 525 2913 τοῦ
561 2859 735 2913 τελεῖν
760 2859 857 2930 τὴν
879 2859 1020 2911 κατὰ
1044 2859 1208 2929 νόμον
1241 2857 1433 2910 θυσίαν
1462 2853 1799 2926 ἐξώσθησαν.

381 2973 515 3026 Ὀτι
564 2972 969 3037 ἐταπείνωσας
1015 2970 1174 3040 ἡμᾶς
1221 2971 1291 3023 ἐν
1331 2967 1490 3033 τόπῳ
1540 2966 1878 3033 κακώσεως.

308 3064 485 3117 τοῦτό
522 3080 688 3134 φησιν
714 3063 801 3116 διὰ
823 3065 884 3117 τὸ
921 3063 1086 3135 μηδὲν
1134 3062 1211 3115 ἔτι
1239 3060 1494 3115 δύνασθαι
1528 3062 1743 3131 φρονεῖν
1772 3057 1881 3110 τῶν

308 3154 661 3225 ἐπηρμένων
689 3154 798 3207 Καὶ
828 3153 1058 3224 ἧλεγξας
1096 3155 1244 3224 ἡμᾶς
1280 3155 1337 3205 ὲν
1379 3151 1456 3221 τῷ
1492 3151 1680 3221 κόσμῳ
1708 3152 1885 3222 ἡμαρ-

306 3245 567 3316 τηκότας.
627 3244 738 3301 Kal
777 3245 1165 3312 ἐπεκάλυψεν
1214 3242 1363 3312 ἡμᾶς
1411 3246 1554 3297 σκιὰ
1601 3241 1879 3297 θανάτου.

309 3334 415 3388 Τὸν
446 3334 642 3387 σκότον
671 3335 763 3387 τὸν
786 3335 1074 3404 γενόμενον
1104 3336 1162 3387 ὲν
1183 3338 1303 3397 ταῖς
1330 3333 1438 3387 τῶν
1463 3333 1883 3404 ἀπιστησάντων

308 3427 564 3499 καρδίαις
591 3427 1004 3497 κατασημαίνει.

378 3521 453 3574 El
472 3519 882 3588 ἐπελαϐόμεθα
913 3518 1021 3572 τοῦ
1050 3519 1340 3587 ὀνόματος
1376 3518 1482 3570 τοῦ
1519 3515 1665 3571 Θεοῦ
1693 3515 1878 3584 ἡμῶν.

306 3607 481 3661 Τοῦτό
537 3624 724 3677 φασιν,
768 3606 845 3670 ὡς
893 3607 1088 3677 μηκέτι
1124 3605 1259 3676 μετὰ
1299 3606 1397 3677 τὴν
1450 3605 1759 3659 τελευταίαν
1793 3603 1885 3657 ἔκ-

308 3717 519 3754 ⁸πτωσιν
545 3698 1120 3770 εἰδωλολατρήσαντες,
1156 3698 1189 3769 ἦ
1216 3698 1374 3752 πάλιν
1401 3698 1474 3763 ὡς
1508 3699 1569 3751 ἐκ
1592 3696 1882 3768 προσώπου

305 3789 418 3843 τῶν
440 3789 762 3863 προφητῶν.

380 3905 503 3960 Ὀτι
524 3902 709 3960 ἓνεκά
734 3921 850 3958 σου
883 3904 1289 3972 θανατούμεθα
1316 3901 1469 3969 ὅλην
1492 3900 1606 3969 τὴν
1632 3900 1880 3970 ἡμέραν.

307 3996 536 4068 Ὅμοιον
559 3997 639 4068 τῷ
668 3995 958 4068 εἰρημένον
989 3993 1458 4060 Ἐλιθάσθησαν,
1483 3992 1883 4061 ἐπρίσθησαν,

306 4096 380 4143 ἐν
419 4089 590 4159 φόνῳ
619 4089 916 4157 μαχαίρας
954 4086 1275 4141 ἀπέθανον.
1328 4085 1537 4157 ’Ὠσπερ
1578 4084 1634 4138 δὲ
1678 4084 1749 4137 τὰ
1786 4082 1883 4137 τοῦ

306 4179 442 4234 λαοῦ
476 4180 853 4249 ἁμαρτήματα
873 4174 1349 4241 οἱκειοποιοῦνται,
1375 4177 1517 4230 οὕτω
1539 4176 1631 4230 καὶ
1663 4175 1734 4228 τὰ
1762 4177 1887 4228 ἑαυ-

306 4273 417 4325 τῶν
454 4270 640 4340 ἀγαθὰ
687 4273 767 4333 εἰς
808 4269 1095 4340 πρόσωπον
1133 4268 1321 4340 ὥσπερ
1357 4267 1450 4322 τοῦ
1504 4266 1635 4321 λαοῦ
1682 4266 1885 4335 ἀναφέ-

308 4380 518 4434 ρουσιν,
554 4360 804 4433 καθάπερ
836 4360 953 4424 ὲνὺς
974 4361 1126 4424 ὄντος
1157 4359 1406 4432 σώματος
1429 4359 1524 4414 τοῦ
1568 4360 1788 4423 παντός.
1815 4357 1885 4411 Ἢ

1909 3115 1951 3172 C

1984 1871 2115 1915 ruut
2145 1862 2197 1913 in
2229 1862 2350 1914 illos
2375 1859 2488 1914 alii.

1982 1964 1995 2009 ι
2067 1950 2155 2006 16.
2192 1949 2325 2005 Tota
2346 1951 2432 2004 die
2461 1952 2772 2003 verecundia
2798 1966 2911 2003 mea
2936 1958 3118 2001 contra
3149 1964 3229 2002 me
3272 1960 3364 2025 est.
3413 1946 3543 2000 biu-

1983 2053 2165 2109 turna,
2188 2043 2388 2113 inquit,
2421 2052 2476 2097 et
2494 2043 2715 2097 assidua
2738 2042 2835 2096 fuit
2862 2042 3183 2096 verecundia
3232 2050 3438 2095 nostra.

2065 2223 2148 2279 18.
2178 2222 2308 2277 ch
2366 2224 2545 2276 omnia
2609 2230 2856 2278 venerunt
2907 2238 3063 2291 super
3114 2237 3232 2285 nos,
3264 2238 3355 2274 nec
3395 2219 3546 2274 obliti

1983 2333 2165 2371 sumus
2189 2326 2256 2371 te.
2287 2315 2404 2370 Jam
2435 2316 2674 2370 diximus
2708 2316 2997 2385 prophetas
3012 2329 3129 2369 esse
3153 2314 3244 2384 qui
3269 2330 3333 2367 ex
3359 2313 3544 2382 pepuli

1984 2422 2218 2476 persona
2250 2407 2677 2475 supplicationes
2707 2405 2958 2469 olferunt,
2991 2406 3151 2473 quasi
3185 2404 3401 2473 propria
3432 2403 3536 2457 sibi

1982 2507 2297 2569 reputantes
2324 2500 2465 2551 mala
2498 2497 2959 2567 ipsipeccatorum
2989 2511 3155 2550 causa
3180 2493 3540 2549 obvenientia.

2068 2683 2152 2736 49.
2191 2683 2255 2736 Et
2284 2683 2563 2736 declinasti
2588 2682 2804 2736 semitas
2846 2691 3052 2733 nostras
3087 2696 3117 2732 a
3158 2679 3241 2732 via
3272 2690 3386 2732 tua.
3419 2674 3543 2732 Haec

1982 2777 2155 2835 aiunt,
2188 2776 2317 2845 quia
2347 2790 2471 2829 cum
2517 2790 2643 2843 erga
2694 2773 2970 2827 Christum
3019 2770 3181 2839 impie
3227 2771 3482 2839 egissent,
3512 2784 3543 2821 a

1984 2867 2251 2921 sacriﬁcio
2299 2866 2456 2936 juxta
2485 2867 2651 2934 legem
2674 2863 2951 2918 offerendo
2984 2861 3213 2918 cohibiti
3254 2868 3402 2914 sunt.

2071 2978 2161 3032 ΞΟ.
2193 2977 2453 3044 Quoniam
2501 2975 2797 3029 humiliasti
2836 2990 2929 3027 nos
2977 2975 3031 3026 in
3088 2973 3201 3027 loco
3225 2971 3542 3041 aﬁlictionis.

1984 3069 2097 3126 Hoc
2125 3072 2200 3125 ait
2227 3070 2356 3140 quia
2383 3071 2449 3124 de
2480 3066 3059 3136 insurgentibusmalis
3092 3063 3221 3135 quid
3254 3063 3546 3117 aestimaret

1986 3179 2093 3216 non
2125 3162 2390 3216 haberet:
2438 3160 2505 3214 Et
2545 3161 2839 3231 coarguisti
2896 3174 2994 3213 nos
3050 3158 3121 3210 ob
3160 3156 3455 3210 admissum
3489 3152 3542 3205 in

1985 3253 2189 3307 mundo
2213 3262 2515 3323 peccatum.
2559 3250 2623 3304 Et
2668 3252 2932 3317 conparuit
2978 3266 3072 3302 nos
3115 3248 3301 3300 umbra
3334 3246 3542 3298 mortis.

1985 3344 2261 3401 Tenebras
2297 3345 2567 3413 signiﬁcat
2582 3344 2879 3398 inﬁdelium
2898 3342 3152 3397 cordibus
3164 3336 3541 3394 circumfusas.

2057 3515 2226 3581 21.δὶ
2250 3524 2398 3578 obliti
2434 3540 2615 3578 sumus
2647 3540 2830 3576 nomen
2881 3521 2973 3575 De:
3004 3522 3186 3573 nostri.
3220 3519 3332 3573 [ioc
3372 3518 3542 3579 aiunt,

1985 3619 2114 3687 quia
2167 3618 2374 3673 scilicet
2409 3633 2438 3671 a
2479 3625 2754 3686 postremo
2800 3631 2899 3669 suo
2935 3614 3087 3682 lapsu
3147 3625 3257 3665 non
3317 3611 3544 3664 ulterius

1986 3709 2132 3763 idola
2154 3709 2462 3770 euluerunt,
2505 3715 2600 3760 aut
2628 3721 2846 3760 rursum
2902 3718 3000 3757 ceu
3050 3717 3117 3756 ex
3152 3717 3387 3770 persona
3416 3716 3541 3759 uro-

1984 3798 2292 3866 phetarum.

2049 3912 2138 3966 22.
2168 3913 2307 3976 Quia
2333 3920 2543 3980 propter
2578 3921 2626 3964 te
2647 3909 3032 3970 mortiﬁcamur
3075 3914 3186 3958 tota
3227 3904 3329 3956 die.
3357 3901 3547 3955 Simile

1987 4005 2114 4060 huic
2139 4016 2220 4059 est
2243 4023 2256 4057 :
2284 4003 2535 4072 Lapidati
2557 4013 2700 4065 sunt,
2726 4002 2852 4054 secti
2876 4007 3018 4060 sunt,
3056 3999 3110 4050 in
3134 3997 3391 4050 occisione
3428 3993 3545 4064 gla-

1986 4097 2063 4149 dii
2092 4096 2287 4150 mortui
2324 4104 2446 4148 sunt
2488 4096 2551 4147 ".
2608 4089 3079 4158 Quemadmodum
3130 4097 3307 4142 autem
3334 4085 3544 4155 :pupuli

1987 4196 2207 4258 peccata
2234 4186 2336 4240 sibi
2364 4185 2581 4256 propria
2641 4182 2852 4237 faciunt
2894 4180 2966 4235 ita
2993 4189 3048 4233 et
3076 4194 3175 4235 sua
3218 4178 3359 4232 bona
3386 4176 3546 4246 quasi

1987 4280 2054 4333 ad
2082 4278 2265 4348 populi
2325 4292 2613 4347 personam
2644 4274 2911 4334 referunt.
2943 4287 3008 4327 ac
3034 4271 3078 4325 si
3134 4286 3300 4326 unum
3348 4284 3547 4337 corpus

1987 4385 2179 4424 «mines
2209 4370 2339 4425 sint.
2371 4367 2469 4423 Vel
2497 4369 2600 4423 hoc
2640 4366 2836 4421 modo:
2866 4363 2951 4419 0b
2969 4375 3210 4420 nostram
3244 4363 3298 4416 in
3330 4371 3402 4426 te,
3448 4361 3543 4425 ait,

306 4456 403 4510 καὶ
422 4455 601 4517 οὕτως
619 4471 635 4486 ο
666 4452 767 4507 Διὰ
790 4454 888 4524 τὴν
913 4453 994 4516 εἰς
1036 4451 1095 4505 σὲ
1130 4456 1415 4522 γεγονυῖαν
1442 4453 1573 4523 ἡμῖν
1603 4451 1878 4514 ἀπιστίαν,

1988 4460 2358 4515 inﬁdelitatem
2391 4460 2443 4513 in
2468 4468 2675 4514 tantum
2703 4456 2915 4511 ruimus
2939 4455 3088 4516 mali,
3141 4462 3201 4508 ut
3228 4452 3436 4507 similes
3473 4450 3548 4504 si—

306 4545 497 4618 τήσίν,
522 4548 606 4608 εἰς
631 4543 884 4598 τοσοῦτον
915 4544 1120 4614 ἥκομεν
1157 4543 1357 4605 κακὸν,
1403 4543 1479 4605 ὡς
1512 4542 1745 4596 ἐοικέναι
1791 4542 1885 4594 ἀν-

304 4637 550 4708 θρώποις
570 4636 671 4706 τὴν
688 4634 777 4687 ἐπὶ
802 4632 1026 4703 θάνατον
1053 4632 1307 4703 φέρουσιν
1326 4632 1523 4704 ψῆφον,
1543 4632 1637 4685 καὶ
1661 4630 1767 4701 μὴν
1791 4630 1884 4683 καὶ

304 4728 605 4799 προϐάτοις
634 4728 713 4789 εις
739 4726 952 4794 σφαγὴν
977 4724 1286 4793 ἀγομένοις.

389 4818 787 4889 Ἑξεγέρθητι,
824 4817 925 4871 ἵνα
962 4816 1022 4868 τί
1064 4815 1300 4880 ὑπνοῖς,
1349 4816 1561 4883 Κύριε;
1597 4814 1708 4884 Τὴν
1755 4812 1882 4865 πολ-

304 4911 405 4981 λὴν
430 4911 640 4981 ἀνοχὴν
668 4907 767 4961 τοῦ
804 4904 962 4968 Θεοῦ,
998 4906 1066 4977 ἣν
1099 4908 1334 4961 ἐποιεῖτο
1371 4904 1457 4959 διὰ
1479 4905 1578 4969 τὰς
1604 4903 1880 4973 ἁμαρτίας

305 4992 687 5071 αὑτῶν,ὖπνῳ
723 5000 1181 5072 ¹τεαραὸάλλουσιν.
1198 4997 1525 5065 Ἀνάστηθι,
1562 4994 1760 5064 καὶμὴ
1777 4995 1883 5048 ἀετ-

298 5095 433 5159 diem
454 5094 543 5157 εὶς
565 5090 760 5155 τέλος.
798 5088 1102 5158 Ἀνάστηθι,
1130 5086 1303 5155 λέγει.
1324 5085 1422 5155 οὐχ
1437 5084 1583 5146 ὅπως
1616 5080 1881 5153 ὲναλλάξῃ

299 5183 368 5236 τὸ
396 5184 585 5254 σχῆμα
603 5197 621 5215 ·
652 5181 717 5234 τὸ
756 5178 898 5233 θεῖον
927 5179 1035 5250 γὰρ
1070 5177 1492 5248 ἀσχημάτιστον.
1527 5172 1641 5226 ἀλλ’
1674 5172 1760 5226 ἵνα
1799 5189 1883 5225 κι-

300 5277 446 5346 νήσῃ
466 5275 567 5344 τὴν
592 5270 793 5327 ἑαυτοῦ
814 5269 1040 5341 δύναμιν
1064 5270 1143 5332 εις
1170 5266 1446 5338 ἡμετέραν
1469 5264 1742 5335 βοήθειαν.
1769 5261 1882 5317 Kal

296 5365 388 5435 μὴ
431 5362 649 5433 ἁπώσῃ
701 5365 792 5430 εις
829 5360 1006 5427 τέλος
1051 5363 1188 5431 μήτε
1219 5359 1346 5422 τοὺς
1377 5356 1684 5418 ποιοῦντας.
1742 5354 1881 5423 μήτε

300 5457 433 5520 τοὺς
456 5456 789 5527 πάσχοντας,
819 5452 908 5508 ἵνα
947 5454 1085 5525 μήτε
1109 5454 1160 5505 οἱ
1184 5450 1503 5521 πάσχοντες,
1553 5448 1629 5510 ὡς
1657 5444 1881 5515 ὁλοκλή-

304 5562 419 5616 ρως
444 5544 691 5609 δοθέντες
721 5547 836 5608 τοῖς
878 5544 1205 5614 πειρασμῖς
1244 5538 1604 5610 ὀλισθήσωσι,
1652 5537 1789 5606 μήτε
1829 5534 1878 5586 oi

399 5724 445 5755 ⁸⁸
470 5720 628 5780 Hebr.
669 5739 752 5791 ιι,
793 5720 889 5780 37.
932 5679 941 5717 1

1987 4567 2111 4606 mus
2137 4551 2451 4605 hominibus
2500 4548 2694 4602 mortis
2727 4546 3051 4601 sententiam
3098 4542 3418 4604 ferentibus.
3465 4550 3547 4594 at-

1984 4657 2091 4711 que
2120 4641 2315 4697 ovibus
2344 4639 2409 4694 ad
2436 4639 2769 4694 occisionem
2794 4636 2995 4692 ductis.

2052 4816 2142 4871 2'5.
2175 4814 2432 4885 Exsurge,
2480 4831 2641 4885 quare
2691 4813 2977 4877 obdormis,
3014 4812 3268 4866 Domine?
3298 4809 3543 4879 Magnam

1985 4906 2078 4963 Dei
2116 4910 2455 4962 tolerantiam
2491 4924 2598 4979 qua
2632 4923 2820 4962 eorum
2845 4915 3063 4975 peccata
3098 4904 3326 4966 ferebat,
3350 4918 3546 4958 somno

1984 5009 2318 5070 comparant.
2331 4999 2563 5069 Exsurge
2586 5008 2635 5053 et
2657 5015 2720 5052 ne
2746 4996 2966 5068 repellas
2995 4997 3047 5048 in
3073 4994 3249 5064 ﬁnem.
3281 4993 3541 5059 Exsurge,

1982 5093 2079 5155 ait,
2105 5106 2212 5146 non
2245 5101 2305 5145 ut
2328 5093 2580 5145 immutet
2608 5089 2890 5144 habitum:
2922 5087 3168 5140 divinum
3190 5084 3335 5138 enim
3370 5080 3576 5150 quod-9

1981 5181 2113 5236 libet
2138 5189 2221 5234 est
2251 5180 2470 5234 habitus
2495 5186 2549 5233 et
2578 5180 2763 5248 ligulae
2792 5192 3024 5247 expers;
3058 5174 3152 5230 sed
3188 5181 3249 5225 ut
3284 5171 3539 5222 virtutem
3569 5196 3573 5247 i

1984 5287 2138 5327 suam
2161 5273 2227 5326 ad
2256 5279 2501 5325 nostrum
2529 5278 2747 5325 moveat
2767 5267 3058 5323 auxilium.
3124 5262 3191 5315 Et
3220 5277 3282 5315 ne
3322 5257 3539 5325 repellas

1981 5365 2036 5418 in
2066 5363 2245 5432 ﬁnem,
2278 5379 2376 5417 nec
2407 5361 2720 5425 inferentes,
2746 5375 2922 5430 neque
2977 5357 3239 5428 patientes
3272 5351 3411 5405 mala
3433 5391 3448 5415 ,
3483 5360 3543 5402 ut

1981 5470 2051 5509 ne
2100 5455 2138 5510 ii
2193 5456 2288 5524 qui
2337 5453 2641 5525 patiuntur,
2691 5451 2846 5524 quasi
2898 5445 3289 5505 tentationihus
3317 5457 3543 5514 prorsus

1980 5544 2148 5601 dediti
2198 5545 2480 5600 labantur:
2513 5559 2690 5615 neque
2737 5543 2776 5596 ii
2822 5541 2917 5611 qui
2950 5538 3094 5592 mala
3150 5534 3389 5592 inferunt
3417 5531 3544 5587 dia-
