3976 6220
336 393 439 448 209
1425 393 1790 451 EXPOSITIO
1830 393 1896 449 IN

1991 393 2269 451 SALMUM
2310 385 2491 449 XLIV.
3455 405 3561 459 210

334 511 570 583 Κύριος·
608 513 705 566 καὶ
745 512 900 567 τοῦτο
943 511 1083 567 κατά
1118 513 1277 582 φύσιν
1315 513 1484 583 αὐτῷ.
1523 516 1677 569 Ἐστι
1707 517 1764 569 δὲ
1811 516 1903 569 καὶ

2004 514 2272 587 siquidem
2305 511 2722 584 potentissimus
2754 512 2845 569 ille
2872 522 2973 581 est,
3016 513 3071 568 id
3099 523 3203 583 est,
3230 523 3561 585 potestatum

335 604 531 675 ὡραῖος
560 606 660 675 μὲν
680 607 793 669 τοῖς
818 604 1154 674 ἐπεγνωκόσι
1192 606 1291 677 τὴν
1334 607 1656 676 ἐπιφάνειαν
1700 607 1864 660 αὑτοῦ
1886 646 1899 671 ,

2005 605 2290 671 Dominus,
2315 606 2458 676 quod
2512 603 2590 659 illi
2648 603 2947 660 secundum
2979 613 3231 659 naturam
3282 605 3560 676 competit.

334 696 427 749 καὶ
466 695 528 749 τὸ
570 696 936 768 ὑπερκόσμιον
985 694 1180 760 κάλλος
1229 702 1509 752 κατανοεῖν
1565 697 1898 770 δυναμένοις.

2003 699 2099 753 Est
2129 706 2307 753 autem
2336 699 2614 767 speciosus
2646 696 2715 752 iis
2739 697 2832 767 qui
2858 711 3059 751 norunt
3092 696 3383 753 adventum
3420 697 3560 767 ejus,

335 784 427 856 Τῷ
454 785 512 839 δὲ
542 786 701 858 μηρῷ
732 787 831 859 τὴν
860 788 1128 858 ῥομφαίαν
1173 788 1471 862 ἐνήρμοσεν
1500 790 1634 861 πρὸς
1664 789 1761 861 τὴν
1794 789 1901 842 τῶν

2003 790 2206 860 quique
2230 789 2701 861 pulchritudinem
2725 788 2865 860 ejus,
2883 790 3211 845 mundanam
3223 804 3437 844 omnem
3467 804 3562 843 ex-

334 878 709 933 ἀπιοτούντων
739 878 964 950 ἀπειλὴν
991 880 1085 933 καὶ
1115 878 1223 933 τῶν
1246 881 1633 953 ἀντικειμένων
1662 882 1759 945 τὰς
1791 881 1895 950 φά-

2001 891 2367 950 superantem,
2397 889 2626 950 possunt
2678 881 3001 953 intelligere.
3055 879 3276 936 Femori
3326 880 3417 937 ille
3460 871 3562 936 suo

333 970 564 1037 λαγγας.
605 971 738 1042 Περὶ
768 969 897 1040 γοῦν
938 970 1046 1023 τῶν
1074 970 1439 1027 ἀπειθούντων
1470 973 1632 1043 φησὶν
1687 975 1716 1026 ό
1760 974 1899 1044 ψαλ-

1999 973 2234 1044 gladium
2263 975 2534 1044 apposuit,
2587 983 2647 1028 ut
2670 974 2848 1029 minas
2899 973 3209 1028 inﬁdelibus
3245 973 3557 1034 intentaret,

338 1063 466 1133 μός·
520 1063 660 1116 Ἐὰν
685 1062 770 1132 μὴ
810 1063 1232 1135 ὲπιστραφῆτε,
1281 1064 1395 1134 τὴν
1437 1066 1742 1134 ῥομφαίαν
1796 1069 1900 1121 αὺ-

1998 1079 2209 1120 necnon
2259 1065 2552 1137 manipulis
2601 1066 3060 1121 adversariorum.
3123 1063 3199 1119 De
3250 1063 3560 1118 inﬁdelibus

336 1155 441 1209 τοῦ
462 1155 805 1209 στιλὸώσει.

1998 1155 2180 1227 itaque
2209 1157 2451 1227 psalmus
2477 1157 2640 1214 dicit:
2671 1155 2797 1211 Nisi
2816 1158 3052 1211 conversi
3074 1156 3302 1226 fueritis,
3326 1155 3559 1226 gladium

1997 1263 2150 1302 suum
2190 1248 2414 1304 oibrabit
2447 1249 2515 1302 ²¹.

411 1330 491 1401 Τῇ
517 1333 830 1401 ὡραιότητι
858 1349 974 1387 σου
1004 1336 1101 1389 καὶ
1130 1334 1210 1401 τῷ
1252 1334 1461 1390 κάλλει
1509 1350 1642 1389 σου.
1685 1336 1896 1407 Ὠραιό-

2065 1339 2119 1394 5.
2177 1337 2357 1409 Specie
2397 1349 2489 1394 tua
2539 1350 2589 1395 et
2638 1340 3027 1409 pulchritudine
3076 1349 3188 1393 tua.
3241 1338 3459 1410 Species
3506 1346 3559 1391 et

330 1438 431 1490 της
460 1420 518 1473 δὲ
544 1422 637 1474 καὶ
661 1420 853 1485 κάλλος
883 1420 976 1475 τοῦ
1013 1422 1483 1493 στρατευσαμένου
1510 1425 1543 1493 ἠ
1579 1421 1769 1493 θεότης
1797 1423 1895 1476 αὺ-

1993 1432 2342 1502 pulchritudo
2392 1432 2583 1490 militis
2615 1434 2779 1503 illius,
2815 1443 2898 1490 est
2932 1434 3106 1489 deitas
3149 1433 3288 1502 ejus,
3336 1441 3389 1486 et
3421 1445 3558 1502 pm-

329 1511 426 1565 τοῦ
480 1512 578 1567 καὶ
632 1515 667 1584 ή
720 1512 861 1566 κατὰ
906 1514 1122 1567 πάντων
1155 1514 1414 1585 ὑπεροχή.
1449 1512 1559 1567 Καὶ
1604 1512 1890 1578 ἕντεινον,

1994 1523 2192 1577 stantia
2246 1537 2354 1591 qua
2396 1538 2587 1579 omnes
2641 1534 2949 1594 exsuperat.
3005 1523 3260 1587 Intende,
3312 1513 3556 1590 prospere

329 1602 431 1658 καὶ
464 1601 812 1669 κατευοδοῦ,
861 1603 957 1656 καὶ
1008 1604 1325 1669 βασίλευε.
1364 1604 1634 1658 ¹Ἐντεινον
1663 1603 1731 1657 τά
1764 1603 1893 1670 τόξα

1992 1610 2209 1678 procede
2235 1618 2285 1664 et
2317 1627 2493 1683 regna.
2537 1610 2779 1678 intende,
2811 1614 3008 1684 inquit,
3043 1627 3203 1667 arcus
3234 1619 3378 1676 tuos,
3434 1624 3557 1679 pro-

331 1709 448 1755 σου,
481 1694 636 1764 φησι,
692 1692 974 1748 κατευοδοῦ
1009 1695 1064 1748 δὲ
1108 1695 1561 1767 δεδικαιωμένους
1611 1696 1717 1748 ὑπὸ
1774 1696 1891 1762 σοῦ,

1995 1714 2150 1770 spere
2170 1700 2464 1769 procedere
2486 1700 2649 1756 facito
2673 1717 2767 1757 eos
2789 1704 2879 1772 qui
2908 1719 2936 1755 a
2952 1716 3001 1757 te
3014 1702 3293 1772 justiﬁcati
3317 1700 3552 1756 fuerunt.

328 1777 407 1837 ὧν
431 1783 752 1854 βασιλεύεις,
782 1787 965 1856 φησὶν,
999 1786 1310 1853 ἀπαλλάξας
1342 1786 1538 1850 αὐτοὺς
1564 1785 1657 1839 τοῦ
1691 1786 1888 1857 ωράνο

1993 1785 2050 1839 in
2091 1800 2247 1855 quos,
2274 1786 2370 1851 ait,
2403 1800 2620 1856 regnas,
2651 1796 2938 1856 postquam
2978 1786 3218 1840 liberasti
3256 1799 3349 1841 eos
3398 1800 3430 1839 a
3473 1794 3556 1856 ty-

326 1891 440 1928 νου.
470 1875 721 1929 Δείκνυσι
768 1877 958 1949 νοερὲω
988 1872 1152 1930 οὖσαν
1187 1878 1288 1948 τὴν
1334 1877 1519 1948 νίκην·
1555 1877 1735 1930 ὅπλων
1784 1878 1892 1949 γὰρ

1994 1892 2188 1931 ranno.
2212 1875 2421 1931 lndicat
2442 1876 2777 1946 spiritualem
2796 1893 2917 1933 esse
2937 1877 3237 1932 victoriam.
3258 1875 3552 1946 Postquam

328 1966 729 2037 μνημονεύσας,
789 1967 1058 2038 μέμνηται
1106 1970 1199 2022 καὶ
1242 1970 1567 2040 πραότητος.
1605 1969 1788 2041 Πράου
1836 1969 1892 2022 δέ

1991 1966 2136 2020 enim
2164 1979 2314 2020 arma
2345 1968 2812 2024 commemoravit.
2853 1967 2919 2023 de
2951 1968 3364 2022 mansuetudine
3401 1982 3554 2021 men-

326 2061 445 2112 ἐστι
492 2059 559 2113 τά
595 2061 695 2131 μὲν
722 2063 802 2124 είς
836 2062 1024 2115 ἑαυτὸν
1068 2063 1283 2131 ἀφεῖναι
1338 2064 1448 2126 τοῖς
1494 2062 1891 2132 ἀδικουμένοις.

1992 2054 2194 2109 tionem
2219 2053 2366 2110 facit.
2408 2055 2675 2112 Mansueti
2705 2067 2884 2112 autem
2927 2066 3030 2125 est,
3056 2057 3235 2113 illatas
3263 2057 3366 2112 sibi
3408 2057 3553 2128 inju-

324 2150 438 2204 Kal
460 2149 748 2221 ὁδηγήσει
776 2167 849 2206 σε
878 2152 1233 2222 θαυμαστῶς
1253 2154 1291 2222 ἡ
1318 2152 1486 2218 δεξιά
1507 2169 1645 2207 σου.
1672 2152 1891 2225 Ἐπειδὴ

1990 2147 2103 2202 rias
2126 2148 2516 2238 dimitteregEt
2539 2149 2753 2205 deducet
2790 2159 2837 2204 te
2869 2150 3184 2204 mirabiliter
3205 2150 3418 2204 dextera
3440 2160 3551 2204 tua.

323 2241 434 2311 γὰρ
469 2243 743 2313 ῥομφαίας
775 2244 1205 2315 ἐμνημόνευσεν,
1239 2243 1528 2298 ἀκόλουθον
1579 2243 1673 2298 καὶ
1716 2243 1893 2310 δεξιᾶς

1992 2236 2219 2305 Quando
2262 2236 2409 2294 enim
2469 2241 2707 2310 gladium
2758 2241 3115 2309 memoravit,
3162 2251 3554 2311 consequenter

323 2333 621 2403 ἐποιήσατο
651 2338 890 2406 μνήμην.
923 2334 1082 2405 Δεξιά
1105 2336 1162 2388 δὲ
1191 2333 1354 2389 αὐτοῦ
1402 2335 1469 2388 τά
1496 2334 1643 2401 δεξιά
1672 2334 1891 2406 βουλεύ-

1990 2332 2154 2387 etiam
2177 2332 2244 2387 de
2262 2331 2483 2388 dextera
2508 2333 2766 2403 loquitur.
2794 2331 3024 2387 Dextera
3056 2341 3235 2387 autem
3263 2332 3380 2402 ejus
3405 2339 3551 2397 sunt,

323 2441 498 2494 ματα,
530 2421 609 2489 οἷς
634 2427 970 2500 κεχρημένος
1001 2427 1101 2500 τὴν
1124 2427 1222 2499 τῆς
1257 2427 1526 2500 ἁμαρτίας
1555 2427 1655 2481 οὐκ
1681 2426 1893 2493 ἐδέξατο

1991 2423 2208 2478 dextera
2253 2424 2368 2480 sive
2412 2425 2647 2496 genuina
2689 2422 2937 2490 consilia,
2976 2424 3131 2495 queis
3176 2438 3310 2479 usus
3350 2424 3552 2494 peccati

324 2515 653 2587 προσϐολήν.

1991 2512 2251 2582 impetum
2272 2529 2379 2567 non
2406 2515 2632 2583 excepit.

402 2606 480 2660 Τὰ
510 2606 674 2677 βέλη
717 2622 832 2661 σου
880 2609 1241 2678 ἠκονημένα,
1300 2609 1537 2665 durate.
1581 2609 1717 2681 Βέλη
1767 2611 1893 2674 τοὺς

2061 2603 2114 2659 6.
2155 2602 2377 2674 Sagitta:
2424 2614 2527 2660 ture
2567 2613 2766 2671 acutae,
2804 2621 2835 2659 ο
2871 2603 3349 2675 ροιεηε.,5εείιιεε
3398 2611 3553 2660 voca:

320 2697 515 2766 ἁγίους
541 2698 868 2762 ἀποστόλους
897 2702 1081 2771 φησὶν,
1130 2702 1179 2754 οἳ
1212 2702 1306 2755 καὶ
1335 2705 1391 2755 ὲν
1436 2701 1632 2775 καρδίᾳ
1675 2701 1890 2771 καιρίας

1992 2704 2214 2752 sanctos
2255 2697 2688 2768 apostolos,;qui
2743 2699 2908 2753 etiam
2950 2697 3168 2752 letbalia
3195 2698 3419 2752 vulnera
3471 2698 3555 2750 in-

318 2786 586 2843 δεδώκασι
618 2787 831 2859 πληγὰς
869 2792 980 2853 τοῖς
1005 2789 1217 2861 ἐχθροῖς
1234 2788 1327 2844 τοῦ
1362 2791 1636 2854 Βασιλέως
1660 2790 1769 2844 τῶν
1796 2790 1888 2861 βα-

1991 2786 2178 2843 ﬂixere
2205 2788 2258 2842 in
2290 2803 2386 2843 cor
2413 2789 2757 2844 inimicorum
2811 2787 2975 2860 Regis
2996 2804 3206 2859 regum.
3234 2788 3361 2843 Haec
3391 2803 3554 2859 porro

322 2877 667 2935 σιλευόντων.
710 2879 893 2932 Ταῦτα
930 2880 986 2934 δὲ
1026 2881 1093 2934 τὰ
1127 2880 1279 2952 βέλη,
1317 2880 1592 2954 πλήξαντα
1643 2884 1723 2945 είς
1757 2899 1891 2953 καρρ

1991 2876 2097 2931 tela
2119 2893 2239 2946 qua:
2264 2878 2575 2948 spirituales
2604 2878 2858 2935 inimicos
2888 2879 2945 2934 in
2974 2879 3138 2934 corde
3179 2878 3550 2944 vulnerarunt,

318 2971 441 3029 δίαν
466 2972 594 3035 τοὺς
633 2971 857 3042 νοητοὺς
886 2972 1131 3044 ἐχθροὺς,
1165 2973 1351 3046 ἴσχυσε
1399 2974 1888 3047 προσενέγκαιτὴν

1992 2969 2177 3024 orbem
2229 2978 2525 3039 potuerunt
2581 2970 2784 3025 Christi
2838 2970 3069 3042 pedibus
3117 2972 3456 3038 submittere,
3498 2981 3553 3025 et

320 3061 416 3117 ὑπ’
445 3061 672 3133 οὐρανὸν
717 3062 822 3117 ὑπὸ
856 3062 1022 3126 πόδας
1053 3063 1311 3135 Χριστοῦ,
1343 3064 1563 3134 καὶτῆς
1594 3064 1758 3118 αὑτοῦ
1801 3065 1890 3137 βα-

1988 3060 2120 3132 jugo
2170 3062 2324 3131 regni
2366 3060 2486 3132 ejus
2520 3062 2814 3133 subjicere;
2837 3062 3117 3120 Caeterum
3140 3064 3196 3118 hi
3229 3079 3420 3119 versus
3458 3079 3553 3133 per

322 3153 531 3217 σιλείας
563 3154 842 3207 ὑποθεῖναι
889 3156 1000 3219 τοῖς
1035 3155 1236 3223 ζυγοῖς.
1287 3155 1373 3209 Ἐν
1412 3155 1710 3230 ὑπερϐατῷΔ
1734 3157 1790 3211 δὲ
1838 3160 1887 3212 oi

1990 3152 2323 3224 hyperbaton
2379 3154 2670 3223 dicuntur,
2736 3164 2796 3211 ut
2867 3165 3059 3212 sonent
3109 3176 3122 3213 :
3170 3158 3390 3228 Sagittae
3449 3165 3552 3212 tua-

322 3209 528 3314 orizae,
550 3245 637 3297 ἵνα
661 3239 794 3300 ὦσιν
820 3209 998 3309 οὓτως
1010 3263 1023 3277 ·
1165 3209 1291 3317 βέλη
1316 3264 1409 3301 σου
1440 3209 1888 3320 ἠκονημένα,

1880 3209 1961 3290 ιο
1992 3254 2184 3315 acutae,
2212 3263 2245 3304 ο
2280 3256 2496 3319 potens,
2533 3248 2588 3302 in
2625 3246 2883 3306 cordibus
2918 3248 3260 3305 inimicorum
3292 3252 3435 3321 regis

319 3332 469 3398 me,
498 3334 557 3386 ὲν
584 3333 835 3405 καρδίαις
862 3330 969 3387 τῶν
1004 3332 1211 3405 ἐχθρῶν
1242 3334 1335 3388 τοῦ
1368 3335 1649 3406 βασιλέως.

406 3425 467 3477 '0
493 3425 705 3493 θρόνος
724 3440 860 3491 σου,
878 3427 910 3479 ό
928 3426 1094 3491 Θεὸς,
1107 3429 1194 3491 εις
1211 3426 1315 3480 τὸν
1330 3427 1517 3483 αἰῶνα
1532 3430 1636 3483 τοῦ
1652 3428 1886 3496 αἰῶνος.

2063 3423 2112 3477 7.
2157 3423 2396 3479 Thronus
2443 3434 2585 3491 tuus,
2623 3426 2787 3495 Deus,
2831 3429 2884 3482 in
2920 3431 3171 3485 «erutum
3211 3433 3412 3489 seculi.
3449 3432 3552 3500 Qui

318 3519 385 3571 υί
417 3516 741 3588 κεκλημένοι
765 3515 853 3570 διά
869 3515 976 3569 τῶν
1008 3516 1338 3584 ἀποστόλων,
1380 3520 1764 3590 ὁμολογοῦντες
1793 3522 1887 3575 τοῦ

1991 3515 2165 3569 vocati
2192 3531 2284 3586 per
2323 3519 2599 3586 apostolos
2630 3503 2758 3574 sunt
2789 3521 3106 3578 conﬁtentes
3136 3521 3408 3594 Unigeniti
3435 3527 3552 3580 dei-

317 3606 661 3674 Μονογενοῦς
680 3607 779 3677 τὴν
797 3605 1046 3677 θεότητα,
1064 3609 1244 3677 φασίν·
1262 3608 1323 3662 Ὀ
1340 3610 1549 3678 θρόνος
1559 3615 1734 3679 σου,ό
1747 3613 1887 3677 Θεὸς

1991 3613 2180 3672 tatem,
2212 3608 2407 3663 aiunt:
2449 3608 2686 3669 Tltronus
2727 3621 2869 3681 tuus,
2888 3612 3049 3681 Deus,
3073 3616 3397 3676 insecutum
3451 3635 3552 3673 ste—

318 3703 410 3765 εὶς
436 3699 542 3752 τὸν
567 3697 754 3753 αἰῶνα
781 3697 888 3752 τοῦ
915 3698 1147 3766 αἰῶνος.
1191 3700 1435 3771 Ῥάδδος
1477 3705 1801 3773 εὐθύτητος
1848 3708 1886 3773 ἠ

1990 3696 2116 3751 culi.
2179 3696 2339 3770 Virga
2398 3701 2701 3761 directionis
2763 3706 2909 3775 virga
2969 3708 3113 3783 regni
3181 3711 3279 3762 tui.
3322 3708 3554 3765 Directio

310 3788 541 3859 ῥάϐδος
572 3788 681 3858 τῆς
703 3789 1029 3857 ,βασιλείας
1060 3806 1217 3851 σου.,
1243 3794 1309 3846 Ἠ
1358 3793 1587 3867 εὐθύτης
1636 3797 1788 3869 παρὰ
1822 3801 1880 3869 τῇ

1993 3787 2045 3841 in
2069 3788 2268 3844 divinis
2296 3788 2601 3860 Scriptnris
2623 3793 2891 3862 justitiam
2933 3795 3220 3867 signiﬁcat.
3251 3798 3340 3854 Ait
3366 3798 3550 3870 igitur.

318 3879 442 3949 θεία⁵
472 3879 664 3951 Γραφῇ
696 3880 1042 3952 δικαιοσύνην
1069 3883 1340 3955 σημαίνει.
1378 3886 1539 3953 Λέγει
1584 3887 1783 3953 τοίνυν,
1812 3888 1888 3952 ὡς

1990 3877 2191 3946 quibus
2238 3879 2469 3951 imperat
2515 3881 2765 3941 Christus
2812 3886 2865 3939 in
2904 3887 2989 3941 via
3025 3888 3250 3957 justitiae
3308 3890 3553 3945 incedere

314 3972 366 4023 οἱ
392 3970 797 4042 βασιλευόμενοι
833 3972 984 4043 παρά
1022 3974 1278 4050 Χριστοῦ,
1302 3975 1398 4048 τὴν
1423 3976 1521 4047 τῆς
1550 3976 1890 4051 δικαιοσύνης
1990 3969 2250 4026 ediscent-

318 4061 547 4132 μάθοιεν
585 4061 816 4130 βαδίζειν
840 4064 991 4119 όδόν.,

406 4152 749 4223 Ἠγάπησας
796 4153 1225 4225 δικαιοσύνην,
1268 4159 1366 4212 καὶ
1422 4159 1721 4230 ἐμίσησας
1750 4164 1890 4218 ἀνο-

2061 4148 2115 4203 8.
2164 4147 2413 4204 Dilexisti
2431 4150 2701 4218 justitiam
2729 4162 2778 4206 et
2805 4152 2964 4206 odisti
2988 4153 3340 4225 iniquitatem.
3372 4154 3552 4222 Quang-

309 4246 483 4314 μίαν.
527 4245 747 4316 Ἐπειδὴ
775 4286 789 4310 ,
824 4246 925 4319 τὴν
955 4248 1160 4320 τροπὴν
1208 4249 1475 4317 παθοῦσα,
1507 4256 1540 4324 ή
1587 4253 1879 4326 ἀνθρώπων

1990 4241 2284 4312 doquidem
2315 4243 2602 4299 hominum
2633 4255 2848 4311 natura,
2886 4248 3242 4302 mutationem
3273 4264 3550 4319 perpessa,

314 4335 484 4403 φύσις
529 4333 897 4408 καταλείψασα
944 4335 1044 4407 τὴν
1088 4337 1431 4410 δικαιοσύνην
1483 4341 1738 4412 ἠγάπησε
1793 4342 1884 4415 τὴν

1991 4333 2294 4389 deserendo
2320 4333 2588 4404 justitiam
2629 4337 2819 4393 dilexit
2860 4338 3234 4409 iniquitatem;
3271 4339 3392 4395 ideo
3425 4338 3554 4396 Uni-

313 4424 569 4495 ἀνομίαν,
602 4424 785 4502 ταύτῃ
801 4443 889 4481 τοι
937 4427 1153 4496 γέγονεν
1177 4428 1459 4500 ἄνθρωπος
1491 4433 1519 4484 ό
1559 4434 1883 4504 Μονογενὴς,

1991 4424 2206 4495 genitus
2234 4423 2411 4480 factus
2446 4426 2609 4511 bme
2638 4437 2736 4492 est,
2770 4437 2828 4483 ut
2866 4428 2922 4482 in
2969 4443 3028 4483 se
3062 4429 3351 4484 humanam
3379 4430 3552 4485 corri-

314 4518 602 4589 κατορθῶν
634 4521 692 4572 ὲν
720 4520 897 4591 ἑαυτῷ
942 4523 1007 4592 τῇ
1036 4520 1331 4592 ἀνθρώπων
1362 4522 1519 4591 φύσει
1559 4524 1621 4577 τὸ
1663 4526 1882 4599 ἀγαπᾷν

1992 4531 2122 4586 gens
2151 4525 2424 4582 naturam,
2467 4518 2521 4573 id
2556 4518 2788 4599 ediceret
2829 4530 2886 4574 ut
2926 4519 3461 4591 diligeretjustitiam
3500 4532 3552 4577 et

312 4610 669 4681 δικαιοσύνην
698 4611 791 4665 καὶ
827 4613 1000 4681 μισεῖν
1023 4613 1249 4682 ἀνομίαν
1268 4630 1282 4645 ο
1311 4613 1404 4666 καὶ
1435 4615 1467 4684 ἡ
1492 4614 1588 4686 τῆς
1619 4592 1882 4688 ὲνανθρω-

1991 4608 2117 4662 odio
2145 4607 2371 4663 haberet
2398 4592 2738 4678 iniquitaiem
2779 4630 2794 4664 ε
2831 4619 2996 4681 atque
3023 4612 3209 4667 isthaec
3238 4612 3343 4668 fuit
3370 4614 3551 4670 incar-

313 4702 541 4771 πήσεως
572 4698 714 4769 αῦτη
742 4701 907 4754 αἰτία.
940 4700 1030 4753 Διό
1056 4718 1238 4772 φησιν·
1268 4701 1370 4755 Διά
1396 4702 1568 4755 τοῦτο
1593 4703 1799 4771 ἕχρισέ
1814 4723 1883 4759 σε

1989 4698 2223 4755 nationis
2253 4715 2437 4755 causa.
2485 4700 2850 4768 Quamobrem
2901 4704 3015 4758 ait:
3071 4704 3353 4773 Propterea
3400 4709 3552 4762 unxit

313 4791 347 4842 ὀ
371 4787 539 4853 Θεός.
566 4787 667 4841 Διά
691 4783 849 4839 τοῦτο
867 4786 942 4850 δὲ,
965 4790 1114 4840 ποῖον
1135 4804 1150 4854 ;
1183 4789 1216 4861 ἢ
1241 4788 1379 4843 ὥστε
1401 4790 1495 4843 καὶ
1522 4792 1649 4855 τοὺς
1670 4794 1727 4846 ὲν
1756 4793 1883 4865 μεθ-

1990 4799 2037 4842 te
2061 4788 2221 4843 Deus.
2253 4788 2740 4863 Propterea,quare
2756 4794 2908 4871 {nisi
2939 4805 2997 4850 ut
3026 4797 3119 4866 qui
3150 4799 3227 4852 tui
3262 4801 3551 4871 participes

310 4878 429 4942 έξει
462 4893 556 4930 σου
600 4878 924 4947 γενομένους
958 4879 1346 4947 ἀγαλλιᾶσθαν
1410 4881 1506 4935 ἆτε
1533 4881 1597 4957 δὴ
1622 4883 1696 4947 ὡς
1725 4862 1880 4958 ἠλεη-

1987 4889 2170 4936 essent
2211 4882 2569 4952 exsultarent,
2605 4862 2796 4954 utpote
2828 4887 2921 4954 qui
2954 4902 3021 4942 ex
3058 4888 3431 4946 misericordia
3458 4862 3551 4947 iua

318 4969 515 5041 μένους
546 4968 637 5022 διά
659 4968 720 5021 τὸ
752 4968 1144 5040 κατωρθῶσθαι
1190 4974 1372 5038 αὐτοῖς
1405 4975 1491 5029 διὰ
1528 4974 1621 5030 σοῦ
1651 4977 1710 5030 τὸ
1750 4980 1886 5048 ἀτα-

1989 4972 2042 5025 id
2072 4974 2348 5029 consecuti
2392 4974 2500 5029 sint
2546 4983 2604 5029 ut
2652 4977 2937 5047 diligerent
2988 4980 3255 5049 justitiam
3316 4992 3369 5038 et
3429 4985 3551 5038 odio

314 5061 428 5130 πᾷν
478 5060 823 5132 δικαιοσύνην
886 5061 978 5114 καὶ
1038 5064 1215 5132 μισεῖν
1265 5065 1527 5135 ἀνομίαν..
1550 5066 1653 5123 Διὰ
1709 5067 1884 5123 τοῦτο

1989 5064 2249 5120 haberent
2300 5066 2661 5137 iniquitatem.
2720 5067 3008 5140 Propterea
3056 5077 3207 5128 unxit
3262 5085 3311 5129 te
3367 5074 3503 5128 Deus
3532 5118 3550 5142 ,

313 5150 523 5222 ἔχρισέ
546 5168 622 5207 σε
651 5156 683 5207 ὁ
719 5151 882 5219 Θεὸς,
922 5157 954 5207 ό
996 5154 1138 5220 Θεός
1185 5169 1319 5209 σου.
1357 5156 1478 5213 Ἐπὶ
1515 5156 1671 5217 τοῦτο
1700 5160 1883 5231 ἧλειῷέ

1986 5155 2126 5210 Deus
2151 5165 2292 5212 tuus.
2320 5157 2446 5212 Ideo
2470 5159 2686 5215 inunxit
2712 5168 2762 5214 te
2795 5160 2960 5226 Deus,
2994 5163 3137 5220 Deus
3167 5174 3312 5227 tuus,
3339 5166 3546 5234 inquit:

315 5262 377 5298 σε
407 5245 437 5297 ό
459 5245 613 5308 Θεὸς,
652 5246 682 5297 ὁ
714 5244 846 5309 Θεός
882 5262 997 5308 σου,
1035 5247 1199 5316 φησί·
1235 5246 1296 5299 τὸ
1327 5248 1434 5321 γάρ
1477 5248 1715 5323 ἔχρισεν,
1737 5253 1884 5324 ἠλει-

1987 5249 2117 5304 illud
2147 5248 2290 5303 enim
2336 5251 2509 5316 unxit,
2542 5250 2761 5306 inunxit
2795 5254 3197 5323 interpretatur.
3237 5255 3409 5327 Hujus
3449 5273 3548 5319 au-

311 5336 416 5405 ψεν
446 5337 831 5411 ἑρμηνεύεται.
884 5337 1157 5408 Συνῆπται
1209 5339 1266 5392 δὲ
1318 5342 1354 5411 ἡ
1387 5341 1574 5394 τούτου
1623 5344 1881 5415 ἑρμηνεία

1986 5346 2093 5394 tem
2135 5340 2241 5395 loci
2284 5340 2658 5412 interpretatio
2701 5346 2953 5414 superius
2987 5347 3053 5401 ad
3092 5347 3205 5400 haec
3235 5329 3413 5416 verba,
3448 5349 3547 5403 Di-

314 5428 514 5483 ᾰνωθεν
536 5432 619 5493 είς
640 5430 724 5495 τὸ,
763 5427 1107 5499 Ἠγάπησας
1137 5429 1549 5501 δικαιοσύνην.

1343 5432 1549 5501 rem».
1985 5432 2161 5487 (existi
2177 5434 2474 5503 justitiam,
2511 5436 2763 5507 adjuncta
2795 5436 2913 5493 fuit.

386 5524 623 5591 Σμύρνα
656 5521 759 5576 καὶ
809 5518 1043 5587 στακτὴ
1095 5521 1194 5574 καὶ
1225 5523 1411 5579 κασία
1439 5525 1556 5579 ἀπὸ
1605 5525 1725 5581 τῶν
1766 5530 1885 5596 ipa-

2053 5525 2105 5579 9.
2126 5524 2345 5596 Myrrha
2370 5538 2582 5599 etgutta
2603 5540 2650 5583 et
2663 5530 2809 5584 casia
2844 5547 2876 5582 a
2894 5531 3210 5591 vestimentis
3236 5534 3544 5589 tuis.Vesti-

317 5613 453 5668 τίων
478 5632 614 5669 σου.
663 5612 880 5684 Ἰμάτια
903 5611 996 5664 τοῦ
1039 5613 1371 5678 Μονογενοῦς
1406 5615 1643 5687 νοηθείεν
1676 5617 1740 5671 ἂν
1794 5618 1883 5671 δυ-

1984 5626 2161 5672 menla
2208 5616 2476 5691 Unigeniti
2525 5623 2693 5691 probe
2743 5622 3112 5692 intelligantur
3145 5624 3395 5695 virtutes,
3432 5642 3545 5685 ma-

386 5794 424 5824 "
443 5791 582 5852 Paul.
625 5813 721 5860 νιι,
762 5795 841 5847 l5.
