3976 6220
1221 300 1278 357 S.
1319 303 1691 360 ATHANASII
1732 301 1882 358 OPP.
1924 299 2104 356 PARS
2140 298 2231 354 Ill.
2270 328 2341 340 —-
2377 292 2793 351 EXEGETICA.

3529 287 3643 346 ενι

383 418 739 490 Διςηὶίὶικειιιίιι,
775 419 965 487 gloria,
1000 419 1155 488 juxta
1189 420 1318 475 illud
1349 441 1362 476 :
1414 422 1668 476 Dominus
1717 422 1970 490 regnavit,

2072 418 2287 486 νάμεις,
2317 411 2777 487 μεγαλοπρέπεια,
2822 409 2982 473 δόξα,
3020 407 3158 462 κατά
3194 407 3270 459 τσ
3322 406 3381 458 Ὀ
3423 408 3636 475 Κύριος

410 511 647 566 decorem
688 510 902 563 indutus
930 521 1029 573 est,
1061 512 1279 567 indutus
1308 522 1384 566 est
1426 513 1679 567 Dominus
1728 515 1972 566 virtutem

410 612 459 655 et
487 601 763 670 prazcinxit
794 618 846 655 se
869 604 935 654 ".
976 602 1166 658 lsthzee
1204 604 1369 674 igitur
1419 604 1588 675 gloria
1640 616 1691 659 et
1722 604 1972 674 magniﬁ-

408 692 581 747 centia
606 693 746 760 ejus,
780 693 902 747 boni
944 694 1100 748 nobis
1145 696 1328 750 odoris
1380 695 1502 761 fuit,
1531 697 1763 765 ctquasi
1802 712 1971 767 genus

407 798 567 836 omne
596 784 933 837 odorameuti
960 792 1013 837 et
1057 785 1286 849 incensi,
1338 786 1497 854 juxta
1530 786 1659 840 illud
1713 785 1841 841 alibi
1890 786 1971 839 di-

406 882 552 928 ctum
586 891 599 926 :
651 873 982 944 Unguentum
1027 876 1251 943 effusum
1282 893 1467 930 nomen
1507 887 1653 930 tuum
1685 877 1731 909 ³³
1759 895 1773 931 :
1804 885 1858 930 et
1912 876 1972 929 il-

405 966 495 1020 lud
533 985 547 1020 :
576 964 642 1020 In
666 967 876 1019 odorem
905 976 1284 1036 unguentorum
1314 977 1523 1021 tuorum
1546 966 1832 1020 curram“.
1857 966 1875 1037 (
1886 965 1968 1033 l6)

404 1054 502 1110 Est
529 1065 707 1110 autem
741 1065 935 1120 stacte,
967 1058 1080 1112 sive
1105 1067 1273 1127 gutta,
1301 1059 1535 1130 myrrhae
1562 1074 1732 1129 genus
1765 1058 1971 1113 tenuis-

403 1143 624 1197 simum.
680 1142 812 1197 Nam
845 1146 1079 1199 contrito
1127 1157 1389 1204 aromate.
1438 1148 1697 1218 quidquid
1743 1147 1966 1201 ﬂuidum

402 1237 575 1291 iuilio
618 1238 848 1292 habetur
893 1240 945 1293 in
977 1249 1185 1294 stacten
1234 1243 1347 1296 sive
1396 1250 1602 1311 guttam
1657 1240 1964 1292 dividitur:

401 1329 544 1399 quod
584 1331 823 1385 crassius
852 1333 1127 1387 residuum
1163 1343 1265 1394 est.
1313 1335 1530 1406 myrrha
1577 1341 1819 1385 voratur.
1859 1329 1965 1384 Ca-

399 1418 480 1470 sia
524 1426 703 1471 autem
752 1428 836 1473 est
872 1434 1058 1476 cortex
1100 1424 1475 1484 tenuissimus,
1524 1420 1964 1483 odoratissimus,

398 1508 492 1577 qui
527 1510 734 1577 ligneos
774 1513 1026 1568 surculos
1063 1515 1325 1569 obtendit.
1367 1514 1412 1567 Α
1455 1516 1694 1568 domibus
1728 1513 1965 1569 eburneis

397 1606 464 1643 ea:
502 1594 688 1659 quibus
719 1594 1100 1651 delectaverunt
1148 1607 1215 1653 te.
1250 1597 1467 1662 Domus,
1500 1599 1638 1653 aedes
1672 1599 1967 1669 splendida:

398 1694 452 1736 et
527 1685 811 1754 magniﬁce
873 1697 1095 1742 structa:
1162 1699 1327 1758 atque
1406 1690 1601 1757 templa
1682 1690 1961 1744 dicuntur.

2076 509 2497 569 ἐϐασίλευσεν,
2531 501 2892 571 εὐπρέπειαν
2933 497 3278 560 ἐνεδύσατο,
3310 496 3635 551 ἐνεδύσατο

2077 602 2293 669 Κύριος
2329 598 2586 665 δύναμιν
2627 594 2726 648 καὶ
2773 589 3177 661 περιεζώσατο.
3207 588 3354 658 Αὕτη
3386 587 3451 658 δὴ
3476 584 3569 641 οὖν
3598 591 3633 659 ή

2075 694 2201 759 δόξα
2246 688 2409 745 αὐτοῦ
2443 688 2538 741 καὶ
2588 687 2622 758 ἡ
2676 681 3117 756 μεγαλοπρέπεια
3166 680 3368 751 εὐώδης
3415 680 3636 749 γέγονεν

2074 784 2227 854 ἡμῖν,
2257 781 2352 834 καὶ
2378 780 2451 843 ὡς
2486 780 2544 831 ἐν
2574 777 2723 843 τάξει
2750 773 3090 845 θυμιάματος
3137 772 3335 835 παντὸς
3383 770 3523 823 κατά
3571 770 3646 824 τὸ.

2073 869 2303 943 ἀλλαχοῦ
2332 869 2618 941 εἰρημένον
2637 883 2649 896 ·
2678 867 2883 933 Μύρον
2921 862 3250 918 ἐκκενωθὲν
3272 861 3457 931 ὄνομά
3478 876 3596 916 σου
3614 880 3631 894 ο

2073 966 2165 1019 καὶ
2196 965 2277 1027 τὸ,
2307 964 2410 1027 Εἰς
2443 958 2642 1029 ὀσμὴν
2667 956 2915 1021 εὐωδίας
2939 972 3052 1009 σου
3074 953 3421 1023 δραμοῦμαι.
3446 953 3634 1006 Ἔστιν

2073 1058 2105 1126 ἡ
2137 1053 2341 1121 στακτὴ
2368 1051 2613 1123 σμύρνης
2635 1046 2772 1112 εἶδος
2799 1047 3141 1100 λεπτότατον·
3175 1045 3508 1108 ὲκθλιϐἐντος
3522 1046 3633 1116 γὰρ

2070 1147 2164 1200 τοῦ
2193 1146 2502 1218 ἀρώματος,
2537 1144 2657 1196 ὅσον
2687 1142 2782 1211 μὲν
2810 1141 2915 1212 γάρ
2931 1137 3092 1192 αὐτοῦ
3125 1141 3281 1211 ῥυτὸν
3306 1140 3383 1201 εἰς
3400 1136 3633 1208 στακτὴν

2069 1238 2461 1309 ἀπομερίςεται
2494 1251 2507 1265 ο
2562 1234 2623 1286 τὸ
2675 1233 2732 1285 δὲ
2778 1231 3078 1303 παχύτερον
3108 1231 3381 1300 ἀπομένον
3420 1229 3631 1299 σμύρνα

2070 1328 2557 1402 προσαγορεύεται.
2594 1326 2657 1378 Ἦ
2691 1325 2747 1377 δὲ
2777 1323 2942 1381 κασία
2972 1322 3152 1391 φλοιός
3183 1321 3264 1383 τίς
3296 1321 3411 1373 ἐστι
3443 1319 3634 1372 λεπτό-

2065 1437 2225 1484 τατος
2273 1419 2369 1473 καὶ
2401 1416 2625 1483 εὐώδης,
2680 1412 2884 1482 ξυλώδη
2933 1413 3119 1481 κάρφη
3172 1407 3637 1479 περιτεινόμενος,

2080 1512 2212 1566 Ἀπὸ
2259 1509 2494 1577 ,ϐάρεων
2539 1506 2941 1576 ἐλεφαντίνων
2976 1504 3044 1567 ἐξ
3073 1497 3161 1555 ὧν
3188 1499 3502 1570 ηὔφρανιῖν
3532 1514 3627 1553 σε.

2066 1602 2274 1669 Βάρεις
2305 1601 2403 1671 μὲν
2430 1600 2480 1651 οἱ
2508 1595 2813 1658 πολυτελεῖς
2832 1595 2924 1648 καὶ
2956 1592 3218 1663 ἐξαίρετοι
3245 1586 3400 1654 οἶκοι,
3431 1589 3545 1659 ἦτοι
3576 1589 3630 1641 οἱ

2068 1692 2204 1744 ναοί.
2250 1688 2677 1758 Ἐλεφαντίνης
2704 1685 2881 1748 δὲτὰς
2914 1682 3288 1752 ἁπεξεσμένας
3328 1680 3489 1733 οἱονεὶ
3532 1680 3628 1732 καὶ

399 1771 671 1827 Eburneas
718 1785 897 1829 autem
955 1777 1104 1840 dicit,
1153 1793 1249 1832 ceu
1298 1777 1500 1832 aﬁ'abre
1547 1778 1852 1833 elaboratas
1900 1794 1963 1833 ac

2066 1780 2559 1852 περικαλλεστάτας
2608 1777 2789 1847 φησίν.
2819 1774 3080 1837 Βασιλέας
3110 1773 3167 1825 δὲ
3206 1770 3458 1843 ὀνομάζει
3498 1769 3629 1832 τοὺς

394 1864 812 1932 pulcherrimas.
862 1866 1034 1937 Reges
1078 1877 1236 1922 vocat
1281 1878 1498 1923 sanctos
1546 1870 1821 1940 apostolos
1868 1869 1961 1938 qui

396 1970 504 2007 una
560 1970 681 2009 cum
732 1957 951 2024 Christo
1010 1969 1255 2028 regnant.
1319 1957 1485 2013 Filias
1513 1971 1696 2014 autem
1749 1976 1960 2025 eorum,

396 2047 607 2102 animas
654 2063 776 2116 qua:
826 2049 1068 2119 ipsorum
1119 2066 1280 2120 opera
1330 2052 1394 2107 ad
1449 2052 1541 2106 Dei
1599 2054 1962 2122 cognitionem

396 2150 723 2206 regeneratus
753 2150 900 2206 sunt,
935 2160 1056 2211 qua:
1087 2145 1249 2198 corda
1281 2160 1377 2198 sua
1421 2146 1472 2199 in
1503 2147 1698 2216 templa
1735 2146 1963 2200 concin-

395 2241 530 2286 nant
559 2233 908 2287 ornatissima
949 2235 1003 2288 in
1047 2234 1143 2290 Dei
1181 2237 1466 2300 honorem,
1504 2245 1666 2308 atque
1695 2238 1963 2292 delectant

393 2321 596 2391 ipsum.
623 2321 856 2379 Perinde
879 2325 1046 2395 igitur
1086 2335 1169 2381 est
1190 2343 1254 2382 ae
1285 2327 1331 2382 si
1366 2328 1569 2382 diceret
1597 2347 1610 2383 :
1646 2328 1962 2385 Delectabe-

393 2410 491 2476 ris,
523 2426 557 2465 o
591 2411 835 2480 Domine,
875 2429 905 2467 a
933 2414 1184 2471 domibus
1221 2416 1496 2477 eburneis,
1530 2433 1669 2487 quas
1696 2418 1748 2470 in
1788 2417 1961 2471 hono-

392 2517 507 2557 rem
541 2512 692 2558 tuum
741 2505 865 2561 ﬁlia:
909 2522 1101 2577 regum
1144 2508 1505 2563 adornarunt.
1550 2508 1730 2562 Astitit
1778 2510 1959 2578 regina

391 2608 424 2647 ο
449 2592 648 2646 dextris
684 2596 788 2649 tuis
825 2596 877 2648 in
928 2598 1116 2650 vestitu
1157 2598 1433 2652 deaurato.
1486 2598 1689 2668 Regina
1739 2600 1956 2668 quidem

393 2683 635 2739 Ecclesia
664 2696 767 2754 est,
810 2697 996 2757 utpote
1030 2691 1140 2759 regi
1174 2707 1370 2760 magno
1402 2693 1748 2761 desponsata.
1781 2692 1961 2745 Collo-

393 2775 536 2831 catio
583 2787 763 2832 autem
818 2795 849 2834 a
901 2781 1130 2846 dextris,
1191 2783 1452 2838 honorem
1522 2784 1793 2853 signiﬁcat
1848 2798 1959 2852 quo

391 2864 603 2921 fruetur
636 2869 688 2923 in
717 2869 904 2925 futuro
931 2874 1151 2926 saeculo.
1190 2870 1431 2928 Vestitns
1459 2885 1639 2927 autem
1688 2873 1959 2943 pretiosus

391 2968 540 3021 sunt,
584 2956 737 3023 ﬁdes,
779 2974 925 3029 spes,
975 2961 1234 3016 eharitas.
1272 2963 1373 3016 Sed
1426 2971 1479 3015 ct
1527 2963 1672 3017 aliud
1721 2963 1959 3031 splendi-

387 3047 513 3103 dius
549 3049 926 3106 vestimentum
958 3052 1144 3115 habet,
1188 3053 1364 3122 ipsum
1409 3054 1613 3108 scilicet
1656 3053 1953 3111 Christum.

391 3137 697 3212 Quicunque
736 3144 903 3210 enim,
958 3145 1053 3208 ait,
1085 3148 1137 3199 in
1186 3145 1453 3201 Christum
1507 3146 1957 3215 baptizatisestis,

391 3232 658 3285 Christum
689 3235 936 3290 induistis
974 3237 1041 3290 ”.

462 3323 548 3376 tl.
587 3324 750 3388 Audi,
800 3324 936 3392 ﬁlia,
980 3336 1030 3379 et
1078 3329 1213 3381 vide.
1275 3327 1485 3384 Rursus
1529 3343 1627 3383 ceu
1674 3329 1740 3383 ad
1775 3328 1960 3382 Eccle-

390 3413 527 3465 siam
581 3428 761 3467 sermo
810 3426 912 3470 est.
952 3415 1023 3472 Et
1071 3417 1371 3472 obliviscere
1421 3420 1669 3488 populum
1732 3426 1960 3471 tuamet

390 3503 601 3556 domum
633 3506 802 3573 patris
851 3509 950 3561 tui.
1000 3507 1170 3562 Nemo
1207 3510 1406 3579 quippe
1442 3527 1612 3581 purus
1654 3513 1720 3566 ad
1753 3512 1955 3566 Christi

389 3594 547 3649 ﬁdem
598 3597 828 3661 accedit,
876 3599 979 3653 uisi
1016 3601 1409 3668 pra:teritorum
1444 3603 1712 3657 malorum
1745 3618 1956 3657 inemo—

369 3685 531 3739 riam
550 3687 773 3740 omnino
802 3688 1034 3743 aboleat.
1070 3687 1313 3757 Populus
1337 3703 1516 3745 autem
1550 3690 1804 3746 Ecclesiae
1825 3691 1953 3744 olim

386 3789 541 3831 erant
589 3780 909 3835 idololatraa.
963 3780 1168 3837 Domus
1226 3795 1405 3837 autem
1463 3788 1636 3852 patris
1685 3784 1804 3851 ejus
1862 3798 1954 3837 sa-

384 3871 593 3941 pientes
622 3872 828 3936 saaculi,
875 3873 927 3927 iu
980 3874 1180 3942 quibus
1214 3876 1369 3945 quasi
1410 3876 1463 3928 in
1496 3878 1658 3930 domo
1690 3877 1956 3930 inhabitat

386 3961 640 4020 Satanas.
674 3963 743 4019 Et
783 3965 897 4034 [ilia
931 3965 1058 4037 Tyri
1103 3968 1158 4020 in
1201 3970 1523 4021 muneribus.
1573 3967 1658 4023 Ab
1699 3985 1805 4023 una
1844 3967 1953 4040 Ty-

381 4056 592 4110 riorum
661 4066 863 4125 gente,
936 4059 1180 4128 gentium
1243 4060 1583 4113 vocationem
1654 4058 1948 4125 signiﬁcat.

384 4143 578 4216 Tyrios
623 4159 803 4202 autem
865 4151 1207 4217 memoravit,
1268 4151 1396 4219 quia
1446 4150 1551 4220 ipsi
1608 4150 1949 4221 potissimum

382 4236 486 4307 pia:
515 4227 891 4294 institutionis
927 4240 1136 4297 inimici
1160 4253 1361 4297 essent.

2067 1872 2252 1939 ἁγίους
2290 1869 2637 1932 ἀποστόλους,
2669 1868 2717 1921 οἳ
2745 1868 2840 1921 καὶ
2886 1863 3339 1937 συμϐασιλεύουσι
3375 1860 3451 1932 τῷ
3491 1861 3635 1933 Χρι-ς

2066 1963 2196 2032 στῷ.
2229 1961 2543 2032 Θυγατέρας
2574 1961 2630 2013 δὲ
2673 1959 2851 2013 αὐτῶν
2900 1957 2998 2022 τὰς
3047 1957 3114 2010 δι’
3150 1955 3327 2009 αὐτῶν
3379 1955 3459 2018 εἰς
3508 1953 3628 2008 θεο-

2063 2055 2302 2123 γνωσίαν
2333 2052 2841 2122 ἀναγεγεννημένοις
2874 2049 3049 2122 ψυχὰς
3073 2088 3089 2113 ,
3122 2050 3177 2103 αἳ
3212 2049 3305 2103 καὶ
3334 2048 3494 2109 ναοὺς
3524 2044 3627 2108 τὰς

2063 2144 2270 2201 ἑαυτῶν
2320 2143 2546 2216 καρδίας
2596 2140 2913 2195 ἀποτελοῦσι
2940 2138 3501 2212 ζπερικαλλεστὰτους,
3541 2136 3624 2196 εἰς

2062 2237 2227 2309 τιμὴν
2256 2235 2345 2291 τοῦ
2382 2233 2515 2288 Θεοῦ
2548 2230 2942 2307 εὐφραινούσας
2969 2229 3149 2283 αὐτόν.
3178 2229 3403 2297 Ὅμοιον
3430 2220 3524 2279 οῦν
3548 2223 3626 2288 ὡς

2061 2330 2108 2382 εί
2138 2328 2302 2399 λέγῃ’
2337 2325 2719 2396 Εὐφρανθήσῃ,
2766 2322 2953 2393 φησιν,
3000 2313 3046 2371 ὧ
3076 2317 3340 2379 Δέσποτα,
3374 2313 3479 2368 ἀπὸ
3530 2312 3627 2384 βά-

2065 2436 2201 2490 ρεων
2231 2417 2586 2486 ἐλεφαντίνων
2635 2407 2708 2466 ὧν
2742 2410 3145 2467 κατεσκεύασαν
3187 2409 3266 2472 εἰς
3319 2406 3413 2477 σὴν
3460 2403 3633 2475 τιμὴν.

2064 2513 2119 2564 αἱ
2148 2510 2256 2563 τῶν
2287 2509 2548 2580 βασιλέων
2576 2506 2893 2575 θυγατέρες.
2916 2503 3190 2574 Παρέστη
3214 2502 3253 2569 ἡ
3279 2499 3633 2565 βασίλισσῖι,

2060 2603 2129 2658 ἐκ
2155 2601 2369 2668 δεξιῶν
2399 2617 2516 2656 σου
2555 2601 2624 2653 ἐν
2649 2598 2939 2669 ἱματισμῷ
2979 2596 3299 2666 διαχρύσῳ.
3329 2590 3623 2646 Βασίλισσα

2065 2699 2162 2769 μὲν
2191 2700 2223 2769 ἡ
2269 2694 2582 2765 Ἐκκλησία,
2621 2692 2696 2756 ὡς
2725 2692 2911 2762 νύμφη
2945 2688 3205 2759 γενομένη
3236 2685 3327 2741 τοῦ
3383 2684 3622 2755 μεγάλου

2063 2791 2355 2861 βασιλέως·
2408 2792 2440 2859 ἡ
2475 2788 2531 2841 δὲ
2566 2787 2753 2848 στάσις
2791 2787 2824 2856 ὴ
2857 2787 2920 2837 ὲκ
2959 2781 3143 2846 δεξιῶν
3185 2781 3282 2848 τὴν
3329 2778 3492 2849 τιμὴν
3525 2793 3625 2848 ση-

2066 2882 2245 2952 μαίνει
2274 2875 2341 2950 ἦς
2368 2878 2663 2932 ἀπολαύσει
2713 2880 2770 2930 ἐν
2814 2875 2891 2946 τῷ
2928 2875 3169 2946 μέλλοντι
3217 2869 3406 2924 αἰῶνι⁶
3443 2870 3625 2940 ἱματι-

2063 2972 2198 3042 σμὸς
2224 2970 2280 3023 δὲ
2309 2970 2478 3039 αὐτῆς
2519 2968 2760 3030 ποικίλος
2795 2968 2991 3031 πίστις,
3035 2964 3210 3026 ἐλπὶς,
3243 2961 3460 3032 ἀγάπη·
3508 2958 3629 3030 ἔχει

2060 3064 2114 3117 δὲ
2148 3065 2240 3116 καὶ
2268 3062 2453 3134 ἕτερον
2490 3061 2702 3132 ἱμάτιον
2722 3058 3114 3132 λαμπρότερον.
3145 3055 3233 3109 τὸν
3264 3052 3491 3124 Χριστὸν
3522 3052 3622 3105 αὐ-

2061 3155 2173 3208 τόν.
2203 3155 2376 3207 Ὅσοι
2407 3152 2533 3222 γὰρ,
2569 3153 2751 3222 φησὶν,
2782 3154 2867 3217 εις
2903 3148 3160 3219 Χριστὸν
3204 3144 3616 3211 ἐϐαπτίσθητε,

2059 3245 2315 3317 Χριστύν
2341 3243 2729 3296 ἐνεδύσασθε.

2134 3339 2458 3395 Ἄκουσον,
2488 3334 2757 3403 θύγατερ,
2783 3330 2879 3384 καὶ
2917 3328 3025 3383 ἴδε.
3068 3328 3179 3382 Καὶ
3208 3326 3366 3381 πάλιν
3386 3324 3461 3388 ὡς
3484 3322 3620 3394 πρὸς

2055 3431 2156 3500 τὴν
2189 3426 2512 3497 Ἐκκλησίαν
2551 3424 2579 3476 ὁ
2610 3423 2765 3491 λόγος
2792 3417 2962 3483 οὗτος.
3019 3418 3126 3472 Καὶ
3174 3415 3463 3471 ἐπιλάθου
3511 3413 3618 3467 τοῦ

2056 3521 2210 3576 λαοῦ
2231 3535 2345 3573 σου
2378 3519 2473 3572 καὶ
2501 3516 2605 3570 τοῦ
2636 3514 2806 3569 οἴκου
2833 3511 2938 3565 τοῦ
2964 3512 3187 3578 πατρός
3226 3522 3362 3562 σου.
3409 3505 3522 3558 Οὐκ
3550 3503 3619 3557 ἂν

2056 3611 2164 3684 γάρ
2197 3627 2280 3673 τις
2303 3607 2540 3686 καθαρδς
2568 3609 2632 3677 τῇ
2653 3605 2739 3658 διὰ
2766 3600 3001 3676 Χριστοῦ
3031 3599 3391 3671 προσέρχεται
3414 3595 3616 3657 πίστει,

2060 3703 2133 3774 μὴ
2167 3701 2406 3770 παντελῆ
2437 3698 2604 3769 λήθην
2654 3696 2761 3749 τῶν
2809 3692 3086 3764 προτέρων
3126 3688 3487 3759 ποιησάμενος
3516 3700 3619 3737 κα-

2056 3796 2189 3849 κῶν.
2219 3793 2358 3855 Aab;
2382 3791 2439 3844 δὲ
2472 3790 2639 3844 πάλαι
2662 3787 2762 3856 τῆς
2796 3781 3114 3854 Ἐκκλησίας
3138 3781 3187 3833 οἱ
3215 3775 3613 3847 εἰδωλολάτραι.

2054 3883 2213 3949 Οἶκος
2244 3885 2300 3939 δὲ
2333 3882 2425 3936 τοῦ
2466 3880 2669 3951 πατρὸς
2690 3879 2878 3947 αὐτῆς,
2911 3877 2959 3929 οἱ
3003 3872 3154 3942 accol
3192 3870 3284 3925 τοῦ
3314 3869 3529 3931 αἰῶνος,
3557 3867 3617 3919 ἐν

2052 3966 2133 4034 οἷς
2161 3952 2405 4023 κατοικεῖ
2434 3967 2619 4037 ὥσπερ
2654 3968 2711 4018 ἐν
2740 3963 2907 4025 οἴκοις
2931 3965 2958 4015 ὁ
2994 3962 3263 4023 Σατανᾶς.
3297 3957 3404 4011 Καὶ
3433 3953 3611 4020 θυγά-

2052 4078 2160 4128 τηρ
2195 4062 2379 4128 Τύρου
2419 4059 2489 4112 ἑν
2533 4055 2761 4123 δώροις.
2813 4053 2942 4106 Ἀπδ
2982 4051 3098 4114 ένδς
3132 4049 3337 4111 ἔθνους,
3368 4043 3460 4099 τοῦ
3508 4044 3552 4096 Τ
3555 4062 3617 4096 υ-

2054 4150 2184 4221 ρίων
2237 4147 2400 4216 φημὶ,
2456 4145 2555 4216 τὴν
2588 4142 2693 4196 τῶν
2740 4140 2906 4195 ἐθνῶν
2957 4138 3148 4209 κλῆσιν
3196 4133 3614 4206 κατασημαίνει.

2051 4237 2189 4299 Τοὺς
2222 4234 2453 4306 Τυρίους
2494 4231 2549 4284 δὲ
2601 4230 2868 4300 ὠνόμασε,
2920 4226 3008 4281 διὰ
3036 4226 3097 4279 τὸ
3145 4224 3376 4297 μάλιστα
3419 4222 3618 4285 αὐτοὺς

2051 4328 2280 4399 ἐχθροὺς
2308 4322 2445 4380 εἶναι
2464 4322 2556 4377 τοῦ
2582 4321 2837 4384 εὐσεϐοῦς
2869 4317 3279 4388 πολιτεύματος.

453 4408 541 4466 i3.
600 4409 815 4465 Vultum
867 4422 1019 4466 tuum
1067 4414 1488 4483 deprecabuntur
1532 4416 1719 4471 divites
1759 4416 1943 4485 plebis.

2128 4417 2199 4472 Τὸ
2255 4416 2581 4484 πρόσωπόν
2629 4428 2744 4466 σου
2793 4410 3263 4464 λιτανεύσουσιν
3314 4406 3368 4458 οὶ
3422 4402 3614 4456 πλούο

379 4495 496 4554 Hoc
537 4499 616 4554 ait
681 4499 1031 4572 Evangelium
1089 4505 1308 4574 regibus
1353 4507 1680 4576 prmdicans,
1725 4518 1777 4561 et
1810 4508 1948 4577 npti-

381 4590 662 4660 malibus:
726 4592 907 4646 Adora
964 4593 1259 4650 Ecclesiam
1306 4597 1420 4651 sive
1457 4600 1577 4668 ejus
1635 4598 1944 4652 Dominum.

382 4680 567 4736 Omnis
625 4682 796 4752 gloria
828 4685 956 4753 ﬁlias
987 4687 1121 4756 regis
1170 4688 1236 4741 ab
1271 4689 1435 4754 intus,
1483 4691 1537 4761 in
1577 4689 1804 4756 ﬁmbriis
1849 4705 1948 4742 au-

378 4772 501 4831 reis.
547 4771 807 4833 Pietatem
858 4790 1011 4842 voce,
1074 4776 1138 4828 ab
1184 4778 1349 4832 intus.
1392 4778 1712 4848 signiﬁcat:
1783 4779 1947 4849 spiri-

377 4864 541 4920 tualis
575 4881 810 4938 namque
853 4877 936 4924 est
975 4854 1205 4924 ornatus
1235 4869 1509 4926 Ecclesiae.
1554 4870 1823 4927 Fimbrias
1849 4886 1946 4927 au-

376 4969 482 5014 tem
510 4959 643 5014 dicit
682 4961 1013 5031 multiplices
1051 4964 1231 5035 specie
1268 4963 1517 5018 virtutes.

445 5132 532 5188 15.
572 5134 917 5190 Adducentur
967 5137 1079 5206 regi
1130 5137 1355 5204 virgines
1408 5145 1524 5205 post
1566 5152 1704 5190 eam.
1762 5134 1950 5192 Simile

362 5224 501 5299 huic
568 5246 583 5282 :
652 5227 946 5299 liupiemur
1001 5231 1056 5282 in
1116 5228 1341 5283 nubibus
1376 5230 1581 5284 obviam
1633 5215 1860 5285 Domino
1894 5230 1949 5285 iu

372 5330 497 5370 aera
525 5319 592 5374 "'.
646 5318 886 5376 Rursum
934 5335 1033 5392 per
1077 5321 1341 5391 virginem
1368 5310 1669 5376 Ecclesiam
1698 5321 1901 5378 indicat
1931 5341 1946 5378 :

444 5457 489 5489 ²²
525 5456 670 5514 Psal.
700 5476 832 5524 xcu,
874 5462 927 5516 ι.
1022 5461 1068 5494 ⁸³
1096 5459 1253 5516 Cant.
1305 5478 1321 5516 ι
1386 5462 1443 5517 2.
1542 5462 1591 5504 η
1682 5462 1815 5518 ibid.
1862 5462 1918 5516 5.

441 5687 554 5759 (16)
584 5687 641 5743 lu
672 5691 792 5745 aliis
822 5695 1029 5750 catenis
1061 5694 1174 5750 haec
1206 5694 1390 5750 Basilii
1429 5709 1553 5749 esse
1588 5693 1861 5748 dicuntur.

1998 5463 2046 5496 ’⁸
2089 5471 2251 5518 sanat.
2286 5478 2378 5525 ιιι,
2424 5461 2508 5514 l7.

2052 4521 2174 4562 σιοι
2205 4506 2312 4561 τοῦ
2365 4504 2537 4561 λαοῦ.
2569 4501 2738 4556 Τοῦτό
2776 4518 2942 4572 φησιν
2988 4496 3465 4567 εὐαγγελιζόμενος
3518 4494 3615 4547 καὶ

2052 4599 2246 4663 αὐτοὺς
2281 4599 2407 4661 τοὺς
2430 4593 2686 4667 βασιλεῖς,
2719 4592 2959 4654 καὶτοὺς
2991 4592 3049 4644 ὲν
3081 4590 3369 4659 ὑπεροχαῖς
3410 4586 3569 4648 ὄντας
3595 4600 3612 4616 ·

2053 4686 2436 4759 Προσκύνησον
2482 4685 2582 4754 τὴν
2629 4681 2974 4752 Ἐκκλησίαν,
3008 4680 3126 4751 ἤτοι
3160 4678 3245 4731 τὸν
3273 4677 3466 4743 ἑαυτῆς
3498 4673 3615 4729 Κύ-

2055 4796 2191 4851 ριον.
2226 4775 2401 4833 Πᾶσα
2442 4778 2481 4844 ή
2522 4774 2672 4839 δόξα
2704 4771 2814 4839 τῆς
2847 4768 3135 4841 θυγατρὸς
3162 4767 3266 4821 τοῦ
3305 4763 3612 4834 ,ϐασιλέως

2053 4871 2283 4924 ἔσωθεν
2304 4869 2375 4922 ἐν
2402 4865 2770 4937 κροσσωτῶς
2800 4862 3069 4933 χρυσοῖς.
3103 4860 3177 4914 Τὸ
3209 4858 3429 4920 εὐσεϐὲς
3462 4856 3587 4910 ἔσω

2053 4963 2158 5015 θεν
2179 4959 2461 5032 σημαίνει·
2494 4956 2682 5028 νοητὸς
2709 4955 2817 5033 γὰρ
2838 4957 2867 5008 ὁ
2895 4954 3095 5024 κόσμος
3115 4951 3213 5021 τῆς
3253 4945 3574 5018 Ἐκκλησίας
3594 4963 3612 4983 η

2046 5048 2314 5112 κοοσσοῦς
2344 5048 2401 5102 δὲ
2429 5046 2527 5111 τὰς
2559 5044 2859 5105 πολυειδεῖς
2887 5042 3109 5113 ἀρετάς.

2135 5137 2669 5208 Ἀπενεχθήσονται
2702 5134 2782 5201 τῷ
2818 5131 3073 5199 ,βασιλεῖ
3107 5129 3385 5200 παρθένοι
3420 5130 3617 5184 ὀπίσω

2043 5231 2256 5298 αὐτῆς.
2300 5232 2518 5302 Ὅμοιον
2550 5229 2646 5292 τὸ,
2687 5227 3167 5295 Ἀρπαγησόμεθα
3216 5225 3286 5279 ἐν
3329 5222 3618 5292 νεφέλαις

2044 5325 2132 5391 εἰς
2168 5320 2510 5391 ἀπάντησιν
2536 5320 2643 5374 τοῦ
2660 5319 2898 5387 ῖΚεκῃίου
2922 5320 3011 5384 εὶς
3037 5316 3201 5386 ἀέρα.
3236 5314 3404 5370 Πάλιν
3427 5313 3486 5368 δὲ
3528 5312 3621 5371 διὰ

2596 5461 2640 5492 ³⁸
2670 5457 2689 5509 l
2718 5455 2908 5512 Thess.
2940 5472 3015 5523 Iv,
3052 5456 3138 5510 ιι».
