3976 6220
317 333 426 389 2ιὸ

322 562 384 599 ac
416 548 695 615 conspicui
737 560 913 613 erant,
948 567 1011 607 ac
1038 552 1263 621 proinde
1296 557 1571 611 montibus
1600 556 1825 611 similes.
1856 555 1876 627 ]

390 635 441 692 4.
492 636 789 704 Sonuerunt
826 652 877 696 et
900 644 1123 698 turbata:
1143 655 1265 698 sunt
1289 662 1441 716 aqua:
1465 664 1665 703 eorum.
1696 649 1882 716 Aquas

321 729 410 782 hic
445 729 578 784 dicit
610 734 1009 789 multitudinem
1054 738 1402 806 populorum,
1453 754 1593 808 quos
1619 740 1884 809 praedica-

319 818 484 875 tionis
525 822 738 879 novitas
777 828 1131 895 perturbavit.
1162 830 1477 883 Conturbati
1515 841 1636 885 sunt
1683 844 1881 887 montes

335 913 392 963 in
436 912 747 980 fortitudine
773 916 908 985 ejus.
946 915 1058 985 Vis,
1094 920 1291 990 inquit,
1325 923 1446 990 ejus
1490 925 1584 992 qui
1625 925 1882 993 praedica-

318 1000 479 1056 batur
503 1002 747 1070 impuros
784 1006 1056 1063 daemones
1098 1012 1413 1078 commovit,
1441 1013 1570 1067 olim
1618 1015 1882 1083 superbos

321 1102 372 1145 et
396 1096 741 1163 conspicuos,
781 1106 944 1167 atque
985 1100 1104 1155 ideo
1133 1103 1409 1158 montibus
1438 1104 1646 1158 similes
1679 1105 1876 1161 dictos.

394 1294 444 1348 5.
501 1294 770 1352 Fluminis
827 1301 1050 1368 impetus
1103 1301 1381 1371 laztiﬁcant
1429 1303 1693 1357 ciuitatem
1756 1305 1877 1359 Dei.

320 1384 546 1439 Flumen
577 1389 948 1459 evangelicum
978 1392 1206 1446 verbum
1251 1393 1504 1462 appellat,
1540 1394 1686 1463 quod
1707 1396 1881 1450 laetiti-

319 1487 408 1530 cat
466 1476 789 1534 Ecclesium.
854 1480 1231 1550 ,Sauctiﬁcavit
1271 1485 1669 1540 tabernaculum
1727 1503 1881 1540 suum

318 1565 645 1620 Altissimus.
698 1566 935 1624 Sanctus
972 1572 1118 1626 enim
1155 1579 1239 1627 est
1288 1573 1380 1641 qui
1432 1573 1485 1626 in
1540 1571 1741 1627 sanctis
1791 1588 1880 1626 re-

319 1659 571 1726 quiescit,
606 1659 859 1716 habitans
891 1663 945 1716 in
974 1665 1199 1731 sanctis,
1229 1663 1281 1717 id
1316 1673 1398 1719 est
1426 1664 1479 1718 in
1508 1662 1772 1719 Ecclesia.

392 1862 445 1915 6.
500 1862 639 1916 Deus
666 1865 720 1917 in
762 1865 929 1918 medio
960 1866 1094 1935 ejus,
1125 1874 1176 1919 et
1213 1883 1316 1920 non
1351 1867 1774 1931 commovebitur,
1825 1865 1879 1919 in

330 1954 510 2009 medio
537 1954 790 2012 Ecclesia:
809 1958 1078 2012 videlicet.
1111 1959 1392 2028 Adjuvabit
1414 1977 1529 2013 eam
1553 1959 1692 2012 Deus
1732 1974 1882 2011 mane

334 2046 588 2101 diluculo.
641 2047 692 2103 Id
746 2050 823 2103 ait
872 2052 1013 2121 quod
1049 2051 1282 2105 declinet
1313 2053 1607 2106 diluculum
1645 2051 1709 2105 ad
1762 2066 1880 2104 ma-

321 2138 582 2198 tutinum.
618 2138 753 2195 Illud
811 2151 1038 2196 autem:
1089 2143 1358 2212 adjuvabit
1406 2160 1543 2207 eam,
1594 2158 1880 2211 personam

324 2226 581 2283 Ecclesia;
614 2232 855 2300 respicit,
891 2248 1056 2305 quam
1088 2233 1176 2288 hic
1209 2243 1594 2305 repraesentant
1629 2232 1880 2301 apostoli,

323 2322 490 2390 etqui
520 2336 615 2392 per
663 2325 1063 2382 successionem
1114 2325 1233 2395 ejus
1277 2336 1405 2380 sunt
1456 2324 1713 2399 praefecti,
1746 2338 1883 2393 quos

324 2412 566 2480 impense
610 2416 849 2482 roborat,
890 2427 947 2471 ut
987 2419 1196 2487 p0ssint
1244 2417 1615 2488 praedicationi
1661 2431 1882 2487 operam

322 2518 391 2559 na
399 2517 457 2557 νο
464 2520 538 2559 re.

398 2616 448 2669 Ἰ.
497 2616 839 2676 εοηιυνὸαιω
865 2633 989 2676 sunt
1038 2633 1209 2694 gentes
1238 2633 1286 2678 et
1332 2623 1589 2677 inclinata
1632 2631 1756 2675 sunt
1805 2637 1887 2675 re-

325 2724 450 2779 gna.
507 2708 887 2781 Pugnaverunt
940 2717 1180 2785 quidem,
1239 2717 1333 2782 ait,
1394 2724 1580 2788 gentes
1624 2714 1885 2770 adversus

326 2800 648 2869 Ecclesiam;
690 2805 783 2858 sed
810 2814 987 2859 tamen
1033 2823 1218 2861 earum
1269 2823 1422 2877 reges
1467 2806 1709 2863 inclinati
1735 2814 1881 2869 sunt,

331 2892 382 2944 id
417 2903 500 2946 est
523 2895 782 2962 superati,
813 2906 867 2950 et
900 2906 1042 2967 terga
1070 2899 1365 2965 dederunt;
1399 2912 1583 2954 verum
1611 2907 1886 2967 postremo

326 2991 383 3039 et
422 2983 522 3050 ipsi
552 2982 769 3040 Christo
795 2988 1058 3042 cervicem
1088 2989 1413 3045 submisere.
1450 2990 1592 3044 Dicit
1614 2993 1756 3045 enim
1782 2990 1886 3045 Ec-

327 3074 548 3129 clesiam
598 3078 846 3133 celeriter
900 3089 1269 3136 constructum
1326 3081 1390 3135 iri
1447 3083 1515 3136 ab
1551 3083 1617 3137 iis
1642 3082 1734 3152 qui
1766 3098 1885 3137 eam

1162 344 1218 399 S.
1261 346 1631 404 ATHANASH
1671 348 1819 403 OPP.
1863 346 2045 402 PARS
2082 346 2169 402 lll.
2200 377 2269 390 -—
2311 347 2716 403 EXEGETICA.

390 455 497 507 Aut
555 466 767 512 montes
806 458 1084 515 daemones
1152 461 1305 528 dicit,
1355 466 1446 533 qui
1496 466 1626 518 olim
1686 464 1961 524 excelsiA

2063 463 2131 515 Ἦ
2152 462 2251 534 ὅρη
2298 464 2422 527 τοὺς
2466 461 2722 532 δαίμονάς
2750 477 2909 531 φησι,
2952 467 3077 525 τοὺς
3107 464 3274 516 πάλαι
3306 465 3544 536 ὑψηλοὺς

1984 554 2075 606 καὶ
2099 556 2433 624 περιφανεῖς,
2465 554 2558 606 καὶ
2581 552 2730 623 ὄρεσι
2752 552 2836 605 sua:
2856 552 3013 605 τοῦτο
3041 554 3469 630 ὁμοιουμένους.]

2059 648 2327 714 Ἠχησαν
2380 646 2477 700 καὶ
2516 643 2936 713 ἐταράχθησαν
2979 645 3050 698 τὰ
3092 645 3277 698 ὕδατα
3323 648 3541 703 αὐτῶν.

1986 736 2191 789 ’Ύδατα
2225 738 2280 788 ἐν
2305 736 2513 800 τούτοις
2533 736 2600 789 τὰ
2629 737 2804 807 πλήθη
2828 738 3009 806 φησὶν,
3035 736 3070 790 ἃ
3094 738 3187 791 καὶ
3217 740 3544 810 συνετάραξε

1983 829 2045 880 τὸ
2073 827 2217 891 ξένον
2261 828 2355 880 τοῦ
2398 828 2769 900 κηρύγματος.
2819 828 3265 897 Ἐταρὰχθησαν
3316 831 3388 885 τὰ
3437 831 3543 899 ὄρη

1981 920 2051 972 ὲν
2070 917 2145 986 τῇ
2167 919 2539 987 κραταιότητι
2567 919 2772 973 αὐτοῦ.
2813 918 2875 970 Ἦ
2906 920 3056 988 ἰσχὺς
3076 959 3090 983 ,
3134 919 3287 990 φησὶ,
3314 920 3405 973 τοῦ
3445 939 3546 993 κη-

1986 1009 2307 1079 ρυττομένου
2329 1008 2607 1065 κατέσεισε
2634 1009 2759 1071 τοὺς
2781 1007 3116 1078 ἀκαθάρτους
3142 1009 3399 1080 δαίμονας
3418 1014 3545 1077 τοὺς

1982 1099 2147 1152 παλαι
2178 1098 2413 1170 ὑψηλοὺς
2451 1101 2544 1153 καὶ
2574 1102 2912 1171 περιφανεῖς,
2947 1099 3042 1153 καὶ
3084 1099 3235 1171 ὄρεσι
3266 1100 3355 1154 διά
3386 1102 3544 1157 τοῦτο

1982 1190 2371 1263 ὠμοιομένους.

2067 1303 2177 1357 Τοῦ
2209 1302 2474 1372 ποταμοῦ
2502 1301 2809 1371 ὁρμήματι»
2834 1304 3225 1370 εὐφραίνουσι
3276 1302 3389 1369 τὴν
3432 1306 3542 1359 πό-

1980 1396 2082 1446 λιν
2100 1391 2206 1445 τοῦ
2229 1392 2397 1446 Θεοῦ.
2426 1392 2674 1463 Ποταμὸν
2695 1393 2782 1445 τὸν
2803 1391 3151 1460 εὐαγγελικδν
3173 1391 3331 1460 λόγον
3358 1394 3541 1461 φησὶν,

1980 1481 2038 1543 ὃς
2066 1482 2159 1534 καὶ
2190 1480 2470 1551 εὐφραίνει
2499 1480 2595 1552 τὴν
2634 1480 2977 1549 Ἐκκλησίαν.
3018 1480 3260 1550 Ἢγίασε
3292 1480 3357 1534 τὸ
3391 1481 3543 1547 σκή-

1979 1591 2143 1642 νωμα
2163 1573 2348 1627 αὑτοῦ
2372 1576 2404 1627 ὀ
2428 1574 2744 1641 ’Υψιστοςκ
2779 1572 2965 1639 ’Ἄγιος
2985 1571 3093 1642 γάρ
3112 1572 3260 1624 ἐστιν
3289 1572 3347 1624 ὲν
3371 1571 3545 1641 ἁγίοις

1981 1665 2411 1734 ἀναπαυόμενος,
2447 1662 2805 1733 κατασκηνῶν
2849 1663 2907 1717 ὲν
2952 1661 3159 1730 ἀγίοιςο
3188 1662 3309 1731 ἥτις
3334 1663 3480 1715 ἐστὶν
3508 1663 3545 1732 ἡ

1996 1754 2308 1827 Ἐκκλησία.

2070 1870 2124 1921 Ὀ
2149 1868 2293 1935 Θεὸς
2315 1869 2386 1923 ἐν
2410 1869 2575 1937 μέσῳ
2607 1869 2817 1937 αὐτῆς,
2854 1868 2952 1922 καὶ
2977 1871 3048 1923 οὐ
3081 1869 3544 1935 σαλευθήσεται,

1986 1960 2085 2029 τῆς
2122 1958 2442 2030 Ἐκκλησίας
2488 1958 2743 2031 δηλονότι.
2775 1958 3071 2025 Βοηθήσει
3123 1958 3278 2027 αὐτῇ
3328 1962 3361 2013 ὁ
3402 1958 3548 2025 Θεὸς

1987 2051 2052 2104 τὸ
2077 2049 2226 2118 πρὸς
2250 2052 2416 2117 πρωΐ.
2444 2051 2517 2102 Τὸ
2539 2051 2724 2102 νεῦσαι
2751 2049 2894 2122 πρωῒ
2928 2051 3055 2122 περὶ
3091 2051 3180 2104 τὸν
3229 2049 3441 2121 ὄρθρον.
3473 2048 3549 2104 Th

1987 2144 2114 2213 γὰρ,
2136 2142 2430 2210 βοηθήσει
2458 2141 2631 2211 αὐτῇ,
2657 2144 2751 2196 καὶ
2783 2141 3013 2197 ἐνταῦθα
3046 2144 3107 2196 τὸ
3128 2143 3416 2213 πρόσωπον
3447 2142 3549 2208 τῆς

2003 2234 2326 2305 Ἐκκλησίας
2354 2234 2597 2305 νοηθεῖεν
2618 2235 2682 2289 ἂν
2716 2237 2764 2288 οἱ
2806 2236 2949 2304 ἆγιοι
2982 2235 3270 2289 ἀπόστολοι
3290 2276 3306 2301 ,
3361 2235 3455 2288 καὶ
3496 2234 3548 2286 οἱ

1991 2328 2129 2382 κατά
2154 2327 2401 2397 διαδοχὴν
2429 2326 2718 2397 ἡγούμενοι
2745 2327 2932 2397 αὐτῆς,
2960 2325 3053 2389 οῦς
3086 2326 3181 2379 καὶ
3207 2327 3388 2394 νευροί
3420 2340 3547 2375 συν-

1990 2421 2156 2484 τόνως
2187 2420 2321 2490 πρὸς
2348 2418 2411 2472 τὸ
2440 2417 2697 2471 δύνασθαι
2723 2416 3210 2487 ἀντιλαμϐάνεσθαι
3248 2413 3343 2468 τοῦ
3370 2412 3547 2485 κηρύ-

1990 2526 2025 2579 γ
2034 2527 2219 2582 ματος.

2073 2623 2521 2693 Ἐταράχθησαν
2557 2625 2723 2691 ἔθνη,
2764 2622 3011 2676 ἔκλιναν
3025 2618 3350 2685 βασιλεῖαι.
3389 2619 3550 2671 Ἐπο-

1992 2715 2231 2787 λέμησαν
2259 2716 2356 2785 μὲν
2375 2754 2390 2778 ,
2430 2714 2615 2784 φησὶν,
2646 2713 2786 2767 κατὰ
2811 2712 2910 2783 τῆς
2950 2712 3267 2783 Ἐκκλησίας
3286 2710 3356 2764 τά
3386 2709 3547 2781 ἐθνηο

1994 2807 2107 2860 ἀλλ’
2133 2808 2276 2877 ὅμως
2292 2805 2505 2859 ἔκλιναν
2521 2805 2699 2859 αὐτῶν
2718 2807 2765 2858 οἱ
2790 2804 3046 2875 βασιλεῖς,
3068 2804 3339 2857 τουτέστιν
3353 2802 3553 2875 ἧττηνι

1991 2916 2079 2952 ται
2107 2899 2200 2953 καὶ
2223 2897 2556 2968 πεφεύγασιν
2575 2915 2590 2930 ο
2616 2896 2730 2951 ἀλλ’
2752 2895 2976 2969 ὕστερον
3005 2895 3257 2967 ἔκαμψαν
3279 2896 3372 2949 καὶ
3399 2894 3551 2949 αὐτοὶ

1992 2988 2069 3057 τῷ
2094 2988 2313 3059 Χριστῷ
2350 2988 2570 3058 αὐχένα.
2604 2984 2765 3055 Λέγει
2803 2987 2930 3057 γὰρ,
2979 2988 3059 3040 ὅτι
3087 2989 3223 3057 ταχὺ
3265 2985 3551 3056 οἰκοδομη-

1995 3079 2134 3152 θήσῃ
2169 3080 2257 3149 ὑφ’
2286 3072 2360 3132 ὧν
2386 3078 2713 3153 καθῃρέθης.
2747 3078 3005 3150 ’Υψωσαν
3034 3078 3142 3152 γὰρ
3174 3079 3275 3151 τὴν
3316 3077 3552 3148 Ἐκκλη-

328 3165 626 3222 diruerant.
666 3165 798 3225 Nam
832 3170 1215 3240 pulcherrimis
1241 3187 1359 3228 eam
1393 3172 1551 3229 donis
1587 3182 1807 3228 auctam
1829 3172 1888 3227 in

2000 3171 2131 3237 σίαν,
2162 3172 2455 3242 παγκάλως
2480 3171 2630 3242 δῶρα
2657 3171 3075 3242 προσφέροντες.
3097 3168 3312 3222 Ἔδωκε
3342 3168 3554 3237 φωνὴν

330 3259 561 3315 sublime
594 3263 919 3317 extulerunt.
964 3262 1117 3317 Dedit
1163 3282 1336 3322 vocem
1380 3283 1533 3319 suam
1563 3265 1888 3332 Altissimus,

328 3357 381 3399 et
404 3360 544 3404 mota
569 3362 645 3405 est
673 3362 833 3408 terra.
865 3354 1117 3410 Christus
1157 3357 1366 3411 scilicet
1402 3357 1455 3410 in
1482 3372 1666 3412 cruce.
1706 3356 1891 3410 Vocem

330 3458 508 3505 suam,
550 3446 924 3513 evangelicum
954 3447 1160 3503 scilicet
1202 3464 1533 3503 sermonem.
1569 3447 1627 3503 Si
1658 3465 1893 3519 namque

331 3535 511 3587 anima
537 3537 818 3591 rationalis
842 3553 1028 3593 vocem
1062 3538 1274 3594 Domini
1300 3541 1551 3607 audierit,
1583 3556 1892 3595 commove-

334 3634 441 3690 tur,
479 3627 778 3697 transitque
821 3631 890 3684 ab
920 3632 1264 3700 improbitate
1311 3633 1378 3687 ad
1430 3635 1682 3691 virtutem
1731 3642 1784 3688 et
1823 3633 1892 3688 ab

333 3716 638 3785 ignorantia
667 3719 735 3774 ad
762 3719 857 3776 Dei
889 3723 1155 3779 notitiam.

404 3830 457 3883 8.
514 3830 768 3888 Dominus
796 3835 1050 3888 virtutum
1080 3836 1370 3902 nobiscum,
1415 3845 1682 3905 susceptor
1720 3848 1895 3888 noster

331 3920 470 3976 Deus
502 3921 688 3977 Iacob.
726 3922 1017 3980 Victoriam
1067 3927 1326 3981 adversus
1371 3927 1676 3995 spirituales
1708 3928 1893 3982 hostes

332 4022 541 4082 partam
592 4014 692 4083 ipsi
756 4014 989 4071 Domino
1051 4018 1295 4073 ascribit.
1346 4017 1659 4087 Opportune
1711 4026 1890 4071 autem

335 4104 421 4159 hic
452 4103 636 4161 Jacobi
675 4108 878 4163 mentio
930 4109 1158 4164 habetur
1210 4110 1280 4163 ob
1313 4109 1509 4162 lnctam
1538 4123 1661 4163 cum
1696 4123 1762 4163 eo
1796 4108 1894 4163 bao

333 4195 522 4250 latam.

404 4286 456 4341 9.
518 4287 697 4342 Venite
737 4300 786 4343 et
824 4290 990 4344 videte
1019 4308 1175 4361 opera
1208 4292 1325 4355 Dei,
1359 4308 1475 4362 qua:
1509 4293 1681 4358 posuit
1708 4292 1891 4361 prodi-

332 4379 422 4446 gia
467 4393 621 4445 super
655 4388 866 4435 terram.
922 4381 1115 4437 Pacem
1172 4385 1553 4452 praedicatione
1597 4384 1785 4437 initam
1819 4383 1893 4437 si-

1990 3264 2175 3318 αὐτοῦ
2204 3267 2236 3318 d
2263 3266 2568 3332 “ro-ww“
2587 3262 2687 3316 καὶ
2709 3262 3006 3329 ἐσαλεύθη
3031 3263 3069 3329 ἠ
3102 3258 3200 3330 Tn".
3241 3260 3299 3314 '0
3318 3260 3552 3331 Χριστὸς

1991 3356 2085 3409 ἐπὶ
2118 3353 2371 3425 σταυροῦ.
2415 3353 2628 3421 Φωνὴν
2648 3354 2833 3408 αὐτοῦ
2863 3354 2953 3407 τὸν
3004 3350 3355 3420 εύαγγελικδν
3395 3350 3553 3419 λόγον

1993 3447 2173 3518 φησίν.
2203 3447 2326 3500 Ἐἀν
2352 3446 2459 3517 γάρ
2478 3445 2686 3518 ἀκούσῃ
2712 3445 2890 3517 φωνὴν
2919 3444 3127 3517 Κυρίου
3155 3442 3300 3514 ψυχὴ
3339 3441 3550 3513 λογικὴ,

1993 3537 2276 3591 σαλεύεται
2304 3536 2697 3607 μεταϐαίνουσα
2719 3535 2828 3591 ἀπὸ
2847 3533 3041 3597 κακίας
3069 3536 3149 3597 είς
3178 3530 3378 3605 ἀρετὴν
3399 3570 3418 3597 ,
3457 3532 3553 3585 καὶ

1992 3628 2102 3682 ἀπὸ
2126 3627 2396 3696 ἀγνωσίας
2434 3629 2513 3690 είς
2536 3626 2823 3692 ἐπίγνωσιν
2846 3624 2999 3679 Θεοῦ.

2064 3832 2276 3900 Κύριος
2308 3828 2423 3884 τῶν
2456 3827 2769 3898 δυνάμεων
2790 3828 2918 3897 μεθ’
2950 3824 3139 3896 ἡμῶν,
3181 3821 3558 3891 discutiamus

1993 3920 2163 3993 ἡμῶν
2195 3925 2228 3975 d
2247 3921 2387 3987 Θεὸς
2421 3919 2631 3975 Ἰακὼϐ.
2656 3920 2765 3990 Τὴν
2794 3919 2947 3989 νίκην
2979 3917 3074 3988 τὴν
3100 3915 3393 3986 γενομένην
3417 3918 3565 3973 κατὰ,

1993 4014 2100 4066 τῶν
2125 4011 2327 4083 νοητῶν
2352 4011 2559 4083 ἐχθρῶν
2592 4009 2739 4081 αὐτῷ
2757 4008 2835 4080 τῷ
2862 4008 3049 4081 Κυρίῳ
3076 4006 3410 4077 ἀνατίθησιν.
3452 4004 3560 4058 Εὑ-

1995 4105 2202 4175 καίρως
2222 4103 2281 4158 δὲ
2304 4102 2400 4157 τοῦ
2439 4100 2629 4156 Ἰακὼὸ
2668 4104 2701 4172 ἡ
2741 4101 2926 4171 μνήμη
2960 4097 3050 4151 διὰ
3093 4098 3194 4168 τὴν
3233 4096 3411 4166 πάλην
3456 4094 3558 4165 τὴν

1995 4196 2292 4267 γενομένην
2321 4196 2454 4265 πρὸς
2473 4194 2649 4248 αὐτόν.

2065 4287 2243 4345 Δεῦτε
2267 4287 2364 4342 καὶ
2385 4284 2541 4339 ἴδετε
2570 4285 2640 4338 τὰ
2662 4283 2804 4353 ἔργα
2846 4283 2951 4339 τοῦ
2980 4282 3127 4338 Θεοῦ
3144 4323 3160 4350 ,
3191 4279 3230 4335 ἃ
3271 4281 3435 4335 ἔθετο
3463 4278 3559 4333 τέ-

1990 4393 2144 4444 ρατα
2170 4376 2267 4430 ἐπὶ
2290 4374 2399 4443 τῆς
2424 4375 2556 4444 γῆς.
2580 4375 2690 4446 Τὴν
2715 4374 3008 4445 γενομένην
3031 4371 3121 4426 διὰ
3156 4370 3249 4425 τοῦ
3271 4368 3564 4442 κηρύγμα-

334 4465 573 4534 gniﬁcat,
605 4484 728 4523 cum
759 4472 836 4524 ait
874 4472 1074 4527 bellum
1105 4489 1266 4529 omne
1316 4476 1369 4529 in
1422 4483 1562 4529 terra
1609 4475 1770 4529 tinem
1796 4475 1896 4528 ha-

2000 4484 2090 4531 τος
2132 4468 2352 4538 εἰρήνην
2392 4466 2809 4536 κατασημαίνει,
2858 4466 2947 4520 διὰ
2977 4463 3072 4518 τοῦ
3104 4463 3279 4521 πάντα
3325 4461 3562 4531 πόλεμον

337 4557 538 4614 buisse.
577 4559 829 4631 Prodigia
882 4572 1059 4620 autem
1091 4565 1223 4621 dicit
1270 4568 1601 4622 cessationes
1639 4575 1695 4621 et
1745 4581 1897 4621 com-

338 4650 665 4717 pressiones.
704 4650 933 4708 Cessare
963 4653 1090 4711 fecit
1113 4656 1260 4711 enim
1297 4672 1460 4713 omne
1492 4658 1716 4713 bellum.

411 4823 495 4877 10.
563 4826 754 4879 Arcum
784 4837 1009 4881 conteret
1054 4838 1104 4882 et
1143 4831 1433 4900 confringet
1464 4846 1637 4895 arma,
1672 4839 1721 4883 et
1750 4840 1902 4885 scuta

337 4916 603 4971 comburet
623 4920 753 4989 igni.
779 4921 1003 4985 Arcum,
1038 4923 1202 4976 telum
1231 4931 1285 4977 et
1312 4932 1550 4985 scutum,
1604 4923 1899 4991 pessimum

339 5011 581 5066 indicant
609 5022 833 5080 statum,
864 5022 918 5068 et
950 5029 1235 5082 perversas
1255 5014 1632 5069 coaitationcs.

412 5185 500 5244 Π.
578 5189 772 5246 Vacate
826 5202 877 5245 et
939 5206 1105 5247 macte
1148 5209 1397 5263 quoniam
1428 5210 1520 5264 ego
1567 5210 1683 5247 sum
1741 5194 1901 5249 Deus.

339 5282 454 5337 Nisi
490 5286 617 5354 quis
641 5286 787 5341 enim
824 5288 1157 5341 mundanam
1192 5302 1409 5342 omnem
1451 5304 1640 5345 curam
1660 5289 1901 5359 abjiciat,

343 5386 449 5425 non
484 5384 663 5442 potest
699 5392 863 5433 nosse
894 5376 1085 5432 Deum.
1126 5377 1419 5433 Vacatione
1450 5381 1594 5435 enim
1644 5396 1782 5451 opus
1822 5388 1907 5437 est

344 5461 409 5511 ad
446 5461 534 5515 Dei
582 5468 972 5533 cognitionem.
1023 5467 1318 5525 Exaltabor
1364 5472 1419 5524 in
1464 5470 1725 5539 gentibus,
1759 5469 1907 5527 exal-

345 5551 499 5604 tabor
532 5555 586 5605 in
623 5565 783 5609 terra.
816 5556 1225 5616 Prtedicationis
1267 5563 1526 5616 adversus
1557 5575 1748 5615 omnes
1779 5575 1906 5630 gen—

346 5650 427 5695 tes
457 5643 737 5700 victoriam
765 5649 896 5716 ipsis
928 5652 1236 5720 pollicetur.

421 5734 509 5787 1‘2.
571 5734 824 5794 Dominus
880 5743 1449 5811 virtutumnobiscum,
1490 5751 1757 5811 susceptor
1808 5756 1906 5795 tto-

2002 4559 2178 4628 λέγειν
2208 4557 2518 4613 πεπαῦσθαι
2545 4557 2653 4610 ἀπὸ
2671 4556 2770 4627 τῆς
2795 4558 2917 4629 γῆς.
2942 4557 3158 4624 Τέρατα
3178 4553 3234 4607 δὲ
3252 4553 3377 4615 τοὺς
3412 4552 3562 4619 ἀφα-

2001 4651 2243 4721 νισμοὺς,
2261 4650 2487 4721 ήτοιτάς
2511 4652 2889 4721 καταργήσεις,
2907 4648 3089 4718 φησίν·
3116 4646 3423 4717 κατήργησε
3450 4640 3562 4712 γὰρ

2004 4742 2180 4796 πάντα
2209 4741 2462 4812 πόλεμον.

2079 4832 2263 4898 Τόξον
2287 4833 2624 4901 συντρίψει,
2675 4831 2773 4885 καὶ
2811 4827 3147 4885 συνθλάσει
3194 4826 3406 4889 ὅπλον,
3461 4824 3564 4877 καὶ

2003 4924 2253 4993 θυρεοὺς
2284 4918 2645 4979 κατακαύσει
2690 4924 2761 4976 ἐν
2796 4921 2957 4989 πυρί..
2992 4919 3155 4985 Τόξον
3201 4918 3297 4971 νῦν
3318 4957 3333 4983 ,
3374 4916 3467 4969 καὶ
3503 4916 3566 4969 τὸ

2002 5015 2186 5079 ὅπλον,
2221 5014 2316 5068 καὶ
2341 5016 2370 5066 ὁ
2401 5012 2591 5084 θυρεὸς
2618 5011 2946 5067 κατάστασιν
2978 5008 3253 5080 χειρίστην
3288 5004 3564 5077 σημαίνει,

2006 5107 2099 5161 καί
2124 5104 2415 5176 λογισμοὺς
2438 5104 2724 5174 πονηρούς.

2076 5194 2449 5267 Σχολάσατε,
2483 5196 2581 5253 καί
2602 5194 2807 5263 γνῶτε,
2840 5194 2931 5248 ὅτι
2953 5193 3065 5263 ἐγώ
3094 5195 3212 5261 ειμι
3244 5193 3278 5244 ὀ
3312 5189 3473 5254 Θεός.
3501 5188 3568 5243 El

2010 5292 2084 5362 μὴ
2106 5289 2214 5360 γάρ
2235 5306 2318 5352 τις
2342 5289 2520 5358 πάσης
2543 5286 2813 5357 κοσμικῆς
2842 5284 3117 5357 φροντίδος
3141 5282 3362 5352 γένηται
3390 5279 3568 5345 ἐκτὸς,

2006 5382 2068 5436 οὐ
2097 5380 2316 5434 δύναται
2341 5378 2543 5447 γνῶναι
2575 5377 2666 5431 τὸν
2696 5375 2847 5431 Θεόν.
2878 5374 3082 5447 Σχολῆς
3107 5374 3215 5445 γὰρ
3245 5372 3401 5444 χρεία
3432 5368 3572 5441 πρὸς

2006 5473 2069 5526 τὸ
2095 5470 2295 5540 γνῶναι
2316 5471 2407 5524 τὸν
2438 5469 2590 5523 Θεόν.
2623 5468 3032 5537 Ὑψωθήσομαι
3050 5467 3120 5520 ἐν
3143 5464 3269 5531 τοῖς
3305 5463 3571 5526 ἔθνεσιν.

2007 5562 2400 5632 ὑψωθήσομαι
2427 5562 2498 5615 ἐν
2537 5557 2613 5628 τῆ
2660 5557 2757 5628 τῇ.
2784 5558 2895 5628 Τὴν
2940 5558 3298 5628 ἐπικράτησιν
3328 5554 3421 5608 τοῦ
3471 5572 3577 5626 κη-

2013 5654 2285 5724 ρύγματος
2310 5651 2408 5721 τὴν
2435 5667 2507 5703 κα
2518 5649 2576 5702 εά
2607 5648 2715 5700 τῶν
2751 5647 2921 5700 ὲθνῶν
2948 5647 3129 5709 αὐτοῖς
3153 5644 3575 5713 ἐπαγγέλλεται.

2079 5741 2296 5808 Κύριος
2330 5738 2446 5793 τῶν
2469 5738 2780 5806 δυνάμεων
2801 5736 2931 5806 μεθ’
2959 5735 3144 5806 ἡμῶν,
3195 5730 3578 5801 ἀντιλήπτωρ
