3976 6220
339 327 447 384 2η

1472 355 1834 415 EXPOSITIO
1870 361 1937 416 IN
1973 366 2302 428 PSALMUM
2343 376 2523 432 XLVI.

3490 388 3594 444 2l8

339 461 515 566 ἠμῶν
543 468 578 519 ό
595 469 748 572 ,Θεὸς
785 473 996 528 Ἰακώϐ.
1027 477 1135 549 Τὴν
1157 482 1510 554 εὐχαριστίαν
1535 493 1915 552 ἁναδιπλασιά-

2023 494 2127 537 ster
2156 487 2294 542 Deus
2324 491 2511 546 Jacob.
2543 495 2644 559 Qui
2677 496 2730 549 in
2770 495 3051 554 Christum
3095 500 3445 556 crediderunt
3469 520 3594 572 gra-

344 551 530 615 ζουσιν
561 559 610 610 οἱ
631 561 712 621 εἰς
741 563 972 632 Χριστὸν
1001 573 1410 640 πιστεύσαντες.

631 672 733 736 Εἰς
765 673 935 741 τέλος
968 680 1118 748 ὑπὲρ
1146 682 1264 734 τῶν
1295 688 1439 741 υἱῶν
1467 693 1618 760 Κορέ

872 791 1179 847 mmor:
1213 799 1364 864 Μσν.

973 901 986 920 ⁸
998 904 1042 956 Υ
1039 905 1304 973 πόθεσις.

345 1001 566 1072 ’ᾼδεται
593 1007 623 1057 ὁ
647 1007 860 1078 enim;
880 1013 941 1066 ὲκ
957 1017 1247 1086 προσώπου
1273 1022 1381 1074 τῶν
1411 1026 1579 1094 ἁγίων
1609 1031 1914 1088 ἀποστόλων

416 1097 827 1192 παραινούντων
841 1106 951 1167 τοῖς
973 1106 1180 1162 ἔθνεσιν
1197 1113 1526 1186 ἀνασκιρτᾷν
1547 1119 1634 1172 διὰ
1667 1124 1915 1192 πράξεων

416 1184 640 1285 αγαθῶν
669 1190 759 1241 ἐπὶ
779 1194 844 1262 τῇ
879 1197 1146 1271 γενομένῃ
1170 1201 1292 1273 νίκῃ
1317 1184 1455 1258 κατὰ
1473 1184 1586 1262 τῶν
1624 1184 1914 1285 ἀλιτηρίων

414 1273 702 1342 δαιμόνων.

415 1365 620 1458 ῌιξντα
666 1371 736 1424 τὰ
765 1374 929 1440 ἔθνη,
971 1378 1300 1444 κροτήσατε
1341 1386 1562 1454 χεῖρας.
1601 1392 1744 1444 Ἀντὶ
1795 1394 1910 1458 τοῦ,

342 1455 823 1559 ίῖράξειςαὰγαθὰς
850 1467 1252 1539 ὲπιτηδεύσατε.
1299 1476 1656 1543 Ἀλαλάξατε
1685 1483 1764 1548 τῷ
1795 1455 1914 1550 Θεῷ

340 1552 414 1645 ἐν
439 1552 607 1645 φωνῇ
631 1552 1062 1645 ἀγαλλιάσεως.
1107 1564 1396 1630 Ἐπινίκιος
1421 1570 1530 1639 ᾠδή
1556 1575 1702 1626 ἐστιν
1729 1579 1756 1628 ὁ
1781 1577 1915 1645 ψαλ-

347 1636 466 1705 μός.
516 1638 602 1701 Ὠς
637 1637 728 1693 οὖν
765 1649 1126 1705 πεπτωκότων
1163 1654 1269 1708 τῶν
1317 1657 1707 1730 ἀντικειμένων
1759 1636 1913 1721 δέ»νά-

347 1743 514 1796 μεων,
546 1730 690 1801 ᾄδειν
711 1735 777 1787 τὰ
807 1737 932 1810 ἔθνη
960 1746 1409 1813 παρακελεύεται.

2020 577 2214 630 tiarum
2243 583 2488 637 actiones
2515 585 2815 653 duplicant.

2372 693 2421 744 1.
2475 692 2541 746 1η
2592 695 2749 762 finem
2772 711 2867 764 pro
2914 695 3044 761 ﬁliis
3083 694 3235 750 Core.

2502 804 2835 860 PSALMUS
2901 805 2998 859 XL
3015 804 3106 860 VI.

2588 917 2987 987 Argumentum.

2016 1025 2242 1080 Canitur
2281 1027 2370 1081 hic
2413 1031 2655 1098 psalmus
2707 1048 2774 1086 ex
2814 1047 3045 1102 persona
3093 1038 3403 1085 sanctorum
3451 1044 3585 1098 apo-

2085 1119 2379 1184 stolorum,
2439 1122 2531 1188 qui
2589 1133 2775 1192 gentes
2841 1125 3126 1177 hortantur
3183 1132 3244 1177 ut
3282 1137 3378 1191 per
3435 1120 3582 1174 bona

2085 1224 2252 1274 opera
2283 1211 2555 1264 exsultent
2582 1213 2650 1266 de
2691 1223 2844 1281 parta
2893 1213 3159 1268 adversus
3187 1210 3447 1266 scelestos
3475 1209 3582 1264 da:-

2086 1313 2277 1352 mones
2320 1301 2566 1354 victoria.

2081 1389 2136 1442 ‘2.
2202 1389 2390 1444 Omnes
2419 1400 2614 1460 gentes,
2647 1390 2884 1458 plaudite
2917 1389 3178 1442 manibus.
3205 1389 3370 1454 Quasi
3413 1391 3580 1455 dicat,

2014 1479 2184 1550 Opera
2209 1482 2348 1535 bona
2381 1482 2561 1537 facere
2600 1486 2831 1537 studete.
2867 1481 3102 1535 Jubilate
3135 1481 3242 1535 Deo
3272 1484 3327 1535 in
3351 1499 3468 1536 uoce
3492 1499 3584 1536 ea:-

2012 1572 2338 1626 sultationis.
2377 1571 2625 1627 Victoria:
2651 1589 2870 1627 carmen
2913 1573 3001 1627 hic
3051 1573 3292 1640 psalmus
3339 1583 3442 1628 est.
3475 1573 3583 1626 lta-

2013 1679 2119 1732 que
2163 1673 2348 1734 utpote
2384 1664 2552 1733 lapsis
2599 1665 2927 1720 adversariis
2969 1665 3349 1734 potestatibus,
3387 1664 3452 1718 ad
3485 1678 3579 1718 ca-

2013 1756 2249 1809 nendum
2283 1763 2470 1824 gentes
2499 1757 2755 1810 concitat.

418 1821 780 1919 "Oct—Ktipwg
806 1831 1101 1902 ’Υψνστος
1122 1842 1393 1908 φοϐερός.
1419 1845 1679 1914 ’Ύῲιστος
1704 1850 1799 1919 μὲν
1829 1851 1915 1904 διὰ

2085 1849 2138 1902 5.
2174 1847 2438 1911 Quoniam
2479 1849 2737 1903 Dominus
2776 1850 3036 1911 excelsus,
3069 1849 3344 1903 terribilis.
3387 1848 3578 1903 Excel-

343 1909 444 2001 τὴν
512 1913 832 1986 Ἐκκλησίαν
891 1923 1200 1991 γενόμενος,
1256 1929 1481 2001 φοϐερὸς
1525 1935 1579 1988 δὲ
1622 1909 1760 1990 κατὰ
1803 1941 1912 1991 τῶν

344 2000 576 2098 ἐνορῶν.
628 2009 927 2098 Βασιλεὺς
961 2016 1147 2084 μέγας
1199 2020 1299 2072 ἐπὶ
1347 2000 1553 2078 πᾶσαν
1614 2028 1728 2094 τὴν
1775 2029 1910 2098 γῆν.

344 2090 458 2184 Dim
477 2089 580 2184 ἔτι.
609 2097 791 2165 φησὶν,
816 2100 864 2151 oi
888 2104 1111 2171 πονηροὶ
1141 2107 1248 2160 τῶν
1274 2110 1366 2161 ἐπὶ
1395 2112 1498 2181 γῆς
1526 2089 1800 2184 ἄρχουσιν..
1822 2089 1915 2171 Ᾰέ-

513 2183 621 2256 γὰρ
651 2187 835 2252 αὐτοῖς
852 2195 1043 2247 πατεῖν
1071 2197 1254 2250 ἐπάνω
1277 2199 1452 2269 ὄφεων
1484 2207 1576 2258 καὶ
1600 2209 1876 2278 σκορπίων
1895 2251 1910 2275 ,

343 2270 436 2365 καὶ
459 2274 610 2365 αὐτὰ
636 2275 701 2328 τά
728 2276 855 2351 ἔθνη
883 2281 992 2335 τῶν
1047 2288 1301 2359 πονηρῶν
1345 2292 1614 2363 δαιμόνων
1646 2270 1914 2365 ὑπέταξεν

339 2362 521 2416 αὐτῶν
541 2369 653 2430 τοῖς
679 2372 857 2426 ποσίν.

420 2452 712 2550 ’Υπέῖαξε
730 2461 920 2530 λαοὺς
941 2465 1086 2535 ἡμῖν
1113 2471 1209 2524 καὶ
1231 2472 1374 2541 ἔθνη
1405 2476 1523 2528 ὑπὸ
1557 2477 1700 2544 τοὺς
1725 2479 1917 2545 πόδας

560 2546 853 2639 Χξιίρουσιν
873 2553 965 2607 ἐπὶ
985 2557 1097 2620 τοῖς
1118 2558 1419 2630 δεδομένοις
1439 2565 1618 2628 αὐτοῖς
1652 2541 1802 2639 παρὰ
1823 2541 1916 2622 cois

339 2630 547 2732 ξὶυρίσδ
570 2636 809 2732 ροις.
854 2643 1196 2711 Ἐξελέξατο
1219 2651 1364 2719 ἡμῖν
1385 2654 1498 2721 τὴν
1514 2630 1917 2728 κληρονομίαν

589 2728 698 2781 Καὶ
719 2731 902 2824 τίςγᾶν
931 2736 1014 2807 εἴη
1039 2741 1070 2806 ή
1105 2740 1440 2814 κληρονομία
1469 2721 1678 2817 Κυρίου
1709 2749 1740 2819 ἦ
1769 2721 1917 2822 ’περὶ

341 2814 837 2913 inlinemus-scade
861 2824 953 2913 τοῦ
971 2829 1200 2898 Πατρὸς,
1223 2833 1471 2900 Αἷτησαι
1498 2814 1598 2890 ἀεί’
1618 2814 1784 2904 ἐμοί),
1816 2814 1914 2894 καί

340 2898 629 3008 δῶσωὶσοι
822 2912 935 2980 τὴν
949 2898 1362 2988 κληρονομίαν
1378 2937 1522 2987 σου;
1555 2898 1672 2994 Τὴν
1699 2898 1919 2984 καλλο-

341 2994 460 3056 νῆν
518 2994 720 3090 dctbe
769 2999 849 3066 ἣν
875 3004 1212 3076 ἠγάπησεν.
1263 3014 1371 3083 Τὴν
1417 3016 1678 3090 καλλονὴν
1720 3021 1914 3074 Ἰακώὸ

343 3098 474 3182 ἵτνησι
498 3084 597 3154 τὴν
635 3095 968 3182 προφητείαν
983 3098 1082 3168 τὴν
1108 3102 1235 3171 περὶ
1274 3104 1381 3157 τῶν
1426 3105 1593 3160 ἐθνῶν
1617 3084 1646 3174 ,⁷
1669 3111 1796 3181 περὶ
1844 3106 1912 3182 ἧς

342 3170 530 3272 sisset."
557 3181 664 3233 Kal
700 3183 880 3251 αὐτὸς
905 3186 1074 3241 ἔσται
1090 3170 1418 3257 προσδοκία
1431 3170 1652 3252 ἐθνῶν·
1675 3170 1824 3272 Αέτη
1935 3185 1976 3242 c

343 3267 436 3364 καὶ
457 3270 792 3364 ’ἠγαπημένη
827 3276 1126 3333 ὲστίν.Καὶ
1157 3282 1261 3335 τίνι
1290 3286 1616 3361 ἠγαπημένη
1652 3291 1685 3360 ἢ
1713 3292 1789 3362 τῷ

341 3355 516 3455 ἒζκιινχὴν
549 3361 714 3418 αὑτοῦ
740 3364 1004 3422 τεθεικότι
1032 3372 1170 3443 ὑπὲρ
1200 3375 1368 3446 αὐτῆς
1393 3394 1406 3442 ;
1435 3379 1647 3452 Ταύτην
1692 3379 1784 3437 οὖν
1813 3355 1911 3455 την

343 3445 529 3517 ἠγαπη
540 3448 728 3519 μένην,
753 3455 934 3524 φησὶν,
971 3458 1269 3526 ἐξελέξατο.

424 3536 630 3633 vir-edn
655 3544 687 3594 ό
738 3546 882 3612 Θεὸς
934 3549 1004 3602 ἐν
1034 3551 1379 3624 ἀλαλαγμῷ.
1421 3558 1485 3611 Ἡ
1531 3563 1611 3624 εἰς
1652 3564 1913 3633 οὐρανοὺς

342 3624 524 3721 levabo;
557 3629 645 3682 διὰ
671 3633 874 3688 τούτων
902 3638 997 3691 τοῦ
1043 3642 1248 3713 Κυρίου
1300 3650 1643 3716 σημαίνεται.
1700 3624 1913 3721 Κύριος

340 3716 411 3769 ἐν
436 3720 604 3790 φωνῇ
615 3723 968 3797 σάλπιγγος.
989 3731 1098 3796 Τὰς
1125 3736 1356 3800 αἰνέσεις
1379 3738 1486 3791 τῶν
1503 3716 1912 3798 συναναϐαίνόνλ

339 3825 458 3910 των
493 3811 642 3910 αὐτῶ
678 3816 978 3910 σάλπιγγος
1005 3819 1256 3892 ὠνόμασε
1304 3830 1508 3898 φωνήν.
1568 3831 1804 3887 Ψάλατε
1835 3834 1914 3901 τῷ

340 3903 466 3995 Θεῷ
494 3903 681 3973 ἡμῶν,
714 3908 949 3976 ψάλατε
975 3931 986 3943 ·
1033 3914 1266 3982 ψάλατε
1306 3918 1384 3984 τῷ
1422 3923 1679 3977 Βασιλεῖ
1712 3926 1912 3995 ἡμῶν,

339 3993 596 4059 tralata.
636 3999 850 4071 Ἐπειδὴ
874 4004 923 4055 οἱ
952 4004 1190 4072 ἄγγελοι,
1225 4011 1392 4079 φησὶ,
1427 4013 1517 4065 τὸν
1557 3993 1916 4071 ἀναϐαίνοντα

339 4085 591 4182 θμνοῦσι,
624 4090 718 4142 καὶ
750 4091 926 4162 ὑμεῖς,
963 4088 1006 4147 ὧ
1030 4095 1176 4168 ἔθνη,
1212 4101 1311 4171 τὴν
1352 4103 1519 4176 αὐτὴν
1542 4106 1915 4172 ἀποσώζοντες

339 4177 702 4276 λειτουργίαν,
724 4179 930 4276 ψάλατε
963 4184 1039 4254 τῷ
1069 4186 1448 4256 βασιλεύσαντι
1488 4195 1604 4266 Θεῷ
1643 4197 1740 4268 τῆς
1769 4197 1872 4267 γῆς
1896 4216 1912 4230 ⁸

339 4267 450 4316 τῶν
490 4267 600 4340 γὰρ
640 4273 779 4326 κατὰ
805 4274 937 4329 Θεὸν
971 4277 1352 4350 εὐθυμούντων
1388 4285 1508 4339 ἐστὶ
1559 4287 1621 4340 τὸ
1669 4286 1913 4358 ψάλλειν.

338 4358 616 4428 Εὐθυμεῖ,
649 4364 831 4432 φησὶν,
854 4365 924 4419 ἐν
957 4368 1099 4437 ὑμῖν
1131 4389 1257 4438 τις;
1289 4375 1590 4442 ψαλλέτω.

413 4448 718 4542 ξΨάλλετε
734 4458 1018 4525 συνετῶς.
1045 4462 1136 4532 Μὴ
1153 4463 1242 4516 διὰ
1260 4464 1520 4536 κιθαρῶν,
1537 4468 1612 4531 ὡς
1626 4469 1675 4521 οξ
1699 4470 1909 4542 πρώην.

339 4541 500 4594 τοῦτο
526 4544 636 4616 γὰρ
662 4546 742 4610 τὸ,
779 4550 1092 4629 συνετῶς]

429 4634 856 4693 Ἐϐασίλευσεν
885 4644 918 4695 ὀ
944 4642 1086 4710 Θεὸς
1127 4645 1222 4699 ἐπὶ
1256 4647 1327 4700 τὰ
1353 4647 1519 4715 ἔθνη.
1549 4653 1916 4723 Παρεδέξαντο

338 4722 454 4792 γὰρ
479 4724 578 4795 τὴν
601 4727 680 4790 εἰς
708 4727 866 4782 αὑτὸν
902 4730 1102 4784 πίστιν.
1144 4733 1205 4786 '0
1228 4733 1369 4800 Θεὸς
1399 4722 1646 4804 κάθηται
1659 4738 1757 4792 ἐπὶ
1786 4741 1920 4808 θρόη

337 4832 454 4869 νου
487 4816 664 4885 ἁγίου
697 4820 902 4876 αὐτοῦ.
935 4822 1043 4894 Τὴν
1071 4825 1368 4895 μέλλουσαν
1406 4830 1570 4883 αὐτοῦ
1603 4831 1784 4900 ἄφιξιν
1820 4850 1917 4904 ση-

343 4908 549 4977 μαίνει,
577 4907 646 4960 δι’
677 4903 746 4982 ἦς
769 4911 980 4966 καθίσει
1014 4920 1196 4987 κρῖναι
1219 4919 1318 4988 τὴν
1349 4922 1693 4993 οἰκουμένην.

419 5002 744 5069 Ἄρχοντες
773 5003 937 5058 λαῶν
974 5008 1376 5078 συνήχθησαν
1423 5012 1571 5080 μετὰ
1601 5013 1706 5066 τοῦ
1764 5014 1912 5068 Θεοῦ

294 5139 302 5160 ,
354 5092 627 5161 Ἀϐραάμ.
661 5093 884 5164 Ὅμοιον
913 5097 995 5159 τὸ,
1016 5099 1368 5166 Καθήσεσθε
1395 5103 1493 5155 ἐπὶ
1530 5102 1756 5158 δώδεκα
1779 5106 1913 5173 θρό-

283 5207 295 5244 ι
342 5199 493 5248 νους
539 5183 848 5251 κρίνοντες
898 5187 1004 5253 τὰς
1026 5187 1252 5245 δώδεκα
1283 5192 1481 5260 φυλὰς
1506 5193 1609 5246 τοῦ
1655 5193 1910 5262 Ἰσραήλ.

347 5276 476 5327 ὐτι
507 5275 614 5329 τοῦ
646 5277 791 5331 Θεοῦ
817 5280 871 5330 ol
895 5283 1159 5347 κραταιοί
1193 5283 1303 5350 τῆς
1331 5284 1443 5354 γῆς
1465 5286 1700 5354 σφόδρα
1728 5286 1911 5356 ἐπήρ-

345 5367 562 5432 θησαν.
607 5367 698 5419 Ἐν
724 5369 789 5438 τῇ
814 5371 905 5439 γῇ,
938 5372 1088 5441 φησὶ,
1123 5373 1230 5426 τῶν
1258 5375 1474 5444 πραέων
1501 5379 1564 5446 τῇ
1589 5377 1913 5448 ἀποδοθηση-
1948 5443 1958 5454 ⁸

348 5454 490 5528 μένῃ
516 5460 631 5518 τοῖς
662 5459 839 5525 ἁγίοις
865 5461 915 5512 οἱ
945 5465 1196 5532 κραταιοὶ
1235 5465 1328 5518 τοῦ
1371 5467 1504 5519 Θεοῦ
1553 5469 1915 5539 ὑπερυψώθη-

348 5565 470 5610 σαν,
506 5549 599 5602 καὶ
645 5551 1167 5624 ὑπερεδοξάσθησαν,
1201 5555 1275 5619 ὡς
1320 5557 1694 5629 ἐδιδάχθημεν,
1729 5561 1793 5613 ἐκ
1821 5561 1914 5613 τοῦ

350 5642 619 5711 φήσαντος
651 5643 808 5712 λόγου
834 5661 847 5674 ·
882 5646 1232 5714 Καθήσεσθε
1253 5647 1352 5700 ἐπὶ
1376 5650 1602 5715 θρόνων
1633 5648 1876 5704 δώδεκα.

460 5751 502 5784 ²⁹
538 5750 663 5809 Luc.
694 5771 749 5823 ι,
795 5755 876 5809 l9.
956 5756 997 5787 ³ο
1034 5755 1173 5812 Psal.
1201 5772 1260 5825 ιι,
1301 5758 1352 5814 8.
1420 5761 1458 5790 ³¹
1489 5759 1622 5815 Gen.
1652 5776 1800 5826 ms,
1855 5764 1941 5819 lO.

2013 1957 2107 1996 sus
2165 1952 2384 2010 propter
2435 1941 2755 2009 Ecclesiam,
2806 1943 3064 1997 terribilis
3122 1951 3309 1996 contra
3371 1943 3577 1996 hostes.

2015 2032 2124 2087 Rea;
2144 2051 2360 2104 magnus
2387 2050 2538 2102 super
2563 2051 2766 2088 omnem
2787 2044 3005 2088 terram.
3031 2032 3150 2087 Non
3181 2034 3343 2093 ultra,
3376 2033 3577 2100 inquit,

2014 2125 2269 2193 improbi,
2312 2125 2542 2179 terrenis
2570 2124 2856 2193 imperant.
2895 2123 3052 2176 Dedit
3082 2123 3226 2177 enim
3270 2122 3349 2176 eis
3401 2121 3579 2191 (nem—

2013 2232 2080 2286 pe
2103 2216 2405 2287 discipulis)
2454 2225 2773 2285 potestatem
2809 2215 3052 2270 calcamli
3097 2229 3258 2283 super
3301 2222 3582 2282 serpentes

2012 2317 2065 2362 et
2095 2309 2413 2378 scorpiones
2443 2310 2486 2340 "
2515 2347 2530 2372 ,
2573 2317 2628 2361 et
2662 2308 2832 2376 ipsam
2863 2307 3240 2376 improborum
3268 2305 3578 2360 daemonum

2017 2401 2228 2454 turbam
2268 2399 2497 2468 pedibus
2521 2413 2711 2452 eorum
2745 2397 2996 2466 subjecit.

2081 2489 2136 2550 4,
2284 2488 2515 2557 Subjecit
2547 2489 2764 2559 populos
2794 2490 2962 2552 nobis,
2993 2498 3045 2543 et
3084 2498 3257 2559 gentes
3301 2490 3394 2541 sub
3433 2487 3553 2554 pedi

2015 2581 2108 2633 bus
2141 2581 2354 2632 nostris.
2390 2579 2638 2635 Gaudent
2681 2580 2748 2634 de
2788 2594 3048 2634 concessa
3109 2579 3213 2634 sibi
3260 2593 3291 2630 a
3345 2577 3578 2630 Domino

2013 2681 2179 2726 sorte.
2235 2670 2408 2740 Elegit
2459 2671 2610 2724 nobis
2649 2672 3010 2726 [nereditatem
3045 2669 3167 2723 sibi.
3201 2667 3382 2738 quna
3414 2666 3581 2721 fuerit

2015 2764 2304 2818 haereditas
2336 2763 2551 2818 Domini
2586 2764 2690 2820 nisi
2740 2780 2802 2818 ea
2841 2764 2907 2818 de
2939 2779 3046 2832 qua
3076 2761 3274 2815 dicitur
3308 2775 3335 2812 a
3368 2759 3527 2813 Patre
3560 2799 3578 2825 ,

2014 2855 2238 2910 Postulo
2293 2873 2324 2908 a
2382 2872 2484 2920 me,
2540 2864 2590 2909 et
2651 2855 2786 2909 dabo
2842 2855 2936 2907 tibi
2987 2864 3157 2923 gentes
3221 2850 3579 2905 haereditatem

2015 2960 2160 3001 tuam
2189 2932 2272 3000 3_°‘.’
2299 2945 2534 3016 Speciem
2558 2945 2724 3000 Iacob
2751 2961 2910 3015 quam
2950 2943 3160 2997 dilexit.
3203 2941 3452 3012 Speciem
3482 2937 3578 2993 Ja-

2013 3038 2114 3092 cob
2145 3047 2301 3093 vocat
2353 3037 2473 3107 ejus
2525 3037 2592 3092 de
2643 3037 2893 3105 gentibus
2943 3033 3305 3102 prophetiam,
3361 3030 3430 3085 de
3470 3045 3576 3098 qua

2013 3130 2142 3184 dicit
2170 3149 2182 3183 :
2223 3127 2291 3181 Et
2326 3130 2435 3197 ipse
2463 3129 2562 3181 erit
2585 3127 2902 3196 exspectatio
2933 3126 3162 3194 gentium
3191 3124 3256 3175 ³¹.
3291 3121 3409 3191 Ipsa
3437 3136 3578 3190 quo-

2011 3235 2119 3289 que
2174 3220 2366 3274 dilecta
2400 3227 2504 3272 est.
2553 3217 2716 3272 Eccui
2751 3217 2947 3270 dilecta
2987 3222 3066 3268 est
3097 3215 3212 3276 alii,
3256 3213 3360 3266 nisi
3390 3212 3438 3265 ei
3484 3212 3577 3280 qui

2011 3311 2247 3365 animam
2299 3325 2454 3366 suam
2505 3325 2604 3377 pro
2655 3323 2720 3363 ea
2758 3307 2974 3378 posuit?
3001 3305 3151 3360 Hanc
3202 3305 3384 3374 itaque
3440 3301 3581 3356 dile-

2013 3411 2178 3465 ctam,
2213 3400 2408 3469 inquit,
2443 3399 2625 3468 elegit.

2081 3556 2135 3620 6,
2168 3557 2219 3610 ’1.
2278 3556 2525 3608 Ascendit
2565 3554 2700 3608 Deus
2731 3554 2785 3606 in
2809 3552 3002 3622 jubilo.
3038 3549 3196 3604 Hisce
3240 3547 3580 3616 signiﬁcatur

2013 3649 2228 3702 Domini
2265 3647 2329 3701 ad
2364 3649 2532 3702 ccelos
2564 3661 2844 3700 ascensus.
2889 3643 3142 3696 Dominus
3173 3641 3228 3693 in
3264 3654 3382 3692 voce
3417 3645 3576 3692 tuom.

2014 3735 2228 3791 Laudes
2259 3736 2328 3789 ah
2362 3736 2429 3790 iis
2465 3735 2558 3804 qui
2606 3750 2711 3786 una
2761 3731 3128 3787 ascendebant
3171 3728 3272 3798 ipsi
3304 3728 3455 3781 datas
3484 3741 3581 3779 vo-

2015 3844 2130 3884 cem
2194 3829 2338 3882 tubaa
2391 3835 2571 3880 vocat.
2623 3824 2851 3878 Psallite
2901 3823 3009 3876 Deo
3060 3831 3262 3886 nostro,
3319 3817 3581 3885 psallite:

2014 3920 2228 3990 psallite
2258 3919 2384 3988 Regi
2419 3929 2620 3980 nostra,
2674 3915 2906 3985 psallite.
2945 3914 3214 3980 Quoniam
3250 3909 3449 3979 angeli,
3492 3909 3578 3960 in-

2015 4013 2152 4081 quit,
2179 4010 2558 4065 ascendentem
2593 4009 2646 4061 in
2677 4008 2873 4062 coelum
2903 4005 3120 4076 hymnis
3149 4007 3576 4072 prosequuntur.

2015 4112 2070 4157 et
2097 4119 2191 4157 vos
2219 4103 2406 4166 etiam,
2439 4117 2471 4155 ο
2511 4108 2717 4169 gentes,
2766 4099 2908 4152 idem
2953 4097 3303 4151 observantes
3335 4091 3580 4144 ministe-

2013 4194 2176 4257 rium,
2227 4192 2437 4262 psallite
2486 4189 2600 4244 Deo
2637 4201 2792 4244 terra:
2845 4185 3155 4257 imperanti.
3197 4184 3396 4237 Eorum
3433 4179 3578 4234 eiiim

2021 4290 2114 4360 qui
2147 4290 2270 4342 laeto
2308 4287 2606 4342 secundum
2640 4285 2808 4338 Deum
2840 4283 3024 4338 animo
3053 4289 3180 4336 sunt
3214 4286 3298 4333 est
3327 4275 3576 4346 psallere.

2015 4379 2185 4443 Laeto,
2221 4379 2417 4446 inquit,
2451 4377 2628 4429 animo
2671 4376 2786 4445 quis
2836 4383 2911 4427 est
2947 4373 3002 4424 in
3049 4370 3230 4424 vobis?
3268 4367 3462 4437 psallat
3511 4364 3578 4418 ".

2091 4467 2355 4539 [Psallite
2381 4468 2664 4533 sapienter.
2696 4463 2812 4518 Non
2844 4481 2966 4518 cum
3003 4461 3250 4523 citharis,
3294 4468 3352 4512 ut
3399 4457 3436 4510 ii
3487 4457 3581 4526 qui

1944 4538 1988 4591 Β
2021 4538 2144 4616 ante
2171 4560 2320 4613 luere
2351 4578 2362 4611 :
2396 4559 2447 4612 id
2478 4559 2620 4611 enim
2656 4557 2924 4626 signiﬁcat
2966 4554 3118 4619 illud,
3149 4552 3426 4618 sapienter.
3452 4546 3473 4619 ]

2091 4654 2145 4709 8.
2206 4653 2463 4723 Regnabit
2509 4651 2648 4704 Deus
2693 4666 2849 4718 super
2881 4657 3072 4718 gentes.
3126 4645 3312 4698 Fidem
3347 4657 3582 4710 namque

2021 4744 2140 4814 ejus
2183 4751 2527 4812 acceperunt.
2580 4741 2718 4795 Deus
2769 4740 2905 4793 sedet
2953 4754 3108 4807 super
3135 4737 3306 4790 sedem
3345 4744 3584 4787 sanctam

2021 4853 2190 4895 suam.
2223 4834 2488 4888 Futurum
2518 4833 2636 4900 ejus
2661 4833 2946 4886 adventum
2990 4829 3258 4900 signiﬁcat
3285 4842 3397 4897 quo
3427 4826 3584 4881 sede-

2019 4930 2098 4985 bit
2123 4938 2181 4982 ut
2216 4928 2420 4995 indicet
2452 4928 2661 4980 orbem.

2089 5022 2141 5077 9.
2220 5019 2493 5087 Principes
2539 5019 2850 5086 populorum
2918 5016 3216 5086 congregati
3277 5020 3398 5067 sunt
3465 5025 3582 5062 cum

2020 5110 2129 5163 Deo
2181 5109 2467 5161 Ahraham.
2507 5107 2695 5162 Simile
2747 5116 2828 5161 est
2880 5107 3063 5160 illud:
3116 5104 3376 5160 Sedebitis
3427 5116 3582 5167 super

2020 5201 2294 5252 duodecim
2351 5200 2563 5255 thronos
2608 5198 2908 5266 judicantes
2956 5197 3231 5251 duodecim
3281 5193 3444 5245 tribus
3496 5187 3582 5242 Is-

2023 5291 2132 5344 rael
2164 5291 2229 5344 ³³.
2262 5292 2522 5359 Quoniam
2553 5290 2648 5342 Dei
2673 5291 2832 5360 fortes
2863 5302 3014 5344 terrm
3051 5290 3366 5344 vehementer
3394 5282 3581 5337 eleuati

2022 5394 2164 5436 sunt.
2198 5381 2252 5436 In
2286 5395 2449 5444 terra,
2515 5383 2711 5449 inquit,
2765 5391 3173 5436 mansuetorum
3214 5392 3334 5446 qua?
3377 5376 3580 5431 sanctis

2023 5472 2410 5541 assignabitur,
2459 5474 2624 5527 l'ortes
2664 5472 2756 5525 Dei
2795 5474 3138 5529 vehementer
3172 5469 3393 5522 exaltati
3433 5479 3579 5536 sunt,

2023 5571 2077 5617 et
2105 5563 2273 5631 gloria
2303 5563 2501 5618 mirum
2545 5564 2598 5617 in
2633 5565 2850 5618 modum
2882 5560 3043 5622 aucti,
3075 5569 3134 5614 ut
3163 5559 3483 5615 edidicimus
3512 5576 3576 5615 ex

2017 5669 2079 5708 ea
2115 5654 2378 5708 sententia
2413 5674 2426 5712 :
2457 5654 2712 5708 Sedebitis
2747 5671 2901 5724 super
2933 5657 3143 5711 thronos
3169 5657 3464 5712 duodecim.

2123 5763 2236 5822 Jac.
2288 5783 2339 5834 ν,
2381 5767 2470 5820 31.
2578 5768 2622 5800 ³³
2655 5767 2840 5822 Matth.
2879 5785 2993 5835 xix,
3020 5768 3110 5824 ‘28.
