3976 6220
326 375 437 431 225

440 490 489 543 1.
525 488 590 541 In
611 493 790 558 linem,
817 490 943 557 ﬁliis
972 488 1122 544 Core.
1151 489 1494 545 PSALMUS
1517 485 1791 542 XLVIII.

918 582 957 634 Α
971 593 1293 651 rgumentum
1303 622 1317 636 .

331 673 463 740 Qua:
511 675 578 729 ad
631 674 874 729 divinum
930 673 1169 728 tribunal
1213 674 1482 742 pertinent
1531 673 1635 726 hoc
1691 672 1901 741 psalmo

403 766 659 821 omnibus
715 767 1024 821 hominibus
1084 765 1478 836 praedicantur,
1529 780 1737 818 necnon
1784 764 1902 818 dies

407 858 496 912 illa
526 873 630 926 qua
664 857 809 912 Deus
847 857 1065 912 condita
1111 857 1291 911 omnia
1321 855 1388 910 ad
1423 856 1689 924 judicium
1734 854 1904 910 addu-

414 956 523 1001 cet.
559 947 813 1001 Fortasse
857 961 985 1000 vero
1015 947 1107 1000 lilii
1141 944 1276 1000 Core
1311 948 1677 1014 apostolorum
1714 960 1904 1014 perso-

409 1055 533 1093 nam
568 1048 758 1109 gerant
787 1039 879 1108 qui
920 1037 1191 1108 mysteriis
1228 1036 1413 1090 orbem
1455 1037 1758 1090 initiarunt.

408 1218 462 1272 2.
523 1218 716 1271 Audite
758 1219 890 1281 ha'c,
933 1233 1105 1268 omnes
1133 1223 1328 1285 gentes,
1375 1213 1588 1268 auribus
1633 1213 1909 1282 percipite,

342 1326 517 1364 omnes
541 1313 629 1381 qui
667 1310 918 1363 habitatis
949 1308 1144 1362 orbem.
1191 1305 1341 1361 Sicut
1370 1308 1435 1359 ad
1477 1305 1704 1359 salutem
1733 1314 1908 1358 totum

344 1402 640 1455 humanum
674 1416 842 1468 genus
883 1409 1059 1463 vocat,
1094 1399 1281 1453 eodem
1323 1397 1484 1451 modo
1511 1397 1577 1450 ad
1601 1396 1902 1451 doctrinam

343 1492 506 1546 divini
530 1491 742 1562 judicii,
769 1506 877 1545 una
912 1505 1102 1545 omnes
1130 1504 1310 1544 sermo
1337 1495 1547 1542 evocat.

413 1663 464 1716 5.
521 1663 723 1734 Quique
759 1667 1032 1735 terrigenae
1101 1676 1146 1719 et
1197 1665 1297 1734 ﬁlii
1327 1664 1618 1718 hominum.
1662 1663 1906 1735 Terrige-

341 1771 442 1810 nas
475 1765 633 1808 vocat
663 1756 987 1825 agrestiores
1015 1755 1261 1809 homines
1295 1755 1687 1824 barbarosque,
1727 1755 1818 1822 qul
1852 1755 1902 1806 in

1158 374 1215 427 S.
1254 368 1626 427 ATHANASII
1671 367 1824 422 OPP.
1864 364 2044 422 PARS
2079 364 2164 418 111.
2207 395 2279 405 --
2317 361 2730 417 EXEGETICA.

1929 485 1976 542 Α

3451 360 3561 414 22$

2104 482 2202 544 Εἰς
2233 479 2405 542 τέλος
2428 478 2550 541 τοῖς
2594 476 2742 539 υἱοῖς
2769 475 2935 541 Κορὲ.
2981 476 3190 528 ΨΛΛΜ
3195 479 3284 529 ΟΣ
3312 480 3432 532 ΜΗ¹

2614 568 2629 587 ⁸
2641 569 2946 630 Υπόθεσις.

2000 662 2100 716 Διά
2115 680 2206 715 του
2238 663 2500 732 παρόντος
2526 657 2740 731 ψαλμοῦ
2766 656 2835 710 τὰ
2861 658 2988 729 περὶ
3011 659 3103 711 τοῦ
3130 659 3274 713 θείου
3305 661 3566 734 δικαστη-

2076 754 2187 824 ρίου
2246 756 2356 817 τοῖς
2392 755 2553 807 πᾶσιν
2585 748 2891 820 ἀνθρώποις
2949 749 3314 820 κηρύττεται,
3379 755 3471 806 καὶ
3527 757 3560 824 ἡ

2069 845 2255 915 ἡμέρα
2284 846 2485 914 ἐκείνη,
2519 843 2638 896 καθ’
2660 844 2727 914 ἢν
2747 843 2861 908 ἄξει
2890 846 2917 896 6
2963 842 3091 905 Θεὸς
3121 845 3226 895 πᾶν
3264 845 3324 895 τὸ
3353 845 3562 916 ποίημα

2072 937 2152 998 εἰς
2184 935 2383 1006 κρίσιν.
2413 937 2625 1005 Ἔχοιεν
2651 936 2693 987 δ’
2719 935 2782 988 ἂν
2816 938 2862 988 oi
2893 935 2997 988 υἱοὶ
3026 935 3170 1005 Κορέ
3194 934 3302 986 τῶν
3332 937 3552 989 ἀποστό-

2073 1028 2178 1080 λων
2199 1028 2257 1080 τὺ
2286 1027 2592 1098 πρόσωπον,
2618 1026 2725 1080 τῶν
2761 1025 3302 1097 μυσταγωγησάντων
3342 1026 3437 1096 τὴν
3471 1026 3574 1078 ὑπ’·

2074 1119 2318 1191 οὐρανόν.

2089 1211 2410 1264 Ἀκούσατε
2434 1210 2638 1274 ταῦτα,
2679 1207 2874 1262 πάντα
2898 1210 2969 1262 τὰ
2998 1209 3140 1276 ἔθνη
3160 1250 3173 1273 ,
3201 1211 3578 1265 ἐνωτίσασθε

2004 1299 2226 1365 πάντες
2257 1303 2310 1354 οι
2351 1299 2768 1364 κατοικοῦντες
2798 1299 2910 1366 τὴν
2943 1300 3317 1368 οἰκουμένην.
3354 1301 3578 1373 Ὥσπερ.

2004 1393 2095 1444 ἐπὶ
2127 1392 2367 1462 σωτηρίᾳ
2416 1392 2522 1444 πᾶν
2545 1391 2697 1460 γένος
2741 1389 3040 1460 ἀνθρώπων
3100 1391 3420 1464 παρακαλεῖ,
3471 1393 3574 1448 τὸν.

2005 1481 2380 1552 αὐτὸντρόπον
2413 1483 2506 1535 καὶ
2530 1484 2620 1535 ἐπὶ
2650 1481 2992 1535 διδασκαλίαν
3018 1481 3119 1552 τῆς
3154 1481 3302 1545 θείας
3331 1483 3564 1552 κρίσεως

2003 1573 2136 1644 ὁμοῦ
2166 1573 2374 1636 πάντας
2402 1575 2429 1626 6
2450 1573 2606 1641 λόγος
2639 1573 3003 1626 ἀνακαλεῖται.

2077 1666 2144 1718 Οἵ
2174 1681 2237 1718 τε
2264 1664 2532 1734 γηγενεῖς
2558 1663 2654 1715 καὶ
2691 1663 2808 1716 υἱοὶ
2846 1662 2964 1715 τῶν
3005 1663 3362 1730 ἀνθρώπων..
3389 1663 3570 1731 Γηγε-

2006 1759 2114 1818 νεῖς
2142 1756 2238 1826 μὲν
2274 1755 2398 1818 τοὺς
2426 1753 2756 1824 βαρυτέρους
2787 1752 2892 1806 τῶν
2925 1752 3221 1824 ἀνθρώπων
3259 1753 3409 1806 καλεί
3439 1755 3567 1817 τοὺς

341 1846 570 1901 desertis
611 1821 874 1913 habitant,
911 1861 1086 1915 neque
1115 1845 1323 1915 legibus
1368 1846 1543 1900 cultos
1561 1821 1592 1910 ;—
1628 1821 1770 1899 ﬁlios
1802 1843 1904 1896 ho-

2024 1821 2339 1923 Βαρϐάρους,
2371 1821 2465 1898 καὶ
2493 1821 2550 1898 ἐν
2581 1821 2834 1917 ἐρημίαις
2864 1821 3142 1909 οἰκοῦντας
3161 1887 3175 1912 ,
3200 1847 3292 1899 καὶ
3318 1845 3391 1917 μὴ
3422 1847 3567 1918 νομί-

345 1937 550 1991 minum
583 1937 714 1992 dicit
737 1952 832 1992 eos
860 1937 951 2007 qui
983 1938 1358 1992 humaniorem
1404 1937 1614 1992 ducunt
1657 1936 1779 1991 vitte
1819 1953 1909 1993 ra-

345 2029 545 2084 tionem
573 2039 626 2084 et
646 2029 853 2098 legibus
888 2038 1095 2098 parent.

415 2199 469 2254 4.
524 2199 596 2255 Os
620 2216 790 2254 meum
812 2201 1055 2270 loquetur
1082 2203 1416 2270 sapientiam.
1439 2199 1906 2266 Quemadmodum

347 2307 446 2345 ceu
473 2290 526 2344 in
552 2291 734 2346 varios
786 2290 1006 2346 ordines
1049 2290 1326 2346 distribuit
1380 2290 1676 2356 auditores,
1733 2290 1806 2343 ita
1854 2297 1908 2343 et

347 2384 647 2438 doctrinam
693 2399 847 2438 suam
881 2382 933 2436 in
971 2383 1163 2437 modos
1203 2381 1490 2452 distinguit
1515 2383 1716 2436 varios.
1764 2380 1908 2434 Cho-

348 2493 441 2532 rus
465 2487 644 2530 autem
672 2475 1004 2545 apostolicus
1031 2482 1112 2529 est
1147 2475 1240 2544 qui
1273 2476 1387 2529 haec
1430 2474 1692 2543 loquitur,
1731 2481 1785 2526 et
1813 2472 1906 2542 qui

347 2567 398 2620 in
428 2582 522 2621 ore
550 2566 827 2621 Christum
881 2567 1063 2632 habet,
1117 2567 1209 2636 qui
1253 2575 1338 2622 est
1381 2567 1645 2637 sapientia
1705 2565 1904 2620 Patris.

348 2655 542 2726 Utpote
578 2657 741 2727 igitur
763 2655 1040 2710 Christum
1064 2655 1116 2710 in
1144 2671 1237 2710 ore
1260 2656 1514 2722 ferentes,
1540 2664 1594 2712 et
1616 2672 1740 2712 eum
1765 2673 1908 2712 sem-

346 2763 440 2817 per
466 2756 646 2801 mente
685 2755 964 2801 versantes
1008 2747 1417 2816 intelligentiam
1461 2749 1798 2802 obtinebant.
1829 2748 1906 2802 Ita

347 2847 526 2894 autem
560 2854 711 2895 mens
739 2855 926 2894 eorum
955 2840 1020 2893 ad
1048 2838 1450 2909 intelligentiam
1479 2850 1636 2892 acuta
1660 2849 1715 2893 et
1747 2855 1908 2909 expe-

347 2933 456 2986 dita
484 2939 619 2997 erat,
651 2940 710 2985 ut
737 2933 896 2985 etiam
934 2930 1221 3000 parabolas
1250 2929 1548 2984 Salvatoris
1579 2930 1631 2983 in
1661 2929 1909 3001 Evange-

349 3025 436 3080 liis
465 3024 762 3094 descriptas
792 3023 1172 3093 intelligerent.
1202 3021 1562 3087 Quamobrem
1605 3039 1727 3077 cum
1760 3024 1906 3078 dice-

349 3125 432 3172 ret
455 3116 704 3171 Christus
742 3117 787 3148 ³⁸
817 3132 832 3170 :
873 3114 1221 3169 Inteltexistis
1255 3113 1363 3168 luet:
1407 3115 1625 3168 omnia?
1656 3115 1908 3171 dicebant

347 3212 397 3265 ei
429 3230 443 3266 :
482 3209 682 3266 Etiam.

420 3300 474 3355 5.
537 3298 813 3354 Inclinabo
860 3299 916 3351 in
962 3297 1270 3368 parabolam
1317 3313 1498 3351 aurem
1554 3314 1741 3351 meam.
1798 3297 1912 3368 Ego

350 3393 594 3462 quidem,
623 3392 716 3456 ait,
746 3400 1031 3459 postquam
1081 3397 1312 3444 mentem
1356 3405 1531 3443 meam
1564 3390 1686 3443 acui
1727 3389 1791 3445 ad
1824 3391 1912 3444 in-

352 3481 704 3550 telligentiam
754 3479 1136 3548 parabolarum
1196 3476 1515 3544 Salvatoris,
1567 3479 1618 3532 in
1652 3479 1716 3534 iis
1765 3493 1916 3534 com-

351 3573 673 3642 prehensam
702 3571 1020 3626 sententiam
1062 3571 1276 3639 assequi
1314 3571 1486 3639 potui.
1519 3569 1589 3626 lis
1615 3579 1792 3625 autem
1824 3571 1915 3640 qui

353 3662 407 3718 id
445 3676 606 3732 agere
632 3663 703 3716 ob
747 3661 1028 3715 infantiam
1063 3675 1169 3715 non
1199 3660 1380 3713 valent
1420 3661 1660 3730 aperiam
1697 3677 1760 3716 ea
1795 3678 1916 3731 qua:

353 3754 536 3810 clausa
564 3762 720 3820 sunt,
754 3761 807 3809 et
857 3753 1190 3823 problemata
1237 3751 1521 3820 explicabo
1573 3761 1732 3821 atque
1767 3768 1920 3822 para-

353 3847 525 3902 bolas.
597 3845 724 3900 Haec
782 3854 961 3900 autem
1024 3861 1118 3914 per
1176 3845 1492 3914 psalterium
1554 3846 1666 3900 sive
1721 3860 1918 3915 corpus

353 3955 532 3994 meum
571 3937 819 4002 eﬂiciam,
867 3937 1010 4007 quod
1043 3937 1200 4007 quasi
1249 3951 1510 4006 organum
1577 3944 1813 4000 resonat,
1866 3945 1919 3991 et

353 4046 463 4101 quo
505 4031 684 4086 anima
734 4043 851 4084 mea
896 4029 962 4082 ad
1020 4031 1281 4100 hymnum
1339 4028 1566 4082 vertitur
1623 4029 1916 4083 concinen-

356 4124 504 4188 dum,
533 4136 629 4191 per
656 4121 901 4190 singulos
939 4134 1154 4183 sensus,
1185 4117 1428 4172 membra
1453 4125 1752 4188 partesque
1777 4117 1918 4187 peri-

355 4214 565 4270 tissime
597 4219 764 4266 mota.

427 4305 480 4359 6.
539 4303 648 4357 Cur
682 4301 866 4356 timebo
894 4302 947 4353 in
980 4301 1063 4355 die
1107 4300 1293 4354 mala?
1321 4299 1459 4355 Hinc
1500 4301 1736 4369 orditur,
1768 4313 1920 4371 post-

355 4411 519 4466 quam
553 4393 785 4462 priorem
830 4392 1091 4446 doetrinze
1128 4401 1334 4461 partem
1398 4407 1496 4447 ceu
1548 4392 1601 4446 in
1654 4395 1919 4462 prommio

2015 1958 2130 2010 μως
2164 1938 2606 2009 πολιτευομένους
2626 1956 2639 1968 ·
2670 1939 2818 2001 υἱοὺς
2849 1938 2904 1990 δὲ
2941 1935 3238 2009 ἀνθρώπων
3269 1937 3393 1999 τοὺς
3434 1939 3582 2007 ἡμει

2014 2030 2254 2101 ρωτέραν
2300 2029 2570 2083 πολιτείαν
2625 2029 3071 2102 μετερχομένους,
3105 2029 3198 2083 καὶ
3229 2029 3409 2100 νόμοις
3441 2028 3571 2084 διοι-

2013 2139 2107 2174 κου
2117 2122 2331 2192 μένους.

2087 2212 2156 2267 Τὸ
2178 2213 2369 2280 στόμα
2386 2230 2507 2281 μου
2525 2213 2785 2280 λαλήσει
2813 2214 3059 2282 σοφίαν.
3087 2214 3295 2285 Ὥσπερ
3331 2215 3410 2276 είς
3441 2213 3571 2282 τάγ-

2015 2319 2158 2371 ματα
2192 2303 2417 2359 πλεῖστα
2446 2304 2572 2366 τοὺς
2592 2303 2864 2377 ἀκροατὰς
2896 2304 3116 2371 διεῖλεν,
3153 2304 3323 2368 οὕτως
3353 2305 3444 2358 καὶ
3471 2305 3570 2376 τὴν

2014 2393 2174 2446 αὑτοῦ
2203 2394 2551 2450 διδασκαλίαν
2592 2398 2671 2460 είς
2705 2397 2937 2469 τρόπους
2983 2395 3231 2466 ἀφορίζει
3262 2396 3567 2468 διαφόρους.

2025 2486 2082 2537 '0
2116 2485 2273 2556 χορὸς
2298 2485 2353 2537 δέ
2377 2479 2528 2540 ’ἐστιν
2555 2489 2582 2540 6
2616 2486 2965 2550 ἀποστολικδς
2995 2489 3022 2540 6
3068 2486 3238 2542 ταῦτα
3260 2486 3573 2555 ,φθεγγόμε-

2012 2595 2121 2640 νος,
2146 2577 2238 2630 καὶ
2261 2577 2352 2630 ἐπὶ
2388 2578 2650 2648 στόματος
2676 2579 2854 2648 φέρων
2886 2579 2974 2631 τὸν
2997 2578 3245 2650 Χριστὸν,
3278 2578 3336 2642 ὃς
3367 2579 3513 2629 ἐστιν
3538 2579 3572 2647 ἡ

2016 2668 2175 2736 σοφία
2199 2667 2292 2720 τοῦ
2322 2668 2554 2740 Πατρός.
2585 2668 2710 2721 "Acs
2735 2669 2797 2740 δὴ
2824 2665 2915 2722 οῦν
2937 2668 3026 2721 τὸν
3056 2667 3283 2739 Χριστὸν
3331 2667 3421 2719 ἐπὶ
3452 2667 3575 2719 στό-

2016 2776 2183 2830 ματος
2210 2758 2485 2830 φέροντες,
2520 2760 2613 2812 καὶ
2645 2759 2828 2813 τοῦτον
2855 2761 2931 2822 είς
2961 2759 3084 2813 νοῦν
3120 2760 3205 2815 ἀεὶ
3241 2758 3596 2829 ἐκμελετῶν-.

2013 2868 2123 2914 τες,
2172 2849 2382 2903 σύνεσιν
2437 2846 2601 2920 εἶχον.
2663 2850 2816 2904 Οὕτω
2844 2851 2900 2902 δὲ
2956 2850 3130 2902 αὐτῶν
3170 2850 3400 2920 ὴκόνητο
3437 2851 3590 2919 πρὸς⁴

2017 2941 2228 3006 σύνεσιν
2253 2942 2280 2993 ό
2310 2940 2451 3004 νοῦς,
2480 2940 2554 3003 ὡς
2583 2941 2677 2994 καὶ
2708 2940 2805 3003 τὰς
2845 2938 3156 3010 παραϐολὰς
3198 2938 3290 2991 τοῦ
3323 2941 3574 3009 Σωτῆρος

2014 3033 2112 3095 τὰς
2142 3034 2198 3084 ἐν
2227 3035 2337 3096 τοῖς
2362 3033 2713 3101 Εὐαγγελίοις
2745 3032 3047 3103 φερομένας
3076 3031 3326 3084 συνιέναι.
3371 3030 3574 3095 Διὸλλέ-

2015 3139 2201 3191 γοντος
2217 3123 2397 3185 αὐτοῖς
2419 3122 2510 3175 τοῦ
2529 3121 2791 3194 Χριστοῦ·
2815 3121 3122 3187 Συνήκατε
3142 3121 3323 3174 ταῦτα
3344 3120 3540 3173 πάντα
3554 3137 3588 3183 ;.

2015 3214 2196 3283 ἔλεγον
2224 3213 2372 3284 αὐτῷ
2391 3231 2405 3245 ο
2436 3215 2566 3268 Ναί.

2055 3305 2281 3360 ’Κλινῶ
2322 3309 2408 3372 εἰς
2439 3305 2785 3375 παραϐολὴν
2830 3302 2894 3358 τὸ
2942 3301 3051 3370 οὖς
3077 3322 3216 3372 μου.
3279 3303 3420 3373 Ἐγὼ
3455 3303 3588 3374 μὲν,

2017 3398 2200 3469 φησὶν,
2238 3399 2508 3468 ἁκονήσας
2559 3397 2650 3450 τὸν
2682 3397 2917 3468 ἐμαυτοῦ
2953 3397 3074 3449 νοῦν
3104 3399 3182 3459 εἰς
3216 3397 3428 3449 σύνεσιν
3467 3395 3577 3449 τῶν

2019 3488 2296 3558 σωτηρίων
2332 3485 2673 3558 παραϐολῶν,
2695 3486 2990 3557 δεδύνημαι
3032 3485 3457 3555 ἐπακολουθῆσαι
3506 3487 3576 3556 τῇ

2017 3578 2290 3653 φερομένῃ
2325 3579 2505 3640 αὐτοῖς
2534 3578 2741 3650 διανοίᾳ
2761 3593 2774 3607 ·
2800 3579 2914 3641 τοῖς
2948 3577 3004 3631 δὲ
3037 3578 3110 3648 μὴ
3137 3576 3291 3629 τοῦτο
3321 3576 3578 3647 πράττειν

2016 3670 2332 3741 δυναμένοις
2353 3669 2440 3722 διὰ
2461 3669 2758 3741 νηπιότητα
2783 3669 2976 3734 ἁνοίξω
2995 3668 3064 3722 τὰ
3092 3669 3465 3738 κεκλεισμένα,
3484 3668 3582 3720 καὶ

2017 3761 2336 3833 διασαφήσω
2357 3762 2424 3815 τὰ
2458 3763 2815 3833 προϐλήματα
2848 3763 2940 3818 καὶ
2972 3760 3070 3824 τὰς
3100 3759 3430 3832 παραϐολάς.
3468 3759 3590 3812 Καὶ.

2015 3852 2191 3907 ταῦτα
2212 3853 2400 3923 πράξω
2435 3853 2523 3906 διὰ
2550 3853 2641 3906 τοῦ
2664 3853 2899 3924 ἐμαυτοῦ
2922 3853 3239 3923 ψαλτηρίου,
3274 3852 3364 3906 τοῦ
3397 3851 3581 3922 σώμα-

2015 3963 2106 4008 τος
2133 3945 2354 4016 δηλαδὴ,
2398 3945 2627 4016 ὀργάνου
2676 3945 2836 4017 δίκην
2869 3945 3226 4016 ἐπηχοῦντος,
3256 3945 3320 3998 δι’
3349 3939 3410 3999 οὗ
3443 3945 3581 4015 πρὸς

2019 4038 2185 4107 ὕμνον
2215 4039 2472 4111 τρέπεται
2505 4037 2730 4109 ἡψυχὴ,
2763 4038 2828 4092 δι’
2857 4037 3084 4090 ἐκάστου
3117 4037 3468 4109 αἰσθητηρίου
3486 4037 3592 4093 καὶ

2021 4131 2214 4200 μέλους
2253 4131 2344 4183 καὶ
2370 4130 2567 4200 μέρους
2609 4130 2982 4201 ἐπιστημόνως
3017 4131 3327 4200 κινουμένη.

2090 4307 2212 4360 Ἵνα
2235 4305 2289 4358 τί
2323 4304 2612 4373 φοϐοῦμαι
2651 4304 2720 4358 ἐν
2755 4305 2943 4374 ἡμέρᾳ
2991 4304 3258 4373 πονηρᾷ;
3305 4304 3592 4360 Ἐντεῦθεν

2024 4397 2271 4466 ἄρχεται,
2300 4395 2397 4464 τῆς
2423 4394 2768 4457 διδασκαλίας
2795 4394 2864 4447 τὰ
2887 4393 3075 4465 πρῶτα
3096 4394 3170 4456 ώς
3192 4395 3246 4445 ἐν
3279 4393 3584 4466 προοιμίοις

355 4465 628 4556 expendit.
691 4482 914 4538 Orditur
948 4491 1126 4537 autem
1179 4498 1274 4552 per
1319 4483 1818 4554 interrogationem,
1860 4493 1918 4538 ut

2024 4465 2366 4558 διαλαλήσας.
2408 4487 2664 4556 Ἀρχεται
2691 4485 2747 4537 δὲ
2773 4487 2891 4537 κατ’
2919 4484 3202 4557 ἐρώτησιν,
3231 4485 3316 4536 ἵνα
3332 4485 3422 4540 καὶ
3450 4465 3585 4536 67:6-

358 4575 766 4647 responsionem
815 4573 1061 4642 accipiat.
1111 4571 1237 4627 Haec
1267 4582 1447 4629 autem
1497 4584 1580 4629 est
1615 4575 1916 4646 interroga-

355 4671 452 4724 tio.
496 4667 606 4724 Cur
641 4667 871 4721 timebo?
901 4681 1022 4719 nam
1057 4665 1123 4720 ad
1161 4681 1347 4720 vocem
1391 4667 1598 4731 timebo,
1637 4667 1917 4737 interpun-

355 4761 611 4828 gendum,
643 4766 702 4812 ut
727 4757 914 4812 isllttnc
953 4756 1022 4811 sit
1044 4757 1331 4813 sententia.
1362 4757 1419 4811 Si
1450 4758 1572 4827 quis
1596 4757 1913 4827 interrogat,

356 4852 565 4921 inquit,
599 4850 707 4906 Cur
738 4849 928 4904 timebo
958 4852 982 4904 2’
1015 4850 1202 4904 volens
1240 4866 1270 4904 a
1307 4866 1392 4905 me
1421 4866 1642 4905 causam
1675 4851 1918 4905 ediscere

353 4945 472 5014 ejus
501 4959 608 5013 qua
657 4957 896 5011 occupor
940 4940 1264 5008 aﬂlictionis,
1289 4957 1411 4996 cum
1449 4940 1644 4996 ﬁducia
1689 4942 1914 5010 audiat,

353 5051 478 5093 esse
507 5036 740 5104 aliquam
791 5034 932 5089 diem
985 5035 1210 5099 malam,
1244 5048 1408 5102 quam
1450 5048 1548 5102 ego
1596 5041 1742 5088 metu
1778 5017 1915 5104 'per-

356 5129 541 5184 culsus
571 5127 918 5182 exhorresce.
950 5124 1292 5180 Exhorreseo
1323 5132 1526 5188 autem,
1574 5126 1832 5193 quoniam
1862 5125 1916 5180 in

357 5220 446 5274 illa
473 5220 558 5274 die
594 5219 846 5290 iniquitas
897 5217 1131 5270 calcanei
1163 5217 1263 5270 mei
1321 5215 1665 5269 circumdabit
1717 5234 1815 5282 me,
1864 5217 1917 5271 id

355 5323 438 5366 est
493 5310 723 5366 deﬂexio
779 5326 810 5364 a
863 5309 1040 5362 divina
1081 5310 1187 5372 via,
1227 5324 1332 5377 qua
1389 5324 1483 5378 per
1535 5309 1761 5379 hujusce
1797 5311 1918 5365 vita:

356 5401 762 5457 distractionem
813 5411 866 5456 et
910 5398 1200 5466 fallaciam,
1251 5398 1489 5452 divinam
1520 5400 1690 5470 legem
1744 5411 1920 5455 trans-

358 5507 576 5559 gressus
613 5509 754 5546 sum.
790 5492 980 5547 lsthaec
1030 5490 1192 5561 igitur
1246 5491 1519 5560 impietas,
1574 5493 1769 5562 inquit,
1807 5494 1912 5548 cir—

357 5582 630 5637 cumdabit
652 5599 737 5638 me
758 5601 772 5649 ;
795 5583 950 5652 quasi
981 5583 1126 5638 dicat
1158 5599 1172 5637 :
1200 5583 1614 5640 Circumsistent
1654 5602 1738 5640 me
1780 5586 1918 5641 mala

481 5763 522 5796 "
561 5762 745 5817 Matth.
783 5780 896 5830 xm,
937 5767 1024 5822 51.

2026 4595 2204 4649 κρισιν
2252 4576 2424 4630 λάϐοι.
2481 4578 2546 4628 Ἠ
2583 4576 2638 4629 δέ
2668 4575 2932 4648 ἐρώτησίς
2964 4579 3107 4629 ἐστιν
3144 4575 3282 4646 αὕτη
3306 4593 3319 4606 ·
3361 4577 3494 4631 Ἵνα
3527 4578 3584 4628 τί

2025 4669 2315 4739 φοϐοῦμαι
2342 4685 2360 4732 ;
2387 4668 2546 4740 μέχρι
2585 4669 2692 4739 γὰρ
2719 4668 2811 4720 τοῦ
2843 4667 3131 4736 φοϐοῦμαι
3163 4667 3242 4719 δεῖ
3272 4666 3466 4731 στίξαι,
3497 4668 3584 4718 ἵνα

2023 4759 2055 4836 ᾗ
2087 4763 2118 4831 ἡ
2147 4761 2352 4814 διάνοια
2374 4760 2538 4830 αὓτη·
2579 4759 2646 4812 Εἴ
2673 4777 2755 4822 τις
2781 4760 2992 4831 ἐρωτᾷς
3019 4758 3199 4828 φησὶν,
3233 4757 3365 4811 "Ira
3390 4756 3447 4810 τί
3474 4774 3584 4825 φο-

2025 4851 2273 4921 ϐοῦμαι;
2313 4851 2410 4922 τὴν
2471 4850 2647 4902 αἰτίαν
2691 4849 2857 4902 θέλων
2907 4849 3106 4918 γνῶναι
3148 4849 3276 4919 παρ’
3308 4845 3439 4917 ἐμοῦ
3489 4847 3587 4917 τῆς

2027 4943 2356 5014 συνεχούσης
2385 4960 2452 5012 με
2491 4941 2748 5010 ἀγωνίας,
2784 4941 3024 4994 ἀκουέτω
3058 4940 3192 5011 μετιᾶ
3242 4938 3585 5010 παρρησίας,

2025 5037 2099 5099 ὡς
2132 5035 2278 5087 ἐστιν
2307 5034 2486 5105 ἡμέρα
2510 5034 2738 5104 πονηρὰ,
2766 5034 2831 5103 ἢν
2851 5032 3011 5094 αὐτὸς
3039 5033 3274 5101 φρίττων
3296 5029 3584 5100 φοϐοῦμαι.

2023 5128 2234 5199 Φρίττω
2277 5127 2355 5191 δὲ,
2404 5128 2484 5179 ὅτι
2519 5127 2575 5178 ἐν
2631 5125 2814 5197 ἐκείνῃ
2866 5126 2931 5194 τῇ
2963 5123 3142 5195 ἡμέρᾳ
3176 5125 3212 5190 ἡ
3237 5123 3451 5190 ἀνομία
3477 5121 3590 5188 τῆς

2025 5219 2282 5288 πτέρνης
2304 5237 2421 5289 μου
2449 5217 2744 5273 κυκλώσει
2759 5235 2853 5286 με,
2872 5215 3142 5269 τουτέστιν
3170 5217 3202 5286 ἠ
3233 5213 3590 5285 παρεκτροπὴ

2025 5313 2124 5383 τῆς
2157 5311 2302 5375 θείας
2326 5310 2468 5374 ὁδοῦ,
2501 5311 2565 5381 ἦν
2597 5308 2898 5379 πεποίημαι
2928 5308 3066 5361 κατὰ
3109 5308 3197 5360 τὸν
3251 5307 3384 5377 βίον,
3434 5323 3593 5373 περι-

2028 5404 2262 5474 σπασμῷ
2290 5403 2381 5455 καὶ
2413 5402 2596 5474 ἀπάτῃ
2633 5401 2723 5454 τὸν
2749 5400 2886 5453 θεῖον
2915 5397 3163 5468 παραϐὰς
3217 5399 3397 5467 νόμον.
3439 5394 3592 5465 Αὕτη

2025 5494 2117 5551 οῦν
2149 5499 2181 5568 ἡ
2207 5496 2426 5550 ἀσέϐεια
2458 5493 2724 5547 κυκλώσει
2761 5511 2849 5564 με,
2880 5492 3039 5562 φησίν
3058 5507 3070 5519 ⁸
3094 5491 3212 5543 ἀντὶ
3251 5488 3345 5541 τοῦ
3367 5530 3381 5552 ,
3420 5487 3590 5556 Περι-

2032 5587 2284 5660 στήσεταί
2317 5605 2382 5658 με
2421 5587 2488 5640 τὰ
2537 5586 2673 5656 ἔργα
2719 5585 2786 5639 τὰ
2817 5584 3027 5655 πονηρὰ
3080 5583 3114 5636 ἃ
3169 5581 3448 5652 πέπραχα,
3497 5596 3595 5633 κυ-
