3976 6220
241 326 371 382 ἳῖὕ

1417 317 1782 377 ΕΧΡοειτιο
1821 319 1887 374 IN
1928 319 2261 376 PSALMUM
2299 317 2526 376 XLVIII.

3343 355 3348 362 -
3395 317 3504 378 226

264 436 500 493 κλοῦντά
525 453 595 506 με
614 433 890 502 πανταχοῦ
911 433 1004 486 καὶ
1031 431 1441 502 πολιορκοῦντα,
1466 435 1559 488 καὶ
1581 437 1654 504 μὴ
1665 435 1838 488 ἐῶντά

1956 450 2103 505 )pera
2133 451 2253 505 quas
2287 435 2410 498 feci,
2446 450 2640 504 meque
2671 435 2908 504 undique
2943 433 3258 488 conclusum
3289 435 3504 489 obside-

269 546 339 600 με
361 528 458 598 τὴν
490 526 716 578 κόλασιν
745 527 1018 592 ἐκφυγεῖν.
1055 524 1303 594 Πονηράν
1348 525 1446 595 τὴν
1469 526 1568 595 τῆς
1609 525 1842 595 κρίσεως

267 602 484 690 ἡμέραν
517 618 685 687 φησιν
709 655 723 678 ,
773 616 866 668 ἇτε
919 615 982 685 δὴ
1018 616 1262 686 πονηρὰν
1309 619 1420 679 τοῖς
1464 617 1842 687 κολαζομένοις

274 712 640 780 ὑπάρχουσαν.
688 707 746 759 '0
769 707 824 759 δὲ
865 707 1178 768 Ἀπόστολος
1204 707 1296 758 καὶ
1324 708 1534 777 ἡμέραν
1553 707 1652 776 τῆς
1678 709 1844 777 ὀργῆς

270 803 444 871 αὐτὴν
471 800 748 863 ἐκάλεσεν,
785 797 1045 868 εἰρηκώς·
1082 798 1464 866 Θησαυρίζεις
1497 798 1728 863 σεαυτῷ
1751 799 1845 866 ὀρ-

267 892 392 962 γὴν
428 892 500 944 ὲν
527 891 716 960 ἡμέρα
738 888 937 958 ὀργῆς.

349 985 416 1035 Οὶ
439 983 786 1046 πεποιθότες
817 981 913 1033 ἐπὶ
934 978 1010 1048 τῇ
1035 979 1282 1050 δυνάμει
1315 981 1532 1035 αὐτῶν.
1573 983 1704 1034 Ἀπὸ
1733 999 1846 1036 κοι-

277 1074 371 1127 νοῦ
404 1075 485 1140 τὸ,
523 1073 811 1124 Ἀκούσατε
837 1071 1008 1126 ταῦτα
1037 1073 1086 1124 οί
1121 1074 1212 1124 ἐπὶ
1230 1073 1444 1142 πλούτῳ
1469 1074 1562 1126 καὶ
1601 1077 1666 1144 τῇ
1691 1074 1847 1127 δυνά-

280 1184 372 1236 μει
411 1165 760 1236 θαρροῦντες.
802 1163 932 1216 Τίνα
959 1163 1014 1216 δέ
1040 1165 1186 1216 ἐστιν
1216 1163 1252 1218 ἃ
1292 1165 1595 1234 ὀφείλουσιν
1633 1165 1847 1218 ἀκούειν

267 1257 312 1324 ἦ
343 1258 549 1317 ἐκεῖνα,
572 1253 647 1317 ὼς
674 1253 795 1307 οῦδὲ
820 1255 1014 1316 αὐτοὺς
1054 1255 1172 1306 κατ’
1207 1255 1420 1325 ἐκείνην
1455 1255 1554 1324 τὴν
1581 1255 1789 1326 ἡμέραν
1820 1257 1848 1305 ὁ

281 1343 515 1404 πλοῦτος
541 1344 752 1414 ὀνήσεις
801 1343 965 1395 Οὐδὲν
999 1343 1105 1413 γὰρ
1144 1342 1474 1415 λυτρώσεται
1525 1345 1721 1407 αὐτοὺς
1751 1345 1849 1412 τῆς

273 1434 734 1504 ἐπαχθησομένης
781 1434 962 1496 αὐτοῖς
1019 1433 1108 1485 διὰ
1161 1434 1258 1503 τῆς
1311 1435 1583 1504 ἁμαρτίας
1640 1437 1848 1506 ὀργῆςο

281 1527 475 1598 ῶσπερ
508 1522 600 1579 οὖν
627 1527 746 1579 οὐδὲ
761 1526 1008 1595 ἀδελφὸς,
1035 1527 1167 1596 φέρε
1193 1529 1385 1592 εἰπεῖν,
1427 1527 1698 1598 θεοφιλὴς,
1730 1527 1850 1579 οῦτε

281 1619 443 1683 ἄλλος
466 1637 549 1681 τις
583 1617 882 1690 ἀνθρώπων
912 1618 1081 1688 ἰσχύει
1113 1615 1489 1688 λυτρώσασθαι
1531 1620 1590 1670 ὲν
1631 1621 1694 1688 τῇ
1730 1619 1851 1670 τότε

280 1711 469 1782 ⁴ιμέρᾳ
496 1711 617 1764 τινά
638 1728 651 1740 ·
686 1712 779 1764 καὶ
799 1713 847 1764 εἰ
879 1712 907 1763 ὁ
934 1710 1158 1779 ἀδελφὸς
1187 1710 1285 1762 οὐκ
1318 1711 1509 1780 ἰσχύει,
1561 1711 1654 1764 καὶ
1683 1710 1853 1764 ταῦτα

283 1803 561 1874 θεοφιλὴς,
590 1801 766 1872 πολλῷ
801 1801 959 1856 πλέον
979 1803 1078 1854 οῦκ
1103 1801 1310 1872 ἰσχύσει
1345 1805 1374 1854 ὁ
1395 1801 1643 1864 πλοῦτος.

357 2004 382 2042 ι
415 1979 457 2025 0
485 1972 746 2040 αοεκφὸς
779 1975 851 2026 οὺ
884 1973 1203 2040 λυτροῦνται
1222 1989 1236 2003 ⁸
1256 1973 1480 2044 ἀδελφὸν
1515 1974 1737 2045 θεοφιλῆ
1764 1975 1854 2027 λέ-

283 2080 370 2132 γει
400 2065 494 2116 καὶ
518 2065 569 2115 τί
577 2062 744 2134 μιον.]

351 2155 465 2208 Kal
490 2155 605 2220 τὴν
628 2155 804 2224 τιμὴν
826 2153 936 2222 τῆς
955 2155 1307 2222 λυτρώσεως
1346 2154 1457 2223 τῆς
1501 2155 1710 2224 ψυχῆς
1751 2159 1856 2211 αὺ-

281 2249 414 2302 τοῦ.
455 2247 700 2311 Διδάξας,
733 2247 806 2310 ὡς
835 2247 981 2301 οὐδὲν
1010 2251 1038 2300 ὁ
1067 2247 1292 2312 πλοῦτος
1329 2250 1386 2302 ὲν
1409 2249 1593 2318 ἡμέρα
1623 2250 1858 2320 κρίσεως

286 2341 508 2407 ὠφελεῖ,
538 2340 776 2393 διδάσκει
805 2340 981 2393 καὶτὸ
1005 2339 1268 2408 ὠφελοῦν.
1319 2341 1384 2392 Τί
1428 2333 1483 2393 δὲ
1530 2339 1688 2394 τοῦτο
1716 2341 1748 2412 ἢ
1776 2342 1856 2394 -τὸ

287 2432 523 2500 έγκοπον
543 2435 637 2486 καὶ
667 2433 918 2486 ἐπίπονον
947 2432 1059 2502 βίον
1085 2433 1385 2504 κτήσασθαι
1411 2451 1426 2497 ;
1449 2429 1607 2487 Οῦτοι
1631 2434 1738 2506 γὰρ
1763 2435 1855 2487 καὶ

289 2524 387 2592 τῆς
437 2524 850 2594 ἐπηγγελμένης
897 2524 1038 2594 ζωῆς
1081 2524 1219 2577 κατὰ
1244 2525 1335 2577 τὸν
1381 2525 1638 2595 μέλλοντα
1687 2527 1857 2579 αἰῶνα

288 2612 705 2683 αξιωθήσονται.
744 2617 802 2668 '0
829 2616 1034 2668 κοπιῶν
1060 2616 1150 2668 διὰ
1178 2617 1278 2687 τῆς
1303 2617 1613 2687 πρακτικῆς
1636 2618 1856 2688 ζήσεται

287 2706 371 2766 εἰς
401 2706 554 2768 τέλος
599 2705 686 2758 διὰ
731 2708 828 2776 τῆς
877 2705 1147 2774 γνώσεως,
1205 2709 1299 2760 καὶ¹
1329 2707 1593 2760 παύσεται
1641 2711 1721 2772 εἰς
1767 2710 1857 2762 τὸν

295 2795 484 2859 αἰῶνα,
531 2798 627 2849 καὶ
673 2795 892 2867 ζήσεται
946 2801 1022 2862 εἰς
1054 2803 1219 2862 νῖκος.
1253 2799 1364 2852 Καὶ
1405 2801 1730 2854 ἐκοπίασεν
1771 2804 1858 2868 εὶς

287 2886 399 2938 τὸν
421 2885 626 2950 αἰῶνα,
655 2889 751 2942 καὶ
785 2883 1020 2954 ζήσεται
1048 2893 1132 2956 εἰς
1160 2890 1352 2956 τέλος.

366 2979 486 3029 οὐκ
515 2978 720 3044 ὄψεται
743 2981 1138 3048 καταφθορὰν,
1161 2977 1438 3048 ὅταν-’ἴδῃ
1468 2979 1696 3049 σοφοὺς
1713 2982 1859 3036 ἀπο-

286 3067 689 3136 θνήσκοντας.
717 3071 810 3134 Εἰς
839 3070 1088 3124 τοσοῦτον
1118 3071 1226 3143 γὰρ
1263 3071 1480 3144 μακρὰν
1507 3072 1716 3126 ἔσονται
1749 3073 1857 3125 τῶν

295 3159 525 3224 ἀσεὸῶν,
587 3162 664 3224 ὡς
717 3162 851 3234 μηδὲ
884 3161 1201 3233 πλησιάζειν
1259 3163 1437 3216 αὐτῶν
1470 3167 1534 3234 τῇ
1593 3164 1854 3235 ἀπωλείᾳ.

295 3252 446 3315 Τίνες
469 3253 527 3306 δὲ
561 3253 990 3326 ἀποθνήσκοντες
1024 3258 1176 3325 σοφοὶ
1221 3256 1253 3327 ἢ
1299 3257 1426 3327 περὶ
1454 3250 1528 3309 ῶν
1572 3257 1855 3310 λέλεκται·

306 3338 527 3393 Ἀπολῶ
557 3340 673 3408 τὴν
705 3345 929 3412 σοφίαν
958 3343 1072 3398 τῶν
1097 3345 1304 3412 σοφῶν
1339 3347 1436 3399 καὶ
1465 3345 1580 3414 τὴν
1604 3349 1861 3402 σύνεσιν

295 3427 409 3482 τῶν
434 3431 710 3486 συνετῶν
732 3434 1038 3498 adstricto;
1092 3437 1339 3490 Παιδεύει
1373 3438 1481 3508 γὰρ
1513 3439 1600 3492 διὰ
1643 3440 1861 3495 πάντων

297 3523 328 3592 ἡ
353 3523 604 3594 παροῦσα
634 3525 844 3596 Γραφὴ,
874 3527 946 3591 ὡς
976 3528 1117 3581 κατὰ
1144 3529 1244 3600 τὴν
1268 3530 1476 3600 ἡμέραν
1498 3531 1598 3601 τῆς
1627 3532 1862 3603 κρίσεως

295 3614 414 3667 οῦτε
445 3615 701 3679 πλούσιος
731 3618 920 3670 ἑαυτὸν
970 3619 1176 3690 ῥύεται,
1228 3619 1352 3674 οὔτε
1401 3625 1429 3674 ὁ
1475 3625 1862 3693 νενομισμένος

299 3710 476 3776 σοφός.
510 3710 685 3772 Μόνος
712 3710 768 3762 δὲ
797 3713 1001 3774 ἐκεῖνος
1031 3713 1274 3777 τεύξεται
1322 3715 1418 3784 τῆς
1459 3716 1677 3768 αἰωνίου
1717 3714 1861 3786 ζωῆς

297 3800 324 3850 ὁ
371 3801 426 3850 ἐν
479 3799 557 3868 τῷ
591 3801 816 3871 παρόντι
867 3801 964 3872 βίῳ
1013 3803 1341 3874 κατατήξας.
1404 3803 1534 3857 Ἐπὶ
1588 3803 1654 3856 τὸ
1714 3805 1858 3856 αὐτὸ

291 3889 498 3958 ἄφρων
528 3893 625 3945 καὶ
664 3891 850 3958 ἄνους
877 3895 1262 3950 ἀπολοῦνται.
1304 3895 1468 3966 Ὁμοῦ
1499 3896 1672 3964 σοφοὶ,
1705 3896 1858 3965 φησί,

300 3984 390 4034 καὶ
421 3985 652 4052 ἄφρονες
679 3984 922 4056 ἀπωλείᾳ
969 3987 1430 4058 παραδοθήσονται
1454 4003 1466 4016 ⁸
1519 3987 1578 4038 οὐ
1627 3986 1862 4056 διενηνό-

298 4091 450 4142 χασιν
489 4075 600 4145 γὰρ
622 4075 862 4146 ἀλλήλων
892 4077 1062 4141 οὐδὲν,
1099 4078 1296 4148 ὁμοίως
1328 4077 1858 4148 εἰδωλολατροῦντες.

299 4167 403 4220 Καὶ
432 4169 909 4235 καταλείψουσιν
933 4170 1270 4236 ἀλλοτρίοις
1291 4170 1395 4222 τὸν
1436 4170 1703 4222 πλοῦτον
1751 4172 1860 4223 αὺ-

300 4257 432 4313 τῶν.
468 4259 545 4312 Οὐ
573 4259 679 4330 γὰρ
702 4260 968 4332 ¹ἤθέλησαν
1001 4261 1163 4313 αὐτὸν
1189 4264 1382 4315 οἰκεῖον
1417 4261 1742 4332 ποιήσασθαι
1775 4261 1863 4316 διὰ

299 4349 391 4418 τῆς
421 4352 502 4412 εἰς
532 4353 660 4414 τοὺς
681 4351 964 4421 δεομένους
995 4353 1333 4424 εὐεργεσίας.

1943 529 2100 593 bunt,
2134 543 2234 582 nec
2286 528 2465 582 sinent
2501 543 2588 582 me
2629 527 2952 596 supplicium
3001 525 3258 596 eﬂ'ugere.
3309 525 3504 580 Malam

1942 634 2069 673 vero
2092 619 2283 687 judicii
2315 619 2457 672 diem
2491 617 2742 688 appellat,
2782 627 2841 672 ut
2881 633 3004 686 qua:
3052 617 3322 687 supplicio
3371 615 3505 672 οπε-

1943 711 2047 764 ctis
2073 710 2189 764 dira
2224 718 2278 765 et
2303 711 2483 780 gravis
2511 710 2691 765 futura
2728 710 2818 766 sit.
2849 710 3146 779 Apostolus
3173 719 3355 763 autem
3383 724 3504 763 eam

1945 802 2039 855 iras
2081 802 2224 856 diem
2270 802 2506 866 vocavit,
2552 818 2674 858 cum
2711 803 2846 857 dixit
2879 803 2922 833 ³⁹
2959 821 2970 855 :
3008 801 3358 855 Thesaurizas
3412 800 3508 853 tibi

1945 893 2080 944 iram
2106 893 2160 944 in
2192 893 2274 946 die
2308 894 2422 947 iraa.

2018 983 2067 1035 7.
2125 982 2230 1047 Qui
2263 985 2530 1052 conﬁdunt
2569 985 2623 1036 in
2672 984 2858 1036 virtute
2889 998 3006 1036 sua.
3059 981 3225 1048 Quasi
3276 983 3329 1034 in
3359 995 3510 1035 com-

1946 1088 2110 1128 mune
2146 1076 2222 1126 ait
2251 1074 2381 1128 illud
2409 1075 2640 1127 :Audite
2680 1073 2792 1127 haec
2823 1087 3012 1126 omnes
3050 1072 3143 1141 qui
3209 1072 3265 1124 in
3305 1071 3510 1125 divitiis

1947 1175 2001 1220 et
2044 1165 2099 1219 in
2147 1166 2344 1220 virtute
2395 1165 2686 1220 confiditis.
2741 1163 2999 1230 Qua-nam
3059 1173 3239 1217 autem
3290 1165 3513 1216 audiant

1947 1263 2179 1323 oportet,
2220 1255 2323 1309 nisi
2363 1256 2475 1322 illa,
2509 1256 2654 1325 quod
2687 1256 2894 1310 scilicet
2927 1256 3060 1308 nihil
3108 1255 3216 1309 illis
3260 1256 3512 1309 utilitatis

1950 1347 2006 1401 in
2033 1347 2123 1400 illa
2162 1347 2249 1400 die
2273 1346 2473 1399 divitire
2500 1347 2608 1400 sint
2641 1347 2928 1400 allaturae?
2963 1343 3152 1415 Neque
3183 1347 3332 1401 enim
3365 1347 3513 1400 redi-

1951 1445 2062 1491 met
2083 1451 2179 1491 eos
2212 1437 2281 1490 ab
2313 1437 2388 1490 ira
2424 1447 2478 1491 et
2508 1435 2746 1491 vindicta
2781 1438 2851 1492 ob
2878 1447 3162 1507 peccatum
3209 1439 3342 1506 ipsis
3371 1435 3515 1491 inﬂi-

1950 1529 2143 1598 genda.
2190 1528 2378 1597 Itaque
2437 1542 2504 1581 ne
2560 1526 2728 1582 frater
2781 1529 3020 1596 quidem,
3080 1539 3140 1584 ut
3188 1530 3259 1583 ita
3310 1529 3512 1594 dicam,

1951 1617 2167 1672 etiamsi
2197 1617 2486 1687 religiosus
2511 1617 2603 1681 sit,
2645 1633 2820 1687 neque
2851 1619 2992 1673 alius
3021 1620 3288 1688 quispiam
3335 1620 3512 1674 homi-

1954 1727 2084 1765 num
2119 1711 2172 1763 in
2199 1709 2287 1763 illa
2322 1710 2407 1763 die
2436 1724 2766 1778 quemquam
2808 1711 3005 1778 poterit
3034 1711 3318 1764 redimere.
3357 1707 3513 1774 Quod

1883 1779 1926 1834 Β
1955 1802 2000 1855 si
2036 1817 2101 1854 ne
2142 1797 2311 1853 frater
2340 1798 2557 1868 quidem
2601 1797 2790 1865 possit,
2841 1798 2942 1852 etsi
2987 1798 3292 1868 religiosus,
3343 1799 3516 1851 multo

1954 1892 2136 1946 minus
2167 1897 2419 1957 poterunt
2449 1888 2670 1941 divitiae.

1953 1989 1988 2045 ξ
2039 1979 2274 2051 [Frater
2309 1995 2410 2031 non
2447 1979 2676 2042 redimit,
2717 1975 2936 2032 fratrem
2971 1977 3281 2047 religiosum
3321 1989 3372 2031 ct
3412 1978 3514 2030 lio—

1954 2075 2252 2127 norabilem
2281 2075 2452 2126 virum
2485 2072 2633 2126 dicit.
2667 2070 2687 2142 ]

2025 2166 2080 2219 9.
2141 2164 2209 2216 Et
2257 2165 2480 2233 pretium
2515 2163 2884 2231 redemptionis
2935 2165 3129 2218 anima:
3185 2179 3314 2216 suae.
3359 2161 3519 2217 Post-

1952 2273 2117 2327 quam
2141 2258 2329 2311 docuit
2352 2257 2484 2310 nihil
2518 2255 2834 2326 profuturas
2858 2257 3074 2310 divitias
3107 2256 3160 2309 in
3188 2257 3274 2309 die
3306 2255 3518 2324 judicii,

1955 2353 2112 2405 docet.
2143 2350 2273 2419 quid
2315 2349 2662 2419 profuturum
2706 2351 2796 2404 sit.
2829 2348 2969 2414 Quid
3006 2359 3185 2402 autem
3225 2348 3379 2410 illud,
3412 2349 3516 2402 nisi

1958 2444 2124 2496 vitam
2172 2441 2452 2495 laboribus
2503 2441 2715 2509 plenam
2766 2439 3009 2494 ducere?
3055 2438 3144 2492 lsti
3188 2438 3332 2492 enim
3395 2453 3521 2506 pro-

1957 2534 2124 2588 missa
2154 2533 2262 2586 vita
2291 2534 2343 2585 in
2396 2531 2582 2584 futuro
2613 2530 2810 2584 saeculo
2843 2528 3230 2598 dignabuntur.
3273 2526 3377 2593 Qui
3421 2541 3519 2594 per

1957 2627 2198 2681 actiones
2241 2624 2472 2687 laborat,
2509 2623 2650 2675 vivet
2688 2636 2860 2690 usque
2906 2621 2959 2674 in
2991 2621 3150 2674 linem
3191 2634 3286 2688 per
3331 2617 3520 2686 cogni-

1958 2718 2188 2780 tionem,
2219 2717 2524 2786 requiescct
2551 2715 2604 2768 in
2633 2713 2914 2778 saeculum,
2943 2714 3088 2766 vivet
3117 2712 3182 2765 ad
3213 2711 3514 2764 victoriam.

1961 2809 2028 2864 Et
2064 2809 2324 2864 laboravit
2355 2809 2406 2860 in
2434 2821 2712 2870 mentum,
2744 2813 2792 2859 et
2827 2807 2955 2859 vivet
2991 2803 3162 2856 adhuc
3187 2805 3239 2856 in
3270 2804 3445 2872 finem.

2029 3005 2117 3059 10.
2177 3001 2301 3056 Νοη
2332 3000 2520 3056 videbit
2562 3001 2833 3053 interitum
2875 3013 2992 3051 cum
3034 2997 3220 3049 viderit
3261 2996 3518 3064 sapientes

1885 3111 1926 3168 α
1961 3096 2257 3149 morientes.
2288 3092 2362 3147 Ita
2393 3093 2554 3161 longo
2573 3091 2642 3144 ab
2665 3089 2847 3160 impiis
2878 3088 3161 3142 intervallo
3187 3088 3518 3156 separabun-

1963 3193 2068 3248 tur,
2092 3192 2352 3236 uteorum
2369 3179 2654 3251 perditioni
2680 3194 2747 3233 ne
2769 3178 3052 3232 minimum
3081 3176 3298 3246 quidem
3324 3191 3521 3244 appro-

1961 3277 2242 3346 pinquent.
2273 3274 2376 3338 Qui
2411 3281 2538 3328 sunt
2567 3280 2746 3326 autem
2786 3271 2862 3325 illi
2901 3271 3172 3339 sapientes
3202 3270 3518 3330 morientes,

1961 3370 2067 3424 nisi
2094 3369 2130 3422 ii
2155 3367 2221 3421 de
2254 3367 2453 3436 quibus
2481 3365 2683 3420 dictum
2715 3362 2758 3394 ⁸ο
2793 3382 2806 3416 :
2836 3361 3066 3416 Perdam
3101 3361 3413 3430 sapientiam
3434 3376 3522 3412 sn-

1959 3461 2234 3532 pientium,
2262 3467 2311 3511 et
2349 3457 2750 3526 intelligentiam
2791 3453 3185 3523 intelligentiam
3214 3451 3517 3519 despiciam.

1965 3555 2131 3608 Docet
2168 3553 2314 3606 enim
2348 3549 2550 3618 ubique
2583 3561 2820 3618 praesens
2855 3545 3156 3614 Scriptura,
3183 3543 3327 3612 quod
3355 3543 3407 3596 in
3434 3541 3526 3594 die

1957 3647 2171 3717 judicii,
2206 3659 2380 3714 neque
2411 3643 2563 3697 dives
2609 3641 2846 3710 seipsum
2885 3637 3271 3706 redempturus
3304 3635 3393 3699 sit,
3429 3649 3524 3688 ne--

1961 3755 2068 3808 que
2094 3738 2271 3807 quivis
2298 3735 2516 3804 sapiens
2547 3734 2912 3788 existimatus.
2939 3728 3118 3782 Vitam
3153 3739 3332 3782 autem
3366 3737 3523 3780 aeter-

1961 3847 2086 3886 nam
2117 3832 2162 3884 is
2192 3830 2341 3884 solus
2371 3837 2733 3892 consequetur
2761 3824 2856 3892 qui
2890 3823 2944 3875 in
2977 3822 3080 3874 hac
3117 3820 3224 3873 vita
3253 3833 3310 3873 se
3343 3831 3525 3870 mace-

1961 3921 2182 3976 raverit.
2217 3917 2389 3972 Simul
2431 3916 2682 3984 insipiens
2724 3922 2774 3966 et
2819 3912 3011 3964 stultus
3059 3907 3350 3977 peribunt:
3378 3904 3519 3967 Una,

1962 4013 2160 4082 inquit,
2190 4011 2460 4079 sapientes
2489 4017 2542 4060 et
2571 4006 2720 4059 stulti
2753 4002 3012 4072 perniciei
3043 3999 3323 4054 tradentur
3356 4016 3370 4050 :
3410 4010 3522 4049 non

1961 4106 2217 4160 diﬂ'erunt
2263 4103 2407 4157 enim
2464 4107 2695 4159 mutuo,
2750 4095 2913 4149 simili
2970 4091 3289 4146 idololatria:
3337 4087 3521 4159 generi

1961 4195 2151 4251 dediti.
2207 4192 2276 4245 Et
2313 4193 2600 4260 relinquent
2643 4189 2827 4242 alienis
2876 4186 3089 4239 divitias
3142 4199 3286 4235 suas.
3335 4178 3524 4249 Neque

1962 4287 2107 4341 enim
2151 4285 2272 4340 illas
2300 4283 2402 4338 sibi
2435 4282 2682 4351 proprias
2725 4288 2779 4333 et
2820 4279 3007 4332 ﬁrmas
3044 4275 3377 4331 constituere
3427 4285 3524 4326 vo-

1963 4379 2206 4438 luerunt,
2238 4374 2511 4429 beneliciis
2535 4387 2661 4440 erga
2689 4385 2908 4441 egenos.

370 4441 474 4494 Kal
502 4444 556 4494 οἱ
588 4440 760 4509 τάφοι
783 4439 978 4494 αὐτῶν
1004 4443 1181 4494 οἰκίαι
1207 4441 1404 4494 αὐτῶν
1428 4444 1514 4508 εἰς
1539 4442 1644 4495 τὸν
1658 4441 1856 4497 αἰῶνα.

2037 4469 2121 4521 12.
2182 4465 2252 4518 Ει
2290 4464 2531 4532 sepulcra
2577 4439 2756 4515 eorum
2808 4459 2992 4512 domus
3029 4456 3243 4511 illorum
3278 4457 3332 4507 in
3371 4465 3520 4508 teter-

305 4531 394 4583 Διὰ
415 4532 526 4584 τῶν
551 4531 736 4600 τάφων
755 4532 852 4602 τὴν
889 4532 1182 4602 νεκρότητα
1219 4533 1470 4602 σημαίνει
1514 4533 1580 4603 ἢν
1615 4535 1864 4587 ἐνέδυσαν

302 4620 396 4691 τὴν
419 4621 599 4691 ψυχὴν
622 4621 818 4688 αὐτῶν,
859 4622 1007 4675 οὐδὲν
1030 4622 1187 4693 ὀρθὸν
1222 4623 1341 4675 οὐδὲ
1381 4623 1534 4686 εὑθὲς
1566 4626 1865 4695 φρονήσαν-

299 4729 384 4776 τες
416 4715 544 4784 περὶ
577 4713 734 4765 Θεοῦ.
763 4713 1126 4782 Σκηνώματα
1166 4712 1365 4766 αὐτῶν
1403 4717 1490 4780 εἰς
1526 4714 1738 4783 γενεὰν
1767 4716 1863 4768 καὶ

301 4805 529 4873 γενεάν.
563 4806 631 4858 Αἰ
657 4806 874 4874 σκηναὶ,
910 4806 1093 4876 φησὶν,
1121 4806 1178 4856 ὲν
1209 4801 1296 4868 αἷς
1333 4805 1530 4869 ζῶντες
1563 4803 1738 4875 ᾤκουν
1771 4807 1862 4875 ἀφ’

299 4899 494 4970 ἑτέρων
521 4901 600 4962 είς
651 4899 868 4968 ἑτέρους
893 4897 1079 4966 ἥξουσι
1111 4901 1248 4951 κατὰ
1279 4899 1469 4965 γενεάς
1491 4915 1504 4928 ·
1552 4897 1708 4951 τοῦτο
1755 4899 1864 4970 γὰρ

301 4993 388 5043 καὶ
423 4992 680 5062 ἀνωτέρω
703 4992 952 5060 εἴρηκεν,
981 4992 1062 5042 ὃτι
1088 4991 1560 5057 καταλείψουσιν
1585 4991 1862 5059 ἀλλοτρί-

301 5101 385 5150 οις
410 5083 517 5136 τὸν
541 5082 811 5135 πλοῦτον
841 5080 1055 5136 αὐτῶν.
1102 5080 1574 5135 Ἐπεκαλέσαντο
1607 5082 1679 5136 τὰ
1728 5084 1862 5137 ὀνό-

297 5193 446 5243 ματα
489 5174 689 5229 αὐτῶν
735 5175 834 5227 ἐπὶ
889 5172 1006 5226 τῶν
1045 5171 1244 5241 γαιῶν.
1293 5173 1442 5235 Δέον,
1473 5174 1628 5244 φησὶ,
1657 5175 1744 5228 διὰ
1775 5176 1864 5227 πί-

305 5284 464 5331 στεως
499 5269 592 5321 καὶ
623 5265 897 5328 πολιτείας
921 5265 1177 5336 λαμπρᾶς
1207 5265 1624 5336 παρασκευάσαι
1657 5267 1864 5337 γραφῆ-

302 5373 382 5410 ναι
405 5358 581 5411 αὐτῶν
607 5359 676 5412 τὰ
696 5356 935 5426 ὀνόματα
964 5357 1022 5407 ὲν
1049 5358 1157 5418 τοῖς
1182 5357 1426 5425 οὐρανοῖς
1451 5372 1462 5383 ·
1495 5356 1543 5406 οἱ
1567 5354 1622 5406 δὲ
1647 5355 1739 5408 ἐπὶ
1764 5355 1862 5425 τῆς

303 5449 397 5518 τῆς
426 5449 562 5503 αὐτὰ
591 5449 996 5502 ἐπεκαλέσαντο
1028 5445 1348 5516 ἐπωνύμους
1374 5447 1557 5509 αὐτοῖς
1587 5445 1859 5510 κτίζοντες

305 5540 492 5605 πόλεις.

403 5735 444 5768 ³⁸
500 5737 646 5797 Rom.
674 5757 740 5806 ιι,
767 5739 823 5794 5.
895 5737 940 5769 ⁸ο
975 5737 1078 5788 lsa.
1113 5749 1260 5801 xxix,
1321 5733 1414 5800 l4;
1443 5731 1461 5784 I
1491 5733 1616 5788 Cor.
1646 5749 1695 5796 ι,
1730 5732 1812 5785 ι9.

1965 4576 2110 4613 num.
2144 4557 2245 4612 Per
2282 4557 2530 4626 sepulcra
2566 4553 2948 4606 mortalitatem
2992 4548 3262 4618 signiﬁcat
3293 4561 3400 4616 qua
3435 4545 3521 4598 in-

1965 4653 2200 4706 duerunt
2230 4651 2467 4704 animam
2499 4661 2678 4711 suam,
2714 4644 2847 4697 nihil
2871 4642 3122 4712 probum,
3143 4639 3279 4692 nihil
3310 4646 3519 4692 rectum

1964 4743 2147 4796 animo
2191 4747 2470 4794 versantes
2515 4737 2656 4791 circa
2703 4733 2891 4788 Deum.
2945 4731 3303 4785 Tabernacula
3342 4745 3520 4782 eorum

1964 4837 2018 4887 in
2051 4833 2292 4903 progenie
2338 4840 2387 4885 et
2436 4830 2696 4900 progenie.
2753 4823 3148 4886 Taberuacula,
3213 4823 3268 4875 in
3323 4823 3525 4890 quibus

1962 4927 2091 4980 dum
2128 4926 2292 4978 vitam
2321 4933 2544 4993 agerent
2593 4920 2934 4979 habitabant,
2988 4917 3056 4969 ab
3112 4915 3235 4969 aliis
3275 4915 3340 4967 ad
3385 4913 3523 4968 alios

1963 5020 2362 5084 consequenter
2395 5027 2490 5082 per
2535 5011 2912 5080 generationes
2963 5009 3145 5061 varias
3191 5005 3518 5060 devenient:

1965 5107 2094 5160 illud
2147 5105 2293 5160 enim
2349 5102 2604 5173 superius
2655 5115 2875 5169 quoque
2929 5100 3176 5163 dixerat,
3230 5097 3517 5163 relinquerat

1964 5201 2150 5253 alienis
2209 5199 2422 5251 divitias
2473 5212 2617 5249 suae.
2671 5193 2992 5246 Vocarernnt
3045 5192 3255 5244 nomina
3310 5203 3408 5239 sua
3466 5186 3523 5237 in

1963 5291 2138 5345 terris.
2169 5288 2271 5341 Par
2297 5297 2434 5351 erat,
2463 5287 2559 5351 ait,
2590 5295 2650 5340 ut
2682 5301 2776 5354 per
2801 5284 2960 5338 [idem
2989 5292 3044 5337 et
3085 5279 3398 5350 praeclaram
3434 5278 3520 5330 in-

1963 5385 2298 5440 stitutionem
2334 5382 2386 5434 id
2435 5381 2729 5441 efﬁcerent,
2783 5389 2842 5432 ut
2899 5378 3138 5445 ipsorum
3198 5370 3419 5424 nomina
3467 5371 3521 5423 in

1961 5478 2114 5531 caelis
2157 5475 2632 5537 describerentur;
2667 5471 2744 5524 illi
2793 5479 2974 5522 autem
3007 5467 3060 5518 in
3091 5462 3252 5517 terris
3290 5477 3520 5518 vocave-

1962 5575 2109 5634 runt,
2137 5581 2260 5622 cum
2289 5563 2641 5634 cognomines
2667 5561 2771 5616 sibi
2805 5559 2967 5614 urbes
2994 5560 3395 5611 construerent.
