  <div class='ocr_page' id='page_1' title='image "/cluster/home/n/w/nwhite01/storage/ocr_20150623/27/mdp.39015007065769/133.png"; bbox 0 0 3976 6220; ppageno 0'>
   <div class='ocr_carea' id='block_1_1' title="bbox 363 274 3597 343">
    <p class='ocr_par' dir='ltr' id='par_1_1' title="bbox 363 274 3597 343">
     <span class='ocr_line' id='line_1_1' title="bbox 363 274 3597 343; baseline -0.002 -1"><span class='ocrx_word' id='word_1_1' title='bbox 363 286 479 342; x_wconf 53' lang='lat'><strong>397</strong></span> <span class='ocrx_word' id='word_1_2' title='bbox 1177 286 1233 340; x_wconf 80' lang='lat' dir='ltr'><strong>S.</strong></span> <span class='ocrx_word' id='word_1_3' title='bbox 1278 285 1646 341; x_wconf 76' lang='lat' dir='ltr'><strong>ATHANASII</strong></span> <span class='ocrx_word' id='word_1_4' title='bbox 1687 287 1839 343; x_wconf 85' lang='lat' dir='ltr'><strong>OPP.</strong></span> <span class='ocrx_word' id='word_1_5' title='bbox 1879 280 2061 343; x_wconf 69' lang='lat' dir='ltr'><strong>PARS</strong></span> <span class='ocrx_word' id='word_1_6' title='bbox 2094 280 2185 341; x_wconf 75' lang='lat' dir='ltr'><strong>Ill.</strong></span> <span class='ocrx_word' id='word_1_7' title='bbox 2228 310 2295 326; x_wconf 79' lang='lat'><strong>-—</strong></span> <span class='ocrx_word' id='word_1_8' title='bbox 2334 278 2746 341; x_wconf 63' lang='lat' dir='ltr'><strong>EXEGETI‘CA.</strong></span> <span class='ocrx_word' id='word_1_9' title='bbox 3487 274 3597 337; x_wconf 65' lang='lat'><strong>238</strong></span> 
     </span>
    </p>
   </div>
   <div class='ocr_carea' id='block_1_2' title="bbox 446 392 1922 470">
    <p class='ocr_par' dir='ltr' id='par_1_2' title="bbox 446 400 1922 457">
     <span class='ocr_line' id='line_1_2' title="bbox 446 400 1922 457; baseline 0.001 -2"><span class='ocrx_word' id='word_1_10' title='bbox 446 402 530 457; x_wconf 76' lang='grc'><strong>15.</strong></span> <span class='ocrx_word' id='word_1_11' title='bbox 597 401 663 455; x_wconf 85' lang='lat' dir='ltr'><strong>Et</strong></span> <span class='ocrx_word' id='word_1_12' title='bbox 697 402 847 454; x_wconf 82' lang='lat' dir='ltr'><strong>homo</strong></span> <span class='ocrx_word' id='word_1_13' title='bbox 877 417 993 454; x_wconf 86' lang='lat' dir='ltr'><strong>cum</strong></span> <span class='ocrx_word' id='word_1_14' title='bbox 1014 405 1066 455; x_wconf 84' lang='lat' dir='ltr'><strong>in</strong></span> <span class='ocrx_word' id='word_1_15' title='bbox 1100 400 1295 454; x_wconf 79' lang='lat' dir='ltr'><strong>honore</strong></span> <span class='ocrx_word' id='word_1_16' title='bbox 1330 411 1461 454; x_wconf 81' lang='lat' dir='ltr'><strong>esset</strong></span> <span class='ocrx_word' id='word_1_17' title='bbox 1491 417 1595 454; x_wconf 84' lang='lat' dir='ltr'><strong>non</strong></span> <span class='ocrx_word' id='word_1_18' title='bbox 1642 402 1922 457; x_wconf 73' lang='lat' dir='ltr'><strong>intellexit.</strong></span> 
     </span>
    </p>
   </div>
   <div class='ocr_carea' id='block_1_3' title="bbox 2032 392 3601 470">
    <p class='ocr_par' dir='ltr' id='par_1_3' title="bbox 2098 392 3601 470">
     <span class='ocr_line' id='line_1_3' title="bbox 2098 392 3601 470; baseline -0.004 -14"><span class='ocrx_word' id='word_1_19' title='bbox 2098 402 2209 456; x_wconf 81' lang='lat' dir='ltr'><strong>Kal</strong></span> <span class='ocrx_word' id='word_1_20' title='bbox 2242 402 2551 470; x_wconf 77' lang='grc' dir='ltr'>ἄνθρωπος</span> <span class='ocrx_word' id='word_1_21' title='bbox 2572 401 2644 455; x_wconf 79' lang='grc' dir='ltr'><strong>ἐν</strong></span> <span class='ocrx_word' id='word_1_22' title='bbox 2671 400 2807 470; x_wconf 79' lang='grc' dir='ltr'>τιμῇ</span> <span class='ocrx_word' id='word_1_23' title='bbox 2827 399 2911 452; x_wconf 77' lang='grc' dir='ltr'><strong>ὢν</strong></span> <span class='ocrx_word' id='word_1_24' title='bbox 2935 395 3007 454; x_wconf 76' lang='grc' dir='ltr'>οὗ</span> <span class='ocrx_word' id='word_1_25' title='bbox 3037 393 3292 467; x_wconf 69' lang='grc' dir='ltr'>συνῆκε.</span> <span class='ocrx_word' id='word_1_26' title='bbox 3324 392 3397 453; x_wconf 81' lang='grc' dir='ltr'><strong>Τὸ</strong></span> <span class='ocrx_word' id='word_1_27' title='bbox 3429 401 3601 454; x_wconf 75' lang='grc' dir='ltr'>αἴτιον</span> 
     </span>
    </p>
   </div>
   <div class='ocr_carea' id='block_1_4' title="bbox 370 490 1934 563">
    <p class='ocr_par' dir='ltr' id='par_1_4' title="bbox 370 490 1934 563">
     <span class='ocr_line' id='line_1_4' title="bbox 370 490 1934 563; baseline 0 -15"><span class='ocrx_word' id='word_1_28' title='bbox 370 495 506 561; x_wconf 74' lang='lat' dir='ltr'><strong>Qua:</strong></span> <span class='ocrx_word' id='word_1_29' title='bbox 539 509 704 549; x_wconf 79' lang='lat' dir='ltr'><strong>causa</strong></span> <span class='ocrx_word' id='word_1_30' title='bbox 731 490 895 548; x_wconf 80' lang='lat' dir='ltr'><strong>fuerit</strong></span> <span class='ocrx_word' id='word_1_31' title='bbox 928 492 1075 563; x_wconf 88' lang='lat' dir='ltr'><strong>quod</strong></span> <span class='ocrx_word' id='word_1_32' title='bbox 1104 492 1205 562; x_wconf 86' lang='lat' dir='ltr'><strong>ipsi</strong></span> <span class='ocrx_word' id='word_1_33' title='bbox 1243 507 1310 546; x_wconf 93' lang='lat' dir='ltr'><strong>eo</strong></span> <span class='ocrx_word' id='word_1_34' title='bbox 1338 492 1473 561; x_wconf 83' lang='lat' dir='ltr'><strong>lapsi</strong></span> <span class='ocrx_word' id='word_1_35' title='bbox 1504 493 1615 547; x_wconf 69' lang='lat' dir='ltr'><strong>sint</strong></span> <span class='ocrx_word' id='word_1_36' title='bbox 1645 503 1702 547; x_wconf 92' lang='lat' dir='ltr'><strong>ut</strong></span> <span class='ocrx_word' id='word_1_37' title='bbox 1736 494 1844 548; x_wconf 89' lang='lat' dir='ltr'><strong>alte</strong></span> <span class='ocrx_word' id='word_1_38' title='bbox 1867 494 1934 548; x_wconf 90' lang='lat' dir='ltr'><strong>de</strong></span> 
     </span>
    </p>
   </div>
   <div class='ocr_carea' id='block_1_5' title="bbox 368 584 1934 649">
    <p class='ocr_par' dir='ltr' id='par_1_5' title="bbox 368 584 1934 649">
     <span class='ocr_line' id='line_1_5' title="bbox 368 584 1934 649; baseline -0.004 -6"><span class='ocrx_word' id='word_1_39' title='bbox 368 605 432 643; x_wconf 85' lang='lat' dir='ltr'><strong>se</strong></span> <span class='ocrx_word' id='word_1_40' title='bbox 456 587 740 649; x_wconf 86' lang='lat' dir='ltr'><strong>sentirent,</strong></span> <span class='ocrx_word' id='word_1_41' title='bbox 775 586 1022 641; x_wconf 90' lang='lat' dir='ltr'><strong>enuntiat</strong></span> <span class='ocrx_word' id='word_1_42' title='bbox 1058 584 1170 649; x_wconf 90' lang='lat' dir='ltr'><strong>ille,</strong></span> <span class='ocrx_word' id='word_1_43' title='bbox 1211 584 1465 639; x_wconf 74' lang='lat' dir='ltr'><strong>videlicet</strong></span> <span class='ocrx_word' id='word_1_44' title='bbox 1502 585 1686 639; x_wconf 89' lang='lat' dir='ltr'><strong>carnis</strong></span> <span class='ocrx_word' id='word_1_45' title='bbox 1730 599 1934 640; x_wconf 84' lang='lat' dir='ltr'><strong>concu-</strong></span> 
     </span>
    </p>
   </div>
   <div class='ocr_carea' id='block_1_6' title="bbox 371 676 1930 752">
    <p class='ocr_par' dir='ltr' id='par_1_6' title="bbox 371 676 1930 752">
     <span class='ocr_line' id='line_1_6' title="bbox 371 676 1930 752; baseline -0.003 -17"><span class='ocrx_word' id='word_1_46' title='bbox 371 679 666 752; x_wconf 67' lang='lat' dir='ltr'><strong>piscentiae.</strong></span> <span class='ocrx_word' id='word_1_47' title='bbox 703 677 816 733; x_wconf 90' lang='lat' dir='ltr'><strong>lloc</strong></span> <span class='ocrx_word' id='word_1_48' title='bbox 845 687 1024 732; x_wconf 89' lang='lat' dir='ltr'><strong>autem</strong></span> <span class='ocrx_word' id='word_1_49' title='bbox 1059 685 1145 731; x_wconf 90' lang='lat' dir='ltr'><strong>est</strong></span> <span class='ocrx_word' id='word_1_50' title='bbox 1187 676 1447 730; x_wconf 86' lang='lat' dir='ltr'><strong>honorem</strong></span> <span class='ocrx_word' id='word_1_51' title='bbox 1496 676 1780 745; x_wconf 85' lang='lat' dir='ltr'><strong>proprium</strong></span> <span class='ocrx_word' id='word_1_52' title='bbox 1824 692 1930 730; x_wconf 85' lang='lat' dir='ltr'><strong>non</strong></span> 
     </span>
    </p>
   </div>
   <div class='ocr_carea' id='block_1_7' title="bbox 372 766 1925 842">
    <p class='ocr_par' dir='ltr' id='par_1_7' title="bbox 372 766 1925 842">
     <span class='ocr_line' id='line_1_7' title="bbox 372 766 1925 842; baseline -0.003 -17"><span class='ocrx_word' id='word_1_53' title='bbox 372 773 688 842; x_wconf 82' lang='lat' dir='ltr'><strong>intelligere,</strong></span> <span class='ocrx_word' id='word_1_54' title='bbox 710 770 852 839; x_wconf 90' lang='lat' dir='ltr'><strong>quod</strong></span> <span class='ocrx_word' id='word_1_55' title='bbox 879 768 1088 825; x_wconf 88' lang='lat' dir='ltr'><strong>scilicet</strong></span> <span class='ocrx_word' id='word_1_56' title='bbox 1110 769 1178 823; x_wconf 90' lang='lat' dir='ltr'><strong>ad</strong></span> <span class='ocrx_word' id='word_1_57' title='bbox 1208 767 1497 838; x_wconf 77' lang='lat' dir='ltr'><strong>imaginem</strong></span> <span class='ocrx_word' id='word_1_58' title='bbox 1519 766 1613 820; x_wconf 86' lang='lat' dir='ltr'><strong>Dei</strong></span> <span class='ocrx_word' id='word_1_59' title='bbox 1643 766 1771 822; x_wconf 82' lang='lat' dir='ltr'><strong>facti</strong></span> <span class='ocrx_word' id='word_1_60' title='bbox 1795 768 1925 822; x_wconf 83' lang='lat' dir='ltr'><strong>sint.</strong></span> 
     </span>
    </p>
   </div>
   <div class='ocr_carea' id='block_1_8' title="bbox 370 860 1928 930">
    <p class='ocr_par' dir='ltr' id='par_1_8' title="bbox 370 860 1928 930">
     <span class='ocr_line' id='line_1_8' title="bbox 370 860 1928 930; baseline -0.002 -13"><span class='ocrx_word' id='word_1_61' title='bbox 370 863 452 919; x_wconf 76' lang='lat' dir='ltr'><strong>Ad</strong></span> <span class='ocrx_word' id='word_1_62' title='bbox 482 862 895 918; x_wconf 87' lang='lat' dir='ltr'><strong>similitudinem</strong></span> <span class='ocrx_word' id='word_1_63' title='bbox 927 870 1108 915; x_wconf 86' lang='lat' dir='ltr'><strong>autem</strong></span> <span class='ocrx_word' id='word_1_64' title='bbox 1135 860 1502 930; x_wconf 87' lang='lat' dir='ltr'><strong>jumentorum</strong></span> <span class='ocrx_word' id='word_1_65' title='bbox 1530 860 1928 929; x_wconf 82' lang='lat' dir='ltr'><strong>insipientium,</strong></span> 
     </span>
    </p>
   </div>
   <div class='ocr_carea' id='block_1_9' title="bbox 373 949 1932 1023">
    <p class='ocr_par' dir='ltr' id='par_1_9' title="bbox 373 949 1932 1023">
     <span class='ocr_line' id='line_1_9' title="bbox 373 949 1932 1023; baseline -0.004 -14"><span class='ocrx_word' id='word_1_66' title='bbox 373 970 482 1023; x_wconf 70' lang='lat' dir='ltr'><strong>prae</strong></span> <span class='ocrx_word' id='word_1_67' title='bbox 504 954 821 1010; x_wconf 73' lang='lat' dir='ltr'><strong>ctelesﬁbus</strong></span> <span class='ocrx_word' id='word_1_68' title='bbox 858 952 1227 1007; x_wconf 83' lang='lat' dir='ltr'><strong>tabernaculis</strong></span> <span class='ocrx_word' id='word_1_69' title='bbox 1266 961 1468 1006; x_wconf 84' lang='lat' dir='ltr'><strong>terram</strong></span> <span class='ocrx_word' id='word_1_70' title='bbox 1506 949 1747 1004; x_wconf 74' lang='lat' dir='ltr'><strong>incolere</strong></span> <span class='ocrx_word' id='word_1_71' title='bbox 1784 949 1932 1003; x_wconf 89' lang='lat' dir='ltr'><strong>dele-</strong></span> 
     </span>
    </p>
   </div>
   <div class='ocr_carea' id='block_1_10' title="bbox 370 1041 1920 1115">
    <p class='ocr_par' dir='ltr' id='par_1_10' title="bbox 370 1041 1920 1115">
     <span class='ocr_line' id='line_1_10' title="bbox 370 1041 1920 1115; baseline -0.004 -14"><span class='ocrx_word' id='word_1_72' title='bbox 370 1055 583 1115; x_wconf 83' lang='lat' dir='ltr'><strong>gerunt,</strong></span> <span class='ocrx_word' id='word_1_73' title='bbox 623 1053 677 1102; x_wconf 87' lang='lat' dir='ltr'><strong>et</strong></span> <span class='ocrx_word' id='word_1_74' title='bbox 706 1046 957 1115; x_wconf 87' lang='lat' dir='ltr'><strong>sepulcra</strong></span> <span class='ocrx_word' id='word_1_75' title='bbox 984 1061 1014 1098; x_wconf 84' lang='lat' dir='ltr'><strong>a</strong></span> <span class='ocrx_word' id='word_1_76' title='bbox 1051 1044 1159 1098; x_wconf 87' lang='lat' dir='ltr'><strong>Deo</strong></span> <span class='ocrx_word' id='word_1_77' title='bbox 1207 1041 1568 1098; x_wconf 70' lang='lat' dir='ltr'><strong>concedendze</strong></span> <span class='ocrx_word' id='word_1_78' title='bbox 1617 1041 1742 1094; x_wconf 69' lang='lat' dir='ltr'><strong>vitae</strong></span> <span class='ocrx_word' id='word_1_79' title='bbox 1780 1055 1920 1110; x_wconf 75' lang='lat' dir='ltr'><strong>prte-</strong></span> 
     </span>
    </p>
   </div>
   <div class='ocr_carea' id='block_1_11' title="bbox 370 1139 631 1193">
    <p class='ocr_par' dir='ltr' id='par_1_11' title="bbox 370 1139 631 1193">
     <span class='ocr_line' id='line_1_11' title="bbox 370 1139 631 1193; baseline -0.008 -1"><span class='ocrx_word' id='word_1_80' title='bbox 370 1139 631 1193; x_wconf 88' lang='lat' dir='ltr'><strong>tulerunt.</strong></span> 
     </span>
    </p>
   </div>
   <div class='ocr_carea' id='block_1_12' title="bbox 440 1224 1926 1294">
    <p class='ocr_par' dir='ltr' id='par_1_12' title="bbox 440 1224 1926 1294">
     <span class='ocr_line' id='line_1_12' title="bbox 440 1224 1926 1294; baseline -0.004 -11"><span class='ocrx_word' id='word_1_81' title='bbox 440 1230 526 1283; x_wconf 69' lang='grc'><strong>14.</strong></span> <span class='ocrx_word' id='word_1_82' title='bbox 585 1227 715 1283; x_wconf 83' lang='lat' dir='ltr'><strong>Htec</strong></span> <span class='ocrx_word' id='word_1_83' title='bbox 746 1230 831 1282; x_wconf 82' lang='lat' dir='ltr'><strong>via</strong></span> <span class='ocrx_word' id='word_1_84' title='bbox 872 1227 1089 1282; x_wconf 80' lang='lat' dir='ltr'><strong>illorum</strong></span> <span class='ocrx_word' id='word_1_85' title='bbox 1118 1226 1432 1282; x_wconf 71' lang='lat' dir='ltr'><strong>scandalum</strong></span> <span class='ocrx_word' id='word_1_86' title='bbox 1472 1227 1623 1294; x_wconf 76' lang='lat' dir='ltr'><strong>ipsis.</strong></span> <span class='ocrx_word' id='word_1_87' title='bbox 1652 1224 1808 1278; x_wconf 84' lang='lat' dir='ltr'><strong>Viam</strong></span> <span class='ocrx_word' id='word_1_88' title='bbox 1840 1224 1926 1278; x_wconf 85' lang='lat' dir='ltr'><strong>di-</strong></span> 
     </span>
    </p>
   </div>
   <div class='ocr_carea' id='block_1_13' title="bbox 364 1314 1927 1386">
    <p class='ocr_par' dir='ltr' id='par_1_13' title="bbox 364 1314 1927 1386">
     <span class='ocr_line' id='line_1_13' title="bbox 364 1314 1927 1386; baseline -0.001 -16"><span class='ocrx_word' id='word_1_89' title='bbox 364 1320 504 1374; x_wconf 75' lang='lat' dir='ltr'><strong>vinee</strong></span> <span class='ocrx_word' id='word_1_90' title='bbox 562 1319 753 1374; x_wconf 69' lang='lat' dir='ltr'><strong>littera:</strong></span> <span class='ocrx_word' id='word_1_91' title='bbox 813 1316 1078 1386; x_wconf 84' lang='lat' dir='ltr'><strong>cujusque</strong></span> <span class='ocrx_word' id='word_1_92' title='bbox 1133 1315 1368 1370; x_wconf 79' lang='lat' dir='ltr'><strong>hominis</strong></span> <span class='ocrx_word' id='word_1_93' title='bbox 1422 1316 1587 1369; x_wconf 80' lang='lat' dir='ltr'><strong>vitam</strong></span> <span class='ocrx_word' id='word_1_94' title='bbox 1644 1314 1927 1384; x_wconf 86' lang='lat' dir='ltr'><strong>appellare</strong></span> 
     </span>
    </p>
   </div>
   <div class='ocr_carea' id='block_1_14' title="bbox 367 1403 1927 1474">
    <p class='ocr_par' dir='ltr' id='par_1_14' title="bbox 367 1403 1927 1474">
     <span class='ocr_line' id='line_1_14' title="bbox 367 1403 1927 1474; baseline -0.003 -12"><span class='ocrx_word' id='word_1_95' title='bbox 367 1414 786 1471; x_wconf 84' lang='lat' dir='ltr'><strong>consueverunt,</strong></span> <span class='ocrx_word' id='word_1_96' title='bbox 845 1414 901 1460; x_wconf 90' lang='lat' dir='ltr'><strong>et</strong></span> <span class='ocrx_word' id='word_1_97' title='bbox 958 1407 1082 1460; x_wconf 77' lang='lat' dir='ltr'><strong>vita:</strong></span> <span class='ocrx_word' id='word_1_98' title='bbox 1139 1405 1418 1459; x_wconf 86' lang='lat' dir='ltr'><strong>hominum</strong></span> <span class='ocrx_word' id='word_1_99' title='bbox 1480 1415 1715 1474; x_wconf 90' lang='lat' dir='ltr'><strong>tempus.</strong></span> <span class='ocrx_word' id='word_1_100' title='bbox 1776 1403 1927 1458; x_wconf 82' lang='lat' dir='ltr'><strong>Hanc</strong></span> 
     </span>
    </p>
   </div>
   <div class='ocr_carea' id='block_1_15' title="bbox 363 1496 1918 1569">
    <p class='ocr_par' dir='ltr' id='par_1_15' title="bbox 363 1496 1918 1569">
     <span class='ocr_line' id='line_1_15' title="bbox 363 1496 1918 1569; baseline -0.001 -17"><span class='ocrx_word' id='word_1_101' title='bbox 363 1513 517 1569; x_wconf 85' lang='lat' dir='ltr'><strong>ergo,</strong></span> <span class='ocrx_word' id='word_1_102' title='bbox 567 1498 663 1560; x_wconf 88' lang='lat' dir='ltr'><strong>ait,</strong></span> <span class='ocrx_word' id='word_1_103' title='bbox 695 1513 944 1566; x_wconf 84' lang='lat' dir='ltr'><strong>asperam</strong></span> <span class='ocrx_word' id='word_1_104' title='bbox 978 1506 1032 1552; x_wconf 92' lang='lat' dir='ltr'><strong>et</strong></span> <span class='ocrx_word' id='word_1_105' title='bbox 1059 1498 1303 1553; x_wconf 87' lang='lat' dir='ltr'><strong>odiosam</strong></span> <span class='ocrx_word' id='word_1_106' title='bbox 1325 1498 1492 1551; x_wconf 86' lang='lat' dir='ltr'><strong>vitam</strong></span> <span class='ocrx_word' id='word_1_107' title='bbox 1530 1497 1743 1565; x_wconf 87' lang='lat' dir='ltr'><strong>paravit</strong></span> <span class='ocrx_word' id='word_1_108' title='bbox 1777 1496 1918 1559; x_wconf 88' lang='lat' dir='ltr'><strong>illis,</strong></span> 
     </span>
    </p>
   </div>
   <div class='ocr_carea' id='block_1_16' title="bbox 364 1587 1921 1657">
    <p class='ocr_par' dir='ltr' id='par_1_16' title="bbox 364 1587 1921 1657">
     <span class='ocr_line' id='line_1_16' title="bbox 364 1587 1921 1657; baseline 0.001 -16"><span class='ocrx_word' id='word_1_109' title='bbox 364 1590 494 1657; x_wconf 84' lang='lat' dir='ltr'><strong>quia</strong></span> <span class='ocrx_word' id='word_1_110' title='bbox 539 1597 746 1644; x_wconf 87' lang='lat' dir='ltr'><strong>rectum</strong></span> <span class='ocrx_word' id='word_1_111' title='bbox 795 1588 933 1642; x_wconf 86' lang='lat' dir='ltr'><strong>nihil</strong></span> <span class='ocrx_word' id='word_1_112' title='bbox 986 1589 1270 1644; x_wconf 77' lang='lat' dir='ltr'><strong>Sentirent.</strong></span> <span class='ocrx_word' id='word_1_113' title='bbox 1327 1587 1434 1643; x_wconf 90' lang='lat' dir='ltr'><strong>Sed</strong></span> <span class='ocrx_word' id='word_1_114' title='bbox 1468 1588 1689 1656; x_wconf 83' lang='lat' dir='ltr'><strong>quando</strong></span> <span class='ocrx_word' id='word_1_115' title='bbox 1723 1588 1777 1641; x_wconf 88' lang='lat' dir='ltr'><strong>in</strong></span> <span class='ocrx_word' id='word_1_116' title='bbox 1827 1588 1921 1642; x_wconf 89' lang='lat' dir='ltr'><strong>illa</strong></span> 
     </span>
    </p>
   </div>
   <div class='ocr_carea' id='block_1_17' title="bbox 362 1679 1918 1750">
    <p class='ocr_par' dir='ltr' id='par_1_17' title="bbox 362 1679 1918 1750">
     <span class='ocr_line' id='line_1_17' title="bbox 362 1679 1918 1750; baseline 0.001 -17"><span class='ocrx_word' id='word_1_117' title='bbox 362 1679 733 1750; x_wconf 75' lang='lat' dir='ltr'><strong>profecerunt,</strong></span> <span class='ocrx_word' id='word_1_118' title='bbox 759 1692 869 1735; x_wconf 89' lang='lat' dir='ltr'><strong>tum</strong></span> <span class='ocrx_word' id='word_1_119' title='bbox 919 1680 1177 1736; x_wconf 87' lang='lat' dir='ltr'><strong>scandala</strong></span> <span class='ocrx_word' id='word_1_120' title='bbox 1220 1695 1287 1734; x_wconf 92' lang='lat' dir='ltr'><strong>ne</strong></span> <span class='ocrx_word' id='word_1_121' title='bbox 1318 1680 1624 1734; x_wconf 88' lang='lat' dir='ltr'><strong>sentiebant</strong></span> <span class='ocrx_word' id='word_1_122' title='bbox 1675 1680 1918 1748; x_wconf 88' lang='lat' dir='ltr'><strong>quidem.</strong></span> 
     </span>
    </p>
   </div>
   <div class='ocr_carea' id='block_1_18' title="bbox 2031 492 3600 565">
    <p class='ocr_par' dir='ltr' id='par_1_18' title="bbox 2031 492 3600 565">
     <span class='ocr_line' id='line_1_18' title="bbox 2031 492 3600 565; baseline -0.003 -17"><span class='ocrx_word' id='word_1_123' title='bbox 2031 493 2123 548; x_wconf 77' lang='grc' dir='ltr'><strong>τοῦ</strong></span> <span class='ocrx_word' id='word_1_124' title='bbox 2149 495 2402 547; x_wconf 79' lang='grc' dir='ltr'>ἐκπεσεῖν</span> <span class='ocrx_word' id='word_1_125' title='bbox 2422 493 2618 556; x_wconf 70' lang='grc' dir='ltr'>αὐτοὺς</span> <span class='ocrx_word' id='word_1_126' title='bbox 2645 495 2725 556; x_wconf 85' lang='grc' dir='ltr'>εἰς</span> <span class='ocrx_word' id='word_1_127' title='bbox 2752 493 2811 545; x_wconf 89' lang='grc' dir='ltr'>τὺ</span> <span class='ocrx_word' id='word_1_128' title='bbox 2853 492 2993 564; x_wconf 70' lang='grc' dir='ltr'>μέγα</span> <span class='ocrx_word' id='word_1_129' title='bbox 3033 495 3247 564; x_wconf 82' lang='grc' dir='ltr'><strong>φρονεῖν</strong></span> <span class='ocrx_word' id='word_1_130' title='bbox 3278 492 3347 544; x_wconf 83' lang='grc' dir='ltr'><strong>τὰ</strong></span> <span class='ocrx_word' id='word_1_131' title='bbox 3394 493 3600 565; x_wconf 50' lang='lat' dir='ltr'><strong>capiti;</strong></span> 
     </span>
    </p>
   </div>
   <div class='ocr_carea' id='block_1_19' title="bbox 2030 582 3603 654">
    <p class='ocr_par' dir='ltr' id='par_1_19' title="bbox 2030 582 3603 654">
     <span class='ocr_line' id='line_1_19' title="bbox 2030 582 3603 654; baseline 0 -18"><span class='ocrx_word' id='word_1_132' title='bbox 2030 582 2423 654; x_wconf 80' lang='grc' dir='ltr'>ἐπιθυμήματα</span> <span class='ocrx_word' id='word_1_133' title='bbox 2471 582 2641 651; x_wconf 78' lang='grc' dir='ltr'>λέγει.</span> <span class='ocrx_word' id='word_1_134' title='bbox 2675 582 2843 636; x_wconf 79' lang='grc' dir='ltr'>Τοῦτο</span> <span class='ocrx_word' id='word_1_135' title='bbox 2896 582 2952 635; x_wconf 83' lang='grc' dir='ltr'><strong>δέ</strong></span> <span class='ocrx_word' id='word_1_136' title='bbox 2994 584 3108 635; x_wconf 84' lang='grc' dir='ltr'>ἐστι</span> <span class='ocrx_word' id='word_1_137' title='bbox 3138 582 3200 634; x_wconf 72' lang='grc' dir='ltr'>τὸ</span> <span class='ocrx_word' id='word_1_138' title='bbox 3235 582 3308 653; x_wconf 81' lang='grc' dir='ltr'>μὴ</span> <span class='ocrx_word' id='word_1_139' title='bbox 3361 582 3603 636; x_wconf 81' lang='grc' dir='ltr'><strong>συνιέναι</strong></span> 
     </span>
    </p>
   </div>
   <div class='ocr_carea' id='block_1_20' title="bbox 2029 667 3622 762">
    <p class='ocr_par' dir='ltr' id='par_1_20' title="bbox 2029 667 3622 762">
     <span class='ocr_line' id='line_1_20' title="bbox 2029 667 3622 762; baseline -0.004 -36"><span class='ocrx_word' id='word_1_140' title='bbox 2029 675 2126 745; x_wconf 80' lang='grc' dir='ltr'>τὴν</span> <span class='ocrx_word' id='word_1_141' title='bbox 2144 692 2194 726; x_wconf 89' lang='grc' dir='ltr'><strong>τι</strong></span> <span class='ocrx_word' id='word_1_142' title='bbox 2203 674 2307 744; x_wconf 76' lang='grc' dir='ltr'><strong>μὴν</strong></span> <span class='ocrx_word' id='word_1_143' title='bbox 2327 671 2524 736; x_wconf 77' lang='grc' dir='ltr'>αὐτῶν,</span> <span class='ocrx_word' id='word_1_144' title='bbox 2550 673 2631 725; x_wconf 82' lang='grc' dir='ltr'><strong>ὅτι</strong></span> <span class='ocrx_word' id='word_1_145' title='bbox 2647 672 2710 742; x_wconf 83' lang='grc' dir='ltr'>δὴ</span> <span class='ocrx_word' id='word_1_146' title='bbox 2743 671 2862 723; x_wconf 84' lang='grc' dir='ltr'>κατ’</span> <span class='ocrx_word' id='word_1_147' title='bbox 2891 670 3074 723; x_wconf 75' lang='grc' dir='ltr'>εἰκόνα</span> <span class='ocrx_word' id='word_1_148' title='bbox 3098 668 3419 737; x_wconf 79' lang='grc' dir='ltr'><strong>πεποίηνται</strong></span> <span class='ocrx_word' id='word_1_149' title='bbox 3442 667 3622 762; x_wconf 57' lang='lat'><strong>8505.;</strong></span> 
     </span>
    </p>
   </div>
   <div class='ocr_carea' id='block_1_21' title="bbox 2041 761 3620 838">
    <p class='ocr_par' dir='ltr' id='par_1_21' title="bbox 2041 761 3620 838">
     <span class='ocr_line' id='line_1_21' title="bbox 2041 761 3620 838; baseline -0.006 -18"><span class='ocrx_word' id='word_1_150' title='bbox 2041 767 2266 838; x_wconf 80' lang='grc' dir='ltr'><strong>Ὁμοίως</strong></span> <span class='ocrx_word' id='word_1_151' title='bbox 2284 764 2341 818; x_wconf 86' lang='grc' dir='ltr'>δὲ</span> <span class='ocrx_word' id='word_1_152' title='bbox 2368 768 2480 829; x_wconf 83' lang='grc' dir='ltr'>τοῖς</span> <span class='ocrx_word' id='word_1_153' title='bbox 2508 766 2730 835; x_wconf 80' lang='grc' dir='ltr'>κτήνεσι</span> <span class='ocrx_word' id='word_1_154' title='bbox 2747 767 2860 827; x_wconf 89' lang='grc' dir='ltr'>τοῖς</span> <span class='ocrx_word' id='word_1_155' title='bbox 2882 764 3130 833; x_wconf 84' lang='grc' dir='ltr'><strong>ἀνοήτοις</strong></span> <span class='ocrx_word' id='word_1_156' title='bbox 3159 761 3262 831; x_wconf 78' lang='grc' dir='ltr'><strong>γῆν</strong></span> <span class='ocrx_word' id='word_1_157' title='bbox 3292 762 3460 814; x_wconf 83' lang='grc' dir='ltr'>οἰκεῖν</span> <span class='ocrx_word' id='word_1_158' title='bbox 3482 761 3620 818; x_wconf 68' lang='grc' dir='ltr'><strong>ἀντὶΔ</strong></span> 
     </span>
    </p>
   </div>
   <div class='ocr_carea' id='block_1_22' title="bbox 2027 852 3603 929">
    <p class='ocr_par' dir='ltr' id='par_1_22' title="bbox 2027 852 3603 929">
     <span class='ocr_line' id='line_1_22' title="bbox 2027 852 3603 929; baseline -0.004 -18"><span class='ocrx_word' id='word_1_159' title='bbox 2027 859 2136 911; x_wconf 83' lang='grc' dir='ltr'><strong>τῶν</strong></span> <span class='ocrx_word' id='word_1_160' title='bbox 2164 857 2430 929; x_wconf 73' lang='grc' dir='ltr'>οὐρανίων</span> <span class='ocrx_word' id='word_1_161' title='bbox 2468 854 2680 926; x_wconf 83' lang='grc' dir='ltr'>σκηνῶν</span> <span class='ocrx_word' id='word_1_162' title='bbox 2702 853 3123 926; x_wconf 78' lang='grc' dir='ltr'>κατηλλάξαντο,</span> <span class='ocrx_word' id='word_1_163' title='bbox 3141 855 3233 906; x_wconf 73' lang='grc' dir='ltr'><strong>καὶ</strong></span> <span class='ocrx_word' id='word_1_164' title='bbox 3254 853 3459 920; x_wconf 72' lang='grc' dir='ltr'>τάφους</span> <span class='ocrx_word' id='word_1_165' title='bbox 3478 852 3603 904; x_wconf 76' lang='grc' dir='ltr'>ἀντὶ</span> 
     </span>
    </p>
   </div>
   <div class='ocr_carea' id='block_1_23' title="bbox 2027 945 2663 1020">
    <p class='ocr_par' dir='ltr' id='par_1_23' title="bbox 2027 945 2663 1020">
     <span class='ocr_line' id='line_1_23' title="bbox 2027 945 2663 1020; baseline -0.003 -18"><span class='ocrx_word' id='word_1_166' title='bbox 2027 951 2127 1020; x_wconf 77' lang='grc' dir='ltr'>τῆς</span> <span class='ocrx_word' id='word_1_167' title='bbox 2155 947 2305 1020; x_wconf 84' lang='grc' dir='ltr'><strong>παρά</strong></span> <span class='ocrx_word' id='word_1_168' title='bbox 2336 947 2471 1000; x_wconf 85' lang='grc' dir='ltr'>Θεοῦ</span> <span class='ocrx_word' id='word_1_169' title='bbox 2494 945 2663 1015; x_wconf 79' lang='grc' dir='ltr'>ζωῆς.</span> 
     </span>
    </p>
   </div>
   <div class='ocr_carea' id='block_1_24' title="bbox 2094 1206 3598 1284">
    <p class='ocr_par' dir='ltr' id='par_1_24' title="bbox 2094 1206 3598 1284">
     <span class='ocr_line' id='line_1_24' title="bbox 2094 1206 3598 1284; baseline -0.005 -12"><span class='ocrx_word' id='word_1_170' title='bbox 2094 1217 2255 1284; x_wconf 84' lang='grc' dir='ltr'>Αὕτη</span> <span class='ocrx_word' id='word_1_171' title='bbox 2279 1216 2318 1284; x_wconf 76' lang='grc' dir='ltr'><em>ἠ</em></span> <span class='ocrx_word' id='word_1_172' title='bbox 2352 1215 2492 1283; x_wconf 80' lang='grc' dir='ltr'>ὁδὸς</span> <span class='ocrx_word' id='word_1_173' title='bbox 2510 1213 2708 1269; x_wconf 77' lang='grc' dir='ltr'>αὐτῶν</span> <span class='ocrx_word' id='word_1_174' title='bbox 2743 1208 3104 1267; x_wconf 73' lang='grc' dir='ltr'><strong>σκάνδαλον</strong></span> <span class='ocrx_word' id='word_1_175' title='bbox 3124 1212 3346 1278; x_wconf 80' lang='grc' dir='ltr'>αὐτοῖς.</span> <span class='ocrx_word' id='word_1_176' title='bbox 3386 1206 3537 1266; x_wconf 78' lang='grc' dir='ltr'>Ὀδδν</span> <span class='ocrx_word' id='word_1_177' title='bbox 3562 1214 3598 1283; x_wconf 82' lang='grc' dir='ltr'><strong>ή</strong></span> 
     </span>
    </p>
   </div>
   <div class='ocr_carea' id='block_1_25' title="bbox 2026 1297 3601 1375">
    <p class='ocr_par' dir='ltr' id='par_1_25' title="bbox 2026 1297 3601 1375">
     <span class='ocr_line' id='line_1_25' title="bbox 2026 1297 3601 1375; baseline -0.003 -17"><span class='ocrx_word' id='word_1_178' title='bbox 2026 1303 2147 1358; x_wconf 88' lang='grc' dir='ltr'>θεία</span> <span class='ocrx_word' id='word_1_179' title='bbox 2182 1303 2373 1375; x_wconf 83' lang='grc' dir='ltr'>Γραφὴ</span> <span class='ocrx_word' id='word_1_180' title='bbox 2406 1303 2497 1356; x_wconf 82' lang='grc' dir='ltr'><strong>τὸν</strong></span> <span class='ocrx_word' id='word_1_181' title='bbox 2525 1303 2754 1357; x_wconf 77' lang='grc' dir='ltr'>ἑκάστου</span> <span class='ocrx_word' id='word_1_182' title='bbox 2805 1301 2917 1372; x_wconf 83' lang='grc' dir='ltr'>βίον</span> <span class='ocrx_word' id='word_1_183' title='bbox 2944 1297 3052 1355; x_wconf 82' lang='grc' dir='ltr'>οἶδε</span> <span class='ocrx_word' id='word_1_184' title='bbox 3105 1301 3310 1367; x_wconf 80' lang='grc' dir='ltr'>καλεῖν,</span> <span class='ocrx_word' id='word_1_185' title='bbox 3369 1302 3463 1354; x_wconf 78' lang='grc' dir='ltr'>καὶ</span> <span class='ocrx_word' id='word_1_186' title='bbox 3507 1302 3601 1355; x_wconf 77' lang='grc' dir='ltr'><strong>τὸν</strong></span> 
     </span>
    </p>
   </div>
   <div class='ocr_carea' id='block_1_26' title="bbox 2024 1390 3600 1465">
    <p class='ocr_par' dir='ltr' id='par_1_26' title="bbox 2024 1390 3600 1465">
     <span class='ocr_line' id='line_1_26' title="bbox 2024 1390 3600 1465; baseline -0.001 -15"><span class='ocrx_word' id='word_1_187' title='bbox 2024 1396 2254 1449; x_wconf 77' lang='grc' dir='ltr'>ἑκάστου</span> <span class='ocrx_word' id='word_1_188' title='bbox 2282 1394 2572 1464; x_wconf 70' lang='grc' dir='ltr'>τῆςξςωῆς</span> <span class='ocrx_word' id='word_1_189' title='bbox 2621 1394 2830 1464; x_wconf 83' lang='grc' dir='ltr'>χρόνον.</span> <span class='ocrx_word' id='word_1_190' title='bbox 2866 1393 3078 1464; x_wconf 83' lang='grc' dir='ltr'>Ταύτην</span> <span class='ocrx_word' id='word_1_191' title='bbox 3110 1390 3242 1458; x_wconf 79' lang='grc' dir='ltr'>οὖν,</span> <span class='ocrx_word' id='word_1_192' title='bbox 3301 1396 3455 1465; x_wconf 75' lang='grc' dir='ltr'>φησὶ,</span> <span class='ocrx_word' id='word_1_193' title='bbox 3500 1394 3600 1465; x_wconf 78' lang='grc' dir='ltr'>τὴν</span> 
     </span>
    </p>
   </div>
   <div class='ocr_carea' id='block_1_27' title="bbox 2024 1483 3598 1556">
    <p class='ocr_par' dir='ltr' id='par_1_27' title="bbox 2024 1483 3598 1556">
     <span class='ocr_line' id='line_1_27' title="bbox 2024 1483 3598 1556; baseline -0.001 -17"><span class='ocrx_word' id='word_1_194' title='bbox 2024 1485 2139 1539; x_wconf 85' lang='grc' dir='ltr'>ὁδὸν</span> <span class='ocrx_word' id='word_1_195' title='bbox 2160 1488 2417 1556; x_wconf 77' lang='grc' dir='ltr'>τραχεῖαν</span> <span class='ocrx_word' id='word_1_196' title='bbox 2460 1485 2555 1538; x_wconf 78' lang='grc' dir='ltr'><strong>καὶ</strong></span> <span class='ocrx_word' id='word_1_197' title='bbox 2583 1484 2783 1556; x_wconf 82' lang='grc' dir='ltr'>ἐχθράν</span> <span class='ocrx_word' id='word_1_198' title='bbox 2811 1483 3213 1537; x_wconf 79' lang='grc' dir='ltr'>κατεσκεύασεν</span> <span class='ocrx_word' id='word_1_199' title='bbox 3261 1486 3464 1547; x_wconf 79' lang='grc' dir='ltr'>αὐτοῖς,</span> <span class='ocrx_word' id='word_1_200' title='bbox 3501 1486 3598 1537; x_wconf 74' lang='grc' dir='ltr'><strong>ἅτε</strong></span> 
     </span>
    </p>
   </div>
   <div class='ocr_carea' id='block_1_28' title="bbox 2028 1574 3597 1648">
    <p class='ocr_par' dir='ltr' id='par_1_28' title="bbox 2028 1574 3597 1648">
     <span class='ocr_line' id='line_1_28' title="bbox 2028 1574 3597 1648; baseline -0.002 -17"><span class='ocrx_word' id='word_1_201' title='bbox 2028 1577 2190 1648; x_wconf 75' lang='grc' dir='ltr'>μηδὲν</span> <span class='ocrx_word' id='word_1_202' title='bbox 2221 1576 2376 1640; x_wconf 68' lang='lat' dir='ltr'><strong>eset;</strong></span> <span class='ocrx_word' id='word_1_203' title='bbox 2423 1577 2844 1647; x_wconf 71' lang='grc' dir='ltr'>πεφρονηκότες.</span> <span class='ocrx_word' id='word_1_204' title='bbox 2908 1574 3046 1627; x_wconf 83' lang='grc' dir='ltr'>Ἀλλ’</span> <span class='ocrx_word' id='word_1_205' title='bbox 3079 1576 3168 1628; x_wconf 82' lang='grc' dir='ltr'><strong>ὅτε</strong></span> <span class='ocrx_word' id='word_1_206' title='bbox 3202 1574 3302 1644; x_wconf 79' lang='grc' dir='ltr'><strong>μὲν</strong></span> <span class='ocrx_word' id='word_1_207' title='bbox 3331 1577 3597 1646; x_wconf 71' lang='grc' dir='ltr'>προσέχοι-</span> 
     </span>
    </p>
   </div>
   <div class='ocr_carea' id='block_1_29' title="bbox 2027 1665 3598 1738">
    <p class='ocr_par' dir='ltr' id='par_1_29' title="bbox 2027 1665 3598 1738">
     <span class='ocr_line' id='line_1_29' title="bbox 2027 1665 3598 1738; baseline -0.001 -17"><span class='ocrx_word' id='word_1_208' title='bbox 2027 1686 2158 1727; x_wconf 87' lang='grc' dir='ltr'>πτον</span> <span class='ocrx_word' id='word_1_209' title='bbox 2186 1672 2242 1721; x_wconf 79' lang='grc' dir='ltr'><strong>ἐν</strong></span> <span class='ocrx_word' id='word_1_210' title='bbox 2275 1668 2435 1736; x_wconf 81' lang='grc' dir='ltr'>αὐτῇ,</span> <span class='ocrx_word' id='word_1_211' title='bbox 2464 1669 2564 1720; x_wconf 79' lang='grc' dir='ltr'><strong>οὐκ</strong></span> <span class='ocrx_word' id='word_1_212' title='bbox 2589 1668 2883 1738; x_wconf 73' lang='grc' dir='ltr'>ᾐσθάνοντο</span> <span class='ocrx_word' id='word_1_213' title='bbox 2914 1667 3021 1718; x_wconf 71' lang='grc' dir='ltr'><strong>τῶν</strong></span> <span class='ocrx_word' id='word_1_214' title='bbox 3070 1665 3397 1720; x_wconf 80' lang='grc' dir='ltr'>σκανδάλων.</span> <span class='ocrx_word' id='word_1_215' title='bbox 3437 1671 3598 1721; x_wconf 77' lang='lat' dir='ltr'><strong>Mem</strong></span> 
     </span>
    </p>
   </div>
   <div class='ocr_carea' id='block_1_30' title="bbox 368 1754 1922 1841">
    <p class='ocr_par' dir='ltr' id='par_1_30' title="bbox 368 1771 1922 1841">
     <span class='ocr_line' id='line_1_30' title="bbox 368 1771 1922 1841; baseline 0.001 -17"><span class='ocrx_word' id='word_1_216' title='bbox 368 1772 557 1825; x_wconf 81' lang='lat' dir='ltr'><strong>Postea</strong></span> <span class='ocrx_word' id='word_1_217' title='bbox 599 1787 727 1827; x_wconf 86' lang='lat' dir='ltr'><strong>vero</strong></span> <span class='ocrx_word' id='word_1_218' title='bbox 756 1775 812 1827; x_wconf 81' lang='lat' dir='ltr'><strong>in</strong></span> <span class='ocrx_word' id='word_1_219' title='bbox 850 1788 943 1826; x_wconf 86' lang='lat' dir='ltr'><strong>ore</strong></span> <span class='ocrx_word' id='word_1_220' title='bbox 971 1788 1064 1826; x_wconf 82' lang='lat' dir='ltr'><strong>suo</strong></span> <span class='ocrx_word' id='word_1_221' title='bbox 1093 1771 1507 1840; x_wconf 78' lang='lat' dir='ltr'><strong>complacebunt,</strong></span> <span class='ocrx_word' id='word_1_222' title='bbox 1556 1772 1714 1841; x_wconf 87' lang='lat' dir='ltr'><strong>quasi</strong></span> <span class='ocrx_word' id='word_1_223' title='bbox 1756 1773 1922 1836; x_wconf 85' lang='lat' dir='ltr'><strong>dicat,</strong></span> 
     </span>
    </p>
   </div>
   <div class='ocr_carea' id='block_1_31' title="bbox 2032 1754 3597 1841">
    <p class='ocr_par' dir='ltr' id='par_1_31' title="bbox 2032 1756 3597 1827">
     <span class='ocr_line' id='line_1_31' title="bbox 2032 1756 3597 1827; baseline -0.001 -16"><span class='ocrx_word' id='word_1_224' title='bbox 2032 1759 2095 1812; x_wconf 85' lang='grc' dir='ltr'>δὲ</span> <span class='ocrx_word' id='word_1_225' title='bbox 2118 1760 2307 1812; x_wconf 79' lang='grc' dir='ltr'>ταῦτα</span> <span class='ocrx_word' id='word_1_226' title='bbox 2352 1759 2422 1812; x_wconf 79' lang='grc' dir='ltr'><strong>ἐν</strong></span> <span class='ocrx_word' id='word_1_227' title='bbox 2470 1757 2548 1823; x_wconf 83' lang='grc' dir='ltr'>τῷ</span> <span class='ocrx_word' id='word_1_228' title='bbox 2581 1758 2830 1827; x_wconf 79' lang='grc' dir='ltr'>στόματι</span> <span class='ocrx_word' id='word_1_229' title='bbox 2875 1756 3071 1811; x_wconf 75' lang='grc' dir='ltr'>αὐτῶν</span> <span class='ocrx_word' id='word_1_230' title='bbox 3115 1757 3597 1824; x_wconf 78' lang='grc' dir='ltr'>εὐδοκήσουσιν,</span> 
     </span>
    </p>
   </div>
   <div class='ocr_carea' id='block_1_32' title="bbox 254 1859 1924 1933">
    <p class='ocr_par' dir='ltr' id='par_1_32' title="bbox 254 1859 1924 1933">
     <span class='ocr_line' id='line_1_32' title="bbox 254 1859 1924 1933; baseline 0.004 -20"><span class='ocrx_word' id='word_1_231' title='bbox 254 1902 275 1921; x_wconf 74' lang='grc'><strong>,</strong></span> <span class='ocrx_word' id='word_1_232' title='bbox 361 1859 777 1916; x_wconf 85' lang='lat' dir='ltr'><strong>Conlitebuntur</strong></span> <span class='ocrx_word' id='word_1_233' title='bbox 799 1863 1173 1932; x_wconf 60' lang='lat' dir='ltr'><strong>paenitentiam</strong></span> <span class='ocrx_word' id='word_1_234' title='bbox 1204 1870 1447 1933; x_wconf 76' lang='lat' dir='ltr'><strong>agentes,</strong></span> <span class='ocrx_word' id='word_1_235' title='bbox 1479 1864 1624 1932; x_wconf 88' lang='lat' dir='ltr'><strong>quod</strong></span> <span class='ocrx_word' id='word_1_236' title='bbox 1645 1862 1700 1917; x_wconf 90' lang='lat' dir='ltr'><strong>in</strong></span> <span class='ocrx_word' id='word_1_237' title='bbox 1732 1863 1924 1932; x_wconf 80' lang='lat' dir='ltr'><strong>hujus-</strong></span> 
     </span>
    </p>
   </div>
   <div class='ocr_carea' id='block_1_33' title="bbox 362 1951 1921 2024">
    <p class='ocr_par' dir='ltr' id='par_1_33' title="bbox 362 1951 1921 2024">
     <span class='ocr_line' id='line_1_33' title="bbox 362 1951 1921 2024; baseline 0.003 -21"><span class='ocrx_word' id='word_1_238' title='bbox 362 1951 508 2004; x_wconf 90' lang='lat' dir='ltr'><strong>modi</strong></span> <span class='ocrx_word' id='word_1_239' title='bbox 550 1953 636 2007; x_wconf 86' lang='lat' dir='ltr'><strong>via</strong></span> <span class='ocrx_word' id='word_1_240' title='bbox 693 1953 1050 2019; x_wconf 79' lang='lat' dir='ltr'><strong>incesserint;</strong></span> <span class='ocrx_word' id='word_1_241' title='bbox 1092 1953 1187 2007; x_wconf 90' lang='lat' dir='ltr'><strong>sed</strong></span> <span class='ocrx_word' id='word_1_242' title='bbox 1237 1954 1459 2024; x_wconf 79' lang='lat' dir='ltr'><strong>quando</strong></span> <span class='ocrx_word' id='word_1_243' title='bbox 1505 1969 1613 2008; x_wconf 90' lang='lat' dir='ltr'><strong>non</strong></span> <span class='ocrx_word' id='word_1_244' title='bbox 1640 1955 1748 2008; x_wconf 89' lang='lat' dir='ltr'><strong>erit</strong></span> <span class='ocrx_word' id='word_1_245' title='bbox 1782 1956 1921 2008; x_wconf 90' lang='lat' dir='ltr'><strong>ultra</strong></span> 
     </span>
    </p>
   </div>
   <div class='ocr_carea' id='block_1_34' title="bbox 363 2042 966 2113">
    <p class='ocr_par' dir='ltr' id='par_1_34' title="bbox 363 2042 966 2113">
     <span class='ocr_line' id='line_1_34' title="bbox 363 2042 966 2113; baseline 0.005 -17"><span class='ocrx_word' id='word_1_246' title='bbox 363 2042 695 2110; x_wconf 65' lang='lat' dir='ltr'><strong>paenitentiae</strong></span> <span class='ocrx_word' id='word_1_247' title='bbox 730 2054 966 2113; x_wconf 88' lang='lat' dir='ltr'><strong>tempus.</strong></span> 
     </span>
    </p>
   </div>
   <div class='ocr_carea' id='block_1_35' title="bbox 434 2131 1925 2207">
    <p class='ocr_par' dir='ltr' id='par_1_35' title="bbox 434 2131 1925 2207">
     <span class='ocr_line' id='line_1_35' title="bbox 434 2131 1925 2207; baseline 0.003 -20"><span class='ocrx_word' id='word_1_248' title='bbox 434 2133 522 2188; x_wconf 81' lang='grc'><strong>15.</strong></span> <span class='ocrx_word' id='word_1_249' title='bbox 592 2131 744 2189; x_wconf 86' lang='lat' dir='ltr'><strong>Sicut</strong></span> <span class='ocrx_word' id='word_1_250' title='bbox 789 2152 902 2190; x_wconf 79' lang='lat' dir='ltr'><strong>oves</strong></span> <span class='ocrx_word' id='word_1_251' title='bbox 942 2137 998 2189; x_wconf 79' lang='lat' dir='ltr'><strong>in</strong></span> <span class='ocrx_word' id='word_1_252' title='bbox 1041 2136 1244 2205; x_wconf 78' lang='lat' dir='ltr'><strong>inferno</strong></span> <span class='ocrx_word' id='word_1_253' title='bbox 1300 2138 1460 2207; x_wconf 82' lang='lat' dir='ltr'><strong>positi</strong></span> <span class='ocrx_word' id='word_1_254' title='bbox 1510 2146 1652 2191; x_wconf 81' lang='lat' dir='ltr'><strong>sunt.</strong></span> <span class='ocrx_word' id='word_1_255' title='bbox 1694 2135 1925 2203; x_wconf 85' lang='lat' dir='ltr'><strong>Quando</strong></span> 
     </span>
    </p>
   </div>
   <div class='ocr_carea' id='block_1_36' title="bbox 364 2224 1926 2300">
    <p class='ocr_par' dir='ltr' id='par_1_36' title="bbox 364 2224 1926 2300">
     <span class='ocr_line' id='line_1_36' title="bbox 364 2224 1926 2300; baseline 0.005 -25"><span class='ocrx_word' id='word_1_256' title='bbox 364 2224 654 2300; x_wconf 65' lang='lat' dir='ltr'><strong>nplncrunt</strong></span> <span class='ocrx_word' id='word_1_257' title='bbox 697 2227 800 2279; x_wconf 84' lang='lat' dir='ltr'><strong>sub</strong></span> <span class='ocrx_word' id='word_1_258' title='bbox 843 2225 989 2280; x_wconf 87' lang='lat' dir='ltr'><strong>bono</strong></span> <span class='ocrx_word' id='word_1_259' title='bbox 1033 2237 1254 2296; x_wconf 85' lang='lat' dir='ltr'><strong>pastore</strong></span> <span class='ocrx_word' id='word_1_260' title='bbox 1304 2243 1510 2297; x_wconf 85' lang='lat' dir='ltr'><strong>agere:</strong></span> <span class='ocrx_word' id='word_1_261' title='bbox 1562 2227 1657 2282; x_wconf 89' lang='lat' dir='ltr'><strong>sed</strong></span> <span class='ocrx_word' id='word_1_262' title='bbox 1705 2228 1926 2297; x_wconf 88' lang='lat' dir='ltr'><strong>repulso</strong></span> 
     </span>
    </p>
   </div>
   <div class='ocr_carea' id='block_1_37' title="bbox 361 2315 1919 2389">
    <p class='ocr_par' dir='ltr' id='par_1_37' title="bbox 361 2315 1919 2389">
     <span class='ocr_line' id='line_1_37' title="bbox 361 2315 1919 2389; baseline 0.004 -23"><span class='ocrx_word' id='word_1_263' title='bbox 361 2315 589 2379; x_wconf 82' lang='lat' dir='ltr'><strong>honore,</strong></span> <span class='ocrx_word' id='word_1_264' title='bbox 632 2316 857 2383; x_wconf 84' lang='lat' dir='ltr'><strong>perinde</strong></span> <span class='ocrx_word' id='word_1_265' title='bbox 888 2324 1052 2387; x_wconf 87' lang='lat' dir='ltr'><strong>atque</strong></span> <span class='ocrx_word' id='word_1_266' title='bbox 1079 2318 1329 2384; x_wconf 87' lang='lat' dir='ltr'><strong>jumenta</strong></span> <span class='ocrx_word' id='word_1_267' title='bbox 1386 2334 1619 2389; x_wconf 89' lang='lat' dir='ltr'><strong>corpore</strong></span> <span class='ocrx_word' id='word_1_268' title='bbox 1670 2321 1919 2387; x_wconf 86' lang='lat' dir='ltr'><strong>corrupti</strong></span> 
     </span>
    </p>
   </div>
   <div class='ocr_carea' id='block_1_38' title="bbox 357 2406 1922 2477">
    <p class='ocr_par' dir='ltr' id='par_1_38' title="bbox 357 2406 1922 2477">
     <span class='ocr_line' id='line_1_38' title="bbox 357 2406 1922 2477; baseline 0.003 -18"><span class='ocrx_word' id='word_1_269' title='bbox 357 2416 516 2469; x_wconf 87' lang='lat' dir='ltr'><strong>sunt;</strong></span> <span class='ocrx_word' id='word_1_270' title='bbox 549 2406 750 2462; x_wconf 83' lang='lat' dir='ltr'><strong>idcirco</strong></span> <span class='ocrx_word' id='word_1_271' title='bbox 773 2423 970 2477; x_wconf 87' lang='lat' dir='ltr'><strong>pecora</strong></span> <span class='ocrx_word' id='word_1_272' title='bbox 999 2408 1194 2463; x_wconf 79' lang='lat' dir='ltr'><strong>inferni</strong></span> <span class='ocrx_word' id='word_1_273' title='bbox 1221 2407 1398 2464; x_wconf 80' lang='lat' dir='ltr'><strong>ell‘ecti</strong></span> <span class='ocrx_word' id='word_1_274' title='bbox 1432 2419 1579 2473; x_wconf 87' lang='lat' dir='ltr'><strong>sunt,</strong></span> <span class='ocrx_word' id='word_1_275' title='bbox 1614 2411 1688 2464; x_wconf 89' lang='lat' dir='ltr'><strong>ita</strong></span> <span class='ocrx_word' id='word_1_276' title='bbox 1731 2418 1790 2465; x_wconf 92' lang='lat' dir='ltr'><strong>ut</strong></span> <span class='ocrx_word' id='word_1_277' title='bbox 1821 2411 1922 2465; x_wconf 82' lang='lat' dir='ltr'><strong>de-</strong></span> 
     </span>
    </p>
   </div>
   <div class='ocr_carea' id='block_1_39' title="bbox 358 2501 1918 2570">
    <p class='ocr_par' dir='ltr' id='par_1_39' title="bbox 358 2501 1918 2570">
     <span class='ocr_line' id='line_1_39' title="bbox 358 2501 1918 2570; baseline 0.003 -18"><span class='ocrx_word' id='word_1_278' title='bbox 358 2514 507 2554; x_wconf 88' lang='lat' dir='ltr'><strong>mum</strong></span> <span class='ocrx_word' id='word_1_279' title='bbox 541 2509 726 2569; x_wconf 84' lang='lat' dir='ltr'><strong>pastor</strong></span> <span class='ocrx_word' id='word_1_280' title='bbox 767 2517 955 2556; x_wconf 89' lang='lat' dir='ltr'><strong>eorum</strong></span> <span class='ocrx_word' id='word_1_281' title='bbox 994 2501 1062 2555; x_wconf 92' lang='lat' dir='ltr'><strong>ad</strong></span> <span class='ocrx_word' id='word_1_282' title='bbox 1106 2516 1309 2570; x_wconf 82' lang='lat' dir='ltr'><strong>pascua</strong></span> <span class='ocrx_word' id='word_1_283' title='bbox 1356 2518 1454 2557; x_wconf 91' lang='lat' dir='ltr'><strong>sua</strong></span> <span class='ocrx_word' id='word_1_284' title='bbox 1506 2502 1742 2557; x_wconf 87' lang='lat' dir='ltr'><strong>abducat</strong></span> <span class='ocrx_word' id='word_1_285' title='bbox 1792 2517 1918 2568; x_wconf 87' lang='lat' dir='ltr'><strong>eos,</strong></span> 
     </span>
    </p>
   </div>
   <div class='ocr_carea' id='block_1_40' title="bbox 356 2591 1921 2663">
    <p class='ocr_par' dir='ltr' id='par_1_40' title="bbox 356 2591 1921 2663">
     <span class='ocr_line' id='line_1_40' title="bbox 356 2591 1921 2663; baseline 0.001 -16"><span class='ocrx_word' id='word_1_286' title='bbox 356 2591 495 2647; x_wconf 83' lang='lat' dir='ltr'><strong>alios</strong></span> <span class='ocrx_word' id='word_1_287' title='bbox 522 2593 739 2662; x_wconf 88' lang='lat' dir='ltr'><strong>quidem</strong></span> <span class='ocrx_word' id='word_1_288' title='bbox 772 2593 826 2647; x_wconf 88' lang='lat' dir='ltr'><strong>in</strong></span> <span class='ocrx_word' id='word_1_289' title='bbox 852 2594 1029 2663; x_wconf 82' lang='lat' dir='ltr'><strong>ignem</strong></span> <span class='ocrx_word' id='word_1_290' title='bbox 1057 2604 1357 2661; x_wconf 69' lang='lat' dir='ltr'><strong>aeternum;</strong></span> <span class='ocrx_word' id='word_1_291' title='bbox 1391 2594 1513 2649; x_wconf 88' lang='lat' dir='ltr'><strong>illos</strong></span> <span class='ocrx_word' id='word_1_292' title='bbox 1541 2609 1608 2649; x_wconf 90' lang='lat' dir='ltr'><strong>eo</strong></span> <span class='ocrx_word' id='word_1_293' title='bbox 1631 2594 1724 2649; x_wconf 91' lang='lat' dir='ltr'><strong>ubi</strong></span> <span class='ocrx_word' id='word_1_294' title='bbox 1761 2593 1921 2649; x_wconf 85' lang='lat' dir='ltr'><strong>ﬂetus</strong></span> 
     </span>
    </p>
   </div>
   <div class='ocr_carea' id='block_1_41' title="bbox 355 2684 1806 2751">
    <p class='ocr_par' dir='ltr' id='par_1_41' title="bbox 355 2684 1806 2751">
     <span class='ocr_line' id='line_1_41' title="bbox 355 2684 1806 2751; baseline 0.001 -13"><span class='ocrx_word' id='word_1_295' title='bbox 355 2693 410 2738; x_wconf 77' lang='lat' dir='ltr'><strong>et</strong></span> <span class='ocrx_word' id='word_1_296' title='bbox 447 2686 645 2738; x_wconf 88' lang='lat' dir='ltr'><strong>stridor</strong></span> <span class='ocrx_word' id='word_1_297' title='bbox 673 2685 938 2751; x_wconf 86' lang='lat' dir='ltr'><strong>dentium,</strong></span> <span class='ocrx_word' id='word_1_298' title='bbox 972 2684 1109 2741; x_wconf 88' lang='lat' dir='ltr'><strong>alios</strong></span> <span class='ocrx_word' id='word_1_299' title='bbox 1133 2687 1189 2739; x_wconf 89' lang='lat' dir='ltr'><strong>in</strong></span> <span class='ocrx_word' id='word_1_300' title='bbox 1215 2686 1466 2741; x_wconf 83' lang='lat' dir='ltr'><strong>tenebras</strong></span> <span class='ocrx_word' id='word_1_301' title='bbox 1488 2686 1806 2741; x_wconf 81' lang='lat' dir='ltr'><strong>exteriores.</strong></span> 
     </span>
    </p>
   </div>
   <div class='ocr_carea' id='block_1_42' title="bbox 2027 1842 3595 1921">
    <p class='ocr_par' dir='ltr' id='par_1_42' title="bbox 2027 1842 3595 1921">
     <span class='ocr_line' id='line_1_42' title="bbox 2027 1842 3595 1921; baseline -0.001 -17"><span class='ocrx_word' id='word_1_302' title='bbox 2027 1852 2149 1905; x_wconf 73' lang='grc' dir='ltr'>ἀντὶ</span> <span class='ocrx_word' id='word_1_303' title='bbox 2174 1851 2290 1913; x_wconf 76' lang='grc' dir='ltr'>τοῦ,</span> <span class='ocrx_word' id='word_1_304' title='bbox 2332 1851 2750 1921; x_wconf 82' lang='grc' dir='ltr'>Ὀμολογήσουσι</span> <span class='ocrx_word' id='word_1_305' title='bbox 2792 1852 3218 1920; x_wconf 80' lang='grc' dir='ltr'>μετανοήσαντες</span> <span class='ocrx_word' id='word_1_306' title='bbox 3250 1850 3332 1918; x_wconf 80' lang='grc' dir='ltr'><strong>ἐφ’</strong></span> <span class='ocrx_word' id='word_1_307' title='bbox 3368 1842 3449 1912; x_wconf 77' lang='grc' dir='ltr'>οἷς</span> <span class='ocrx_word' id='word_1_308' title='bbox 3482 1866 3595 1903; x_wconf 74' lang='grc' dir='ltr'>τοιο</span> 
     </span>
    </p>
   </div>
   <div class='ocr_carea' id='block_1_43' title="bbox 2027 1942 3597 2016">
    <p class='ocr_par' dir='ltr' id='par_1_43' title="bbox 2027 1942 3597 2016">
     <span class='ocr_line' id='line_1_43' title="bbox 2027 1942 3597 2016; baseline -0.001 -20"><span class='ocrx_word' id='word_1_309' title='bbox 2027 1945 2197 2016; x_wconf 76' lang='grc' dir='ltr'>αὐτην</span> <span class='ocrx_word' id='word_1_310' title='bbox 2235 1944 2475 1997; x_wconf 76' lang='grc' dir='ltr'>ὥδευσαν</span> <span class='ocrx_word' id='word_1_311' title='bbox 2506 1943 2710 2015; x_wconf 75' lang='grc' dir='ltr'>τρίϐον,</span> <span class='ocrx_word' id='word_1_312' title='bbox 2738 1943 2826 1997; x_wconf 81' lang='grc' dir='ltr'>ὅτε</span> <span class='ocrx_word' id='word_1_313' title='bbox 2852 1943 2950 2013; x_wconf 79' lang='grc' dir='ltr'>οὐχ</span> <span class='ocrx_word' id='word_1_314' title='bbox 2973 1942 3152 2009; x_wconf 74' lang='grc' dir='ltr'>ἕξουσι</span> <span class='ocrx_word' id='word_1_315' title='bbox 3178 1942 3278 2013; x_wconf 77' lang='grc' dir='ltr'><strong>τῆς</strong></span> <span class='ocrx_word' id='word_1_316' title='bbox 3313 1944 3597 2013; x_wconf 84' lang='grc' dir='ltr'>μετανοίας</span> 
     </span>
    </p>
   </div>
   <div class='ocr_carea' id='block_1_44' title="bbox 2028 2034 2237 2105">
    <p class='ocr_par' dir='ltr' id='par_1_44' title="bbox 2028 2034 2237 2105">
     <span class='ocr_line' id='line_1_44' title="bbox 2028 2034 2237 2105; baseline -0.019 -16"><span class='ocrx_word' id='word_1_317' title='bbox 2028 2034 2237 2105; x_wconf 75' lang='grc' dir='ltr'>καιρόν.</span> 
     </span>
    </p>
   </div>
   <div class='ocr_carea' id='block_1_45' title="bbox 2106 2122 3599 2196">
    <p class='ocr_par' dir='ltr' id='par_1_45' title="bbox 2106 2122 3599 2196">
     <span class='ocr_line' id='line_1_45' title="bbox 2106 2122 3599 2196; baseline -0.002 -18"><span class='ocrx_word' id='word_1_318' title='bbox 2106 2127 2203 2190; x_wconf 83' lang='grc' dir='ltr'>Ὡς</span> <span class='ocrx_word' id='word_1_319' title='bbox 2231 2126 2493 2192; x_wconf 78' lang='grc' dir='ltr'>πρόϐατα</span> <span class='ocrx_word' id='word_1_320' title='bbox 2512 2124 2583 2177; x_wconf 78' lang='grc' dir='ltr'>ἐν</span> <span class='ocrx_word' id='word_1_321' title='bbox 2603 2122 2717 2192; x_wconf 78' lang='grc' dir='ltr'><strong>ᾄδῃ</strong></span> <span class='ocrx_word' id='word_1_322' title='bbox 2743 2122 2966 2177; x_wconf 78' lang='grc' dir='ltr'>ἔθεντο.</span> <span class='ocrx_word' id='word_1_323' title='bbox 3019 2125 3237 2196; x_wconf 77' lang='grc' dir='ltr'>Ἐπειδὴ</span> <span class='ocrx_word' id='word_1_324' title='bbox 3278 2126 3377 2178; x_wconf 79' lang='grc' dir='ltr'><strong>οὐκ</strong></span> <span class='ocrx_word' id='word_1_325' title='bbox 3403 2124 3599 2196; x_wconf 60' lang='grc' dir='ltr'>ἠθέλη·</span> 
     </span>
    </p>
   </div>
   <div class='ocr_carea' id='block_1_46' title="bbox 2025 2210 3600 2287">
    <p class='ocr_par' dir='ltr' id='par_1_46' title="bbox 2025 2210 3600 2287">
     <span class='ocr_line' id='line_1_46' title="bbox 2025 2210 3600 2287; baseline 0 -17"><span class='ocrx_word' id='word_1_326' title='bbox 2025 2235 2125 2271; x_wconf 88' lang='grc' dir='ltr'><strong>σαν</strong></span> <span class='ocrx_word' id='word_1_327' title='bbox 2154 2217 2260 2270; x_wconf 78' lang='grc' dir='ltr'>ὑπὸ</span> <span class='ocrx_word' id='word_1_328' title='bbox 2286 2216 2378 2270; x_wconf 82' lang='grc' dir='ltr'><strong>τὸν</strong></span> <span class='ocrx_word' id='word_1_329' title='bbox 2409 2216 2619 2284; x_wconf 76' lang='grc' dir='ltr'>ἀγαθὸν</span> <span class='ocrx_word' id='word_1_330' title='bbox 2648 2210 2786 2269; x_wconf 82' lang='grc' dir='ltr'>εἶναι</span> <span class='ocrx_word' id='word_1_331' title='bbox 2808 2216 3057 2286; x_wconf 84' lang='grc' dir='ltr'>ποιμένα,</span> <span class='ocrx_word' id='word_1_332' title='bbox 3097 2217 3231 2270; x_wconf 85' lang='grc' dir='ltr'><strong>ἀλλά</strong></span> <span class='ocrx_word' id='word_1_333' title='bbox 3262 2218 3362 2287; x_wconf 77' lang='grc' dir='ltr'><strong>τήν</strong></span> <span class='ocrx_word' id='word_1_334' title='bbox 3389 2217 3600 2270; x_wconf 77' lang='grc' dir='ltr'>ἑαυτῶν</span> 
     </span>
    </p>
   </div>
   <div class='ocr_carea' id='block_1_47' title="bbox 2022 2308 3597 2381">
    <p class='ocr_par' dir='ltr' id='par_1_47' title="bbox 2022 2308 3597 2381">
     <span class='ocr_line' id='line_1_47' title="bbox 2022 2308 3597 2381; baseline -0.005 -18"><span class='ocrx_word' id='word_1_335' title='bbox 2022 2310 2186 2381; x_wconf 80' lang='grc' dir='ltr'>τιμὴν</span> <span class='ocrx_word' id='word_1_336' title='bbox 2238 2309 2629 2378; x_wconf 77' lang='grc' dir='ltr'>ἀπωσάμενοι,</span> <span class='ocrx_word' id='word_1_337' title='bbox 2664 2308 3058 2379; x_wconf 80' lang='grc' dir='ltr'>παραπλησίως</span> <span class='ocrx_word' id='word_1_338' title='bbox 3114 2312 3226 2371; x_wconf 85' lang='grc' dir='ltr'>τοῖς</span> <span class='ocrx_word' id='word_1_339' title='bbox 3273 2313 3491 2380; x_wconf 73' lang='grc' dir='ltr'>κτήνεσι</span> <span class='ocrx_word' id='word_1_340' title='bbox 3527 2326 3597 2361; x_wconf 78' lang='grc' dir='ltr'><strong>τα</strong></span> 
     </span>
    </p>
   </div>
   <div class='ocr_carea' id='block_1_48' title="bbox 2026 2399 3599 2471">
    <p class='ocr_par' dir='ltr' id='par_1_48' title="bbox 2026 2399 3599 2471">
     <span class='ocr_line' id='line_1_48' title="bbox 2026 2399 3599 2471; baseline 0 -18"><span class='ocrx_word' id='word_1_341' title='bbox 2026 2400 2253 2470; x_wconf 84' lang='grc' dir='ltr'>σώματα</span> <span class='ocrx_word' id='word_1_342' title='bbox 2275 2400 2645 2471; x_wconf 76' lang='grc' dir='ltr'>διεφθάρησαν</span> <span class='ocrx_word' id='word_1_343' title='bbox 2662 2414 2677 2429; x_wconf 79' lang='grc'><strong>“</strong></span> <span class='ocrx_word' id='word_1_344' title='bbox 2704 2400 2875 2471; x_wconf 78' lang='grc' dir='ltr'>ταύτῃ</span> <span class='ocrx_word' id='word_1_345' title='bbox 2899 2417 2981 2454; x_wconf 90' lang='grc' dir='ltr'><strong>τοι</strong></span> <span class='ocrx_word' id='word_1_346' title='bbox 3008 2400 3104 2453; x_wconf 72' lang='grc' dir='ltr'>καὶ</span> <span class='ocrx_word' id='word_1_347' title='bbox 3131 2399 3421 2471; x_wconf 77' lang='grc' dir='ltr'>θρέμματα</span> <span class='ocrx_word' id='word_1_348' title='bbox 3440 2417 3599 2467; x_wconf 74' lang='grc' dir='ltr'>γεγοο</span> 
     </span>
    </p>
   </div>
   <div class='ocr_carea' id='block_1_49' title="bbox 2022 2491 3595 2562">
    <p class='ocr_par' dir='ltr' id='par_1_49' title="bbox 2022 2491 3595 2562">
     <span class='ocr_line' id='line_1_49' title="bbox 2022 2491 3595 2562; baseline -0.001 -18"><span class='ocrx_word' id='word_1_349' title='bbox 2022 2509 2175 2546; x_wconf 84' lang='grc' dir='ltr'>νασιν</span> <span class='ocrx_word' id='word_1_350' title='bbox 2207 2491 2357 2561; x_wconf 78' lang='grc' dir='ltr'>ᾅδου,</span> <span class='ocrx_word' id='word_1_351' title='bbox 2385 2491 2460 2555; x_wconf 80' lang='grc' dir='ltr'>ὡς</span> <span class='ocrx_word' id='word_1_352' title='bbox 2488 2493 2673 2545; x_wconf 76' lang='grc' dir='ltr'>λοιπὸν</span> <span class='ocrx_word' id='word_1_353' title='bbox 2711 2493 2873 2546; x_wconf 82' lang='grc' dir='ltr'>αὐτὸν</span> <span class='ocrx_word' id='word_1_354' title='bbox 2917 2492 3272 2562; x_wconf 81' lang='grc' dir='ltr'>ποιμαίνοντα</span> <span class='ocrx_word' id='word_1_355' title='bbox 3291 2493 3486 2554; x_wconf 73' lang='grc' dir='ltr'>αὐτοὺς</span> <span class='ocrx_word' id='word_1_356' title='bbox 3514 2494 3595 2553; x_wconf 87' lang='grc' dir='ltr'>εἰς</span> 
     </span>
    </p>
   </div>
   <div class='ocr_carea' id='block_1_50' title="bbox 2024 2582 3600 2654">
    <p class='ocr_par' dir='ltr' id='par_1_50' title="bbox 2024 2582 3600 2654">
     <span class='ocr_line' id='line_1_50' title="bbox 2024 2582 3600 2654; baseline -0.002 -18"><span class='ocrx_word' id='word_1_357' title='bbox 2024 2584 2120 2647; x_wconf 83' lang='grc' dir='ltr'>τὰς</span> <span class='ocrx_word' id='word_1_358' title='bbox 2151 2583 2314 2637; x_wconf 80' lang='grc' dir='ltr'>αὐτοῦ</span> <span class='ocrx_word' id='word_1_359' title='bbox 2355 2582 2525 2654; x_wconf 74' lang='grc' dir='ltr'>νομὰς</span> <span class='ocrx_word' id='word_1_360' title='bbox 2572 2582 2821 2649; x_wconf 77' lang='grc' dir='ltr'>ἀπάξειν,</span> <span class='ocrx_word' id='word_1_361' title='bbox 2852 2585 2976 2647; x_wconf 77' lang='grc' dir='ltr'>τοὺς</span> <span class='ocrx_word' id='word_1_362' title='bbox 3025 2584 3122 2653; x_wconf 86' lang='grc' dir='ltr'><strong>μὲν</strong></span> <span class='ocrx_word' id='word_1_363' title='bbox 3157 2586 3235 2647; x_wconf 78' lang='grc' dir='ltr'><strong>εἰς</strong></span> <span class='ocrx_word' id='word_1_364' title='bbox 3275 2583 3335 2636; x_wconf 81' lang='grc' dir='ltr'><strong>τὸ</strong></span> <span class='ocrx_word' id='word_1_365' title='bbox 3378 2582 3489 2654; x_wconf 78' lang='grc' dir='ltr'>πῦρ</span> <span class='ocrx_word' id='word_1_366' title='bbox 3534 2582 3600 2633; x_wconf 57' lang='grc' dir='ltr'><strong>’ὃ</strong></span> 
     </span>
    </p>
   </div>
   <div class='ocr_carea' id='block_1_51' title="bbox 2026 2670 3598 2746">
    <p class='ocr_par' dir='ltr' id='par_1_51' title="bbox 2026 2670 3598 2746">
     <span class='ocr_line' id='line_1_51' title="bbox 2026 2670 3598 2746; baseline -0.001 -17"><span class='ocrx_word' id='word_1_367' title='bbox 2026 2675 2261 2739; x_wconf 77' lang='grc' dir='ltr'>αἰώνιον,</span> <span class='ocrx_word' id='word_1_368' title='bbox 2291 2677 2416 2740; x_wconf 77' lang='grc' dir='ltr'>τοὺς</span> <span class='ocrx_word' id='word_1_369' title='bbox 2439 2675 2495 2730; x_wconf 80' lang='grc' dir='ltr'>δὲ</span> <span class='ocrx_word' id='word_1_370' title='bbox 2526 2677 2659 2729; x_wconf 84' lang='grc' dir='ltr'>ὅπου</span> <span class='ocrx_word' id='word_1_371' title='bbox 2694 2679 2722 2730; x_wconf 89' lang='grc' dir='ltr'>ὁ</span> <span class='ocrx_word' id='word_1_372' title='bbox 2754 2672 3026 2745; x_wconf 81' lang='grc' dir='ltr'>κλαυθμδς</span> <span class='ocrx_word' id='word_1_373' title='bbox 3054 2676 3149 2729; x_wconf 72' lang='grc' dir='ltr'><strong>καὶ</strong></span> <span class='ocrx_word' id='word_1_374' title='bbox 3200 2674 3440 2746; x_wconf 76' lang='grc' dir='ltr'>βρυγμὸς</span> <span class='ocrx_word' id='word_1_375' title='bbox 3485 2670 3598 2728; x_wconf 71' lang='grc' dir='ltr'>τῶι</span> 
     </span>
    </p>
   </div>
   <div class='ocr_carea' id='block_1_52' title="bbox 2024 2765 3324 2838">
    <p class='ocr_par' dir='ltr' id='par_1_52' title="bbox 2024 2765 3324 2838">
     <span class='ocr_line' id='line_1_52' title="bbox 2024 2765 3324 2838; baseline 0 -18"><span class='ocrx_word' id='word_1_376' title='bbox 2024 2766 2271 2831; x_wconf 76' lang='grc' dir='ltr'><strong>ὀδόντων,</strong></span> <span class='ocrx_word' id='word_1_377' title='bbox 2306 2768 2431 2830; x_wconf 82' lang='grc' dir='ltr'>τοὺς</span> <span class='ocrx_word' id='word_1_378' title='bbox 2454 2767 2510 2821; x_wconf 82' lang='grc' dir='ltr'>δὲ</span> <span class='ocrx_word' id='word_1_379' title='bbox 2542 2768 2622 2830; x_wconf 85' lang='grc' dir='ltr'><strong>είς</strong></span> <span class='ocrx_word' id='word_1_380' title='bbox 2655 2769 2713 2820; x_wconf 86' lang='grc' dir='ltr'><strong>τὸ</strong></span> <span class='ocrx_word' id='word_1_381' title='bbox 2742 2767 2930 2831; x_wconf 83' lang='grc' dir='ltr'>σκότος</span> <span class='ocrx_word' id='word_1_382' title='bbox 2953 2766 3015 2820; x_wconf 81' lang='grc' dir='ltr'><strong>τὸ</strong></span> <span class='ocrx_word' id='word_1_383' title='bbox 3042 2765 3324 2838; x_wconf 76' lang='grc' dir='ltr'>ἐξώτερον.</span> 
     </span>
    </p>
   </div>
   <div class='ocr_carea' id='block_1_53' title="bbox 428 2873 3595 2953">
    <p class='ocr_par' dir='ltr' id='par_1_53' title="bbox 428 2873 3595 2953">
     <span class='ocr_line' id='line_1_53' title="bbox 428 2873 3595 2953; baseline -0.002 -23"><span class='ocrx_word' id='word_1_384' title='bbox 428 2875 626 2946; x_wconf 77' lang='lat' dir='ltr'><strong>Adjicit</strong></span> <span class='ocrx_word' id='word_1_385' title='bbox 674 2876 862 2930; x_wconf 83' lang='lat' dir='ltr'><strong>Daniel</strong></span> <span class='ocrx_word' id='word_1_386' title='bbox 919 2875 1210 2931; x_wconf 83' lang='lat' dir='ltr'><strong>Barbarus.</strong></span> <span class='ocrx_word' id='word_1_387' title='bbox 1256 2875 1527 2929; x_wconf 85' lang='lat' dir='ltr'><strong>Caeterum</strong></span> <span class='ocrx_word' id='word_1_388' title='bbox 1570 2876 1727 2945; x_wconf 71' lang='lat' dir='ltr'><strong>juxta</strong></span> <span class='ocrx_word' id='word_1_389' title='bbox 1777 2873 2165 2946; x_wconf 84' lang='lat' dir='ltr'><strong>Symmachum</strong></span> <span class='ocrx_word' id='word_1_390' title='bbox 2214 2893 2229 2929; x_wconf 91' lang='lat'><strong>:</strong></span> <span class='ocrx_word' id='word_1_391' title='bbox 2272 2876 2396 2931; x_wconf 71' lang='lat' dir='ltr'><strong>Haec</strong></span> <span class='ocrx_word' id='word_1_392' title='bbox 2462 2876 2560 2953; x_wconf 49' lang='lat' dir='ltr'><strong>via.</strong></span> <span class='ocrx_word' id='word_1_393' title='bbox 2610 2877 2827 2930; x_wconf 86' lang='lat' dir='ltr'><strong>illorum</strong></span> <span class='ocrx_word' id='word_1_394' title='bbox 2881 2875 3165 2930; x_wconf 68' lang='lat' dir='ltr'><strong>dementiae</strong></span> <span class='ocrx_word' id='word_1_395' title='bbox 3200 2876 3353 2945; x_wconf 82' lang='lat' dir='ltr'><strong>ipsis,</strong></span> <span class='ocrx_word' id='word_1_396' title='bbox 3392 2884 3595 2947; x_wconf 66' lang='lat' dir='ltr'><strong>posteri</strong></span> 
     </span>
    </p>
   </div>
   <div class='ocr_carea' id='block_1_54' title="bbox 356 2968 1547 3036">
    <p class='ocr_par' dir='ltr' id='par_1_54' title="bbox 356 2968 1547 3036">
     <span class='ocr_line' id='line_1_54' title="bbox 356 2968 1547 3036; baseline 0.001 -17"><span class='ocrx_word' id='word_1_397' title='bbox 356 2982 484 3021; x_wconf 83' lang='lat' dir='ltr'><strong>vero</strong></span> <span class='ocrx_word' id='word_1_398' title='bbox 541 2968 756 3021; x_wconf 90' lang='lat' dir='ltr'><strong>illorum</strong></span> <span class='ocrx_word' id='word_1_399' title='bbox 807 2981 1112 3022; x_wconf 87' lang='lat' dir='ltr'><strong>sermonem</strong></span> <span class='ocrx_word' id='word_1_400' title='bbox 1167 2969 1476 3036; x_wconf 85' lang='lat' dir='ltr'><strong>probabunt</strong></span> <span class='ocrx_word' id='word_1_401' title='bbox 1530 2984 1547 3020; x_wconf 85' lang='lat'><strong>:</strong></span> 
     </span>
    </p>
   </div>
   <div class='ocr_carea' id='block_1_55' title="bbox 1606 2966 3669 3049">
    <p class='ocr_par' dir='ltr' id='par_1_55' title="bbox 1606 2966 3669 3049">
     <span class='ocr_line' id='line_1_55' title="bbox 1606 2966 3669 3049; baseline -0.002 -28"><span class='ocrx_word' id='word_1_402' title='bbox 1606 2981 1715 3021; x_wconf 89' lang='lat' dir='ltr'><strong>non</strong></span> <span class='ocrx_word' id='word_1_403' title='bbox 1770 2967 1916 3022; x_wconf 90' lang='lat' dir='ltr'><strong>enim</strong></span> <span class='ocrx_word' id='word_1_404' title='bbox 1957 2969 2146 3037; x_wconf 86' lang='lat' dir='ltr'><strong>primis</strong></span> <span class='ocrx_word' id='word_1_405' title='bbox 2177 2977 2263 3023; x_wconf 89' lang='lat' dir='ltr'><strong>sat</strong></span> <span class='ocrx_word' id='word_1_406' title='bbox 2302 2967 2405 3022; x_wconf 82' lang='lat' dir='ltr'><strong>fuit</strong></span> <span class='ocrx_word' id='word_1_407' title='bbox 2438 2969 2515 3022; x_wconf 91' lang='lat' dir='ltr'><strong>uti</strong></span> <span class='ocrx_word' id='word_1_408' title='bbox 2557 2967 2844 3022; x_wconf 64' lang='lat' dir='ltr'><strong>dementiae</strong></span> <span class='ocrx_word' id='word_1_409' title='bbox 2902 2967 3009 3029; x_wconf 88' lang='lat' dir='ltr'><strong>via,</strong></span> <span class='ocrx_word' id='word_1_410' title='bbox 3070 2966 3173 3020; x_wconf 89' lang='lat' dir='ltr'><strong>nisi</strong></span> <span class='ocrx_word' id='word_1_411' title='bbox 3213 2967 3372 3020; x_wconf 85' lang='lat' dir='ltr'><strong>etiam</strong></span> <span class='ocrx_word' id='word_1_412' title='bbox 3418 2966 3598 3049; x_wconf 58' lang='lat' dir='ltr'><strong>perniT</strong></span> <span class='ocrx_word' id='word_1_413' title='bbox 3664 3042 3669 3049; x_wconf 25' lang='grc' dir='ltr'>ί</span> 
     </span>
    </p>
   </div>
   <div class='ocr_carea' id='block_1_56' title="bbox 356 3043 3598 3130">
    <p class='ocr_par' dir='ltr' id='par_1_56' title="bbox 356 3043 3598 3130">
     <span class='ocr_line' id='line_1_56' title="bbox 356 3043 3598 3130; baseline -0.001 -14"><span class='ocrx_word' id='word_1_414' title='bbox 356 3061 564 3117; x_wconf 90' lang='lat' dir='ltr'><strong>ciosum</strong></span> <span class='ocrx_word' id='word_1_415' title='bbox 593 3060 824 3130; x_wconf 83' lang='lat' dir='ltr'><strong>posteris</strong></span> <span class='ocrx_word' id='word_1_416' title='bbox 854 3060 1162 3130; x_wconf 83' lang='lat' dir='ltr'><strong>exemplum</strong></span> <span class='ocrx_word' id='word_1_417' title='bbox 1198 3059 1328 3114; x_wconf 79' lang='lat' dir='ltr'><strong>facti</strong></span> <span class='ocrx_word' id='word_1_418' title='bbox 1374 3060 1552 3116; x_wconf 87' lang='lat' dir='ltr'><strong>simile</strong></span> <span class='ocrx_word' id='word_1_419' title='bbox 1612 3058 1682 3113; x_wconf 89' lang='lat' dir='ltr'><strong>ad</strong></span> <span class='ocrx_word' id='word_1_420' title='bbox 1742 3061 1829 3114; x_wconf 90' lang='lat' dir='ltr'><strong>sui</strong></span> <span class='ocrx_word' id='word_1_421' title='bbox 1879 3059 2240 3114; x_wconf 89' lang='lat' dir='ltr'><strong>imitationem</strong></span> <span class='ocrx_word' id='word_1_422' title='bbox 2286 3059 2528 3114; x_wconf 88' lang='lat' dir='ltr'><strong>studium</strong></span> <span class='ocrx_word' id='word_1_423' title='bbox 2591 3061 2696 3114; x_wconf 82' lang='lat' dir='ltr'><strong>illis</strong></span> <span class='ocrx_word' id='word_1_424' title='bbox 2745 3060 3136 3128; x_wconf 85' lang='lat' dir='ltr'><strong>relinquerent,</strong></span> <span class='ocrx_word' id='word_1_425' title='bbox 3194 3068 3252 3112; x_wconf 92' lang='lat' dir='ltr'><strong>ut</strong></span> <span class='ocrx_word' id='word_1_426' title='bbox 3298 3069 3351 3113; x_wconf 90' lang='lat' dir='ltr'><strong>et</strong></span> <span class='ocrx_word' id='word_1_427' title='bbox 3392 3043 3598 3127; x_wconf 70' lang='lat' dir='ltr'><strong>posteri</strong></span> 
     </span>
    </p>
   </div>
   <div class='ocr_carea' id='block_1_57' title="bbox 355 3151 2515 3221">
    <p class='ocr_par' dir='ltr' id='par_1_57' title="bbox 355 3151 2515 3221">
     <span class='ocr_line' id='line_1_57' title="bbox 355 3151 2515 3221; baseline -0.002 -15"><span class='ocrx_word' id='word_1_428' title='bbox 355 3152 411 3208; x_wconf 91' lang='lat' dir='ltr'><strong>in</strong></span> <span class='ocrx_word' id='word_1_429' title='bbox 438 3166 651 3207; x_wconf 88' lang='lat' dir='ltr'><strong>morum</strong></span> <span class='ocrx_word' id='word_1_430' title='bbox 697 3167 920 3207; x_wconf 89' lang='lat' dir='ltr'><strong>suorum</strong></span> <span class='ocrx_word' id='word_1_431' title='bbox 965 3152 1049 3206; x_wconf 81' lang='lat' dir='ltr'><strong>via</strong></span> <span class='ocrx_word' id='word_1_432' title='bbox 1077 3152 1180 3208; x_wconf 89' lang='lat' dir='ltr'><strong>sibi</strong></span> <span class='ocrx_word' id='word_1_433' title='bbox 1213 3153 1508 3221; x_wconf 87' lang='lat' dir='ltr'><strong>placerent,</strong></span> <span class='ocrx_word' id='word_1_434' title='bbox 1551 3160 1605 3206; x_wconf 93' lang='lat' dir='ltr'><strong>et</strong></span> <span class='ocrx_word' id='word_1_435' title='bbox 1631 3151 1752 3205; x_wconf 91' lang='lat' dir='ltr'><strong>illos</strong></span> <span class='ocrx_word' id='word_1_436' title='bbox 1786 3151 2090 3206; x_wconf 84' lang='lat' dir='ltr'><strong>imitatione</strong></span> <span class='ocrx_word' id='word_1_437' title='bbox 2137 3160 2515 3220; x_wconf 81' lang='lat' dir='ltr'><strong>sequerentur.</strong></span> 
     </span>
    </p>
   </div>
   <div class='ocr_carea' id='block_1_58' title="bbox 427 3240 1922 3312">
    <p class='ocr_par' dir='ltr' id='par_1_58' title="bbox 427 3241 1915 3312">
     <span class='ocr_line' id='line_1_58' title="bbox 427 3241 1915 3312; baseline 0 -16"><span class='ocrx_word' id='word_1_438' title='bbox 427 3242 495 3296; x_wconf 85' lang='lat' dir='ltr'><strong>Et</strong></span> <span class='ocrx_word' id='word_1_439' title='bbox 531 3242 943 3296; x_wconf 83' lang='lat' dir='ltr'><strong>dominabuntur</strong></span> <span class='ocrx_word' id='word_1_440' title='bbox 979 3258 1160 3296; x_wconf 89' lang='lat' dir='ltr'><strong>eorum</strong></span> <span class='ocrx_word' id='word_1_441' title='bbox 1179 3242 1319 3312; x_wconf 80' lang='lat' dir='ltr'><strong>justi</strong></span> <span class='ocrx_word' id='word_1_442' title='bbox 1366 3244 1422 3296; x_wconf 83' lang='lat' dir='ltr'><strong>in</strong></span> <span class='ocrx_word' id='word_1_443' title='bbox 1473 3245 1753 3297; x_wconf 85' lang='lat' dir='ltr'><strong>matutino.</strong></span> <span class='ocrx_word' id='word_1_444' title='bbox 1796 3241 1915 3296; x_wconf 84' lang='lat' dir='ltr'><strong>Non</strong></span> 
     </span>
    </p>
   </div>
   <div class='ocr_carea' id='block_1_59' title="bbox 2032 3240 3592 3312">
    <p class='ocr_par' dir='ltr' id='par_1_59' title="bbox 2090 3240 3592 3310">
     <span class='ocr_line' id='line_1_59' title="bbox 2090 3240 3592 3310; baseline 0 -14"><span class='ocrx_word' id='word_1_445' title='bbox 2090 3244 2196 3296; x_wconf 81' lang='lat' dir='ltr'><strong>Kal</strong></span> <span class='ocrx_word' id='word_1_446' title='bbox 2223 3241 2805 3310; x_wconf 78' lang='grc' dir='ltr'>κατακυριεύσευσιν</span> <span class='ocrx_word' id='word_1_447' title='bbox 2829 3241 3027 3296; x_wconf 81' lang='grc' dir='ltr'>αὐτῶν</span> <span class='ocrx_word' id='word_1_448' title='bbox 3047 3245 3100 3296; x_wconf 88' lang='lat' dir='ltr'><strong>ol</strong></span> <span class='ocrx_word' id='word_1_449' title='bbox 3119 3241 3310 3307; x_wconf 78' lang='grc' dir='ltr'>εὐθεῖς</span> <span class='ocrx_word' id='word_1_450' title='bbox 3336 3240 3401 3293; x_wconf 86' lang='grc' dir='ltr'>τὸ</span> <span class='ocrx_word' id='word_1_451' title='bbox 3423 3243 3592 3309; x_wconf 78' lang='grc' dir='ltr'>πρωΐ.</span> 
     </span>
    </p>
   </div>
   <div class='ocr_carea' id='block_1_60' title="bbox 355 3332 1922 3402">
    <p class='ocr_par' dir='ltr' id='par_1_60' title="bbox 355 3332 1922 3402">
     <span class='ocr_line' id='line_1_60' title="bbox 355 3332 1922 3402; baseline 0 -15"><span class='ocrx_word' id='word_1_452' title='bbox 355 3333 608 3397; x_wconf 88' lang='lat' dir='ltr'><strong>ulterius,</strong></span> <span class='ocrx_word' id='word_1_453' title='bbox 651 3332 1114 3402; x_wconf 87' lang='lat' dir='ltr'><strong>quemadmodum</strong></span> <span class='ocrx_word' id='word_1_454' title='bbox 1151 3333 1207 3386; x_wconf 92' lang='lat' dir='ltr'><strong>in</strong></span> <span class='ocrx_word' id='word_1_455' title='bbox 1252 3334 1355 3387; x_wconf 90' lang='lat' dir='ltr'><strong>hac</strong></span> <span class='ocrx_word' id='word_1_456' title='bbox 1398 3333 1505 3386; x_wconf 83' lang='lat' dir='ltr'><strong>vita</strong></span> <span class='ocrx_word' id='word_1_457' title='bbox 1545 3348 1670 3387; x_wconf 89' lang='lat' dir='ltr'><strong>cum</strong></span> <span class='ocrx_word' id='word_1_458' title='bbox 1716 3342 1922 3398; x_wconf 86' lang='lat' dir='ltr'><strong>essent,</strong></span> 
     </span>
    </p>
   </div>
   <div class='ocr_carea' id='block_1_61' title="bbox 353 3423 1924 3493">
    <p class='ocr_par' dir='ltr' id='par_1_61' title="bbox 353 3423 1924 3493">
     <span class='ocr_line' id='line_1_61' title="bbox 353 3423 1924 3493; baseline -0.002 -13"><span class='ocrx_word' id='word_1_459' title='bbox 353 3423 620 3480; x_wconf 81' lang='lat' dir='ltr'><strong>adversus</strong></span> <span class='ocrx_word' id='word_1_460' title='bbox 674 3425 797 3493; x_wconf 88' lang='lat' dir='ltr'><strong>pios</strong></span> <span class='ocrx_word' id='word_1_461' title='bbox 851 3423 1100 3479; x_wconf 89' lang='lat' dir='ltr'><strong>homines</strong></span> <span class='ocrx_word' id='word_1_462' title='bbox 1151 3423 1476 3493; x_wconf 87' lang='lat' dir='ltr'><strong>insurgunt;</strong></span> <span class='ocrx_word' id='word_1_463' title='bbox 1507 3439 1695 3478; x_wconf 88' lang='lat' dir='ltr'><strong>verum</strong></span> <span class='ocrx_word' id='word_1_464' title='bbox 1733 3434 1924 3479; x_wconf 87' lang='lat' dir='ltr'><strong>contra</strong></span> 
     </span>
    </p>
   </div>
   <div class='ocr_carea' id='block_1_62' title="bbox 354 3514 1926 3584">
    <p class='ocr_par' dir='ltr' id='par_1_62' title="bbox 354 3514 1926 3584">
     <span class='ocr_line' id='line_1_62' title="bbox 354 3514 1926 3584; baseline -0.001 -12"><span class='ocrx_word' id='word_1_465' title='bbox 354 3517 448 3572; x_wconf 81' lang='lat' dir='ltr'><strong>cui</strong></span> <span class='ocrx_word' id='word_1_466' title='bbox 480 3515 747 3570; x_wconf 89' lang='lat' dir='ltr'><strong>matutino</strong></span> <span class='ocrx_word' id='word_1_467' title='bbox 788 3525 1031 3584; x_wconf 86' lang='lat' dir='ltr'><strong>tempore</strong></span> <span class='ocrx_word' id='word_1_468' title='bbox 1071 3514 1278 3584; x_wconf 76' lang='lat' dir='ltr'><strong>dignati</strong></span> <span class='ocrx_word' id='word_1_469' title='bbox 1328 3526 1458 3570; x_wconf 90' lang='lat' dir='ltr'><strong>sunt</strong></span> <span class='ocrx_word' id='word_1_470' title='bbox 1498 3525 1555 3570; x_wconf 92' lang='lat' dir='ltr'><strong>et</strong></span> <span class='ocrx_word' id='word_1_471' title='bbox 1583 3531 1726 3570; x_wconf 81' lang='lat' dir='ltr'><strong>noro</strong></span> <span class='ocrx_word' id='word_1_472' title='bbox 1763 3516 1926 3570; x_wconf 80' lang='lat' dir='ltr'><strong>Iunti—</strong></span> 
     </span>
    </p>
   </div>
   <div class='ocr_carea' id='block_1_63' title="bbox 355 3603 1926 3674">
    <p class='ocr_par' dir='ltr' id='par_1_63' title="bbox 355 3603 1926 3674">
     <span class='ocr_line' id='line_1_63' title="bbox 355 3603 1926 3674; baseline 0.001 -16"><span class='ocrx_word' id='word_1_473' title='bbox 355 3620 447 3671; x_wconf 71' lang='grc' dir='ltr'>ιιι,</span> <span class='ocrx_word' id='word_1_474' title='bbox 493 3604 676 3674; x_wconf 88' lang='lat' dir='ltr'><strong>impiis</strong></span> <span class='ocrx_word' id='word_1_475' title='bbox 707 3604 1072 3672; x_wconf 86' lang='lat' dir='ltr'><strong>imperabunt.</strong></span> <span class='ocrx_word' id='word_1_476' title='bbox 1126 3603 1197 3657; x_wconf 87' lang='lat' dir='ltr'><strong>Et</strong></span> <span class='ocrx_word' id='word_1_477' title='bbox 1248 3606 1509 3658; x_wconf 73' lang='lat' dir='ltr'><strong>auxilium</strong></span> <span class='ocrx_word' id='word_1_478' title='bbox 1551 3623 1730 3660; x_wconf 86' lang='lat' dir='ltr'><strong>eorum</strong></span> <span class='ocrx_word' id='word_1_479' title='bbox 1791 3615 1926 3660; x_wconf 79' lang='lat' dir='ltr'><strong>vete-</strong></span> 
     </span>
    </p>
   </div>
   <div class='ocr_carea' id='block_1_64' title="bbox 355 3695 1924 3766">
    <p class='ocr_par' dir='ltr' id='par_1_64' title="bbox 355 3695 1924 3766">
     <span class='ocr_line' id='line_1_64' title="bbox 355 3695 1924 3766; baseline 0.003 -17"><span class='ocrx_word' id='word_1_480' title='bbox 355 3697 602 3765; x_wconf 76' lang='lat' dir='ltr'><strong>rascetiu</strong></span> <span class='ocrx_word' id='word_1_481' title='bbox 645 3696 874 3766; x_wconf 74' lang='lat' dir='ltr'><strong>inferno,</strong></span> <span class='ocrx_word' id='word_1_482' title='bbox 902 3706 1007 3753; x_wconf 89' lang='lat' dir='ltr'><strong>etc.</strong></span> <span class='ocrx_word' id='word_1_483' title='bbox 1051 3695 1244 3760; x_wconf 87' lang='lat' dir='ltr'><strong>Omne,</strong></span> <span class='ocrx_word' id='word_1_484' title='bbox 1283 3697 1479 3766; x_wconf 90' lang='lat' dir='ltr'><strong>inquit,</strong></span> <span class='ocrx_word' id='word_1_485' title='bbox 1516 3699 1780 3752; x_wconf 75' lang='lat' dir='ltr'><strong>auxilium</strong></span> <span class='ocrx_word' id='word_1_486' title='bbox 1826 3713 1924 3753; x_wconf 83' lang='lat' dir='ltr'><strong>eo-</strong></span> 
     </span>
    </p>
   </div>
   <div class='ocr_carea' id='block_1_65' title="bbox 354 3788 1922 3861">
    <p class='ocr_par' dir='ltr' id='par_1_65' title="bbox 354 3788 1922 3861">
     <span class='ocr_line' id='line_1_65' title="bbox 354 3788 1922 3861; baseline 0.001 -19"><span class='ocrx_word' id='word_1_487' title='bbox 354 3803 498 3854; x_wconf 85' lang='lat' dir='ltr'><strong>rum,</strong></span> <span class='ocrx_word' id='word_1_488' title='bbox 544 3789 753 3842; x_wconf 85' lang='lat' dir='ltr'><strong>scilicet</strong></span> <span class='ocrx_word' id='word_1_489' title='bbox 783 3788 963 3843; x_wconf 88' lang='lat' dir='ltr'><strong>virtus</strong></span> <span class='ocrx_word' id='word_1_490' title='bbox 1006 3803 1173 3858; x_wconf 90' lang='lat' dir='ltr'><strong>quam</strong></span> <span class='ocrx_word' id='word_1_491' title='bbox 1231 3788 1550 3844; x_wconf 74' lang='lat' dir='ltr'><strong>obtinebant</strong></span> <span class='ocrx_word' id='word_1_492' title='bbox 1597 3805 1665 3844; x_wconf 78' lang='lat' dir='ltr'><strong>ex</strong></span> <span class='ocrx_word' id='word_1_493' title='bbox 1702 3790 1875 3861; x_wconf 80' lang='lat' dir='ltr'><strong>gloria</strong></span> <span class='ocrx_word' id='word_1_494' title='bbox 1905 3832 1922 3857; x_wconf 88' lang='lat'><strong>,</strong></span> 
     </span>
    </p>
   </div>
   <div class='ocr_carea' id='block_1_66' title="bbox 354 3877 1927 3950">
    <p class='ocr_par' dir='ltr' id='par_1_66' title="bbox 354 3877 1927 3950">
     <span class='ocr_line' id='line_1_66' title="bbox 354 3877 1927 3950; baseline 0.002 -19"><span class='ocrx_word' id='word_1_495' title='bbox 354 3886 529 3932; x_wconf 81' lang='lat' dir='ltr'><strong>morte</strong></span> <span class='ocrx_word' id='word_1_496' title='bbox 561 3877 911 3933; x_wconf 79' lang='lat' dir='ltr'><strong>dissolvetur.</strong></span> <span class='ocrx_word' id='word_1_497' title='bbox 953 3877 1091 3933; x_wconf 88' lang='lat' dir='ltr'><strong>lllud</strong></span> <span class='ocrx_word' id='word_1_498' title='bbox 1119 3879 1291 3942; x_wconf 88' lang='lat' dir='ltr'><strong>enim,</strong></span> <span class='ocrx_word' id='word_1_499' title='bbox 1328 3890 1628 3947; x_wconf 76' lang='lat' dir='ltr'><strong>veterascet,</strong></span> <span class='ocrx_word' id='word_1_500' title='bbox 1668 3895 1768 3950; x_wconf 91' lang='lat' dir='ltr'><strong>pro</strong></span> <span class='ocrx_word' id='word_1_501' title='bbox 1814 3881 1927 3936; x_wconf 82' lang='lat' dir='ltr'><strong>sol-</strong></span> 
     </span>
    </p>
   </div>
   <div class='ocr_carea' id='block_1_67' title="bbox 356 3969 927 4040">
    <p class='ocr_par' dir='ltr' id='par_1_67' title="bbox 356 3969 927 4040">
     <span class='ocr_line' id='line_1_67' title="bbox 356 3969 927 4040; baseline -0.004 -16"><span class='ocrx_word' id='word_1_502' title='bbox 356 3978 511 4024; x_wconf 67' lang='lat' dir='ltr'><strong>vetor</strong></span> <span class='ocrx_word' id='word_1_503' title='bbox 540 3969 776 4040; x_wconf 86' lang='lat' dir='ltr'><strong>positum</strong></span> <span class='ocrx_word' id='word_1_504' title='bbox 821 3979 927 4024; x_wconf 88' lang='lat' dir='ltr'><strong>est.</strong></span> 
     </span>
    </p>
   </div>
   <div class='ocr_carea' id='block_1_68' title="bbox 431 4058 1925 4119">
    <p class='ocr_par' dir='ltr' id='par_1_68' title="bbox 431 4058 1925 4119">
     <span class='ocr_line' id='line_1_68' title="bbox 431 4058 1925 4119; baseline 0.004 -6"><span class='ocrx_word' id='word_1_505' title='bbox 431 4058 520 4114; x_wconf 80' lang='grc'>16.</span> <span class='ocrx_word' id='word_1_506' title='bbox 597 4058 965 4115; x_wconf 82' lang='lat' dir='ltr'><strong>Verumtamen</strong></span> <span class='ocrx_word' id='word_1_507' title='bbox 1019 4061 1155 4117; x_wconf 80' lang='lat' dir='ltr'><strong>Deus</strong></span> <span class='ocrx_word' id='word_1_508' title='bbox 1211 4062 1427 4117; x_wconf 87' lang='lat' dir='ltr'><strong>redimet</strong></span> <span class='ocrx_word' id='word_1_509' title='bbox 1475 4065 1708 4117; x_wconf 82' lang='lat' dir='ltr'><strong>animam</strong></span> <span class='ocrx_word' id='word_1_510' title='bbox 1752 4081 1925 4119; x_wconf 85' lang='lat' dir='ltr'><strong>meam</strong></span> 
     </span>
    </p>
   </div>
   <div class='ocr_carea' id='block_1_69' title="bbox 352 4152 1921 4226">
    <p class='ocr_par' dir='ltr' id='par_1_69' title="bbox 352 4152 1921 4226">
     <span class='ocr_line' id='line_1_69' title="bbox 352 4152 1921 4226; baseline 0.005 -23"><span class='ocrx_word' id='word_1_511' title='bbox 352 4152 417 4205; x_wconf 83' lang='lat' dir='ltr'><strong>de</strong></span> <span class='ocrx_word' id='word_1_512' title='bbox 441 4167 600 4204; x_wconf 81' lang='lat' dir='ltr'><strong>manu</strong></span> <span class='ocrx_word' id='word_1_513' title='bbox 640 4153 819 4222; x_wconf 77' lang='lat' dir='ltr'><strong>inferi,</strong></span> <span class='ocrx_word' id='word_1_514' title='bbox 863 4170 982 4206; x_wconf 84' lang='lat' dir='ltr'><strong>cum</strong></span> <span class='ocrx_word' id='word_1_515' title='bbox 1014 4156 1268 4224; x_wconf 84' lang='lat' dir='ltr'><strong>acceperit</strong></span> <span class='ocrx_word' id='word_1_516' title='bbox 1300 4172 1401 4209; x_wconf 88' lang='lat' dir='ltr'><strong>me.</strong></span> <span class='ocrx_word' id='word_1_517' title='bbox 1450 4154 1575 4223; x_wconf 82' lang='lat' dir='ltr'><strong>Mei,</strong></span> <span class='ocrx_word' id='word_1_518' title='bbox 1611 4157 1807 4226; x_wconf 88' lang='lat' dir='ltr'><strong>inquit,</strong></span> <span class='ocrx_word' id='word_1_519' title='bbox 1844 4159 1921 4212; x_wconf 87' lang='lat' dir='ltr'><strong>ita</strong></span> 
     </span>
    </p>
   </div>
   <div class='ocr_carea' id='block_1_70' title="bbox 356 4243 1919 4314">
    <p class='ocr_par' dir='ltr' id='par_1_70' title="bbox 356 4243 1919 4314">
     <span class='ocr_line' id='line_1_70' title="bbox 356 4243 1919 4314; baseline 0.007 -21"><span class='ocrx_word' id='word_1_520' title='bbox 356 4243 627 4311; x_wconf 81' lang='lat' dir='ltr'><strong>loquentis</strong></span> <span class='ocrx_word' id='word_1_521' title='bbox 666 4245 904 4299; x_wconf 88' lang='lat' dir='ltr'><strong>animam</strong></span> <span class='ocrx_word' id='word_1_522' title='bbox 939 4245 1170 4300; x_wconf 90' lang='lat' dir='ltr'><strong>redimet</strong></span> <span class='ocrx_word' id='word_1_523' title='bbox 1200 4246 1363 4314; x_wconf 89' lang='lat' dir='ltr'><strong>Deus,</strong></span> <span class='ocrx_word' id='word_1_524' title='bbox 1400 4259 1555 4302; x_wconf 88' lang='lat' dir='ltr'><strong>utne</strong></span> <span class='ocrx_word' id='word_1_525' title='bbox 1597 4264 1704 4303; x_wconf 88' lang='lat' dir='ltr'><strong>una</strong></span> <span class='ocrx_word' id='word_1_526' title='bbox 1745 4250 1919 4303; x_wconf 90' lang='lat' dir='ltr'><strong>abdu-</strong></span> 
     </span>
    </p>
   </div>
   <div class='ocr_carea' id='block_1_71' title="bbox 354 4334 1680 4401">
    <p class='ocr_par' dir='ltr' id='par_1_71' title="bbox 354 4334 1680 4401">
     <span class='ocr_line' id='line_1_71' title="bbox 354 4334 1680 4401; baseline 0.007 -13"><span class='ocrx_word' id='word_1_527' title='bbox 354 4344 506 4388; x_wconf 88' lang='lat' dir='ltr'><strong>catur</strong></span> <span class='ocrx_word' id='word_1_528' title='bbox 531 4334 646 4401; x_wconf 88' lang='lat' dir='ltr'><strong>illa,</strong></span> <span class='ocrx_word' id='word_1_529' title='bbox 680 4344 735 4389; x_wconf 91' lang='lat' dir='ltr'><strong>et</strong></span> <span class='ocrx_word' id='word_1_530' title='bbox 767 4337 1047 4391; x_wconf 88' lang='lat' dir='ltr'><strong>deseratur</strong></span> <span class='ocrx_word' id='word_1_531' title='bbox 1081 4355 1204 4393; x_wconf 91' lang='lat' dir='ltr'><strong>cum</strong></span> <span class='ocrx_word' id='word_1_532' title='bbox 1237 4340 1431 4395; x_wconf 90' lang='lat' dir='ltr'><strong>ovibus</strong></span> <span class='ocrx_word' id='word_1_533' title='bbox 1459 4341 1680 4397; x_wconf 82' lang='lat' dir='ltr'><strong>inferni.</strong></span> 
     </span>
    </p>
   </div>
   <div class='ocr_carea' id='block_1_72' title="bbox 433 4507 1913 4588">
    <p class='ocr_par' dir='ltr' id='par_1_72' title="bbox 433 4507 1913 4588">
     <span class='ocr_line' id='line_1_72' title="bbox 433 4507 1913 4588; baseline 0.007 -25"><span class='ocrx_word' id='word_1_534' title='bbox 433 4507 523 4564; x_wconf 82' lang='grc'><strong>17.</strong></span> <span class='ocrx_word' id='word_1_535' title='bbox 558 4507 641 4564; x_wconf 89' lang='lat' dir='ltr'><strong>Ne</strong></span> <span class='ocrx_word' id='word_1_536' title='bbox 669 4511 903 4567; x_wconf 85' lang='lat' dir='ltr'><strong>timueris</strong></span> <span class='ocrx_word' id='word_1_537' title='bbox 947 4531 1066 4568; x_wconf 89' lang='lat' dir='ltr'><strong>cum</strong></span> <span class='ocrx_word' id='word_1_538' title='bbox 1109 4516 1253 4573; x_wconf 82' lang='lat' dir='ltr'><strong>dives</strong></span> <span class='ocrx_word' id='word_1_539' title='bbox 1303 4518 1477 4588; x_wconf 83' lang='lat' dir='ltr'><strong>factus</strong></span> <span class='ocrx_word' id='word_1_540' title='bbox 1528 4520 1687 4588; x_wconf 80' lang='lat' dir='ltr'><strong>fuerit</strong></span> <span class='ocrx_word' id='word_1_541' title='bbox 1741 4522 1913 4576; x_wconf 79' lang='lat' dir='ltr'><strong>homo.</strong></span> 
     </span>
    </p>
   </div>
   <div class='ocr_carea' id='block_1_73' title="bbox 352 4599 1919 4685">
    <p class='ocr_par' dir='ltr' id='par_1_73' title="bbox 352 4599 1919 4685">
     <span class='ocr_line' id='line_1_73' title="bbox 352 4599 1919 4685; baseline 0.009 -28"><span class='ocrx_word' id='word_1_542' title='bbox 352 4599 490 4657; x_wconf 73' lang='lat' dir='ltr'><strong>Cum</strong></span> <span class='ocrx_word' id='word_1_543' title='bbox 519 4602 794 4670; x_wconf 89' lang='lat' dir='ltr'><strong>didiceris,</strong></span> <span class='ocrx_word' id='word_1_544' title='bbox 826 4606 922 4671; x_wconf 91' lang='lat' dir='ltr'><strong>ait,</strong></span> <span class='ocrx_word' id='word_1_545' title='bbox 974 4610 1067 4678; x_wconf 93' lang='lat' dir='ltr'><strong>qui</strong></span> <span class='ocrx_word' id='word_1_546' title='bbox 1118 4610 1244 4666; x_wconf 83' lang='lat' dir='ltr'><strong>linis</strong></span> <span class='ocrx_word' id='word_1_547' title='bbox 1312 4615 1419 4667; x_wconf 89' lang='lat' dir='ltr'><strong>erit</strong></span> <span class='ocrx_word' id='word_1_548' title='bbox 1475 4614 1787 4685; x_wconf 88' lang='lat' dir='ltr'><strong>impiorum,</strong></span> <span class='ocrx_word' id='word_1_549' title='bbox 1848 4632 1919 4671; x_wconf 90' lang='lat' dir='ltr'><strong>ne</strong></span> 
     </span>
    </p>
   </div>
   <div class='ocr_carea' id='block_1_74' title="bbox 355 4690 1917 4777">
    <p class='ocr_par' dir='ltr' id='par_1_74' title="bbox 355 4690 1917 4777">
     <span class='ocr_line' id='line_1_74' title="bbox 355 4690 1917 4777; baseline 0.012 -32"><span class='ocrx_word' id='word_1_550' title='bbox 355 4690 543 4748; x_wconf 85' lang='lat' dir='ltr'><strong>beatos</strong></span> <span class='ocrx_word' id='word_1_551' title='bbox 567 4693 831 4762; x_wconf 62' lang='lat' dir='ltr'><strong>praedices</strong></span> <span class='ocrx_word' id='word_1_552' title='bbox 867 4713 963 4754; x_wconf 89' lang='lat' dir='ltr'><strong>eos</strong></span> <span class='ocrx_word' id='word_1_553' title='bbox 993 4701 1086 4768; x_wconf 90' lang='lat' dir='ltr'><strong>qui</strong></span> <span class='ocrx_word' id='word_1_554' title='bbox 1121 4700 1173 4754; x_wconf 93' lang='lat' dir='ltr'><strong>in</strong></span> <span class='ocrx_word' id='word_1_555' title='bbox 1209 4702 1318 4759; x_wconf 88' lang='lat' dir='ltr'><strong>vita</strong></span> <span class='ocrx_word' id='word_1_556' title='bbox 1354 4703 1550 4760; x_wconf 90' lang='lat' dir='ltr'><strong>divites</strong></span> <span class='ocrx_word' id='word_1_557' title='bbox 1579 4716 1635 4761; x_wconf 91' lang='lat' dir='ltr'><strong>et</strong></span> <span class='ocrx_word' id='word_1_558' title='bbox 1675 4708 1917 4777; x_wconf 85' lang='lat' dir='ltr'><strong>opulenti</strong></span> 
     </span>
    </p>
   </div>
   <div class='ocr_carea' id='block_1_75' title="bbox 352 4788 1920 4865">
    <p class='ocr_par' dir='ltr' id='par_1_75' title="bbox 352 4788 1920 4865">
     <span class='ocr_line' id='line_1_75' title="bbox 352 4788 1920 4865; baseline 0.012 -28"><span class='ocrx_word' id='word_1_559' title='bbox 352 4793 501 4849; x_wconf 85' lang='lat' dir='ltr'><strong>sunt,</strong></span> <span class='ocrx_word' id='word_1_560' title='bbox 534 4802 640 4840; x_wconf 90' lang='lat' dir='ltr'><strong>non</strong></span> <span class='ocrx_word' id='word_1_561' title='bbox 674 4788 869 4845; x_wconf 78' lang='lat' dir='ltr'><strong>timeas</strong></span> <span class='ocrx_word' id='word_1_562' title='bbox 894 4794 1053 4860; x_wconf 84' lang='lat' dir='ltr'><strong>quasi</strong></span> <span class='ocrx_word' id='word_1_563' title='bbox 1100 4796 1248 4848; x_wconf 92' lang='lat' dir='ltr'><strong>omni</strong></span> <span class='ocrx_word' id='word_1_564' title='bbox 1296 4811 1390 4865; x_wconf 89' lang='lat' dir='ltr'><strong>spe</strong></span> <span class='ocrx_word' id='word_1_565' title='bbox 1434 4798 1785 4863; x_wconf 87' lang='lat' dir='ltr'><strong>interclusus,</strong></span> <span class='ocrx_word' id='word_1_566' title='bbox 1821 4816 1920 4855; x_wconf 85' lang='lat' dir='ltr'><strong>nec</strong></span> 
     </span>
    </p>
   </div>
   <div class='ocr_carea' id='block_1_76' title="bbox 354 4877 1919 4953">
    <p class='ocr_par' dir='ltr' id='par_1_76' title="bbox 354 4877 1919 4953">
     <span class='ocr_line' id='line_1_76' title="bbox 354 4877 1919 4953; baseline 0.012 -26"><span class='ocrx_word' id='word_1_567' title='bbox 354 4884 414 4929; x_wconf 88' lang='lat' dir='ltr'><strong>ut</strong></span> <span class='ocrx_word' id='word_1_568' title='bbox 445 4877 658 4945; x_wconf 79' lang='lat' dir='ltr'><strong>magnis</strong></span> <span class='ocrx_word' id='word_1_569' title='bbox 704 4880 929 4935; x_wconf 87' lang='lat' dir='ltr'><strong>orbatus</strong></span> <span class='ocrx_word' id='word_1_570' title='bbox 975 4886 1263 4952; x_wconf 71' lang='lat' dir='ltr'><strong>praesentis</strong></span> <span class='ocrx_word' id='word_1_571' title='bbox 1313 4887 1436 4940; x_wconf 76' lang='lat' dir='ltr'><strong>vita:</strong></span> <span class='ocrx_word' id='word_1_572' title='bbox 1497 4888 1679 4953; x_wconf 86' lang='lat' dir='ltr'><strong>bonis,</strong></span> <span class='ocrx_word' id='word_1_573' title='bbox 1734 4890 1919 4945; x_wconf 89' lang='lat' dir='ltr'><strong>animo</strong></span> 
     </span>
    </p>
   </div>
   <div class='ocr_carea' id='block_1_77' title="bbox 350 4967 1917 5051">
    <p class='ocr_par' dir='ltr' id='par_1_77' title="bbox 350 4967 1917 5051">
     <span class='ocr_line' id='line_1_77' title="bbox 350 4967 1917 5051; baseline 0.011 -32"><span class='ocrx_word' id='word_1_574' title='bbox 350 4967 592 5023; x_wconf 82' lang='lat' dir='ltr'><strong>delicias.</strong></span> <span class='ocrx_word' id='word_1_575' title='bbox 617 4967 790 5026; x_wconf 89' lang='lat' dir='ltr'><strong>Probe</strong></span> <span class='ocrx_word' id='word_1_576' title='bbox 817 4975 959 5028; x_wconf 91' lang='lat' dir='ltr'><strong>nosti</strong></span> <span class='ocrx_word' id='word_1_577' title='bbox 985 4976 1112 5043; x_wconf 88' lang='lat' dir='ltr'><strong>quia</strong></span> <span class='ocrx_word' id='word_1_578' title='bbox 1148 4986 1199 5031; x_wconf 91' lang='lat' dir='ltr'><strong>te</strong></span> <span class='ocrx_word' id='word_1_579' title='bbox 1229 4989 1511 5046; x_wconf 68' lang='lat' dir='ltr'><strong>CXSIICCIal</strong></span> <span class='ocrx_word' id='word_1_580' title='bbox 1556 4980 1860 5051; x_wconf 78' lang='lat' dir='ltr'><strong>redemptio</strong></span> <span class='ocrx_word' id='word_1_581' title='bbox 1886 4999 1917 5036; x_wconf 87' lang='lat' dir='ltr'><strong>a</strong></span> 
     </span>
    </p>
   </div>
   <div class='ocr_carea' id='block_1_78' title="bbox 350 5063 1918 5140">
    <p class='ocr_par' dir='ltr' id='par_1_78' title="bbox 350 5063 1918 5140">
     <span class='ocr_line' id='line_1_78' title="bbox 350 5063 1918 5140; baseline 0.011 -28"><span class='ocrx_word' id='word_1_582' title='bbox 350 5070 525 5114; x_wconf 89' lang='lat' dir='ltr'><strong>morte</strong></span> <span class='ocrx_word' id='word_1_583' title='bbox 544 5071 601 5116; x_wconf 91' lang='lat' dir='ltr'><strong>et</strong></span> <span class='ocrx_word' id='word_1_584' title='bbox 632 5063 738 5116; x_wconf 88' lang='lat' dir='ltr'><strong>vita</strong></span> <span class='ocrx_word' id='word_1_585' title='bbox 764 5074 987 5119; x_wconf 71' lang='lat' dir='ltr'><strong>aeterna.</strong></span> <span class='ocrx_word' id='word_1_586' title='bbox 1029 5067 1132 5133; x_wconf 87' lang='lat' dir='ltr'><strong>Qui</strong></span> <span class='ocrx_word' id='word_1_587' title='bbox 1173 5079 1354 5124; x_wconf 88' lang='lat' dir='ltr'><strong>autem</strong></span> <span class='ocrx_word' id='word_1_588' title='bbox 1390 5088 1420 5124; x_wconf 92' lang='lat' dir='ltr'><strong>a</strong></span> <span class='ocrx_word' id='word_1_589' title='bbox 1450 5072 1636 5125; x_wconf 90' lang='lat' dir='ltr'><strong>multis</strong></span> <span class='ocrx_word' id='word_1_590' title='bbox 1663 5075 1918 5140; x_wconf 70' lang='lat' dir='ltr'><strong>praedica-</strong></span> 
     </span>
    </p>
   </div>
   <div class='ocr_carea' id='block_1_79' title="bbox 350 5151 1918 5228">
    <p class='ocr_par' dir='ltr' id='par_1_79' title="bbox 350 5151 1918 5228">
     <span class='ocr_line' id='line_1_79' title="bbox 350 5151 1918 5228; baseline 0.013 -26"><span class='ocrx_word' id='word_1_591' title='bbox 350 5160 438 5203; x_wconf 89' lang='lat' dir='ltr'><strong>tur</strong></span> <span class='ocrx_word' id='word_1_592' title='bbox 468 5151 539 5205; x_wconf 92' lang='lat' dir='ltr'><strong>ob</strong></span> <span class='ocrx_word' id='word_1_593' title='bbox 568 5152 789 5207; x_wconf 77' lang='lat' dir='ltr'><strong>divitias</strong></span> <span class='ocrx_word' id='word_1_594' title='bbox 827 5156 1191 5228; x_wconf 79' lang='lat' dir='ltr'><strong>gloriamque,</strong></span> <span class='ocrx_word' id='word_1_595' title='bbox 1225 5171 1280 5214; x_wconf 90' lang='lat' dir='ltr'><strong>et</strong></span> <span class='ocrx_word' id='word_1_596' title='bbox 1319 5162 1388 5216; x_wconf 91' lang='lat' dir='ltr'><strong>ob</strong></span> <span class='ocrx_word' id='word_1_597' title='bbox 1420 5163 1565 5217; x_wconf 85' lang='lat' dir='ltr'><strong>illam</strong></span> <span class='ocrx_word' id='word_1_598' title='bbox 1601 5166 1738 5220; x_wconf 81' lang='lat' dir='ltr'><strong>falso</strong></span> <span class='ocrx_word' id='word_1_599' title='bbox 1776 5182 1918 5222; x_wconf 84' lang='lat' dir='ltr'><strong>nun-</strong></span> 
     </span>
    </p>
   </div>
   <div class='ocr_carea' id='block_1_80' title="bbox 349 5246 1917 5324">
    <p class='ocr_par' dir='ltr' id='par_1_80' title="bbox 349 5246 1917 5324">
     <span class='ocr_line' id='line_1_80' title="bbox 349 5246 1917 5324; baseline 0.015 -31"><span class='ocrx_word' id='word_1_600' title='bbox 349 5252 599 5310; x_wconf 82' lang='lat' dir='ltr'><strong>eupatam</strong></span> <span class='ocrx_word' id='word_1_601' title='bbox 631 5246 975 5314; x_wconf 84' lang='lat' dir='ltr'><strong>sapientiam,</strong></span> <span class='ocrx_word' id='word_1_602' title='bbox 1008 5250 1143 5304; x_wconf 91' lang='lat' dir='ltr'><strong>nihil</strong></span> <span class='ocrx_word' id='word_1_603' title='bbox 1196 5253 1318 5320; x_wconf 90' lang='lat' dir='ltr'><strong>plus</strong></span> <span class='ocrx_word' id='word_1_604' title='bbox 1374 5255 1615 5324; x_wconf 88' lang='lat' dir='ltr'><strong>habebit,</strong></span> <span class='ocrx_word' id='word_1_605' title='bbox 1678 5260 1917 5316; x_wconf 87' lang='lat' dir='ltr'><strong>nudatus</strong></span> 
     </span>
    </p>
   </div>
   <div class='ocr_carea' id='block_1_81' title="bbox 351 5333 1607 5417">
    <p class='ocr_par' dir='ltr' id='par_1_81' title="bbox 351 5333 1607 5417">
     <span class='ocr_line' id='line_1_81' title="bbox 351 5333 1607 5417; baseline 0.019 -34"><span class='ocrx_word' id='word_1_606' title='bbox 351 5333 549 5403; x_wconf 87' lang='lat' dir='ltr'><strong>quippe</strong></span> <span class='ocrx_word' id='word_1_607' title='bbox 576 5339 853 5405; x_wconf 83' lang='lat' dir='ltr'><strong>omnibus,</strong></span> <span class='ocrx_word' id='word_1_608' title='bbox 886 5356 916 5395; x_wconf 90' lang='lat' dir='ltr'><strong>a</strong></span> <span class='ocrx_word' id='word_1_609' title='bbox 945 5343 1067 5397; x_wconf 70' lang='lat' dir='ltr'><strong>vita:</strong></span> <span class='ocrx_word' id='word_1_610' title='bbox 1096 5343 1256 5401; x_wconf 89' lang='lat' dir='ltr'><strong>bonis</strong></span> <span class='ocrx_word' id='word_1_611' title='bbox 1284 5348 1607 5417; x_wconf 87' lang='lat' dir='ltr'><strong>abripietur.</strong></span> 
     </span>
    </p>
   </div>
   <div class='ocr_carea' id='block_1_82' title="bbox 423 5421 1912 5504">
    <p class='ocr_par' dir='ltr' id='par_1_82' title="bbox 423 5421 1912 5504">
     <span class='ocr_line' id='line_1_82' title="bbox 423 5421 1912 5504; baseline 0.018 -29"><span class='ocrx_word' id='word_1_612' title='bbox 423 5421 511 5476; x_wconf 91' lang='grc'><strong>18.</strong></span> <span class='ocrx_word' id='word_1_613' title='bbox 582 5423 844 5491; x_wconf 82' lang='lat' dir='ltr'><strong>Quoniam</strong></span> <span class='ocrx_word' id='word_1_614' title='bbox 888 5448 1006 5484; x_wconf 74' lang='lat' dir='ltr'><strong>cum</strong></span> <span class='ocrx_word' id='word_1_615' title='bbox 1054 5433 1312 5490; x_wconf 82' lang='lat' dir='ltr'><strong>interierit</strong></span> <span class='ocrx_word' id='word_1_616' title='bbox 1360 5455 1464 5493; x_wconf 86' lang='lat' dir='ltr'><strong>non</strong></span> <span class='ocrx_word' id='word_1_617' title='bbox 1510 5453 1678 5498; x_wconf 82' lang='lat' dir='ltr'><strong>sumet</strong></span> <span class='ocrx_word' id='word_1_618' title='bbox 1713 5440 1912 5504; x_wconf 74' lang='lat' dir='ltr'><strong>omnia.</strong></span> 
     </span>
    </p>
   </div>
   <div class='ocr_carea' id='block_1_83' title="bbox 351 5505 1915 5593">
    <p class='ocr_par' dir='ltr' id='par_1_83' title="bbox 351 5505 1915 5593">
     <span class='ocr_line' id='line_1_83' title="bbox 351 5505 1915 5593; baseline 0.017 -28"><span class='ocrx_word' id='word_1_619' title='bbox 351 5505 469 5566; x_wconf 78' lang='lat' dir='ltr'><strong>Hoc</strong></span> <span class='ocrx_word' id='word_1_620' title='bbox 491 5513 667 5569; x_wconf 86' lang='lat' dir='ltr'><strong>solum</strong></span> <span class='ocrx_word' id='word_1_621' title='bbox 712 5518 867 5584; x_wconf 84' lang='lat' dir='ltr'><strong>lucri,</strong></span> <span class='ocrx_word' id='word_1_622' title='bbox 910 5525 1007 5587; x_wconf 80' lang='lat' dir='ltr'><strong>ait,</strong></span> <span class='ocrx_word' id='word_1_623' title='bbox 1049 5541 1079 5578; x_wconf 89' lang='lat' dir='ltr'><strong>a</strong></span> <span class='ocrx_word' id='word_1_624' title='bbox 1115 5526 1321 5583; x_wconf 83' lang='lat' dir='ltr'><strong>divitiis</strong></span> <span class='ocrx_word' id='word_1_625' title='bbox 1356 5533 1635 5593; x_wconf 75' lang='lat' dir='ltr'><strong>accepisse</strong></span> <span class='ocrx_word' id='word_1_626' title='bbox 1662 5536 1915 5592; x_wconf 83' lang='lat' dir='ltr'><strong>videntur</strong></span> 
     </span>
    </p>
   </div>
   <div class='ocr_carea' id='block_1_84' title="bbox 2026 3332 3598 3406">
    <p class='ocr_par' dir='ltr' id='par_1_84' title="bbox 2026 3332 3598 3406">
     <span class='ocr_line' id='line_1_84' title="bbox 2026 3332 3598 3406; baseline -0.003 -17"><span class='ocrx_word' id='word_1_627' title='bbox 2026 3335 2220 3389; x_wconf 77' lang='grc' dir='ltr'>Οὐκέτι</span> <span class='ocrx_word' id='word_1_628' title='bbox 2278 3334 2465 3404; x_wconf 82' lang='grc' dir='ltr'>ὥσπερ</span> <span class='ocrx_word' id='word_1_629' title='bbox 2514 3335 2572 3386; x_wconf 84' lang='grc' dir='ltr'><strong>ἐν</strong></span> <span class='ocrx_word' id='word_1_630' title='bbox 2603 3333 2681 3403; x_wconf 84' lang='grc' dir='ltr'><strong>τῷ</strong></span> <span class='ocrx_word' id='word_1_631' title='bbox 2710 3337 2938 3406; x_wconf 77' lang='grc' dir='ltr'>παρόντι</span> <span class='ocrx_word' id='word_1_632' title='bbox 2971 3334 3072 3405; x_wconf 79' lang='grc' dir='ltr'>βίῳ</span> <span class='ocrx_word' id='word_1_633' title='bbox 3115 3334 3285 3398; x_wconf 72' lang='grc' dir='ltr'>ὄντες,</span> <span class='ocrx_word' id='word_1_634' title='bbox 3338 3332 3598 3399; x_wconf 82' lang='grc' dir='ltr'>κατεξαν-</span> 
     </span>
    </p>
   </div>
   <div class='ocr_carea' id='block_1_85' title="bbox 2029 3423 3594 3496">
    <p class='ocr_par' dir='ltr' id='par_1_85' title="bbox 2029 3423 3594 3496">
     <span class='ocr_line' id='line_1_85' title="bbox 2029 3423 3594 3496; baseline -0.001 -18"><span class='ocrx_word' id='word_1_635' title='bbox 2029 3426 2267 3479; x_wconf 88' lang='grc' dir='ltr'>ίστανται</span> <span class='ocrx_word' id='word_1_636' title='bbox 2301 3423 2409 3477; x_wconf 87' lang='grc' dir='ltr'><strong>τῶν</strong></span> <span class='ocrx_word' id='word_1_637' title='bbox 2458 3423 2726 3478; x_wconf 76' lang='grc' dir='ltr'>εὐσεϐῶν·</span> <span class='ocrx_word' id='word_1_638' title='bbox 2762 3424 3069 3478; x_wconf 78' lang='grc' dir='ltr'>τούναντίον</span> <span class='ocrx_word' id='word_1_639' title='bbox 3114 3425 3171 3477; x_wconf 83' lang='grc' dir='ltr'>δὲ</span> <span class='ocrx_word' id='word_1_640' title='bbox 3200 3427 3247 3478; x_wconf 81' lang='grc' dir='ltr'>οἱ</span> <span class='ocrx_word' id='word_1_641' title='bbox 3274 3424 3367 3477; x_wconf 84' lang='grc' dir='ltr'>τοῦ</span> <span class='ocrx_word' id='word_1_642' title='bbox 3402 3423 3594 3496; x_wconf 81' lang='grc' dir='ltr'>καιροῦ</span> 
     </span>
    </p>
   </div>
   <div class='ocr_carea' id='block_1_86' title="bbox 2025 3514 3597 3588">
    <p class='ocr_par' dir='ltr' id='par_1_86' title="bbox 2025 3514 3597 3588">
     <span class='ocr_line' id='line_1_86' title="bbox 2025 3514 3597 3588; baseline 0.001 -19"><span class='ocrx_word' id='word_1_643' title='bbox 2025 3517 2123 3588; x_wconf 83' lang='grc' dir='ltr'>τῆς</span> <span class='ocrx_word' id='word_1_644' title='bbox 2154 3517 2365 3588; x_wconf 82' lang='grc' dir='ltr'>πρωῖας</span> <span class='ocrx_word' id='word_1_645' title='bbox 2395 3514 2713 3580; x_wconf 77' lang='grc' dir='ltr'>ἀξιωθέντες</span> <span class='ocrx_word' id='word_1_646' title='bbox 2738 3518 2832 3570; x_wconf 78' lang='grc' dir='ltr'><strong>καὶ</strong></span> <span class='ocrx_word' id='word_1_647' title='bbox 2857 3516 2950 3570; x_wconf 78' lang='grc' dir='ltr'>τοῦ</span> <span class='ocrx_word' id='word_1_648' title='bbox 2982 3517 3103 3570; x_wconf 87' lang='grc' dir='ltr'>νέου</span> <span class='ocrx_word' id='word_1_649' title='bbox 3140 3517 3310 3586; x_wconf 60' lang='grc' dir='ltr'>φωτὸς</span> <span class='ocrx_word' id='word_1_650' title='bbox 3336 3516 3445 3570; x_wconf 88' lang='grc' dir='ltr'><strong>τῶν</strong></span> <span class='ocrx_word' id='word_1_651' title='bbox 3470 3518 3597 3570; x_wconf 77' lang='grc' dir='ltr'><strong>ἀσε⁸</strong></span> 
     </span>
    </p>
   </div>
   <div class='ocr_carea' id='block_1_87' title="bbox 2025 3606 3596 3679">
    <p class='ocr_par' dir='ltr' id='par_1_87' title="bbox 2025 3606 3596 3679">
     <span class='ocr_line' id='line_1_87' title="bbox 2025 3606 3596 3679; baseline 0.002 -20"><span class='ocrx_word' id='word_1_652' title='bbox 2025 3606 2136 3661; x_wconf 79' lang='grc' dir='ltr'><strong>δῶν</strong></span> <span class='ocrx_word' id='word_1_653' title='bbox 2173 3607 2681 3678; x_wconf 80' lang='grc' dir='ltr'>κατακυριεύσουσι.</span> <span class='ocrx_word' id='word_1_654' title='bbox 2718 3607 2828 3661; x_wconf 78' lang='lat' dir='ltr'><strong>Kal</strong></span> <span class='ocrx_word' id='word_1_655' title='bbox 2879 3609 2918 3677; x_wconf 75' lang='grc' dir='ltr'>ἡ</span> <span class='ocrx_word' id='word_1_656' title='bbox 2971 3608 3221 3679; x_wconf 78' lang='grc' dir='ltr'>,ϐοήθεια</span> <span class='ocrx_word' id='word_1_657' title='bbox 3256 3608 3452 3664; x_wconf 80' lang='grc' dir='ltr'>αὐτῶν</span> <span class='ocrx_word' id='word_1_658' title='bbox 3484 3624 3596 3662; x_wconf 67' lang='grc' dir='ltr'>παρ</span> 
     </span>
    </p>
   </div>
   <div class='ocr_carea' id='block_1_88' title="bbox 2023 3696 3595 3772">
    <p class='ocr_par' dir='ltr' id='par_1_88' title="bbox 2023 3696 3595 3772">
     <span class='ocr_line' id='line_1_88' title="bbox 2023 3696 3595 3772; baseline 0.001 -19"><span class='ocrx_word' id='word_1_659' title='bbox 2023 3697 2416 3765; x_wconf 74' lang='grc' dir='ltr'>λαιωθήσεται</span> <span class='ocrx_word' id='word_1_660' title='bbox 2456 3699 2526 3751; x_wconf 84' lang='grc' dir='ltr'>ἐν</span> <span class='ocrx_word' id='word_1_661' title='bbox 2571 3696 2651 3763; x_wconf 84' lang='grc' dir='ltr'>τῷ</span> <span class='ocrx_word' id='word_1_662' title='bbox 2671 3698 2808 3766; x_wconf 79' lang='grc' dir='ltr'>ᾅδῃ.</span> <span class='ocrx_word' id='word_1_663' title='bbox 2837 3700 3015 3763; x_wconf 74' lang='grc' dir='ltr'>Πᾶσα,</span> <span class='ocrx_word' id='word_1_664' title='bbox 3043 3700 3235 3770; x_wconf 80' lang='grc' dir='ltr'>φησὶν,</span> <span class='ocrx_word' id='word_1_665' title='bbox 3286 3701 3319 3770; x_wconf 85' lang='grc' dir='ltr'><strong>ή</strong></span> <span class='ocrx_word' id='word_1_666' title='bbox 3374 3698 3595 3772; x_wconf 66' lang='grc' dir='ltr'>βοήθεια</span> 
     </span>
    </p>
   </div>
   <div class='ocr_carea' id='block_1_89' title="bbox 2024 3789 3591 3863">
    <p class='ocr_par' dir='ltr' id='par_1_89' title="bbox 2024 3789 3591 3863">
     <span class='ocr_line' id='line_1_89' title="bbox 2024 3789 3591 3863; baseline 0.002 -20"><span class='ocrx_word' id='word_1_667' title='bbox 2024 3789 2220 3855; x_wconf 77' lang='grc' dir='ltr'>αὐτῶν,</span> <span class='ocrx_word' id='word_1_668' title='bbox 2270 3790 2388 3860; x_wconf 80' lang='grc' dir='ltr'>ἦτοι</span> <span class='ocrx_word' id='word_1_669' title='bbox 2421 3791 2453 3860; x_wconf 84' lang='grc' dir='ltr'>ἡ</span> <span class='ocrx_word' id='word_1_670' title='bbox 2486 3791 2636 3860; x_wconf 79' lang='grc' dir='ltr'>ἰσχὺς</span> <span class='ocrx_word' id='word_1_671' title='bbox 2668 3790 2736 3860; x_wconf 85' lang='grc' dir='ltr'>ἢν</span> <span class='ocrx_word' id='word_1_672' title='bbox 2779 3790 2934 3861; x_wconf 77' lang='grc' dir='ltr'>ἔσχον</span> <span class='ocrx_word' id='word_1_673' title='bbox 2962 3794 3026 3844; x_wconf 87' lang='grc' dir='ltr'><strong>ἐκ</strong></span> <span class='ocrx_word' id='word_1_674' title='bbox 3051 3793 3150 3863; x_wconf 84' lang='grc' dir='ltr'><strong>τῆς</strong></span> <span class='ocrx_word' id='word_1_675' title='bbox 3176 3791 3353 3863; x_wconf 79' lang='grc' dir='ltr'>δόξης,</span> <span class='ocrx_word' id='word_1_676' title='bbox 3383 3791 3460 3863; x_wconf 81' lang='grc' dir='ltr'>τῷ</span> <span class='ocrx_word' id='word_1_677' title='bbox 3498 3791 3591 3846; x_wconf 84' lang='grc' dir='ltr'><strong>Θα-</strong></span> 
     </span>
    </p>
   </div>
   <div class='ocr_carea' id='block_1_90' title="bbox 2024 3880 3594 3955">
    <p class='ocr_par' dir='ltr' id='par_1_90' title="bbox 2024 3880 3594 3955">
     <span class='ocr_line' id='line_1_90' title="bbox 2024 3880 3594 3955; baseline 0.001 -20"><span class='ocrx_word' id='word_1_678' title='bbox 2024 3882 2174 3952; x_wconf 84' lang='grc' dir='ltr'>νάτῳ</span> <span class='ocrx_word' id='word_1_679' title='bbox 2199 3880 2600 3951; x_wconf 83' lang='grc' dir='ltr'>διαλυθήσεται.</span> <span class='ocrx_word' id='word_1_680' title='bbox 2631 3882 2704 3934; x_wconf 82' lang='grc' dir='ltr'>Τὸ</span> <span class='ocrx_word' id='word_1_681' title='bbox 2732 3882 2870 3955; x_wconf 85' lang='grc' dir='ltr'>γὰρ,</span> <span class='ocrx_word' id='word_1_682' title='bbox 2920 3882 3392 3946; x_wconf 74' lang='grc' dir='ltr'>παλαιωθήσεται</span> <span class='ocrx_word' id='word_1_683' title='bbox 3413 3922 3427 3946; x_wconf 88' lang='grc'><strong>,</strong></span> <span class='ocrx_word' id='word_1_684' title='bbox 3473 3883 3594 3936; x_wconf 71' lang='grc' dir='ltr'>ἀντὶ</span> 
     </span>
    </p>
   </div>
   <div class='ocr_carea' id='block_1_91' title="bbox 2021 3972 2854 4045">
    <p class='ocr_par' dir='ltr' id='par_1_91' title="bbox 2021 3972 2854 4045">
     <span class='ocr_line' id='line_1_91' title="bbox 2021 3972 2854 4045; baseline 0.002 -21"><span class='ocrx_word' id='word_1_685' title='bbox 2021 3972 2141 4036; x_wconf 83' lang='grc' dir='ltr'>τοῦ,</span> <span class='ocrx_word' id='word_1_686' title='bbox 2167 3972 2567 4045; x_wconf 86' lang='grc' dir='ltr'>διαλυθήσεται,</span> <span class='ocrx_word' id='word_1_687' title='bbox 2596 3972 2854 4026; x_wconf 83' lang='grc' dir='ltr'>τέθειται.</span> 
     </span>
    </p>
   </div>
   <div class='ocr_carea' id='block_1_92' title="bbox 2094 4061 3591 4133">
    <p class='ocr_par' dir='ltr' id='par_1_92' title="bbox 2094 4061 3591 4133">
     <span class='ocr_line' id='line_1_92' title="bbox 2094 4061 3591 4133; baseline 0.001 -16"><span class='ocrx_word' id='word_1_688' title='bbox 2094 4063 2267 4129; x_wconf 78' lang='grc' dir='ltr'><strong>Πλὴν</strong></span> <span class='ocrx_word' id='word_1_689' title='bbox 2320 4065 2353 4116; x_wconf 84' lang='lat' dir='ltr'><strong>d</strong></span> <span class='ocrx_word' id='word_1_690' title='bbox 2385 4061 2528 4127; x_wconf 82' lang='grc' dir='ltr'>Θεὸς</span> <span class='ocrx_word' id='word_1_691' title='bbox 2580 4061 2945 4130; x_wconf 80' lang='grc' dir='ltr'>λυτρώσεται</span> <span class='ocrx_word' id='word_1_692' title='bbox 2988 4061 3102 4131; x_wconf 81' lang='grc' dir='ltr'>τὴν</span> <span class='ocrx_word' id='word_1_693' title='bbox 3131 4061 3342 4133; x_wconf 72' lang='grc' dir='ltr'>ψυχήν</span> <span class='ocrx_word' id='word_1_694' title='bbox 3373 4081 3492 4133; x_wconf 82' lang='grc' dir='ltr'>μου</span> <span class='ocrx_word' id='word_1_695' title='bbox 3521 4064 3591 4118; x_wconf 78' lang='grc' dir='ltr'>ἐκ</span> 
     </span>
    </p>
   </div>
   <div class='ocr_carea' id='block_1_93' title="bbox 2022 4153 3591 4227">
    <p class='ocr_par' dir='ltr' id='par_1_93' title="bbox 2022 4153 3591 4227">
     <span class='ocr_line' id='line_1_93' title="bbox 2022 4153 3591 4227; baseline 0.001 -18"><span class='ocrx_word' id='word_1_696' title='bbox 2022 4154 2217 4225; x_wconf 82' lang='grc' dir='ltr'>χειρὸς</span> <span class='ocrx_word' id='word_1_697' title='bbox 2247 4154 2415 4222; x_wconf 80' lang='grc' dir='ltr'>ᾅδου.</span> <span class='ocrx_word' id='word_1_698' title='bbox 2446 4154 2594 4208; x_wconf 76' lang='grc' dir='ltr'>ὅταν</span> <span class='ocrx_word' id='word_1_699' title='bbox 2619 4153 2893 4223; x_wconf 77' lang='grc' dir='ltr'>λαμϐάνῃ</span> <span class='ocrx_word' id='word_1_700' title='bbox 2915 4172 3011 4225; x_wconf 82' lang='grc' dir='ltr'>με,</span> <span class='ocrx_word' id='word_1_701' title='bbox 3060 4155 3244 4227; x_wconf 82' lang='grc' dir='ltr'><strong>Ἐμοῦ,</strong></span> <span class='ocrx_word' id='word_1_702' title='bbox 3287 4156 3438 4227; x_wconf 71' lang='grc' dir='ltr'>φησὶ,</span> <span class='ocrx_word' id='word_1_703' title='bbox 3495 4157 3591 4210; x_wconf 75' lang='grc' dir='ltr'>τοῦ</span> 
     </span>
    </p>
   </div>
   <div class='ocr_carea' id='block_1_94' title="bbox 2019 4243 3591 4323">
    <p class='ocr_par' dir='ltr' id='par_1_94' title="bbox 2019 4243 3591 4323">
     <span class='ocr_line' id='line_1_94' title="bbox 2019 4243 3591 4323; baseline 0.003 -24"><span class='ocrx_word' id='word_1_704' title='bbox 2019 4246 2192 4300; x_wconf 79' lang='grc' dir='ltr'>ταῦτα</span> <span class='ocrx_word' id='word_1_705' title='bbox 2219 4245 2467 4313; x_wconf 80' lang='grc' dir='ltr'>λέγοντος</span> <span class='ocrx_word' id='word_1_706' title='bbox 2497 4243 2831 4317; x_wconf 81' lang='grc' dir='ltr'>λυτρὼσεται</span> <span class='ocrx_word' id='word_1_707' title='bbox 2857 4247 2886 4298; x_wconf 85' lang='grc' dir='ltr'><strong>ὁ</strong></span> <span class='ocrx_word' id='word_1_708' title='bbox 2906 4247 3038 4309; x_wconf 83' lang='grc' dir='ltr'>Θεὸς</span> <span class='ocrx_word' id='word_1_709' title='bbox 3069 4246 3167 4319; x_wconf 81' lang='grc' dir='ltr'><strong>τήν</strong></span> <span class='ocrx_word' id='word_1_710' title='bbox 3199 4247 3395 4319; x_wconf 77' lang='grc' dir='ltr'>ψυχήν,</span> <span class='ocrx_word' id='word_1_711' title='bbox 3452 4251 3591 4323; x_wconf 77' lang='grc' dir='ltr'>πρὸς</span> 
     </span>
    </p>
   </div>
   <div class='ocr_carea' id='block_1_95' title="bbox 2019 4336 3590 4411">
    <p class='ocr_par' dir='ltr' id='par_1_95' title="bbox 2019 4336 3590 4411">
     <span class='ocr_line' id='line_1_95' title="bbox 2019 4336 3590 4411; baseline 0.002 -20"><span class='ocrx_word' id='word_1_712' title='bbox 2019 4337 2080 4391; x_wconf 82' lang='grc' dir='ltr'><strong>τὸ</strong></span> <span class='ocrx_word' id='word_1_713' title='bbox 2112 4336 2185 4409; x_wconf 82' lang='grc' dir='ltr'>μὴ</span> <span class='ocrx_word' id='word_1_714' title='bbox 2229 4337 2635 4407; x_wconf 79' lang='grc' dir='ltr'>συναπαχθῆναι</span> <span class='ocrx_word' id='word_1_715' title='bbox 2685 4336 2873 4408; x_wconf 77' lang='grc' dir='ltr'>αὐτὴν,</span> <span class='ocrx_word' id='word_1_716' title='bbox 2908 4345 3001 4391; x_wconf 74' lang='grc' dir='ltr'><strong>καὶ</strong></span> <span class='ocrx_word' id='word_1_717' title='bbox 3051 4339 3401 4411; x_wconf 78' lang='grc' dir='ltr'>ἐρημωθῆναι</span> <span class='ocrx_word' id='word_1_718' title='bbox 3450 4341 3590 4411; x_wconf 89' lang='grc' dir='ltr'><strong>μετά</strong></span> 
     </span>
    </p>
   </div>
   <div class='ocr_carea' id='block_1_96' title="bbox 2020 4427 2745 4499">
    <p class='ocr_par' dir='ltr' id='par_1_96' title="bbox 2020 4427 2745 4499">
     <span class='ocr_line' id='line_1_96' title="bbox 2020 4427 2745 4499; baseline -0.001 -17"><span class='ocrx_word' id='word_1_719' title='bbox 2020 4428 2127 4482; x_wconf 86' lang='grc' dir='ltr'><strong>τῶν</strong></span> <span class='ocrx_word' id='word_1_720' title='bbox 2153 4427 2245 4482; x_wconf 82' lang='grc' dir='ltr'>τοῦ</span> <span class='ocrx_word' id='word_1_721' title='bbox 2279 4427 2404 4499; x_wconf 75' lang='grc' dir='ltr'>ᾅδου</span> <span class='ocrx_word' id='word_1_722' title='bbox 2440 4428 2745 4498; x_wconf 77' lang='grc' dir='ltr'>προϐάτων.</span> 
     </span>
    </p>
   </div>
   <div class='ocr_carea' id='block_1_97' title="bbox 2091 4518 3587 4588">
    <p class='ocr_par' dir='ltr' id='par_1_97' title="bbox 2091 4518 3587 4588">
     <span class='ocr_line' id='line_1_97' title="bbox 2091 4518 3587 4588; baseline -0.002 -14"><span class='ocrx_word' id='word_1_723' title='bbox 2091 4519 2185 4587; x_wconf 84' lang='grc' dir='ltr'><strong>Μὴ</strong></span> <span class='ocrx_word' id='word_1_724' title='bbox 2217 4518 2426 4588; x_wconf 62' lang='grc' dir='ltr'>φοϐοῦ,</span> <span class='ocrx_word' id='word_1_725' title='bbox 2452 4518 2597 4572; x_wconf 80' lang='grc' dir='ltr'>ὅταν</span> <span class='ocrx_word' id='word_1_726' title='bbox 2628 4519 2945 4587; x_wconf 76' lang='grc' dir='ltr'>πλουτήσῃ</span> <span class='ocrx_word' id='word_1_727' title='bbox 2973 4521 3299 4588; x_wconf 81' lang='grc' dir='ltr'>ἅνθρωπος.</span> <span class='ocrx_word' id='word_1_728' title='bbox 3359 4520 3587 4585; x_wconf 86' lang='grc' dir='ltr'>Μαθὼν,</span> 
     </span>
    </p>
   </div>
   <div class='ocr_carea' id='block_1_98' title="bbox 2020 4606 3587 4687">
    <p class='ocr_par' dir='ltr' id='par_1_98' title="bbox 2020 4606 3587 4687">
     <span class='ocr_line' id='line_1_98' title="bbox 2020 4606 3587 4687; baseline 0.002 -22"><span class='ocrx_word' id='word_1_729' title='bbox 2020 4613 2202 4683; x_wconf 76' lang='grc' dir='ltr'>φησὶν,</span> <span class='ocrx_word' id='word_1_730' title='bbox 2233 4606 2343 4665; x_wconf 74' lang='grc' dir='ltr'>οἷον</span> <span class='ocrx_word' id='word_1_731' title='bbox 2368 4611 2520 4665; x_wconf 78' lang='grc' dir='ltr'>ἔσται</span> <span class='ocrx_word' id='word_1_732' title='bbox 2538 4611 2645 4666; x_wconf 89' lang='grc' dir='ltr'><strong>τῶν</strong></span> <span class='ocrx_word' id='word_1_733' title='bbox 2678 4612 2890 4665; x_wconf 81' lang='grc' dir='ltr'>ἀσεϐῶν</span> <span class='ocrx_word' id='word_1_734' title='bbox 2913 4613 2973 4666; x_wconf 80' lang='grc' dir='ltr'>τὸ</span> <span class='ocrx_word' id='word_1_735' title='bbox 3008 4614 3188 4677; x_wconf 84' lang='grc' dir='ltr'>τέλος,</span> <span class='ocrx_word' id='word_1_736' title='bbox 3235 4614 3307 4686; x_wconf 82' lang='grc' dir='ltr'>μὴ</span> <span class='ocrx_word' id='word_1_737' title='bbox 3349 4615 3587 4687; x_wconf 80' lang='grc' dir='ltr'>μακαρί-</span> 
     </span>
    </p>
   </div>
   <div class='ocr_carea' id='block_1_99' title="bbox 2021 4701 3590 4775">
    <p class='ocr_par' dir='ltr' id='par_1_99' title="bbox 2021 4701 3590 4775">
     <span class='ocr_line' id='line_1_99' title="bbox 2021 4701 3590 4775; baseline 0.003 -21"><span class='ocrx_word' id='word_1_738' title='bbox 2021 4717 2120 4774; x_wconf 81' lang='grc' dir='ltr'>σῃς</span> <span class='ocrx_word' id='word_1_739' title='bbox 2166 4702 2292 4765; x_wconf 80' lang='grc' dir='ltr'>τοὺς</span> <span class='ocrx_word' id='word_1_740' title='bbox 2332 4703 2390 4755; x_wconf 84' lang='grc' dir='ltr'><strong>ἐν</strong></span> <span class='ocrx_word' id='word_1_741' title='bbox 2421 4701 2499 4772; x_wconf 85' lang='grc' dir='ltr'>τῷ</span> <span class='ocrx_word' id='word_1_742' title='bbox 2520 4701 2620 4772; x_wconf 75' lang='grc' dir='ltr'><strong>βίῳ</strong></span> <span class='ocrx_word' id='word_1_743' title='bbox 2649 4702 3031 4768; x_wconf 74' lang='grc' dir='ltr'>πλουτοῦντας,</span> <span class='ocrx_word' id='word_1_744' title='bbox 3073 4705 3204 4775; x_wconf 85' lang='grc' dir='ltr'><strong>μηδέ</strong></span> <span class='ocrx_word' id='word_1_745' title='bbox 3232 4703 3474 4775; x_wconf 74' lang='grc' dir='ltr'>φοϐηθῇς</span> <span class='ocrx_word' id='word_1_746' title='bbox 3512 4706 3590 4770; x_wconf 84' lang='grc' dir='ltr'>ὡς</span> 
     </span>
    </p>
   </div>
   <div class='ocr_carea' id='block_1_100' title="bbox 2019 4791 3590 4866">
    <p class='ocr_par' dir='ltr' id='par_1_100' title="bbox 2019 4791 3590 4866">
     <span class='ocr_line' id='line_1_100' title="bbox 2019 4791 3590 4866; baseline 0.003 -22"><span class='ocrx_word' id='word_1_747' title='bbox 2019 4793 2201 4863; x_wconf 83' lang='grc' dir='ltr'>πάσης</span> <span class='ocrx_word' id='word_1_748' title='bbox 2222 4791 2713 4863; x_wconf 84' lang='grc' dir='ltr'>ἀποκεκλεισμένος</span> <span class='ocrx_word' id='word_1_749' title='bbox 2747 4793 2977 4859; x_wconf 77' lang='grc' dir='ltr'>ἐλπίδος,</span> <span class='ocrx_word' id='word_1_750' title='bbox 3030 4796 3104 4865; x_wconf 81' lang='grc' dir='ltr'>μὴ</span> <span class='ocrx_word' id='word_1_751' title='bbox 3154 4795 3371 4866; x_wconf 81' lang='grc' dir='ltr'>ἀθυμῇς</span> <span class='ocrx_word' id='word_1_752' title='bbox 3403 4795 3461 4849; x_wconf 79' lang='grc' dir='ltr'><strong>δέ</strong></span> <span class='ocrx_word' id='word_1_753' title='bbox 3511 4796 3590 4860; x_wconf 74' lang='grc' dir='ltr'>ὡς</span> 
     </span>
    </p>
   </div>
   <div class='ocr_carea' id='block_1_101' title="bbox 2024 4884 3587 4959">
    <p class='ocr_par' dir='ltr' id='par_1_101' title="bbox 2024 4884 3587 4959">
     <span class='ocr_line' id='line_1_101' title="bbox 2024 4884 3587 4959; baseline 0.003 -22"><span class='ocrx_word' id='word_1_754' title='bbox 2024 4884 2270 4954; x_wconf 84' lang='grc' dir='ltr'>μεγάλων</span> <span class='ocrx_word' id='word_1_755' title='bbox 2324 4885 2542 4951; x_wconf 82' lang='grc' dir='ltr'>ἀγαθῶν</span> <span class='ocrx_word' id='word_1_756' title='bbox 2593 4886 2701 4940; x_wconf 90' lang='grc' dir='ltr'><strong>τῶν</strong></span> <span class='ocrx_word' id='word_1_757' title='bbox 2747 4886 3028 4957; x_wconf 83' lang='grc' dir='ltr'>παρόντων</span> <span class='ocrx_word' id='word_1_758' title='bbox 3077 4888 3457 4959; x_wconf 80' lang='grc' dir='ltr'>ἐστερημένος.</span> <span class='ocrx_word' id='word_1_759' title='bbox 3511 4885 3587 4941; x_wconf 76' lang='grc' dir='ltr'><strong>Εὖ</strong></span> 
     </span>
    </p>
   </div>
   <div class='ocr_carea' id='block_1_102' title="bbox 2021 4975 3589 5051">
    <p class='ocr_par' dir='ltr' id='par_1_102' title="bbox 2021 4975 3589 5051">
     <span class='ocr_line' id='line_1_102' title="bbox 2021 4975 3589 5051; baseline 0.003 -23"><span class='ocrx_word' id='word_1_760' title='bbox 2021 4975 2149 5041; x_wconf 84' lang='grc' dir='ltr'>ῐσθι,</span> <span class='ocrx_word' id='word_1_761' title='bbox 2179 4977 2261 5031; x_wconf 86' lang='grc' dir='ltr'><strong>δτι</strong></span> <span class='ocrx_word' id='word_1_762' title='bbox 2310 4978 2369 5031; x_wconf 80' lang='grc' dir='ltr'>σὲ</span> <span class='ocrx_word' id='word_1_763' title='bbox 2405 4978 2505 5049; x_wconf 86' lang='grc' dir='ltr'><strong>μέν</strong></span> <span class='ocrx_word' id='word_1_764' title='bbox 2541 4979 2819 5051; x_wconf 82' lang='grc' dir='ltr'>περιμένει</span> <span class='ocrx_word' id='word_1_765' title='bbox 2867 4981 2901 5049; x_wconf 89' lang='grc' dir='ltr'><strong>ή</strong></span> <span class='ocrx_word' id='word_1_766' title='bbox 2936 4980 3000 5032; x_wconf 87' lang='grc' dir='ltr'><strong>ἐκ</strong></span> <span class='ocrx_word' id='word_1_767' title='bbox 3044 4979 3272 5033; x_wconf 86' lang='grc' dir='ltr'>θανάτου</span> <span class='ocrx_word' id='word_1_768' title='bbox 3319 4979 3589 5051; x_wconf 82' lang='grc' dir='ltr'>λύτρωσις</span> 
     </span>
    </p>
   </div>
   <div class='ocr_carea' id='block_1_103' title="bbox 2018 5068 3587 5142">
    <p class='ocr_par' dir='ltr' id='par_1_103' title="bbox 2018 5068 3587 5142">
     <span class='ocr_line' id='line_1_103' title="bbox 2018 5068 3587 5142; baseline 0.003 -22"><span class='ocrx_word' id='word_1_769' title='bbox 2018 5069 2167 5138; x_wconf 77' lang='grc' dir='ltr'>καὶὴ</span> <span class='ocrx_word' id='word_1_770' title='bbox 2197 5068 2411 5133; x_wconf 77' lang='grc' dir='ltr'>αἰώνιος</span> <span class='ocrx_word' id='word_1_771' title='bbox 2436 5070 2547 5142; x_wconf 84' lang='grc' dir='ltr'>ζωή</span> <span class='ocrx_word' id='word_1_772' title='bbox 2570 5087 2584 5099; x_wconf 90' lang='grc'><strong>·</strong></span> <span class='ocrx_word' id='word_1_773' title='bbox 2619 5073 2648 5125; x_wconf 88' lang='grc' dir='ltr'>ὁ</span> <span class='ocrx_word' id='word_1_774' title='bbox 2672 5070 2729 5124; x_wconf 80' lang='grc' dir='ltr'>δὲ</span> <span class='ocrx_word' id='word_1_775' title='bbox 2755 5068 2907 5139; x_wconf 78' lang='grc' dir='ltr'>παρὰ</span> <span class='ocrx_word' id='word_1_776' title='bbox 2930 5073 3043 5132; x_wconf 85' lang='grc' dir='ltr'>τοῖς</span> <span class='ocrx_word' id='word_1_777' title='bbox 3071 5070 3283 5134; x_wconf 84' lang='grc' dir='ltr'>πολλοῖς</span> <span class='ocrx_word' id='word_1_778' title='bbox 3326 5071 3587 5141; x_wconf 75' lang='grc' dir='ltr'>εὐδαιμο-</span> 
     </span>
    </p>
   </div>
   <div class='ocr_carea' id='block_1_104' title="bbox 2017 5158 3590 5233">
    <p class='ocr_par' dir='ltr' id='par_1_104' title="bbox 2017 5158 3590 5233">
     <span class='ocr_line' id='line_1_104' title="bbox 2017 5158 3590 5233; baseline 0.003 -22"><span class='ocrx_word' id='word_1_779' title='bbox 2017 5158 2295 5229; x_wconf 78' lang='grc' dir='ltr'>νιζόμενος</span> <span class='ocrx_word' id='word_1_780' title='bbox 2320 5159 2407 5214; x_wconf 81' lang='grc' dir='ltr'><strong>διὰ</strong></span> <span class='ocrx_word' id='word_1_781' title='bbox 2432 5161 2657 5214; x_wconf 78' lang='grc' dir='ltr'>πλοῦτον</span> <span class='ocrx_word' id='word_1_782' title='bbox 2686 5162 2779 5214; x_wconf 82' lang='grc' dir='ltr'>καὶ</span> <span class='ocrx_word' id='word_1_783' title='bbox 2802 5161 2980 5227; x_wconf 81' lang='grc' dir='ltr'>δόξαν,</span> <span class='ocrx_word' id='word_1_784' title='bbox 3009 5162 3105 5214; x_wconf 76' lang='grc' dir='ltr'><strong>καὶ</strong></span> <span class='ocrx_word' id='word_1_785' title='bbox 3141 5160 3231 5214; x_wconf 90' lang='grc' dir='ltr'><strong>διά</strong></span> <span class='ocrx_word' id='word_1_786' title='bbox 3260 5163 3359 5231; x_wconf 83' lang='grc' dir='ltr'><strong>τὴν</strong></span> <span class='ocrx_word' id='word_1_787' title='bbox 3384 5160 3590 5233; x_wconf 72' lang='grc' dir='ltr'>ψευδῶ-</span> 
     </span>
    </p>
   </div>
   <div class='ocr_carea' id='block_1_105' title="bbox 2015 5251 3588 5323">
    <p class='ocr_par' dir='ltr' id='par_1_105' title="bbox 2015 5251 3588 5323">
     <span class='ocr_line' id='line_1_105' title="bbox 2015 5251 3588 5323; baseline 0.004 -22"><span class='ocrx_word' id='word_1_788' title='bbox 2015 5266 2185 5320; x_wconf 85' lang='grc' dir='ltr'>νυμον</span> <span class='ocrx_word' id='word_1_789' title='bbox 2201 5251 2413 5321; x_wconf 78' lang='grc' dir='ltr'>σοφίαν,</span> <span class='ocrx_word' id='word_1_790' title='bbox 2437 5252 2587 5306; x_wconf 77' lang='grc' dir='ltr'>οὐδὲν</span> <span class='ocrx_word' id='word_1_791' title='bbox 2620 5251 2782 5305; x_wconf 87' lang='grc' dir='ltr'>πλέον</span> <span class='ocrx_word' id='word_1_792' title='bbox 2802 5251 2916 5316; x_wconf 70' lang='grc' dir='ltr'>ἕξει</span> <span class='ocrx_word' id='word_1_793' title='bbox 2935 5267 2951 5280; x_wconf 74' lang='grc' dir='ltr'><strong>ο</strong></span> <span class='ocrx_word' id='word_1_794' title='bbox 2992 5252 3197 5323; x_wconf 76' lang='grc' dir='ltr'>γυμνὸς</span> <span class='ocrx_word' id='word_1_795' title='bbox 3224 5251 3334 5323; x_wconf 78' lang='grc' dir='ltr'><strong>γὰρ</strong></span> <span class='ocrx_word' id='word_1_796' title='bbox 3366 5252 3588 5308; x_wconf 82' lang='grc' dir='ltr'>πάντων</span> 
     </span>
    </p>
   </div>
   <div class='ocr_carea' id='block_1_106' title="bbox 2016 5339 2830 5412">
    <p class='ocr_par' dir='ltr' id='par_1_106' title="bbox 2016 5339 2830 5412">
     <span class='ocr_line' id='line_1_106' title="bbox 2016 5339 2830 5412; baseline 0.005 -21"><span class='ocrx_word' id='word_1_797' title='bbox 2016 5339 2391 5410; x_wconf 82' lang='grc' dir='ltr'>ἀπαχθήσεται</span> <span class='ocrx_word' id='word_1_798' title='bbox 2425 5342 2532 5396; x_wconf 89' lang='grc' dir='ltr'><strong>τῶν</strong></span> <span class='ocrx_word' id='word_1_799' title='bbox 2568 5342 2661 5396; x_wconf 80' lang='grc' dir='ltr'>τοῦ</span> <span class='ocrx_word' id='word_1_800' title='bbox 2693 5342 2830 5412; x_wconf 86' lang='grc' dir='ltr'>βίου.</span> 
     </span>
    </p>
   </div>
   <div class='ocr_carea' id='block_1_107' title="bbox 2089 5430 3585 5505">
    <p class='ocr_par' dir='ltr' id='par_1_107' title="bbox 2089 5430 3585 5505">
     <span class='ocr_line' id='line_1_107' title="bbox 2089 5430 3585 5505; baseline 0.004 -21"><span class='ocrx_word' id='word_1_801' title='bbox 2089 5430 2208 5484; x_wconf 83' lang='grc' dir='ltr'>Ὅτι</span> <span class='ocrx_word' id='word_1_802' title='bbox 2234 5433 2345 5486; x_wconf 81' lang='grc' dir='ltr'>οὐκ</span> <span class='ocrx_word' id='word_1_803' title='bbox 2366 5432 2436 5486; x_wconf 84' lang='grc' dir='ltr'>ἐν</span> <span class='ocrx_word' id='word_1_804' title='bbox 2464 5433 2546 5498; x_wconf 82' lang='grc' dir='ltr'>τῷ</span> <span class='ocrx_word' id='word_1_805' title='bbox 2569 5434 2979 5501; x_wconf 74' lang='grc' dir='ltr'>ἀποθνήσκειν</span> <span class='ocrx_word' id='word_1_806' title='bbox 3001 5435 3189 5490; x_wconf 79' lang='grc' dir='ltr'>αὐτόν</span> <span class='ocrx_word' id='word_1_807' title='bbox 3219 5436 3479 5505; x_wconf 72' lang='grc' dir='ltr'>λήψεται</span> <span class='ocrx_word' id='word_1_808' title='bbox 3508 5436 3585 5490; x_wconf 75' lang='grc' dir='ltr'>τὰ</span> 
     </span>
    </p>
   </div>
   <div class='ocr_carea' id='block_1_108' title="bbox 2017 5518 3587 5597">
    <p class='ocr_par' dir='ltr' id='par_1_108' title="bbox 2017 5518 3587 5597">
     <span class='ocr_line' id='line_1_108' title="bbox 2017 5518 3587 5597; baseline 0.005 -26"><span class='ocrx_word' id='word_1_809' title='bbox 2017 5518 2227 5573; x_wconf 77' lang='grc' dir='ltr'>πάντα.</span> <span class='ocrx_word' id='word_1_810' title='bbox 2257 5522 2444 5588; x_wconf 77' lang='grc' dir='ltr'>Τοῦτο,</span> <span class='ocrx_word' id='word_1_811' title='bbox 2473 5525 2623 5594; x_wconf 75' lang='grc' dir='ltr'>φησὶ,</span> <span class='ocrx_word' id='word_1_812' title='bbox 2654 5523 2810 5594; x_wconf 75' lang='grc' dir='ltr'>μόνον</span> <span class='ocrx_word' id='word_1_813' title='bbox 2832 5524 3015 5590; x_wconf 78' lang='grc' dir='ltr'>ἔδοξαν</span> <span class='ocrx_word' id='word_1_814' title='bbox 3043 5525 3343 5597; x_wconf 86' lang='grc' dir='ltr'>κερδαίνειν</span> <span class='ocrx_word' id='word_1_815' title='bbox 3358 5528 3407 5579; x_wconf 87' lang='grc' dir='ltr'><strong>οί</strong></span> <span class='ocrx_word' id='word_1_816' title='bbox 3432 5524 3587 5579; x_wconf 79' lang='grc' dir='ltr'>ἄθεοι</span> 
     </span>
    </p>
   </div>
   <div class='ocr_carea' id='block_1_109' title="bbox 3613 960 3629 1058">
    <p class='ocr_par' dir='ltr' id='par_1_109' title="bbox 3613 960 3629 1058">
     <span class='ocr_line' id='line_1_109' title="bbox 3613 960 3629 1058; baseline 0 0"><span class='ocrx_word' id='word_1_817' title='bbox 3613 960 3629 1058; x_wconf 70' lang='lat' dir='ltr'><strong>l</strong></span> 
     </span>
    </p>
   </div>
   <div class='ocr_carea' id='block_1_110' title="bbox 3618 1062 3633 1113">
    <p class='ocr_par' dir='ltr' id='par_1_110' title="bbox 3618 1062 3633 1095">
     <span class='ocr_line' id='line_1_110' title="bbox 3618 1062 3633 1095; baseline 0 0"><span class='ocrx_word' id='word_1_818' title='bbox 3618 1062 3633 1095; x_wconf 71' lang='lat'><strong>\,</strong></span> 
     </span>
    </p>
   </div>
  </div>
