3976 6220
256 320 386 384 Ἓξῡ

1349 314 1706 379 εχροςιτιο
1744 322 1812 377 lN
1837 311 2178 379 T’SALHUM
2212 312 2403 375 XLIX.

3412 315 3523 371 ὶῗο

275 442 392 496 ἀπὸ
420 441 517 496 τοῦ
550 432 805 505 πλούτου,
829 444 890 497 τὸ
916 442 1271 514 εὐλογηθῆναι
1307 442 1407 513 τὴν
1447 443 1628 513 ψυχὴν
1671 441 1852 494 αὐτῶν

1989 440 2127 510 npii,
2149 439 2294 511 quod
2321 438 2504 494 anima
2541 451 2730 490 eorum
2758 435 2814 489 in
2846 436 2949 490 hac
2984 434 3198 488 mortali
3226 443 3279 487 et
3305 444 3517 503 tempo-
3548 440 3566 521 ς

276 537 338 588 ἐν
367 536 437 605 τῇ
461 533 630 606 θνητῇ
666 537 761 589 καὶ
783 536 1096 607 προσκαίρῳ
1120 535 1253 607 ζωῇ.
1291 534 1547 589 Ἑκείνων
1579 532 1854 587 ἐπαινούν-

276 642 395 678 των
419 625 619 688 αὐτοὺς
650 626 745 679 καὶ
771 625 1247 695 εὐδαιμονιζόντων
1270 627 1353 694 ἐφ’
1390 619 1471 689 οἷς
1503 623 1686 688 ἔδοξαν
1710 622 1855 693 ἔχειν

281 717 530 786 ἀγαθοῖς.
560 716 715 771 Οὐδὲ
737 716 1255 787 συγκαταϐήσεται
1295 715 1454 782 αὐτῷ
1491 716 1530 783 ἠ
1570 716 1720 780 δόξα
1750 717 1856 768 αὑ-

283 806 415 861 τοῦ.
449 806 669 877 Ἐπειδὴ
716 807 893 861 πάντα
944 807 1275 879 πρόσκαιρα,
1325 808 1478 878 φησι,
1529 806 1651 859 τότε
1694 806 1854 876 χάριν

262 896 555 952 ἀποδώσει
585 913 667 949 σοι
693 896 772 966 τῷ
797 896 1111 969 δημιουργῷ
1137 899 1167 950 ὁ
1192 896 1453 961 τοιοῦτος,
1487 897 1613 951 ὅταν
1650 894 1855 965 πληθύ-

260 996 384 1061 “νῃς
410 989 476 1042 τὰ
508 988 635 1042 ὄντα
665 988 835 1058 αὐτῷ.

346 1078 777 1132 Εἰσελεύονεται
808 1077 917 1144 ἕως
950 1078 1158 1148 γενεὰς
1190 1078 1460 1147 πατέρων
1504 1077 1711 1132 αὐτοῦ.
1752 1078 1857 1130 Μι-

288 1170 546 1241 μήσεται,
572 1171 725 1241 φησὶ,
747 1170 854 1223 τῶν
883 1170 1132 1240 πατέρων
1153 1170 1241 1223 τὸν
1270 1169 1450 1239 ζῆλον,
1491 1171 1585 1223 καὶ
1609 1173 1673 1222 ἐκ
1701 1162 1856 1240 πονη-

282 1260 398 1332 ρῶν
425 1257 502 1313 ὣν
539 1259 636 1329 τὴν
666 1260 929 1331 πονηρίαν
955 1259 1274 1327 διαδέξεται.
1313 1261 1467 1326 "Etet;
1504 1259 1720 1326 αἰῶνος
1743 1262 1855 1313 οὐκ

264 1349 495 1420 ὄψεται
521 1350 665 1421 φῶς.
689 1350 758 1406 Οἱ
787 1351 896 1422 γὰρ
917 1351 1142 1406 τοιαῦτα
1169 1350 1488 1423 φρονοῦντες
1523 1351 1713 1420 τυφλοὶ
1735 1353 1856 1415 ταῖς

283 1444 482 1514 ψυχαῖς
518 1444 795 1512 γεγόνασι,
841 1446 978 1516 μήτε
1029 1446 1087 1498 ὲν
1131 1445 1212 1515 τῷ
1261 1443 1439 1515 θνητῷ
1470 1444 1572 1515 βίῳ
1601 1443 1680 1515 τῷ
1718 1444 1857 1514 φωτὶ

279 1536 384 1606 τῆς
413 1534 665 1604 γνώσεως
698 1536 1075 1604 φωτισθέντες,
1115 1538 1253 1608 μήτε
1279 1539 1337 1590 ὲν
1362 1535 1441 1606 τῷ
1480 1535 1727 1605 μέλλοντι
1761 1535 1855 1589 τοῦ

266 1626 510 1681 ἀἰωνίου
533 1627 712 1696 φωτὸς
734 1628 1182 1698 ἀξιωθησόμενοι.

643 1721 951 1773 ΨΑΑΜΟΣ
983 1719 1065 1784 τῷ
1114 1718 1326 1790 Ἀσάφ.
1362 1723 1500 1775 Μθν.

907 1811 920 1830 '
934 1813 1244 1877 Υπόθεσις.

270 1890 435 1970 ’ᾊδει
467 1899 559 1953 τὸν
597 1899 807 1971 ψαλμὸν
832 1902 862 1952 ό
909 1900 1079 1971 Ἀσὰφ
1131 1900 1226 1954 τοῦ
1266 1901 1557 1972 νομοθέτου
1594 1900 1656 1955 τὸ
1686 1901 1856 1975 πρόσ-

350 2005 502 2044 ωπον
528 1991 813 2061 εἰσφέρων,
842 1990 938 2055 τὰς
969 1991 1142 2045 πάλαι
1171 1991 1270 2062 μὲν
1296 1992 1617 2062 ἀνατρέπων
1643 1992 1855 2057 θυσίας,

328 2078 620 2150 εἰσφέρων
645 2079 703 2132 δὲ
726 2081 826 2142 τὰς
845 2080 943 2151 τῆς
970 2080 1115 2144 Νέας
1145 2081 1442 2153 Διαθήκης,
1478 2083 1576 2146 τὰς
1608 2082 1675 2135 δι’
1715 2083 1858 2135 αίνέο

353 2186 491 2233 σεως
528 2168 886 2241 δωροφορίας.
920 2168 1021 2242 [οί
1075 2170 1348 2225 Ἰουδαίων
1402 2171 1609 2244 πρῶτοι
1656 2159 1856 2243 ἀρετῆς

353 2258 680 2329 ἀμελοῦντες
712 2260 773 2311 τὸ
804 2258 925 2331 (sic)
954 2260 1204 2331 ἐνόμιζον
1228 2257 1365 2315 εἶναι
1397 2264 1456 2317 ὲν
1487 2262 1566 2333 τῷ
1604 2265 1729 2326 τοὺς
1766 2263 1859 2317 νόω

356 2368 487 2421 μους
522 2351 975 2422 ἀποστοματίζειν
1005 2353 1098 2418 καὶ
1119 2352 1481 2422 διαγγέλλειν,
1520 2355 1615 2409 καὶ
1666 2353 1859 2417 θυσίας

352 2441 701 2512 προσφέρειν.
766 2443 951 2514 Νόμου
1013 2444 1071 2497 δὲ
1108 2445 1439 2513 ἀνάγνωσις,
1504 2447 1598 2499 καὶ
1657 2445 1857 2499 θυσιῶν

342 2533 641 2607 προσφορὰ
664 2534 766 2605 τῆς
794 2534 1209 2608 ἐνυπαρχούσης
1226 2538 1362 2590 εἰσιν
1390 2538 1590 2609 ἀρετῆς
1607 2536 1819 2609 καρπός
1837 2553 1855 2569 ·

355 2624 552 2679 ἄνευδὲ
585 2614 787 2697 ταύτης
816 2627 1000 2679 ὲκείνα
1046 2630 1218 2680 ποιεῖν
1269 2627 1427 2699 μόνον
1479 2628 1663 2698 ὅμοιόν
1709 2629 1856 2681 ἐστιν

354 2717 666 2787 ἀλείφεσθαι
704 2719 801 2789 μὲν
843 2719 935 2771 ἐπὶ
962 2718 1041 2790 τῷ
1088 2719 1358 2784 παλαίειν,
1419 2718 1600 2774 αὐτῶν
1648 2720 1706 2774 δὲ
1747 2719 1857 2773 τῶν

355 2809 744 2879 παλαισμάτων
777 2810 1123 2881 καταμελεῖν,
1156 2810 1213 2875 ἐξ
1237 2805 1311 2865 ὧν
1332 2813 1360 2864 ό
1389 2804 1669 2881 στέφανος.
1711 2811 1856 2882 Πρὸς

356 2897 446 2955 οὖν
469 2903 598 2966 τοὺς
621 2901 764 2955 οὕτω
786 2902 1161 2972 διακειμένους
1187 2901 1406 2972 ἔλεγχον
1430 2906 1663 2956 ποιεῖται
1692 2903 1720 2954 ὁ
1753 2919 1857 2973 μαι

354 2994 543 3066 scipio;
590 2993 775 3057 Δαυῖδ,
812 2993 903 3048 τὸν
950 2993 1082 3048 Θεὸν
1133 2994 1369 3063 εἰσάγων
1412 2994 1735 3059 ὀνειδίζοντα
1762 2994 1857 3048 καὶ

352 3085 655 3151 δεικνύντα,
690 3086 769 3139 ὅτι
788 3085 864 3156 μὴ
897 3084 1064 3156 οῦσης
1083 3086 1307 3157 ἀρετῆς,
1339 3086 1438 3150 τὰς
1467 3085 1656 3149 θυσίας
1684 3086 1855 3139 ἀποσ-

355 3178 632 3251 τρέφεται,
664 3177 693 3230 ὃ
730 3177 826 3231 καὶ
869 3177 956 3230 διὰ
984 3178 1204 3232 Ἡσαΐου
1225 3178 1408 3247 ἔλεγεν
1433 3194 1446 3209 ·
1490 3177 1552 3231 '0
1575 3177 1796 3246 ἄνομος
1821 3178 1856 3230 ό
1882 3163 1925 3220 ο

354 3272 513 3324 θύων
533 3288 637 3340 μοι
653 3272 914 3339 μόσχον,
953 3271 1033 3335 ὡς
1061 3273 1094 3323 ὀ
1120 3271 1355 3323 τύπτων
1403 3269 1613 3337 ἄνδρα,
1666 3269 1760 3322 καὶ
1786 3267 1856 3321 τὰ

352 3356 501 3431 tam.
562 3362 652 3414 Ἐν
685 3363 852 3415 εἰκόνι
879 3357 971 3415 οὖν
1028 3362 1359 3432 σχηματίζει,
1391 3362 1481 3413 τὸν
1508 3361 1702 3429 Λόγον,
1758 3360 1857 3414 καὶ

355 3453 563 3521 είσὰγει
590 3452 681 3505 τὸν
718 3452 850 3505 Θεὸν
885 3453 945 3517 ἐξ
972 3452 1199 3523 οὐρανοῦ
1244 3452 1672 3524 παραγινόμενον
1694 3491 1711 3518 ,
1758 3454 1857 3507 καὶ

353 3544 646 3608 καθίζοντα
678 3546 981 3616 κριτήριον,
1012 3543 1255 3608 καὶτοὺς
1290 3543 1399 3599 τῶν
1432 3545 1696 3600 Ἰουδαίων
1734 3545 1857 3617 κρί-

352 3652 509 3689 νοντα
540 3636 831 3706 ἄρχοντας,
859 3635 1002 3702 Θεὸς
1014 3634 1460 3703 θεῶνὲλάλησε.
1480 3634 1515 3707 ]-

356 3813 499 3880 Θεὸς
523 3813 674 3869 θεῶν
701 3815 917 3883 Κύριος
951 3814 1218 3883 summa
1234 3854 1251 3878 ,
1313 3815 1411 3869 καὶ
1447 3815 1707 3870 ἐκάλεσε
1738 3814 1855 3882 τὴν

285 3904 417 3977 τῆν.
457 3905 583 3960 Θεοὶ
628 3906 727 3976 μὲν
775 3907 827 3959 οἱ
856 3905 1000 3975 ἅγιοι
1030 3905 1180 3978 παρὰ
1218 3905 1294 3975 τῷ
1331 3904 1451 3975 Θεῷ
1473 3921 1486 3935 ⁸
1514 3904 1749 3959 Δέδωκά
1778 3921 1854 3958 σε

284 3995 362 4061 τῷ
394 3995 607 4064 Φαραὼ
655 3998 742 4062 εὶς
780 3997 946 4050 Θεόν·
981 3996 1096 4063 καὶ,
1131 3995 1278 4067 Ἐγὼ
1310 3991 1476 4051 εἶπα·
1511 3997 1644 4050 Θεοί
1689 3996 1850 4050 ἐστε.

285 4087 590 4143 Καλοῦνται
621 4087 679 4141 δὲ
703 4089 806 4141 ὑπὸ
830 4087 925 4141 τοῦ
954 4087 1088 4142 Θεοῦ
1127 4089 1256 4142 πότε
1275 4128 1290 4153 ,
1320 4089 1353 4160 ἦ
1388 4089 1478 4142 ὅτε
1505 4087 1855 4160 ἐνανθρωπή-

285 4195 380 4243 σας
400 4179 655 4251 ὲλάλησε,
685 4181 781 4233 καὶ
802 4180 979 4234 πᾶσαν
1007 4180 1333 4235 συνεκάλεσε
1365 4180 1467 4252 τὴν
1503 4179 1609 4249 γῆν
1633 4196 1650 4246 ;
1692 4178 1757 4232 Τί
1793 4179 1851 4233 δὲ

284 4270 540 4343 ἐλάλησεν
567 4270 603 4341 ἢ
635 4270 715 4335 τὸ,
747 4271 1165 4339 Πορευθέντες,
1194 4272 1611 4342 μαθητεύσατε
1654 4269 1853 4324 πάντα

284 4363 352 4416 τὰ
375 4363 522 4430 ἔθνη
546 4401 562 4429 ,
597 4363 695 4415 καὶ
724 4361 805 4415 τό·
834 4362 937 4416 Δεῖ
971 4362 1345 4433 κηρυχθῆναι
1381 4363 1448 4417 τὸ
1483 4360 1852 4432 Εὐαγγέλιον

281 4452 453 4507 τοῦτο
481 4454 553 4507 ἐν
583 4453 698 4523 ὅλῃ
729 4452 804 4523 τῇ
830 4454 1185 4523 οἱκουμένῃ;

358 4544 461 4600 Ἐκ
489 4537 648 4601 Σιὼν
666 4547 706 4615 ἠ
730 4545 1050 4614 εὐπρέπεια
1078 4544 1187 4613 τῆς
1231 4546 1586 4615 ὠρωότητος
1637 4543 1844 4599 αὑτοῦ.

293 4633 383 4690 Ἐκ
436 4636 549 4709 γὰρ
585 4637 687 4708 τῆς
730 4636 843 4691 ἄνω
897 4635 1035 4691 Σιὼν
1094 4637 1188 4691 καὶ
1232 4636 1489 4708 δευτέραν
1548 4637 1848 4707 παρουσίαν

282 4729 584 4798 ποιήσεται.

346 4815 368 4889 ζ
394 4818 490 4871 Ἐκ
518 4817 675 4871 Σιὼν
696 4818 735 4886 ἡ
756 4819 1076 4887 εὐπρέπεια
1111 4813 1220 4890 τῆς
1250 4820 1605 4887 ὠραιότητος
1640 4817 1846 4873 αὐτοῦ.

282 4910 421 4977 Θεὸς
443 4909 730 4980 ἐμφανῶς
758 4909 913 4978 ἣξει.
941 4910 1015 4964 Τὸ
1065 4911 1189 4982 μὲν,
1213 4911 1283 4965 ἐκ
1312 4909 1487 4977 Σιὼν,
1516 4911 1617 4981 τὴν
1657 4910 1854 4982 προτέ-
1887 4943 1901 4976 ι

284 5020 376 5074 ραν
397 5003 546 5072 λέγει
600 5003 905 5074 παρουσίαν
960 5002 1263 5075 σημαίνεινο
1313 5003 1374 5056 τὸ
1416 5001 1495 5066 δὲ,
1555 5000 1849 5071 ἐμφανῶς,

282 5094 554 5167 δευτέραν.
586 5094 743 5149 Κατὰ
768 5093 867 5166 μὲν
886 5090 980 5148 οὖν
998 5093 1097 5166 τὴν
1125 5092 1346 5166 πρώτην
1374 5090 1536 5148 αὐτοῦ
1553 5092 1853 5163 παρουσίαν

280 5187 369 5240 καὶ
392 5189 493 5259 τὴν
541 5186 749 5251 ἔνδοξον
781 5186 1098 5256 θεοφάνειαν
1164 5187 1377 5240 ἐσιώπα
1426 5186 1517 5239 ὑπ’
1552 5183 1850 5256 ἀνθρώπων

282 5277 611 5348 κρινόμενος,
631 5276 753 5331 οὐδὲ
784 5274 1002 5346 ἐμφανῆ
1021 5274 1118 5346 τὴν
1140 5273 1332 5328 ἑαυτοῦ
1362 5273 1587 5343 θεότητα
1617 5271 1846 5325 ἐδείκνυο

282 5368 491 5422 ἐπειδὰν
520 5369 578 5423 δὲ
603 5368 666 5423 τὸ
700 5367 952 5440 δεύτερον
983 5368 1265 5439 ἀφίκηται,
1291 5365 1411 5438 ἥξει
1455 5364 1730 5436 ἐμφανῶς,
1755 5361 1850 5417 καὶ

284 5458 337 5511 σὺ
380 5462 889 5533 παρασιωπήσεται’
944 5460 1060 5514 ἀλλ’
1088 5458 1296 5528 ἐλέγξει
1347 5456 1443 5511 τοῦ
1494 5456 1699 5527 κόσμου
1750 5454 1849 5527 τὴν

288 5547 562 5621 ἁμαρτίαν.
595 5551 794 5622 Είγὰρ
831 5552 863 5604 ὁ
886 5550 1017 5615 Θεὸς
1062 5548 1318 5621 ἐμφανῶς
1375 5547 1513 5619 ἥξει,
1564 5549 1594 5600 ό
1633 5547 1847 5619 δὲΧρι-

350 5721 388 5756 ⁸⁸
424 5724 722 5804 lamus",
764 5728 821 5783 3.
903 5728 949 5761 ⁸⁸
975 5727 1148 5783 Exod.
1181 5742 1276 5793 ru,
1304 5728 1355 5781 ι.
1434 5727 1477 5760 ⁸³
1524 5726 1662 5787 Ριιιὶ.
1712 5742 1856 5795 τινι,

2005 5730 2050 5763 ⁸⁵
2085 5730 2273 5787 Matth.
2315 5749 2509 5801 nun,
2563 5737 2648 5791 ιο.

1962 548 2129 587 rauca
2177 532 2287 586 vita
2340 530 2411 585 ab
2473 528 2679 584 divitiis
2734 527 3010 584 celebrata
3068 526 3253 580 fuerit.
3297 522 3528 580 Laudati

1957 620 2165 674 scilicet
2195 627 2250 673 et
2279 618 2465 673 felices
2499 617 2653 680 dicti,
2696 617 2767 671 ob
2809 617 2950 670 bona
2994 630 3118 684 quae
3159 614 3360 669 habere
3380 614 3530 669 vide-

1959 711 2175 765 bantur.
2219 710 2401 781 Neque
2430 711 2706 763 descendet
2751 724 2870 763 cum
2920 724 2980 762 eo
3031 707 3202 778 gloria
3236 706 3372 776 ejus,
3419 715 3526 761 etc.

1957 799 2251 867 Quoniam,
2294 800 2492 870 inquit,
2538 802 2720 855 omnia
2753 809 3125 869 temporanea,
3159 812 3270 853 tum
3297 798 3528 869 gratiam

1958 892 2143 946 reddet
2175 892 2272 945 tibi
2304 892 2534 946 creatori
2566 890 2878 960 huiusmodi
2923 892 3106 956 liomo,
3133 905 3259 944 cum
3293 892 3412 959 ejus
3448 889 3529 945 fa-

1958 984 2192 1038 cultates
2235 986 2478 1039 anseris.

2028 1075 2117 1130 19.
2169 1076 2416 1131 lntroibit
2449 1092 2611 1148 usque
2651 1078 2708 1130 in
2737 1077 3005 1145 progenies
3038 1085 3250 1143 patrum
3284 1089 3523 1128 suorum.

1951 1164 2284 1234 lmitabitnr,
2339 1169 2534 1238 inquit,
2590 1179 2804 1238 patrum
2856 1183 3079 1222 suorum
3127 1168 3367 1222 studium
3419 1186 3433 1221 :
3475 1176 3531 1222 ct

1957 1271 2083 1311 cum
2110 1273 2174 1310 ex
2208 1258 2473 1328 improbis
2505 1270 2686 1313 ortum
2728 1260 2915 1323 ducat,
2947 1259 3352 1328 improbitatem
3377 1259 3528 1315 exci-

1954 1351 2086 1420 piet.
2129 1348 2303 1421 Usque
2344 1352 2400 1404 in
2426 1361 2678 1405 aeternum
2715 1367 2816 1406 non
2844 1352 3037 1404 videbit
3083 1352 3278 1406 lumen.
3324 1350 3529 1407 Omnes

1956 1441 2099 1496 enim
2127 1443 2221 1511 qui
2256 1443 2357 1496 hoc
2391 1444 2551 1496 modo
2573 1446 2836 1504 sentiunt,
2870 1443 3053 1497 animo
3080 1442 3398 1509 cazcutiunt,
3431 1456 3527 1496 ne-

1955 1548 2063 1603 que
2099 1533 2153 1587 in
2203 1533 2306 1588 hac
2350 1533 2571 1587 mortali
2620 1534 2729 1588 vita
2788 1534 2995 1588 lumine
3031 1535 3355 1604 cognitionis
3399 1534 3526 1588 illu-

1950 1625 2132 1688 strati,
2159 1639 2332 1695 neque
2361 1625 2415 1677 in
2456 1616 2867 1679 futttra‘teterno
2891 1625 3102 1680 lumine
3142 1625 3404 1681 donandi.

2306 1713 2644 1770 P-SALMUS
2705 1717 2899 1786 Asaph.
2966 1712 3173 1770 XLIX.

2544 1808 2947 1879 Argumentum.

1956 1891 2235 1951 Psalmum
2269 1897 2418 1951 canit
2447 1896 2650 1967 Asaph,
2680 1913 2971 1967 personant
3018 1896 3261 1954 inferens
3309 1895 3527 1969 legisla-

2028 1990 2185 2049 toris,
2212 1989 2305 2059 qui
2335 1990 2561 2058 antiqua
2608 1990 2877 2044 sacriﬁcia
2921 1991 3133 2055 evertit,
3190 1998 3244 2044 et
3294 2005 3415 2059 qua:
3459 1989 3524 2043 ad

2027 2078 2234 2134 Novum
2273 2080 2684 2135 Testamentum
2737 2081 3008 2150 pertinent
3041 2081 3181 2134 dona
3215 2094 3337 2134 cum
3368 2079 3528 2135 lauoe

2028 2171 2318 2240 conjuncta
2374 2170 2551 2225 all‘ert.
2600 2170 2622 2244 [
2667 2170 2980 2227 Judzeorum
3036 2172 3240 2242 primi,
3285 2170 3527 2241 neglecta

2023 2261 2246 2323 virtute,
2271 2260 2588 2330 religionem
2608 2262 2869 2332 putabant
2888 2278 3009 2317 esse
3027 2264 3187 2316 sitam
3223 2262 3276 2315 in
3298 2261 3528 2316 recitan-

2027 2352 2113 2405 dis
2143 2360 2196 2405 et
2232 2352 2584 2405 enuntiandis
2628 2353 2856 2419 legibus,
2889 2352 3291 2422 oﬂ‘erendisque
3320 2351 3529 2407 sacriﬁ-

2027 2443 2147 2497 ciis.
2180 2440 2366 2495 Lectio
2406 2450 2588 2495 autem
2614 2442 2750 2511 legis
2777 2452 2831 2496 et
2863 2443 3259 2498 sacriﬁciorum
3299 2440 3525 2505 oblatio,

2027 2533 2243 2587 virtutis
2287 2534 2435 2588 intus
2485 2534 2799 2589 exsistentis
2854 2533 3065 2588 fructus
3107 2549 3230 2588 esse
3276 2533 3524 2586 debent:

2028 2638 2136 2693 qua
2164 2621 2449 2677 deficiente
2476 2623 2567 2677 illa
2594 2624 2772 2678 solum
2808 2632 3086 2687 praestare,
3113 2623 3340 2694 perinde
3364 2621 3522 2676 lueri.

2032 2730 2098 2770 ac
2126 2715 2173 2770 si
2216 2715 2342 2784 quis
2379 2724 2615 2785 ungatur
2661 2712 2729 2768 ad
2779 2716 3105 2782 palaestram.
3145 2724 3200 2769 et
3231 2714 3525 2768 certamina

2025 2807 2143 2877 ipsa
2176 2808 2309 2861 nihil
2358 2818 2534 2875 curet,
2577 2809 2778 2879 quibus
2831 2823 3032 2863 corona
3078 2808 3373 2862 obtinctttr.
3422 2805 3529 2860 Eos

2040 2899 2226 2967 itaque
2279 2900 2372 2968 qui
2409 2899 2490 2954 sic
2528 2899 2705 2954 allecti
2740 2909 2889 2965 sunt,
2914 2900 3163 2969 coarguit
3193 2900 3385 2954 beatus
3434 2896 3532 2951 Da.

2026 2990 2137 3053 vid,
2191 2988 2473 3061 Deumque
2504 2991 2716 3046 inducit
2761 2991 3180 3062 exprobrantem
3233 3005 3296 3044 ac
3345 2988 3530 3043 decla-

2030 3091 2238 3137 rantem
2270 3097 2350 3145 se,
2391 3083 2437 3137 si
2472 3082 2690 3137 deﬁciat
2718 3083 2913 3147 virtus,
2952 3098 2983 3137 a
3020 3082 3303 3137 sacriﬁciis
3329 3080 3530 3135 abhor»

2026 3190 2170 3242 rere,
2200 3176 2345 3244 quod
2384 3191 2480 3245 per
2523 3175 2718 3229 Isaiam
2772 3190 2992 3245 quoque
3030 3174 3247 3228 dicebat
3283 3173 3350 3227 δ’.
3416 3170 3529 3225 lm-

2029 3266 2148 3336 pius
2193 3268 2283 3337 qui
2329 3267 2458 3320 mihi
2497 3266 2716 3320 vitulum
2758 3265 3088 3331 immolabat,
3137 3277 3213 3320 est
3253 3266 3407 3336 quasi
3438 3264 3529 3317 ille

2027 3360 2117 3429 qui
2158 3359 2324 3412 virum
2363 3359 2539 3423 credit,
2566 3369 2672 3414 etc.
2701 3358 2759 3412 In
2803 3359 3041 3428 imagine
3087 3359 3252 3428 igitur
3289 3355 3525 3411 Verbum

2031 3451 2341 3517 adumbrat,
2370 3451 2685 3520 inducitque
2734 3450 2904 3505 Deum
2948 3450 3015 3504 de
3061 3449 3201 3504 caelo
3237 3448 3528 3504 advenien-

2028 3551 2160 3608 tem,
2196 3559 2261 3598 ac
2284 3545 2562 3598 sedentem
2598 3542 2664 3598 ad
2685 3544 2975 3613 judicium,
3019 3550 3073 3597 et
3113 3540 3181 3596 de
3214 3540 3520 3599 Iudaeorum

2026 3634 2365 3706 principibus
2387 3635 2656 3704 judicium
2698 3634 2981 3697 ferentem,
3025 3631 3166 3686 Deus
3202 3632 3419 3687 deorum
3444 3632 3528 3685 lo-

2028 3736 2181 3779 cutus
2214 3736 2312 3781 est.

2026 3818 2078 3871 1.
2137 3816 2277 3870 Deus
2316 3818 2537 3870 deorum
2579 3816 2836 3871 Dominus
2866 3817 3072 3871 locutus
3103 3824 3201 3879 est,
3235 3825 3284 3869 et
3325 3815 3527 3868 vocavit

1955 3916 2170 3961 terram.
2220 3905 2407 3961 Sancti
2451 3916 2513 3962 ut
2560 3908 2636 3962 dii
2685 3912 2825 3977 apud
2870 3908 3038 3962 Deum
3090 3917 3265 3963 sunt:
3297 3907 3431 3960 Dedi
3478 3918 3529 3961 te

1954 3998 2228 4052 Pharaoni
2267 3999 2324 4052 in
2367 3996 2537 4052 Deum
2584 3996 2632 4029 ⁸³
2652 4039 2670 4064 ,
2701 4007 2755 4052 ει
2783 4016 2798 4053 :
2836 3996 2951 4068 Ego
2984 3999 3100 4051 dixi
3131 4014 3151 4052 :
3183 3998 3273 4051 Dii
3306 3997 3431 4052 estis
3453 3996 3521 4050 “.

1952 4086 2310 4154 Quandonam
2337 4086 2413 4141 ita
2436 4101 2466 4141 a
2496 4085 2606 4142 Deo
2638 4095 2922 4150 vocantur,
2960 4087 3065 4141 nisi
3101 4102 3224 4141 cum
3262 4087 3522 4143 incarna-

1953 4190 2041 4235 tus
2069 4178 2285 4233 locutus
2314 4186 2417 4246 est,
2441 4187 2498 4234 et
2528 4188 2694 4234 totam
2739 4179 3063 4234 convocavit
3102 4180 3343 4233 terram?
3383 4178 3525 4247 Quid

1949 4286 2080 4325 vero
2142 4270 2356 4325 locutus
2400 4279 2505 4336 est,
2564 4269 2723 4324 nisi:
2774 4268 2971 4323 Euntes
3025 4270 3288 4339 baptizate
3349 4284 3525 4325 omnes

1948 4375 2120 4433 gentes
2147 4361 2226 4428 Μ;
2266 4370 2322 4417 ει
2365 4361 2498 4417 illud
2530 4379 2545 4417 :
2599 4361 2814 4432 Oportet
2854 4362 3138 4432 prazdicari
3184 4361 3525 4435 Evangelittm

1950 4454 2045 4507 hoc
2068 4454 2124 4507 in
2158 4453 2399 4507 universo
2431 4453 2627 4507 mundo
2665 4453 2751 4508 ιιι

2025 4543 2080 4597 2.
2117 4541 2202 4597 Ea:
2228 4540 2360 4598 Sion
2378 4545 2573 4614 species
2615 4544 2820 4599 decoris
2844 4544 2978 4615 ejus.
3026 4543 3164 4600 Nam
3188 4560 3253 4601 ex
3283 4556 3522 4617 superna

1957 4634 2088 4690 Sion
2124 4636 2365 4691 secundo
2405 4636 2676 4691 adveniet.

2027 4824 2136 4897 [Ex
2151 4823 2276 4879 Sion
2293 4826 2485 4894 species
2496 4826 2702 4880 decoris
2717 4827 2851 4895 ejus.
2872 4824 3032 4888 Deus,
3052 4825 3327 4894 manifeste
3338 4826 3521 4880 veniet.

1956 4914 2117 4980 lllud,
2141 4931 2206 4970 ea:
2234 4912 2385 4980 Sion,
2421 4917 2658 4986 priorem
2681 4915 3124 4972 dicitadventum
3170 4916 3518 4984 signiﬁcare;

1957 5005 2090 5061 illud
2118 5015 2325 5070 autem,
2380 5007 2694 5077 manifeste,
2745 5006 3073 5061 secundum.
3130 5002 3287 5070 Quod
3339 5005 3525 5073 itaque

1956 5096 2196 5167 priorem
2225 5097 2347 5167 ejus
2370 5098 2685 5164 adventum,
2729 5106 2894 5167 atque
2929 5095 3224 5165 gloriosam
3270 5091 3365 5147 Dei
3404 5107 3518 5145 ma-

1956 5188 2384 5256 nilestationem,
2415 5190 2612 5245 silebat
2638 5191 2769 5245 dum
2803 5190 2872 5245 ab
2900 5185 3491 5249 bominibusjudicare

1954 5290 2066 5348 tur,
2090 5296 2268 5352 neque
2294 5284 2592 5352 compicue
2608 5283 2949 5340 divinitatem
2979 5297 3134 5340 suam
3165 5278 3517 5339 oStcndebat.

1956 5373 2180 5443 quando
2204 5382 2387 5429 autem
2417 5375 2660 5429 secundo
2714 5376 2956 5439 accedet,
2990 5369 3279 5426 manifeste
3313 5369 3517 5435 veniet,

1954 5472 2010 5516 et
2055 5476 2166 5515 non
2216 5462 2419 5525 silebit,
2477 5465 2570 5519 sed
2628 5474 2820 5534 arguet
2870 5461 3059 5517 mundi
3114 5468 3425 5529 peccatum.
3459 5456 3525 5514 Si

1956 5569 2196 5624 namque
2221 5553 2669 5626 Deus_manil'cste
2687 5557 2889 5621 veniat,
2911 5554 3163 5608 Christus
3180 5561 3359 5607 autem
3377 5553 3521 5608 Deus

2773 5735 2818 5767 “
2856 5733 3020 5791 Marc.
3053 5749 3180 5802 xm,
3218 5731 3305 5789 ιο.
