3976 6220
388 290 488 347 251

1307 286 1363 344 S.
1401 291 1770 346 ATHANASII
1809 285 1959 345 OPP.
2000 286 2181 342 PARS
2219 283 2306 340 lll.
2346 315 2417 326 —
2455 281 2863 338 EXEGETlCA.

3527 283 3631 320 ε)τῆ

3531 319 3633 337 ,ουκ

386 407 484 468 sit,
509 405 638 460 illud
666 419 796 459 sane
817 404 1041 467 dictum,
1075 405 1369 472 manifeste,
1391 423 1608 462 carnem
1642 405 1944 477 declarat.]
1977 435 1989 468 λ

2078 403 2172 465 ’τὸς
2201 401 2329 464 Θεός
2365 402 2497 462 ἐστι,
2535 401 2615 464 τὸ,
2651 398 2942 469 ἐμφανῶς,
2976 400 3080 470 ἄρα
3102 399 3196 468 τὴν
3229 399 3404 467 σάρκα
3437 399 3632 469 δηλῶ]

463 496 516 550 5.
554 494 692 550 Deus
719 494 993 562 manifeste
1020 495 1208 546 veniet.
1268 494 1386 549 Non
1427 498 1573 550 enim
1618 499 1841 568 perinde
1876 509 1960 552 at-

394 606 502 660 que
526 591 579 644 in
605 589 781 658 primo
799 589 1034 643 adventu
1069 587 1353 658 incognito
1391 591 1604 655 veniet;
1634 591 1726 643 sed
1763 598 1823 643 ut
1847 592 1959 658 ipse

395 683 503 736 ait:
537 681 680 736 sicut
707 680 888 750 fulgur
930 680 1072 748 quod
1117 681 1298 734 omnia
1344 681 1531 750 implet
1573 681 1640 733 ab
1667 682 1876 734 oriente
1896 682 1962 734 ad

397 773 756 828 occidentem.
779 771 918 823 Deus
935 779 1112 824 noSter
1126 781 1174 824 et
1191 788 1289 824 non
1311 772 1642 826 silebit.Non
1662 773 1801 826 sicut
1815 785 1960 836 ante,

402 865 606 935 inquit,
639 865 854 925 silebat,
893 872 947 917 et
987 863 1122 916 nihil
1171 865 1364 933 agebat
1405 873 1592 919 contra
1640 865 1856 932 impios,
1890 864 1962 916 ita

398 964 530 1010 tunc
553 955 675 1010 erit.
698 953 842 1023 Ignis
876 955 928 1004 in
950 965 1225 1022 conspectu
1259 956 1370 1024 ejus
1387 954 1704 1008 exardescet.
1723 953 1885 1023 Ignis,
1907 962 1967 1006 ut

397 1058 616 1118 propter
647 1047 975 1116 impietatem
1007 1057 1275 1101 merentes
1319 1047 1496 1099 tradat
1531 1045 1964 1100 comburendos:

399 1139 575 1193 simile
591 1147 768 1194 autem
787 1139 917 1193 illud
951 1163 964 1196 :
992 1142 1055 1196 In
1075 1149 1346 1207 conspectu
1365 1137 1509 1192 illius
1541 1136 1839 1192 volvebatur
1862 1138 1969 1206 ﬂu-

400 1231 512 1286 vius
541 1233 746 1301 igneus.
772 1232 898 1289 Haec
920 1235 1036 1305 ipsa
1078 1233 1348 1288 mirabilia
1378 1247 1510 1286 sane
1531 1231 1664 1284 vidit
1694 1230 1882 1285 Daniel
1901 1231 1965 1285 δ’.

402 1320 625 1376 Fluv‘ius
656 1324 826 1390 enim,
861 1325 1059 1396 inquit,
1089 1327 1226 1395 ignis
1256 1324 1560 1379 volvebatur
1584 1324 1638 1375 in
1687 1333 1968 1392 conspectu

401 1411 550 1481 ejus:
583 1413 798 1467 thronus
835 1415 950 1484 ejus
981 1417 1200 1486 ﬂamma
1229 1415 1384 1484 ignis,
1413 1423 1542 1467 rota:
1561 1413 1674 1481 eius
1704 1413 1838 1482 ignis
1872 1429 1968 1465 ac-

409 1516 618 1554 census.
651 1501 796 1572 lgnis
823 1514 1026 1571 autem,
1070 1513 1165 1558 aut
1196 1504 1379 1557 lumen
1431 1518 1498 1556 ex
1537 1516 1602 1556 eo
1634 1515 1863 1556 manans
1893 1499 1970 1554 si-

404 1590 662 1661 gniﬁcat;
697 1608 823 1648 nam
854 1594 1057 1649 Christi
1085 1595 1447 1664 cognitionem
1483 1593 1740 1662 praecedit
1787 1593 1971 1646 lumen
2016 1583 2021 1586 ’

409 1681 726 1750 spirituale,
783 1683 940 1752 cujus
1001 1686 1171 1752 ﬁgura
1237 1693 1320 1738 est
1363 1682 1614 1736 columna
1662 1680 1801 1751 ignis
1845 1697 1967 1750 qua:

403 1769 657 1827 lsraelem
688 1784 843 1828 nocte
877 1777 1144 1842 ducebat;
1172 1783 1267 1828 aut
1301 1775 1504 1828 indicat
1529 1787 1631 1828 nos
1661 1773 1809 1827 omni
1839 1787 1964 1842 pec-

403 1868 647 1916 catorum
692 1878 891 1934 genere
932 1863 1158 1934 frigidos
1196 1879 1228 1918 a
1278 1862 1558 1917 Salvatore
1591 1878 1854 1918 accensos
1892 1863 1961 1917 ad

405 1953 645 2007 studium
676 1955 858 2010 omnis
885 1956 1036 2010 boni.
1070 1955 1214 2026 Ignis
1244 1971 1373 2010 vero
1399 1956 1488 2010 ille
1519 1970 1618 2010 ceu
1643 1956 1967 2024 spiritualis,

405 2045 580 2099 sancti
629 2044 865 2115 Spiritus
899 2045 1372 2115 participationem
1404 2045 1632 2100 inducit.
1669 2046 1761 2099 Ait
1810 2047 1957 2100 enim

405 2132 501 2188 ille
541 2153 556 2188 :
593 2137 776 2205 Ignem
830 2137 941 2190 veni
973 2137 1178 2190 mittere
1227 2137 1278 2189 in
1339 2145 1531 2188 terram
1565 2135 1632 2190 ‘7.
1689 2133 1971 2206 Siquidem

408 2225 604 2294 spiritu
636 2226 882 2281 viventes
905 2226 1083 2281 ell'ecti
1132 2241 1321 2281 sumus
1356 2233 1631 2295 quotquot
1661 2226 1757 2279 tali
1797 2227 1970 2296 gratia

407 2317 614 2385 dignati
648 2333 860 2372 sumus.
889 2316 1256 2382 Quamobrem
1298 2319 1350 2370 in
1377 2317 1528 2371 omni
1581 2315 1823 2388 Spiritus
1847 2333 1973 2387 gra-

408 2409 480 2461 tia
511 2409 652 2477 ignis
685 2409 1054 2464 manifestatio
1106 2426 1215 2463 una
1252 2409 1570 2476 inducitur;
1631 2409 1973 2478 baptizamur

405 2501 552 2554 enim
584 2501 638 2555 in
668 2501 890 2556 Christo
917 2502 1218 2556 secundum
1244 2500 1477 2554 Joannis
1516 2516 1704 2555 vocem
1754 2503 1808 2554 in
1853 2500 1974 2571 Spi-

410 2591 520 2644 ritu
550 2599 743 2646 sancto
801 2602 856 2646 et
911 2591 1056 2662 igne.
1107 2590 1197 2645 Ait
1240 2591 1366 2644 item
1421 2591 1806 2660 prophetarum
1854 2592 1975 2660 qui-

410 2681 535 2736 dam
560 2683 634 2736 “z
680 2681 802 2752 Ipse
833 2683 1099 2753 egreditur
1119 2683 1271 2753 quasi
1301 2684 1438 2751 ignis
1464 2684 1700 2751 con/laus
1747 2695 1795 2737 et
1821 2684 1975 2752 quasi

411 2773 570 2826 herba
619 2774 919 2842 fullonum:
968 2783 1017 2827 et
1061 2774 1335 2828 descendet
1389 2775 1624 2843 conﬂans
1655 2783 1704 2828 et
1747 2792 1974 2845 purgans

411 2879 504 2916 ceu
537 2880 727 2916 aurum
774 2873 823 2917 et
858 2874 1154 2935 argentum.
1180 2868 1408 2922 Omnem
1453 2870 1655 2938 quippe
1705 2871 1974 2923 maculam

412 2955 466 3008 in
500 2955 655 3009 nobis
681 2955 936 3011 tabcl‘acit
971 2957 1208 3028 Spiritus
1247 2961 1423 3014 sancti
1464 2962 1664 3017 virtus.
1693 2960 1799 3015 Sed
1833 2962 1970 3014 nihil

2142 494 2205 545 '0
2241 493 2383 556 Θεὸς
2402 492 2677 560 ἐμφανῶς
2702 491 2854 558 ἣξει.
2889 493 2964 543 Οὐ
2991 493 3098 561 γὰρ
3152 491 3292 544 κατὰ
3319 491 3413 561 τὴν
3441 492 3637 563 προτέ-

2064 602 2160 656 ραν
2191 583 2491 654 παρουσίαν
2520 583 2837 653 λεληθότως·
2864 584 2976 636 ἀλλ’
3010 585 3085 646 ὡς
3126 584 3284 645 αὑτός
3319 601 3505 654 φησιν,
3559 583 3637 645 ὡς

2062 678 2316 748 ἀστραπὴ
2361 676 2640 747 πληροῦσα
2690 677 2796 730 ἀπὸ
2841 676 3112 730 ἀνατολῶν
3146 676 3248 740 ἕως
3302 676 3542 745 δυσμῶν.
3583 677 3637 727 Ὀ

2067 773 2210 839 Θεὸς
2255 772 2423 840 ἡμῶν
2455 771 2552 824 καὶ
2606 773 2676 824 οὐ
2723 769 3267 838 παρασιωπήσεται.
3297 769 3406 837 Οὐχ
3450 767 3638 838 ὥσπερ

2066 865 2126 917 τὸ
2148 865 2429 935 πρότερον,
2460 864 2642 934 φησὶν,
2673 862 2882 915 ἐσιώπα
2921 865 3030 924 τοῖς
3052 860 3324 926 ἀσεϐέσιν,
3357 860 3496 912 οὕτω
3541 860 3638 912 καὶ

2066 956 2208 1008 τότε.
2236 955 2362 1022 Πῦρ
2391 956 2644 1007 ἐνώπιον
2698 955 2885 1008 αὐτοῦ
2938 953 3322 1019 καυθήσεται.
3355 952 3493 1020 Πῦρ,
3551 953 3640 1005 ἴνα

2067 1049 2191 1108 τοὺς
2216 1046 2394 1110 ἀξίους
2410 1046 2501 1099 διὰ
2519 1047 2615 1118 τὴν
2649 1047 2899 1100 ἀσέϐειαν
2927 1046 3103 1100 αὐτῶν
3142 1045 3386 1117 παραδῷ.
3414 1046 3641 1115 Ὅμοιον

2068 1137 2126 1188 δὲ
2151 1131 2238 1198 τὸ,
2293 1140 2670 1206 Ἐμπροσθεν
2701 1139 2885 1192 αὐτοῦ
2913 1135 3076 1192 εἷλκε
3125 1138 3388 1207 ποταμὸς
3428 1139 3638 1206 πυρός.

2070 1229 2281 1300 Σφόδρα
2305 1229 2475 1282 ταῦτα
2501 1231 2592 1282 καὶ
2623 1233 2651 1282 ὁ
2677 1232 2942 1302 μακάριος
2980 1231 3238 1284 ἐθεάσατο
3279 1230 3496 1299 Δανιὴλ.
3529 1233 3644 1283 Ποα-

2069 1321 2253 1389 ταμὸς
2273 1321 2400 1394 γὰρ,
2445 1324 2598 1392 φησὶ,
2635 1323 2822 1390 πυρὸς
2850 1319 3050 1377 εἷλκεν
3080 1325 3415 1393 ἔμπροσθεν
3434 1323 3640 1376 αὐτοῦ’

2070 1415 2104 1465 ὀ
2129 1413 2339 1481 θρόνος
2362 1414 2548 1468 αὑτοῦ
2576 1415 2733 1482 φλὸξ
2762 1417 2968 1483 πυρός’
3007 1419 3061 1468 οἱ
3094 1416 3290 1485 τροχοὶ
3319 1414 3500 1469 αὑτοῦ
3521 1416 3643 1482 πῦρ

2071 1504 2318 1573 φλέγον.
2377 1505 2679 1576 (Corderius
2731 1509 2852 1575 sic.)
2882 1509 2953 1559 Τὸ
3003 1508 3059 1560 δὲ
3107 1508 3215 1579 πῦρ
3257 1507 3374 1577 ἢτδ
3401 1507 3514 1576 φῶς
3545 1524 3642 1576 σηε-

2078 1597 2260 1667 μαίνει
2293 1597 2353 1650 τὸ
2373 1597 2431 1664 ἐξ
2459 1598 2644 1651 αὑτοῦ·
2669 1599 2767 1669 τῆς
2793 1600 2900 1670 γὰρ
2933 1599 3182 1667 γνώσεως
3201 1599 3294 1652 τοῦ
3323 1599 3556 1670 Χριστοῦ
3579 1600 3641 1652 τὸ

2074 1689 2161 1740 διὰ
2193 1691 2425 1753 πίστεως
2471 1691 2681 1760 ἡγεῖται
2734 1690 2850 1760 φῶς
2898 1691 3105 1761 νοητὸν,
3163 1683 3222 1743 οῦ
3278 1691 3444 1754 τύπος
3491 1689 3639 1743 ὁτοῦ

2081 1782 2292 1853 Ἰσραὴλ
2315 1784 2372 1836 ὲν
2402 1783 2554 1836 νυκτὶ
2583 1782 3032 1853 καθηγησάμενος
3063 1783 3252 1846 στῦλος
3277 1784 3465 1854 πυρός·
3491 1783 3523 1853 ἢ
3557 1785 3642 1836 ὅτι

2069 1876 2193 1936 τοὺς
2221 1872 2636 1942 ἀπεψυγμένους
2668 1875 2814 1943 ἡμᾶς
2863 1875 2939 1935 εἰς
2973 1874 3187 1927 ἃπασαν
3230 1874 3500 1942 ἁμαρτίαν
3544 1874 3640 1925 ἀν·-

2069 1965 2420 2035 εζωπύρησεν
2455 1968 2482 2017 ὁ
2515 1965 2702 2036 Σωτὴρ
2741 1967 2820 2028 εἰς
2849 1965 3152 2035 προθυμίαν
3179 1966 3376 2028 παντὸς
3413 1964 3642 2033 ἀγαθοῦ·

2071 2057 2180 2126 πῦρ
2206 2056 2392 2126 ὥσπερ
2413 2057 2603 2126 νοητὸν
2627 2057 2724 2126 τὴν
2770 2055 2863 2108 τοῦ
2897 2057 3053 2124 ἁγίου
3084 2055 3222 2108 Πνεύ
3234 2072 3398 2125 ματος
3428 2054 3642 2125 μέθεξιν

2070 2145 2340 2217 ἐμϐαλών.
2377 2148 2518 2216 Ἔφη
2547 2147 2676 2215 γοῦν
2709 2149 2788 2200 ὅτι
2813 2165 2826 2177 ·
2881 2147 3008 2214 Πῦρ
3047 2143 3237 2216 ἦλθον
3281 2147 3503 2210 βαλεῖν
3540 2147 3640 2200 ἐπὶ

2070 2237 2185 2304 τὴν
2214 2236 2347 2305 γῆν·
2382 2237 2682 2306 γεγόναμεν
2703 2238 2811 2310 γὰρ
2853 2237 2929 2307 τῷ
2960 2237 3227 2309 πνεύματι
3281 2239 3500 2303 ζῶντες,
3527 2241 3646 2294 ὅσοι

2071 2329 2172 2398 τῆς
2195 2328 2446 2400 τοιαύτης
2476 2328 2752 2399 ὴξιὼμεθα
2805 2330 3040 2402 χάριτος.
3087 2331 3177 2384 Διὺ
3223 2333 3315 2384 καὶ
3367 2333 3423 2384 ἐν
3456 2335 3520 2402 τῇ
3550 2333 3643 2384 τοῦ

2073 2420 2226 2487 ἁγίου
2253 2420 2565 2491 Πνεύματος
2606 2423 2786 2492 χάριτι
2817 2423 2985 2492 πυρὸς
3043 2423 3272 2492 δήλωσις
3304 2424 3645 2495 συνεισφέρε-

2072 2527 2180 2564 ταας*
2219 2512 2589 2583 βαπιζὸμεθα
2624 2513 2730 2585 γὰρ
2762 2516 2818 2566 ὲν
2844 2515 3062 2585 Χριστῷ
3101 2515 3241 2568 κατά
3265 2516 3364 2587 τὴν
3401 2517 3645 2570 Ἰωάννου

2077 2604 2257 2673 φωνὴν
2283 2607 2340 2656 ὲν
2368 2605 2645 2674 Πνεύματι
2669 2605 2806 2676 ἁγίῳ
2841 2605 2934 2659 καὶ
2969 2606 3121 2677 πυρί.
3159 2605 3301 2676 Ἔφη
3332 2606 3388 2659 δέ
3436 2625 3519 2670 τις
3547 2608 3644 2661 καὶ

2073 2693 2181 2746 τῶν
2210 2697 2502 2765 προφητῶν
2530 2713 2544 2726 °
2594 2698 2676 2750 ὃτι
2729 2697 2923 2764 Αὐτὸς
2956 2698 3334 2765 ἐκπορεύεται
3391 2700 3471 2765 ὼς
3527 2699 3648 2766 πῦρ

2077 2785 2500 2852 χωνευτηρίου,
2533 2787 2631 2839 καὶ
2659 2787 2740 2852 ὡς
2781 2787 2902 2839 πόα
2955 2787 3328 2841 πλυνόντων·
3377 2787 3472 2840 καὶ
3506 2790 3649 2840 καθ-

2077 2875 2245 2930 ιεῖται
2293 2878 2570 2946 κωνεύων
2611 2879 2708 2931 καὶ
2757 2876 3078 2945 καθαρίζων
3119 2877 3198 2945 ὠς
3249 2879 3316 2932 τὸ
3368 2881 3648 2950 ἀργύριον⁴

2077 2969 2177 3020 καὶ
2228 2969 2502 3037 χρυσίον.
2567 2969 2817 3041 Ἐκτηκει
2843 2970 2951 3040 γὰρ
2998 2969 3211 3024 ἅπαντα.
3238 2970 3403 3041 ῥύπον
3433 2972 3492 3023 ὲν
3519 2972 3650 3041 ἡμῖν

414 3045 616 3115 profuit
649 3045 944 3119 Synagogre
967 3049 1300 3118 Judteorum,
1333 3053 1462 3121 quia
1489 3053 1717 3122 gratiam
1745 3068 1853 3106 non
1878 3055 1973 3108 ad-

2081 3059 2131 3130 ή¹
2158 3077 2253 3111 του
2287 3061 2444 3127 ἁγίου
2487 3061 2802 3131 Πνεύματος
2830 3062 3075 3133 δύναμις.
3134 3063 3269 3114 Ἀλλ’
3297 3063 3446 3116 οὐδὲν
3473 3062 3648 3134 ὢνησε

417 3141 702 3206 miserunt,
736 3141 803 3194 de
824 3143 1024 3210 quibus
1055 3143 1198 3212 apud
1229 3141 1519 3197 Jeremiam
1548 3144 1684 3199 dicit
1707 3144 1845 3198 Deus
1881 3145 1923 3176 "
1959 3166 1972 3199 :

416 3231 618 3299 Deiecit
675 3232 931 3300 conﬂator
970 3235 1033 3286 ab
1064 3234 1198 3303 igne,
1231 3235 1423 3312 defecit
1458 3235 1749 3303 plumbum.
1789 3235 1856 3288 In
1884 3253 1976 3290 va-

420 3338 544 3374 num
603 3325 934 3392 argentarius
970 3335 1246 3393 argentum
1284 3326 1498 3395 signat:
1531 3326 1752 3380 malitim
1797 3343 1977 3381 eorum

422 3425 522 3463 non
557 3409 834 3480 labefacta:
867 3421 1010 3467 sunt.

484 3614 540 3668 4.
575 3613 859 3667 Advocabit
889 3615 1077 3668 cwlum
1104 3615 1400 3674 desursum.
1431 3618 1570 3673 Olim
1606 3620 1700 3689 qui
1743 3620 1797 3673 in
1830 3628 1975 3676 terra

415 3703 680 3774 degebant
707 3714 889 3774 partes
923 3707 1163 3776 vulpium
1211 3720 1387 3777 erant,
1420 3721 1479 3764 ut
1525 3711 1581 3764 in
1613 3711 1841 3766 Psalmis
1890 3713 1975 3767 di-

417 3804 565 3849 ctum
587 3806 670 3851 est
696 3798 765 3859 ⁵⁰,
826 3798 1070 3867 impuros
1104 3800 1341 3855 colentes
1396 3802 1640 3870 spiritus,
1683 3813 1738 3857 et
1777 3805 1830 3857 in
1864 3804 1979 3858 sin-

419 3887 558 3956 gulis
583 3887 718 3943 locis
747 3887 915 3943 Deum
951 3890 1326 3945 existimantes
1354 3909 1473 3948 esse
1529 3895 1580 3948 id
1623 3896 1770 3965 quod
1807 3913 1978 3968 appa-

420 3979 589 4032 rebat.
623 3978 728 4032 Sed
751 3981 842 4033 ubi
866 3981 1116 4049 apparuit
1142 3980 1414 4050 Salvator,
1447 3986 1741 4042 illustravit
1771 4004 1870 4044 nos
1895 4004 1981 4043 ve-

420 4082 481 4120 ra
511 4065 601 4121 Dei
653 4068 984 4137 cognitionis
1041 4069 1183 4138 luce,
1246 4073 1466 4127 reduxit
1497 4077 1642 4144 quod
1681 4089 1977 4142 erraverat,

418 4158 677 4226 obligavit
708 4160 855 4228 quod
882 4161 1292 4228 inﬁrmabatur;
1324 4173 1510 4234 utpote
1559 4177 1744 4236 pastor
1777 4170 1975 4235 bonus,

420 4245 565 4301 feras
597 4249 821 4316 expulit
853 4251 921 4303 ab
947 4253 1075 4305 ovili
1109 4255 1330 4321 ovium;
1372 4257 1733 4312 sanctiﬁcavit
1763 4260 1978 4328 spiritu,

422 4336 654 4390 munivit
682 4337 975 4394 virtutibus
999 4343 1281 4410 angelicis,
1330 4346 1617 4400 constituit
1660 4363 1851 4402 omnes
1885 4349 1980 4418 qui

425 4427 484 4481 in
539 4439 682 4482 terra
741 4427 892 4480 fuere
947 4443 1165 4488 sanctos
1209 4436 1590 4506 mysteriorum
1650 4438 1979 4518 iqitiatores.

427 4515 724 4571 Advocabit
750 4519 934 4590 igitur,
969 4521 1165 4591 inquit,
1190 4525 1410 4593 angelos
1439 4526 1531 4594 qui
1555 4527 1610 4580 in
1652 4515 1807 4581 caelis
1831 4538 1980 4594 sunt,

421 4616 477 4662 et
497 4623 590 4662 eos
618 4609 710 4679 qui
745 4610 801 4664 in
836 4620 978 4666 terra
1009 4621 1075 4667 ad
1107 4616 1468 4681 apostolatum
1521 4617 1697 4671 allecti
1740 4629 1888 4683 sunt,
1920 4629 1981 4674 ut

423 4698 736 4754 discernunt
765 4703 1021 4770 populum
1051 4703 1244 4774 ipsius.
1281 4704 1414 4760 Nam
1455 4707 1686 4775 apostoli
1717 4723 1812 4764 eos
1853 4712 1976 4778 qui-

421 4789 545 4844 dem
572 4791 666 4860 qui
710 4793 1175 4863 obtemperarunt,
1219 4797 1330 4852 Deo
1395 4800 1661 4861 obtulere,
1726 4799 1976 4857 intideles

433 4891 613 4934 autem
642 4879 856 4937 Satanae
883 4886 1253 4950 transmisere,
1302 4898 1510 4942 tantum
1564 4905 1668 4944 non
1701 4890 1972 4945 dicentes:

422 4972 711 5026 Absceditc
740 4973 906 5041 igitur
935 4974 1003 5028 ad
1032 4977 1205 5030 lucem
1242 4979 1384 5048 ignis
1415 4981 1600 5041 vestri,
1629 4987 1683 5032 et
1725 4980 1792 5033 ad
1822 4979 1978 5033 llam-

422 5079 564 5117 mam
590 5079 698 5132 qua
747 5066 1018 5120 combusti
1049 5069 1200 5124 estis.
1244 5068 1446 5125 Judzeis
1489 5071 1670 5140 itaque
1718 5086 1824 5126 non
1853 5087 1975 5126 cre-

421 5151 672 5208 dentibus
722 5154 874 5210 aiunt
908 5157 988 5210 “2
1035 5157 1190 5212 Vobis
1238 5161 1506 5229 oportebat
1553 5163 1781 5230 primum
1831 5163 1975 5232 loqui

421 5245 629 5296 verbum
656 5245 786 5300 Dei:
809 5249 899 5301 sed
931 5251 1179 5318 quoniam
1202 5251 1450 5319 repellitis
1479 5238 1632 5316 illud,
1659 5263 1708 5306 et
1734 5255 1977 5324 indignos

423 5349 510 5385 vos
531 5335 788 5402 judicatis
827 5349 1036 5394 (eterna:
1059 5343 1196 5407 vitm,
1225 5360 1341 5396 ecce
1379 5347 1732 5398 convertimur
1763 5345 1831 5398 ad
1855 5362 1979 5414 gen-

427 5431 520 5474 tes.
548 5422 702 5488 Quod
728 5438 909 5482 autem
942 5431 1324 5500 mysteriorum
1366 5433 1835 5503 dispensatoribus
1882 5449 1977 5488 eo-

426 5525 658 5582 rumque
689 5515 972 5587 discipulis
992 5521 1164 5592 angeli
1191 5523 1538 5588 auxilientur,
1575 5527 1813 5582 declarat
1840 5523 1984 5578 Pau-

499 5624 544 5701 δέ
573 5624 706 5680 Dan.
741 5643 838 5690 vn,
859 5630 958 5701 A10.
1065 5634 1106 5665 "
1140 5634 1270 5690 Luc.
1306 5654 1400 5701 xu,
1431 5639 1516 5692 l9.

433 5692 490 5764 ⁸⁸.
508 5699 627 5749 Act.
659 5711 779 5762 xm,
811 5699 897 5756 46.

1627 5638 1671 5671 ⁸⁸
1701 5639 1928 5694 Malach.
1955 5654 2039 5707 In,
2070 5639 2138 5705 2,
2175 5639 2226 5692 '5.

2078 3150 2176 3219 τὴν
2210 3149 2472 3203 Ἰουδαίων
2522 3152 2869 3223 Συναγωγὴν,
2919 3153 3000 3205 ὅτι
3046 3153 3119 3222 μὴ
3288 3153 3444 3224 χάριν
3480 3169 3652 3224 προσ-

2081 3243 2302 3312 ήκαντο,
2353 3243 2478 3312 περὶ
2503 3237 2576 3294 ὧν
2609 3246 2666 3296 ὲν
2694 3245 2929 3315 Ἱερεμίᾳ
2945 3246 3105 3314 φησιν
3129 3246 3156 3296 ὁ
3174 3243 3321 3307 Θεός⁹
3353 3243 3648 3309 Ὲξέλειπε

2078 3333 2359 3402 φυσητὴρ
2417 3334 2534 3388 ἀπὸ
2584 3337 2811 3402 πυρὸς,
2863 3335 3136 3400 ἐξέλειπε
3179 3336 3478 3405 μόλιϐδος.
3545 3341 3650 3403 Εἰς

2079 3425 2260 3479 κενὸν
2294 3426 2699 3495 ἀργυροκόπος
2745 3420 3155 3496 ἀργυροκοπεῖ·
3216 3430 3494 3496 πονηρίαι
3544 3431 3649 3482 αὺ-

2079 3513 2199 3569 τῶν
2229 3518 2340 3569 οὐκ
2373 3515 2699 3583 ἑτάκησαν.

2148 3607 2630 3675 Προσκαλέσεται
2681 3609 2787 3661 τὸν
2829 3609 3090 3677 οὐρανὸν
3111 3609 3250 3662 ἄνω.
3303 3611 3647 3680 (Corderius.)

2079 3694 2253 3749 Πάλαι
2290 3696 2385 3766 μὲν
2418 3698 2465 3748 οἱ
2499 3696 2592 3748 ἐπὶ
2619 3697 2724 3766 γῆς
2752 3698 2966 3768 μερίδες
3017 3694 3155 3768 ἦσαν
3204 3699 3522 3761 ἀλωπέκων,
3574 3700 3648 3762 ὼς

2079 3785 2137 3838 ὲν
2157 3787 2407 3857 Ψαλμοῖς
2436 3787 2536 3838 πού
2586 3805 2751 3858 φησι,
2792 3791 2904 3852 τοῖς
2945 3789 3270 3859 ἀκαθάρτοις
3299 3789 3648 3860 λατρεύοντες

2081 3878 2372 3949 πνεύμασι,
2399 3881 2490 3932 καὶ
2543 3880 2682 3932 κατά
2724 3881 2886 3932 τόπον
2931 3881 3158 3933 ἕκαστον
3187 3881 3318 3933 Θεὸν
3362 3880 3650 3950 ἡγούμενοι

2079 3971 2140 4023 τὸ
2159 3970 2366 4024 δοκοῦν.
2410 3971 2545 4023 Ἀλλ’
2564 3972 2844 4039 ἐπιφανεὶς
2865 3974 2892 4024 ὁ
2917 3971 3124 4042 Σωτὴρ,
3153 3971 3491 4043 ἐνήστραψεν
3520 3973 3651 4039 ἡμῖν

2079 4063 2178 4133 τῆς
2205 4062 2435 4132 ἀληθοῦς
2465 4062 2788 4130 θεογνωσίας
2841 4061 2902 4115 τὸ
2949 4063 3082 4132 φῶς,
3139 4063 3436 4132 ἐπέστρεψε
3466 4063 3526 4114 τὸ
3556 4079 3653 4114 πε-

2083 4154 2441 4224 πλανημένον,
2482 4155 2742 4226 κατέδησε
2789 4155 2852 4208 τὸ
2905 4155 3283 4227 ἠρρωστηκὸς,
3339 4155 3412 4217 ὡς
3447 4155 3652 4224 ποιμὴν

2082 4245 2301 4312 ἀγαθὸς,
2352 4245 2656 4315 ἀπεσόϐησε
2704 4245 2828 4308 τοὺς
2856 4245 3030 4317 θῆρας
3083 4248 3182 4316 τῆς
3230 4245 3338 4298 τῶν
3363 4245 3652 4317 προϐάτιον

2083 4334 2270 4405 αὐλῆς·
2302 4334 2493 4405 ὴγίασε
2518 4336 2807 4406 πνεύματι,
2838 4336 3168 4405 ἠσφαλίσατο
3211 4337 3498 4406 δυνάμεσιν
3556 4337 3653 4404 ἁγ-

2082 4427 2342 4495 γελικαῖς,
2373 4427 2640 4498 ἐπέστησε
2674 4431 2798 4491 τοὺς
2818 4429 2920 4482 ἀνά
2955 4431 3132 4481 πᾶσαν
3179 4429 3277 4498 τὴν
3301 4430 3402 4499 γῆν
3463 4428 3650 4494 ἁγίους

2086 4517 2492 4588 μυσταγωγούς.
2524 4519 2956 4590 Προσκαλέσεται
2999 4521 3197 4582 τοίνυν,
3232 4520 3383 4588 φησι,
3440 4522 3566 4582 τοὺς
3593 4522 3650 4571 ὲν

2080 4608 2328 4678 οὐρανοῖς
2354 4607 2635 4676 ἀγγέλους,
2692 4610 2784 4662 καὶ
2832 4611 2956 4674 τοὺς
3000 4609 3402 4680 ἐξειλεγμένους
3475 4611 3532 4661 ἐν
3576 4614 3646 4680 γῇ

2081 4699 2219 4771 πρὸς
2247 4698 2571 4768 ἀποστολὴν,
2597 4697 2735 4751 ὥστε
2777 4699 2866 4751 τὸν
2914 4698 3039 4751 λαὸν
3067 4699 3228 4751 αὑτοῦ
3250 4699 3536 4769 διακρῖναι.
3587 4701 3652 4751 υι

2080 4790 2187 4860 γὰρ
2224 4790 2506 4842 ἀπόστολοι
2541 4790 2664 4851 τοὺς
2717 4789 2814 4859 μὲν
2863 4789 3213 4859 πειθομένους
3273 4792 3650 4859 προσήνεγκαν

2082 4880 2159 4948 τῷ
2190 4879 2326 4949 Θεῷ,
2383 4879 2741 4941 ἀπιστοῦντας
2793 4879 2850 4932 δὲ
2880 4880 2955 4949 τῷ
3003 4881 3210 4950 Σατανᾷ
3265 4879 3650 4950 παρέπεμψαν,

2087 4971 2363 5042 μονονουχὶ
2402 4971 2668 5039 λέγοντες·
2722 4970 3020 5042 Πορεύεσθε
3049 4967 3162 5035 οὖν,
3221 4972 3373 5041 φησι,
3405 4971 3481 5042 τῷ
3512 4973 3654 5040 φωτὶ

2082 5063 2174 5115 τοῦ
2203 5064 2371 5135 πυρὸς
2405 5063 2556 5133 ὑμῶν
2605 5063 2698 5115 καὶ
2752 5065 2818 5133 τῇ
2852 5063 3010 5130 φλογὶ
3147 5062 3492 5127 ὲξεκαύσατε.
3527 5065 3654 5126 Τοῖς

2082 5154 2210 5222 γοῦν
2237 5154 2506 5216 Ἰουδαίοις
2526 5153 2812 5206 ἀπιστοῦσι
2834 5170 3012 5221 φασιν·
3044 5155 3056 5172 '
3069 5153 3209 5221 Υμῒν
3228 5150 3306 5223 ἦν
3323 5153 3658 5223 ἀναγκαῖον

2085 5246 2318 5314 πρῶτον
2363 5243 2632 5313 λαλῆσαι
2679 5245 2785 5298 τὸν
2837 5248 3022 5314 λόγον
3065 5246 3172 5300 τοῦ
3215 5245 3383 5300 Θεοῦ·
3441 5246 3651 5314 ἐπειδὴ

2088 5334 2155 5387 δὲ
2197 5333 2523 5389 ἀπωθεῖσθε
2559 5331 2763 5394 αὐτὸν,
2790 5331 2887 5385 καὶ
2933 5333 3222 5397 ἀναξίους
3248 5332 3500 5398 ἑαυτοὺς
3525 5333 3653 5399 κρι-

2087 5442 2220 5480 νετε
2267 5425 2376 5492 τῆς
2401 5424 2637 5477 αἰωνίου
2668 5421 2836 5490 ζωῆς,
2882 5422 3008 5476 ὶδοὺ
3039 5424 3408 5491 στρεφόμεθα
3444 5426 3532 5488 είς
3581 5422 3658 5476 τὰ

2088 5521 2253 5588 ἔθνη.
2283 5519 2404 5571 Ὅτι
2451 5516 2507 5568 δὲ
2554 5519 2666 5579 τοῖς
2719 5517 3134 5586 μυσταγωγοῦσι
3189 5517 3422 5579 καὶτοῖς
3473 5514 3657 5568 αὐτῶν

2334 5635 2377 5668 ⁸³
2404 5633 2602 5688 Jcrem.
2654 5647 2726 5698 τι,
2754 5631 2844 5697 9.8,
2881 5630 2970 5685 29.
3011 5688 3038 5703 .
3077 5631 3122 5663 ⁸⁰
3153 5628 3297 5684 Psal.
3354 5644 3524 5699 un,_
3559 5629 3651 5682 Η.
