3976 6220
298 280 415 335 233

1410 278 1772 337 EXPOSITIO
1805 280 1871 335 IN
1912 282 2244 335 PSALMUM
2284 281 2468 333 XLIX.

3436 280 3545 337 234

305 394 580 464 μαθηταῖς
620 394 1055 465 συμπράττουσιν
1111 395 1362 464 ἄγγελοι,
1423 397 1571 469 δηλοῖ
1626 397 1797 466 λέγων
1853 401 1878 452 6

1983 398 2069 453 lus
2095 398 2282 453 dicens
2304 397 2349 429 "
2375 415 2387 450 :
2426 394 2613 449 Nonne
2632 411 2806 449 omnes
2827 404 2949 449 sunt
2972 397 3413 453 administrarat-ii
3435 400 3545 466 spi-

305 485 541 549 Παῦλοςο
582 484 730 554 Οὐχί
754 484 979 551 πάντες
1004 486 1123 540 είσί
1158 489 1529 557 λειτουργικὰ
1552 490 1877 558 πνεύματα,

302 580 394 642 εὶς
417 575 730 629 διακονίαν
756 577 1249 645 ἀποστελλόμενα
1261 576 1357 631 διὰ
1382 578 1522 645 τοὺς
1541 578 1880 648 μέλλοντας

302 667 703 736 κληρονομεῖν
740 669 1075 736 σωτηρίαν;
1126 669 1294 723 Τοῦτο
1326 671 1421 724 καὶ
1459 673 1492 741 ἡ
1523 671 1723 743 κλίμαξ
1754 673 1878 744 ὲδή-

304 757 502 818 λωσεν,
528 757 596 827 ἢν
627 751 768 809 εἶδεν
812 756 1004 810 Ἰακὼὸ
1062 758 1161 829 τὴν
1204 760 1268 812 ὲκ
1325 760 1428 829 γῆς
1479 760 1767 831 διήκουσαν
1800 763 1879 825 εἰς

303 848 398 901 τὸν
430 848 678 919 οὐρανὸν,
711 850 794 917 ἐφ’
838 843 907 922 ἦς
951 851 1312 920 ἑπεστήρικτο
1343 850 1565 922 Κύριος,
1594 852 1704 906 ἄνω
1731 853 1879 907 κάτω

304 938 624 992 διαθεόντων
672 938 936 1007 ἀγγέλων.
974 938 1223 993 Τοιοῦτον
1251 941 1344 993 καὶ
1369 942 1430 993 τό
1453 958 1467 972 ο
1510 943 1886 1012 Παρεμϐαλεῖ

302 1031 523 1100 Κύριος
550 1031 756 1095 κύκλῳ
781 1030 899 1085 τῶν
916 1033 1301 1101 φοϐουμένων
1340 1034 1544 1095 αὐτὸν,
1578 1035 1677 1088 καὶ
1695 1037 1879 1103 ῥύσε-

303 1139 400 1175 ται
422 1121 666 1187 αὐτούς·
702 1121 769 1174 δι’
801 1114 876 1176 ὧν
906 1117 1000 1175 οὖν
1029 1124 1437 1195 συμπράττουσι
1459 1124 1554 1177 καὶ
1579 1126 1733 1179 αὐτοὶ
1762 1125 1879 1179 δια-

301 1212 548 1285 κρίνουσι
570 1211 661 1264 τὸν
698 1210 846 1266 λαόν.

290 1378 293 1379 ν
369 1306 861 1373 Προσκαλέσεται
879 1304 985 1359 τὸν
1008 1304 1276 1373 ,οὐρανὸν
1294 1304 1431 1359 ἅνω.
1454 1306 1592 1372 Τοὺς
1618 1308 1876 1374 δικαίους,

298 1395 455 1466 φησὶ,
475 1394 602 1458 τοὺς
634 1394 883 1468 οὐράνιον
910 1394 1181 1449 πολιτείαν
1208 1397 1638 1468 ἐπιτηδεύοντας,
1665 1400 1878 1466 συνάξει

296 1490 379 1550 είς
406 1488 506 1551 τὰς
538 1486 650 1541 ἄνω
685 1488 871 1558 μονάς.
898 1488 1008 1542 Kal
1041 1488 1157 1554 τὴν
1184 1486 1299 1558 γῆν
1326 1488 1431 1542 τοῦ
1461 1488 1751 1560 διακρῖναι
1772 1492 1881 1545 τὸν

293 1578 454 1634 λαὸν
509 1579 717 1633 αὑτοῦ.
769 1580 904 1643 Τοὺς
968 1580 1323 1651 ἁμαρτωλούς
1356 1597 1488 1652 φησι
1525 1581 1618 1636 καὶ
1672 1582 1879 1649 πάντας

294 1673 422 1735 τοὺς
451 1672 544 1724 ἐπὶ
564 1672 661 1741 τῆς
691 1672 795 1743 γῆς
826 1670 1069 1737 συνάξαι,
1127 1673 1220 1726 ἐπὶ
1264 1672 1325 1726 τὸ
1348 1671 1578 1747 χωρίσαι
1623 1675 1748 1739 τοὺς
1802 1675 1880 1729 δι-

295 1762 485 1825 καίους
516 1762 623 1816 τῶν
654 1763 730 1833 μὴ
768 1761 1042 1816 τοιούτων.

366 1850 743 1921 Συναγάγετε
770 1851 929 1918 αὐτῷ
958 1853 1099 1919 τοὺς
1122 1854 1331 1922 ὁσίους
1371 1855 1583 1912 αὐτοῦ.
1624 1857 1707 1921 Ὦς
1739 1858 1875 1929 πρὸς

296 1942 424 2004 τοὺς
452 1938 718 2012 ἆγγὲλους
742 1941 772 1992 6
804 1943 979 2012 λόγος,
1029 1946 1169 1999 κατά
1202 1945 1262 1999 τὸ
1312 1946 1600 2019 εἰρημένον
1642 1949 1747 2003 ὑπὸ
1781 1949 1874 2003 τοῦ

295 2037 525 2109 Κυρίοψ
595 2037 706 2091 Καὶ
762 2037 1093 2092 ἀποστελεῖ
1142 2038 1283 2106 τοὺς
1327 2040 1621 2111 ἀγγέλους
1665 2043 1873 2103 αὑτοῦ,

294 2130 396 2185 καί
422 2130 765 2195 συνάξουσι
801 2131 941 2197 τοὺς
970 2132 1239 2200 δικαίους
1287 2133 1357 2188 ἐκ
1414 2133 1532 2188 τῶν
1565 2135 1878 2205 τεσσάρων

294 2223 533 2292 ἀνέμων
562 2222 674 2291 τῆς
714 2221 848 2291 γῆς·
908 2223 1050 2290 τοὺς
1098 2224 1483 2295 διαθεμένους
1526 2226 1642 2295 τὴν
1673 2227 1876 2294 διαθή-

295 2331 416 2382 κην
457 2313 651 2368 αὑτοῦ
704 2314 803 2368 ἐπὶ
844 2316 1079 2382 θυσίας.
1122 2309 1321 2381 Θυσίας
1376 2317 1474 2382 τὰς
1501 2319 1876 2389 πνευματικὰς

293 2405 466 2474 λέγει.

358 2499 470 2552 Καὶ
499 2499 951 2569 ἀναγγελοῦσιν
982 2502 1038 2553 οἰ
1064 2501 1309 2568 οὐρανοί
1332 2500 1447 2569 τὴν
1480 2501 1878 2571 δικαιοσύνην

292 2591 501 2645 αὑτοῦ.
521 2592 838 2658 Δοξάσουσι,
875 2593 1059 2663 φησὶν,
1083 2593 1133 2645 oi
1160 2593 1381 2663 οὐρανοὶ¹
1410 2593 1501 2648 τὸν
1531 2593 1682 2657 Θεὸν,
1712 2594 1793 2646 ὅτι
1812 2593 1876 2665 δὴ

292 2684 387 2737 καὶ
456 2682 781 2754 ἀνθρώπους
839 2683 950 2737 τῶν
1007 2684 1272 2755 οὐρανίων
1320 2684 1608 2755 διατριϐῶν
1653 2684 1873 2755 ἠξίωσε.

294 2773 650 2845 (συνείρει-ξω.)
681 2775 938 2829 Βούλεται
957 2775 1085 2838 τοὺς
1118 2774 1297 2838 ὁσίους
1319 2773 1413 2828 τοῦ
1457 2775 1721 2846 πρότερον
1749 2775 1874 2830 λαοῦ

292 2865 401 2936 πρὸ
449 2866 551 2936 τῆς
581 2865 880 2939 μελλούσης
918 2865 1153 2938 κρίσεως
1178 2863 1383 2918 παῦσαι
1432 2865 1532 2929 τῆς
1557 2866 1749 2931 θυσίας
1780 2868 1879 2938 τῆς

293 2958 378 3013 διὰ
410 2957 522 3010 τῶν
546 2958 761 3027 ἀλόγων
792 2958 945 3023 ζώων
991 2959 1225 3030 σφαγῆς,
1277 2958 1562 3013 ἀναλαϐεῖν
1598 2959 1698 3030 τὴν
1758 2961 1876 3014 κατ’

294 3049 604 3118 ἐπιστήμην
629 3048 723 3101 καὶ
750 3047 970 3117 γνῶσιν.
1021 3048 1143 3101 Ἐπὶ
1198 3047 1256 3100 δὲ
1296 3047 1503 3112 τούτοις
1547 3047 1641 3102 τὸν
1687 3048 1877 3120 κριτὴν

295 3142 351 3193 αἱ
382 3140 634 3212 οὐράνιαι
657 3139 916 3210 δυνάμεις
945 3138 1291 3209 ἁνυμνοῦσιν,
1316 3140 1398 3192 ὃτι
1448 3139 1556 3193 ἀπὸ
1581 3139 1690 3194 τῶν
1716 3140 1877 3194 ὁσίων

296 3231 733 3302 κατήρξατο,καὶ
745 3232 795 3283 οἱ
819 3231 1038 3301 οὐρανοὶ
1069 3230 1442 3299 διαγγέλλουσι
1474 3230 1571 3303 τὴν
1607 3231 1880 3285 δικαιοσύ-

298 3338 390 3390 νην
414 3320 604 3384 αὐτοῦ,
648 3321 1033 3391 συγχαίροντες
1072 3320 1251 3375 αὐτῶν
1292 3324 1358 3392 τῇ
1401 3320 1662 3393 σωτηρίᾳ.
1711 3322 1787 3376 Τὸ
1820 3321 1878 3376 δὲ

297 3414 391 3484 τῆς
424 3414 530 3484 γῆς
587 3412 902 3483 οἰκητήριον
934 3410 1012 3481 τῷ
1076 3411 1150 3482 μὴ
1202 3412 1300 3482 τῆς
1351 3412 1604 3482 οὐρανίου
1635 3412 1879 3484 κλήσεως

298 3504 584 3575 ἠξιωμένῳ
615 3502 855 3572 τάγματι
879 3501 1350 3573 καταληφθήσεται
1380 3502 1478 3573 (a).
1511 3501 1640 3555 ’Ὅτι
1669 3506 1701 3556 ό
1735 3502 1879 3568 Θεὸς

297 3595 503 3665 κριτής
525 3596 717 3649 ἐστιν.
758 3593 1022 3648 Ἐνταῦθα
1044 3594 1326 3667 προδήλως
1358 3594 1448 3646 τὸν
1478 3592 1711 3666 Χριστὸν
1731 3592 1878 3662 λέγει

298 3688 443 3741 Θεὸν*
471 3689 652 3741 πᾶσαν
683 3686 791 3759 γὰρ
837 3686 935 3756 τὴν
993 3685 1172 3755 κρίσιν
1215 3683 1446 3738 δέδωκεν
1497 3687 1526 3738 6
1586 3684 1775 3755 Πατὴρ
1802 3684 1877 3755 τῷ

299 3778 428 3851 Υἰῷ.
477 3779 591 3833 Καὶ
644 3779 694 3830 εί
744 3779 922 3831 πᾶσαν
962 3776 1062 3847 τὴν
1116 3776 1297 3848 κρίσιν
1342 3775 1570 3829 δέδωκεν
1616 3778 1644 3828 6
1689 3774 1876 3845 Πατὴρ

299 3870 371 3941 τῷ
404 3870 587 3941 Υἱῷ,ὁ
617 3869 673 3925 δὲ
693 3869 825 3933 Θεὸς
859 3870 1051 3939 κριτής
1077 3870 1212 3921 ἐστι·
1238 3868 1369 3930 Θεός
1397 3870 1542 3920 ἐστιν
1571 3869 1599 3920 6
1624 3866 1873 3937 Χριστός.

367 3966 689 4026 Ἄκουσον,
723 3962 873 4028 λαός
889 3979 1028 4030 μου,
1084 3959 1183 4014 καὶ
1222 3958 1476 4027 λαλήσω
1499 3974 1619 4013 σοι.
1662 3957 1877 4019 Καινῶς

300 4053 618 4124 νομοθεσίας
674 4051 981 4122 εἰσαγωγὴν
1031 4052 1373 4123 ποιούμενος,
1436 4051 1522 4103 ἴνα
1569 4050 1642 4121 μή
1676 4066 1758 4112 τις
1787 4050 1878 4101 άν-

302 4147 565 4220 θρώπινον
623 4146 713 4199 τὸν
757 4145 914 4214 λόγον
975 4145 1009 4215 ἡ
1063 4161 1204 4208 τινος
1250 4141 1547 4213 ἀΠελικῆς
1597 4140 1876 4211 δυνάμεως

301 4240 578 4299 ὑπολάϐοι,
620 4237 912 4309 προτάττει
960 4236 1043 4300 τὸ,
1081 4236 1144 4288 '0
1168 4235 1310 4301 Θεὸς
1337 4237 1370 4288 ὁ
1412 4235 1556 4300 Θεός
1593 4233 1708 4286 σού
1761 4233 1873 4301 εἰμι

304 4330 425 4399 ἐγώ.
464 4330 533 4381 Ἦ
557 4328 617 4380 δὲ
643 4326 849 4380 διάνοια
870 4325 1029 4396 αὓτηο
1058 4326 1149 4395 Μὴ
1186 4323 1373 4395 νόμιζε
1399 4324 1582 4394 ἕτερον
1620 4318 1758 4376 εἷναί
1787 4340 1878 4393 με,

1983 490 2120 543 ritus
2150 490 2203 542 in
2228 488 2579 541 ministerium
2601 489 2748 540 missi
2778 496 2990 556 propter
3014 504 3101 540 eos
3127 488 3217 558 qui
3265 487 3545 542 lueredita-

1982 588 2087 634 tem
2113 579 2318 645 capturi
2344 584 2467 631 sunt
2491 575 2729 629 salutis?
2784 574 2897 629 Hoc
2936 575 3062 628 item
3094 575 3350 629 indicavit
3392 579 3541 632 scala

1980 668 2313 739 quamjvidit
2358 666 2526 721 Jaeob
2549 683 2580 721 a
2606 678 2748 721 terra
2784 668 2848 720 ad
2898 667 3094 722 coelum
3123 669 3541 739 pertingentem.

1980 777 2144 831 super
2176 777 2283 832 qua
2345 761 2573 814 ﬁrmiter
2614 760 2948 816 consistebat
3005 758 3289 822 Dominus,
3340 762 3546 832 angelis

1979 868 2199 908 sursum
2233 852 2491 907 deosum
2524 852 2958 907 discurrentibus
2985 852 3048 902 ⁸³.
3079 850 3359 920 Ejusmodi
3417 853 3547 907 item

1979 944 2112 1000 illud
2144 953 2268 999 est:
2304 944 2785 999 Castrametabilur
2811 945 3066 997 Dominus
3114 945 3169 997 in
3217 945 3445 997 circuitu
3478 944 3548 998 li-

1979 1035 2233 1088 mentium
2260 1051 2401 1100 eum,
2432 1044 2482 1089 et
2515 1036 2702 1103 eripiet
2728 1051 2814 1088 eos
2844 1035 2914 1100 5‘;
2946 1036 3074 1089 dum
3101 1035 3285 1105 itaque
3334 1036 3410 1088 illi
3448 1052 3548 1090 au-

1979 1125 2265 1189 xiliantur,
2303 1126 2625 1181 discernunt
2663 1128 2944 1195 populum.

2049 1305 2338 1360 Advocabit
2390 1308 2576 1362 coelum
2638 1307 2933 1361 desursum.
2979 1304 3166 1361 Justh
3195 1305 3424 1370 scilicet,
3452 1306 3548 1374 qui

1978 1398 2199 1454 ctelestc
2228 1398 2533 1453 institutum
2569 1405 2867 1464 sectantur,
2895 1397 3245 1468 congregabit
3270 1398 3323 1450 in
3354 1413 3548 1466 super-

1979 1488 2065 1547 nis
2122 1491 2519 1547 mansionibus.
2573 1490 2640 1544 Et
2697 1500 2891 1545 terram
2938 1491 3233 1544 discernere
3287 1491 3540 1559 populum

1975 1598 2150 1636 suum.
2188 1576 2507 1637 Peccatores
2533 1582 2687 1652 jubet
2708 1597 3007 1652 omnesque
3030 1582 3084 1635 in
3116 1590 3258 1636 terra
3282 1582 3541 1650 degentes

1979 1689 2333 1746 congregare,
2379 1675 2447 1728 ad
2502 1674 2866 1744 separandum
2890 1674 3072 1744 justos
3121 1688 3153 1728 a
3196 1688 3306 1727 non
3354 1672 3541 1743 justis.

2048 1855 2101 1909 5.
2130 1853 2452 1926 Congregate
2479 1854 2565 1909 illi
2589 1864 2801 1910 sanctos
2836 1855 2970 1924 ejus.
3007 1853 3176 1921 Quasi
3213 1854 3280 1909 ad
3312 1854 3535 1921 angelos

1975 1957 2060 2002 est
2090 1962 2291 2013 sermo,
2321 1948 2475 2017 juxta
2506 1948 2634 2002 illud
2664 1963 2696 2002 a
2728 1946 2960 2001 Domino
2984 1948 3189 2002 dictum
3214 1964 3227 2002 :
3275 1946 3342 2000 Et
3372 1948 3545 2001 mittet

1978 2038 2190 2108 angelos
2238 2054 2383 2101 suos,
2438 2049 2488 2092 et
2542 2038 2935 2109 congregabunt
2971 2038 3149 2107 justas
3194 2054 3259 2093 ex
3306 2047 3540 2109 quatuor

1976 2132 2140 2186 uentis
2176 2140 2331 2185 terrae
2359 2131 2427 2185 ".
2462 2130 2567 2196 Qui
2596 2131 2851 2184 ordinant
2889 2140 3265 2185 testamentum
3310 2130 3424 2199 ejus
3456 2146 3547 2183 su-

1975 2233 2068 2288 per
2096 2218 2381 2285 sacriﬁcia.
2410 2216 2691 2273 Sacrilicia
2722 2218 2856 2273 dicit
2894 2218 3218 2288 spiritualia.

2047 2507 2100 2563 6.
2128 2507 2199 2563 Et
2228 2509 2621 2565 annuntiabunt
2650 2514 2764 2566 ειείὶ
2790 2513 3065 2582 justitiam
3105 2516 3238 2584 ejus.
3277 2517 3544 2585 Gloriam,

1979 2600 2177 2671 inquit,
2204 2600 2314 2656 Deo
2363 2603 2607 2658 tribuent
2657 2605 2807 2669 cmli,
2854 2605 2983 2675 quia
3035 2607 3246 2662 scilicet
3298 2608 3546 2666 homines

1977 2694 2298 2750 caelestibus
2360 2697 2743 2753 mansionibus
2791 2699 3045 2768 dignatus
3113 2709 3217 2754 est.
3268 2700 3431 2772 Optat
3486 2711 3549 2757 ut

1983 2785 2157 2840 sancti
2193 2786 2395 2856 prioris
2426 2788 2613 2857 populi
2641 2798 2767 2843 ante
2792 2787 3041 2843 futurum
3080 2788 3349 2860 judicium
3382 2793 3547 2848 tinem

1978 2872 2186 2929 faciant
2220 2875 2479 2930 sacriﬁcii
2534 2893 2631 2947 per
2669 2879 3059 2934 mactationem
3091 2881 3380 2937 brutorum
3428 2884 3547 2941 ﬁeri

1980 2965 2148 3031 soliti,
2178 2976 2233 3021 et
2261 2967 2395 3023 illud
2430 2979 2717 3024 assumant
2748 2972 2893 3040 quod
2925 2973 3225 3027 secundum
3257 2974 3546 3030 scientiam

1981 3065 2035 3110 et
2061 3058 2425 3129 cognitionem
2471 3061 2720 3116 oilertur.
2754 3061 2931 3133 Super
2960 3064 3046 3119 his
3088 3065 3340 3122 caelestes
3370 3067 3545 3122 virtu-

1986 3159 2066 3204 tes
2099 3151 2338 3217 judicem
2364 3153 2823 3226 celebranthquia
2870 3169 2901 3209 a
2962 3156 3169 3211 sanctis
3232 3156 3439 3227 incipit,
3490 3166 3546 3212 et

1981 3274 2105 3331 caeli
2147 3276 2480 3331 annuntiant
2514 3276 2784 3346 justitiam
2830 3277 2981 3345 ejus,
3030 3277 3097 3332 de
3130 3293 3320 3331 eorum
3371 3278 3548 3334 salute

1976 3384 2088 3425 una
2129 3367 2397 3426 laetantes.
2447 3366 2749 3423 Terrenum
2792 3383 2920 3423 vero
2963 3368 3304 3423 domicilium
3354 3368 3405 3424 ei
3455 3384 3550 3424 or~

1976 3459 2092 3515 dini
2145 3461 2486 3531 relinquetur
2549 3460 2645 3529 qui
2688 3475 2772 3515 cm
2793 3461 2897 3514 esti
2950 3461 3239 3516 vocatione
3291 3460 3549 3531 dignatus

1976 3567 2085 3607 non
2109 3549 2293 3608 fuerit.
2326 3552 2591 3617 Quoniam
2619 3552 2758 3606 Deus
2789 3553 2959 3626 judea:
2996 3565 3096 3612 est.
3132 3553 3231 3609 Hic
3260 3554 3550 3611 manifeste

1976 3646 2254 3702 Christum
2297 3647 2432 3702 dicit
2474 3646 2685 3702 Deum:
2735 3663 2861 3701 nam
2893 3663 3057 3702 omne
3095 3647 3364 3718 judicium
3401 3648 3550 3704 dedit

1976 3737 2136 3793 Pater
2164 3736 2306 3793 Filio
2337 3740 2403 3793 ⁵⁸.
2432 3739 2642 3805 Quodsi
2667 3755 2828 3794 omne
2866 3740 3132 3810 judicium
3180 3740 3328 3795 dedit
3363 3740 3463 3804 illi,
3491 3749 3551 3796 et

1977 3830 2123 3886 Deus
2154 3831 2323 3901 judex
2364 3839 2449 3885 est
2478 3846 2494 3884 :
2537 3847 2670 3902 ergo
2698 3830 2838 3886 Deus
2874 3840 2956 3887 est
2993 3831 3268 3887 Christus.

2042 3924 2096 3978 7.
2134 3922 2299 3987 Audi,
2338 3924 2560 3993 populus
2606 3941 2769 3987 meus,
2802 3933 2851 3978 et
2886 3925 3076 3994 loquar
3120 3924 3235 3979 tibi.
3283 3923 3418 3978 Cum
3450 3937 3552 3977 no-

1978 4032 2099 4074 vam
2130 3996 2527 4091 legislationem
2560 4021 2955 4087 introduceret,
2986 4038 3053 4076 ne
3086 4023 3210 4090 quis
3249 4021 3552 4075 humanum

1977 4114 2205 4170 verbum
2238 4124 2522 4193 essetaut
2547 4129 2576 4167 a
2609 4114 2846 4184 quadam
2872 4115 3119 4184 angelica
3153 4114 3356 4170 virtute
3385 4114 3555 4184 protl-

1979 4208 2112 4264 cisci
2159 4207 2518 4270 existimaret,
2562 4206 2842 4276 praemittit
2874 4204 3056 4267 illud:
3087 4204 3229 4260 Deus
3257 4205 3402 4260 Deus
3429 4215 3552 4259 tuus

1971 4314 2065 4370 ego
2092 4315 2232 4356 sum.
2267 4297 2395 4355 llam
2422 4306 2606 4355 autem
2631 4307 2718 4355 est
2741 4298 3052 4355 sententia:
3080 4295 3162 4356 Ne
3186 4311 3347 4372 putes
3383 4297 3552 4353 alium
3612 4286 3618 4291 ’

302 4420 381 4474 διὰ
402 4420 465 4473 τὸ
497 4420 666 4490 ἕτερα
708 4417 1015 4488 νομοθετεῖν
1045 4417 1302 4487 σήμερον·
1340 4415 1455 4468 ἀλλ’
1476 4415 1637 4479 αὐτὸς
1670 4413 1876 4478 ἐκεῖνός

1983 4431 2070 4473 me
2118 4428 2266 4483 esse,
2314 4408 2466 4481 quod
2510 4408 2670 4464 hodie
2719 4409 2858 4465 alias
2917 4409 3163 4468 sanciam
3210 4414 3354 4484 leges
3393 4433 3407 4470 :
3451 4413 3546 4470 sed

304 4512 410 4579 εἰμι
443 4511 473 4563 6
516 4508 670 4579 παρὰ
713 4508 885 4577 Μωσῇ
939 4506 1012 4559 τὰ
1069 4506 1198 4576 περὶ
1244 4503 1444 4558 θυσιῶν
1489 4502 1872 4575 νομοθετήσας.

304 4596 741 4671 Μαρτύρομαιδέ
763 4614 844 4660 σε,
885 4595 961 4659 ὡς
987 4596 1086 4649 οὐκ
1124 4594 1441 4667 ὲγκληθήσῃ
1462 4592 1716 4665 παραϐὰς
1752 4594 1880 4655 τοὺς

306 4692 448 4763 παρὰ
474 4691 651 4758 Μωσῇ
680 4688 897 4759 νόμους.
928 4687 1101 4752 Αὐτὸς
1117 4687 1226 4758 γάρ
1243 4688 1359 4757 εἰμι
1385 4687 1415 4738 6
1443 4687 1604 4739 κάκεῖ
1630 4682 1883 4748 διαταξά-

309 4800 461 4852 μενος
484 4780 568 4852 τῷ
597 4779 749 4833 παιδί
774 4797 876 4850 μου
907 4779 1309 4851 συμφερόντως,
1343 4778 1436 4831 καὶ
1460 4776 1557 4830 νῦν
1590 4776 1715 4830 τάδε
1747 4791 1877 4846 μαρ-

306 4870 556 4943 τύρομαι,
578 4871 660 4923 ὅτι
688 4868 762 4940 μὴ
785 4868 994 4939 ἀνάγκη
1041 4885 1123 4921 σοι
1170 4867 1238 4922 τά
1272 4868 1400 4939 περὶ
1452 4865 1650 4920 θυσιῶν
1682 4863 1879 4936 φυλάτ-

308 4978 413 5017 τειν
438 4963 670 5033 νόμιμα.
705 4959 825 5013 Κᾶν
855 4959 964 5031 γὰρ
1022 4960 1096 5031 μὴ
1130 4961 1445 5032 προσφέρῃς
1487 4960 1644 5024 αὐτὰ,
1702 4959 1875 5025 οὕτως

310 5050 785 5124 προσενηνεγμένα
832 5050 969 5103 ὲστί.
1005 5049 1082 5103 Τὰ
1106 5049 1214 5123 γὰρ
1243 5048 1704 5119 ὀλοκαυτώματά
1759 5066 1876 5103 σου

311 5143 557 5198 ἑνιὶιπιόν
596 5145 717 5212 μού
767 5140 900 5195 ἐστι
955 5139 1300 5208 διαπαντὸς,
1341 5140 1443 5194 κᾶν
1472 5140 1545 5212 μὴ
1567 5140 1879 5213 προσφέρη-

312 5249 413 5288 ται.
446 5235 508 5287 Et
529 5233 587 5287 δὲ
625 5233 686 5297 ἐξ
716 5232 956 5294 ἅπαντος
986 5230 1304 5296 σπουδάζεις
1349 5231 1536 5303 ὥσπερ
1566 5230 1690 5285 τινὰ
1718 5231 1877 5301 τίμια

317 5328 400 5380 καὶ
445 5327 718 5395 ἀναγκαῖα
763 5322 935 5378 ταῦτα
984 5323 1300 5396 προσάγειν,
1353 5326 1517 5378 ἄκουε
1565 5323 1703 5395 μετὰ
1735 5325 1877 5393 παῤ-

321 5419 516 5490 ρησίας,
549 5419 626 5482 ὡς
658 5418 812 5471 οὐδὲν
842 5406 1046 5470 τούτων
1075 5416 1226 5488 παρὰ
1246 5416 1340 5471 σοῦ
1362 5417 1601 5489 δέξομαι.
1637 5414 1875 5488 Περιττὰ

391 5578 432 5609 ⁵¹
459 5578 624 5636 Hebr.
658 5598 697 5647 I,
738 5580 827 5635 M.

385 5734 455 5807 (a)
484 5738 751 5811 lnterpres
781 5739 979 5809 legisse
1005 5737 1217 5791 νιιίοιιιι·
1243 5734 1758 5807 καταλειφθήσεται.
1793 5730 1953 5788 Eot'r.

625 5833 902 5893 ΡΑτιιοι..
929 5828 1048 5889 Gn.
1084 5826 1349 5887 XXVII.

1978 4506 2121 4562 idem
2146 4507 2402 4575 ipsesum
2436 4502 2533 4577 qui
2587 4503 2728 4573 apud
2778 4502 2985 4559 Mosam
3030 4504 3101 4563 de
3150 4506 3546 4562 saeriticiisle-

1979 4610 2098 4666 gem
2139 4596 2260 4649 tuli.
2309 4593 2596 4650 Testitleor
2635 4600 2817 4648 autem
2860 4595 2959 4649 tibi
3011 4605 3066 4651 te
3119 4612 3228 4652 non
3263 4599 3547 4667 culpatum

1980 4685 2048 4739 iri
2081 4687 2127 4740 si
2169 4685 2314 4756 leges
2344 4684 2512 4741 Mosis
2551 4697 2975 4756 praetergressus
3003 4688 3192 4742 fueris.
3249 4686 3373 4756 Ipse
3397 4690 3547 4745 enim

1978 4790 2082 4846 ego
2125 4792 2249 4831 sum
2300 4777 2394 4846 qui
2448 4777 2572 4833 illas
2605 4786 2736 4832 tunc
2771 4791 2940 4846 puero
2974 4792 3099 4832 meo
3142 4778 3209 4832 ad
3257 4780 3547 4835 utilitatem

1980 4866 2099 4936 ejus
2126 4867 2346 4931 tradidi,
2374 4875 2429 4922 et
2474 4866 2587 4936 jam
2637 4868 2919 4931 testiﬁcor,
2957 4867 3055 4922 tibi
3098 4884 3208 4923 non
3256 4885 3546 4926 necessum

1980 4970 2103 5010 esse
2136 4955 2326 5025 legalia
2354 4955 2421 5010 de
2455 4955 2743 5010 sacriﬁciis
2776 4968 3046 5026 praecepta
3072 4973 3314 5015 servare.
3343 4959 3548 5013 Etiam-

1980 5046 2026 5101 si
2062 5046 2207 5100 enim
2243 5062 2307 5100 ea
2342 5062 2450 5100 non
2479 5046 2764 5113 obtuleris,
2815 5046 3174 5103 nihilominus
3223 5054 3352 5104 sunt
3393 5049 3547 5103 obla-

1982 5146 2069 5191 ta:
2102 5152 2226 5190 nam
2268 5135 2599 5191 Holocausta
2627 5149 2719 5191 tua
2742 5138 2800 5192 in
2842 5148 3121 5209 conspectu
3158 5148 3246 5193 tuo
3268 5149 3389 5192 sunt
3413 5154 3549 5194 sem-

1978 5246 2089 5299 per,
2120 5232 2336 5287 etiamsi
2387 5248 2495 5287 non
2537 5232 2856 5289 oderantur.
2894 5233 2952 5288 Si
2976 5244 3159 5288 autem
3189 5232 3415 5288 omnino
3452 5249 3548 5290 cu-

1981 5338 2073 5379 ras
2098 5337 2165 5379 ea
2202 5338 2301 5378 ceu
2345 5325 2583 5393 pretiosa
2630 5326 2880 5395 quaedam
2921 5332 2977 5378 et
3022 5322 3335 5378 necessaria
3387 5323 3549 5379 oll'er-

1981 5430 2064 5471 re.
2123 5430 2247 5472 cum
2287 5414 2484 5471 ﬁducia
2513 5418 2663 5485 audi,
2725 5433 2810 5472 me
2847 5432 3040 5472 eorum
3102 5414 3239 5469 nihil
3265 5414 3305 5470 a‘
3342 5425 3395 5473 te
3449 5432 3545 5473 ac-

916 5578 963 5612 ⁸³
990 5579 1128 5634 Gen.
1164 5593 1357 5642 xxvni,
1392 5577 1476 5631 12.
1553 5576 1599 5607 “
1624 5574 1769 5631 Psal.
1806 5590 1873 5629 xx

1985 5614 2001 5640 ,
2028 5574 2082 5632 8.
2156 5575 2203 5608 "
2230 5573 2421 5632 Matth.
2461 5577 2721 5645 nupti.
2798 5576 2845 5610 ⁸⁸
2885 5575 3042 5634 Joan.
3085 5577 3250 5643 ηεξ.

3190 5817 3231 5879 8
