3976 6220
378 271 485 326 ἓὸὅ

1213 272 1269 327 S.
1311 271 1679 329 ATH-ANASII
1716 271 1870 329 OPP.
1910 272 2093 329 PARS
2128 272 2219 328 Ill.
2254 305 2324 317 -—
2360 272 2767 330 EXEGETICA.

3497 275 3605 331 236

382 400 688 462 cepturum.
722 390 1006 463 Superﬂua
1036 393 1180 447 enim
1213 394 1342 448 mihi
1371 397 1554 450 omnia
1584 403 1732 451 sunt.
1754 394 1946 461 Quan-

2049 394 2156 465 γάρ
2184 412 2273 465 μοι
2320 395 2515 448 πάντα·
2548 393 2731 463 ἐπειδὴ
2762 393 2857 446 καὶ
2895 392 2966 446 τὰ
3021 393 3079 446 ἐν
3117 393 3304 465 ἀγροῖς
3344 392 3611 462 νεμόμενα

382 484 675 555 doquidem
729 494 782 539 et
837 499 958 553 quae
998 485 1054 537 in
1093 486 1250 554 agris
1293 496 1594 555 pascuntur
1623 487 1944 553 animantia,

380 576 571 642 boves,
608 575 880 645 iumenta,
904 576 1158 631 volucres
1184 578 1328 641 coeli.
1354 587 1407 633 et
1429 578 1776 648 pulchritudo
1794 578 1939 649 agri,

383 667 567 722 omnia
584 683 702 722 mea
715 677 918 732 sunt,et
941 667 1135 721 horum
1161 668 1294 722 nihil
1322 683 1476 740 egeo.
1510 668 1713 736 Quodsi
1729 672 1948 739 quando

383 759 517 813 mihi
550 758 848 814 necessitas
873 756 1013 812 foret
1041 759 1309 826 alimenti,
1363 776 1474 815 non
1498 762 1570 816 ita
1591 777 1794 831 egenus
1845 776 1947 833 ego

384 865 528 914 sum,
558 859 618 904 ut
648 865 679 904 a
724 858 776 904 te
808 849 936 903 talia
962 850 1270 919 postulem:
1301 850 1450 905 Meus
1501 861 1579 906 est
1627 853 1767 906 enim
1804 853 1946 908 orbis

384 950 537 995 terra:
568 941 633 992 ⁸⁷.
670 938 775 994 Sed
799 954 1047 1010 quaenam
1072 950 1225 1010 grata
1260 941 1392 995 mihi
1416 942 1609 997 offeres
1638 943 1945 999 sacrificia?

383 1030 620 1094 laudem,
654 1029 952 1095 canticum,
1010 1031 1252 1087 divinum
1276 1048 1609 1089 sermonem.
1661 1035 1797 1090 Cum
1846 1050 1946 1089 au-

382 1133 491 1178 tem
523 1124 638 1180 haec
667 1123 1001 1193 impleveris,
1041 1132 1155 1179 tum
1216 1142 1282 1182 ac
1328 1128 1376 1183 si
1416 1127 1600 1197 legem
1656 1128 1946 1198 implesses

382 1216 647 1285 divinam,
680 1203 988 1273 mercedem
1020 1217 1294 1287 accipies;
1318 1229 1377 1274 ut
1419 1235 1541 1274 cum
1576 1221 1940 1287 invocaveris,

380 1309 710 1364 exaudiaris.
734 1307 801 1363 Et
829 1309 1114 1365 declarans
1139 1326 1299 1379 quem
1324 1312 1583 1381 populum
1611 1313 1940 1383 alloquatur,

378 1400 599 1455 intulit:
641 1399 833 1465 Israel,
909 1410 959 1453 et
1011 1401 1333 1469 testiﬁcabor
1384 1402 1498 1456 tibi.
1544 1401 1749 1457 Exinde
1789 1417 1943 1458 ‘vero

378 1508 542 1548 suum
567 1492 1120 1548 ostenditdominium
1149 1510 1161 1545 :
1197 1492 1333 1547 Deus
1362 1493 1502 1547 Deus
1540 1502 1660 1547 tuus
1684 1510 1775 1564 ego
1802 1509 1940 1559 sum,

380 1585 474 1654 qui
515 1593 566 1639 te
593 1582 916 1655 Egyptiaca
955 1583 1219 1640 servitute
1273 1585 1520 1652 liberavi,
1550 1585 1644 1655 qui
1699 1600 1852 1640 mare
1886 1586 1940 1640 in

379 1676 526 1730 viam
555 1676 701 1741 dedi,
743 1676 838 1746 qui
886 1677 940 1730 in
974 1677 1193 1732 deserto
1246 1677 1503 1741 enutrivi,
1555 1677 1649 1747 qui
1689 1693 1806 1733 eam
1840 1678 1941 1733 tibi

380 1768 551 1839 legem
585 1769 728 1823 dedi.
756 1742 888 1822 Nam
917 1784 983 1822 ne
1013 1768 1181 1823 alium
1210 1784 1295 1824 me
1329 1742 1698 1839 legislato-rem
1753 1771 1947 1827 existi—
1973 1742 2018 1799 Β

379 1860 636 1927 maveris,
666 1874 893 1915 cernens
923 1861 1101 1931 legum
1122 1861 1517 1917 diversitatem.

450 2038 629 2110 [Deus
663 2039 798 2094 Deus
822 2051 960 2096 tuus.
988 2039 1054 2097 Id
1090 2050 1195 2108 est,
1222 2041 1319 2112 qui
1362 2057 1558 2111 magna
1580 2045 1845 2100 miracula
1870 2016 1943 2102 ab

380 2134 536 2189 initio
568 2149 745 2205 usque
766 2136 836 2190 ad
858 2136 963 2191 hoc
976 2142 1192 2207 tempus
1223 2136 1409 2208 generi
1440 2143 1622 2192 vestro
1643 2137 1938 2211 exhibuit.]

453 2309 505 2363 8.
573 2309 697 2365 Non
747 2312 803 2365 in
831 2313 1114 2380 sacriﬁciis
1156 2315 1259 2368 tuis
1337 2331 1561 2385 arguam
1610 2324 1678 2370 te.
1726 2314 1944 2387 Nequa-

380 2416 542 2470 quam
574 2410 627 2456 te
647 2402 985 2473 negligentiae
1013 2404 1067 2458 in
1097 2403 1390 2460 olferendis
1413 2404 1700 2460 sacrificiis
1724 2421 1894 2476 arguo
1924 2426 1939 2462 :

380 2490 473 2545 illa
526 2506 763 2562 namque
793 2491 956 2548 oﬂ‘ers
985 2492 1208 2549 assidue
1228 2493 1368 2562 ;'sed
1393 2493 1654 2565 praecipio
1682 2509 1751 2550 ne
1789 2495 1943 2551 hisce

380 2580 643 2650 iustitiam
673 2582 1119 2639 circumscribas.

451 2672 539 2728 16.
570 2671 843 2729 Peccatori
863 2686 1036 2729 autem
1060 2678 1198 2731 dixit
1230 2676 1406 2731 Deus:
1445 2674 1621 2742 Quare
1677 2687 1732 2732 tu
1782 2695 1942 2733 enar-

380 2776 470 2817 ras
494 2762 733 2830 justitias
763 2769 944 2820 meas?
992 2766 1338 2822 Peccatorem
1387 2768 1494 2823 hoc
1524 2769 1646 2822 loco
1698 2770 1945 2838 promul—

380 2861 620 2924 gatorem
690 2854 998 2910 divinarum
1071 2856 1476 2927 Scripturarum
1530 2859 1682 2914 dicit.
1755 2859 1944 2914 Simile

380 2951 562 2999 autem
588 2953 671 3000 est
714 2946 841 3001 huic
864 2946 1045 3002 dicto:
1074 2946 1201 3002 Non
1243 2951 1482 3019 speciosa
1507 2950 1626 3004 laus
1655 2959 1734 3004 est
1776 2953 1833 3005 in
1855 2968 1944 3005 ore

379 3038 674 3104 peccatoris
703 3036 857 3093 "-Si
882 3053 1117 3109 namque
1141 3040 1327 3095 omnia
1356 3052 1622 3111 praecepta
1658 3052 1939 3115 transgre-

380 3128 553 3194 ditur,
587 3137 643 3183 et
669 3129 818 3184 omni
842 3130 1062 3186 malitiae
1100 3131 1309 3196 studet,
1338 3139 1393 3186 et
1421 3131 1605 3202 lingua
1649 3134 1819 3188 utitur
1844 3134 1944 3190 do-

379 3235 495 3276 .osa
514 3261 528 3287 ,
560 3236 659 3276 cur
688 3230 878 3292 postea
903 3222 1114 3278 divinas
1136 3223 1342 3279 litteras
1373 3223 1428 3277 in
1463 3238 1560 3279 ore
1594 3225 1803 3281 habet?

450 3399 540 3454 2L
570 3398 910 3455 Existimasti
936 3402 1129 3472 inique,
1154 3402 1294 3472 quod
1315 3418 1403 3457 ero
1445 3404 1524 3457 tui
1555 3404 1770 3459 similis.
1800 3404 1942 3462 Olim

380 3491 736 3563 quidem,ait,
766 3494 858 3548 diu
891 3493 1131 3558 toleravi,
1160 3494 1255 3550 sed
1276 3510 1389 3550 non
1410 3495 1523 3566 jam
1546 3496 1602 3552 id
1634 3496 1827 3553 faciam
1853 3517 1864 3552 :
1888 3498 1943 3553 in

381 3584 619 3640 medium
650 3586 793 3641 enim
820 3588 899 3642 tui
927 3587 1185 3657 arguendi
1226 3602 1390 3644 causa
1437 3588 1663 3644 aﬂ‘eram
1717 3602 1943 3659 peccata

384 3688 495 3743 tua,
515 3694 636 3750 qua:
670 3688 723 3733 tu
754 3680 972 3750 quidem
1000 3680 1355 3736 existimabas
1387 3697 1496 3736 non
1525 3682 1666 3736 ultra
1711 3682 1940 3738 exsiste-

381 3784 462 3835 re,
493 3784 669 3839 ncque
716 3770 770 3825 in
807 3770 1115 3840 cuiuspiam
1163 3771 1487 3827 memoriam
1538 3781 1764 3827 ventura
1802 3789 1941 3829 esse.

380 3859 494 3930 Ego
512 3874 641 3915 vero
657 3870 842 3931 utpote
875 3860 1020 3916 Deus
1040 3861 1105 3916 ad
1152 3861 1329 3916 lucem
1359 3861 1656 3932 producam
1706 3863 1821 3928 illa,
1856 3873 1946 3918 at-

380 3964 486 4019 que
506 3960 844 4020 apponentur
891 3951 947 4005 in
983 3960 1331 4023 conspectum
1364 3962 1542 4008 tuum.
1572 3952 1771 4025 'Neque
1819 3956 1948 4009 abs-

378 4041 607 4096 condam
643 4041 1099 4110 quemadmodum
1146 4052 1206 4098 tu
1255 4043 1413 4107 facis,
1466 4059 1568 4099 nec
1621 4044 1817 4100 similis
1864 4045 1945 4100 tui

380 4147 494 4186 ero.
535 4131 833 4187 Produeam
866 4134 991 4187 item
1026 4134 1139 4199 illa,
1174 4143 1233 4189 ut
1270 4135 1450 4204 palam
1492 4133 1698 4190 faciens
1729 4135 1940 4206 pudore

380 4233 435 4277 te
458 4222 704 4279 alliciam.
728 4224 960 4294 Arguam
979 4233 1047 4290 te,
1072 4233 1122 4277 et
1141 4233 1373 4279 statuam
1387 4236 1570 4280 contra
1596 4226 1785 4296 faciem
1801 4236 1946 4280 tuam

381 4324 592 4384 peccata
612 4323 723 4369 tua.

2049 485 2165 550 ζῶα
2199 485 2316 553 βόες
2344 486 2439 539 καὶ
2470 486 2663 555 κτήνη,
2706 485 2800 538 καὶ
2852 485 2920 537 τὰ
2970 483 3189 538 πετεινὰ
3235 477 3328 536 τοῦ
3359 479 3612 553 ούρανοῦ,

2047 578 2139 632 καὶ
2162 581 2195 650 ἠ
2221 578 2487 650 ώραιότης
2514 577 2609 638 sui
2639 574 2829 646 ἀγροῦ,
2864 576 3039 629 πάντα
3071 575 3180 644 ἐμὰ
3210 574 3488 644 τυγχάνει,
3520 573 3614 627 καὶ

2046 669 2295 739 ἀνενδεὴς
2320 669 2516 731 παντὸς
2551 667 2798 738 ὑπάρχω.
2820 667 2883 720 Εἰ
2909 666 2965 719 δὲ
2994 666 3088 719 καὶ
3107 665 3264 737 χρεία
3290 682 3378 736 μοι
3406 664 3617 733 γένοιτό

2046 777 2177 813 ποτε
2198 761 2425 832 τροφῆς,
2448 761 2546 829 οὐχ
2574 758 2748 824 οὕτως
2776 757 2961 829 ἐνδεὴς
2990 757 3121 826 ἐγὼ,
3144 757 3219 819 ὡς
3248 756 3398 828 παρὰ
3423 755 3516 809 σοῦ
3544 755 3617 809 τὸ.

2044 852 2264 906 τοιαῦτα
2298 854 2485 906 αἰτεῖν·
2520 850 2656 921 Ἐμὴ
2681 850 2791 921 γάρ
2819 851 2988 904 ἐστιν
3017 852 3057 919 ἢ
3089 850 3424 919 οἰκουμένη.
3449 848 3615 911 Τίνας

2043 944 2102 996 δέ
2155 962 2243 1015 μοι
2295 946 2583 1015 προσηνεῖς
2615 943 2796 1002 θύσεις
2825 940 3047 1006 θυσίας;
3102 940 3200 1011 τὴν
3238 940 3462 1004 αἴγεσιν,
3521 938 3613 990 τὸν

2047 1031 2230 1103 ὕμνον,
2265 1033 2363 1105 τὴν
2418 1033 2715 1102 θεολογίαν.
2758 1031 2974 1102 Ἐπειδὴ
3004 1031 3061 1084 δὲ
3088 1029 3263 1083 ταῦτα
3283 1027 3609 1101 πληρώσεις,

2043 1124 2115 1177 τὸ·
2132 1123 2427 1194 τηνικαῦτα
2447 1125 2521 1186 ὡς
2546 1124 2612 1176 ἂν
2643 1123 2804 1194 νόμον
2834 1119 3124 1194 πληρώσας
3156 1120 3318 1185 θεῖον,
3347 1118 3614 1173 ἀντίδοσιν

2045 1212 2188 1286 λήψῃ
2218 1219 2278 1267 τὸ
2313 1213 2734 1283 ἐπικαλούμενος
2757 1210 3194 1280 είσακουσθῆναι.
3245 1210 3356 1262 Καὶ
3401 1208 3615 1271 δεικνὺς

2044 1305 2179 1376 πρὸς
2201 1308 2350 1359 ποῖον
2376 1306 2502 1360 λαὸν
2528 1304 2852 1373 διαλέγεται,
2879 1303 3172 1373 ἐπήγαγεν·
3218 1299 3484 1369 Ἰσραὴλ,
3514 1300 3614 1353 καί

2045 1393 2507 1464 διαμαρτύρομαί
2566 1410 2695 1449 -σοι,
2750 1388 2882 1446 Εἶτα
2937 1391 3034 1462 τὴν
3098 1391 3305 1445 οἰκείαν
3373 1388 3614 1444 δείκνυσι

2043 1486 2378 1540 δεσποτείαν·
2422 1487 2475 1539 '0
2507 1486 2650 1552 Θεὸς
2678 1489 2711 1539 ό
2762 1486 2907 1550 Θεός
2956 1483 3070 1536 σού
3103 1480 3393 1552 είμιέγὼ,
3439 1480 3468 1532 ὁ
3512 1479 3616 1550 τῆς

2045 1578 2419 1649 Αἰγυπτιακῆς
2446 1596 2505 1631 σε
2530 1577 2770 1640 δουλείας
2809 1573 3204 1647 ἐλευθερώσας,
3239 1574 3267 1625 ὁ
3290 1572 3386 1642 τὴν
3417 1571 3616 1625 θάλατ-

2043 1685 2141 1721 ταν
2169 1668 2286 1723 ὁδὸν
2317 1668 2719 1740 δωρησάμενος,
2740 1668 2775 1719 ὁ
2805 1667 2864 1719 ἐν
2897 1667 3093 1737 ’ἐρήμῳ
3125 1663 3438 1735 διαθρέψας,
3460 1666 3489 1716 ὁ
3517 1661 3613 1717 τὸν

2045 1759 2205 1829 νόμον
2264 1759 2469 1814 ἐκεῖνόν
2508 1776 2588 1813 σοι
2634 1757 2897 1822 δεδωκώς.
2942 1756 3032 1828 Μὴ
3087 1755 3195 1827 γὰρ
3232 1754 3296 1826 δὴ
3351 1755 3506 1810 ἄλλον
3544 1772 3614 1825 με

2044 1849 2336 1920 νομοθέτην
2391 1844 2652 1923 νομίσῃς,
2722 1848 2831 1902 τῶν
2894 1847 3072 1918 νόμων
3136 1845 3294 1918 ὁρῶν
3366 1845 3453 1928 τὸ.
3498 1845 3615 1900 διά-

2046 1960 2228 2013 φορον.

2116 2033 2137 2106 [
2164 2034 2246 2087 Ὀ·
2273 2033 2417 2100 Θεὸς
2435 2036 2470 2088 ό
2493 2035 2643 2099 θεός
2671 2049 2807 2087 σου.
2840 2030 3148 2096 Τουτέστιν,
3177 2033 3206 2085 ὁ
3255 2030 3461 2102 μεγάλα
3485 2030 3614 2084 Bau-

2048 2126 2217 2197 μάσια
2249 2125 2485 2198 ἀρχῆθεν
2531 2125 2691 2197 μέχρι
2731 2123 2823 2177 τοῦ
2853 2122 2947 2178 νῦν
2981 2122 3236 2194 τῷνγέενει
3267 2122 3418 2193 ὑμῶν
3448 2122 3614 2176 ἐνδει-

2045 2215 2322 2289 ξάμενοη
2498 2230 2503 2235 .
3524 2230 3527 2231 ,

2114 2311 2239 2363 Οὐκ
2293 2308 2392 2362 ἐπὶ
2443 2308 2573 2374 ταῖς
2618 2306 2857 2370 θυσίαις
2918 2319 3034 2359 σου
3074 2304 3323 2376 ἐλέγξω-
3346 2299 3463 2358 σεξ
3498 2301 3613 2357 Οὔκ

2043 2402 2298 2473 ἀμέλειάν
2334 2419 2435 2468 σοι,
2452 2401 2637 2472 φησιν,
2663 2396 2879 2467 ἐγκαλῶ
2906 2397 3123 2453 θυσιῶν·
3147 2399 3473 2471 προσφέρεις
3501 2396 3613 2469 γὰρ

2042 2493 2245 2557 ταύτας
2274 2492 2558 2564 διηνεκῶς·
2609 2491 2743 2545 ἀλλὰ
2792 2492 2867 2564 μὴ
2923 2490 3148 2553 ταύταις
3199 2489 3484 2562 ὁρίσασθαι
3513 2488 3614 2560 τὴν

2042 2586 2386 2657 δικαιοσύνην
2411 2586 2728 2656 παρεγγυῶ.

2044 2705 2053 2714 ·
2118 2680 2204 2746 Τῷ
2235 2679 2304 2733 δὲ
2359 2678 2685 2750 ἁμαρτωλῷ
2734 2676 2903 2733 εἶπεν
2970 2682 3004 2732 ὀ
3057 2679 3222 2742 Θεός·
3267 2676 3388 2730 Ἵνα
3421 2674 3476 2729 τί
3526 2673 3614 2728 σὺ

2042 2770 2290 2840 ἐκδιηγῇ
2326 2770 2399 2824 τὰ
2426 2768 2788 2838 δικαιώματά
2806 2786 2962 2840 you;
3003 2766 3345 2839 Ἀμαρτωλδν
3377 2764 3614 2819 ἐνταῦθα

2042 2864 2134 2918 τὸν
2167 2862 2461 2934 νομοθέτην
2492 2863 2601 2915 τῶν
2624 2861 2783 2915 θείων
2816 2861 3046 2932 Γραφῶν
3067 2876 3251 2931 φησιν.
3292 2858 3514 2929 Ὅμοιον
3554 2857 3617 2910 δὶ

2044 2956 2121 3028 τῷ
2148 2954 2439 3027 εἰρημένῳ·
2468 2956 2591 3021 Οὐχ
2620 2953 2832 3021 ὡραῖος
2861 2954 3031 3019 αἶνος
3069 2953 3138 3006 ἐν
3166 2952 3414 3019 στόματι
3435 2951 3618 3018 ἀμαρτ-

2045 3048 2257 3103 τωλοῦ.
2287 3048 2350 3100 El
2375 3045 2484 3117 γὰρ
2518 3045 2697 3108 πάσας
2750 3044 3075 3117 παραϐαίνει
3127 3043 3224 3106 τὰς
3274 3040 3491 3104 ἐντολὰς
3519 3039 3617 3093 καὶ

2046 3141 2225 3193 πᾶσαν
2258 3136 2564 3207 ἐπιτηδεύει
2602 3136 2820 3201 κακίαν,
2855 3136 2949 3190 καὶ
2977 3135 3154 3189 δολίαν
3199 3132 3485 3187 ἀποδίδωσι
3514 3130 3617 3209 τὴν

2045 3230 2315 3300 γλῶσσαν·
2380 3229 2432 3283 τί
2475 3229 2569 3283 καὶ
2620 3227 2718 3292 τὰς
2776 3227 2927 3291 θείας
2988 3226 3083 3279 ἐπὶ
3135 3225 3399 3295 στόματος
3457 3221 3618 3293 φέρει

2045 3322 2268 3394 Γραφάς
2288 3338 2302 3387 ;

2046 3442 2047 3445 η
2128 3411 2453 3477 ’Υπέλαϐες
2502 3410 2791 3478 ἀνομίαν,
2845 3408 2934 3462 ὅτι
2998 3408 3214 3476 ἔσομαί
3259 3419 3355 3459 σοι
3393 3405 3616 3475 ὅμοιος.

2044 3503 2219 3558 Πάλαι
2246 3503 2362 3574 μὲν,
2420 3501 2602 3573 φησὶν,
2627 3500 3078 3572 ἐμακροθύμησα,
3113 3499 3229 3553 ἀλλ’
3255 3499 3317 3552 οὐ
3348 3498 3440 3552 νῦν
3460 3492 3619 3550 τοῦτο

2046 3595 2279 3664 ποιήσω·
2331 3592 2670 3662 παραστήσω
2720 3591 2828 3664 γὰρ
2856 3591 2935 3654 εἰς
2966 3590 3057 3642 τὸν
3087 3589 3226 3643 κατὰ
3270 3586 3362 3641 σοῦ
3398 3587 3618 3656 ἔλεγχον

2044 3687 2114 3741 τὰ
2139 3687 2207 3741 σὰ
2239 3685 2628 3756 ἁμαρτήματα,
2653 3682 2689 3736 ἃ
2726 3683 2791 3754 δὴ
2845 3683 2907 3735 σὺ
2945 3681 3044 3752 μὲν
3102 3679 3366 3741 ὑπέλαϐες
3420 3677 3619 3748 μηκέτι

2046 3775 2361 3846 ὑφεστάναι,
2400 3775 2533 3845 μηδὲ
2556 3776 2635 3838 είς
2664 3774 2884 3844 μνήμην
2928 3771 3077 3842 ἥξειν
3120 3771 3283 3834 τινός·
3323 3768 3432 3838 ἐγὼ
3457 3768 3515 3822 δέ
3542 3768 3622 3831 ὡς

2045 3867 2177 3931 Θεὸς
2202 3868 2280 3930 είς
2326 3864 2442 3935 φῶς
2470 3864 2716 3935 παρὰξω,
2779 3863 2873 3916 καὶ
2925 3860 3351 3933 προτεθήσονται
3388 3858 3621 3912 ἐνώπιόν

2048 3975 2159 4012 σου·
2191 3958 2252 4011 ού
2295 3956 2552 4028 κρύπτων
2602 3954 2792 4025 ὥσπερ
2833 3954 2918 4018 σὺ,
2982 3953 3077 4007 καὶ
3119 3950 3467 4022 ώμοιωμένος
3511 3966 3618 4003 σοι.

2046 4047 2282 4119 Παράξω
2319 4046 2375 4100 δὲ
2399 4045 2558 4111 αὐτὰ,
2594 4047 2741 4108 ὅπως
2768 4043 2907 4098 αὐτὰ
2938 4044 3030 4098 καὶ
3051 4043 3330 4114 γνωρίζων
3359 4040 3622 4111 αἰσχύνην

2045 4141 2313 4210 καταχέω.
2341 4139 2588 4207 Ἐλέγξω
2608 4153 2700 4199 σε,
2737 4138 2833 4191 καὶ
2873 4135 3243 4205 παραστήσω
3266 4134 3417 4188 κατὰ
3431 4133 3625 4201 πρόσ-

2046 4231 2208 4284 ωπόν
2227 4246 2343 4284 σου
2366 4230 2472 4295 τὰς
2518 4229 2801 4298 ἁμαρτίας
2826 4241 2963 4281 σου.

451 4402 542 4456 2‘2.
579 4400 868 4474 Intelligite
887 4405 1028 4469 hac,
1070 4407 1161 4474 qui
1189 4406 1556 4461 obliviscimini
1601 4405 1786 4460 Deum.
1841 4404 1945 4459 Ut-

2122 4411 2338 4463 Σύνετε
2360 4407 2435 4475 δὴ
2462 4408 2666 4471 ταῦτα,
2696 4411 2748 4462 οἱ
2763 4407 3291 4474 ἐπιλανθανόμενοι
3316 4404 3423 4458 τοῦ
3448 4403 3618 4459 Θεοῦ.

385 4502 511 4562 pote
538 4493 810 4559 clemens,
853 4505 980 4565 post
1028 4497 1454 4567 increpationem
1505 4497 1944 4553 adhortationem

2064 4501 2152 4565 Ὠς
2201 4498 2576 4570 φιλάνθρωπος
2641 4498 2777 4568 μετὰ
2822 4497 2914 4550 τὸν
2971 4495 3189 4566 ἔλεγχον
3235 4495 3482 4566 ἐπιφέρει
3525 4495 3624 4549 καὶ

385 4584 591 4654 adjicit,
618 4585 754 4640 dans
777 4586 1109 4655 poenitentiae
1131 4587 1335 4642 locum.
1368 4586 1676 4657 Intelligite,
1712 4601 1800 4640 me
1833 4601 1945 4640 non

2054 4591 2392 4663 παραίνεσιν,
2420 4589 2704 4660 μετανοίας
2734 4589 2896 4641 τόπον
2946 4587 3138 4651 διδούς.
3172 4587 3389 4649 Σύνετε,
3412 4587 3494 4639 ὃτι
3545 4587 3623 4657 μὴ

385 4675 508 4731 ideo
560 4677 745 4731 tandiu
794 4677 1026 4732 tolerare
1080 4680 1226 4746 quod
1271 4679 1338 4733 de
1383 4675 1721 4732 facinoribus
1751 4680 1947 4733 vestris

2053 4683 2256 4755 χαίρων
2279 4664 2390 4745 τοῖς
2411 4683 2501 4750 ὑφ’
2526 4681 2560 4733 ύ
2568 4681 2682 4751 μῶν
2713 4680 3022 4751 γενομένοις
3050 4678 3403 4751 μακροθυμῶ,
3431 4677 3626 4747 καιρὸν

385 4768 672 4840 gaudeam,
713 4768 807 4825 sed
830 4779 891 4824 ut
916 4771 1037 4825 dem
1065 4771 1399 4840 poenitentiae
1444 4770 1646 4824 locum.
1688 4768 1946 4839 Alioquin

2051 4773 2108 4825 δέ
2134 4772 2421 4843 μετανοίας
2461 4772 2658 4836 διδούς.
2696 4773 2761 4824 Ei
2793 4772 2850 4824 δὲ
2879 4771 2974 4843 μὴ,
3002 4769 3239 4843 ἁρπάζει
3264 4771 3413 4841 ἡμᾶς
3441 4771 3469 4822 ὁ
3499 4770 3627 4822 ἄνο-

383 4860 696 4930 abripitnos
719 4861 964 4931 iniquus,
992 4862 1107 4917 sive
1131 4862 1415 4931 iniquitas,
1433 4861 1650 4915 nemine
1665 4860 1948 4916 liberante.

2053 4881 2171 4934 μος,
2224 4864 2390 4935 ἦγουν
2437 4866 2470 4935 η
2536 4862 2766 4934 ἀνομία,
2820 4863 3044 4934 μηδενὸς
3119 4863 3268 4933 ἡμᾶς
3336 4860 3624 4932 ῥυομένου.

383 4951 571 5023 Eripio
627 4951 773 5007 enim
826 4967 922 5007 eos
941 4953 1034 5022 qui
1081 4952 1391 5021 intelligunt
1435 4959 1491 5005 et
1538 4965 1566 5004 a
1616 4950 1778 5007 malis
1801 4951 1950 5007 desi-

2061 4957 2283 5027 Ῥύομαι
2305 4956 2414 5029 γὰρ
2441 4958 2565 5020 τοὺς
2593 4956 2847 5020 νοοῦντας
2877 4951 2933 5009 οῖ
2956 4955 3140 5009 κακῶν
3173 4957 3301 5018 είσι,
3356 4953 3448 5006 καὶ
3480 4969 3627 5005 παυ-

383 5053 571 5109 stunt,
613 5052 775 5114 atque
809 5045 998 5099 dicunt
1030 5062 1043 5097 :
1075 5043 1283 5111 Injuste
1331 5043 1562 5111 egimus,
1615 5043 1951 5113 iniquitatem

2053 5046 2320 5117 σαμένους
2340 5046 2436 5100 καὶ
2464 5045 2742 5113 λέγοντας·
2782 5044 3209 5115 Ἠνομήσαμεν,
3227 5043 3626 5112 ἠδικήσαμεν,

384 5137 633 5205 fecimus,
667 5137 827 5206 impie
853 5138 1052 5205 egimus
1072 5135 1141 5188 ⁸⁸.
1192 5133 1329 5188 Nam
1363 5135 1457 5204 qui
1490 5134 1669 5190 adhuc
1705 5136 1761 5189 in
1793 5135 1952 5191 malis

2049 5135 2458 5207 ήσεόήσαμεν.
2523 5139 2599 5191 Οὐ
2652 5137 2760 5208 γὰρ
2829 5136 2977 5188 ἔστιν
3042 5133 3478 5206 ἐξομολογεῖσθαι
3535 5133 3630 5186 τὸν

383 5211 629 5283 versatur
663 5226 907 5282 conﬁteri
955 5240 1064 5279 non
1110 5233 1307 5294 potest.
1347 5223 1429 5278 Ne
1458 5226 1670 5294 quando
1702 5227 1875 5294 rapiat
1899 5234 1949 5280 et

2056 5228 2136 5282 ἔτι
2164 5230 2224 5282 τὸ
2247 5228 2412 5282 κακὸν
2434 5228 2775 5300 ἐνεργοῦντα.
2812 5226 2906 5294 Μή
2940 5243 3083 5281 ποτε
3115 5226 3378 5294 ἁρπάσῃ,
3419 5224 3517 5278 καί
3540 5224 3629 5294 μὴ

385 5332 488 5370 non
517 5319 693 5388 sitqui
715 5319 928 5387 eripiat.
961 5314 1038 5370 Ne
1054 5316 1295 5386 quando,
1325 5316 1523 5386 inquit,
1555 5315 1769 5371 auferat
1798 5333 1949 5374 mors

2054 5316 2096 5392 ᾗ
2125 5324 2158 5375 ὁ
2179 5322 2489 5390 ῥυόμενος.
2529 5323 2621 5393 Μή
2682 5337 2833 5382 ποτε,
2870 5320 3052 5390 φησὶν,
3103 5319 3367 5388 ἀφέληται
3396 5315 3494 5386 τὴν
3524 5316 3632 5384 ψυ-

389 5409 660 5475 animam,
704 5410 1079 5480 pwnitentiam
1117 5409 1295 5479 agite;
1340 5424 1500 5463 nemo
1540 5410 1685 5464 enim
1738 5421 1822 5465 est
1851 5411 1948 5481 qui

384 5499 578 5569 eripiat
610 5515 705 5557 eos
733 5503 827 5573 qui
852 5509 1070 5572 propter
1102 5509 1326 5572 peccata
1362 5501 1415 5555 in
1450 5501 1663 5557 inferno
1703 5503 1946 5559 conclusi

458 5677 500 5711 ⁸⁷
526 5690 667 5731 vers.
693 5675 778 5732 η.
854 5677 899 5710 ⁸³
926 5677 1091 5735 Eccli.
1128 5640 1219 5732 xv.
1244 5678 1296 5731 9.
1372 5680 1415 5716 ⁵⁸
1455 5676 1497 5731 ll
1528 5676 1707 5732 Paral.
1742 5692 1814 5741 vI,
1854 5677 1940 5732 '57.

2057 5411 2156 5482 χὴν
2199 5413 2228 5464 ὁ
2258 5410 2505 5475 θάνατος,
2545 5413 2929 5483 μετανοήσατε·
2955 5412 3055 5464 οὐκ
3085 5409 3200 5462 ἐστι
3231 5408 3339 5479 γὰρ
3376 5409 3406 5460 ὁ
3434 5406 3634 5479 ῥυόμε-

2068 5519 2157 5566 νος
2204 5503 2330 5566 τοὺς
2374 5504 2432 5556 ἐν
2476 5502 2602 5573 ᾇδου
2631 5502 3097 5575 κατειλημμένους
3137 5501 3259 5563 ταῖς
3308 5498 3628 5571 ἁμαρτίαις.
