3976 6220
250 291 344 348 9.31

1460 288 1822 348 EXPOSITIO
1857 288 1926 343 IN
1964 287 2292 345 PSALMUM
2330 289 2391 345 L.

3383 291 3489 348 258

263 407 596 478 ’Λρπάζεται
640 407 752 479 γὰρ
814 407 981 479 ψυχὴ,
1041 408 1115 472 ὡς
1184 409 1458 471 παντελῶς
1517 406 1823 461 ἐκπεσοῦσα

1973 415 2078 462 unt.
2108 407 2388 478 Abripitur
2414 410 2558 463 enim
2594 410 2777 462 anima
2799 447 2816 474 ,
2850 416 3041 478 utpote
3066 408 3291 463 omnino
3320 425 3350 464 a
3382 409 3496 467 Deo

257 498 409 555 Θεοῦ.

326 593 520 647 Θυσία
574 592 862 659 αίνέσεως
918 591 1163 657 δοξάσει
1218 610 1313 663 με.
1358 591 1830 663 Ἐπαναλαμόάνει

258 685 325 739 τὰ
343 685 635 757 εἰρημένα,
682 686 780 757 τὴν
834 684 1056 754 λογικὴν
1116 684 1385 737 ἐπιτελεῖν
1439 683 1692 756 λατρείαν
1727 698 1834 734 πα-

258 777 703 850 ρακελευόμενος.
773 776 926 831 Μετὰ
995 777 1093 847 τὴν
1147 776 1344 847 πολλὴν
1396 775 1726 845 κατηγορίαν
1772 773 1833 827 τὸ

259 869 548 940 φάρμακον
584 870 683 939 τῆς
713 869 983 941 ἁμαρτίας
1011 868 1201 936 ἔδειξε,
1234 868 1344 923 τῶν
1381 868 1691 940 μυστηρίων
1739 866 1834 938 δη-

260 962 390 1033 λαδὴ
423 960 525 1033 τὴν
578 961 896 1014 ἀπόλαυσιν.
962 962 1177 1033 Ἐκείνη
1233 961 1342 1033 γάρ
1405 960 1619 1033 άληθῶς
1672 959 1835 1013 θυσία

261 1055 516 1117 αἰνέσεως
545 1054 638 1106 τὸν
664 1054 796 1107 Θεὸν
828 1052 1141 1119 δοξάζουσα.
1183 1053 1400 1125 Ἐπειδὴ
1432 1053 1570 1125 μετὰ
1615 1052 1721 1106 τῶν
1745 1052 1838 1121 ἀγ-

264 1145 430 1213 γέλων
463 1144 740 1210 αἰνοῦντες
760 1146 878 1199 τότε
895 1147 988 1199 καὶ
1006 1146 1141 1218 μετὰ
1163 1146 1264 1217 τῆς
1290 1146 1517 1209 κτίσεως
1548 1144 1834 1216 ίστὰμεθα.

261 1238 367 1293 Kal
399 1238 526 1291 ἐκεῖ
549 1237 688 1304 ὁδός
723 1236 804 1306 ἢν
834 1238 1009 1303 δείξω
1054 1237 1214 1303 αὐτῷ
1250 1238 1317 1291 τὸ
1348 1238 1643 1306 σωτήριόν
1694 1254 1834 1306 μου.

267 1330 358 1383 Ἐν
384 1332 451 1401 τῇ
486 1329 669 1400 θυσίᾳ,
701 1329 857 1401 φησὶ,
878 1330 980 1401 τῆς
1008 1331 1266 1395 αἰνέσεως
1297 1331 1415 1394 ὁδός
1431 1332 1546 1384 ἐστι
1567 1330 1665 1401 τῆς
1688 1327 1839 1400 παρὰ

262 1419 377 1491 Θεῷ
406 1422 700 1492 σωτηρίας.
1677 1456 1705 1480 ο

356 1514 463 1578 Εἰς
490 1513 556 1566 τὸ
584 1514 759 1579 τέλος
795 1517 1099 1569 ΨΑΛΜΟΣ
1131 1513 1295 1581 ᾠδῆς
1318 1511 1397 1580 τῷ
1421 1513 1620 1568 Δαυΐδ.
1650 1516 1729 1566 Ν’.

269 1605 367 1660 Ἐν
387 1605 468 1671 τῷ
499 1607 701 1661 ἐλθεῖν
729 1609 878 1677 πρὸς
915 1610 1101 1663 αὐτὸν
1138 1610 1341 1666 Νάθαν
1369 1609 1475 1663 τὸν
1501 1609 1837 1679 προφήτην,

544 1698 726 1766 ἡνίκα
770 1699 1016 1767 εἰσῆλθε
1045 1701 1192 1770 πρὸς
1230 1701 1553 1770 Βηρσαϐεέ.

808 1850 821 1857 ν
871 1792 1206 1857 Ὑπόθεονις.

271 1879 460 1934 Τοῦτον
492 1880 606 1952 ᾄδει
642 1883 734 1935 τὸν
766 1883 978 1954 ψαλμὸν
1012 1882 1396 1954 ἐξομολόγησιν
1442 1881 1535 1936 δύο
1562 1882 1842 1954 ἐγκλημά-

328 1989 435 2025 των
468 1973 809 2044 περιέχοντα,
836 1976 933 2046 τῆς
958 1992 1017 2028 τε
1047 1976 1352 2047 μιαιφονίας
1372 1976 1568 2047 Οὐρίου
1599 1976 1693 2029 καὶ
1732 1993 1842 2046 μοι·

327 2064 483 2135 χείας
512 2047 648 2137 πρὸς
698 2066 999 2138 Βηρσαϐεέ.
1058 2065 1482 2138 [Ὑποδείκνυσι
1538 2068 1630 2121 καὶ
1674 2068 1840 2120 πᾶσιν

332 2155 637 2228 ἀνθρώποις
663 2159 934 2229 σωτηρίας
964 2158 1081 2212 ὁδὸν
1105 2159 1202 2229 τὴν
1249 2158 1556 2229 μετάνοιαν,
1586 2152 1694 2211 οἷόν
1722 2176 1841 2211 τινα

332 2247 525 2319 τέχνην
544 2249 643 2318 τῆς
670 2249 949 2319 διηνεκοῦς
996 2250 1134 2302 κατὰ
1166 2248 1260 2302 τοῦ
1319 2247 1513 2320 ἐχθροῦ
1540 2249 1716 2321 νίκης.
1783 2249 1840 2301 '0

335 2338 441 2411 γὰρ
471 2339 676 2411 ταύτην
710 2340 797 2393 ἀεὶ
823 2341 1061 2412 μελετῶν
1101 2341 1194 2394 καὶ
1227 2340 1506 2411 κατορθῶν
1553 2340 1841 2405 διαπαντὸς

335 2430 538 2496 γίνεται
582 2430 805 2503 νικητὴς
854 2433 947 2485 τοὺ
986 2432 1073 2485 ἀεὶ
1105 2432 1581 2503 προσπαλαίοντος.
1618 2434 1841 2502 Είσάγει

334 2519 388 2572 δὲ
436 2520 535 2573 καὶ
564 2522 664 2591 τὴν
714 2523 800 2574 διὰ
853 2522 947 2575 τοῦ
1004 2521 1375 2592 βαπτίσματος
1439 2523 1839 2596 ἀπολύτρωσιν,

349 2609 632 2675 Ῥαντιεῖς
669 2628 767 2681 με,
802 2611 995 2679 λέγων.
1055 2612 1161 2665 Ναὶ
1200 2612 1304 2683 μὴν
1336 2614 1429 2666 καὶ
1476 2612 1735 2677 διδάσκει,
1767 2614 1844 2677 ὡς

341 2701 679 2771 πεφύλακται
714 2703 861 2773 αὐτῷ
884 2703 943 2756 τὸ
970 2705 1067 2774 τῆς
1092 2706 1428 2775 προφητείας
1465 2704 1726 2777 χάρισμα.
1768 2706 1839 2758 Οὐ

340 2792 444 2863 γὰρ
472 2794 617 2847 αἰτεῖ
640 2793 717 2858 ὡς
742 2795 1103 2866 ἐστερημένος
1121 2774 1305 2859 αὑτοῦ,
1327 2774 1471 2851 ἀλλὰ
1492 2774 1578 2868 μὴ
1622 2774 1845 2870 άφαιρε-
1870 2774 1877 2779 ﬁ

338 2882 495 2952 θῆναι
530 2884 760 2937 ἱκετεύει
788 2885 981 2954 λέγων⁹
1041 2889 1100 2940 Μ
1107 2885 1139 2955 ὴ
1173 2885 1560 2960 circumfluo]
1616 2890 1843 2956 Εἰσάγει

336 2975 390 3029 δὲ
427 2977 520 3029 καὶ
554 2977 655 3047 τῆς
714 2979 835 3032 καθ’
860 2978 981 3032 ὅλου
1012 2980 1384 3051 γενησομένης
1427 2981 1535 3034 τῶν
1590 2983 1841 3054 ἁμαρτη-

1930 499 2104 569 lapsa.

2002 590 2093 647 23.
2134 588 2476 661 Sacriﬁcium
2513 590 2687 645 laudis
2728 590 3097 661 Itonoriﬁcabit
3130 609 3229 647 me.
3284 594 3501 666 Repetit

1933 697 2055 752 qua:
2086 682 2230 737 dicta
2262 691 2410 750 sunt,
2447 682 2647 753 jubens
2671 682 2867 737 iterum
2898 691 2960 738 ut
2994 685 3261 741 rationale
3289 688 3498 744 sacriﬁ-

1935 774 2081 829 cium
2116 774 2453 844 perticiatur.
2509 774 2643 830 Post
2666 790 2883 843 gravem
2910 784 2965 830 et
2988 791 3243 847 magnam
3275 792 3504 835 accusa-

1935 865 2134 920 tionem
2160 906 2174 931 ,
2253 867 2456 935 peccati
2506 865 2807 921 remedium
2836 867 3062 936 scilicet,
3114 870 3503 940 mysteriorum

1937 971 2097 1012 usum
2127 967 2181 1013 et
2220 956 2456 1012 fructum
2512 958 2735 1013 indicat.
2764 956 2900 1014 Illud
2945 960 3145 1030 quippe
3184 976 3374 1016 revera
3418 977 3502 1017 sa-

1938 1048 2204 1103 criﬁcium
2249 1049 2426 1105 laudis
2449 1060 2532 1104 est
2559 1065 2670 1120 quo
2694 1050 2835 1105 Deus
2866 1051 3271 1107 honorificatur.
3310 1050 3499 1123 Siqui-

1938 1140 2058 1196 dem
2082 1148 2213 1195 tunc
2233 1156 2357 1195 cum
2387 1141 2590 1209 angelis
2609 1141 2797 1196 laudes
2820 1143 3070 1197 canimus
3098 1159 3162 1199 ac
3196 1159 3321 1198 cum
3350 1160 3503 1200 crea-

1936 1241 2061 1288 tura
2098 1242 2325 1290 stamus.
2365 1232 2433 1287 Et
2478 1234 2593 1288 illic
2615 1233 2719 1288 iter
2737 1250 2838 1305 quo
2859 1236 3131 1291 ostendam
3160 1236 3241 1292 illi
3270 1237 3507 1292 salutare

1938 1342 2132 1381 meum.
2184 1323 2243 1379 ln
2278 1325 2569 1393 sacriﬁcio,
2599 1326 2794 1397 inquit,
2826 1326 3024 1395 laudis,
3053 1328 3140 1383 via
3162 1338 3246 1384 est
3266 1329 3331 1384 ad
3362 1330 3510 1384 salu-

1936 1428 2048 1473 tem
2086 1433 2118 1473 a
2138 1416 2249 1472 Deo
2278 1427 2543 1487 paratam.

2082 1511 2135 1565 1.
2180 1509 2248 1564 In
2271 1512 2428 1580 ﬁnem
2456 1509 2795 1568 PSALMUS
2820 1514 3015 1568 cantici
3042 1512 3235 1568 David.
3268 1511 3333 1566 L.

2012 1600 2067 1655 2.
2100 1600 2234 1657 Cum
2265 1604 2404 1655 venit
2429 1602 2498 1655 ad
2529 1619 2648 1656 eum
2674 1602 2895 1657 Nathan
2925 1605 3197 1673 propheta,
3228 1601 3435 1674 quando

2410 1695 2630 1749 intravit
2662 1697 2731 1749 ad
2765 1696 3034 1750 Bersabee.

2092 1854 2100 1863 θ
2520 1786 2923 1856 Argumentum.

1944 1872 2096 1930 Hunc
2128 1877 2274 1932 canit
2293 1878 2565 1947 psalmum
2607 1879 2701 1949 qui
2728 1879 3022 1933 criminum
3054 1880 3320 1946 duorum,
3348 1879 3511 1937 cedis

2014 1968 2219 2024 scilicet
2270 1967 2415 2024 Uria:
2453 1978 2507 2023 et
2547 1970 2794 2025 adulterii
2823 1986 2947 2025 cum
2978 1969 3267 2038 Bersabee,
3292 1952 3510 2027 confes-

2013 2061 2225 2115 sionem
2253 2062 2521 2117 continet.
2560 2061 2909 2136 [Subindicat
2932 2063 3097 2118 etiam
3129 2062 3386 2118 omnibus
3413 2062 3515 2117 bo-

2011 2149 2254 2206 minibus
2318 2151 2515 2206 salutis
2564 2152 2705 2207 viam
2771 2167 2894 2208 esse
2936 2153 3313 2222 paenitentiam
3342 2192 3358 2216 ,
3412 2168 3514 2209 ceu

2012 2241 2307 2310 quamdam
2337 2251 2510 2297 artem
2531 2244 2840 2299 obtinendae
2867 2259 3079 2314 semper
3110 2256 3301 2301 contra
3332 2245 3516 2300 inimi-

2013 2349 2137 2389 cum
2162 2334 2421 2389 victoriae.
2471 2333 2609 2389 Nam
2658 2336 2751 2405 qui
2794 2351 3011 2407 semper
3041 2337 3109 2392 de
3153 2338 3245 2392 illa
3290 2339 3513 2407 cogitat,

2012 2440 2185 2495 eaque
2222 2433 2368 2480 recte
2412 2426 2616 2489 utitur,
2665 2427 2839 2481 victor
2889 2442 3104 2499 semper
3153 2432 3256 2484 erit
3304 2430 3515 2485 inimici

2015 2517 2239 2573 assidue
2292 2519 2571 2575 instantis.
2614 2520 2825 2575 lnducit
2861 2510 3024 2576 etiam
3065 2522 3512 2593 redemptionem,

2014 2623 2136 2678 quae
2185 2624 2283 2678 per
2324 2621 2570 2664 sanctum
2629 2612 2898 2681 baptisma
2945 2613 3203 2681 aﬂ‘ertur,
3260 2615 3514 2685 Aspergcs

2015 2716 2125 2767 me,
2172 2703 2377 2755 dicens.
2408 2702 2523 2756 Imo
2569 2704 2733 2758 etiam
2766 2705 2943 2769 docet,
2978 2717 3361 2762 conservatum
3398 2707 3506 2762 sibi

2014 2792 2309 2862 prophetiae
2332 2792 2556 2848 donum.
2590 2793 2708 2850 Non
2739 2798 2980 2865 postulat
3008 2799 3154 2853 enim
3187 2799 3345 2868 quasi
3386 2798 3507 2869 ipso

2012 2884 2280 2954 privatus,
2317 2888 2413 2941 sed
2444 2888 2713 2958 supplicat
2750 2903 2860 2943 non
2893 2890 3096 2944 auferri
3125 2891 3248 2954 sibi,
3298 2890 3511 2957 dicens,

2022 2975 2108 3031 Ne
2136 2976 2394 3049 auferas.]
2429 2978 2777 3049 Prophetiam
2811 2997 3028 3052 quoque
3065 2982 3276 3038 inducit
3302 2983 3515 3038 redem-

346 3069 531 3138 μάτων
558 3068 882 3141 λυτρώσεως
908 3071 1007 3140 τὴν
1040 3070 1128 3123 διὰ
1168 3071 1261 3126 τοῦ
1286 3072 1441 3140 ἁγίου
1473 3072 1844 3145 βαπτίσματος

2017 3070 2222 3140 ptionis
2250 3086 2280 3124 a
2303 3072 2542 3141 peccatis
2570 3073 2827 3128 omnibus
2854 3089 2950 3144 per
2968 3084 3216 3129 sanctum
3246 3076 3511 3144 baptisma

340 3159 699 3231 προφητείαν,
730 3161 823 3213 καὶ
871 3162 969 3231 τῆς
1018 3162 1074 3214 ὲν
1105 3160 1374 3231 πνεύματι
1414 3162 1666 3234 λατρείας
1698 3163 1846 3216 διδαυ

341 3251 590 3306 σκαλίαν.
642 3251 924 3323 Πανταχοῦ
966 3251 1023 3305 δὲ
1058 3252 1164 3306 τῶν
1221 3252 1314 3306 δύο
1369 3254 1848 3325 παρανομημάτων

343 3345 596 3415 εὑρήσεις
624 3344 826 3411 ἐξιλεού
834 3361 1011 3415 μενον.

354 3435 650 3504 Ἐλέησόν
662 3454 761 3505 με,
803 3440 834 3490 ὁ
868 3436 1032 3502 Θεὸς,
1067 3436 1215 3491 κατὰ
1248 3438 1311 3491 τὸ
1339 3437 1493 3507 μέγα
1512 3438 1683 3504 ἔλεός
1708 3454 1846 3492 σου.

285 3524 366 3588 Ὧς
388 3526 480 3577 ἐπὶ
517 3525 754 3595 μεγάλου
804 3526 1218 3597 ἁμαρτήματος,
1268 3527 1359 3580 τοῦ
1413 3527 1646 3598 μεγάλου
1699 3527 1848 3580 ἐλέου

272 3617 361 3671 τοῦ
391 3618 529 3671 Θεοῦ
586 3618 766 3673 δέεται
815 3623 1019 3691 τυχεῖν.
1073 3620 1183 3674 Καὶ
1208 3623 1359 3675 κατὰ
1387 3622 1450 3674 τὸ
1478 3619 1708 3689 πλῆθος
1733 3619 1851 3674 τῶν

273 3708 586 3779 οἰκτιρμῶν
607 3725 723 3765 σου
746 3710 1074 3779 ἐεὰλειψον
1099 3710 1166 3764 τὸ
1187 3710 1463 3780 ἀνόμημά
1475 3728 1614 3780 μου.
1658 3711 1851 3765 Μόνων

272 3805 376 3878 γάρ
403 3809 522 3858 ἐστι
567 3804 676 3858 τῶν
708 3804 802 3858 τοῦ
851 3803 986 3857 Θεοῦ
1038 3803 1338 3877 οἰκτιρμῶν
1396 3804 1494 3875 τῆς
1546 3805 1851 3874 μιαιφονίας

273 3895 564 3949 απολοῦσαι
602 3895 701 3959 τὰς
731 3898 939 3967 χεῖρας.

342 3986 710 4059 [Σαφέστερον
741 3987 798 4039 δὲ
824 3986 852 4039 ὂ
884 3986 1031 4055 λέγει
1063 3987 1230 4041 ποιῶν
1266 4002 1449 4057 φησιν’
1482 3986 1608 4040 Ἐπὶ
1640 3987 1852 4043 πλεῖον

278 4075 515 4131 πλῦνόν
539 4093 638 4145 με.
684 4076 980 4130 Κάνταῦθα
1021 4079 1112 4130 τὸν
1165 4076 1502 4149 πλεονασμὸν
1531 4079 1698 4150 ᾔτησε
1750 4079 1852 4149 τῆς

278 4167 618 4240 καθάρσεως,
668 4167 756 4221 διὰ
784 4168 844 4220 τὸ
877 4168 1044 4233 δεῖξαι
1074 4170 1350 4241 πανταχοῦ
1383 4171 1444 4223 τὸ
1475 4170 1852 4243 πλημμέλημα

280 4257 437 4327 μέγασ
473 4257 532 4329 ἢ,
560 4260 684 4312 ἐπεὶ
714 4260 865 4330 παρὰ
896 4259 1084 4313 Νάθαν
1115 4261 1312 4331 ἤκουσε
1353 4260 1451 4332 τὴν
1481 4261 1847 4333 συγχώρησιν,

280 4348 367 4401 καὶ
387 4349 444 4401 αξ
466 4349 808 4402 παντοδαπαὶ
837 4348 893 4401 δὲ
933 4352 1207 4422 συμφοραὶ
1229 4351 1287 4404 τὸ
1326 4352 1459 4405 πολὺ
1488 4352 1850 4424 ὑπετέμνοντο

2025 3158 2242 3226 futurae,
2279 3168 2334 3214 et
2365 3161 2668 3230 spiritualis
2695 3160 2788 3217 Dei
2819 3163 3003 3218 cultus
3028 3164 3354 3220 doctrinam.
3381 3163 3516 3221 Pas-

2021 3253 2125 3307 sim
2158 3261 2338 3308 autem
2370 3253 2615 3309 invenies
2647 3252 2885 3309 duorum
2922 3255 3213 3311 criminum
3248 3257 3516 3327 expiatio-

2020 3359 2143 3399 nem
2173 3344 2577 3413 etﬁagitantem.

2019 3438 2072 3492 5.
2111 3437 2362 3492 Miserere
2388 3436 2512 3502 mei,
2548 3434 2709 3502 Deus,
2739 3437 3022 3491 secundum
3044 3453 3290 3508 magnam
3310 3439 3516 3493 miseri-

1950 3530 2188 3585 cordiam
2218 3539 2387 3583 tuam.
2442 3527 2647 3598 Utpote
2672 3543 2874 3598 magno
2900 3529 3085 3599 lapsus
3115 3529 3361 3596 crimine,
3400 3544 3516 3583 ma-

1959 3640 2123 3695 gnam
2152 3622 2245 3678 Dei
2288 3621 2722 3677 misericordiam
2756 3621 3011 3690 implorat
3045 3619 3177 3691 (18).
3234 3619 3304 3674 Et
3334 3636 3519 3673 secun-

1950 3716 2075 3769 dum
2121 3715 2517 3768 multitudinem
2560 3714 2958 3767 miserationum
3007 3724 3220 3767 tuarum
3257 3713 3370 3767 dele
3414 3713 3519 3766 ini-

1949 3808 2204 3877 quitatem
2232 3822 2421 3860 meam.
2452 3804 2587 3860 Nam
2612 3805 2744 3861 solis
2770 3803 2866 3861 Dei
2897 3806 3337 3861 miserationibus
3370 3819 3519 3860 com-

1952 3899 2084 3968 petit
2111 3914 2141 3952 a
2171 3899 2400 3954 crimine
2424 3898 2587 3952 caedis
2612 3897 2832 3951 abluere
2863 3911 3082 3951 manus.

2026 3989 2302 4062 [Apertius
2345 3999 2525 4044 autem
2563 3989 2889 4044 sententiam
2926 3988 3205 4058 explicans
3231 3988 3309 4042 ait
3341 4005 3355 4042 :
3386 3986 3520 4040 Am-

1950 4083 2090 4153 plius
2135 4083 2258 4136 lava
2294 4098 2396 4138 me.
2437 4082 2615 4151 Atque
2659 4080 2748 4135 hic
2795 4094 3014 4150 quoque
3045 4080 3153 4134 vim
3198 4079 3521 4149 copiamque

1951 4171 2289 4243 purgationis
2305 4170 2549 4240 expetiit,
2582 4179 2641 4223 ut
2666 4183 2925 4238 magnum
2948 4181 3073 4223 esse.
3092 4164 3307 4221 facinus
3333 4173 3521 4219 osten-

1951 4268 2140 4321 deret:
2172 4273 2286 4328 aut,
2330 4264 2461 4334 quia
2501 4278 2531 4316 a
2560 4262 2775 4316 Natltan
2815 4266 3120 4330 acceperat,
3155 4257 3371 4313 veniam
3413 4254 3521 4313 sibi

1952 4356 2126 4412 fuisse
2155 4369 2476 4409 concessam
2498 4393 2514 4416 ,
2545 4362 2598 4408 et
2627 4352 2792 4407 variae
2811 4350 3148 4406 calamitates
3175 4348 3283 4403 vim
3312 4345 3521 4423 peccazi

279 4441 370 4513 τῆς
397 4441 689 4513 ἁμαρτίας,
722 4443 855 4512 φησὶ
879 4440 994 4503 νῦν,
1047 4442 1128 4495 ὅτι
1173 4444 1372 4513 Δέομαι
1421 4446 1722 4516 ῥυμμάτων
1755 4445 1844 4498 καὶ

1973 4449 2290 4510 ninuebant,
2354 4460 2501 4500 nunc
2524 4444 2600 4499 ait
2625 4462 2638 4497 :
2670 4443 2820 4507 Opus
2847 4442 2980 4496 mihi
3001 4449 3084 4496 est
3110 4440 3523 4511 purgationibus

279 4533 620 4599 ὲκπλύσεων,
673 4535 761 4586 ἵνα
822 4534 1000 4588 τέλεον
1033 4536 1062 4587 ὀ
1120 4535 1506 4607 προστετηκὼς
1575 4535 1847 4607 ἀποξεσθῇ

282 4623 490 4697 ῥύπος-1

363 4714 486 4772 Ἐπὶ
516 4716 730 4772 πλεῖον
765 4716 1001 4772 πλῦνάν
1022 4717 1100 4788 μὲ
1127 4718 1245 4773 ἀπὸ
1297 4718 1408 4787 τῆς
1437 4718 1687 4788 ἀνομίας
1706 4737 1849 4789 μου,

280 4808 369 4879 τῆς
394 4810 488 4862 ἐπὶ
538 4807 618 4877 τῷ
664 4808 828 4880 φόνῳ,
861 4809 1011 4880 φησί.
1070 4810 1181 4863 Καὶ
1239 4809 1357 4864 ἀπὸ
1409 4808 1520 4877 τῆς
1563 4810 1852 4878 ἁμαρτίας

279 4915 387 4967 μου
441 4900 775 4968 καθάρισόν
834 4919 929 4971 με,
1000 4902 1100 4971 τῆς
1152 4902 1245 4954 ἐπὶ
1280 4903 1515 4973 μοιχείᾳ.
1553 4902 1684 4955 "Ott
1736 4900 1852 4970 τὴν

283 4994 534 5062 ἀνομίαν
552 5012 673 5063 μου
706 4992 821 5062 ἐγὼ
854 4992 1142 5062 γινώσκω.
1174 4995 1283 5047 Καὶ
1306 4994 1462 5047 τοῦτο
1480 4996 1573 5048 ἐπὶ
1598 4992 1676 5067 τῷ
1710 4993 1855 5065 φόνῳ

282 5088 481 5161 εἴρηκε.
513 5090 624 5144 Kal
656 5092 693 5158 ἡ
726 5089 981 5159 ἁμαρτία
1000 5106 1118 5158 μου
1148 5088 1404 5142 ἐνώπιόν
1427 5090 1545 5157 μού
1577 5090 1709 5143 ἐστι
1737 5088 1855 5142 δια-

285 5185 519 5248 παντός.
566 5184 715 5235 Ἀνω
744 5183 838 5234 καὶ
865 5182 1014 5235 κάτω
1048 5182 1399 5253 περιστρέφει
1443 5182 1541 5252 τῆς
1583 5181 1854 5253 ἁμαρτίας

284 5269 373 5339 τὴν
401 5275 620 5344 μνήμην
652 5273 753 5342 τῆς
777 5273 870 5324 ἐπὶ
909 5275 976 5343 τῇ
1019 5271 1232 5343 μοιχείᾳ
1278 5272 1589 5343 γινομένης,
1619 5271 1694 5335 ὼς
1746 5272 1847 5326 οὐκ

288 5358 449 5431 ἐώσης
502 5363 662 5416 αὐτὸν
721 5359 847 5414 οὔτε
903 5360 1307 5433 ἀναχωρούσης,
1367 5360 1503 5415 ἀλλὰ
1562 5361 1847 5426 διαπαντὸς

290 5450 534 5506 συνοῦσαν
565 5453 718 5524 αὐτῷ
760 5452 857 5507 καὶ
888 5453 1174 5522 ἄγχουσαν.
1260 5528 1269 5532 _

1954 4555 2008 4601 et
2065 4541 2459 4605 ablutionibus,
2519 4549 2581 4593 ut
2622 4538 2733 4607 jam
2778 4533 3087 4606 liquefactas
3131 4540 3186 4588 et
3234 4532 3522 4588 exsiccata:

1954 4639 2145 4694 sordes
2174 4635 2390 4706 penitus
2420 4628 2799 4687 abradantur.l

1953 4760 1961 4769 -
2022 4731 2080 4791 4,
2111 4730 2164 4784 5.
2201 4726 2444 4795 Amplius
2467 4723 2586 4777 lava
2617 4739 2696 4776 me
2725 4722 2789 4775 ab
2824 4721 3103 4791 iniquitate
3129 4734 3264 4783 mea,
3295 4726 3523 4788 patratae

1953 4823 2138 4886 caedis,
2167 4821 2262 4873 ait.
2315 4817 2386 4871 Et
2412 4834 2444 4870 a
2469 4824 2681 4886 peccato
2716 4829 2831 4866 meo
2859 4812 3058 4866 munda
3094 4827 3174 4865 me
3198 4851 3213 4877 ,
3267 4810 3522 4865 adulterii

1951 4912 2222 4967 videlicet.
2261 4907 2525 4975 Quoniam
2554 4904 2890 4973 iniquitatem
2920 4916 3091 4957 meam
3119 4916 3210 4971 ego
3243 4915 3519 4970 cognosco.

1952 5002 2008 5057 ld
2047 5015 2266 5070 quoque
2317 4999 2383 5053 de
2434 4997 2579 5051 caede
2631 4994 3059 5063 intelligendum.
3129 4993 3196 5047 Et
3250 5002 3519 5062 peccatum

1952 5106 2125 5150 meum
2155 5098 2338 5143 contra
2371 5103 2450 5140 me
2479 5097 2552 5140 est
2583 5100 2801 5154 semper.
2842 5083 3057 5140 Peccati
3086 5081 3401 5137 memoriam
3437 5078 3524 5132 ul-

1952 5195 2038 5240 tro
2066 5184 2317 5254 citroque
2340 5186 2562 5244 versat,
2594 5174 2846 5231 adulterii
2878 5175 3148 5239 videlicet,
3182 5181 3371 5241 utpote
3399 5185 3536 5240 quae.

1952 5278 2195 5332 nondum
2233 5271 2567 5332 deseruisset
2596 5285 2720 5325 eum
2746 5310 2763 5337 ,
2800 5284 2977 5340 neque
3006 5264 3390 5327 abscessisset;
3427 5262 3523 5317 sed

1954 5385 2169 5440 semper
2189 5369 2409 5425 adesset
2435 5378 2601 5440 atque
2633 5362 2687 5416 in
2728 5375 2985 5429 angorem
3009 5356 3177 5414 animi
3202 5354 3520 5425 conjiceret.

353 5688 458 5760 (ίὸ)
491 5692 647 5751 Hisce
682 5690 937 5766 quaedam
976 5688 1163 5761 adjicit
1204 5689 1338 5747 Dan.
1374 5689 1684 5765 Barbarus.
1738 5709 1860 5756 qua
1899 5703 2028 5753 sunt
2056 5692 2329 5751 Hesvcbii.
