3976 6220
458 244 564 301 239

1297 242 1355 299 S.
1394 241 1759 297 ATHANASII
1796 240 1946 295 OPP.
1983 238 2163 295 PARS
2201 238 2286 292 ιιι.
2323 268 2393 281 --
2440 240 2849 297 EXEGETICA.

3575 244 3681 298 240

528 361 792 435 [Amplius
816 361 937 415 lava
964 376 1043 413 me
1063 362 1127 412 ab
1157 360 1434 428 iniquitate
1474 376 1617 424 mea,
1668 368 1713 411 et
1738 375 1771 410 a
1799 369 2010 427 peccato

2184 352 2363 425 [Ἐπὶ
2424 355 2635 408 πλεῖον
2684 355 2920 409 πλῦνάν
2978 372 3054 425 με
3111 356 3229 411 ἀπὸ
3276 356 3385 425 τῆς
3432 358 3681 428 ἀνομίας

457 469 568 508 meo
593 454 789 506 munda
819 468 918 506 me.
947 449 1234 506 Peccatum
1274 451 1405 505 dicit
1434 450 1780 505 adulterium.
1827 446 2015 503 Scien-

456 547 585 602 dum
617 555 794 601 autem
824 552 928 608 est,
954 553 1231 611 peccatum
1259 559 1380 598 esse
1412 558 1441 597 a
1466 544 1608 598 bono
1634 542 1879 611 lapsum;
1913 540 2016 595 ini-

458 636 719 707 quitatem
750 649 879 688 vero
900 632 1419 703 praevaricationem
1447 631 1500 684 in
1530 631 1766 685 divinam
1798 630 1967 699 legem
1996 647 2010 683 :

460 731 573 784 hate
596 735 723 783 sunt
744 728 1027 781 amborum
1056 724 1341 795 principia.
1384 725 1444 777 in
1473 726 1574 778 hoc
1604 732 1783 777 autem
1812 737 2012 777 conve-

458 821 635 884 niunt,
665 819 808 888 quod
841 817 1048 872 scilicet
1080 825 1329 886 peccator
1372 815 1441 869 ab
1484 829 1549 869 eo
1582 814 1676 885 qui
1713 814 2010 868 secundum

455 918 704 963 naturam
737 916 791 962 et
813 907 867 961 in
895 916 1091 961 natura
1116 915 1199 962 est
1228 922 1392 974 sc0po
1414 906 1747 961 aberraverit
1772 923 1786 959 :
1811 906 2011 959 huma-

456 1016 539 1056 nae
583 999 783 1070 quippe
817 1010 1026 1055 naturae
1065 998 1153 1054 hic
1182 1014 1379 1068 scopus
1415 999 1625 1067 positus
1656 1006 1767 1064 est,
1823 1007 1883 1053 ut
1926 1011 2012 1051 se—

454 1092 689 1148 cundum
724 1093 989 1147 rationem
1022 1091 1200 1156 vivat,
1249 1092 1471 1145 semotis
1498 1099 1550 1145 et
1591 1090 1780 1159 procul
1821 1088 2010 1158 positis

451 1183 520 1239 iis
546 1199 667 1253 qua:
713 1183 911 1239 rationi
955 1184 1332 1239 adversantur.
1389 1181 1649 1237 Similiter
1689 1181 1781 1251 qui
1823 1181 2010 1251 inique

452 1276 562 1347 agit
587 1277 972 1347 praevaricatur
1018 1284 1207 1332 contra
1244 1275 1414 1345 legem
1469 1274 1523 1329 in
1564 1282 1754 1329 natura
1800 1273 2005 1337 datam,

452 1366 873 1435 intemperanter
906 1382 965 1422 se
987 1382 1199 1436 gerens.
1252 1365 1294 1419 E
1329 1381 1386 1420 re
1426 1365 1588 1437 igitur
1635 1364 1913 1435 apostolus
1954 1373 2008 1418 et

450 1458 748 1527 discipulus
768 1458 967 1513 Christi
994 1457 1229 1514 Joannes
1254 1466 1544 1528 utrumque
1567 1458 1620 1511 in
1648 1471 1758 1512 uno
1784 1456 2007 1525 copula-

446 1550 524 1603 vit
549 1550 629 1605 sic
658 1550 888 1619 loquens
910 1551 989 1604 “z
1018 1549 1200 1605 Omnis
1229 1550 1320 1620 qui
1349 1549 1479 1619 facit
1509 1557 1797 1618 peccatum.
1837 1556 1885 1601 et
1908 1547 2007 1600 ini-

446 1642 698 1711 quitatem
721 1642 887 1710 facit;
946 1657 1009 1698 ac
1031 1642 1075 1696 si
1104 1642 1335 1708 diceret,
1376 1640 1663 1695 Peccatum
1715 1646 2000 1694 consenta-

2113 466 2254 516 μου,
2289 447 2526 502 acalde
2558 446 2666 515 τῆς
2696 447 2980 515 ἁμαρτίας
3035 466 3152 515 μου
3206 447 3533 516 καθάρισόν
3580 468 3679 520 με,

2129 539 2423 610 Ἀμαρτίαν
2452 538 2507 590 δὲ
2537 537 2634 609 τὴν
2661 538 2923 608 μοιχείαν.
2974 537 3187 601 Ἰστέον,
3217 538 3291 601 ὼς
3314 540 3558 610 ἁμαρτία
3583 542 3682 610 μὲν

2115 632 2148 700 ή
2194 629 2285 683 τοῦ
2314 628 2517 698 ἀγαθοῦ
2564 628 2879 690 ἀπόπτωσίς
2934 630 3102 680 ἐστιν·
3153 629 3349 697 ἀνομία
3400 629 3457 682 δὲ
3489 633 3521 700 ἡ
3552 633 3683 703 περὶ

2112 720 2202 772 τὸν
2223 720 2361 772 θεῖον
2389 719 2547 788 νόμον
2586 718 2949 789 πλημμέλεια·
2983 718 3077 771 καὶ
3105 717 3277 773 ταῦτα
3329 720 3539 791 ἔχουσιν
3576 723 3680 793 ἀρ-

2114 811 2212 881 χὴν
2233 810 2490 881 ἑκάτερον
2512 809 2733 862 τούτων.
2769 809 3141 879 Συμφέρονται
3185 810 3239 863 δὲ
3265 810 3357 863 καὶ
3383 812 3521 866 κατά
3553 831 3682 866 ταυ-

2111 904 2219 956 τόν·
2250 904 2339 955 ὅτε
2384 903 2491 973 γάρ
2523 902 2848 972 ἁμαρτάνων
2895 900 2986 953 τοῦ
3029 900 3167 955 κατά
3198 902 3358 971 φύσιν
3390 904 3483 956 καὶ
3515 907 3570 957 ἐν
3610 908 3678 977 τῇ

2114 992 2268 1062 φύσει
2304 991 2537 1061 ἀπέτυχε
2563 988 2784 1043 σκοποῦ¹
2811 992 2875 1060 τῇ
2898 989 3006 1060 γὰρ
3033 991 3344 1063 ἀνθρωπεία
3369 992 3526 1060 φύσει
3556 1010 3682 1046 σκο-

2112 1082 2211 1145 πὸς
2264 1083 2322 1135 τὸ
2377 1080 2517 1135 κατά
2564 1081 2655 1133 τὸν
2685 1079 2841 1148 λόγον
2892 1080 2989 1150 ζῇν
3050 1082 3148 1152 τῆς
3206 1082 3425 1151 ἀλογίας
3491 1084 3682 1155 πόρρω

2110 1171 2486 1242 ἀπῳκισμένη.
2552 1170 2819 1233 Ὡσαύτως
2876 1172 2968 1223 καὶ
3028 1172 3058 1224 ὁ
3117 1172 3330 1241 ἀνομῶν
3372 1172 3683 1245 πλημμελεῖ

2110 1263 2236 1333 περὶ
2261 1263 2351 1315 τὸν
2385 1265 2441 1315 ὲν
2473 1264 2539 1332 τῇ
2570 1261 2728 1329 φύσει
2754 1261 3034 1332 δεδομένον
3070 1263 3251 1333 νόμον,
3306 1264 3680 1334 διαγενόμενος

2108 1353 2379 1424 ἀκρατῶς.
2411 1352 2603 1415 Καλῶς
2630 1349 2723 1406 οὖν
2781 1354 2874 1406 καὶ
2924 1353 3227 1416 ἀπόστολος
3293 1355 3542 1427 Ἰωάννης
3586 1357 3680 1409 καὶ

2112 1430 2356 1513 μαθῆτὴς
2380 1443 2469 1495 τοῦ
2498 1443 2731 1514 Χριστοῦ
2759 1445 2837 1505 είς
2855 1443 3050 1495 ταυτὸν
3086 1444 3369 1516 ἀμφότερα
3391 1446 3680 1518 περιέστη-

2110 1549 2197 1585 σεν
2248 1532 2436 1586 εἰπών·
2465 1532 2587 1598 Πᾶς
2625 1537 2657 1587 ὀ
2709 1533 2894 1586 ποιῶν
2940 1533 3055 1601 τὴν
3090 1534 3379 1602 ἁμαρτίαν
3426 1536 3522 1589 καί
3563 1536 3681 1605 τὴν

2105 1623 2359 1693 ἀνομίαν
2405 1624 2583 1677 ποιεῖ·
2626 1624 2827 1687 ἄλλως·
2866 1626 2929 1678 Ἡ
2956 1625 3196 1695 ἁμαρτία
3246 1627 3575 1698 κατάλληλος
3606 1633 3675 1700 τῇ

446 1697 607 1789 neum
633 1744 715 1790 est
746 1733 1196 1806 iniquitati.Nam
1219 1735 1469 1806 quisquis
1500 1732 1685 1803 inique
1715 1732 1846 1803 agit,
1879 1745 2003 1800 pec-

2105 1714 2321 1784 ἀνομίᾳ.
2356 1714 2470 1778 Πᾶς
2524 1717 2629 1785 γάρ
2675 1716 2704 1767 ὁ
2752 1716 2966 1786 ἁνομῶν
2988 1716 3315 1787 ἁμαρτάνει,
3363 1717 3423 1769 οὐ
3474 1697 3678 1784 παντὸς

444 1834 569 1892 cat;
625 1841 801 1895 neque
833 1834 1011 1881 tamen
1052 1826 1231 1882 omnis
1260 1827 1353 1896 qui
1396 1836 1603 1895 peccat,
1641 1824 1824 1892 inique
1865 1822 1998 1891 agit.

444 1912 627 1970 Potest
664 1923 846 1969 autem
874 1931 938 1970 ex
970 1917 1218 1986 opposito
1247 1917 1372 1983 dici,
1398 1916 1525 1985 quia
1552 1915 1778 1981 scilicet,
1815 1912 1999 1968 Omnis

442 2008 532 2077 qui
569 2008 700 2077 facit
731 2017 1020 2078 peccatum,
1052 2018 1100 2062 et
1126 2010 1457 2079 iniquitatem
1486 2007 1664 2080 [πᾶα]

516 2101 569 2153 6.
602 2098 719 2152 Tibi
739 2099 840 2153 soli
867 2102 1073 2167 peccavi
1098 2110 1146 2154 et
1176 2100 1377 2154 malum
1411 2117 1588 2154 coram
1614 2107 1661 2153 te
1680 2100 1801 2168 feci.
1831 2096 1999 2165 Quasi

423 2179 588 2244 idieat
619 2208 632 2244 :
667 2188 781 2244 Etsi
841 2191 1118 2259 peccando
1160 2192 1402 2245 omnium
1436 2191 1623 2246 oculos
1657 2190 1797 2258 fugi,
1851 2190 1998 2244 solos

441 2291 565 2339 tuos
587 2300 694 2339 non
725 2285 877 2340 latui.
904 2286 1026 2341 ldeo
1054 2287 1186 2342 dicit
1213 2305 1226 2341 :
1261 2286 1326 2339 Et
1366 2286 1564 2341 malum
1591 2302 1770 2339 coram
1799 2293 1850 2339 te
1874 2283 1995 2354 feci.

438 2371 619 2427 Multis
646 2388 676 2427 ε
714 2381 772 2429 te
810 2373 1033 2429 aﬂ‘ectus
1061 2376 1219 2431 bonis
1258 2375 1532 2430 contraria
1578 2374 1823 2444 rependi.
1877 2371 1995 2426 Non

437 2460 509 2516 ita
537 2478 701 2532 porro
726 2463 964 2535 loquitur
990 2467 1136 2535 quod
1166 2466 1365 2536 injuria
1402 2483 1507 2521 non
1532 2465 1776 2522 ail‘ecisse
1810 2463 1994 2519 Uriam

436 2555 742 2622 existimet;
782 2572 907 2610 nam
947 2572 1057 2627 quo
1087 2567 1244 2627 pacto
1285 2556 1455 2612 illud?
1494 2556 1588 2612 sed
1631 2557 1758 2627 quia
1801 2555 1996 2625 iniqui-

436 2659 518 2704 tas
553 2648 790 2702 maxima
818 2648 873 2702 in
908 2648 1083 2717 ipsum
1121 2649 1344 2702 vertitur
1381 2648 1573 2715 Deum,
1613 2648 1707 2718 qui
1754 2662 1889 2701 eum
1926 2662 1993 2702 ex

435 2748 650 2810 pastore
676 2740 731 2793 in
759 2754 938 2808 regem
968 2739 1257 2809 allegerat:
1294 2747 1388 2793 aut
1416 2740 1563 2809 quia,
1596 2755 1718 2793 cum
1747 2738 1993 2793 omnium

435 2830 643 2900 fugeret
667 2828 876 2889 oculos,
903 2826 999 2882 Dei
1025 2837 1375 2898 conspectum
1406 2843 1515 2882 non
1544 2827 1750 2897 effugit,
1778 2828 1869 2882 sed
1898 2841 1994 2896 per

433 2920 752 2991 prophetam
795 2919 1156 2988 reprehensus
1202 2928 1317 2974 est:
1349 2927 1477 2984 aut,
1529 2926 1714 2987 utpote
1750 2932 1846 2972 rex
1889 2916 1991 2987 legi

2104 1808 2508 1878 ἁμαρτάνοντος
2534 1808 2877 1880 ἀνομοῦντος.
2905 1809 3136 1863 Δύναται
3174 1809 3230 1862 δὲ
3264 1810 3355 1863 καὶ
3377 1813 3439 1863 ὲκ
3468 1814 3678 1882 παραλ-

2101 1897 2258 1969 λήλου
2287 1900 2533 1971 εἰρῆσθαι
2567 1898 2653 1953 διὰ
2689 1899 2773 1953 τό·
2814 1898 2938 1966 Πᾶς
2970 1904 3003 1954 ὁ
3022 1900 3208 1953 ποιῶν
3238 1900 3352 1969 τὴν
3384 1902 3680 1971 ἁμαρτίαν

2101 1988 2197 2041 καὶ
2247 1989 2361 2057 τὴν
2389 1990 2647 2060 ἀνομίαν
2666 1988 2863 2062 ποιεῖ]

2170 2079 2270 2132 Σοί
2317 2081 2480 2148 μόνῳ
2534 2079 2822 2148 ἥμαρτον,
2872 2079 3075 2133 καὶτὸ
3126 2079 3392 2149 πονηρόν
3420 2081 3679 2137 ἐνώπιόν

2097 2184 2214 2223 σου
2252 2170 2528 2238 ἐποίησα.
2548 2171 2691 2225 Ἀντὶ
2723 2170 2838 2224 τοῦ·
2873 2171 3010 2234 Τοὺς
3042 2171 3255 2225 πάντων
3285 2173 3676 2245 ἀποκρυψάμε-

2098 2277 2186 2324 νος
2207 2258 2514 2331 όφθαλμοὺς
2540 2261 2596 2313 ὲν
2615 2258 2693 2330 τῷ
2719 2261 3162 2332 παρανομήματι,
3180 2263 3307 2325 τοὺς
3331 2264 3456 2326 σοὺς
3483 2263 3677 2335 μόνους

2092 2350 2157 2401 οὺ
2186 2349 2443 2403 διέλαθον.
2468 2350 2556 2403 Διό
2584 2366 2733 2422 φησι·
2765 2351 2875 2407 Καὶ
2898 2352 2962 2404 τὸ
2998 2350 3263 2420 πονηρὸν
3286 2352 3538 2407 ἐνώπιόν
3555 2371 3677 2408 σου

2094 2440 2372 2509 ἐποίησα.
2421 2440 2638 2495 Πολλῶν
2685 2442 2793 2513 γάρ
2850 2442 3163 2506 ἀπολαύσας
3212 2444 3363 2516 παρά
3416 2445 3530 2512 σοῦ,
3558 2448 3675 2510 τοῖς

2096 2532 2355 2595 ἐναντίοις
2404 2532 2745 2605 ἠμειψάμην.
2793 2533 2901 2587 Καὶ
2951 2534 3010 2587 οὑ
3064 2535 3220 2588 τοῦτο
3261 2535 3425 2604 λέγει,
3470 2536 3544 2600 ὼς
3571 2537 3673 2591 οὐκ

2096 2620 2318 2693 ἠδίκησε
2352 2622 2443 2675 τὸν
2468 2624 2687 2696 Οὐρίαν·
2734 2623 2851 2688 πῶς
2888 2626 3031 2695 γάρ;
3062 2626 3176 2678 ἀλλ’
3209 2626 3289 2679 ὅτι
3354 2627 3387 2697 ἡ
3436 2626 3671 2699 μεγίστη

2095 2712 2407 2784 παρανομία
2433 2716 2513 2778 είς
2544 2715 2702 2768 αὑτὸν
2730 2715 3055 2787 τετόλμηται
3079 2716 3168 2770 τὸν
3194 2715 3323 2770 Θεὸν
3338 2717 3428 2770 τὸν
3450 2718 3676 2783 ἐκλεξά-

2098 2820 2257 2874 μενον
2301 2805 2394 2858 καὶ
2423 2804 2643 2875 βασιλέα
2676 2808 2740 2861 ἐκ
2762 2807 3077 2878 προϐατέως
3101 2809 3454 2880 πεποιηκότα·
3490 2809 3527 2881 ἢ
3545 2809 3676 2863 ἐπεὶ

2094 2900 2219 2961 τοὺς
2261 2898 2478 2952 πάντων
2528 2899 2987 2970 ἀποκρυψάμενος
3041 2898 3370 2969 ὀφθαλμοὺς,
3420 2902 3545 2963 τοὺς
3572 2900 3673 2954 τοῦ

434 2987 715 3067 hominum
767 2987 875 3066 non
924 3011 1268 3081 subjacebat;
1326 3018 1385 3065 ut
1437 3019 1618 3064 autem
1671 3009 1992 3080 religiosus,

2098 2987 2226 3041 Θεοῦ
2255 2990 2353 3042 οὐκ
2381 2988 2585 3053 ἔλαθεν,
2612 2990 2728 3043 ἀλλ’
2758 2989 2998 3061 ἠλέγχθη
3040 2990 3128 3043 διὰ
3160 2990 3253 3043 τοῦ
3293 2992 3594 3062 προφήτου·
3631 2991 3667 3061 ἢ

432 3101 545 3158 Deo
577 3105 678 3159 soli
707 3123 720 3159 :
755 3115 850 3158 aut
875 3105 1130 3174 quoniam
1166 3119 1326 3158 nemo
1353 3102 1710 3174 redarguebat
1732 3147 1748 3172 ,
1778 3104 1871 3159 sed
1897 3120 1990 3159 so-

431 3194 520 3251 lus
551 3196 876 3265 corripiebat
903 3195 1066 3250 Deus.
1117 3194 1264 3263 Tibi,
1294 3195 1639 3265 inquit,.soli
1659 3197 1886 3265 peccavi.
1923 3195 1991 3250 Ut

429 3283 733 3354 iustiﬁceris
755 3286 816 3339 in
849 3278 1173 3339 sermonibus
1197 3286 1321 3338 tuis.
1370 3285 1474 3351 Me,
1508 3286 1705 3355 inquit,
1734 3286 1993 3355 praevari-

431 3388 611 3432 catum
660 3392 756 3446 per
812 3378 1125 3447 prophetam
1174 3377 1488 3448 coarguisti.
1548 3375 1613 3430 Et
1658 3385 1714 3431 tu
1768 3376 1988 3445 quidem

428 3468 608 3539 iustus
630 3484 754 3524 cum
785 3471 897 3536 sis,
934 3479 1221 3540 postquam
1242 3485 1329 3524 me
1374 3470 1441 3524 de
1486 3468 1723 3524 inimicis
1773 3482 1989 3537 seraper

429 3560 695 3625 liberasti,
727 3570 780 3615 et
814 3576 900 3615 me
937 3577 1102 3631 regno
1123 3571 1285 3631 atque
1308 3561 1587 3631 prophetia
1614 3562 1855 3626 ornasti;
1889 3576 1990 3630 ego

430 3660 610 3707 autem
654 3651 917 3723 profanus
957 3663 1004 3707 et
1052 3653 1323 3708 homicida
1355 3669 1499 3708 sum.
1547 3652 1617 3706 Et
1654 3654 1833 3707 uincas
1870 3668 1989 3707 cum

425 3744 706 3813 iudicaris.
748 3744 1049 3801 Declaratio
1076 3745 1191 3800 sive
1220 3744 1493 3821 confessio
1519 3755 1888 3815 peccatorum.

503 3964 554 4019 7.
591 3964 726 4021 Ecce
748 3970 889 4023 enim
911 3969 967 4022 in
987 3970 1362 4040 iniquitatibus
1382 3981 1656 4040 conceptus
1690 3988 1832 4037 sum,
1861 3973 1987 4026 etin

427 4058 654 4125 peccatis
702 4061 935 4128 concepit
976 4076 1056 4114 me
1105 4070 1274 4114 mater
1320 4078 1454 4118 mea.
1520 4064 1788 4130 Quoniam
1837 4065 1989 4135 prior

427 4144 521 4198 Dei
549 4160 748 4217 seopus
778 4157 928 4214 erat,
975 4159 1035 4204 ut
1063 4166 1170 4205 non
1198 4167 1296 4222 per
1338 4153 1741 4209 matrimonium
1781 4163 1835 4209 et
1864 4170 1987 4210 cor-

427 4237 733 4307 ruptionem
767 4254 1156 4295 nasceremur:
1192 4245 1286 4298 sed
1318 4246 1681 4316 transgressio
1718 4246 1980 4313 mandati,

2094 3078 2169 3142 ὡς
2205 3079 2303 3150 μὲν
2335 3079 2584 3150 βασιλεὺς
2611 3080 2760 3152 νόμῳ
2790 3079 3090 3153 ἀνθρώπων
3140 3082 3237 3151 οὑχ
3290 3082 3564 3145 ὑπέκειτο,
3591 3082 3671 3146 ὡς

2093 3169 2149 3222 δὲ
2183 3170 2435 3242 θεοσεϐὴς
2486 3170 2564 3242 τῷ
2597 3170 2715 3243 Θεῷ
2776 3172 2940 3243 μόνῳ·
2993 3173 3026 3242 ἥ
3071 3172 3192 3226 ἐπεὶ
3233 3172 3534 3246 ἀνθρώπων
3568 3174 3672 3244 μὲν

2091 3261 2267 3324 οὐδεὶς
2296 3261 2540 3332 ήλεγχεν,
2558 3261 2685 3325 Θεὸς
2710 3261 2766 3314 δὲ
2796 3261 3141 3334 διωρθώσατο
3167 3263 3344 3333 μόνος.
3364 3265 3487 3327 Σοί,
3507 3266 3664 3336 φησὶ,

2087 3353 2252 3419 μόνῳ
2288 3350 2567 3419 ἥμαρτον.
2603 3352 2792 3416 Ὅπως
2825 3351 2900 3405 ἂν
2926 3351 3245 3421 δικαιωθῇς
3275 3347 3369 3405 ἐν’
3393 3352 3518 3418 τοῖς
3560 3356 3668 3407 ,ζό-

2096 3459 2222 3511 γοις
2253 3456 2386 3496 σου.
2420 3442 2684 3511 Ἥλεγξάς
2719 3459 2804 3514 με,
2838 3443 2991 3515 φησὶ,
3022 3443 3108 3496 διά
3128 3444 3222 3498 τοῦ
3253 3446 3528 3516 προφήτου
3559 3464 3669 3499 πα-

2094 3533 2486 3604 ρανομήσαντα·
2520 3534 2613 3587 καὶ
2652 3534 2715 3589 σὺ
2745 3534 2841 3605 μὲν
2871 3534 3073 3597 δίκαιος
3102 3535 3175 3589 ὢν
3207 3536 3301 3588 καὶ
3326 3535 3432 3589 τῶν
3453 3535 3669 3607 ἐχθρῶν

2092 3623 2318 3675 πάντοτε
2380 3623 2700 3693 ῥυσάμενος,
2754 3624 2847 3676 καὶ
2910 3624 3152 3697 βασιλείᾳ
3213 3627 3305 3680 καὶ
3364 3629 3667 3703 προφητείᾳ

2089 3714 2345 3785 τιμήσας·
2379 3714 2489 3782 ἐγὼ
2511 3714 2564 3766 δὲ
2591 3714 2815 3786 βέϐηλος
2877 3715 2970 3768 καὶ
3015 3716 3316 3786 μιαιφόνος.
3351 3718 3463 3772 Καὶ
3495 3719 3666 3786 νική-

2087 3819 2208 3870 σῃς
2235 3803 2305 3855 ἐν
2340 3802 2419 3869 τῷ
2456 3804 2768 3871 κρίνεσθαί
2804 3818 2897 3857 σε.
2938 3805 3233 3870 Ἀπόδειξις
3257 3807 3373 3878 ἦτοι
3400 3807 3665 3878 ὁμολογία

2088 3896 2197 3949 τῶν
2228 3896 2654 3968 ἁμαρτημάτων.

2173 3988 2317 4042 Ἰδοὺ
2333 3989 2441 4057 γὰρ
2461 3988 2529 4041 ὲν
2551 3987 2822 4056 ἀνομίαις
2838 3987 3251 4057 συνελήφθην,
3270 3991 3365 4043 καί
3391 3990 3459 4042 ἐν
3477 3990 3664 4059 ἀμαρ-

2088 4080 2239 4145 τίαις
2273 4076 2568 4144 ἑκίσσησέ
2612 4094 2688 4147 με
2740 4078 2778 4143 ὴ
2800 4076 3158 4160 μήτφψου.
3225 4079 3437 4149 Ἐπειδὴ
3471 4081 3498 4132 ό
3526 4097 3663 4152 προ·

2086 4167 2386 4237 ηγούμενος
2448 4165 2645 4228 σκοπὸς
2701 4165 2794 4218 τοῦ
2826 4164 2962 4219 Θεοῦ
2995 4164 3062 4238 ἦν
3106 4168 3199 4221 τοῦ
3257 4168 3333 4239 μὴ
3366 4167 3453 4221 διὰ
3476 4168 3663 4239 γάμου

2088 4260 2336 4328 γενέσθαι
2370 4260 2514 4330 ἡμᾶς
2538 4259 2632 4311 καὶ
2677 4258 2900 4329 φθορᾶς·
2928 4262 2961 4331 ή
2996 4259 3051 4312 δὲ
3104 4260 3415 4332 παράΰασις
3442 4261 3547 4330 τῆς
3570 4263 3663 4314 ἐν·

427 4329 643 4398 nuptias
677 4329 886 4385 induxit
906 4332 976 4386 ob
996 4332 1184 4387 Adami
1208 4334 1573 4415 iniquitatem,
1622 4336 1675 4391 id
1700 4344 1806 4402 est,
1836 4337 1981 4406 quod

2098 4351 2243 4419 τολῆς
2261 4351 2349 4404 τὸν
2374 4329 2547 4420 γάιμον
2573 4350 2831 4420 εἰσήγαγε
2853 4329 3029 4405 διὰτὸ
3046 4329 3318 4423 ἀνομήσαι
3342 4353 3434 4407 τὸν
3463 4352 3663 4425 Ἀδὰμ,

424 4420 607 4476 datam
637 4422 740 4478 sibi
775 4438 805 4477 a
841 4422 950 4478 Deo
968 4424 1149 4495 {legem
1193 4412 1581 4495 vilipendisset.
1636 4427 1837 4481 Omnes
1882 4428 1985 4480 ita-

424 4524 532 4579 que
557 4511 724 4581 quiex
747 4512 957 4567 Adamo
986 4516 1257 4583 oriuntur,
1282 4517 1337 4571 in
1376 4517 1755 4587 iniquitatibus
1794 4518 1982 4573 conci-

424 4601 648 4671 piuntur
673 4642 688 4663 .
723 4607 908 4673 proavi
930 4608 1013 4660 sui
1047 4608 1397 4663 damnatione
1428 4608 1673 4678 collapsi.
1720 4610 1856 4663 Illud
1891 4624 1985 4664 au-

423 4703 528 4746 tem
556 4710 569 4747 :
612 4691 676 4746 Et
696 4694 750 4748 in
771 4696 996 4764 peccatis
1017 4700 1246 4767 concepit
1275 4716 1355 4753 me
1383 4711 1550 4754 mater
1580 4717 1692 4754 mea
1712 4740 1727 4766 ,
1773 4701 1983 4771 signiti-

420 4792 510 4838 cat
538 4782 705 4838 Evam
728 4787 971 4842 omnium
990 4798 1246 4844 nostrum
1278 4800 1505 4846 matrem
1527 4833 1542 4856 ,
1582 4806 1680 4846 ceu
1708 4793 1979 4861 voluptate

421 4882 747 4946 turgentem,
786 4879 1113 4948 concepisse
1137 4888 1441 4950 peccatum.
1495 4879 1836 4951 Quapropter
1877 4899 1976 4939 nos

418 4966 474 5021 in
508 4968 699 5023 matris
743 4979 944 5025 nostra:
984 4972 1388 5027 damnationem
1432 4972 1702 5042 delapsos,
1760 4977 1972 5046 concipi

415 5057 651 5113 dicimus
678 5058 733 5113 in
769 5059 1165 5129 iniquitatibus.
1192 5062 1443 5117 Deelarat
1470 5078 1579 5132 quo
1595 5073 1751 5132 pacto
1776 5064 1845 5120 ab
1868 5066 1975 5120 ini-

414 5149 491 5202 tio
530 5159 724 5205 natura
771 5150 1052 5206 hominum
1103 5153 1205 5208 sub
1248 5162 1526 5223 peceatum
1560 5156 1856 5212 conciderit
1902 5172 1973 5213 ex

414 5235 540 5294 Eva:
564 5242 1019 5311 transgressione,
1055 5251 1110 5297 et
1145 5250 1248 5299 sub
1277 5245 1656 5304 maledictione
1685 5258 1837 5307 ortus
1857 5236 1974 5320 ejus

416 5325 596 5387 fuerit.
640 5330 955 5389 Sermonem
987 5344 1165 5390 autem
1193 5338 1357 5394 altius
1385 5340 1613 5410 orditur,
1647 5343 1776 5399 dum
1804 5344 1974 5400 divini

415 5421 657 5476 muneris
682 5425 1106 5495 magnitudinem
1139 5430 1332 5498 quaerit
1355 5433 1655 5489 ostendere.

492 5644 539 5680 "
568 5647 584 5698 Ι
617 5645 775 5702 Joan.
798 5666 880 5714 ut.
912 5658 965 5708 4.

2084 4444 2359 4497 τουτέστιν
2393 4442 2653 4513 ἀθετῆσαι
2678 4444 2768 4496 τὸν
2797 4447 2861 4497 ἐκ
2882 4442 3014 4496 Θεοῦ
3045 4444 3263 4498 δοθέντα
3296 4443 3442 4515 αὑτῷ
3468 4445 3655 4515 νόμον.

2085 4536 2288 4597 Πάντες
2317 4530 2410 4588 οὖν
2434 4536 2481 4587 οἱ
2526 4534 2583 4600 ὲξ
2622 4534 2794 4605 Ἀδὰμ
2820 4535 3096 4605 γενόμενοι
3129 4536 3187 4587 ὲν
3234 4536 3485 4606 ἀνομίαις
3532 4536 3664 4589 συλ-

2084 4625 2443 4696 λαμϐάνονται
2480 4625 2872 4688 ὑποπίπτοντες
2909 4628 2975 4696 τῇ
2999 4624 3092 4678 τοῦ
3121 4627 3461 4698 προπάτορος
3492 4643 3659 4680 κατα-

2081 4716 2223 4787 δίκῃ.
2253 4716 2326 4768 Τὸ
2353 4715 2430 4779 δὲ,
2468 4715 2577 4769 Kal
2599 4717 2670 4768 ἐν
2692 4716 3005 4784 ἁμαρτίαις
3032 4716 3328 4785 ἐκίσο-ησέ
3362 4735 3440 4786 με
3464 4719 3501 4787 ἠ
3533 4718 3659 4788 μή·

2082 4824 2189 4875 τηρ
2233 4824 2373 4876 μου,
2433 4807 2681 4877 σημαίνει
2728 4809 2809 4861 ὅτι
2853 4810 2885 4877 ή
2923 4807 3057 4874 Εὕα,
3116 4809 3379 4863 ἁπάντων
3432 4810 3590 4881 ήμῶν
3618 4813 3659 4883 ἠ

2084 4902 2284 4970 μήτηρ,
2309 4897 2495 4969 πρώτη
2526 4898 2779 4969 ὲκίσσησε
2799 4897 2894 4965 τὴν
2913 4900 3206 4970 ἁμαρτίαν,
3223 4900 3410 4973 ὥσπερ
3432 4901 3658 4973 ὀργῶσα

2077 4990 2174 5055 τὴν
2204 4990 2414 5062 ἡδονήν.
2451 4988 2548 5042 Διά
2587 4989 2740 5043 τοῦτο
2770 4990 2864 5043 καὶ
2894 4993 3073 5062 ἡμεῖς,
3107 4994 3296 5065 τῇιτῆς
3324 4995 3529 5067 μητρὸς
3552 5013 3651 5050 κα-

2077 5082 2431 5144 ταπίπτοντες
2464 5080 2748 5155 καταδίκῃ,
2792 5084 3081 5137 κισσᾶσθαι
3110 5084 3340 5156 λέγομεν
3382 5087 3440 5139 ἐν
3480 5087 3661 5159 ἀμαρ-

2077 5175 2243 5239 τίαις.
2284 5175 2582 5238 Δείκνυσιν,
2642 5174 2717 5237 ὡς
2759 5173 2817 5238 ἐξ
2871 5176 3042 5249 ἀρχῆς
3075 5180 3106 5250 ή
3138 5177 3437 5250 ἀνθρώπων
3492 5179 3659 5249 φύσις

2079 5265 2184 5320 ὑπὸ
2210 5265 2307 5337 τὴν
2338 5265 2609 5335 ἁμαρτίαν
2643 5263 2925 5320 πέπτωκεν
2958 5267 3062 5321 ὑπὸ
3112 5269 3212 5340 τῆς
3241 5271 3299 5323 ὲν
3337 5268 3452 5342 Εὕα
3476 5288 3659 5343 παρα..

2079 5355 2308 5419 δάσεως,
2344 5355 2436 5408 καὶ
2461 5354 2563 5407 ὑπὸ
2596 5353 2840 5424 κατάραν
2868 5358 2900 5427 ἡ
2931 5356 3182 5428 γέννησις
3210 5359 3454 5428 γέγονεν.
3478 5361 3661 5414 ΙἈνω-

2080 5444 2170 5497 θεν
2200 5443 2257 5497 δὲ
2286 5444 2498 5511 ὑφαίνει
2529 5444 2617 5497 τὸν
2645 5443 2823 5512 λόγον,
2856 5446 2916 5499 τὸ
2949 5446 3175 5517 μέγεθος
3230 5449 3331 5519 τῆς
3363 5448 3458 5504 τοῦ
3512 5449 3661 5505 Θεοῦ

2078 5534 2282 5604 δωρεᾶς
2304 5532 2471 5600 δεῖξαι
2505 5532 2838 5604 βουλόμενος.
