3976 6220
264 393 364 449 2ου

1429 393 1787 450 ΕΧΡΟΒΙἸῚΟ
1821 396 1887 451 lN
1926 396 2261 454 PSALMUN
2300 396 2362 453 L.

3410 398 3514 454 242

364 511 500 567 ιδοὺ
534 511 643 581 γὰρ
668 511 953 575 ἀλήθειαν
1001 509 1340 583 ἠγάπησας,
1373 515 1444 566 τὰ
1483 513 1679 580 ἄδηλα
1737 516 1837 569 καὶ

2012 518 2065 573 8.
2100 516 2234 571 Ecce
2256 516 2392 571 enim
2423 518 2694 571 veritatem
2710 515 2973 583 dilexisti,
3006 514 3211 570 incerta
3235 522 3287 569 et
3306 512 3511 569 occulta

270 604 341 657 τὰ
392 604 612 671 κρύφια
651 600 764 669 τῆς
818 603 1037 671 σοφίας
1088 619 1204 656 σου
1261 601 1573 669 ἐδήλωσας
1620 620 1741 673 μοι.
1788 607 1848 660 Ὀ

272 694 392 758 νοῦς
419 690 593 756 οὗτος·
623 693 717 756 Σὺ,
750 694 902 763 φησὶ,
930 692 1126 764 Κύριε,
1162 695 1190 747 ό
1222 693 1446 764 ἀλήθεια
1479 692 1574 759 ὢν,
1593 694 1847 766 ἀληθείας

272 782 518 853 ἀγαπῶν,
556 782 876 854 βουλόμενος
896 785 1042 853 ἡμᾶς
1076 786 1134 837 ὲν
1177 783 1403 855 ἀληθείᾳ
1450 785 1679 854 διάγειν,
1707 787 1847 840 ἀπο-

273 876 553 946 καθαριεῖς
592 876 743 945 ἡμᾶς
783 875 881 944 τῆς
932 875 1161 945 ἀρχαίας
1206 877 1496 949 ἁμαρτίας·
1544 878 1639 931 καὶ⁷
1675 877 1850 942 οὓτως

274 968 662 1039 ἀποκαθαριεῖς
685 969 815 1037 ἡμῖν
874 966 940 1019 δι’
969 966 1221 1020 ὑσσώπου
1248 967 1321 1032 ὡς
1369 969 1460 1021 καὶ
1510 968 1650 1042 ὑπὲρ
1698 969 1849 1040 χιόνα

276 1058 654 1129 λευκανθῆναι.
698 1057 962 1127 Ὑσσώπῳ
986 1058 1042 1111 δὲ
1071 1059 1169 1130 τὴν
1214 1058 1309 1111 τοῦ
1344 1060 1500 1128 ἁγίου
1534 1061 1851 1132 Πνεῦματος

277 1154 552 1223 ὶνέργειαν
584 1152 855 1220 ἀφομοιοῖ,
892 1150 1099 1223 θερμὴν
1125 1149 1289 1206 οὖσαν
1315 1153 1409 1205 καλ⁵
1438 1154 1617 1207 πάντα
1646 1154 1738 1207 τὸν
1792 1156 1850 1207 ὲν

278 1243 398 1312 ἡμῖν
458 1240 629 1311 ῥύπον
681 1241 1127 1311 ἀποσμήχουσαν.
1183 1239 1300 1312 [Ἦ
1358 1243 1734 1315 ἀποκάθαρσις
1784 1243 1851 1296 δι’

275 1331 523 1387 ὑσσώπου
567 1333 877 1402 γενήσεται,
908 1332 1025 1402 ἤτοι
1061 1331 1149 1385 διὰ
1198 1332 1293 1387 τοῦ
1334 1333 1487 1402 ἁγίου
1516 1334 1848 1405 Πνεύματος.

275 1422 564 1484 Ὕσσωπος
596 1420 706 1492 γάρ
731 1421 928 1491 βοτάνη
957 1421 1315 1495 καθαρτική.]
1347 1424 1520 1482 rest.
1554 1425 1630 1478 Τὰ
1657 1424 1851 1491 ἄδηλα

275 1511 367 1565 ml
413 1511 489 1564 τὰ
540 1510 762 1579 κρύφιά
809 1525 925 1564 σου
973 1509 1289 1578 ἐδήλωσας
1317 1529 1419 1580 μοι
1461 1510 1570 1579 τῆς
1607 1513 1848 1580 σοφίας,

274 1602 554 1673 δηλοῦντός
587 1604 755 1666 ἐστιν,
776 1603 852 1666 ὡς
889 1602 1066 1655 πάντα
1124 1602 1272 1672 αὑτῷ
1297 1602 1365 1656 τά
1411 1604 1644 1673 ἐσόμενα
1669 1603 1767 1655 ὅσα
1793 1604 1850 1654 ὲν

280 1698 332 1765 τῇ
362 1694 469 1763 ἰδίᾳ
498 1692 660 1764 σοφίᾳ
688 1692 842 1745 ἔθετο
865 1695 894 1746 ὁ
921 1693 1053 1756 Θεὸς
1081 1693 1168 1747 διά
1218 1692 1310 1746 τοῦ
1345 1693 1499 1762 ἁγίου
1534 1692 1850 1763 Πνεύματος

272 1784 636 1854 ἀπεκάλυψεν.

1949 610 2222 678 sapientia:
2249 617 2353 664 tua:
2385 607 2738 677 manifestasti
2765 608 2915 662 mihi.
2943 604 3068 662 Haec
3090 614 3174 662 est
3199 608 3463 661 sententia
3494 623 3509 660 :

1949 697 2052 761 Tu,
2089 698 2283 768 inquit,
2321 695 2569 764 Domine,
2595 699 2689 768 qui
2727 697 2926 752 veritas
2953 712 3012 752 es
3040 704 3095 750 et
3112 694 3395 751 veritatem
3429 693 3514 749 di-

1946 789 2101 860 ligis,
2133 803 2255 844 cum
2288 787 2421 845 velis
2474 804 2587 844 nos-
2630 790 2683 842 in
2733 787 2959 843 veritate
2999 787 3212 857 degere,
3254 784 3512 856 purgabis

1948 894 2052 933 nos
2078 895 2108 932 a
2138 880 2310 935 veteri
2339 887 2561 949 peccato
2597 896 2610 932 :
2643 886 2808 947 atque
2835 878 2910 931 ita
2943 892 3043 932 nos
3074 877 3511 948 hyssopo-mun-

1946 968 2124 1035 dabis,
2146 978 2207 1024 ut
2255 984 2417 1038 supra
2439 969 2619 1023 nivem
2650 967 2866 1022 candidi
2906 966 3220 1020 elliciamur.
3263 962 3513 1036 Hyssopo

1948 1071 2129 1115 autem
2173 1060 2414 1130 Spiritus
2458 1059 2630 1114 sancti
2700 1057 2993 1111 emcaciam
3039 1064 3341 1125 comparat,
3385 1061 3511 1108 tan-
3572 1100 3593 1127 ο

1949 1166 2113 1221 quam
2146 1152 2407 1227 calidam,
2456 1158 2510 1203 et
2560 1150 2748 1204 sordes
2787 1162 2978 1201 omnes
3020 1147 3077 1199 in
3113 1144 3272 1199 nobis
3320 1157 3511 1211 repuro

1951 1251 2189 1315 gantetn.
2229 1242 2508 1315 [Purgatio
2541 1242 2781 1311 ltyssopo
2801 1238 3140 1301 conﬁcietur,
3175 1234 3385 1291 scilicet
3414 1248 3511 1303 per

1952 1333 2213 1403 Spiritum
2267 1343 2538 1389 sanctum.
2596 1331 2872 1402 Hyssopus
2924 1344 3159 1399 namque
3204 1335 3289 1383 est
3342 1326 3510 1382 herba

1949 1424 2215 1494 purgandi
2247 1423 2299 1477 vi
2335 1420 2608 1493 praedita]
2657 1421 2792 1475 lllttd
2822 1428 3005 1476 autem
3039 1439 3054 1474 :
3087 1418 3304 1473 Incerta
3336 1427 3387 1473 et
3415 1434 3507 1472 oc-

1948 1513 2091 1566 culta
2118 1514 2390 1582 sapientia:
2413 1520 2518 1566 tua:
2533 1513 2889 1581 mauifestasti
2917 1511 3066 1575 mihi,
3099 1509 3392 1565 indicantis
3425 1516 3512 1564 est

1948 1617 2131 1656 omnia
2159 1601 2363 1669 futura,
2400 1615 2739 1670 quaecunque
2768 1599 2911 1655 Deus
2951 1599 3007 1654 in
3042 1599 3259 1669 prapria
3293 1596 3509 1668 sapien-

1949 1693 2026 1747 tia
2064 1692 2329 1763 reposuit,
2359 1692 2459 1762 ipsi
2491 1705 2588 1762 per
2617 1688 2879 1761 Spiritum
2913 1689 3150 1745 revelata
3175 1687 3366 1745 fuisse.

349 1877 639 1943 Ῥαντιεῖς
692 1893 769 1945 με
816 1875 1101 1940 ὑσσώπῳ,
1158 1876 1257 1929 καὶ
1307 1875 1837 1945 καθαρισθήσομαι.

2023 1881 2076 1936 9.
2102 1881 2352 1951 Asperges
2382 1896 2462 1934 me
2488 1881 2733 1951 hyssopo,
2780 1891 2829 1934 et
2855 1878 3169 1934 mundabor.
3212 1880 3506 1954 Postquam

273 1968 471 2031 Εἰπὼν,
503 1971 587 2023 ὃτι
619 1968 866 2031 Δὲδωκας
895 1968 1090 2038 νόμους
1120 1968 1297 2031 θείους
1321 1969 1414 2022 καὶ
1442 1968 1730 2033 διατάξεις,
1759 1968 1848 2021 λέ-

272 2076 353 2131 γει
371 2061 434 2111 τὸ
472 2059 677 2129 μεῖξον,
705 2061 786 2113 ὅτι
820 2059 1151 2133 Καθαρμούς
1177 2077 1329 2123 τινας
1351 2063 1409 2114 ὲν
1440 2061 1518 2131 τῷ
1550 2061 1699 2132 νόμῳ
1719 2063 1846 2132 ὲχα-

273 2151 422 2223 ρίσω,
447 2152 541 2203 καὶ
566 2151 632 2204 δι’
661 2151 912 2205 ὑσσώπου
956 2153 1335 2223 ῥαντίσματος·
1371 2152 1513 2206 κατὰ
1544 2153 1730 2207 τοῦτον
1753 2149 1845 2210 οὖν

270 2241 355 2295 τὸν
389 2241 593 2294 σκοπὸν
631 2242 726 2294 καὶ
755 2244 884 2313 ἡμῖν
913 2243 1007 2296 νῦν
1041 2243 1324 2314 παράσχου
1351 2243 1420 2297 τὰ
1474 2244 1653 2316 ὅμοια,
1681 2248 1709 2299 ὁ
1742 2247 1843 2299 αὐ-

269 2332 353 2395 τὸς
376 2330 453 2384 ὣν
473 2332 625 2395 Θεός.
652 2333 723 2385 ’Ἡ
749 2335 1045 2404 μυστήριον
1066 2335 1206 2388 ἐοικέ
1230 2353 1282 2387 τι
1304 2336 1658 2390 αἰνίττεσθαι.
1694 2338 1845 2392 Ἐπεὶ

269 2422 374 2493 γάρ
400 2424 610 2493 Μωσῆς
670 2424 728 2476 ἐν
760 2424 1019 2495 Αἰγύπτῳ
1070 2425 1130 2478 τὸ
1155 2421 1293 2497 αἷμα
1346 2428 1437 2480 τοῦ
1472 2428 1744 2499 προϐάτου
1776 2428 1843 2483 δι’

147 2553 154 2561 .
269 2513 520 2566 ὑσσώπου
546 2517 667 2578 ταῖς
692 2515 874 2583 φλιαῖς
924 2516 1258 2571 διεκελεύετο
1304 2519 1736 2590 ὲπιρῥαίνεσθαι,
1762 2537 1843 2573 τι·

270 2606 520 2677 μιωτὲρῳ
548 2607 645 2659 καὶ
681 2609 844 2677 ἡμεῖς
873 2609 1258 2681 ὴγοράσθημεν
1305 2612 1518 2682 αἵματι.
1567 2613 1717 2665 Ἐπεὶ
1751 2608 1842 2666 οὖν

268 2696 633 2773 φυλακτήριον
703 2699 879 2751 ἐκεῖνο
940 2701 1156 2767 ἐγένετο
1217 2703 1288 2773 μή
1359 2719 1413 2755 τι
1466 2702 1657 2756 παθεῖν
1717 2704 1844 2768 τοὺς

267 2788 604 2852 ἐνοικοῦντας
633 2791 739 2843 ὑπὸ
771 2791 864 2844 τοῦ
908 2792 1305 2864 ὀλοθρεὺοντος,
1352 2796 1576 2858 εἰκότως
1605 2798 1633 2849 ὁ
1659 2795 1840 2860 Δαυῒδ,

264 2882 360 2953 τὴν
387 2883 486 2935 τοῦ
517 2884 750 2953 αἵματος
774 2884 981 2938 ἐκείνου
1018 2887 1235 2957 μνήμην
1257 2888 1314 2939 ὲν
1342 2887 1633 2958 ἀπορρήτῳ
1661 2886 1843 2940 ποιού-

267 2989 443 3044 μενος,
488 2975 767 3041 Ῥαντιεῖς
823 2993 899 3044 με
924 2976 1208 3040 ὑσσώπῳ,
1260 2978 1413 3048 φησὶ,
1453 2978 1548 3030 καὶ
1591 2978 1657 3031 τά
1691 2978 1845 3048 ἐξῆςδ

266 3067 628 3136 αἰνιττόμενος
659 3066 757 3136 τὴν
779 3065 868 3118 διὰ
886 3064 979 3118 τοῦ
1006 3066 1235 3137 αἵματος
1282 3066 1377 3119 τοῦ
1427 3066 1680 3138 ἀληθινοῦ
1708 3069 1842 3140 Χρι-

267 3156 387 3209 στοῦ
421 3154 598 3227 ἀμνοῦ
627 3156 1001 3255 γενησομένην
1032 3157 1231 3211 ἅπασιν
1291 3157 1682 3230 ἀποκάθαρσιν,
1746 3160 1837 3214 καὶ
1863 3193 1911 3255 C

264 3246 581 3317 γλιχόμενος
598 3239 708 3298 οἷον
734 3244 935 3316 ταύτης
959 3249 1161 3316 τυχεῖν,
1187 3246 1222 3317 ἢ
1251 3247 1384 3317 μόνη
1402 3247 1644 3318 ἀκριϐῶς
1672 3249 1838 3321 petat

263 3336 478 3391 δύναται
504 3336 601 3388 καὶ
633 3334 809 3405 χιόνος
834 3334 1004 3387 θεῖναι
1041 3335 1382 3406 λευκότερον.

341 3428 654 3493 Ἄκουτιεῒς
710 3443 789 3495 με
861 3428 1223 3497 ἀγαλλίασιν
1273 3427 1372 3482 καί
1433 3430 1849 3499 εὐφροσύνην-

276 3520 569 3589 ’Δκουστήν
607 3537 696 3589 μοι
729 3516 999 3588 γενέσθαι,
1028 3519 1181 3589 φησὶ,
1209 3520 1647 3590 παρασκευάσεις
1673 3521 1837 3576 πάλιν

262 3613 344 3665 διά
371 3612 466 3666 τοῦ
497 3612 804 3682 πνεύματος
834 3611 932 3680 τὴν
977 3611 1035 3662 ὲν
1074 3610 1322 3680 ἐσχάτοις
1345 3614 1551 3682 καιροῖς
1575 3611 1837 3684 ἐσομένην

262 3702 574 3769 ἀγαλλίασιν
619 3702 713 3754 καὶ
763 3698 1121 3771 εὐφροσύνην.
1171 3700 1267 3764 Τίς
1318 3699 1375 3753 δὲ
1422 3700 1487 3754 ἂν
1516 3701 1602 3771 εἴη
1629 3702 1833 3774 αὓτηῆ

260 3794 437 3863 ἐκείνη
462 3795 497 3863 ἡ
534 3792 736 3860 γνῶσις
762 3795 795 3863 ἡ
829 3792 958 3861 περὶ
986 3791 1357 3855 ἀναστάσεως,
1406 3792 1473 3863 ἢν
1495 3792 1730 3857 ἐδίδαξεν
1761 3795 1837 3846 εί-

260 3881 374 3936 πὼν
393 3924 408 3948 ,
494 3882 995 3952 Ἀγαλλιάσονται
1072 3880 1253 3935 ὀστέα
1333 3884 1837 3953 τεταπεινωμένα;

260 3975 392 4028 Πὰτε
421 3974 480 4026 δὲ
520 3973 938 4042 ἀγαλλιάσονται
982 3973 1050 4027 τά
1092 3974 1412 4044 σεσημμένα
1437 3973 1592 4044 ἡμῶν
1622 3976 1753 4028 ὀστᾶ
1798 3976 1831 4047 ἢ

258 4064 395 4117 κατά
443 4064 534 4118 τὸν
581 4064 684 4134 τῆς
718 4064 1070 4128 ἀναστάσεως
1101 4065 1316 4136 καιρὸν,
1366 4064 1486 4117 καθ’
1509 4064 1589 4129 ὃν,
1618 4066 1693 4129 ὡς
1717 4065 1835 4119 ἓτε-

266 4150 353 4221 ρός
388 4167 522 4220 φησι
569 4153 875 4223 προφήτης,
937 4154 1014 4207 Τὰ
1058 4150 1210 4208 ὀστᾶ
1256 4152 1426 4223 ἡμῶν
1471 4155 1551 4221 ὠς
1599 4154 1832 4226 βοτάνη

260 4239 581 4304 ἀνατελεῖ;
630 4239 1081 4311 Ἀταλλιάσεται
1113 4242 1296 4297 ὀστέα
1343 4246 1829 4315 τεταπεινωμένα.

272 4328 680 4397 ’Δγαλλιάσεται
707 4332 742 4401 ἡ
787 4331 939 4401 ἰσχὺς
984 4331 1085 4402 τῆς
1106 4331 1283 4404 ψυχῆς
1309 4351 1431 4406 μου,
1459 4335 1542 4388 ὅτι
1571 4335 1837 4407 πρότερον

259 4419 359 4475 ὑπὸ
383 4423 482 4491 τῆς
503 4423 777 4493 ἁμαρτίας
815 4423 1134 4478 ἀσθενοῦσα.

1945 1972 2084 2026 dixit
2116 1989 2129 2026 :
2162 1971 2335 2041 Leges
2362 1970 2560 2025 dedisti
2594 1970 2809 2025 divinas
2842 1978 2898 2025 et
2926 1971 3363 2039 constitutiones,
3396 1974 3508 2042 jam

1945 2062 2092 2132 quod
2125 2061 2305 2131 majus
2341 2067 2425 2115 est
2457 2060 2591 2115 dicit
2621 2077 2637 2114 :
2689 2059 3107 2116 Puriiicationes
3142 2064 3409 2132 quasdam
3454 2064 3507 2116 in

1943 2153 2061 2225 lege
2088 2152 2285 2209 dedisti
2325 2161 2379 2207 et
2424 2152 2798 2223 aspersionem
2842 2154 3083 2225 ltyssopo
3116 2151 3317 2208 factam
3352 2171 3365 2207 :
3414 2168 3515 2209 co-

1943 2245 2066 2300 dem
2099 2243 2266 2314 igitur
2287 2258 2455 2314 scopo
2485 2253 2539 2299 et
2565 2246 2725 2301 nobis
2755 2260 2975 2315 quoque
3008 2246 3208 2301 similia
3233 2243 3505 2312 conferas,

1944 2349 2068 2390 cum
2102 2335 2221 2405 ipse
2262 2333 2407 2389 Deus
2434 2335 2533 2391 sis.
2579 2334 2689 2389 Aut
2718 2335 2933 2389 videtur
2973 2336 3293 2406 mysterium
3329 2336 3509 2405 quod-

1941 2427 2088 2497 piam
2136 2426 2227 2480 bic
2271 2426 2607 2481 adumbrari.
2658 2424 3109 2496 Quandoquidem
3151 2427 3296 2480 enim
3329 2425 3506 2484 Moses

1942 2518 1999 2572 in
2025 2517 2261 2588 Egypto
2301 2519 2619 2588 sanguinem
2648 2519 2768 2574 ovis
2790 2519 3040 2588 postibus
3062 2518 3299 2591 byssopo
3314 2533 3506 2589 asper-

1942 2624 2068 2680 gere
2104 2610 2293 2679 jussus
2328 2618 2446 2664 erat
2468 2610 2513 2641 “
2539 2650 2555 2675 ,
2608 2610 2934 2681 pretiosiore
2984 2625 3087 2665 nos
3122 2610 3386 2683 sanguine
3416 2626 3505 2667 re-

1941 2701 2145 2771 dempti
2184 2717 2400 2756 sumus.
2440 2700 2711 2769 Quoniam
2741 2702 2908 2772 igitur
2936 2703 3163 2774 sanguis
3192 2704 3285 2759 ille
3316 2706 3504 2775 praesi-

1941 2793 2033 2848 dio
2065 2801 2120 2847 et
2149 2793 2329 2848 tutelae
2361 2793 2494 2859 fuit,
2528 2808 2597 2847 ne
2632 2792 2957 2847 laederentur
2985 2794 3055 2847 ab
3082 2794 3505 2851 exterminatore

1940 2883 2034 2955 qui
2085 2883 2138 2937 in
2180 2883 2363 2953 aliqua
2393 2885 2560 2939 domo
2602 2884 2873 2954 degerent,
2910 2884 3111 2939 merito
3138 2883 3330 2951 David,
3377 2900 3503 2941 san-

1942 2972 2125 3045 guinis
2164 2973 2315 3029 illius
2348 2975 2671 3029 memoriam
2714 2975 2925 3029 occulte
2959 2973 3203 3038 faciens,
3248 2977 3502 3044 Asperges

1940 3082 2041 3132 me,
2069 3066 2265 3136 inquit,
2291 3067 2677 3136 hyssopo,etc.,
2709 3066 3044 3122 adumbrans
3070 3066 3501 3136 puriﬁcationem

1942 3157 2090 3212 illam
2128 3159 2385 3214 omnibus
2412 3173 2509 3229 per
2538 3160 2859 3229 sanguinem
2890 3159 2999 3214 veri
3034 3159 3158 3229 agni
3192 3158 3393 3215 Christi
3423 3158 3502 3213 l‘a-

1940 3248 2213 3316 ciendam,
2230 3259 2285 3304 et
2308 3258 2574 3321 exoptans
2600 3250 2751 3306 illam
2777 3265 2899 3321 qua:
2919 3250 3034 3306 sola
3058 3258 3234 3321 potest
3264 3248 3503 3321 perfecte

1939 3354 2174 3410 purgare
2195 3349 2250 3395 et
2276 3343 2401 3396 nive
2424 3342 2794 3397 candidiorem
2828 3342 3064 3399 efﬁcere.

2011 3430 2099 3486 10.
2139 3430 2361 3485 Audiui
2391 3447 2505 3487 meo
2540 3432 2692 3486 dabis
2729 3432 2980 3503 gaudium
3002 3442 3052 3488 et
3080 3430 3342 3489 laetitiam.
3392 3429 3502 3487 Cu-

1937 3522 2120 3589 rabis,
2188 3524 2399 3594 inquit,
2458 3534 2518 3578 ut
2571 3524 2759 3578 auditu
2798 3524 3065 3594 excipiam
3103 3539 3201 3595 per
3246 3524 3499 3594 spiritum

1938 3613 2083 3667 illam
2107 3615 2411 3683 postremis
2431 3616 2767 3685 temporibus
2809 3615 3050 3671 futuram
3083 3618 3497 3672 exsultationem

1935 3714 1989 3760 et
2014 3707 2277 3762 laetitiam.
2326 3704 2459 3774 Quae
2506 3717 2687 3763 autem
2732 3707 2823 3763 illa
2872 3708 3071 3776 fuerit,
3123 3708 3230 3763 nisi
3261 3708 3500 3779 cognitio

1935 3797 2025 3852 illa
2089 3799 2546 3863 resurrectionis,
2603 3814 2766 3869 quam
2823 3801 2974 3855 hisce
3021 3800 3203 3855 verbis
3266 3801 3496 3855 docuit:

1935 3889 2294 3944 Exsultabunt
2336 3907 2458 3945 ossa
2500 3891 2830 3946 humiliata?
2879 3892 3109 3958 Quando
3148 3900 3328 3947 autem
3372 3908 3497 3948 ossa

1935 3989 2122 4036 nostra
2162 3982 2378 4051 putrida
2407 3982 2798 4047 exsultabant,
2842 3982 2949 4037 nisi
2979 3993 3223 4052 tempore
3250 3997 3496 4036 resurre-

1932 4074 2152 4139 ctionis,
2184 4089 2314 4143 quo,
2334 4084 2393 4129 ut
2419 4074 2495 4129 ait
2518 4075 2657 4130 alius
2677 4058 2959 4144 propheta,
2981 4073 3115 4131 Ossa
3138 4082 3318 4128 nostra
3343 4074 3498 4145 quasi

1933 4166 2092 4220 herba
2118 4168 2484 4237 germinabunt
2508 4167 2597 4220 “?
2651 4162 3160 4221 Exsultabunt'ossa
3197 4165 3493 4220 Itumiliata.

1933 4257 2241 4314 Exsultabit
2274 4260 2442 4315 robur
2466 4261 2663 4315 anima:
2686 4274 2849 4324 meae,
2892 4274 3014 4330 qua:
3037 4259 3192 4330 prius
3229 4258 3331 4314 sub
3363 4273 3490 4329 pec-

1933 4357 2055 4405 cato
2085 4349 2300 4404 inﬁrma
2328 4361 2469 4406 erat.

337 4510 742 4581 Ἀπόστρεψον
764 4512 829 4566 τὸ
854 4514 1180 4582 πρόσωπόν
1205 4529 1320 4569 σου
1345 4516 1463 4571 ἀπὸ
1510 4516 1629 4571 τῶν
1646 4518 1827 4588 duap-

2002 4525 2090 4579 Η.
2126 4527 2311 4580 Averte
2337 4526 2524 4595 faciem
2554 4536 2699 4580 tuam
2729 4544 2762 4581 α
2788 4530 3016 4597 peccatis
3050 4531 3201 4585 meis.
3256 4528 3495 4586 Rursum

259 4601 393 4655 τιῶν
415 4619 558 4671 μου.
586 4603 755 4656 Πάλιν
774 4605 866 4657 ἐπὶ
886 4606 983 4676 τὴν
1010 4605 1398 4677 ἐξομολόγησιν
1446 4609 1750 4681 ἀνατρέχει.

326 4693 591 4763 Καρδίαν
620 4695 890 4763 καθαρὰν
925 4697 1138 4750 κτίσον
1172 4697 1241 4750 ἐν
1268 4698 1417 4767 ἐμοὶ,
1453 4703 1486 4753 ὁ
1522 4702 1683 4767 Θεός.
1715 4702 1826 4772 Τὴν

257 4785 652 4841 παλαιωθεῖσάν
697 4806 819 4859 μου,
847 4790 999 4859 φησι,
1052 4790 1230 4862 ψυχὴν
1276 4791 1692 4865 σεσαθρωμένην
1722 4794 1826 4847 ὑπὸ

257 4876 350 4946 τῆς
398 4879 679 4950 ἁμαρτίας
746 4881 1112 4936 ἀνακαίνισον.
1179 4884 1290 4937 Καὶ
1357 4884 1593 4953 πνεῦμα
1652 4886 1825 4951 εῠθὲς

254 4966 597 5035 ἐγκαίνισον
621 4969 692 5022 ὲν
727 4970 849 5036 τοῖς
872 4970 1143 5040 ἑγκάτοις
1164 4990 1303 5041 μου.
1342 4974 1484 5027 Ἀντὶ
1512 4974 1628 5039 τοῦ,
1657 4977 1826 5047 ἑδραῖ-

254 5071 326 5108 ον·
355 5059 540 5129 ὅμοιον
571 5059 707 5113 ὡσεὶ
734 5060 1236 5130 λέγει”Ασφάλισαι
1266 5062 1354 5116 τὸν
1388 5064 1514 5119 νοῦν
1554 5065 1649 5119 τοῦ
1685 5084 1823 5138 μηκ-

256 5146 332 5200 έτι
366 5145 506 5202 εἶναι
540 5148 762 5204 εὔκολον
788 5152 1147 5207 καταπίπτειν
1174 5156 1254 5219 είς
1275 5155 1565 5227 ἁμαρτίαν.

338 5242 448 5296 Καὶ
490 5244 557 5296 τὸ
598 5242 841 5312 Πνεῦμα
892 5242 958 5297 τὸ
1002 5244 1173 5314 ἅγιον
1216 5244 1303 5315 μὴ
1354 5247 1691 5316 ἁντανέλῃς
1718 5249 1820 5303 ἀπ’

254 5331 407 5400 ἐμοῦ.
436 5333 549 5405 (19)
582 5332 813 5405 Εὔχεται
844 5336 1003 5390 πάλιν
1050 5336 1267 5408 πνεῦμα
1314 5339 1394 5401 είς
1441 5339 1601 5392 αὑτὸν
1648 5339 1820 5395 ἐλθεῖν

253 5423 310 5476 τὸ
342 5427 696 5497 προφητικὸν.
724 5428 1126 5493 Καταλελοιπὸς
1177 5428 1287 5501 γὰρ
1321 5425 1388 5501 ἦν
1417 5431 1578 5486 αὐτὸν
1610 5432 1698 5486 διὰ
1720 5434 1821 5504 τὴν

255 5513 540 5587 ἁμαρτίαν.

335 5612 376 5642 ⁶¹
407 5610 583 5666 Exod.
623 5628 724 5681 ιιι,
755 5615 846 5667 2:2.
888 5616 932 5647 ⁶¹
963 5615 1065 5671 lsa.
1094 5634 1236 5686 LXVI,
1264 5620 1350 5674 H.

1931 4616 1998 4670 ad
2022 4616 2421 4673 confessionem
2455 4620 2704 4674 recurrit.

2003 4710 2091 4764 12.
2114 4711 2220 4765 Cor
2249 4714 2503 4766 mundum
2539 4731 2657 4768 crea
2689 4715 2745 4768 in
2775 4731 2893 4782 me,
2930 4715 3094 4770 Deus.
3140 4715 3493 4772 inveteratam

1930 4802 2198 4870 animam,
2250 4804 2456 4874 inquit,
2499 4815 2722 4875 peccato
2764 4809 3037 4878 putridam
3083 4819 3363 4864 renovato.
3427 4809 3496 4863 Et

1929 4897 2169 4964 spiritum
2201 4909 2398 4952 rectum
2424 4900 2615 4954 innova
2646 4902 2703 4954 iu
2729 4901 3010 4958 visceribus
3036 4904 3184 4959 meis.
3241 4902 3356 4959 Hoc
3388 4912 3492 4966 est,

1929 4986 2181 5053 ﬁrmum;
2233 4989 2390 5058 quasi
2444 4991 2639 5044 dicat:
2686 4988 2867 5045 Firma
2908 4999 2963 5047 et
3016 4993 3209 5047 robora
3259 5004 3493 5047 mentem

1928 5093 2126 5141 meam,
2150 5086 2207 5133 ut
2232 5095 2335 5134 non
2366 5082 2596 5136 ulterius
2625 5080 2780 5136 facile
2802 5083 2854 5136 in
2874 5093 3157 5152 peccatum
3191 5085 3422 5139 labatur.

1998 5257 2083 5312 i3.
2119 5257 2190 5312 Et
2219 5257 2477 5327 Spiritum
2510 5270 2756 5315 sanctum
2785 5278 2849 5316 ne
2873 5265 3086 5333 auferas
3116 5281 3149 5317 a
3171 5279 3269 5316 me.
3295 5261 3492 5317 Preca—

1927 5359 2015 5403 tur
2054 5364 2271 5404 rursum
2324 5360 2383 5404 ut
2429 5352 2657 5420 spiritus
2702 5355 3053 5424 propheticus
3089 5355 3144 5407 in
3199 5369 3259 5409 se
3284 5353 3488 5410 veniat.

1926 5443 2104 5499 losum
2139 5445 2282 5499 enim
2308 5456 2530 5517 propter
2554 5460 2834 5517 peccatum
2871 5441 3179 5518 reliquerat.

319 5702 1061 5794 (Etinterpretatiodbujus
1105 5724 1294 5794 versus
1346 5711 1498 5794 deest
1525 5713 1595 5794 _in
1632 5713 1818 5794 codice
1922 5722 2139 5792 phetiaa,
2176 5733 2230 5778 et
2265 5739 2455 5794 rogare
2499 5735 2558 5779 ut
2599 5727 2700 5781 sibi
2726 5726 2917 5781 iterum
2962 5730 3328 5793 concedatur,
3366 5747 3488 5785 cum

254 5769 633 5871 gitlbrosiano'
654 5769 986 5845 videturque
1016 5792 1137 5871 esse
1180 5780 1355 5861 aliena
1387 5800 1399 5835 :
1432 5769 1815 5864 dicitur-enirn

258 5839 503 5897 Davidern
532 5845 589 5899 in
635 5861 851 5915 pteuam
886 5839 1093 5916 peccati
1135 5850 1382 5907 amisisse
1410 5853 1661 5923 spiritum
1686 5839 1814 5925 pro-7»

1924 5862 2141 5932 phetice
2168 5860 2434 5935 scriptum
2467 5880 2607 5920 esse.
