3976 6220
398 366 507 427 343

1244 369 1301 424 S.
1347 368 1719 425 ATHANASII
1756 368 1907 425 OPP.
1948 367 2130 423 PARS
2167 365 2255 421 ιιι.
2296 392 2368 406 --
2402 364 2812 427 EXEGETICA.

3532 360 3639 419 2M

471 488 558 543 M.
588 486 762 541 Redde
792 487 922 541 mihi
947 487 1190 545 laetitiam
1214 488 1469 540 salutaris
1504 489 1602 542 tui.
1630 487 1744 543 Hoc
1764 485 1831 543 ad
1859 488 1959 543 hu-
1987 543 1988 546 η

2142 485 2384 550 Ἀπόδος
2400 502 2501 554 μοι
2528 483 2641 550 τὴν
2667 483 3031 553 ἀγαλλίασιν
3050 477 3153 531 τού
3183 492 3477 545 σωτηριου
3495 493 3634 533 σου.

397 596 621 638 manum
651 595 821 652 genus
848 594 1011 634 omne
1041 579 1296 634 refertur.
1335 578 1597 634 Laetitiam
1619 579 1838 649 quidem
1867 595 1958 634 sa-

396 672 609 738 lutaris,
658 672 949 728 adventum
983 669 1195 726 Domini
1224 680 1417 732 vocat,
1449 670 1605 740 juxta
1636 670 1765 725 illud
1800 685 1830 724 a
1856 668 1961 741 Syc

395 780 591 820 meone
614 764 819 819 dictum
850 762 894 794 ⁸³
922 780 935 816 :
966 760 1107 827 Quia
1135 762 1372 816 viderunt
1403 762 1544 815 oculi
1584 763 1685 815 mei
1726 761 1962 815 salutare

399 868 567 911 tuum.
611 857 782 926 Rogat
832 862 1014 908 autem
1053 863 1113 909 ut
1159 855 1307 910 illius
1357 855 1630 925 particeps
1674 854 1957 910 elliciatur.

398 948 471 1001 Et
520 948 710 1017 spiritu
752 945 1036 1016 principali
1085 946 1341 1014 confirma
1372 962 1473 1000 me.
1531 943 1701 1011 Quem
1752 953 1960 1000 rectum

401 1041 655 1112 superius
687 1042 902 1096 vocavit
930 1040 1177 1110 spiritum
1195 1079 1211 1105 ,
1240 1039 1330 1093 hic
1356 1038 1708 1108 principalem
1732 1047 1908 1095 vocat.

466 1216 556 1272 15.
587 1216 794 1273 Docebo
822 1219 1031 1288 iniquos
1066 1219 1177 1272 vias
1212 1227 1351 1271 tuas.
1398 1217 1687 1288 Postquam
1710 1258 1726 1283 ,
1763 1219 1963 1288 inquit,

395 1324 485 1362 me
523 1325 554 1362 a
608 1318 832 1379 peccato
874 1308 1214 1375 liberaveris,
1275 1309 1460 1364 statim
1510 1311 1643 1364 mihi
1694 1311 1961 1366 concedas

400 1399 662 1469 Spiritum
697 1408 948 1456 sanctum
985 1409 1162 1455 tuum.
1217 1399 1374 1455 Tunc
1415 1408 1597 1456 autem
1631 1401 1960 1472 praevarica-

396 1498 545 1545 tores
577 1490 782 1545 docebo
814 1490 1063 1545 incedere
1084 1491 1202 1545 vias
1233 1499 1372 1546 tuas.

420 1610 425 1613 -
470 1580 555 1634 16.
590 1580 781 1635 Libera
814 1597 893 1636 me
919 1581 984 1636 de
1014 1582 1358 1653 sanguinibus
1382 1623 1397 1647 ,
1429 1582 1570 1637 Deus
1598 1582 1732 1638 Deus
1769 1582 1960 1638 salutis

395 1686 543 1727 meae.
567 1669 808 1727 Rursum
839 1688 940 1743 pro
968 1673 1114 1728 caede
1133 1672 1278 1729 Uria:
1306 1675 1755 1745 supplicationem
1783 1674 1965 1740 affert,

396 1771 459 1817 ut
487 1763 669 1834 aliquo
716 1764 879 1819 modo
926 1780 991 1820 ex
1042 1765 1161 1835 ejus
1209 1766 1507 1835 pollutione
1536 1767 1800 1822 liberetur
1833 1784 1847 1822 :
1879 1768 1961 1821 vel

2067 578 2161 639 Είς
2187 578 2329 630 ἆπαν
2349 575 2409 628 τὸ
2440 574 2545 628 τῶν
2571 572 2872 644 ἀνθρώπων
2888 570 3043 639 γένος
3071 569 3425 640 ἀναφέρεται.
3454 570 3636 637 Ἀγαλ-

2067 669 2241 721 λίασιν
2275 668 2372 738 μὲν
2399 665 2663 735 σωτηρίου
2692 664 2791 734 τὴν
2822 661 3121 732 παρουσίαν
3171 659 3264 713 τοῦ
3298 660 3503 731 Κυρίου
3529 677 3635 732 φη-

2070 760 2141 823 σὶ,
2177 759 2317 812 κατά
2348 758 2409 811 τὸ
2441 758 2727 828 εἰρημένον
2764 754 2869 807 ὑπὸ
2900 753 2992 806 τοῦ
3032 750 3273 823 Συμεώνο
3302 752 3418 803 Ὅτι
3475 748 3638 805 εἶδον

2067 851 2122 901 οἱ
2154 848 2446 917 ὀφθαλμοί
2498 863 2616 915 μου
2659 844 2724 897 τὸ
2780 843 3078 912 σωτήριόν
3129 858 3261 895 σου
3314 840 3531 912 εὕχεται
3582 842 3639 895 δὲ

2067 938 2162 991 καὶ¹
2200 936 2361 998 αὐτὸς
2385 934 2550 990 αὐτοῦ
2587 933 2925 1005 μεταλαϐεῖν.
2966 933 3073 985 Καὶ
3108 933 3395 999 πνεύματι
3428 931 3638 999 ἠγεμο-

2066 1026 2211 1092 νικῷ
2247 1025 2537 1095 στήριξόν
2588 1042 2684 1094 με.
2714 1026 2891 1095 Ὅπερ
2921 1020 3071 1077 εἶπεν
3125 1024 3378 1093 ἀνωτέρω
3420 1021 3639 1092 πνεῦμα

2068 1118 2241 1181 εύθὲς,
2272 1117 2506 1172 ἐνταῦθα
2537 1116 2861 1188 ἡγεμονικὸν
2891 1116 3065 1172 καλεῖ.

2137 1207 2360 1274 Διδάξω
2410 1209 2677 1277 ἀνόμους
2728 1209 2833 1273 τὰς
2885 1207 3064 1272 ὁδούς
3104 1223 3239 1261 σου.
3288 1205 3502 1277 Ἐπειδὴ
3546 1204 3636 1270 ἂν,

2068 1300 2220 1370 φησι,
2251 1298 2553 1371 ρυσάμενός
2588 1315 2655 1369 με
2686 1301 2786 1370 τῆς
2815 1297 3104 1369 ἁμαρτίας,
3149 1293 3303 1361 αὖθις
3344 1296 3541 1367 enisa;
3570 1314 3638 1368 με

2066 1392 2126 1445 τὸ
2161 1392 2251 1444 σὺν
2279 1390 2433 1459 ἅγιον
2460 1390 2706 1462 Πνεῦμα.
2747 1391 2882 1443 Τότε
2907 1390 2971 1462 δὴ
3011 1390 3172 1444 πάλιν
3217 1390 3316 1453 τὰς
3363 1390 3459 1453 σὰς
3486 1390 3640 1453 ὁδοὺς

2070 1481 2300 1552 βαδίζειν
2331 1481 2533 1547 διδάξω
2551 1484 2675 1547 τοὺς
2697 1482 3153 1554 παραΰαίνοντας.

2151 1573 2362 1627 Ῥῦσαί
2406 1590 2484 1643 με
2521 1572 2589 1637 ἐξ
2648 1571 2931 1642 αἱμάτων,
2991 1576 3023 1626 ό
3073 1571 3216 1639 Θεὸς
3255 1575 3289 1626 ό
3336 1570 3480 1637 Θεὸς
3528 1570 3637 1640 τῆς

2068 1667 2365 1735 σωτηρίας
2390 1684 2533 1736 μου.
2565 1666 2733 1721 Πάλιν
2785 1666 3060 1739 ἱκετηρίαν
3109 1666 3251 1738 ὑπὲρ
3279 1665 3373 1719 τοῦ
3410 1665 3505 1718 τοῦ
3538 1667 3640 1719 Οὐ-

2072 1758 2183 1830 ρίου
2232 1758 2393 1827 φόνου
2424 1758 2654 1823 τίθεται,
2692 1760 2837 1822 ὅπως
2883 1757 2951 1812 ἂν
2991 1756 3211 1828 ρυσθείη
3261 1756 3353 1811 τοῦ
3391 1756 3450 1821 ἐξ
3474 1756 3640 1811 αὑτοῦ

395 1854 599 1923 potius,
632 1856 698 1911 de
724 1857 1090 1926 sanguinibus,
1123 1858 1175 1913 id
1200 1866 1283 1914 est
1310 1858 1378 1914 de
1407 1859 1690 1915 sacriﬁciis
1716 1875 1811 1930 per
1838 1875 1964 1914 san-

2081 1849 2330 1920 ataauoii'
2382 1850 2416 1921 ἦ
2465 1850 2683 1921 μᾶλλον,
2716 1850 2785 1915 ἐξ
2818 1850 3098 1920 αἱμάτων,
3154 1849 3264 1903 τῶν
3314 1850 3380 1903 δι’
3413 1851 3642 1921 αἵματος

396 1946 618 2014 guinem
652 1944 849 2012 factis,
892 1956 953 2003 ut
1002 1948 1247 2004 indicant
1282 1965 1404 2018 quae
1442 1951 1495 2004 in
1524 1951 1739 2021 psalmo
1775 1952 1965 2007 subse-

397 2045 639 2105 quuntur
660 2038 740 2093 sic
767 2056 781 2092 :
819 2037 1087 2103 Quoniam
1122 2040 1168 2093 si
1196 2038 1446 2094 voluisses
1473 2041 1795 2110 sacriﬁcium
1821 2082 1838 2108 ,
1870 2040 1966 2095 de-

396 2128 591 2181 dissem
620 2130 826 2198 utique,
857 2138 963 2184 etc.
1013 2128 1083 2182 Et
1112 2130 1398 2185 exsultabit
1437 2130 1619 2203 lingua
1649 2149 1764 2187 mea
1797 2134 1966 2203 justi-

399 2219 527 2272 tiam
554 2229 718 2274 tuam.
764 2218 879 2275 Hoc
909 2219 1268 2292 Symmachus
1305 2222 1385 2276 sic
1417 2222 1805 2293 interpretatus
1839 2234 1921 2280 est
1949 2243 1966 2280 :

397 2310 664 2382 Loquetur
701 2313 888 2384 lingua
928 2330 1047 2369 mea
1086 2315 1507 2369 misericordiam
1548 2326 1735 2370 tuam:
1764 2332 1971 2383 nequa-

397 2417 571 2471 quam
584 2404 727 2458 enim
757 2406 947 2460 tacebo
969 2420 1093 2461 cum
1121 2408 1336 2462 veniam
1363 2408 1467 2463 sim
1493 2418 1843 2476 consecutus,
1873 2409 1969 2464 sed

394 2496 663 2553 laudibus:
682 2506 734 2552 te
763 2513 1064 2570 prosequar
1085 2541 1100 2567 ,
1142 2508 1196 2555 et
1228 2500 1488 2556 beneﬁcia
1520 2509 1614 2555 tua
1634 2515 1969 2556 commemo-

395 2589 550 2646 rabo.
609 2587 922 2660 Siquidem,
977 2592 1087 2657 ait,
1138 2593 1330 2664 legalia
1375 2592 1642 2649 sacriﬁcia
1684 2593 1965 2663 respuisti,

398 2680 661 2748 quoniam
714 2698 821 2738 non
873 2692 1107 2752 possunt
1157 2694 1380 2755 peccata
1413 2686 1688 2741 dimittere
1719 2703 1732 2740 :
1764 2685 1884 2741 ideo
1915 2685 1969 2740 id

400 2772 546 2839 quod
595 2772 780 2843 diligis
812 2774 986 2829 obtuli
1026 2775 1147 2830 tibi.
1190 2776 1305 2834 Hoc
1349 2788 1531 2833 autem
1576 2787 1660 2833 est
1696 2776 1843 2848 quod
1872 2793 1970 2848 per
2024 2838 2046 2849 ,

400 2861 781 2931 paenitentiam
812 2872 868 2919 et
897 2879 994 2921 cor
1019 2867 1316 2922 contritum
1344 2866 1596 2923 oll‘ertur.

466 3036 557 3092 20.
599 3037 827 3112 Benigne
857 3043 976 3114 (ac,
1012 3043 1271 3114 Domine,
1315 3048 1371 3102 in
1406 3048 1543 3104 bona
1576 3051 1844 3107 voluntate
1877 3063 1970 3106 tua

398 3126 552 3184 Fit-ts.
586 3129 717 3187 Sion
747 3133 837 3189 hic
864 3142 1029 3191 vocat
1061 3135 1386 3194 Ecclesiam.
1420 3139 1651 3207 Quando
1679 3144 1824 3199 enim
1850 3144 1967 3200 Deo

399 3217 549 3275 Patri
576 3222 783 3293 placuit
811 3227 993 3282 omnia
1028 3228 1082 3283 in
1114 3229 1253 3285 Filio
1287 3247 1388 3287 suo
1418 3205 1680 3289 renovare
1701 3276 1715 3299 ,
1762 3244 1891 3291 tunc
1911 3245 1967 3291 et
1994 3205 2038 3265 C

399 3310 543 3366 bona
589 3312 845 3372 Ecclesia:
881 3334 994 3373 suae
1046 3321 1319 3389 pollicitus
1362 3333 1465 3379 est.
1520 3324 1592 3380 Et
1636 3326 1967 3397 anliﬁcentur-

402 3407 544 3459 nutri
573 3404 891 3463 Jerusalem.
924 3409 1109 3472 Muros
1134 3410 1436 3469 Jerusalem
1456 3457 1471 3481 ,
1499 3426 1718 3474 sanctos
1743 3418 1847 3484 ait,
1877 3434 1965 3474 sa-

401 3499 952 3565 crorumministros,
989 3503 1083 3572 qui
1123 3504 1377 3559 muniunt
1411 3504 1710 3563 Ecclesiam
1741 3508 1881 3579 ejus.

471 3770 561 3827 2i.
623 3770 768 3827 Tunc
810 3776 1107 3845 acceptabis
1146 3778 1468 3849 sacriﬁcium
1498 3780 1749 3849 iustitiae.
1802 3780 1976 3847 Cum,

399 3862 618 3932 inquit,
662 3863 925 3920 beneficia
967 3864 1120 3921 Sioni
1145 3868 1375 3933 tribues,
1409 3879 1470 3924 et-
1494 3870 1967 3926 aediﬁcatifuerint

397 3952 543 4006 muri
564 3951 886 4019 Jerusalem,
920 3961 1052 4009 tunc
1076 3955 1375 4013 oﬂ’erentur
1399 3959 1696 4025 sacriﬁcia,
1732 3975 1842 4015 non
1867 3974 1966 4030 per

398 4044 741 4113 sanguinem,
762 4047 855 4102 sed
879 4047 1129 4118 justitiae,
1159 4050 1340 4107 laudis
1365 4052 1595 4107 scilicet.
1633 4051 1967 4107 Oblationem

396 4140 449 4188 ct
481 4133 813 4203 holocausta,
856 4138 1086 4209 justitiaa
1115 4142 1337 4197 scilicet
1357 4152 1413 4198 et
1455 4143 1729 4199 incruenti
1758 4145 1968 4201 sacriﬁ-

398 4223 491 4281 cii.
547 4225 691 4281 Tunc
738 4230 1001 4298 imponent
1044 4249 1201 4304 super
1245 4235 1417 4290 altare
1455 4244 1602 4289 tuum
1640 4235 1852 4291 vitulos.
1899 4236 1973 4291 Et

397 4315 549 4385 ipsos
575 4318 816 4390 (vitulos)
832 4321 1082 4390 justitiae,
1114 4334 1175 4380 ut
1206 4327 1318 4381 sint
1347 4327 1531 4382 omnia
1567 4327 1833 4398 iustitiae,
1877 4343 1967 4384 sa-

399 4405 625 4471 criﬁcia,
650 4409 956 4468 oblationes
986 4414 1228 4472 iustitiae.
1250 4417 1574 4474 holocausta
1598 4419 1850 4488 justitiar,
1884 4420 1967 4473 vi-

400 4496 499 4552 tuli
522 4497 768 4567 justitiam

753 4590 854 4645 Hic
876 4592 1065 4648 desinit
1096 4593 1293 4648 Daniel
1317 4594 1602 4653 Barbarus.

401 4780 456 4835 1.
485 4779 556 4835 In
581 4783 761 4851 ﬁnem,
789 4786 1089 4841 intellectus
1112 4787 1307 4843 David.
1344 4788 1478 4845 Cum
1499 4792 1641 4845 venit
1673 4790 1809 4845 Doec
1833 4791 1961 4846 Idu-

470 4889 637 4928 nueus
657 4884 707 4929 et
734 4879 994 4932 nuntiavit
1028 4876 1227 4935 Sauli:
1272 4879 1421 4935 Venit
1456 4881 1623 4937 David
1665 4884 1722 4936 in
1747 4884 1965 4939 domum

471 4967 791 5023 Abimeleoh.
843 4968 941 5024 LI.

984 5146 1384 5216 Argumentum.

400 5234 631 5300 Quando
674 5235 814 5307 fugit
842 5236 1011 5292 David
1038 5252 1070 5290 a
1111 5235 1253 5291 facie
1279 5235 1462 5290 Saulis
1497 5234 1552 5289 in
1585 5235 1809 5293 domum
1829 5239 1965 5294 Abi-

471 5329 701 5396 melech,
730 5344 796 5383 ac
813 5329 882 5384 de
910 5328 1145 5398 panibus
1168 5328 1508 5383 sacerdotum
1534 5330 1788 5395 comedit,
1814 5346 1969 5386 acce-

471 5420 660 5489 pitque
681 5420 852 5476 Goliae
884 5419 1122 5491 gladium
1145 5459 1163 5485 ,
1204 5418 1507 5474 abscedens
1540 5419 1813 5489 quispiam
1852 5436 1965 5475 rem

475 5512 747 5566 nuntiavit
775 5511 1013 5565 Sauli“.
1052 5509 1183 5565 Erat
1208 5519 1389 5564 autem
1413 5509 1462 5565 is
1492 5509 1635 5565 Doec
1664 5510 1839 5583 Syrus
1870 5513 1965 5581 qui

475 5600 522 5633 "
554 5600 685 5659 Luc.
715 5619 775 5670 ιι,
798 5604 888 5658 30.
960 5603 1005 5635 “
1038 5600 1213 5674 lReg.
1247 5618 1363 5666 ιιι,
1407 5602 1554 5657 1-10.

2068 1941 2286 2008 θυσιῶν,
2322 1944 2397 2007 ὡς
2417 1942 2486 1996 τὰ
2518 1944 2831 2014 ὲπαγόμενα
2876 1942 2968 1996 τοῦ
3023 1941 3235 2014 ψαλμοῦ
3283 1942 3643 1996 διαδείκνυσιν

2067 2031 2342 2096 εἰπόντος’
2403 2033 2556 2097 Ὅτι,
2628 2034 2682 2086 εὶ
2740 2032 3047 2101 ’ἠθέλησας
3125 2032 3382 2097 θυσίαν,
3450 2031 3641 2086 ἔδωκα

2068 2121 2143 2178 ἂν
2167 2126 2300 2194 (ΞΟ),
2360 2125 2455 2178 καὶ
2510 2124 2580 2177 τά
2623 2123 2768 2196 ἑξῆς.
2839 2123 3285 2193 Ἀταλλιάσεται
3331 2125 3368 2191 ἡ
3393 2122 3642 2193 γλῶσσά

2065 2234 2182 2284 μου
2233 2214 2349 2283 τὴν
2404 2215 2798 2280 δικαιοσύνην
2854 2230 2994 2270 σου.
3049 2213 3219 2268 Τοῦτο
3274 2218 3303 2268 ὁ
3348 2214 3642 2286 Σύμμαχος

2070 2307 2239 2369 οὕτως
2262 2306 2597 2377 ἡρμήνευσε*
2634 2305 2997 2373 Διαλαλήσει
3045 2307 3083 2374 ἡ
3112 2304 3362 2376 γλῶσσά
3385 2322 3503 2375 μου
3526 2304 3642 2375 τὴν

2068 2400 2489 2469 ἐλεημοσύνην
2532 2414 2667 2453 σου·
2721 2399 2781 2450 ού
2832 2399 2940 2471 γὰρ
2998 2399 3208 2468 σιγήσω
3265 2398 3365 2468 τῆς
3393 2396 3642 2467 ἀφέσεως

2069 2492 2400 2560 ἀπολαύσας,
2447 2491 2561 2545 ἀλλ’
2616 2492 2798 2563 ὑμνῶν
2856 2508 2914 2544 σε
2946 2491 3235 2545 διατελέσω
3266 2491 3360 2544 καὶ
3400 2490 3499 2553 τὰς
3543 2488 3642 2551 σὰς

2068 2581 2420 2653 διηγούμενος
2466 2581 2713 2653 χάριτας.
2762 2580 2980 2653 Ἐπειδὴ
3031 2580 3131 2644 τὰς
3190 2582 3249 2633 ὲν
3282 2580 3448 2650 νόμῳ,
3484 2579 3642 2650 φησὶ,

2071 2676 2369 2747 παρῃτήσω
2396 2674 2606 2740 θυσίας,
2623 2676 2683 2728 ού
2711 2676 2818 2746 γάρ
2832 2674 3082 2728 δύνανται
3108 2675 3319 2743 ἀφιέναι
3346 2674 3643 2746 ἁμαρτίας·

2068 2769 2258 2820 τούτου
2298 2767 2456 2839 χάριν
2485 2770 2551 2841 ἢν
2580 2769 2875 2839 ἠγάπησάς
2931 2785 3012 2821 σοι
3072 2769 3437 2839 προσήνεγκα.
3488 2758 3644 2838 Δῦτη

2069 2861 2126 2914 δέ
2178 2862 2324 2915 ἐστιν
2376 2863 2409 2932 ή
2458 2860 2553 2914 διὰ
2603 2860 2891 2931 μετανοίας
2923 2862 3018 2914 καὶ
3067 2860 3290 2928 καρδίας
3319 2877 3645 2932 συντετριμο

2076 2950 2260 3021 μένης.

2155 3043 2500 3113 Ἀγάουνον,
2529 3048 2725 3115 Κύριε,
2781 3047 2850 3100 ἐν
2887 3043 2959 3113 τῇ
2986 3045 3229 3113 εὐδοκία
3258 3059 3373 3098 σου
3404 3043 3520 3112 τὴν
3544 3047 3613 3098 Σι
3637 3077 3645 3085 -

2070 3138 2173 3192 ών.
2214 3137 2350 3192 Σιὼν
2372 3139 2607 3193 ἐνταῦθα
2628 3140 2726 3209 τὴν
2764 3137 3086 3207 Ἐκκλησίαν
3123 3136 3304 3207 φησίν.
3336 3136 3503 3189 Ὅταν
3536 3136 3647 3208 γὰρ

2069 3229 2368 3301 ηὐδόκησεν
2399 3232 2428 3285 ὁ
2489 3230 2623 3294 Θεὸς
2680 3230 2774 3284 καὶ
2828 3229 3017 3300 Πατὴρ
3066 3228 3541 3296 ἀνακεφαλαιῶσαι
3574 3227 3646 3281 τὰ

2071 3321 2249 3374 πάντα
2285 3323 2342 3374 ὲν
2368 3319 2446 3391 τῷ
2475 3320 2591 3391 Υίῷ
2625 3319 2812 3383 αὐτοῦ,
2837 3320 2959 3373 τότε
2983 3320 3077 3372 καὶ
3106 3319 3204 3382 τὰς
3240 3318 3447 3386 ἀγαθὰς
3479 3316 3649 3371 αὑτοῦ

2070 3413 2136 3481 τῇ
2180 3410 2478 3482 Ἐκκλησία
2502 3410 2664 3464 αὑτοῦ
2701 3411 2931 3463 δέδωκεν
2978 3410 3327 3478 ἐπαγγελίας.
3357 3409 3466 3464 Καὶ
3491 3411 3645 3463 οἱκο-

2071 3501 2381 3571 δομηθήτω
2404 3504 2477 3556 τὰ
2525 3504 2692 3573 τείχη
2732 3502 3134 3570 Ἰερουσαλήμ.
3174 3502 3338 3573 Τείχη
3383 3502 3646 3572 Ἰερουσα-

2070 3593 2183 3664 λὴμ
2213 3596 2339 3658 τοὺς
2392 3594 2579 3663 ἁγίους
2610 3595 2774 3666 φησὶν
2819 3594 3133 3666 ἱερουργοὺς
3171 3594 3297 3657 τοὺς
3346 3593 3647 3665 περιφράτιο

2071 3701 2261 3749 τοντας
2287 3687 2386 3757 τὴν
2423 3686 2745 3758 Ἐκκλησίαν
2775 3684 2960 3740 αὑτοῦ.

2147 3778 2286 3831 Τότε
2327 3776 2679 3845 εὐδοκήσεις
2711 3777 2932 3831 θυσίαν
2990 3776 3398 3843 δικαιοσύνης.
3453 3776 3647 3841 Ὅταν,

2073 3870 2256 3940 φησιν,
2294 3869 2584 3938 ἀγαθυνεῖς
2611 3871 2719 3941 τὴν·
2752 3870 2889 3924 Σιὼν
2917 3871 3011 3924 καὶ
3044 3870 3369 3941 οἱκοδομηθῇ
3395 3868 3461 3922 τὰ
3487 3869 3643 3940 τείχη

2085 3961 2456 4033 Ἰερουσαλὴμ,
2483 3962 2602 4015 τότε
2652 3962 2717 4033 δὴ
2745 3962 2865 4015 τότε
2914 3963 3008 4016 καὶ
3065 3961 3512 4033 ἀνενεχθήσονται
3545 3961 3646 4015 θυ-

2073 4052 2206 4114 σίαι,
2241 4053 2338 4122 οὐχ
2366 4053 2422 4106 αἱ
2472 4052 2539 4104 δι’
2568 4052 2835 4123 αίμάτων,
2870 4052 2987 4106 ἀλλ’
3023 4053 3081 4106 αί
3134 4054 3234 4123 τῆς
3276 4051 3643 4117 δικαιοσύνης,

2072 4144 2128 4195 αἱ
2150 4141 2249 4213 τῆς
2267 4142 2524 4205 αἰνέσεως
2545 4142 2803 4212 δηλονότι.
2839 4142 3174 4211 Ἀναφορὰν
3191 4140 3288 4195 καὶ
3312 4138 3645 4195 ὁλοκαυτώ-

2066 4252 2244 4306 ματα,
2276 4236 2370 4291 καὶ
2402 4234 2541 4288 αύτά
2565 4236 2634 4288 τὰ
2673 4235 3135 4312 τῆςδικαιοσύνης
3161 4235 3254 4287 καὶ
3277 4233 3345 4287 τά
3370 4234 3468 4303 τῆς
3493 4235 3647 4287 ἀναι-

2076 4324 2283 4394 μάκτου
2313 4324 2504 4388 θυσίας
2541 4325 2708 4395 δηλοῖ.
2744 4328 2880 4380 Τότε
2930 4326 3291 4380 ἀνοίσουσιν
3318 4325 3415 4377 ἐπὶ
3445 4323 3510 4376 τό
3536 4328 3645 4378 θυ-

2072 4413 2427 4482 σιαστήριόν
2444 4431 2559 4468 σου
2577 4417 2869 4485 μόσχους.
2903 4417 3012 4470 Καὶ
3036 4418 3233 4479 αὐτοὺς
3270 4414 3640 4483 δικαιοσύνης,

2073 4505 2212 4559 ὥστε
2242 4502 2394 4559 εἶναι
2427 4508 2604 4560 πάντα
2657 4508 2998 4579 δικαιοσύνης
3020 4550 3035 4573 ,
3084 4507 3306 4570 θυσίας,
3364 4505 3644 4579 ἀναφορὰς

2068 4598 2440 4669 δικαιοσύνης,
2499 4599 2922 4670 ὁλοκαυτώματα
2978 4599 3342 4671 δικαιοσύνης,
3402 4598 3643 4671 μόσχους

2067 4689 2428 4761 δικαιοσύνης.

2068 4787 2172 4850 Εἰς
2202 4784 2267 4838 τὸ
2294 4786 2491 4849 τέλος,
2521 4785 2826 4854 συνέσεως
2857 4786 2936 4852 τῷ
2997 4786 3197 4851 Δαυῒὸ,
3233 4786 3307 4839 ἐν
3325 4784 3405 4850 τῷ
3438 4783 3645 4845 ἐλθεῖν

2138 4878 2305 4944 Δωὴκ
2338 4876 2445 4930 τόν
2487 4877 2818 4947 Ἰδουμαῗον
2846 4879 2941 4932 καὶ
2967 4877 3310 4947 ἀναγγεῖλαι
3340 4874 3418 4940 τῷ
3443 4876 3645 4930 Σαοὺλ

2139 4967 2237 5021 καὶ
2274 4968 2464 5022 εἰπεῖν
2513 4967 2694 5034 αὐτῷ’
2757 4965 2936 5024 Ἦλθε
2977 4968 3156 5022 Δαυῒδ
3198 4970 3284 5032 εἰς
3330 4966 3438 5019 τὸν
3473 4962 3649 5020 οἷκον

2156 5060 2478 5131 Ἀϐιμέλεχ.
2507 5063 2630 5115 NA'.

2716 5153 2729 5171 '
2740 5153 3043 5218 Υπόθεσις.

2085 5240 2272 5294 Ἦνίκα
2297 5241 2463 5311 ἔφυγε
2490 5241 2661 5295 Δαυῒδ
2682 5241 2791 5294 ἀπὸ
2818 5241 3108 5313 προσώπου
3135 5239 3326 5303 Σαοὺλ,
3361 5241 3457 5292 καὶ
3514 5255 3646 5292 κατ-

2145 5330 2282 5402 ήχθη
2342 5331 2555 5400 φεύγων
2604 5328 2749 5386 οἷκον
2822 5332 3127 5402 Ἀϐιμέλεχ,
3189 5331 3297 5383 τῶν
3346 5346 3405 5381 τε
3463 5329 3653 5399 ἄρτων

2143 5423 2251 5475 τῶν
2283 5424 2469 5495 ἱερέων
2504 5425 2786 5492 ἐγεύσατο,
2812 5425 2913 5495 τήν
2943 5441 3001 5477 τε
3031 5423 3298 5495 ῥομφαίαν
3316 5421 3412 5475 τοῦ
3449 5418 3658 5473 Γολιάθ

2143 5516 2407 5570 δέδεκται·
2470 5518 2719 5571 ἀπελθών
2772 5536 2856 5581 τις
2926 5516 3258 5586 ἀπαγγέλλει
3333 5515 3509 5570 ταῦτα
3567 5513 3661 5585 τῷι

476 5691 588 5771 (20)
628 5694 765 5750 Cod.
791 5694 1044 5751 Ambros.
1086 5694 1276 5761 habet,
1324 5694 1389 5747 Ai
1422 5695 1480 5747 ὲν
1512 5698 1661 5766 νόμῳ
1717 5694 1897 5749 θυσίαι
1933 5696 1988 5748 ού

2081 5694 2280 5750 ἱνανται
2344 5698 2560 5766 ἀφιέναι
2595 5700 2883 5771 ἁμαρτίας.
2934 5698 3067 5766 Quae
3116 5699 3393 5755 sententia
3418 5696 3646 5755 inferius

404 5762 683 5827 repetitur.
