3976 6220
310 356 417 414 245

387 564 758 637 ἐξεπολέμωσε
782 567 879 638 τὴν
894 568 1067 641 ψυχὴν
1092 569 1185 624 τοῦ
1198 571 1390 635 Σαοὺλ,
1404 571 1479 635 ὡς
1495 572 1888 627 ἀποστείλαντα

388 657 567 709 πᾶσαν
616 657 713 728 τὴν
765 658 933 713 πόλιν-
958 660 1066 713 τῶν
1109 660 1299 729 ἱερέων
1344 660 1574 724 ἀνελεῖν,
1614 662 1707 716 καὶ
1754 662 1890 733 μηδὲ

391 751 616 816 κτήνους
639 747 821 802 αὐτῶν
838 748 1149 817 φείσασθαι.
1208 749 1392 804 Ταῦτα
1440 746 1533 804 οὖν
1579 749 1831 820 ἀκηκοὼς
1862 751 1892 803 ὀ

391 836 547 890 Δαυῖδ
603 837 675 891 τὰ
725 840 1058 911 προκείμενα
1106 841 1275 910 λέγει,
1327 843 1409 905 είς
1468 841 1756 912 πρόσωπον
1795 840 1889 894 τοῦ

394 929 1032 1001 Σύφυιάποτεινόμενος.
1061 934 1215 1003 Ἔχει
1237 933 1294 987 δὲ
1328 934 1423 986 καὶ
1477 933 1755 1006 ἀναφοράν
1797 933 1892 986 καὶ

395 1021 472 1082 είς
513 1020 574 1073 τὸ
624 1021 719 1075 τοῦ
781 1023 1045 1077 Ἰουδαίων
1115 1024 1245 1077 λαοῦ
1315 1025 1605 1103 πρόσωπον
1662 1024 1755 1078 καὶ
1796 1022 1891 1077 τοῦ

408 1112 593 1166 Ἰούδα.
623 1114 874 1185 Περιέχει
906 1115 963 1169 δὲ
1012 1116 1104 1168 καὶ
1147 1116 1366 1184 ἀγαθῶν
1397 1115 1726 1185 ἐπαγγελίαν
1785 1116 1893 1168 τῶν

399 1205 688 1275 ἐσομένων,
726 1207 818 1259 καὶ
858 1208 955 1279 τὴν
988 1208 1045 1260 ἐν
1095 1206 1175 1277 τῷ
1197 1208 1331 1279 οῐκῳ
1358 1207 1453 1261 τοῦ
1506 1207 1641 1260 0εοῦ
1686 1207 1893 1279 ἵδρυσιν

394 1294 497 1347 τῶν
523 1295 693 1364 ἁγίων
714 1297 902 1363 αὑτοῦ,
937 1299 1022 1353 διὰ
1059 1299 1153 1353 τοῦ
1193 1299 1393 1368 λέγειν’
1438 1300 1577 1367 Ἐγὼ
1632 1298 1701 1352 δὲ
1751 1300 1905 1353 ὡσεί.

393 1388 562 1441 ἐλαία
605 1390 983 1459 κατάκαρπος
1007 1393 1077 1446 ἐν
1110 1390 1191 1458 τῷ
1226 1394 1369 1457 olivo)
1421 1393 1530 1447 τοῦ
1584 1393 1753 1449 Θεοῦ.
1805 1393 1896 1446 Διὸ

394 1475 457 1546 δὴ
494 1477 590 1530 καὶ
619 1479 928 1546 συνέσεως
955 1482 1046 1534 καὶ
1074 1484 1161 1547 εὶς
1184 1481 1250 1535 τὸ
1280 1480 1453 1548 τέλος
1483 1482 1844 1553 ἐπιγράφεται
1867 1483 1896 1535 ὁ

396 1567 624 1639 ψαλμός.
671 1571 843 1637 Χρεία
884 1572 993 1643 γὰρ
1025 1573 1227 1642 πολλῆς
1258 1573 1523 1639 συνέσεως
1550 1576 1630 1637 είς
1656 1574 1718 1628 τὸ
1748 1590 1890 1643 γνω-

400 1660 548 1731 ρίσαι
582 1663 680 1733 τῆς
737 1663 1048 1735 οἰκονομίας
1084 1664 1177 1718 τοῦ
1223 1666 1363 1720 κατά
1412 1666 1591 1738 σάρκα
1648 1665 1816 1720 Δαυῖδ
1837 1667 1910 1721 τὸ,

398 1753 715 1822 μυστήριον.

1414 364 1785 424 ΕΧΡΟΞΙΤΙΟ
1824 368 1892 424 ΙΝ
1930 367 2267 425 PSALIIUM
2306 367 2391 423 LI.

384 472 575 527 Σαούλ.
612 475 770 546 Δωὴκ
821 476 877 529 δὲ
912 471 1064 541 οὗτος
1112 479 1140 530 ὁ
1172 478 1341 550 Σύρος
1391 480 1450 543 ὃς
1496 481 1590 533 καὶ
1631 480 1884 536 τοσοῦτον
1913 487 1962 543 Α

3443 364 3577 419 ste-

2054 483 2129 538 ita
2176 484 2418 538 animum
2460 482 2643 538 Saulis
2676 487 3048 552 exasperavit,
3104 479 3578 535 utninterfectunr

2062 574 2275 630 miserit
2311 583 2476 630 totam
2516 574 2860 631 sacerdotum
2908 573 3211 638 civitatem,
3261 586 3329 627 ac
3357 586 3425 626 ne
3465 571 3550 641 jn-

2060 675 2260 722 rnentts
2307 666 2527 736 quidem
2575 664 2962 736 pepercerit“.
3023 662 3151 719 Haec
3212 663 3377 733 igitur
3425 677 3569 717 cum-

2061 757 2307 813 audisset
2352 756 2519 812 David
2548 796 2563 822 ,
2600 757 2789 812 isthaee
2828 757 3081 827 loquitur.
3105 754 3228 826 Syri
3260 768 3551 825 personam

2064 850 2386 919 spectantia.
2437 848 2769 904 Deferuntur
2818 849 2947 904 item
2994 849 3109 904 haec
3150 847 3218 903 ad
3266 862 3552 918 personam

2061 942 2242 1011 populi
2267 940 2603 1007 Iudaeorum,
2631 949 2792 1011 atque
2812 938 2986 995 Judae.
3009 938 3399 1009 Complectitur
3425 937 3554 991 item

2064 1033 2377 1088 futurorum
2407 1032 2677 1088 bonorum
2702 1032 3147 1103 promissionem,
3182 1037 3239 1085 et
3275 1028 3555 1084 assiduam

2065 1134 2380 1180 sanctorum
2433 1124 2527 1180 Dei
2581 1124 3065 1181 commorationem
3116 1123 3170 1177 in
3218 1122 3381 1177 domo
3413 1119 3553 1189 ejus,
3582 1110 3599 1129 '

2022 1260 2026 1264 Α
2065 1216 2515 1286 quandoquidem
2537 1216 2713 1272 dicit:
2735 1215 2847 1287 Ego
2892 1227 3068 1270 autem
3093 1216 3229 1269 sicut
3266 1211 3405 1267 oliva
3442 1211 3554 1281 frn-

2063 1308 2328 1376 ctiferain
2351 1307 2507 1361 domo
2532 1306 2649 1362 Dei.
2677 1305 3040 1374 Quamobrem
3070 1316 3125 1361 et
3162 1303 3475 1363 intellectus.
3503 1306 3561 1354 et

2064 1401 2121 1453 in
2159 1400 2316 1468 ﬁnem
2362 1399 2606 1468 psalmus
2643 1396 2998 1466 inscribitur.
3038 1394 3204 1450 Multa
3240 1394 3386 1449 enim
3418 1405 3583 1461 opus.

2065 1489 2445 1559 intelligentia,
2487 1497 2551 1544 ut
2579 1488 2698 1559 ejus
2718 1489 2821 1558 qui
2859 1487 3158 1544 secundum
3199 1498 3419 1539 carnem
3455 1480 3583 1535 Da-A.

2067 1582 2156 1636 vid
2189 1590 2273 1637 est
2293 1582 2612 1638 (economiae
2643 1580 2974 1653 mysterium.
2991 1584 3372 1649 cognoscatur.

405 1842 465 1894 Τί
521 1841 790 1912 ἐγκαυχᾷ
820 1844 889 1898 ἐν
925 1848 1124 1915 κακίᾳ,
1170 1850 1202 1901 ὀ
1258 1847 1516 1913 δυνατός
1532 1863 1551 1910 ;
1615 1848 1702 1911 Ὠς
1757 1846 1896 1918 πρὸς

2070 1865 2123 1918 5'.
2154 1864 2293 1929 Quid
2307 1870 2318 1893 ν’
2329 1860 2576 1934 gloriaris
2605 1862 2663 1917 in
2680 1860 2920 1922 malitia,
2944 1860 3033 1929 qui
3064 1865 3241 1927 potens
3272 1853 3367 1907 es?
3394 1848 3562 1917 Quasi

332 1935 484 1989 αὐτὸν
521 1936 611 1989 τὸν
642 1936 831 2009 Σύρον,
867 1937 1014 2009 ἢτὺν
1047 1941 1409 2012 ὲνεργήσαντα
1437 1941 1495 1993 ὲν
1545 1938 1695 2010 αὐτῷ
1720 1939 1900 1994 διάϐο-

331 2029 435 2091 λον,
454 2029 728 2082 ἀποτείνει
756 2030 846 2083 τὸν
877 2030 1053 2099 λόγον.

408 2117 565 2172 Ὠσεὶ
646 2120 834 2189 ξυρὸν
902 2122 1277 2191 ἠκονημένον
1336 2124 1627 2191 ἐποίησας
1693 2124 1896 2179 δόλον.

335 2209 502 2262 Τοῦτό
527 2228 683 2279 φησι,
709 2212 797 2265 διά
835 2212 896 2266 τὸ
928 2212 1116 2285 ῶσπερ
1149 2212 1382 2285 ξυρῆσαι
1407 2215 1502 2268 καὶ
1537 2214 1765 2285 ἐκκόψαι
1798 2216 1900 2268 πᾶ-

332 2316 425 2353 σαν
447 2301 558 2355 τῶν
593 2303 783 2374 ἱερέων
816 2302 915 2373 τὴν
953 2304 1127 2361 πόλιν.

410 2391 749 2463 Ἡγάπησας
780 2394 998 2447 κακίαν
1034 2394 1202 2464 ὑπὲρ.
1234 2397 1672 2465 ἀκιοαθωονύνην.Δ
1700 2395 1899 2449 Ἠδίκει

330 2487 435 2555 γὰρ
477 2485 950 2557 καταψευδόμενος
1008 2486 1102 2540 τοῦ
1161 2487 1350 2558 ἱερέως
1403 2488 1498 2541 τιιαὶ⁵
1548 2486 1656 2540 τῶν
1698 2486 1901 2540 λοιπῶν

330 2577 583 2630 ἁπάντων
610 2579 706 2630 σὺν
726 2577 895 2649 αὐτῷ,
930 2578 1024 2632 καὶ
1052 2578 1119 2632 τά
1153 2578 1227 2649 μὴ
1250 2578 1561 2650 πραχθέντα
1592 2579 1713 2632 κατ’
1737 2575 1901 2632 αὑτοῦ

330 2668 517 2738 λέγων·
546 2670 608 2722 τὸ
637 2669 747 2740 γὰρ
775 2672 969 2734 εἰπεῖν,
1002 2671 1078 2734 ὡς
1106 2672 1431 2742 ἐπηρώτησε
1478 2670 1568 2724 τὸν
1591 2670 1721 2723 Θεὸν
1776 2670 1905 2741 περὶ

329 2760 418 2815 τοῦ
448 2761 634 2826 Δαυῖδ,
660 2761 850 2831 ψεῦδος
871 2758 1076 2834 ἦν,ικαὶ
1107 2762 1479 2834 οὐκεάλήθεια.

411 2932 759 3001 Ἠγὰπησας
814 2933 1009 2987 πάντα
1080 2933 1318 3003 ῥήματα
1388 2931 1871 3003 καταποντισμοῦ
1886 2974 1901 3000 ,

332 3024 621 3094 γλῶσσαν
644 3024 874 3079 δολίαν.
914 3027 1099 3080 Πάντα
1130 3026 1238 3097 γὰρ
1272 3025 1408 3098 πρὸς
1447 3025 1761 3098 ἐπιϐουλὴν,
1812 3026 1904 3079 καὶ

332 3113 521 3183 φθόνον
549 3115 644 3168 καὶ
663 3113 888 3169 θάνατον
900 3115 1009 3168 -τοῦ
1039 3116 1229 3187 ἱερέως
1258 3116 1480 3170 καὶτῶν
1511 3117 1710 3171 λοιπῶν
1732 3118 1905 3172 ἀπάνε-

328 3222 435 3258 των
473 3205 582 3258 τῶν
606 3205 701 3258 σὺν
732 3197 900 3276 αὐτῷ’
928 3206 1386 3273 τεθανατωμένων
1435 3207 1775 3279 διεπράξατο·
1824 3208 1904 3262 διὸ

325 3295 559 3364 ῥήματα
584 3296 1074 3364 καταποντισμοῦ
1102 3297 1153 3349 οἱ
1179 3296 1325 3365 λόγοι
1346 3298 1444 3368 τῆς
1464 3296 1558 3351 τοῦ
1589 3298 1748 3370 Δωὴκ
1775 3298 1904 3368 ψευ-

329 3385 573 3454 δολογίας
628 3384 891 3457 εἴρηται.⁴
939 3386 1174 3457 Ἀορόως
1222 3386 1332 3458 γὰρ
1358 3388 1535 3440 πᾶσαν
1589 3388 1690 3458 τὴν
1748 3387 1905 3441 πόλιν

330 3477 435 3531 τῶν
469 3476 659 3547 ἱερέων
683 3476 871 3548 ῶσπερ
901 3478 958 3529 έν
990 3476 1137 3548 βυθῷ
1189 3478 1542 3532 κατεπόντισε
1573 3482 1685 3544 τοῖς
1712 3480 1903 3535 ἑαυτοῦ

334 3569 561 3639 ῥήμασι.
630 3568 855 3637 Δέγοιτο
904 3568 947 3621 δ’
979 3567 1044 3622 ἂν
1075 3567 1247 3623 ταῦτα
1276 3568 1499 3635 δικαίως
1540 3572 1634 3624 καὶ
1676 3572 1768 3624 ἐπὶ
1798 3573 1904 3626 τῶν

334 3660 607 3731 ἀρχόντων
634 3660 743 3714 τῶν
782 3660 1073 3727 Ἰουδαίων,
1108 3662 1202 3715 κα)⁸
1234 3662 1398 3716 αὑτοῦ
1420 3662 1477 3715 δὲ
1508 3662 1602 3717 τοῦ
1644 3662 1832 3717 Ἰούδα.

414 3753 681 3806 Ἐκτίλαι
718 3767 791 3806 σε
820 3754 919 3806 καὶ
955 3754 1437 3823 μεταναστεύσαι
1478 3769 1552 3807 σε
1597 3754 1714 3809 ἀπὸ
1759 3772 1907 3822 σκη-

334 3842 600 3914 νώματός
636 3858 773 3897 σου.
831 3844 1209 3916 Μετετέθησαν
1252 3844 1363 3915 γὰρ
1390 3845 1489 3915 τῆς
1547 3847 1696 3918 ἱερᾶς
1727 3845 1909 3899 αὐτῶν

339 3937 561 4007 σκηνῆς,
604 3935 886 4005 γεγονότες
908 3937 1239 4008 αἰχμάλωτοι
1268 3936 1354 3990 διὰ
1384 3937 1476 3991 τὸν
1509 3938 1650 3991 κατά
1670 3937 1763 3991 τοῦ
1793 3939 1907 3990 Κυ-

339 4026 457 4096 ρίοιί
483 4026 743 4097 σταυρόν.
768 4026 879 4080 Καί
905 4026 971 4079 τό
986 4025 1210 4095 ῥίζωμὰ
1264 4040 1378 4080 σου
1409 4026 1476 4079 ἐκ
1517 4026 1629 4095 γῆς
1661 4024 1905 4086 ζώντων.

339 4117 562 4190 Ὅμοιον
612 4119 706 4185 τὸ,
760 4118 1320 4188 Ἐξαλειφθήτωσαν
1372 4119 1442 4171 ἐκ
1493 4119 1714 4182 ,ϐίϐλου
1771 4115 1907 4177 ζῶν-

338 4224 472 4263 των.

410 4298 538 4371 [Διὰ
575 4300 751 4354 τοῦτο
783 4304 815 4354 ό
842 4300 985 4367 Θεὸς
1032 4301 1273 4355 καθέλοι
1323 4316 1396 4354 σε
1444 4301 1530 4366 εὶς
1581 4297 1771 4366 τέλος.
1805 4299 1910 4353 Λέ-

341 4410 490 4462 γοιτο
518 4393 565 4446 δ’
598 4393 664 4447 ἂν
717 4394 888 4448 ταῦτα
941 4393 1164 4458 δικαίως
1211 4393 1305 4447 καὶ
1357 4394 1449 4445 ἐπὶ
1483 4392 1593 4446 τῶν
1635 4393 1914 4465 ἀρχόντων

1999 1956 2066 2011 ad
2101 1957 2281 2026 ipsum
2316 1954 2513 2026 Syrum
2534 1994 2551 2023 ,
2594 1962 2691 2010 aut
2728 1952 2797 2008 ad
2828 1950 3106 2006 diabolum
3135 1961 3260 2003 eum
3301 1942 3567 2011 instigan-

2000 2058 2128 2115 tem,
2158 2062 2463 2103 sermonem
2492 2046 2756 2102 collimat.

2070 2140 2124 2193 4.
2156 2138 2306 2195 Sicut
2351 2139 2610 2194 novacula
2651 2146 2809 2191 acuta
2841 2135 3012 2205 fecisti
3066 2131 3267 2185 dolum.
3321 2124 3438 2179 Hoc
3465 2125 3591 2185 ait,-

1999 2232 2147 2302 quod
2196 2239 2364 2287 totam
2399 2229 2746 2287 sacerdotum
2778 2226 3049 2283 civitatem
3085 2221 3240 2293 quasi
3276 2214 3563 2278 abraserit,

1999 2331 2055 2379 et
2082 2322 2453 2378 internecione
2484 2320 2794 2377 deleverit..

2071 2416 2123 2474 5.
2158 2416 2403 2471 Dilexisti
2440 2415 2702 2468 malitiam
2736 2426 2893 2481 super
2920 2409 3312 2478 benignitatem.
3360 2400 3566 2471 lnjuste

2002 2523 2238 2577 namque
2269 2507 2464 2577 agebat
2490 2520 2614 2560 cum
2649 2502 2986 2560 sacerdotem
3020 2507 3076 2555 et
3101 2497 3343 2566 reliquos
3375 2507 3567 2549 omnes

2002 2615 2110 2654 una
2139 2599 2594 2661 calumniaretur,
2638 2611 2704 2651 ac
2736 2608 2858 2664 quae
2887 2600 3173 2663 gesla'non
3199 2586 3431 2642 fuissent
3472 2582 3569 2637 ad-

2003 2707 2194 2747 versus
2222 2706 2348 2746 eum
2380 2689 2617 2745 deferret
2642 2706 2655 2742 :
2693 2686 2841 2758 quod
2869 2686 3016 2740 enim
3043 2684 3248 2738 diceret
3274 2694 3395 2735 eum
3422 2676 3571 2747 (Abi-

2004 2782 2332 2853 melechum)
2377 2780 2547 2837 Deum
2580 2780 2724 2835 circa
2757 2777 3018 2833 Davidem
3058 2775 3461 2843 interrogasse,
3514 2767 3570 2822 id

2004 2873 2378 2940 mendacium,
2412 2887 2524 2927 non
2547 2871 2750 2925 veritas
2779 2879 2917 2925 erat.
2973 2900 2978 2906 α

2073 2965 2128 3021 6.
2152 2965 2402 3020 Dilexisti
2424 2965 2604 3017 omnia
2631 2962 2784 3016 verba
2813 2961 3246 3032 praecipitationis
3274 2998 3290 3022 ,
3337 2957 3572 3027 linguam

2006 3059 2267 3115 dolosam.
2300 3054 2497 3112 Omnia
2531 3056 2678 3111 enim
2699 3055 2809 3127 egit
2838 3054 2905 3108 ad
2940 3053 3168 3108 insidias
3187 3092 3205 3118 ,
3232 3049 3488 3105 invidiam
3519 3056 3575 3101 et

1931 3161 1977 3222 ο
2006 3159 2235 3207 mortem
2259 3148 2560 3206 sacerdotis
2590 3147 3035 3217 reliquorumque
3058 3142 3303 3199 omnium
3332 3139 3575 3211 quicum

2008 3258 2076 3300 eo
2104 3243 2232 3299 caesi
2263 3240 2449 3307 fuere;
2489 3254 2662 3310 quare
2712 3237 2869 3293 verba
2903 3235 3338 3308 ρτωοίρίιαιίοηὶε
3376 3232 3573 3288 dicun-

2008 3343 2120 3400 tur,
2152 3332 2437 3389 mendacia
2469 3331 2635 3388 Doec.
2673 3330 2992 3386 Confertim
3017 3329 3163 3384 enim
3195 3335 3360 3382 totam
3391 3338 3576 3379 sacer-

2009 3425 2512 3482 dotum-civitatem
2558 3424 2674 3480 suis
2699 3422 2882 3479 verbis
2933 3421 3091 3493 quasi
3140 3419 3197 3475 in
3247 3414 3576 3489 profundum

2009 3517 2391 3588 praecipitavit.
2431 3513 2559 3571 Haec
2592 3523 2774 3570 autem
2813 3514 2939 3584 jure
2983 3527 3202 3584 quoque
3232 3511 3484 3567 dicantur
3510 3510 3578 3563 de

2010 3609 2357 3680 principibus
2388 3606 2702 3663 Iudaeorum
2739 3615 2795 3662 et
2819 3605 2888 3661 de
2910 3605 3029 3675 ipso
3063 3602 3226 3662 Juda.

2085 3776 2137 3831 7.
2175 3774 2380 3830 Evellat
2432 3783 2481 3828 te
2516 3782 2567 3827 et
2596 3771 2883 3841 transferat
2920 3778 2968 3823 te
2996 3768 3061 3822 de
3095 3765 3433 3820 tabernaculo
3467 3771 3576 3819 tuo.

2014 3868 2292 3926 Translati
2342 3867 2545 3938 quippe
2582 3874 2712 3921 sunt
2758 3863 2827 3918 de
2875 3876 3034 3918 sacro
3072 3856 3424 3914 tabernaculo
3446 3871 3577 3916 suo,

2016 3960 2219 4031 captivi
2249 3967 2471 4029 propter
2491 3956 2697 4012 Christi
2731 3968 2950 4009 crucem
2982 3950 3180 4006 effecti.
3235 3946 3304 4000 Et
3347 3947 3581 3998 radicem

2015 4065 2161 4107 tuam
2187 4051 2252 4105 de
2282 4059 2425 4104 terra
2456 4049 2759 4103 uiuentium.
2791 4043 2981 4100 Simile
3004 4040 3137 4096 illud
3168 4035 3582 4095 :Deleantunde
3607 4062 3617 4071 -ν

2016 4140 2151 4196 libro
2180 4140 2463 4195 uiuentium
2478 4139 2548 4196 “.

2094 4296 2409 4370 [PrOpterea
2444 4295 2581 4349 Deus
2602 4293 2837 4347 destruet
2866 4298 2914 4345 te
2941 4289 2996 4343 in
3028 4288 3202 4368 ﬁnem.
3274 4282 3398 4338 Haec
3437 4288 3583 4339 recte
3628 4307 3635 4317 -

2019 4386 2276 4442 dicantur
2298 4385 2365 4441 de
2386 4383 2735 4455 principibus
2752 4379 3066 4437 Iudaeorum
3099 4385 3154 4432 et
3172 4377 3241 4432 de
3273 4375 3393 4445 ipso
3419 4370 3581 4436 luda.
3626 4425 3631 4429 _

354 4484 620 4537 Ἰουδαίων
646 4485 741 4538 καὶ
784 4485 950 4538 αὑτοῦ
978 4483 1073 4539 τοῦ
1116 4484 1307 4548 Ἰούδα,
1334 4484 1421 4538 δια
1472 4484 1533 4537 τδ
1565 4464 1905 4555 ἠγαπηκέναι

2030 4479 2150 4549 quia
2173 4492 2294 4548 quae
2310 4476 2581 4531 damnosa
2608 4484 2765 4529 erant
2791 4471 3098 4527 dilexerunt
3126 4481 3301 4538 usque
3329 4466 3385 4520 in
3404 4464 3582 4534 ﬁnem,

341 4575 408 4628 τὰ
436 4574 675 4647 βλαϐερά
725 4577 812 4640 είς
843 4577 1039 4642 τέλος,
1092 4576 1214 4629 ἀντὶ
1267 4574 1382 4640 τοῦ,
1439 4573 1769 4642 παντελῶς.
1814 4576 1917 4630 Διὰ

342 4665 515 4720 τοῦτο
548 4665 795 4719 καθελεῖ
820 4682 915 4731 σε,
969 4666 1045 4730 ὡς
1099 4669 1159 4720 οὐ
1192 4666 1371 4731 καλῶς
1417 4666 1859 4739 οἱκοδομηθέντα,
1888 4669 1918 4721 ὁ

342 4757 618 4829 καθαιρῶν
667 4759 1068 4829 ὑπερηφάνους,
1094 4761 1189 4813 καὶ
1243 4759 1319 4823 ὡς
1349 4759 1535 4822 κακῶς
1563 4759 1915 4827 φυτευθέντα,

341 4848 567 4903 dictum
599 4864 693 4913 σε,
724 4852 1122 4919 μεταστῆσαι,
1154 4852 1187 4923 ἢ
1214 4848 1531 4920 ὲκριζώσαι,
1566 4852 1659 4904 καὶ
1685 4850 1795 4904 ἀπὸ
1818 4850 1918 4920 τῆς

344 4943 714 5015 κατοικήσεως
765 4960 881 5008 σου,
914 4945 1188 4998 τουτέστιν
1220 4944 1329 4998 ἀπὸ
1379 4943 1475 4997 τοῦ
1510 4945 1913 5014 συγκατοικεῖν,

345 5035 612 5108 ἐκϐάλοι.]

413 5128 705 5196 Ὄψονται
729 5126 967 5189 δίκαιοι,
1008 5126 1107 5181 καὶ
1158 5125 1622 5195 φοϐηθήσονται.
1658 5126 1778 5179 Τῶν
1812 5125 1918 5199 γὰρ

347 5217 552 5271 ἀσεϐῶν
589 5218 1020 5289 ἀναιρουμένων,
1044 5220 1094 5272 οἱ
1122 5217 1318 5271 δίκαιοι
1343 5217 1627 5290 περίφοϐοι
1660 5218 1917 5286 γίνονται.

348 5308 454 5362 Καὶ
485 5311 550 5364 σὺ
581 5311 701 5379 μὲν,
761 5310 917 5378 φησὶ,
961 5308 1135 5363 ταῦτα
1187 5311 1496 5382 ὑπομένεις
1521 5311 1570 5363 οἱ
1596 5311 1652 5365 δὲ
1699 5311 1918 5376 δίκαιοι,

350 5402 619 5455 τουτέστιν
668 5403 718 5455 οἱ
750 5401 843 5455 σοῦ
870 5402 1012 5465 λαοὶ,
1035 5402 1360 5473 θεασάμενοι
1382 5404 1480 5474 τὴν
1503 5405 1601 5474 σὴν
1625 5403 1919 5472 ἀπώλειαν,

352 5494 493 5564 φόϐῳ
516 5493 1040 5564 κατασχεϐήσονται.
1084 5495 1262 5563 ’ἱκανὴ
1293 5495 1400 5565 γὰρ
1430 5496 1462 5564 ἠ
1490 5497 1568 5559 είς
1594 5495 1653 5548 σὲ
1683 5499 1921 5568 τιμωρία

354 5585 631 5648 κάκείνους
664 5585 922 5654 φοϐῆσαι⁸
948 5586 1122 5639 καίτοι
1153 5586 1239 5639 δια
1266 5588 1360 5657 τὴν
1391 5586 1734 5651 είςέκείνους
1769 5591 1929 5643 εὐεο-

426 5760 471 5791 “
500 5761 519 5814 l
548 5763 681 5831 Reg.
714 5777 855 5826 mi,
903 5760 988 5826 l8,
1026 5760 1115 5815 l9.
1204 5760 1249 5791 ⁵⁸
1279 5758 1421 5814 Psal.
1456 5774 1647 5824 vaut,
1685 5758 1772 5813 29.

2018 4585 2085 4626 ac
2131 4570 2178 4623 si
2205 4569 2372 4634 dicat,
2416 4582 2636 4637 semper.
2695 4561 3241 4633 Proptereadestruet
3277 4566 3344 4623 te,
3398 4563 3627 4625 utpote»

2017 4660 2112 4732 qui
2139 4668 2427 4735 nonrecte
2455 4658 2758 4714 aediﬁcatus
2789 4655 2982 4721 fueris,
3017 4654 3112 4722 qui
3141 4650 3409 4720 superbos
3434 4662 3591 4702 ever-

2018 4754 2105 4819 tit,
2134 4762 2300 4824 atque
2322 4760 2382 4807 ut
2410 4750 2656 4820 improbe
2696 4756 2877 4804 satum
2912 4745 3092 4801 evellet
3133 4752 3181 4798 te
3206 4752 3255 4797 et
3286 4738 3583 4811 emigrabit,

2019 4844 2135 4900 sive
2168 4841 2498 4908 eradicabit,
2542 4847 2598 4894 et
2637 4854 2668 4893 a
2701 4837 2981 4893 domicilio
3024 4844 3140 4902 tuo,
3189 4834 3243 4887 id
3273 4839 3375 4896 est,
3408 4845 3477 4885 ne
3502 4844 3589 4883 se-

2020 4954 2146 4995 cum
2177 4938 2410 5004 babites,
2440 4934 2622 5005 ejiciet
2646 4930 2744 5003 te.]

2093 5136 2148 5203 8,
2183 5135 2238 5191 9.
2277 5132 2539 5188 Videbunt
2561 5132 2731 5201 justi,
2756 5138 2806 5187 et
2838 5127 3109 5184 timebunt.
3150 5124 3283 5178 Dum
3307 5120 3589 5177 caeduntur

2022 5228 2169 5284 enim
2196 5227 2385 5296 impii,
2411 5224 2543 5294 justi
2588 5220 2967 5276 reformidant.
3008 5216 3076 5271 Et
3117 5225 3173 5270 tu
3216 5212 3466 5284 quidem,
3502 5209 3591 5266 in-

2012 5321 2163 5392 quit,
2199 5319 2317 5373 baac
2343 5317 2582 5372 toleras:
2610 5314 2746 5385 justi
2784 5324 2989 5375 autem,
3032 5309 3138 5362 hoc
3158 5315 3240 5360 est
3280 5303 3461 5374 pepuli
3487 5302 3589 5367 tui,

2023 5418 2314 5480 conspecta
2360 5418 2452 5462 tua
2499 5405 2774 5476 pernicie,
2817 5400 3109 5458 formidine
3153 5394 3587 5464 complebantur.

2023 5500 2160 5556 Nam
2191 5498 2396 5555 sufﬁcit
2440 5494 2770 5566 supplicium
2812 5493 2879 5547 de
2909 5501 2957 5544 te
2980 5494 3258 5557 sumptum
3295 5494 3354 5540 ut
3380 5484 3454 5539 illi
3490 5497 3589 5539 ex-

2025 5601 2357 5650 terreamur.
2408 5587 2638 5644 Etiamsi
2678 5594 2773 5639 tuo
2814 5598 2939 5651 erga
2973 5580 3095 5634 illos
3129 5579 3392 5634 beneficio
3439 5576 3588 5646 ejusv
