3976 6220
364 362 467 418 247

1211 356 1270 411 S.
1313 355 1685 410 ATHANASII
1725 355 1876 411 OPP.
1919 355 2100 413 PARS
2136 354 2225 413 ill.
2265 384 2334 396 —
2372 355 2785 414 EXEGETICA.

3510 356 3616 413 248

364 476 513 532 modi
547 489 807 544 passurus
841 489 920 527 es.
952 471 1086 525 Ecce
1115 472 1267 525 homo
1301 473 1393 542 qui
1415 489 1515 526 non
1551 474 1726 542 posuit
1759 472 1926 527 Deum
1953 527 1956 535 ,

2056 474 2217 528 εσίαν
2240 473 2465 528 τοιαῦτα
2490 491 2582 527 σου
2608 474 2838 544 πάσχειν
2870 474 3175 544 μέλλοντος.
3222 470 3367 526 Ἰδοὺ
3392 470 3614 543 ἄνθρω-

364 566 664 635 adjutorem
691 581 865 627 suum,
898 564 988 616 sed
1014 564 1234 633 speravit
1264 564 1320 616 in
1353 564 1695 618 multitudine
1726 564 1936 618 diuitia-

364 677 483 713 rum
514 673 754 713 suarum.
786 656 972 711 Maluit
997 658 1139 710 enim
1174 657 1419 725 proditor
1440 672 1634 711 aurum
1665 658 1932 727 accipere,

362 767 526 820 quam
579 751 883 820 adjutorem
919 748 1119 803 habere
1161 746 1369 803 Jesum.
1421 747 1490 801 Et
1545 749 1827 819 praevaluit
1876 751 1934 802 in

362 847 598 899 uanitate
619 859 756 907 sua;
786 842 944 913 quasi
972 841 1118 895 dicat
1146 858 1162 896 :
1202 840 1270 896 Et
1297 857 1499 896 vanum
1531 858 1625 897 cor
1649 857 1808 897 suum
1833 843 1936 895 im-

2038 581 2152 633 πος
2188 567 2257 634 ὃς
2286 570 2398 622 οὐκ
2416 567 2582 622 ἔθετο
2639 567 2747 620 τὸν
2775 565 2924 620 Θεὸν
2949 566 3182 635 βοηθὸν
3220 566 3428 633 αὑτοῦ,
3472 567 3614 622 ἀλλ’

2036 658 2377 727 ἐπήλπισεν
2411 658 2511 711 ἐπὶ
2559 655 2640 722 τῷ
2670 656 2884 721 πλήθει
2935 656 3043 710 τοῦ
3095 656 3358 709 πλούτου
3403 656 3612 711 αὐτοῦ.

2051 748 2330 819 Ἠγάπησε
2362 749 2471 819 γὰρ
2493 747 2713 820 χρυσίον
2749 747 2945 819 μᾶλλον
2982 749 3010 800 ὁ
3044 746 3309 819 προδότης
3341 746 3547 811 λαϐεῖν,
3577 747 3611 818 ἢ

2039 842 2232 914 βοηθὸν
2260 842 2403 913 ἔχειν
2431 843 2523 896 τὸν
2564 839 2792 912 Ἰησοῦν.
2819 839 2929 894 Καὶ
2960 838 3375 907 ἐνεδυναμώθη
3409 839 3508 892 ἐπὶ
3538 838 3616 909 τῇ

364 936 511 1005 plere
556 933 762 1004 potuit,
822 948 999 1003 neque
1027 933 1348 1003 pcenitentia
1381 934 1578 989 ductus
1619 935 1783 989 linem
1807 934 1939 989 fecit

2056 935 2377 1002 ιαταιότητι
2418 933 2624 987 αὑτοῦ.
2673 932 2819 984 Ἀντὶ
2855 930 2972 984 τοῦο
3022 931 3131 984 Καὶ¹
3163 930 3412 1001 ἐνίσχυσε
3474 930 3614 1000 πλη-

364 1027 679 1098 impietatis.

438 1199 566 1273 [Sed
603 1202 831 1272 speravit
869 1201 927 1254 in
971 1197 1311 1252 multitudine
1343 1199 1655 1252 divitiarum
1690 1214 1932 1255 suarum.

365 1291 597 1348 Pulchre
620 1293 837 1348 divitias
854 1300 906 1346 et
923 1300 1269 1362 potestatem,
1296 1290 1592 1347 vanitatem
1610 1291 1840 1357 vocavit,
1857 1306 1938 1347 se-

364 1388 601 1442 cundum
651 1401 837 1440 veram
880 1386 955 1440 rei
998 1392 1296 1440 naturam:
1336 1399 1515 1454 neque
1560 1385 1707 1440 enim
1758 1383 1935 1440 Doeco

363 1476 718 1548 profuerunt,
762 1492 936 1546 neque
965 1475 1238 1546 Assyriis,
1289 1475 1510 1545 quando
1547 1475 1710 1532 unius
1751 1474 1929 1543 angeli

365 1568 598 1623 adventu
627 1567 932 1638 interempti
960 1575 1110 1634 sunt,
1146 1582 1208 1621 ac
1236 1566 1493 1637 insepulti
1517 1566 1858 1639 jacuerunt.]

444 1748 531 1803 10.
564 1747 678 1819 Ego
707 1757 884 1802 autem
910 1751 1047 1803 sicut
1078 1747 1217 1800 oliva
1251 1744 1552 1815 fructifera.
1580 1744 1764 1800 Floret
1786 1759 1935 1799 nam-

363 1858 472 1912 que
501 1815 715 1912 semper
751 1856 942 1897 eorum
973 1840 1146 1910 gloria
1168 1839 1263 1909 qui
1290 1838 1521 1893 credunt
1545 1837 1600 1891 in
1628 1837 1926 1893 Christum.
1962 1815 2007 1875 Β

367 1934 623 2009 [Fructus
682 1948 859 1989 autem
907 1933 1138 2004 Spiritus
1188 1942 1286 1997 est,
1341 1934 1597 1998 charitus,
1645 1932 1933 2003 gaudium,

363 2045 471 2099 pax
495 2030 559 2095 ",
589 2037 693 2083 etc.
731 2027 886 2083 Hunc
913 2029 1096 2097 itaque
1127 2027 1363 2081 fructum
1393 2040 1516 2081 cum
1543 2026 1594 2080 in
1621 2026 1801 2095 seipso
1836 2025 1937 2079 ha-

364 2121 516 2175 beret
538 2130 758 2175 sanctus
779 2119 868 2174 ille
895 2119 1000 2185 vir,
1033 2119 1243 2173 aiebat:
1278 2117 1392 2189 Ego
1422 2128 1595 2172 autem
1630 2120 1764 2173 sicut
1798 2117 1939 2172 oliva

366 2211 685 2283 fructifera;
751 2211 907 2265 olivae
955 2221 1135 2265 autem
1188 2209 1486 2266 fructifera:
1527 2226 1587 2266 se
1634 2219 1941 2280 comparat,

364 2304 494 2374 quia
532 2317 657 2357 cum
704 2301 1086 2357 misericordia
1128 2303 1182 2354 in
1226 2302 1345 2371 ipso
1373 2301 1641 2357 consistat
1678 2310 1731 2356 et
1761 2300 1939 2356 domi-

363 2405 544 2460 netur,
576 2410 641 2448 ex
667 2393 1023 2463 consequenti
1054 2392 1329 2447 haerebant
1358 2403 1412 2448 et
1441 2392 1661 2462 reliquae
1685 2391 1935 2449 virtutes.

300 2514 301 2517 η
362 2483 567 2541 Eodem
613 2501 840 2555 prorsus
876 2485 1042 2541 modo
1081 2494 1137 2540 et
1180 2484 1377 2540 Jobum
1401 2484 1644 2548 virilem,
1682 2491 1737 2539 et
1778 2482 1937 2538 Jose-

361 2573 532 2642 phum
565 2582 954 2643 temperantem
975 2613 991 2637 ,
1034 2583 1369 2644 cmterosque
1392 2618 1407 2641 ,
1439 2590 1502 2629 es
1528 2574 1730 2628 virtute
1759 2574 1814 2627 in
1852 2575 1940 2643 ip-

363 2665 441 2720 sis
481 2666 758 2720 obtinente
797 2681 863 2720 ac
902 2666 1218 2722 dominante
1259 2665 1758 2737 nuncupaverunt.]
1818 2664 1942 2736 Spe-

365 2759 484 2810 ruvi
507 2759 563 2811 in
587 2758 955 2812 misericordia
986 2756 1084 2812 Dei
1107 2760 1164 2811 in
1189 2770 1459 2812 aeternum.
1501 2757 1937 2813 Misericordiam

365 2845 461 2900 Dei
503 2847 701 2901 divinae
745 2845 1045 2916 Scriptura:
1075 2846 1369 2901 Dominum
1407 2856 1644 2912 vocant,
1687 2847 1817 2915 quia
1844 2862 1940 2915 per

364 2955 491 2995 eum
534 2939 689 2994 nobis
715 2939 1093 2993 misericordia
1116 2954 1376 2993 concessa
1408 2947 1511 2994 est.
1554 2937 1753 2991 Omnia
1791 2938 1941 2992 enim

367 3031 424 3085 in
456 3031 637 3100 seipso
668 3031 995 3086 instauravit
1023 3038 1077 3085 et
1109 3031 1405 3099 reparavit.

441 3122 528 3179 ιι.
559 3119 629 3177 Et
665 3121 976 3192 exspectabo
1015 3136 1200 3175 nomen
1247 3131 1428 3197 tuum,
1458 3122 1707 3190 quoniam
1747 3120 1942 3173 bonum

364 3223 443 3269 est
470 3214 526 3266 in
547 3224 824 3282 conspectu
849 3220 1150 3266 sanctorum
1182 3220 1427 3268 tuorum.
1484 3211 1543 3266 lu
1570 3210 1792 3265 nomine
1823 3218 1936 3273 tuo,

367 3301 581 3372 inquit,
616 3301 872 3360 ﬁduciam
912 3301 1124 3356 habebo
1146 3341 1161 3367 ,
1215 3315 1378 3372 atque
1402 3316 1524 3357 cam
1560 3301 1615 3355 in
1642 3309 1940 3370 conspectu

366 3393 615 3448 omnium
649 3401 964 3448 sanctorum
990 3403 1210 3448 tuorum
1238 3394 1599 3449 annuntiabo.
1642 3392 1760 3447 Erit
1794 3392 1940 3448 enim

367 3485 503 3540 mihi
535 3484 667 3539 illud
690 3484 996 3554 jucundum
1027 3493 1195 3554 atque
1225 3485 1453 3539 bonum.

407 3578 462 3633 1.
499 3576 566 3632 In
592 3578 750 3648 ﬁnem
789 3594 884 3647 pro
924 3577 1152 3632 Mueletlz
1181 3578 1474 3643 intellectus
1525 3577 1738 3633 Davidi.
1770 3577 1904 3632 LII.

953 3670 1358 3739 Argumentum.

368 3758 527 3814 Hunc
552 3763 701 3815 canit
725 3775 996 3830 psa.mum
1014 3763 1067 3816 in
1099 3763 1330 3832 gratiam
1360 3763 1737 3831 apostolorum
1763 3760 1941 3827 chori,

439 3850 533 3921 qui
557 3859 612 3904 et
645 3851 994 3906 crediderant
1027 3853 1079 3906 in
1108 3852 1385 3907 Christum
1420 3871 1437 3906 :
1464 3854 1558 3923 qui
1594 3852 1945 3907 exsultabant

437 3953 493 4000 et
544 3944 889 3999 laetabantur.
942 3944 1175 4001 Maeleth
1215 3961 1346 4001 vero
1396 3947 1701 4016 explicatur
1749 3945 1939 4021 chprus

438 4034 554 4089 sive
600 4034 807 4088 chorea.
867 4032 1193 4090 Necessario
1242 4046 1425 4090 autem
1469 4051 1532 4090 ea
1589 4052 1712 4106 quae
1739 4035 1943 4090 Christi

439 4124 876 4179 incarnationem
908 4132 1306 4194 praecesserunt
1335 4125 1626 4189 enuntiat,
1666 4135 1728 4180 ut
1758 4127 1943 4180 decla-

441 4224 528 4270 ret
553 4230 674 4284 quaa
701 4215 773 4269 sit
799 4215 1064 4270 adventus
1099 4215 1220 4284 ejus
1246 4215 1475 4270 utilitas.
1521 4214 1815 4271 Sciendum
1846 4232 1946 4269 au-

440 4316 549 4361 tem
571 4315 677 4371 est,
695 4314 867 4360 totum
884 4305 1156 4360 decimum
1178 4307 1394 4361 tertium
1410 4307 1679 4378 psalmum
1697 4306 1943 4362 eamdem

439 4401 766 4456 sententiam
824 4399 1063 4466 habere,
1122 4399 1422 4469 iisdemque
1468 4398 1638 4454 ferme
1686 4398 1944 4453 omnibus

367 4489 620 4567 __verbis
645 4496 921 4550 constare.
972 4489 1047 4543 ita
1087 4499 1149 4543 ut
1196 4488 1233 4543 ii
1278 4489 1373 4558 qui
1429 4488 1936 4559 interpretationem
1973 4509 2016 4563 υ

440 4579 608 4651 hujus
639 4578 983 4649 perquirunt,
1024 4595 1089 4634 ex
1114 4579 1208 4634 illo
1236 4595 1356 4635 eam
1378 4589 1564 4650 aperte
1597 4588 1936 4634 mutuentur.

437 4672 495 4727 2.
528 4671 676 4725 Dixit
708 4671 958 4740 insipiens
990 4672 1048 4725 in
1086 4671 1239 4726 corde
1278 4687 1375 4726 suo
1403 4688 1421 4725 :
1457 4669 1581 4725 Non
1615 4679 1693 4725 est
1732 4669 1938 4725 Deus...

370 4767 512 4823 Deus
548 4765 612 4818 de
643 4764 771 4818 caelo
797 4766 1063 4834 prospexit
1107 4781 1263 4834 super
1305 4764 1445 4835 ﬁlios
1483 4763 1774 4818 hominum.
1803 4760 1943 4828 Quia

368 4857 541 4913 Deum
572 4872 681 4912 non
713 4859 1113 4928 cogitaverunt,
1137 4857 1378 4911 humana
1410 4857 1831 4926 inspectantem,
1850 4854 1942 4924 ju-

368 4952 642 5007 dicantem
680 4949 888 5020 judicio
935 4949 1108 5020 justo,
1150 4965 1214 5005 ac
1263 4949 1533 5004 nefarium
1593 4961 1731 5016 Opus
1763 4944 1941 5015 quod-

369 5059 587 5115 cunque
619 5051 957 5098 coercentem
995 5062 1008 5097 :
1044 5042 1167 5096 ideo
1192 5041 1336 5096 Deus
1362 5040 1430 5094 de
1462 5039 1603 5094 caelo
1637 5036 1943 5109 prospexit.

372 5136 428 5192 ω
449 5137 595 5191 enim
628 5142 814 5207 aperte
845 5132 1056 5188 Domini
1077 5133 1149 5188 ad
1174 5120 1427 5187 homines
1456 5132 1750 5185 transitum
1772 5128 1942 5199 signi-

372 5228 517 5283 ﬂeat.

439 5318 494 5373 4.
543 5318 734 5375 Omnes
755 5317 1164 5384 declinaverunt,
1188 5315 1347 5370 simul
1382 5315 1597 5370 inutiles
1632 5316 1764 5385 facti
1793 5319 1944 5380 sunt,

370 5425 474 5463 non
502 5413 687 5480 estqui
723 5412 891 5481 faciat
921 5411 1134 5476 bonum,
1180 5425 1284 5462 non
1319 5419 1397 5465 est
1442 5425 1605 5479 usque
1643 5407 1713 5462 ad
1752 5422 1939 5462 unum.

367 5498 486 5554 Non
509 5501 851 5571 hyperbolice
877 5504 1021 5559 dicta
1056 5510 1183 5557 sunt
1224 5502 1416 5558 isthmc
1450 5520 1465 5569 ;
1497 5502 1631 5556 nihil
1661 5501 1807 5556 enim
1837 5500 1941 5570 by:

368 5592 666 5666 perbolice,
721 5598 814 5650 sed
843 5611 970 5651 cum
998 5596 1254 5653 lveritate
1299 5594 1489 5652 omnia
1541 5596 1597 5653 in
1651 5592 1939 5664 Scriptura

439 5770 487 5804 ’⁷
509 5771 684 5828 Galat.
709 5790 758 5838 v,
794 5775 883 5831 22.

2041 1026 2210 1097 ρῶσαι
2242 1024 2339 1096 τὴν
2376 1025 2606 1096 ματαίαν
2631 1022 2795 1076 αὑτοῦ
2835 1022 3081 1093 καρδίαν,
3112 1023 3171 1075 οὐ
3217 1019 3615 1092 μεταμεληθεὶς

2035 1115 2135 1186 τῆς
2156 1114 2318 1169 ἁσεὸε
2327 1115 2409 1178 ίας
2444 1112 2743 1168 ἐπαύσατο.

2108 1206 2306 1279 [⁹Αλλ’
2336 1205 2678 1273 ἐπήλπισεν
2710 1202 2807 1257 ἐπὶ
2839 1202 2921 1269 τῷ
2948 1203 3163 1272 πλήθει
3198 1202 3303 1257 τοῦ
3348 1203 3614 1256 πλούτου

2036 1300 2244 1355 αὐτοῦ.
2276 1299 2474 1361 Καλῶς
2514 1299 2571 1351 δὲ
2626 1296 2723 1350 τὸν
2745 1296 2974 1350 πλοῦτον
3029 1296 3123 1349 καὶ
3147 1295 3247 1367 τὴν
3293 1294 3614 1350 δυναστείαν

2040 1389 2375 1462 ματαιότητα
2406 1386 2663 1442 ἐκάλεσεν
2711 1388 2817 1440 ἀπὸ
2846 1384 2941 1439 τοῦ
2991 1385 3334 1456 πράγματος*
3356 1382 3477 1435 οὕτε
3505 1383 3616 1455 γὰρ

2034 1481 2126 1536 τὸν
2171 1479 2330 1551 Δωὴκ
2385 1476 2635 1549 ῶνησαν,
2690 1477 2815 1531 οὔτε
2877 1475 3228 1547 Ἀσσυρίους,
3279 1474 3439 1527 ὁπότε
3496 1474 3617 1537 ἐνὸς

2037 1572 2268 1641 ἀγγέλου
2321 1570 2593 1643 παρουσία
2642 1571 2839 1632 αὐτοὺς
2895 1568 3215 1631 ἀπέκτεινε,
3268 1566 3364 1619 καὶ
3419 1566 3617 1635 ἄταφοι

2036 1663 2289 1736 ἔκειντο]

2120 1754 2267 1823 Ἐγὼ
2291 1753 2359 1807 δὲ
2387 1754 2532 1807 ὡσεὶ
2558 1754 2735 1807 ἐλαία
2760 1753 3162 1820 κατάκαρπος.
3209 1748 3490 1820 Ἀειθαλὴς
3506 1748 3618 1821 γὰρ

2035 1846 2145 1899 τῶν
2192 1845 2550 1900 πιστευόντων
2574 1846 2651 1908 είς
2678 1844 2911 1916 Χριστὸν
2943 1845 2976 1913 ὴ
3003 1843 3147 1909 δόξα.
3184 1841 3273 1913 [Ὁ
3301 1841 3369 1895 δὲ
3390 1841 3618 1910 καρπὸς

2034 1938 2140 1992 τοῦ
2172 1940 2516 2007 Πνεύματός
2561 1938 2731 1990 ἐστιν
2780 1935 3004 2006 ἀγάπη,
3052 1935 3226 2004 χαρὰ,
3263 1932 3493 2002 εἰρήνη,
3522 1933 3619 1987 καὶ

2034 2030 2101 2085 τὰ
2130 2030 2277 2101 ἑξῆς.
2308 2029 2507 2082 Τοῦτον
2531 2030 2709 2082 τοίνυν
2737 2028 2827 2082 τὸν
2861 2026 3070 2098 καρπὸν
3098 2026 3237 2097 ἔχων
3283 2027 3342 2079 ἐν
3380 2024 3556 2094 ἐαυτῷ
3586 2026 3616 2077 ὁ

2036 2120 2190 2189 ἅγιος
2230 2120 2437 2187 ἔλεγεν·
2496 2118 2644 2189 Ἐγὼ
2689 2119 2758 2173 δὲ
2801 2116 2944 2172 ὡσεὶ
2995 2116 3168 2170 ἐλαία
3218 2115 3616 2183 κατάκαρποςο

2038 2211 2192 2283 ἐλαίᾳ
2219 2210 2277 2264 δὲ
2320 2210 2661 2281 κατακάρπῳ
2687 2211 2864 2280 ὁμοιοῖ
2913 2208 3124 2273 ἐαυτὸν,
3158 2206 3365 2277 ἐπειδὴ,
3394 2207 3617 2276 ἐλεημο-

2038 2303 2202 2375 σύνης
2231 2300 2633 2374 ἐπικρατούσης
2672 2304 2727 2354 ἐν
2754 2299 2923 2370 αὐτῷ,
2964 2297 3270 2362 ἀκολούθως
3321 2298 3534 2351 εἵποντο
3558 2294 3618 2351 eti

2036 2394 2219 2449 λοιπαὶ
2272 2393 2482 2465 ἀρεταί.
2535 2392 2691 2446 Οὖτω
2733 2392 2827 2446 καὶ
2881 2392 2974 2444 τὸν
3039 2389 3161 2443 Ἰὼϐ
3226 2390 3466 2460 ἀνδρεῖον
3497 2387 3618 2459 μὲν,

2037 2487 2133 2540 καὶ
2188 2484 2280 2538 τὸν
2322 2485 2520 2554 Ἰωσὴφ
2589 2482 2864 2554 σώφρονα,
2910 2481 3004 2535 καὶ
3066 2481 3193 2544 τοὺς
3251 2479 3468 2543 λοιποὺς
3511 2478 3617 2530 ἀπὸ

2035 2575 2137 2645 τῆς
2205 2572 2610 2644 ἐπικρατούσης
2669 2572 2869 2644 ἀρετῆς
2936 2568 3292 2640 ὀνομάζοντες
3349 2565 3619 2639 αὑτούς.]

2042 2668 2304 2722 Ἦλπισα
2344 2665 2441 2719 ἐπὶ
2500 2665 2567 2719 τὸ
2613 2664 2787 2731 ἕλεος
2818 2664 2925 2719 τοῦ
2957 2662 3107 2717 Θεοῦ
3157 2665 3245 2729 είς
3267 2662 3373 2715 τὸν
3407 2659 3618 2714 αὶῶνα.

2042 2760 2229 2823 Ἔλεος
2278 2758 2371 2811 τοῦ
2414 2757 2550 2811 Θεοῦ
2608 2760 2665 2812 αἱ
2717 2757 2856 2811 θεῖαι
2914 2756 3130 2827 Γραφαὶ
3159 2754 3483 2825 ὀνομάζουσι
3524 2752 3617 2806 τὸν

2038 2849 2265 2922 Κύριον,
2291 2850 2377 2902 διὰ
2403 2850 2463 2902 τὸ
2516 2849 2766 2918 γενέσθαι
2819 2852 2952 2920 ἡμῖν
3007 2849 3073 2901 δι’
3105 2846 3271 2901 αὐτοῦ
3317 2846 3483 2908 ἔλεος·
3522 2845 3617 2898 ἀν-

2043 2943 2488 3012 εκεφαλαιὼσατο
2542 2943 2651 3015 γὰρ
2695 2944 2751 2997 ἐν
2802 2940 2978 3012 ἐαυτῷ
3029 2940 3100 2994 τὰ
3131 2940 3331 3005 πάντα,
3373 2937 3470 2992 καὶ
3521 2937 3616 2990 ἀν-

2040 3037 2431 3107 εστοιχείωσεν.

2110 3128 2219 3182 Καὶ
2243 3125 2518 3196 ὑπομενῶ
2538 3126 2605 3179 τὸ
2635 3124 2822 3194 ὄνομά
2860 3142 2999 3191 σου,
3023 3126 3113 3178 ὅτι
3154 3121 3419 3194 χρηστὸν
3445 3120 3595 3174 erar-

2040 3219 2170 3273 τίον
2213 3219 2332 3272 τῶν
2370 3219 2557 3273 ὁσίων
2589 3234 2729 3273 σου.
2771 3218 2857 3272 Ἐν
2904 3217 2984 3288 τῷ
3031 3215 3252 3287 ὀνόματί
3307 3230 3423 3277 σου,
3459 3211 3616 3282 φησι,

2042 3312 2227 3382 σχοίην
2251 3310 2594 3381 πεποίθησιν,
2636 3311 2730 3363 καὶ
2753 3309 2956 3380 ταύτην
2978 3309 3218 3364 ἐναντίον
3265 3306 3481 3360 πάντων
3502 3302 3618 3357 τῶν

2043 3402 2150 3458 σῶν
2203 3402 2372 3472 ἁγίων
2431 3400 2729 3471 ἐξαγγελῶ.
2780 3402 2974 3455 Ἔσται
3004 3400 3115 3471 γάρ
3140 3416 3231 3471 μοι
3281 3397 3342 3451 τὸ
3389 3396 3617 3466 πρᾶγμα

2040 3496 2277 3568 χρηστόν
2307 3513 2364 3548 τε
2394 3497 2488 3549 καὶ
2516 3495 2740 3565 ἀγαθόν.

2043 3590 2145 3653 Εἰς
2171 3587 2343 3652 τέλος
2388 3586 2539 3655 ὑπὲρ
2575 3585 2811 3641 Μαελὲθ
2832 3585 3141 3650 συνέσεως
3174 3582 3255 3650 τῷ
3268 3581 3616 3637 Δαυΐδ.ΝΒ’.

2656 3679 2671 3698 ⁹
2682 3679 2993 3742 Υπόθεσις.

2047 3771 2192 3842 "nam
2224 3771 2314 3824 τὸν
2337 3771 2580 3842 παρόντα
2603 3770 2742 3841 ὑπὲρ
2765 3769 2857 3822 τοῦ
2881 3773 3040 3842 χοροῦ
3061 3768 3170 3822 τῶν
3198 3765 3504 3821 ἀποστόλων
3525 3764 3616 3817 καὶ

2114 3860 2521 3914 πιστευσάντων
2552 3863 2630 3924 είς
2654 3859 2908 3931 Χριστόν·
2936 3860 2985 3912 οἳ
3026 3860 3119 3912 καὶ
3145 3856 3477 3928 ὴγαλλιῶντο
3525 3854 3616 3909 καὶ

2117 3949 2499 4024 ηὐφραίνοντο.
2525 3952 2738 4006 Μαελὲθ
2764 3951 2820 4004 δέ
2868 3951 3229 4023 ἑρμηνεύεται
3278 3947 3478 4019 χορὸς,
3497 3948 3616 4019 ἦτοι

2116 4045 2338 4114 χορεία.
2380 4044 2715 4112 Ἀναγκαίως
2758 4043 2815 4096 δὲ
2841 4042 2910 4096 τὰ
2939 4043 3045 4115 πρὸ
3065 4043 3164 4115 τῆς
3198 4041 3497 4113 παρουσίας
3520 4038 3616 4093 τοῦ

2115 4135 2319 4207 Κυρίου
2347 4135 2515 4203 λέγει,
2544 4136 2632 4188 ἵνα
2655 4134 2801 4205 δείξῃ
2832 4135 2930 4206 ὅση
2975 4135 3074 4205 τῆς
3131 4134 3432 4207 παρουσίας
3478 4129 3602 4200 ὠςέ-

2114 4228 2255 4283 λεια.
2274 4227 2468 4281 Ἰστέον
2492 4227 2567 4289 δὲ,
2595 4227 2669 4290 ὡς
2700 4227 2794 4279 καὶ
2828 4227 2926 4297 τὴν
2960 4225 3133 4298 αὐτὴν
3155 4225 3391 4279 διάνοιαν
3439 4226 3617 4287 πᾶσαν

2116 4321 2144 4373 ὁ
2172 4318 2611 4391 τρισκαιδέκατος
2633 4317 2846 4389 ψαλμὺς
2874 4318 3137 4389 περιέχει,
3168 4318 3263 4370 καὶ
3316 4315 3415 4379 τὰς
3452 4315 3616 4380 αὑτὰς

2118 4406 2291 4474 λέξεις
2318 4406 2502 4476 σχεδὸν
2556 4405 2791 4468 ἁπάσας
2828 4403 2969 4457 ὥστε
3020 4402 3080 4469 ἐξ
3128 4402 3334 4457 ἐκείνου
3389 4400 3616 4472 φανερὸν

2113 4498 2362 4569 γενέσθαι
2400 4501 2511 4562 τοῖς
2555 4495 2870 4569 ἐπιζητοῦσι
2902 4495 3000 4566 τὴν
3023 4493 3337 4567 ἑρμηνείαν.

2114 4667 2299 4724 Εἶπεν
2324 4669 2525 4738 ἄφρων
2555 4669 2624 4721 ἐν
2649 4666 2859 4736 καρδίᾳ
2870 4664 3078 4721 αὐτοῦ’
3100 4666 3220 4718 οὐκ
3248 4663 3379 4717 ἐστι
3404 4663 3615 4728 Θεός...

2055 4762 2108 4813 Ὁ
2138 4761 2279 4826 Θεὸς
2310 4760 2379 4812 ἐκ
2414 4758 2518 4812 τοῦ
2545 4757 2804 4825 οὐρανοῦ
2833 4755 3119 4824 διέκυψεν
3149 4755 3245 4808 ἐπὶ
3278 4753 3418 4818 τοὺς
3448 4751 3615 4818 υἱοὺς

2042 4850 2162 4904 τῶν
2207 4850 2549 4918 ἀνθρώπων.
2568 4848 2805 4920 Ἐπειδὴ,
2835 4847 2910 4919 μὴ
2957 4847 3299 4917 λογισάμενοι
3349 4845 3439 4898 τὸν
3485 4844 3615 4897 Θεὸν

2044 4941 2325 5014 ἐφορῶντα
2346 4940 2417 4994 τὰ
2444 4940 2780 5012 ἀνθρώπινα,
2815 4938 3071 5012 κρίνοντα
3097 4938 3273 5010 κρίσει
3295 4937 3499 5007 δικαίᾳ,
3522 4937 3616 4990 καὶ

2043 5036 2222 5088 πᾶσαν
2249 5033 2670 5104 ἀθεμιτουργίαν
2699 5031 2972 5103 εἴργοντα,
3002 5029 3192 5083 τούτου
3220 5029 3376 5099 χάριν
3411 5030 3441 5082 ὁ
3486 5027 3615 5092 Θεὸς

2042 5129 2106 5179 ἐκ
2153 5125 2248 5178 τοῦ
2306 5124 2535 5195 ούρανοῦ
2581 5122 2820 5191 διέκυψε.
2851 5120 3021 5175 Τοῦτο
3048 5121 3154 5194 γὰρ
3188 5118 3373 5189 σαφῶς
3401 5109 3499 5190 τήν
3537 5120 3617 5183 εἰς

2043 5216 2363 5291 ἀνθρώπους
2386 5217 2479 5271 τοῦ
2507 5216 2714 5288 Κυρίου
2748 5214 2980 5285 πάροδον
3010 5213 3283 5286 σημαίνει.

2112 5309 2340 5375 Πάντες
2358 5307 2698 5373 ἐξέκλιναν,
2728 5307 2847 5377 ἅμα
2866 5305 3298 5376 ἠχρεώθησαν,
3339 5306 3451 5358 οὐκ
3483 5301 3617 5356 ἐστι

2042 5400 2229 5455 ποιῶν
2252 5400 2496 5470 ἀγαθὸν,
2521 5402 2630 5453 οὐκ
2661 5400 2835 5453 ἐστιν
2858 5399 2969 5465 ἕως
2989 5399 3147 5463 ἑνός.
3175 5397 3286 5465 Οὐχ
3326 5392 3616 5466 ὑπερϐολι-

2042 5491 2154 5555 κῶς
2198 5491 2375 5545 ταῦτα
2419 5491 2663 5561 είρηται’
2713 5489 2866 5543 οὐδὲν
2913 5488 3022 5560 γὰρ
3072 5484 3460 5558 ὑπερϐολικῶς,
3498 5484 3617 5553 μετ’

2042 5583 2297 5654 ἀληθείας
2324 5582 2379 5636 δὲ
2410 5582 2586 5637 πάντα
2620 5582 2771 5654 παρά
2802 5587 2866 5655 τῇ
2916 5583 3107 5653 Γραφῇ
3142 5581 3377 5652 εἴρηται.
3409 5578 3617 5641 Πάντες
