3976 6220
302 337 405 394 249

1391 347 1749 405 EXPOSlTlO
1785 348 1853 403 1N
1891 347 2227 410 PSALMUM
2266 354 2402 412 LIV.

3445 353 3552 412 250

305 451 480 507 τοίνυν
520 452 765 507 Ἰουδαῖοι
809 454 1087 521 ἐξέκλιναν
1129 456 1229 529 τὴν
1271 457 1388 511 ὁδὸν
1434 458 1533 530 τὴν
1579 460 1842 531 λέγουσαν
1866 481 1879 493 ·

2024 466 2264 526 icuntur.
2302 470 2502 526 Omnes
2531 469 2716 540 itaque
2740 468 2914 524 Judaei
2952 468 3362 527 declinaverunt
3399 488 3430 527 a
3463 474 3549 527 via

321 541 459 613 Ἐγώ
481 545 598 612 ειμι
632 544 672 612 ἠ
707 542 1037 610 ὀδός.Ὄθεν
1064 545 1158 599 καὶ
1203 547 1410 617 ἀχρεῖοι
1450 548 1724 617 γεγόνασι,
1756 550 1885 603 ταύ-

307 650 404 703 την
432 635 770 706 παραλαϐεῖν
794 636 853 689 οὺ
882 635 1254 709 βουληθέντες,
1282 639 1493 704 οὐδενὸς
1522 640 1798 705 ποιοῦντος
1821 641 1885 696 τὸ

309 725 529 795 ἀγαθόν.
549 728 637 780 Ἐν
666 728 857 799 ἀγνοίᾳ
882 728 992 800 γὰρ
1022 728 1186 782 αὐτοῦ
1221 730 1421 795 πάντες
1446 731 1738 803 ἐτύγχανον
1778 733 1884 787 ὑπὸ

309 816 400 871 τοῦ
428 816 655 888 νομικοῦ
690 819 1089 890 πεπωρωμένοι
1126 819 1475 890 γράμματος.

310 911 413 974 Εἰς
435 908 612 976 τέλος
636 911 708 963 ἐν
736 911 945 979 ὕμνοις
980 911 1289 978 συνέσεως
1328 911 1409 977 τῷ
1455 912 1652 967 Δαυΐδ.
1672 913 1768 966 Ἐν
1802 912 1884 979 τῷ

379 1002 579 1058 ἐλθεῖν
596 1002 738 1069 τοὺς
767 1005 1046 1073 Ζιφαίους
1067 1004 1163 1057 καὶ
1192 1004 1381 1057 εἰπεῖν
1403 1003 1480 1069 τῷ
1507 1007 1704 1059 Σαούλ
1723 1023 1737 1035 ·
1758 1007 1883 1058 Οὐκ

384 1095 512 1148 ιδοὺ
539 1093 722 1148 Δαυῒδ
745 1093 1068 1162 κέκρυπται
1094 1098 1229 1164 παρ’
1253 1095 1399 1165 ἡμῖν
1414 1112 1432 1160 ;
1464 1098 1600 1150 ΝΡ.

626 1222 629 1223 ν
942 1188 1263 1255 ’Υπόθεο-ις.

315 1277 528 1346 Φεύγων
574 1280 604 1331 ὁ
646 1278 809 1330 Δαυῖδ
855 1277 948 1331 τὸν
995 1279 1168 1333 Σαοὺλ
1212 1279 1464 1335 ἐκάθισεν
1496 1282 1553 1333 ἐν
1588 1282 1654 1351 τῇ
1693 1280 1884 1351 ἐρήμῳ

385 1369 524 1440 Ζήφ.
556 1366 688 1423 Εἶτα
713 1369 1039 1433 ἀπελθόντες
1070 1372 1121 1423 οἱ
1166 1373 1378 1440 Ζιφαῖοι
1424 1371 1557 1443 πρὸς
1588 1373 1678 1425 τὸν
1713 1373 1884 1425 Σαοὺλ

382 1463 719 1534 ἀπήγγειλαν
775 1463 867 1517 τὸν
916 1463 1081 1517 τόπον
1127 1466 1184 1518 ἐν
1238 1458 1282 1532 ᾧ
1326 1459 1394 1534 ἦν
1451 1464 1878 1536 ἀποδιδράσκων.

393 1555 604 1619 Ἦξίουν
630 1555 686 1609 δὲ
717 1555 939 1610 ἐλθόντα
965 1555 1321 1609 συλλαϐέσθαι
1352 1557 1531 1610 αὐτόν.
1551 1557 1606 1610 Ὀ
1632 1557 1708 1622 δὲ,
1745 1556 1884 1628 μετά

382 1651 565 1719 χεῖρας
589 1647 687 1719 τὴν
712 1647 877 1720 λύραν
906 1647 1105 1714 λαϐὼν,
1139 1649 1233 1703 ἆτε
1262 1649 1515 1718 ἐγνωκὼς
1551 1648 1630 1720 τῷ
1671 1667 1883 1721 προφη-

376 1738 511 1809 τικῷ
537 1740 832 1811 πνεύματι,
862 1741 938 1804 ὡς
962 1741 1112 1812 οὐδὲν
1141 1741 1312 1795 δεινὸν
1339 1743 1583 1796 πείσεται
1615 1742 1765 1813 παρὰ
1789 1743 1880 1796 τοῦ

375 1832 570 1895 Σαοὺλ,
600 1833 669 1887 τά
712 1833 1049 1904 προκείμενα
1070 1832 1204 1905 ᾄδει.
1234 1834 1345 1888 Καὶ
1377 1834 1484 1906 γὰρ
1516 1812 1763 1888 ἀπελθὼν
1801 1836 1880 1898 είς
1912 1812 1957 1867 Β

380 1920 641 1991 σύλληψιν
679 1922 845 1975 αὐτοῦ
891 1922 1081 1989 Σαοὺλ,
1114 1924 1342 1993 ἦκουσεν
1368 1922 1627 1992 ἀγγελίαν
1652 1922 1758 1977 τῶν
1787 1924 1881 1976 ἀλ-

378 2012 640 2081 λοφύλων,
667 2014 761 2066 καὶ
789 2013 1095 2085 ὑπέστρεψε
1122 2013 1366 2067 σπεύδων
1389 2014 1527 2084 μετὰ
1544 2013 1652 2067 τῶν
1673 2014 1880 2086 ἀνδρῶν

377 2103 723 2174 αύτοῦ.Ἐχοι
753 2104 798 2157 δ’
828 2104 894 2159 ἂν
916 2106 985 2159 τά
1006 2104 1247 2177 παρόντα
1275 2105 1550 2177 ἀναφοράν
1582 2106 1676 2159 καὶ
1707 2109 1785 2170 είς
1820 2107 1883 2160 τὸ

374 2195 663 2266 πρόσωπον
693 2194 787 2249 τοῦ
817 2195 1173 2249 ἁποστολικοῦ
1198 2194 1379 2267 χοροῦ,
1419 2196 1494 2260 ὡς
1534 2196 1633 2260 τάς
1677 2199 1881 2250 ἐπανα-

378 2287 595 2351 στάσεις
639 2288 739 2352 τάς
782 2289 933 2359 παρὰ
958 2288 1051 2341 τοῦ
1084 2287 1269 2351 ἔθνους
1311 2288 1418 2341 τῶν
1456 2288 1742 2352 Ἰουδαίων,
1784 2291 1880 2344 καὶ

381 2379 646 2450 βασιλέων
675 2380 731 2433 δὲ
766 2380 875 2434 τῶν
900 2380 1069 2434 ἐθνῶν
1086 2381 1177 2434 τὸν
1197 2380 1365 2452 θυμὸν
1398 2380 1766 2452 διηγούμενος,
1789 2380 1881 2435 τὸν

376 2473 507 2527 Θεὸν
540 2475 683 2540 ἀξιοῖ
711 2474 769 2540 ἐξ
795 2474 1050 2528 ἁπάντων
1088 2473 1325 2544 σωθῆναι
1352 2474 1439 2528 διὰ
1478 2473 1572 2527 τοῦ
1618 2474 1879 2544 ὀνόματος

375 2567 560 2619 αὐτοῦ.
593 2566 954 2637 Προφητικῶς
981 2583 1041 2619 τε
1078 2566 1387 2635 ἀποφαίνει,
1422 2566 1497 2628 ὼς
1528 2563 1877 2635 περιστρέφει

375 2659 484 2718 τοῖς
509 2656 724 2727 ἐχθροῖς
749 2659 830 2720 εἰς
858 2655 1100 2727 κεφαλὴν
1124 2658 1152 2709 ὀ
1183 2656 1313 2719 Θεὸς
1340 2655 1409 2708 τά
1436 2654 1602 2719 κακὰ,
1636 2655 1796 2718 αὐτὸς
1822 2653 1878 2708 δὲ

375 2747 471 2810 τὰς
499 2748 799 2810 ἐπινικίους
826 2748 1083 2820 προσάξει
1105 2747 1312 2811 θυσίας.
1336 2747 1427 2799 Διὸ
1454 2746 1548 2799 καὶ
1572 2745 1880 2812 συνέσεως

376 2842 799 2913 ἐπιγέγραπται,
829 2845 907 2905 είς
951 2842 1042 2895 τὸν
1070 2841 1358 2913 εἰρημένον
1385 2840 1508 2895 νοῦν
1530 2839 1878 2911 ἀναπέμπον-

373 2949 462 2998 τος
487 2935 638 3003 ἡμᾶς
663 2932 756 2985 τοῦ
782 2930 1017 3003 ψαλμοῦ.

387 3024 441 3081 '0
467 3028 633 3089 Θεὸς,
659 3024 729 3077 ἐν
748 3023 828 3089 τῷ
856 3023 1100 3093 ὀνόματί
1134 3039 1250 3077 σου
1288 3022 1496 3077 σῶσόν
1515 3038 1611 3092 με.
1646 3021 1779 3091 Οὐχὶ
1808 3019 1876 3074 δι’

1986 575 2108 629 quae
2129 560 2262 615 dicit
2287 560 2334 594 "
2379 579 2393 614 :
2438 559 2549 629 Ego
2597 577 2715 614 sum
2749 562 2855 615 via.
2882 558 3035 615 Unde
3068 569 3119 615 et
3160 561 3381 618 inutiles
3422 561 3551 619 facti

1985 661 2135 713 sunt,
2154 667 2277 707 cum
2311 668 2429 707 eam
2451 653 2739 708 admittere
2763 652 2989 715 nollent.
3006 653 3132 719 quia
3162 668 3323 708 nemo
3351 654 3552 710 faceret

1983 743 2209 798 bonum.
2249 742 2307 797 ln
2332 744 2636 814 ignorantia
2660 746 2806 801 enim
2841 745 2960 816 ejus
2985 744 3339 800 versabantur
3361 760 3553 801 omnes

1982 850 2013 888 a
2045 834 2204 905 legali
2231 836 2505 906 scriptura
2531 839 2809 892 excaecati.

1983 926 2037 980 i.
2071 925 2138 979 In
2157 927 2313 996 ﬁnem
2347 929 2402 982 in
2424 928 2744 984 carminibus
2768 928 3063 984 intellectus
3109 928 3303 984 David.
3338 928 3393 988 2.
3416 917 3549 987 cum

2048 1020 2307 1073 venissent
2339 1019 2539 1091 Ziphwi
2569 1032 2617 1075 et
2640 1023 2896 1074 dixissent
2922 1023 2990 1074 ad
3022 1020 3155 1076 Saul
3182 1037 3202 1077 :
3233 1021 3422 1079 Nonne
3446 1025 3550 1080 Da-

2046 1110 2131 1165 t'id
2156 1112 2493 1168 absconditus
2520 1125 2593 1168 est
2626 1114 2766 1182 apud
2796 1129 2888 1166 nos
2914 1112 3125 1171 ?LIII.

2574 1204 2972 1276 Argumentum.

1982 1295 2122 1351 Cum
2161 1294 2370 1363 fugeret
2412 1294 2579 1350 David
2627 1312 2659 1352 a
2704 1297 2886 1362 Saule,
2931 1298 3179 1354 consedit
3230 1299 3284 1354 in
3335 1299 3548 1356 deserto

2059 1385 2217 1456 Ziph.
2254 1385 2457 1441 Deinde
2498 1388 2732 1456 digressi
2766 1388 2966 1460 Ziphaei
3007 1390 3074 1444 ad
3107 1390 3262 1457 Saul,
3290 1391 3344 1446 in
3384 1407 3545 1462 quem

2053 1477 2231 1531 locum
2275 1476 2628 1548 profugisset,
2670 1479 2998 1537 indicarunt.
3048 1480 3329 1553 Rogabant
3366 1495 3544 1539 autem

2058 1575 2117 1621 ιιι
2144 1568 2445 1634 accederet,
2479 1578 2642 1639 atque
2682 1586 2808 1625 eum
2843 1573 3326 1642 comprehenderet
3353 1575 3418 1630 “.
3454 1574 3548 1629 llle

2050 1672 2202 1724 vero,
2228 1670 2448 1727 accepta
2475 1660 2727 1714 manibus
2754 1661 3082 1732 lyra,utp01e
3106 1666 3420 1734 prophetico
3436 1667 3549 1735 spi-

2056 1749 2162 1801 ritu
2192 1764 2396 1817 gnarus
2424 1764 2484 1804 se
2506 1750 2642 1802 nihil
2673 1750 2802 1804 mali
2837 1766 2867 1805 a
2900 1751 3059 1806 Saule
3091 1768 3398 1821 passurum,
3432 1752 3549 1810 haec

2054 1840 2220 1894 canit.
2265 1838 2401 1894 Nam
2447 1840 2720 1911 profectus
2760 1843 2827 1897 ad
2875 1845 3197 1912 capiendum
3227 1861 3352 1900 eum
3393 1846 3548 1915 Saul,

2052 1932 2301 1986 nuntium
2344 1933 2551 2001 accepit
2581 1935 2845 1987 adventus
2873 1934 3319 2004 alienigenarum,
3362 1947 3415 1991 et
3452 1954 3542 1992 re-

2053 2037 2243 2092 gressu
2278 2023 2587 2091 properavit
2627 2038 2750 2077 cum
2794 2040 2957 2078 manu
3002 2026 3245 2079 virorum
3279 2041 3339 2081 se
3376 2030 3549 2083 comi-

2054 2113 2305 2167 tantium.
2335 2113 2459 2168 Haec
2482 2123 2661 2169 autem
2686 2114 2874 2170 referri
2897 2116 3149 2171 videntur
3174 2118 3239 2171 ad
3259 2132 3547 2186 personam

2051 2204 2335 2273 apostolici
2380 2205 2557 2274 chori,
2604 2207 2761 2275 quasi
2810 2207 2901 2261 ille
2935 2223 3166 2262 narrans
3216 2209 3549 2278 irruptiones

2048 2295 2255 2352 Judaici
2311 2300 2528 2367 populi,
2592 2314 2658 2355 ac
2711 2316 2899 2370 regum
2961 2303 3204 2371 gentium
3281 2302 3544 2364 furorem.

2049 2385 2217 2440 Dettm
2247 2390 2515 2457 supplicet
2542 2405 2635 2457 per
2666 2404 2863 2444 nomen
2893 2391 3013 2460 ejus
3038 2391 3107 2445 ab
3130 2392 3385 2446 omnibus
3410 2393 3546 2460 eripi

2049 2480 2230 2535 malis.
2267 2479 2587 2551 Prophetiee
2620 2495 2800 2536 autem
2835 2485 3017 2549 edicit,
3051 2484 3290 2538 futurum
3320 2492 3378 2538 ut
3407 2486 3546 2539 mala

2049 2566 2194 2624 Deus
2232 2570 2286 2623 in
2336 2581 2497 2640 caput
2535 2573 2880 2627 inimicorum
2913 2583 3244 2643 retorqueat,
3274 2575 3389 2643 ipse
3417 2589 3549 2628 vero

2050 2661 2104 2714 in
2141 2662 2354 2731 signum
2385 2672 2554 2733 partae
2579 2664 2819 2718 victoriae
2859 2665 3125 2720 sacriﬁcia
3174 2664 3382 2719 oﬂerat.
3406 2663 3543 2719 Pro-

2049 2761 2237 2822 pterea
2258 2754 2556 2808 intellectus
2582 2755 2920 2820 inscribitur,
2941 2758 3152 2826 psalmo
3169 2771 3269 2812 nos
3290 2757 3357 2811 ad
3379 2772 3548 2826 supra

2046 2844 2244 2899 dictam
2271 2846 2598 2901 sententiam
2629 2846 2930 2903 deducente

2046 3023 2210 3091 Deus,
2243 3028 2299 3078 in
2345 3026 2554 3079 nomine
2592 3034 2684 3080 tuo
2726 3025 2931 3080 salvum
2953 3043 3034 3080 me
3059 3027 3163 3097 fac.
3207 3025 3312 3082 Per
3347 3042 3545 3083 nomen

308 3115 462 3171 ἄλλου
499 3116 645 3178 τινὸς
671 3115 703 3185 ῆ
727 3114 813 3167 διὰ
844 3113 939 3167 τοῦ
973 3113 1232 3183 ὀνόματος
1259 3112 1423 3166 αὐτοῦ
1453 3113 1686 3185 σωθῆναι
1712 3113 1873 3177 ἀξιοῖ.

2024 3117 2174 3181 ιεὶιιε,
2217 3131 2326 3169 non
2360 3130 2457 3184 per
2504 3116 2651 3169 aliud
2688 3115 2991 3185 quidpiam,
3023 3115 3251 3170 salutem
3282 3115 3546 3185 consequi

308 3205 558 3278 [Ἐπειδὴ
596 3206 675 3269 δὲ,
704 3206 857 3278 φησὶ,
885 3205 947 3258 τὸ
977 3205 1068 3259 σὺν
1095 3204 1264 3276 ὄνομα
1288 3204 1672 3276 ἐπικαλοῦμαι,
1697 3207 1755 3259 ἐν
1778 3205 1878 3260 αὒ-

306 3304 378 3374 τῴ
402 3303 581 3372 τούτῳ
605 3301 702 3373 τὴν
732 3301 1002 3372 σωτηρίαν
1051 3318 1151 3371 μου
1192 3299 1493 3371 παράσχου,
1532 3299 1642 3353 Καὶ
1675 3300 1746 3354 ἐν
1771 3300 1878 3354 δυ·-

304 3394 555 3461 ναστείςι
598 3408 735 3455 σου,
794 3392 1039 3445 τουτέστι
1070 3390 1148 3461 τῷ
1181 3390 1295 3461 Υίῷ
1340 3407 1455 3454 σου,
1500 3388 1722 3457 κρινεῖς
1760 3404 1876 3458 με*

305 3486 420 3538 ἀντὶ
448 3483 544 3536 τοῦ
565 3501 579 3516 ·
610 3484 725 3536 Οὐκ
752 3482 932 3545 ἄλλοις
964 3484 1198 3553 κριταῖς,
1229 3479 1366 3534 ἀλλὰ
1406 3483 1473 3553 τῇ
1517 3480 1742 3551 δυνάμει
1783 3496 1878 3533 σου

305 3578 380 3639 εἰς
407 3577 652 3642 ἐξέτασιν
678 3572 1093 3645 παραδοθῆναι]
1126 3573 1234 3627 Καὶ
1265 3574 1335 3626 ἐν
1354 3571 1429 3641 τῇ
1469 3572 1715 3640 δυνάμει
1762 3587 1879 3625 σου

306 3668 522 3735 κρινεῖς
558 3684 655 3737 με.
697 3667 905 3737 Κρίνας
931 3664 1041 3738 γὰρ
1066 3666 1164 3736 τὴν
1191 3666 1371 3737 κρίσιν
1397 3665 1597 3729 αὐτῶν,
1626 3664 1753 3727 τοὺς
1779 3664 1878 3735 μέν

306 3758 549 3829 ἀπωλείᾳ
574 3757 881 3830 παρέδωκε,
911 3758 1039 3821 τοὺς
1064 3757 1121 3809 δὲ
1151 3756 1350 3810 ἔσωσεν
1381 3756 1488 3809 ἀπὸ
1510 3756 1617 3809 τῶν
1643 3754 1875 3827 ἐχθρῶν.

380 3849 432 3902 Ὀ
467 3849 636 3915 Θεὸς,
667 3848 1037 3902 εἰσάκουσον
1080 3847 1193 3917 τῆς
1230 3846 1579 3917 προσευχῆς
1606 3865 1744 3916 μου.
1783 3845 1875 3898 Δέ-

308 3941 389 4006 ξαι
442 3958 547 4011 μου
592 3940 691 4005 τὰς
741 3942 975 4006 ἱκετείας
1018 3943 1114 3994 σὺν
1155 3940 1430 4011 εὐμενείᾳ.
1456 3939 1757 3993 Ἐνώτισαι
1805 3936 1877 3991 τὰ

300 4032 535 4100 ῥήματα
558 4030 667 4085 τοῦ
699 4031 996 4101 στόματός
1032 4032 1401 4102 μου.”ομοιον
1440 4029 1549 4101 τῷ’
1577 4028 1686 4083 Καὶ
1738 4028 1877 4095 νῦν,

306 4126 496 4192 Κύριε,
532 4124 703 4180 ἔπιδε
737 4125 835 4179 ἐπὶ
870 4128 976 4191 τὰς
1005 4123 1256 4190 ἀπειλὰς
1286 4120 1502 4177 αὐτῶν.

358 4280 459 4344 Εἰς
482 4277 659 4345 τέλος
690 4279 759 4332 ὲν
785 4279 995 4401 intra};
1021 4278 1327 4402 (ἒνέσεως
1349 4276 1429 4344 τῷ
1459 4274 1658 4330 Δαυΐδ.
1691 4272 1816 4329 ΝΔ’.

989 4363 1066 4401 πο
1104 4365 1258 4402 εσιίι.

989 4363 1258 4414 ποσεσις.

1979 3212 2152 3273 rogat.
2187 3201 2654 3275 [Quandoquidem
2683 3214 2884 3269 autem,
2906 3204 3003 3267 ait,
3046 3219 3243 3258 nomen
3282 3213 3433 3259 tuum
3464 3206 3554 3258 in-

1977 3308 2134 3359 voco,
2176 3294 2232 3347 in
2281 3296 2386 3349 hoc
2430 3295 2549 3363 ipso
2590 3295 2821 3349 salutem
2883 3294 3018 3348 mihi
3067 3295 3328 3364 praebeas.
3374 3294 3444 3348 Et
3487 3296 3552 3350 ira

1978 3387 2168 3441 virtute
2191 3395 2283 3440 tua
2311 3430 2327 3453 ,
2358 3388 2409 3441 id
2443 3395 2528 3442 est
2576 3388 2629 3441 in
2678 3385 2818 3442 Filio
2838 3396 2951 3453 tuo,
2969 3386 3236 3456 judicabis
3264 3403 3384 3452 me;
3409 3403 3473 3442 ac
3498 3387 3547 3441 si

1977 3482 2214 3536 diceret:
2249 3479 2368 3534 Non
2401 3480 2526 3535 aliis
2557 3479 2855 3548 judicibus,
2885 3478 2979 3534 sed
3003 3479 3188 3533 virtuti
3218 3490 3320 3533 tuae
3337 3480 3545 3533 exami—

1978 3575 2217 3628 nandum
2248 3588 2335 3628 me
2367 3572 2596 3644 tradas.]
2622 3571 2688 3625 Et
2715 3573 2770 3626 in
2794 3573 2988 3627 virtute
3018 3583 3111 3626 tua
3128 3572 3401 3641 judicabis
3440 3588 3542 3627 me.

1974 3661 2235 3718 Judicans
2257 3662 2403 3718 enim
2435 3678 2623 3717 eorum
2656 3676 2901 3726 causam,
2931 3662 3068 3716 alios
3100 3663 3355 3732 perniciei
3378 3661 3547 3716 tradi-

1974 3759 2074 3824 dit,
2107 3759 2245 3814 alios
2277 3759 2457 3815 salvos
2480 3758 2607 3814 fecit
2635 3759 2704 3814 ab
2735 3758 2991 3814 inimicis.

2044 3850 2099 3907 4.
2141 3850 2305 3915 Deus,
2356 3850 2552 3904 exaudi
2594 3850 2885 3903 orationem
2930 3863 3120 3903 meam.
3166 3847 3315 3902 Bono
3363 3846 3549 3900 animo

1975 3957 2153 3996 meam
2185 3941 2375 4009 excipe
2405 3940 2878 4009 supplicationem.
2915 3939 3144 3993 Auribus
3163 3938 3367 4006 percipe
3389 3935 3543 3989 verba

1975 4033 2083 4086 oris
2120 4033 2241 4086 mei.
2293 4031 2482 4086 Simile
2514 4032 2590 4085 illi
2625 4051 2638 4086 :
2674 4031 2743 4085 Et
2775 4047 2934 4094 nunc,
2974 4029 3215 4093 Domine,
3270 4026 3542 4081 considera

1974 4125 2146 4177 minas
2172 4138 2352 4175 eorum
2384 4122 2451 4175 το.

1974 4279 2026 4333 1.
2056 4276 2121 4333 In
2164 4278 2319 4348 ﬁnem
2360 4279 2415 4332 in
2460 4276 2667 4345 hymnis
2698 4273 2989 4328 intellectus
3018 4272 3117 4335 ipsi
3141 4271 3329 4327 David.
3364 4271 3515 4328 LIV.

2560 4347 2962 4416 Argumentum.

309 4478 391 4548 τῷ
422 4479 702 4550 Πνεύματι
733 4480 1015 4551 θεωρήσας
1050 4479 1078 4530 ὁ
1114 4478 1409 4549 Προφήτης
1438 4475 1506 4530 τά
1532 4476 1763 4546 ἐσόμενα
1786 4492 1880 4529 κα-

2024 4482 2189 4553 piritu
2238 4479 2507 4550 Propheta
2550 4476 2950 4546 contemplatus
2989 4486 3111 4542 qua!
3143 4470 3326 4526 futura
3361 4476 3545 4525 essent

372 4573 437 4627 τὰ
484 4571 723 4644 Χριστοῦ
760 4571 912 4643 παρά
953 4568 1048 4622 τοῦ
1085 4567 1350 4622 Ἰουδαίων
1396 4566 1525 4621 λαοῦ
1577 4567 1671 4620 καὶ
1711 4567 1876 4620 αὐτοῦ

370 4664 462 4718 τοῦ
501 4662 693 4727 Ἰούδα,
725 4661 902 4731 λύπης
930 4658 1306 4730 πληρούμενος
1332 4658 1427 4711 καὶ
1451 4656 1780 4728 ἀμηχανίας,
1809 4656 1877 4727 ἢν

371 4757 463 4810 καὶ
505 4752 879 4822 ἀδολεσχίαν
902 4752 960 4804 ἐν
987 4749 1066 4821 τῷ
1095 4750 1322 4821 παρόντι
1349 4748 1620 4820 ὠνόμασε,
1647 4746 1878 4801 διατελεῖ

371 4845 773 4919 ταραττόμενος
823 4843 918 4896 καὶ
974 4841 1195 4914 ἀπορῶν
1244 4842 1303 4895 ὲν
1342 4843 1457 4903 τοῖς
1487 4838 1872 4909 τολμωμένοις,

374 4938 682 5011 παρακαλεῖ
724 4935 815 4989 τὸν
864 4934 996 4987 Θεὸν
1030 4930 1387 4985 ἐνωτίσασθαι
1423 4931 1522 5002 τὴν
1568 4931 1875 5002 προσευχὴν

375 5029 557 5093 αὑτοῦ,
594 5029 691 5082 καὶ
724 5026 883 5081 τοῦτο
926 5023 1076 5095 αὐτῷ
1121 5026 1451 5095 παρασχεῖν
1485 5018 1603 5075 εἶτα
1629 5022 1878 5094 δεύτερον

376 5123 572 5190 γνῶναι
626 5121 729 5189 τὴν
776 5117 865 5170 διὰ
914 5117 1012 5187 τῆς
1059 5113 1367 5188 προσευχῆς
1415 5113 1876 5184 ἀναπεμπομένην

375 5212 580 5284 δέησιν
624 5211 719 5265 καὶ
743 5208 924 5281 τρίτον
953 5208 1050 5277 τὴν
1080 5207 1413 5260 κατάστασιν
1442 5203 1735 5258 θεάσασθαι
1778 5201 1874 5255 τοῦ

376 5304 467 5376 τὴν
521 5300 832 5375 προσευχὴν
878 5297 1327 5368 ἁναπέμποντος’
1378 5296 1470 5349 καὶ
1516 5295 1686 5358 οὕτως
1712 5296 1873 5349 αὐτὸν

378 5395 705 5461 καταξιῶσαι
760 5392 861 5462 τῆς
924 5389 1116 5443 ἐαυτοῦ
1186 5388 1386 5458 ἀκοῆς’
1450 5386 1532 5440 διὸ
1590 5386 1828 5455 ἐπιλέγει
1854 5403 1868 5417 ·

382 5487 641 5556 Πρόσχες
667 5501 793 5554 μοι,
826 5481 925 5535 καὶ
950 5478 1319 5534 είσάκουσόν
1345 5494 1483 5546 μου.

393 5575 698 5642 Ἐνώτισαι,
732 5578 767 5630 ὁ
806 5573 972 5638 Θεὸς,
1004 5569 1118 5640 τὴν
1164 5568 1513 5639 προσευχήν
1566 5586 1696 5623 αου.
1749 5571 1875 5622 Δια-

389 5761 429 5794 ⁸⁸
451 5761 595 5820 Joan.
650 5780 741 5820 xiv
761 5804 777 5831 ,

858 5759 911 5815 6,
990 5760 1037 5791 θ’
1074 5756 1091 5810 l
1125 5756 1252 5829 Reg.
1278 5773 1436 5822 χχιιι,
1472 5756 1570 5825 i9;
1610 5774 1756 5826 IX“,
1798 5760 2028 5829 Meuri-

2053 4575 2196 4628 mala
2244 4572 2465 4627 Christo
2514 4584 2611 4639 per
2661 4567 2878 4621 .Iudaeos
2921 4566 3091 4625 illata,
3132 4578 3196 4617 ac
3222 4579 3319 4633 per
3365 4561 3542 4631 ipsum

2049 4661 2267 4728 Judam,
2302 4660 2488 4715 dolore
2513 4659 2703 4728 plenus
2734 4665 2788 4711 et
2816 4655 3107 4718 anxietate,
3131 4668 3293 4722 quam
3327 4652 3379 4707 ir.
3408 4668 3545 4721 pra:-

2047 4755 2189 4811 senli
2217 4753 2646 4807 exercitationem
2669 4754 2823 4802 vocat
2859 4764 2872 4801 :
2903 4744 3246 4815 perturbatus
3275 4743 3549 4797 etdubius

2050 4845 2239 4908 animi,
2272 4844 2326 4897 in
2369 4835 2762 4895 considerando
2805 4831 3117 4903 hujusmodi
3159 4829 3396 4885 facinore
3428 4842 3547 4881 mo—

2045 4952 2163 4993 ram
2208 4931 2464 4995 extrahit,
2494 4936 2751 4997 rogatque
2779 4923 2946 4977 Deum
2989 4930 3050 4976 ut
3092 4921 3320 4974 auribus
3366 4916 3551 4986 perci-

2039 5033 2146 5101 pial
2189 5024 2490 5081 orationem
2513 5033 2690 5083 suam,
2724 5024 2777 5069 et
2802 5014 2854 5068 id
2881 5013 2984 5069 sibi
3019 5010 3314 5075 concedat;
3343 5022 3541 5101 secun-

2045 5095 2137 5182 do,
2164 5125 2225 5170 ut
2245 5110 2675 5167 obsecrationem
2700 5104 2952 5175 precibus
2972 5103 3224 5156 emissam
3255 5095 3550 5165 respiciat;

2051 5209 2233 5271 tertio,
2268 5213 2328 5258 ut
2357 5211 2556 5259 statum
2594 5196 2869 5268 precantis
2906 5192 3297 5260 contempletur
3330 5205 3345 5253 ;
3378 5195 3551 5254 atque

2049 5301 2123 5356 ita
2164 5298 2416 5369 dignetur
2457 5307 2582 5346 eum
2638 5288 2850 5354 audire,
2903 5282 3254 5356 quamobrem
3306 5277 3549 5346 adjicit;

2044 5389 2263 5445 Intende
2284 5385 2430 5448 mihi,
2463 5394 2510 5436 et
2535 5380 2727 5436 exaudi
2758 5395 2856 5432 me.

2052 5569 2102 5624 2.
2130 5566 2363 5631 Exaudi,
2408 5564 2571 5633 Deus,
2600 5562 2903 5633 ﬁorationem
2946 5570 3114 5611 meam
3137 5594 3154 5625 ,
3185 5562 3290 5610 etc.
3345 5549 3545 5607 Varias

2102 5758 2156 5803 7°.
2192 5756 2312 5812 Act.
2357 5768 2431 5818 Iv,
2459 5749 2545 5806 29.
