3976 6220
400 314 508 374 S51

1254 315 1311 366 S.
1352 311 1725 367 ATHANASH
1763 309 1915 366 OPP.
1956 309 2138 364 PARS
2175 310 2258 365 Ill.
2301 341 2369 351 ——
2403 308 2811 366 EXEGETICA.

3540 313 3649 369 25‘2

402 435 564 491 aﬂ‘ert
596 432 1056 504 supplicationes,
1090 448 1290 506 rogans
1330 433 1544 488 admitti
1593 433 1730 488 illas.
1773 430 1851 485 Ne
1879 431 1974 486 de-

2076 432 2275 501 φόρους
2322 432 2557 501 ἱκετείας
2584 433 2881 505 προσφέρει
2904 431 3159 503 δεχθῆναι
3187 432 3387 496 ταύτας
3430 433 3648 487 ἀντιδο-

404 528 628 598 spicias,
654 526 847 595 inquit,
867 540 954 579 me
970 525 1385 593 supplicantem,
1404 525 1499 579 sed
1518 524 1776 579 benevolo
1791 522 1975 576 animo

402 621 629 675 intende
653 619 808 683 mihi,
842 631 896 672 et
931 617 1193 671 auxilium
1224 616 1422 672 tribue.

475 713 529 767 5.
553 710 911 766 Contristatus
951 725 1068 763 sum
1109 710 1163 761 in
1194 709 1570 762 exercitatione
1596 724 1734 770 mea,
1765 716 1815 761 et
1849 722 1975 760 cont-

407 805 650 859 turbatus
674 821 812 859 sum.
839 802 1123 856 Anxietate
1144 816 1379 870 namque
1400 801 1594 869 plenus
1614 807 1752 865 erat,
1781 799 1972 854 videns

398 898 743 967 iniquitatem
780 896 834 950 in
865 893 1202 949 Salvatorem
1245 893 1563 956 admissam,
1589 907 1752 962 quam
1777 891 1973 946 exinde

400 989 562 1044 docet
605 988 690 1043 his
739 986 919 1041 verbis
952 1004 966 1040 :
999 987 1042 1040 A
1072 1002 1190 1040 voce
1221 985 1425 1038 inimici
1469 994 1518 1038 et
1549 1002 1582 1038 a
1631 983 1972 1038 tribulatione

400 1080 710 1151 peccatoris.
743 1079 934 1134 Totius
978 1088 1158 1133 autem
1199 1077 1482 1132 sententiae
1509 1091 1662 1130 mens
1697 1076 1812 1129 haec
1849 1084 1967 1130 est:

402 1172 650 1242 Respice,
676 1187 882 1242 quaeso,
918 1186 1081 1240 quam
1107 1169 1463 1225 contristatus
1485 1183 1628 1232 sum,
1660 1183 1823 1237 quam
1857 1176 1971 1221 tur-

399 1265 583 1330 batus,
637 1280 799 1334 quam
849 1261 1240 1318 exercitatione
1283 1258 1519 1330 repletus
1559 1274 1729 1314 sum:
1772 1258 1969 1327 hisque

399 1356 656 1411 admissis
682 1354 877 1409 exaudi
902 1368 1006 1408 me.

468 1446 585 1501 4-7.
629 1446 894 1511 Quoniam
941 1444 1333 1499 declinaverunt
1385 1443 1441 1495 in
1498 1455 1579 1494 me
1626 1438 1960 1508 iniquitates.

397 1536 747 1605 Quaecunque
800 1536 949 1590 enim
1013 1534 1274 1589 adversus
1342 1531 1681 1586 Salvatorem
1750 1526 1965 1582 accide-

395 1633 558 1691 runt,
614 1625 681 1679 ad
734 1639 890 1679 suam
948 1624 1065 1693 ipse
1109 1636 1409 1692 personam.
1457 1618 1638 1674 refert.
1702 1616 1850 1690 [Ilico
1907 1617 1964 1669 in

394 1733 486 1772 me
540 1719 955 1787 perpetrabant,
1007 1716 1076 1771 ob
1125 1716 1286 1769 illata!
1340 1714 1567 1783 jactura:
1618 1710 1960 1776 memoriam,

2079 526 2206 579 λῶν.
2229 527 2320 597 Μὴ
2344 526 2576 597 παρίδῃς
2597 527 2705 597 γάρ
2729 542 2815 595 με,
2850 524 3002 595 φησὶ,
3032 522 3412 594 ποτνιώμενον,
3429 525 3542 579 ἀλλ’
3557 527 3650 580 εὐ-

2083 614 2257 686 μενῶς
2289 632 2380 686 μοι
2406 615 2659 687 πρόσχες,
2688 615 2782 667 καὶ
2806 612 2903 684 τὴν
2943 612 3195 684 βοήθειαν
3218 612 3459 685 ὥρεξονν

2162 707 2499 777 Ἐλυπήθην
2535 708 2607 760 ἐν
2637 706 2713 775 τῇ
2759 706 3101 775 ἀδολεσχία
3120 723 3258 775 μου,
3302 706 3401 760 καί
3436 707 3646 778 ἐταρά-

2078 803 2252 871 χθην.
2271 799 2600 870 Ἀμηχανίας
2641 798 2750 870 γὰρ
2787 796 3105 868 ἐπληροῦτο,
3140 797 3349 868 βλέπων
3380 798 3475 869 τὴν
3503 802 3645 856 κατά

2077 893 2170 946 τοῦ
2202 893 2451 964 Σωτῆρος
2481 891 2767 961 γινομένην
2798 890 3159 962 παρανομίαν,
3182 891 3247 962 ῆν
3278 892 3373 945 καὶ
3402 892 3643 947 διδάσκει

2076 986 2271 1059 ἐφεξῆς
2298 986 2494 1054 λέγων·
2536 983 2668 1038 Ἀπὸ
2698 983 2903 1052 φωνῆς
2946 982 3162 1053 ἐχθροῦ
3212 984 3309 1037 καὶ
3360 984 3476 1038 ἀπὸ
3518 987 3645 1039 θλί-

2074 1081 2234 1146 ψεως
2280 1075 2723 1147 ἁμαρτωλοῦ.’0
2756 1075 2812 1128 δέ
2859 1077 2967 1138 πᾶς
3017 1072 3140 1139 νοῦς
3182 1066 3353 1138 οὗτος*
3401 1075 3643 1146 Πρόσχες

2074 1170 2222 1232 ὅπως
2271 1167 2564 1239 ἐλυπήθην,
2609 1167 2759 1228 ὅπως
2801 1165 3124 1237 ἐταράχθην,
3165 1166 3313 1228 ὅπως
3359 1165 3644 1238 ἀδολεσχίᾳ

2072 1261 2476 1332 πεπλήρωμαιο
2529 1256 2923 1328 ἁποδεξάμενός
2969 1274 3027 1310 τε
3075 1256 3268 1321 ταῦτα,
3324 1257 3642 1310 είσάκουσόν

2113 1371 2195 1411 OU'.

2075 1370 2263 1495 μιοὶ’ὁτι
2306 1440 2625 1506 ἐξέκλιναν
2670 1439 2762 1493 ἐπ’
2789 1437 2894 1508 ἐμὲ
2935 1440 3191 1508 ανομίαι.
3219 1438 3402 1493 Πάντα
3432 1439 3641 1512 γὰρ-τὰ

2067 1534 2208 1588 κατὰ
2237 1534 2330 1586 τοῦ
2358 1534 2606 1605 Σωτῆρος
2644 1531 2924 1602 συμϐάντα
2954 1531 3089 1602 πρὸς
3115 1531 3176 1585 τὸ
3197 1533 3394 1586 οἰκεῖον
3438 1533 3640 1603 ἀναφέ-

2072 1644 2155 1699 ρει
2188 1628 2496 1700 πρόσωπον.
2546 1625 2682 1698 [Διὰ
2716 1624 3076 1696 μνησικακίαν
3107 1641 3196 1695 μοι
3226 1623 3398 1678 ταῦτα
3424 1625 3637 1695 ἐποίουν

2067 1718 2347 1789 τεχθεῖσαν
2380 1717 2439 1783 ἐξ
2468 1718 2636 1789 ὀργῆς
2669 1717 2885 1785 ἀλόγου.
2920 1716 3092 1777 Κότος
3125 1718 3158 1785 ὴ
3191 1716 3446 1786 ἐπίμονος
3474 1717 3633 1789 ὀργή.

394 1823 463 1862 ex
529 1807 887 1863 irrationabili
949 1808 1028 1862 ira
1095 1816 1425 1861 manentem.
1494 1806 1576 1860 lra
1639 1817 1964 1874 permanens

2065 1811 2163 1865 Διὰ
2193 1811 2395 1880 ταύτην
2422 1812 2480 1864 δὲ
2506 1812 2604 1882 τὴν
2637 1810 2816 1864 αἰτίαν
2849 1808 3101 1880 περιδεὴς
3138 1810 3403 1881 ἐγενόμην
3429 1811 3524 1862 καὶ
3547 1827 3639 1865 τε-

394 1898 678 1952 iracundia
749 1907 995 1953 vocatur.
1065 1897 1140 1952 Ea
1204 1912 1337 1952 vero
1408 1897 1476 1952 de
1544 1910 1711 1951 causa
1774 1892 1964 1947 formi-

392 1988 618 2045 dolosus
637 2005 807 2056 eram,
833 1999 995 2060 atque
1021 1990 1293 2053 turbatus,
1316 1997 1398 2054 ut,
1435 1996 1611 2043 morte
1634 1987 1747 2057 jam
1783 1984 1965 2039 immi-

394 2089 577 2147 nente,
613 2090 774 2150 atque
817 2081 869 2135 in
927 2089 1135 2136 tantam
1188 2080 1359 2135 animi
1400 2079 1859 2135 concertationem
1908 2084 1963 2131 et

390 2172 740 2229 formidinem
774 2175 962 2240 incidi,
996 2185 1056 2229 ut
1076 2190 1144 2230 ne
1171 2174 1383 2229 radium
1411 2170 1629 2243 quidem
1652 2170 1794 2225 lucis
1815 2169 1962 2224 vide-

389 2280 529 2331 rem,
566 2266 656 2321 sed
700 2267 755 2321 in
800 2266 1037 2322 tenebris
1081 2250 1332 2336 degerem
1371 2282 1385 2318 :
1428 2263 1796 2334 putabamque
1839 2274 1960 2314 om-

390 2358 544 2412 nium
581 2373 761 2412 rerum
789 2359 1049 2427 optimam
1084 2372 1206 2413 esse
1234 2355 1440 2426 fugam,
1461 2370 1525 2410 ac
1548 2353 1811 2424 rogabam
1840 2352 1959 2407 dari

390 2450 526 2505 mihi
574 2450 688 2506 alas
739 2449 988 2504 avolandi
1040 2464 1227 2515 causa,
1280 2456 1342 2502 ut
1389 2447 1516 2502 alibi
1571 2443 1960 2518 quiescerem]

390 2538 497 2594 Cor
529 2555 700 2593 meum
725 2539 1095 2593 conturbatum
1128 2545 1205 2591 est
1228 2539 1282 2590 in
1308 2553 1407 2603 me,
1436 2544 1488 2591 et
1519 2536 1748 2604 formido
1772 2537 1959 2590 mortis

388 2630 576 2683 cecidit
595 2646 750 2699 super
774 2646 872 2683 me.
899 2631 1039 2684 Ecce
1067 2644 1162 2684 cor
1185 2644 1388 2693 meum,
1409 2629 1609 2698 inquit,
1634 2629 1818 2683 omnia
1841 2644 1959 2684 mea

387 2720 652 2776 interiora
690 2722 882 2776 evertit
910 2740 923 2776 :
954 2722 1064 2775 imo
1093 2722 1254 2775 etiam
1292 2721 1522 2785 formido
1555 2722 1743 2777 mortis
1768 2722 1958 2776 cecidit

387 2828 544 2883 super
590 2829 691 2867 me.
748 2811 1017 2867 Nimirum
1059 2814 1166 2868 hoc
1186 2814 1254 2869 de
1295 2811 1594 2867 Salvatoris
1636 2823 1809 2868 morte
1860 2813 1958 2880 ait,

385 2903 457 2956 ob
510 2916 674 2971 quam
737 2900 1024 2957 formidine
1073 2902 1267 2970 plenus
1321 2900 1593 2971 Propheta
1645 2909 1798 2968 erat,
1854 2903 1957 2956 bu-

387 3010 550 3049 mana
572 3005 851 3064 permotus
883 2994 1211 3065 cogitatione
1243 3009 1258 3046 :
1303 3001 1398 3048 aut
1425 2995 1492 3048 de
1527 3001 1704 3049 morte
1743 2995 1955 3048 anima--

384 3102 531 3153 rum,
559 3101 696 3157 quas
730 3102 825 3155 per
870 3085 985 3141 baac
1023 3083 1267 3141 facinora
1302 3085 1359 3140 in
1396 3086 1622 3141 exitium
1666 3100 1827 3140 ruere
1871 3084 1957 3139 fu—

2064 1903 2423 1976 ταραγμένος,
2447 1904 2523 1967 ὡς
2551 1904 2868 1968 ἐπιστάντος
2899 1920 2987 1974 μοι
3019 1903 3118 1974 ἥδη
3146 1900 3241 1955 τοῦ
3275 1902 3636 1967 θανάτου,καὶ

2062 1996 2296 2069 τοσαύτη
2325 2014 2412 2067 μοι
2436 1992 2597 2067 ἦλθεν
2625 1996 2830 2065 ἀγωνία
2855 1997 2949 2049 καὶ
2975 1995 3157 2063 φόϐος,
3191 1995 3267 2058 ὡς
3302 1995 3435 2066 μηδέ
3461 1996 3635 2053 δοκεῖν

2061 2086 2162 2155 τὴν
2192 2087 2383 2139 ἀκτῖνα
2412 2086 2641 2156 φαίνειν,
2673 2085 2783 2139 ἀλλ’
2816 2085 3123 2139 ἐσκοτίσθαι
3146 2103 3163 2117 ο
3187 2086 3281 2139 καὶ
3306 2085 3636 2159 ἐλογισάμην

2061 2179 2159 2250 τὴν
2195 2177 2370 2250 φυγὴν
2402 2174 2539 2232 εἶναι
2574 2159 2789 2233 πάντων
2815 2179 3040 2249 ἀμείνω,
3075 2178 3167 2231 καὶ
3197 2178 3442 2250 ηὐχόμην
3476 2178 3635 2248 γενέ-

2064 2268 2188 2321 σθαι
2236 2286 2325 2339 μοι
2369 2269 2643 2340 πτέρυγας
2685 2269 2778 2321 ἐπὶ
2812 2268 2889 2339 τῷ
2926 2269 3254 2339 μεταστῆναι
3280 2267 3375 2322 uoti.
3400 2269 3632 2339 ἀλλαχοῦ

2061 2357 2455 2430 καταπαῦσαι.]
2492 2358 2554 2415 Ἠ
2577 2357 2789 2427 καρδία
2806 2376 2926 2428 μου
2950 2357 3242 2426 ἐταράχθη
3269 2358 3338 2410 ἐν
3356 2357 3503 2428 ἐμοὶ,
3533 2359 3636 2413 καὶ

2060 2445 2253 2501 δειλία
2296 2447 2552 2502 θανάτου
2596 2446 2892 2501 ἐπέπεσεν
2929 2448 3021 2501 ἐπ’
3047 2446 3170 2516 ἐμέ.
3186 2447 3316 2500 Ἰδοὺ
3358 2450 3392 2519 ἡ
3439 2450 3634 2519 καρδία

2063 2556 2186 2611 μου,
2215 2540 2368 2611 φησὶ,
2396 2538 2676 2611 διέστρεψε
2708 2537 2777 2591 τὰ
2808 2538 2953 2592 ἔνδον
2981 2555 3081 2609 μου
3102 2557 3116 2570 ’
3154 2538 3289 2593 ἀλλὰ
3317 2540 3412 2594 καὶ
3441 2540 3635 2595 δειλία

2061 2627 2319 2682 θανάτου
2371 2626 2667 2681 ἐπέπεσεν
2711 2626 2803 2679 ἐπ’
2833 2626 3119 2696 ἐμέ.Ἢτοι
3145 2626 3203 2680 δέ
3229 2626 3321 2681 τοῦ
3363 2629 3654 2699 σωτηρίου.

2060 2717 2287 2772 θανάτου
2333 2717 2500 2786 λέγει,
2528 2718 2611 2785 ἐφ’
2634 2710 2679 2784 ᾧ
2720 2716 2921 2780 δειλίας
2945 2719 2973 2770 ὁ
3007 2718 3294 2788 Προφήτης
3330 2717 3636 2789 ἐπληροῦτο

2059 2810 2383 2882 ἀνθρωπίνῳ
2425 2809 2668 2881 λογισμῷ
2711 2807 3061 2879 κινούμενοςο
3092 2809 3126 2879 ἢ
3172 2808 3266 2861 τοῦ
3309 2808 3417 2861 τῶν
3444 2808 3633 2879 ψυχῶν

2060 2901 2312 2963 θανάτου,
2345 2902 2453 2955 τῶν
2494 2901 2822 2954 ἀπόλλυσθαι
2866 2900 3164 2970 μελλόντων
3189 2900 3278 2953 διὰ
3307 2900 3377 2954 τὰ
3409 2900 3632 2956 τοιαῦτα

2056 2992 2400 3064 τολμήματα.
2419 2991 2577 3045 Ἀλλά
2597 2992 2778 3061 φόϐος
2802 2992 2894 3044 καὶ
2920 2994 3133 3059 τρόμος
3143 2991 3376 3044 ἐπέπεσε
3396 2990 3471 3062 τῷ
3492 2993 3631 3064 Προ-

2061 3084 2204 3154 φήτῃ
2232 3081 2427 3154 ὁρῶντι
2450 3082 2539 3135 τὸν
2561 3082 2842 3152 ἀγαπητὸν
2868 3081 2978 3152 (21)
3010 3080 3102 3134 τοῦ
3126 3081 3259 3135 Θεοῦ
3285 3082 3509 3138 τοιαῦτα
3528 3084 3633 3140 ὑπὸ

385 3186 570 3233 turum
607 3187 743 3233 erat.
777 3178 885 3233 Sed
917 3179 1080 3232 etiam
1111 3179 1266 3231 timor
1300 3186 1354 3233 et
1395 3187 1588 3232 tremor
1627 3178 1955 3248 Prophetam

2065 3175 2167 3229 τῶν
2196 3173 2405 3229 ἀσεϐῶν
2436 3174 2731 3245 πάσχοντα,
2749 3174 3005 3241 ἔκρυπτε
3029 3174 3085 3226 δέ
3114 3175 3273 3227 αὑτὸν
3292 3177 3531 3243 σκότος,
3553 3178 3631 3240 ὡς

385 3269 586 3325 invasit
614 3279 921 3325 cernentem
945 3270 1203 3326 dilectum
1233 3270 1330 3326 Dei
1360 3272 1473 3326 haec
1507 3272 1576 3326 ab
1605 3271 1786 3339 impiis
1808 3271 1953 3341 pati;

384 3370 729 3415 contexerant
764 3370 944 3415 autem
964 3377 1086 3415 eum
1128 3362 1373 3429 tenebrte,
1399 3363 1528 3431 quia
1565 3361 1774 3416 scilicet
1804 3370 1957 3416 tene-

385 3452 501 3507 bris
532 3453 693 3522 digna
727 3460 1047 3523 cssentquae
1084 3452 1348 3508 adversus
1372 3450 1713 3507 Salvatorcm
1745 3461 1958 3523 patrata

386 3552 535 3600 sunt.
572 3543 777 3599 Exinde
819 3558 949 3599 vero
993 3545 1151 3614 quasi
1199 3544 1423 3599 relictus
1465 3545 1519 3599 in
1559 3545 1738 3600 medio
1766 3560 1955 3601 eorum

393 3634 477 3704 xui
514 3635 629 3690 haec
659 3644 899 3704 agerent,
931 3636 1080 3689 nullo
1112 3635 1304 3692 relicto
1328 3635 1511 3707 eﬁ‘ugii
1547 3636 1691 3702 loco,
1719 3652 1820 3692 nec
1846 3652 1957 3707 quo

381 3727 677 3782 declinaret
709 3742 739 3780 a
769 3727 935 3783 tantis
961 3726 1120 3783 malis
1144 3726 1374 3792 habens,
1406 3736 1663 3797 precatur
1700 3743 1760 3783 se
1785 3728 1958 3784 subli-

383 3835 526 3875 mem
551 3819 689 3890 rapi,
720 3827 879 3889 atque
908 3820 1081 3875 instar
1115 3818 1231 3873 avis
1266 3833 1364 3888 per
1389 3833 1571 3874 aerem
1605 3820 1845 3875 avolare.

455 3934 510 3990 9.
551 3933 937 4003 Exspectabam
966 3932 1133 3987 Deum
1164 3935 1253 3998 qui
1290 3932 1498 3987 salvum
1521 3949 1601 3987 me
1627 3933 1771 4003 fecit,
1801 3950 1835 3987 a
1857 3950 1958 4003 pu-

377 4026 749 4082 sillanimitate
804 4027 1020 4095 spiritus
1070 4034 1121 4080 et
1179 4034 1498 4095 tempestate.
1554 4023 1953 4096 Tempestatcm

381 4126 539 4170 vocat
570 4116 815 4170 dolorem
847 4116 949 4171 sibi
974 4130 1070 4184 per
1101 4114 1414 4184 passionem
1439 4115 1704 4170 oblatum.

451 4206 540 4260 10.
572 4207 832 4270 Quoniam
875 4207 981 4260 vidi
1024 4207 1359 4276 iniquitatem
1387 4214 1438 4261 et
1479 4206 1953 4262 contradictionem

376 4298 435 4352 in
466 4298 696 4352 civitate.
727 4298 938 4353 Causas
980 4300 1204 4368 apponit
1235 4315 1336 4356 cur
1373 4316 1469 4357 eas
1497 4316 1686 4371 preces
1725 4301 1948 4357 fuderit.

450 4466 638 4520 15-15.
681 4465 945 4530 Quoniam
982 4467 1027 4519 si
1063 4467 1309 4521 inimicus
1364 4467 1725 4522 maledixisset
1790 4466 1941 4532 mihi,
1976 4476 2020 4531 D

372 4557 748 4612 sustinuissent
793 4557 991 4627 utique.
1040 4555 1167 4611 Haec
1205 4558 1274 4612 ad
1316 4573 1607 4628 personam
1653 4558 1948 4627 proditoris

369 4649 496 4719 jure
526 4642 850 4703 referantur.
891 4647 968 4703 Tu
997 4666 1134 4716 vero,
1163 4651 1315 4704 homo
1344 4653 1631 4719 unanimis,
1669 4653 1778 4705 dua:
1806 4668 1948 4707 meus

370 4751 424 4797 et
447 4752 600 4797 notus
627 4759 792 4796 meus.
815 4741 984 4809 Quasi
1002 4744 1165 4807 dicat,
1186 4745 1229 4797 A
1257 4760 1344 4799 me
1377 4746 1488 4800 dux
1510 4745 1842 4801 constitutus
1864 4762 1945 4811 es,

368 4831 542 4889 Judas
586 4834 815 4888 scilicet.
859 4834 964 4900 Qui
1013 4836 1172 4888 simul
1221 4850 1421 4889 mecum
1475 4836 1653 4890 dulces
1702 4839 1944 4906 cupiebas

371 4923 538 4979 cibos.
588 4923 820 4980 Perinde
867 4934 952 4981 est
997 4942 1061 4981 ac
1102 4928 1148 4981 si
1183 4927 1390 4982 diceret
1429 4945 1440 4980 :
1480 4928 1740 4997 Ejusdem
1802 4946 1946 5000 saepe

372 5031 578 5071 mensae
618 5031 846 5072 consors
888 5014 1057 5071 luisti.
1116 5016 1183 5070 In
1209 5018 1364 5072 domo
1419 5017 1514 5072 Dei
1554 5018 1941 5074 ambulavimus

374 5125 493 5161 cum
527 5125 804 5165 consensu.
835 5107 950 5163 Hoc
975 5109 1051 5163 ait
1075 5109 1203 5179 quia
1234 5125 1376 5180 sazpe
1401 5125 1525 5166 cum
1565 5111 1659 5166 illo
1704 5112 1759 5166 in
1798 5122 1941 5167 tem-

371 5198 525 5270 plum
556 5208 923 5255 concesserat.

442 5289 529 5343 16.
582 5288 767 5345 Veniat
797 5307 938 5344 mors
967 5307 1122 5360 super
1151 5291 1295 5355 illos,
1341 5300 1390 5346 et
1430 5292 1746 5347 descendant
1780 5296 1836 5348 in
1859 5296 1943 5348 in-

374 5378 575 5445 fernum
603 5385 844 5437 viventes.
878 5382 1325 5452 Quandoquidem
1371 5385 1661 5442 noluerunt
1693 5395 1745 5441 te
1776 5388 1941 5441 vitam

373 5470 640 5538 accipere,
667 5474 788 5529 ideo
829 5489 979 5529 mors
1009 5474 1241 5542 excipiet
1269 5490 1384 5531 eos.
1418 5474 1552 5530 Illud
1585 5488 1764 5532 autem
1795 5497 1808 5532 :
1842 5478 1945 5531 De-

374 5559 624 5614 scendunt
647 5562 699 5614 in
720 5563 987 5631 infernum
1014 5566 1259 5632 virentes,
1289 5567 1416 5637 quia
1431 5568 1683 5625 videlicet
1709 5571 1942 5630 scientes

449 5711 559 5783 .zl)
598 5711 728 5771 Vide
755 5717 1041 5776 Onomast.
1074 5724 1141 5781 ad
1176 5741 1363 5781 vocem
1383 5727 1703 5799 ’Ᾱγαπητός-

2061 3265 2127 3321 ἂν
2164 3265 2355 3319 σκότου
2390 3264 2606 3335 ἀληθῶς
2634 3264 2759 3330 ἀξια
2811 3265 2880 3318 τὰ
2925 3265 3066 3318 κατὰ
3095 3264 3188 3318 τοῦ
3214 3254 3474 3336 Σωτῆρος
3494 3267 3634 3338 δρώο

2062 3373 2217 3427 μενα.
2250 3351 2402 3419 Εἶτα,
2436 3355 2626 3425 ὥσπερ
2657 3353 3004 3424 ἀπολειφθεὶς
3043 3356 3101 3407 ἐν
3150 3355 3298 3426 μέσῳ
3321 3356 3429 3409 τῶν
3457 3356 3630 3410 ταῦτα

2056 3446 2327 3519 δρώντων,
2358 3448 2493 3518 μήτε
2531 3447 2657 3516 μίαν
2690 3464 2749 3499 τε
2790 3446 2927 3516 ἔχων
2972 3447 3281 3518 ἀποφυγὴν,
3327 3447 3461 3518 μηδὲ
3506 3450 3630 3504 artos

2057 3538 2242 3602 κλίνας
2278 3537 2469 3592 ἑαυτὸν
2497 3538 2654 3600 ἐκτὸς
2684 3536 2793 3591 τῶν
2818 3537 3001 3591 κακῶν
3028 3538 3257 3607 γένοιτο,
3287 3538 3502 3610 εὔχεται
3531 3556 3629 3611 μεφ

2055 3630 2262 3703 τέωρος
2302 3631 2625 3704 ἐπαρθῆναι,
2663 3630 2757 3684 καλ⁹
2801 3630 3001 3702 πτηνὸς
3044 3631 3334 3701 γενόμενος
3372 3631 3437 3684 δι’
3467 3631 3631 3704 ἀέρος

2056 3724 2330 3792 ἐκφυγεῖν.

2124 3927 2589 3996 Προσεδεχόμην
2618 3926 2727 3981 τόν
2760 3925 2907 3980 Θεὸν
2929 3925 3193 3987 σώζοντὰ
3224 3943 3323 3997 με,
3349 3926 3467 3981 ἀπὸ
3505 3927 3631 3981 ὀλιο

2055 4015 2353 4084 γοψυχιάς
2384 4015 2483 4067 καὶ
2509 4015 2623 4068 ἀπὸ
2658 4015 3012 4085 καταιγίδος.
3040 4016 3341 4085 Καταιγίδα
3371 4017 3634 4086 ὀνομάζει

2053 4105 2152 4175 τὴν
2183 4105 2271 4158 διὰ
2297 4104 2392 4158 τοῦ
2423 4106 2628 4170 πάθους
2660 4107 2807 4178 αὑτῷ
2840 4107 3124 4177 συμϐᾶσαν
3147 4108 3343 4180 λύπην.

2126 4196 2246 4248 Ὅτι
2272 4192 2436 4250 εἶδον
2456 4198 2712 4267 ἀνομίαν
2736 4199 2833 4252 καὶ
2865 4200 3211 4269 ἀντιλογίαν
3231 4201 3300 4254 ἐν
3322 4199 3399 4269 τῇ
3425 4203 3625 4257 πόλει.

2052 4285 2241 4341 Δίτίαν
2281 4288 2613 4359 παρατίθησι
2644 4289 2710 4342 δι’
2738 4289 2805 4361 ἣν
2839 4290 2932 4343 καὶ
2968 4291 3068 4362 τὴν
3100 4292 3407 4362 προσευχὴν
3437 4294 3628 4361 artati;-

2059 4392 2212 4431 σατο.

2122 4472 2260 4536 Ὅτι,
2288 4474 2338 4525 εὶ
2365 4472 2577 4541 ἐχθρός
2602 4472 2874 4528 ὠνείδισέ
2892 4490 2990 4543 με,
3023 4472 3334 4543 ὑπήνεγκα
3364 4472 3459 4528 ἄν.
3478 4473 3625 4527 Ταῦὲ

2047 4578 2117 4615 τα
2146 4564 2226 4625 είς
2250 4563 2540 4633 πρόσωπον
2566 4565 2660 4618 τοῦ
2688 4565 2947 4636 προδότου
2975 4564 3360 4636 ἁναφέροιτ¹ἂν
3374 4565 3619 4629 δικαίως.
3651 4603 3659 4611 -

2047 4653 2134 4707 Σὺ
2163 4652 2249 4717 δὲ,
2274 4653 2545 4722 ἄνθρωπε
2574 4658 2854 4726 ίσόψ-υχε,
2880 4655 3114 4727 ἡγεμών
3129 4674 3248 4725 μου
3269 4656 3365 4710 καὶ
3392 4659 3625 4727 γνωστέ

2043 4761 2184 4813 μου.
2201 4744 2348 4797 Ἀντὶ
2376 4745 2491 4811 τοῦ,
2513 4748 2869 4818 Κατεστάθης
2894 4745 3121 4818 ἡγεμὼν
3152 4748 3244 4800 ὑπ’
3261 4747 3417 4818 ἐμοῦ,
3441 4750 3469 4800 ὁ
3485 4749 3622 4802 Ἰού-

2045 4834 2142 4897 δας
2170 4833 2541 4905 δηλονότι.Ὂς
2572 4837 2668 4891 ἐπὶ
2698 4837 2764 4890 τὸ
2807 4836 2953 4890 αὐτὸ
2976 4837 3315 4906 ἐγλύκανάς
3352 4855 3455 4907 μοι
3493 4838 3624 4893 ἐδέ-

2044 4926 2493 4997 σματα.’¹ομοιον
2513 4927 2646 4980 ὡσεὶ
2669 4927 2840 4997 λέγοι*
2859 4926 2972 4997 Τῆς
3000 4927 3167 4998 αὐτῆς
3188 4928 3465 4999 τραπέζης
3488 4931 3621 4983 πολ-

2043 5019 2201 5082 λάκις
2232 5018 2552 5090 ἠξιωμένος.
2588 5022 2685 5073 Ἐν
2709 5018 2789 5086 τῷ
2818 5021 2962 5087 οῑκῳ
2994 5020 3099 5073 τοῦ
3131 5020 3277 5074 Θεοῦ
3298 5022 3620 5090 ἐπορεύθη-

2037 5129 2152 5181 μεν
2183 5112 2252 5165 ἐν
2290 5114 2554 5180 ὁμονοίᾳ.
2580 5112 2751 5165 Τοῦτό
2800 5112 3058 5182 φησινδιὰ
3100 5112 3160 5165 τὺ
3206 5111 3617 5184 συνεληλυθέναι

2043 5205 2191 5275 αὐτῷ
2217 5205 2476 5268 πολλάκις
2509 5205 2588 5268 εἰς
2622 5206 2682 5258 τὸ
2711 5205 2874 5277 ἱερόν.

2125 5311 2368 5364 Ὲλθέτω
2390 5311 2466 5378 δὴ
2493 5310 2746 5377 θάνατος
2771 5311 2864 5363 ἐπ’
2888 5312 3129 5379 αὐτοὺς,
3154 5312 3251 5366 καὶ
3279 5310 3616 5380 καταϐήτω-

2042 5416 2164 5455 σαν
2185 5405 2272 5468 είς
2301 5402 2448 5469 ᾅδου
2475 5400 2703 5468 ζῶντες.
2724 5403 2942 5474 Ἐπειδὴ
2976 5405 3075 5457 οὐκ
3100 5403 3360 5475 ἐθέλησάν
3410 5419 3469 5455 σε
3514 5403 3614 5473 τὴν

2045 5490 2188 5561 ζωὴν
2234 5490 2659 5566 παραδέξασθαι,
2703 5492 2874 5564 ταύτῃ
2919 5510 3000 5545 τοι
3048 5492 3270 5555 θάνατος
3316 5491 3611 5556 διαδέξεται

2044 5580 2259 5645 αὐτούς.
2300 5581 2373 5635 Τὸ
2402 5582 2477 5651 δὲ,
2511 5583 2946 5651 Καταϐήτωσαν
2975 5587 3060 5650 είς
3094 5582 3240 5651 ᾅδου
3267 5581 3498 5652 ζῶντες,
3526 5584 3609 5640 ὅτι
