3976 6220
323 365 433 425 253

1440 361 1806 423 EXPOSITIO
1842 363 1911 419 IN
1949 364 2293 427 PSALMUM.
2324 368 2439 428 LV.

3470 372 3581 429 ΞΜ

326 491 410 562 δὴ,
444 490 799 558 γινώσκοντες
828 486 988 543 αὐτὸν
1012 486 1147 543 εἶναι
1188 490 1277 543 τὸν
1321 491 1674 563 κληρονόμον,
1709 489 1860 545 εἷπον
1877 510 1890 522 ·

2021 509 2176 563 psum
2209 497 2477 552 han-edem
2522 510 2666 562 esse,
2706 494 2981 556 dixerunt,
3037 488 3232 552 Venite,
3275 489 3576 546 occidamus

328 582 523 646 Δεῦτε,
547 582 991 652 ἀποκτείνωμεν
1020 582 1206 637 αὐτόν
1229 600 1243 612 ’
1278 582 1374 654 τὴν
1408 583 1516 656 γὰρ
1550 585 1749 652 γνῶσιν
1779 585 1891 638 ἀντὶ

2019 604 2115 641 tum
2152 587 2197 619 τί
2228 605 2243 654 ;
2285 603 2412 643 nam
2440 586 2810 657 cognitionem
2842 598 2941 654 pro
2967 581 3077 634 vita
3108 581 3309 649 posuit.

330 676 426 747 τῆς
450 674 598 746 ζωῆς
632 674 916 728 ὲτεθείκει.

411 765 553 834 Ἐγὼ
572 762 724 834 πρὸς
751 765 858 818 τὸν
878 764 1023 818 Θεὸν
1045 763 1355 834 ἐκέκραξα,
1374 766 1470 820 καὶ
1497 768 1529 821 ό
1547 766 1760 834 Κύριος
1777 767 1901 819 εἱσ-

329 857 554 925 ήκουσέ
573 857 873 926 μου..Ἐγὼ
920 856 1054 928 πρὸς
1098 855 1187 910 τὸν
1225 857 1357 911 Θεὸν
1395 858 1684 929 ἐκέκραξα.
1713 859 1821 912 Καὶ⁵
1848 857 1900 909 τί

340 948 672 1021 ὲκέκραξεν;
731 947 764 1018 ἢ
815 946 1153 1018 λυτρωθῆναι
1203 949 1303 1021 τὴν
1356 948 1534 1022 ψυχὴν
1576 949 1739 1003 αὐτοῦ
1794 949 1901 1004 ἀπὸ

330 1039 433 1093 τῶν
463 1038 771 1109 ζητούντων
801 1036 1063 1092 ἀπολέσαι
1103 1038 1292 1109 αὐτήν.
1322 1038 1414 1091 Διὸ
1437 1038 1504 1108 δὴ
1535 1038 1628 1093 καὶ
1653 1040 1903 1110 είσήκου-

334 1148 471 1186 σται.

408 1222 700 1292 Ἐσπέρας
723 1222 820 1276 καί
850 1222 994 1291 πρωί
1020 1223 1118 1277 καί
1134 1224 1504 1293 μεσημϐρίας
1524 1223 1899 1296 διηγήσομαι.

343 1314 485 1366 ’Δντὶ
512 1313 630 1379 τοῦ,
661 1313 736 1368 Οὐ
766 1315 1045 1384 παύσομαι
1070 1314 1442 1385 διηγούμενος,
1460 1316 1543 1369 ὅτι
1567 1315 1629 1386 δὴ
1656 1316 1903 1369 εἰσακού-

334 1423 428 1470 σας
455 1405 794 1476 λελύτρωσαι
823 1405 919 1476 τὴν
946 1405 1126 1476 ψυχήν
1162 1424 1284 1476 μου.

400 1497 520 1551 Ὀτι
567 1497 640 1551 ἐν
684 1498 937 1563 πολλοῖς
978 1493 1141 1568 ἦσαν
1179 1497 1300 1551 σὺν
1339 1497 1469 1567 ἐμοί
1475 1499 1617 1554 ,Ὅτι
1644 1500 1692 1552 oi
1719 1498 1903 1552 πολλοὶ

336 1589 580 1643 συνίεσαν
610 1588 759 1660 (12‘).
792 1591 909 1642 κατ’
939 1589 1072 1660 ἐμοῦ
1105 1588 1416 1660 βουλόμενοι
1448 1590 1546 1660 τὴν
1571 1589 1749 1661 ψυχήν
1792 1608 1893 1660 μου

335 1680 586 1752 ἐξαίρειν.

401 1775 481 1827 Οὐ
508 1771 619 1843 γάρ
645 1772 816 1826 ἐστιν
857 1770 1061 1837 αὐτοῖς
1103 1772 1515 1841 ἀντάλλαγμα.
1552 1769 1903 1841 Ταπεινωθή-

2068 765 2157 819 17.
2198 764 2309 837 Ego
2363 776 2538 821 autem
2583 765 2652 820 ad
2693 763 2861 819 Deum
2910 761 3172 824 clamavi,
3212 768 3260 812 et
3315 756 3575 813 Dominus

1999 856 2268 911 exaudivit
2298 873 2396 911 me.
2434 856 2547 929 Ego
2590 857 2656 911 ad
2706 854 2997 909 Dominum
3041 850 3303 907 clamavi.
3369 850 3576 920 Ecquid

2001 950 2314 1004 clamavit?
2370 951 2478 1005 nisi
2535 958 2594 1004 ut
2645 949 2948 1019 eriperetur
3002 945 3182 1000 anima
3205 947 3324 1016 ejus
3392 948 3461 1003 ab
3508 947 3576 1001 iis

2000 1039 2093 1109 qui
2136 1055 2256 1094 eam
2304 1042 2529 1110 perdere
2564 1041 2900 1110 quaerebant.
2950 1037 3318 1106 Quamobrem
3348 1040 3575 1095 exaudi-

2000 1143 2090 1188 tus
2116 1141 2214 1186 est.

2076 1221 2164 1275 18.
2222 1219 2438 1289 Vespere
2478 1230 2528 1274 et
2569 1235 2722 1273 mane
2761 1228 2811 1274 et
2844 1221 3062 1275 meridie
3102 1223 3356 1278 narrabo.
3403 1223 3574 1290 Quasi

2002 1312 2183 1368 dicat:
2217 1310 2336 1365 Non
2382 1310 2544 1365 finem
2594 1310 2788 1365 faciam
2838 1313 3161 1380 enarrandi,
3217 1314 3361 1384 quod
3400 1330 3574 1369 exau-

2002 1406 2156 1461 diens
2184 1419 2271 1458 me
2296 1402 2593 1457 redemeris
2617 1402 2856 1456 animam
2886 1418 3082 1457 meam.

2076 1497 2162 1552 i9.
2206 1496 2469 1561 Quoniam
2515 1497 2651 1549 inter
2706 1495 2899 1549 multos
2946 1504 3098 1549 erant
3145 1510 3368 1548 mecum.
3424 1491 3575 1559 Quo-

2003 1589 2148 1643 niam
2195 1588 2352 1643 multi
2392 1595 2764 1643 convenerunt
2797 1598 2985 1642 contra
3033 1602 3141 1653 me,
3174 1588 3417 1642 volentes
3447 1583 3573 1639 ani-

2003 1696 2148 1735 mam
2186 1678 2400 1734 auferre
2429 1678 2583 1732 mihi.

2073 1771 2164 1827 20.
2210 1770 2334 1825 Non
2373 1772 2510 1826 enim
2538 1777 2616 1824 est
2650 1769 2760 1823 illis
2798 1768 3158 1822 contmutatio.
3188 1765 3572 1821 Humiliabun—

330 1840 527 1928 σονται,
559 1864 744 1936 φησὶν,
779 1864 965 1935 ἐπειδὴ
997 1864 1115 1917 οὐδὲ
1153 1864 1336 1934 ἔχουσι
1377 1840 1476 1933 τῆς
1519 1862 1693 1934 ψυχῆς
1717 1840 1891 1916 αὐτῶν

2019 1880 2110 1932 .ur,
2141 1865 2336 1935 inquit,
2385 1862 2605 1934 quando
2662 1877 2771 1916 non
2822 1861 3027 1916 habent
3076 1858 3568 1915 commutationem

329 1952 886 2025 ἁντάλλαγμα.”Απαξ
916 1955 1023 2029 γὰρ
1049 1956 1416 2026 ἀρνησάμενοι
1454 1954 1516 2008 τὸ
1554 1953 1733 2025 τίμιον
1758 1947 1897 2024 αἷμα

326 2048 581 2120 Χριστοῦ,
608 2049 672 2103 τὸ
716 2050 1042 2120 εἰλημμένον
1089 2047 1444 2117 ἀντάλλαγμα
1491 2045 1633 2119 ὑπὲρ
1668 2046 1770 2117 τῆς
1800 2043 1893 2098 τοῦ

326 2142 526 2212 κόσμου
560 2140 726 2212 ζωῆς,
756 2140 939 2194 οὐκέτι
968 2138 1259 2211 εὐποροῦσι
1291 2138 1507 2210 λύτρου.

401 2319 686 2384 Ἐξέτεινε
729 2318 844 2388 τὴν
887 2320 1055 2388 χεῖρα
1095 2321 1280 2376 αὑτοῦ
1318 2320 1387 2374 ἐν
1421 2317 1501 2385 τῷ
1523 2318 1890 2374 ἀποδιδόναι.

322 2410 488 2475 Αὐτὸς
535 2410 635 2480 μὲν
686 2411 918 2475 ἐξέτεινε
951 2413 1049 2483 τὴν
1079 2412 1415 2484 παρεκτικὴν
1446 2415 1603 2484 χεῖρα
1629 2411 1738 2465 τῶν
1763 2413 1895 2480 ἀγαμ-

324 2503 425 2556 Θῶν
458 2505 539 2568 είς
561 2504 623 2557 τὸ
658 2503 978 2575 μεταλαϐεῖν
1014 2506 1208 2568 αὐτοὺς
1234 2506 1331 2575 τῆς
1364 2505 1641 2572 εὐλογίας·
1670 2503 1805 2557 οίηδὲ
1830 2504 1891 2556 οὐ

325 2594 479 2667 μόνον
500 2594 602 2648 οὐκ
624 2591 874 2658 ἐδέξαντο
896 2594 1075 2648 «me
1102 2596 1197 2649 καὶ
1227 2594 1342 2664 τὴν
1365 2593 1657 2662 διαθήκην
1686 2592 1890 2659 ἐϐεϐή-

322 2684 547 2746 λωσαν,
579 2683 820 2754 δηλονότι
850 2683 949 2755 τὴν
982 2684 1360 2755 εὐαγγελικήν.

386 2776 857 2843 Διεμερίσθησαν
896 2775 1014 2830 ἀπὸ
1061 2774 1244 2844 ὀργῆς
1285 2775 1391 2829 τοῦ
1437 2775 1760 2844 προσώπου
1783 2777 1891 2829 αὺ-

323 2867 441 2922 τοῦ.
462 2868 680 2939 Ἐπειδὴ
710 2867 1005 2939 κακοῦργοι
1036 2870 1164 2941 περὶ
1189 2869 1280 2923 τὸν
1301 2869 1594 2941 εὐεργέτην
1612 2869 1890 2939 γεγόνασι,

320 2960 487 3033 ταύτῃ
515 2977 600 3013 τοι
631 2962 723 3037 καὶ
755 2962 835 3025 είς
858 2961 1035 3014 πάντα
1069 2961 1267 3033 ἄνεμον
1298 2962 1496 3024 αὐτοὺς
1523 2962 1887 3033 διεσκόρπισε.

319 3052 423 3105 Καὶ
471 3051 733 3122 ἤγγισαν
770 3055 829 3106 al
874 3052 1106 3121 καρδίαι
1147 3052 1364 3127 αὐτῶν.
1411 3052 1582 3108 Πάλιν
1621 3055 1749 3125 περὶ
1796 3054 1889 3107 τοῦ

329 3142 495 3196 Ἰούδα
528 3141 621 3195 τὸν
652 3142 806 3212 λόγον
828 3141 1165 3197 ἀποτείνεται
1184 3161 1198 3175 ⁸
1237 3144 1314 3214 Τῇ
1334 3143 1549 3216 καρδίᾳ,
1581 3145 1733 3216 φησὶ,
1762 3162 1891 3198 κατ-

317 3233 535 3298 εδέξατο
564 3234 625 3287 τὸ
672 3200 962 3306 προδοῦναι
992 3234 1244 3305 Χριστόν.
1279 3200 1390 3288 lia).
1503 3200 1701 3303 ⁸λογους
1720 3200 1897 3306 ’προσ-
1921 3200 1969 3263 c

317 3325 508 3398 ἔφερεν
534 3325 776 3389 ἁπαλούς
803 3343 863 3379 τε
895 3327 989 3379 καὶ
1009 3325 1207 3389 λείους,
1233 3325 1347 3378 ἀλλ’
1370 3320 1511 3396 ἦσαν
1533 3325 1732 3389 κακίας
1759 3324 1899 3397 πλή-

316 3434 449 3489 ρεις.
474 3417 631 3482 Τίνες
659 3419 716 3472 δὲ
752 3419 801 3471 οἱ
827 3417 975 3487 λόγοι
1004 3418 1037 3489 ἢ
1067 3417 1148 3481 τὸ,
1178 3416 1374 3486 Χαῖρε,
1405 3416 1624 3481 Ῥαϐϐὶ,
1647 3416 1739 3470 ἐπὶ
1764 3435 1897 3489 προ-

315 3509 469 3583 δοσίᾳ
496 3510 827 3581 λεγόμενον;

389 3603 746 3673 Ἐπίρριψον
779 3602 878 3656 ἐπὶ
903 3603 1121 3670 Κύριον
1162 3599 1276 3670 τὴν
1309 3601 1601 3671 μέριμναν
1635 3615 1775 3665 σου,
1792 3602 1895 3657 καί

313 3697 495 3763 αὑτός
543 3711 618 3750 σε
662 3693 1218 3765 διαθρέψει.”ομοιον
1244 3693 1303 3746 τό
1323 3711 1335 3725 ·
1371 3694 1466 3761 Μὴ
1489 3695 1895 3764 μεριμνήσητε

314 3790 367 3842 τί
387 3789 647 3859 φάγητε,
676 3786 715 3855 ἢ
748 3787 804 3840 τί
827 3787 1021 3854 πίητε,
1054 3785 1092 3854 ἢ
1121 3785 1180 3838 τί
1218 3785 1576 3851 ἐνδύσησθε.
1608 3789 1690 3840 Οὐ
1714 3787 1894 3842 δώσει

312 3878 393 3942 εις
416 3877 530 3929 τὸν
553 3873 738 3928 αἰῶνα
769 3872 966 3927 σάλον
1000 3872 1080 3938 τῷ
1112 3872 1335 3938 δικαίῳ.
1355 3874 1498 3926 Ἀντὶ
1522 3874 1637 3927 τοῦ·
1657 3876 1894 3929 Ἐκσπά-

314 3983 391 4020 σει
410 3967 547 4030 τοὺς
574 3965 816 4027 δικαίους
840 3966 897 4017 ὲν
928 3963 1089 4018 παντὶ
1117 3962 1293 4035 καιρῷ
1324 3964 1437 4018 ἀπὸ
1468 3966 1649 4037 πάσης
1694 3968 1892 4020 ἐπαναυ

312 4056 560 4119 στάσεως
586 4053 816 4125 ἐχθρῶν.

373 4148 457 4202 Σὺ
484 4146 584 4213 δὲ,
616 4149 649 4201 ό
672 4145 835 4211 Θεὸς,
863 4142 1137 4211 κατάξεις
1171 4146 1392 4214 αὐτοὺς
1422 4149 1509 4214 εὶς
1550 4147 1735 4217 φρέαρ
1775 4148 1893 4203 δια-

2002 1958 2198 2013 anima:
2255 1971 2387 2013 suae.
2434 1953 2570 2009 Nam
2626 1969 2750 2008 cum
2801 1953 2969 2009 semel
3020 1952 3318 2022 pretiosum
3365 1946 3572 2002 Christi

2001 2049 2317 2118 sanguinem
2342 2048 2683 2118 abnegarint,
2712 2046 2805 2115 qui
2828 2052 3086 2113 acceptus
3117 2041 3220 2095 fuit
3240 2041 3294 2095 in
3322 2054 3570 2095 commu-

2002 2141 2257 2196 tationem
2288 2155 2385 2210 pro
2405 2139 2512 2193 vita
2535 2138 2746 2203 mundi,
2772 2152 2881 2192 non
2912 2137 3055 2191 ultra
3075 2132 3310 2204 suppetit
3336 2131 3573 2202 pretium

2001 2222 2414 2302 redemptionis.
2752 2290 2756 2294 Α

2069 2325 2158 2378 2f.
2207 2322 2456 2382 Extendit
2509 2336 2725 2381 manum
2759 2334 2911 2372 suam
2949 2319 3006 2371 in
3048 2314 3402 2370 retribuendo.
3445 2311 3571 2382 Ipsa

1999 2418 2219 2487 quidem
2267 2415 2507 2469 extendit
2547 2428 2769 2466 manum
2815 2426 2971 2465 suam
3021 2408 3291 2463 bonorum
3335 2403 3573 2473 largitri-

1999 2525 2114 2566 cem
2164 2516 2224 2560 ut
2270 2506 2371 2575 ipsi
2425 2505 2765 2575 perciperent
2809 2499 3240 2556 benedictionem
3274 2517 3289 2565 ;
3320 2497 3396 2551 illi
3439 2510 3571 2553 ven)

1999 2617 2106 2655 non
2143 2599 2308 2654 modo
2339 2615 2448 2653 non
2480 2605 2822 2665 receperunt,
2862 2595 2954 2648 sed
2989 2593 3150 2646 etiam
3181 2592 3572 2645 contaminass-

1998 2700 2121 2745 runt
2147 2698 2540 2752 testamentum,
2572 2684 2784 2742 scilicet
2809 2682 3205 2752 evangelicum.

2068 2786 2159 2840 22.
2200 2784 2370 2838 Divisi
2408 2793 2530 2836 sunt
2569 2780 2633 2833 ab
2674 2780 2757 2832 ira
2786 2776 2960 2831 vultus
2985 2775 3120 2842 ejus.
3165 2770 3454 2838 Quoniam,
3486 2768 3571 2822 in-

1996 2877 2135 2949 quit,
2186 2877 2240 2930 in
2284 2872 2685 2930 benefactorem
2717 2867 2948 2938 improbi
2978 2874 3033 2922 et
3074 2862 3296 2934 maligni
3331 2860 3568 2927 fuerunt,

1998 2970 2118 3025 ideo
2140 2967 2425 3038 dissipavit
2463 2965 2586 3019 illos
2629 2963 2683 3015 in
2728 2975 2945 3015 omnem
2980 2967 3223 3013 ventum.
3269 2952 3339 3007 Et
3379 2966 3570 3022 appro-

1995 3065 2381 3134 pinquaverunt
2415 3058 2578 3112 corda
2614 3055 2851 3109 illorum.
2890 3052 3125 3107 Rursum
3165 3047 3232 3102 de
3273 3044 3412 3100 Juda
3455 3058 3570 3099 ser-

1998 3171 2216 3212 monem
2251 3154 2488 3209 instituit
2517 3170 2531 3206 :
2558 3149 2756 3211 Corde,
2806 3146 3018 3216 inquit.
3065 3139 3326 3213 prodendi
3363 3135 3569 3191 Christi

1999 3248 2289 3305 consilium
2317 3244 2556 3301 admisit.
2588 3241 2655 3297 Et
2693 3240 2910 3312 quidem
2956 3237 3094 3292 leuia
3120 3242 3175 3289 et
3203 3230 3399 3287 blanda
3439 3243 3570 3298 pro-

1996 3337 2225 3402 ferebat,
2249 3338 2344 3393 sed
2368 3351 2491 3404 quae
2524 3343 2710 3389 essent
2738 3331 2946 3386 malitia
2980 3329 3156 3398 plena.
3189 3323 3322 3391 Quae
3351 3321 3515 3376 verba
3550 3320 3570 3374 ἲ

1995 3428 2103 3484 nisi
2150 3427 2284 3481 illud
2324 3426 2499 3491 :Ave,
2531 3422 2697 3477 Rabbi
2730 3423 2798 3486 τ’,
2834 3418 2978 3491 quod
3017 3416 3073 3469 in
3120 3409 3398 3485 prodendo
3442 3424 3570 3479 pro-

1996 3520 2138 3575 tulit.

2065 3611 2157 3667 25.
2199 3608 2360 3664 Jacta
2392 3624 2549 3677 super
2581 3606 2863 3660 Dominum
2897 3619 3081 3657 curam
3107 3610 3275 3665 tuam,
3300 3607 3348 3650 et
3373 3597 3485 3665 ipse
3519 3600 3567 3647 te

1994 3703 2238 3758 enutriet.
2276 3699 2466 3754 Simile
2515 3698 2647 3753 illud
2694 3715 2707 3751 :
2760 3694 2944 3749 Nolite
2990 3693 3206 3748 solliciti
3254 3705 3386 3753 esse,
3438 3686 3565 3757 quid

1993 3791 2400 3856 manducabitis,
2421 3798 2513 3843 aut
2530 3789 2655 3860 quid
2689 3787 2894 3852 bibetis,
2914 3794 3005 3857 aut
3032 3800 3133 3855 quo
3177 3777 3564 3851 operiemini".

1998 3879 2123 3933 Non
2188 3879 2337 3933 dabit
2392 3880 2447 3931 in
2503 3889 2754 3931 teternum
2786 3875 3181 3944 ﬂuctuationem
3205 3872 3375 3940 justo.
3396 3867 3565 3934 Quasi

1993 3973 2139 4026 dicat
2173 3990 2190 4025 ι
2223 3969 2384 4024 Omni
2420 3977 2664 4037 tempore
2692 3968 2874 4038 justos
2907 3966 3154 4022 extrahet
3181 3963 3249 4017 ab
3274 3961 3424 4016 omni
3458 3960 3559 4014 im-

1990 4070 2116 4132 petu
2155 4060 2524 4114 inimicorum.

2060 4152 2152 4207 24.
2205 4150 2284 4204 Tu
2310 4167 2446 4214 vero,
2484 4148 2646 4215 Deus,
2677 4147 2898 4201 deduces
2944 4160 3030 4198 eos
3068 4145 3124 4197 in
3148 4147 3361 4211 puteum
3400 4139 3563 4192 inter-

306 4238 553 4308 φθορᾶς.
611 4236 750 4300 Τοὺς
800 4236 1205 4302 ὲπαναστάντας
1247 4238 1487 4311 δηλονότι
1530 4241 1624 4301 καὶ
1674 4241 1890 4313 σταυρῷ

2019 4256 2119 4300 tus.
2141 4243 2246 4299 Eos
2268 4243 2474 4298 scilicet
2503 4243 2596 4311 qui
2635 4241 2999 4308 insurgerent,
3037 4244 3096 4290 ut
3132 4230 3562 4302 cruciﬁgendnm

307 4330 674 4402 παραδόντας.
714 4328 895 4400 Φρέαρ
926 4328 1035 4401 γὰρ
1068 4328 1363 4401 διαφθορᾶς
1403 4332 1494 4385 τὸν
1537 4331 1669 4403 ᾅδην
1705 4332 1887 4403 φησίν.

2019 4336 2283 4390 raderent.
2323 4333 2552 4388 Puteum
2587 4332 2732 4386 enim
2776 4328 3029 4383 interitus
3075 4326 3349 4380 infernum
3385 4328 3562 4375 vocat.

310 4423 553 4491 Ἄνδρες
602 4421 866 4491 dimittor
893 4420 992 4473 καὶ
1026 4420 1371 4489 δολιότητος
1414 4425 1485 4477 οὐ
1525 4424 1611 4494 μὴ
1646 4427 1890 4495 ήμισεύ-

2019 4426 2116 4482 Viri
2145 4427 2460 4497 sanguinum
2483 4432 2531 4478 et
2563 4422 2735 4477 dolosi
2764 4437 2867 4474 non
2897 4417 3253 4472 dimidiabunt
3279 4415 3390 4467 dies
3415 4428 3560 4466 suos.

305 4526 454 4568 σωσι
489 4513 611 4578 τὰς
632 4512 857 4581 ἡμέρας
889 4511 1350 4584 αὐτῶν.Ἂνδρας
1377 4515 1621 4586 αἱμάτων
1647 4517 1772 4580 τοὺς
1796 4517 1887 4571 τὸν

2019 4519 2152 4576 liros
2181 4519 2510 4589 sanguinnm
2545 4515 2678 4571 dicit
2717 4528 2814 4568 eos
2852 4512 2947 4582 qui
2983 4511 3107 4565 vitae
3138 4508 3441 4578 principem
3473 4505 3561 4557 in-

305 4608 543 4680 ἀρχηγὸν
593 4607 694 4676 τῆς
722 4603 867 4676 ζωῆς
911 4603 1337 4669 ἀποκτείναντας
1368 4623 1549 4677 φησιν,
1589 4607 1638 4661 οἳ
1662 4609 1755 4661 καὶ
1783 4609 1884 4679 τῆς

2019 4610 2338 4673 erfecerunt,
2379 4609 2473 4679 qui
2507 4608 2668 4662 etiam
2699 4613 2913 4675 tempus
2939 4604 3062 4658 vita:
3099 4617 3213 4659 suae
3242 4616 3349 4656 non
3388 4596 3563 4670 perfe-

306 4700 445 4771 ζωῆς
474 4702 539 4754 οὐ
577 4697 980 4769 πεπληρωκασι
1009 4697 1097 4752 τὸν
1121 4698 1331 4769 χρόνον,
1365 4701 1431 4771 τῇ
1469 4700 1751 4771 Ῥωμαίων
1779 4717 1884 4754 πα-

309 4793 622 4863 ραδοθέντες
660 4790 924 4861 μαχαίρᾳ.

306 4887 402 4952 Είς
428 4886 497 4939 τὸ
523 4882 894 4950 τέλος,ὺπὲρ
918 4880 1025 4936 τοῦ
1055 4878 1208 4934 λαοῦ
1229 4879 1346 4935 ἀπὸ
1366 4880 1482 4933 τῶν
1496 4882 1680 4951 ἁγίων
1696 4899 1880 4952 μεμα-

372 4975 749 5048 κρυμμένου,
767 4972 849 5038 τῷ
872 4972 1052 5026 Δαυτδ
1078 4975 1164 5039 είς
1190 4975 1679 5042 στηλογραρίαν,ε
1699 4976 1878 5030 ὁπότε

378 5066 732 5135 ἐκράτησαν
752 5062 938 5117 αὐτὸν
960 5065 1013 5115 οἱ
1034 5063 1372 5130 ἀλλόφυλοι
1396 5062 1468 5116 ἐν
1489 5063 1626 5119 Γέθ.
1654 5064 1786 5119 NE'.

938 5152 1260 5220 Ὺπόθεσις.

304 5249 456 5303 Δαυῖδ
489 5263 715 5319 φευγων
747 5245 839 5299 τὸν
869 5244 1042 5299 Σαοὺλ
1083 5244 1208 5315 ἔσχε
1258 5244 1384 5308 τοὺς
1430 5247 1879 5305 συνακολουθοῦν-

367 5360 464 5406 τας
505 5339 662 5410 αὐτῷ
709 5337 909 5408 ἄνδρας
951 5335 1280 5400 ἑξακοσίους.
1314 5332 1448 5391 Εἶτα
1474 5341 1877 5412 παρερχόμενος

367 5436 446 5498 είς
467 5433 569 5486 Γὲθ
601 5430 893 5502 τετίμηται
924 5429 1073 5500 παρὰ
1092 5428 1199 5482 τῶν
1224 5427 1562 5498 ἀλλοφύλωνο
1596 5432 1877 5506 ἀφώρισαν

366 5526 475 5598 γάρ
507 5521 666 5593 αὐτῷ
697 5522 1013 5592 οἰκητήριον
1055 5522 1154 5578 τὴν
1198 5522 1445 5576 Σικελάν.
1464 5524 1809 5596 Ἀναφέροιτο
1832 5528 1876 5582 δ’

1976 4710 2202 4787 εωυω,
2226 4700 2599 4754 Romanorum
2628 4696 2808 4768 gladio
2832 4693 3035 4749 traditi.

1986 4882 2040 4935 1.
2081 4880 2148 4935 In
2178 4881 2359 4949 ﬁnem,
2406 4895 2501 4948 pro
2534 4876 2724 4947 populo
2761 4878 2852 4947 qui
2896 4892 2927 4928 a
2963 4873 3162 4929 sanctis
3190 4871 3340 4940 longe
3382 4866 3558 4937 {actus

2055 4983 2157 5038 est,
2182 4974 2285 5043 ipsi
2315 4969 2486 5029 David
2508 4971 2565 5023 in
2602 4969 2746 5023 tituli
2783 4968 3205 5036 inscriptionem,
3242 4977 3359 5017 cum
3383 4968 3560 5011 tenue-

2057 5076 2182 5122 runt
2203 5082 2321 5120 eum
2349 5063 2601 5135 allophyli
2626 5064 2681 5116 in
2710 5061 2861 5116 Geth.
2892 5058 3008 5117 ω’,

2595 5155 2995 5224 Argumentum.

1982 5250 2154 5307 David
2203 5248 2419 5304 Saulem
2452 5246 2688 5319 fugiens,
2718 5254 3005 5302 sexcentos
3051 5242 3198 5294 viros
3235 5231 3424 5289 habuit
3467 5246 3554 5285 se-

2055 5351 2287 5413 quentes
2337 5357 2418 5397 se.
2465 5338 2670 5396 Deinde
2706 5339 2981 5393 transiens
3014 5336 3068 5388 in
3108 5331 3267 5396 Ceth,
3302 5341 3425 5381 cum
3456 5324 3554 5377 ho-

2048 5449 2181 5490 nore
2204 5433 2474 5504 excipitur
2497 5433 2565 5486 ah
2594 5431 2914 5501 alienigenis
2942 5447 2954 5483 :
2983 5442 3109 5480 nam
3128 5426 3230 5494 ipsi
3257 5420 3551 5492 separatim

2057 5528 2111 5582 in
2130 5527 2467 5583 domicilium
2500 5525 2842 5581 tradiderunt
2858 5522 3158 5578 Sicelam".
3190 5516 3401 5575 Referri
3420 5515 3550 5571 item

386 5662 405 5695 ¹
431 5660 625 5715 Matth.
666 5673 779 5721 ssi,
806 5656 898 5711 ’58.
972 5656 1016 5687 τ’
1053 5654 1242 5711 Matth.
1274 5672 1425 5721 xxvr,
1459 5657 1547 5712 49.
1623 5661 1668 5693 ⁷³
1694 5661 1881 5724 Matth.
1916 5684 1991 5735 vr,
2035 5667 2122 5725 31.
2192 5666 2240 5699 ⁷³
2271 5663 2447 5734 lReg.
2481 5677 2651 5729 mm,
2679 5660 2802 5717 2-6.

378 5775 513 5847 (εγ)
551 5772 720 5831 Forte
754 5770 1044 5842 συνῄεσαν,
1073 5779 1131 5827 et
1156 5786 1280 5828 mox
1311 5774 1564 5845 ἐξαιρεῖν.
1595 5774 1749 5835 Εοιτ.
