3976 6220
341 400 451 459 255

1187 397 1244 453 S.
1287 398 1659 454 ATHANASII
1696 397 1847 453 OPP.
1884 396 2065 453 PARS
2099 395 2188 451 IlI.
2220 425 2292 437 ο-
2326 392 2737 452 EXEGETICA.

3474 393 3589 448 ese

417 525 595 589 potest
622 516 865 586 psalmus
905 513 971 570 ad
1008 530 1298 585 personam
1326 515 1602 581 Ecclesiae,
1625 532 1748 586 qua:
1780 517 1903 585 qul-
1937 562 1945 578 λ

2081 514 2146 568 ἂν
2173 516 2203 568 ό
2232 513 2444 583 ψαλμδς
2469 513 2561 565 καὶ
2587 514 2665 574 εἰς
2690 510 2977 581 πρόσωπον
3002 509 3099 580 τῆς
3132 507 3458 578 Ἑκκλησίας
3483 509 3584 579 τῆς

413 609 534 664 dem
564 610 693 663 olim
724 609 913 678 procul
943 623 972 662 a
1015 608 1217 663 sanctis
1248 609 1423 676 posita
1453 615 1593 670 erat,
1636 622 1747 676 quo
1773 617 1913 661 tem-

413 715 545 771 pore
576 708 691 754 erat
722 699 1036 779 idololatriae
1078 700 1281 764 dedita,
1322 712 1378 755 et
1419 701 1759 755 daemonibus
1803 714 1916 754 sero

419 791 619 845 viebat.
656 789 734 845 Eo
765 801 945 845 autem
978 807 1008 845 a
1049 792 1423 860 spiritualibus
1464 791 1919 860 inimiciserepta

418 892 495 937 est
525 898 769 952 per.eum
802 882 891 948 qui
921 898 986 937 ex
1031 883 1240 938 semine
1269 883 1434 938 David
1463 884 1765 939 secundum
1795 898 1920 938 car-

415 989 538 1028 nem
565 974 785 1043 prodiit,
809 974 901 1042 qui
936 974 1133 1028 bellum
1169 991 1267 1044 pro
1296 976 1455 1029 nobis
1480 975 1670 1045 gessit,
1690 985 1742 1029 et
1760 973 1918 1044 quasi

415 1062 470 1116 in
501 1062 661 1131 cippo
696 1064 980 1117 victoriam
1019 1080 1117 1134 pro
1146 1065 1304 1120 nobis
1351 1075 1558 1135 partam
1606 1064 1917 1135 descripsit.

416 1151 570 1207 Tunc
599 1154 743 1207 enim
781 1168 904 1207 eum
930 1154 1247 1221 alienigenae
1272 1155 1478 1209 honore
1511 1154 1830 1221 aﬂ'ecerunt,
1867 1154 1920 1208 id

417 1253 524 1306 est,
586 1241 680 1312 qui
742 1258 809 1297 ex
871 1244 1113 1313 gentium
1175 1260 1405 1299 numero
1466 1244 1815 1300 crediderunt
1865 1245 1921 1299 in

419 1346 566 1386 eum.

415 1423 470 1477 2.
511 1422 760 1477 Miserere
795 1424 914 1492 mei,
960 1423 1121 1488 Deus,
1172 1428 1420 1496 quoniam
1470 1429 1792 1483 conculcavit
1842 1446 1925 1485 me

344 1511 522 1564 homo.
563 1511 673 1565 Aut
710 1512 776 1566 de
815 1510 978 1568 Saule
1017 1515 1148 1570 illud
1200 1516 1369 1572 David
1420 1519 1516 1586 ait,
1553 1529 1647 1574 aut
1698 1530 1921 1576 sanctus

345 1604 597 1673 quilibet.
638 1604 710 1658 ob
765 1620 1041 1660 aerumnas
1089 1624 1211 1676 quae
1252 1609 1307 1663 in
1343 1609 1445 1665 hac
1487 1611 1597 1666 vita
1641 1613 1918 1668 accidunt.

345 1693 676 1763 Plerumque
726 1704 909 1749 autem
977 1697 1245 1767 contingit
1307 1707 1366 1753 ut
1407 1699 1681 1756 demissus
1737 1710 1923 1756 noster

2093 608 2260 661 πάλαι
2305 608 2402 677 μὲν
2446 607 2551 658 ἀπὸ
2589 605 2696 657 τῶν
2730 602 2897 670 ἁγίων
2943 601 3432 672 μεμακρυμμένης,
3460 601 3583 655 καθ’

2093 698 2151 751 ὃν
2194 697 2565 767 εἰδωλολάτρει
2609 694 2818 764 καιρὸν,
2847 692 2938 745 καὶ
2963 691 3313 771 δουλευούσης
3344 692 3581 763 δαίμοσι.

2105 788 2419 860 Ῥυσθείσης
2449 789 2505 841 δὲ
2533 786 2640 840 τῶν
2676 787 2878 858 νοητῶν
2912 784 3118 856 ἐχθρῶν
3143 784 3229 838 διὰ
3250 784 3342 837 τοῦ
3371 787 3589 852 γεγονό-

2092 899 2183 946 τος
2212 885 2275 935 ἐκ
2306 881 2615 952 σπέρματος
2644 880 2735 932 τοῦ
2772 877 2911 931 κατὰ
2945 879 3120 948 σάρκα
3155 878 3345 941 Δαυῖδς
3362 878 3455 931 τοῦ
3492 879 3586 931 καὶ

2093 973 2499 1043 πολεμήσαντος
2523 972 2658 1042 ὑπὲρ
2680 971 2856 1041 ἡμῶν,
2888 970 2978 1023 καὶ
3007 969 3192 1039 ῶσπερ
3219 972 3274 1022 ἐν
3304 970 3468 1043 στήλῃ
3489 971 3588 1040 τὴν

2093 1063 2232 1135 ὑπὲρ
2265 1067 2296 1134 ἡ
2307 1062 2422 1133 μῶν
2459 1061 2615 1132 νίκην
2647 1061 2970 1132 γράψαντος.
3007 1060 3139 1113 Τότε
3169 1061 3275 1133 γὰρ
3301 1061 3392 1114 καὶ
3423 1061 3589 1129 τιμῆς

2091 1157 2252 1211 αὐτὸν
2285 1158 2331 1209 oi
2364 1154 2648 1222 ἀλλόφυλοι
2681 1153 2937 1223 ἠξίωσαν,
2961 1153 3230 1207 τουτέστιν
3255 1155 3303 1206 οἱ
3329 1152 3387 1217 ἐξ
3420 1152 3599 1206 ἐθνῶν

2093 1247 2441 1309 πιστεύοντες
2475 1248 2553 1309 εἰς
2579 1244 2756 1299 αὐτόν.

2106 1423 2391 1491 Ἐλέησόν
2420 1442 2518 1493 με,
2549 1427 2584 1478 ό
2623 1424 2786 1489 Θεὸς,
2830 1422 2918 1476 ὄτι
2963 1421 3339 1490 κατεπάτησέ
3375 1439 3450 1491 με
3489 1421 3581 1475 ἀν·

2022 1513 2353 1582 θρωπος.Ἦ
2404 1513 2532 1583 περὶ
2578 1510 2671 1565 τοῦ
2717 1510 2887 1565 Σαοὺλ
2938 1513 2965 1564 ὁ
3012 1509 3173 1562 Δαυῖδ
3214 1526 3395 1581 φησιν,
3431 1509 3463 1581 ἢ
3498 1509 3599 1561 καὶ·

2023 1606 2175 1674 ἅγιος
2221 1607 2347 1667 πᾶς,
2376 1603 2462 1657 διὰ
2509 1602 2608 1666 τὰς
2653 1601 2860 1672 θλίψεις
2904 1601 2969 1665 ἃς
3019 1600 3230 1672 ἔχουσιν
3279 1603 3335 1653 ἐν
3377 1600 3454 1672 τῷ
3502 1602 3597 1654 κός

2025 1715 2145 1768 σμῳ
2175 1695 2306 1765 (29).
2350 1694 2615 1756 Πολλάκις
2638 1693 2693 1746 δὲ
2719 1694 2813 1746 καὶ
2857 1694 2884 1745 ὁ
2914 1692 3097 1755 καθεὶς
3125 1692 3278 1762 ἡμῶν
3311 1691 3596 1763 ἄνθρωπος

263 1853 268 1858 ι
348 1785 513 1840 homo
540 1788 646 1842 hoc
671 1788 1056 1857 gravissimum
1087 1790 1279 1844 subeat
1306 1790 1528 1858 bellum,
1562 1801 1672 1847 tota
1712 1792 1801 1846 die
1826 1808 1924 1862 per

2042 1789 2114 1841 τὸν
2159 1787 2395 1858 χαλεπὸν
2441 1785 2626 1839 τοῦτον
2674 1785 2966 1854 ὑφίσταται
3020 1785 3275 1854 πόλεμον,
3322 1784 3450 1855 ὃλην
3493 1784 3595 1852 τὴν

345 1875 609 1933 Satanam
656 1881 1039 1950 impugnatus,
1085 1890 1247 1951 atque
1282 1882 1350 1936 ab
1396 1883 1514 1953 ipso
1546 1854 1919 1940 conculcatus.

2042 1854 2237 1952 ιιμέραν
2262 1879 2410 1950 παρὰ
2443 1877 2536 1932 τοῦ
2567 1878 2779 1931 Σατανᾶ
2804 1876 3204 1947 πολεμούμενος
3232 1876 3322 1930 καὶ
3349 1854 3478 1947 παρ’
3499 1877 3598 1929 αύ-

347 1969 499 2025 Licet
534 1971 681 2025 enim
728 1972 1006 2026 hominem
1044 1973 1283 2042 psalmus
1322 1986 1737 2041 commemoret,
1785 1985 1925 2031 atta-

345 2077 472 2117 men
501 2063 678 2131 ipsum
703 2062 963 2118 Satanam
998 2065 1319 2134 plerumque
1345 2067 1398 2119 in
1426 2066 1607 2121 divina
1641 2066 1924 2137 Scriptura

346 2154 716 2219 nominatum,
761 2161 856 2209 aut
903 2156 1140 2224 aliquem
1186 2171 1253 2210 ex
1297 2158 1417 2227 ejus
1456 2159 1925 2215 commilitonibus

347 2244 677 2300 subindicat.
710 2244 980 2299 Caeterum
1014 2246 1129 2299 haec
1164 2247 1233 2300 ab
1267 2247 1385 2316 ipso
1408 2248 1689 2317 gentilium
1724 2251 1926 2319 populo

347 2335 727 2405 respondendo
748 2337 956 2390 cantari
974 2348 1403 2392 consentaneum
1431 2347 1533 2402 est,
1553 2339 1647 2409 qui
1664 2340 1926 2394 diuturno

346 2433 591 2495 tempore
636 2441 732 2495 per
778 2424 1036 2481 Satanam
1088 2427 1346 2498 deceptus
1393 2445 1458 2484 ac
1521 2430 1926 2486 circumventus

346 2515 476 2582 fuit,
509 2517 737 2587 ejusque
768 2518 971 2572 bellum
1015 2534 1112 2587 per
1144 2520 1455 2574 dazmonum
1496 2520 1724 2576 insidias
1763 2522 1930 2577 susti-

347 2615 469 2669 nuit
501 2633 515 2670 :
546 2632 686 2686 quos
710 2617 762 2669 in
790 2616 1144 2684 sequentibus
1177 2616 1423 2686 apertius
1454 2617 1786 2672 subindicat.

420 2707 473 2761 5.
509 2707 961 2762 Conculcaverunt
985 2725 1066 2761 me
1095 2710 1302 2763 inimici
1330 2710 1431 2763 mei
1459 2718 1568 2763 tota
1588 2710 1692 2764 die.
1712 2707 1930 2764 Sciebat

351 2799 570 2855 Saniem
628 2802 858 2857 insidias
904 2802 1006 2857 sibi
1049 2818 1264 2872 parare,
1312 2803 1698 2872 instigantibus
1739 2801 1930 2857 invisi-

351 2893 551 2947 bilihus
601 2880 962 2949 daemonibus.
1026 2895 1134 2949 Aut
1203 2895 1334 2947 illud
1383 2895 1587 2949 indicat
1636 2896 1801 2947 :Non
1850 2901 1929 2947 est

350 2982 500 3037 nobis
530 2998 706 3052 pugna
749 2999 867 3035 cum
913 2999 1069 3037 carne
1098 2967 1147 3036 et
1184 2984 1459 3053 sanguine,
1488 2982 1578 3035 sed
1620 2997 1739 3035 cum
1769 2981 1929 3050 spiri-

354 3073 583 3126 tualibus
629 3073 873 3142 nequitia:
916 3072 971 3126 in
1012 3072 1306 3126 caelestibus
1347 3073 1414 3124 ".
1460 3072 1723 3137 Quoniam
1772 3071 1930 3125 multi

352 3161 605 3217 bellantes
639 3164 915 3217 aduersum
962 3180 1062 3227 me,
1115 3164 1180 3217 ab
1226 3164 1532 3218 altitudine.
1577 3162 1803 3218 Etiamsi
1850 3163 1927 3217 ir-

353 3270 630 3326 rumpant,
670 3258 864 3327 inquit,
899 3258 993 3312 sed
1039 3272 1134 3328 spe
1170 3258 1247 3312 tui
1269 3259 1456 3327 {fretus
1491 3273 1682 3312 omnes
1707 3271 1933 3326 supera-

355 3348 445 3403 bo.
494 3347 620 3404 Haec
657 3351 801 3404 enim
841 3366 963 3420 spes
1000 3359 1204 3404 tantam
1243 3352 1375 3405 mihi
1424 3352 1612 3405 tribuit
1654 3349 1931 3405 fortitudi-

354 3456 502 3508 nem,
547 3450 607 3496 ut
659 3459 752 3499 eos
794 3444 887 3512 qui
936 3445 1068 3499 mihi
1110 3445 1296 3500 hostes
1342 3444 1471 3499 olim
1514 3451 1669 3498 erant
1708 3441 1932 3496 minime

354 3531 727 3589 reformidem.

427 3623 480 3678 5.
536 3623 602 3678 In
629 3624 733 3679 Deo
763 3623 990 3677 laudabo
1034 3638 1297 3676 sermones
1344 3637 1506 3676 meos.
1554 3621 1638 3675 Ab
1668 3622 1934 3691 inimicis,

356 3715 551 3786 inquit,
588 3717 728 3771 bello
756 3716 1043 3786 appetitus,
1075 3725 1134 3769 ut
1163 3715 1299 3769 nihil
1327 3714 1490 3768 laedar
1518 3729 1669 3768 arma
1699 3714 1935 3784 sumpsi,

356 3821 638 3863 sermones
670 3823 821 3862 meos
855 3821 1045 3861 omnes
1087 3806 1143 3859 in
1185 3806 1397 3859 cantica
1450 3804 1691 3859 converti
1735 3813 1790 3859 et
1824 3802 1934 3858 Deo

355 3897 559 3959 obtuli,
591 3912 852 3966 spemque
901 3898 954 3949 in
1004 3897 1153 3949 illum
1208 3896 1473 3952 collocavi
1514 3914 1527 3950 :
1576 3895 1934 3965 quamobrem

357 3990 624 4045 universae
651 3990 832 4044 carnis
863 3990 1115 4043 timorem
1136 3988 1295 4059 eieci.

428 4166 480 4220 6.
502 4166 634 4219 Tuta
663 4166 746 4220 die
773 4168 927 4218 verba
946 4181 1058 4218 mea
1078 4165 1514 4217 exsecrabantur.
1551 4159 1663 4231 Ego
1689 4160 1936 4229 quidem,

359 4256 456 4319 ait,
486 4265 595 4308 tota
636 4256 723 4309 die
768 4256 934 4309 verba
982 4269 1102 4308 mea
1149 4256 1256 4307 Deo
1302 4252 1639 4317 offerebam;
1690 4252 1770 4305 illi
1805 4266 1937 4305 vero

360 4362 467 4400 non
494 4345 651 4399 linem
678 4346 945 4401 faciebant
979 4356 1089 4400 tota
1118 4347 1205 4400 die
1237 4345 1461 4401 curandi
1483 4352 1541 4399 ut
1562 4345 1766 4399 malum
1802 4345 1937 4399 mihi

358 4436 680 4508 inﬂigcrent.
735 4437 1113 4491 Inhabitabunt
1161 4447 1211 4491 et
1274 4438 1612 4502 abscondent,
1662 4439 1765 4505 ipsi
1826 4436 1938 4490 cal-

2022 1970 2117 2024 τοῦ
2164 1969 2518 2039 πατούμενος.
2571 1968 2634 2021 Ei
2677 1966 2786 2038 γὰρ
2835 1968 2929 2020 καὶ
2977 1966 3261 2037 ἀνθρώπου
3311 1970 3338 2021 ό
3384 1966 3595 2037 ψαλμὸς

2025 2063 2449 2133 ἐμνημόνευσεν,
2485 2059 2599 2113 ἀλλ’
2625 2060 2773 2129 ὅμως
2816 2059 2908 2112 τὸν
2941 2060 3182 2112 Σατανᾶν
3212 2058 3393 2120 αὑτὸν,
3422 2059 3480 2112 ἐν
3525 2061 3593 2127 τῇ

2026 2153 2146 2224 θείᾳ
2172 2153 2360 2224 Γραφῇ
2392 2151 2652 2214 πολλάκις
2684 2149 3097 2222 ὀνομαζόμενον.
3134 2151 3166 2222 ἧ
3194 2168 3312 2203 τινα
3341 2149 3448 2202 τῶν
3481 2150 3609 2202 exs?

2028 2245 2466 2317 στρατευομένων
2512 2245 2829 2298 αἰνίττεται.
2864 2244 3009 2315 Πλὴν
3061 2244 3273 2297 καὶτὸν
3317 2242 3443 2297 λαὸν
3486 2242 3597 2295 τῶν

2026 2337 2192 2391 ἐθνῶν
2221 2336 2394 2390 ταῦτα
2417 2336 2742 2406 ὑποψάλλειν
2765 2336 2877 2407 (‘23)
2906 2335 3181 2407 ἁρμόδιον,
3213 2336 3389 2406 χρόνῳ
3419 2333 3598 2405 πολλῷ

2028 2427 2132 2479 ὑπὸ
2163 2424 2253 2479 τοῦ
2281 2426 2492 2479 Σατανᾶ
2518 2425 2885 2497 ἁπατηθέντα,
2916 2426 3007 2478 καὶ
3039 2426 3129 2478 τὸν
3161 2427 3290 2499 παρ’
3310 2424 3472 2479 αὐτοῦ
3503 2426 3600 2477 πό-

2027 2517 2189 2589 λεμον
2220 2517 2307 2571 διὰ
2336 2518 2434 2587 τῆς
2463 2517 2570 2571 τῶν
2597 2516 2864 2587 δαιμόνων
2897 2516 3186 2587 ἐπιϐουλῆς
3209 2518 3603 2588 ὑπομείναντα,

2028 2609 2121 2673 οὓς
2154 2611 2211 2661 ἐν
2240 2611 2353 2671 τοῖς
2383 2607 2510 2677 ἐξῆς
2547 2608 2880 2678 σαφέστερον
2910 2607 3107 2680 ἔφησεν
3140 2609 3523 2679 αἰνιττόμενος.

2097 2699 2532 2766 Κατεπὰτησάν
2548 2716 2625 2768 με
2649 2702 2702 2752 οἱ
2739 2700 2938 2768 ἐχθροί
2970 2717 3088 2768 μου
3132 2701 3282 2768 ὅλην
3317 2699 3431 2767 τὴν
3457 2701 3601 2768 ἠμε-

2020 2806 2157 2857 ραν.
2170 2791 2346 2862 "nam,
2375 2793 2455 2845 ὅτι
2489 2793 2659 2846 Σαοὺλ
2696 2792 3084 2846 ἐπεϐούλευσεν
3128 2792 3272 2861 αὐτῷ
3304 2789 3603 2862 ὲνηχούμεα

2028 2898 2118 2944 νος
2169 2881 2321 2954 παρὰ
2361 2883 2468 2935 τῶν
2518 2883 2765 2954 ἀοράτων
2804 2883 3177 2953 δαιμόνων.Ἦ
3218 2884 3312 2935 καὶ
3355 2882 3436 2946 τὸ,
3479 2884 3601 2935 Οὐκ

2028 2972 2200 3027 ἔστιν
2239 2974 2383 3043 ἡμῖν
2424 2976 2461 3043 ἡ
2501 2974 2663 3043 πάλη
2694 2974 2842 3044 προς
2868 2970 3009 3043 αἷμα
3047 2974 3142 3027 καὶ
3188 2972 3401 3041 σάρκα,
3432 2972 3601 3042 δηλοῖ,

2028 3066 2189 3120 ἀλλὰ
2231 3066 2380 3133 πρὸς
2415 3067 2486 3121 τὰ
2527 3060 2895 3136 πνευματώιὰ
2930 3066 3039 3134 τῆς
3078 3065 3456 3133 πονηρίαςὲν
3478 3063 3605 3130 τοῖς

2030 3157 2555 3225 ἐποτ.;ρανίοις.”οτι
2599 3158 2816 3212 πολλοὶ
2842 3162 2898 3212 οἱ
2928 3156 3331 3227 πολεμοῦντές
3366 3173 3443 3225 με
3481 3155 3602 3210 ἀπὸ

2031 3248 2248 3316 ὕψους.
2264 3250 2431 3302 Είκαὶ
2445 3249 2851 3312 ἐπανίστανται,
2876 3250 3059 3319 φησὶν,
3090 3248 3201 3301 ἀλλ’
3227 3249 3441 3318 ἡττήσω
3463 3246 3595 3299 πάν·

2030 3357 2129 3403 τας
2155 3340 2387 3405 ἐλπίζων
2415 3342 2509 3394 ἐπὶ
2543 3341 2620 3395 σὲ.
2651 3342 2800 3411 Αὕτη
2826 3342 2932 3413 γάρ
2964 3358 3052 3412 μοι
3081 3343 3114 3411 ἡ
3148 3339 3300 3402 ἐλπὶς
3338 3336 3606 3406 τοσαύτην

2035 3434 2186 3503 ἰσχὺν
2225 3432 2516 3504 παρέσχεν,
2547 3433 2623 3496 ὡς
2655 3433 2780 3495 τοὺς
2811 3432 2977 3486 πάλαι
3018 3430 3385 3502 πολεμοῦντας
3411 3429 3488 3498 μὴ
3515 3427 3604 3483 ὗε.-

2031 3525 2265 3578 δοικέναι
2300 3541 2387 3595 με.

2117 3618 2211 3670 Ἐν
2232 3615 2312 3681 τῷ
2350 3616 2470 3681 Θεῷ
2495 3616 2792 3672 ἐπαινέσω
2833 3617 2974 3684 τοὺς
3011 3617 3231 3686 λόγους
3262 3632 3400 3684 μου.
3442 3612 3609 3668 Πολε-

2039 3708 2306 3781 μούμενος
2338 3710 2487 3781 παρὰ
2515 3709 2622 3763 τῶν
2650 3709 2879 3781 ἐχθρῶν,
2910 3708 3062 3781 φησὶ,
3090 3705 3399 3770 καθοπλίζω
3436 3705 3609 3776 ἐμαυ-

2034 3805 2125 3858 τὸν
2153 3806 2232 3868 εἰς
2259 3805 2318 3857 τὸ
2345 3804 2506 3874 μηδὲν
2531 3803 2720 3856 παθεῖν
2748 3802 2933 3867 κακὸν,
2954 3801 3107 3863 ὅλους
3128 3801 3255 3863 τοὺς
3278 3798 3470 3866 λόγους
3503 3813 3606 3867 μευ

2037 3895 2240 3967 ὕμνους
2269 3896 2435 3949 ποιῶν
2468 3896 2561 3949 καὶ
2587 3894 2859 3958 ἀνατιθεὶς
2890 3893 2967 3965 τῷ
2997 3893 3136 3964 Θεῷ,
3171 3890 3262 3945 καὶ
3288 3891 3388 3962 τὴν
3416 3888 3608 3942 ἐλπίδι

2036 3988 2121 4040 ἐπ’
2152 3986 2299 4057 αὐτῷ
2338 3987 2655 4058 ποιούμενος
2675 4004 2687 4016 '
2726 3985 2806 4039 διὸ
2836 3984 2929 4037 καὶ
2959 3984 3138 4055 πάσης
3164 3981 3361 4054 σαρκὸς
3388 3979 3492 4046 ἔξω
3514 3979 3607 4032 τὸν

2036 4077 2198 4148 φόϐον
2232 4078 2414 4133 ἐποιοῦ
2425 4094 2550 4149 μην.

2108 4170 2295 4238 Ὅλην
2336 4168 2452 4238 τὴν
2480 4167 2707 4237 ἡμέραν
2743 4166 2888 4232 τοὺς
2916 4165 3137 4234 λόγους
3165 4181 3285 4233 μου
3324 4161 3609 4215 ἐϐδελυσ-

2037 4275 2241 4314 σοντο.
2262 4258 2401 4327 Ἐγὼ
2431 4259 2547 4328 μὲν,
2583 4258 2769 4327 φησὶν,
2800 4257 2928 4327 ὅλην
2956 4255 3054 4326 τὴν
3080 4255 3291 4327 ἡμέραν
3328 4251 3609 4307 ἁνετίθουν

2036 4350 2162 4412 τοὺς
2184 4348 2372 4416 λόγους
2409 4364 2508 4418 μου
2538 4346 2616 4417 τῷ
2638 4345 2788 4417 Θεῷο
2823 4346 2976 4400 αὐτοὶ
3017 4345 3075 4398 δέ
3114 4346 3175 4398 οὐ
3209 4344 3471 4398 διέλειπον
3499 4343 3608 4395 πᾶ-

2040 4457 2137 4494 σαν
2166 4438 2377 4511 ἡμέραν
2411 4439 2530 4491 κατ’
2553 4437 2684 4509 ἐμοῦ
2708 4438 2805 4509 τὴν
2836 4436 3068 4507 σπουδὴν
3100 4434 3304 4489 ἑαυτῶν
3339 4431 3610 4489 συντιθέν-

361 4545 579 4583 cuneum
604 4546 775 4583 meum
806 4528 1172 4584 observabant.
1204 4528 1361 4592 Illud,
1392 4528 1790 4590 inhabitabant,
1810 4542 1928 4596 pro,

2042 4546 2125 4593 τες
2148 4531 2227 4593 είς
2253 4527 2418 4582 κακά.
2463 4527 2913 4597 Παροικήσουσι
2952 4527 3048 4579 καὶ
3092 4525 3606 4593 κατακρύψουσιν,

360 4623 837 4691 congregabantur,
867 4623 1106 4692 positum
1130 4631 1231 4676 est.
1253 4619 1378 4674 Haec
1406 4629 1687 4675 cstautem
1713 4628 1930 4674 senten-

361 4714 469 4769 tia:
504 4714 602 4778 lta,
639 4716 834 4784 inquit,
866 4724 977 4769 tota
1003 4714 1091 4769 die
1122 4714 1176 4768 in
1205 4730 1271 4768 eo
1292 4728 1508 4784 operam
1543 4712 1840 4783 ponebant,
1873 4717 1933 4764 ut

358 4809 503 4864 dicta
526 4807 578 4861 in
610 4824 696 4861 me
724 4815 1148 4869 cummoverent,
1179 4820 1477 4875 omnesque
1503 4819 1692 4858 eorum
1724 4803 1933 4873 cogita-

357 4901 536 4957 tiones
578 4909 768 4954 contra
801 4916 886 4955 me
925 4900 1297 4963 vertebantur,
1332 4907 1391 4951 ut
1439 4904 1697 4952 curarent
1737 4908 1933 4948 omnes

360 5012 467 5050 una
507 4995 799 5050 convenire
841 5003 1002 5065 atque
1051 4995 1189 5048 clam
1230 4994 1284 5047 in
1331 5008 1418 5046 me
1464 4989 1929 5058 conspirationem

359 5088 614 5153 conﬂare,
691 5085 786 5141 sed
822 5099 921 5140 nec
962 5084 1225 5139 hactenus
1269 5083 1464 5137 sistere
1509 5081 1775 5150 gradum,
1821 5078 1933 5133 imo

358 5179 522 5232 etiam
553 5179 867 5233 calcaneum
905 5192 1105 5242 meum,
1137 5175 1189 5229 id
1224 5184 1308 5230 est
1339 5174 1465 5227 vitae
1500 5187 1636 5226 mea:
1664 5171 1932 5225 rationem

361 5272 634 5326 curiosius
664 5273 980 5335 observare,
999 5268 1044 5324 si
1079 5267 1356 5337 quomodo
1386 5274 1610 5335 possent
1639 5279 1726 5319 me
1750 5265 1937 5317 detur-

362 5363 508 5419 bare.
548 5367 723 5435 Atque
782 5363 1013 5434 vestigia
1047 5377 1166 5416 mea
1228 5360 1444 5416 curiose
1489 5356 1934 5423 considerabant,

363 5470 688 5527 quocunque
710 5458 832 5511 loco
856 5454 1183 5521 incederem,
1201 5463 1259 5507 ut
1281 5467 1367 5507 me
1385 5450 1933 5521 comprehenderent.

432 5631 479 5662 "
524 5632 719 5688 thes.
751 5650 823 5695 vi,
864 5634 951 5688 12.

433 5786 546 5858 (22)
575 5791 634 5845 In
662 5790 727 5845 Β.
759 5792 813 5858 2,
841 5792 1094 5847 tribuitur
1126 5787 1410 5858 Hesychio.

2034 4621 2204 4675 αὐτοὶ
2233 4620 2348 4689 τὴν
2379 4621 2640 4689 πτέρναν
2652 4637 2771 4690 μου
2792 4616 3153 4688 φυλάξουσι.
3194 4616 3287 4679 Τὸ,
3323 4613 3611 4683 παροική-

2036 4729 2239 4779 σουσι,
2287 4714 2406 4766 ἀντὶ
2449 4712 2565 4777 τοῦ,
2610 4711 3120 4781 συναχθήσονται,
3154 4708 3408 4763 τέθειται.
3445 4709 3505 4760 'U
3551 4707 3609 4759 δὲ

2036 4804 2161 4868 νοῦς
2201 4799 2355 4868 οὗτος
2375 4823 2388 4835 ·
2422 4804 2596 4865 Οῦτω,
2625 4804 2779 4875 φησὶ,
2804 4802 2892 4856 διὰ
2920 4802 3100 4871 πάσης
3132 4801 3345 4872 ἡμέρας
3381 4799 3609 4870 ἐσχόλα-

2039 4893 2131 4960 ζον
2155 4898 2281 4961 τοὺς
2315 4898 2434 4951 κατ’
2464 4897 2596 4968 ἐμοῦ
2628 4896 2818 4965 λόγους
2849 4892 3142 4968 κινοῦντες,
3173 4892 3266 4944 κα)⁵
3301 4893 3407 4954 πᾶς
3443 4893 3471 4943 ὀ
3496 4890 3610 4943 δια-

2035 4988 2288 5061 λογισμὸς
2334 4989 2511 5045 αύτῶν
2555 4992 2674 5043 κατ’
2701 4987 2834 5060 ἐμοῦ
2889 4966 3118 5055 ἐγίνετοξ
3161 4985 3236 5048 ὡς
3283 4983 3609 5045 σπουδάζειν

2037 5081 2364 5151 συνάγεσθαι
2391 5083 2587 5146 αὐτοὺς
2613 5081 2748 5152 ὁμοῦ
2776 5081 2868 5135 καὶ
2908 5079 3169 5152 λαθραίας
3210 5074 3481 5131 ποιεῖσθαι
3508 5075 3606 5138 τὰς,

2034 5175 2155 5226 κατ’
2186 5174 2319 5244 ἐμοῦ
2355 5175 2570 5237 σκευὰς,
2596 5175 2689 5227 καὶ
2722 5172 2796 5245 μὴ
2831 5173 2990 5245 μέχρι
3026 5171 3212 5226 τούτου
3236 5170 3452 5241 χωρεῖν,
3472 5165 3609 5219 ἀλλὰ

2035 5266 2128 5319 καὶ
2161 5265 2609 5336 περιεργάζεσθαι
2661 5284 2761 5337 μου
2804 5265 2901 5336 τὴν
2945 5265 3199 5335 πτέρναν,
3232 5260 3477 5313 τουτέστι
3509 5256 3609 5327 τὴν

2039 5356 2134 5410 τοῦ
2168 5357 2281 5427 βίου
2312 5359 2553 5429 πορείαν,
2589 5359 2640 5411 ετ
2667 5375 2780 5421 πως
2814 5358 3163 5418 σκελίσαντες
3198 5351 3471 5423 δυνηθεῖεν
3504 5365 3607 5402 κα-

2041 5449 2294 5503 ταϐαλεῖν
2324 5467 2409 5521 με.
2440 5451 2549 5503 Καὶ
2589 5449 2658 5502 τὰ
2684 5449 2801 5521 ἴχνη
2845 5449 2903 5503 δέ
2950 5467 3049 5522 μου
3080 5448 3423 5518 παρετήρουν
3450 5441 3608 5497 ὁποῖα

2102 5783 2212 5851 (25)
2243 5781 2376 5838 Vide
2405 5756 2682 5836 Quom-ast.
