3976 6220
361 318 462 375 257

1440 326 1809 385 EXPOSITIO
1846 329 1915 386 IN
1953 329 2283 390 PSALMUM
2324 335 2456 392 LVI.

360 442 648 514 βαδίζοιμι,
683 444 770 498 ἵνα
795 445 1158 502 ἐπιλάϐωνταί
1204 465 1325 519 μου.
1371 450 1479 503 Καὶ
1519 450 1692 505 ταῦτα
1734 452 1831 522 μὲν
1876 469 1898 505 ο

2031 453 2097 508 Ει
2128 455 2245 511 haec
2283 457 2502 527 quidem
2546 458 2585 513 ii
2630 459 2723 530 qui
2753 475 2841 517 me
2886 462 3085 518 frustra
3133 438 3598 536 persequebantur

361 535 531 605 μάτην
563 534 849 601 διώκοντες
881 541 998 591 κατ’
1018 539 1152 610 ἐμοῦ
1181 539 1443 611 ἔπραττον
1461 557 1474 571 ·
1531 543 1595 596 σὺ
1627 542 1705 608 δὲ,
1733 543 1923 616 Κύριε,

356 628 388 697 ἠ
418 628 525 699 ἐμὴ
555 627 731 692 ἐλπὶς,
765 630 864 700 ἐμὲ
906 631 1002 702 μὲν
1034 632 1135 702 τῆς
1161 632 1344 685 ἀδίκου
1378 633 1558 686 αὐτῶν
1584 637 1926 707 κατασκευῆς

356 719 545 790 ῥῦσαν
594 720 792 784 αὐτοὺς
837 722 895 775 δὲ
940 723 1211 793 μετελθὼν
1240 727 1305 795 τῇ
1332 724 1530 778 σαυτοῦ
1573 727 1709 797 ὀργῇ
1755 730 1925 783 κατά-

353 810 501 865 ςαλε.

429 922 484 974 '0
528 923 692 989 Θεὸς,
721 922 835 992 τὴν
861 924 1013 992 ζωήν
1026 944 1146 995 μου
1184 927 1509 997 ἐπήγγειλά
1533 943 1652 983 σοι*
1699 932 1922 1003 “agm-

354 1014 471 1067 σίαν
495 1016 664 1083 ἄγων,
701 1018 856 1088 φησὶ,
883 1020 977 1071 καὶ
1006 1019 1078 1091 μὴ
1103 1021 1557 1092 ὲπαισχυνόμενος
1584 1024 1650 1093 τῇ
1683 1022 1917 1092 ἐμαυτοῦ

351 1104 481 1178 ζωῇ.
504 1107 709 1179 ταύτην
742 1126 823 1163 σοι
863 1112 1040 1163 πᾶσαν
1069 1112 1374 1183 ὲξήγγειλα.
1400 1114 1471 1167 Σὺ
1495 1113 1551 1166 δὲ
1574 1115 1920 1186 ἀποδεχόμε-

349 1216 435 1263 νος
466 1200 635 1272 αὐτὴν
660 1201 731 1255 τὰ
760 1202 970 1273 δάκρυά
998 1221 1098 1275 μου
1124 1206 1223 1259 οὐκ
1252 1204 1457 1259 ἀπώσω
1478 1222 1493 1238 ·
1528 1206 1661 1261 ἀλλὰ
1685 1208 1790 1279 πρὸ
1810 1208 1915 1261 τῶν

349 1291 454 1344 σῶν
484 1293 777 1365 ὀφθαλμῶν
799 1295 918 1348 ἔθου
940 1296 1098 1358 αὐτὰ,
1122 1296 1476 1366 πιστούμενος
1496 1298 1595 1370 τὴν
1619 1299 1717 1371 σὴν
1741 1301 1915 1367 ἐπαγ-

347 1382 532 1449 γελίαν
583 1384 682 1455 τὴν
738 1385 1031 1454 λέγουσαν
1075 1390 1196 1442 Ἔτι
1234 1390 1349 1443 σοῦ
1392 1392 1729 1458 λαλοῦντος
1770 1391 1910 1460 ἐρῶ·

359 1476 500 1531 Ἰδοὺ
534 1477 789 1547 πάρειμι.
823 1481 912 1533 Διὸ
940 1482 1272 1548 συνέϐαινεν,
1306 1483 1440 1553 ἐμοῦ
1470 1485 1910 1555 εἰσακουομένου,

344 1568 466 1631 τοὺς
499 1569 727 1639 ἐχθρούς
757 1587 860 1640 μου
891 1573 970 1635 εἰς
998 1572 1067 1625 τὰ
1097 1573 1270 1626 ὀπίσω
1295 1574 1597 1647 ἀναχωρεῖν
1617 1594 1629 1606 ·
1660 1576 1783 1630 ὅθεν
1804 1595 1911 1649 φη-

346 1656 433 1726 μίο
479 1658 582 1711 Ἐν
604 1653 644 1730 ᾖ
669 1659 746 1713 ἂν
781 1661 969 1730 ἡμέρᾳ
994 1663 1438 1735 ἐπικαλέσωμαι
1468 1683 1557 1723 σε.

2026 545 2315 601 adversum
2361 563 2447 603 me
2492 552 2899 620 perpetrabant.
2946 553 3028 608 Tu
3068 564 3285 624 autem,
3334 556 3596 627 Domine,

2028 650 2153 704 spes
2184 652 2326 702 mea,
2358 653 2447 695 me
2488 642 2708 711 quidem
2743 645 2812 698 ab
2847 660 2911 700 ea
2943 646 3144 714 injusta
3189 649 3597 718 conspiratione

2021 722 2214 792 libera,
2266 727 2415 799 ipsos
2461 740 2645 786 autem
2690 733 2938 803 adortus,
2990 745 3083 790 tua
3138 737 3313 807 ipsius
3372 738 3454 793 ira
3499 740 3597 795 de-

2021 817 2203 873 turba.

2092 928 2143 982 7.
2188 928 2350 996 Deus,
2375 932 2537 985 vitam
2570 948 2739 987 meam
2771 938 3081 991 annuntiavi
3124 939 3235 993 tibi.
3286 940 3592 1011 Fiduciam,

2017 1023 2213 1093 inquit,
2242 1023 2468 1090 habens,
2506 1039 2605 1079 nec
2650 1027 2853 1095 pudore
2886 1030 3010 1082 vita:
3035 1046 3166 1085 meae
3199 1031 3444 1097 aﬂ‘ectus,
3471 1049 3593 1091 eam

2020 1114 2116 1168 tibi
2161 1124 2325 1169 totam
2391 1117 2720 1172 renuntiavi.
2776 1117 2855 1172 Tu
2908 1129 3087 1174 autem
3137 1136 3256 1176 eam
3314 1134 3592 1193 acieptam

2017 1206 2245 1275 habens,
2289 1209 2556 1282 lacrymas
2586 1228 2737 1268 meas
2776 1229 2886 1267 non
2926 1216 3195 1283 repulisti,
3229 1217 3322 1272 sed
3360 1220 3590 1287 posuisti

2013 1308 2141 1353 ante
2174 1301 2363 1356 oculos
2406 1312 2547 1369 tuos,
2596 1316 2741 1359 tuam
2785 1309 3120 1363 contirmans
3166 1311 3587 1379 promissionem

2013 1404 2135 1458 qua!
2159 1391 2235 1445 ait
2260 1392 2305 1423 ⁷⁵
2338 1410 2351 1445 :
2384 1391 2454 1446 Te
2479 1394 2652 1449 adhuc
2691 1396 2931 1468 loquente
2957 1400 3130 1453 dicam
3162 1416 3181 1454 :
3205 1399 3341 1456 Ecce
3374 1404 3585 1457 adsum.

2012 1480 2379 1547 Quamobrem
2410 1488 2657 1558 contigit,
2679 1499 2738 1542 ut
2769 1506 2891 1544 curn
2927 1507 3014 1546 me
3043 1494 3355 1561 esaudires,
3378 1495 3585 1551 inimici

2012 1574 2121 1627 mei
2154 1582 2302 1628 retro
2334 1575 2611 1632 cederent.
2674 1577 2828 1635 Unde
2859 1581 2982 1636 dico
3011 1600 3024 1635 :
3054 1582 3123 1635 In
3155 1599 3462 1655 quacunque
3498 1585 3585 1639 die

2011 1666 2315 1719 invocavero
2344 1675 2412 1721 te.

424 1767 925 1841 Ἐπιστρέψουσιν
945 1779 997 1829 οί
1022 1776 1223 1844 ἐχθροί
1234 1796 1354 1848 μου
1380 1783 1467 1847 εις
1490 1780 1562 1835 τὰ
1589 1784 1794 1837 ὀπίσω.
1812 1784 1898 1836 Afr

2086 1779 2172 1832 10.
2218 1778 2596 1833 Convertentur
2635 1780 2839 1833 inimici
2894 1782 2996 1835 mei
3049 1794 3357 1840 retrorsum.
3422 1786 3580 1859 Ipsis,

341 1866 450 1924 τοῖς
494 1863 698 1935 ἔργοις,
732 1867 885 1936 φησὶ,
923 1867 1254 1939 παρείληφα,
1289 1870 1383 1923 καὶ
1427 1871 1597 1941 ἔγνων
1645 1874 1904 1948 ἀκριϐῶς,

340 1953 415 2005 ὅτι
449 1955 549 2008 οὐκ
577 1957 669 2009 ἐπὶ
699 1958 964 2031 ματαίῳή
990 1960 1145 2025 ἐλπίς
1166 1977 1177 1991 ο
1207 1961 1342 2040 ἀλλὰ
1372 1963 1502 2019 Θεὸν
1527 1965 1715 2037 βοηθὸν
1743 1969 1908 2039 ἐκτη-

339 2047 538 2118 σάμην.

415 2163 514 2217 Ἑν
537 2164 689 2234 ἐμοὶ,
715 2168 749 2220 ό
789 2164 953 2231 Θεὸς,
975 2166 1167 2236 εὐχαὶ,
1200 2166 1274 2235 ἃς
1307 2169 1598 2225 ἀποδώσω
1622 2170 1908 2241 αὶνέσεώς

335 2272 469 2311 σου.
489 2258 705 2329 Ἐπειδὴ
739 2259 839 2331 τῆς
874 2259 973 2330 σῆς
1001 2262 1312 2334 οἰκονομίας
1345 2263 1582 2333 ἠξίωσας
1612 2267 1779 2336 ἡμᾶς,
1812 2285 1909 2339 φη-

336 2346 403 2409 σὶ,
434 2348 531 2401 καὶ
559 2347 790 2413 ἔσωσας,
824 2350 877 2402 τί
905 2350 1352 2424 ἀνταποδώσομέν
1384 2371 1486 2418 σοι,
1523 2356 1556 2427 ἢ
1598 2354 1786 2421 θυσίας
1818 2361 1905 2412 ai-

339 2437 566 2504 νέσεωςς
603 2440 724 2493 Ὅτι
745 2441 977 2509 ἑρῤὐσω
1010 2443 1126 2510 τὴν
1144 2446 1354 2514 ψυχήν
1385 2464 1504 2515 μου
1532 2447 1601 2501 ἐκ
1624 2448 1905 2506 θανάτου.

342 2528 432 2582 τοῦ
483 2529 700 2600 νοητοῦ,
749 2532 903 2602 φησὶ,
932 2534 1176 2587 τουτέστι
1204 2534 1303 2607 τῆς
1331 2537 1602 2605 ἀγνωσίας
1633 2539 1732 2609 τῆς
1778 2540 1904 2610 περὶ

333 2619 481 2673 Θεοῦ.
515 2621 630 2675 Καὶ
657 2622 799 2688 τοὺς
826 2624 1016 2688 πόδας
1038 2643 1158 2693 μου
1187 2624 1303 2678 ἀπὸ
1342 2624 1761 2695 ὀλισθήματος.
1793 2629 1904 2699 Τῆς

332 2711 605 2783 ἁμαρτίας
647 2711 812 2782 λέγει,
845 2713 984 2783 αῦτη
1028 2716 1136 2786 γὰρ
1183 2715 1483 2789 κατέφερεν
1528 2719 1607 2781 είς
1654 2716 1899 2772 θάνατον.

333 2799 735 2869 Εὐαρεστήσω
785 2802 1040 2857 ἐνώπιον
1079 2802 1304 2873 Κυρίου
1350 2807 1421 2859 ἐν
1462 2807 1611 2877 φωτὶ
1652 2807 1899 2868 ζώντων.

338 2893 392 2947 '0
427 2894 546 2967 γὰρ
572 2895 795 2966 ῥυσθεὶς
832 2896 933 2967 τῆς
960 2899 1237 2970 ἁμαρτίας
1266 2900 1361 2954 καὶ
1387 2899 1623 2973 καθαρὸς
1649 2902 1904 2955 ἀποτελε-

328 2984 489 3050 σθεὶς,
537 2980 694 3051 οὗτος
726 2989 783 3040 ὲν
812 2986 890 3058 τῷ
916 2988 1162 3062 μέλλοντι
1188 2990 1343 3043 αίῶνι
1369 2992 1428 3045 ἐν
1454 2995 1519 3064 τῇ
1547 2992 1655 3047 τῶν
1685 2992 1902 3057 ζώντων

328 3075 469 3148 χώρᾳ
519 3078 878 3150 εὐαρεστήσει
916 3079 994 3151 τῷ
1030 3081 1238 3152 Κυρίῳ.
1270 3082 1374 3136 Τοῦ
1423 3084 1480 3137 δὲ
1534 3084 1794 3157 ρυσθῆναι
1835 3087 1899 3139 ἐκ

2011 1872 2208 1942 inquit,
2240 1873 2498 1942 operibus
2536 1875 2721 1942 accepi
2763 1884 3123 1946 accurateque
3155 1879 3303 1941 novi,
3348 1895 3457 1934 non
3480 1896 3578 1935 va-

2008 1979 2135 2018 nam
2166 1980 2287 2021 esse
2313 1980 2463 2035 spem
2506 1981 2682 2020 meam
2727 1982 2741 2017 :
2786 1967 2880 2021 sed
2922 1967 3093 2023 Deum
3143 1986 3232 2025 me
3274 1972 3582 2043 adjutorem

2007 2054 2230 2110 habere.

2078 2145 2262 2229 ιεζῖῖῖ.
2296 2158 2364 2220 In
2391 2183 2469 2221 me
2488 2168 2798 2233 sunt,Deus,
2819 2179 2935 2223 vota
2959 2180 3195 2243 tua,gua:
3222 2172 3440 2227 reddam
3461 2173 3582 2229 lau-

2005 2253 2236 2310 dationis
2271 2257 2385 2311 tibi.
2412 2257 2861 2327 Quandoquidem
2898 2268 2991 2314 tua
3030 2277 3132 2315 nos
3167 2263 3470 2317 oeconomia
3495 2263 3580 2317 di-

2006 2355 2203 2415 gnatus
2230 2362 2307 2413 es,
2347 2349 2544 2417 inquit,
2583 2358 2637 2403 et
2682 2350 2913 2404 salutem
2964 2353 3123 2408 nobis
3151 2354 3413 2421 tribuisti,
3445 2355 3580 2425 quid

2005 2433 2370 2489 retribuemus
2401 2435 2521 2498 tibi,
2556 2436 2662 2490 nisi
2692 2437 2900 2493 hostias
2930 2439 3150 2495 laudis?
3186 2442 3449 2507 Quoniam
3474 2445 3601 2499 σία·

2003 2525 2166 2592 puiin
2210 2526 2443 2579 animam
2473 2542 2642 2580 meam
2696 2528 2759 2581 de
2815 2539 3001 2584 morte.
3032 2529 3332 2600 Spirituali,
3370 2534 3571 2603 inquit,

2004 2631 2125 2685 quae
2152 2626 2237 2671 est
2279 2619 2585 2687 ignorantia
2632 2617 2748 2673 Dei.
2804 2618 2875 2672 Et
2920 2621 3075 2690 pedes
3110 2638 3249 2676 meos
3294 2623 3357 2676 de
3394 2624 3573 2695 lapsu.

2002 2706 2217 2764 Peccati
2257 2711 2486 2778 scilicet,
2521 2712 2699 2781 ipsum
2745 2712 2890 2767 enim
2939 2712 3175 2782 conjecit
3218 2714 3271 2767 in
3316 2723 3572 2771 mortem.

2001 2799 2231 2854 Placebo
2273 2818 2454 2855 coram
2503 2802 2727 2856 Domino
2776 2804 2833 2857 in
2878 2805 3076 2858 lumine
3126 2805 3427 2861 uiuentium.
3468 2805 3573 2876 Qui

2001 2892 2145 2946 enim
2194 2908 2223 2946 a
2270 2901 2496 2963 peccato
2537 2894 2801 2950 liberatus
2833 2902 2937 2961 est,
2981 2903 3036 2950 et
3068 2896 3304 2951 mundus
3333 2905 3416 2952 est
3445 2896 3575 2954 clleo

2002 2993 2144 3048 etus,
2185 2984 2275 3040 hic
2322 2985 2377 3039 in
2426 2984 2614 3040 futuro
2660 2985 2861 3040 saeculo
2903 2986 2957 3040 in
3004 2987 3229 3056 regione
3271 2988 3571 3046 viventium

2003 3073 2235 3130 nomino
2277 3075 2531 3146 placebit.
2567 3075 2725 3143 Quod
2757 3086 2937 3131 autem
2975 3076 3275 3147 eripiamur
3303 3093 3332 3132 a
3371 3088 3568 3144 morte,

325 3169 554 3222 θανάτου
586 3148 680 3224 καὶ
704 3148 1130 3244 ἐλευθερωϋθῆναι
1156 3148 1263 3228 ἀπὸ
1289 3175 1389 3247 τῆς
1413 3148 1706 3249 ἁμαρτίας,
1744 3180 1898 3252 μερί-

2014 3167 2296 3222 iberemur
2340 3183 2370 3223 a
2409 3178 2655 3239 peccato,
2704 3178 2912 3239 partem
2969 3168 3272 3225 habeamus
3322 3170 3377 3225 in
3426 3179 3571 3232 terra

325 3260 381 3313 ει
407 3261 463 3315 δὲ
494 3262 652 3331 σχεῖν
682 3262 774 3315 καὶ
818 3265 875 3316 ὲν
918 3267 984 3335 τῇ
1035 3264 1144 3318 τῶν
1177 3264 1393 3330 ζώντων
1434 3267 1607 3340 χώρᾳ,
1639 3271 1897 3342 πρόξενος

325 3353 444 3424 ίιμῖν
478 3354 711 3424 γέγονεν
735 3356 768 3425 ἡ
790 3354 882 3407 τοῦ
906 3356 1110 3427 Κυρίου
1141 3359 1428 3430 παρουσία.
1454 3361 1544 3414 Διὸ
1559 3362 1652 3414 καὶ
1679 3367 1897 3432 στηλο-

322 3447 532 3515 Γραὲεία
558 3444 638 3511 τῷ
653 3445 833 3500 Δαυῒδ
858 3447 1270 3520 ἀναγέγραπται
1294 3452 1321 3503 ὁ
1352 3451 1580 3524 ψαλμός.

322 3562 415 3626 Εἰς
433 3560 499 3613 τὸ
522 3559 727 3626 τέλος,
745 3559 832 3630 μὴ
854 3560 1200 3631 διαφθείρῃς
1218 3560 1323 3615 τὸν
1343 3562 1542 3628 Δαυῒδ,
1568 3566 1654 3630 εις
1674 3568 1894 3632 στηλο-

377 3651 667 3720 τραφίαν,
697 3651 767 3703 ἐν
794 3649 876 3716 τῷ
908 3650 1372 3720 ἀποδιδράσκειν
1412 3652 1529 3706 ἀπὸ
1570 3652 1892 3719 προσώπου

384 3744 587 3798 Σαοὺλ
616 3745 706 3809 εἰς
740 3741 808 3796 τὸ
831 3742 1154 3809 σπήλαιον.
1187 3745 1493 3798 ΨΑΛΜΟΣ
1527 3746 1673 3811 NCT.

948 3832 1269 3899 ’Υπόθεσις.

317 3925 525 3995 ῠεόγων
556 3927 656 3979 τὸν
695 3923 870 3977 Σαοὺλ
899 3926 929 3977 ὁ
959 3924 1119 3978 Δαυῒδ
1146 3924 1406 3978 διώκοντα
1446 3920 1607 3996 ἦλθεν
1641 3926 1721 3989 είς
1753 3926 1891 3998 σπή-

377 4015 524 4069 λαιον
564 4014 714 4086 μετὰ
752 4012 962 4085 ἀνδρῶν
1002 4014 1387 4083 τετρακοσίων,
1417 4014 1505 4066 ὅτε
1551 4016 1644 4068 καὶ
1689 4014 1786 4086 τὴν
1813 4015 1891 4068 δι-

376 4108 568 4161 πλοΐδα
616 4105 714 4159 τοῦ
766 4105 1059 4176 πτερυγίου
1103 4104 1263 4174 ἔτεμε
1310 4104 1402 4158 τοῦ
1437 4104 1626 4158 Σαούλ.
1666 4106 1798 4158 Τότε
1829 4106 1887 4160 δὲ

374 4198 470 4253 καὶ
495 4197 592 4252 τὸν
624 4196 840 4268 ψαλμὸν
866 4196 1002 4268 ᾅδει.
1020 4196 1375 4269 Ἀναφέρεται
1395 4197 1452 4250 δὲ
1478 4198 1571 4251 καὶ
1595 4200 1674 4262 είς
1694 4197 1764 4252 τὰ
1792 4216 1889 4253 πε-

374 4284 679 4356 πραγμένα
702 4285 842 4355 ὑπὲρ
868 4284 1023 4355 ήμῶν
1043 4283 1121 4355 τῷ
1144 4285 1384 4357 Χριστῷ,
1408 4288 1496 4340 ὅτε
1529 4286 1616 4341 ἐπ’
1644 4289 1886 4359 ἐσχάτων

372 4378 480 4433 τῶν
500 4377 737 4450 ἡμερῶν
761 4377 945 4447 ὀφθεὶς
973 4377 1110 4449 μετὰ
1147 4380 1348 4450 σαρκὸς
1386 4381 1477 4434 ἐπὶ
1516 4382 1611 4452 τῆς
1640 4381 1743 4453 γῆς
1775 4382 1884 4436 ἀπ-

371 4468 573 4541 ήλασεν
601 4468 764 4541 ἡμῶν
789 4470 887 4540 τὴν
921 4469 1143 4542 φθοράν.

382 4581 679 4650 Ἐλέησόν
701 4599 800 4651 με,
832 4585 865 4636 ὀ
889 4583 1054 4649 Θεὸς,
1078 4583 1340 4652 ἐλέησόν
1353 4602 1449 4655 με.
1466 4586 1561 4640 Ἐκ
1590 4586 1880 4659 προσώπου

307 4672 397 4742 τῆς
432 4673 862 4747 ἀνθρωπότητος
888 4675 985 4747 τὴν
1011 4677 1093 4740 εἰς
1117 4676 1276 4730 αὐτὸν
1306 4677 1578 4749 ὑμνῳδίαν
1615 4679 1883 4750 προσέφε-

309 4763 541 4832 ρεν.’οτι
584 4765 662 4818 ἑν
698 4764 799 4819 σοι
839 4765 1083 4820 πέποιθε
1120 4767 1160 4836 ἡ
1199 4766 1368 4836 ψυχή
1395 4785 1534 4836 μου,
1561 4768 1660 4822 καὶ
1698 4769 1770 4823 ἐν
1805 4767 1882 4838 τῇ

306 4855 441 4923 σκιᾷ
477 4855 603 4910 τῶν
642 4858 951 4926 πτερύγων
975 4872 1092 4911 σου
1112 4856 1486 4923 eum."on
1509 4862 1575 4931 τῇ
1606 4859 1723 4931 θείᾳ
1745 4861 1884 4933 Γρα-

308 4949 375 5018 φῇ
405 4949 693 5021 πτέρυγας
725 4947 911 5016 καλεῖν
958 4949 1058 5020 τὴν
1108 4950 1468 5022 ὲπισκοπικὴν
1513 4950 1742 5023 δύναμιν
1787 4952 1881 5006 τοῦ

305 5038 451 5106 Θεοῦ,
485 5041 635 5096 κατὰ
671 5040 732 5094 τὸ
774 5041 1092 5114 είρημένονυ
1138 5040 1402 5108 Ποσάκις
1442 5043 1715 5112 ἠθέλησα
1756 5045 1885 5097 ἐπι-

306 5132 672 5204 συναγαγεῖν
693 5132 767 5187 τὰ
801 5133 983 5188 τέκνα
1013 5150 1130 5188 σου
1177 5132 1250 5187 ὃν
1294 5134 1516 5203 τρόπον
1562 5132 1726 5201 ὄρνις
1752 5134 1880 5187 ἑπι-

305 5230 547 5301 συνάτει
585 5227 664 5283 τὰ
695 5227 919 5280 νοσσία
947 5225 1135 5294 αὐτῆς
1154 5223 1273 5278 ὑπὸ
1296 5226 1403 5290 τὰς
1427 5222 1739 5293 πτέρυγας.
1758 5224 1881 5278 Ἐπὶ

304 5325 364 5393 ’τῇ
407 5326 471 5394 σῇ
520 5318 619 5376 οῦν
672 5317 913 5390 βοηθείᾳ,
946 5317 1097 5388 φησὶ,
1131 5316 1229 5387 τὴν
1267 5315 1455 5368 ἐλπίδα
1483 5314 1772 5386 Exeo."qu
1805 5311 1878 5371 οὔ

304 5414 562 5481 παρέλθῃ
598 5413 641 5480 ή
677 5410 913 5479 ἀνομία.
932 5408 1237 5470 Τουτέστιν,
1264 5406 1369 5469 ἕως
1396 5400 1457 5459 οὗ
1493 5406 1557 5458 ὲκ
1591 5405 1758 5476 μέσου
1789 5406 1881 5474 γέ-

304 5519 453 5574 νηται
484 5509 514 5559 ὁ
541 5502 797 5566 Σατανᾶς
835 5501 930 5555 καὶ
956 5502 1014 5553 αι
1046 5502 1142 5553 σὺν
1168 5498 1319 5553 αὐτῶ
1344 5498 1600 5569 δυνάμεις
1625 5501 1681 5552 ai
1706 5515 1876 5569 πονη-

307 5596 408 5664 psi.

1998 3258 2316 3326 viventium,
2367 3259 2419 3313 id
2460 3260 2620 3315 nobis
2662 3262 2974 3317 conciliavit
3024 3261 3234 3315 Domini
3277 3262 3566 3319 adventus.

1996 3349 2358 3417 Quamobrem
2392 3351 2534 3407 tituli
2570 3352 2854 3424 inscriptio
2888 3354 2992 3425 ipsi
3033 3352 3203 3408 David
3244 3353 3569 3411 inscribitur

1994 3442 2261 3512 psalmus.

1994 3548 2046 3604 1.
2087 3547 2156 3602 1η
2179 3550 2358 3618 ﬁnem,
2386 3567 2449 3605 ne
2472 3551 2743 3620 disperdas
2774 3550 2967 3618 David,
2998 3553 3056 3606 in
3090 3554 3234 3608 tituli
3272 3556 3567 3626 inscriptiou

2065 3659 2183 3696 nem
2209 3682 2226 3710 ,
2272 3659 2390 3697 cum
2435 3644 2636 3715 fugeret
2674 3660 2708 3698 a
2757 3644 2894 3714 facie
2941 3644 3121 3701 Saulis
3142 3648 3195 3701 in
3239 3648 3559 3718 speluncam.

2521 3734 2862 3791 PSALMUS
2891 3735 3045 3790 LVI.

2574 3829 2978 3897 Argumentum.

1990 3916 2159 3972 David
2188 3918 2560 3986 insequentem
2589 3917 2808 3972 Saulem
2844 3918 3058 3989 fugiens
3082 3918 3228 3972 venit
3249 3919 3302 3972 in
3339 3933 3561 3989 spelun-

2059 4024 2179 4065 cam
2211 4025 2333 4065 cum
2381 4009 2510 4065 viris
2543 4009 2978 4080 quadringentis,
3010 4011 3228 4079 quando
3256 4011 3562 4069 vestimenti

2059 4100 2240 4157 Saulis
2272 4116 2427 4156 oram
2478 4101 2790 4156 exscidit'".
2821 4099 2975 4155 Tunc
3017 4110 3196 4156 autem
3230 4102 3376 4158 hunc
3415 4104 3561 4174 psal-

2062 4208 2213 4247 mum
2262 4192 2479 4258 cecinit,
2535 4192 2629 4262 qui
2682 4190 2916 4246 refertur
2961 4192 3125 4247 etiam
3185 4194 3253 4248 ad
3306 4210 3369 4250 ea
3435 4211 3557 4265 qua

2060 4292 2309 4339 nostrum
2331 4284 2502 4353 gratia
2534 4282 2785 4338 Christus
2812 4284 3041 4353 peregit,
3076 4299 3201 4339 cum
3223 4285 3281 4339 in
3316 4288 3553 4343 novissi-

2058 4375 2163 4432 mis
2206 4376 2399 4431 diebus
2431 4391 2556 4431 cum
2590 4391 2755 4431 carne
2794 4378 2943 4432 visus
2971 4375 3028 4429 in
3062 4384 3207 4432 terra
3249 4379 3557 4448 corruptio-

2056 4481 2178 4520 nem
2201 4465 2378 4537 abegit
2406 4480 2437 4520 a
2459 4464 2636 4521 nobis.
3442 4492 3445 4495 -

2064 4582 2122 4635 2.
2162 4580 2413 4636 Miserere
2446 4582 2569 4647 mei,
2593 4579 2749 4646 Deus,
2780 4582 3025 4635 miserere
3056 4579 3177 4634 mei.
3201 4578 3282 4632 Ex
3320 4591 3553 4648 persona

1988 4670 2345 4726 humanitatis
2394 4670 2668 4726 canticum
2730 4669 2834 4739 ipsi
2884 4668 3062 4723 oﬂ’crt.
3119 4666 3381 4732 Quoniam
3409 4667 3465 4719 in
3504 4674 3557 4720 te

1987 4764 2211 4834 conﬁdit
2233 4765 2414 4819 anima
2440 4779 2577 4830 mea,
2598 4772 2648 4817 et
2671 4764 2727 4816 in
2750 4763 2939 4816 umbra
2964 4762 3175 4816 alarum
3196 4769 3408 4813 tuarum
3433 4772 3554 4829 spe-

1986 4857 2136 4910 rabo.
2163 4856 2281 4911 Mos
2306 4863 2392 4911 est
2409 4854 2605 4909 divinae
2626 4852 2922 4924 Scripturae
2950 4853 3204 4907 virtutem
3246 4849 3339 4905 Dei
3370 4850 3555 4917 inspe-

1984 4949 2207 5005 ctricem
2255 4948 2368 5004 alas
2415 4960 2752 5015 nuncupare,
2778 4946 2933 5016 juxta
2958 4945 3161 4998 dictum
3195 4940 3325 4996 illud
3353 4958 3366 4993 :
3399 4940 3551 5004 Quo-

1984 5042 2080 5093 ties
2102 5038 2243 5094 volui
2264 5052 2579 5109 congregare
2613 5035 2756 5106 ﬁlios
2795 5046 2932 5099 tuos,
2970 5031 3408 5105 quemadmodum
3432 5025 3549 5098 gal-

1981 5130 2095 5184 lina
2141 5139 2417 5200 congregat
2465 5126 2638 5197 pullos
2686 5141 2808 5180 suos
2844 5124 2939 5179 sub
2980 5124 3095 5179 alas
3136 5122 3200 5175 ⁷⁸.
3235 5119 3291 5173 In
3324 5117 3547 5181 auxilio,

1980 5219 2178 5289 inquit,
2203 5227 2296 5292 tuo
2327 5233 2478 5288 spem
2508 5217 2703 5271 habeo.
2729 5215 2904 5270 Donec
2932 5220 3165 5269 transeat
3186 5208 3460 5279 iniquitas.
3487 5206 3548 5261 ld

1987 5321 2093 5378 est,
2128 5312 2303 5367 donec
2331 5308 2563 5364 Satanas
2590 5324 2657 5363 ex
2693 5308 2873 5363 medio
2896 5307 3134 5371 tollatur,
3163 5319 3228 5359 ac
3270 5316 3392 5372 qua:
3418 5313 3548 5355 cum

1986 5403 2082 5458 illo
2114 5411 2244 5458 sunt
2269 5401 2519 5472 maligna:
2545 5407 2863 5472 potestates.

372 5786 419 5820 '"
441 5785 544 5841 lsa.
574 5798 739 5842 um,
765 5778 817 5836 9.
894 5776 983 5833 "1
1019 5777 1152 5843 Reg.
1184 5768 1412 5845 ntv,'4,
1450 5777 1500 5832 5.
1583 5777 1630 5809 "
1658 5775 1843 5833 Matth.
1876 5790 2029 5840 xxm,
2067 5775 2149 5832 '57.

3496 349 3672 406 258-
