3976 6220
386 344 387 347 “
399 353 506 413 259

1241 355 1299 410 S.
1336 350 1709 408 ATHANASII
1747 351 1897 408 OPP.
1941 350 2122 405 PARS
2159 348 2248 404 ill.
2290 379 2359 389 —
2398 348 2816 405 EXEGETICA.

3519 350 3625 405 εοο

468 473 524 527 5.
559 470 813 525 Clamabo
837 470 906 524 ad
932 470 1098 524 Deum
1127 470 1471 538 altissimum,
1502 470 1671 525 Deum
1698 471 1785 540 qui
1815 470 1966 525 bene-

2133 465 2502 535 Κεκράξομαι
2536 465 2686 534 πρὸς
2730 465 2837 518 τόν
2881 467 3028 518 Θεὸν
3074 465 3182 518 τὸν
3218 464 3502 532 ὕψιστον,
3527 466 3630 518 τὸν

399 564 522 633 fecit
560 563 709 617 mihi.
744 561 1076 627 Conlitebor,
1106 564 1301 632 inquit.
1333 574 1381 618 et
1418 565 1620 634 gratias
1654 563 1750 617 tibi
1799 563 1964 616 benc-

398 652 591 707 factori
625 653 864 707 reddam.
905 653 1052 707 Misit
1093 653 1158 707 de
1203 654 1329 707 caelo
1366 663 1414 706 et
1447 653 1689 706 liberavit
1722 669 1818 705 me.
1856 650 1964 705 Do-

397 743 528 798 mini
550 744 836 797 adventum
862 751 1043 812 aperte
1067 743 1339 812 praedicat.
1370 742 1525 795 Dedit
1547 744 1601 797 in
1627 740 1963 810 opprobrium

397 833 759 887 conculcantes
791 849 890 886 me.
926 832 1245 902 Spirituales
1274 833 1516 887 videlicet
1545 840 1599 886 et
1620 831 1963 886 adversarias

396 932 714 991 potestates.
747 922 1102 996 [Beneﬁcium
1155 940 1286 995 ergo
1325 923 1589 993 praebeas,
1618 932 1680 978 ut
1707 922 1841 977 mihi
1881 921 1963 976 fa-

399 1015 573 1071 cultas
601 1016 672 1071 sit
700 1016 912 1071 dicendi
957 1032 1079 1071 cum
1114 1015 1387 1080 facultate,
1417 1026 1470 1071 te
1498 1016 1564 1072 de
1602 1018 1741 1072 caelo
1776 1026 1960 1072 nostra

398 1108 706 1177 respicere:
739 1118 791 1163 et
818 1118 1003 1164 nostra
1035 1107 1250 1176 quidem
1293 1110 1568 1165 meliorem
1604 1112 1657 1164 in
1694 1110 1960 1165 conditio-

396 1213 517 1251 nem
545 1198 855 1264 deduxisse,
895 1215 980 1255 res
1004 1209 1183 1254 autem
1208 1202 1646 1256 adversariorum
1682 1212 1873 1258 contra
1904 1203 1958 1256 in

395 1290 743 1358 opprobrium
774 1292 1053 1348 detulisse.
1077 1293 1185 1346 Aut
1206 1293 1273 1346 de
1308 1293 1481 1347 salute
1505 1293 1764 1363 loquitur,
1794 1309 1956 1364 quam

395 1391 721 1437 consecutus
745 1393 827 1437 est
852 1385 906 1436 in
932 1383 1221 1452 spelunca:
1244 1384 1462 1452 quando
1492 1384 1772 1439 inimicum
1792 1400 1957 1439 suum

394 1474 449 1527 in
476 1482 793 1543 potestatem
821 1474 1048 1542 accepit,
1066 1474 1154 1527 cui
1180 1474 1342 1527 etiam
1373 1475 1629 1543 pepercit.
1659 1472 1813 1540 Quod
1838 1474 1960 1543 qui—

393 1568 515 1617 dem
551 1565 604 1617 in
635 1545 1019 1618 contumeliam
1052 1563 1211 1617 vertit
1237 1563 1285 1616 ei
1312 1563 1403 1632 qui
1429 1563 1728 1633 periculum
1760 1564 1954 1625 evasit,

393 1662 581 1722 utpote
625 1653 716 1724 qui
767 1655 1029 1708 servatori
1078 1668 1179 1708 suo
1224 1653 1449 1707 insidias
1496 1651 1773 1724 strueret.]
1809 1651 1958 1706 Misit

392 1742 533 1798 Deus
564 1746 979 1799 misericordiam
1006 1761 1154 1799 suam
1182 1753 1231 1797 et
1261 1745 1529 1798 veritatem
1556 1761 1727 1797 suam.
1756 1743 1961 1798 Miseri-

392 1837 575 1891 cordia
602 1846 656 1891 et
690 1836 887 1892 veritas
919 1836 1098 1891 Patris
1127 1835 1297 1892 Filius
1330 1846 1432 1891 est.

462 1930 515 1984 5.
550 1929 616 1982 Et
656 1931 846 1997 eripuit
886 1931 1120 1982 animam
1153 1946 1321 1984 meam
1347 1931 1410 1982 de
1450 1927 1617 1981 medio
1663 1926 1960 1980 catulorum

2074 559 2222 613 Θεὸν
2248 558 2354 611 τὸν
2379 555 2851 627 εὐεργετήσαντά
2871 573 2967 625 με.
2986 554 3473 627 Ἐξομολογήσομαι
3488 598 3503 621 ,
3534 575 3636 628 φη-

2073 650 2146 716 σὶ,
2174 652 2264 704 καὶ
2306 651 2653 720 εὐχαριστίας
2695 648 2947 717 ἀναθήσω
2993 665 3073 700 σοι
3101 647 3178 718 τῷ
3210 648 3471 722 εὐεργέτῃ
3506 666 3628 719 μου.

2083 740 2534 806 Ἑξαπέστειλεν
2558 740 2626 804 ἐξ
2667 739 2946 807 οὐρανοῦ,
2974 738 3073 791 καὶ
3101 738 3295 793 ἐσωσέ
3312 756 3408 808 με.
3442 740 3635 808 Σαφῶς

2068 832 2165 905 τὴν
2190 832 2413 886 κάθοδον
2436 831 2530 884 τοῦ
2558 831 2762 902 Κυρίου
2791 848 2857 900 κη
2868 830 3338 901 ρύσσει.Ἕδωκεν
3364 833 3452 896 εἰς
3478 831 3633 884 ὀνει-

2069 924 2176 990 δος
2219 923 2361 989 τοὺς
2404 922 2893 989 καταπατοῦντας
2912 940 3007 992 με.
3040 923 3150 986 Τὰς
3176 925 3369 994 νοητὰς
3393 924 3633 995 δηλονότι

2069 1016 2162 1070 καὶ
2194 1015 2573 1086 ἀντικειμένας
2599 1014 2873 1084 δυνάμεις.
2905 1012 3340 1086 [Παράσχουιοῦν
3360 1015 3458 1086 τὴν
3483 1017 3634 1087 εὐερ-

2068 1109 2274 1177 γεσίαν,
2321 1108 2407 1162 ἵνα
2444 1108 2537 1179 ἐξῇ
2588 1125 2679 1178 μοι
2724 1108 2902 1174 λέγειν
2932 1107 3068 1177 μετά
3101 1109 3432 1179 παρρησίας,
3456 1109 3537 1162 ὅτι
3571 1109 3629 1174 ἐξ

2066 1201 2297 1274 ούρανοῦ
2332 1203 2537 1266 ὲπεῖδες
2576 1202 2642 1256 τά
2684 1202 2805 1256 καθ’
2839 1204 3013 1272 ἡμᾶς·
3046 1218 3140 1255 και
3166 1200 3233 1254 τὰ
3265 1200 3361 1269 μὲν
3388 1199 3631 1271 ἡμέτερα

2065 1294 2378 1367 διωρθὼσω,
2400 1294 2543 1365 τὰιδὲ
2564 1295 2671 1347 τῶν
2684 1293 2891 1365 ἐχθρῶν
2910 1293 3044 1365 πρὸς
3071 1291 3368 1361 ὀνειδισμὸν
3398 1291 3626 1361 ἡγαγες.

2065 1388 2136 1440 Ἢ
2158 1387 2228 1458 δὴ
2252 1387 2349 1459 τὴν
2377 1387 2647 1459 σωτηρίαν
2675 1387 2860 1455 φησὶν,
2949 1383 3124 1454 ἐσώθη
3158 1384 3216 1435 ἐν
3241 1381 3320 1453 τῷ
3371 1382 3633 1453 σπηλαίῳ

2082 1478 2171 1531 ὅτε
2191 1478 2389 1549 μᾶλλον
2406 1471 2719 1542 ύπεξούσιον
2751 1477 2909 1531 ἔλαϐε
2939 1477 3029 1529 τὸν
3067 1474 3279 1547 ἐχθρὸν,
3314 1475 3362 1526 εί
3392 1473 3447 1527 δὲ
3475 1472 3632 1542 (εδο),

2065 1570 2409 1639 ὲφείσατο.¹’0
2437 1570 2499 1641 δὴ
2527 1571 2619 1623 καὶ
2645 1569 2846 1632 ὄνειδος
2872 1564 2938 1639 ἦν
2966 1567 3043 1638 τῷ
3070 1567 3414 1638 σεσωσμένῳ,
3433 1565 3507 1629 ὼς
3532 1565 3637 1635 μά-

2063 1678 2163 1733 την
2214 1660 2609 1715 ἐπιϐουλεύοντι
2667 1659 2745 1730 τῷ
2796 1658 3054 1731 Σωτῆρι.]
3097 1656 3549 1722 Ἐξαπέστειλεν
3601 1659 3637 1710 ό

2068 1755 2210 1820 Θεὸς
2254 1754 2318 1807 τὸ
2361 1754 2532 1820 ἕλεος
2573 1753 2758 1807 αὐτοῦ
2803 1751 2901 1805 καὶ
2950 1751 3065 1820 τὴν
3103 1750 3392 1819 ἀλήθειαν
3424 1748 3629 1802 αὑτοῦ.

1992 1829 2036 1883 Β
2066 1843 2251 1906 Ἔλεος
2275 1842 2369 1897 καὶ
2394 1843 2619 1914 ἀλήθεια
2644 1842 2738 1929 τού
2767 1840 2979 1911 Πατρὸς
3003 1843 3031 1893 6
3061 1841 3208 1904 Υἱός.

2127 1934 2238 1988 Kal
2285 1935 2574 2002 ἐρρύσατο
2617 1932 2732 2001 τὴν
2768 1933 2979 2003 ψυχήν
3018 1950 3137 2002 μου
3176 1932 3244 1985 ἐκ
3268 1931 3462 2000 μέσου
3488 1932 3637 1984 σκύ-

393 2022 619 2074 leonum.
640 2019 871 2092 [Medius
893 2021 1098 2076 scilicet
1113 2021 1330 2075 relictus
1352 2020 1490 2073 inter
1515 2019 1724 2073 catulos
1744 2018 1958 2073 leonum

2072 2043 2241 2080 urwr.
2269 2024 2473 2097 [Μέσος
2495 2027 2558 2097 δὴ
2592 2025 2944 2094 ἀπολειφθεὶς
2978 2024 3231 2094 σκύμνων
3273 2022 3379 2074 τῶν
3407 2023 3504 2093 τῆς
3532 2021 3633 2075 ne

395 2109 760 2176 Gethzeorum,
805 2126 998 2181 nempe
1048 2112 1498 2182 alienigenarum.
1532 2109 1642 2164 Aut
1695 2118 1962 2179 quantum

396 2218 493 2271 per
521 2219 606 2257 me
634 2205 797 2270 stetit,
822 2219 887 2258 ex
919 2205 1153 2257 humana
1185 2204 1462 2272 impietate
1493 2201 1724 2255 dormivi
1748 2210 1966 2255 contur—

391 2296 570 2351 batus.
605 2293 803 2349 Verum
832 2295 1166 2358 Altissimus,
1200 2294 1368 2349 misso
1396 2292 1575 2347 Verbo
1610 2308 1731 2355 suo,
1761 2293 1961 2346 libera-

391 2389 468 2443 vit
499 2388 736 2442 animam
764 2403 961 2453 meam,
998 2386 1074 2441 ita
1102 2395 1163 2441 ut
1191 2403 1257 2442 ex
1284 2388 1588 2442 catulorum
1621 2387 1839 2440 leonum
1873 2393 1961 2439 tu-

390 2480 561 2535 multu
603 2481 737 2535 nihil
770 2480 894 2535 laesa
929 2480 1018 2535 sit.
1050 2479 1307 2546 Quaenam
1360 2479 1444 2532 ha;
1482 2477 1645 2532 ferta?
1686 2477 1825 2531 forte
1866 2476 1963 2530 lilii

390 2573 669 2627 hominum
707 2573 944 2626 fuerint:
980 2587 1211 2642 quorum
1262 2573 1450 2627 dentes
1481 2580 1533 2625 et
1560 2569 1788 2626 consilia
1836 2578 1964 2624 sunt

391 2680 578 2729 arma;
606 2680 669 2718 ac
698 2665 741 2720 si
765 2664 988 2728 diceret,
1008 2663 1061 2716 ln
1095 2663 1351 2718 omnibus
1381 2662 1632 2717 damnosi
1660 2670 1807 2716 sunt.
1838 2658 1961 2714 Sic-

390 2761 453 2805 ut
485 2753 629 2806 enim
655 2753 863 2822 gladius
889 2763 1082 2808 acutus
1115 2751 1275 2807 facile
1307 2753 1560 2822 perimit,
1589 2753 1669 2806 sic
1697 2757 1751 2806 et
1778 2752 1963 2821 lingua

390 2850 667 2899 attenuata
697 2853 750 2898 et
774 2854 930 2899 acuta
958 2845 1445 2898 obtrectationibus
1474 2841 1776 2914 interﬁcit.]
1802 2845 1964 2898 Catu-

390 2932 568 2987 lorum
594 2933 819 2987 -leonum
867 2934 1232 3003 spiritualium
1267 2934 1541 2988 videlicet.
1567 2932 1809 2986 Darmivi
1841 2949 1963 2986 con-

393 3022 652 3078 turbatus.
680 3023 972 3091 Quoniam,
994 3025 1186 3095 inquit,
1206 3037 1423 3094 ereptus
1450 3039 1571 3078 sum
1604 3039 1635 3078 a
1665 3023 1964 3092 spirituali-

391 3115 492 3171 bus
510 3116 704 3172 catulis
722 3117 961 3182 leonum,
997 3117 1118 3172 ideo
1145 3115 1343 3185 inquit,
1360 3114 1722 3185 requiescam,
1748 3112 1961 3170 etiamsi

391 3206 524 3260 olim
554 3206 622 3261 ab
653 3207 725 3262 iis
747 3208 1108 3263 conturbatus
1139 3222 1285 3262 sum.
1310 3206 1439 3260 Filii
1469 3207 1760 3270 hominum,
1784 3207 1960 3260 dentes

391 3316 571 3354 eorum
603 3319 753 3355 arma
782 3312 832 3356 et
864 3303 1094 3372 sagittae.
1126 3302 1200 3355 Ea
1232 3301 1546 3371 signiﬁcans
1575 3316 1696 3368 qua:
1720 3309 1962 3368 tempore

390 3392 662 3459 passionis
693 3392 922 3447 Domino
951 3394 1317 3464 contigerunt,
1342 3408 1463 3449 cum
1496 3392 1563 3445 ad
1593 3390 1821 3445 Pilatum
1849 3391 1964 3445 cla-

392 3483 802 3539 mabantJudaai
833 3486 1093 3540 adversus
1116 3484 1392 3539 Christum
1423 3504 1436 3538 :
1470 3482 1635 3546 Tolle,
1667 3483 1810 3547 tolle,
1842 3500 1965 3537 cru-

393 3574 543 3645 ciﬁge
574 3592 688 3628 eum
713 3577 793 3642 ";
828 3587 918 3630 et:
952 3574 1011 3629 Si
1056 3592 1159 3629 non
1194 3585 1327 3629 esset
1371 3574 1455 3627 hic
1487 3574 1824 3643 malefactor,
1861 3590 1962 3627 non

396 3663 491 3718 tibi
531 3666 928 3719 tradidissemus
957 3682 1074 3719 eum
1095 3665 1164 3719 ⁸ο.

474 3840 528 3896 6.
580 3839 835 3894 Exaltare
879 3855 1032 3908 super
1068 3837 1245 3903 caelos,
1271 3837 1434 3904 Deus,
1471 3846 1520 3891 et
1569 3852 1723 3906 super
1749 3835 1964 3904 {terram

394 3931 564 4002 gloria
607 3942 719 3986 tua.
752 3931 999 3995 Etiamsi,
1034 3930 1230 3999 inquit,
1261 3928 1532 3984 demisisti
1566 3931 1798 3997 teipsum
1838 3942 1965 3996 pro-

395 4035 516 4093 pter
537 4036 775 4080 nostram
795 4025 1023 4080 salutem
1044 4026 1111 4079 ad
1148 4024 1510 4078 voluntariam
1538 4020 1963 4075 exinanitionem

396 4127 453 4173 et
481 4117 656 4174 factus
689 4133 748 4173 es
776 4118 1032 4173 obediens
1061 4132 1233 4187 usque
1263 4117 1328 4170 ad
1361 4125 1590 4170 mortem
1611 4115 1655 4146 ⁸⁸
1680 4131 1692 4167 :
1727 4114 1819 4168 sed
1846 4128 1967 4166 rur-

397 4224 517 4264 sum
541 4209 819 4264 ascendito
846 4209 911 4263 ad
933 4209 1123 4272 celos,
1153 4209 1279 4278 quia
1309 4223 1432 4262 cum
1459 4206 1767 4262 ascenderis
1798 4213 1964 4258 totam

396 4310 595 4357 terram
622 4303 792 4372 gloria
825 4313 915 4356 tua
940 4304 1195 4372 replebis.

467 4394 517 4446 7.
546 4393 815 4463 Laqueum
845 4403 1156 4462 paraverunt
1183 4390 1399 4460 pedibus
1423 4390 1572 4444 meis.
1595 4387 1727 4453 Eos,
1758 4387 1853 4452 ait,
1874 4385 1967 4455 qui

2059 2119 2467 2187 ἀλλοφύλων.Ἢ
2518 2119 2577 2171 τὸ
2626 2118 2749 2171 ὅσον
2804 2117 3036 2187 ἐπ’ὲμὲ,
3069 2116 3163 2168 καὶ
3216 2117 3282 2185 τῇ
3320 2114 3638 2186 ἀνθρωπίνη

2061 2212 2282 2283 ἀσεϐείᾳ
2329 2211 2629 2282 ἐκοιμήθην
2676 2209 3097 2282 τεταραγμένος.
3117 2207 3256 2260 Ἀλλ’
3287 2209 3315 2260 6
3349 2206 3635 2276 ⁹⁹Υψιστος,

2059 2302 2150 2353 τὸν
2189 2301 2358 2369 Λόγον
2410 2299 2572 2353 αὑτοῦ
2615 2299 2959 2361 ἀποστείλας,
3002 2296 3267 2369 ἐρρύσατο
3316 2295 3414 2366 τὴν
3458 2295 3638 2365 ψυχήν

2065 2410 2185 2463 μου,
2233 2393 2308 2455 ὡς
2347 2391 2511 2464 μηδὲν
2542 2392 2710 2463 αὐτὴν
2745 2393 2808 2444 ὲκ
2847 2390 2947 2460 τῆς
2970 2389 3212 2460 ταραχῆς
3240 2387 3347 2440 τῶν
3379 2385 3635 2457 σκύμνων

2062 2483 2341 2555 βλαϐῆναι.
2367 2484 2501 2537 Τίνα
2528 2482 2585 2535 δὲ
2615 2481 2685 2535 τά
2724 2482 2889 2553 θηρία
2916 2481 3119 2544 causa;
3159 2480 3264 2532 υἱοὶ
3289 2478 3396 2531 τῶν
3426 2475 3637 2548 ἀνθρώ-

2064 2593 2179 2628 πων
2208 2574 2344 2627 εἰσὶν
2384 2575 2481 2628 ἄν·
2532 2574 2581 2626 οἱ
2625 2573 2831 2636 ὀδόντες
2856 2572 2994 2626 ὅπλα
3028 2573 3122 2625 καὶ
3165 2572 3221 2624 αἱ
3264 2568 3478 2640 βουλαί·
3514 2567 3638 2621 ἀντὶ

2062 2666 2180 2728 τοῦ,
2214 2665 2627 2737 βλαπτικοίείσι
2657 2665 2746 2718 διά
2790 2664 3243 2735 πάντων.”Ωσπερ
3287 2664 3319 2733 ἡ
3370 2661 3633 2732 μάχαιρα,

2061 2760 2368 2829 ἠκονημένη
2398 2753 2553 2823 οὖσα,
2585 2757 2782 2828 ῥᾳδίως
2804 2754 3188 2826 ἁναιρεῖ.οὖτω
3214 2755 3307 2807 καὶ
3334 2753 3366 2822 ἡ
3392 2750 3635 2819 γλῶσσα,

2059 2850 2366 2921 τετηγμένη
2391 2844 2545 2912 οὖσα,
2562 2851 2682 2911 ταῖς
2711 2847 3059 2910 καταλαλιαῖς
3087 2842 3345 2916 ἁναιρεῖ.]
3374 2842 3638 2913 Σκύμνων

2060 2940 2168 2994 τῶν
2221 2940 2424 3009 νοητῶν
2483 2937 2745 3010 δηλονότι.
2777 2935 3128 3005 Ἐκοιμήθην
3186 2930 3636 3001 τεταραγμένος.

2075 3030 2292 3102 Ἐπειδὴ
2335 3030 2624 3103 ὲρρύσθην,
2656 3029 2841 3100 φησιν,
2871 3031 2936 3082 ὲκ
2976 3029 3084 3081 τῶν
3126 3026 3330 3097 νοητῶν
3365 3025 3638 3096 σκύμνων,

2064 3125 2255 3178 τούτου
2289 3123 2448 3195 χάριν
2471 3124 2564 3176 καὶ
2596 3122 3000 3193 ἀναπαύσομαι,
3026 3121 3202 3175 καίτοι
3230 3120 3396 3174 πάλαι
3426 3117 3517 3172 ὑπ’
3544 3118 3641 3171 αύ-

2061 3213 2168 3267 τῶν
2205 3212 2624 3284 ταραττόμενος.
2663 3212 2781 3265 Υἱοὶ
2813 3210 3160 3279 ἀνθρώπων,
3185 3213 3238 3263 οἱ
3262 3209 3499 3272 ὀδόντες
3529 3208 3639 3259 αὑ-

2060 3303 2178 3358 τῶν
2204 3303 2365 3358 ὅπλα
2395 3303 2491 3356 καὶ
2521 3302 2703 3371 βέλη.
2757 3302 2940 3356 Ταῦτά
2969 3319 3100 3373 φησι
3128 3299 3547 3371 κατασημαίνων
3571 3296 3642 3351 τά

2060 3396 2138 3467 τῷ
2172 3397 2382 3468 Σωτῆρι
2410 3394 2693 3465 συμϐάντα
2723 3395 2865 3448 κατά
2913 3394 3004 3447 τὸν
3044 3392 3136 3447 τοῦ
3191 3391 3396 3455 πάθους
3424 3390 3637 3462 καιρὸν,

2061 3487 2226 3558 ἡνίκα
2274 3486 2409 3557 πρὸς
2453 3484 2681 3537 Πιλᾶτον
2715 3484 2943 3557 ἔκραζον
2971 3486 3021 3537 οἱ
3061 3484 3298 3537 Ἰουδαῖοι
3330 3482 3470 3535 κατά
3503 3482 3643 3553 Χρι-

2065 3576 2191 3630 στοῦ
2239 3571 2519 3643 τὸ,Ἇρον,
2568 3568 2737 3642 ἆρον,
2763 3577 3118 3644 σταύρωσον
3161 3573 3366 3637 αὑτὸν,
3412 3572 3506 3625 καὶ
3556 3573 3642 3625 ὅτι

2063 3671 2133 3722 Et
2151 3667 2236 3737 μὴ
2275 3663 2354 3736 ἦν
2382 3661 2560 3731 οὗτος
2586 3664 2937 3736 κακοῦργος,
2969 3666 3079 3719 οὐκ
3125 3663 3202 3718 ἄν
3234 3679 3331 3717 σοι
3381 3661 3644 3730 παρεδώ-

2064 3778 2251 3832 καμεν
2277 3761 2486 3821 αὐτόν.

2145 3850 2433 3920 Ὺψώθητι
2477 3851 2574 3905 ἐπὶ
2618 3849 2759 3914 τοὺς
2797 3847 3112 3916 οὐρανοὺς,
3137 3851 3169 3902 ό
3211 3848 3373 3914 Θεῦς,
3404 3848 3504 3902 καί
3538 3848 3638 3902 ἐπὶ

2066 3944 2273 4001 πᾶσαν
2296 3942 2412 4011 τὴν
2443 3941 2558 4013 γῆν
2603 3944 2640 4011 ὴ
2677 3942 2827 4005 δόξα
2856 3958 2993 3994 σου.
3021 3942 3083 3993 Ei
3114 3941 3206 3993 καὶ
3232 3940 3500 4010 καθῆκας,
3533 3957 3642 4010 φη-

2068 4035 2174 4098 σὶν,
2207 4032 2398 4086 ἑαυτὸν
2428 4032 2514 4084 διὰ
2546 4031 2644 4102 τὴν
2671 4030 2945 4100 ἡμετέραν
2989 4029 3259 4100 σωτηρίαν
3287 4028 3366 4091 εἰς
3395 4026 3641 4080 ἑκούσιον

2066 4125 2319 4188 κένωσιν,
2347 4123 2442 4177 καὶ
2485 4122 2716 4191 γέγονας
2760 4122 2998 4190 ὑπήκοος
3033 4120 3192 4193 μέχρι
3214 4119 3463 4183 θανάτου,
3503 4117 3640 4172 ἀλλά

2066 4217 2162 4270 καὶ
2203 4216 2363 4269 πάλιν
2392 4213 2579 4268 ἄνελθε
2609 4216 2689 4277 εἰς
2718 4214 2999 4285 οὐρανοὺς,
3028 4214 3111 4266 ὅτι
3156 4214 3249 4267 καὶ
3278 4210 3514 4266 ἀνελθὼν
3538 4209 3639 4279 τῆς

2069 4308 2167 4377 σῆς
2199 4304 2354 4372 δόξης
2388 4302 2696 4374 πληρώσεις
2731 4305 2911 4357 πᾶσαν
2936 4303 3032 4373 τὴν
3054 4303 3178 4372 γῆν.

2134 4391 2363 4462 Παγίδα
2404 4391 2737 4460 ἡτοίμασαν
2783 4391 2906 4457 τοῖς
2938 4392 3084 4445 ποσί
3114 4409 3255 4461 μου.
3287 4391 3425 4453 Τοὺς
3466 4404 3639 4442 κατασ-

399 4481 727 4556 ηιεἸείιυοὶε
773 4485 1118 4555 dejiciebant,
1160 4484 1363 4539 curasti
1399 4491 1458 4536 ut
1484 4483 1539 4536 in
1567 4479 1776 4535 foveam
1800 4491 1965 4547 quam

2072 4484 2360 4548 ϐάλλοντας
2393 4501 2480 4555 με,
2510 4483 2662 4554 φησὶ,
2692 4482 2781 4537 διὰ
2812 4483 2921 4536 τῶν
2957 4482 3195 4550 παγίδων
3224 4480 3641 4552 παρεσκεύασας

399 4579 643 4632 fecerunt
683 4576 1003 4630 inciderent.
1052 4575 1422 4641 Quamobrem
1464 4574 1568 4628 hac
1603 4586 1663 4626 re
1704 4569 1963 4641 praeclare

398 4678 516 4723 acta
542 4683 703 4738 super
734 4668 903 4722 ctelos
937 4667 1197 4721 exaltare.

465 4758 519 4815 8.
551 4758 807 4813 Paratum
843 4774 934 4812 cor
964 4774 1155 4821 meum,
1188 4756 1348 4820 Deus,
1380 4762 1629 4825 paratum
1657 4769 1747 4807 eor
1766 4769 1960 4807 meum.
2042 4761 2046 4765 '

398 4850 571 4921 Rogat
600 4850 703 4907 sibi
734 4851 851 4906 dari
884 4850 1144 4920 Spiritum
1174 4858 1442 4915 sanctum,
1472 4863 1632 4917 quem
1670 4847 1962 4902 missurum

396 4960 455 5001 se
497 4944 549 4997 in
587 4944 783 4999 caelum
832 4944 1128 4998 ascendens
1182 4939 1509 5010 Unigenitus
1546 4939 1819 5009 pollicitus
1858 4947 1960 5005 est,

393 5040 644 5108 paratum
679 5050 801 5089 esse
829 5051 923 5090 cor
956 5050 1114 5089 suum
1141 5036 1293 5089 aiens
1318 5033 1383 5087 ad
1417 5047 1539 5086 eum
1571 5032 1959 5101 recipiendum.

469 5129 522 5184 9.
551 5127 811 5197 Exsurge,
837 5127 1005 5197 gloria
1050 5142 1183 5180 mea.
1219 5124 1462 5179 Gloriam
1505 5137 1659 5177 suam
1708 5121 1963 5190 spiritum

393 5220 769 5288 propheticnm
788 5218 1039 5288 appellat.
1062 5216 1319 5285 Exsurge,
1338 5214 1647 5284 psalterium
1669 5223 1716 5266 et
1734 5213 1959 5267 cithara.

395 5305 715 5363 Psalterium
753 5310 884 5362 dicit
924 5308 1185 5369 animum,
1226 5307 1491 5361 citharam
1531 5314 1690 5359 vocat
1739 5319 1958 5374 corpus.

398 5395 697 5469 Exsurgam
726 5400 981 5454 diluculo.
1002 5399 1251 5465 Quando,
1285 5398 1487 5466 inquit,
1519 5398 1851 5466 spiritualem
1883 5396 1963 5449 lu-

399 5501 515 5540 cem
545 5490 797 5555 sentiam,
831 5504 1122 5560 exsurgam
1155 5490 1221 5543 ad
1256 5489 1611 5544 cantandum.

466 5663 513 5695 "
541 5661 699 5719 Joan.
731 5681 846 5735 nx,
872 5665 961 5722 15.
1032 5667 1077 5699 ⁸ο
1105 5664 1263 5720 Joan.
1294 5682 1451 5733 xvnt,
1484 5665 1574 5722 30.

468 5755 604 5824 (διε)
629 5761 700 5812 Et
730 5759 814 5814 δέ.
851 5758 1010 5817 Forte
1032 5755 1092 5815 οὗ
1121 5762 1239 5817 καί.
1279 5762 1442 5834 ιΕυιτ.
1620 5749 1632 5757 ’

2067 4579 2146 4641 εἰς
2165 4576 2325 4629 αὐτὸν
2344 4577 2402 4629 ὃν
2426 4575 2639 4649 ὤρυξαν
2671 4575 2859 4647 βόθρον
2883 4577 3160 4645 ἐμπεσεῖν.
3188 4573 3278 4626 Διὸ
3307 4572 3369 4643 δὴ
3398 4572 3492 4626 καὶ
3512 4569 3643 4624 ταῦ-

2066 4686 2134 4721 τα
2167 4667 2514 4739 κατορθώσας
2541 4669 2633 4722 ἐπὶ
2660 4668 2786 4730 τοὺς
2818 4667 3078 4739 οὐρανοὺς
3105 4665 3367 4736 ύψώθητι.

2151 4760 2379 4828 Ἑτοίμη
2405 4762 2443 4828 ἡ
2476 4759 2687 4827 καρδία
2707 4777 2847 4828 μου,
2884 4762 2916 4812 ὀ
2944 4757 3105 4823 Θεὸς,
3130 4757 3329 4825 ἑτοίμη
3351 4757 3389 4823 ἠ
3424 4753 3640 4821 καρδία

2063 4866 2203 4918 μου.
2228 4848 2542 4919 Παρακαλεῖ
2559 4848 2810 4914 δέξασθαι
2829 4847 2889 4900 τὸ
2901 4847 3123 4917 Πνεῦμα
3143 4846 3203 4899 τὸ
3225 4847 3396 4913 ἅγιον,
3420 4845 3449 4897 ὃ
3470 4846 3641 4914 ἐπηγο-

2068 4939 2284 5007 γείλατο
2325 4940 2682 5010 ἀνερχόμενος
2718 4939 2949 5010 πέμψειν
2979 4942 3007 4992 6
3046 4936 3373 5015 Mqvoyev’qg,
3416 4935 3641 5005 ἑτοίμην

2068 5032 2147 5094 εἰς
2168 5031 2228 5083 τὸ
2248 5030 2498 5095 δέξασθαι
2513 5031 2685 5099 λέγων
2705 5029 3030 5100 γεγενῆσθαι
3048 5030 3145 5099 τὴν
3169 5026 3360 5082 ἑαυτοῦ
3392 5026 3640 5097 καρδίαν.

2152 5121 2530 5192 Ἐξεγέρθητι,
2565 5125 2603 5189 ἢ
2630 5122 2777 5187 δόξα
2800 5140 2938 5190 μου.
2972 5121 3138 5186 Δόξαν
3167 5121 3358 5174 ἑαυτοῦ
3398 5119 3458 5171 τὸ
3488 5116 3644 5170 πνεῦ-

2072 5228 2149 5284 μα
2195 5213 2256 5265 τὸ
2306 5215 2639 5285 προφητικόν
2673 5231 2853 5286 φησιν.
2876 5212 3259 5282 Ἐξεγὲρθητι,
3303 5209 3641 5279 ’ψαλτήριον

2067 5304 2164 5358 καὶ
2197 5305 2425 5372 κιθάρα.
2442 5304 2749 5375 Ψαλτὴ-ριον
2783 5305 2879 5375 μὲν
2903 5305 3000 5375 τὴν
3020 5303 3197 5374 ψυχήν
3227 5318 3378 5370 φησι,
3410 5299 3642 5369 κιθάραν

2065 5393 2123 5446 δὲ
2167 5394 2226 5447 τδ
2268 5394 2426 5465 σῶμα
2470 5395 2643 5448 καλεῖ.
2676 5394 3160 5465 Ἐξετερθήσομαι
3196 5391 3535 5461 ὄρθρου.Ἐν
3559 5391 3642 5442 αἰ-

2069 5485 2277 5555 σθήσει,
2320 5488 2471 5556 φησι,
2501 5485 2592 5540 τοῦ
2646 5485 2834 5557 νοητοῦ
2882 5487 3058 5555 φωτὸς
3103 5485 3394 5556 γενόμενος
3442 5481 3536 5537 ἐπὶ
3579 5479 3644 5536 τι

2069 5574 2255 5644 ὑμνεῖν
2286 5575 2436 5646 ὲξεγε
2445 5577 2727 5649 ρθήσομαι.

1678 5665 1719 5699 ⁸¹
1751 5662 1984 5734 Philipp.
2022 5679 2082 5729 ιι,
2115 5665 2169 5733 7,
2195 5665 2281 5721 8.‘
