  <div class='ocr_page' id='page_1' title='image "/cluster/home/n/w/nwhite01/storage/ocr_20150623/27/mdp.39015007065769/150.png"; bbox 0 0 3976 6220; ppageno 0'>
   <div class='ocr_carea' id='block_1_1' title="bbox 333 292 426 346">
    <p class='ocr_par' dir='ltr' id='par_1_1' title="bbox 333 292 426 346">
     <span class='ocr_line' id='line_1_1' title="bbox 333 292 426 346; baseline 0 0"><span class='ocrx_word' id='word_1_1' title='bbox 333 292 426 346; x_wconf 61' lang='lat'><strong>161</strong></span> 
     </span>
    </p>
   </div>
   <div class='ocr_carea' id='block_1_2' title="bbox 1418 283 2460 343">
    <p class='ocr_par' dir='ltr' id='par_1_2' title="bbox 1418 283 2460 343">
     <span class='ocr_line' id='line_1_2' title="bbox 1418 283 2460 343; baseline -0.003 -2"><span class='ocrx_word' id='word_1_2' title='bbox 1418 284 1789 343; x_wconf 76' lang='lat' dir='ltr'><strong>EXPOSITIO</strong></span> <span class='ocrx_word' id='word_1_3' title='bbox 1830 284 1895 339; x_wconf 85' lang='lat' dir='ltr'><strong>IN</strong></span> <span class='ocrx_word' id='word_1_4' title='bbox 1936 283 2267 340; x_wconf 82' lang='lat' dir='ltr'><strong>PSALMUM</strong></span> <span class='ocrx_word' id='word_1_5' title='bbox 2304 284 2460 341; x_wconf 80' lang='lat' dir='ltr'><strong>LVII.</strong></span> 
     </span>
    </p>
   </div>
   <div class='ocr_carea' id='block_1_3' title="bbox 3472 284 3580 341">
    <p class='ocr_par' dir='ltr' id='par_1_3' title="bbox 3472 284 3580 341">
     <span class='ocr_line' id='line_1_3' title="bbox 3472 284 3580 341; baseline 0.009 -1"><span class='ocrx_word' id='word_1_6' title='bbox 3472 284 3580 341; x_wconf 75' lang='lat'><strong>26?.</strong></span> 
     </span>
    </p>
   </div>
   <div class='ocr_carea' id='block_1_4' title="bbox 414 401 1910 475">
    <p class='ocr_par' dir='ltr' id='par_1_4' title="bbox 414 404 1910 475">
     <span class='ocr_line' id='line_1_4' title="bbox 414 404 1910 475; baseline -0.001 -17"><span class='ocrx_word' id='word_1_7' title='bbox 414 404 968 475; x_wconf 77' lang='grc' dir='ltr'>Ἐξομολογήσομαί</span> <span class='ocrx_word' id='word_1_8' title='bbox 1006 419 1104 460; x_wconf 89' lang='grc' dir='ltr'><strong>σοι</strong></span> <span class='ocrx_word' id='word_1_9' title='bbox 1151 404 1221 457; x_wconf 79' lang='grc' dir='ltr'><em>ὲν</em></span> <span class='ocrx_word' id='word_1_10' title='bbox 1264 404 1455 471; x_wconf 86' lang='grc' dir='ltr'>λαοῖς,</span> <span class='ocrx_word' id='word_1_11' title='bbox 1484 406 1682 473; x_wconf 82' lang='grc' dir='ltr'>Κύριε,</span> <span class='ocrx_word' id='word_1_12' title='bbox 1737 405 1910 472; x_wconf 68' lang='grc' dir='ltr'>ψαλῶ</span> 
     </span>
    </p>
   </div>
   <div class='ocr_carea' id='block_1_5' title="bbox 2018 401 3582 475">
    <p class='ocr_par' dir='ltr' id='par_1_5' title="bbox 2098 401 3582 474">
     <span class='ocr_line' id='line_1_5' title="bbox 2098 401 3582 474; baseline -0.003 -15"><span class='ocrx_word' id='word_1_13' title='bbox 2098 404 2184 459; x_wconf 77' lang='grc'><strong>10.</strong></span> <span class='ocrx_word' id='word_1_14' title='bbox 2219 405 2518 474; x_wconf 83' lang='lat' dir='ltr'><strong>Conﬁtebor</strong></span> <span class='ocrx_word' id='word_1_15' title='bbox 2566 404 2662 457; x_wconf 85' lang='lat' dir='ltr'><strong>tibi</strong></span> <span class='ocrx_word' id='word_1_16' title='bbox 2696 404 2751 457; x_wconf 90' lang='lat' dir='ltr'><strong>in</strong></span> <span class='ocrx_word' id='word_1_17' title='bbox 2797 404 3024 473; x_wconf 77' lang='lat' dir='ltr'><strong>populis,</strong></span> <span class='ocrx_word' id='word_1_18' title='bbox 3068 401 3582 471; x_wconf 35' lang='lat' dir='ltr'><strong>Dominehpsallam</strong></span> 
     </span>
    </p>
   </div>
   <div class='ocr_carea' id='block_1_6' title="bbox 336 483 1906 570">
    <p class='ocr_par' dir='ltr' id='par_1_6' title="bbox 336 483 1906 570">
     <span class='ocr_line' id='line_1_6' title="bbox 336 483 1906 570; baseline 0 -17"><span class='ocrx_word' id='word_1_19' title='bbox 336 516 431 553; x_wconf 84' lang='grc' dir='ltr'><strong>σοι</strong></span> <span class='ocrx_word' id='word_1_20' title='bbox 457 499 527 552; x_wconf 80' lang='grc' dir='ltr'><strong>ἐν</strong></span> <span class='ocrx_word' id='word_1_21' title='bbox 548 483 777 554; x_wconf 69' lang='grc' dir='ltr'>ἔθνεσι,</span> <span class='ocrx_word' id='word_1_22' title='bbox 813 498 922 570; x_wconf 84' lang='grc' dir='ltr'>Τὴν</span> <span class='ocrx_word' id='word_1_23' title='bbox 971 498 1079 551; x_wconf 83' lang='grc' dir='ltr'><strong>τῶν</strong></span> <span class='ocrx_word' id='word_1_24' title='bbox 1109 498 1276 552; x_wconf 78' lang='grc' dir='ltr'>ἐθνῶν</span> <span class='ocrx_word' id='word_1_25' title='bbox 1302 499 1555 553; x_wconf 86' lang='grc' dir='ltr'>ἁπάντων</span> <span class='ocrx_word' id='word_1_26' title='bbox 1575 500 1906 570; x_wconf 75' lang='grc' dir='ltr'>ἐπιστροφὴν</span> 
     </span>
    </p>
   </div>
   <div class='ocr_carea' id='block_1_7' title="bbox 337 585 1908 662">
    <p class='ocr_par' dir='ltr' id='par_1_7' title="bbox 337 585 1908 662">
     <span class='ocr_line' id='line_1_7' title="bbox 337 585 1908 662; baseline -0.001 -18"><span class='ocrx_word' id='word_1_27' title='bbox 337 590 746 660; x_wconf 69' lang='grc' dir='ltr'>εὐαγγελίζεται</span> <span class='ocrx_word' id='word_1_28' title='bbox 792 592 861 645; x_wconf 72' lang='grc' dir='ltr'>δι’</span> <span class='ocrx_word' id='word_1_29' title='bbox 889 585 963 645; x_wconf 84' lang='grc' dir='ltr'>ὧν</span> <span class='ocrx_word' id='word_1_30' title='bbox 1006 591 1433 662; x_wconf 86' lang='grc' dir='ltr'>ἐξομολογεῖται,</span> <span class='ocrx_word' id='word_1_31' title='bbox 1468 592 1563 645; x_wconf 82' lang='grc' dir='ltr'>ἆτε</span> <span class='ocrx_word' id='word_1_32' title='bbox 1599 591 1663 662; x_wconf 85' lang='grc' dir='ltr'>δὴ</span> <span class='ocrx_word' id='word_1_33' title='bbox 1691 592 1908 645; x_wconf 86' lang='grc' dir='ltr'>πάντων</span> 
     </span>
    </p>
   </div>
   <div class='ocr_carea' id='block_1_8' title="bbox 337 682 1908 754">
    <p class='ocr_par' dir='ltr' id='par_1_8' title="bbox 337 682 1908 754">
     <span class='ocr_line' id='line_1_8' title="bbox 337 682 1908 754; baseline 0 -18"><span class='ocrx_word' id='word_1_34' title='bbox 337 684 440 736; x_wconf 82' lang='grc' dir='ltr'><strong>τῶν</strong></span> <span class='ocrx_word' id='word_1_35' title='bbox 475 682 647 738; x_wconf 87' lang='grc' dir='ltr'>ἐθνῶν</span> <span class='ocrx_word' id='word_1_36' title='bbox 686 685 814 748; x_wconf 76' lang='grc' dir='ltr'>τοὺς</span> <span class='ocrx_word' id='word_1_37' title='bbox 845 683 1009 738; x_wconf 78' lang='grc' dir='ltr'>αὐτοῦ</span> <span class='ocrx_word' id='word_1_38' title='bbox 1046 683 1279 753; x_wconf 76' lang='grc' dir='ltr'><strong>ᾀδόντων</strong></span> <span class='ocrx_word' id='word_1_39' title='bbox 1309 682 1659 754; x_wconf 71' lang='grc' dir='ltr'>ὖμνους.”οτι</span> <span class='ocrx_word' id='word_1_40' title='bbox 1698 682 1908 750; x_wconf 80' lang='grc' dir='ltr'><strong>ἐμεγα-</strong></span> 
     </span>
    </p>
   </div>
   <div class='ocr_carea' id='block_1_9' title="bbox 335 772 1910 844">
    <p class='ocr_par' dir='ltr' id='par_1_9' title="bbox 335 772 1910 844">
     <span class='ocr_line' id='line_1_9' title="bbox 335 772 1910 844; baseline -0.002 -16"><span class='ocrx_word' id='word_1_41' title='bbox 335 776 525 842; x_wconf 80' lang='grc' dir='ltr'>λύνθη</span> <span class='ocrx_word' id='word_1_42' title='bbox 556 775 669 842; x_wconf 76' lang='grc' dir='ltr'>ἕως</span> <span class='ocrx_word' id='word_1_43' title='bbox 696 777 802 828; x_wconf 77' lang='grc' dir='ltr'><strong>τὸν</strong></span> <span class='ocrx_word' id='word_1_44' title='bbox 833 775 1092 842; x_wconf 80' lang='grc' dir='ltr'><strong>οὐρανὸν</strong></span> <span class='ocrx_word' id='word_1_45' title='bbox 1121 774 1187 829; x_wconf 88' lang='grc' dir='ltr'>τὸ</span> <span class='ocrx_word' id='word_1_46' title='bbox 1219 774 1390 841; x_wconf 81' lang='grc' dir='ltr'>ἔλεός</span> <span class='ocrx_word' id='word_1_47' title='bbox 1419 792 1554 828; x_wconf 86' lang='grc' dir='ltr'>σου.</span> <span class='ocrx_word' id='word_1_48' title='bbox 1573 775 1796 844; x_wconf 85' lang='grc' dir='ltr'><strong>Ὅμοιον</strong></span> <span class='ocrx_word' id='word_1_49' title='bbox 1832 772 1910 844; x_wconf 80' lang='grc' dir='ltr'>τῷ</span> 
     </span>
    </p>
   </div>
   <div class='ocr_carea' id='block_1_10' title="bbox 336 866 1912 937">
    <p class='ocr_par' dir='ltr' id='par_1_10' title="bbox 336 866 1912 937">
     <span class='ocr_line' id='line_1_10' title="bbox 336 866 1912 937; baseline -0.001 -17"><span class='ocrx_word' id='word_1_50' title='bbox 336 868 465 920; x_wconf 81' lang='grc' dir='ltr'>’Ὁτι</span> <span class='ocrx_word' id='word_1_51' title='bbox 495 867 593 920; x_wconf 76' lang='grc' dir='ltr'>καὶ</span> <span class='ocrx_word' id='word_1_52' title='bbox 624 867 777 935; x_wconf 78' lang='grc' dir='ltr'>αὑτὴ</span> <span class='ocrx_word' id='word_1_53' title='bbox 804 869 840 934; x_wconf 74' lang='grc' dir='ltr'><strong><em>ἡ</em></strong></span> <span class='ocrx_word' id='word_1_54' title='bbox 873 868 1070 934; x_wconf 83' lang='grc' dir='ltr'><strong>κτίσις</strong></span> <span class='ocrx_word' id='word_1_55' title='bbox 1097 868 1633 937; x_wconf 76' lang='grc' dir='ltr'><strong>ἐλευθερωθήσεται</strong></span> <span class='ocrx_word' id='word_1_56' title='bbox 1659 866 1775 921; x_wconf 81' lang='grc' dir='ltr'><strong>ἀπὸ</strong></span> <span class='ocrx_word' id='word_1_57' title='bbox 1799 866 1912 934; x_wconf 85' lang='grc' dir='ltr'>τῆς</span> 
     </span>
    </p>
   </div>
   <div class='ocr_carea' id='block_1_11' title="bbox 333 956 1907 1027">
    <p class='ocr_par' dir='ltr' id='par_1_11' title="bbox 333 956 1907 1027">
     <span class='ocr_line' id='line_1_11' title="bbox 333 956 1907 1027; baseline 0.001 -17"><span class='ocrx_word' id='word_1_58' title='bbox 333 956 559 1026; x_wconf 56' lang='grc' dir='ltr'>φθορᾶς</span> <span class='ocrx_word' id='word_1_59' title='bbox 589 961 675 1024; x_wconf 85' lang='grc' dir='ltr'>εὶς</span> <span class='ocrx_word' id='word_1_60' title='bbox 695 958 809 1027; x_wconf 76' lang='grc' dir='ltr'><strong>τὴν</strong></span> <span class='ocrx_word' id='word_1_61' title='bbox 839 959 1187 1027; x_wconf 75' lang='grc' dir='ltr'><strong>ἐλευθερίαν</strong></span> <span class='ocrx_word' id='word_1_62' title='bbox 1215 958 1333 1012; x_wconf 86' lang='grc' dir='ltr'>τῶν</span> <span class='ocrx_word' id='word_1_63' title='bbox 1352 958 1578 1013; x_wconf 79' lang='grc' dir='ltr'>τέκνων</span> <span class='ocrx_word' id='word_1_64' title='bbox 1600 958 1707 1012; x_wconf 86' lang='grc' dir='ltr'><strong>τοῦ</strong></span> <span class='ocrx_word' id='word_1_65' title='bbox 1738 958 1907 1013; x_wconf 84' lang='grc' dir='ltr'><strong>Θεοῦ.</strong></span> 
     </span>
    </p>
   </div>
   <div class='ocr_carea' id='block_1_12' title="bbox 333 1046 1908 1117">
    <p class='ocr_par' dir='ltr' id='par_1_12' title="bbox 333 1046 1908 1117">
     <span class='ocr_line' id='line_1_12' title="bbox 333 1046 1908 1117; baseline -0.001 -18"><span class='ocrx_word' id='word_1_66' title='bbox 333 1047 441 1099; x_wconf 80' lang='grc' dir='ltr'><strong>Καὶ</strong></span> <span class='ocrx_word' id='word_1_67' title='bbox 490 1046 603 1113; x_wconf 79' lang='grc' dir='ltr'>ἕως</span> <span class='ocrx_word' id='word_1_68' title='bbox 650 1046 770 1100; x_wconf 77' lang='grc' dir='ltr'>τῶν</span> <span class='ocrx_word' id='word_1_69' title='bbox 814 1046 1088 1115; x_wconf 66' lang='grc' dir='ltr'>νεφελῶν</span> <span class='ocrx_word' id='word_1_70' title='bbox 1124 1048 1163 1115; x_wconf 81' lang='grc' dir='ltr'><strong><em>ἠ</em></strong></span> <span class='ocrx_word' id='word_1_71' title='bbox 1209 1046 1459 1114; x_wconf 82' lang='grc' dir='ltr'>ἀλήθειά</span> <span class='ocrx_word' id='word_1_72' title='bbox 1490 1065 1626 1101; x_wconf 91' lang='grc' dir='ltr'>σου.</span> <span class='ocrx_word' id='word_1_73' title='bbox 1645 1046 1908 1117; x_wconf 83' lang='grc' dir='ltr'>Ἀληθεϊς,</span> 
     </span>
    </p>
   </div>
   <div class='ocr_carea' id='block_1_13' title="bbox 335 1139 1914 1211">
    <p class='ocr_par' dir='ltr' id='par_1_13' title="bbox 335 1139 1914 1211">
     <span class='ocr_line' id='line_1_13' title="bbox 335 1139 1914 1211; baseline 0 -18"><span class='ocrx_word' id='word_1_74' title='bbox 335 1141 490 1211; x_wconf 66' lang='grc' dir='ltr'>φησὶ,</span> <span class='ocrx_word' id='word_1_75' title='bbox 522 1140 621 1203; x_wconf 74' lang='grc' dir='ltr'>τὰς</span> <span class='ocrx_word' id='word_1_76' title='bbox 650 1140 759 1194; x_wconf 85' lang='grc' dir='ltr'><strong>τῶν</strong></span> <span class='ocrx_word' id='word_1_77' title='bbox 801 1141 1057 1211; x_wconf 80' lang='grc' dir='ltr'>νεφελῶν,</span> <span class='ocrx_word' id='word_1_78' title='bbox 1079 1140 1323 1194; x_wconf 83' lang='grc' dir='ltr'><strong>τουτέστι</strong></span> <span class='ocrx_word' id='word_1_79' title='bbox 1352 1140 1459 1194; x_wconf 87' lang='grc' dir='ltr'><strong>τῶν</strong></span> <span class='ocrx_word' id='word_1_80' title='bbox 1488 1139 1801 1211; x_wconf 78' lang='grc' dir='ltr'>προφητῶν,</span> <span class='ocrx_word' id='word_1_81' title='bbox 1824 1139 1914 1193; x_wconf 80' lang='grc' dir='ltr'>διὰ</span> 
     </span>
    </p>
   </div>
   <div class='ocr_carea' id='block_1_14' title="bbox 333 1230 1484 1302">
    <p class='ocr_par' dir='ltr' id='par_1_14' title="bbox 333 1230 1484 1302">
     <span class='ocr_line' id='line_1_14' title="bbox 333 1230 1484 1302; baseline 0.003 -20"><span class='ocrx_word' id='word_1_82' title='bbox 333 1230 441 1289; x_wconf 70' lang='grc' dir='ltr'><strong>τῶν</strong></span> <span class='ocrx_word' id='word_1_83' title='bbox 477 1231 820 1302; x_wconf 81' lang='grc' dir='ltr'>πραγμάτων</span> <span class='ocrx_word' id='word_1_84' title='bbox 843 1231 1132 1295; x_wconf 79' lang='grc' dir='ltr'>ὰπέδειξὰς</span> <span class='ocrx_word' id='word_1_85' title='bbox 1161 1249 1255 1284; x_wconf 90' lang='grc' dir='ltr'><strong>σου</strong></span> <span class='ocrx_word' id='word_1_86' title='bbox 1281 1232 1484 1300; x_wconf 82' lang='grc' dir='ltr'>φωνάς.</span> 
     </span>
    </p>
   </div>
   <div class='ocr_carea' id='block_1_15' title="bbox 402 1322 1910 1396">
    <p class='ocr_par' dir='ltr' id='par_1_15' title="bbox 402 1322 1910 1396">
     <span class='ocr_line' id='line_1_15' title="bbox 402 1322 1910 1396; baseline -0.001 -19"><span class='ocrx_word' id='word_1_87' title='bbox 402 1322 587 1396; x_wconf 85' lang='grc' dir='ltr'>[’Έως</span> <span class='ocrx_word' id='word_1_88' title='bbox 632 1322 749 1377; x_wconf 75' lang='grc' dir='ltr'>τῶν</span> <span class='ocrx_word' id='word_1_89' title='bbox 794 1323 1066 1393; x_wconf 68' lang='grc' dir='ltr'>νεφελῶν</span> <span class='ocrx_word' id='word_1_90' title='bbox 1112 1326 1150 1392; x_wconf 77' lang='grc' dir='ltr'><strong><em>ὴ</em></strong></span> <span class='ocrx_word' id='word_1_91' title='bbox 1203 1323 1451 1392; x_wconf 80' lang='grc' dir='ltr'>ἀλήθειά</span> <span class='ocrx_word' id='word_1_92' title='bbox 1492 1322 1910 1393; x_wconf 84' lang='grc' dir='ltr'>σου.Ἀληθεῖς,</span> 
     </span>
    </p>
   </div>
   <div class='ocr_carea' id='block_1_16' title="bbox 336 1415 1916 1488">
    <p class='ocr_par' dir='ltr' id='par_1_16' title="bbox 336 1415 1916 1488">
     <span class='ocr_line' id='line_1_16' title="bbox 336 1415 1916 1488; baseline -0.001 -18"><span class='ocrx_word' id='word_1_93' title='bbox 336 1419 487 1488; x_wconf 76' lang='grc' dir='ltr'>φησὶ,</span> <span class='ocrx_word' id='word_1_94' title='bbox 522 1417 619 1481; x_wconf 80' lang='grc' dir='ltr'>τὰς</span> <span class='ocrx_word' id='word_1_95' title='bbox 646 1418 752 1472; x_wconf 86' lang='grc' dir='ltr'><strong>τῶν</strong></span> <span class='ocrx_word' id='word_1_96' title='bbox 777 1418 1037 1486; x_wconf 82' lang='grc' dir='ltr'>νεφελῶν,</span> <span class='ocrx_word' id='word_1_97' title='bbox 1080 1418 1322 1470; x_wconf 75' lang='grc' dir='ltr'>τουτέστι</span> <span class='ocrx_word' id='word_1_98' title='bbox 1353 1417 1461 1469; x_wconf 89' lang='grc' dir='ltr'><strong>τῶν</strong></span> <span class='ocrx_word' id='word_1_99' title='bbox 1489 1415 1802 1487; x_wconf 83' lang='grc' dir='ltr'>προφητῶν,</span> <span class='ocrx_word' id='word_1_100' title='bbox 1829 1416 1916 1469; x_wconf 81' lang='grc' dir='ltr'>διὰ</span> 
     </span>
    </p>
   </div>
   <div class='ocr_carea' id='block_1_17' title="bbox 337 1505 1910 1581">
    <p class='ocr_par' dir='ltr' id='par_1_17' title="bbox 337 1505 1910 1581">
     <span class='ocr_line' id='line_1_17' title="bbox 337 1505 1910 1581; baseline -0.002 -19"><span class='ocrx_word' id='word_1_101' title='bbox 337 1510 678 1581; x_wconf 70' lang='grc' dir='ltr'>πραγμάτων</span> <span class='ocrx_word' id='word_1_102' title='bbox 720 1509 1064 1574; x_wconf 76' lang='grc' dir='ltr'>ἐπεδείξαντο</span> <span class='ocrx_word' id='word_1_103' title='bbox 1092 1508 1446 1577; x_wconf 82' lang='grc' dir='ltr'>φωνάς.Ἕως</span> <span class='ocrx_word' id='word_1_104' title='bbox 1477 1506 1595 1560; x_wconf 80' lang='grc' dir='ltr'>τῶν</span> <span class='ocrx_word' id='word_1_105' title='bbox 1622 1505 1910 1574; x_wconf 67' lang='grc' dir='ltr'>οίιρανῶν,</span> 
     </span>
    </p>
   </div>
   <div class='ocr_carea' id='block_1_18' title="bbox 335 1596 1912 1668">
    <p class='ocr_par' dir='ltr' id='par_1_18' title="bbox 335 1596 1912 1668">
     <span class='ocr_line' id='line_1_18' title="bbox 335 1596 1912 1668; baseline 0.001 -19"><span class='ocrx_word' id='word_1_106' title='bbox 335 1600 514 1667; x_wconf 78' lang='grc' dir='ltr'>ὅμοιον</span> <span class='ocrx_word' id='word_1_107' title='bbox 540 1597 775 1668; x_wconf 78' lang='grc' dir='ltr'>τῷ’“οτι</span> <span class='ocrx_word' id='word_1_108' title='bbox 808 1600 906 1652; x_wconf 81' lang='grc' dir='ltr'>καὶ</span> <span class='ocrx_word' id='word_1_109' title='bbox 951 1597 1103 1665; x_wconf 85' lang='grc' dir='ltr'><strong>αὺτὴ</strong></span> <span class='ocrx_word' id='word_1_110' title='bbox 1131 1599 1170 1665; x_wconf 82' lang='grc' dir='ltr'><strong><em>ή</em></strong></span> <span class='ocrx_word' id='word_1_111' title='bbox 1205 1599 1400 1663; x_wconf 82' lang='grc' dir='ltr'><strong>κτίσις</strong></span> <span class='ocrx_word' id='word_1_112' title='bbox 1441 1596 1912 1665; x_wconf 81' lang='grc' dir='ltr'>ἐλευθερωθήσε-</span> 
     </span>
    </p>
   </div>
   <div class='ocr_carea' id='block_1_19' title="bbox 336 1687 1912 1758">
    <p class='ocr_par' dir='ltr' id='par_1_19' title="bbox 336 1687 1912 1758">
     <span class='ocr_line' id='line_1_19' title="bbox 336 1687 1912 1758; baseline 0.001 -19"><span class='ocrx_word' id='word_1_113' title='bbox 336 1704 426 1741; x_wconf 75' lang='grc' dir='ltr'><strong>ται</strong></span> <span class='ocrx_word' id='word_1_114' title='bbox 476 1688 595 1743; x_wconf 78' lang='grc' dir='ltr'><strong>ἀπὸ</strong></span> <span class='ocrx_word' id='word_1_115' title='bbox 642 1688 752 1757; x_wconf 84' lang='grc' dir='ltr'><strong>τῆς</strong></span> <span class='ocrx_word' id='word_1_116' title='bbox 798 1688 1023 1758; x_wconf 71' lang='grc' dir='ltr'>φθορᾶς</span> <span class='ocrx_word' id='word_1_117' title='bbox 1066 1691 1152 1755; x_wconf 83' lang='grc' dir='ltr'><strong>είς</strong></span> <span class='ocrx_word' id='word_1_118' title='bbox 1195 1688 1542 1758; x_wconf 78' lang='grc' dir='ltr'>ἐλευθερίαν</span> <span class='ocrx_word' id='word_1_119' title='bbox 1572 1687 1683 1757; x_wconf 84' lang='grc' dir='ltr'>τῆς</span> <span class='ocrx_word' id='word_1_120' title='bbox 1728 1688 1912 1757; x_wconf 82' lang='grc' dir='ltr'><strong>δόξης</strong></span> 
     </span>
    </p>
   </div>
   <div class='ocr_carea' id='block_1_20' title="bbox 336 1779 1065 1853">
    <p class='ocr_par' dir='ltr' id='par_1_20' title="bbox 336 1779 1065 1853">
     <span class='ocr_line' id='line_1_20' title="bbox 336 1779 1065 1853; baseline 0.003 -21"><span class='ocrx_word' id='word_1_121' title='bbox 336 1779 451 1833; x_wconf 76' lang='grc' dir='ltr'>τῶν</span> <span class='ocrx_word' id='word_1_122' title='bbox 477 1780 704 1833; x_wconf 77' lang='grc' dir='ltr'>τέκνων</span> <span class='ocrx_word' id='word_1_123' title='bbox 732 1781 840 1835; x_wconf 88' lang='grc' dir='ltr'>τοῦ</span> <span class='ocrx_word' id='word_1_124' title='bbox 871 1780 1065 1853; x_wconf 82' lang='grc' dir='ltr'><strong>Θεοῦ.]</strong></span> 
     </span>
    </p>
   </div>
   <div class='ocr_carea' id='block_1_21' title="bbox 338 1890 1910 1963">
    <p class='ocr_par' dir='ltr' id='par_1_21' title="bbox 338 1890 1910 1963">
     <span class='ocr_line' id='line_1_21' title="bbox 338 1890 1910 1963; baseline 0.003 -21"><span class='ocrx_word' id='word_1_125' title='bbox 338 1893 438 1955; x_wconf 59' lang='lat' dir='ltr'><strong>Eii;</strong></span> <span class='ocrx_word' id='word_1_126' title='bbox 476 1890 541 1945; x_wconf 85' lang='grc' dir='ltr'>τὸ</span> <span class='ocrx_word' id='word_1_127' title='bbox 587 1891 783 1958; x_wconf 84' lang='grc' dir='ltr'>τέλος,</span> <span class='ocrx_word' id='word_1_128' title='bbox 816 1891 903 1961; x_wconf 80' lang='grc' dir='ltr'><em>μὴ</em></span> <span class='ocrx_word' id='word_1_129' title='bbox 937 1892 1299 1961; x_wconf 61' lang='grc' dir='ltr'>διαφθείρῃς,</span> <span class='ocrx_word' id='word_1_130' title='bbox 1327 1892 1408 1959; x_wconf 85' lang='grc' dir='ltr'>τῷ</span> <span class='ocrx_word' id='word_1_131' title='bbox 1435 1894 1618 1948; x_wconf 82' lang='grc' dir='ltr'>Δαυῒδ</span> <span class='ocrx_word' id='word_1_132' title='bbox 1643 1896 1730 1960; x_wconf 82' lang='grc' dir='ltr'><strong>είς</strong></span> <span class='ocrx_word' id='word_1_133' title='bbox 1760 1908 1910 1963; x_wconf 83' lang='grc' dir='ltr'>στη-</span> 
     </span>
    </p>
   </div>
   <div class='ocr_carea' id='block_1_22' title="bbox 683 1986 1558 2054">
    <p class='ocr_par' dir='ltr' id='par_1_22' title="bbox 683 1986 1558 2054">
     <span class='ocr_line' id='line_1_22' title="bbox 683 1986 1558 2054; baseline 0.003 -16"><span class='ocrx_word' id='word_1_134' title='bbox 683 1986 1035 2054; x_wconf 66' lang='grc' dir='ltr'>λογραςοίαν.</span> <span class='ocrx_word' id='word_1_135' title='bbox 1083 1987 1392 2039; x_wconf 82' lang='grc' dir='ltr'><strong>ΨΑΛΜΟΣ</strong></span> <span class='ocrx_word' id='word_1_136' title='bbox 1426 1988 1558 2042; x_wconf 74' lang='lat' dir='ltr'><strong>NZ&#39;.</strong></span> 
     </span>
    </p>
   </div>
   <div class='ocr_carea' id='block_1_23' title="bbox 966 2074 1288 2141">
    <p class='ocr_par' dir='ltr' id='par_1_23' title="bbox 966 2074 1288 2141">
     <span class='ocr_line' id='line_1_23' title="bbox 966 2074 1288 2141; baseline 0 -14"><span class='ocrx_word' id='word_1_137' title='bbox 966 2074 1288 2141; x_wconf 84' lang='grc' dir='ltr'>Ὑπόθεσις.</span> 
     </span>
    </p>
   </div>
   <div class='ocr_carea' id='block_1_24' title="bbox 337 2164 1911 2239">
    <p class='ocr_par' dir='ltr' id='par_1_24' title="bbox 337 2164 1911 2239">
     <span class='ocr_line' id='line_1_24' title="bbox 337 2164 1911 2239; baseline 0.004 -22"><span class='ocrx_word' id='word_1_138' title='bbox 337 2164 443 2236; x_wconf 68' lang='grc' dir='ltr'><strong>Τὴν</strong></span> <span class='ocrx_word' id='word_1_139' title='bbox 491 2166 660 2237; x_wconf 81' lang='grc' dir='ltr'>αὐτὴν</span> <span class='ocrx_word' id='word_1_140' title='bbox 701 2166 956 2221; x_wconf 82' lang='grc' dir='ltr'>ὑπόθεσιν</span> <span class='ocrx_word' id='word_1_141' title='bbox 1001 2166 1113 2238; x_wconf 72' lang='grc' dir='ltr'>ἔχει</span> <span class='ocrx_word' id='word_1_142' title='bbox 1156 2166 1233 2238; x_wconf 82' lang='grc' dir='ltr'><strong>τῷ</strong></span> <span class='ocrx_word' id='word_1_143' title='bbox 1279 2167 1602 2238; x_wconf 76' lang='grc' dir='ltr'>προλαϐόντι</span> <span class='ocrx_word' id='word_1_144' title='bbox 1641 2169 1670 2220; x_wconf 85' lang='grc' dir='ltr'>ὁ</span> <span class='ocrx_word' id='word_1_145' title='bbox 1719 2166 1911 2239; x_wconf 87' lang='grc' dir='ltr'>παρὼν</span> 
     </span>
    </p>
   </div>
   <div class='ocr_carea' id='block_1_25' title="bbox 401 2256 1911 2330">
    <p class='ocr_par' dir='ltr' id='par_1_25' title="bbox 401 2256 1911 2330">
     <span class='ocr_line' id='line_1_25' title="bbox 401 2256 1911 2330; baseline 0.003 -20"><span class='ocrx_word' id='word_1_146' title='bbox 401 2257 636 2328; x_wconf 77' lang='grc' dir='ltr'>ψαλμὸς,</span> <span class='ocrx_word' id='word_1_147' title='bbox 671 2259 869 2329; x_wconf 81' lang='grc' dir='ltr'>μᾶλλον</span> <span class='ocrx_word' id='word_1_148' title='bbox 913 2258 969 2312; x_wconf 85' lang='grc' dir='ltr'>δὲ</span> <span class='ocrx_word' id='word_1_149' title='bbox 1020 2256 1206 2326; x_wconf 85' lang='grc' dir='ltr'>σαφῶς</span> <span class='ocrx_word' id='word_1_150' title='bbox 1250 2258 1522 2330; x_wconf 77' lang='grc' dir='ltr'>ἐξηγεῖται</span> <span class='ocrx_word' id='word_1_151' title='bbox 1573 2261 1722 2313; x_wconf 86' lang='grc' dir='ltr'>ποῖον</span> <span class='ocrx_word' id='word_1_152' title='bbox 1772 2259 1911 2314; x_wconf 80' lang='grc' dir='ltr'>κατὰ</span> 
     </span>
    </p>
   </div>
   <div class='ocr_carea' id='block_1_26' title="bbox 400 2349 1856 2425">
    <p class='ocr_par' dir='ltr' id='par_1_26' title="bbox 400 2349 1856 2425">
     <span class='ocr_line' id='line_1_26' title="bbox 400 2349 1856 2425; baseline 0.002 -22"><span class='ocrx_word' id='word_1_153' title='bbox 400 2349 508 2404; x_wconf 87' lang='grc' dir='ltr'><strong>τῶν</strong></span> <span class='ocrx_word' id='word_1_154' title='bbox 538 2352 958 2405; x_wconf 81' lang='grc' dir='ltr'>ἐπαναστάντων</span> <span class='ocrx_word' id='word_1_155' title='bbox 985 2349 1064 2421; x_wconf 74' lang='grc' dir='ltr'>τῷ</span> <span class='ocrx_word' id='word_1_156' title='bbox 1088 2351 1301 2425; x_wconf 79' lang='grc' dir='ltr'>Σωτῆρι</span> <span class='ocrx_word' id='word_1_157' title='bbox 1332 2351 1395 2405; x_wconf 82' lang='grc' dir='ltr'><strong>τὸ</strong></span> <span class='ocrx_word' id='word_1_158' title='bbox 1424 2352 1578 2416; x_wconf 82' lang='grc' dir='ltr'><em>τέλος</em></span> <span class='ocrx_word' id='word_1_159' title='bbox 1612 2352 1856 2421; x_wconf 80' lang='grc' dir='ltr'>γέγονεν.</span> 
     </span>
    </p>
   </div>
   <div class='ocr_carea' id='block_1_27' title="bbox 402 2524 1907 2601">
    <p class='ocr_par' dir='ltr' id='par_1_27' title="bbox 402 2524 1907 2601">
     <span class='ocr_line' id='line_1_27' title="bbox 402 2524 1907 2601; baseline 0.001 -22"><span class='ocrx_word' id='word_1_160' title='bbox 402 2528 495 2584; x_wconf 49' lang='lat' dir='ltr'><strong>El;</strong></span> <span class='ocrx_word' id='word_1_161' title='bbox 523 2525 764 2594; x_wconf 85' lang='grc' dir='ltr'>ἀληθῶς</span> <span class='ocrx_word' id='word_1_162' title='bbox 815 2524 930 2594; x_wconf 80' lang='grc' dir='ltr'>ἄρα</span> <span class='ocrx_word' id='word_1_163' title='bbox 972 2525 1372 2595; x_wconf 80' lang='grc' dir='ltr'>δικαιοσύνην</span> <span class='ocrx_word' id='word_1_164' title='bbox 1410 2525 1907 2601; x_wconf 81' lang='grc' dir='ltr'>λαλεῖτε.Ἐπειδὴ</span> 
     </span>
    </p>
   </div>
   <div class='ocr_carea' id='block_1_28' title="bbox 333 2614 1910 2686">
    <p class='ocr_par' dir='ltr' id='par_1_28' title="bbox 333 2614 1910 2686">
     <span class='ocr_line' id='line_1_28' title="bbox 333 2614 1910 2686; baseline 0.003 -19"><span class='ocrx_word' id='word_1_165' title='bbox 333 2615 624 2685; x_wconf 76' lang='grc' dir='ltr'>συνήγοντο</span> <span class='ocrx_word' id='word_1_166' title='bbox 670 2614 810 2668; x_wconf 85' lang='grc' dir='ltr'>κατὰ</span> <span class='ocrx_word' id='word_1_167' title='bbox 852 2615 945 2668; x_wconf 83' lang='grc' dir='ltr'>τοῦ</span> <span class='ocrx_word' id='word_1_168' title='bbox 991 2615 1265 2686; x_wconf 81' lang='grc' dir='ltr'>Σωτῆρος,</span> <span class='ocrx_word' id='word_1_169' title='bbox 1305 2615 1380 2679; x_wconf 82' lang='grc' dir='ltr'>ὡς</span> <span class='ocrx_word' id='word_1_170' title='bbox 1430 2616 1768 2681; x_wconf 77' lang='grc' dir='ltr'>ἐκδικοῦντες</span> <span class='ocrx_word' id='word_1_171' title='bbox 1819 2617 1910 2672; x_wconf 80' lang='grc' dir='ltr'><strong>τὸν</strong></span> 
     </span>
    </p>
   </div>
   <div class='ocr_carea' id='block_1_29' title="bbox 329 2706 1909 2778">
    <p class='ocr_par' dir='ltr' id='par_1_29' title="bbox 329 2706 1909 2778">
     <span class='ocr_line' id='line_1_29' title="bbox 329 2706 1909 2778; baseline 0.002 -20"><span class='ocrx_word' id='word_1_172' title='bbox 329 2706 511 2777; x_wconf 79' lang='grc' dir='ltr'>νόμον,</span> <span class='ocrx_word' id='word_1_173' title='bbox 569 2707 793 2770; x_wconf 76' lang='grc' dir='ltr'>εἰκότως</span> <span class='ocrx_word' id='word_1_174' title='bbox 848 2707 1031 2770; x_wconf 80' lang='grc' dir='ltr'>αὐτοῖς</span> <span class='ocrx_word' id='word_1_175' title='bbox 1084 2707 1145 2760; x_wconf 84' lang='grc' dir='ltr'><strong>τὸ</strong></span> <span class='ocrx_word' id='word_1_176' title='bbox 1206 2707 1544 2778; x_wconf 84' lang='grc' dir='ltr'>προφητικὸν</span> <span class='ocrx_word' id='word_1_177' title='bbox 1606 2707 1909 2761; x_wconf 80' lang='grc' dir='ltr'>ἐντέλλεται</span> 
     </span>
    </p>
   </div>
   <div class='ocr_carea' id='block_1_30' title="bbox 330 2798 1910 2873">
    <p class='ocr_par' dir='ltr' id='par_1_30' title="bbox 330 2798 1910 2873">
     <span class='ocr_line' id='line_1_30' title="bbox 330 2798 1910 2873; baseline 0.001 -21"><span class='ocrx_word' id='word_1_178' title='bbox 330 2800 567 2871; x_wconf 79' lang='grc' dir='ltr'>πνεῦμα,</span> <span class='ocrx_word' id='word_1_179' title='bbox 614 2799 668 2853; x_wconf 81' lang='lat' dir='ltr'><strong>sl’</strong></span> <span class='ocrx_word' id='word_1_180' title='bbox 703 2818 768 2869; x_wconf 87' lang='grc' dir='ltr'>γε</span> <span class='ocrx_word' id='word_1_181' title='bbox 812 2800 919 2873; x_wconf 78' lang='grc' dir='ltr'>ἄρα</span> <span class='ocrx_word' id='word_1_182' title='bbox 949 2799 1041 2853; x_wconf 80' lang='grc' dir='ltr'>τοῦ</span> <span class='ocrx_word' id='word_1_183' title='bbox 1075 2800 1282 2853; x_wconf 77' lang='grc' dir='ltr'>δικαίου</span> <span class='ocrx_word' id='word_1_184' title='bbox 1316 2798 1710 2871; x_wconf 78' lang='grc' dir='ltr'>φροντίζουσιν,</span> <span class='ocrx_word' id='word_1_185' title='bbox 1747 2800 1910 2855; x_wconf 82' lang='grc' dir='ltr'>εὐθέα</span> 
     </span>
    </p>
   </div>
   <div class='ocr_carea' id='block_1_31' title="bbox 330 2889 1905 2963">
    <p class='ocr_par' dir='ltr' id='par_1_31' title="bbox 330 2889 1905 2963">
     <span class='ocr_line' id='line_1_31' title="bbox 330 2889 1905 2963; baseline 0.003 -24"><span class='ocrx_word' id='word_1_186' title='bbox 330 2889 553 2959; x_wconf 86' lang='grc' dir='ltr'>κρίνειν,</span> <span class='ocrx_word' id='word_1_187' title='bbox 587 2891 831 2945; x_wconf 87' lang='grc' dir='ltr'>τουτέστι</span> <span class='ocrx_word' id='word_1_188' title='bbox 866 2892 1070 2946; x_wconf 80' lang='grc' dir='ltr'>δίκαια.</span> <span class='ocrx_word' id='word_1_189' title='bbox 1101 2892 1163 2945; x_wconf 89' lang='grc' dir='ltr'><strong>Οἱ</strong></span> <span class='ocrx_word' id='word_1_190' title='bbox 1204 2891 1260 2944; x_wconf 80' lang='grc' dir='ltr'>δὲ</span> <span class='ocrx_word' id='word_1_191' title='bbox 1295 2892 1394 2944; x_wconf 84' lang='grc' dir='ltr'><strong>οὐκ</strong></span> <span class='ocrx_word' id='word_1_192' title='bbox 1440 2891 1659 2963; x_wconf 78' lang='grc' dir='ltr'>ἔκριναν</span> <span class='ocrx_word' id='word_1_193' title='bbox 1704 2891 1905 2956; x_wconf 88' lang='grc' dir='ltr'>δίκαια,</span> 
     </span>
    </p>
   </div>
   <div class='ocr_carea' id='block_1_32' title="bbox 272 2966 1909 3054">
    <p class='ocr_par' dir='ltr' id='par_1_32' title="bbox 272 2966 1909 3054">
     <span class='ocr_line' id='line_1_32' title="bbox 272 2966 1909 3054; baseline 0.004 -24"><span class='ocrx_word' id='word_1_194' title='bbox 272 2966 285 2987; x_wconf 73' lang='grc'><strong><em>³</em></strong></span> <span class='ocrx_word' id='word_1_195' title='bbox 326 2979 417 3032; x_wconf 73' lang='grc' dir='ltr'><strong>τὸν</strong></span> <span class='ocrx_word' id='word_1_196' title='bbox 461 2980 639 3034; x_wconf 83' lang='grc' dir='ltr'>ἀθῶον</span> <span class='ocrx_word' id='word_1_197' title='bbox 680 2984 775 3036; x_wconf 80' lang='grc' dir='ltr'><strong>καὶ</strong></span> <span class='ocrx_word' id='word_1_198' title='bbox 817 2982 1023 3036; x_wconf 88' lang='grc' dir='ltr'>δίκαιον</span> <span class='ocrx_word' id='word_1_199' title='bbox 1071 2983 1385 3037; x_wconf 87' lang='grc' dir='ltr'>ἀποκτεῖναι</span> <span class='ocrx_word' id='word_1_200' title='bbox 1426 2982 1755 3054; x_wconf 85' lang='grc' dir='ltr'>βουλόμενοι.</span> <span class='ocrx_word' id='word_1_201' title='bbox 1796 2983 1909 3039; x_wconf 77' lang='grc' dir='ltr'><strong>Καὶ</strong></span> 
     </span>
    </p>
   </div>
   <div class='ocr_carea' id='block_1_33' title="bbox 2009 492 3581 566">
    <p class='ocr_par' dir='ltr' id='par_1_33' title="bbox 2009 492 3581 566">
     <span class='ocr_line' id='line_1_33' title="bbox 2009 492 3581 566; baseline -0.003 -17"><span class='ocrx_word' id='word_1_202' title='bbox 2009 495 2103 549; x_wconf 88' lang='lat' dir='ltr'><strong>tibi</strong></span> <span class='ocrx_word' id='word_1_203' title='bbox 2127 497 2182 548; x_wconf 90' lang='lat' dir='ltr'><strong>in</strong></span> <span class='ocrx_word' id='word_1_204' title='bbox 2210 496 2468 566; x_wconf 76' lang='lat' dir='ltr'><strong>gentibus.</strong></span> <span class='ocrx_word' id='word_1_205' title='bbox 2499 494 2753 549; x_wconf 87' lang='lat' dir='ltr'><strong>Omnium</strong></span> <span class='ocrx_word' id='word_1_206' title='bbox 2784 494 3018 564; x_wconf 84' lang='lat' dir='ltr'><strong>gentium</strong></span> <span class='ocrx_word' id='word_1_207' title='bbox 3050 492 3461 547; x_wconf 83' lang='lat' dir='ltr'><strong>conversionem</strong></span> <span class='ocrx_word' id='word_1_208' title='bbox 3483 506 3581 545; x_wconf 88' lang='lat' dir='ltr'><strong>an-</strong></span> 
     </span>
    </p>
   </div>
   <div class='ocr_carea' id='block_1_34' title="bbox 2009 583 3577 655">
    <p class='ocr_par' dir='ltr' id='par_1_34' title="bbox 2009 583 3577 655">
     <span class='ocr_line' id='line_1_34' title="bbox 2009 583 3577 655; baseline -0.001 -16"><span class='ocrx_word' id='word_1_209' title='bbox 2009 587 2226 640; x_wconf 85' lang='lat' dir='ltr'><strong>nuntiat</strong></span> <span class='ocrx_word' id='word_1_210' title='bbox 2274 601 2369 655; x_wconf 89' lang='lat' dir='ltr'><strong>per</strong></span> <span class='ocrx_word' id='word_1_211' title='bbox 2424 585 2823 641; x_wconf 80' lang='lat' dir='ltr'><strong>confessionem</strong></span> <span class='ocrx_word' id='word_1_212' title='bbox 2896 600 3084 650; x_wconf 90' lang='lat' dir='ltr'><strong>suam,</strong></span> <span class='ocrx_word' id='word_1_213' title='bbox 3141 583 3270 653; x_wconf 88' lang='lat' dir='ltr'><strong>quia</strong></span> <span class='ocrx_word' id='word_1_214' title='bbox 3319 583 3577 637; x_wconf 85' lang='lat' dir='ltr'><strong>nimirum</strong></span> 
     </span>
    </p>
   </div>
   <div class='ocr_carea' id='block_1_35' title="bbox 2011 674 3584 748">
    <p class='ocr_par' dir='ltr' id='par_1_35' title="bbox 2011 674 3584 748">
     <span class='ocr_line' id='line_1_35' title="bbox 2011 674 3584 748; baseline -0.004 -15"><span class='ocrx_word' id='word_1_215' title='bbox 2011 693 2202 733; x_wconf 89' lang='lat' dir='ltr'><strong>omnes</strong></span> <span class='ocrx_word' id='word_1_216' title='bbox 2228 687 2414 748; x_wconf 78' lang='lat' dir='ltr'><strong>gentes</strong></span> <span class='ocrx_word' id='word_1_217' title='bbox 2432 678 2663 748; x_wconf 86' lang='lat' dir='ltr'><strong>hymnos</strong></span> <span class='ocrx_word' id='word_1_218' title='bbox 2688 677 2807 747; x_wconf 85' lang='lat' dir='ltr'><strong>ejus</strong></span> <span class='ocrx_word' id='word_1_219' title='bbox 2830 676 3143 731; x_wconf 87' lang='lat' dir='ltr'><strong>concinunt.</strong></span> <span class='ocrx_word' id='word_1_220' title='bbox 3175 674 3438 739; x_wconf 83' lang='lat' dir='ltr'><strong>Quoniam</strong></span> <span class='ocrx_word' id='word_1_221' title='bbox 3467 690 3584 727; x_wconf 89' lang='lat' dir='ltr'><strong>ma-</strong></span> 
     </span>
    </p>
   </div>
   <div class='ocr_carea' id='block_1_36' title="bbox 2010 762 3582 838">
    <p class='ocr_par' dir='ltr' id='par_1_36' title="bbox 2010 762 3582 838">
     <span class='ocr_line' id='line_1_36' title="bbox 2010 762 3582 838; baseline -0.003 -18"><span class='ocrx_word' id='word_1_222' title='bbox 2010 769 2261 838; x_wconf 82' lang='lat' dir='ltr'><strong>gniﬁcata</strong></span> <span class='ocrx_word' id='word_1_223' title='bbox 2294 778 2371 822; x_wconf 89' lang='lat' dir='ltr'><strong>est</strong></span> <span class='ocrx_word' id='word_1_224' title='bbox 2408 784 2568 838; x_wconf 88' lang='lat' dir='ltr'><strong>usque</strong></span> <span class='ocrx_word' id='word_1_225' title='bbox 2591 768 2658 820; x_wconf 85' lang='lat' dir='ltr'><strong>ad</strong></span> <span class='ocrx_word' id='word_1_226' title='bbox 2685 767 2839 820; x_wconf 73' lang='lat' dir='ltr'><strong>cwlos</strong></span> <span class='ocrx_word' id='word_1_227' title='bbox 2862 765 3228 819; x_wconf 78' lang='lat' dir='ltr'><strong>misericordia</strong></span> <span class='ocrx_word' id='word_1_228' title='bbox 3252 774 3362 817; x_wconf 90' lang='lat' dir='ltr'><strong>tua.</strong></span> <span class='ocrx_word' id='word_1_229' title='bbox 3393 762 3582 816; x_wconf 87' lang='lat' dir='ltr'><strong>Simile</strong></span> 
     </span>
    </p>
   </div>
   <div class='ocr_carea' id='block_1_37' title="bbox 2011 856 3581 924">
    <p class='ocr_par' dir='ltr' id='par_1_37' title="bbox 2011 856 3581 924">
     <span class='ocr_line' id='line_1_37' title="bbox 2011 856 3581 924; baseline -0.004 -12"><span class='ocrx_word' id='word_1_230' title='bbox 2011 858 2139 912; x_wconf 90' lang='lat' dir='ltr'><strong>huic</strong></span> <span class='ocrx_word' id='word_1_231' title='bbox 2171 876 2184 911; x_wconf 90' lang='lat'><strong>:</strong></span> <span class='ocrx_word' id='word_1_232' title='bbox 2218 856 2355 922; x_wconf 82' lang='lat' dir='ltr'><strong>Quia</strong></span> <span class='ocrx_word' id='word_1_233' title='bbox 2378 867 2427 911; x_wconf 88' lang='lat' dir='ltr'><strong>et</strong></span> <span class='ocrx_word' id='word_1_234' title='bbox 2455 859 2571 924; x_wconf 81' lang='lat' dir='ltr'><strong>ipsa</strong></span> <span class='ocrx_word' id='word_1_235' title='bbox 2587 864 2836 911; x_wconf 86' lang='lat' dir='ltr'><strong>&#39;creatura</strong></span> <span class='ocrx_word' id='word_1_236' title='bbox 2853 856 3160 910; x_wconf 87' lang='lat' dir='ltr'><strong>liberabitur</strong></span> <span class='ocrx_word' id='word_1_237' title='bbox 3175 871 3207 907; x_wconf 91' lang='lat' dir='ltr'><strong>a</strong></span> <span class='ocrx_word' id='word_1_238' title='bbox 3227 856 3581 922; x_wconf 76' lang='lat' dir='ltr'><strong>corruptione,</strong></span> 
     </span>
    </p>
   </div>
   <div class='ocr_carea' id='block_1_38' title="bbox 2009 945 3584 1017">
    <p class='ocr_par' dir='ltr' id='par_1_38' title="bbox 2009 945 3584 1017">
     <span class='ocr_line' id='line_1_38' title="bbox 2009 945 3584 1017; baseline -0.003 -16"><span class='ocrx_word' id='word_1_239' title='bbox 2009 949 2066 1001; x_wconf 90' lang='lat' dir='ltr'><strong>in</strong></span> <span class='ocrx_word' id='word_1_240' title='bbox 2101 947 2393 1002; x_wconf 88' lang='lat' dir='ltr'><strong>libertatem</strong></span> <span class='ocrx_word' id='word_1_241' title='bbox 2426 948 2663 1017; x_wconf 82' lang='lat' dir='ltr'><strong>ﬁliorum</strong></span> <span class='ocrx_word' id='word_1_242' title='bbox 2688 947 2864 1002; x_wconf 75' lang='lat' dir='ltr'><strong>Dei”.</strong></span> <span class='ocrx_word' id='word_1_243' title='bbox 2912 946 2981 1001; x_wconf 86' lang='lat' dir='ltr'><strong>Et</strong></span> <span class='ocrx_word' id='word_1_244' title='bbox 3020 962 3180 1012; x_wconf 88' lang='lat' dir='ltr'><strong>usque</strong></span> <span class='ocrx_word' id='word_1_245' title='bbox 3210 946 3279 999; x_wconf 88' lang='lat' dir='ltr'><strong>ad</strong></span> <span class='ocrx_word' id='word_1_246' title='bbox 3311 945 3469 999; x_wconf 89' lang='lat' dir='ltr'><strong>nubes</strong></span> <span class='ocrx_word' id='word_1_247' title='bbox 3498 960 3584 998; x_wconf 79' lang='lat' dir='ltr'><strong>oe-</strong></span> 
     </span>
    </p>
   </div>
   <div class='ocr_carea' id='block_1_39' title="bbox 2013 1036 3585 1108">
    <p class='ocr_par' dir='ltr' id='par_1_39' title="bbox 2013 1036 3585 1108">
     <span class='ocr_line' id='line_1_39' title="bbox 2013 1036 3585 1108; baseline 0 -19"><span class='ocrx_word' id='word_1_248' title='bbox 2013 1038 2145 1090; x_wconf 88' lang='lat' dir='ltr'><strong>ritas</strong></span> <span class='ocrx_word' id='word_1_249' title='bbox 2190 1047 2300 1091; x_wconf 87' lang='lat' dir='ltr'><strong>tua.</strong></span> <span class='ocrx_word' id='word_1_250' title='bbox 2326 1036 2520 1103; x_wconf 74' lang='lat' dir='ltr'><strong>Veras,</strong></span> <span class='ocrx_word' id='word_1_251' title='bbox 2551 1038 2747 1108; x_wconf 77' lang='lat' dir='ltr'><strong>inquit,</strong></span> <span class='ocrx_word' id='word_1_252' title='bbox 2775 1039 3029 1104; x_wconf 89' lang='lat' dir='ltr'><strong>nubium,</strong></span> <span class='ocrx_word' id='word_1_253' title='bbox 3073 1038 3126 1092; x_wconf 95' lang='lat' dir='ltr'><strong>id</strong></span> <span class='ocrx_word' id='word_1_254' title='bbox 3155 1046 3258 1101; x_wconf 87' lang='lat' dir='ltr'><strong>est,</strong></span> <span class='ocrx_word' id='word_1_255' title='bbox 3287 1037 3585 1106; x_wconf 82' lang='lat' dir='ltr'><strong>propheta-</strong></span> 
     </span>
    </p>
   </div>
   <div class='ocr_carea' id='block_1_40' title="bbox 2012 1128 3008 1198">
    <p class='ocr_par' dir='ltr' id='par_1_40' title="bbox 2012 1128 3008 1198">
     <span class='ocr_line' id='line_1_40' title="bbox 2012 1128 3008 1198; baseline 0 -17"><span class='ocrx_word' id='word_1_256' title='bbox 2012 1142 2134 1181; x_wconf 87' lang='lat' dir='ltr'><strong>rum</strong></span> <span class='ocrx_word' id='word_1_257' title='bbox 2163 1142 2344 1191; x_wconf 88' lang='lat' dir='ltr'><strong>voces,</strong></span> <span class='ocrx_word' id='word_1_258' title='bbox 2377 1143 2437 1183; x_wconf 91' lang='lat' dir='ltr'><strong>re</strong></span> <span class='ocrx_word' id='word_1_259' title='bbox 2465 1130 2583 1198; x_wconf 90' lang='lat' dir='ltr'><strong>ipsa</strong></span> <span class='ocrx_word' id='word_1_260' title='bbox 2616 1128 3008 1198; x_wconf 87' lang='lat' dir='ltr'><strong>comprobasti.</strong></span> 
     </span>
    </p>
   </div>
   <div class='ocr_carea' id='block_1_41' title="bbox 2092 1310 3580 1388">
    <p class='ocr_par' dir='ltr' id='par_1_41' title="bbox 2092 1310 3580 1388">
     <span class='ocr_line' id='line_1_41' title="bbox 2092 1310 3580 1388; baseline -0.004 -18"><span class='ocrx_word' id='word_1_261' title='bbox 2092 1314 2294 1388; x_wconf 80' lang='lat' dir='ltr'><strong>[Usque</strong></span> <span class='ocrx_word' id='word_1_262' title='bbox 2326 1316 2395 1368; x_wconf 90' lang='lat' dir='ltr'><strong>ad</strong></span> <span class='ocrx_word' id='word_1_263' title='bbox 2430 1315 2590 1368; x_wconf 88' lang='lat' dir='ltr'><strong>nubes</strong></span> <span class='ocrx_word' id='word_1_264' title='bbox 2628 1314 2820 1369; x_wconf 79' lang='lat' dir='ltr'><strong>ueritus</strong></span> <span class='ocrx_word' id='word_1_265' title='bbox 2852 1324 2963 1367; x_wconf 88' lang='lat' dir='ltr'><strong>tua.</strong></span> <span class='ocrx_word' id='word_1_266' title='bbox 3010 1310 3089 1365; x_wconf 81' lang='lat' dir='ltr'><strong>Ex</strong></span> <span class='ocrx_word' id='word_1_267' title='bbox 3116 1310 3372 1380; x_wconf 80' lang='lat' dir='ltr'><strong>operibus</strong></span> <span class='ocrx_word' id='word_1_268' title='bbox 3400 1324 3580 1376; x_wconf 81' lang='lat' dir='ltr'><strong>veras,</strong></span> 
     </span>
    </p>
   </div>
   <div class='ocr_carea' id='block_1_42' title="bbox 2012 1404 3581 1477">
    <p class='ocr_par' dir='ltr' id='par_1_42' title="bbox 2012 1404 3581 1477">
     <span class='ocr_line' id='line_1_42' title="bbox 2012 1404 3581 1477; baseline -0.004 -15"><span class='ocrx_word' id='word_1_269' title='bbox 2012 1409 2210 1477; x_wconf 88' lang='lat' dir='ltr'><strong>inquit,</strong></span> <span class='ocrx_word' id='word_1_270' title='bbox 2228 1423 2348 1463; x_wconf 89' lang='lat' dir='ltr'><strong>esse</strong></span> <span class='ocrx_word' id='word_1_271' title='bbox 2368 1408 2776 1462; x_wconf 86' lang='lat' dir='ltr'><strong>declaraverunt</strong></span> <span class='ocrx_word' id='word_1_272' title='bbox 2793 1406 3042 1472; x_wconf 91' lang='lat' dir='ltr'><strong>nubium,</strong></span> <span class='ocrx_word' id='word_1_273' title='bbox 3060 1405 3173 1459; x_wconf 88' lang='lat' dir='ltr'><strong>sive</strong></span> <span class='ocrx_word' id='word_1_274' title='bbox 3194 1404 3581 1473; x_wconf 88' lang='lat' dir='ltr'><strong>prophetarum</strong></span> 
     </span>
    </p>
   </div>
   <div class='ocr_carea' id='block_1_43' title="bbox 2014 1493 3584 1569">
    <p class='ocr_par' dir='ltr' id='par_1_43' title="bbox 2014 1493 3584 1569">
     <span class='ocr_line' id='line_1_43' title="bbox 2014 1493 3584 1569; baseline -0.005 -15"><span class='ocrx_word' id='word_1_275' title='bbox 2014 1515 2193 1555; x_wconf 83' lang='lat' dir='ltr'><strong>voces.</strong></span> <span class='ocrx_word' id='word_1_276' title='bbox 2219 1498 2390 1569; x_wconf 80' lang='lat' dir='ltr'><strong>Usque</strong></span> <span class='ocrx_word' id='word_1_277' title='bbox 2415 1499 2484 1552; x_wconf 89' lang='lat' dir='ltr'><strong>ad</strong></span> <span class='ocrx_word' id='word_1_278' title='bbox 2508 1498 2684 1564; x_wconf 71' lang='lat' dir='ltr'><strong>caelos,</strong></span> <span class='ocrx_word' id='word_1_279' title='bbox 2714 1498 2890 1552; x_wconf 87' lang='lat' dir='ltr'><strong>simile</strong></span> <span class='ocrx_word' id='word_1_280' title='bbox 2915 1506 2997 1551; x_wconf 89' lang='lat' dir='ltr'><strong>est</strong></span> <span class='ocrx_word' id='word_1_281' title='bbox 3026 1496 3100 1550; x_wconf 87' lang='lat' dir='ltr'><strong>illi</strong></span> <span class='ocrx_word' id='word_1_282' title='bbox 3133 1514 3148 1549; x_wconf 87' lang='lat'><strong>:</strong></span> <span class='ocrx_word' id='word_1_283' title='bbox 3177 1493 3442 1561; x_wconf 81' lang='lat' dir='ltr'><strong>Quoniam</strong></span> <span class='ocrx_word' id='word_1_284' title='bbox 3464 1496 3584 1563; x_wconf 86' lang='lat' dir='ltr'><strong>ipsa</strong></span> 
     </span>
    </p>
   </div>
   <div class='ocr_carea' id='block_1_44' title="bbox 2014 1584 3583 1658">
    <p class='ocr_par' dir='ltr' id='par_1_44' title="bbox 2014 1584 3583 1658">
     <span class='ocr_line' id='line_1_44' title="bbox 2014 1584 3583 1658; baseline -0.003 -16"><span class='ocrx_word' id='word_1_285' title='bbox 2014 1598 2259 1643; x_wconf 81' lang='lat' dir='ltr'><strong>creatura</strong></span> <span class='ocrx_word' id='word_1_286' title='bbox 2294 1590 2607 1643; x_wconf 83' lang='lat' dir='ltr'><strong>liberabitur</strong></span> <span class='ocrx_word' id='word_1_287' title='bbox 2635 1606 2668 1643; x_wconf 90' lang='lat' dir='ltr'><strong>a</strong></span> <span class='ocrx_word' id='word_1_288' title='bbox 2695 1590 3024 1658; x_wconf 84' lang='lat' dir='ltr'><strong>corruptione</strong></span> <span class='ocrx_word' id='word_1_289' title='bbox 3056 1588 3111 1641; x_wconf 88' lang='lat' dir='ltr'><strong>in</strong></span> <span class='ocrx_word' id='word_1_290' title='bbox 3143 1586 3439 1640; x_wconf 79' lang='lat' dir='ltr'><strong>libertatem</strong></span> <span class='ocrx_word' id='word_1_291' title='bbox 3462 1584 3583 1656; x_wconf 79' lang='lat' dir='ltr'><strong>glo-</strong></span> 
     </span>
    </p>
   </div>
   <div class='ocr_carea' id='block_1_45' title="bbox 2013 1678 2536 1752">
    <p class='ocr_par' dir='ltr' id='par_1_45' title="bbox 2013 1678 2536 1752">
     <span class='ocr_line' id='line_1_45' title="bbox 2013 1678 2536 1752; baseline 0 -19"><span class='ocrx_word' id='word_1_292' title='bbox 2013 1681 2110 1735; x_wconf 75' lang='lat' dir='ltr'><strong>ritz</strong></span> <span class='ocrx_word' id='word_1_293' title='bbox 2132 1680 2367 1749; x_wconf 83' lang='lat' dir='ltr'><strong>ﬁliorum</strong></span> <span class='ocrx_word' id='word_1_294' title='bbox 2396 1678 2536 1752; x_wconf 59' lang='lat' dir='ltr'><strong>Dei]</strong></span> 
     </span>
    </p>
   </div>
   <div class='ocr_carea' id='block_1_46' title="bbox 2014 1879 3585 1954">
    <p class='ocr_par' dir='ltr' id='par_1_46' title="bbox 2014 1879 3585 1954">
     <span class='ocr_line' id='line_1_46' title="bbox 2014 1879 3585 1954; baseline 0 -19"><span class='ocrx_word' id='word_1_295' title='bbox 2014 1881 2064 1936; x_wconf 76' lang='lat' dir='ltr'><strong>l.</strong></span> <span class='ocrx_word' id='word_1_296' title='bbox 2092 1879 2159 1935; x_wconf 88' lang='lat' dir='ltr'><strong>In</strong></span> <span class='ocrx_word' id='word_1_297' title='bbox 2197 1883 2378 1953; x_wconf 84' lang='lat' dir='ltr'><strong>ﬁnem,</strong></span> <span class='ocrx_word' id='word_1_298' title='bbox 2427 1900 2489 1937; x_wconf 88' lang='lat' dir='ltr'><strong>ne</strong></span> <span class='ocrx_word' id='word_1_299' title='bbox 2532 1884 2826 1954; x_wconf 81' lang='lat' dir='ltr'><strong>disperdas,</strong></span> <span class='ocrx_word' id='word_1_300' title='bbox 2859 1884 3049 1939; x_wconf 83' lang='lat' dir='ltr'><strong>Davidi</strong></span> <span class='ocrx_word' id='word_1_301' title='bbox 3110 1885 3166 1939; x_wconf 82' lang='lat' dir='ltr'><strong>in</strong></span> <span class='ocrx_word' id='word_1_302' title='bbox 3210 1884 3352 1938; x_wconf 86' lang='lat' dir='ltr'><strong>tituli</strong></span> <span class='ocrx_word' id='word_1_303' title='bbox 3394 1883 3585 1938; x_wconf 78' lang='lat' dir='ltr'><strong>inseri--</strong></span> 
     </span>
    </p>
   </div>
   <div class='ocr_carea' id='block_1_47' title="bbox 2374 1975 3215 2044">
    <p class='ocr_par' dir='ltr' id='par_1_47' title="bbox 2374 1975 3215 2044">
     <span class='ocr_line' id='line_1_47' title="bbox 2374 1975 3215 2044; baseline 0.005 -15"><span class='ocrx_word' id='word_1_304' title='bbox 2374 1977 2624 2044; x_wconf 83' lang='lat' dir='ltr'><strong>ptionem.</strong></span> <span class='ocrx_word' id='word_1_305' title='bbox 2654 1975 2894 2032; x_wconf 83' lang='lat' dir='ltr'><strong>PSALM</strong></span> <span class='ocrx_word' id='word_1_306' title='bbox 2906 1976 2993 2033; x_wconf 87' lang='lat' dir='ltr'><strong>US</strong></span> <span class='ocrx_word' id='word_1_307' title='bbox 3030 1977 3074 2031; x_wconf 91' lang='lat' dir='ltr'><em>L</em></span> <span class='ocrx_word' id='word_1_308' title='bbox 3086 1975 3215 2033; x_wconf 84' lang='lat' dir='ltr'><strong>VII.</strong></span> 
     </span>
    </p>
   </div>
   <div class='ocr_carea' id='block_1_48' title="bbox 2582 2069 2986 2139">
    <p class='ocr_par' dir='ltr' id='par_1_48' title="bbox 2582 2069 2986 2139">
     <span class='ocr_line' id='line_1_48' title="bbox 2582 2069 2986 2139; baseline 0.01 -17"><span class='ocrx_word' id='word_1_309' title='bbox 2582 2069 2986 2139; x_wconf 82' lang='lat' dir='ltr'><strong>Argumentum.</strong></span> 
     </span>
    </p>
   </div>
   <div class='ocr_carea' id='block_1_49' title="bbox 2011 2153 3589 2233">
    <p class='ocr_par' dir='ltr' id='par_1_49' title="bbox 2011 2153 3589 2233">
     <span class='ocr_line' id='line_1_49' title="bbox 2011 2153 3589 2233; baseline 0.003 -24"><span class='ocrx_word' id='word_1_310' title='bbox 2011 2153 2270 2212; x_wconf 85' lang='lat' dir='ltr'><strong>Eamdem</strong></span> <span class='ocrx_word' id='word_1_311' title='bbox 2317 2159 2490 2229; x_wconf 82' lang='lat' dir='ltr'><strong>ipsam</strong></span> <span class='ocrx_word' id='word_1_312' title='bbox 2533 2177 2695 2231; x_wconf 89' lang='lat' dir='ltr'><strong>quam</strong></span> <span class='ocrx_word' id='word_1_313' title='bbox 2735 2162 2986 2233; x_wconf 86' lang='lat' dir='ltr'><strong>superior</strong></span> <span class='ocrx_word' id='word_1_314' title='bbox 3025 2162 3115 2216; x_wconf 87' lang='lat' dir='ltr'><strong>hic</strong></span> <span class='ocrx_word' id='word_1_315' title='bbox 3148 2160 3390 2231; x_wconf 88' lang='lat' dir='ltr'><strong>psalmus</strong></span> <span class='ocrx_word' id='word_1_316' title='bbox 3422 2158 3589 2213; x_wconf 91' lang='lat' dir='ltr'><strong>habet</strong></span> 
     </span>
    </p>
   </div>
   <div class='ocr_carea' id='block_1_50' title="bbox 2079 2249 3588 2327">
    <p class='ocr_par' dir='ltr' id='par_1_50' title="bbox 2079 2249 3588 2327">
     <span class='ocr_line' id='line_1_50' title="bbox 2079 2249 3588 2327; baseline 0.001 -25"><span class='ocrx_word' id='word_1_317' title='bbox 2079 2249 2513 2327; x_wconf 80' lang='lat' dir='ltr'><strong>inscriptionem,</strong></span> <span class='ocrx_word' id='word_1_318' title='bbox 2543 2254 2654 2307; x_wconf 92' lang='lat' dir='ltr'><strong>imo</strong></span> <span class='ocrx_word' id='word_1_319' title='bbox 2678 2255 2856 2323; x_wconf 88' lang='lat' dir='ltr'><strong>potius</strong></span> <span class='ocrx_word' id='word_1_320' title='bbox 2886 2255 3064 2324; x_wconf 83' lang='lat' dir='ltr'><strong>palam</strong></span> <span class='ocrx_word' id='word_1_321' title='bbox 3095 2262 3316 2308; x_wconf 86' lang='lat' dir='ltr'><strong>enarrat</strong></span> <span class='ocrx_word' id='word_1_322' title='bbox 3341 2251 3435 2323; x_wconf 91' lang='lat' dir='ltr'><strong>qui</strong></span> <span class='ocrx_word' id='word_1_323' title='bbox 3461 2251 3588 2304; x_wconf 78' lang='lat' dir='ltr'><strong>linis</strong></span> 
     </span>
    </p>
   </div>
   <div class='ocr_carea' id='block_1_51' title="bbox 2008 2341 3587 2415">
    <p class='ocr_par' dir='ltr' id='par_1_51' title="bbox 2008 2341 3587 2415">
     <span class='ocr_line' id='line_1_51' title="bbox 2008 2341 3587 2415; baseline 0.001 -21"><span class='ocrx_word' id='word_1_324' title='bbox 2008 2368 2012 2372; x_wconf 89' lang='lat'><strong><em>-</em></strong></span> <span class='ocrx_word' id='word_1_325' title='bbox 2082 2354 2273 2395; x_wconf 90' lang='lat' dir='ltr'><strong>eorum</strong></span> <span class='ocrx_word' id='word_1_326' title='bbox 2295 2341 2593 2415; x_wconf 83' lang='lat' dir='ltr'><strong>fuerit,qui</strong></span> <span class='ocrx_word' id='word_1_327' title='bbox 2619 2346 2882 2402; x_wconf 88' lang='lat' dir='ltr'><strong>adversus</strong></span> <span class='ocrx_word' id='word_1_328' title='bbox 2906 2346 3240 2401; x_wconf 74' lang='lat' dir='ltr'><strong>Salvatorem</strong></span> <span class='ocrx_word' id='word_1_329' title='bbox 3276 2346 3587 2399; x_wconf 83' lang='lat' dir='ltr'><strong>insurrexe-</strong></span> 
     </span>
    </p>
   </div>
   <div class='ocr_carea' id='block_1_52' title="bbox 2079 2440 2230 2486">
    <p class='ocr_par' dir='ltr' id='par_1_52' title="bbox 2079 2440 2230 2486">
     <span class='ocr_line' id='line_1_52' title="bbox 2079 2440 2230 2486; baseline 0 -1"><span class='ocrx_word' id='word_1_330' title='bbox 2079 2440 2230 2486; x_wconf 82' lang='grc' dir='ltr'>ῐύηι.</span> 
     </span>
    </p>
   </div>
   <div class='ocr_carea' id='block_1_53' title="bbox 2079 2523 3585 2595">
    <p class='ocr_par' dir='ltr' id='par_1_53' title="bbox 2079 2523 3585 2595">
     <span class='ocr_line' id='line_1_53' title="bbox 2079 2523 3585 2595; baseline 0.001 -18"><span class='ocrx_word' id='word_1_331' title='bbox 2079 2524 2137 2590; x_wconf 74' lang='lat'><strong>2,</strong></span> <span class='ocrx_word' id='word_1_332' title='bbox 2165 2525 2220 2578; x_wconf 78' lang='lat'><strong>3.</strong></span> <span class='ocrx_word' id='word_1_333' title='bbox 2258 2524 2318 2579; x_wconf 87' lang='lat' dir='ltr'><strong>Si</strong></span> <span class='ocrx_word' id='word_1_334' title='bbox 2347 2541 2460 2578; x_wconf 78' lang='lat' dir='ltr'><strong>vere</strong></span> <span class='ocrx_word' id='word_1_335' title='bbox 2484 2525 2665 2595; x_wconf 86' lang='lat' dir='ltr'><strong>utique</strong></span> <span class='ocrx_word' id='word_1_336' title='bbox 2683 2525 2958 2594; x_wconf 81' lang='lat' dir='ltr'><strong>justitiam</strong></span> <span class='ocrx_word' id='word_1_337' title='bbox 2988 2524 3286 2595; x_wconf 85' lang='lat' dir='ltr'><strong>loquimini.</strong></span> <span class='ocrx_word' id='word_1_338' title='bbox 3318 2523 3456 2591; x_wconf 85' lang='lat' dir='ltr'><strong>Quia</strong></span> <span class='ocrx_word' id='word_1_339' title='bbox 3488 2526 3585 2579; x_wconf 83' lang='lat' dir='ltr'><strong>ad-</strong></span> 
     </span>
    </p>
   </div>
   <div class='ocr_carea' id='block_1_54' title="bbox 2010 2616 3586 2687">
    <p class='ocr_par' dir='ltr' id='par_1_54' title="bbox 2010 2616 3586 2687">
     <span class='ocr_line' id='line_1_54' title="bbox 2010 2616 3586 2687; baseline -0.001 -16"><span class='ocrx_word' id='word_1_340' title='bbox 2010 2633 2203 2673; x_wconf 86' lang='lat' dir='ltr'><strong>versus</strong></span> <span class='ocrx_word' id='word_1_341' title='bbox 2234 2616 2572 2671; x_wconf 87' lang='lat' dir='ltr'><strong>Salvatorem</strong></span> <span class='ocrx_word' id='word_1_342' title='bbox 2614 2617 3105 2687; x_wconf 78' lang='lat' dir='ltr'><strong>congregabantur,</strong></span> <span class='ocrx_word' id='word_1_343' title='bbox 3138 2617 3294 2686; x_wconf 85' lang='lat' dir='ltr'><strong>quasi</strong></span> <span class='ocrx_word' id='word_1_344' title='bbox 3332 2617 3468 2687; x_wconf 81' lang='lat' dir='ltr'><strong>legis</strong></span> <span class='ocrx_word' id='word_1_345' title='bbox 3496 2617 3586 2669; x_wconf 65' lang='lat' dir='ltr'><strong>ulc</strong></span> 
     </span>
    </p>
   </div>
   <div class='ocr_carea' id='block_1_55' title="bbox 2009 2706 3583 2776">
    <p class='ocr_par' dir='ltr' id='par_1_55' title="bbox 2009 2706 3583 2776">
     <span class='ocr_line' id='line_1_55' title="bbox 2009 2706 3583 2776; baseline -0.002 -13"><span class='ocrx_word' id='word_1_346' title='bbox 2009 2708 2273 2763; x_wconf 66' lang='lat' dir='ltr'><strong>ciscenda:</strong></span> <span class='ocrx_word' id='word_1_347' title='bbox 2303 2706 2631 2776; x_wconf 87' lang='lat' dir='ltr'><strong>causa,jure</strong></span> <span class='ocrx_word' id='word_1_348' title='bbox 2659 2707 2764 2761; x_wconf 89' lang='lat' dir='ltr'><strong>illis</strong></span> <span class='ocrx_word' id='word_1_349' title='bbox 2786 2706 3134 2776; x_wconf 87' lang='lat' dir='ltr'><strong>propheticus</strong></span> <span class='ocrx_word' id='word_1_350' title='bbox 3162 2707 3388 2776; x_wconf 85' lang='lat' dir='ltr'><strong>spiritus</strong></span> <span class='ocrx_word' id='word_1_351' title='bbox 3407 2706 3583 2776; x_wconf 86' lang='lat' dir='ltr'><strong>jubet,</strong></span> 
     </span>
    </p>
   </div>
   <div class='ocr_carea' id='block_1_56' title="bbox 2010 2797 3587 2867">
    <p class='ocr_par' dir='ltr' id='par_1_56' title="bbox 2010 2797 3587 2867">
     <span class='ocr_line' id='line_1_56' title="bbox 2010 2797 3587 2867; baseline -0.001 -14"><span class='ocrx_word' id='word_1_352' title='bbox 2010 2807 2069 2853; x_wconf 78' lang='lat' dir='ltr'><strong>ut</strong></span> <span class='ocrx_word' id='word_1_353' title='bbox 2095 2798 2142 2853; x_wconf 89' lang='lat' dir='ltr'><strong>si</strong></span> <span class='ocrx_word' id='word_1_354' title='bbox 2176 2814 2339 2867; x_wconf 88' lang='lat' dir='ltr'><strong>quam</strong></span> <span class='ocrx_word' id='word_1_355' title='bbox 2370 2797 2510 2867; x_wconf 87' lang='lat' dir='ltr'><strong>juris</strong></span> <span class='ocrx_word' id='word_1_356' title='bbox 2536 2807 2590 2851; x_wconf 89' lang='lat' dir='ltr'><strong>ct</strong></span> <span class='ocrx_word' id='word_1_357' title='bbox 2616 2797 2754 2866; x_wconf 66' lang='lat' dir='ltr'><strong>aequi</strong></span> <span class='ocrx_word' id='word_1_358' title='bbox 2786 2811 2974 2851; x_wconf 92' lang='lat' dir='ltr'><strong>curam</strong></span> <span class='ocrx_word' id='word_1_359' title='bbox 3012 2797 3267 2863; x_wconf 86' lang='lat' dir='ltr'><strong>habeant,</strong></span> <span class='ocrx_word' id='word_1_360' title='bbox 3294 2805 3438 2851; x_wconf 90' lang='lat' dir='ltr'><strong>recta</strong></span> <span class='ocrx_word' id='word_1_361' title='bbox 3471 2798 3587 2851; x_wconf 86' lang='lat' dir='ltr'><strong>sive</strong></span> 
     </span>
    </p>
   </div>
   <div class='ocr_carea' id='block_1_57' title="bbox 2004 2887 3584 2961">
    <p class='ocr_par' dir='ltr' id='par_1_57' title="bbox 2004 2887 3584 2961">
     <span class='ocr_line' id='line_1_57' title="bbox 2004 2887 3584 2961; baseline -0.003 -17"><span class='ocrx_word' id='word_1_362' title='bbox 2004 2890 2151 2961; x_wconf 88' lang='lat' dir='ltr'><strong>justa</strong></span> <span class='ocrx_word' id='word_1_363' title='bbox 2174 2889 2437 2958; x_wconf 87' lang='lat' dir='ltr'><strong>judicent.</strong></span> <span class='ocrx_word' id='word_1_364' title='bbox 2474 2891 2544 2943; x_wconf 80' lang='lat' dir='ltr'><strong>At</strong></span> <span class='ocrx_word' id='word_1_365' title='bbox 2573 2888 2649 2942; x_wconf 91' lang='lat' dir='ltr'><strong>illi</strong></span> <span class='ocrx_word' id='word_1_366' title='bbox 2685 2903 3027 2958; x_wconf 87' lang='lat' dir='ltr'><strong>nequaquam</strong></span> <span class='ocrx_word' id='word_1_367' title='bbox 3060 2888 3207 2956; x_wconf 83' lang='lat' dir='ltr'><strong>justa</strong></span> <span class='ocrx_word' id='word_1_368' title='bbox 3244 2887 3584 2957; x_wconf 86' lang='lat' dir='ltr'><strong>judicabant,</strong></span> 
     </span>
    </p>
   </div>
   <div class='ocr_carea' id='block_1_58' title="bbox 2010 2978 3588 3050">
    <p class='ocr_par' dir='ltr' id='par_1_58' title="bbox 2010 2978 3588 3050">
     <span class='ocr_line' id='line_1_58' title="bbox 2010 2978 3588 3050; baseline -0.001 -16"><span class='ocrx_word' id='word_1_369' title='bbox 2010 2995 2132 3035; x_wconf 91' lang='lat' dir='ltr'><strong>cum</strong></span> <span class='ocrx_word' id='word_1_370' title='bbox 2158 2981 2439 3034; x_wconf 75' lang='lat' dir='ltr'><strong>innoxium</strong></span> <span class='ocrx_word' id='word_1_371' title='bbox 2478 2981 2756 3050; x_wconf 88' lang='lat' dir='ltr'><strong>etjustum</strong></span> <span class='ocrx_word' id='word_1_372' title='bbox 2787 2979 3334 3035; x_wconf 82' lang='lat' dir='ltr'><strong>vellentinteriieere.</strong></span> <span class='ocrx_word' id='word_1_373' title='bbox 3373 2978 3588 3033; x_wconf 83' lang='lat' dir='ltr'><strong>Etenim</strong></span> 
     </span>
    </p>
   </div>
   <div class='ocr_carea' id='block_1_59' title="bbox 328 3071 1910 3145">
    <p class='ocr_par' dir='ltr' id='par_1_59' title="bbox 328 3071 1907 3145">
     <span class='ocr_line' id='line_1_59' title="bbox 328 3071 1907 3145; baseline 0.004 -22"><span class='ocrx_word' id='word_1_374' title='bbox 328 3071 435 3140; x_wconf 64' lang='grc' dir='ltr'><strong>γὰρ</strong></span> <span class='ocrx_word' id='word_1_375' title='bbox 478 3072 548 3124; x_wconf 71' lang='grc' dir='ltr'><strong>ἐν</strong></span> <span class='ocrx_word' id='word_1_376' title='bbox 591 3073 803 3141; x_wconf 83' lang='grc' dir='ltr'>καρδίᾳ</span> <span class='ocrx_word' id='word_1_377' title='bbox 843 3074 1097 3143; x_wconf 80' lang='grc' dir='ltr'>ἀνομίας</span> <span class='ocrx_word' id='word_1_378' title='bbox 1138 3074 1452 3145; x_wconf 68' lang='grc' dir='ltr'>ἐργάζεσθε</span> <span class='ocrx_word' id='word_1_379' title='bbox 1492 3075 1562 3129; x_wconf 75' lang='grc' dir='ltr'>ἐν</span> <span class='ocrx_word' id='word_1_380' title='bbox 1610 3075 1685 3144; x_wconf 77' lang='grc' dir='ltr'>τῇ</span> <span class='ocrx_word' id='word_1_381' title='bbox 1708 3074 1804 3145; x_wconf 73' lang='grc' dir='ltr'><strong>τῇ.</strong></span> <span class='ocrx_word' id='word_1_382' title='bbox 1843 3077 1907 3130; x_wconf 85' lang='lat' dir='ltr'><strong>El</strong></span> 
     </span>
    </p>
   </div>
   <div class='ocr_carea' id='block_1_60' title="bbox 2018 3071 3584 3145">
    <p class='ocr_par' dir='ltr' id='par_1_60' title="bbox 2018 3071 3584 3143">
     <span class='ocr_line' id='line_1_60' title="bbox 2018 3071 3584 3143; baseline -0.001 -16"><span class='ocrx_word' id='word_1_383' title='bbox 2018 3073 2064 3127; x_wconf 85' lang='lat' dir='ltr'><strong>in</strong></span> <span class='ocrx_word' id='word_1_384' title='bbox 2098 3073 2254 3127; x_wconf 88' lang='lat' dir='ltr'><strong>corde</strong></span> <span class='ocrx_word' id='word_1_385' title='bbox 2285 3073 2594 3143; x_wconf 75' lang='lat' dir='ltr'><strong>iniquitates</strong></span> <span class='ocrx_word' id='word_1_386' title='bbox 2623 3073 2915 3142; x_wconf 83' lang='lat' dir='ltr'><strong>operamini</strong></span> <span class='ocrx_word' id='word_1_387' title='bbox 2943 3075 3000 3126; x_wconf 91' lang='lat' dir='ltr'><strong>in</strong></span> <span class='ocrx_word' id='word_1_388' title='bbox 3031 3082 3192 3127; x_wconf 87' lang='lat' dir='ltr'><strong>terra.</strong></span> <span class='ocrx_word' id='word_1_389' title='bbox 3215 3072 3351 3139; x_wconf 84' lang='lat' dir='ltr'><strong>Etsi,</strong></span> <span class='ocrx_word' id='word_1_390' title='bbox 3387 3071 3584 3141; x_wconf 84' lang='lat' dir='ltr'><strong>inquit.</strong></span> 
     </span>
    </p>
   </div>
   <div class='ocr_carea' id='block_1_61' title="bbox 329 3136 1910 3239">
    <p class='ocr_par' dir='ltr' id='par_1_61' title="bbox 329 3136 1908 3239">
     <span class='ocr_line' id='line_1_61' title="bbox 329 3136 1908 3239; baseline 0.004 -24"><span class='ocrx_word' id='word_1_391' title='bbox 450 3166 500 3216; x_wconf 80' lang='grc' dir='ltr'>οἱ</span> <span class='ocrx_word' id='word_1_392' title='bbox 524 3136 695 3233; x_wconf 74' lang='grc' dir='ltr'>λόγοί,</span> <span class='ocrx_word' id='word_1_393' title='bbox 725 3136 879 3236; x_wconf 73' lang='grc' dir='ltr'>φησὶ,</span> <span class='ocrx_word' id='word_1_394' title='bbox 911 3136 1479 3238; x_wconf 38' lang='grc' dir='ltr'>χρηστοὶξδιεκδικείν</span> <span class='ocrx_word' id='word_1_395' title='bbox 1507 3136 1908 3239; x_wconf 66' lang='grc' dir='ltr'>προσποιδύμε-</span> 
     </span>
    </p>
   </div>
   <div class='ocr_carea' id='block_1_62' title="bbox 2018 3136 3589 3239">
    <p class='ocr_par' dir='ltr' id='par_1_62' title="bbox 2018 3164 3589 3232">
     <span class='ocr_line' id='line_1_62' title="bbox 2018 3164 3589 3232; baseline -0.003 -11"><span class='ocrx_word' id='word_1_396' title='bbox 2018 3167 2162 3221; x_wconf 91' lang='lat' dir='ltr'><strong>lenes</strong></span> <span class='ocrx_word' id='word_1_397' title='bbox 2207 3165 2495 3220; x_wconf 87' lang='lat' dir='ltr'><strong>videantur</strong></span> <span class='ocrx_word' id='word_1_398' title='bbox 2542 3180 2846 3232; x_wconf 77' lang='lat' dir='ltr'><strong>sermones,</strong></span> <span class='ocrx_word' id='word_1_399' title='bbox 2872 3180 2939 3219; x_wconf 85' lang='lat' dir='ltr'><strong>ex</strong></span> <span class='ocrx_word' id='word_1_400' title='bbox 2974 3165 3414 3219; x_wconf 85' lang='lat' dir='ltr'><strong>dissimulatione</strong></span> <span class='ocrx_word' id='word_1_401' title='bbox 3452 3164 3589 3219; x_wconf 89' lang='lat' dir='ltr'><strong>ulci-</strong></span> 
     </span>
    </p>
   </div>
   <div class='ocr_carea' id='block_1_63' title="bbox 327 3254 1906 3333">
    <p class='ocr_par' dir='ltr' id='par_1_63' title="bbox 327 3254 1906 3333">
     <span class='ocr_line' id='line_1_63' title="bbox 327 3254 1906 3333; baseline 0.006 -28"><span class='ocrx_word' id='word_1_402' title='bbox 327 3269 406 3305; x_wconf 88' lang='grc' dir='ltr'><strong>νοι</strong></span> <span class='ocrx_word' id='word_1_403' title='bbox 445 3254 536 3307; x_wconf 83' lang='grc' dir='ltr'><strong>τὸν</strong></span> <span class='ocrx_word' id='word_1_404' title='bbox 586 3256 749 3326; x_wconf 79' lang='grc' dir='ltr'>νόμον</span> <span class='ocrx_word' id='word_1_405' title='bbox 769 3273 782 3286; x_wconf 88' lang='grc'><strong>·</strong></span> <span class='ocrx_word' id='word_1_406' title='bbox 814 3256 926 3309; x_wconf 81' lang='grc' dir='ltr'>ἀλλ’</span> <span class='ocrx_word' id='word_1_407' title='bbox 955 3260 987 3327; x_wconf 82' lang='grc' dir='ltr'><strong>ή</strong></span> <span class='ocrx_word' id='word_1_408' title='bbox 1033 3258 1228 3328; x_wconf 83' lang='grc' dir='ltr'>καρδία</span> <span class='ocrx_word' id='word_1_409' title='bbox 1268 3259 1493 3329; x_wconf 85' lang='grc' dir='ltr'>πικρίας</span> <span class='ocrx_word' id='word_1_410' title='bbox 1523 3261 1640 3314; x_wconf 80' lang='grc' dir='ltr'>ἐστὶ</span> <span class='ocrx_word' id='word_1_411' title='bbox 1674 3260 1906 3333; x_wconf 78' lang='grc' dir='ltr'>πλήρης,</span> 
     </span>
    </p>
   </div>
   <div class='ocr_carea' id='block_1_64' title="bbox 326 3343 1765 3424">
    <p class='ocr_par' dir='ltr' id='par_1_64' title="bbox 326 3343 1765 3424">
     <span class='ocr_line' id='line_1_64' title="bbox 326 3343 1765 3424; baseline 0.007 -29"><span class='ocrx_word' id='word_1_412' title='bbox 326 3343 420 3396; x_wconf 79' lang='grc' dir='ltr'><strong>καὶ</strong></span> <span class='ocrx_word' id='word_1_413' title='bbox 454 3346 511 3397; x_wconf 81' lang='grc' dir='ltr'><strong>αἱ</strong></span> <span class='ocrx_word' id='word_1_414' title='bbox 537 3345 766 3417; x_wconf 80' lang='grc' dir='ltr'>πράξεις</span> <span class='ocrx_word' id='word_1_415' title='bbox 792 3347 849 3400; x_wconf 86' lang='grc' dir='ltr'><strong>δὲ</strong></span> <span class='ocrx_word' id='word_1_416' title='bbox 875 3348 1076 3419; x_wconf 78' lang='grc' dir='ltr'>ὁμοίως</span> <span class='ocrx_word' id='word_1_417' title='bbox 1103 3350 1332 3421; x_wconf 79' lang='grc' dir='ltr'>ἀνομίας</span> <span class='ocrx_word' id='word_1_418' title='bbox 1356 3351 1765 3424; x_wconf 85' lang='grc' dir='ltr'>πεπλήρωνται.</span> 
     </span>
    </p>
   </div>
   <div class='ocr_carea' id='block_1_65' title="bbox 406 3433 1907 3511">
    <p class='ocr_par' dir='ltr' id='par_1_65' title="bbox 406 3433 1907 3511">
     <span class='ocr_line' id='line_1_65' title="bbox 406 3433 1907 3511; baseline 0.008 -25"><span class='ocrx_word' id='word_1_419' title='bbox 406 3433 1005 3505; x_wconf 80' lang='grc' dir='ltr'>Ἆπηλλοτριώθησαν</span> <span class='ocrx_word' id='word_1_420' title='bbox 1046 3442 1101 3492; x_wconf 86' lang='lat' dir='ltr'><strong>ol</strong></span> <span class='ocrx_word' id='word_1_421' title='bbox 1129 3440 1461 3509; x_wconf 79' lang='grc' dir='ltr'>ἁμαρτωλοὶ</span> <span class='ocrx_word' id='word_1_422' title='bbox 1497 3441 1616 3495; x_wconf 81' lang='grc' dir='ltr'><strong>ἀπὸ</strong></span> <span class='ocrx_word' id='word_1_423' title='bbox 1655 3440 1907 3511; x_wconf 83' lang='grc' dir='ltr'>μήτρας.</span> 
     </span>
    </p>
   </div>
   <div class='ocr_carea' id='block_1_66' title="bbox 325 3523 1910 3605">
    <p class='ocr_par' dir='ltr' id='par_1_66' title="bbox 325 3523 1910 3605">
     <span class='ocr_line' id='line_1_66' title="bbox 325 3523 1910 3605; baseline 0.008 -31"><span class='ocrx_word' id='word_1_424' title='bbox 325 3523 577 3578; x_wconf 84' lang='grc' dir='ltr'>Δείκνυσι</span> <span class='ocrx_word' id='word_1_425' title='bbox 606 3525 666 3578; x_wconf 86' lang='grc' dir='ltr'>τὸ</span> <span class='ocrx_word' id='word_1_426' title='bbox 698 3527 967 3598; x_wconf 85' lang='grc' dir='ltr'>μηδεμίαν</span> <span class='ocrx_word' id='word_1_427' title='bbox 999 3529 1194 3593; x_wconf 83' lang='grc' dir='ltr'>αὐτοὺς</span> <span class='ocrx_word' id='word_1_428' title='bbox 1223 3530 1284 3583; x_wconf 80' lang='grc' dir='ltr'><strong>τὸ</strong></span> <span class='ocrx_word' id='word_1_429' title='bbox 1319 3531 1577 3605; x_wconf 77' lang='grc' dir='ltr'>παράπαν</span> <span class='ocrx_word' id='word_1_430' title='bbox 1610 3533 1910 3603; x_wconf 83' lang='grc' dir='ltr'>ἐσχηκότας</span> 
     </span>
    </p>
   </div>
   <div class='ocr_carea' id='block_1_67' title="bbox 326 3615 1909 3695">
    <p class='ocr_par' dir='ltr' id='par_1_67' title="bbox 326 3615 1909 3695">
     <span class='ocr_line' id='line_1_67' title="bbox 326 3615 1909 3695; baseline 0.006 -28"><span class='ocrx_word' id='word_1_431' title='bbox 326 3615 506 3669; x_wconf 78' lang='grc' dir='ltr'>αἰτίαν</span> <span class='ocrx_word' id='word_1_432' title='bbox 537 3618 619 3679; x_wconf 83' lang='grc' dir='ltr'><strong>είς</strong></span> <span class='ocrx_word' id='word_1_433' title='bbox 653 3619 947 3690; x_wconf 83' lang='grc' dir='ltr'>σωτηρίαν.</span> <span class='ocrx_word' id='word_1_434' title='bbox 979 3618 1101 3691; x_wconf 80' lang='grc' dir='ltr'><strong>[Διὰ</strong></span> <span class='ocrx_word' id='word_1_435' title='bbox 1126 3621 1234 3693; x_wconf 83' lang='grc' dir='ltr'><strong>γάρ</strong></span> <span class='ocrx_word' id='word_1_436' title='bbox 1263 3622 1481 3676; x_wconf 73' lang='grc' dir='ltr'>Ἡσαΐου</span> <span class='ocrx_word' id='word_1_437' title='bbox 1505 3623 1597 3676; x_wconf 83' lang='grc' dir='ltr'>τοῦ</span> <span class='ocrx_word' id='word_1_438' title='bbox 1629 3625 1909 3695; x_wconf 81' lang='grc' dir='ltr'>προφήτου</span> 
     </span>
    </p>
   </div>
   <div class='ocr_carea' id='block_1_68' title="bbox 325 3705 1912 3785">
    <p class='ocr_par' dir='ltr' id='par_1_68' title="bbox 325 3705 1912 3785">
     <span class='ocr_line' id='line_1_68' title="bbox 325 3705 1912 3785; baseline 0.008 -29"><span class='ocrx_word' id='word_1_439' title='bbox 325 3705 461 3775; x_wconf 81' lang='grc' dir='ltr'>πρὸς</span> <span class='ocrx_word' id='word_1_440' title='bbox 504 3707 792 3773; x_wconf 85' lang='grc' dir='ltr'>Ἰουδαίους</span> <span class='ocrx_word' id='word_1_441' title='bbox 835 3713 862 3764; x_wconf 81' lang='grc' dir='ltr'>ὁ</span> <span class='ocrx_word' id='word_1_442' title='bbox 904 3711 1035 3776; x_wconf 79' lang='grc' dir='ltr'>Θεὸς</span> <span class='ocrx_word' id='word_1_443' title='bbox 1088 3712 1224 3785; x_wconf 78' lang='grc' dir='ltr'>ἔφη’</span> <span class='ocrx_word' id='word_1_444' title='bbox 1268 3715 1515 3783; x_wconf 67' lang='grc' dir='ltr'>Ἔγνωκ,</span> <span class='ocrx_word' id='word_1_445' title='bbox 1557 3708 1912 3774; x_wconf 70' lang='grc' dir='ltr'>ὅτιαθετῶν</span> 
     </span>
    </p>
   </div>
   <div class='ocr_carea' id='block_1_69' title="bbox 323 3797 1911 3875">
    <p class='ocr_par' dir='ltr' id='par_1_69' title="bbox 323 3797 1911 3875">
     <span class='ocr_line' id='line_1_69' title="bbox 323 3797 1911 3875; baseline 0.006 -24"><span class='ocrx_word' id='word_1_446' title='bbox 323 3797 661 3866; x_wconf 82' lang='grc' dir='ltr'>ἀθετήσεις,</span> <span class='ocrx_word' id='word_1_447' title='bbox 695 3802 793 3856; x_wconf 73' lang='grc' dir='ltr'>καὶ</span> <span class='ocrx_word' id='word_1_448' title='bbox 831 3802 1052 3873; x_wconf 78' lang='grc' dir='ltr'><em>ἄνομος</em></span> <span class='ocrx_word' id='word_1_449' title='bbox 1076 3801 1149 3872; x_wconf 77' lang='grc' dir='ltr'>εἴ,</span> <span class='ocrx_word' id='word_1_450' title='bbox 1183 3806 1280 3860; x_wconf 79' lang='grc' dir='ltr'>καὶ</span> <span class='ocrx_word' id='word_1_451' title='bbox 1311 3806 1379 3859; x_wconf 84' lang='grc' dir='ltr'><strong>ἐκ</strong></span> <span class='ocrx_word' id='word_1_452' title='bbox 1416 3807 1649 3873; x_wconf 81' lang='grc' dir='ltr'>κοιλίας</span> <span class='ocrx_word' id='word_1_453' title='bbox 1688 3806 1911 3875; x_wconf 82' lang='grc' dir='ltr'>κληθή-</span> 
     </span>
    </p>
   </div>
   <div class='ocr_carea' id='block_1_70' title="bbox 323 3892 1911 3970">
    <p class='ocr_par' dir='ltr' id='par_1_70' title="bbox 323 3892 1911 3970">
     <span class='ocr_line' id='line_1_70' title="bbox 323 3892 1911 3970; baseline 0.007 -29"><span class='ocrx_word' id='word_1_454' title='bbox 323 3905 406 3958; x_wconf 79' lang='grc' dir='ltr'>σῃ</span> <span class='ocrx_word' id='word_1_455' title='bbox 426 3908 440 3920; x_wconf 92' lang='grc'><strong>·</strong></span> <span class='ocrx_word' id='word_1_456' title='bbox 482 3892 692 3947; x_wconf 84' lang='grc' dir='ltr'>κοιλίαν</span> <span class='ocrx_word' id='word_1_457' title='bbox 724 3894 785 3947; x_wconf 82' lang='grc' dir='ltr'><strong>τὸ</strong></span> <span class='ocrx_word' id='word_1_458' title='bbox 819 3895 971 3964; x_wconf 75' lang='grc' dir='ltr'>ἅγιον</span> <span class='ocrx_word' id='word_1_459' title='bbox 1005 3896 1286 3969; x_wconf 83' lang='grc' dir='ltr'>βάπτισμα</span> <span class='ocrx_word' id='word_1_460' title='bbox 1314 3896 1534 3970; x_wconf 78' lang='grc' dir='ltr'>λέγων.]</span> <span class='ocrx_word' id='word_1_461' title='bbox 1565 3897 1761 3967; x_wconf 80' lang='grc' dir='ltr'><em>Θυμὸς</em></span> <span class='ocrx_word' id='word_1_462' title='bbox 1801 3901 1911 3952; x_wconf 84' lang='grc' dir='ltr'><strong>αὺ-</strong></span> 
     </span>
    </p>
   </div>
   <div class='ocr_carea' id='block_1_71' title="bbox 322 3983 1910 4060">
    <p class='ocr_par' dir='ltr' id='par_1_71' title="bbox 322 3983 1910 4060">
     <span class='ocr_line' id='line_1_71' title="bbox 322 3983 1910 4060; baseline 0.004 -25"><span class='ocrx_word' id='word_1_463' title='bbox 322 3983 448 4050; x_wconf 83' lang='grc' dir='ltr'>τοῖς</span> <span class='ocrx_word' id='word_1_464' title='bbox 500 3985 655 4039; x_wconf 81' lang='grc' dir='ltr'>κατὰ</span> <span class='ocrx_word' id='word_1_465' title='bbox 705 3987 822 4055; x_wconf 79' lang='grc' dir='ltr'>τὴν</span> <span class='ocrx_word' id='word_1_466' title='bbox 848 3991 1133 4058; x_wconf 79' lang='grc' dir='ltr'>ὁμοίωσιν</span> <span class='ocrx_word' id='word_1_467' title='bbox 1164 3990 1272 4045; x_wconf 88' lang='grc' dir='ltr'>τοῦ</span> <span class='ocrx_word' id='word_1_468' title='bbox 1306 3989 1515 4059; x_wconf 68' lang='grc' dir='ltr'>ὄφεως.</span> <span class='ocrx_word' id='word_1_469' title='bbox 1562 3988 1743 4060; x_wconf 86' lang='grc' dir='ltr'>Θυμόν</span> <span class='ocrx_word' id='word_1_470' title='bbox 1779 4006 1910 4060; x_wconf 85' lang='grc' dir='ltr'>φησι</span> 
     </span>
    </p>
   </div>
   <div class='ocr_carea' id='block_1_72' title="bbox 322 4074 1912 4152">
    <p class='ocr_par' dir='ltr' id='par_1_72' title="bbox 322 4074 1912 4152">
     <span class='ocr_line' id='line_1_72' title="bbox 322 4074 1912 4152; baseline 0.005 -26"><span class='ocrx_word' id='word_1_471' title='bbox 322 4074 420 4146; x_wconf 84' lang='grc' dir='ltr'>τὴν</span> <span class='ocrx_word' id='word_1_472' title='bbox 457 4076 658 4148; x_wconf 63' lang='grc' dir='ltr'>ιζιυχὴν,</span> <span class='ocrx_word' id='word_1_473' title='bbox 699 4079 764 4150; x_wconf 72' lang='grc' dir='ltr'>ἣν</span> <span class='ocrx_word' id='word_1_474' title='bbox 791 4080 883 4133; x_wconf 79' lang='grc' dir='ltr'>καὶ</span> <span class='ocrx_word' id='word_1_475' title='bbox 911 4081 1104 4151; x_wconf 86' lang='grc' dir='ltr'>ὁμοίαν</span> <span class='ocrx_word' id='word_1_476' title='bbox 1128 4076 1271 4135; x_wconf 80' lang='grc' dir='ltr'>εἷναί</span> <span class='ocrx_word' id='word_1_477' title='bbox 1320 4097 1452 4151; x_wconf 85' lang='grc' dir='ltr'>φησι</span> <span class='ocrx_word' id='word_1_478' title='bbox 1493 4078 1586 4132; x_wconf 81' lang='grc' dir='ltr'>τοῦ</span> <span class='ocrx_word' id='word_1_479' title='bbox 1635 4081 1692 4132; x_wconf 88' lang='grc' dir='ltr'><strong>ἐν</strong></span> <span class='ocrx_word' id='word_1_480' title='bbox 1736 4097 1912 4152; x_wconf 86' lang='grc' dir='ltr'>παρα-</span> 
     </span>
    </p>
   </div>
   <div class='ocr_carea' id='block_1_73' title="bbox 321 4165 1911 4244">
    <p class='ocr_par' dir='ltr' id='par_1_73' title="bbox 321 4165 1911 4244">
     <span class='ocr_line' id='line_1_73' title="bbox 321 4165 1911 4244; baseline 0.004 -26"><span class='ocrx_word' id='word_1_481' title='bbox 321 4165 484 4238; x_wconf 83' lang='grc' dir='ltr'>δείσῳ</span> <span class='ocrx_word' id='word_1_482' title='bbox 516 4169 724 4239; x_wconf 73' lang='grc' dir='ltr'>ὄφεως·</span> <span class='ocrx_word' id='word_1_483' title='bbox 760 4171 817 4235; x_wconf 84' lang='grc' dir='ltr'>ὃς</span> <span class='ocrx_word' id='word_1_484' title='bbox 856 4172 1291 4244; x_wconf 83' lang='grc' dir='ltr'>ὑποκρινάμενος</span> <span class='ocrx_word' id='word_1_485' title='bbox 1330 4173 1552 4244; x_wconf 77' lang='grc' dir='ltr'>ῥήματα</span> <span class='ocrx_word' id='word_1_486' title='bbox 1587 4171 1790 4241; x_wconf 84' lang='grc' dir='ltr'>φιλίας,</span> <span class='ocrx_word' id='word_1_487' title='bbox 1819 4172 1911 4225; x_wconf 84' lang='grc' dir='ltr'><strong>τὸν</strong></span> 
     </span>
    </p>
   </div>
   <div class='ocr_carea' id='block_1_74' title="bbox 325 4257 1913 4338">
    <p class='ocr_par' dir='ltr' id='par_1_74' title="bbox 325 4257 1913 4338">
     <span class='ocr_line' id='line_1_74' title="bbox 325 4257 1913 4338; baseline 0.005 -27"><span class='ocrx_word' id='word_1_488' title='bbox 325 4257 555 4316; x_wconf 77' lang='grc' dir='ltr'>θάνατον</span> <span class='ocrx_word' id='word_1_489' title='bbox 584 4265 898 4336; x_wconf 77' lang='grc' dir='ltr'>εἰσήγαγεν.</span> <span class='ocrx_word' id='word_1_490' title='bbox 916 4266 1134 4338; x_wconf 83' lang='grc' dir='ltr'>Ἐπειδὴ</span> <span class='ocrx_word' id='word_1_491' title='bbox 1179 4266 1358 4321; x_wconf 83' lang='grc' dir='ltr'>τοίνυν</span> <span class='ocrx_word' id='word_1_492' title='bbox 1406 4267 1499 4320; x_wconf 70' lang='grc' dir='ltr'><strong>καὶ</strong></span> <span class='ocrx_word' id='word_1_493' title='bbox 1540 4261 1686 4321; x_wconf 72' lang='grc' dir='ltr'>οὗτοι</span> <span class='ocrx_word' id='word_1_494' title='bbox 1738 4283 1913 4338; x_wconf 88' lang='grc' dir='ltr'>παρα-</span> 
     </span>
    </p>
   </div>
   <div class='ocr_carea' id='block_1_75' title="bbox 324 4349 1913 4427">
    <p class='ocr_par' dir='ltr' id='par_1_75' title="bbox 324 4349 1913 4427">
     <span class='ocr_line' id='line_1_75' title="bbox 324 4349 1913 4427; baseline 0.006 -27"><span class='ocrx_word' id='word_1_495' title='bbox 324 4349 593 4423; x_wconf 84' lang='grc' dir='ltr'>πλησίως,</span> <span class='ocrx_word' id='word_1_496' title='bbox 623 4355 841 4422; x_wconf 76' lang='grc' dir='ltr'>Ῥαϐϐί,</span> <span class='ocrx_word' id='word_1_497' title='bbox 871 4359 966 4412; x_wconf 77' lang='grc' dir='ltr'><strong>καὶ</strong></span> <span class='ocrx_word' id='word_1_498' title='bbox 994 4358 1641 4427; x_wconf 81' lang='grc' dir='ltr'>Διδάσκαλε,λέγοντες,</span> <span class='ocrx_word' id='word_1_499' title='bbox 1670 4359 1783 4425; x_wconf 74' lang='grc' dir='ltr'>καὶ,</span> <span class='ocrx_word' id='word_1_500' title='bbox 1817 4357 1913 4411; x_wconf 82' lang='grc' dir='ltr'><strong>Οἵ-</strong></span> 
     </span>
    </p>
   </div>
   <div class='ocr_carea' id='block_1_76' title="bbox 2010 3257 3587 3328">
    <p class='ocr_par' dir='ltr' id='par_1_76' title="bbox 2010 3257 3587 3328">
     <span class='ocr_line' id='line_1_76' title="bbox 2010 3257 3587 3328; baseline 0 -15"><span class='ocrx_word' id='word_1_501' title='bbox 2010 3258 2225 3313; x_wconf 65' lang='grc' dir='ltr'>εροιιάω</span> <span class='ocrx_word' id='word_1_502' title='bbox 2258 3258 2424 3328; x_wconf 84' lang='lat' dir='ltr'><strong>legis;</strong></span> <span class='ocrx_word' id='word_1_503' title='bbox 2457 3257 2550 3313; x_wconf 87' lang='lat' dir='ltr'><strong>sed</strong></span> <span class='ocrx_word' id='word_1_504' title='bbox 2583 3273 2676 3312; x_wconf 91' lang='lat' dir='ltr'><strong>cor</strong></span> <span class='ocrx_word' id='word_1_505' title='bbox 2713 3258 2933 3328; x_wconf 89' lang='lat' dir='ltr'><strong>plenum</strong></span> <span class='ocrx_word' id='word_1_506' title='bbox 2972 3259 3303 3323; x_wconf 87' lang='lat' dir='ltr'><strong>acerbitate,</strong></span> <span class='ocrx_word' id='word_1_507' title='bbox 3333 3267 3386 3312; x_wconf 90' lang='lat' dir='ltr'><strong>et</strong></span> <span class='ocrx_word' id='word_1_508' title='bbox 3423 3272 3587 3327; x_wconf 76' lang='lat' dir='ltr'><strong>opera</strong></span> 
     </span>
    </p>
   </div>
   <div class='ocr_carea' id='block_1_77' title="bbox 2010 3349 2950 3421">
    <p class='ocr_par' dir='ltr' id='par_1_77' title="bbox 2010 3349 2950 3421">
     <span class='ocr_line' id='line_1_77' title="bbox 2010 3349 2950 3421; baseline 0 -16"><span class='ocrx_word' id='word_1_509' title='bbox 2010 3349 2266 3405; x_wconf 84' lang='lat' dir='ltr'><strong>similiter</strong></span> <span class='ocrx_word' id='word_1_510' title='bbox 2299 3349 2589 3420; x_wconf 86' lang='lat' dir='ltr'><strong>iniquitate</strong></span> <span class='ocrx_word' id='word_1_511' title='bbox 2618 3351 2774 3421; x_wconf 89' lang='lat' dir='ltr'><strong>plena</strong></span> <span class='ocrx_word' id='word_1_512' title='bbox 2801 3360 2950 3406; x_wconf 85' lang='lat' dir='ltr'><strong>sunt.</strong></span> 
     </span>
    </p>
   </div>
   <div class='ocr_carea' id='block_1_78' title="bbox 2079 3440 3588 3512">
    <p class='ocr_par' dir='ltr' id='par_1_78' title="bbox 2079 3440 3588 3512">
     <span class='ocr_line' id='line_1_78' title="bbox 2079 3440 3588 3512; baseline 0 -15"><span class='ocrx_word' id='word_1_513' title='bbox 2079 3442 2133 3507; x_wconf 75' lang='grc'>4,</span> <span class='ocrx_word' id='word_1_514' title='bbox 2163 3442 2217 3497; x_wconf 83' lang='lat'><strong>5.</strong></span> <span class='ocrx_word' id='word_1_515' title='bbox 2235 3441 2472 3497; x_wconf 79' lang='lat' dir='ltr'><strong>Alienati</strong></span> <span class='ocrx_word' id='word_1_516' title='bbox 2503 3452 2622 3496; x_wconf 87' lang='lat' dir='ltr'><strong>sunt</strong></span> <span class='ocrx_word' id='word_1_517' title='bbox 2648 3452 2946 3512; x_wconf 87' lang='lat' dir='ltr'><strong>peccatores</strong></span> <span class='ocrx_word' id='word_1_518' title='bbox 2968 3459 3000 3496; x_wconf 88' lang='lat' dir='ltr'><strong>a</strong></span> <span class='ocrx_word' id='word_1_519' title='bbox 3022 3441 3193 3496; x_wconf 78' lang='lat' dir='ltr'><strong>vulva.</strong></span> <span class='ocrx_word' id='word_1_520' title='bbox 3218 3440 3469 3498; x_wconf 84' lang='lat' dir='ltr'><strong>Ostendit</strong></span> <span class='ocrx_word' id='word_1_521' title='bbox 3491 3457 3588 3497; x_wconf 89' lang='lat' dir='ltr'><strong>eos</strong></span> 
     </span>
    </p>
   </div>
   <div class='ocr_carea' id='block_1_79' title="bbox 2010 3533 3586 3606">
    <p class='ocr_par' dir='ltr' id='par_1_79' title="bbox 2010 3533 3586 3606">
     <span class='ocr_line' id='line_1_79' title="bbox 2010 3533 3586 3606; baseline -0.003 -15"><span class='ocrx_word' id='word_1_522' title='bbox 2010 3536 2214 3591; x_wconf 90' lang='lat' dir='ltr'><strong>nullam</strong></span> <span class='ocrx_word' id='word_1_523' title='bbox 2241 3536 2466 3591; x_wconf 89' lang='lat' dir='ltr'><strong>omnino</strong></span> <span class='ocrx_word' id='word_1_524' title='bbox 2495 3536 2754 3592; x_wconf 89' lang='lat' dir='ltr'><strong>habuisse</strong></span> <span class='ocrx_word' id='word_1_525' title='bbox 2787 3535 2979 3591; x_wconf 85' lang='lat' dir='ltr'><strong>salutis</strong></span> <span class='ocrx_word' id='word_1_526' title='bbox 3008 3550 3252 3589; x_wconf 87' lang='lat' dir='ltr'><strong>causam.</strong></span> <span class='ocrx_word' id='word_1_527' title='bbox 3280 3533 3586 3606; x_wconf 90' lang='lat' dir='ltr'><strong>[Siquidem</strong></span> 
     </span>
    </p>
   </div>
   <div class='ocr_carea' id='block_1_80' title="bbox 2008 3625 3589 3699">
    <p class='ocr_par' dir='ltr' id='par_1_80' title="bbox 2008 3625 3589 3699">
     <span class='ocr_line' id='line_1_80' title="bbox 2008 3625 3589 3699; baseline -0.004 -15"><span class='ocrx_word' id='word_1_528' title='bbox 2008 3644 2105 3699; x_wconf 90' lang='lat' dir='ltr'><strong>per</strong></span> <span class='ocrx_word' id='word_1_529' title='bbox 2133 3628 2331 3684; x_wconf 88' lang='lat' dir='ltr'><strong>Isaiam</strong></span> <span class='ocrx_word' id='word_1_530' title='bbox 2365 3629 2686 3699; x_wconf 87' lang='lat' dir='ltr'><strong>prophetam</strong></span> <span class='ocrx_word' id='word_1_531' title='bbox 2730 3626 2930 3682; x_wconf 68' lang='lat' dir='ltr'><strong>Judzeis</strong></span> <span class='ocrx_word' id='word_1_532' title='bbox 2966 3626 3042 3681; x_wconf 90' lang='lat' dir='ltr'><strong>ait</strong></span> <span class='ocrx_word' id='word_1_533' title='bbox 3078 3625 3262 3681; x_wconf 88' lang='lat' dir='ltr'><strong>Deus:</strong></span> <span class='ocrx_word' id='word_1_534' title='bbox 3300 3625 3439 3680; x_wconf 89' lang='lat' dir='ltr'><strong>Novi</strong></span> <span class='ocrx_word' id='word_1_535' title='bbox 3460 3626 3589 3697; x_wconf 86' lang='lat' dir='ltr'><strong>quia</strong></span> 
     </span>
    </p>
   </div>
   <div class='ocr_carea' id='block_1_81' title="bbox 2010 3717 3590 3791">
    <p class='ocr_par' dir='ltr' id='par_1_81' title="bbox 2010 3717 3590 3791">
     <span class='ocr_line' id='line_1_81' title="bbox 2010 3717 3590 3791; baseline -0.001 -18"><span class='ocrx_word' id='word_1_536' title='bbox 2010 3720 2262 3791; x_wconf 83' lang='lat' dir='ltr'><strong>despicies</strong></span> <span class='ocrx_word' id='word_1_537' title='bbox 2298 3728 2349 3774; x_wconf 90' lang='lat' dir='ltr'><strong>et</strong></span> <span class='ocrx_word' id='word_1_538' title='bbox 2383 3728 2709 3789; x_wconf 85' lang='lat' dir='ltr'><strong>contemptor</strong></span> <span class='ocrx_word' id='word_1_539' title='bbox 2737 3720 2863 3784; x_wconf 88' lang='lat' dir='ltr'><strong>eris,</strong></span> <span class='ocrx_word' id='word_1_540' title='bbox 2897 3729 3053 3788; x_wconf 89' lang='lat' dir='ltr'><strong>atque</strong></span> <span class='ocrx_word' id='word_1_541' title='bbox 3076 3733 3141 3772; x_wconf 78' lang='lat' dir='ltr'><strong>ea:</strong></span> <span class='ocrx_word' id='word_1_542' title='bbox 3173 3727 3346 3772; x_wconf 82' lang='lat' dir='ltr'><strong>ventre</strong></span> <span class='ocrx_word' id='word_1_543' title='bbox 3375 3717 3590 3771; x_wconf 83' lang='lat' dir='ltr'><strong>vocabe-</strong></span> 
     </span>
    </p>
   </div>
   <div class='ocr_carea' id='block_1_82' title="bbox 2011 3805 3590 3878">
    <p class='ocr_par' dir='ltr' id='par_1_82' title="bbox 2011 3805 3590 3878">
     <span class='ocr_line' id='line_1_82' title="bbox 2011 3805 3590 3878; baseline -0.001 -16"><span class='ocrx_word' id='word_1_544' title='bbox 2011 3810 2083 3863; x_wconf 82' lang='lat' dir='ltr'><strong>ris</strong></span> <span class='ocrx_word' id='word_1_545' title='bbox 2114 3810 2327 3878; x_wconf 88' lang='lat' dir='ltr'><strong>impius.</strong></span> <span class='ocrx_word' id='word_1_546' title='bbox 2364 3809 2620 3864; x_wconf 80' lang='lat' dir='ltr'><strong>Ventrem</strong></span> <span class='ocrx_word' id='word_1_547' title='bbox 2661 3817 2816 3863; x_wconf 83' lang='lat' dir='ltr'><strong>vocat</strong></span> <span class='ocrx_word' id='word_1_548' title='bbox 2850 3817 3101 3863; x_wconf 89' lang='lat' dir='ltr'><strong>sanctum</strong></span> <span class='ocrx_word' id='word_1_549' title='bbox 3126 3806 3437 3878; x_wconf 87' lang='lat' dir='ltr'><strong>baptisma.]</strong></span> <span class='ocrx_word' id='word_1_550' title='bbox 3486 3805 3590 3861; x_wconf 80' lang='lat' dir='ltr'><strong>Fu-</strong></span> 
     </span>
    </p>
   </div>
   <div class='ocr_carea' id='block_1_83' title="bbox 2012 3896 3588 3968">
    <p class='ocr_par' dir='ltr' id='par_1_83' title="bbox 2012 3896 3588 3968">
     <span class='ocr_line' id='line_1_83' title="bbox 2012 3896 3588 3968; baseline -0.002 -13"><span class='ocrx_word' id='word_1_551' title='bbox 2012 3917 2103 3955; x_wconf 90' lang='lat' dir='ltr'><strong>ror</strong></span> <span class='ocrx_word' id='word_1_552' title='bbox 2128 3900 2235 3954; x_wconf 81' lang='lat' dir='ltr'><strong>illis</strong></span> <span class='ocrx_word' id='word_1_553' title='bbox 2261 3902 2548 3954; x_wconf 83' lang='lat' dir='ltr'><strong>secundum</strong></span> <span class='ocrx_word' id='word_1_554' title='bbox 2573 3899 2979 3953; x_wconf 84' lang='lat' dir='ltr'><strong>similitudinem</strong></span> <span class='ocrx_word' id='word_1_555' title='bbox 3015 3899 3292 3968; x_wconf 86' lang='lat' dir='ltr'><strong>serpentis.</strong></span> <span class='ocrx_word' id='word_1_556' title='bbox 3324 3896 3588 3952; x_wconf 84' lang='lat' dir='ltr'><strong>Furcrem</strong></span> 
     </span>
    </p>
   </div>
   <div class='ocr_carea' id='block_1_84' title="bbox 2012 3986 3588 4060">
    <p class='ocr_par' dir='ltr' id='par_1_84' title="bbox 2012 3986 3588 4060">
     <span class='ocr_line' id='line_1_84' title="bbox 2012 3986 3588 4060; baseline -0.001 -15"><span class='ocrx_word' id='word_1_557' title='bbox 2012 3992 2253 4045; x_wconf 90' lang='lat' dir='ltr'><strong>animam</strong></span> <span class='ocrx_word' id='word_1_558' title='bbox 2288 3991 2441 4056; x_wconf 88' lang='lat' dir='ltr'><strong>dicit,</strong></span> <span class='ocrx_word' id='word_1_559' title='bbox 2473 4005 2639 4060; x_wconf 89' lang='lat' dir='ltr'><strong>quam</strong></span> <span class='ocrx_word' id='word_1_560' title='bbox 2670 3989 2906 4045; x_wconf 88' lang='lat' dir='ltr'><strong>similem</strong></span> <span class='ocrx_word' id='word_1_561' title='bbox 2932 3989 3009 4043; x_wconf 88' lang='lat' dir='ltr'><strong>ait</strong></span> <span class='ocrx_word' id='word_1_562' title='bbox 3032 3987 3268 4058; x_wconf 88' lang='lat' dir='ltr'><strong>serpenti</strong></span> <span class='ocrx_word' id='word_1_563' title='bbox 3305 3987 3382 4041; x_wconf 90' lang='lat' dir='ltr'><strong>illi</strong></span> <span class='ocrx_word' id='word_1_564' title='bbox 3412 3986 3505 4057; x_wconf 90' lang='lat' dir='ltr'><strong>qui</strong></span> <span class='ocrx_word' id='word_1_565' title='bbox 3529 3987 3588 4043; x_wconf 87' lang='lat' dir='ltr'><strong>in</strong></span> 
     </span>
    </p>
   </div>
   <div class='ocr_carea' id='block_1_85' title="bbox 2010 4079 3588 4153">
    <p class='ocr_par' dir='ltr' id='par_1_85' title="bbox 2010 4079 3588 4153">
     <span class='ocr_line' id='line_1_85' title="bbox 2010 4079 3588 4153; baseline -0.001 -16"><span class='ocrx_word' id='word_1_566' title='bbox 2010 4082 2266 4153; x_wconf 89' lang='lat' dir='ltr'><strong>paradiso</strong></span> <span class='ocrx_word' id='word_1_567' title='bbox 2298 4083 2639 4147; x_wconf 88' lang='lat' dir='ltr'><strong>versabatur,</strong></span> <span class='ocrx_word' id='word_1_568' title='bbox 2668 4083 2762 4153; x_wconf 89' lang='lat' dir='ltr'><strong>qui</strong></span> <span class='ocrx_word' id='word_1_569' title='bbox 2796 4081 3068 4137; x_wconf 89' lang='lat' dir='ltr'><strong>simulatis</strong></span> <span class='ocrx_word' id='word_1_570' title='bbox 3096 4080 3353 4136; x_wconf 60' lang='lat' dir='ltr'><strong>amicitiae</strong></span> <span class='ocrx_word' id='word_1_571' title='bbox 3382 4079 3588 4147; x_wconf 83' lang='lat' dir='ltr'><strong>verbis,</strong></span> 
     </span>
    </p>
   </div>
   <div class='ocr_carea' id='block_1_86' title="bbox 2012 4171 3588 4244">
    <p class='ocr_par' dir='ltr' id='par_1_86' title="bbox 2012 4171 3588 4244">
     <span class='ocr_line' id='line_1_86' title="bbox 2012 4171 3588 4244; baseline -0.003 -15"><span class='ocrx_word' id='word_1_572' title='bbox 2012 4174 2492 4229; x_wconf 80' lang='lat' dir='ltr'><strong>morteminduxit.</strong></span> <span class='ocrx_word' id='word_1_573' title='bbox 2524 4172 2752 4240; x_wconf 87' lang='lat' dir='ltr'><strong>Quando</strong></span> <span class='ocrx_word' id='word_1_574' title='bbox 2796 4174 2961 4244; x_wconf 88' lang='lat' dir='ltr'><strong>igitur</strong></span> <span class='ocrx_word' id='word_1_575' title='bbox 2989 4182 3044 4229; x_wconf 92' lang='lat' dir='ltr'><strong>et</strong></span> <span class='ocrx_word' id='word_1_576' title='bbox 3076 4173 3131 4227; x_wconf 88' lang='lat' dir='ltr'><strong>hi</strong></span> <span class='ocrx_word' id='word_1_577' title='bbox 3164 4186 3399 4242; x_wconf 88' lang='lat' dir='ltr'><strong>quoque,</strong></span> <span class='ocrx_word' id='word_1_578' title='bbox 3440 4171 3588 4226; x_wconf 83' lang='lat' dir='ltr'><strong>Bab-</strong></span> 
     </span>
    </p>
   </div>
   <div class='ocr_carea' id='block_1_87' title="bbox 2014 4257 3589 4338">
    <p class='ocr_par' dir='ltr' id='par_1_87' title="bbox 2014 4257 3589 4338">
     <span class='ocr_line' id='line_1_87' title="bbox 2014 4257 3589 4338; baseline -0.002 -16"><span class='ocrx_word' id='word_1_579' title='bbox 2014 4267 2312 4334; x_wconf 71' lang='lat' dir='ltr'><strong>bi”°“,et,</strong></span> <span class='ocrx_word' id='word_1_580' title='bbox 2335 4266 2391 4320; x_wconf 83' lang='grc' dir='ltr'><em>Μ</em></span> <span class='ocrx_word' id='word_1_581' title='bbox 2396 4257 2657 4338; x_wconf 52' lang='lat' dir='ltr'><strong>agister‘ll</strong></span> <span class='ocrx_word' id='word_1_582' title='bbox 2680 4267 2943 4334; x_wconf 85' lang='lat' dir='ltr'><strong>dicentes,</strong></span> <span class='ocrx_word' id='word_1_583' title='bbox 2965 4274 3038 4332; x_wconf 89' lang='lat' dir='ltr'><strong>et,</strong></span> <span class='ocrx_word' id='word_1_584' title='bbox 3056 4265 3263 4322; x_wconf 86' lang='lat' dir='ltr'><strong>Scimus</strong></span> <span class='ocrx_word' id='word_1_585' title='bbox 3291 4264 3589 4335; x_wconf 84' lang='lat' dir='ltr'><strong>quoniama</strong></span> 
     </span>
    </p>
   </div>
   <div class='ocr_carea' id='block_1_88' title="bbox 2012 4356 3588 4428">
    <p class='ocr_par' dir='ltr' id='par_1_88' title="bbox 2012 4356 3588 4428">
     <span class='ocr_line' id='line_1_88' title="bbox 2012 4356 3588 4428; baseline -0.002 -16"><span class='ocrx_word' id='word_1_586' title='bbox 2012 4357 2123 4413; x_wconf 86' lang='lat' dir='ltr'><strong>Deo</strong></span> <span class='ocrx_word' id='word_1_587' title='bbox 2132 4358 2397 4426; x_wconf 73' lang='lat' dir='ltr'><strong>venisti“,</strong></span> <span class='ocrx_word' id='word_1_588' title='bbox 2418 4358 2798 4428; x_wconf 38' lang='lat' dir='ltr'><strong>etlhujusmodi</strong></span> <span class='ocrx_word' id='word_1_589' title='bbox 2816 4358 2979 4413; x_wconf 87' lang='lat' dir='ltr'><strong>verba</strong></span> <span class='ocrx_word' id='word_1_590' title='bbox 2996 4356 3351 4428; x_wconf 76' lang='lat' dir='ltr'><strong>proferentes,</strong></span> <span class='ocrx_word' id='word_1_591' title='bbox 3368 4370 3588 4411; x_wconf 87' lang='lat' dir='ltr'><strong>crucem</strong></span> 
     </span>
    </p>
   </div>
   <div class='ocr_carea' id='block_1_89' title="bbox 322 4440 1910 4526">
    <p class='ocr_par' dir='ltr' id='par_1_89' title="bbox 322 4440 1910 4524">
     <span class='ocr_line' id='line_1_89' title="bbox 322 4440 1910 4524; baseline 0.008 -31"><span class='ocrx_word' id='word_1_592' title='bbox 322 4440 531 4512; x_wconf 78' lang='grc' dir='ltr'>δαμεν,</span> <span class='ocrx_word' id='word_1_593' title='bbox 555 4444 645 4497; x_wconf 87' lang='grc' dir='ltr'>ὅτι</span> <span class='ocrx_word' id='word_1_594' title='bbox 668 4448 785 4502; x_wconf 75' lang='grc' dir='ltr'><strong>ἀπὸ</strong></span> <span class='ocrx_word' id='word_1_595' title='bbox 810 4451 957 4505; x_wconf 87' lang='grc' dir='ltr'><strong>Θεοῦ</strong></span> <span class='ocrx_word' id='word_1_596' title='bbox 980 4451 1302 4519; x_wconf 77' lang='grc' dir='ltr'>ἐλήλυθας,</span> <span class='ocrx_word' id='word_1_597' title='bbox 1323 4451 1417 4505; x_wconf 76' lang='grc' dir='ltr'>καὶ</span> <span class='ocrx_word' id='word_1_598' title='bbox 1445 4452 1512 4505; x_wconf 82' lang='grc' dir='ltr'>τὰ</span> <span class='ocrx_word' id='word_1_599' title='bbox 1533 4451 1756 4506; x_wconf 82' lang='grc' dir='ltr'>τοιαῦτα</span> <span class='ocrx_word' id='word_1_600' title='bbox 1778 4469 1910 4524; x_wconf 91' lang='grc' dir='ltr'>προ-</span> 
     </span>
    </p>
   </div>
   <div class='ocr_carea' id='block_1_90' title="bbox 2018 4440 3587 4526">
    <p class='ocr_par' dir='ltr' id='par_1_90' title="bbox 2018 4447 3587 4520">
     <span class='ocr_line' id='line_1_90' title="bbox 2018 4447 3587 4520; baseline -0.002 -18"><span class='ocrx_word' id='word_1_601' title='bbox 2018 4448 2122 4520; x_wconf 89' lang='lat' dir='ltr'><strong>ipsi</strong></span> <span class='ocrx_word' id='word_1_602' title='bbox 2174 4449 2675 4515; x_wconf 88' lang='lat' dir='ltr'><strong>machinabantur,</strong></span> <span class='ocrx_word' id='word_1_603' title='bbox 2733 4449 2938 4505; x_wconf 91' lang='lat' dir='ltr'><strong>idcirco</strong></span> <span class='ocrx_word' id='word_1_604' title='bbox 2989 4449 3231 4519; x_wconf 88' lang='lat' dir='ltr'><strong>serpenti</strong></span> <span class='ocrx_word' id='word_1_605' title='bbox 3286 4447 3587 4518; x_wconf 87' lang='lat' dir='ltr'><strong>comparati</strong></span> 
     </span>
    </p>
   </div>
   <div class='ocr_carea' id='block_1_91' title="bbox 324 4536 1912 4617">
    <p class='ocr_par' dir='ltr' id='par_1_91' title="bbox 324 4536 1912 4617">
     <span class='ocr_line' id='line_1_91' title="bbox 324 4536 1912 4617; baseline 0.006 -28"><span class='ocrx_word' id='word_1_606' title='bbox 324 4536 618 4606; x_wconf 67' lang='grc' dir='ltr'>φερόμενοι</span> <span class='ocrx_word' id='word_1_607' title='bbox 652 4541 890 4610; x_wconf 80' lang='grc' dir='ltr'>ῥήματα,</span> <span class='ocrx_word' id='word_1_608' title='bbox 922 4542 1265 4597; x_wconf 77' lang='grc' dir='ltr'>ἐϐουλεύοντο</span> <span class='ocrx_word' id='word_1_609' title='bbox 1290 4543 1622 4615; x_wconf 79' lang='grc' dir='ltr'>παραδοῦναι</span> <span class='ocrx_word' id='word_1_610' title='bbox 1657 4544 1875 4617; x_wconf 81' lang='grc' dir='ltr'>σταυρῷ</span> <span class='ocrx_word' id='word_1_611' title='bbox 1896 4562 1912 4577; x_wconf 76' lang='grc' dir='ltr'><strong><em>ο</em></strong></span> 
     </span>
    </p>
   </div>
   <div class='ocr_carea' id='block_1_92' title="bbox 323 4625 1911 4707">
    <p class='ocr_par' dir='ltr' id='par_1_92' title="bbox 323 4625 1911 4707">
     <span class='ocr_line' id='line_1_92' title="bbox 323 4625 1911 4707; baseline 0.008 -29"><span class='ocrx_word' id='word_1_612' title='bbox 323 4625 518 4681; x_wconf 78' lang='grc' dir='ltr'>τούτου</span> <span class='ocrx_word' id='word_1_613' title='bbox 551 4629 713 4700; x_wconf 81' lang='grc' dir='ltr'>χάριν</span> <span class='ocrx_word' id='word_1_614' title='bbox 757 4635 825 4704; x_wconf 80' lang='grc' dir='ltr'>τῇ</span> <span class='ocrx_word' id='word_1_615' title='bbox 857 4632 1113 4703; x_wconf 84' lang='grc' dir='ltr'>ὁμοιώσει</span> <span class='ocrx_word' id='word_1_616' title='bbox 1148 4633 1242 4688; x_wconf 78' lang='grc' dir='ltr'>τοῦ</span> <span class='ocrx_word' id='word_1_617' title='bbox 1264 4633 1440 4705; x_wconf 79' lang='grc' dir='ltr'>όφεως</span> <span class='ocrx_word' id='word_1_618' title='bbox 1464 4635 1911 4707; x_wconf 78' lang='grc' dir='ltr'>παρεσλὴθησαν.</span> 
     </span>
    </p>
   </div>
   <div class='ocr_carea' id='block_1_93' title="bbox 337 4717 1908 4797">
    <p class='ocr_par' dir='ltr' id='par_1_93' title="bbox 337 4717 1908 4797">
     <span class='ocr_line' id='line_1_93' title="bbox 337 4717 1908 4797; baseline 0.006 -26"><span class='ocrx_word' id='word_1_619' title='bbox 337 4717 493 4774; x_wconf 77' lang='grc' dir='ltr'>Ὠσεὶ</span> <span class='ocrx_word' id='word_1_620' title='bbox 522 4722 786 4790; x_wconf 75' lang='grc' dir='ltr'>ἀσπίδος</span> <span class='ocrx_word' id='word_1_621' title='bbox 812 4726 1018 4795; x_wconf 63' lang='grc' dir='ltr'><strong>ωφῆς</strong></span> <span class='ocrx_word' id='word_1_622' title='bbox 1037 4727 1135 4781; x_wconf 81' lang='grc' dir='ltr'><strong>καί</strong></span> <span class='ocrx_word' id='word_1_623' title='bbox 1151 4728 1437 4795; x_wconf 74' lang='grc' dir='ltr'>,θυούσης</span> <span class='ocrx_word' id='word_1_624' title='bbox 1458 4728 1530 4783; x_wconf 81' lang='grc' dir='ltr'>τὰ</span> <span class='ocrx_word' id='word_1_625' title='bbox 1552 4724 1673 4783; x_wconf 85' lang='grc' dir='ltr'>ὦτα</span> <span class='ocrx_word' id='word_1_626' title='bbox 1695 4728 1908 4797; x_wconf 85' lang='grc' dir='ltr'>αὐτῆς.</span> 
     </span>
    </p>
   </div>
   <div class='ocr_carea' id='block_1_94' title="bbox 327 4811 1911 4888">
    <p class='ocr_par' dir='ltr' id='par_1_94' title="bbox 327 4811 1911 4888">
     <span class='ocr_line' id='line_1_94' title="bbox 327 4811 1911 4888; baseline 0.006 -27"><span class='ocrx_word' id='word_1_627' title='bbox 327 4811 399 4862; x_wconf 80' lang='grc' dir='ltr'><strong>Οὐ</strong></span> <span class='ocrx_word' id='word_1_628' title='bbox 436 4812 585 4882; x_wconf 80' lang='grc' dir='ltr'>μόνῳ</span> <span class='ocrx_word' id='word_1_629' title='bbox 616 4813 695 4884; x_wconf 83' lang='grc' dir='ltr'>τῷ</span> <span class='ocrx_word' id='word_1_630' title='bbox 726 4814 871 4882; x_wconf 74' lang='grc' dir='ltr'>ὄφει,</span> <span class='ocrx_word' id='word_1_631' title='bbox 903 4818 1055 4887; x_wconf 76' lang='grc' dir='ltr'>φησὶ,</span> <span class='ocrx_word' id='word_1_632' title='bbox 1087 4817 1505 4888; x_wconf 81' lang='grc' dir='ltr'>παρεικασθεῖεν</span> <span class='ocrx_word' id='word_1_633' title='bbox 1538 4818 1626 4883; x_wconf 87' lang='grc' dir='ltr'><strong>ἂν,</strong></span> <span class='ocrx_word' id='word_1_634' title='bbox 1654 4817 1792 4872; x_wconf 77' lang='grc' dir='ltr'>ἀλλὰ</span> <span class='ocrx_word' id='word_1_635' title='bbox 1817 4818 1911 4871; x_wconf 71' lang='grc' dir='ltr'><strong>καὶ</strong></span> 
     </span>
    </p>
   </div>
   <div class='ocr_carea' id='block_1_95' title="bbox 329 4901 1909 4980">
    <p class='ocr_par' dir='ltr' id='par_1_95' title="bbox 329 4901 1909 4980">
     <span class='ocr_line' id='line_1_95' title="bbox 329 4901 1909 4980; baseline 0.006 -29"><span class='ocrx_word' id='word_1_636' title='bbox 329 4901 510 4953; x_wconf 77' lang='grc' dir='ltr'>ἀσπίδι</span> <span class='ocrx_word' id='word_1_637' title='bbox 534 4902 629 4954; x_wconf 78' lang='grc' dir='ltr'><strong>ἐπὶ</strong></span> <span class='ocrx_word' id='word_1_638' title='bbox 650 4903 760 4956; x_wconf 88' lang='grc' dir='ltr'><strong>τῶν</strong></span> <span class='ocrx_word' id='word_1_639' title='bbox 783 4905 1010 4959; x_wconf 82' lang='grc' dir='ltr'>ὀδόντων</span> <span class='ocrx_word' id='word_1_640' title='bbox 1035 4906 1236 4980; x_wconf 79' lang='grc' dir='ltr'>ἐχούσῃ</span> <span class='ocrx_word' id='word_1_641' title='bbox 1264 4908 1356 4961; x_wconf 85' lang='grc' dir='ltr'>τὸν</span> <span class='ocrx_word' id='word_1_642' title='bbox 1387 4908 1485 4972; x_wconf 82' lang='grc' dir='ltr'>ἰὸν,</span> <span class='ocrx_word' id='word_1_643' title='bbox 1509 4908 1582 4978; x_wconf 82' lang='grc' dir='ltr'>μὴ</span> <span class='ocrx_word' id='word_1_644' title='bbox 1611 4907 1909 4978; x_wconf 83' lang='grc' dir='ltr'>βουλομένῃ</span> 
     </span>
    </p>
   </div>
   <div class='ocr_carea' id='block_1_96' title="bbox 328 4992 1908 5070">
    <p class='ocr_par' dir='ltr' id='par_1_96' title="bbox 328 4992 1908 5070">
     <span class='ocr_line' id='line_1_96' title="bbox 328 4992 1908 5070; baseline 0.005 -27"><span class='ocrx_word' id='word_1_645' title='bbox 328 5005 387 5052; x_wconf 80' lang='grc' dir='ltr'>τε</span> <span class='ocrx_word' id='word_1_646' title='bbox 409 4992 702 5047; x_wconf 80' lang='grc' dir='ltr'>ἐπακούειν</span> <span class='ocrx_word' id='word_1_647' title='bbox 723 4993 833 5047; x_wconf 87' lang='grc' dir='ltr'><strong>τῶν</strong></span> <span class='ocrx_word' id='word_1_648' title='bbox 866 4997 1090 5066; x_wconf 83' lang='grc' dir='ltr'>ἐπῳδῶν</span> <span class='ocrx_word' id='word_1_649' title='bbox 1118 5000 1199 5062; x_wconf 86' lang='grc' dir='ltr'><strong>είς</strong></span> <span class='ocrx_word' id='word_1_650' title='bbox 1224 4999 1285 5051; x_wconf 84' lang='grc' dir='ltr'><strong>τὸ</strong></span> <span class='ocrx_word' id='word_1_651' title='bbox 1306 4999 1401 5052; x_wconf 79' lang='grc' dir='ltr'>τοῦ</span> <span class='ocrx_word' id='word_1_652' title='bbox 1423 4997 1595 5070; x_wconf 83' lang='grc' dir='ltr'>θυμοῦ</span> <span class='ocrx_word' id='word_1_653' title='bbox 1618 4997 1908 5052; x_wconf 83' lang='grc' dir='ltr'>παύεσθαι.</span> 
     </span>
    </p>
   </div>
   <div class='ocr_carea' id='block_1_97' title="bbox 2017 4541 3586 4608">
    <p class='ocr_par' dir='ltr' id='par_1_97' title="bbox 2017 4541 3586 4608">
     <span class='ocr_line' id='line_1_97' title="bbox 2017 4541 3586 4608; baseline -0.004 -10"><span class='ocrx_word' id='word_1_654' title='bbox 2017 4549 2166 4598; x_wconf 87' lang='lat' dir='ltr'><strong>sunt.</strong></span> <span class='ocrx_word' id='word_1_655' title='bbox 2198 4541 2372 4597; x_wconf 88' lang='lat' dir='ltr'><strong>Sicuti</strong></span> <span class='ocrx_word' id='word_1_656' title='bbox 2396 4543 2598 4608; x_wconf 84' lang='lat' dir='ltr'><strong>aspidis</strong></span> <span class='ocrx_word' id='word_1_657' title='bbox 2630 4542 2807 4597; x_wconf 67' lang='lat' dir='ltr'><strong>surda</strong></span> <span class='ocrx_word' id='word_1_658' title='bbox 2844 4551 2895 4596; x_wconf 88' lang='lat' dir='ltr'><strong>et</strong></span> <span class='ocrx_word' id='word_1_659' title='bbox 2930 4541 3227 4596; x_wconf 85' lang='lat' dir='ltr'><strong>obturantis</strong></span> <span class='ocrx_word' id='word_1_660' title='bbox 3258 4558 3412 4595; x_wconf 89' lang='lat' dir='ltr'><strong>aures</strong></span> <span class='ocrx_word' id='word_1_661' title='bbox 3440 4555 3586 4593; x_wconf 87' lang='lat' dir='ltr'><strong>suas.</strong></span> 
     </span>
    </p>
   </div>
   <div class='ocr_carea' id='block_1_98' title="bbox 2014 4629 3589 4705">
    <p class='ocr_par' dir='ltr' id='par_1_98' title="bbox 2014 4629 3589 4705">
     <span class='ocr_line' id='line_1_98' title="bbox 2014 4629 3589 4705; baseline -0.003 -18"><span class='ocrx_word' id='word_1_662' title='bbox 2014 4632 2135 4689; x_wconf 87' lang='lat' dir='ltr'><strong>Non</strong></span> <span class='ocrx_word' id='word_1_663' title='bbox 2168 4635 2350 4700; x_wconf 90' lang='lat' dir='ltr'><strong>modo,</strong></span> <span class='ocrx_word' id='word_1_664' title='bbox 2389 4635 2583 4705; x_wconf 88' lang='lat' dir='ltr'><strong>inquit,</strong></span> <span class='ocrx_word' id='word_1_665' title='bbox 2614 4634 2850 4704; x_wconf 86' lang='lat' dir='ltr'><strong>serpenti</strong></span> <span class='ocrx_word' id='word_1_666' title='bbox 2879 4634 3182 4703; x_wconf 86' lang='lat' dir='ltr'><strong>comparari</strong></span> <span class='ocrx_word' id='word_1_667' title='bbox 3212 4639 3461 4703; x_wconf 86' lang='lat' dir='ltr'><strong>possunt,</strong></span> <span class='ocrx_word' id='word_1_668' title='bbox 3493 4629 3589 4686; x_wconf 89' lang='lat' dir='ltr'><strong>sed</strong></span> 
     </span>
    </p>
   </div>
   <div class='ocr_carea' id='block_1_99' title="bbox 2015 4725 3593 4796">
    <p class='ocr_par' dir='ltr' id='par_1_99' title="bbox 2015 4725 3593 4796">
     <span class='ocr_line' id='line_1_99' title="bbox 2015 4725 3593 4796; baseline -0.003 -16"><span class='ocrx_word' id='word_1_669' title='bbox 2015 4727 2179 4781; x_wconf 91' lang='lat' dir='ltr'><strong>etiam</strong></span> <span class='ocrx_word' id='word_1_670' title='bbox 2205 4727 2404 4796; x_wconf 87' lang='lat' dir='ltr'><strong>aspidi,</strong></span> <span class='ocrx_word' id='word_1_671' title='bbox 2425 4741 2694 4781; x_wconf 88' lang='lat' dir='ltr'><strong>venenum</strong></span> <span class='ocrx_word' id='word_1_672' title='bbox 2727 4726 2780 4779; x_wconf 92' lang='lat' dir='ltr'><strong>in</strong></span> <span class='ocrx_word' id='word_1_673' title='bbox 2805 4725 3061 4781; x_wconf 87' lang='lat' dir='ltr'><strong>dentibus</strong></span> <span class='ocrx_word' id='word_1_674' title='bbox 3085 4725 3324 4792; x_wconf 88' lang='lat' dir='ltr'><strong>habenti,</strong></span> <span class='ocrx_word' id='word_1_675' title='bbox 3349 4739 3471 4794; x_wconf 69' lang='lat' dir='ltr'><strong>quae</strong></span> <span class='ocrx_word' id='word_1_676' title='bbox 3491 4737 3593 4776; x_wconf 86' lang='lat' dir='ltr'><strong>no-</strong></span> 
     </span>
    </p>
   </div>
   <div class='ocr_carea' id='block_1_100' title="bbox 2013 4816 3589 4873">
    <p class='ocr_par' dir='ltr' id='par_1_100' title="bbox 2013 4816 3589 4873">
     <span class='ocr_line' id='line_1_100' title="bbox 2013 4816 3589 4873; baseline -0.001 -2"><span class='ocrx_word' id='word_1_677' title='bbox 2013 4816 2079 4871; x_wconf 87' lang='lat' dir='ltr'><strong>lit</strong></span> <span class='ocrx_word' id='word_1_678' title='bbox 2104 4817 2292 4872; x_wconf 89' lang='lat' dir='ltr'><strong>audire</strong></span> <span class='ocrx_word' id='word_1_679' title='bbox 2315 4818 2681 4873; x_wconf 89' lang='lat' dir='ltr'><strong>incantatores</strong></span> <span class='ocrx_word' id='word_1_680' title='bbox 2711 4825 2771 4872; x_wconf 89' lang='lat' dir='ltr'><strong>ut</strong></span> <span class='ocrx_word' id='word_1_681' title='bbox 2791 4817 3032 4872; x_wconf 79' lang='lat' dir='ltr'><strong>furorem</strong></span> <span class='ocrx_word' id='word_1_682' title='bbox 3056 4819 3227 4873; x_wconf 87' lang='lat' dir='ltr'><strong>sedet.</strong></span> <span class='ocrx_word' id='word_1_683' title='bbox 3259 4816 3385 4873; x_wconf 64' lang='lat' dir='ltr'><strong>Hinc</strong></span> <span class='ocrx_word' id='word_1_684' title='bbox 3408 4824 3589 4871; x_wconf 79' lang='lat' dir='ltr'><strong>autent</strong></span> 
     </span>
    </p>
   </div>
   <div class='ocr_carea' id='block_1_101' title="bbox 2015 4905 3597 4977">
    <p class='ocr_par' dir='ltr' id='par_1_101' title="bbox 2015 4905 3597 4977">
     <span class='ocr_line' id='line_1_101' title="bbox 2015 4905 3597 4977; baseline -0.002 -16"><span class='ocrx_word' id='word_1_685' title='bbox 2015 4906 2137 4962; x_wconf 90' lang='lat' dir='ltr'><strong>ideo</strong></span> <span class='ocrx_word' id='word_1_686' title='bbox 2176 4907 2328 4975; x_wconf 90' lang='lat' dir='ltr'><strong>dicit,</strong></span> <span class='ocrx_word' id='word_1_687' title='bbox 2367 4907 2494 4977; x_wconf 90' lang='lat' dir='ltr'><strong>quia</strong></span> <span class='ocrx_word' id='word_1_688' title='bbox 2539 4907 2617 4962; x_wconf 90' lang='lat' dir='ltr'><strong>illi</strong></span> <span class='ocrx_word' id='word_1_689' title='bbox 2661 4907 2816 4977; x_wconf 80' lang='lat' dir='ltr'><strong>juxta</strong></span> <span class='ocrx_word' id='word_1_690' title='bbox 2858 4905 3014 4964; x_wconf 63' lang='lat' dir='ltr'><strong>Isaiae</strong></span> <span class='ocrx_word' id='word_1_691' title='bbox 3053 4923 3238 4964; x_wconf 90' lang='lat' dir='ltr'><strong>vocem</strong></span> <span class='ocrx_word' id='word_1_692' title='bbox 3268 4921 3427 4962; x_wconf 88' lang='lat' dir='ltr'><strong>aures</strong></span> <span class='ocrx_word' id='word_1_693' title='bbox 3461 4918 3597 4960; x_wconf 85' lang='lat' dir='ltr'><strong>suas</strong></span> 
     </span>
    </p>
   </div>
   <div class='ocr_carea' id='block_1_102' title="bbox 2017 4998 3453 5068">
    <p class='ocr_par' dir='ltr' id='par_1_102' title="bbox 2017 4998 3453 5068">
     <span class='ocr_line' id='line_1_102' title="bbox 2017 4998 3453 5068; baseline 0.001 -19"><span class='ocrx_word' id='word_1_694' title='bbox 2017 5008 2378 5068; x_wconf 87' lang='lat' dir='ltr'><strong>aggravarunt</strong></span> <span class='ocrx_word' id='word_1_695' title='bbox 2408 5006 2466 5054; x_wconf 91' lang='lat' dir='ltr'><strong>ut</strong></span> <span class='ocrx_word' id='word_1_696' title='bbox 2492 5013 2599 5052; x_wconf 90' lang='lat' dir='ltr'><strong>non</strong></span> <span class='ocrx_word' id='word_1_697' title='bbox 2628 5000 2879 5053; x_wconf 89' lang='lat' dir='ltr'><strong>audirent</strong></span> <span class='ocrx_word' id='word_1_698' title='bbox 2908 5014 3188 5054; x_wconf 87' lang='lat' dir='ltr'><strong>sermones</strong></span> <span class='ocrx_word' id='word_1_699' title='bbox 3219 4998 3453 5052; x_wconf 89' lang='lat' dir='ltr'><strong>Domini.</strong></span> 
     </span>
    </p>
   </div>
   <div class='ocr_carea' id='block_1_103' title="bbox 331 5082 3595 5163">
    <p class='ocr_par' dir='ltr' id='par_1_103' title="bbox 331 5082 3595 5163">
     <span class='ocr_line' id='line_1_103' title="bbox 331 5082 3595 5163; baseline 0.002 -29"><span class='ocrx_word' id='word_1_700' title='bbox 331 5082 509 5139; x_wconf 76' lang='grc' dir='ltr'>Ταῦτα</span> <span class='ocrx_word' id='word_1_701' title='bbox 540 5086 601 5140; x_wconf 81' lang='grc' dir='ltr'>δέ</span> <span class='ocrx_word' id='word_1_702' title='bbox 636 5104 821 5157; x_wconf 81' lang='grc' dir='ltr'>φησιν,</span> <span class='ocrx_word' id='word_1_703' title='bbox 851 5089 1037 5162; x_wconf 83' lang='grc' dir='ltr'>ἐπειδὴ</span> <span class='ocrx_word' id='word_1_704' title='bbox 1062 5092 1156 5145; x_wconf 76' lang='grc' dir='ltr'>καὶ</span> <span class='ocrx_word' id='word_1_705' title='bbox 1181 5093 1334 5145; x_wconf 75' lang='grc' dir='ltr'>αὐτοὶ</span> <span class='ocrx_word' id='word_1_706' title='bbox 1372 5091 1514 5146; x_wconf 81' lang='grc' dir='ltr'>κατὰ</span> <span class='ocrx_word' id='word_1_707' title='bbox 1550 5092 1649 5163; x_wconf 79' lang='grc' dir='ltr'>τὴν</span> <span class='ocrx_word' id='word_1_708' title='bbox 1686 5090 1907 5144; x_wconf 81' lang='grc' dir='ltr'>Ἡσαΐου</span> <span class='ocrx_word' id='word_1_709' title='bbox 1947 5088 2129 5162; x_wconf 84' lang='grc' dir='ltr'>φωνὴν</span> <span class='ocrx_word' id='word_1_710' title='bbox 2163 5090 2433 5163; x_wconf 82' lang='grc' dir='ltr'>ἐϐάρυναν</span> <span class='ocrx_word' id='word_1_711' title='bbox 2462 5091 2531 5145; x_wconf 83' lang='grc' dir='ltr'>τὰ</span> <span class='ocrx_word' id='word_1_712' title='bbox 2557 5085 2693 5157; x_wconf 69' lang='grc' dir='ltr'>ὦτα,</span> <span class='ocrx_word' id='word_1_713' title='bbox 2743 5090 2838 5145; x_wconf 82' lang='grc' dir='ltr'>τοῦ</span> <span class='ocrx_word' id='word_1_714' title='bbox 2890 5090 2965 5163; x_wconf 81' lang='grc' dir='ltr'><strong>μὴ</strong></span> <span class='ocrx_word' id='word_1_715' title='bbox 3013 5091 3240 5146; x_wconf 81' lang='grc' dir='ltr'>ἀκοῦσαι</span> <span class='ocrx_word' id='word_1_716' title='bbox 3278 5089 3403 5151; x_wconf 83' lang='grc' dir='ltr'>τοὺς</span> <span class='ocrx_word' id='word_1_717' title='bbox 3441 5084 3595 5158; x_wconf 72' lang='grc' dir='ltr'>παρὰ</span> 
     </span>
    </p>
   </div>
   <div class='ocr_carea' id='block_1_104' title="bbox 334 5179 906 5255">
    <p class='ocr_par' dir='ltr' id='par_1_104' title="bbox 334 5179 906 5255">
     <span class='ocr_line' id='line_1_104' title="bbox 334 5179 906 5255; baseline 0.009 -23"><span class='ocrx_word' id='word_1_718' title='bbox 334 5179 423 5232; x_wconf 75' lang='grc' dir='ltr'>τοῦ</span> <span class='ocrx_word' id='word_1_719' title='bbox 450 5182 655 5255; x_wconf 81' lang='grc' dir='ltr'>Κυρίου</span> <span class='ocrx_word' id='word_1_720' title='bbox 688 5183 906 5253; x_wconf 81' lang='grc' dir='ltr'>λόγους.</span> 
     </span>
    </p>
   </div>
   <div class='ocr_carea' id='block_1_105' title="bbox 413 5276 1913 5349">
    <p class='ocr_par' dir='ltr' id='par_1_105' title="bbox 413 5276 1913 5349">
     <span class='ocr_line' id='line_1_105' title="bbox 413 5276 1913 5349; baseline 0.004 -21"><span class='ocrx_word' id='word_1_721' title='bbox 413 5276 463 5328; x_wconf 91' lang='grc' dir='ltr'>Ὀ</span> <span class='ocrx_word' id='word_1_722' title='bbox 493 5278 634 5345; x_wconf 84' lang='grc' dir='ltr'>Θεὸς</span> <span class='ocrx_word' id='word_1_723' title='bbox 667 5281 992 5349; x_wconf 70' lang='grc' dir='ltr'>συντρίψει</span> <span class='ocrx_word' id='word_1_724' title='bbox 1025 5282 1167 5349; x_wconf 85' lang='grc' dir='ltr'>τοὺς</span> <span class='ocrx_word' id='word_1_725' title='bbox 1210 5284 1466 5349; x_wconf 77' lang='grc' dir='ltr'>ὀδόντας</span> <span class='ocrx_word' id='word_1_726' title='bbox 1504 5284 1702 5338; x_wconf 77' lang='grc' dir='ltr'>αὐτῶν</span> <span class='ocrx_word' id='word_1_727' title='bbox 1729 5281 1801 5335; x_wconf 79' lang='grc' dir='ltr'><strong>ὲν</strong></span> <span class='ocrx_word' id='word_1_728' title='bbox 1832 5279 1913 5346; x_wconf 83' lang='grc' dir='ltr'>τῷ</span> 
     </span>
    </p>
   </div>
   <div class='ocr_carea' id='block_1_106' title="bbox 339 5368 1916 5446">
    <p class='ocr_par' dir='ltr' id='par_1_106' title="bbox 339 5368 1916 5446">
     <span class='ocr_line' id='line_1_106' title="bbox 339 5368 1916 5446; baseline 0.005 -28"><span class='ocrx_word' id='word_1_729' title='bbox 339 5368 569 5438; x_wconf 76' lang='grc' dir='ltr'>στόματι</span> <span class='ocrx_word' id='word_1_730' title='bbox 599 5369 827 5426; x_wconf 74' lang='grc' dir='ltr'>αὐτῶν.</span> <span class='ocrx_word' id='word_1_731' title='bbox 845 5371 1095 5436; x_wconf 83' lang='grc' dir='ltr'>Ὀδόντας</span> <span class='ocrx_word' id='word_1_732' title='bbox 1120 5375 1177 5426; x_wconf 89' lang='grc' dir='ltr'><strong>ἐν</strong></span> <span class='ocrx_word' id='word_1_733' title='bbox 1202 5373 1376 5446; x_wconf 85' lang='grc' dir='ltr'>τούτῳ</span> <span class='ocrx_word' id='word_1_734' title='bbox 1411 5372 1512 5438; x_wconf 78' lang='grc' dir='ltr'>τὰς</span> <span class='ocrx_word' id='word_1_735' title='bbox 1550 5372 1916 5442; x_wconf 86' lang='grc' dir='ltr'>συκοφαντίας</span> 
     </span>
    </p>
   </div>
   <div class='ocr_carea' id='block_1_107' title="bbox 334 5457 1917 5538">
    <p class='ocr_par' dir='ltr' id='par_1_107' title="bbox 334 5457 1917 5538">
     <span class='ocr_line' id='line_1_107' title="bbox 334 5457 1917 5538; baseline -0.005 -15"><span class='ocrx_word' id='word_1_736' title='bbox 334 5457 396 5524; x_wconf 74' lang='grc' dir='ltr'><strong>ἃς</strong></span> <span class='ocrx_word' id='word_1_737' title='bbox 424 5465 747 5538; x_wconf 84' lang='grc' dir='ltr'>πεποίηνται</span> <span class='ocrx_word' id='word_1_738' title='bbox 797 5462 944 5517; x_wconf 78' lang='grc' dir='ltr'>κατὰ</span> <span class='ocrx_word' id='word_1_739' title='bbox 986 5463 1084 5517; x_wconf 78' lang='grc' dir='ltr'>τοῦ</span> <span class='ocrx_word' id='word_1_740' title='bbox 1126 5466 1332 5538; x_wconf 82' lang='grc' dir='ltr'>Κυρίου</span> <span class='ocrx_word' id='word_1_741' title='bbox 1368 5466 1524 5537; x_wconf 77' lang='grc' dir='ltr'>φησὶ,</span> <span class='ocrx_word' id='word_1_742' title='bbox 1557 5466 1653 5519; x_wconf 76' lang='grc' dir='ltr'><strong>καὶ</strong></span> <span class='ocrx_word' id='word_1_743' title='bbox 1684 5464 1917 5536; x_wconf 84' lang='grc' dir='ltr'>μάλιστα</span> 
     </span>
    </p>
   </div>
   <div class='ocr_carea' id='block_1_108' title="bbox 327 5552 1918 5628">
    <p class='ocr_par' dir='ltr' id='par_1_108' title="bbox 327 5552 1918 5628">
     <span class='ocr_line' id='line_1_108' title="bbox 327 5552 1918 5628; baseline 0.006 -28"><span class='ocrx_word' id='word_1_744' title='bbox 327 5552 419 5618; x_wconf 76' lang='grc' dir='ltr'><strong>τὰς</strong></span> <span class='ocrx_word' id='word_1_745' title='bbox 456 5558 545 5612; x_wconf 72' lang='grc' dir='ltr'><strong>ἐπὶ</strong></span> <span class='ocrx_word' id='word_1_746' title='bbox 584 5558 688 5628; x_wconf 78' lang='grc' dir='ltr'>τῆς</span> <span class='ocrx_word' id='word_1_747' title='bbox 714 5553 1073 5618; x_wconf 84' lang='grc' dir='ltr'>ἀναστάσεως</span> <span class='ocrx_word' id='word_1_748' title='bbox 1092 5571 1106 5584; x_wconf 76' lang='grc' dir='ltr'><strong>ο</strong></span> <span class='ocrx_word' id='word_1_749' title='bbox 1134 5553 1169 5623; x_wconf 81' lang='grc' dir='ltr'><strong>ἢ</strong></span> <span class='ocrx_word' id='word_1_750' title='bbox 1193 5554 1410 5614; x_wconf 78' lang='grc' dir='ltr'>ὀδόντας</span> <span class='ocrx_word' id='word_1_751' title='bbox 1432 5554 1531 5626; x_wconf 80' lang='grc' dir='ltr'><strong>τὴν</strong></span> <span class='ocrx_word' id='word_1_752' title='bbox 1560 5553 1790 5624; x_wconf 81' lang='grc' dir='ltr'>δύναμίν</span> <span class='ocrx_word' id='word_1_753' title='bbox 1814 5570 1918 5624; x_wconf 75' lang='grc' dir='ltr'>φη-</span> 
     </span>
    </p>
   </div>
   <div class='ocr_carea' id='block_1_109' title="bbox 2093 5272 3589 5339">
    <p class='ocr_par' dir='ltr' id='par_1_109' title="bbox 2093 5272 3589 5339">
     <span class='ocr_line' id='line_1_109' title="bbox 2093 5272 3589 5339; baseline -0.003 -7"><span class='ocrx_word' id='word_1_754' title='bbox 2093 5278 2128 5331; x_wconf 90' lang='lat'><strong>7</strong></span> <span class='ocrx_word' id='word_1_755' title='bbox 2145 5305 2168 5319; x_wconf 85' lang='lat'><strong>-</strong></span> <span class='ocrx_word' id='word_1_756' title='bbox 2187 5276 2241 5331; x_wconf 87' lang='lat'><strong>9.</strong></span> <span class='ocrx_word' id='word_1_757' title='bbox 2276 5274 2419 5330; x_wconf 87' lang='lat' dir='ltr'><strong>Deus</strong></span> <span class='ocrx_word' id='word_1_758' title='bbox 2441 5284 2669 5329; x_wconf 87' lang='lat' dir='ltr'><strong>conteret</strong></span> <span class='ocrx_word' id='word_1_759' title='bbox 2703 5274 2881 5330; x_wconf 86' lang='lat' dir='ltr'><strong>dentes</strong></span> <span class='ocrx_word' id='word_1_760' title='bbox 2912 5275 3104 5328; x_wconf 85' lang='lat' dir='ltr'><strong>&#39;eorum</strong></span> <span class='ocrx_word' id='word_1_761' title='bbox 3128 5273 3194 5325; x_wconf 89' lang='lat' dir='ltr'><strong>&#39;in</strong></span> <span class='ocrx_word' id='word_1_762' title='bbox 3219 5286 3305 5324; x_wconf 87' lang='lat' dir='ltr'><strong>ore</strong></span> <span class='ocrx_word' id='word_1_763' title='bbox 3333 5272 3589 5339; x_wconf 89' lang='lat' dir='ltr'><strong>ipsorum.</strong></span> 
     </span>
    </p>
   </div>
   <div class='ocr_carea' id='block_1_110' title="bbox 2017 5359 3579 5438">
    <p class='ocr_par' dir='ltr' id='par_1_110' title="bbox 2017 5359 3579 5438">
     <span class='ocr_line' id='line_1_110' title="bbox 2017 5359 3579 5438; baseline -0.005 -15"><span class='ocrx_word' id='word_1_764' title='bbox 2017 5367 2215 5423; x_wconf 89' lang='lat' dir='ltr'><strong>Dentes</strong></span> <span class='ocrx_word' id='word_1_765' title='bbox 2239 5366 2328 5421; x_wconf 90' lang='lat' dir='ltr'><strong>hic</strong></span> <span class='ocrx_word' id='word_1_766' title='bbox 2354 5375 2514 5421; x_wconf 90' lang='lat' dir='ltr'><strong>vocat</strong></span> <span class='ocrx_word' id='word_1_767' title='bbox 2541 5365 2930 5438; x_wconf 86' lang='lat' dir='ltr'><strong>sycophantias</strong></span> <span class='ocrx_word' id='word_1_768' title='bbox 2965 5379 3101 5433; x_wconf 89' lang='lat' dir='ltr'><strong>quas</strong></span> <span class='ocrx_word' id='word_1_769' title='bbox 3130 5361 3391 5417; x_wconf 86' lang='lat' dir='ltr'><strong>adversus</strong></span> <span class='ocrx_word' id='word_1_770' title='bbox 3417 5359 3579 5416; x_wconf 66' lang='lat' dir='ltr'><strong>Domi</strong></span> 
     </span>
    </p>
   </div>
   <div class='ocr_carea' id='block_1_111' title="bbox 2016 5458 3593 5524">
    <p class='ocr_par' dir='ltr' id='par_1_111' title="bbox 2016 5458 3593 5524">
     <span class='ocr_line' id='line_1_111' title="bbox 2016 5458 3593 5524; baseline -0.003 -11"><span class='ocrx_word' id='word_1_771' title='bbox 2016 5474 2151 5513; x_wconf 89' lang='lat' dir='ltr'><strong>num</strong></span> <span class='ocrx_word' id='word_1_772' title='bbox 2189 5466 2531 5523; x_wconf 80' lang='lat' dir='ltr'><strong>struxerunt,</strong></span> <span class='ocrx_word' id='word_1_773' title='bbox 2572 5458 2811 5512; x_wconf 82' lang='lat' dir='ltr'><strong>maxime</strong></span> <span class='ocrx_word' id='word_1_774' title='bbox 2843 5463 3023 5511; x_wconf 88' lang='lat' dir='ltr'><strong>autem</strong></span> <span class='ocrx_word' id='word_1_775' title='bbox 3046 5470 3159 5521; x_wconf 51' lang='lat' dir='ltr'><strong>,eas</strong></span> <span class='ocrx_word' id='word_1_776' title='bbox 3192 5469 3313 5524; x_wconf 67' lang='lat' dir='ltr'><strong>quae</strong></span> <span class='ocrx_word' id='word_1_777' title='bbox 3342 5468 3593 5509; x_wconf 69' lang='grc' dir='ltr'>τεευιτερ</span> 
     </span>
    </p>
   </div>
   <div class='ocr_carea' id='block_1_112' title="bbox 2015 5544 3592 5623">
    <p class='ocr_par' dir='ltr' id='par_1_112' title="bbox 2015 5544 3592 5623">
     <span class='ocr_line' id='line_1_112' title="bbox 2015 5544 3592 5623; baseline -0.006 -14"><span class='ocrx_word' id='word_1_778' title='bbox 2015 5553 2255 5609; x_wconf 89' lang='lat' dir='ltr'><strong>ctionem</strong></span> <span class='ocrx_word' id='word_1_779' title='bbox 2298 5558 2643 5623; x_wconf 81' lang='lat' dir='ltr'><strong>spectarent,</strong></span> <span class='ocrx_word' id='word_1_780' title='bbox 2673 5562 2767 5607; x_wconf 89' lang='lat' dir='ltr'><strong>aut</strong></span> <span class='ocrx_word' id='word_1_781' title='bbox 2819 5550 3009 5606; x_wconf 87' lang='lat' dir='ltr'><strong>dentes</strong></span> <span class='ocrx_word' id='word_1_782' title='bbox 3043 5547 3299 5606; x_wconf 80' lang='lat' dir='ltr'><strong>virtutem</strong></span> <span class='ocrx_word' id='word_1_783' title='bbox 3336 5544 3592 5620; x_wconf 79' lang='lat' dir='ltr'><strong>appellat,</strong></span> 
     </span>
    </p>
   </div>
   <div class='ocr_carea' id='block_1_113' title="bbox 386 5694 1910 5773">
    <p class='ocr_par' dir='ltr' id='par_1_113' title="bbox 386 5694 1910 5773">
     <span class='ocr_line' id='line_1_113' title="bbox 386 5694 1910 5773; baseline -0.001 -20"><span class='ocrx_word' id='word_1_784' title='bbox 386 5698 431 5733; x_wconf 78' lang='grc'><strong>⁸³</strong></span> <span class='ocrx_word' id='word_1_785' title='bbox 462 5697 622 5757; x_wconf 79' lang='lat' dir='ltr'><strong>Rom.</strong></span> <span class='ocrx_word' id='word_1_786' title='bbox 662 5712 798 5764; x_wconf 83' lang='lat' dir='ltr'><strong>vm,</strong></span> <span class='ocrx_word' id='word_1_787' title='bbox 828 5694 921 5749; x_wconf 72' lang='lat'><strong>2|.</strong></span> <span class='ocrx_word' id='word_1_788' title='bbox 1002 5695 1122 5729; x_wconf 67' lang='grc' dir='ltr'><strong>’Μ’</strong></span> <span class='ocrx_word' id='word_1_789' title='bbox 1151 5696 1308 5752; x_wconf 69' lang='lat' dir='ltr'><strong>toan.</strong></span> <span class='ocrx_word' id='word_1_790' title='bbox 1344 5713 1427 5764; x_wconf 77' lang='grc' dir='ltr'>ιιι,</span> <span class='ocrx_word' id='word_1_791' title='bbox 1452 5697 1509 5751; x_wconf 79' lang='grc'><strong>2.</strong></span> <span class='ocrx_word' id='word_1_792' title='bbox 1536 5769 1540 5773; x_wconf 16' lang='grc'><strong><em>4</em></strong></span> <span class='ocrx_word' id='word_1_793' title='bbox 1586 5699 1631 5732; x_wconf 82' lang='grc'><strong>⁸⁵</strong></span> <span class='ocrx_word' id='word_1_794' title='bbox 1661 5695 1853 5753; x_wconf 86' lang='lat' dir='ltr'><strong>Matth.</strong></span> <span class='ocrx_word' id='word_1_795' title='bbox 1884 5712 1910 5751; x_wconf 67' lang='grc' dir='ltr'>ι</span> 
     </span>
    </p>
   </div>
   <div class='ocr_carea' id='block_1_114' title="bbox 2018 5694 2659 5773">
    <p class='ocr_par' dir='ltr' id='par_1_114' title="bbox 2018 5695 2659 5767">
     <span class='ocr_line' id='line_1_114' title="bbox 2018 5695 2659 5767; baseline -0.008 -13"><span class='ocrx_word' id='word_1_796' title='bbox 2018 5738 2024 5762; x_wconf 77' lang='lat'><strong>,</strong></span> <span class='ocrx_word' id='word_1_797' title='bbox 2061 5696 2145 5755; x_wconf 85' lang='lat' dir='ltr'><strong>I6.</strong></span> <span class='ocrx_word' id='word_1_798' title='bbox 2218 5695 2459 5767; x_wconf 82' lang='lat' dir='ltr'><strong>_&quot;‘Joan.</strong></span> <span class='ocrx_word' id='word_1_799' title='bbox 2491 5712 2571 5763; x_wconf 85' lang='grc' dir='ltr'>ιιι,</span> <span class='ocrx_word' id='word_1_800' title='bbox 2607 5696 2659 5762; x_wconf 70' lang='lat'><strong>2,</strong></span> 
     </span>
    </p>
   </div>
  </div>
