3976 6220
416 272 524 328 265

1249 275 1308 331 s.
1347 242 1721 330 ATHANASll
1759 272 1909 328 opp.
1946 269 2129 326 PARS
2167 268 2254 324 ιιι.
2294 298 2366 310 -
2402 268 2816 327 exeamus.

3547 269 3655 324 264

418 386 545 454 quia
583 388 799 442 leonum
835 390 918 444 vis
950 388 1002 442 in
1031 387 1283 443 dentibus
1306 396 1410 443 est.
1443 387 1525 440 Ad
1570 387 1793 441 nihilum
1838 389 1987 438 dere-

2108 398 2194 444 ην,
2219 382 2404 452 ἐπειδὴ
2447 382 2555 435 τῶν
2603 381 2830 436 λεόντων
2872 380 2932 433 ἐν
2972 382 3084 443 τοῖς
3109 379 3316 434 ὀδοῦσιν
3346 381 3379 453 ἡ
3406 380 3653 451 δύναμις-

418 479 561 531 nient
586 487 835 549 tanquam
875 496 1011 551 aqua
1114 479 1415 534 decurrens.
1468 478 1871 547 Despicabiles,
1903 477 1988 530 in-

418 569 555 636 quit,
606 578 783 635 erunt,
819 570 1043 639 perinde
1086 580 1248 640 atque
1276 570 1445 624 cllusa
1485 584 1623 642 aqua
1654 582 1990 638 prorsusque

420 658 644 717 inutiiis.
709 659 948 717 Intendet
996 680 1178 716 arcum
1231 679 1385 716 suum
1427 663 1589 715 donec
1630 661 1985 731 inﬁrmentur.

418 750 618 805 Arcum
651 753 739 809 hic
770 764 923 809 vocat
955 755 1276 810 sententiam
1309 768 1472 824 quam
1509 755 1562 807 iu
1593 755 1780 808 divino
1816 754 1990 808 tribu-

418 843 527 895 nali
550 844 759 900 laturus
777 854 878 900 est.
909 844 1038 899 Illud
1068 846 1465 909 autem,donec,
1500 861 1618 915 pro,
1639 855 1711 910 et,
1737 847 1900 914 jacet,
1930 855 1990 901 ut

420 937 685 990 sententia
723 938 813 1000 sit,
842 948 890 991 et
913 939 1345 1006 inﬁrmabuntur.
1380 936 1736 1007 Super-cecidit
1771 939 1905 1008 ignis
1938 947 1987 993 et

420 1040 521 1077 non
534 1027 768 1080 viderunt
787 1028 968 1084 solent.
991 1030 1198 1099 lnjecti,
1218 1031 1412 1098 inquit,
1432 1031 1484 1082 in
1507 1030 1684 1098 ignem
1702 1038 1984 1094 aeternum,

419 1115 585 1167 sulem
615 1117 839 1185 justitiae
865 1137 970 1174 non
993 1122 1261 1175 viderunt.
1282 1119 1474 1174 Simile
1494 1128 1675 1175 autem
1710 1129 1795 1175 est
1821 1121 1984 1176 illud:

2102 472 2715 540 Ἐξουδενωθήσονται
2752 472 2893 527 ὡσεὶ
2939 472 3095 540 ὕδωρ
3137 472 3654 541 διαπορευόμενον.

2087 563 2582 636 Εὐκαταφρόνητοι,
2622 564 2804 635 φησιν,
2834 563 3042 616 ἔσονται
3074 562 3223 615 ὕδατι
3264 563 3660 634 παραπλησίως

2088 655 2465 725 ἐσκεδασμένῳ
2514 656 2608 708 καὶ
2653 654 2930 718 παντελῶς
2978 656 3251 725 ἀχρήστῳ.
3283 653 3540 709 Ἐντενεῐ
3589 653 3659 706 τὸ

2086 745 2265 810 τόξον
2293 745 2478 799 αὐτοῦ
2518 745 2628 812 ἕως
2671 741 2741 801 οὗ
2785 744 3187 811 ἀσθενήσωσι.
3222 743 3383 810 Τὸξον
3429 747 3486 797 ὲν
3538 743 3659 796 τού-

2085 852 2198 897 τοις
2228 835 2325 906 τὴν
2356 835 2628 903 ἀπόφασιν
2659 835 2756 907 τὴν
2790 837 2847 888 ἐν
2872 834 2949 905 τῷ
2974 834 3102 905 θείῳ
3133 834 3335 904 βήματι
3367 833 3660 905 γενησομέ-

2086 944 2184 999 νην
2215 926 2364 998 φησί.
2396 909 2478 979 ⁸Τὸ
2507 927 2584 991 δὲ,
2610 927 2720 993 ἕως
2756 924 2849 993 οὗ,
2884 928 3004 981 ἀντὶ
3037 926 3152 991 τοῦ,
3179 928 3298 989 καὶ,
3327 930 3498 980 κεῖται
3524 944 3537 957 ·
3571 928 3659 980 ἵνα

2086 1012 2142 1090 ᾖ,
2177 1019 2273 1071 καὶ
2299 1018 3003 1084 ἀσθενήσουσιν.Ἕπεσε
3045 1019 3111 1070 τὸ
3160 1017 3278 1086 πῦρ
3303 1017 3394 1070 ἐπ’
3414 1017 3655 1083 αὐτοὺς,

2086 1109 2189 1161 καὶ
2229 1111 2339 1163 οὐκ
2380 1106 2544 1163 εἶδον
2579 1110 2685 1163 τὸν
2713 1108 3328 1180 ἧλιον.Ἐμ6ληθέντες,
3363 1109 3542 1179 φησιν,
3577 1110 3658 1172 εἰς

2087 1200 2146 1253 τὸ
2189 1200 2300 1273 πῦρ
2347 1201 2408 1254 τὸ
2452 1200 2688 1263 αἰώνιον,
2720 1201 2816 1271 τῆς
2847 1201 3192 1272 δικαιοσύνης
3235 1202 3325 1255 τὸν
3368 1201 3519 1273 ἥλιον
3555 1200 3656 1252 οὐκ

2090 1291 2625 1364 ὲθεάσαντο.”ομοιον
2648 1293 2704 1346 δὲ
2731 1293 2789 1346 τό
2808 1310 2821 1324 ·
2852 1292 3099 1362 Ἄρθήτω
3120 1297 3153 1349 ό
3173 1293 3415 1362 ἀσεϐὴς,
3445 1295 3545 1347 ἵνα
3566 1294 3654 1364 μὴ

2090 1381 2189 1450 ἴδῃ
2220 1382 2336 1451 τὴν
2366 1381 2554 1447 δόξαν
2577 1384 2817 1451 Κυρίου.

2158 1472 2278 1539 Πρό
2324 1473 2430 1526 τοῦ
2459 1473 2732 1527 συνιέναι
2767 1473 2875 1540 τὰς
2908 1473 3171 1542 ἀκάνθας
3207 1474 3371 1545 ὑμῶν
3403 1475 3516 1544 τὴν
3546 1477 3657 1545 ῥά-

421 1198 662 1257 Τοίίαιιιι-
682 1208 896 1278 impius,
916 1219 971 1263 ut
1002 1226 1105 1263 non
1126 1209 1296 1264 videat
1327 1209 1553 1279 gloriam
1576 1209 1791 1265 Domini
1810 1211 1875 1266 ⁸⁷.

492 1472 577 1527 10.
620 1473 946 1544 Priusquam
988 1476 1333 1547 intelligerent
1392 1479 1558 1548 spina:
1600 1478 1986 1534 vestrcerham—

416 1579 559 1619 num.
604 1564 887 1622 Rhamnus
918 1576 999 1622 est
1047 1570 1270 1638 spinosa
1316 1570 1500 1636 arbor,
1532 1569 1775 1640 loquitur
1799 1578 1982 1624 autem

2108 1579 2256 1616 ινον.
2300 1561 2531 1634 Ῥάμνος
2565 1563 2871 1628 ἀκανθῶδες
2903 1565 3087 1634 φυτόν.
3115 1565 3349 1635 Λέγειδέ
3370 1566 3460 1619 τὸν
3488 1566 3657 1623 ἀκάν-

414 1654 481 1708 de
507 1658 691 1724 spinea
717 1672 943 1713 corona.
982 1658 1331 1730 Priusquam,
1361 1660 1456 1722 ait,
1490 1642 1792 1730 augeantur
1820 1662 1987 1730 spinae

2108 1655 2229 1707 ltvov
2279 1656 2557 1723 στέφανον.
2592 1657 2748 1727 Πρὶν,
2784 1657 2965 1728 φησιν,
3002 1657 3229 1729 αὐξῆσαι
3274 1658 3371 1722 τὰς
3419 1659 3658 1724 ἀκάνθας

414 1755 623 1808 vestrae.
659 1748 712 1802 id
756 1758 838 1803 est
873 1757 1097 1818 peccata
1126 1759 1329 1815 vestra,
1354 1760 1409 1805 et
1445 1752 1711 1806 rhamnus
1751 1751 1902 1819 ﬁant,
1930 1752 1984 1806 id

2108 1746 2258 1815 υμῶν,
2292 1747 2536 1799 τουτέστι
2572 1747 2671 1811 τὰς
2702 1749 2997 1820 ἁμαρτίας,
3025 1750 3120 1803 καὶ
3147 1749 3398 1818 γενέσθαι
3431 1752 3654 1821 ῥάμνον,

413 1847 497 1893 est
536 1839 879 1895 elllorescant
915 1849 969 1896 et
1001 1841 1236 1898 fructum
1281 1842 1491 1908 ierant,
1520 1843 1737 1899 invadet
1772 1859 1872 1901 vos
1905 1845 1986 1899 ira

412 1931 618 1987 divina.

489 2024 578 2088 ll,
605 2024 686 2077 l2.
703 2022 997 2079 Laetabitur
1011 2025 1192 2095 justus
1212 2042 1330 2079 cum
1352 2026 1540 2081 viderit
1561 2027 1866 2105 vindictam.
1890 2025 1987 2082 Ju-

414 2115 505 2181 sti,
534 2114 731 2186 inquit,
750 2131 874 2171 cum
892 2117 1119 2172 emcdio
1143 2117 1384 2174 sublatos
1402 2117 1679 2188 improbos
1708 2104 1985 2173 «lanienas

412 2214 662 2275 tempore
688 2207 819 2276 justi
846 2208 1041 2278 judicii
1070 2208 1426 2277 conspicient,
1446 2209 1513 2263 de
1536 2209 1687 2279 justo
1722 2210 1814 2265 Dei
1836 2209 1986 2280 judi-

411 2295 499 2349 cio
548 2298 878 2364 gaudebunt.
935 2297 1074 2364 Quia
1121 2300 1327 2354 scilicet
1366 2298 1573 2352 innosii
1600 2297 1798 2368 reperti
1837 2307 1983 2362 sunt,

412 2395 574 2454 atque
596 2387 752 2442 liberi
782 2404 813 2442 a
846 2390 1112 2460 supplicio
1140 2405 1238 2460 pro
1276 2401 1453 2446 morte
1505 2389 1816 2459 inﬂigendo.
1850 2389 1986 2444 Illud

411 2481 579 2547 enim,
606 2481 823 2547 Iuvabit,
844 2483 909 2537 de
932 2483 1221 2538 innocente
1242 2484 1637 2553 accipiendum,
1656 2484 1810 2553 juxta
1829 2481 1983 2546 illud,

412 2569 621 2624 Lavubo
661 2575 799 2626 inter
850 2575 1147 2629 innocentes
1190 2590 1376 2628 manus
1429 2591 1569 2629 meas
1585 2574 1664 2650 ⁸⁸..
1690 2572 1878 2645 Utique
1906 2581 1986 2628 est

413 2660 553 2715 Deus
589 2662 839 2731 judicans
877 2683 964 2719 eos
995 2667 1050 2720 in
1075 2678 1236 2720 terra.
1268 2665 1403 2721 Illud
1448 2667 1628 2737 utique
1668 2681 1766 2736 pro
1807 2682 1986 2724 revera

413 2754 649 2821 positum
673 2766 776 2811 est.
809 2757 1012 2827 Utique
1041 2767 1124 2814 eSt
1152 2759 1296 2813 Deus
1331 2759 1588 2829 judicans
1634 2773 1748 2813 eos.
1795 2756 1979 2812 Conli-

412 2849 615 2910 tentur,
650 2859 777 2900 vere
800 2845 1012 2915 justum
1044 2863 1166 2903 esse
1185 2847 1452 2919 judicium
1475 2847 1572 2904 Dei
1594 2848 1652 2902 in
1674 2862 1769 2903 eos
1790 2847 1982 2903 latum.

2086 1838 2206 1890 ἀντ“ι
2234 1836 2328 1891 τοῦ
2368 1838 2657 1909 ἐξανθῆσαι
2688 1840 2781 1893 καὶ
2809 1845 3247 1914 καρποφορῆσαι,
3277 1842 3658 1915 μετελεύσεται

2087 1930 2229 2000 ὑμᾶς
2266 1930 2298 2001 ἠ
2334 1928 2451 1982 θεία
2484 1929 2643 2001 ὀργή.

2153 2020 2647 2091 Εὐφρανθήσεται
2695 2021 2944 2090 δίκαιος,
2994 2023 3138 2078 ὅταν
3180 2024 3277 2094 ἴδῃ
3323 2025 3657 2094 ἐκδίκησιν.

2086 2114 2149 2166 Ol
2179 2112 2397 2177 δίκαιοι,
2434 2113 2619 2185 φησιν,
2653 2116 2718 2167 ἐκ
2749 2115 2911 2186 μέσου
2937 2116 3289 2186 γιγνομένους
3314 2117 3438 2180 τοὺς
3466 2116 3659 2188 ἀλιτη-

2090 2203 2234 2274 ρίους
2261 2202 2520 2275 θεώμενοι
2550 2204 2806 2275 δαίμονας
2843 2207 2981 2260 κατὰ
3020 2207 3109 2260 τὸν
3141 2207 3239 2277 τῆς
3265 2207 3659 2278 δικαιοκρισίας
3711 2222 3715 2227 ·

2086 2294 2294 2367 καιρὸν,
2326 2296 2418 2348 ἐπὶ
2461 2295 2537 2367 τῷ
2577 2296 2767 2368 δικαίῳ
2810 2298 3037 2369 κρίματι
3067 2298 3160 2353 τοῦ
3187 2299 3320 2353 Θεοῦ
3351 2298 3659 2372 εὐφρανθή-

2088 2402 2299 2440 σονται·
2339 2387 2434 2441 ἆτε
2475 2387 2538 2459 δὴ
2586 2387 2752 2441 ἁθῶοι
2800 2389 2952 2442 αὐτοὶ
2997 2389 3306 2461 εὑρεθέντες
3336 2392 3434 2461 τῆς
3462 2391 3554 2443 ἐπὶ
3578 2389 3658 2461 τῷ

2086 2475 2300 2548 Θανάτῳ
2342 2477 2632 2543 κολάσεως.
2664 2479 2738 2532 Τὸ
2761 2479 2891 2552 γὰρ,
2919 2482 3178 2548 νίψεται,
3211 2481 3302 2534 ἐπὶ
3344 2479 3438 2533 τοῦ
3480 2480 3654 2534 aenos

2084 2567 2313 2640 ληπτέον
2345 2568 2484 2622 κατὰ
2515 2570 2604 2623 τό·
2633 2571 2891 2639 Νίψομαι
2942 2571 3011 2624 ἐν
3058 2570 3270 2637 ἀθώοις
3303 2572 3411 2637 τὰς
3455 2571 3660 2641 χεῖράς

2078 2676 2216 2729 μου.
2229 2662 2367 2729 Ἄρα
2406 2661 2578 2715 ἐστίν
2608 2664 2642 2716 ό
2672 2663 2814 2728 Θεὸς
2852 2662 3070 2730 κρίνων
3096 2662 3315 2728 αὐτοὺς
3344 2663 3412 2715 ἐν
3442 2662 3517 2730 τῇ
3557 2661 3655 2731 γῇ.

2084 2749 2129 2800 Τ
2131 2748 2178 2813 ὸ,
2203 2748 2334 2818 ἄρα,
2362 2752 2483 2804 ἀντὶ
2508 2749 2624 2816 τοῦ,
2646 2750 2852 2817 ὄντως,
2878 2752 3284 2825 τέθειται.¹Ἀρα
3305 2753 3449 2806 ἐστὶν
3472 2756 3499 2806 6
3522 2752 3661 2816 Θεὸς

2085 2840 2285 2911 κρίνων
2332 2842 2546 2907 αὐτούς.
2574 2842 2943 2913 Ὀμολογοῦσι,
2993 2844 3175 2914 φησὶν,
3225 2842 3391 2906 ὅντως
3441 2842 3657 2896 δικαίαν

2085 2932 2349 3005 ὑπάρχειν
2404 2934 2502 3006 τὴν
2552 2936 2638 2989 ἐπ’
2667 2935 2845 2989 αὐτῶν
2908 2934 3275 3005 ἐξενεχθεῖσαν
3323 2935 3504 3006 κρίσιν
3556 2932 3652 2987 τοῦ

2085 3023 2241 3078 Θεοῦ.

605 3117 782 3186 ﬁnem,
822 3135 884 3173 ne
929 3120 1227 3198 disperdas,
1256 3120 1473 3190 Daoidi,
1503 3124 1558 3179 in
1599 3127 1744 3183 tituli
1796 3131 1985 3185 inscri-

2108 3117 2194 3182 Εἰς
2233 3115 2299 3169 τὸ
2327 3116 2517 3183 τέλος,
2550 3118 2635 3187 μὴ
2668 3117 3029 3187 διαφθείρῃς,
3056 3115 3136 3183 τῷ
3159 3115 3358 3180 Δαυῒδ,
3384 3118 3470 3182 εις
3509 3130 3658 3183 στη-

477 3207 726 3273 ptionem,
749 3208 959 3278 quando
984 3212 1126 3264 misit
1178 3210 1333 3279 Saul,
1364 3222 1415 3267 et
1454 3220 1735 3273 custodiuit
1778 3220 1991 3277 domum

474 3293 610 3362 ejus,
634 3304 692 3350 ut
718 3314 837 3351 eum
860 3300 1191 3368 interﬁceret.

933 3381 1273 3441 PSALMUS
1306 3386 1530 3445 LVIII.

1007 3478 1408 3547 Argumentum.

413 3554 603 3612 Livore
628 3559 683 3614 in
717 3558 971 3617 Davidem
1006 3565 1202 3623 ductus
1245 3568 1396 3634 Saul,
1442 3573 1657 3628 etiamsi
1701 3575 1977 3631 beneﬁcus

485 3650 588 3704 sibi
630 3662 763 3717 erat,
792 3656 1071 3724 quaerebat
1105 3658 1410 3716 interﬁcere
1434 3677 1579 3727 eum,
1613 3666 1773 3720 modo
1801 3666 1987 3736 ejacu-

484 3740 603 3807 lans
629 3743 681 3796 in
705 3759 829 3800 eum
862 3748 1072 3802 hastam
1097 3750 1161 3816 ⁸⁸,
1181 3752 1342 3806 modo
1366 3753 1624 3810 obsidens
1653 3759 1708 3811 in
1737 3757 1980 3812 domo".

484 3829 738 3889 Refertur
770 3846 950 3893 autem
980 3840 1049 3895 ad
1083 3856 1375 3910 personam
1408 3844 1742 3914 Salvator-is,
1772 3850 1863 3918 qui
1896 3850 1981 3902 in-

474 3932 691 3990 gratum
715 3923 968 3982 lsraelem
992 3929 1271 3984 beneﬁciis
1292 3931 1492 4000 all'ecit,
1515 3934 1672 4003 cujus
1693 3922 1983 4005 personam

478 4012 688 4069 ferebat
734 4015 886 4083 Saul,
929 4019 1140 4075 insidiis
1189 4030 1371 4076 autem
1425 4023 1545 4093 ejus
1579 4027 1854 4095 appetitus
1877 4041 1980 4084 est.

479 4102 814 4161 Praanuntiat
833 4124 1051 4179 quoque
1076 4112 1321 4165 omnium
1347 4115 1589 4182 gentium
1614 4118 1978 4185 vocationem,

473 4195 646 4263 ejecto
668 4198 916 4254 videlicet
939 4202 1008 4254 ob
1036 4201 1370 4285 impietatem
1400 4203 1620 4274 lsraele,
1648 4208 1716 4262 ab
1740 4224 1806 4264 eo
1832 4210 1979 4279 quod

477 4287 775 4339 secundum
799 4286 969 4341 Deum
995 4298 1076 4342 est
1102 4290 1227 4344 vitae
1253 4291 1523 4347 instituto.

474 4373 530 4427 2.
569 4374 729 4446 Eripe
770 4394 851 4431 me
891 4380 954 4432 de
989 4381 1220 4435 inimicis
1256 4384 1404 4450 meis,
1433 4383 1574 4438 Deus
1609 4401 1771 4440 meus.
1805 4386 1979 4456 Rogat

413 4466 483 4517 ab
504 4465 741 4523 inimicis
762 4484 886 4523 cum
912 4471 1265 4527 seusibilibus
1285 4481 1399 4528 tum
1423 4474 1798 4544 spiritualibus
1820 4476 1976 4547 eripi.

406 4556 498 4612 Isti
525 4558 671 4612 enim
702 4560 888 4630 iniqua
917 4571 1142 4631 agentes
1169 4563 1486 4620 invidebant
1511 4566 1632 4637 ipsi.

475 4745 529 4802 5.
566 4745 746 4818 Neque
783 4749 1038 4820 iniquitas
1080 4766 1219 4816 mea,
1262 4768 1426 4823 neque
1468 4760 1739 4822 peccatum
1778 4768 1972 4820 meum,

406 4837 645 4892 Domine.
676 4837 864 4895 Simile
896 4842 972 4895 illi
999 4849 1121 4897 est:
1156 4842 1295 4907 Quia
1334 4845 1670 4914 iniquitatem
1698 4859 1796 4897 non
1823 4844 1969 4912 fecit,

406 4946 566 5000 neque
594 4931 830 4987 inventus
860 4945 936 4988 est
963 4935 1118 4989 dolus
1146 4937 1205 4989 in
1232 4953 1319 4989 ore
1346 4937 1458 5007 ejus
1482 4938 1549 4992 “.

481 5023 535 5077 6.
561 5023 779 5078 Intende
808 5027 876 5078 ad
904 5028 1194 5082 visitandas
1221 5044 1396 5081 omnes
1429 5037 1621 5098 gentes.
1646 5027 1820 5101 Rogat
1846 5045 1972 5085 con-

2163 3209 2513 3278 λοπραφίαν,
2556 3211 2734 3263 ὁπότε
2774 3210 3092 3264 ἀπέστειλε
3131 3208 3349 3269 Σαοὺλ,
3376 3207 3471 3261 καὶ
3509 3206 3657 3275 ἐφύ-

2160 3299 2309 3364 λαξε
2350 3299 2456 3353 τὸν
2486 3295 2655 3355 οἷκον
2691 3301 2897 3366 αὑτοῦ,
2938 3300 3043 3354 τοῦ
3079 3299 3413 3355 θανατῶσαι
3449 3298 3655 3352 αὐτόν.

2663 3394 2971 3445 ΨΑΛΜΟΣ
2993 3392 3132 3445 ΝΗ¹.

2714 3480 3037 3546 Ύπόθεσις.

2087 3570 2459 3642 Διαφθονήσας
2490 3589 2565 3643 τῳ
2595 3571 2754 3626 Δαυῒδ
2775 3575 2804 3626 6
2829 3572 3019 3636 Σαοὺλ,
3052 3571 3226 3625 καίτοι
3252 3570 3547 3642 εὐεργέτην
3565 3569 3657 3625 ὅν-

2156 3681 2242 3730 τα,
2261 3665 2440 3737 ἐζήτει
2466 3665 2803 3728 ἀποκτεῖναι,
2839 3664 2967 3718 ποτὲ
3000 3664 3097 3734 μὲν
3124 3662 3418 3726 ἀκοντίζων
3441 3663 3501 3715 τὸ
3526 3661 3654 3733 δόρυ

2155 3761 2278 3813 κατ’
2304 3758 2491 3823 αὐτοῦ,
2522 3759 2651 3812 ποτέ
2674 3757 2729 3809 δὲ
2755 3757 2813 3809 ὲν
2832 3755 2909 3826 τῷ
2934 3756 3065 3826 οἴκῳ
3087 3753 3451 3825 ἐκπολιορκῶν
3467 3753 3652 3807 αὐτόν.

2170 3849 2521 3922 Ἀναφέρεται
2565 3848 2623 3901 δὲ
2669 3849 2748 3911 είς
2799 3847 3085 3918 πρόσωπον
3129 3844 3219 3899 τοῦ
3255 3844 3524 3916 Σωτῆρος,
3559 3842 3653 3897 τιῦ

2153 3940 2567 4013 εὐεργετοῦντος
2603 3939 2699 4009 μὲν
2738 3937 2828 3991 τὸν
2857 3938 3146 4009 ἀχάριστον
3188 3934 3419 4007 Ἰσραὴλ,
3454 3928 3514 3988 οὗ
3561 3935 3656 3987 καὶ

2152 4034 2443 4105 πρόσωπον
2466 4028 2611 4103 εἶχεν
2638 4032 2667 4083 6
2692 4029 2883 4093 Σαοὺλ,
2919 4027 3397 4098 ἐπιϐουλευομένου
3430 4025 3485 4079 δὲ
3520 4025 3652 4097 παρ’

2155 4124 2338 4178 αὐτοῦ,
2367 4122 2788 4192 Εὑαγγελίζεται
2818 4120 2877 4174 δὲ
2907 4119 3001 4173 καὶ
3030 4118 3127 4190 τὴν
3154 4117 3261 4170 τῶν
3294 4116 3464 4169 ἐθνῶν
3489 4112 3655 4169 ἁπάν-

2150 4230 2258 4267 των
2289 4212 2500 4283 κλῆσιν,
2533 4209 2929 4282 ἐκὸαλλομένου
2959 4207 3197 4279 δηλονότι
3224 4205 3311 4262 διὰ
3333 4204 3431 4277 τὴν
3459 4202 3649 4257 δυσσέ-

2150 4303 2301 4357 ϐειαν
2325 4304 2422 4374 τῆς
2455 4303 2596 4357 κατὰ
2620 4302 2752 4357 Θεὸν
2784 4301 3058 4365 πολιτείας
3078 4299 3172 4353 τοῦ
3201 4299 3437 4369 Ἰσραήλ.

2163 4391 2403 4456 Ἐξέλου
2429 4410 2507 4462 με
2532 4392 2601 4446 ἐκ
2634 4392 2751 4445 τῶν
2771 4388 3000 4461 ἐχθρῶν
3030 4406 3168 4459 μου,
3200 4391 3233 4442 ὀ
3275 4387 3436 4450 Θεός.
3476 4379 3649 4452 Εὔχε-

2081 4498 2169 4537 ται
2198 4482 2472 4554 αίσθητῶν
2515 4500 2575 4536 τε
2616 4483 2711 4536 καὶ
2761 4481 2967 4552 νοητῶν
3017 4479 3389 4546 ἀπαλλαγῆναι
3417 4471 3647 4543 ἐχθρῶν.

2081 4568 2240 4628 Οὗτοι
2281 4573 2391 4646 γὰρ
2418 4573 2481 4646 δὴ
2522 4574 2698 4646 ἄνομα
2731 4572 3094 4644 πραττόμενοι
3121 4568 3375 4638 ἐφθόνουν
3408 4564 3526 4617 κατ’
3553 4562 3651 4615 αὐ-

2076 4684 2169 4720 του
2178 4709 2191 4723 .

2151 4757 2299 4812 Οὔτε
2320 4758 2357 4825 ἡ
2374 4757 2590 4825 ἀνομία
2609 4773 2752 4826 μου,
2777 4755 2914 4809 οὔτε
2940 4754 2978 4821 ἠ
3006 4751 3256 4822 ἁμαρτία
3282 4767 3422 4820 μου.
3447 4749 3645 4816 Κύριε.

2077 4845 2302 4915 Ὅμοιον
2317 4843 2395 4915 τῷ
2417 4862 2430 4875 ·
2452 4845 2571 4896 Ὅτι
2597 4844 2854 4913 ἀνομίαν
2871 4845 2981 4897 οὐκ
2997 4842 3300 4908 ἐποίησεν,
3323 4837 3463 4892 οὐδὲ
3489 4838 3645 4906 εὐρέ-

2076 4936 2148 5001 θη
2187 4932 2369 4999 δόλος
2394 4934 2464 4987 ἐν
2489 4933 2570 4999 τῷ
2599 4936 2846 5003 στόματι
2878 4933 3083 4986 αὑτοῦ.

2147 5025 2417 5094 Πρόσχες
2471 5024 2576 5078 τοῦ
2625 5023 3065 5092 ἐπισκέψασθαι
3112 5020 3307 5075 πάντα
3354 5020 3425 5073 τὰ
3475 5019 3640 5087 ἔθνη.

404 5116 538 5170 verti
572 5116 637 5170 ad
667 5116 873 5171 Christi
916 5118 1074 5173 (idem
1117 5120 1452 5185 idololatras,
1481 5133 1534 5175 et
1563 5121 1683 5192 ejici
1716 5122 1966 5178 lsraelem

2108 5114 2303 5187 ἰῦχεται
2355 5114 2690 5186 ἐπιστροφὴν
2733 5114 2984 5183 γενέσθαι
3030 5115 3120 5167 ἐπὶ
3167 5114 3266 5185 τὴν
3304 5114 3386 5177 είς
3410 5112 3642 5182 Χριστὸν

406 5206 478 5260 ob
521 5207 865 5277 iniquitatem
909 5224 1088 5264 suam.
1129 5209 1211 5263 Ne
1251 5212 1550 5265 miserearis
1594 5214 1831 5266 omnibus
1878 5216 1969 5284 qui

2108 5208 2254 5260 πίστιν
2272 5208 2378 5260 τῶν
2395 5206 2813 5275 εἰδωλολατρῶν,
2837 5205 3104 5276 ἀποϐολὴν
3131 5205 3188 5259 δὲ
3210 5204 3303 5258 τοῦ
3320 5204 3536 5276 Ἰσραὴλ
3558 5204 3642 5258 διὰ

404 5306 685 5363 operantur
741 5298 1092 5367 iniquitatem.
1142 5296 1519 5353 Convertentnr
1559 5304 1627 5354 ad
1680 5318 1962 5371 vesperam.

2108 5296 2169 5368 ὴν
2206 5297 2431 5368 ἀνομίαν
2471 5298 2669 5350 αὐτῶν.
2704 5296 2799 5363 Μὴ
2840 5296 3214 5363 οἱκτειρήσῃς
3243 5295 3472 5361 πάντας
3502 5295 3642 5360 τοῖος

404 5385 638 5439 Causam
667 5387 800 5442 dicit
832 5404 931 5442 cur
963 5398 1211 5458 precetur
1241 5398 1299 5443 ut
1328 5405 1434 5444 non
1482 5392 1842 5447 misereantur
1865 5392 1964 5451 eis.

2108 5388 2491 5459 ργαζομένους
2533 5389 2650 5455 τὴν
2691 5390 2962 5458 ἀνομίαν.
3021 5386 3513 5456 Ἐπιστρέςρουσιν
3555 5388 3640 5450 εις

403 5472 584 5531 Causa
610 5491 739 5531 vero
766 5487 851 5533 est
880 5480 1008 5548 quia
1046 5479 1508 5549 conspirationem
1546 5483 1810 5538 adversus
1844 5482 1967 5538 Sal-

2108 5479 2353 5549 σπέραν.
2403 5480 2512 5551 Τὴν
2558 5480 2737 5534 αἰτίαν
2776 5481 2909 5550 φησι
2948 5480 3014 5533 δι’
3056 5475 3125 5552 ἦς
3175 5479 3249 5551 μὴ
3281 5476 3635 5551 οἰκτείρεσθαι

477 5653 523 5685 ⁸⁷
555 5652 661 5709 Isa.
693 5671 843 5722 xxvr,
869 5655 935 5709 l0
966 5671 1075 5713 sec.
1095 5655 1255 5711 LXX.
1318 5612 1532 5714 "'Psal.
1564 5675 1689 5725 xxv,
1723 5660 1774 5714 6.
1852 5656 2091 5732 “lReg.
2118 5674 2233 5724 xu,
2267 5657 2354 5711 10.
2430 5659 2476 5692 ’⁸
2511 5658 2635 5712 ibid.
2670 5658 2754 5724 l5,
2787 5657 2872 5713 16.
2947 5658 2989 5690 "
3021 5657 3037 5711 l
3068 5656 3211 5712 Petr.
3251 5672 3309 5723 ll,
3336 5656 3427 5715 22.
