3976 6220
250 350 355 406 265

1358 346 1717 405 EXPOSITIO
1757 346 1820 401 IN
1860 344 2188 401 PSALMUM
2229 344 2407 402 LVlll.

3374 343 3484 409 260

253 466 446 529 αὐτοὺς
468 462 695 535 ηὔξατο.
732 464 799 519 Ἦ
831 465 977 520 αἰτία
1004 465 1084 527 δὲ.
1113 466 1196 519 ὅτι
1229 464 1531 535 συστροφὴν
1558 461 1698 517 κατὰ
1725 460 1818 514 τοῦ

1934 471 2161 516 vatorem
2185 459 2379 517 facturi
2403 467 2577 525 erant,
2601 474 2709 529 quo
2733 466 2975 530 tempore
2997 461 3087 516 illa
3110 461 3164 515 in
3188 463 3488 520 novissimo

256 557 499 623 Σωτῆρος
542 555 868 624 ποιήσονται
908 554 1049 609 κατὰ
1085 557 1176 609 τὸν
1219 555 1410 626 καιρὸν
1442 557 1668 618 ἐκεῖνον,
1704 554 1823 608 καθ’

255 648 314 701 δν
364 645 450 698 ἐπ’
499 645 735 715 ἐσχάτου
779 647 887 702 τῶν
914 647 1135 719 ἡμερῶν
1184 648 1494 719 ἐπεδήμησε
1528 646 1604 717 τῷ
1639 647 1827 715 κόσμῳ

259 737 399 809 μετὰ
432 739 649 808 σαρκός.
682 739 793 792 Kal
820 738 1185 807 λιμὼξουσιν
1209 740 1288 804 ὡς
1315 740 1501 793 κύων·
1532 736 1826 808 λιμώξουσι

260 828 362 899 μὲν
404 827 490 880 διὰ
521 828 582 880 τὸ
630 829 705 898 μὴ
739 828 992 894 δέξασθαι
1026 830 1220 893 αὐτοὺς
1251 829 1340 882 τὸν
1368 829 1531 900 ἄρτον
1574 828 1664 882 τὸν
1694 828 1829 893 ζωο-

257 919 412 974 ποιόν
436 938 448 948 ·
478 919 647 981 κύνας
686 919 743 972 δὲ
771 920 966 983 αὐτοὺς
992 921 1082 974 διὰ
1126 922 1188 973 τὸ
1226 921 1438 983 ἀναιδὲς
1471 918 1826 989 κατονομάζει

257 1012 355 1081 τῆς
376 1011 574 1081 ψυχῆς.
610 1010 683 1063 Τὸ
719 1011 775 1064 δέ
796 1026 809 1040 ·
837 1012 1236 1066 Κυκλώσουσι
1265 1012 1465 1075 πόλιν,
1507 1012 1586 1064 ὃτι
1618 1010 1703 1081 δὴ,
1731 1011 1827 1064 ἐκ·

256 1102 519 1165 πεσόντες
562 1102 663 1171 τῆς
709 1102 963 1172 πατρίδος
994 1103 1179 1173 νόμοις
1221 1120 1280 1155 τε
1326 1102 1620 1172 βασιλικοῖς
1646 1100 1825 1172 εἰργό-

258 1208 412 1261 μενοι
466 1191 671 1260 αὑτῆς,
724 1190 919 1257 ἔξωθεν
972 1190 1155 1262 κύκλῳ
1212 1190 1621 1262 περιέρχονται,
1678 1191 1829 1261 μόλις

258 1282 533 1354 μακρόθεν
564 1283 724 1336 ποθὲν
755 1282 921 1353 αὐτὴν
950 1283 1232 1355 θεώμενοι.

338 1367 486 1423 Ἰδοὺ
518 1370 686 1423 αὐτοὶ
718 1369 1191 1441 ἀποφθέγξονται
1222 1371 1291 1424 ἐν
1332 1370 1411 1437 τῷ
1445 1372 1691 1441 στόματι
1720 1373 1819 1424 αὺ-

254 1459 394 1514 τῶνι
435 1461 582 1514 Ἀντὶ
630 1461 746 1527 τοῦ,
782 1462 1254 1533 βλασφημήσουσι.
1303 1462 1414 1516 Καὶ
1450 1463 1715 1532 ῥομφαία
1760 1463 1830 1514 ἐν

252 1552 381 1616 τοῖς
408 1554 683 1620 χείλεσιν
713 1553 930 1607 αὐτῶν.
965 1554 1057 1607 Td'
1092 1551 1251 1622 Αἶρε,
1284 1550 1412 1622 αἶρε
1432 1594 1445 1617 ,
1476 1554 1828 1621 σταύρωσον

253 1646 461 1698 αὐτόν.
490 1646 598 1699 Καὶ
627 1644 730 1710 σὺ,
760 1647 954 1715 Κύριε,
992 1646 1292 1717 ἐκγελάσῃ
1321 1646 1820 1713 αὐτούς.·Ἐ6λασ-

256 1737 505 1807 φήμουν,
541 1737 694 1808 φησὶ,
737 1737 829 1791 καὶ
865 1738 970 1808 μὴν
1002 1739 1094 1791 καὶ
1136 1738 1296 1809 μέχρι
1332 1738 1565 1811 σταυροῦ
1598 1736 1827 1791 ἐπεϐού-

1928 553 2136 607 dierum
2168 553 2222 607 in
2258 552 2522 607 mundum
2552 567 2677 608 cum
2713 566 2877 607 carne
2925 552 3163 607 advenit.
3192 551 3263 606 Et
3293 555 3488 623 famem

1923 644 2191 712 patientur
2233 652 2291 697 ut
2321 644 2503 704 canis;
2533 640 2728 697 famem
2781 642 3001 711 quidem
3035 644 3308 712 patientur
3339 646 3486 714 quod

1924 749 2117 803 panem
2144 735 2419 789 vivilicum
2467 749 2574 788 non
2604 734 2888 803 accepturi
2938 733 3080 800 sint,
3110 750 3273 791 canes
3305 744 3485 790 autem

1927 836 2083 882 vocat
2103 827 2223 882 illos
2243 828 2313 882 ob
2336 827 2723 898 impudentiam
2747 827 2933 881 animi.
2964 826 3095 881 Illud
3118 837 3297 883 autem
3321 845 3336 883 :
3366 828 3489 884 Cir—

1926 918 2140 971 cuibunt
2163 919 2456 981 civitatem,
2490 918 2618 987 quia
2650 916 2858 972 scilicet
2891 919 3065 988 patria
3102 916 3259 986 lapsi,
3292 927 3348 988 et
3382 919 3489 972 im-

1926 1009 2198 1078 peratorio
2225 980 2449 1063 decreto
2495 980 2615 1078 ejus
2664 980 2908 1064 accessu-
2928 980 3185 1077 prohibiti
3227 980 3364 1081 (ily,
3392 992 3517 1064 ex-i

1927 1100 2196 1156 trinsecus
2242 1101 2603 1167 circumeunt,
2639 1101 2839 1171 vixque
2880 1102 3069 1170 procul
3107 1116 3228 1154 eam
3273 1101 3493 1170 conspi-

1928 1211 2049 1252 cere
2074 1205 2321 1265 possunt.

2006 1375 2129 1435 8.9.
2161 1373 2295 1429 Ecce
2310 1376 2587 1444 loquentur
2617 1375 2674 1427 in
2700 1390 2788 1428 ore
2814 1390 2930 1429 suo.
2953 1371 3122 1440 Quasi
3151 1374 3316 1442 dicat,
3347 1374 3494 1429 blas-

1927 1467 2282 1539 phemabunt.
2336 1465 2404 1521 Et
2448 1466 2739 1537 gladiusin
2770 1466 2926 1520 labiis
2952 1481 3151 1519 eorum.
3182 1464 3316 1521 Illud
3345 1466 3496 1521 scili—

1928 1568 2013 1615 cet
2041 1578 2055 1615 :
2083 1558 2251 1623 Tolle,
2287 1558 2430 1625 tolle,
2466 1559 2712 1629 cruci/ige
2757 1574 2875 1612 eum
2921 1561 2990 1612 ⁹¹.
3023 1558 3090 1613 Et
3127 1570 3205 1620 tu,
3247 1557 3493 1620 Domine,

1928 1647 2189 1706 deridebis
2228 1664 2336 1703 eos.
2376 1647 2837 1718 Blasphemabant
2858 1688 2873 1713 ,
2909 1648 3107 1718 inquit,
3137 1656 3190 1702 et
3223 1661 3400 1716 usque
3426 1645 3498 1700 ad

1928 1756 2148 1797 crucem
2201 1740 2471 1806 parabant
2522 1739 2770 1803 insidias,
2817 1739 3079 1807 dicentes,
3122 1754 3227 1794 non
3273 1738 3496 1806 conspi-

254 1827 451 1882 λευσαν
496 1828 763 1896 λέγοντες,
807 1828 883 1892 ὼς
924 1830 1021 1882 οὐκ
1048 1828 1233 1898 ὄψεται
1274 1832 1303 1883 ό
1327 1828 1458 1894 Θεὸς
1473 1810 1610 1892 τοὺς
1636 1828 1826 1898 λόγους

1934 1833 2115 1888 eienua
2162 1847 2193 1885 a
2221 1831 2333 1887 Deo
2384 1830 2503 1885 fore
2527 1830 2693 1885 verba
2744 1839 2798 1885 et
2846 1844 3010 1900 opera
3058 1831 3323 1899 ipsorum.
3389 1828 3495 1883 Sed

253 1920 349 1972 καὶ
379 1920 482 1982 τὰς
514 1921 743 1991 πράξεις
784 1919 982 1975 αὐτῶν.
1030 1922 1169 1974 Ἀλλ’
1204 1922 1252 1975 εί
1297 1922 1392 1975 καὶ
1420 1921 1589 1975 ταῦτα
1621 1922 1826 1991 διενοή-

254 2010 446 2083 θησαν,
481 2012 568 2076 σὺ,
600 2011 794 2083 Κύριε,
838 2012 990 2083 φησὶ,
1026 2014 1463 2082 καταγελάστους
1491 2015 1687 2076 αὐτοὺς
1716 2032 1821 2068 πα·-

255 2103 613 2176 ρασκευάσεις
644 2105 983 2172 ἐγγενέσθαι.
1019 2106 1246 2160 Ἐκεῖνοι
1274 2106 1374 2177 μέν
1395 2101 1487 2160 οὖν
1511 2107 1689 2161 ἐκεῖνα
1716 2106 1828 2159 τολ-

255 2193 419 2265 μῶσι,
447 2195 527 2252 ,σὺ
559 2195 617 2248 δέ
646 2195 739 2249 καὶ
763 2196 999 2263 ἀκούεις,
1030 2198 1123 2251 καὶ
1152 2196 1388 2269 βλέπεις,
1426 2199 1520 2252 καὶ
1540 2199 1703 2270 γελᾷς
1731 2200 1829 2251 αὐ-

251 2285 358 2338 τῶν
384 2285 484 2357 τὴν
513 2287 747 2357 ματαίαν
772 2288 988 2359 μανίαν.
1035 2288 1493 2355 Ἐξουδενώσεις
1521 2291 1718 2344 πάντα
1756 2290 1829 2344 τὰ

252 2376 420 2447 ἔθνη.
473 2379 554 2433 Τὰ
600 2380 767 2451 νοητὰ
816 2381 1086 2452 δηλονότι,
1131 2382 1199 2436 τὰ
1243 2384 1337 2437 καὶ
1372 2383 1568 2446 αὐτοὺς
1616 2384 1693 2446 είς
1735 2382 1828 2437 τὸν

253 2470 395 2523 κατὰ
439 2471 534 2525 τοῦ
583 2473 789 2544 Κυρίου
842 2474 1127 2546 ἐγείραντα
1168 2474 1421 2546 πόλεμον.
1480 2477 1626 2529 Ἀνω
1671 2472 1825 2528 elati-2'

252 2561 527 2632 Πρόσχες
566 2565 673 2618 τοῦ
711 2566 1157 2636 ἐπισκέψασθαι
1190 2567 1386 2622 πάντα
1419 2568 1491 2622 τὰ
1535 2570 1680 2637 ἔθνη
1701 2588 1713 2598 ·
1746 2571 1830 2622 ἐν-

251 2653 457 2707 ταῦθα’
500 2654 962 2724 Ἐξουδενὼσεις
1007 2657 1204 2712 πάντα
1250 2658 1323 2711 τὰ
1352 2658 1514 2725 ἔθνη·
1555 2658 1719 2730 πολλῇ
1762 2657 1828 2711 δι’

252 2744 373 2798 ὅλου
416 2749 483 2816 τῇ
525 2747 678 2812 τάξει
723 2748 814 2801 τοῦ
844 2750 1001 2818 λόγου
1029 2752 1125 2805 καὶ
1156 2751 1244 2805 διὰ
1282 2751 1390 2804 τῶν
1418 2753 1474 2809 ἐν
1514 2751 1662 2822 μέσῳ
1696 2769 1830 2822 χρη·

252 2837 509 2907 σάμενος.
545 2840 769 2903 Δεικνὺς
804 2841 911 2910 γὰρ
931 2881 945 2904 ,
971 2834 1051 2894 ὅτι
1083 2841 1157 2913 μὴ
1184 2842 1369 2905 ἁπλῶς
1400 2845 1540 2896 αἰτεῖ
1573 2843 1670 2914 τὴν
1708 2847 1828 2897 κατ’

253 2931 433 2985 αὐτῶν
487 2933 790 3005 τιμωρίανζ,
843 2935 1107 3007 πρότερον
1154 2936 1355 3009 ᾔτησεν
1399 2936 1603 2990 ἐπιδεῖν
1648 2954 1707 2990 τε
1738 2936 1829 2991 τὸν

254 3021 383 3076 Θεὸν
427 3024 523 3077 καὶ
553 3024 803 3088 ἐξετάσαι
832 3026 899 3079 τὰ
932 3027 1246 3099 γιγνόμενασ
1280 3023 1399 3082 εἶτα
1427 3028 1719 3100 διηγήσατο
1744 3024 1831 3081 οἷα

252 3099 603 3186 πρᾌττουσιν,
645 3117 764 3169 οὐδὲ
794 3114 931 3172 εἷναί
958 3137 1081 3173 τινα
1106 3119 1197 3173 τὸν
1231 3119 1561 3191 προνοοῦντα
1587 3119 1832 3191 νομίζον-

154 3238 170 3257 .
252 3222 358 3270 τες.
388 3209 499 3261 Καὶ
540 3208 663 3261 τότε
700 3209 800 3278 τὴν
828 3211 1097 3283 τιμωρίαν
1127 3189 1422 3282 ἐπήγαγεν,
1453 3210 1613 3265 τοῦτο
1634 3189 1828 3281 λέγων,

252 3299 361 3352 ὅτι·
397 3300 523 3353 Ἐπὶ
548 3299 759 3365 τούτοις
780 3301 944 3366 ἀξίως
959 3303 1154 3366 αὐτοὺς
1168 3303 1434 3366 κολάσεις,
1467 3305 1560 3357 καὶ
1589 3306 1656 3375 τῇ
1683 3303 1833 3375 παρὰ

254 3392 343 3444 σοῦ
371 3394 619 3464 τιμωρίᾳ
652 3394 714 3447 τὸ
756 3394 922 3466 μηδὲν
947 3396 1266 3463 ἀποφανεῖ;;
1551 3446 1557 3457 ,

323 3487 394 3539 Ib
422 3487 644 3555 κράτος
668 3504 788 3555 μου
831 3488 980 3555 πρὸς
1010 3486 1085 3540 σὲ
1125 3486 1395 3556 φυλάξω.
1441 3488 1666 3541 Ἐκεῖνοι
1710 3487 1828 3558 μὲν,

254 3579 404 3646 φησὶ,
435 3577 508 3630 τὰ
552 3578 778 3631 τοιαῦτα
824 3578 1248 3649 δεδυσσεϐήκασι
1294 3578 1434 3633 κατὰ
1475 3578 1592 3643 σοῦ,
1636 3578 1747 3646 ἐγὼ
1775 3579 1832 3631 δὲ

252 3668 281 3721 ὁ
309 3671 599 3741 προφήτης
629 3671 658 3722 ὁ
698 3671 870 3724 ταῦτα
902 3670 1094 3739 λέγων,
1122 3670 1199 3742 τῷ
1244 3671 1511 3743 πνεύματι
1540 3671 1639 3742 τὴν
1683 3670 1832 3740 ἰσχύν

258 3774 356 3826 μου
384 3762 481 3814 καὶ
512 3763 611 3832 τὴν
641 3763 917 3834 βασιλείαν
952 3779 1053 3834 μου
1093 3762 1182 3816 διὰ
1215 3762 1307 3816 σοῦ
1349 3762 1832 3833 φυλαχθησομὲνην

254 3848 375 3916 ἔξω
407 3851 489 3904 ὅτι
514 3852 579 3923 δὴ
604 3855 698 3907 καὶ
728 3853 1122 3907 συναντελάὸου
1163 3871 1289 3924 μου.
1316 3854 1408 3907 καὶ
1439 3853 1545 3926 πρὸ
1572 3853 1680 3911 τῶν
1705 3854 1832 3924 δεή-

256 3956 391 3994 σεων
422 3941 506 4013 τῷ
529 3942 668 3997 ἐλέει
702 3962 797 3997 σου
826 3946 1236 4017 περιέσιριγξας,
1267 3948 1343 4009 ὡς
1371 3944 1465 3999 καὶ
1500 3944 1599 4014 τὴν
1628 3942 1834 3998 πτῶσιν

256 4033 455 4087 ἐπιδεῖν
485 4052 555 4106 με
586 4036 693 4090 τῶν
727 4037 937 4108 ἐχθρῶν
968 4056 1092 4109 μου.

318 4214 415 4282 Μὴ
448 4214 813 4284 ἀποκτείνῃς
857 4214 1098 4282 αὐτοὺς,
1137 4215 1222 4286 μή
1263 4229 1407 4269 ποτε
1437 4208 1835 4270 ἐπιλάθωνται

255 4306 356 4360 τοῦ
384 4308 578 4375 νόμου
607 4324 742 4361 σουι
771 4307 1002 4378 Εὖχεται
1031 4309 1128 4379 μὲν
1162 4308 1237 4379 μὴ
1270 4310 1349 4371 είς
1392 4308 1453 4361 τὸ
1484 4305 1742 4372 παντελὲς
1776 4308 1835 4372 ἐξ

257 4397 558 4469 ἀνθρώπων
594 4400 958 4470 ἀφανισθῆναι
988 4400 1050 4453 τὸ
1094 4399 1248 4468 γένος
1279 4398 1387 4453 τῶν
1416 4398 1835 4452 ἐπαναστάντων

1857 3163 1903 3225 C

1924 1926 2139 1983 etiamsi
2173 1925 2362 1980 isthazc
2402 1923 2801 1994 cogitaverunt.
2833 1930 2914 1988 tu,
2949 1920 3196 1986 Domine,
3228 1934 3327 1976 eos
3356 1920 3499 1975 deri-

1924 2018 2040 2074 deri
2081 2017 2319 2073 curabis.
2370 2016 2453 2071 llli
2490 2014 2713 2087 quidem
2758 2014 2876 2070 haec
2917 2014 3139 2085 aggredi
3183 2013 3406 2080 audent,
3440 2019 3529 2067 tu.

1925 2118 2107 2165 autem
2172 2108 2329 2163 audis
2395 2115 2561 2177 atque
2621 2104 2809 2167 vides,
2854 2103 3109 2174 ridesque
3153 2117 3356 2159 vanum
3401 2116 3498 2157 eo-

1923 2216 2047 2255 rum
2102 2196 2364 2254 !urorem.
2417 2197 2500 2251 Ad
2524 2196 2748 2250 nihilum
2789 2195 3011 2249 deduces
3067 2211 3244 2248 omnes
3298 2204 3496 2265 gentes.

1928 2292 2248 2363 Spirituales
2290 2290 2559 2356 videlicet,
2587 2304 2710 2359 qua:
2739 2300 2930 2343 contra
2962 2286 3250 2341 Dominum
3294 2286 3497 2341 bellum

1925 2386 2251 2442 excitarunt.
2301 2381 2566 2453 Superius
2608 2380 2748 2434 dixit
2791 2398 2804 2434 :
2848 2376 3071 2433 Intende
3098 2378 3166 2431 ad
3206 2376 3498 2432 visitandas

1927 2492 2101 2531 omnes
2140 2482 2351 2546 gentes;
2394 2472 2484 2527 hic
2512 2485 2641 2525 vero
2667 2489 2679 2522 :
2718 2468 2800 2522 Ad
2829 2467 3052 2522 nihilum
3076 2466 3296 2521 deducas
3320 2476 3496 2521 omnes

1927 2580 2138 2640 gentes;
2166 2568 2396 2622 multum
2445 2572 2699 2620 accurato
2723 2577 2857 2618 usus
2895 2562 3085 2617 ordine
3106 2560 3370 2617 orationis
3405 2574 3499 2630 per

1926 2678 1989 2717 ea
2019 2663 2172 2732 queis
2199 2662 2254 2714 in
2286 2659 2465 2713 medio
2494 2665 2578 2714 est
2607 2671 2760 2712 usus.
2790 2653 3095 2710 Ostendens
3132 2654 3276 2708 enim
3304 2669 3363 2708 se
3387 2668 3501 2708 non

1929 2753 2246 2824 simpliciter
2291 2750 2564 2822 postulare
2604 2757 2666 2802 ut
2696 2745 2966 2816 supplicio
3016 2743 3345 2807 adiciantur,
3382 2744 3500 2814 pri-
3594 2754 3595 2761 ‘

1929 2862 2078 2901 mum
2110 2845 2318 2914 rogavit
2359 2842 2526 2896 Deum
2569 2849 2625 2894 ut
2648 2855 2710 2894 ea
2735 2838 3093 2908 peipenderet
3121 2845 3174 2892 et
3194 2846 3345 2907 gesta
3368 2851 3502 2891 exa-

1930 2941 2184 2993 minaret.
2217 2934 2425 2989 Exinde
2456 2932 2698 2987 narravit
2727 2930 2911 3001 qualia
2951 2930 3052 2998 ipsi
3087 2928 3362 2989 fecissent.
3398 2928 3505 2983 rati

1929 3030 2201 3085 neminem
2228 3042 2347 3083 esse
2368 3026 2462 3096 qui
2491 3025 2656 3080 rebus
2675 3024 3004 3093 provideret.
3025 3024 3102 3077 Ac
3129 3030 3258 3076 tunc
3281 3021 3349 3075 de
3371 3036 3504 3089 sup-

1930 3122 2094 3193 plicio
2123 3118 2387 3176 sumendo
2434 3117 2551 3172 haec
2579 3115 2860 3184 subiunxit
2888 3131 2903 3169 :
2934 3112 3028 3169 His
3062 3113 3128 3167 de
3160 3111 3344 3167 causis
3388 3125 3505 3165 mea

1936 3215 2038 3270 tito
2065 3214 2131 3269 de
2156 3213 2262 3267 illis
2298 3226 2488 3281 pceuas
2528 3224 2737 3273 sumes,
2777 3215 2941 3277 atque
2967 3205 3233 3276 supplicio
3253 3204 3320 3260 ad
3358 3202 3505 3258 nillis-

1932 3305 2044 3359 lum
2078 3320 2172 3359 eos
2192 3303 2448 3358 dedoces.

2007 3491 2093 3547 10.
2130 3488 2519 3544 Fortitudinem
2555 3504 2726 3543 meam
2753 3486 2822 3541 ad
2852 3495 2899 3541 te
2925 3485 3242 3540 custodiam.
3273 3483 3352 3539 Illi
3384 3483 3508 3554 quia

1933 3583 2078 3648 dem,
2105 3582 2201 3648 ait,
2234 3597 2301 3637 eo
2326 3590 2486 3653 pacto
2519 3581 2810 3636 adversum
2839 3588 2891 3634 te
2914 3578 3076 3647 impie
3097 3590 3324 3650 egerunt
3356 3594 3371 3631 :
3404 3591 3508 3647 ego

1933 3690 2061 3729 vero
2088 3674 2349 3745 propheta
2378 3675 2470 3744 qui
2504 3673 2693 3727 istbaec
2724 3672 2944 3740 loquor,
2978 3668 3316 3739 spiritualem
3346 3665 3507 3721 forti-

1932 3769 2179 3824 tudinem
2225 3783 2404 3823 meam
2434 3773 2489 3822 et
2518 3780 2742 3836 regnum
2775 3778 2955 3819 meum
3000 3776 3096 3832 per
3131 3770 3181 3816 te
3220 3773 3511 3815 conserva-

1936 3869 2048 3914 tum
2098 3858 2364 3921 retinebo,
2411 3856 2540 3928 quia
2592 3856 2803 3912 scilicet
2838 3851 3201 3924 patrocinaris
3253 3848 3406 3912 mihi,
3454 3854 3511 3902 et

1934 3960 2221 4021 antequam
2266 3964 2541 4020 precarer,
2592 3962 2681 4002 me
2721 3943 3098 4001 misericordia
3146 3950 3238 3997 tua
3273 3940 3509 3996 cireum-

1932 4045 2125 4114 plexus
2171 4058 2269 4108 es,
2301 4047 2361 4096 ut
2388 4039 2553 4095 etiam
2592 4038 2809 4093 ruinam
2871 4034 3214 4090 inimicorum
3258 4044 3509 4087 meorum

1933 4135 2327 4205 conspicerem.

2017 4226 2104 4281 12.
2133 4225 2217 4281 Ne
2254 4224 2464 4280 occidas
2485 4238 2597 4283 eos,
2646 4238 2708 4275 ne
2736 4220 2946 4293 quando
2989 4217 3365 4274 obliviscantur
3383 4212 3510 4284 legis

1934 4329 2060 4373 tute.
2078 4316 2337 4372 Precatur
2363 4323 2423 4368 ut
2443 4328 2551 4367 non
2574 4309 2821 4366 funditus
2849 4310 3094 4366 deleatur
3122 4321 3294 4379 genus
3319 4319 3509 4362 eorum

1936 4410 2031 4480 qui
2080 4412 2500 4477 insurrexerunt
2541 4405 2806 4460 adversus
2846 4402 3164 4459 Dominum.
3211 4397 3316 4454 Sed
3353 4404 3514 4466 rogat

257 4490 393 4543 κατὰ
422 4489 519 4543 τοῦ
549 4492 776 4562 Κυρίου·
817 4491 1302 4563 διασκορπισθῆναι
1333 4490 1391 4545 δὲ
1430 4490 1629 4563 μᾶλλον
1654 4492 1748 4545 καὶ
1778 4493 1830 4545 ἐν

1941 4501 2115 4571 magis
2143 4511 2203 4555 ut
2225 4500 2609 4569 dispergantur
2636 4499 2769 4555 etin
2794 4496 3108 4566 captivitate
3127 4493 3296 4547 vitam
3324 4499 3507 4561 agant,

258 4580 604 4655 αἰχμαλωσίᾳ
632 4584 730 4653 ζῇν
760 4584 957 4647 αὐτοὺς
988 4583 1128 4648 ἀξιοῖ
1163 4583 1249 4636 διὰ
1275 4583 1391 4652 τὴν
1415 4585 1707 4654 ἁμαρτίαν
1729 4584 1835 4639 τοῦ

255 4674 551 4742 στόματος
579 4675 800 4739 αὐτῶν,
840 4677 934 4729 καὶ
965 4674 1054 4728 διὰ
1088 4678 1185 4745 τὴν
1216 4676 1595 4748 ὑπερηφανίαν
1635 4675 1833 4732 αὐτῶν.

321 4767 430 4819 Kal
473 4765 544 4831 ἐξ
594 4766 745 4835 ἀρᾶς
789 4767 889 4820 καί
931 4768 1201 4836 ψεύδους
1235 4767 1732 4839 διαγγελήσονται
1769 4770 1839 4823 ἐν

256 4859 595 4927 συντελείᾳε
656 4847 1047 4926 ⁸ΕΞάκουστος,
1097 4863 1269 4935 φησὶ,
1316 4862 1528 4931 γένοιτο
1579 4862 1757 4916 αὐτῶν
1802 4864 1837 4935 ἡ

257 4953 532 5006 ωντὲλεια
563 4954 655 5007 διὰ
681 4954 779 5018 τὰς
803 4955 1048 5027 κατάρας
1073 4956 1139 5020 ἃς
1175 4957 1521 5030 καταρῶνταί
1553 4975 1635 5023 σε,
1668 4975 1837 5012 κατα-

258 5036 567 5110 ψευδόμενοι
607 5050 707 5121 τῆς
746 5051 845 5119 σῆς
884 5052 1062 5123 δόξης.
1089 5044 1406 5107 Συντέλειαν
1438 5053 1495 5107 δέ
1529 5054 1590 5106 οὐ
1622 5053 1721 5126 τὴν
1755 5055 1836 5117 είς

260 5126 321 5179 τὸ
358 5128 616 5191 παντελὲς.
662 5139 937 5193 ἀπώλειαν
982 5141 1077 5195 τοῦ
1121 5142 1308 5205 ἔθνους
1350 5144 1545 5214 φησὶν,
1576 5143 1711 5197 ἀλλὰ
1735 5143 1834 5214 τὴν

263 5220 641 5291 καταστροφὴν
688 5223 788 5291 τῆς
835 5229 989 5291 οοςης
1039 5234 1238 5289 αὐτῶν.
1286 5234 1424 5300 Δόξα
1459 5235 1517 5289 δὲ
1553 5236 1731 5290 αὐτῶν
1779 5238 1835 5290 αι

262 5312 401 5364 κατὰ
451 5312 617 5382 νόμον
647 5311 914 5384 λατρεῖαι,
960 5316 989 5368 ό
1037 5314 1177 5381 θεῖος
1205 5327 1350 5382 ναῦς,
1380 5329 1430 5375 οἱ
1464 5320 1759 5401 προφῆται,
1787 5331 1836 5383 ol

262 5402 553 5474 ἀρχιερεῖς,
578 5406 631 5458 οί
658 5406 1123 5477 νομοδιδάσκαλοι,
1155 5410 1189 5480 ἡ
1216 5410 1508 5479 ἐπιφάνεια
1527 5413 1635 5467 τῶν
1670 5418 1837 5485 ἀγγέ-

262 5491 389 5548 λων·
421 5496 563 5568 imp
601 5498 817 5552 ἅπαντα
861 5497 1072 5570 ἁθρόως
1114 5500 1250 5570 μετὰ
1277 5501 1376 5573 τὴν
1411 5503 1554 5558 κατὰ
1589 5505 1684 5559 τοῦ
1726 5510 1838 5562 Κυ-

265 5586 385 5656 ρίου
415 5591 724 5660 μιαιφονίαν
755 5591 1183 5661 συντετέλεσται.

1936 4603 2157 4665 propter
2189 4592 2437 4646 delictum
2470 4592 2577 4646 oris
2611 4602 2813 4657 eorum,
2856 4595 2912 4644 et
2941 4593 3161 4657 propter
3188 4597 3380 4638 eorum
3416 4597 3513 4637 su-

1974 4684 2204 4737 erbiam.

1938 4699 2204 4754 permam.

2019 4773 2107 4829 1⁸5.
2140 4770 2211 4825 Et
2232 4776 2295 4826 de
2323 4772 2681 4826 exsecratione
2722 4777 2772 4823 et
2807 4765 3080 4821 mendacio
3121 4759 3516 4817 annuntiabun-s

1941 4874 2027 4920 tur
2071 4866 2128 4918 in
2171 4863 2639 4918 consummatione.
2688 4859 3014 4928 Evulgetur,
3063 4853 3277 4924 inquit,
3322 4866 3514 4909 eorum

1944 4960 2367 5024 consummatio,
2400 4968 2622 5029 propter
2655 4955 2944 5011 maledicta
2964 4952 3164 5025 quibus
3190 4963 3241 5006 te
3263 4957 3510 5010 onerant,

1944 5055 2172 5125 gloriam
2212 5062 2362 5108 tuam
2395 5050 2813 5106 calumniantes.
2840 5043 3381 5103 Cousummationem
3416 5053 3515 5091 au-

1944 5158 2075 5215 tem,
2108 5162 2216 5207 non
2244 5146 2460 5217 generis
2490 5142 2731 5198 universi
2763 5140 3014 5207 exitium,
3055 5138 3148 5194 sed
3175 5132 3514 5191 eversionem

1937 5242 2124 5314 gloriae
2170 5254 2360 5294 eorum
2402 5236 2656 5306 appellat.
2702 5234 2885 5289 Gloria
2934 5239 3115 5286 autem
3147 5239 3338 5282 eorum
3387 5228 3517 5277 sunt

1934 5333 2136 5405 legales
2182 5330 2360 5386 cultus
2386 5338 2551 5397 atque
2573 5327 2731 5387 ritus,
2769 5325 3013 5378 divinum
3064 5317 3350 5387 templum,
3378 5326 3510 5384 pros

1934 5428 2132 5497 phetaz,
2163 5422 2440 5493 principes
2469 5420 2836 5484 sacerdotum,
2873 5414 3123 5469 doctores
3160 5406 3317 5497 legis,
3348 5420 3515 5497 appa:

1939 5490 2070 5575 ritio
2094 5490 2438 5586 angelorum,
2468 5527 2589 5582 qum
2612 5507 2899 5565 confertim
2928 5501 3111 5559 omnia
3145 5512 3269 5572 pOSt
3296 5490 3516 5555 ﬂumini

1937 5609 2138 5664 caedem
2168 5602 2550 5662 consummata
2578 5606 2744 5660 sunt.‘

320 5698 451 5772 .(94)
475 5702 747 5761 Adrianus
788 5703 1081 5774 imperator
1116 5705 1286 5761 vetuit
1319 5704 1537 5767 Iudaeos
1569 5709 1965 5773 Jerosolvmam
2002 5717 2280 5774 accederet

341 5792 387 5825 ⁸²
410 5792 563 5852 Joan.
595 5811 713 5862 xix,
750 5793 844 5851 15.

230 5949 265 5957 ν
572 5893 854 5953 Pauor“
892 5889 1011 5951 Gtt.
1044 5889 1307 5952 XXV/IL
