3976 6220
447 369 552 428 267

1299 372 1355 425 S.
1392 371 1758 427 ATHANASII
1794 372 1943 428 OPP.
1988 371 2166 427 PARS
2205 371 2291 429 Ill.
2342 402 2405 413 —
2441 371 2852 430 EXEGETICA.

3587 379 3695 435 268

526 484 610 537 14.
634 482 702 536 Et
733 485 895 537 scient
918 482 1044 554 quia
1076 483 1211 539 Deus
1236 486 1539 539 dantiuatur
1561 485 1726 540 Iacob
1755 495 1804 540 et
1836 487 2020 556 ﬁnium

2194 488 2301 543 Καὶ
2329 486 2677 558 γνώσονται,
2703 489 2790 541 ὅτι
2817 491 2850 541 ό
2879 488 3020 562 θεὸς
3046 487 3315 550 δεσπόζει
3342 488 3448 544 τοῦ
3476 491 3692 545 Ἰακὼϐ,

451 590 623 635 terra.
673 577 833 635 Omni
862 580 1029 651 gloria
1072 580 1308 649 spoliati,
1338 581 1533 651 inquit,
1569 595 1628 635 re
1654 589 1708 634 et
1729 586 1898 651 ‘opere
1931 596 2023 636 co-

448 666 728 741 gnoscent,
773 671 918 741 quod
951 680 1008 725 tu
1053 671 1131 725 sis
1163 669 1429 727 Dominus
1467 670 1656 741 Jacob,
1681 673 1772 742 qui
1807 672 1861 727 in
1888 672 2022 729 lines

451 771 607 818 terra:
639 761 928 819 e'xtendisti
956 759 1256 816 Ecclesiam
1286 771 1456 817 tuam.

530 946 623 1017 ‘15,;
654 946 1028 1000 Convertentur
1069 946 1138 999 ad
1187 962 1473 1016 vesperam.
1529 946 1777 1003 Resumit
1804 952 1866 1003 ea
1900 956 2020 1019 qua

382 1110 389 1115 ἡ
444 1039 596 1110 prius
644 1039 877 1105 dixerat,
928 1045 987 1093 ut
1032 1040 1371 1110 prophetiam
1423 1040 1686 1096 adversus
1713 1056 1808 1097 eos
1836 1040 2014 1096 datam

444 1134 739 1188 ﬁrmiorem
768 1132 985 1188 efﬁciat.
1026 1130 1316 1203 [Quoniam
1359 1133 1533 1188 dixit:
1567 1131 1634 1187 In
1667 1133 1753 1186 ira
1777 1149 2019 1186 consum-

445 1225 716 1289 mationis,
767 1232 817 1278 et
857 1238 961 1277 non
985 1230 1175 1288 erunt;
1211 1238 1281 1278 ne
1333 1223 1457 1294 quis
1515 1222 1762 1293 opposita
1813 1222 2018 1278 dixisse

443 1316 763 1386 prophetam
810 1313 1123 1380 arbitretur,
1168 1328 1292 1368 cum
1335 1314 1415 1370 sic
1448 1313 1690 1384 loquitur
1723 1333 1734 1368 :
1769 1313 2016 1384 Disperge

440 1401 561 1461 illos
589 1409 646 1461 in
677 1408 868 1462 virtute
895 1418 1031 1470 tua;
1066 1405 1261 1477 merito
1301 1407 1547 1461 eamdem
1586 1421 1773 1461 vocem
1802 1406 2012 1478 repetit,

441 1499 835 1564 Convertentur,
865 1499 1011 1570 quod
1059 1496 1263 1553 dietum
1294 1498 1544 1553 nonnihil
1570 1498 1922 1554 obscuritatis
1958 1499 2014 1554 in

440 1593 688 1670 versibus
721 1592 896 1647 affert.
926 1590 1058 1647 Vult
1087 1591 1234 1646 enim
1264 1606 1462 1645 canum
1496 1591 1803 1661 exemplum
1830 1592 2014 1662 exprio

440 1702 611 1753 mere,
644 1687 739 1758 qui
769 1701 892 1743 cum
925 1687 988 1742 ad
1037 1702 1221 1743 escam
1269 1698 1689 1758 congregantur,
1718 1697 2009 1759 antequam

439 1780 622 1836 cibum
654 1781 943 1850 attingant,
976 1795 1097 1837 sese
1123 1788 1319 1835 mutuo
1357 1780 1640 1847 devorant,
1674 1795 1737 1836 ac
1768 1781 2008 1851 plerUm-

439 1885 545 1938 que
570 1870 952 1940 discerpuntur
986 1884 1091 1926 non
1119 1874 1337 1940 sumpto
1362 1868 1535 1941 cibo.]

513 2054 600 2108 16.
646 2052 759 2125 Ipsi
799 2054 1163 2124 dispergentu'r
1208 2055 1277 2108 ad
1326 2054 1847 2119 manducandum,si
1893 2064 2010 2108 vero

436 2163 541 2202 non
593 2146 788 2216 fuerint
826 2149 1078 2214 aaturati,
1124 2158 1175 2202 et
1215 2147 1642 2202 murmurabant.
1692 2145 2014 2203 Circuibunt

436 2247 740 2309 quaerentes
765 2239 989 2294 verbum
1018 2237 1257 2300 Domini.
1296 2253 1397 2294 nec
1430 2238 1732 2293 invenient.
1770 2235 1930 2303 Quod
1965 2237 2012 2291 si

435 2330 654 2399 quando
676 2330 858 2401 aliqua
891 2341 1144 2400 percepta
1178 2329 1474 2400 Scriptura:
1500 2329 1699 2384 divinae
1720 2327 2010 2391 sententia,

434 2421 722 2476 videantur
753 2437 817 2476 ea
857 2421 924 2476 ad
972 2422 1274 2477 satietatem
1309 2437 1480 2491 usque
1507 2418 1649 2486 frui;
1692 2420 1767 2475 ita
1795 2424 2013 2491 queque

434 2514 875 2577 murmurabunt,
896 2524 1081 2584 utpote
1107 2513 1197 2585 qui
1226 2528 1440 2585 semper
1454 2522 1885 2567 murmuratorcs
1903 2511 2012 2567 sint

433 2606 485 2659 et
508 2607 769 2662 adverSus
798 2606 967 2661 Deum
987 2607 1303 2676 loquantur.

513 2698 599 2752 l7.
656 2698 767 2770 Ego
802 2708 976 2753 autem
1019 2699 1241 2753 cantabo
1291 2698 1660 2767 fortitudinem
1708 2710 1875 2756 tuam.
1906 2699 2009 2765 Illi,

433 2789 631 2859 inquit,
660 2789 766 2845 hoc
799 2790 1004 2844 modo:
1044 2788 1157 2861 Ego
1196 2800 1402 2855 autem,
1439 2791 1675 2861 populus
1698 2790 1905 2846 scilicet
1943 2807 2009 2846 ex

432 2881 682 2951 gentibus
720 2895 1040 2948 conversus,
1072 2880 1167 2951 qui
1215 2890 1361 2935 tuam
1399 2881 1524 2936 ηονί
1564 2881 1846 2946 virtutem,
1873 2897 2008 2953 gau-

431 2971 572 3027 debo
596 2972 664 3028 de
689 2982 782 3028 tua
806 2972 1182 3029 misericordia
1208 2988 1332 3044 quae
1366 2973 1421 3028 in
1450 2973 1661 3029 lumine
1701 2975 1923 3031 advenit
1954 2976 2008 3030 in

429 3062 972 3121 diezresurrectionis
1013 3073 1137 3120 tute.
1188 3063 1293 3120 Per
1316 3080 1441 3120 cum
1488 3081 1725 3136 namque
1773 3067 2013 3137 patroci-

432 3160 594 3212 natus
626 3157 784 3212 nobis
816 3170 897 3221 es,
921 3166 975 3213 et
995 3156 1264 3229 refugium
1297 3157 1352 3212 in
1388 3159 1738 3215 tribulatione
1763 3159 2005 3217 eﬂ‘ectus.

431 3245 772 3318 Quapropter
804 3249 1045 3319 psalmos
1088 3250 1186 3304 tibi
1231 3250 1344 3306 Deo
1385 3251 1479 3321 qui
1520 3252 1624 3306 mei
1667 3252 1922 3310 misertus
1949 3269 2009 3310 es

430 3338 698 3407 persolvo.
721 3339 860 3406 Quia
882 3339 1032 3409 fuisti
1054 3340 1267 3412 adjutor
1289 3358 1435 3395 meus
1458 3350 1512 3396 et
1532 3343 1792 3413 refugium
1815 3360 2005 3398 meum.

432 3428 661 3500 Semper
697 3431 843 3485 enim
880 3441 976 3487 tuo
1004 3432 1211 3503 potitus
1252 3449 1374 3489 sum
1406 3434 1632 3501 auxilio,
1666 3450 1730 3490 ac
1763 3451 1862 3505 per
1886 3451 2010 3502 pro-

432 3520 722 3575 videntiam
779 3524 952 3593 tuam]
1006 3526 1358 3580 occurrentes
1435 3524 1599 3596 effugi
1647 3526 2004 3581 calamitates.

430 3614 600 3683 Cujus
634 3614 714 3679 rei
744 3629 912 3673 causa
944 3623 996 3670 te
1026 3615 1204 3672 solum
1233 3629 1472 3689 agnosco
1500 3617 1692 3683 Deum,
1719 3625 1773 3674 te
1802 3618 2009 3673 miseri-

430 3707 631 3762 cortlize
699 3717 756 3764 et
807 3707 1110 3764 clementiae
1165 3706 1373 3764 fontem
1426 3723 1585 3765 voco.
1643 3707 1771 3765 Haec
1816 3710 2008 3766 beatus

429 3798 597 3856 David
644 3799 805 3872 longe
845 3804 971 3856 ante
1006 3799 1343 3871 propheticis
1368 3799 1561 3856 videns
1593 3799 1770 3856 oculis
1791 3797 2009 3856 Judseo-

429 3907 548 3948 ’qu
587 3891 927 3947 calamitates
964 3890 1241 3961 praedixit;
1273 3899 1439 3961 atque
1471 3906 1531 3947 se
1564 3889 1817 3961 promisit
1856 3906 2005 3946 sem-

426 3990 523 4055 per
548 3983 837 4039 Dominum
869 3983 1123 4038 laudibus
1151 3983 1550 4038 celebraturum
1590 4001 1604 4037 :
1636 3998 1702 4039 ac
1733 3984 2004 4053 promissa

428 4076 661 4144 cumplet
684 4076 898 4146 piorum
931 4089 1164 4146 persona
1200 4074 1476 4129 canticum
1508 4074 1765 4130 offerens.

428 4166 481 4219 1.
513 4166 572 4220 In
608 4167 785 4235 finem.
830 4164 938 4220 Pro
972 4166 1053 4219 his
1084 4166 1173 4233 qui
1207 4165 1646 4220 immutabuntur.
1689 4166 1743 4218 2.
1768 4163 1834 4218 In
1861 4165 2004 4219 tituli

497 4257 911 4325 inscriptionem,
937 4257 1040 4324 ipsi
1078 4255 1270 4319 David,
1293 4257 1349 4309 in
1377 4257 1695 4316 doctrinam,
1731 4269 1849 4308 cum
1877 4271 2001 4309 suc-

499 4347 672 4401 cendit
716 4347 1154 4417 Mesopotamiam
1196 4346 1367 4417 Syriae
1396 4356 1446 4401 et
1489 4346 1702 4417 Syriam
1743 4345 1923 4415 Sobal,
1950 4354 2001 4400 et

500 4438 753 4496 convertit
774 4439 933 4507 Joab,
954 4452 1003 4494 et
1028 4442 1285 4511 percussit
1305 4445 1361 4495 in
1377 4441 1510 4496 valle
1531 4441 1840 4497 Salinarum
1864 4444 1999 4493 duo-

496 4531 662 4586 decim
689 4533 879 4590 millia.
921 4531 1261 4590 PSALMUS
1296 4532 1448 4589 LIX.

1024 4724 1422 4791 Argumentum.

426 4806 561 4863 Com
610 4810 895 4883 perspicua
945 4812 1015 4867 sit
1059 4813 1304 4880 historia,
1335 4810 1481 4883 quod
1527 4816 1780 4867 accurate
1815 4810 1869 4865 in
1913 4825 2001 4868 sco

489 4903 669 4959 eundo
710 4903 1020 4976 Regnorum
1062 4905 1329 4976 descripta
1363 4906 1454 4971 sit,
1484 4904 1535 4959 id
1582 4903 1828 4959 dicemus
1851 4903 2000 4974 quod

491 4994 547 5049 in
587 5011 651 5052 ea
697 4997 827 5052 utile
865 4998 1103 5053 occurrit
1139 5017 1152 5052 :
1193 5012 1483 5067 personam
1527 4996 1734 5052 scilicet
1777 4995 1998 5053 Davidis

492 5089 684 5147 referri
726 5090 795 5146 ad
833 5105 1124 5161 personam
1165 5089 1403 5147 Domini.
1433 5088 1526 5159 qui
1555 5096 1611 5143 et
1639 5089 1997 5143 mutationem

492 5193 545 5237 et
571 5183 869 5238 novitatem
895 5197 1074 5236 rerum
1095 5180 1149 5234 in
1170 5179 1468 5234 novissimo
1491 5187 1796 5247 temporum
1826 5178 1995 5244 dedit,

491 5284 546 5328 et
572 5275 910 5346 alienigenas
937 5283 1124 5344 gentes
1148 5271 1440 5342 percussit,
1474 5270 1526 5325 id
1548 5279 1630 5324 est
1662 5269 1994 5340 spirituales.

493 5363 620 5422 llaec
656 5381 893 5437 namque
929 5363 1209 5435 Scriptura
1250 5362 1319 5418 ad
1348 5361 1653 5416 doctrinam
1690 5371 1743 5414 et
1779 5360 1999 5416 institu-

495 5457 697 5513 tionem
747 5467 990 5514 nostram
1032 5463 1273 5511 enarrat.
1330 5455 1601 5508 Docesnur
1639 5454 1841 5521 itaque,
1888 5465 1998 5519 quo

497 5559 736 5620 tempore
776 5551 870 5619 qui
899 5566 966 5605 ex
1000 5547 1209 5604 semine
1245 5546 1412 5601 David
1447 5544 1748 5601 secundum
1778 5556 1997 5596 carnem

493 5650 577 5696 est
604 5642 856 5697 inimicos
883 5642 1175 5712 percussit,
1200 5649 1254 5695 et
1282 5649 1476 5710 gentes
1513 5637 1616 5692 sibi
1646 5635 1896 5705 proprias
1918 5631 1999 5687 ef-

494 5734 626 5790 fecit
643 5733 955 5788 Iudaeorum
983 5734 1238 5804 populus,
1257 5748 1382 5786 cum
1407 5730 1733 5801 supplicium
1756 5726 1826 5781 ob
1840 5725 2000 5779 Clui-

494 5836 639 5883 stutn
684 5828 984 5897 (necatum)
1021 5827 1263 5890 sentiret,
1290 5820 1695 5895 quo.lammodo
1729 5829 1783 5874 et
1821 5819 1997 5889 ipsum

2125 579 2221 632 καὶ
2270 577 2389 631 τῶν
2438 576 2706 645 περάτων
2751 577 2858 646 τῆς
2908 578 3040 647 γῆς.
3096 580 3339 653 Ἀπάσης
3391 583 3490 652 τῆς
3537 583 3693 653 δόξης

2123 670 2508 742 ἀφαιρεθέντες
2528 711 2543 735 ,
2582 672 2779 742 φησὶν,
2810 671 2955 742 ἔργῳ
2984 672 3300 740 γνώσονται,
3335 674 3415 727 ὅτι
3449 675 3511 743 δὴ
3544 677 3605 728 σὺ
3645 672 3697 729 εἴ

2122 764 2149 815 ὁ
2177 761 2450 832 Δεσπότης
2498 760 2592 814 τοῦ
2633 761 2824 815 Ἰακὼϐ
2845 801 2858 825 ,
2881 763 2974 815 καὶ
3007 764 3085 829 εἰς
3125 763 3193 816 τὰ
3222 764 3431 835 πέρατα
3462 765 3562 836 τῆς
3593 764 3696 837 γῆς

2122 853 2364 917 ἐκτείνας
2388 853 2484 925 τὴν
2520 854 2618 924 σὴν
2659 854 3003 926 Ἐκκλησίαν.
3404 860 3408 864 ’

2202 945 2705 1015 Ἐπιστρέψουσιν
2749 950 2837 1014 εὶς
2881 947 3164 1015 ἑσπέραν.
3218 947 3691 1019 Ἐπαναλαμϐάνει

2118 1037 2187 1091 τὰ
2214 1038 2602 1110 προειρημένα,
2638 1038 2985 1111 βεϐαιοτέραν
3014 1040 3112 1111 τὴν
3141 1041 3259 1094 κατ’
3286 1039 3464 1093 αὐτῶν
3478 1057 3692 1111 προφη-

2117 1132 2266 1184 τείαν
2318 1130 2808 1204 κατεργαζόμενος.
2860 1131 3112 1204 [Ἐπειδὴ
3161 1128 3346 1197 εἶπεν,
3392 1133 3494 1187 Ἐν
3546 1131 3693 1204 ὀργῆ

2117 1221 2504 1288 συντελείας,
2552 1222 2651 1276 καὶ
2701 1224 2773 1277 οὐ
2813 1222 2900 1292 μὴ
2947 1221 3320 1291 ὺπάρξωσιν,
3353 1222 3440 1277 ἴνα
3489 1224 3563 1296 μή
3608 1240 3695 1290 τις

2118 1314 2333 1369 ὲναντία
2367 1314 2643 1387 εἰρηκέναι
2682 1315 2878 1389 νομίσῃ
2905 1314 2997 1369 τὸν
3045 1317 3331 1387 προφήτην
3364 1316 3443 1387 τῷ
3496 1319 3692 1382 εἰπεῖν,

2116 1402 2524 1463 Διασκέδασον
2558 1409 2778 1476 αὐτοὺς
2806 1405 2876 1463 ἐν·
2917 1407 2993 1477 τῇ
3022 1406 3270 1479 δυνάμει
3301 1422 3438 1464 σου’
3467 1408 3692 1475 εἰκότως

2115 1501 2179 1570 τῇ
2199 1498 2516 1571 ταυτολογίᾳ
2536 1502 2804 1574 ἐχρήσατο
2820 1498 2915 1572 τῷ,
2951 1498 3429 1567 Ἐπιστρέψουσι·
3457 1498 3599 1553 κατὰ
3629 1499 3693 1553 τὸ

2118 1590 2278 1664 ῥητὸν
2317 1592 2585 1661 ἀσάφειαν
2623 1593 2837 1663 ἔχουσιν
2875 1595 2924 1646 ol
2970 1591 3162 1662 στίχοι.
3196 1591 3453 1645 Βούλεται
3477 1592 3586 1666 γὰρ
3615 1594 3692 1646 εί-

2114 1688 2234 1738 πεῖν
2259 1686 2320 1739 τὸ
2347 1685 2455 1738 τῶν
2483 1685 2658 1739 κυνῶν
2686 1684 3008 1756 ὑπόδειγμα.
3037 1685 3085 1739 οἳ
3104 1724 3118 1748 ,
3150 1687 3477 1757 συνηγμένοι
3502 1684 3561 1739 ἐν
3583 1702 3690 1739 τινι

2113 1778 2305 1847 τροφῇ,
2330 1774 2587 1846 ἀλλήλους
2612 1774 2954 1829 κατεσθίουσι
2982 1776 3108 1846 πρὶν
3132 1774 3225 1828 τοῦ
3254 1773 3540 1846 βρώματος
3559 1774 3693 1845 ἄψα-

2046 1843 2088 1904 B
2118 1843 2239 1921 σθαι
2258 1843 2281 1898 ί
2319 1860 2399 1921 διὸ
2446 1843 2540 1921 καὶ
2606 1865 2917 1940 μερίζονται
2968 1843 3432 1938 ἀποτυγχάνοντες
3482 1843 3691 1939 τροφῆς

2117 1957 2422 2031 πολλάκις]

2183 2056 2362 2111 Αὐτοὶ
2390 2047 3045 2125 διασκορπισθήσονται
3073 2055 3178 2111 τοῦ
3210 2054 3443 2125 φαγεῖνν
3479 2055 3589 2111 ἐὰν
3618 2054 3690 2109 δὲ

2109 2145 2194 2216 μὴ
2252 2144 2666 2215 χορτασθῶσι,
2719 2145 2817 2199 καὶ
2868 2147 3294 2216 γογγύσουσιν.
3355 2144 3690 2216 Περιέλθωσι

2118 2239 2215 2311 μὲν
2248 2236 2535 2311 ζητοῦντες
2564 2239 2655 2293 τὸν
2687 2239 2842 2309 λόγον
2871 2240 2963 2293 τοῦ
2995 2239 3220 2311 Κυρίου,
3256 2240 3350 2292 καὶ
3395 2239 3454 2291 οὐ
3491 2237 3565 2310 μὴ
3600 2237 3691 2292 εὖ⁸

2116 2334 2297 2403 ρωσιν.
2341 2332 2464 2386 Ἐὰν
2491 2332 2548 2385 δὲ
2590 2333 2682 2385 καί
2715 2349 2868 2395 ποτε,
2896 2331 3093 2398 λέξεώς
3122 2348 3266 2395 τινος
3303 2330 3690 2402 μετειληφότες

2112 2424 2212 2494 τῆς
2242 2424 2392 2489 θείας
2424 2424 2666 2497 Γραφῆς,
2687 2423 2909 2488 δόξωσιν
2947 2425 3027 2486 είς
3057 2423 3216 2494 κόρον
3243 2421 3563 2487 ἀπολαῦσαι,
3595 2422 3689 2476 καὶ

2112 2512 2254 2571 οὕτω
2284 2516 2668 2586 γογγύσουσιν,
2702 2516 2794 2570 ἆτε
2827 2514 2914 2569 ἀεὶ
2953 2507 3251 2583 γογγυσταί
3284 2513 3434 2577 ὄντες
3463 2513 3557 2566 καὶ
3594 2510 3687 2566 τοῦ

2112 2607 2243 2662 Θεοῦ
2273 2608 2718 2672 καταλαλοῦντες.

2195 2698 2341 2768 Ἐγὼ
2365 2695 2433 2751 δὲ
2464 2698 2684 2768 ᾄσομαι
2718 2695 2831 2765 τὴν
2869 2698 3127 2766 δύναμιν
3155 2713 3289 2751 σου.
3329 2696 3555 2749 Ἐκεῖνοι
3589 2695 3688 2768 μὲν

2110 2789 2300 2856 οὕτως,
2333 2790 2517 2867 φησίνο
2547 2788 2655 2860 ἐγὼ
2681 2791 2758 2854 δὲ,
2811 2792 2839 2844 ὁ
2878 2789 2936 2854 ἐξ
2970 2789 3136 2843 ἐθνῶν
3161 2788 3400 2859 δηλονότι
3422 2786 3569 2854 λαδς,
3590 2787 3687 2841 ἅτε

2110 2882 2208 2952 τὴν
2238 2883 2335 2954 σὴν
2359 2882 2587 2953 δύναμιν
2631 2882 2906 2951 ἐπιγνοὺς,
2952 2878 3265 2952 χαρήσομαι
3313 2880 3404 2932 ἐπὶ
3443 2879 3521 2950 τῷ
3546 2877 3686 2933 ἐλέει

2112 2988 2205 3027 σου
2234 2973 2312 3045 τῷ
2337 2974 2610 3045 γενομένῳ
2653 2977 2710 3029 ὲν
2742 2973 2879 3043 φωτὶ
2900 3015 2914 3037 ,
2946 2974 3038 3025 καὶ
3085 2969 3150 3043 τῇ
3196 2971 3548 3041 ἀναστασίμηρ
3590 2986 3683 3023 σου

2112 3066 2312 3138 ἡμέρᾳ.
2346 3068 2423 3119 Δι’
2455 3065 2620 3119 αὐτοῦ
2652 3066 2758 3137 γὰρ
2790 3066 2883 3119 καὶ
2928 3063 3222 3120 ἀντελάὄου
3270 3062 3426 3135 ήμῶν
3456 3063 3549 3116 καὶ
3578 3079 3683 3116 κα-

2110 3156 2324 3228 ταφυγὴ
2357 3158 2414 3209 ὲν
2445 3156 2618 3227 θλίψει
2643 3156 2848 3225 ἐγένου.
2875 3151 2966 3208 Διὸ
2987 3156 3079 3207 καὶ
3106 3152 3352 3224 ψαλμοὺς
3377 3150 3684 3223 ἀναπέμπω

2114 3263 2194 3300 σοι
2224 3246 2301 3319 τῷ
2331 3245 2451 3317 Θεῷ
2482 3245 2562 3317 τῷ
2603 3244 2887 3318 ὲλεήσαντί
2915 3262 3002 3317 με.
3045 3244 3167 3297 ’Ότι
3208 3243 3493 3314 ἐγενήθης
3524 3229 3687 3297 am-

2108 3337 2350 3408 λήπτωρ
2394 3355 2513 3409 μου
2560 3338 2658 3392 καί
2707 3336 3017 3406 καταφυγή
3055 3354 3195 3406 μου.
3236 3335 3549 3407 Ἀπήλαυσα
3579 3333 3687 3405 γὰρ

2109 3428 2211 3499 τῆς
2260 3429 2358 3501 σῆς
2405 3428 2722 3500 ἐπικουρίας
2764 3426 2871 3495 ἀεὶ,
2904 3427 2999 3480 καὶ
3032 3426 3120 3480 διὰ
3154 3425 3251 3498 τῆς
3284 3427 3384 3498 σῆς
3432 3425 3689 3495 προνοίας

2107 3517 2207 3583 τὰς
2236 3518 2651 3590 προσπεσούσας
2691 3519 2944 3588 διέφυγον
2993 3519 3295 3589 συμφοράς.
3323 3509 3397 3571 Οὗ
3426 3516 3490 3588 δὴ
3525 3517 3689 3588 χάριν

2112 3611 2170 3665 σὲ
2201 3611 2358 3682 μόνον
2385 3607 2501 3666 οῖδα
2527 3612 2658 3666 Θεὸν
2678 3651 2692 3675 ,
2721 3611 2816 3665 καὶ
2846 3612 2905 3666 σὲ
2935 3611 3118 3683 πηγὴν
3158 3610 3342 3674 ἐλέους
3370 3612 3465 3664 καὶ
3499 3611 3688 3681 φιλαν-

2108 3702 2352 3776 θρωπίας
2400 3705 2567 3759 καλῶ.
2597 3703 2783 3757 Ταῦτα
2824 3704 2852 3757 ὁ
2897 3702 3164 3774 μακάριος
3205 3701 3370 3756 Δαυῖδ
3403 3700 3686 3774 πόρρωθεν

2107 3799 2462 3868 προφητικοῖς
2491 3795 2610 3850 ἰδὼν
2635 3795 2951 3868 ὀφθαλμοῖς;
2983 3794 3078 3849 καὶ
3103 3793 3200 3858 τὰς
3249 3794 3514 3848 Ἰουδαίων
3547 3809 3684 3864 προ-

2106 3889 2295 3960 είρηκε
2315 3888 2618 3962 συμφορὰς,
2651 3889 2747 3943 καὶ
2773 3889 2934 3952 αὐτὸς
2955 3888 3216 3959 ὑμνήσειν
3246 3888 3333 3940 ἀεὶ
3361 3885 3453 3938 τὸν
3478 3885 3685 3938 Aean-6-

2103 3996 2204 4051 την
2249 3982 2535 4052 ὑπέσχετο·
2590 3980 2684 4034 καὶ
2736 3978 2934 4052 πληροῖ
2977 3980 3040 4049 γε
3080 3981 3178 4044 τὰς
3226 3977 3568 4048 ὑποσχέσεις,
3595 3977 3685 4032 διὰ

2103 4069 2212 4127 τῶν
2239 4072 2476 4127 εὐσεϐῶν
2504 4071 2600 4143 τὴν
2634 4070 2907 4141 ὑμνῳδίαν
2935 4070 3275 4142 προσφέρων.

2103 4164 2207 4228 Είς
2241 4161 2433 4227 τέλος.
2475 4162 2600 4226 Τοῖς
2638 4161 3235 4231 ἀλλοιωθησομένοις,
3275 4159 3363 4214 ἔτι
3409 4162 3495 4227 είς
3534 4174 3686 4231 07n-

2173 4254 2504 4323 λοπραφίαν
2538 4251 2618 4319 τῷ
2660 4252 2858 4318 Δαυῒδ,
2896 4256 2983 4319 είς
3044 4252 3322 4322 διδαχὴν,
3353 4251 3531 4306 ὁπότε
3574 4253 3678 4306 ἐν-

2169 4347 2416 4413 επύρισε
2468 4343 2582 4413 τὴν
2632 4344 3094 4414 Μεσοποταμίαν
3124 4346 3371 4412 Σηρίας,
3425 4345 3523 4398 καὶ
3565 4342 3683 4411 τὴν

2169 4430 2392 4498 Συρίαν
2439 4429 2667 4494 Σοϐὰλ,
2719 4429 2820 4483 καὶ
2871 4429 3247 4497 ἐπέστρεψεν
3306 4429 3506 4493 ’Ῑωὰ6,
3574 4431 3679 4483 καὶ

2027 4547 2080 4608 D
2174 4520 2434 4586 ἐπάταξε
2463 4519 2579 4586 τὴν
2604 4519 2877 4590 φάραγγα
2909 4519 3027 4573 τῶν
3057 4519 3350 4584 Ἀλῶνίβ
3380 4518 3675 4589 χιλιάδας.

2182 4617 2490 4670 ΨΑΛΜΟΣ
2519 4613 2649 4668 NO’.

2728 4707 3053 4771 Ὑπόθεσις.

2101 4802 2313 4874 Σαφοῦς
2355 4799 2522 4872 οὔσης
2562 4800 2663 4869 τῆς
2707 4796 2966 4870 ἱστορίας,
3009 4794 3098 4849 διὰ
3142 4794 3203 4847 τὸ
3237 4793 3478 4867 ἀκριϐῶς
3512 4793 3682 4865 αὐτὴν

2169 4891 2580 4965 ἀναγεγράφθαι
2626 4892 2685 4944 ὲν
2729 4892 2795 4962 τῇ
2839 4888 3067 4960 δευτέρα
3112 4886 3221 4941 τῶν
3266 4884 3582 4950 Βασιλειῶν,
3619 4886 3682 4939 τὸ

2172 4985 2232 5052 ἐξ
2253 4984 2424 5056 αὐτῆς
2451 4984 2719 5056 χρήσιμον
2749 4980 3008 5053 ἐροῦμεν,
3038 4979 3114 5043 ὡς
3140 4979 3466 5050 ἀναφέρεται
3491 4979 3552 5032 τὸ
3582 4978 3685 5050 μὲν

2172 5079 2462 5150 πρόσωπον
2502 5074 2593 5129 τοῦ
2643 5073 2808 5129 Δαυῒδ
2855 5075 2939 5137 είς
2969 5073 3263 5144 πρόσωπον
3309 5070 3405 5124 τοῦ
3449 5067 3676 5135 Κυρίου.

2170 5167 2264 5222 τοῦ
2322 5168 2416 5221 καὶ
2462 5166 2560 5238 τὴν
2606 5164 2889 5219 ἀλλοίωσιν
2942 5163 3037 5217 καὶ
3095 5162 3192 5235 τὴν
3234 5162 3523 5224 nmmum
3567 5155 3680 5207 τῶν

2173 5259 2514 5333 πραγμάτων
2541 5258 2627 5312 ἐπ’
2653 5257 2881 5328 ἐσχάτου
2906 5255 3196 5308 δςδωκοτος
3220 5243 3331 5297 τῶν
3357 5246 3561 5318 καιρῶν
3583 5248 3679 5303 καὶ

2170 5351 2507 5417 πατάξαντος
2534 5350 2600 5393 τὰ
2641 5334 2914 5405 ἀλλόφυλα
2941 5334 3091 5405 ἔθνη,
3116 5336 3362 5389 τουτέστι
3395 5337 3463 5391 τὰ
3487 5339 3674 5409 νοητά.

2172 5439 2356 5494 Ταῦτα
2388 5434 2498 5506 γὰρ
2523 5433 2670 5504 ἡμᾶς
2698 5432 2731 5501 ἡ
2762 5428 2952 5502 Γραφὴ
2985 5426 3298 5480 ὲκπαιδεύει
3329 5427 3561 5497 λέγουσα
3597 5431 3680 5494 είς

2168 5533 2406 5602 διδαχὴν.
2455 5524 2826 5595 Διδασκόμεθα
2868 5517 2983 5586 οὖν,
3037 5521 3112 5583 ὡς
3165 5519 3308 5573 κατὰ
3350 5519 3442 5574 τὸν
3486 5521 3677 5592 καιρὸν

2170 5625 2293 5680 καθ’
2320 5621 2378 5675 ὃν
2404 5620 2530 5682 τοὺς
2568 5616 2667 5688 μὲν
2707 5614 2936 5686 ἐχθροὺς
2973 5608 3241 5674 ἐπάταξεν
3281 5612 3311 5664 ό
3338 5612 3401 5664 ὲκ
3430 5612 3679 5683 σπέρμα-

2172 5735 2261 5781 τος
2296 5713 2437 5769 κατὰ
2471 5711 2648 5782 σάρκα
2675 5708 2771 5762 τοῦ
2797 5705 2979 5770 Δαυῒδ,
3015 5703 3084 5757 τὰ
3113 5702 3170 5757 δὲ
3217 5702 3345 5775 ἔθνη
3374 5705 3550 5759 οἰκεῖα
3579 5722 3677 5758 πε-

2177 5810 2394 5880 ποίηται
2441 5805 2469 5858 ὁ
2512 5802 2620 5857 τῶν
2662 5798 2929 5856 Ἰουδαίων
2974 5795 3134 5864 λαὸς,
3181 5796 3237 5848 ὲν
3276 5794 3525 5867 αἰσθήσει
3580 5796 3675 5866 τῆς
