3976 6220
321 389 426 445 269

1455 393 1819 453 EXPOSITIO
1852 396 1918 451 IN
1956 395 2289 456 PSALMUM
2335 377 2493 459 ux.‘
2562 382 2565 391 ’

3462 404 3568 467 270

371 496 476 581 ,διὰ
510 500 752 572 Χριστὸν
777 485 1063 577 ξτιμωρίας
1103 490 1373 576 γεγονὼς,
1404 510 1739 581 ἐπιστροφήν
1772 527 1871 564 τινι

2066 516 2331 583 converti,
2365 515 2726 587 postulantem
2759 518 2881 575 dari
2916 520 3018 576 sibi
3044 522 3272 593 gratiam
3299 540 3391 596 per
3412 529 3568 586 Chri-

393 593 645 659 ποιεῖται,
676 594 845 661 αἰτῶν
874 596 969 649 καὶ
997 598 1157 662 αὐτὸς
1187 598 1287 669 τῆς
1316 597 1402 652 διὰ
1420 600 1649 670 Χριστὸν
1678 601 1897 673 χάριτος

391 683 708 757 ἀξιωθῆναι.
758 690 1131 757 Ἀποκλαίεται
1152 691 1208 756 δὲ
1235 692 1450 763 πρῶτον
1471 693 1570 773 τὴν
1598 693 1895 763 γενομένην

391 777 536 848 αὐτῷ
560 778 650 832 διὰ
672 780 774 850 τὴν
799 784 878 846 εις
902 784 1134 855 Χριστὸν
1154 784 1471 838 δυσσέϐειαν
1492 786 1891 856 καταστροφὴν,

389 869 470 924 διὸ
493 873 586 925 καί
614 889 803 945 φησιν’
1384 944 1389 957 Ι
1502 903 1507 909 ·

400 961 455 1014 '0
488 962 655 1031 Θεὸς,
685 964 905 1020 ἀπώσω
926 965 1102 1037 ἡμᾶς,
1137 968 1235 1022 καὶ
1278 968 1549 1035 καθεῖλες
1573 966 1750 1038 ἡμᾶς.
1782 968 1892 1036 ὼρ-

314 1053 525 1122 τισθης
576 1054 676 1108 καὶ
720 1057 1088 1127 ᾠκτείρησας
1118 1057 1298 1130 ἡμᾶς.
1334 1061 1689 1134 Ἐτιμωρήσω
1721 1063 1890 1132 ἡμᾶς,

313 1145 472 1217 φησὶ,
502 1146 597 1199 διὰ
621 1147 721 1218 τὴν
754 1150 835 1213 εἰς
871 1149 931 1203 σὲ
967 1151 1342 1223 γεγενημένην
1381 1153 1892 1208 δυσσέϐειαν.Ἀλλὰ

310 1239 409 1291 καὶ
432 1238 775 1310 ᾠκτείρησας
794 1244 963 1313 ἡμᾶς·
985 1242 1046 1297 τὸ
1069 1243 1198 1316 γὰρ,
1225 1245 1610 1315 ᾠκτείρησας,
1632 1248 1752 1302 ἀντὶ
1772 1247 1889 1314 τοῦ,

309 1328 712 1397 οικτείρησον,
752 1331 784 1401 ἢ
830 1330 1002 1396 ἄλλως
1043 1332 1134 1398 τὸ,
1181 1334 1571 1404 ᾠκτείρησας,
1626 1322 1890 1402 ἐλεεινοὺς

308 1421 407 1473 καὶ
439 1421 657 1487 ἀθλίους
681 1423 989 1493 ἀπέφηνας,
1025 1425 1100 1489 ὡς
1130 1425 1219 1480 διὰ
1250 1426 1349 1491 τὰς
1388 1427 1671 1502 συμφορὰς
1700 1429 1889 1503 καιρὸν

305 1508 445 1567 εἶναι
482 1513 949 1586 κατοικτείρεσθαι
982 1516 1185 1572 λοιπόν.
1213 1517 1582 1585 Συνέσεισας
1604 1518 1719 1588 τὴν
1747 1518 1885 1589 γῆν,

304 1607 407 1660 καὶ
446 1607 868 1676 συνετάραξας
908 1608 1121 1676 αὑτήν.
1173 1610 1282 1682 Τὴν
1338 1610 1689 1683 Ἰερουσαλήμ
1732 1628 1884 1683 φησι,

305 1697 395 1751 διὰ
431 1698 494 1751 τὸ
529 1698 958 1770 πολιορκηθῆναι
983 1701 1173 1774 αὐτὴν,
1204 1705 1301 1757 καὶ
1328 1704 1419 1759 τὸν
1447 1706 1505 1757 ὲν
1545 1704 1682 1776 αὐτῇ
1713 1720 1885 1759 κατα-

306 1788 613 1859 στραφῆναι
658 1788 812 1842 νεών.
844 1776 915 1843 Ἠ
950 1791 1042 1844 καὶ
1073 1792 1173 1863 τὴν
1213 1794 1409 1865 νοητὴν
1440 1793 1619 1872 αὐτῶν
1648 1792 1750 1866 γῆν
1779 1812 1885 1865 φη-

2069 616 2238 662 stum.
2263 606 2522 678 Deplorat
2552 618 2731 666 autem
2755 613 2992 682 primum
3019 614 3221 671 illatam
3255 618 3356 674 sibi
3382 621 3451 675 ob
3475 622 3569 677 im-

2068 699 2322 768 pietatem
2354 702 2410 757 in
2441 701 2717 759 Christum
2747 706 2987 776 ruinam,
3015 724 3188 780 quare
3221 711 3298 766 ait
3327 731 3343 767 ι

2063 957 2119 1024 3,
2156 957 2213 1012 4.
2250 942 2412 1026 Deus,
2445 947 2684 1031 repulisti
2717 978 2808 1016 nos
2835 972 2885 1016 et
2917 964 3227 1020 destruxisti
3253 983 3367 1031 nos,
3396 960 3567 1021 iratus

1993 1063 2046 1102 es
2068 1057 2117 1103 et
2143 1039 2389 1129 misertus
2421 1068 2474 1107 es
2502 1054 2669 1109 nobis.
2700 1037 3064 1128 Supplicium,
3094 1058 3290 1129 inquit,
3315 1061 3382 1115 «le
3409 1062 3569 1117 nobis

1994 1142 2275 1211 sumpsisti
2316 1128 2385 1198 ob
2405 1155 2670 1228 inostram
2696 1162 2823 1217 erga
2854 1159 2903 1203 te
2934 1137 3288 1228 impietatem.
3322 1150 3429 1206 Sed
3461 1152 3567 1228 mi-

1992 1243 2172 1289 sertus
2199 1250 2259 1289 es
2287 1220 2480 1301 nobis;
2514 1237 2646 1292 illud
2679 1233 2883 1307 autem,
2914 1225 3159 1297 misertus
3184 1259 3237 1298 es
3268 1259 3366 1313 pro
3405 1245 3565 1299 mise-

1991 1341 2105 1379 rere
2132 1326 2367 1395 positum
2398 1337 2500 1395 est,
2525 1319 2620 1384 aut
2653 1330 2761 1385 alio
2786 1332 2973 1396 modo,
3007 1324 3253 1388 misertus
3292 1351 3369 1399 es,
3404 1336 3567 1392 mise-

1989 1432 2083 1471 ros
2108 1416 2354 1485 eli‘ecisti,
2383 1420 2459 1474 ita
2485 1430 2544 1476 ut
2572 1431 2793 1492 propter
2817 1424 3159 1481 calamitates
3190 1426 3299 1496 jam
3349 1435 3565 1497 tempus

1990 1510 2084 1574 sit,
2142 1518 2203 1567 ut
2225 1511 2784 1570 nobismisericordia
2830 1517 3193 1588 impendatur.
3223 1517 3566 1575 Commovisti

1991 1612 2187 1658 terram
2211 1615 2260 1660 et
2285 1608 2613 1662 conturbasti
2636 1625 2773 1663 eam.
2797 1608 3099 1667 Jerusalem
3127 1613 3278 1674 dicit,
3311 1612 3441 1682 quia
3471 1613 3565 1667 ob-

1988 1709 2138 1749 sessa
2168 1694 2270 1749 fuit
2297 1707 2351 1750 et
2381 1699 2640 1769 templum
2681 1700 2799 1770 ejus
2837 1702 2955 1757 solo
2985 1715 3279 1774 aequatum.
3314 1704 3423 1758 Ant
3452 1705 3565 1774 spi-

1986 1786 2240 1843 ritualem
2279 1804 2469 1845 eorum
2500 1800 2701 1846 terram
2731 1794 2885 1860 dicit,
2914 1808 3038 1864 quae
3070 1808 3292 1866 propter
3319 1797 3563 1851 aversio-

307 1892 434 1939 σιν,.
460 1877 585 1946 ἧτις
630 1877 719 1932 διὰ
760 1879 859 1951 τὴν
901 1880 1251 1953 ἀποστροφὴν
1285 1881 1381 1953 τὴν
1425 1883 1723 1954 γενομένην
1762 1884 1871 1938 κατ

1984 1891 2105 1931 nem
2128 1893 2250 1948 quae
2271 1879 2375 1950 ipsi
2394 1882 2611 1937 obvenit
2628 1895 2899 1957 commota
2922 1898 3024 1942 est.
3051 1887 3199 1943 Sana
3220 1890 3560 1945 contritiones

301 1969 485 2021 αὐτῶν
515 1970 1000 2043 κατακεκλὼηται.
1024 1974 1212 2028 Ἰασαι
1246 1975 1318 2028 τὰ
1348 1975 1761 2044 συντρίμματα
1784 1978 1884 2029 αὺ-

300 2058 431 2126 τῆς,
464 2058 559 2113 ὅτι
586 2060 910 2130 ἐσαλεύθη.
941 2063 1109 2117 Πάλιν
1142 2065 1210 2117 τὰ
1242 2065 1583 2137 γεγενημένα
1608 2064 1878 2132 διέξεισιν.

376 2151 653 2218 Ἕδειξας
678 2152 758 2218 τῷ
788 2154 916 2220 λαῷ
942 2169 1059 2210 σου
1087 2157 1345 2225 σκληρά.
1371 2157 1459 2229 Τῷ
1485 2158 1699 2230 πλήθει,
1723 2161 1877 2231 φησὶ,

297 2242 407 2306 τῶν
439 2244 755 2316 συμφορῶν,
814 2244 1064 2319 καθάπερ
1106 2247 1234 2319 οῐνῳ
1271 2250 1378 2303 τινὶ
1421 2249 1589 2320 κάρον
1632 2252 1762 2322 ἡμῖν
1795 2253 1880 2305 ὲν-

298 2336 586 2406 εποίησας,
616 2338 708 2391 καὶ
732 2338 926 2410 ὀδύνης
953 2338 1254 2411 ἐνέπλησας
1268 2340 1366 2403 τὰς
1392 2342 1665 2414 ἡμετέρας
1677 2342 1875 2415 ψυχάς.

247 2415 250 2418 ’
310 2428 629 2495 Ἐστότισας
676 2427 836 2498 ἡμᾶς
885 2430 1028 2497 οϊνῳ
1069 2431 1467 2497 κατανύξεως.
1516 2432 1672 2487 Οὕτω
1714 2434 1809 2487 καὶ
1848 2435 1878 2487 6

311 2516 539 2580 ’Δκύλας
567 2519 927 2589 ήρμήνευσεν·
970 2520 1288 2586 Ἐπότισας
1322 2517 1479 2589 ἡμᾶς
1505 2520 1648 2588 οϊνῳ
1689 2521 1877 2592 καρώ-

295 2619 473 2675 σεως.
511 2605 666 2663 Οἶνον
696 2609 1038 2676 κατανύξεως
1062 2611 1160 2675 τὰς
1190 2614 1248 2664 ὲν
1272 2616 1393 2676 ταῖς
1428 2612 1600 2676 θείαις
1634 2614 1878 2684 Γραφαϊς

294 2702 566 2774 τιμωρίας
595 2704 748 2774 φησὶ,
785 2701 887 2767 τὰς
927 2704 1506 2775 προανακηρυχθείσας
1554 2707 1736 2771 αὐτοῖς
1774 2708 1876 2777 τῆς

294 2796 374 2857 είς
406 2794 645 2864 Χριστὸν
678 2795 994 2858 δυσσεὸείας
1025 2795 1207 2849 ἕνεκα.
1257 2796 1743 2865 ’Λναγινώσκοντες
1767 2798 1873 2872 γὰρ

295 2887 390 2941 καὶ
425 2889 492 2958 τῇ
523 2888 688 2959 πείρᾳ
706 2887 774 2941 τὰ
815 2889 1259 2961 προηγορευμένα
1299 2888 1677 2959 μανθάνοντες,
1704 2908 1873 2944 κατα-

293 2978 575 3032 νύττονδται
618 2978 680 3031 τὸ
717 2979 975 3043 συνειδός.
1007 2979 1275 3046 Ἔδωκας
1318 2980 1441 3046 τοῖς
1483 2981 1874 3051 φοϐουμένοις

293 3084 368 3122 σε
390 3070 725 3138 σημείωσιν
762 3070 868 3125 τοῦ
908 3070 1123 3141 φυγεῖν
1167 3070 1286 3126 ἀπὸ
1315 3073 1640 3140 προσώπου
1667 3073 1867 3138 τόξου.

1983 1969 2097 2039 ejus
2145 1975 2267 2041 quia
2314 1989 2572 2030 commota
2619 1988 2716 2033 est.
2754 1978 2993 2037 Rursum
3053 1998 3175 2053 qua:
3224 1993 3376 2056 gesta
3432 1993 3563 2041 sunt

1982 2075 2222 2120 enarrat.
2800 2124 2803 2127 ,
2878 2146 2883 2151 ⁷

2060 2156 2114 2221 5,
2137 2157 2191 2212 6.
2225 2158 2518 2217 Ostendiin
2547 2165 2742 2235 popula
2771 2176 2860 2220 tuo
2891 2166 3049 2222 dura.
3078 2167 3442 2237 Multitudine,-
3471 2171 3561 2227 in-

1980 2249 2119 2318 quit,
2150 2252 2546 2321 calamitatum,
2569 2257 2727 2326 quasi
2757 2259 2884 2313 vino
2910 2260 3148 2330 quodam
3177 2272 3431 2333 soporem
3460 2280 3558 2321 no-

1978 2340 2065 2395 bis
2094 2341 2340 2409 ell‘ecisti,
2371 2356 2436 2401 a‘e
2466 2346 2655 2403 dolore
2683 2349 2899 2406 animas
2933 2360 3153 2408 nostras
3186 2355 3553 2425 eomplevisti.

1981 2429 2191 2489 Potasti
2216 2453 2309 2490 nos
2339 2439 2456 2492 tino
2486 2444 2925 2509 compunctionis.
2962 2443 3037 2499 Ita
3063 2444 3263 2515 Aquila
3286 2456 3373 2502 est
3394 2448 3557 2503 inter-

1977 2533 2222 2593 pretatus
2250 2545 2265 2581 :
2294 2526 2504 2584 Potasti
2528 2548 2622 2584 nos
2654 2533 2770 2586 vino
2792 2536 3017 2603 soporis.
3053 2535 3254 2591 Vinum
3284 2552 3554 2609 compun-

1977 2615 2192 2680 ctionis,
2224 2619 2484 2689 supplicia
2505 2620 2559 2675 in
2583 2621 2884 2694 Scripturis
2905 2637 3205 2682 memorata
3222 2639 3402 2694 vocat,
3423 2646 3558 2701 pra-

1976 2709 2223 2763 nuntiata‘
2251 2710 2356 2765 illis
2377 2713 2446 2768 ob
2467 2714 2712 2782 ipsorum
2745 2731 2870 2788 erga
2885 2717 3166 2775 Christum
3197 2722 3549 2792 impietatem.

1980 2792 2114 2850 Dum
2146 2797 2331 2867 legunt
2364 2802 2533 2870 enim,
2559 2810 2614 2860 et
2642 2821 2763 2875 qua:
2799 2810 3057 2877 praedicta
3097 2823 3226 2867 sunt
3267 2816 3554 2885 experien-

1976 2888 2048 2941 tia
2076 2890 2345 2959 ediscunt,
2372 2895 2707 2953 conscientia
2729 2913 3193 2974 compunguntur.
3222 2905 3430 2962 Dedisti
3452 2926 3553 2964 mc-

1977 2980 2239 3033 tuentibus
2274 2991 2321 3037 te
2345 2986 2783 3068 signiﬁcationem
2821 3002 2877 3046 ut
2907 2994 3113 3065 fugiant
3142 3013 3175 3050 a
3209 2997 3346 3068 facie
3370 3017 3547 3057 arcus.

1976 3067 2310 3141 Signiﬁcatio
2337 3087 2421 3132 est
2455 3067 2784 3137 illuminatio
2808 3100 2916 3155 qua
2951 3098 3128 3157 potest
3159 3067 3419 3150 discretio
3447 3094 3551 3150 ha-

291 3164 600 3234 Σημείωσις
629 3167 659 3217 6
682 3165 980 3237 φωτισμὸς,
1014 3165 1133 3220 καθ’
1169 3166 1228 3220 ὃν
1250 3165 1469 3220 δύναταί
1494 3178 1576 3230 τις
1604 3167 1870 3239 διάκρισιν

1984 3160 2088 3215 beri
2111 3160 2420 3233 spirituum,
2451 3178 2661 3227 necnon
2695 3173 2824 3229 ι)σηί
2849 3186 2903 3232 et
2926 3180 3078 3234 mali.
3106 3178 3219 3237 Hae
3238 3183 3382 3239 enim
3412 3201 3548 3254 pra:-

290 3256 435 3328 ἒχειν
484 3259 833 3329 πνευμάτων,
882 3260 977 3314 καὶ
1013 3260 1217 3329 ἀγαθοῦ
1263 3260 1359 3313 καὶ
1409 3260 1600 3314 κακοῦ.
1650 3260 1865 3332 Ταύτης

1984 3250 2070 3305 liti
2098 3256 2322 3323 notitia,
2354 3257 2593 3330 fugimus
2621 3279 2651 3318 a
2684 3267 2874 3331 malis,
2913 3268 3178 3340 longeque
3210 3237 3548 3333 declina‘mus

290 3353 397 3423 γὰρ
443 3351 545 3422 τῆς
597 3351 852 3421 γνώσεως
909 3353 1248 3426 ὑπαρξάσης,
1292 3353 1563 3424 φεύγομεν
1605 3354 1713 3407 ἀπὸ
1757 3354 1863 3407 τῶν

291 3443 570 3514 χειρόνων,
601 3444 819 3515 μακρὰν
840 3445 1010 3499 κακοῦ
1043 3445 1204 3517 ἔργου
1243 3447 1337 3499 καὶ
1366 3446 1674 3516 πνεύματος
1700 3464 1866 3517 πονη-

293 3531 385 3604 ροῦ
416 3533 713 3604 γινόμενοι.
747 3535 855 3589 Τοῦ
881 3536 1086 3591 αὑτοῦ.
1137 3537 1321 3608 Ἡμεῖς
1356 3537 1476 3607 μὲν,
1507 3537 1670 3608 φησὶ,
1697 3536 1762 3590 δι’
1796 3537 1862 3608 ἣν

289 3623 609 3696 ἐπράξαμεν
651 3625 966 3680 δυσσέϐειαν
998 3627 1450 3699 τετιμωρήμεθα·
1484 3630 1533 3681 οὶ
1574 3628 1629 3681 δὲ
1671 3628 1864 3696 φοϐού-

292 3717 440 3784 μενοί
464 3733 528 3770 σε
560 3719 784 3788 σημεῖον
816 3718 1063 3785 ἐδέξαντο
1091 3718 1267 3790 (δῆλον
1299 3719 1373 3783 δὲ,
1397 3720 1477 3773 ὅτι
1510 3722 1568 3773 ὲν
1592 3713 1637 3787 ᾧ
1669 3721 1866 3791 ἐσφρα-

288 3807 448 3878 γίσθη
456 3810 602 3880 μεν),
629 3810 777 3873 ὅπως
800 3808 869 3863 ἂν
891 3809 995 3877 ἔξω
1024 3810 1205 3882 πάσης
1229 3810 1556 3881 κολαπικῆς
1601 3812 1862 3882 ἐπηρείας

288 3901 549 3969 γένοιντο.
581 3902 783 3955 Τούτου
808 3902 866 3956 δὲ
895 3902 990 3956 τοῦ
1025 3903 1251 3974 σημείου
1275 3901 1446 3966 τύπος
1470 3898 1538 3973 ἦν
1569 3902 1631 3956 τὸ
1660 3904 1718 3955 ὲν
1745 3906 1863 3967 ταῖς

290 3993 472 4061 φλιαῖς
499 3991 611 4046 τῶν
636 3993 923 4064 προϐάτων
956 3994 1014 4047 ὲν
1034 3993 1295 4065 Αἰγύπτῳ
1318 3993 1604 4064 χριόμενον
1630 3991 1787 4065 αἷμα.

367 4084 431 4137 '0
481 4083 627 4149 Θεὸς
660 4082 971 4153 ἐλάλησεν
1011 4084 1081 4137 ἐν
1111 4082 1193 4150 τῷ
1224 4084 1370 4154 ἁγίῳ
1397 4084 1607 4139 αὑτοῦ.
1639 4085 1863 4156 Ὅμοιον

285 4172 391 4245 τῆν
443 4175 572 4228 Ἐπ’
596 4173 862 4244 ἐσχάτου
894 4174 1015 4229 τῶν
1040 4173 1277 4244 ἡμερῶν
1307 4175 1534 4229 τούτων
1556 4174 1863 4244 ἐλάλησεν

288 4267 427 4336 ἡμῖν
454 4268 528 4321 ἐν
569 4265 699 4333 nti»
724 4267 893 4331 Αὐτὸς
922 4268 1030 4337 γάρ
1054 4267 1203 4321 ἐστιν
1234 4267 1264 4321 6
1287 4267 1440 4337 ἅγιος
1464 4267 1560 4321 τοῦ
1599 4266 1734 4322 Θεοῦ
1771 4268 1863 4322 καὶ

1972 3347 2041 3440 ab
2085 3349 2334 3419 improbo
2381 3368 2541 3424 opere
2576 3367 2624 3412 et
2673 3367 2704 3413 a‘
2738 3362 2977 3434 maligno
3022 3367 3239 3435 spiritu.
3272 3368 3543 3440 Ejusdem.

1969 3439 2101 3509 Nos,
2131 3444 2329 3516 inquit,
2360 3448 2431 3503 ob
2448 3458 2690 3506 nostram
2714 3451 3048 3524 impietatem
3077 3462 3343 3532 supplicio
3356 3479 3549 3521 sumus

1970 3534 2144 3590 affecti
2170 3555 2185 3591 :
2208 3539 2375 3610 atqui
2410 3541 2606 3597 timent
2627 3552 2699 3611 te,
2730 3547 2948 3617 signum
2981 3563 3310 3621 acceperunt
3343 3556 3546 3628 (palam

1969 3634 2149 3683 autem
2175 3638 2261 3687 est
2292 3631 2422 3687 illud
2462 3634 2679 3705 signum
2706 3652 2829 3701 esse
2862 3654 2974 3711 quo
2997 3642 3271 3715 obsignati
3304 3648 3543 3722 sumus),

1969 3728 2032 3775 ut
2082 3722 2230 3777 omni
2280 3726 2550 3796 supplicio
2598 3728 2759 3785 liberi
2790 3733 2921 3788 sint.
2962 3732 3139 3806 Hujus
3171 3747 3353 3794 autem
3403 3742 3545 3811 signi

1968 3817 2131 3882 typus
2170 3823 2287 3869 erat
2332 3816 2561 3886 sanguis
2606 3819 2790 3874 otium
2811 3819 2868 3874 in
2896 3819 3132 3893 Egypto
3174 3826 3426 3895 poStibus
3458 3828 3545 3883 in-

1968 3918 2236 3973 spersum.

2040 4092 2094 4157 8.
2135 4092 2276 4158 Deus
2320 4096 2528 4161 locatus
2571 4104 2650 4163 est
2690 4112 2747 4164 in
2788 4122 2973 4167 sancto
2998 4117 3115 4170 suo.
3151 4102 3340 4173 Simile
3367 4117 3536 4176 huic:

1967 4191 2037 4247 In
2082 4186 2360 4250 novissimo
2401 4198 2607 4253 dierum
2650 4202 2877 4255 istorum
2922 4203 3128 4260 locutus
3160 4215 3239 4261 est
3287 4209 3439 4263 nobis
3484 4207 3540 4266 in

1969 4283 2115 4340 Filio
2132 4286 2198 4342 ”.
2246 4286 2363 4357 Ipse
2409 4305 2648 4361 namque
2694 4302 2777 4348 est
2822 4305 3047 4374 sanctus
3085 4296 3181 4353 Dei
3229 4308 3285 4354 et
3336 4296 3538 4359 Patris.

288 4359 517 4433 Πατρός.
568 4360 633 4413 Τί
678 4359 737 4413 δὲ
771 4360 1022 4430 ἑλάλησε,
1066 4361 1160 4414 καὶ
1212 4360 1349 4432 πρὸς
1392 4360 1514 4414 τίνα
1558 4360 1860 4432 ὲλάλησεν;

1984 4375 2110 4444 Quid
2158 4387 2213 4434 et
2259 4381 2347 4435 cui
2392 4359 2607 4440 loeutus
2651 4387 2772 4441 est?
2800 4371 3091 4459 Postquam
3125 4391 3180 4445 in
3213 4394 3540 4462 praecedenti

297 4451 514 4523 Ἐπειδὴ
565 4450 768 4524 ηὔξατο
819 4451 880 4506 ὲν
922 4451 1001 4523 τῷ
1046 4452 1371 4523 προλαϐόντι
1412 4451 1613 4524 ψαλμῷ
1654 4452 1857 4522 λέγων’

295 4527 581 4610 Ὑῦοώθητι
621 4542 721 4596 ἐπὶ
776 4542 918 4609 τοὺς
965 4542 1290 4613 οὐρανοὺς,
1323 4546 1357 4598 ὁ
1391 4543 1536 4610 Θεὸς
1555 4584 1569 4609 ,
1619 4544 1718 4598 καὶ
1762 4544 1863 4599 ἐπὶ

284 4632 491 4689 πᾶσαν
513 4633 632 4702 τὴν
659 4633 778 4705 γῆν
801 4636 840 4702 ἡ
867 4634 1016 4699 δόξα
1053 4651 1189 4690 σου·
1217 4634 1407 4689 τούτου
1436 4636 1595 4708 χάριν
1630 4636 1856 4708 ἀποκρί-

285 4740 452 4791 νεται,
487 4724 567 4787 ὠς
592 4725 662 4779 τὰ
687 4724 905 4797 Σίκημα
940 4725 1038 4797 μὲν
1084 4725 1376 4797 διαμεριεζ
1405 4725 1651 4779 τουτέστι
1672 4725 1733 4801 τὸ
1772 4725 1868 4796 βα-

287 4816 483 4872 σίλειον
530 4816 627 4871 τοῦ
676 4818 923 4890 Ἰσραήλ⁴
971 4820 1030 4872 ὲν
1062 4819 1326 4890 Σικήμοις
1368 4817 1477 4889 γὰρ
1521 4812 1609 4889 ἦν.
1655 4818 1866 4873 Δέδωκε

286 4904 391 4976 γὰρ
418 4905 556 4960 αὐτὸ
593 4906 908 4977 ἀλλοφύλοις
936 4906 1114 4961 ἔθνεσι
1141 4910 1254 4971 τοῖς
1289 4906 1641 4961 πιστεύσασιν
1664 4910 1743 4973 εἰς
1768 4909 1865 4961 αὐ-

284 4989 391 5045 τόν.
435 4992 552 5047 Καὶ
593 4991 710 5060 τὴν
744 4992 998 5048 κοιλάδα
1027 4993 1147 5049 τῶν
1176 4993 1425 5063 σιιίνιινιιῗπν¹
1467 4995 1861 5066 διαμετρήσω.

284 5080 521 5138 κοιλάδα
542 5085 579 5155 ἠ
602 5083 722 5138 θεία
749 5085 941 5158 Γραφὴ
972 5086 1034 5140 τὸ
1059 5086 1277 5141 πάντων
1310 5086 1408 5141 ἀνθ
1418 5086 1614 5157 ρώπων
1636 5090 1859 5161 οἰκητή-

292 5165 401 5236 ριόν
425 5183 579 5236 φησι.
606 5176 826 5249 Ταύτην
845 5173 958 5244 οὖν,
989 5179 1141 5250 φησὶ,
1173 5179 1275 5249 τὴν
1311 5177 1535 5234 κοιλάδα
1574 5180 1754 5234 πᾶσαν
1780 5181 1862 5244 εἰς

293 5255 493 5327 σκηνὰς
535 5259 758 5328 ἐμαυτῷ
801 5267 1148 5340 διαμετρήσω
1166 5286 1180 5298 ·
1226 5269 1502 5323 τουτέστιν
1556 5267 1863 5340 ἐκκλησιῶν

291 5344 664 5419 πληρεστάτην
686 5348 1019 5403 ἀποτελέσω.

371 5438 537 5508 Ἐμός
562 5441 697 5495 ἐστι
726 5438 994 5506 Γαλαὰδ,
1021 5440 1119 5495 καὶ
1157 5440 1300 5511 ἐμός
1330 5442 1463 5496 ἐστι
1500 5449 1859 5518 Μανασσῆς.

298 5527 386 5582 Διά
412 5530 620 5587 Γαλαὰδ
652 5532 752 5586 καὶ
776 5532 1043 5605 Μανασσῆ
1083 5534 1357 5604 σημαίνει,
1387 5533 1465 5598 ὡς
1486 5535 1543 5587 ὲν
1569 5540 1636 5608 τῇ
1662 5539 1860 5609 ἐπιφα-

297 5616 404 5689 νείᾳ
436 5621 598 5677 αὐτοῦ
643 5620 888 5695 πρώτοις
942 5624 1215 5689 Ἰουδαίοις
1247 5625 1511 5696 κηρύσσει
1543 5627 1641 5702 τὴν
1674 5632 1856 5703 χάριν.

387 5800 430 5834 ’³
453 5798 616 5859 Hebr.
648 5816 690 5868 ι,
724 5799 784 5853 2.

1968 4471 2181 4541 psalmo
2204 4484 2454 4543 precatus
2477 4474 2653 4532 fuerat
2678 4497 2691 4532 :
2724 4477 2981 4535 Exaltare
3005 4480 3162 4552 super
3184 4489 3358 4551 cwtos,
3377 4482 3536 4551 Deus,

1967 4573 2017 4618 et
2044 4582 2200 4635 super
2232 4582 2435 4622 omnem
2474 4580 2667 4625 terram
2702 4573 2872 4643 gloria
2901 4574 3026 4639 tua;
3078 4577 3199 4632 ideo
3225 4580 3537 4649 respondet,

1965 4669 2026 4711 se
2049 4656 2269 4727 quidem
2294 4659 2535 4716 Sichima
2562 4658 2889 4729 divisurum,
2918 4665 2972 4720 id
2998 4672 3101 4733 est,
3138 4668 3342 4739 regiam
3367 4670 3542 4728 Israe-

1964 4744 2033 4804 lis
2067 4764 2189 4819 quae
2232 4750 2285 4804 in
2334 4749 2593 4810 Sichimis
2636 4761 2771 4810 erat.
2819 4754 2955 4810 Nam
2990 4756 3136 4813 dedit
3178 4772 3297 4813 eam
3346 4760 3539 4817 alienis

1964 4842 2237 4913 gentibus,
2269 4858 2391 4913 quae
2414 4844 2757 4900 crediderant
2791 4846 2848 4900 in
2892 4847 3091 4916 ipsum.
3140 4844 3211 4903 Et
3248 4851 3540 4906 convallem

1965 4931 2427 4987 tabernaculorum
2450 4933 2689 4989 metibor.
2708 4933 3021 4990 Convallem
3049 4936 3231 4994 divina
3255 4937 3539 5010 Scriptura

1964 5023 2212 5079 omnium
2264 5026 2549 5081 hominum
2595 5027 2932 5083 domicilium
2963 5039 3141 5086 vocat.
3180 5027 3332 5087 Hanc
3375 5031 3538 5101 igitur

1964 5126 2183 5173 omnem
2230 5119 2530 5175 convallem
2572 5119 2629 5175 in
2670 5121 3024 5179 tabernacula
3075 5120 3209 5178 mihi
3259 5122 3537 5189 dimetiar,

1962 5208 2015 5264 id
2040 5217 2143 5273 est,
2172 5210 2524 5266 ecclesiarum
2564 5205 2933 5282 plenissimam
2965 5213 3212 5270 elﬁciam.

2039 5451 2090 5506 9.
2118 5452 2267 5508 Meus
2297 5460 2373 5511 est
2404 5455 2613 5513 Galaad
2633 5468 2683 5514 et
2704 5478 2845 5515 mea:
2868 5470 2945 5516 est
2980 5463 3270 5516 Manasscs.
3302 5455 3407 5517 Per
3430 5460 3539 5517 (ἶσα

1967 5542 2089 5598 laad
2124 5555 2179 5601 et
2214 5545 2502 5605 Manassen
2553 5552 2819 5623 signiﬁcat
2850 5568 2908 5607 se
2950 5551 3004 5606 in
3034 5552 3264 5635 adventu
3298 5568 3398 5608 suo
3431 5552 3532 5607 Ju-

1967 5637 2099 5692 daeis
2146 5639 2382 5709 primum
2447 5644 2674 5713 gratiam
2723 5644 3160 5714 praedicaturum.
3209 5644 3327 5703 Ima
3371 5646 3539 5702 etiam
