3976 6220
390 404 489 459 271

1232 395 1289 450 S.
1333 393 1697 454 ATHANASII
1737 386 1887 448 OPP.
1931 390 2107 443 PARS
2148 387 2234 445 Ill.
2276 420 2344 429 —-
2385 387 2791 445 EXEGETICA.

3508 384 3617 441 €72

366 522 651 595 'Ephraim
687 506 933 576 etJudas
962 517 1083 572 dure
1126 516 1287 585 regim
1328 512 1505 567 tribus
1535 510 1698 566 Israel
1728 511 1954 581 gratiam

2072 508 2231 562 Ἀλλά
2258 509 2351 561 καὶ
2395 505 2651 576 Ἐφραῖμ,
2684 505 2832 573 φησὶ,
2870 503 2962 556 καὶ
2999 503 3027 554 6
3064 500 3257 563 Ἰούδας
3277 542 3288 563 ,
3318 502 3371 553 αί
3398 501 3491 554 δύο
3522 508 3617 572 βα-

395 616 642 671 similiter
672 612 955 683 accipient.
1004 607 1136 662 Illud
1178 614 1357 660 autem
1396 622 1408 657 :
1456 604 1734 657 Fortitudo
1768 604 1955 673 capiti.»-

396 708 528 771 mei.
568 706 803 775 positum
839 710 918 756 est
961 716 1093 770 pro,
1149 698 1408 752 fortitudo
1450 696 1783 766 principatus
1828 696 1953 749 mei.

395 792 608 865 Imperii
635 793 778 849 enim
814 790 920 855 sui,
952 791 1005 843 id
1040 796 1142 854 est,
1169 786 1384 843 Israelis
1414 785 1669 841 fortitudo
1701 785 1954 855 Ephraim

394 866 547 953 erat;
575 904 636 943 cx
666 903 729 941 eo
759 901 992 954 namque
1022 898 1245 953 regnum
1283 882 1444 937 Israel
1488 889 1620 935 erat.
1660 879 1816 933 Moab
1849 879 1957 931 olla

395 983 503 1052 spei
526 997 668 1035 mere.
708 976 824 1032 Olla
850 987 935 1032 est
960 992 1071 1030 vas.
1099 976 1186 1028 Ait
1212 984 1392 1029 autem
1438 971 1698 1027 Moabitas
1730 970 1821 1040 qui
1854 987 1957 1023 nu-

392 1082 487 1145 per
515 1073 656 1127 athci
698 1081 883 1131 erant,
930 1083 1077 1138 Spem
1116 1052 1167 1120 in
1209 1080 1331 1120 eum
1362 1072 1675 1132 accepturos
1709 1075 1846 1117 esse.
1890 1059 1953 1114 In

396 1164 687 1219 Iduma'am
708 1160 986 1216 extendam
1012 1158 1420 1212 calceamentum
1452 1171 1641 1208 meum.
1668 1154 1953 1209 ldummam

393 1273 629 1329 quoque,
666 1255 860 1325 inquit,
892 1251 1150 1308 circuibo.
1192 1248 1422 1303 Idumzea
1456 1248 1581 1301 item
1609 1246 1781 1300 aliena
1826 1256 1955 1314 gens

393 1356 529 1403 erat.
586 1344 681 1400 llis
741 1351 918 1397 autem
976 1341 1134 1394 nobis
1186 1338 1510 1401 declaratur,
1558 1345 1742 1404 gentes
1794 1335 1954 1388 etiam

392 1441 522 1519 eius.
542 1438 698 1492 [idem
730 1436 1074 1504 amplexuras
1098 1445 1218 1486 esse
1255 1449 1266 1484 :
1303 1444 1471 1499 quare
1499 1429 1571 1482 ait
1605 1444 1618 1478 ι
1662 1424 1793 1481 Mihi
1822 1426 1954 1480 alie«

394 1528 592 1595 nigente
618 1523 815 1577 subditi
840 1530 982 1575 sunt.

466 1788 552 1850 Η,
590 1788 675 1840 12.
716 1785 844 1849 Quis
874 1784 1088 1836 deducet
1133 1798 1211 1834 me
1252 1781 1305 1833 in
1346 1781 1608 1833 civitatem
1654 1780 1905 1831 munitam
1932 1779 1957 1830 .9

2061 601 2253 656 σιλείαι
2283 600 2376 653 τοῦ
2423 599 2656 670 Ἰσραὴλ,
2682 597 2883 666 ὁμοίως
2928 595 3165 661 δέξονται
3204 594 3302 665 τὴν
3334 595 3512 666 χάριν.
3544 595 3618 647 Τὸ

2057 692 2133 756 δὲ,
2160 691 2523 758 Κραταίωσις
2554 687 2664 755 τῆς
2687 685 2953 755 κεφαλῆς
2975 702 3113 754 μου,
3142 685 3260 738 ἀντὶ
3290 684 3383 737 τοῦ
3403 726 3416 749 ,
3466 684 3612 755 ἰσχὺς

2056 785 2153 853 τῆς
2200 784 2371 854 ἀρχῆς
2419 797 2541 851 μουο
2584 780 2695 850 Τῆς
2740 780 2847 850 γὰρ
2888 777 3060 849 ἀρχῆς
3103 775 3264 829 αὐτοῦ
3298 770 3365 846 ἦς
3414 771 3613 845 ἦρχεν,

2055 874 2298 926 τουτέστι
2330 872 2422 923 τοῦ
2453 870 2686 943 Ἰσραὴλ,
2718 872 2745 923 6
2787 867 3020 939 Ἐφραῒμ
3063 862 3131 937 ἦν
3163 867 3195 935 ἠ
3229 864 3378 935 ἰσχύς
3399 882 3411 894 ·
3439 865 3497 930 ἐξ
3522 865 3616 918 αὐ-

2057 964 2149 1017 τοῦ
2174 965 2281 1034 γὰρ
2308 958 2373 1033 ἦν
2398 964 2430 1033 ἡ
2455 961 2694 1030 βασιλεία
2722 959 2814 1012 τοῦ
2862 959 3090 1030 Ἰσραήλ.
3113 957 3289 1010 Μωὰϐ
3304 956 3485 1025 λέϐης
3509 955 3614 1024 τῆς

2057 1057 2301 1121 ἐλπίδος
2340 1073 2476 1124 μου.
2512 1053 2830 1123 Λέὸης.μέν
2864 1053 2926 1105 τὸ
2974 1053 3193 1120 δοχεῖον.
3238 1050 3398 1118 Λέγει
3435 1050 3510 1105 δέ.
3543 1050 3616 1113 ὡς

2058 1150 2148 1203 καὶ
2178 1149 2226 1201 οἱ
2257 1146 2571 1208 Μωαϐῖται,
2630 1144 2872 1197 τουτέστι
2920 1143 2980 1195 τὸ
3019 1140 3211 1213 πρώην
3263 1142 3422 1196 ἄθεον
3468 1140 3617 1206 ἔθνος

2057 1240 2368 1309 ὑποδέχεται
2389 1239 2485 1308 τὴν
2511 1240 2589 1301 εἰς
2620 1237 2717 1307 ἐμὲ
2743 1236 2947 1289 ἐλπίδαε
2988 1234 3112 1287 Ἐπὶ
3137 1233 3251 1301 τὴν
3293 1232 3620 1301 Ἰδουμαίαν

2056 1329 2274 1384 ἐκτενῶ
2314 1330 2377 1381 τὸ
2432 1326 2711 1397 ὑπόδημά
2753 1343 2890 1396 μου.
2934 1326 3043 1378 Καὶ
3091 1326 3149 1377 ἐν
3204 1326 3269 1395 τῇ
3314 1324 3616 1393 Ἰδουμαίᾳ,

2058 1425 2253 1493 φησὶν,
2290 1420 2738 1492 ἐμπεριπατήσω.
2784 1417 3053 1488 Ἰδουμαία
3082 1416 3139 1469 δὲ
3181 1416 3339 1469 πάλιν
3384 1415 3618 1484 ἀλλοφύ-

2056 1513 2160 1566 λων
2190 1509 2257 1584 ἦν
2289 1511 2455 1575 ἔθνος.
2492 1511 2750 1581 Δηλοῦται
2785 1510 2839 1562 δὲ
2878 1510 2964 1562 διὰ
3008 1509 3209 1561 τούτων
3233 1509 3381 1578 ἡμῖν,
3412 1508 3486 1571 ὡς
3518 1508 3618 1579 τὴν

2056 1608 2134 1669 είς
2163 1606 2322 1659 αὐτὸν
2358 1605 2538 1658 πίστιν
2571 1603 2664 1658 καὶ
2695 1602 2763 1656 τὰ
2807 1603 2930 1672 ἔθνη
2968 1600 3374 1673 παραδέξονται·
3403 1600 3482 1653 διό
3513 1616 3618 1670 φη-

2058 1714 2159 1750 σιν’
2204 1697 2365 1767 Ἐμοὶ
2392 1697 2729 1764 ἀλλόφυλοι
2757 1693 3162 1763 ὑπετάγησαν.

2129 1791 2222 1855 Τίς
2262 1788 2476 1851 ἀπάξει
2504 1804 2577 1855 με
2611 1789 2698 1852 εὶς
2744 1788 2924 1839 πόλιν
2973 1782 3293 1852 περιοχῆς;
3355 1781 3617 1844 Ἀκούσας

392 1881 526 1933 Cum
560 1896 653 1948 per
677 1878 936 1948 Spiritum
960 1876 1200 1929 audisset
1226 1872 1481 1943 propheta
1506 1881 1691 1942 gentes
1718 1871 1945 1941 gratiam

2058 1880 2137 1934 5ιά
2170 1880 2260 1932 τοῦ
2294 1881 2607 1949 Πνεύματος
2645 1880 2672 1930 6
2700 1879 3001 1948 προφήτης,
3045 1876 3119 1938 ὼς
3146 1874 3214 1927 τὰ
3248 1873 3373 1943 ἔθνη
3398 1874 3609 1942 δέχεται

392 1984 513 2027 esse
545 1980 889 2039 accepturas,
923 1969 998 2022 ait
1028 1985 1042 2021 :
1076 1967 1205 2031 Quis
1240 1966 1453 2018 deducet
1488 1981 1566 2018 me
1595 1966 1650 2018 in
1687 1967 1947 2017 civitatem

394 2064 695 2118 munitam?
737 2063 1249 2127 Civitatemautem
1289 2056 1546 2111 munitam
1582 2066 1736 2110 vocat
1761 2055 1948 2109 Eccle-

394 2155 550 2220 siam,
569 2170 689 2224 quae
714 2153 808 2206 Dei
839 2153 1034 2206 virtute
1060 2148 1464 2205 circumvallata
1488 2157 1592 2202 est.
1624 2146 1747 2202 Haec
1769 2156 1948 2200 autem

394 2250 654 2317 propheta
680 2246 754 2300 ait
778 2245 933 2315 quasi
957 2259 1020 2298 ex
1045 2256 1275 2312 persona
1303 2241 1612 2309 pcenitentis
1639 2238 1948 2293 Judmorum

391 2337 595 2406 populi,
632 2346 684 2390 et
714 2335 950 2405 optantis
982 2333 1227 2401 accipere
1254 2332 1410 2386 fidem
1437 2332 1489 2385 in
1515 2330 1812 2387 Christum.
1846 2332 1950 2383 Aut

372 2430 509 2498 quis
544 2428 759 2480 deducet
793 2430 872 2478 me
905 2440 1063 2494 usque
1110 2426 1164 2476 in
1201 2422 1531 2475 Idumwam?
1559 2420 1803 2475 Declarat
1833 2434 1953 2489 qua:

392 2521 464 2575 sit
500 2520 690 2573 civitas
722 2517 949 2571 munita.
993 2515 1124 2581 Quae
1167 2515 1329 2584 igitur
1371 2520 1487 2577 est,
1524 2512 1626 2566 nisi
1677 2509 1952 2566 ldumrea?

392 2610 495 2665 Per
522 2609 808 2663 ldumacam
851 2607 996 2661 enim
1026 2605 1295 2675 signiﬁcat
1318 2619 1507 2658 omnes
1539 2610 1723 2672 gentes
1748 2616 1868 2670 qum
1893 2601 1953 2653 ti-

390 2702 512 2755 dem
542 2707 885 2769 acceperunt.
921 2697 1107 2751 Nonne
1140 2707 1220 2762 tu,
1256 2695 1415 2759 Deus,
1443 2697 1532 2764 qui
1562 2692 1796 2762 repulisti
1822 2694 1953 2746 nos?

390 2793 525 2862 Quis
554 2793 712 2856 alius,
747 2792 860 2855 ait,
909 2805 1009 2844 nos
1038 2788 1093 2842 in
1118 2787 1391 2842 civitatem
1425 2785 1687 2839 munitam
1719 2783 1950 2847 duxerit,

394 2884 498 2938 nisi
528 2890 587 2936 tu
624 2882 738 2951 ipse
771 2880 885 2950 qui,
925 2888 1144 2948 propter
1174 2876 1484 2946 iniquitates
1519 2883 1764 2939 nostras,
1792 2888 1889 2927 nos
1922 2887 1951 2926 a

390 2985 485 3030 tua
518 2971 882 3028 familiaritate
913 2967 1191 3039 rcpulisti?

466 3149 549 3202 45.
594 3147 674 3200 Da
712 3146 858 3201 nobis
905 3142 1163 3197 auxilium
1191 3142 1253 3194 de
1286 3139 1640 3204 tribulatione,
1666 3138 1790 3208 quia
1825 3152 1953 3190 vana

394 3240 537 3293 salus
564 3239 810 3291 hominis.
854 3234 1096 3304 Non‘per
1127 3234 1446 3298 humanam,
1474 3230 1669 3300 inquit,
1707 3228 1831 3283 belli
1860 3241 1951 3282 so-

395 3332 665 3394 cietatem,
696 3329 765 3383 ab
787 3326 1165 3398 ingruentibus
1202 3324 1360 3378 nobis
1390 3321 1791 3378 calamitatibus
1817 3319 1954 3388 eripi

395 3436 676 3493 speramus
697 3458 712 3484 ,
748 3420 841 3476 sed
874 3434 967 3490 per
1000 3426 1150 3473 tuum
1186 3418 1358 3475 solum
1394 3416 1677 3470 auxilium.
1717 3412 1787 3468 Et
1821 3428 1954 3465 uaria

393 3515 540 3570 salus
559 3515 801 3568 hominis.
822 3512 925 3579 Qui
949 3520 1131 3582 sperat
1154 3511 1210 3565 in
1239 3510 1468 3566 salutem
1501 3507 1737 3564 hominis
1757 3517 1953 3560 vanam

395 3606 498 3661 sibi
528 3621 678 3676 spem
714 3604 987 3675 proponit.
1018 3604 1273 3673 Apertius
1302 3603 1664 3675 Symmachus
1696 3602 1957 3670 interpre-

395 3706 540 3752 tatus
564 3706 669 3761 est,
704 3696 967 3766 adjiciens
999 3696 1319 3766 particulam
1348 3695 1749 3764 conjunctivam
1782 3708 1846 3748 ac
1872 3693 1955 3747 di-

394 3804 523 3845 cens
560 3805 573 3841 :
614 3788 697 3842 Da
738 3789 887 3843 nobis
924 3788 1183 3843 auxilium
1232 3790 1297 3841 de
1349 3788 1703 3841 tribulatione.
1746 3786 1954 3841 Etenim

394 3895 528 3935 vana
557 3880 701 3933 salus
733 3878 981 3932 hominis;

464 4058 549 4114 14.
592 4056 657 4111 1η
686 4055 795 4111 Deo
827 4057 1081 4126 faciemus
1116 4056 1381 4111 virtutem.
1422 4054 1720 4121 Auxiliare,
1756 4054 1952 4125 inquit,

392 4151 460 4203 iis
489 4150 577 4217 qui
614 4165 672 4204 se
701 4149 841 4202 male
870 4148 1090 4202 habent.
1124 4146 1206 4201 Tu
1235 4162 1471 4216 namque
1501 4146 1651 4201 solus
1679 4155 1832 4217 potes
1866 4161 1956 4199 ca-

393 4238 725 4294 lamitatibus
756 4238 1004 4293 liberare.
1042 4237 1331 4292 Hominum
1366 4237 1510 4293 enim
1543 4238 1743 4291 auxilia
1771 4245 1823 4292 te
1847 4251 1951 4290 non

394 4341 664 4385 annuente
694 4347 833 4385 vana
864 4338 1009 4385 sunt.
1055 4329 1185 4399 Ejus
1217 4331 1397 4400 itaque
1445 4329 1835 4401 providentiam
1866 4328 1950 4381 in-

393 4423 730 4486 vocabimus,
760 4430 813 4476 et
836 4422 892 4475 in
917 4422 1037 4491 ejus
1066 4422 1260 4478 virtute
1289 4422 1643 4477 confidemns.
1663 4419 1786 4474 llaec
1806 4421 1951 4475 enim

2052 1971 2147 2042 τὴν
2177 1971 2356 2041 χάριν,
2388 1970 2537 2039 φησί’
2576 1970 2670 2033 Τίς
2701 1984 2778 2037 με
2816 1967 3031 2030 ἀπάξει
3056 1968 3142 2030 είς
3171 1967 3352 2017 πόλιν
3379 1963 3489 2030 τῆς
3520 1978 3618 2017 πει

2042 2064 2291 2134 ριοχ-ῆς;
2333 2062 2492 2115 Πόλιν
2534 2061 2589 2114 δὲ
2630 2060 2886 2132 περιοχῆς
2935 2057 3030 2128 τὴν
3086 2055 3408 2126 Ἐκκλησίαν
3451 2055 3612 2125 φησι,

2049 2157 2146 2228 τὴν
2197 2151 2712 2227 περιπεφραγμὲνην
2741 2154 2807 2222 τῇ
2840 2146 3107 2228 τοῦλθεοῦ
3154 2148 3395 2216 δυνάμει.
3432 2144 3616 2199 Ταῦτα

2050 2225 2163 2299 δὲτὸ
2209 2225 2490 2315 προφήτής
2526 2246 2600 2305 ὡς
2651 2228 2716 2294 ei
2762 2225 3050 2310 προσώπου
3092 2236 3183 2290 τοῦ
3237 2236 3617 2307 μετανοοῦντος

2051 2333 2179 2387 λαοῦ
2230 2334 2338 2387 τῶν
2381 2332 2639 2385 Ἰουδαίων
2684 2330 2835 2399 φησὶ,
2884 2327 2975 2380 καὶ
3014 2325 3335 2395 ἀγαπῶντος
3364 2325 3616 2389 δέξασθαι

2050 2427 2148 2497 τὴν
2173 2425 2352 2478 πίστιν
2375 2424 2473 2493 τὴν
2499 2425 2577 2485 είς
2606 2421 2856 2493 Χριστόν.
2888 2419 3070 2482 Ἦοτίς
3097 2415 3381 2484 ὁδηγήσει
3403 2433 3479 2485 με
3504 2416 3617 2484 ἕως

2052 2515 2162 2582 τῆς
2201 2515 2557 2582 Ἰδουμαίαςς
2592 2512 2751 2582 Δηλοῖ
2773 2511 2856 2573 τίς
2891 2511 3034 2563 ἐστιν
3061 2511 3093 2579 ἡ
3124 2507 3276 2571 πόλις
3303 2510 3401 2577 τῆς
3427 2523 3615 2578 περιο-

2053 2607 2173 2677 χῆς.
2230 2606 2324 2670 Τίς
2380 2601 2471 2659 οὖν
2525 2608 2671 2657 ἐστιν
2718 2603 2750 2674 ἢ
2799 2604 2831 2674 ἡ
2892 2601 3194 2671 Ἰδουμαία;
3248 2599 3377 2652 Ἀπὸ
3416 2600 3470 2651 δὲ
3516 2600 3617 2669 τῆς

2066 2698 2360 2769 Ἰδουμαίας
2402 2698 2576 2751 πάντα
2623 2695 2692 2749 τά
2738 2694 2864 2764 ἔθνη
2917 2692 3165 2763 σημαίνει
3217 2691 3283 2745 τά
3330 2677 3425 2762 τὴν
3456 2691 3618 2759 χάριν

2054 2788 2440 2858 ὑποδεξάμενα.
2498 2787 2644 2856 Οὐχὶ
2713 2785 2794 2840 σὺ
2848 2788 2881 2838 ὁ
2941 2784 3083 2849 Θεὸς
3144 2786 3177 2837 ὁ
3224 2781 3619 2849 ἀπωσάμενος

2053 2881 2208 2950 ἡμᾶς
2226 2897 2243 2944 ;
2272 2881 2366 2943 Τίς
2398 2879 2573 2942 ἄλλος,
2603 2877 2785 2949 φησιν,
2816 2877 2961 2947 ἡμᾶς
3002 2877 3081 2938 εἰς
3107 2876 3205 2946 τὴν
3236 2875 3387 2928 πόλιν
3420 2873 3617 2941 ἀγάγοι

2053 2973 2149 3044 τῆς
2199 2972 2519 3044 περιοχῆςῆ
2565 2972 2626 3023 σὺ
2678 2970 2858 3037 αὐτὸς,
2893 2972 2920 3023 6
2970 2970 3063 3022 καὶ
3110 2968 3196 3022 διὰ
3243 2968 3341 3032 τὰς
3391 2967 3618 3037 ἀνομίας

2055 3067 2086 3135 ὴ
2097 3065 2212 3135 μῶν
2240 3068 2336 3135 τῆς
2369 3065 2467 3134 σῆς
2493 3062 2813 3125 οἱκειώσεως
2839 3062 3115 3123 ἐκϐαλώνς

2126 3157 2231 3222 Δὸς
2271 3155 2414 3225 ἡμῖν
2450 3156 2740 3224 βοήθειαν
2793 3154 2860 3207 ἐκ
2917 3153 3209 3220 θλίψεων,
3256 3152 3353 3205 καὶ
3397 3153 3620 3221 ματαία

2055 3248 2315 3315 σωτηρία
2341 3245 2671 3314 ἀνθρώπου.
2698 3246 2772 3299 Οὑ
2803 3244 2890 3298 διὰ
2913 3244 3272 3314 ἀνθρωπίνης,
3296 3243 3617 3314 φησὶ,’συμ-

2059 3340 2258 3409 μαχίας
2290 3339 2396 3391 τῶν
2443 3337 2881 3407 ἐπελευσομένων
2908 3338 3036 3406 ἡμῖν
3068 3336 3297 3405 θλίψεων
3329 3334 3621 3405 ἐλπίζομεν

2057 3428 2614 3500 ἐλευθερωθήσεσθαι,
2649 3428 2761 3481 ἀλλ’
2800 3429 2831 3499 ἢ
2885 3427 2972 3480 διὰ
3015 3429 3114 3497 τῆς
3152 3426 3250 3496 σῆς
3289 3426 3453 3497 μόνης
3497 3428 3619 3480 ἐπι-

2056 3518 2297 3589 κουρίας.
2332 3517 2442 3572 Καὶ
2464 3518 2683 3587 ματαία
2711 3517 2971 3584 σωτηρία
3002 3516 3331 3584 ἀνθρώπου.
3367 3518 3481 3580 Πᾶς
3508 3516 3620 3584 γὰρ

2054 3610 2082 3661 6
2107 3608 2338 3673 ἐλπίζων
2372 3609 2463 3661 ἐπὶ
2504 3608 2777 3679 σωτηρίαν
2818 3606 3099 3679 ἀνθρώπου
3151 3610 3230 3671 είς
3259 3609 3490 3678 ματαίαν
3531 3608 3622 3661 ἐλ-

2056 3701 2184 3755 πίδα
2222 3701 2433 3771 ἤλπισε.
2480 3700 2815 3770 Σαφέστερον
2859 3701 2888 3752 6
2930 3700 3224 3770 Σύμμαχος
3269 3701 3618 3771 ἡρμήνευσε,

2056 3792 2306 3864 προσθεὶς
2337 3792 2428 3844 τὸν
2477 3790 2765 3860 σύνδεσμον
2796 3790 2889 3843 καὶ
2932 3789 3119 3842 εἰπών’
3147 3789 3256 3854 Δὸς
3297 3789 3441 3857 ἡμῖν
3466 3788 3612 3853 ,ϐοή-

2054 3887 2217 3937 θειαν
2243 3884 2311 3937 ἐκ
2359 3884 2651 3951 θλίψεωςί
2678 3882 2776 3936 καὶ
2810 3881 2919 3952 γὰρ
2957 3883 3176 3951 ματαία
3215 3882 3473 3950 σωτηρία
3512 3882 3621 3935 ἀνε-

2055 3978 2305 4046 θρώπου.
3333 3981 3337 3985 ·

2154 4070 2254 4124 Ἑν
2291 4068 2371 4134 τῷ
2421 4068 2542 4133 Θεῷ
2589 4068 2917 4137 ποιήσομεν
2965 4067 3236 4138 δύναμιν.
3289 4060 3618 4139 Ἕπάμυνον,

2055 4162 2207 4231 φησὶ,
2250 4161 2607 4232 διακειμένοις
2641 4161 2840 4224 κακῶς.
2876 4161 2964 4214 Σοὶ
3009 4162 3152 4231 μόνῳ
3183 4159 3401 4214 δυνατὸν
3432 4158 3617 4212 διαλῦ-

2056 4267 2143 4303 σαι
2175 4251 2272 4315 τὰς
2304 4254 2605 4323 συμφοράς.
2634 4253 2703 4304 Αἵ
2731 4269 2787 4305 τε
2816 4252 2925 4305 τῶν
2953 4251 3261 4325 ἀνθρώπων
3286 4250 3616 4321 ἐπικουρίαι,

2056 4342 2148 4394 σοῦ
2182 4344 2254 4413 μὴ
2289 4342 2553 4407 νεύοντος,
2587 4342 2829 4413 μάταιαι.
2872 4343 2981 4412 Τὴν
3020 4343 3195 4397 τοίνυν
3226 4342 3388 4397 abeo;
3425 4343 3621 4395 ἐπικα-

2053 4428 2318 4499 λεσόμεΘα
2345 4431 2621 4501 πρόνοιαν,
2655 4431 2750 4484 καὶ
2781 4433 2845 4501 τῇ
2892 4430 3054 4484 αὑτοῦ
3085 4431 3308 4501 δυνάμει
3344 4430 3616 4501 θαρρήσο-

394 4512 506 4569 sola
528 4500 722 4570 sufficit
746 4512 810 4567 ad
838 4514 1021 4584 gravia
1051 4529 1278 4584 quaeque
1302 4514 1580 4577 solvenda,
1599 4521 1652 4567 et
1674 4512 1741 4568 ad
1771 4512 1952 4566 inimi-

2058 4537 2173 4592 μεν.
2200 4521 2345 4592 Αὕτη
2371 4500 2478 4592 γὰρ
2512 4524 2671 4592 ἀρκεῖ
2698 4500 3014 4592 μόνηλῦσαι
3043 4521 3111 4575 τὰ
3138 4500 3365 4591 χαλεπὰ.
3389 4500 3482 4575 Kal.
3507 4521 3621 4574 τῶν

392 4622 579 4661 eorum
611 4622 712 4660 nos
741 4606 1178 4676 impugnantium
1207 4607 1498 4675 potentiam
1521 4604 1951 4674 opprimendam.

393 4696 593 4753 Mutuis
626 4713 722 4753 ceu
756 4699 983 4754 vocibus
1013 4700 1414 4768 colloquuntur,
1472 4699 1766 4766 dicuntque
1804 4711 1861 4750 se
1898 4696 1956 4751 in

389 4787 509 4843 solo
540 4785 648 4842 Deo
671 4803 819 4858 spem
857 4789 1183 4859 reposuisse.-
1216 4788 1578 4855 Quamobrcm
1607 4786 1682 4840 ait
1711 4800 1727 4837 :
1762 4786 1897 4840 Cum
1923 4800 1954 4840 a

391 4881 508 4935 solo
526 4878 633 4934 Deo
656 4882 764 4935 vim
787 4881 1025 4937 futuram
1048 4883 1205 4937 nobis
1231 4881 1649 4951 speraverimus,
1673 4887 1803 4935 tunc
1820 4879 1953 4934 nihil

388 4988 508 5028 esse
541 4973 791 5029 inimicos
816 4982 1034 5030 nOStros
1064 4974 1417 5044 reperiemus.

463 5063 511 5117 l.
554 5063 618 5117 In
650 5064 807 5135 finem
843 5067 898 5118 in
926 5066 1131 5135 hymnis
1162 5063 1351 5119 David.
1386 5061 1622 5119 ΡεΑιΜ
1634 5060 1723 5118 US
1760 5062 1879 5117 LX.

970 5155 1367 5224 Argumentum.

388 5242 604 5301 Gratias
649 5243 760 5300 Deo
784 5242 949 5299 refert
973 5260 1095 5300 cum
1122 5260 1221 5314 pro
1256 5245 1456 5312 seipso,
1488 5252 1601 5298 tum
1631 5258 1728 5314 pro
1753 5244 1953 5313 populo

456 5335 689 5391 salutem
718 5351 815 5406 per
846 5336 1077 5406 gratiam
1108 5338 1319 5405 adepto.
1354 5335 1643 5391 Pollicetur
1672 5348 1853 5390 autem
1892 5352 1951 5391 se

458 5442 582 5480 cum
620 5428 676 5482 in
714 5429 932 5484 κιαι-οἰδ
966 5427 1174 5497 degerit
1208 5428 1581 5483 mansionibus
1619 5429 1951 5483 incessanter

458 5516 645 5571 laudes
678 5521 1029 5574 emissurum.

456 5604 515 5670 2,
548 5606 600 5658 3.
641 5605 874 5668 Exaudi,
912 5608 1047 5662 Deus
1070 5649 1085 5673 ,
1114 5607 1526 5675 deprecationem
1567 5625 1753 5663 meam.
1798 5608 1947 5673 Quo-

392 5694 535 5747 niam
584 5697 876 5763 potentiam
927 5716 992 5754 ac
1038 5701 1375 5771 tyrannidem
1423 5702 1727 5755 daemonum
1776 5700 1950 5768 respi-

391 5784 564 5852 ciens,
597 5786 866 5843 auxietate
895 5790 1086 5858 plenus
1113 5807 1271 5860 sum;
1320 5792 1442 5848 ideo
1473 5793 1733 5858 obsecro,
1781 5801 1841 5847 ut
1882 5790 1949 5845 ad

2057 4614 2431 4693 πολεμούντων
2472 4615 2603 4685 ἡμῖν
2637 4614 2937 4668 καταλῦσαι
2966 4613 3064 4684 τὴν
3106 4612 3441 4667 δυναστείαν.
3494 4611 3618 4663 Ἀλ-

2053 4703 2232 4781 λήλοις
2264 4703 2451 4775 ὥσπερ
2484 4703 2843 4773 ὲπιφωνοῦσιν
2876 4703 2964 4755 ἐπὶ
2993 4702 3070 4773 τῷ
3101 4700 3219 4771 Θεῷ
3260 4700 3406 4772 μόνῳ
3432 4699 3620 4755 λοιπὸν

2052 4796 2150 4857 τὰς
2183 4794 2401 4857 ἐλπίδας
2443 4794 2586 4865 ἔχειν
2625 4797 2725 4864 τῆς
2763 4794 3055 4865 σωτηρίας.
3100 4791 3192 4845 Διό
3235 4808 3415 4861 φησιν’
3447 4792 3620 4845 Ὅτα-

2052 4885 2145 4937 ἐπὶ
2176 4885 2252 4955 τῷ
2280 4884 2398 4955 Θεῷ
2436 4884 2797 4955 δυναμοῦσθαι
2827 4884 3153 4953 ἐλπίσωμεν,
3185 4883 3304 4936 τότε
3339 4882 3430 4935 καὶ
3464 4881 3620 4938 οὐδὲν

2052 4977 2207 5040 ὄντας
2234 4978 2359 5041 τοὺς
2382 4976 2608 5049 ἐχθροὺς
2641 4975 2798 5048 ἡμῶν
2828 4976 3149 5048 εὑρήσομενε

2087 5072 2191 5135 Εὶς
2213 5069 2278 5123 τὸ
2307 5069 2479 5135 τέλος
2509 5070 2579 5123 ὲν
2608 5070 2818 5138 ὕμνοις
2840 5066 2920 5133 τῷ
2946 5066 3145 5121 Δαυτδ.
3178 5067 3482 5122 ΨΑΛΜΟΣ
3502 5064 3579 5119 ε’.

2655 5161 2975 5227 Ὑπόθεσις.

2051 5253 2405 5322 Εὑχαριστίαν
2438 5250 2695 5322 ἀναφέρει
2734 5249 2853 5321 Θεῷ
2893 5250 3032 5323 ὑπέρ
3063 5267 3122 5302 τι
3151 5238 3341 5293 ἑαυτοῦ
3384 5239 3479 5294 καὶ
3514 5239 3609 5293 τοῦ

2122 5343 2379 5406 σωθέντος
2406 5342 2492 5396 διὰ
2524 5343 2621 5411 τῆς
2652 5343 2883 5397 ulc-rem;
2917 5332 3065 5387 λαοῦ.
3104 5331 3453 5399 Ἐπαγγέλλετ
3474 5328 3522 5385 ιζ
3549 5348 3610 5383 τε

2117 5434 2210 5485 καὶ
2240 5435 2297 5487 ὲν
2323 5436 2438 5490 ταῖς
2469 5424 2706 5487 αιωνίοις
2742 5425 2976 5493 γεγονὼς
3012 5426 3196 5495 μοναῖς
3222 5422 3608 5497 άκαταλήκί-ως

2116 5520 2458 5590 ἀναπέμπειν
2485 5516 2580 5587 τὴν
2604 5516 2824 5569 αῖνεσιν.

2121 5610 2520 5682 Εὶσάκουσον,
2563 5610 2595 5661 ό
2622 5606 2787 5673 Θεὸς,
2820 5604 2929 5675 τῆς
2955 5604 3218 5675 δεήσεώς
3235 5621 3376 5673 μου.
3393 5602 3609 5675 Ἐπειδὴ

2048 5705 2127 5764 εἰς
2173 5702 2271 5771 τὴν
2313 5696 2757 5753 καταδυναστείαν
2802 5696 2894 5752 πα)⁸
2927 5697 3005 5759 είς
3044 5697 3141 5767 τὴν
3169 5694 3459 5767 τυραννίδα
3500 5694 3611 5749 τῶν

2050 5790 2315 5862 δαιμόνων
2338 5788 2576 5861 ἀφορῶν,
2600 5787 2824 5860 ἀκηδίας
2850 5786 3232 5859 πεπλήρωμαι·
3247 5784 3436 5841 τούτου
3453 5784 3610 5858 χάριν
