3976 6220
325 385 436 446 275

1447 401 1808 459 EXPOSITIO
1844 404 1909 459 ΙΝ
1956 407 2286 467 PSALMUM
2330 412 2463 469 LXI.

3477 436 3580 493 2ἳὸ

329 505 580 570 ἱκετεύω,
609 507 760 573 ὅπως
802 510 1080 580 ἐπιφανεὶς
1110 511 1207 580 τῆς
1239 510 1347 564 τῶν
1389 512 1722 584 βιαζομένων
1765 520 1863 588 ήμέ

2014 531 2259 580 nostrum
2305 541 2654 598 conspectum
2688 537 2910 593 veniens
2940 542 3140 611 eripi-as
3177 558 3277 600 nos
3315 546 3384 603 de
3414 564 3581 607 manu

324 595 477 669 ἐξέλῃ
524 600 729 672 χειρός.
772 602 837 655 [ὸ
866 602 944 667 δὲ,
988 602 1117 656 Ἀπὸ
1150 601 1265 657 τῶν
1304 605 1573 672 περάτων
1617 606 1726 676 τῆς
1770 608 1902 678 γῆς,

327 689 578 760 σημαίνει
604 693 746 756 ὑπὲρ
779 696 958 767 πάσης
983 695 1141 750 αὐτὸν
1171 695 1270 766 τῆς
1299 697 1622 767 οἰκουμένης
1649 700 1904 771 ποιούμε-

322 797 412 833 νον
442 782 541 846 τὰς
570 782 743 850 λιτάς.
775 787 907 841 Ἀπὸ
932 786 1050 841 τῶν
1079 786 1348 853 περάτων
1381 787 1486 855 τῆς
1514 788 1624 858 γῆς
1653 792 1802 860 πρὸς
1828 793 1903 846 σὲ

320 873 629 942 ἐκέκραξα.
670 879 885 951 Ἐπειδὴ
916 880 1023 951 γὰρ
1056 881 1268 945 πολλοῖς
1296 884 1554 953 σταθμοῖς
1582 886 1613 956 ή
1648 884 1900 942 Βαϐυλὼν

318 966 421 1036 τῆς
455 968 818 1041 Παλαιστίνης
843 971 1139 1042 ἀφέστηκε,
1169 972 1267 1035 τὰς
1305 973 1559 1043 ἐσχατιὰς
1586 976 1900 1047 ὑπελάμϐα-

318 1074 404 1112 νον
448 1060 550 1130 τῆς
597 1062 922 1132 οἰκουμένης
978 1064 1145 1117 οἰκεῖν
1195 1066 1245 1117 οἱ
1291 1064 1893 1137 ἐξανδραποδισθέντες,

316 1151 578 1222 κάκείνην
632 1154 956 1223 τεταγμένοι
1008 1154 1105 1225 τὴν
1155 1156 1259 1224 γῆν
1310 1158 1497 1213 οἰκεῖν.
1557 1160 1658 1213 Ἐν
1710 1160 1894 1230 πέτρᾳ

314 1242 568 1311 ὕψωσάς
606 1262 704 1314 με.
750 1246 1029 1300 Δεῖκνυσιν
1080 1248 1282 1311 εὐθέως
1315 1251 1705 1316 εἰσακουσθεὶς,
1756 1255 1895 1308 κατά

312 1335 392 1387 τό·
428 1336 559 1390 Ἔτι
591 1336 707 1391 σοῦ
748 1338 1117 1403 λαλοῦντος,
1148 1338 1280 1408 ἐρῶο
1323 1340 1466 1396 Ἰδοὺ
1496 1343 1749 1412 πάρειμι.
1787 1346 1891 1399 Σα-

310 1426 425 1494 φῶς
461 1444 524 1480 τε
552 1428 813 1498 κηρύττει
854 1428 943 1483 διὰ
968 1430 1171 1502 τινοςὴ
1202 1432 1462 1504 σωτηρία·
1500 1435 1746 1504 ὑψῶσθαι
1781 1439 1890 1509 γάρ

309 1535 474 1589 φησιν
504 1521 565 1573 ὲν
612 1520 809 1591 πέτρᾳ.
851 1523 1146 1593 Κρείττους
1191 1524 1301 1595 γὰρ
1345 1527 1439 1580 καὶ
1482 1528 1737 1601 ἀνωτέρω
1779 1530 1888 1584 τῶν

306 1610 721 1682 ἐπημαζόντων
757 1613 1026 1685 δαιμόνων
1081 1618 1381 1689 γεγόναμεν
1417 1618 1505 1675 διὰ
1532 1621 1791 1692 Χριστοῦ,
1831 1623 1888 1686 ὃς

305 1698 481 1772 πέτρα
507 1702 660 1773 παρά
679 1702 759 1774 τῷ
789 1707 1042 1778 μακαρίῳ
1063 1707 1260 1781 Παύλῳ
1291 1712 1728 1782 κατωνόμασται.

382 1789 719 1861 Ὠδήγησάς
759 1812 857 1863 με,
887 1794 975 1849 ὅτι
1001 1796 1290 1866 ὲτενήθης
1314 1799 1491 1866 ἐλπίς
1508 1818 1648 1871 μου.
1680 1803 1743 1856 Ei
1774 1805 1882 1875 γὰρ

302 1883 463 1947 αὐτὸς
492 1887 643 1939 ἐστιν
674 1888 706 1957 ἡ
735 1887 871 1953 ὁδὸς,
904 1888 998 1943 καὶ
1029 1891 1191 1955 αὑτός
1238 1892 1384 1945 ἐστιν
1427 1893 1461 1964 ἡ
1497 1892 1663 1966 θύρα,
1692 1895 1872 1966 δῆλον,
1907 1875 1953 1930 Β

299 1973 381 2025 ὅτι
405 1974 507 2044 τὴν
537 1976 750 2048 ἀγαθὴν
777 1980 922 2048 ἡμᾶς
951 1966 1412 2050 βαδίζειν’διδάξει
1443 1986 1649 2056 τρίϐον,
1678 1990 1758 2054 είς
1788 1989 1877 2047 αὐ-

297 2064 388 2118 τὸν
434 2065 679 2130 ἐλπίζειν
724 2072 1170 2140 παρασκευάσας.
1217 2076 1449 2146 Πύργος
1493 2080 1706 2147 ἰσχύος
1755 2080 1874 2137 ἀπὸ

298 2157 626 2224 ,προσώπου
657 2161 895 2231 ἐχθροῦ.
933 2163 1158 2235 Ὅμοιον
1188 2166 1265 2230 ὼς
1288 2170 1337 2220 εί
1365 2167 1533 2238 λέγον
1564 2171 1753 2241 Τεῖχος
1781 2175 1874 2226 καὶ

295 2249 566 2318 ἀσφάλεια
595 2252 824 2322 γέγονας
847 2255 927 2319 είς
952 2256 1013 2309 τὸ
1042 2257 1204 2328 μηδὲν
1234 2259 1423 2315 παθεῖν
1462 2263 1874 2334 ἐπηρεαζόντων

296 2343 402 2395 τῶν
428 2344 662 2416 ἐχθρῶν.

361 2434 722 2504 Παροικήσω
745 2438 817 2490 ἐν
844 2437 926 2503 τῷ
945 2439 1292 2509 σκηνώματι
1318 2457 1434 2495 σου
1462 2444 1551 2507 εὶς
1574 2443 1715 2509 τοὺς
1739 2443 1872 2498 ait?»

293 2540 418 2591 νας.
466 2525 586 2595 Ἀφ’
618 2520 693 2582 ὧν
743 2529 846 2599 ἤδη
892 2530 1113 2602 εἴληφεν
1155 2532 1375 2601 ἀγαθῶν
1393 2574 1406 2598 ,
1451 2536 1546 2589 καὶ
1592 2537 1718 2607 περὶ
1764 2537 1870 2590 τῶν

295 2614 594 2686 μελλόντων
626 2620 855 2684 ἐλπίζει·
883 2624 965 2674 ὅτι
996 2622 1080 2694 δὴ,
1113 2626 1192 2688 είς
1224 2624 1320 2689 τὰς
1344 2625 1456 2679 ἄνω
1482 2628 1685 2697 σκηνὰς
1714 2646 1869 2697 7570-

288 2704 413 2771 νὼς,
440 2709 547 2762 ὑπὸ
578 2711 677 2781 τὴν
706 2712 869 2767 αὐτοῦ
899 2714 1189 2780 διαπαντὸς
1240 2720 1532 2788 γενήσεται
1563 2722 1793 2793 σκέπην.

358 2799 631 2869 Ἕδωκας
657 2807 1062 2876 κληρονομίαν
1082 2807 1207 2875 τοῖς
1232 2811 1624 2881 φοϐουμένοις
1647 2814 1713 2866 τὸ
1738 2814 1868 2867 ὄνου

284 2890 366 2960 μά
410 2907 550 2947 σου.
594 2894 706 2947 Καὶ
752 2895 835 2967 τίς
885 2900 919 2968 ἡ
954 2898 1352 2972 κληρονομίαῆ
1399 2904 1431 2974 ἡ
1486 2902 1731 2974 βασιλεία
1758 2905 1865 2959 τῶν

2004 628 2193 669 eorum
2223 618 2316 685 qui
2343 620 2449 674 vim
2480 623 2637 678 nobis
2674 625 2935 685 inferunt.
2982 632 3113 689 Illutl
3144 647 3349 704 autem,
3382 643 3425 694 Α
3452 642 3579 711 ﬁni-

2004 705 2099 761 bus
2149 719 2303 765 terra:
2328 753 2343 781 ,
2384 715 2657 785 signiﬁcat
2684 734 2809 775 eum
2862 740 2961 793 pro
2993 736 3106 782 toto
3145 731 3277 785 orbe
3310 705 3578 789 terra-rum

2003 802 2428 871 supplicationes
2456 808 2670 867 oli‘erre.
2697 816 2739 869 Α
2760 816 2954 883 ﬁnibus
2983 830 3141 876 terra:
3163 825 3233 877 ad
3259 836 3309 879 te
3331 826 3576 884 cluuiani.

2002 887 2267 956 Quoniam
2314 898 2638 957 stationibus
2685 907 2871 961 multis
2920 908 3156 982 Babylon
3207 929 3237 967 a
3289 913 3575 974 Palaestina

2000 982 2182 1048 distat,
2210 996 2449 1042 extrema
2477 991 2626 1046 orbis
2656 994 2961 1053 inhabitare
2992 1016 3051 1055 se
3077 1005 3358 1072 putabant,
3395 1009 3487 1081 qui
3518 1009 3575 1064 in

1998 1074 2361 1141 captivitatem
2399 1080 2615 1139 deducti
2641 1087 2758 1139 eam
2786 1098 2983 1143 terram
3014 1092 3251 1150 incoli-re
3279 1074 3427 1168 jussi
3459 1099 3577 1156 fuc-

1996 1174 2137 1219 rant.
2167 1164 2232 1220 In
2258 1180 2409 1237 petra
2431 1174 2685 1230 exultasti
2716 1194 2815 1237 me.
2849 1179 3095 1238 Det-Iurat
3122 1201 3180 1241 se
3207 1164 3317 1243 cito
3346 1193 3573 1246 exaudi-

1995 1259 2300 1327 tum,juxta
2328 1264 2492 1321 illud:
2521 1268 2705 1324 Adhuc
2735 1280 2781 1325 te
2807 1272 3047 1344 loquente
3075 1279 3287 1335 dicam:
3314 1279 3449 1336 Ecce
3471 1285 3569 1337 ad-

1992 1366 2107 1405 sum
2126 1351 2189 1404 “.
2208 1352 2401 1422 Aperte
2424 1367 2604 1413 autem
2622 1363 2879 1438 praedicat
2897 1382 2993 1435 per
3015 1385 3178 1439 quem
3205 1372 3356 1426 salus
3383 1374 3568 1430 futura

1990 1441 2082 1505 sit,
2112 1444 2407 1505 exaltatum
2434 1449 2577 1503 enim
2608 1467 2665 1506 se
2694 1454 2747 1507 iu
2784 1465 2937 1523 petra
2955 1458 3129 1515 fuisse
3154 1462 3252 1516 ait.
3288 1461 3566 1522 Fortiores

1988 1548 2222 1605 namque
2265 1552 2328 1592 ac
2372 1540 2685 1609 superiores
2730 1547 2871 1602 mala
2905 1548 3262 1607 inferentibus
3297 1554 3563 1611 daemoni-

1985 1626 2089 1683 bus
2115 1644 2211 1698 per
2236 1630 2512 1688 Christum
2555 1636 2733 1692 eﬂecti
2767 1654 2979 1708 sumus,
3011 1645 3104 1714 qui
3139 1661 3168 1699 a
3198 1646 3358 1702 beato
3392 1647 3560 1705 Paulo

1984 1727 2134 1789 petra
2168 1723 2467 1792 appellatus
2489 1736 2592 1783 est.

2055 1812 2108 1866 4.
2135 1812 2412 1881 Βεάιιαίειὶ
2446 1833 2526 1872 me
2550 1822 2674 1889 quia
2706 1821 2880 1891 factus
2912 1841 2965 1878 es
3004 1841 3118 1895 spes
3152 1845 3287 1885 mea.
3330 1829 3386 1884 Si
3414 1831 3560 1887 enim

1981 1904 2095 1973 ipse
2127 1906 2211 1961 via
2242 1916 2360 1971 est,
2390 1919 2443 1963 et
2473 1911 2589 1980 ipse
2623 1922 2777 1982 porta
2799 1954 2812 1977 ,
2845 1916 3022 1983 palam
3066 1929 3148 1973 est
3176 1935 3301 1974 eum
3338 1937 3440 1978 nos
3462 1923 3560 1978 bo-

1978 2011 2103 2051 nam
2131 1998 2380 2056 incedere
2411 2001 2553 2056 viam
2578 2004 2923 2071 edocturum,
2950 2017 3110 2079 atque
3143 2021 3461 2066 curaturum
3499 2026 3559 2068 ut

1978 2091 2030 2144 in
2055 2106 2177 2146 eum
2208 2108 2507 2163 speremus.
2531 2095 2714 2153 Turris
2741 2097 3076 2167 fortitudinis
3100 2117 3131 2154 α
3157 2101 3293 2173 [acie
3321 2106 3553 2161 inimici.

1975 2180 2143 2247 Quasi
2172 2185 2411 2241 diceret:
2453 2186 2644 2245 Turris
2685 2191 2819 2244 mihi
2856 2206 2921 2246 ac
2949 2194 3263 2261 praesidium
3300 2195 3451 2251 fuisti
3493 2207 3554 2251 ut

1975 2274 2117 2330 mala
2148 2275 2509 2333 inferentibus
2543 2279 2783 2336 inimicis
2810 2263 2945 2336 nihil
2978 2283 3163 2338 laedar.

2042 2452 2094 2507 5.
2116 2450 2427 2510 Inbabitabo
2447 2460 2501 2511 in
2519 2458 2961 2514 tabernacutotuo
2983 2463 3036 2514 in
3054 2461 3268 2515 swcula.
3289 2460 3394 2516 Per
3408 2462 3559 2521 bona,

1972 2559 2093 2613 quae
2118 2546 2233 2615 jam
2263 2559 2581 2617 acceperat,
2612 2552 2817 2605 factum
2867 2562 2926 2606 ut
2957 2554 3024 2607 de
3080 2552 3280 2609 futuris
3322 2564 3499 2623 speret
3530 2574 3543 2608 :

1970 2637 2099 2706 quia
2125 2639 2178 2692 in
2209 2641 2461 2709 supernis
2504 2643 2871 2698 tabernaculis
2901 2646 3262 2709 constitutus,
3295 2648 3397 2709 sub
3425 2647 3547 2718 ejus

1969 2740 2281 2801 tegumenta
2306 2740 2360 2786 et
2391 2734 2642 2802 praesidio
2671 2750 2883 2805 semper
2916 2737 3091 2805 deget.

2036 2825 2090 2878 6.
2137 2822 2337 2879 Dedisti
2380 2826 2742 2881 [nereditatem
2784 2827 3087 2882 timentibus
3142 2845 3326 2884 nomen
3371 2841 3541 2888 tuum.

1965 2913 2151 2985 Ecqua
2184 2916 2470 2973 haereditas
2497 2918 2587 2972 illa
2620 2920 2724 2974 nisi
2753 2934 2978 2989 regnum
3013 2922 3326 2977 ctelorum?
3365 2920 3543 2979 Venite

284 2985 561 3056 οὐρανῶν;
610 2988 789 3043 Δεῦτε
830 2989 958 3062 γὰρ,
1014 2994 1202 3064 φησὶν,
1243 2997 1297 3048 οἱ
1340 2997 1731 3067 εὐλογημένοι
1760 2999 1863 3053 τοῦ

1982 3007 2129 3072 anim,
2176 3008 2373 3077 inquit,
2422 3008 2679 3064 benedicti
2714 3010 2900 3067 Putris
2929 3014 3050 3073 mei.
3092 3015 3355 3082 possidete
3382 3031 3543 3084 para-

282 3080 510 3147 Πατρός
537 3098 688 3148 μου,
719 3084 1217 3152 κληρονομήσατε
1260 3087 1375 3155 τὴν
1418 3091 1863 3161 ἡτοιμασμένην

1982 3107 2074 3151 tum
2103 3098 2244 3152 vobis
2272 3116 2487 3169 regnum
2504 3118 2536 3154 a
2554 3105 2922 3158 constitutione
2945 3105 3211 3168 mundi”,
3237 3114 3292 3159 et
3310 3117 3505 3161 caetera
3521 3125 3549 3177 ;_

283 3171 421 3238 ὑμῖν
459 3173 793 3235 ,ϐασιλείαν
832 3175 950 3229 ἀπὸ
985 3178 1323 3255 καταϐολῆς
1371 3183 1623 3250 κόσμου,
1669 3185 1762 3237 καὶ
1795 3186 1861 3237 τὰ

284 3261 426 3285 ,ειη
464 3262 601 3285 _.___-
924 3270 962 3285 ,.
1061 3270 1071 3285 .
1159 3269 1183 3285 η
1283 3271 1299 3285 κ
1350 3273 1360 3285 .
1525 3273 1550 3284 ο
1587 3274 1619 3285 Α
1689 3277 1713 3285 -
1839 3280 1850 3285 -

1987 3199 2037 3243 ta
2066 3201 2124 3244 ut
2155 3206 2381 3261 regnum
2411 3192 2508 3248 Dei
2535 3194 2872 3265 possideant,
2902 3204 2956 3282 et
2984 3195 3280 3253 Christiani
3306 3198 3359 3251 in
3396 3171 3550 3265 terra,

282 3261 426 3333 ἑξῆς·
460 3262 603 3316 ὥστε
632 3263 990 3337 κληρονομεῖν
1021 3270 1121 3338 τὴν
1154 3269 1552 3339 βασιλείαν.τοῦ
1583 3274 1738 3341 Θεοῦ,
1770 3280 1862 3331 καὶ
1888 3261 1932 3285 ν
1962 3280 2236 3337 dicantur.

279 3351 529 3424 λέγεσθαι
565 3357 657 3409 ἐπὶ
686 3357 787 3428 τῆς
815 3358 916 3429 γῆς
948 3360 1324 3431 Χριστιανούς.

357 3447 616 3516 Ἡμέρας
640 3450 734 3518 ἐφ’
760 3450 984 3520 ἡμέρας
1007 3452 1114 3505 τοῦ
1138 3454 1444 3524 βασιλέως
1471 3459 1855 3529 προσθήσεις.

280 3533 352 3605 Ση
362 3535 545 3606 μαίνει
578 3539 605 3590 ό
637 3538 813 3607 λόγος,
854 3540 931 3604 ὡς
962 3543 1054 3596 καὶ
1081 3542 1239 3597 τοῦτο
1286 3546 1451 3617 μέρος
1477 3548 1580 3619 τῆς
1604 3550 1859 3624 κληρονο-

279 3625 404 3694 μίας
432 3630 604 3694 ὲστὶν,
637 3632 670 3700 ἡ
698 3629 811 3702 ζωὴ
845 3634 878 3703 ἡ
907 3631 1141 3698 αἰώνιος.
1173 3635 1342 3689 Τοῦτο
1364 3638 1471 3711 γάρ
1501 3641 1615 3693 ἐστι
1642 3640 1702 3694 τὸ
1726 3642 1859 3713 ήμέο

277 3734 372 3788 ρας
417 3721 643 3792 ἡμερῶν
691 3727 804 3788 τοῖς
848 3724 992 3780 ἔτεσι
1042 3727 1137 3780 τοῦ
1202 3728 1465 3799 βασιλέως
1520 3732 1855 3804 προσθεῖναι.

272 3810 534 3882 Σημαίνει
577 3816 685 3886 γὰρ
734 3816 825 3871 διὰ
880 3818 987 3872 τῶν
1036 3821 1257 3893 ἡμερῶν
1302 3824 1522 3893 χρόνους
1563 3826 1716 3888 τινὰς
1763 3828 1856 3880 καὶ

271 3904 495 3970 αίῶνας.
524 3909 802 3976 Διαμενεῖ
828 3912 916 3977 εἰς
937 3912 1043 3966 τὸν
1064 3910 1249 3965 αἰῶνα
1272 3913 1529 3970 ἐνώπιον
1557 3916 1661 3970 τοῦ
1683 3917 1849 3971 Θεοῦ

270 3992 443 4061 ἔλεος
497 3995 599 4049 καὶ
646 3996 937 4065 ἀλήθειαν
986 4000 1174 4055 αὐτοῦ
1223 4002 1313 4069 τις
1361 4002 1706 4073 ἐκζητήσει;
1766 4004 1854 4072 Ἐξ

270 4086 621 4160 ἀναστροφῆς
652 4091 680 4142 ό
703 4089 880 4160 λόγος,
908 4092 995 4146 ἵνα
1077 4094 1334 4158 τοιοῦτος.
1366 4096 1433 4148 Εἴ
1459 4113 1541 4161 τις
1562 4099 1851 4170 ὲκξητὴσει

268 4175 327 4229 τὺ
356 4177 507 4243 ἔλεος
562 4181 727 4234 αὑτοῦ
772 4184 868 4237 καὶ
903 4185 1002 4256 τὴν
1045 4186 1305 4256 ἀλήθειαν
1354 4188 1547 4256 αὑτοῦ,
1592 4187 1744 4256 οὗτος
1793 4197 1850 4247 ὲν

265 4273 374 4333 τοῖς
408 4272 792 4344 ἀτελευτήτοις
829 4276 991 4331 αίῶσι
1022 4279 1266 4351 διαμένει
1298 4281 1527 4336 ινώπιον
1564 4284 1657 4338 τοῦ
1689 4286 1844 4342 Θεοῦ.

334 4362 528 4431 οὕτως
562 4364 741 4433 ψαλῶ
766 4365 846 4433 τῷ
885 4370 1131 4440 ὀνόματί
1166 4386 1281 4426 σου
1317 4377 1405 4441 εις
1436 4375 1576 4442 τοὺς
1605 4376 1841 4447 αἰῶνας.

269 4450 484 4520 οὕτως,
514 4456 665 4520 πῶς;
710 4458 743 4529 ἢ
780 4459 1059 4531 διαμείνας
1090 4463 1314 4519 ἐνώπιόν
1363 4484 1454 4520 σου
1495 4470 1553 4521 ἐν
1599 4470 1675 4542 τῷ
1722 4473 1846 4543 μέλ-

2030 3457 2082 3513 7.
2110 3457 2232 3513 Dies
2257 3475 2412 3530 super
2439 3462 2550 3515 dies
2587 3463 2722 3533 regis
2754 3461 2998 3531 adjicies.
3037 3463 3384 3534 Signiﬁcatur
3406 3479 3536 3534 par-

1960 3558 2066 3605 tem
2095 3550 2425 3607 htereditatis
2449 3568 2571 3609 esse
2599 3555 2763 3610 vitam
2796 3564 3076 3615 aeternam.
3097 3554 3233 3610 illud
3259 3555 3404 3616 enim
3430 3564 3534 3620 est,

1956 3642 2072 3697 dies
2103 3658 2268 3719 super
2300 3644 2417 3700 dies
2448 3647 2609 3702 annis
2641 3647 2786 3717 regis
2827 3648 3012 3718 adjici.
3059 3647 3346 3719 Signiﬁcat
3385 3648 3535 3703 enim

1956 3749 2052 3804 per
2091 3715 2207 3791 dies
2238 3745 2478 3808 tempora
2514 3715 2763 3808 quaedam
2805 3747 2860 3796 et
2891 3715 3438 3795 saecula.‘Permanet
3474 3742 3533 3794 in

1956 3835 2207 3881 teternum
2226 3830 2279 3881 in
2303 3841 2577 3898 conspectu
2603 3830 2722 3896 Dei,
2740 3831 3159 3886 misericordiam
3180 3840 3228 3885 et
3255 3834 3528 3886 veritatem

1952 3915 2064 3983 ejus
2098 3917 2214 3984 quis
2260 3919 2537 3986 requiret?
2579 3918 2917 3990 Prazpostere
2956 3936 3137 3976 sermo
3175 3922 3384 3990 positus
3417 3929 3523 3987 est,

1952 4019 2013 4064 ut
2036 4009 2151 4065 haec
2175 4010 2247 4064 sit
2270 4012 2568 4066 sententia:
2592 4010 2651 4065 Si
2674 4013 2798 4082 quis
2826 4014 3068 4082 requirat
3093 4012 3523 4067 misericordiam

1950 4109 2005 4156 et
2031 4101 2313 4167 veritatem
2353 4104 2497 4172 ejus,
2524 4104 2613 4157 hic
2649 4119 2745 4173 per
2777 4103 2990 4171 inﬁnita
3022 4103 3220 4167 saecula
3252 4111 3436 4159 manet
3468 4104 3541 4172 in,

1951 4207 2242 4267 conspectu
2272 4196 2388 4253 Dei.

2019 4376 2070 4432 8.
2115 4376 2208 4432 Sic
2233 4378 2496 4447 psalmum
2524 4379 2699 4442 dicam
2726 4379 2936 4432 nomini
2954 4389 3045 4431 tuo
3073 4379 3129 4432 in
3163 4378 3376 4435 uacula.
3408 4373 3522 4445 Sic,

1948 4467 2259 4538 quomodo,
2301 4469 2406 4524 nisi
2456 4470 2725 4524 manendo
2771 4469 2824 4522 in
2860 4478 3152 4545 conspectu
3205 4478 3302 4523 tuo
3342 4469 3398 4523 in
3436 4469 3524 4523 fu-

263 4542 402 4599 λοντι
428 4548 591 4602 αίῶνι
613 4567 627 4614 ;
655 4551 787 4606 Τότε
813 4553 924 4625 γὰρ
952 4556 1050 4626 τῆς
1078 4559 1351 4629 μακαρίας
1377 4561 1590 4634 ἐκείνης
1608 4542 1847 4634 στάσεως

1982 4578 2076 4618 uro
2106 4562 2350 4619 steculo?
2392 4560 2548 4617 Tunc
2587 4562 2732 4617 enim
2781 4562 2938 4617 beata
2979 4562 3070 4615 illa
3113 4560 3397 4617 mansione
3441 4560 3525 4616 di-

263 4636 531 4706 ἀξιωθεὶς,
559 4642 916 4710 ἀδιαλείπτως
927 4649 1232 4720 ἀναπέμψω
1254 4653 1378 4717 τοὺς
1394 4653 1615 4725 ὕμνους.
1631 4657 1836 4723 Οὕτως,

261 4729 352 4781 καὶ
380 4731 483 4785 οὐκ
516 4731 695 4797 ἄλλως
737 4734 1029 4807 δοξο).ογῶν
1070 4743 1098 4794 ὁ
1138 4741 1441 4814 ἄνθρωπος,
1472 4747 1534 4800 οὐ
1570 4748 1839 4805 παύσεται

262 4822 337 4884 εἰς
363 4822 458 4878 τὸν
500 4826 677 4879 αἰῶνα
715 4827 810 4881 τοῦ
856 4831 1145 4887 ἀποδοῦναι
1192 4836 1382 4908 Κυρίῳ
1424 4839 1521 4901 τὰς
1559 4841 1741 4912 εὐχάς.
1776 4847 1839 4899 Οἱ

264 4916 437 5003 πιστοὶ
468 4915 581 4988 γάρ
624 4920 685 4971 οὐ
727 4920 988 4977 παύονται
1036 4926 1247 4997 ἡμέραν
1295 4926 1355 4993 ἐξ
1398 4931 1611 5003 ἡμέρας
1654 4936 1836 4990 ἐπιτε-

262 4999 469 5072 λοῦντες
492 5008 563 5063 τὰ
586 5009 707 5065 θεῖα
734 5016 1023 5087 μυστήρια.
1422 4999 1450 5031 H'

333 5096 427 5159 Εἰς
452 5097 741 5166 τὸτέλος.
791 5104 938 5158 ’Υπὸ
972 5106 1077 5160 τοῦ
1136 5108 1405 5181 Ἰὃιθοὺμ,
1458 5118 1765 5174 ΨΑΛΜΟΣ

817 5194 896 5261 τῷ
928 5200 1123 5254 Δαυΐδ.
1150 5202 1277 5257 EA'.

883 5290 896 5308 '
908 5293 1215 5362 Υπόθεσις.

281 5363 331 5418 Ὅ
367 5366 590 5467 Ἰδιθοίίμ
620 5366 704 5437 εἷς
729 5366 798 5443 ἦν
834 5374 941 5428 τῶν
982 5387 1324 5449 χοροστατῶν
1363 5390 1472 5443 τῶν
1501 5394 1561 5445 ὲν
1593 5394 1671 5465 τῷ
1702 5396 1832 5467 θείῳ

329 5459 448 5531 ναῷ.
479 5457 651 5530 Οὗτος
678 5466 763 5529 εἰς
794 5467 1069 5539 ἁμαρτίαν
1092 5477 1418 5532 καταπεσὼν
1439 5457 1654 5553 δέχεταί
1681 5457 1829 5560 παρά

323 5551 409 5605 τοῦ
431 5556 595 5612 Δαυῒδ
608 5559 704 5611 τὸν
728 5557 967 5631 ψαλμὸν,
989 5564 1288 5638 ἀνάκλησιν
1310 5573 1458 5643 αὐτῷ
1478 5551 1828 5650 παρασκευά-

321 5640 467 5707 ζοντα
494 5650 595 5722 τῆς
617 5650 852 5723 ἀρετῆς.
878 5652 1218 5727 umquam
1248 5660 1303 5714 δὲ
1326 5664 1381 5716 ὲν
1406 5640 1570 5738 ςέοτῷ
1588 5650 1679 5724 καὶ
1728 5674 1824 5745 τὴν

314 5818 354 5851 ⁸³
388 5822 488 5880 lsa.
521 5842 656 5881 mit
679 5868 694 5893 ,
731 5826 787 5879 9.
867 5828 911 5857 ’⁵
943 5827 1127 5888 Matth.
1164 5851 1287 5901 xxv,
1319 5838 1405 5891 54.

1951 4663 2170 4725 gnatus,
2201 4655 2322 4710 sine
2348 4655 2457 4710 ﬁne
2482 4655 2713 4726 hymnos
2753 4654 3019 4709 emittam.
3064 4651 3157 4709 Sic
3183 4663 3237 4709 et
3269 4671 3377 4711 non
3412 4655 3539 4711 aiio.

1947 4746 2131 4809 modo,
2168 4747 2393 4815 gloriam
2441 4756 2495 4801 et
2533 4748 2721 4802 laudes
2763 4745 3044 4816 proferens
3078 4747 3263 4813 homo,
3306 4763 3415 4803 non
3456 4747 3524 4801 tia

1944 4854 2069 4894 nem
2098 4838 2260 4895 faciet
2289 4840 2343 4893 in
2377 4839 2634 4893 saeculum
2676 4837 2935 4893 reddendi
2972 4837 3204 4895 Domino
3239 4848 3364 4894 vota
3396 4855 3517 4895 sua.

1945 4932 2157 4989 Fideles
2198 4950 2433 5006 namque
2473 4950 2581 4990 non
2618 4945 2835 4993 cessant
2879 4935 3126 5005 quotidie
3150 4935 3336 4993 divina
3372 4938 3520 4992 celer-

1942 5024 2102 5078 brare
2138 5026 2417 5096 mysteria.

1942 5137 1992 5190 1.
2038 5135 2103 5189 In
2141 5138 2317 5207 ﬁnem.
2361 5139 2437 5191 Ab
2486 5136 2772 5262 Ida/uir?!
2792 5136 3143 5205 PSALMUS
3174 5142 3277 5210 ipsi
3315 5138 3506 5203 David.

2520 5304 2922 5374 Argumentum.

1934 5390 2168 5450 idithum
2212 5411 2353 5453 unus
2369 5405 2487 5452 erat
2510 5413 2581 5463 ex
2602 5399 2756 5453 chori
2776 5400 3210 5455 moderatoribus
3236 5400 3291 5455 in
3320 5399 3508 5458 divino

2010 5488 2235 5557 templo.
2280 5486 2379 5542 ﬂio
2412 5489 2606 5559 lapsus
2646 5488 2701 5544 in
2742 5499 3021 5559 peccatum
3063 5505 3094 5543 a
3130 5488 3330 5546 Davide
3361 5493 3508 5562 psal-

2006 5596 2156 5635 mum
2204 5583 2422 5653 accipit,
2468 5583 2563 5653 qui
2593 5582 2813 5638 virtutis
2850 5582 2951 5651 ipsi
2989 5584 3503 5656 redintegrationcm

2002 5686 2172 5745 paret.
2220 5673 2471 5733 Pl‘ufdiCil
2512 5687 2691 5732 autem
2743 5678 2797 5731 in
2839 5692 2904 5731 eo
2945 5678 3369 5751 redemptionem
3410 5697 3507 5752 per
