3976 6220
374 404 484 466 I75
1221 403 1277 456 S.
1317 399 1689 455 ATHANASII
1719 399 1867 455 OPP.
1910 397 2089 454 PARS
2129 398 2217 453 Ill.
2252 429 2268 438 -
2300 427 2322 436 -
2359 392 2767 449 EXEGETICA.
3507 382 3616 440 276

452 517 753 585 Salvatoris
783 514 1146 572 (economiam
1184 493 1282 566 toti
1314 512 1500 581 generi
1527 512 1767 566 humano
1801 507 1946 563 futu-
1974 552 1982 569 ι

2115 506 2202 560 διὰ
2228 506 2327 577 τῆς
2354 502 2448 557 τοῦ
2482 503 2732 573 Σωτῆρος
2749 498 3057 570 οἰκονομίας
3086 497 3247 583 παντὶ
3267 495 3345 569 τῷ
3381 494 3490 551 τῶν
3521 498 3620 552 ἀν-

456 627 570 665 ram
595 651 611 677 ,
645 608 1097 678 eversionemque
1150 604 1515 675 spiritualium
1557 602 1945 666 inimicorum;

2121 597 2353 669 θρώπων
2378 595 2524 666 γένει
2547 593 2809 664 ἐσομένην
2831 591 3119 664 λύτρωσιν,
3140 578 3253 644 ’καὶ
3280 588 3389 644 τῶν
3412 588 3619 660 νοητῶν

453 677 1013 770 adhortationemque
1037 698 1246 753 inducit
1290 712 1396 767 qua
1445 711 1477 749 a
1517 701 1740 765 peccato
1769 694 1947 747 homi—

2121 687 2213 760 ὲχθ
2222 687 2327 758 ρῶν
2348 687 2447 756 τὴν
2472 687 2606 738 ἀνατ
2615 686 2783 755 ροπήν
2806 700 2818 713 ·
2850 683 2945 737 καὶ
2972 681 3288 751 παραίνεσιν
3307 677 3621 751 ἀποτροπὴν

452 808 550 848 nes
575 800 910 859 avertamur,
957 789 1254 860 subiiciens
1288 802 1354 844 ea
1387 801 1509 855 qua:
1551 785 1817 857 judicium
1857 783 1948 840 Dei

2122 780 2318 843 κακίας
2371 777 2728 849 περιέχουσαν
2769 777 2882 838 τοῖς
2936 764 3253 845 ἀνθρώποις
3279 768 3507 840 εἰσάγει,
3553 770 3623 823 τά

450 891 715 954 spectant,
2123 872 2252 944 περὶ
2276 871 2378 941 τῆς
2402 869 2634 941 κρίσεως
2672 868 2852 930 αὐτοῖς
2877 866 3259 937 ὑποτιθέμενος
3286 864 3378 917 τοῦ
3401 860 3556 916 Θεοῦ.

451 972 578 1038 2,5.
608 971 796 1041 Nonne
830 970 933 1026 Deo
966 968 1202 1040 subjecta
1228 969 1327 1022 erit
1355 967 1534 1021 anima
1565 967 1719 1020 mea?
1750 964 1956 1022 Etiam-

2120 964 2267 1034 Οὐχί
2295 963 2375 1028 τῷ
2428 956 2549 1026 Θὲῷ
2581 958 3021 1029 ὑποταγήσεται
3067 960 3106 1027 ἡ
3139 956 3307 1027 ψυχή
3348 970 3503 1026 μου;
3560 954 3623 1008 Εἰ

384 1062 467 1121 si.
514 1061 723 1136 inquit,
766 1070 1037 1117 commota
1078 1076 1158 1123 es,
1194 1074 1239 1121 ρ’
1261 1060 1443 1114 anima
1476 1072 1618 1123 mea,
1658 1064 1713 1113 et
1746 1074 1777 1113 a
1811 1066 1955 1116 statu

2089 1058 2150 1111 ,αἱ
2176 1055 2521 1117 σεσάλευσαι,
2558 1053 2711 1124 φησὶ,
2735 1046 2779 1105 ὦ
2807 1050 2972 1121 ψυχὴ,
3013 1050 3107 1103 καὶ
3134 1048 3234 1119 τῆς
3267 1049 3389 1101 κατ’
3423 1045 3624 1118 ἀρετὴν

385 1147 601 1207 Virtutis
637 1138 813 1217 lapsa,
847 1146 942 1203 sed
972 1149 1200 1203 Domino
1227 1148 1475 1218 subjecta
1507 1156 1647 1204 esto.
1677 1147 1814 1215 Quia
1843 1149 1958 1219 ipse

2089 1148 2318 1215 ξέπεσας
2359 1147 2626 1208 στάσεως,
2657 1144 2771 1204 ἀλλ’
2812 1141 3114 1213 ὑποτάγηθι
3161 1139 3239 1211 τῷ
3265 1137 3472 1209 Κυρίῳ.
3501 1138 3625 1192 Ὀτι

388 1239 483 1293 tibi
515 1239 966 1314 patrocinabitur,
1013 1248 1067 1294 et
1091 1239 1296 1295 salvam
1341 1245 1397 1303 te
1422 1237 1587 1294 faciet
1620 1248 1681 1293 ut
1717 1255 1784 1294 ne
1818 1240 1956 1294 ultra

2089 1240 2301 1313 ἠαὺτός
2342 1257 2434 1293 σου
2460 1238 2555 1292 καὶ
2589 1237 2960 1308 ἀντιλήζεται,
2996 1236 3089 1289 καὶ
3116 1233 3279 1287 σώσει
3301 1231 3393 1286 τοῦ
3426 1230 3498 1302 μὴ
3529 1230 3626 1282 ἐπὶ

386 1330 806 1385 commoveat-is.
848 1329 991 1384 Nam
1033 1339 1083 1383 et
1130 1331 1238 1399 ipse
1278 1328 1423 1385 Deus
1465 1346 1629 1391 meus.
1667 1330 1877 1386 Etenim
1907 1340 1959 1387 et

2089 1334 2241 1387 πλεῖον
2281 1329 2621 1386 σαλεύεσθαι.
2658 1328 2767 1383 Καὶ
2798 1329 2909 1398 γὰρ
2936 1326 3116 1392 αὐτὸς
3158 1325 3302 1392 Θεός
3340 1341 3479 1392 μου.
3515 1321 3627 1408 καὶ

387 1424 504 1495 ipse
544 1425 774 1499 salutem
809 1424 1010 1478 tribuet
1058 1424 1106 1478 ei
1129 1425 1223 1494 qui
1272 1440 1299 1478 a
1349 1423 1506 1479 vobis
1547 1424 1710 1483 lassus
1754 1431 1857 1490 est,
1906 1432 1960 1480 et

2089 1422 2166 1495 ’ἀρ
2206 1422 2369 1485 αὐτὸς
2413 1418 2636 1492 παρέξει
2668 1420 2765 1489 τὴν
2806 1417 3075 1489 σωτηρίαν
3113 1415 3449 1486 ἀδικουμένῳ
3497 1413 3626 1484 παρ’

387 1529 616 1591 prorsus
641 1530 671 1567 a
696 1523 874 1568 vestra
903 1514 1250 1584 improbitate
1282 1514 1553 1570 liberabit.

457 1607 512 1660 4.
556 1605 837 1683 anusque
868 1607 1076 1682 irruitis
1108 1608 1163 1661 in
1190 1607 1493 1662 hominem?
1522 1604 1801 1664 Occlamat
1829 1622 1959 1673 con-

390 1709 471 1754 tra
505 1698 849 1755 adversarias
874 1708 1211 1773 potestates:
1261 1699 1390 1770 quia
1433 1699 1489 1754 in
1529 1699 1769 1765 hominis
1799 1711 1960 1756 natu-

2061 1513 2235 1585 ὑμῶν,
2271 1514 2366 1567 καὶ
2396 1508 2695 1574 ἀπαλλάξει
2720 1510 2936 1572 πάντως
2958 1507 3109 1579 ὑμῶν
3131 1508 3228 1579 τῆς
3263 1505 3579 1578 μοχθηρίας.

2134 1609 2288 1672 Ἕως
2316 1606 2463 1670 πότε
2497 1602 2832 1658 ἐπιτίθεσθε
2863 1600 2954 1654 ex?
2972 1601 3319 1668 ἅνθρωπον;
3341 1596 3459 1650 Τῶν
3489 1597 3634 1650 ἀντι-

2062 1698 2325 1770 κειμένων
2344 1696 2624 1767 δυνάμεων
2652 1692 2892 1764 καταὸοᾷ
2914 1708 2929 1723 ⁸
2952 1693 3035 1745 ὅτι
3059 1690 3124 1761 δὴ
3141 1687 3425 1758 νενευκυίᾳ
3445 1688 3512 1757 τῇ
3533 1683 3630 1737 τοῦ

387 1808 508 1859 ram
534 1793 602 1862 ad
636 1793 842 1848 malum
867 1807 1196 1863 propensam
1219 1792 1455 1859 irruunt,
1480 1808 1603 1864 qua:
1624 1808 1688 1849 ea
1722 1794 1961 1849 naturali

2089 1789 2350 1863 ινθρώπου
2396 1788 2556 1859 φύσει
2613 1787 2704 1840 ἐπὶ
2758 1784 2827 1838 τὰ
2877 1781 3090 1854 πονηρά
3141 1777 3491 1839 ἐπιτίθενται,
3535 1775 3633 1828 καὶ

391 1886 704 1958 infirmitate
735 1885 930 1956 similis
960 1892 1044 1951 est
1072 1885 1263 1954 parieti
1318 1884 1596 1953 inclinato,
1637 1886 1807 1947 ruinis
1838 1900 1964 1955 pro-

2089 1882 2225 1954 νμοία
2249 1898 2365 1944 πως
2394 1877 2528 1951 οὔσῃ
2554 1876 2641 1930 διὰ
2661 1874 2757 1947 τὴν
2784 1873 3016 1944 φυσικὴν
3050 1870 3331 1924 ἀσθένειαν
3357 1867 3633 1920 κλῖναν-τι

391 1979 559 2050 πίπτω,
581 1986 630 2050 et
662 1977 905 2047 maceria;
933 1977 1191 2051 deputare.

464 2161 521 2236 ὅ,
570 2160 938 2230 Verumtamen
986 2164 1215 2232 pretium
1268 2177 1441 2216 meum
1485 2162 1842 2232 cogitaverunt
1889 2178 1971 2220 re-

395 2254 606 2325 pellere.
634 2252 834 2310 Parum
860 2255 1005 2323 enim
1030 2254 1208 2315 abfuit
1233 2253 1366 2325 quin
1388 2254 1506 2324 ipsa
1523 2253 1575 2307 vi
1606 2252 1969 2309 ratiocinandi

397 2360 499 2401 nos
548 2348 808 2415 privarim
833 2387 848 2411 ,
892 2356 1150 2419 cogentes
1196 2346 1425 2403 adorare
1465 2346 1610 2416 ligna
1648 2353 1704 2400 et
1740 2346 1968 2416 lapides,

397 2446 459 2503 ut
492 2437 769 2493 diceretur
801 2439 869 2494 de
912 2439 1070 2495 nobis
1102 2457 1117 2493 :
1152 2438 1323 2494 Homo
1362 2455 1483 2492 cum
1525 2440 1582 2492 in
1609 2438 1802 2492 honore
1838 2446 1971 2493 esset

398 2547 499 2591 non
527 2531 790 2593 intellexit
809 2531 878 2588 η.
927 2530 1290 2593 Cucurrerunt
1316 2531 1374 2595 in
1401 2530 1512 2585 siti.
1546 2527 1723 2595 Hunc,
1755 2529 1969 2599 inquit,

398 2638 619 2695 cursum
651 2638 888 2685 emensae
934 2632 1062 2685 sunt
1092 2622 1419 2681 adversaria:
1450 2629 1742 2692 potestates
1761 2661 1778 2687 ,
1816 2622 1971 2691 quasi

400 2715 648 2771 sitientes
679 2723 739 2770 ut
764 2731 851 2771 me
879 2716 1155 2786 privarent
1178 2714 1506 2771 honoribus.
1543 2712 1647 2769 Ore
1685 2729 1781 2767 suo
1818 2714 1972 2767 bene-

400 2804 642 2860 dicebant
687 2816 737 2859 et
787 2807 944 2859 corde
990 2821 1086 2865 suo
1130 2804 1531 2865 maledicebant.
1569 2801 1686 2861 Hoc
1728 2803 1804 2857 ait
1845 2802 1974 2871 quia

402 2900 581 2965 dulcia
605 2909 658 2953 et
681 2907 831 2969 grata
860 2898 1017 2953 nobis
1040 2896 1415 2966 subjicientes,
1450 2910 1545 2966 per
1573 2910 1637 2950 ea
1674 2910 1775 2951 nos
1807 2895 1975 2949 male-

402 2991 658 3055 dictionis
693 2991 833 3046 filios
867 2989 1125 3045 efﬁciunt.

477 3083 529 3147 Ἰ,
562 3081 615 3139 8.
672 3080 1038 3135 Verumtamen
1072 3078 1180 3132 Deo
1202 3077 1435 3148 subjecta
1468 3086 1601 3144 esto,
1627 3079 1805 3135 anima
1838 3094 1974 3131 mea.

2069 1974 2247 2042 τοίχῳ
2261 1972 2357 2026 καὶ
2380 1968 2768 2023 καταπίπτειν
2784 1965 3091 2035 μέλλοντι,
3110 1960 3207 2016 καί
3229 1956 3473 2030 φραγμῷ
3495 1956 3637 2011 dra-

2071 2062 2456 2133 τετραμμένῳ.

2141 2154 2314 2224 Πλὴν
2335 2155 2448 2223 τὴν
2471 2153 2648 2224 τιμήν
2657 2169 2776 2223 μου
2796 2148 3237 2207 ἐϐουλεύσαηο
3256 2140 3631 2200 ἀπώσασθαι.

2070 2245 2247 2309 Μόνον
2276 2244 2397 2315 οὐχὶ
2413 2242 2519 2314 γὰρ
2538 2242 2632 2295 καὶ
2664 2239 2827 2295 αὑτοῦ
2845 2236 2938 2306 τοῦ
2972 2233 3192 2306 λογικοῦ
3231 2234 3381 2305 ἡμᾶς
3408 2229 3637 2296 ἀπεστέτ

2077 2354 2264 2409 ρησαν,
2318 2334 2448 2401 ξύλα
2496 2335 2590 2388 καὶ
2635 2332 2813 2395 λίθους
2851 2331 3258 2399 ἀναγκάσαντες
3287 2323 3632 2396 προσκυνεῖν,

2071 2430 2147 2493 ὡς
2167 2430 2261 2489 καὶ
2279 2427 2531 2497 λέγεσθαι
2560 2426 2689 2496 περὶ
2722 2422 2899 2496 ἡμῶν,
2927 2421 3008 2475 ὄτι
3048 2422 3380 2488 Ἄνθρωπος
3409 2412 3639 2484 ἐντιμῇ

2071 2521 2156 2574 ὢν
2179 2522 2250 2575 οὐ
2275 2518 2565 2588 συνῆκεν.
2602 2515 2905 2585 Ἔδραμοκ
2928 2514 2998 2569 ἐν
3017 2512 3199 2581 δίψει.
3231 2508 3450 2573 Τοῦτον,
3480 2506 3636 2576 φησι,

2071 2614 2162 2667 τὸν
2189 2612 2384 2686 δρόμον
2410 2611 2627 2683 ἔτρεχον
2655 2610 2713 2664 αἱ
2747 2607 3118 2677 ἀντικείμεναι
3161 2602 3439 2673 δυνάμεις,
3472 2597 3642 2668 διψῶ-τ

2076 2723 2165 2760 σαι
2193 2703 2288 2758 τοῦ
2319 2701 2690 2774 ἀποστερῆσαί
2729 2718 2795 2772 με
2824 2700 2922 2771 τῆς
2942 2699 3126 2769 τιμῆς.
3151 2695 3234 2761 Τῷ
3259 2695 3509 2763 στόματι
3532 2692 3642 2745 αὐ-

2073 2798 2192 2851 τῶν
2210 2798 2536 2866 ηὑλόγουν,
2557 2793 2659 2849 καὶ
2692 2792 2763 2862 τῇ
2791 2791 3003 2860 καρδίᾳ
3038 2787 3235 2844 αὐτῶν
3274 2782 3640 2854 κατηρῶντο.

2075 2890 2245 2945 Τοῦτό
2278 2904 2462 2961 φησιν,
2489 2885 2700 2958 ἐπειδὴ,
2733 2883 2802 2937 τὰ
2833 2883 2963 2954 ἡδέα
2986 2882 3114 2952 ἡμῖν
3136 2877 3548 2941 ὑποϐάλλοντες,
3572 2871 3646 2927 δεῖ

1993 3017 1996 3021 -
2076 2983 2255 3039 αὐτῶν
2282 2982 2526 3053 κατάρας
2556 2982 2704 3051 ἡμᾶς
2735 2976 3095 3045 ἀποφαίνουσι
3121 2973 3305 3026 τέκνα.

2146 3073 2319 3143 Πλὴν
2342 3071 2424 3139 τῷ
2462 3070 2582 3137 Θεῷ
2620 3067 2968 3138 ὑποτάγηθι,
3009 3064 3046 3131 ἡ
3072 3060 3241 3133 ψυχή
3288 3076 3429 3129 μου.
3476 3054 3650 3110 Πάλιν

405 3172 645 3237 Rursum
678 3172 916 3226 animam
961 3147 1387 3240 alloquitur,iad
1414 3169 1806 3239 subiectionem
1848 3184 1976 3239 erga

2089 3171 2143 3239 τῇ
2173 3167 2317 3238 ψυχῇ
2348 3163 2652 3232 διαλέγεται
2671 3201 2688 3229 ,
2717 3160 2816 3232 τὴν
2841 3157 3116 3227 ὑποταγὴν
3172 3153 3343 3224 αὑτῆς
3373 3149 3470 3222 τὴν
3510 3147 3651 3240 πρδς

411 3264 578 3321 Deum
631 3265 949 3321 cohortaris.
998 3260 1248 3319 Declarat
1292 3272 1477 3317 autem
1513 3231 1977 3332 vmagnitudine'm

2089 3231 2328 3313 τδν
2362 3255 2666 3310 ἐπιτείνων.
2706 3231 3143 3305 Ἐνδείκνυταιδὲ
3169 3245 3232 3299 τὸ
3272 3241 3499 3315 μέγεθος
3535 3237 3651 3332 τῷν

408 3356 794 3423 tentationum,
821 3354 1064 3424 illudque
1096 3353 1341 3423 Apostoli
1370 3352 1506 3406 ait"
1536 3371 1548 3406 :
1575 3349 1841 3416 Quoniam
1878 3366 1982 3405 non

407 3449 544 3513 sinet
582 3463 672 3501 vos
713 3447 910 3515 tentari
954 3460 1110 3514 super
1154 3444 1211 3498 id
1251 3443 1391 3517 quod
1432 3443 1651 3512 potestis
1697 3442 1979 3499 sustinere.

412 3537 481 3599 In
522 3537 632 3592 Deo
663 3536 900 3593 salutare
944 3552 1116 3589 meum
1157 3545 1206 3589 et
1256 3533 1427 3605 gloria
1465 3550 1603 3589 mea.
1646 3533 1703 3587 In
1735 3548 1801 3588 eo
1831 3547 1981 3602 spem

411 3630 607 3686 salutis
631 3638 686 3685 et
707 3630 890 3701 gloriae
921 3626 1153 3698 positam
1184 3627 1376 3681 habeo.
1409 3625 1465 3680 ιιι
1493 3634 1575 3681 est
1607 3666 1624 3692 ,
1662 3624 1777 3693 ipse
1806 3639 1892 3678 me
1930 3630 1986 3688 et

411 3723 656 3788 salvum,
714 3730 771 3783 et
831 3720 1127 3792 gloriosum
1192 3718 1558 3787 victoremque
1613 3730 1803 3770 eorum
1873 3713 1985 3769 eili-

411 3816 537 3877 ciet.

484 3907 886 3982 [Verumtamen
932 3907 1038 3963 Deo
1082 3906 1312 3982 subjecta
1349 3914 1480 3967 esto,
1508 3905 1686 3958 anima
1709 3919 1841 3958 mea.
1878 3901 1984 3956 Pa-

412 4015 535 4055 rum
565 3999 720 4055 abest
746 3998 878 4069 quin
908 4013 1009 4053 nos
1038 3979 1402 4052 ratiocinandi
1429 4011 1531 4050 usu
1556 3995 1838 4065 privarint,
1860 4009 1983 4049 cum

412 4091 794 4156 necessitatem
843 4090 1001 4145 nobis
1053 4089 1393 4155 induxerunt
1437 4085 1697 4147 adorandi
1741 4085 1888 4155 ligna
1933 4096 1989 4139 et

412 4184 642 4255 lapides,
685 4183 759 4238 ita
789 4191 849 4238 ut
870 4183 937 4238 de
980 4181 1138 4237 nobis
1168 4181 1381 4236 dicatur
1408 4197 1422 4233 :
1462 4177 1633 4238 Homo
1657 4193 1776 4235 cum
1802 4177 1860 4230 in
1890 4176 1989 4247 lgo-

415 4292 543 4330 nore
568 4285 702 4330 esset
740 4291 841 4328 non
870 4273 1153 4327 intellexit.
1203 4271 1310 4327 Sed
1332 4272 1422 4325 illi
1451 4269 1695 4340 quidem,
1738 4284 1770 4323 o
1803 4268 1987 4322 anima

419 4381 537 4425 mea
557 4408 573 4433 ,
607 4366 919 4436 bujusmodi
951 4374 1079 4420 sunt
1107 4382 1121 4417 :
1148 4373 1204 4420 tu
1235 4373 1417 4433 autem
1453 4360 1689 4430 subjecta
1720 4370 1830 4414 esto
1873 4372 1989 4413 ser-

418 4458 579 4512 vituti
601 4458 743 4527 ejus.
773 4455 977 4511 Deinde
1002 4454 1167 4510 infert
1193 4473 1206 4509 :
1232 4453 1474 4523 ldipsum
1502 4453 1571 4507 ab
1606 4452 1699 4506 illo
1721 4464 1809 4504 me
1828 4463 1988 4519 spero

2081 3347 2423 3420 πειρασμῶν,
2466 3345 2559 3399 καὶ¹
2579 3343 2639 3397 τὸ
2663 3340 2758 3396 τοῦ
2802 3339 3123 3407 Ἀποστόλου
3143 3336 3290 3405 λέγει
3312 3352 3329 3384 τ
3383 3335 3504 3387 Ὀτι
3537 3331 3655 3385 οὐκ

2081 3441 2249 3496 ἐάσει
2275 3439 2429 3509 ὑμᾶς
2456 3434 2851 3506 πειρασθῆναι
2870 3431 3021 3500 ὑπὲρ
3047 3431 3078 3485 ὃ
3103 3429 3366 3484 δύνασθε
3394 3427 3654 3491 ὑπενεγ-

2084 3533 2231 3589 κεῖν.
2276 3531 2409 3587 Ἐπὶ
2454 3528 2534 3596 τῷ
2558 3526 2680 3593 Θεῷ
2708 3527 2774 3581 τὸ
2802 3523 3098 3593 σωτήριόν
3136 3539 3256 3591 μου
3298 3519 3396 3573 καί
3430 3519 3468 3585 ἠ
3500 3513 3657 3578 δόξα

2078 3644 2218 3696 μου.
2264 3624 2388 3678 Ἐπὶ
2436 3619 2583 3692 αὑτῷ
2619 3619 2719 3689 τῆς
2753 3616 3026 3688 σωτηρίας
3067 3613 3163 3667 καὶ
3206 3611 3306 3680 τῆς
3359 3604 3513 3677 δόξης
3544 3602 3658 3696 ἔχω

2083 3691 2181 3787 τὴν
2203 3714 2410 3767 ἐλπίδα.
2441 3710 2750 3786 Τουτέστιν,
2794 3705 2956 3768 αὑτός
2995 3719 3061 3775 με
3091 3700 3184 3754 καὶ
3223 3695 3514 3771 περισώσει
3557 3691 3659 3750 καὶ

2086 3805 2325 3871 ἐπίδοξον
2350 3806 2586 3874 ποιήσει,
2619 3798 2845 3870 νικητὴν
2871 3794 3073 3852 τούτων
3097 3790 3486 3863 ἐργασάμενος.

2158 3916 2368 3990 [Πλὴν
2384 3914 2464 3981 τῷ
2490 3912 2610 3978 Θεῷ
2642 3908 2990 3990 ὐποτὰγηθι,
3022 3906 3060 3973 ἠ
3094 3902 3263 3974 ψυχή
3282 3918 3419 3971 μου.
3453 3899 3659 3953 Μονον-

2086 4012 2207 4083 ουχὶ
2260 4007 2369 4079 γάρ
2397 4007 2491 4060 καὶ
2520 4002 2685 4058 αὑτοῦ
2714 4001 2806 4054 τοῦ
2834 3996 3052 4068 λογικοῦ
3082 3998 3226 4068 ἡμᾶς
3257 3991 3657 4083 ἀπεστέρησαν,

2087 4077 2223 4172 ξύλα
2250 4077 2351 4155 καὶὴ
2373 4097 2552 4160 λίθους
2606 4092 3014 4162 ἀναγκάσαντες
3042 4087 3366 4172 προσκυνεῖν
3390 4123 3405 4147 ,
3451 4080 3526 4172 ως
3564 4077 3662 4132 καὶ⁵

2087 4169 2340 4264 λέγεσθαι
2387 4189 2516 4260 περὶ
2573 4185 2761 4257 ἡμῶνο
2794 4185 3127 4264 Ἀνθρωπος
3155 4169 3226 4231 ἐν
3272 4172 3417 4261 τιμῇ

2088 4256 2383 4356 συνῆκεν.
2425 4256 2561 4337 ’Ᾰλλ’
2585 4256 2782 4333 ἐκεῖνοι
2812 4276 2930 4347 μὲν,
2961 4267 3005 4325 ὦ
3025 4260 3192 4343 ψυχὴ,
3220 4256 3476 4322 τοιοῦτοι·
3513 4260 3663 4315 σὺδὶ

2088 4355 2418 4445 ὑποτάγηθι
2471 4375 2569 4445 τῆς
2626 4367 2868 4430 δουλείας
2923 4364 3108 4419 αὑτοῦ.
3167 4357 3298 4415 Εἶτα
3328 4357 3542 4426 ἐπάγει,
3577 4355 3662 4441 ὅτι

2090 4473 2230 4535 Aine
2259 4470 2418 4524 τοῦτο
2450 4466 2579 4537 παρ’
2612 4461 2775 4520 αὑτοῦ
2798 4456 3026 4524 ἐλπίζω,
3069 4456 3128 4509 τὸ
3160 4452 3429 4525 σωτηρίας
3452 4448 3661 4521 τυχεῖν,

419 4555 792 4618 accepturum,
824 4545 1076 4602 videlicet
1110 4544 1340 4601 salutem
1369 4558 1457 4598 me
1484 4543 1656 4612 ipsius
1683 4537 1982 4610 patrocinio

2094 4560 2644 4633 ἀντιλαμϐανομένου,
2669 4556 2764 4609 καὶ
2794 4553 2866 4625 μὴ
2887 4547 3292 4623 συγχωροῦντος
3321 4540 3663 4633 μετανάστην

419 4649 883 4707 consecuturum;
938 4654 1118 4710 neque
1155 4639 1303 4693 enim
1335 4637 1479 4710 sinet
1527 4651 1613 4691 me
1658 4635 1987 4705 desertorem

420 4749 486 4789 ac
512 4731 850 4803 transfugam
875 4731 945 4786 ab
969 4731 1090 4800 ipso
1118 4744 1261 4795 esse,
1293 4729 1410 4784 sive
1434 4729 1489 4783 in
1520 4726 1667 4782 aliud
1689 4725 1993 4793 dominium

421 4825 733 4882 transferri.
756 4825 886 4880 Inde
911 4824 1114 4896 quippe
1148 4823 1378 4879 salutem
1412 4827 1671 4889 exspecto
1698 4817 1993 4873 auxilium-

421 4934 529 4989 que
564 4918 757 4989 ipsius,
789 4920 918 4989 quia
944 4918 1000 4972 in
1029 4931 1095 4991 eo
1128 4929 1277 4985 spem
1313 4912 1535 4983 reposui
1568 4908 1797 4980 meam.]

494 5008 549 5066 9.
591 5006 811 5078 Sperate
857 5008 914 5060 in
961 5021 1022 5060 eo
1067 5004 1235 5058 omnis
1286 5001 1618 5072 congregatio
1661 4997 1990 5069 populorum.

421 5097 721 5179 Postquam
750 5097 804 5179 in
839 5097 959 5177 ipso
997 5095 1178 5179 primo
1210 5108 1435 5173 cursum
1477 5098 1760 5173 paraverat
1788 5090 1854 5145 ad
1880 5104 1998 5160 pce-

423 5191 733 5256 nitentiam,
768 5189 835 5243 ad
865 5187 1099 5258 idipsum
1134 5185 1274 5249 alios
1313 5184 1656 5247 cohortatur,
1690 5189 1851 5250 atque
1889 5195 2000 5235 una

2090 4627 2343 4724 γενέσθαι
2376 4627 2475 4704 xa’t
2491 4646 2705 4718 φυγάδα
2733 4645 2826 4698 ἀπ’
2853 4641 3040 4704 αὑτοῦ,
3064 4640 3179 4711 ἤτοι
3213 4631 3525 4720 δεσποτείαν
3548 4627 3668 4724 ere-

2094 4720 2193 4819 ραν
2224 4734 2575 4810 ἀλλάξασθαι.
2617 4737 2856 4793 Ἐκεῖθεν
2881 4735 2988 4807 γάρ
3034 4727 3316 4805 προσδοκῶ
3352 4726 3446 4819 καὶ
3477 4720 3669 4819 Δσώζεῖ

2096 4808 2240 4905 σθαι,
2276 4808 2385 4889 καὶὴ
2402 4834 2462 4886 τὸ
2493 4828 2824 4903 βοηθεῖσθαι,
2860 4829 2922 4881 ὲκ
2947 4824 3039 4878 τοῦ
3067 4822 3153 4877 ἐπ’
3179 4820 3342 4875 αὑτὸν
3362 4808 3665 4883 ἐλπίζει-1.]

2177 4996 2500 5053 Ἐλπίσατε
2526 4990 2618 5045 ἐπ’
2652 4987 2841 5044 αὐτὸν
2858 5026 2874 5051 ,
2917 4983 3086 5039 πᾶσα
3128 4971 3448 5046 συναγωγὴ
3475 4967 3665 5026 λαῶν’.

2108 5089 2197 5141 Ἐν
2232 5086 2381 5155 αὑτῷ
2412 5081 2614 5155 πρώτῳ
2642 5074 3067 5150 παρασκευάσας
3118 5070 3211 5123 τὸν
3253 5067 3354 5129 είςο
3381 5058 3668 5155 μετάνοιαν

2095 5148 2313 5251 δρόμον,
2340 5146 2435 5230 καὶ
2457 5146 2596 5237 τοὺς.
2609 5146 2799 5233 ἄλλους
2826 5171 2906 5232 είς
2931 5166 3088 5220 τοῦτο
3111 5157 3432 5233 παρακαλεῖ,
3466 5153 3586 5219 ἅμα
3610 5146 3669 5211 δὲ

423 5283 742 5351 prophetico
782 5295 877 5335 ore
923 5279 1166 5334 omnium
1215 5275 1455 5346 gentium
1488 5274 1831 5329 vocationem
1871 5287 1982 5342 prae

2100 5273 2191 5325 καὶ
2226 5265 2705 5340 προφητικώτερον
2739 5261 2837 5331 τὴν
2863 5259 2970 5312 τῶν
2990 5256 3159 5311 ἐθνῶν
3182 5252 3398 5300 πάντων
3427 5256 3669 5348 προανα-

426 5377 660 5432 nuntiat.
712 5376 986 5446 E/fandite
1016 5389 1197 5437 coram
1229 5371 1324 5426 illo
1358 5370 1523 5424 corda
1552 5380 1743 5424 vestra.
1768 5367 2003 5424 Perinde

425 5476 507 5521 est
538 5483 602 5522 ac
627 5470 671 5523 si
696 5468 897 5529 diceret
924 5485 937 5521 :
971 5465 1047 5525 Ne
1071 5462 1311 5523 accedite
1337 5461 1406 5516 ad
1432 5475 1556 5515 eum
1578 5460 1743 5515 corde
1770 5458 1995 5527 duplici.

431 5553 535 5610 Sed
584 5566 641 5611 ut
687 5557 948 5627 scriptum
993 5554 1136 5615 est”
1182 5571 1197 5606 :
1245 5549 1445 5620 Diliges
1494 5547 1781 5603 Dominum
1828 5544 1998 5599 Deum

429 5657 579 5711 suum
611 5663 677 5703 ex
704 5656 810 5700 toto
839 5646 991 5723 corde
1023 5656 1112 5698 tuo
1139 5651 1190 5699 et
1212 5657 1279 5697 ea:
1302 5649 1418 5696 tota
1441 5648 1610 5694 mente
1640 5648 1751 5699 tua.

2103 5332 2286 5430 φωνεῖ,
2296 5332 2507 5426 κλῆσιν.
2551 5332 2831 5424 Ἐκχέατε
2868 5348 3125 5398 ἐνώπιον
3165 5334 3351 5430 αὐτοῦ
3379 5332 3672 5430 τὰς-*καρι-

2102 5424 2235 5517 δίας
2512 5447 2733 5512 Ὅμοιον
2789 5437 2921 5491 ὡσεὶ
2968 5433 3116 5502 λέγοι
3139 5449 3153 5462 ο
3201 5428 3292 5499 Μὴ
3339 5424 3672 5499 προσέλθητε

2104 5541 2251 5612 αὑτῷ
2276 5543 2333 5594 ὲν
2362 5536 2559 5610 καρδίᾳ
2583 5533 2738 5603 δισσῇ
2760 5549 2772 5561 ·
2800 5529 2915 5584 ἀλλ’
2943 5526 3020 5591 ὡς
3052 5523 3391 5612 γέγραπται·
3435 5519 3674 5612 Euax-1:.

2105 5607 2234 5702 σειξ
2268 5607 2487 5701 nemo;
2511 5626 2617 5681 τὸν
2664 5624 2812 5679 Θεόν
2839 5636 2956 5675 σου
2985 5616 3055 5680 ιε
3083 5615 3229 5681 δλης
3266 5609 3378 5680 τῆς
3428 5607 3673 5675 καρδίας

2110 5740 2249 5789 σου,
2286 5721 2383 5777 καὶ
2416 5719 2483 5785 ἐξ
2512 5719 2659 5785 ὅλης
2681 5713 2790 5783 τῆς
2814 5711 3080 5775 διανοίας
3117 5719 3253 5759 σου.

497 5852 544 5885 ’⁸
571 5850 718 5908 Psal.
752 5866 942 5916 uvtn,
972 5851 1062 5906 2|.
1142 5851 1184 5882 ’⁷
1214 5836 1233 5902 l
1262 5848 1386 5905 Cor.
1421 5867 1475 5915 ι,
1518 5848 1601 5903 ib.
1677 5847 1721 5881 ⁸⁸
1748 5843 1939 5900 Matth.
1976 5859 2114 5908 nn,
2151 5841 2237 5897 57.
