3976 6220
283 363 379 417 277

1394 354 1757 413 EXPOSITIO
1794 356 1859 411 IN
1900 350 2231 411 PSALMUM
2277 349 2436 405 LXII.

3413 338 3521 395 278

348 480 526 550 Πλὴν
542 479 780 550 μάταιοι
804 483 858 534 ol
884 479 994 534 υἱοὶ
1025 478 1142 532 τῶν
1170 476 1511 551 ἀνθρώπων.
1528 448 1734 543 Εἰδὼς,
1768 480 1848 555 ὅτι
1880 532 1881 535 η

2025 478 2122 539 10,
2178 475 2262 529 Η.
2320 471 2682 526 Verumtamen
2728 465 2846 521 vani
2907 464 3007 534 filii
3060 461 3359 524 hominum,
3413 470 3522 514 etc.

288 574 482 637 πάντες
518 568 760 638 δέξονται
790 572 888 644 τὴν
916 570 1002 625 διὰ
1030 569 1123 624 τοῦ
1159 571 1489 639 Εὑαγγελίου
1518 571 1732 642 κλῆσιν,
1757 588 1854 625 τα-

286 665 485 731 λανίζει
523 666 651 729 τοὺς
684 665 761 737 μὴ
786 664 1161 739 πιστεύοντας,
1195 664 1289 718 καὶ
1317 663 1551 734 μάλιστα
1594 654 1721 728 τοὺς
1746 663 1855 717 τῶν

300 757 567 812 Ἰουδαίων
590 756 931 828 καθηγητὰς,
955 757 1003 810 οἲ
1029 756 1122 831 καὶ
1144 755 1357 825 ψευδεῖς
1374 752 1535 827 ἦσαν,
1555 755 1647 809 ἅτε
1674 756 1737 827 δὴ
1762 756 1857 827 τὴν

291 849 541 921 ἀλήθειαν
574 849 977 926 ἀπωθοὺμενοι·
1012 850 1105 904 καὶ
1126 849 1184 902 οὐ
1224 849 1383 921 μόνον
1414 848 1561 920 ζυγῷ
1588 850 1682 903 καὶ
1727 846 1858 902 στα-

292 942 444 1012 θμοῖς
477 941 578 1013 τὴν
620 941 833 995 ἀδιοκίαν
873 942 1215 1013 ἐπετήδευον,
1246 940 1380 1013 ἀλλὰ
1427 929 1520 994 καί
1554 940 1861 1013 ’συνήγοντο

291 1034 378 1086 ἐπὶ
400 1033 743 1105 ματαιότητι.
779 1032 1157 1104 Μάταιοςγάρ
1194 1032 1408 1103 ἀληθῶς
1454 1033 1488 1102 ἡ
1519 1032 1647 1104 παρ’
1682 1030 1861 1084 αὐτῶν

293 1122 427 1177 κατά
457 1123 553 1178 τοῦ
576 1126 827 1199 Σωτῆρος
857 1125 1135 1197 ἐπιϐουλή.
1162 1123 1259 1192 Μὴ
1300 1116 1567 1195 ἐλπίζετε
1616 1123 1707 1175 ἐπ’
1739 1122 1863 1178 ἀδι-

292 1215 426 1269 κίαν
455 1215 558 1270 καί
587 1216 686 1270 ἐπὶ
714 1208 992 1287 ἅρπαγμα
1006 1216 1091 1285 μὴ
1113 1214 1462 1269 ἐπιποθεῖτε.
1522 1213 1693 1267 Τοῦτό
1732 1231 1864 1285 φησι

293 1308 423 1377 πρὸς
455 1309 672 1381 αὐτοὺς,
698 1309 883 1380 ἐπειδὴ
908 1308 1219 1373 πλεονεξίας
1241 1307 1425 1360 ἕνεκεν
1467 1305 1863 1359 ἐπεϐούλευσαν

295 1398 457 1469 αὐτῷ,
486 1399 800 1471 ἐλπίζοντες
821 1400 919 1465 τὰς
941 1403 1004 1470 ἐκ
1028 1399 1120 1471 τοῦ
1144 1400 1308 1469 νόμου
1331 1398 1708 1471 καρποφορίας
1730 1401 1864 1469 παρ’

294 1490 473 1560 αὐτῶν
494 1492 737 1562 λαμϐἀνε
747 1510 815 1546 ιν.

360 1582 551 1655 Ἄπαξ
581 1584 889 1654 ἐλάλησεν
922 1589 955 1640 ό
992 1584 1155 1652 Θεὸς,
1198 1583 1306 1639 δύο
1352 1583 1539 1649 ταῦτα
1592 1582 1863 1651 ἣκουσιν

293 1672 465 1726 ὅτιτό
494 1674 711 1743 κράτος
736 1678 843 1733 τοῦ
879 1677 1048 1733 Θεοῦ.
1099 1676 1461 1749 Ἀπεφήνατο,
1510 1676 1665 1746 φησὶ,
1711 1674 1868 1744 λόγον

292 1763 418 1837 περὶ
444 1766 545 1837 τῆς
568 1767 805 1839 κρίσεως
823 1770 851 1822 ὁ
873 1768 1025 1832 Θεὸς,
1051 1767 1119 1822 δι’
1141 1760 1203 1823 οὗ
1222 1754 1394 1821 ταῦτα
1416 1766 1485 1835 τά
1513 1766 1606 1819 δύο
1630 1766 1864 1838 ἀκήκοω

1958 570 2173 627 Gnarus
2218 582 2409 622 clunes
2455 561 2732 633 Evangelii
2792 557 3131 615 vocationem
3185 561 3525 623 accepturos,

1957 660 2201 714 infelices
2252 655 2513 727 praedicat
2558 667 2655 707 eos
2724 649 2819 719 qui
2869 663 2978 702 non
3045 643 3308 701 credituri
3368 647 3526 707 sunt,

1958 752 2194 827 maxime
2227 764 2353 802 vero
2383 746 2696 801 Judaeorum
2743 741 3056 813 magistros,
3093 737 3187 807 qui
3219 743 3274 790 et
3307 731 3532 787 menda-

1960 822 2051 901 ces
2083 850 2259 904 erant,
2288 850 2474 909 utpote
2511 838 2602 907 qui
2636 852 2667 891 a
2699 834 2926 889 veritate
2956 830 3160 900 repulsi
3189 828 3441 883 fuissent.
3463 820 3533 876 Et

1962 952 2070 990 non
2102 934 2260 989 modo
2301 931 2604 986 bilancibus
2637 938 2690 983 et
2723 926 2942 981 stateris
2966 920 3284 992 injustitiam
3310 929 3533 972 exerce—

1963 1026 2113 1090 bant,
2138 1023 2231 1079 scd
2265 1023 2428 1076 etiam
2454 1035 2550 1090 pro
2580 1019 2818 1072 vanitate
2849 1010 3338 1084 congregabantur.
3364 1004 3532 1060 Vana:

1964 1114 2162 1186 quippe
2197 1112 2419 1168 fuerunt
2465 1126 2655 1167 eorum
2700 1110 2963 1162 adversus
3014 1102 3347 1157 Salvatorem
3394 1096 3531 1152 insi-

1964 1185 2086 1262 diae.
2123 1203 2305 1258 Nolite
2328 1217 2538 1274 sperare
2585 1202 2640 1254 in
2675 1198 2984 1269 iniquitate,
3013 1205 3062 1248 et
3099 1192 3342 1260 rapinam
3371 1185 3531 1240 nolite

1966 1298 2346 1366 concupiscere.
2383 1292 2501 1348 Hoc
2551 1291 2627 1346 ait
2674 1289 2787 1345 illis,
2810 1286 2938 1357 quia
2966 1282 3207 1339 avaritiae
3250 1290 3416 1333 causa
3452 1274 3534 1328 in-

1966 1389 2145 1446 sidiati
2174 1399 2301 1445 sunt
2323 1387 2423 1453 illi,
2452 1392 2734 1458 sperantes
2760 1381 2895 1453 lcgis
2918 1396 2975 1433 se
3007 1378 3243 1431 fructum
3276 1376 3532 1439 acceptu-

1966 1494 2060 1533 I'OS
2094 1494 2161 1533 an
2185 1494 2269 1533 θο.

2033 1479 2339 1623 ῗέδιὲἓίιει
2370 1567 2574 1620 locutus
2600 1573 2676 1618 est
2704 1562 2863 1625 Deus,
2906 1560 3010 1615 duo
3040 1558 3149 1613 Iiwc
3172 1552 3385 1611 audivi:
3408 1549 3535 1619 quia

1967 1670 2195 1737 potestas
2236 1660 2332 1714 Dei
2371 1670 2473 1726 est,
2514 1666 2619 1713 etc.
2664 1654 2832 1719 Deus,
2871 1650 3069 1720 inquit,
3096 1642 3394 1702 declaravit
3418 1654 3536 1695 ser-

1970 1769 2186 1825 monem
2221 1753 2287 1807 de
2313 1751 2548 1822 judicio,
2580 1764 2647 1803 ex
2677 1761 2788 1817 quo
2823 1743 3078 1799 haecduo
3105 1735 3287 1793 audivi
3318 1753 3333 1791 :
3365 1746 3537 1788 unum

294 1824 620 1927 arpyiae;
649 1863 762 1923 τοῖς
785 1824 906 1931 ’μὲν
951 1824 1217 1931 δεηθεῖσιν
1270 1860 1441 1931 ὀργῆς
1488 1858 1577 1912 διὰ
1613 1824 1737 1930 τὴν.
1761 1858 1867 1921 τῶν

1991 1846 2209 1938 Laidem,
2230 1844 2374 1914 quod
2406 1844 2473 1897 iis
2494 1842 2597 1910 qui-
2615 1855 2709 1910 per
2735 1846 3079 1908 peccatorum
3109 1824 3536 1900 magnitudinem

295 1948 704 2027 ἁμαρτημάτων
745 1952 1049 2024 ὑπερϐολὴν
1100 1951 1269 2027 ὀργὴν
1314 1949 1615 2023 ἀποδώσει·
1656 1953 1770 2015 τοῖς
1813 1950 1871 2004 δὲ

292 2038 411 2103 ἄξια
443 2030 802 2115 πεποιηκόσιν
837 2043 1013 2110 ἐλέου,
1038 2043 1203 2097 ἀπονέ
1210 2060 1300 2114 μοι
1317 2041 1485 2096 ἔλεον.
1505 2041 1578 2095 Τὸ
1600 2041 1709 2114 γὰρ
1730 2040 1870 2110 κρά-

292 2147 386 2201 τος
408 2132 512 2205 τὴν
541 2133 710 2211 ὀργὴν
739 2135 1124 2207 ὑποσημαίνει,
1156 2136 1251 2189 καὶ⁵
1282 2134 1380 2205 τὴν
1419 2132 1722 2204 ἀποτομίαν
1771 2132 1871 2203 τὴν

295 2222 435 2277 κατὰ
459 2224 570 2278 τῶν
606 2226 774 2294 ἀξίων
807 2228 977 2298 αὐτῆς
1008 2226 1328 2298 γενομένην.

328 2356 407 2422 Τῷ
439 2360 626 2415 Δαυῒδ
770 2361 851 2435 τῷ
880 2360 1033 2418 εἶναι
1063 2364 1252 2418 αὐτὸν
1271 2364 1340 2417 ἐν
1370 2361 1445 2435 ζτλῇ
1491 2364 1688 2435 ἐρήμῳ
1723 2362 1835 2432 τῆς

688 2434 992 2501 Ἰουδαίας.
1029 2437 1335 2489 ΨΑΑΜΟΣ
1360 2432 1487 2488 ΞΒ.

913 2549 926 2566 ⁰
940 2549 1246 2616 Υπόθεσις.

294 2656 401 2712 Καὶ
422 2659 619 2714 τοῦτον
652 2661 750 2732 μὲν
783 2661 901 2735 ᾄδει
928 2661 1020 2715 τὸν
1043 2660 1278 2731 ψαλμὸν,
1317 2659 1535 2731 φεύγων
1564 2660 1672 2714 ἀπὸ
1708 2676 1877 2733 προσ-

360 2751 512 2808 ώπου
547 2753 743 2821 Σαοὺλ,
794 2756 888 2809 καὶ
936 2754 1024 2809 διὰ
1054 2754 1153 2824 τῆς
1199 2753 1341 2808 κατά
1384 2755 1476 2807 τὸν
1524 2753 1636 2824 βίον
1676 2753 1875 2826 ἀρετῆς

361 2847 795 2918 ἐπικαλούμενος
824 2849 905 2911 είς
933 2846 1186 2918 βοήθειαν
1210 2847 1301 2901 τὸν
1322 2846 1473 2902 Θεόν.
1523 2845 1876 2917 Ἀναφέρεται

360 2940 416 2996 δὲ
442 2942 547 2996 καὶ
571 2944 652 3007 εἰς
676 2943 775 3015 τὴν
802 2942 980 3015 ψυχὴν
1012 2943 1112 3013 τὴν
1154 2940 1321 2997 πάλαι
1371 2942 1430 2995 ἐν
1462 2940 1667 3013 ἐρημίᾳ
1712 2956 1872 3009 γεγο-

359 3036 519 3088 νυῖαν
549 3035 751 3098 παντὸς
778 3034 1007 3105 ἀγαθοῦ,
1040 3031 1159 3088 εἶτα
1186 3035 1618 3106 ἐπιπραφεῖσαν
1650 3037 1718 3105 τῇ
1743 3034 1877 3105 Χρει-

365 3126 491 3179 στοῦ
540 3127 746 3200 χάριτι.

1971 1922 2107 1991 iram
2142 1935 2464 2007 expeticrint
2484 1976 2499 2003 ,
2529 1934 2666 1988 iram
2699 1923 2963 1994 daturus;
2993 1926 3061 1980 iis
3094 1937 3222 1978 vero
3250 1920 3345 1990 qui
3374 1929 3541 1985 Opera

1970 2027 2359 2083 misericordia:
2409 2027 2573 2097 digna
2640 2020 3043 2096 perpetrarint,
3109 2008 3539 2070 misericordiam

1971 2124 2311 2192 praestitutus
2333 2122 2425 2177 sit.
2456 2121 2590 2175 Illud
2615 2119 2784 2182 enim,
2813 2125 3063 2186 potestas,
3094 2113 3231 2165 iram
3274 2103 3545 2176 siguillcat

1972 2222 2133 2284 atque
2167 2210 2406 2267 furorem
2441 2215 2703 2265 adversus
2753 2222 2850 2264 eos
2883 2204 2977 2276 qui
3019 2201 3222 2257 fuerint
3253 2197 3333 2251 ira
3368 2193 3539 2264 digni.

1975 2347 2028 2420 l.
2069 2345 2182 2419 Ipsi
2221 2347 2425 2412 David,
2450 2363 2567 2407 cum
2584 2356 2725 2420 esset
2750 2344 3045 2420 injegerto
3076 2338 3301 2395 ludicre.
3336 2328 3546 2388 PSAL-

2572 2415 2726 2481 MUS
2763 2412 2947 2468 LXII.

2551 2538 2950 2608 Argumentum.

1974 2658 2042 2715 Et
2072 2660 2218 2719 hunc
2244 2658 2392 2715 canit
2432 2657 2729 2728 psalmum,
2771 2652 2984 2723 fugiens
3011 2665 3040 2704 a
3072 2648 3208 2703 facie
3253 2644 3457 2708 Saulis,
3490 2651 3547 2696 et

2050 2768 2145 2821 per
2188 2751 2496 2807 institutum
2523 2749 2647 2803 vita:
2682 2762 2805 2803 cum
2841 2745 3042 2797 virtute
3091 2751 3273 2797 actum
3316 2736 3412 2792 Dei
3446 2736 3549 2790 im-

2046 2844 2225 2914 plorat
2251 2842 2537 2897 auxilium.
2587 2838 2839 2895 Refertur
2865 2835 3028 2891 etiam
3057 2831 3126 2888 ad
3155 2831 3391 2885 animam
3428 2842 3550 2897 qua:

2050 2937 2180 2991 olim
2211 2936 2362 2990 omni
2386 2948 2558 2989 vacua
2590 2934 2734 2987 bono
2758 2928 2960 2991 fuerat,
2994 2935 3049 2981 et
3073 2940 3195 2996 qua:
3227 2930 3417 2994 postea
3452 2933 3550 3003 per
3582 2968 3585 2972 .

2046 3027 2248 3084 Christi
2275 3026 2508 3097 gratiam
2535 3038 2797 3080 conversa
2825 3030 2927 3077 est.
3256 3008 3263 3013 ’
3482 3000 3491 3006 δ

376 3215 427 3268 '0
452 3180 634 3284 0834-:
664 3220 697 3271 ό
728 3220 871 3283 Θεός
883 3237 1023 3288 μου,
1043 3219 1192 3288 πρὸς
1220 3219 1295 3272 σὲ
1323 3217 1576 3287 ὀρθρίζω.
1609 3218 1682 3272 Τὸ
1716 3235 1878 3289 σπου-

2050 3205 2107 3267 2,
2134 3204 2187 3258 5.
2230 3202 2393 3267 Deus,
2427 3202 2564 3257 Deus
2592 3217 2761 3269 meus,
2802 3201 2881 3255 σάν
2901 3211 2950 3254 te
2977 3198 3040 3252 de
3079 3197 3191 3251 luce
3232 3195 3413 3265 vigilo.
3456 3191 3554 3249 His

299 3306 435 3360 δαῖον
455 3308 572 3377 τῆς
607 3307 933 3381 προσεδρίας
970 3310 1057 3363 διὰ
1077 3309 1187 3364 τῶν
1223 3309 1504 3380 παρόντων
1538 3305 1881 3377 κατασημαί-

300 3412 392 3451 νει.
438 3396 600 3469 Πρὸς
645 3398 724 3461 σὲ,
759 3399 913 3469 φησι,
941 3399 1285 3471 διανίσταμαι
1332 3398 1552 3471 ὄρθρου,
1603 3400 1682 3462 εἰς
1706 3395 1767 3450 τὸ
1800 3398 1882 3451 σοὶ

300 3486 417 3552 τούς
446 3505 509 3542 τε
540 3487 745 3559 ὕμνους
769 3492 864 3543 καὶ
888 3491 986 3555 τὰς
1007 3491 1171 3562 εὐχὰς
1197 3490 1536 3562 ἀναπέμψαι.
1594 3488 1884 3558 Ἐδίψησέ

301 3593 369 3631 σε
394 3580 433 3648 ἠ
461 3579 651 3649 ψυχή
672 3598 811 3650 μου.
845 3582 920 3636 Οὐ
952 3583 1133 3654 μόνον,
1161 3582 1345 3654 φησὶν.
1376 3583 1410 3654 ἡ
1448 3581 1595 3654 ψυχὴ
1630 3580 1723 3635 τοῦ
1750 3580 1886 3653 ἔρω-

299 3686 385 3733 τος
410 3671 811 3743 ἐμπέπλησται
841 3673 934 3727 τοῦ
954 3674 1121 3728 θείου·
1145 3673 1280 3728 ἀλλά
1302 3673 1411 3745 γὰρ
1437 3673 1629 3728 πλέον
1652 3689 1709 3727 τι
1728 3672 1824 3725 καὶ
1846 3674 1885 3741 ἡ

303 3759 470 3829 σάρξ-
499 3760 594 3815 αὖ
628 3761 736 3833 γὰρ
768 3761 928 3840 μόνον
952 3764 1053 3837 τὴν
1073 3764 1355 3819 εὐσέϐειαν
1377 3765 1525 3835 ἡμᾶς
1551 3762 1887 3833 ἐπιτηδεύειν

301 3851 396 3915 δεῖ,
432 3852 584 3907 ἀλλά
624 3855 721 3907 καὶ
751 3855 841 3909 διά
874 3854 970 3909 τοῦ
1005 3854 1258 3928 σώματος
1288 3855 1544 3928 ἀρέσκειν
1584 3852 1735 3926 Θεῷ,
1778 3849 1888 3907 οἷον

306 3946 387 4002 διὰ
406 3950 699 4023 νηστείας,
719 3951 806 4005 διὰ
828 3952 1083 4024 συνεχοῦς
1110 3953 1438 4026 προσευχῆς,
1463 3951 1549 4005 διὰ
1572 3951 1887 4024 χαμευνίας,

308 4039 391 4095 διὰ
413 4045 515 4115 τῆς
547 4044 824 4116 ἐργασίας
853 4044 961 4098 τῶν
987 4045 1206 4118 χειρῶν,
1230 4044 1407 4110 εἰς’τὸ
1427 4043 1698 4115 δεομένοις
1728 4059 1893 4114 χορη-

307 4136 437 4200 γεῖν.
475 4137 585 4190 Ἐν
614 4133 695 4205 τῇ
725 4135 922 4205 ἐρήμῳ
956 4138 1054 4191 καὶ
1089 4136 1315 4202 ἀϐάτῳ.
1338 4136 1612 4207 osseum
1656 4134 1763 4189 ἀπὸ
1792 4133 1892 4205 τῆς

308 4227 544 4298 ἐρημίας
586 4226 800 4301 βλάϐην
840 4229 1217 4302 εἰσεδεξάμην,
1271 4229 1458 4301 φησὶν,
1511 4227 1625 4282 ἀλλ’
1653 4228 1730 4293 ὡς
1763 4227 1892 4299 παρ’

307 4318 469 4393 αὐτὴν
504 4318 767 4390 ἑστηκὼς
820 4319 920 4391 τὴν
978 4321 1131 4392 ἱεράν
1184 4337 1277 4374 σου
1336 4320 1562 4391 σκηνὴν,
1622 4316 1895 4390 ὑμνῳδίαν

309 4409 630 4480 προσφέρω.
659 4408 731 4461 Τὸ
763 4408 892 4481 γὰρ,
933 4410 1003 4464 ἐν
1026 4409 1108 4477 τῷ
1131 4411 1298 4481 ἁγίῳ,
1332 4409 1431 4483 τὴν
1474 4411 1680 4482 σκηνὴν
1722 4408 1892 4479 λέγει.

1983 3296 2258 3367 significat
2288 3295 2690 3351 assiduitatem.
2709 3293 2791 3347 Ad
2820 3303 2892 3360 te,
2918 3289 3117 3361 inquit,
3142 3304 3300 3343 mane
3324 3300 3555 3355 surgens

1984 3389 2238 3460 respicio,
2277 3399 2337 3443 ut
2370 3390 2601 3460 hymnos
2637 3388 2732 3443 tibi
2758 3396 2813 3442 et
2839 3386 3119 3441 orationes
3147 3382 3392 3438 offeram.
3413 3377 3552 3434 Siti-

1984 3483 2057 3537 oit
2083 3483 2139 3537 in
2164 3491 2212 3537 te
2250 3483 2429 3537 anima
2460 3497 2595 3537 mea.
2620 3479 2741 3535 Non
2774 3480 2960 3547 modo,
3002 3477 3199 3548 inquit,
3226 3474 3410 3529 anima
3438 3484 3558 3526 mea

1985 3577 2168 3633 divino
2197 3591 2385 3631 amore
2427 3576 2627 3645 repleta
2666 3582 2786 3640 est;
2836 3573 2930 3628 sed
2973 3571 3141 3626 etiam
3192 3565 3561 3637 multipliciter

1987 3687 2110 3726 caro
2134 3686 2268 3724 mea.
2302 3667 2422 3724 Non
2450 3668 2629 3724 solum
2659 3665 2805 3723 enim
2827 3680 2924 3735 par
2950 3671 3035 3719 est
3060 3677 3160 3717 nos
3188 3661 3441 3731 pietatem
3468 3672 3563 3712 co-

1988 3766 2122 3831 lere,
2153 3764 2246 3820 sed
2278 3762 2443 3819 etiam
2480 3775 2710 3831 corpore
2739 3759 2958 3831 placere
2985 3761 3131 3823 Deo;
3167 3755 3442 3818 videlicet,
3469 3767 3565 3822 per

1985 3857 2277 3930 jejunium,
2308 3870 2402 3925 per
2437 3853 2779 3923 frequentem
2814 3850 3140 3913 orationem,
3168 3861 3267 3917 per
3300 3846 3563 3900 chameu-

1990 3949 2276 4018 niam,per
2299 3961 2465 4017 opera
2494 3959 2779 4015 manuum,
2813 3944 2880 3997 ad
2908 3943 3310 4008 eleemosynam
3334 3950 3567 4008 erogan-

1992 4040 2139 4096 dam.
2189 4040 2253 4094 fn
2286 4048 2428 4094 terra
2461 4040 2669 4094 deserta
2707 4046 2756 4091 et
2790 4037 2955 4091 invia.
3000 4033 3221 4097 Nullum
3251 4047 3315 4086 ex
3349 4029 3566 4085 deserto

1991 4133 2115 4188 loco
2137 4141 2523 4188 nocumentum
2552 4128 2721 4195 sensi,
2750 4128 2947 4199 inquit,
2997 4127 3091 4183 sed
3123 4125 3282 4196 quasi
3307 4121 3448 4194 apud
3476 4136 3567 4177 sa-

1995 4238 2152 4280 crum
2177 4222 2588 4278 tabernaculum
2626 4229 2782 4276 tuum
2812 4229 3014 4284 starem
3033 4258 3051 4292 ,_
3074 4219 3336 4289 hymnum
3372 4213 3563 4269 olfero.

1995 4314 2132 4370 lllud
2188 4315 2372 4380 enim,
2433 4314 2491 4367 in
2539 4321 2757 4379 sancto,
2811 4309 3222 4367 tabernaculum
3275 4304 3566 4378 significat.

1998 4406 2249 4462 Nondum
2291 4404 2435 4459 enim
2480 4404 2725 4460 divinum
2772 4403 3035 4473 templum
3069 4408 3407 4456 exstructum
3455 4396 3572 4452 fue-

311 4496 471 4553 Οὒπω
498 4500 617 4573 γὰρ
670 4502 701 4552 ό
750 4499 893 4566 θεῖος
939 4501 1076 4566 νεὼς
1097 4502 1430 4575 ᾠκοδόμητο.
1470 4503 1668 4568 Οὕτως
1698 4502 1771 4557 ἐν
1816 4501 1881 4568 tt;

2000 4507 2103 4553 rat.
2134 4496 2223 4552 Sic
2249 4499 2302 4550 in
2326 4505 2510 4551 sancto
2546 4496 2771 4566 apparui
2806 4493 2918 4548 tibi.
2952 4490 3041 4548 Sic
3062 4533 3078 4559 ,
3118 4490 3419 4562 quomodo,
3467 4486 3575 4563 nisi

311 4588 451 4659 ἀτίφ
474 4590 697 4661 ὤφθην
727 4607 844 4647 σοι.
884 4594 1101 4661 Οὕτως,
1165 4593 1282 4658 πῶς
1334 4594 1383 4665 ,ἢ
1431 4593 1600 4665 διψῶν
1633 4595 1728 4649 καὶ
1780 4596 1899 4667 ἐπιτ

311 4682 488 4738 ποθῶν
506 4684 616 4773 τὴν
650 4686 778 4756 περὶ
819 4688 878 4740 σέ
902 4688 993 4761 τὸν
1025 4689 1180 4758 ἀγιον
1227 4687 1520 4758 συνάφειαν
1550 4705 1564 4755 ;
1616 4687 1712 4751 Τίς
1756 4688 1801 4740 δ’
1835 4687 1899 4741 ἂν

314 4773 395 4844 εἴη
425 4773 587 4845 ἅγιος
611 4775 651 4845 ἧ
686 4777 715 4829 ό
747 4777 1056 4847 Μονογενής
1081 4795 1095 4855 ξ

381 4866 514 4923 Ὅτι
545 4866 847 4937 κρεῖσσον
873 4869 942 4922 τὸ
973 4869 1147 4936 ἔλεός
1182 4882 1299 4924 σου
1322 4867 1476 4939 ὑπὲρ
1500 4868 1665 4936 ζωός.
1701 4870 1821 4924 Ὀτι
1852 4872 1900 4923 oi

315 4957 388 5028 τῷ
430 4959 577 5014 ἐλέει
615 4960 1013 5031 προσελθόντες
1047 4961 1142 5016 τοῦ
1172 4961 1329 5027 Θεοῦ,
1368 4963 1617 5016 τουτέστι
1658 4962 1901 5034 Χριστῷ,

316 5048 458 5105 οὐδὲν
490 5051 769 5123 ἡγοῦνται
791 5052 883 5106 τοῦ
913 5053 1180 5124 παρόντος
1208 5052 1324 5124 βίου
1352 5055 1454 5127 τὴν
1478 5052 1643 5125 ζωὴν,
1665 5054 1765 5126 τὴν
1791 5071 1903 5107 τοιο

320 5141 483 5211 αὐτην
508 5143 958 5213 ἀναφθέγγονται
999 5147 1218 5221 φωνήν
1264 5146 1406 5218 ὑπὲρ
1449 5144 1684 5218 πλήθους
1736 5144 1903 5216 ζωῆς,

320 5228 415 5297 τῆς
442 5234 739 5303 παρούσης
767 5235 1043 5313 δηλονότι,
1072 5236 1321 5309 λέγοντες
1354 5233 1493 5291 εἶναι
1524 5237 1585 5291 τὸ
1627 5236 1907 5309 δεδομένον

322 5323 500 5387 αὐτοῖς
530 5322 629 5377 διά
660 5322 759 5375 τοῦ
781 5325 1121 5402 Μονογενοῦς
1153 5329 1321 5393 ἔλεος.
1361 5328 1560 5396 οὕτως
1592 5327 1909 5399 εὐλογήσω

324 5428 393 5467 σε
414 5414 484 5469 ἐν
515 5413 596 5483 τῇ
639 5412 757 5483 ζωῇ
801 5432 939 5484 μου.
990 5417 1162 5474 Τοῦτο
1182 5420 1239 5473 δὲ
1291 5420 1442 5492 παρά
1473 5420 1651 5474 πάντα
1682 5437 1784 5492 μου
1818 5420 1909 5474 τὸν

328 5504 436 5575 βίον
460 5506 769 5562 διατελέσω
798 5509 986 5575 ποιῶν,
1018 5510 1202 5582 ὑμνῶν
1236 5512 1332 5583 μὲν
1360 5515 1427 5584 τῇ
1457 5510 1702 5586 γλώττῃ,
1729 5511 1829 5576 τὰς
1854 5510 1911 5564 δέ

327 5602 511 5672 χεῖρας
554 5592 843 5665 ἐκτείνων,
878 5601 973 5655 καὶ
995 5603 1093 5674 τὴν
1132 5602 1230 5674 σὴν
1259 5602 1669 5675 φιλανθρωπίαν
1723 5603 1908 5658 αἰτῶν.

340 5693 441 5746 Ἑν
470 5691 555 5759 τῷ
584 5692 843 5762 ὀνόματι
867 5706 984 5748 σου
1011 5694 1134 5763 ἀρῶ
1153 5696 1259 5761 τὰς
1293 5694 1661 5766 χεῖράς-μου.
1691 5695 1908 5758 Οὐκέτι,

331 5781 516 5852 φησὶν,
541 5781 620 5845 ὡς
652 5781 752 5835 καὶ
778 5780 988 5854 πρώην,
1014 5783 1148 5851 πρὸς
1163 5783 1295 5839 Θεὸν
1319 5784 1594 5857 ἀλλότριον
1617 5784 1713 5849 τὰς
1729 5787 1913 5858 χεῖρας

2001 4590 2196 4646 sitiens
2226 4600 2390 4661 atque
2422 4596 2689 4659 exoptans
2717 4595 2921 4652 tecum,
2956 4583 3050 4656 qui
3079 4592 3306 4640 sanctus
3331 4598 3411 4648 es,
3444 4597 3576 4655 conj

1996 4683 2186 4754 jungi?
2208 4681 2344 4750 Quis
2376 4698 2503 4737 vero
2531 4690 2752 4737 sanctus
2775 4680 2863 4734 ille
2893 4678 3056 4733 fuerit
3082 4678 3186 4732 nisi
3218 4674 3578 4747 Unigenitus?

2073 4862 2127 4923 4,
2156 4861 2209 4917 5.
2253 4861 2517 4928 Quoniam
2547 4860 2733 4915 melior
2762 4867 2841 4914 est
2881 4855 3247 4912 misericordia
3293 4864 3382 4908 tua
3427 4866 3582 4921 super

2005 4957 2160 5021 vitas.
2191 4955 2463 5023 Quoniam
2487 4955 2582 5025 qui
2611 4953 2678 5008 ad
2703 4951 2797 5007 Dei
2832 4949 3266 5007 misericordiam
3294 4944 3579 5018 accedunt.

2006 5050 2062 5121 id
2098 5060 2181 5107 est
2210 5051 2278 5107 ad
2306 5050 2619 5113 Christum,
2655 5045 2795 5101 nihil
2835 5046 3042 5099 ducunt
3081 5042 3244 5117 hujus
3279 5034 3465 5092 mundi
3501 5032 3584 5121 νίς

2011 5152 2144 5214 tam,
2174 5143 2447 5214 ejusmodi
2477 5156 2667 5197 vocem
2698 5138 3007 5211 proferunt,
3039 5134 3338 5200 dicuntque
3359 5120 3583 5181 miseri-

2009 5235 2252 5306 cordiam
2282 5235 2386 5290 sibi
2416 5250 2514 5306 per
2568 5230 2917 5304 Unigenitum
2966 5239 3283 5286 concessam
3323 5227 3587 5291 praestan-

2011 5328 2203 5382 tiorem
2248 5341 2371 5383 esse
2398 5326 2522 5382 vita:
2562 5326 2848 5398 pmseptis
2877 5317 3254 5379 diuturnitate.
3300 5311 3390 5368 Sic
3436 5310 3587 5364 benc-

2012 5419 2187 5473 dicam
2220 5428 2267 5472 te
2306 5419 2362 5472 in
2395 5419 2504 5472 vita
2542 5395 2677 5473 mea.
2725 5395 2839 5471 [ioc
2883 5429 2978 5483 per
3007 5418 3175 5464 tutam
3217 5406 3385 5461 vitam
3427 5418 3588 5475 agere

2012 5527 2256 5583 pergam,
2286 5511 2471 5582 lingua
2506 5511 2714 5566 scilicet
2734 5509 2969 5581 hymnos
2991 5499 3245 5567 cantabo,
3275 5512 3471 5552 manus
3493 5510 3590 5549 ex-

2014 5607 2256 5670 tendam,
2280 5615 2335 5660 et
2368 5615 2518 5661 tuam
2544 5604 2750 5674 rogabo
2780 5596 3146 5655 clementiam.
3175 5590 3240 5647 In
3267 5591 3476 5646 nomine
3500 5596 3590 5640 tuo

2016 5697 2196 5753 levabo
2224 5714 2413 5751 manus
2446 5712 2609 5750 meas.
2657 5692 2776 5748 Non
2818 5690 2961 5746 ultra
2983 5727 2999 5753 ,
3031 5684 3247 5755 inquit,
3292 5684 3434 5738 sicut
3464 5689 3591 5735 ante

2017 5785 2141 5853 feci,
2172 5803 2364 5844 manus
2390 5786 2674 5843 extendam
2704 5784 2773 5839 ad
2799 5781 2968 5838 Deum
3000 5778 3236 5835 alienum
3266 5817 3281 5846 ,
3313 5774 3407 5832 sed
3445 5768 3512 5825 ad
3540 5778 3593 5823 te
