3976 6220
414 332 523 391 279

1252 332 1309 387 S.
1350 325 1716 385 ATHANASII
1754 325 1915 397 ΟΡΡτι
1941 322 2123 379 PARS
2158 322 2246 379 Ill.
2280 351 2353 361 —
2390 317 2796 376 EXEGETICA.

3528 314 3635 370 980

416 450 631 515 solum,
691 461 746 504 et
796 458 950 504 tuum
1003 449 1055 502 in
1105 448 1507 518 precationibus
1564 461 1758 503 nomen
1823 445 1964 500 invo-

2046 490 2053 501 ,
2079 439 2297 505 ἐκτενῶ,
2327 439 2439 493 ἀλλ’
2485 440 2518 510 ἥ
2547 438 2629 491 σοὶ
2661 437 2823 509 μόνῳ,
2867 435 2959 490 καὶ
3005 434 3067 488 τὸ
3102 433 3192 489 σὺν
3225 435 3281 489 ὲν
3306 438 3636 507 προσευχαῖς

413 557 476 595 ca
483 540 570 595 bo.

485 626 539 685 ϐ.
566 626 715 682 Sicut
749 628 902 696 adipe
934 636 984 682 et
1007 628 1319 698 pinguedine
1350 622 1612 697 repleatur
1634 627 1811 679 (mima
1835 641 1968 680 mea.

410 717 657 773 Ostendit
685 727 947 788 quantum
986 719 1057 773 sit
1105 720 1314 774 lucrum
1348 735 1536 773 eorum
1578 718 1671 789 qui
1699 718 1752 772 in
1791 718 1969 787 ipsum

409 809 586 865 solum
620 825 771 880 spem
814 811 1118 880 posuerint.
1162 810 1230 864 Et
1259 811 1414 865 labiis
1444 810 1812 865 exsuttationis
1853 810 1970 864 lau-

408 901 554 955 dabit
591 917 648 955 os
681 917 873 955 meum.
907 901 1065 969 Cum,
1115 902 1326 972 inquit,
1373 903 1428 957 in
1474 902 1790 957 memoriam
1832 902 1964 959 mihi

406 993 555 1048 venit
596 1008 792 1049 nomen
832 1004 1020 1063 tuum,
1080 1003 1212 1050 tunc
1253 995 1450 1066 gaudio
1503 995 1780 1066 replentur
1824 994 1966 1050 labia

404 1098 545 1144 mea.

475 1177 525 1232 7.
567 1176 629 1234 Si
657 1196 854 1234 memor
893 1181 974 1249 fui
1003 1183 1080 1237 tui
1111 1179 1265 1250 super
1293 1192 1519 1237 stratum
1547 1199 1735 1238 meum.
1781 1182 1919 1238 Illud
1949 1202 1962 1237 :

402 1267 462 1323 Si
486 1285 683 1324 memor
711 1271 811 1340 fui,
842 1272 1081 1341 positum
1115 1288 1239 1342 pro,
1262 1289 1380 1339 cum
1403 1288 1601 1328 memor
1621 1290 1737 1328 sum
1753 1288 1775 1350 ,f
1809 1280 1869 1328 ut
1895 1276 1967 1329 sit

400 1362 666 1416 sententia
694 1377 708 1417 :
740 1377 863 1416 cum
887 1377 1097 1419 memor
1123 1364 1200 1418 tui
1224 1379 1423 1432 essem,
1449 1364 1649 1434 inquit.
1681 1363 1963 1422 insomnes

400 1451 529 1505 duxi
561 1462 767 1517 noctes,
807 1453 1059 1508 laudibus
1089 1454 1197 1524 tuis
1224 1470 1447 1521 vacans,
1477 1465 1531 1510 et
1556 1456 1790 1511 illustria
1819 1456 1958 1513 dona

399 1552 490 1597 tua
536 1543 841 1612 accipiens,
889 1559 1011 1613 quae
1059 1546 1435 1601 invocantibus
1468 1554 1521 1602 te
1554 1547 1768 1605 tribuis.
1820 1546 1961 1612 Quia

394 1631 544 1699 fuisti
578 1632 794 1701 adjutor
824 1649 988 1700 meus,
1020 1644 1070 1689 et
1111 1636 1165 1693 in
1191 1636 1478 1691 uelamento
1509 1636 1718 1691 alarum
1746 1646 1959 1691 tuarum

389 1722 684 1792 exsultabo.
705 1723 1176 1794 Quandoquidem,
1206 1726 1300 1792 ait,
1331 1737 1388 1782 tu
1415 1728 1550 1782 mihi
1572 1727 1830 1783 custodiae
1854 1737 1960 1782 tuae

390 1813 658 1869 auxilium
691 1815 961 1886 impendis
983 1858 998 1883 ,
1027 1817 1269 1871 laetitiam
1312 1819 1543 1891 excipio.
1575 1819 1954 1875 Velamentum

391 1905 539 1960 enim
569 1906 779 1962 alarum
810 1916 966 1962 vocat
992 1908 1253 1963 custodiae
1272 1904 1558 1967 auxilium.
1587 1911 1629 1965 A
1663 1920 1733 1977 te,
1757 1912 1955 1984 inquit,

390 2007 664 2071 protectus
693 2014 1035 2075 summopere
1062 2002 1323 2072 gaudebo.

464 2176 520 2231 9.
557 2177 793 2246 Adluasit
829 2179 1009 2237 anima
1038 2197 1154 2234 mea
1178 2190 1293 2249 post
1322 2190 1387 2237 te.
1420 2180 1499 2239 Ne
1525 2183 1793 2238 tantillum
1827 2185 1951 2255 qui-

389 2268 512 2322 dem
532 2282 755 2339 possum
781 2283 811 2322 a
839 2271 1168 2341 cogitatione
1197 2289 1316 2327 mea
1354 2277 1672 2332 memoriam
1704 2276 1781 2330 tui
1805 2293 1952 2332 aver-

387 2368 523 2412 tere.
568 2357 675 2414 Sed
714 2360 921 2415 amoris
966 2361 1239 2418 incentivo
1283 2365 1544 2431 adustus,
1599 2382 1697 2422 ceu
1741 2368 1949 2437 glutino

389 2451 622 2520 quodam
672 2453 980 2520 memoriae,
1016 2454 1109 2509 tibi
1144 2454 1412 2511 desiderio
1436 2457 1761 2526 conjunctus
1803 2475 1944 2514 sum.

391 2539 477 2594 Me
510 2544 734 2612 suscepit
773 2544 987 2597 dextera
1019 2554 1131 2600 tua.
1164 2544 1346 2615 Ecqua
1373 2556 1549 2601 autem
1582 2548 1743 2603 fuerit
1771 2548 1946 2607 Patris

381 2632 621 2701 dextera,
654 2634 758 2689 nisi
789 2635 1100 2705 unigenitus
1129 2636 1484 2711 ejus'Filius‘t

456 2810 539 2866 IO.
566 2810 681 2881 Ipsi
708 2830 824 2871 vero
850 2816 905 2871 in
929 2832 1122 2870 vanum
1143 2819 1465 2886 quaesierunt
1494 2820 1726 2877 animam
1754 2838 1939 2877 meum.

383 2900 658 2961 Dcclamat
706 2905 923 2963 demum
974 2916 1163 2963 contra
1212 2910 1556 2967 adversarius
1618 2921 1939 2981 potestates,

384 2995 490 3047 vim
544 2995 742 3049 illatam
795 2997 899 3052 sibi
949 2997 1244 3068 objiciens,
1286 3017 1483 3072 rogans
1526 3005 1744 3060 aeternis
1795 3005 1942 3075 ipsas

381 3085 522 3144 tradi
554 3088 835 3157 suppliciis
862 3088 996 3160 (25).

450 3176 539 3250 12.
573 3176 685 3239 Rea;
723 3195 839 3235 vero
875 3180 1142 3237 laetabitur
1185 3183 1239 3237 in
1282 3183 1411 3238 Deo.
1452 3182 1743 3256 Postquam
1776 3187 1940 3243 tinem

377 3282 567 3324 eorum
600 3274 877 3333 enarravit
900 3275 995 3344 qui
1021 3291 1148 3346 erga
1193 3275 1475 3332 Christum
1505 3278 1655 3348 impii
1690 3277 1933 3351 fuerunt,

375 3369 430 3414 et
444 3360 745 3419 declaravit
768 3365 823 3420 in
854 3377 1060 3436 partem
1089 3369 1224 3439 ipsis
1240 3378 1293 3439 et
1311 3381 1510 3437 sortem
1541 3371 1656 3426 fore
1681 3372 1939 3437 inferiora

374 3460 553 3521 terrae,
596 3455 665 3510 ad
706 3456 871 3518 alium
919 3460 1203 3517 hominum
1233 3470 1432 3517 statum
1460 3472 1515 3518 et
1539 3464 1786 3524 ordinem
1818 3479 1934 3521 ser-

371 3557 588 3607 monem
618 3547 915 3616 convertit,
966 3550 1018 3605 id
1065 3561 1182 3619 est,
1231 3568 1419 3608 eorum
1448 3553 1542 3624 qui
1570 3555 1625 3608 in
1660 3553 1936 3612 Christum

371 3633 753 3704 crediderunt,
789 3639 881 3707 qui
908 3654 1032 3709 cum
1076 3658 1244 3713 regno
1272 3645 1535 3700 caelorum
1564 3645 1771 3716 dignati
1805 3648 1934 3716 sint,

371 3737 526 3793 reges
559 3725 682 3793 jure
712 3739 1013 3803 vocantur,
1035 3731 1192 3802 justa
1235 3734 1364 3790 illud
1409 3734 1613 3791 dictum
1641 3734 1930 3806 Apostoli:

370 3811 441 3865 Et
473 3816 678 3885 utinam
704 3820 926 3889 regnetis
943 3821 1009 3875 ".
1058 3821 1156 3878 llic
1186 3832 1368 3889 autem
1408 3835 1524 3879 erat
1565 3828 1798 3896 populus
1831 3829 1927 3903 qui

369 3904 645 3982 regnabat,
676 3909 879 3978 quique
906 3910 1190 3967 laetabatur
1229 3914 1411 3971 laetitia
1438 3916 1706 3986 spirituali
1725 3960 1741 3986 ,
1766 3933 1932 3989 quam

368 3994 470 4063 ipsi
491 3993 631 4057 Deus
659 4000 773 4068 ipse
803 4001 1031 4073 largitus
1064 4012 1166 4060 est.
1197 4003 1332 4077 Ego,
1365 4008 1559 4079 inquit,
1583 4009 1678 4079 qui
1703 4025 1933 4082 regnum

366 4088 546 4157 accepi
580 4089 647 4143 de
684 4092 888 4148 auxilio
922 4101 1046 4163 tuo,
1084 4111 1194 4151 non
1222 4097 1289 4152 de
1322 4098 1566 4169 ipsorum
1599 4110 1773 4156 morte
1801 4118 1936 4174 gau-

365 4177 486 4232 deo.
518 4177 903 4239 Laudabuntur
932 4203 1107 4242 omnes
1136 4189 1227 4258 qui
1260 4188 1450 4259 jurant
1492 4194 1545 4247 in
1574 4208 1654 4246 eo.
1696 4192 1772 4248 Ita
1795 4235 1809 4260 ,
1849 4196 1933 4250 in—

365 4268 503 4335 quit,
535 4271 708 4339 gloria
739 4273 980 4341 ipsorum
1010 4275 1266 4333 Christus
1294 4279 1417 4345 erit,
1449 4296 1642 4336 eorum
1681 4284 1932 4347 videlicet

363 4363 458 4429 qui
504 4363 841 4431 regnabunt;
875 4376 933 4425 ut
954 4367 1079 4436 jure
1108 4369 1417 4437 laudentur,
1453 4375 1583 4443 quia
1625 4389 1749 4429 eum
1776 4375 1931 4447 jura-

2072 531 2492 602 ἐπικαλούμενος
2521 528 2709 600 ὄνομα.

2150 626 2246 691 Ὡς
2262 624 2331 678 ἐκ
2382 622 2636 688 στέατος
2669 621 2771 675 καί
2828 619 3107 687 πιότητος
3164 620 3535 689 ἐμπλησθείη
3588 622 3629 688 ἠ

2069 714 2236 784 ψυχή
2263 733 2394 784 μου.
2428 714 2674 767 Δείκνυσι
2709 712 2872 767 πόσον
2898 711 2959 765 τὸ
2996 712 3186 783 κέρδος
3202 710 3321 777 ,τῶν
3365 713 3451 765 ἐπ’
3481 711 3632 782 αὐτῷ

2072 807 2216 877 μόνῳ
2239 806 2337 869 τὰς
2367 805 2588 869 ἐλπίδας
2615 804 2756 875 ἔχειν
2789 806 2893 876 ᾑρη
2904 804 3096 875 μένων.
3118 803 3227 857 Kal
3258 804 3429 871 χείλη
3451 803 3635 872 ἀγαλ-

2067 897 2323 965 λιάσεως
2348 897 2572 951 αἰνέσει
2593 896 2655 950 τὸ
2682 898 2875 966 στόμα
2896 914 3037 966 μου.
3088 896 3254 951 Ὅταν
3274 936 3288 961 ,
3335 896 3494 967 φησὶ,
3534 893 3629 948 τοῦ

2068 990 2162 1043 σοῦ
2191 992 2248 1043 ὲν
2278 990 2466 1063 μνήμῃ
2491 989 2753 1060 ὀνόματος
2774 988 3031 1059 γίνωμαι,
3053 988 3172 1041 τότε
3201 987 3264 1057 δὴ
3297 986 3416 1040 τότε
3457 988 3630 1058 χαρᾶς

2068 1082 2364 1153 πληροῦται
2393 1081 2458 1134 τὰ
2484 1081 2633 1152 χείλη
2662 1098 2782 1150 μου.

2134 1176 2205 1228 Ei
2226 1173 2632 1243 ἑμνημόνευόν
2659 1187 2774 1225 σου
2800 1172 2895 1227 ἐπί
2918 1170 3025 1239 τῆς
3047 1171 3360 1240 στρωμνῆς
3373 1188 3511 1240 μου.
3532 1172 3628 1238 Τὸ,

2065 1267 2134 1319 El
2157 1264 2582 1335 ἐμνημόνευον,
2612 1265 2731 1319 ἀντὶ
2758 1263 2873 1328 τοῦ,
2912 1264 3321 1333 μνημονεύων,
3356 1263 3627 1339 τέθειται·

2065 1355 2150 1408 ἵνα
2179 1350 2233 1428 ᾗ,
2293 1354 2642 1426 μνημονεύων
2693 1371 2783 1407 σου
2804 1394 2818 1418 ,
2880 1354 3042 1425 φησιν
3063 1393 3078 1417 ,
3122 1354 3323 1417 ἄϋπνος
3365 1353 3630 1424 ἐγενόμην

2064 1447 2192 1518 περὶ
2213 1446 2311 1510 τὰς
2344 1445 2442 1511 σὰς
2470 1447 2724 1513 αίνέσεις,
2752 1445 2846 1500 καὶ
2873 1444 2970 1510 τὰς
2996 1448 3263 1515 φωτεινάς
3312 1462 3404 1501 σου
3462 1460 3630 1517 χορη-

2061 1535 2207 1604 γίας,
2232 1534 2298 1599 ἃς
2330 1537 2441 1599 τοῖς
2471 1534 2919 1606 ἐπικαλουμένοις
2955 1552 3015 1588 σε
3049 1536 3225 1599 δίδως.
3260 1537 3379 1590 Ὅτι
3422 1534 3631 1605 ἐγενή-

2061 1632 2173 1696 θης
2198 1627 2425 1695 ,βοηθός
2450 1644 2588 1696 μου,
2620 1628 2717 1681 καί
2750 1627 2820 1681 ἐν
2849 1626 2924 1696 τῇ
2954 1628 3150 1695 σκέπῃ
3179 1625 3296 1680 τῶν
3323 1628 3631 1697 πτερύγων

2060 1732 2176 1771 σου
2209 1715 2668 1787 ἀγαλλιάσομαι.
2714 1716 2929 1788 Ἐπειδὴ
2967 1715 3130 1780 αὐτός
3156 1733 3243 1787 μοι
3295 1716 3508 1787 βοηθεῖς
3557 1717 3626 1788 τῇ

1987 1784 2031 1840 Β
2059 1784 2269 1881 φυλακῇ
2299 1810 2397 1881 τῆς
2429 1809 2529 1880 σῆς
2542 1784 2823 1881 βοηθείας,
2863 1784 2960 1880 την
2995 1784 3331 1880 εὐφροσύνην
3371 1784 3621 1879 δέχομαι.

2056 1901 2271 1971 Σκέπην
2300 1901 2407 1971 γὰρ
2457 1900 2740 1972 πτερύγων
2772 1900 2928 1954 καλεῖ
2950 1899 3047 1971 τὴν
3092 1899 3198 1952 ἀπὸ
3228 1900 3326 1968 τῆς
3369 1899 3621 1969 βοηθείας

2055 1991 2319 2064 φυλακήν.
2349 1993 2711 2062 Σκεπόμενος,
2747 1991 2900 2063 φησὶ,
2934 1992 3083 2075 παρὰ
3125 1991 3219 2045 σοῦ
3260 1993 3407 2063 χαρᾷ
3442 1992 3619 2064 χαρή-

2055 2100 2235 2154 σομαι.

2134 2174 2470 2243 Ἐκολλήθη
2500 2176 2538 2243 ή
2568 2175 2737 2244 ψυχή
2762 2194 2880 2245 μου
2914 2176 3105 2228 ὀπίσω
3145 2191 3281 2229 σου.
3316 2173 3448 2227 Οὐδὲ
3480 2172 3622 2245 πρὸς

2053 2266 2222 2338 βραχὺ
2249 2267 2339 2320 τὸν
2372 2267 2501 2336 ἐμὸν
2532 2267 2807 2338 λογισμὸν,
2855 2268 3008 2337 φησὶ,
3044 2268 3139 2337 τῆς
3187 2268 3285 2338 σῆς
3316 2267 3624 2338 ἀποστῆσαι

2048 2358 2279 2428 δύναμαι
2301 2360 2538 2429 μνήμης.
2583 2358 2741 2412 Ἀλλὰ
2774 2358 3188 2431 φίλτρῳ-,θερμῷ
3211 2359 3621 2429 πυρσευόμενος

2049 2446 2159 2504 οἶόν
2185 2468 2289 2504 τινι
2320 2451 2482 2524 κόλλῃ
2510 2453 2574 2521 τῇ
2605 2453 2811 2523 μνήμῃ,
2847 2451 2923 2522 τῷ
2951 2451 3029 2522 σῷ
3055 2452 3203 2522 πόθῳ
3236 2452 3616 2523 προσδέδεμαι.

2048 2539 2182 2597 Εἶτα
2201 2543 2435 2596 δείκνυσι
2460 2543 2549 2595 τὸν
2573 2543 2666 2595 τοῦ
2692 2544 2856 2596 πόθου
2891 2543 3117 2615 καρπόν.
3157 2544 3334 2612 Ἐμοῦ
3359 2543 3427 2596 δὲ
3475 2544 3622 2597 ἀντ-

2046 2633 2288 2689 ελάϐετο
2315 2636 2352 2703 ἠ
2380 2632 2547 2697 δεξιά
2573 2651 2708 2687 σου.
2732 2636 2841 2688 Καὶ
2867 2635 2949 2699 τίς
2981 2635 3045 2689 ἂν
3078 2634 3163 2706 εἴη
3196 2635 3343 2699 δεξιὰ
3372 2635 3467 2689 τοῦ
3496 2636 3618 2689 Πασ-

2046 2727 2172 2798 τρὸς
2202 2727 2234 2799 ἢ
2261 2729 2289 2780 6
2323 2726 2615 2798 μονογενὴς
2646 2727 2808 2781 αὐτοῦ
2832 2728 2995 2792 Υἱός;

2114 2819 2292 2873 Αὐτοὶ
2313 2818 2380 2871 δὲ
2405 2822 2492 2883 εὶς
2508 2818 2707 2888 μάτην
2743 2818 3040 2887 ἐζήτησαν
3075 2820 3189 2889 τὴν
3232 2819 3441 2889 ψυχήν
3469 2835 3615 2889 μου.

2044 2908 2397 2981 Κατακράξει
2419 2910 2605 2964 λοιπὸν
2637 2910 2743 2964 τῶν
2782 2912 3170 2981 ἀντικειμένων
3206 2911 3519 2982 δυνάμεων,
3548 2913 3618 2981 ῆν

2046 3000 2303 3072 ὑπέμεινε
2336 3001 2767 3072 προϐαλλόμενος
2802 3002 2956 3073 βίαν,
2991 3002 3279 3073 εὐχόμενος
3326 3005 3444 3066 ταῖς
3483 3004 3617 3056 alw-

2043 3090 2176 3154 νίοις
2203 3093 2399 3155 αὐτοὺς
2425 3093 2787 3165 παραδοθῆναι
2817 3094 3119 3148 κολάσεσιν.

2125 3182 2178 3234 '0
2208 3181 2275 3235 δὲ
2296 3183 2598 3251 ,ϐασιλεὺς
2629 3184 3105 3253 εὐφρανθήσεται
3126 3186 3225 3241 ἐπὶ
3252 3185 3332 3251 τῷ
3367 3185 3506 3253 Θεῷ.
3537 3186 3615 3243 Τὸ

2040 3270 2192 3335 τέλος
2221 3272 2328 3326 τῶν
2359 3274 2437 3337 εἰς
2462 3273 2696 3345 Χριστὸν
2735 3274 3116 3346 ἀσεϐησάντων
3155 3273 3457 3340 διεξελθὼν,
3512 3275 3615 3329 καὶ

2040 3362 2239 3428 δείξας,
2280 3364 2355 3428 ὡς
2384 3365 2541 3436 μερὶς
2563 3367 2657 3419 καὶ
2679 3366 2879 3437 κλῆρος
2907 3367 3089 3430 αὐτοῖς
3123 3369 3405 3437 γενήσεται
3428 3366 3495 3420 τὰ
3515 3384 3614 3420 καθ

2039 3453 2257 3510 τώτατα
2287 3455 2427 3528 μέρη
2454 3457 2554 3528 τῆς
2580 3457 2704 3528 γῆς,
2745 3458 2836 3511 ἐπὶ
2867 3458 2928 3511 τὸ
2953 3458 3138 3531 ἕτερον
3163 3459 3346 3530 τάγμα
3391 3459 3479 3513 τὸν
3516 3457 3613 3511 λό-

2039 3565 2132 3617 γον
2167 3548 2450 3621 μεθίστησι
2469 3566 2483 3581 °
2515 3550 2674 3604 τοῦτο
2696 3552 2752 3604 δὲ
2775 3549 2843 3625 ἦν
2868 3552 2927 3607 τὸ
2963 3554 3070 3606 τῶν
3094 3554 3494 3607 πιστευσάντων
3524 3556 3610 3618 εἰς

2038 3642 2294 3713 Χριστὸν,
2337 3644 2408 3709 οἳ,
2437 3643 2532 3697 καὶ
2582 3643 2856 3714 βασιλείας
2887 3645 3178 3717 ἠξιωμένοι
3202 3648 3308 3700 τῶν
3339 3646 3609 3719 οὐρανῶν,

2036 3733 2259 3796 εἰκότως
2290 3734 2383 3788 καὶ
2420 3733 2658 3804 βασιλεῖς
2679 3734 3052 3806 ὀνομάζονται,
3101 3737 3243 3791 κατά
3278 3738 3338 3790 τὸ
3373 3739 3606 3808 εἰρημέ-

2035 3840 2124 3879 νον
2154 3823 2304 3894 παρὰ
2328 3823 2406 3894 τῷ
2441 3824 2745 3897 Ἀποστόλῳ
2762 3843 2775 3856 ⁸
2803 3827 2915 3883 Καὶ
2941 3825 3174 3897 ὤφελόν
3198 3846 3265 3896 γε
3295 3828 3608 3883 ἐϐασιλεύ-

2035 3931 2201 3970 σατε.
2242 3909 2408 3980 Οὗτος
2432 3916 2489 3970 δὲ
2512 3912 2579 3988 ἦν
2606 3920 2635 3971 6
2660 3917 2956 3987 βασιλεύων
2984 3918 3130 3983 λαὸς,
3163 3920 3222 3983 ὃς
3249 3920 3602 3991 εὐφραίνεται

2033 4006 2130 4077 τὴν
2155 4007 2350 4078 νοητὴν
2381 4008 2740 4081 εὐφροσύνην,
2768 4010 2834 4082 ἣν
2861 4011 3021 4077 αὐτὸς
3047 4009 3194 4082 αύτῷ
3226 4012 3543 4082 κεχάρισται
3572 4012 3605 4065 6

2033 4099 2182 4163 Θεός.
2224 4099 2384 4167 Ἐγὼ,
2410 4101 2595 4170 φησὶν,
2626 4104 2654 4154 6
2691 4102 2840 4173 παρὰ
2865 4102 2957 4155 σοῦ
2978 4104 3075 4174 τὴν
3100 4102 3370 4173 βασιλείαν
3398 4102 3605 4169 λαϐὼν,

2032 4195 2097 4262 τῇ
2134 4194 2198 4263 σῇ
2226 4192 2535 4264 ἐπικουρίᾳ,
2568 4194 2629 4247 ού
2660 4193 2738 4265 τῷ
2778 4194 2991 4267 θανάτῳ
3035 4197 3275 4260 ἐκείνων,
3310 4196 3602 4267 ὲφήδομαι.

2044 4282 2526 4349 Ἐπαινεθήσεται
2551 4284 2670 4352 πᾶς
2713 4289 2745 4340 ό
2787 4287 3026 4356 ὀμνύων
3070 4287 3139 4340 ἐν
3164 4285 3345 4353 αὐτῷ.
3394 4287 3606 4352 Οὕτως,

2032 4376 2184 4444 φησὶ,
2217 4375 2310 4429 καὶ
2329 4373 2591 4447 καύχημα
2613 4377 2789 4431 αὐτῶν
2824 4378 2975 4432 ἔσται
3005 4378 3271 4451 Χριστὸς,
3301 4379 3409 4433 τῶν
3446 4379 3606 4450 βασι-

363 4454 530 4507 menti
556 4453 723 4509 Deum
754 4464 1022 4514 statuunt.
1051 4459 1320 4517 Jurabunt
1345 4465 1488 4519 enim
1516 4480 1613 4538 per
1640 4465 1810 4521 Deum
1838 4482 1929 4523 τε·
1960 4467 1964 4518 Ι

2046 4468 2335 4522 λευσάντων
2365 4467 2604 4537 δηλονότι
2628 4483 2642 4498 ’
2668 4468 2743 4532 ὡς
2770 4470 2863 4522 καὶ
2900 4471 3085 4543 ὅρκιον
3132 4471 3292 4526 αὐτὸν
3339 4470 3603 4541 ποιουμέ-

362 4560 507 4612 rum,
539 4545 681 4610 sicut
713 4550 972 4621 scriptum
1007 4562 1109 4608 est.
1147 4554 1285 4620 Quia
1318 4556 1642 4612 obstructum
1669 4566 1749 4612 est
1774 4574 1832 4613 οε
1859 4558 1931 4613 ιο-

360 4638 631 4704 quentium
657 4640 859 4711 iniqua.
891 4641 1192 4713 Ecquinam
1228 4656 1357 4703 sunt
1387 4648 1503 4715 illi,
1550 4648 1656 4705 nisi
1684 4650 1779 4719 qui
1809 4652 1929 4707 ausi

362 4738 490 4784 sunt
515 4731 696 4787 dicere
723 4734 907 4790 :.Tolle
936 4738 1000 4795 de
1024 4749 1165 4793 terra
1188 4740 1511 4809 Itujusmodi,
1545 4758 1646 4795 non
1668 4744 1807 4796 enim
1837 4759 1930 4798 ea:-

358 4824 501 4891 pcdit
545 4841 664 4881 eum
708 4828 945 4884 vivere‘?
991 4830 1197 4888 Horum
1251 4833 1437 4905 itaque
1476 4850 1539 4890 os
1582 4834 1924 4892 obstructum

358 4925 480 4981 est,
528 4925 814 4988 postquam
866 4920 1130 4979 Dominus
1175 4934 1406 4980 mortem
1452 4926 1826 4982 conculcasset
1859 4943 1925 4984 ac

354 5016 480 5076 post
521 5010 760 5066 triduum
810 5016 1216 5074 resurrexisset.
1265 5016 1621 5088 lpsarumque
1663 5018 1923 5075 adversa-

354 5100 562 5157 riarum
604 5112 935 5173 potestatum
967 5123 1030 5162 os
1074 5108 1412 5165 obstructum
1449 5108 1577 5176 fuit,
1609 5111 1788 5169 ablato
1826 5129 1923 5186 per

356 5194 583 5259 gratiam
615 5206 859 5264 peccato,
893 5208 952 5255 ut
985 5200 1113 5254 alibi
1140 5202 1347 5257 dictum
1383 5209 1468 5258 est
1491 5218 1505 5254 :
1532 5201 1600 5258 Et
1627 5206 1795 5259 omnis
1816 5208 1923 5260 ini-

356 5288 527 5349 quitas
556 5291 808 5359 oppilabit
830 5308 886 5346 os
915 5310 1067 5359 suum
1088 5296 1129 5349 ’.
1160 5293 1293 5363 Deus
1317 5297 1459 5356 enim
1490 5307 1564 5352 est
1584 5298 1674 5367 qui
1686 5299 1917 5367 judicat,

353 5386 405 5430 rt
438 5383 552 5447 quis
580 5393 656 5436 est
683 5387 774 5453 qui
807 5386 1106 5443 condemnet
1125 5386 1178 5440 ³2

430 5580 671 5644 "lCor.
713 5606 784 5655 IV,
810 5591 862 5646 8.
946 5594 959 5623 ¹
997 5592 1116 5650 Act.
1153 5608 1294 5657 uti.
1325 5591 1416 5655 29.

1497 5596 1517 5625 ²
1543 5592 1689 5653 Psal.
1720 5612 1828 5660 ενι,
1856 5595 1943 5650 ιε.

2033 4578 2157 4624 νους
2199 4560 2537 4615 ἐπαινεῖσθαι
2580 4561 2825 4626 δικαίως.
2872 4562 3156 4634 Ὀμοῦνται
3182 4561 3288 4633 γὰρ
3307 4562 3437 4616 Θεὸν
3465 4562 3591 4635 ἁλη-

2033 4650 2197 4714 θινὸν,
2228 4650 2367 4704 κατὰ
2392 4650 2453 4705 τὸ
2486 4652 2872 4724 γεγραμμένον
2893 4668 2906 4682 ’
2937 4652 3065 4705 Ὅτι
3084 4651 3381 4723 ἐνερράγη
3407 4654 3604 4722 στόμα

2030 4744 2384 4798 λαλούντων
2406 4743 2600 4797 ἄδικα.
2634 4744 2743 4796 Καὶ
2770 4744 2913 4808 τίνες
2944 4738 3086 4800 οὗτοι
3126 4744 3158 4815 ἢ
3213 4746 3260 4797 οἱ
3297 4744 3605 4815 τολμήσαν-

2029 4852 2121 4898 τες
2153 4836 2347 4898 εἰπεῖν,
2374 4831 2513 4902 Αἶρε
2531 4835 2601 4888 ἐκ
2637 4834 2745 4902 τῆς
2771 4833 2883 4903 τῆς
2906 4835 3015 4888 τὸν
3041 4836 3310 4890 τοιοῦτον
3329 4852 3343 4866 ·
3384 4837 3455 4889 οὐ
3488 4835 3602 4905 γὰρ

2031 4925 2293 4994 καθῆκεν
2335 4925 2521 4981 αὐτὸν
2564 4925 2710 4995 ζῇν;
2737 4926 2950 4980 Τούτων
2979 4926 3043 4997 δὴ
3089 4923 3183 4981 οὖν
3235 4927 3508 5000 ὲνεφράγη
3537 4928 3602 4980 τὸ

2032 5019 2225 5090 στόμα,
2258 5020 2597 5090 πατήσαντος
2617 5019 2711 5073 τοῦ
2733 5020 2936 5091 Κυρίου
2959 5020 3049 5075 τὸν
3070 5019 3317 5085 θάνατον,
3336 5021 3429 5075 καὶ
3452 5039 3603 5093 τριη-

2033 5110 2200 5183 μέρου
2228 5112 2580 5174 ἀναστάντος.
2617 5112 2725 5166 Kal
2758 5112 2937 5164 αὐτῶν
2966 5111 3023 5165 δὲ
3059 5111 3168 5165 τῶν
3206 5112 3596 5183 ἀντικειμένων

2026 5200 2303 5271 δυνάμεων
2328 5200 2599 5274 ὲνεφράγη
2622 5200 2682 5254 τὸ
2707 5201 2899 5270 στόμα,
2923 5201 3270 5273 ἀνῃρημένης
3302 5202 3397 5271 τῆς
3412 5203 3595 5273 ἀμαρ-

2025 5293 2147 5357 τίας
2183 5293 2271 5348 διὰ
2303 5294 2402 5364 τῆς
2432 5292 2671 5365 χάριτος,
2699 5292 2841 5347 κατὰ
2882 5294 2943 5347 τὸ
2985 5294 3268 5365 εἰρημένον
3320 5289 3589 5363 ἀλλαχοῦ·

2028 5385 2137 5449 Kal
2154 5384 2321 5440 πᾶσα
2348 5384 2563 5454 ἀνομία
2585 5384 2868 5454 ἐμφράξει
2893 5383 2958 5435 τὸ
2985 5382 3180 5451 στόμα
3204 5380 3414 5453 αὐτῆς.
3449 5382 3596 5452 Θεὸς

2028 5477 2135 5549 γὰρ
2159 5480 2193 5532 ό
2223 5475 2484 5539 δικαιῶν,
2521 5475 2617 5531 καί
2642 5475 2733 5540 τίς
2765 5477 2798 5531 ό
2823 5474 3226 5542 κατακρίνων;

2024 5595 2045 5626 ³
2072 5594 2231 5649 Rom.
2260 5609 2359 5649 vui
2380 5631 2395 5657 ,
2429 5591 2517 5646 84.

426 5699 542 5775 (25)
579 5707 624 5762 Α
649 5691 907 5769 Corderio
939 5717 1041 5771 alia
1080 5715 1387 5772 afferuntur
1422 5735 1542 5789 quae
1588 5719 2031 5789 sunt_Theodori.
