3976 6220
401 322 509 379 185

1240 318 1297 374 S.
1336 315 1706 373 ATHANASII
1742 315 1892 371 OPP.
1928 312 2107 369 PARS
2143 312 2232 371 ΙΙΙ.
2263 343 2336 358 --
2372 312 2779 370 EXEGETICA.

3514 311 3621 375 984

404 435 459 494 ί.
498 433 565 489 In
589 432 767 503 ﬁnem,
784 428 1020 486 PSALM
1032 428 1120 485 US
1142 430 1330 493 David.
1357 428 1633 486 Canticum
1654 428 1954 484 Jeremiwet
1985 434 2005 488 λ

2097 428 2165 493 τίς
2196 426 2264 481 τὸ
2285 426 2476 493 τέλος,
2512 427 2816 479 ΨΑΛΜΟΣ
2841 420 2919 488 τῷ
2942 421 3140 476 Δαυΐδ.
3178 419 3315 492 ᾯδὴ
3350 422 3623 494 Ἰερεμίου

474 517 764 573 Ezechielis
783 516 974 587 populo
1000 517 1503 587 transmigrationis,
1531 530 1650 569 cum
1679 514 1963 591 inciperent

474 614 635 667 exire.
659 608 793 665 LXI
808 608 872 666 V.

982 697 1382 769 Argumentum.

404 816 463 872 In
496 814 601 869 hoc
632 811 839 883 psalmo
872 823 1161 880 personam
1189 806 1394 862 inducit
1421 806 1685 878 gentium,
1720 821 1843 875 quae
1871 820 1965 862 oc-

475 902 838 962 clamautibus
871 901 998 956 licet
1030 899 1194 971 hujus
1230 899 1413 955 saeculi
1460 897 1814 968 sapientibus,
1845 911 1965 972 cre-

474 996 723 1051 diderant
751 992 806 1047 in
833 990 1136 1057 Christum,
1168 999 1222 1046 et
1261 989 1375 1060 jam
1413 989 1689 1060 postulant
1726 987 1968 1059 pristinae

473 1084 767 1156 impietatis
797 1082 1196 1138 remissionem.
1244 1081 1325 1137 Ad
1359 1068 1475 1135 haic
1517 1095 1617 1150 pro
1650 1080 1718 1135 iis
1760 1080 1965 1135 oratio-

475 1191 598 1231 nem
628 1173 864 1239 emittit,
910 1172 1005 1243 qui
1041 1171 1249 1228 scilicet
1276 1169 1602 1226 infructuosi
1635 1170 1763 1227 olim
1787 1176 1964 1237 erant,

475 1266 587 1338 jam
615 1282 746 1322 vero
772 1282 866 1337 per
890 1265 1092 1320 Christi
1126 1263 1284 1317 fidem
1315 1261 1564 1333 frugiferi
1590 1261 1716 1316 facti
1750 1268 1896 1316 sunt.

470 1358 525 1412 2.
570 1356 640 1410 Te
679 1357 821 1410 decet
847 1355 1093 1425 hymnus,
1132 1353 1295 1418 Deus,
1347 1353 1403 1406 in
1452 1352 1604 1407 Sion.
1644 1350 1761 1423 Non
1804 1353 1964 1417 ultra,

403 1447 601 1518 inquit,
648 1448 715 1502 iis
759 1462 900 1517 quos
946 1446 1076 1500 olim
1116 1445 1245 1500 deos
1289 1443 1690 1499 aestimabamus
1737 1444 1967 1514 hymnos

402 1541 665 1606 canimus,
693 1539 846 1610 gnari
876 1553 982 1593 non
1028 1552 1126 1608 par
1159 1552 1279 1592 esse
1308 1535 1430 1590 illos
1458 1535 1741 1599 celebrari,
1773 1534 1867 1606 qui
1900 1534 1968 1589 li-

2130 518 2230 575 καί
2272 515 2537 584 Ἰεζεκιὴλ
2573 516 2677 570 τοῦ
2735 514 2889 570 λαοῦ
2937 513 3048 583 τῆς
3106 515 3448 587 παροικίας,
3523 517 3625 571 ὅτε

2130 606 2389 678 ἔμελλον
2411 605 2853 676 ἐκπορεύεσθαι.
2879 602 2999 658 EA’.

2688 720 3008 784 Ὑπόθεσις.

2074 814 2163 867 Ἐν
2180 812 2352 883 τούτῳ
2389 811 2466 882 τῷ
2484 810 2691 882 ψαλμῷ,
2706 810 2913 878 εἰσάγει
2935 809 2993 862 τὸ
3008 792 3294 879 πρόσωπον
3321 806 3428 861 τῶν
3454 806 3626 861 ἐθνῶν

2131 901 2237 955 τῶν
2276 901 2672 975 πιστευσάντων
2703 901 2783 963 εἰς
2804 899 3055 973 Χριστὸν,
3089 895 3480 972 καταϐοώντων
3509 896 3620 951 τῶν

2132 991 2309 1062 σοφῶν
2330 990 2424 1045 τοῦ
2459 990 2650 1055 αἰῶνος
2673 990 2861 1044 τούτου
2882 1030 2897 1055 ,
2937 987 3225 1068 αἰτούντων
3253 1005 3315 1040 τε
3352 987 3452 1057 τῆς
3488 1005 3629 1059 προ-

2131 1086 2292 1158 τέρας
2316 1083 2567 1148 ἀσεϐείας
2599 1084 2811 1153 ἄφεσιν.
2850 1082 2972 1154 Ἔτι
3004 1097 3065 1133 τε
3098 1079 3261 1155 εὐχὴν
3311 1078 3627 1150 ἀναπέμπει
3654 1146 3656 1148 ν

2134 1177 2274 1249 ὑπὲρ
2298 1174 2497 1238 αὐτῶν,
2533 1175 2700 1228 ὄντων
2737 1173 2832 1243 μὲν
2859 1172 3025 1246 πάλαι
3059 1168 3320 1242 ἀκάρπων
3344 1212 3359 1233 ,
3401 1169 3630 1242 γενομέ-

2131 1285 2236 1322 νων
2266 1267 2323 1319 δὲ
2349 1267 2593 1336 εὐφόρων
2621 1264 2708 1319 διὰ
2729 1266 2828 1335 τῆς
2851 1265 2930 1326 εἰς
2961 1262 3193 1335 Χριστὸν
3231 1262 3484 1325 πίστεως.

2133 1358 2237 1413 Σοὶ
2284 1358 2492 1426 πρέπει
2541 1356 2748 1425 ὕμνος,
2804 1357 2837 1407 ό
2872 1353 3036 1419 Θεὸς,
3076 1353 3144 1405 ἐν
3184 1351 3353 1427 Σιών.
3410 1351 3627 1414 Οὐκέτι,

2065 1448 2248 1519 φησὶν,
2274 1441 2354 1510 οἷς
2384 1446 2702 1516 ἐνομίζομεν
2733 1443 2875 1506 θεοῖς
2906 1438 3031 1505 τοὺς
3066 1441 3268 1513 ὕμνους
3311 1441 3631 1512 ἀναπέμψο-

2068 1552 2164 1606 μεν
2183 1574 2199 1600 ,
2227 1533 2422 1596 εἰδότες
2439 1532 2511 1596 ὡς
2541 1533 2767 1595 ἐκείνοις
2801 1532 2897 1602 μὲν
2918 1531 2978 1584 οὑ
3011 1531 3212 1612 πρέπει
3234 1531 3510 1605 ἀνυμνείν,
3538 1528 3632 1596 ξύ-

401 1644 540 1701 εηιι,
587 1630 790 1700 lapides
818 1640 872 1684 et
907 1628 1173 1684 daemonia
1199 1634 1365 1684 .sunt.
1411 1625 1517 1682 Sed
1565 1627 1664 1681 tibi
1711 1626 1812 1682 soli
1865 1626 1969 1681 hoc

2097 1644 2175 1691 οις
2209 1626 2301 1680 καὶ
2333 1624 2499 1687 λίθοις
2525 1624 2617 1677 καὶ
2643 1623 2937 1694 δαιμονίοις
2957 1619 3107 1696 οὖσιν
3127 1638 3142 1653 ·
3179 1622 3261 1675 σοὶ
3287 1622 3345 1676 δὲ
3381 1622 3529 1693 μόνῳ
3568 1621 3632 1674 τὸ

403 1719 639 1775 ofﬁcium
687 1719 1261 1776 convenientissimum
1311 1724 1413 1773 est.
1466 1715 1536 1770 Et
1573 1718 1670 1772 tibi
1723 1718 2005 1785 reddetur_

2097 1716 2299 1770 οιοῦτον
2326 1714 2596 1785 ὀφείλημα
2624 1713 3092 1785 πρεπωδέστατον.
3115 1711 3225 1765 Καὶ
3263 1710 3362 1765 σοί
3392 1709 3631 1765 ’ἀποδο-

401 1820 580 1865 uotum
624 1811 681 1865 in
714 1810 1031 1865 Jerusalem.
1077 1810 1185 1864 Aut
1211 1808 1510 1865 Jerusalem
1543 1794 1813 1864 terrenam
1855 1807 1963 1872 ait,
1998 1780 2005 1834 1

2097 1779 2479 1875 ἰήσεταιεῦχὴ
2584 1779 2984 1874 Ἰερουσαλήμ.
3019 1802 3087 1856 Ἢ
3109 1805 3174 1874 τῇ
3199 1803 3290 1856 ἐπὶ
3313 1802 3415 1873 γῆς
3445 1817 3628 1871 φησιν,

402 1917 525 1971 qua:
551 1910 636 1957 est
661 1900 922 1967 Ecclesia,
956 1911 1051 1957 aut
1082 1901 1377 1970 caelestem,
1407 1901 1472 1956 ad
1506 1916 1671 1971 quam
1699 1915 1823 1956 cum
1849 1914 1967 1970 per-

402 1990 715 2047 venerimus
740 1991 928 2046 laudes
959 1990 1270 2045 olferemus.

472 2083 527 2138 3.
569 2082 783 2137 Exaudi
814 2084 1107 2138 orationem
1130 2098 1319 2148 meam,
1360 2081 1429 2141 ad
1457 2090 1505 2141 te
1532 2081 1699 2135 omnis
1735 2097 1858 2135 caro
1888 2097 1970 2137 ve-

406 2178 539 2231 niet.
573 2173 671 2231 His
715 2175 960 2230 omnium
1003 2175 1248 2245 gentium
1296 2173 1635 2229 vocationem
1680 2174 1972 2228 annuntiat

398 2268 557 2339 juxta
580 2268 631 2323 id
661 2266 806 2338 quod
832 2266 1035 2323 dictum
1066 2274 1151 2321 est
1174 2264 1316 2336 apud
1356 2264 1560 2321 Joelem
1581 2267 1601 2298 "
1633 2282 1647 2318 :
1682 2265 1970 2336 Eﬂundam

402 2361 472 2416 de
499 2360 705 2431 Spiritu
731 2375 844 2415 meo
865 2375 1021 2430 super
1046 2375 1250 2413 omnem
1282 2373 1514 2412 carnem.

480 2543 532 2596 4.
610 2540 780 2604 Verba
835 2542 1136 2612 iniquorum
1186 2539 1573 2609 pravaluerunt
1633 2555 1789 2610 super
1854 2555 1968 2594 nos.

407 2628 584 2687 Verba
612 2633 919 2704 iniquorum
942 2633 1073 2688 dicit
1108 2632 1426 2702 sapientiam
1458 2632 1761 2702 sapientum
1791 2631 1974 2686 saeculi

408 2720 593 2789 huius,
618 2737 725 2791 qua
753 2723 953 2777 inﬁrmi
986 2718 1226 2787 fuerunt,
1263 2737 1294 2776 a
1317 2736 1444 2776 vera
1477 2721 1615 2792 lapsi
1644 2721 1970 2792 cognitione.

411 2808 482 2862 Et
512 2810 868 2880 impietatibus
905 2812 1100 2864 nostris
1146 2820 1201 2863 tu
1246 2810 1635 2880 propitiaberis.
1671 2809 1884 2881 Rogant
1911 2809 1977 2863 li-

407 2896 590 2952 berari
620 2897 689 2952 ab
713 2897 987 2967 impietate
1015 2898 1069 2951 in
1103 2913 1206 2969 qua
1239 2898 1369 2953 olim
1395 2907 1726 2954 erraverant.

481 3006 533 3061 5.
576 3006 766 3062 Beatus
805 3023 953 3077 quem
1003 3007 1205 3078 elegisti
1244 3019 1294 3062 et
1334 3010 1688 3077 assumpsisti.
1731 3009 1838 3065 Eos
1883 3010 1975 3080 qui

408 3105 568 3151 erant
599 3097 794 3152 virtute
825 3097 1084 3168 perfecti,
1117 3108 1172 3153 et
1212 3101 1275 3154 ad
1308 3101 1556 3156 bravium
1601 3116 1848 3171 superna:
1878 3117 1975 3157 νο·
2003 3123 2046 3181 C

413 3186 644 3242 cationis
676 3199 1065 3256 pervenerant,
1100 3190 1284 3245 beatos
1326 3192 1615 3262 appellant.
1646 3192 1980 3263 Replebimur

413 3277 470 3329 in
495 3275 641 3331 bonis
674 3278 858 3332 domus
891 3288 1013 3333 tuae.
1048 3279 1195 3336 Bona
1225 3281 1420 3336 domus
1442 3292 1599 3337 vocat
1627 3283 1834 3338 diversa
1859 3283 1981 3352 Spi-

415 3368 555 3422 ritus
579 3370 742 3424 dona.
772 3369 915 3424 Huic
946 3373 1114 3437 enim,
1146 3373 1382 3442 inquit“.
1414 3379 1573 3427 datur
1604 3391 1695 3444 per
1725 3373 1981 3444 Spiritum

416 3475 585 3513 sermo
617 3462 918 3531 sapientiae,
950 3463 1046 3518 alii
1092 3473 1265 3518 autem
1293 3482 1464 3519 sermo
1496 3467 1728 3521 scientia:
1758 3474 1813 3521 et
1852 3467 1981 3521 reli-

418 3567 527 3620 qua
558 3551 720 3607 dona.
754 3552 1010 3608 Sanctum
1041 3565 1118 3609 est
1153 3556 1403 3627 templum
1432 3567 1576 3612 tuum
1598 3600 1612 3624 ,
1644 3568 1737 3613 aut
1769 3560 1985 3614 caeleste

420 3653 515 3696 aut
562 3654 861 3709 terrenum,
901 3647 1056 3716 juxta
1090 3647 1295 3703 dictum
1329 3649 1462 3704 illud
1506 3667 1519 3702 :
1573 3650 1842 3720 Templum
1888 3651 1984 3706 Dei

419 3745 663 3808 sanctum
691 3742 789 3799 est,
824 3737 963 3807 quod
990 3742 1115 3793 estis
1141 3755 1229 3794 vos
1243 3740 1286 3792 ‘.
1699 3732 1703 3736 ’

493 3905 622 3979 [Qui
649 3910 791 3978 pleni
818 3912 951 3967 estis
980 3914 1409 3971 sanctiﬁcatione
1435 3918 1829 3989 (templumque
1853 3918 1987 3974 illud

419 4001 620 4071 suum),
647 4016 744 4071 per
765 4003 984 4074 eloquia
1013 4015 1104 4060 tua
1138 4007 1455 4063 accedentes
1487 4009 1667 4064 erudit
1700 4020 1860 4080 atque
1890 4010 1987 4066 do-

421 4100 506 4148 cet
527 4094 795 4164 justitiam
823 4097 1021 4172 tuam.]

492 4184 547 4239 6.
589 4186 804 4243 Exaudi
839 4206 967 4257 nos,
1001 4190 1143 4248 Deus
1163 4233 1179 4260 ,
1211 4193 1466 4250 salutaris
1493 4204 1689 4263 noster,
1729 4214 1843 4268 spes
1872 4216 1987 4271 orn-

422 4276 572 4330 nium
613 4278 799 4347 ﬁnium
833 4290 1007 4337 terrae.
1033 4280 1240 4339 Exaudi
1264 4301 1364 4341 nos
1393 4288 1576 4357 itaque
1603 4297 1658 4344 et
1686 4289 1799 4344 haec
1832 4292 1989 4346 nobis

2070 1894 2188 1966 ⁴ἰίγιτις
2209 1893 2409 1964 ἐστὶνὴ
2451 1892 2761 1962 Ἐκκλησία,
2783 1891 2815 1962 ἢ
2839 1893 2902 1962 τῇ
2937 1890 3259 1963 ἐπουρανίῳ,
3292 1891 3423 1944 ὅπου
3454 1907 3633 1962 παρα-

2073 1985 2350 2058 γενόμενοι
2373 1983 2470 2048 τὰς
2499 1984 2732 2047 αἰνέσεις
2758 1982 3173 2054 ἀναπέμψομεν.
3492 2045 3495 2047 _

2142 2075 2526 2131 Είσάκουσον
2553 2073 2898 2143 προσευχῆς
2939 2091 3074 2143 μου,
3135 2075 3284 2143 πρὸς
3338 2074 3414 2129 σὲ
3463 2073 3634 2130 πᾶσα

2075 2166 2231 2236 σὰρξ
2257 2165 2408 2234 ἥξει.
2440 2163 2861 2233 Εὐαγγελίξεται
2912 2164 3000 2218 διά
3049 2165 3253 2218 τούτων
3298 2164 3396 2237 τὴν
3442 2165 3634 2236 κλῆσιν

2074 2259 2323 2312 ἁπάντων
2350 2256 2457 2310 τῶν
2489 2255 2679 2318 ὲθνῶν,
2731 2254 2869 2308 κατά
2916 2255 2979 2308 τὸ
3027 2254 3314 2327 εἰρημένον
3352 2253 3501 2337 παρὰ
3536 2253 3634 2307 τοῦ
3674 2250 3675 2253 “

2087 2348 2243 2420 Ἰωήλ
2274 2364 2289 2380 ο
2335 2345 2553 2417 Ἐκχεῶ
2599 2345 2717 2401 ἀπὸ
2740 2346 3086 2416 Πνεύματός
3124 2363 3244 2416 μου
3293 2345 3392 2399 ἐπὶ
3428 2344 3636 2400 πᾶσαν

2077 2439 2292 2508 σάρκα.

2146 2532 2323 2600 Λόγοι
2369 2531 2606 2600 ἀνόμων
2635 2530 3180 2600 ὐπερεδυνάμωσαν
3199 2528 3372 2601 ἡμᾶς.
3432 2529 3639 2604 Λόγους

2078 2622 2291 2693 ἀνόμων
2320 2624 2453 2694 φησὶ
2484 2622 2582 2693 τὴν
2617 2622 2806 2690 σοφίαν
2830 2621 2937 2674 τῶν
2972 2621 3149 2691 σοφῶν
3168 2621 3260 2674 τοῦ
3293 2620 3486 2684 αἰῶνος
3512 2621 3639 2674 τοὺ-

2078 2730 2191 2776 του,
2220 2713 2285 2766 δι’
2309 2710 2377 2785 ἦς
2407 2714 2499 2767 καὶ
2526 2712 2909 2784 ὲξησθένησαν,
2944 2714 3042 2784 τῆς
3064 2711 3293 2782 ἀληθοῦς
3316 2712 3642 2789 ἐκπεσόντες

2078 2804 2347 2874 γνώσεως.
2381 2806 2490 2859 Καὶ
2517 2804 2645 2870 ταῖς
2668 2804 2966 2870 ἀσεϐείαις
3001 2803 3167 2873 ἡμῶν
3195 2804 3395 2871 ἱλάσῃ.
3439 2802 3643 2873 Εῦχον-

2078 2913 2167 2950 ται
2192 2897 2288 2968 τῆς
2310 2896 2595 2967 συμϐάσης
2621 2897 2678 2948 ἐν
2704 2899 2768 2967 τῇ
2788 2895 2962 2967 πλάνῃ
2975 2895 3224 2958 ἀσεϐείας
3241 2893 3640 2965 ἀπαλλαγῆναι.

2151 3007 2448 3075 Μακάριος
2472 3008 2545 3061 ὃν
2561 3007 2815 3072 ἐξελέξω
2836 3006 2932 3061 καὶ
2961 3005 3357 3075 προσελάὄου.
3389 3005 3526 3074 Τοὺς
3556 3023 3645 3083 τε-

2080 3097 2395 3162 λειωθέντας
2424 3099 2543 3150 κατ’
2573 3097 2794 3170 ἀρετὴν,
2816 3099 2908 3150 καὶ
2937 3099 3015 3160 εἰς
3045 3097 3104 3150 τὸ
3136 3097 3383 3168 βραϐεῖον
3411 3099 3507 3168 τῆς
3532 3080 3645 3150 ἄνω

2082 3190 2386 3262 φθάσαντας
2438 3189 2701 3261 κλήσεως,
2742 3190 3045 3261 μακαρίους
3089 3189 3440 3245 ἀποκαλοῦσι.
3483 3191 3645 3255 Πλη-

2079 3262 2506 3351 σθησόμεθαλὲν
2530 3280 2652 3347 τοῖς
2673 3281 2914 3350 ἀγαθοῖς
2945 3281 3051 3334 τοῦ
3076 3281 3243 3334 οἴκου
3267 3295 3403 3335 σου.
3438 3277 3646 3347 Ἀγαθά

2079 3374 2171 3429 τοῦ
2187 3373 2335 3426 οἴκου
2358 3374 2426 3427 τά
2455 3373 2687 3444 διάφορα
2709 3372 2801 3426 τοῦ
2820 3372 3135 3442 Πνεῦματος
3152 3371 3298 3440 λέγει
3314 3371 3643 3443 χαρίσματα.

2080 3458 2154 3535 ΊΓῼ
2177 3464 2293 3534 μὲν
2316 3464 2444 3544 γὰρ,
2478 3463 2631 3534 φησὶ,
2656 3462 2883 3517 δίδοται
2914 3461 3011 3515 διὰ
3041 3461 3146 3515 τοῦ
3180 3461 3647 3540 Πνεύματοςλό-

2081 3577 2185 3630 γος
2209 3560 2446 3626 σοφίας,
2471 3559 2637 3622 ἄλλῳ
2656 3556 2722 3610 δὲ
2748 3560 2928 3626 λόγος
2942 3556 3235 3626 γνώσεως,
3272 3558 3366 3611 καὶ
3384 3557 3454 3610 τά
3483 3557 3648 3627 ἕτερα

2083 3649 2189 3703 τῶν
2221 3649 2591 3720 χαρισμάτων.
2629 3648 2819 3717 Ἄγιος
2859 3651 2891 3702 ό
2923 3649 3069 3714 ναός
3097 3663 3213 3702 σου
3238 3665 3253 3679 ·
3289 3648 3322 3719 ἢ
3352 3650 3380 3702 ό
3412 3646 3653 3718 ἐπουρά-

2084 3740 2270 3809 νιος,ἢ
2303 3740 2331 3790 ὁ
2366 3739 2625 3811 ἐπίγειος,
2661 3738 2881 3792 κατὰτὸ
2909 3738 3218 3810 εἰρημένον·
3260 3738 3322 3791 '0
3356 3737 3463 3808 γὰρ
3499 3735 3650 3804 ναὸς

2084 3831 2188 3908 τοῦ
2213 3829 2358 3884 Θεοῦ
2386 3830 2551 3898 ἅγιός
2588 3830 2779 3895 ἐστιν,
2807 3829 3022 3895 οἵτινές
3040 3830 3179 3883 ἐστε
3213 3828 3400 3899 ὑμεῖς.

2156 3921 2422 3996 [Πλήρεις
2449 3919 2719 3992 ἁγιασμοῦ
2746 3936 2759 3949 ·
2785 3921 2879 3974 καὶ
2907 3920 3004 3991 τὴν
3048 3920 3146 3991 σὴν
3177 3918 3521 3992 δικαιοσύνην
3562 3919 3655 3996 διᾲ

2086 4013 2191 4090 τῶν
2215 4013 2322 4066 σῶν
2349 4013 2541 4082 λογίων
2565 4014 2690 4076 τοὺς
2719 4011 3038 4084 προσιόντας
3072 4011 3360 4086 παιδεύει.]

2169 4188 2545 4243 Ἐπάκουσον
2584 4187 2773 4257 ἡμῶν,
2809 4189 2843 4243 δ
2875 4190 3017 4256 Θεὸς
3060 4193 3094 4244 ὁ
3142 4190 3344 4260 Σωτὴρ
3391 4191 3578 4261 ἡμῶν»
3609 4193 3653 4269 ἦ

2088 4279 2262 4346 ἐλπὶς
2294 4278 2534 4333 πάντων
2558 4276 2675 4331 τῶν
2698 4278 2965 4349 περάτων
2990 4279 3101 4349 τῆς
3154 4280 3286 4353 γῆς.
3322 4280 3532 4338 Οὐκοῦν.
3556 4284 3656 4359 έπέ-

424 4366 688 4437 praebeas.
737 4368 795 4423 In
843 4377 927 4437 te,
964 4371 1173 4442 inquit,
1222 4373 1357 4431 ﬁnes
1394 4384 1555 4431 terrae
1585 4378 1905 4445 sperabunt,
1936 4388 1990 4434 et

2097 4370 2317 4424 ἀκουσον
2333 4370 2508 4442 ἡμῶν,
2540 4370 2819 4424 καὶταῦτα
2844 4372 3146 4444 παράσχου.
3172 4373 3267 4435 Εἰς
3292 4373 3371 4439 σὲ,
3407 4372 3561 4447 φησί,
3586 4373 3658 4442 τὰ

426 4458 521 4528 qui
565 4460 753 4527 procul
799 4475 831 4514 a
875 4464 1015 4519 mari
1048 4460 1316 4522 habitant.
1369 4465 1466 4523 His
1505 4477 1686 4525 autem
1724 4469 1993 4540 signiﬁcat

2097 4462 2306 4534 πέρατα
2325 4462 2423 4532 τῆς
2451 4462 2773 4534 οἰκουμένης
2793 4463 3060 4525 ὲλπιοῦσι,
3097 4465 3188 4518 καὶ
3217 4465 3267 4517 οἰ
3299 4464 3515 4537 μακρὰν
3556 4463 3659 4535 τῆς

424 4553 692 4606 terminos
726 4558 904 4607 terrae.

498 4722 551 4777 7.
595 4723 910 4795 Prteparans
955 4739 1151 4786 montes
1188 4734 1242 4786 in
1286 4734 1476 4788 virtute
1514 4750 1632 4788 sua.
1665 4733 1873 4803 Montes
1904 4736 1991 4790 hic

428 4821 588 4867 vocat
618 4815 962 4886 adversaries
994 4830 1306 4890 potestates.
1356 4823 1677 4894 Pra’parans
1707 4836 1885 4879 autem
1925 4824 1993 4879 ad

430 4907 778 4977 supplicium,
816 4914 1139 4981 praeparavit
1173 4930 1407 4985 namque
1434 4916 1541 4970 illis
1574 4916 1849 4986 abyssum.
1881 4915 1994 4984 Hoc

431 5008 612 5054 autem
655 4999 858 5065 facies,
888 5012 1079 5072 potens
1114 5020 1237 5059 cum
1268 5007 1366 5061 sis.
1414 5005 1518 5071 Qui
1554 5009 1835 5060 conturbas
1874 5024 1997 5077 pro-

432 5087 656 5156 fundum
686 5094 871 5147 maris.
903 5092 1047 5153 Mare
1069 5095 1221 5162 dicit,
1253 5096 1660 5153 multitudinem
1689 5084 1996 5154 immundo.

433 5196 555 5235 rum
588 5182 879 5252 spirituum
901 5226 916 5253 ,
947 5200 1069 5255 quae
1099 5184 1301 5242 Chriin
1346 5188 1578 5244 adventu
1622 5190 1995 5245 conturbatur.

386 5306 387 5309 η
436 5269 797 5335 Quamobrem
844 5285 1147 5332 metuentes
1177 5278 1436 5335 aiebant:
1476 5280 1675 5336 Venisti
1706 5292 1826 5336 ante
1872 5293 2001 5337 tem-

439 5376 536 5426 pus
569 5371 807 5435 torquere
832 5384 926 5421 nos
947 5368 1010 5421 ι’.

508 5451 561 5504 9.
605 5452 978 5512 Turbabuntur
1016 5468 1219 5529 gentes,
1263 5470 1310 5514 et
1349 5462 1599 5515 timebunt
1639 5465 1727 5527 qui
1763 5463 2002 5517 habitant

444 5541 710 5610 terminos,
738 5564 772 5601 a
798 5550 962 5618 signis
991 5552 1115 5605 tuis.
1147 5550 1399 5618 Quando,
1447 5553 1640 5624 inquit,
1676 5563 1862 5624 gentes
1886 5596 1900 5620 ,
1942 5556 1994 5611 id

2097 4553 2367 4625 θαλάσσης
2405 4553 2695 4617 οἰκοῦντες.
2730 4554 2991 4624 Δηλοῦται
3045 4555 3103 4608 δὲ
3136 4554 3294 4610 πάλιν
3332 4555 3420 4610 διὰ
3453 4554 3657 4610 τούτων

2096 4646 2196 4719 τῆς
2222 4646 2541 4718 οἰκουμένης
2572 4645 2640 4698 τὰ
2669 4646 2895 4718 πέρατα.

2175 4736 2522 4807 Ἑτοιμάζων
2554 4737 2659 4806 ὄρη
2696 4739 2766 4791 ἐν
2800 4737 2874 4807 τῇ
2925 4740 3098 4807 ισχύῖ
3123 4738 3329 4793 αὐτοῦ.
3395 4736 3662 4815 Ἐνταῦθα

2096 4826 2193 4891 τὰς
2215 4827 2592 4898 ἀντικειμένας
2614 4827 2869 4897 δυνάμεις
2901 4828 3083 4905 φησίν.
3126 4825 3470 4896 Ἐτοιμὰζων
3500 4826 3558 4887 δὲ
3579 4827 3662 4889 εἰς

2097 4917 2397 4989 τιμωρίαν
2437 4917 2700 4987 ἡτοίμασε
2736 4916 2844 4988 γὰρ
2870 4917 3053 4979 αὐτοῖς
3070 4918 3169 4988 τὴν
3200 4916 3455 4971 ἄϐυσσον.
3491 4913 3665 4980 Τοῦτο

2095 5009 2153 5063 δὲ
2175 5009 2419 5081 ποιήσεις
2438 5006 2660 5070 δυνατὸς
2685 5006 2782 5064 ὥν.
2823 5008 2887 5061 '0
2910 5004 3354 5076 συν-ταράσσων
3390 5008 3453 5060 τὸ
3482 5007 3667 5073 κύτος

2097 5098 2208 5169 τῆς
2242 5097 2575 5173 θαλάσσης.
2629 5097 2914 5172 Θάλασσαν
2949 5096 3186 5153 ἐνταῦθα
3221 5097 3281 5151 τὸ
3309 5095 3514 5168 πλῆθος
3554 5094 3665 5149 τῶν

2100 5190 2421 5261 ἀκαθάρτων
2446 5183 2771 5260 πνευμάτων
2801 5188 2996 5259 φησὶν,
3030 5187 3061 5241 ὃ
3103 5191 3200 5242 καὶ
3244 5187 3667 5260 συνταράττεται

2100 5286 2165 5354 τῇ
2188 5283 2278 5335 τοῦ
2304 5280 2539 5353 Χριστοῦ
2566 5280 2855 5353 παρουσίᾳ.
2879 5281 2971 5333 Διὸ
2997 5282 3091 5333 καὶ
3119 5280 3435 5351 φοϐούμενοι
3462 5277 3664 5351 ελεγον

2100 5369 2313 5438 Ἦλθες
2332 5372 2676 5441 πρὸ.καιροῦ
2704 5372 3040 5436 βασανίσαι
3064 5371 3241 5441 ἡμᾶς.
3296 5354 3307 5369 ἱ

2184 5463 2662 5533 Ταραχθήσονται
2684 5463 2755 5517 τὰ
2775 5462 2940 5531 ἔθνη,
2980 5456 3573 5541 καίίεροϐηθήσονται
3614 5464 3671 5515 ol

2117 5556 2529 5621 κατοικοῦντες
2562 5552 2633 5608 τά
2655 5552 2897 5623 πέρατα,
2944 5554 3060 5611 ἀπὸ
3094 5539 3211 5608 τῶν
3241 5539 3504 5624 σημείων
3530 5571 3667 5610 σου.

519 5727 541 5757 '
572 5727 686 5785 Jucl
720 5747 753 5786 II
777 5770 792 5796 ,
816 5733 905 5789 28.
983 5739 1002 5769 ⁸
1038 5741 1056 5790 l
1087 5739 1211 5791 Cor.
1246 5757 1341 5804 Ml,
1371 5740 1422 5792 8.
1500 5742 1519 5773 ’
1558 5739 1574 5793 1
1610 5741 1736 5795 Cor.
1767 5756 1851 5813 In,
1882 5743 1964 5797 i7.
2048 5745 2089 5776 “
2113 5742 2299 5798 Matth.
2338 5756 2455 5806 VIII,
2486 5739 2572 5795 ‘29.
