3976 6220
407 351 512 412 187

1252 352 1309 405 S.
1348 348 1722 404 ATHANASII
1760 348 1910 406 OPP.
1952 347 2134 404 PARS
2173 346 2260 403 Ill.
2299 374 2370 389 --
2404 344 2814 402 EXEGETICA.

3540 341 3649 398 233

407 465 478 522 Et
506 467 669 523 ualles
711 468 1059 524 abundabunt
1090 469 1375 536 frumento.
1409 466 1519 522 Illae
1544 506 1558 530 ,
1596 467 1807 537 inquit,
1850 467 1980 521 olim

2096 466 2191 519 Kal
2221 468 2281 518 al
2315 461 2590 529 κοιλάδες
2611 461 2991 529 πληθυνοῦσι
3015 459 3205 515 σῖτον.
3234 460 3299 512 At
3324 458 3510 524 πάλαι,
3546 478 3651 531 φη-

407 557 774 626 pauperrimte
806 572 872 611 ac
905 559 1120 615 steriles
1150 560 1391 631 gentium
1416 559 1634 623 animae,
1672 558 1977 628 spirituali-

406 646 513 704 bus
539 646 809 703 fructibus
842 650 1217 718 replebuntur.
1275 650 1630 715 Clamabunt,
1660 652 1852 706 etenim
1890 654 1983 723 Ity-

408 754 592 793 mnum
635 740 832 796 dicent.
886 741 965 794 Ad
1000 744 1311 807 meliorem,
1360 743 1558 812 inquit,
1601 744 1846 799 deducta:
1872 754 1984 800 sta-

408 838 549 893 tum,
585 830 773 895 valleS,
802 846 865 887 ac
889 833 1105 902 repletae
1138 834 1515 901 spiritualibus
1551 833 1818 890 fructibus
1838 878 1852 903 ,
1878 836 1982 907 hy-

412 934 572 974 mnos
604 921 698 975 tibi
742 923 866 976 lotis
894 924 1100 977 viribus
1135 923 1385 977 oﬂ‘erent.

412 1010 465 1066 i.
490 1009 556 1065 In
584 1010 742 1080 ﬁnem
771 1014 1035 1069 canticum
1060 1013 1332 1069 PSALMI
1352 1014 1786 1073 Resurrectionis.
1807 1015 1905 1070 LX
1919 1015 1979 1072 V.

995 1104 1138 1175 Argu
1149 1116 1401 1161 mentum.

413 1190 764 1250 Vocationem
792 1196 1034 1265 gentium
1067 1214 1163 1266 per
1187 1201 1333 1254 hunc
1374 1200 1642 1269 psalmum
1687 1199 1979 1270 signiﬁcat,

482 1286 882 1355 annuntiatque
930 1285 1172 1341 futuram
1248 1289 1554 1343 animarum
1627 1290 1985 1344 resurrectio—

483 1390 630 1439 nem,
654 1376 809 1444 juxta
854 1377 1058 1431 dictum
1098 1378 1226 1432 illud
1263 1398 1275 1433 :
1311 1377 1586 1433 Suscitans
1618 1397 1650 1432 a
1687 1390 1826 1433 terra
1868 1382 1986 1434 ino-

484 1487 600 1534 pem
648 1473 712 1527 ¹⁸.
788 1472 1087 1528 Personam
1134 1475 1264 1530 item
1317 1458 1545 1530 inducit.
1576 1477 1983 1545 apostolorum,

487 1564 861 1619 ena-rrautium
892 1577 1094 1634 quanta
1122 1566 1233 1620 sint
1256 1580 1353 1636 pro
1386 1566 1697 1636 evangelica
1726 1566 1987 1636 praedica-
2062 1576 2066 1581 ‘

483 1656 632 1712 tione
657 1660 934 1728 perpessi,
969 1668 1023 1713 et
1054 1670 1188 1729 quot
1217 1659 1477 1714 arumnis
1511 1661 1577 1715 ad
1613 1668 1812 1714 aeterna
1853 1675 1985 1729 gau-

483 1746 573 1803 dia
604 1747 820 1804 deducti
866 1750 995 1803 sint.
1037 1749 1372 1821 lusuperque
1420 1747 1634 1805 Judaici
1672 1751 1857 1821 populi
1899 1766 1981 1806 re-

484 1837 736 1908 probatio
764 1841 852 1893 hic
876 1839 1231 1910 signiﬁcatur.

483 2033 598 2086 2-4.
639 2032 880 2088 Jubilate
911 2035 1052 2102 Deo,
1095 2040 1263 2091 omnis
1304 2046 1479 2105 terra,
1521 2038 1787 2109 psalmum
1827 2040 1987 2096 dicite

412 2124 611 2177 nomini
631 2125 765 2193 ejus.
800 2125 1063 2181 Jubilatio
1091 2140 1176 2183 est
1204 2130 1444 2185 victoriae
1475 2132 1752 2187 canticum
1776 2171 1791 2194 ,
1837 2133 1986 2202 quod

412 2215 627 2268 canitur
655 2214 953 2287 proﬂigatis
976 2217 1237 2274 inimicis.
1269 2219 1437 2274 Caesis
1470 2220 1656 2290 itaque
1696 2236 1792 2291 per
1820 2220 1984 2275 Chri-

410 2306 483 2362 sti
530 2307 819 2363 adventum
855 2309 1017 2380 hujus
1077 2311 1261 2365 saeculi
1307 2312 1679 2383 principibus,
1729 2313 1988 2383 jubentur

410 2414 603 2456 omnes
673 2410 858 2472 gentes
912 2403 1153 2458 victoriae
1217 2405 1431 2459 cantica
1494 2406 1767 2459 modulari
1847 2406 1983 2477 (:18).

410 2489 586 2546 Dicite
607 2491 744 2546 Deo:
774 2492 947 2558 Quam
975 2495 1233 2547 terribilia
1264 2506 1558 2565 suntopera
1582 2505 1694 2561 tua,
1730 2496 1986 2550 Domine!

409 2580 731 2651 Cuiusmodi
770 2599 958 2654 opera,
998 2586 1107 2640 nisi
1140 2586 1321 2640 divina
1352 2589 1528 2657 signa,
1560 2598 1613 2642 et
1636 2587 1780 2657 quod
1809 2588 1987 2656 impu-

408 2693 595 2734 rorum
624 2682 931 2735 daemonum
966 2691 1197 2736 catervae
1231 2682 1530 2753 proﬂigata:
1559 2683 1707 2737 sint?
1751 2681 1817 2735 In
1848 2681 1986 2735 mul-

410 2770 635 2825 titudine
660 2774 871 2826 virtutis
910 2784 1013 2827 tua:
1041 2778 1361 2829 mentiantur
1402 2776 1495 2828 tibi
1519 2776 1722 2827 inimici
1757 2777 1855 2828 tui.
1892 2773 1988 2828 Ju-

409 2860 654 2917 daeorum
688 2864 778 2919 hic
804 2875 1083 2934 Stuporem
1113 2868 1396 2938 coarguit,
1445 2867 1538 2936 qui
1576 2883 1684 2919 non
1731 2867 1856 2921 sivit
1891 2882 1986 2921 eos

409 2952 802 3007 miraculorum
825 2956 1185 3025 magnitudini
1210 2957 1603 3024 obtemperare.
1633 2955 1815 3010 Omnis
1847 2967 1987 3010 terra

410 3044 594 3098 adoret
640 3055 687 3101 te
730 3055 780 3100 et
815 3047 1010 3116 psallat
1045 3048 1159 3102 tibi.
1201 3047 1467 3115 Quoniam
1496 3089 1509 3113 ,
1548 3047 1756 3117 inquit,
1788 3046 1983 3112 Judzei,

2088 556 2189 619 σίν,
2227 553 2562 625 ἀπορώτατοι
2591 554 2683 607 καὶ
2716 552 2896 621 ἄγονοι
2928 551 3036 605 τῶν
3078 550 3246 604 ἐθνῶν
3278 551 3447 621 ψυχαὶ
3486 569 3650 607 πνευ-

2088 646 2332 719 ματικῶν
2384 644 2611 716 καρπῶν
2663 644 2873 698 ἔσονται
2930 643 3174 713 πλήρεις.
3210 642 3646 711 Κεκράξογταιο

2084 741 2183 795 καὶ
2207 742 2316 810 γὰρ
2334 737 2735 808 ὑμνήσουσιν.
2777 737 2899 790 Ἐπὶ
2918 737 2977 790 τὺ
3002 731 3205 807 βέλτιον
3227 734 3648 807 μεταϐαλοῦσαι,

2085 834 2267 903 φησιν,
2296 834 2348 886 αἰ
2378 831 2620 893 κοιλάδες
2648 832 2741 884 καὶ
2760 830 3144 899 πληθυνθείσαι
3166 828 3370 899 νοητῶν
3398 828 3649 900 καρπῶν,

2084 925 2316 987 ἐκτενῶς
2348 941 2429 977 σοι
2452 925 2577 987 τοὺς
2607 922 2807 994 ὓμνους
2845 923 3276 991 ἀναπέμψουσιν.

2117 1021 2219 1084 Εἰς
2250 1018 2312 1071 τὸ
2346 1017 2518 1083 τέλος
2536 1015 2659 1084 ᾠδὴ
2705 1019 2915 1070 ΨΑΛΜ
2921 1019 2962 1067 0
2976 1016 3020 1068 Υ
3046 1014 3452 1081 ἀναστάσεως.
3478 1012 3612 1069 EE".

2716 1108 3036 1172 Ὑπόθεσις.

2084 1201 2195 1271 Τὴν
2224 1201 2414 1271 κλῆσιν
2447 1200 2555 1255 τῶν
2589 1200 2758 1254 ἐθνῶν
2789 1198 2876 1254 διὰ
2901 1198 2995 1251 τοῦ
3020 1197 3282 1269 παρόντος
3313 1196 3528 1267 ψαλμοῦ
3551 1214 3653 1252 κα-

2154 1292 2498 1363 τασημαίνει,
2547 1293 2642 1347 καὶ
2692 1292 2790 1363 τὴν
2828 1293 3122 1347 ἀνάστασιν
3154 1292 3251 1363 τὴν
3281 1292 3653 1363 γενησομένην

2154 1383 2263 1436 τῶν
2287 1384 2470 1455 ψυχῶν
2492 1384 2668 1437 αὐτῶν
2692 1382 3121 1451 εὐαγγελίζεται,
3158 1383 3299 1437 κατὰ
3327 1383 3388 1434 τὸ
3425 1385 3545 1454 είρη
3556 1382 3654 1452 μὲ-

2160 1490 2249 1527 νον
2270 1493 2282 1505 ·
2327 1476 2388 1528 Ὀ
2417 1474 2680 1529 ἀνιστῶν
2708 1475 2825 1529 ἀπὸ
2858 1474 2968 1544 γῆς
3000 1475 3256 1544 πτωχόν.
3289 1475 3399 1527 Καὶ
3433 1476 3540 1546 μὴν
3560 1475 3655 1528 καὶ

2156 1565 2263 1619 τῶν
2292 1567 2603 1621 ἀποστόλων
2633 1566 2875 1639 εἰσφέρει
2905 1566 2965 1619 τὸ
3003 1566 3293 1637 πρόσωπον
3313 1605 3328 1629 ,
3373 1565 3655 1620 διδασκόν-

2084 1680 2087 1684 ·
2155 1674 2263 1719 των
2291 1659 2389 1713 ὅσα
2418 1658 2558 1730 ὑπὲρ
2586 1657 2678 1712 τοῦ
2701 1659 3053 1731 κηρύγματος
3071 1657 3366 1712 πεπὸνθασι
3382 1657 3475 1711 τοῦ
3495 1658 3661 1726 εὐαγ-

2158 1747 2393 1816 γελικοῦ,
2427 1749 2520 1801 καὶ
2553 1749 2673 1801 ὅσαι
2704 1747 2908 1817 θλίψεις
2928 1750 3004 1811 εἰς
3044 1747 3293 1811 αἰωνίους
3322 1746 3658 1819 εὐφροσύνας

2019 1824 2059 1878 Β
2159 1838 2423 1909 ἐξήγαγον
2440 1840 2655 1903 αὐτούς.
2683 1841 2802 1893 Ἔτι
2838 1840 2943 1912 μήν
2976 1838 3190 1893 καὶτοῦ
3232 1840 3498 1895 Ἰουδαίων
3521 1840 3655 1895 λαοῦ

2162 1932 2484 2002 σημαίνεται
2515 1933 2548 2002 ή
2577 1930 2839 2003 ἀποϐολή.

2168 2049 2523 2115 Ἀλαλὰξατε
2548 2047 2628 2114 τῷ
2650 2048 2772 2115 Θεῷ
2799 2046 2967 2102 πᾶσα
2992 2050 3032 2117 ἡ
3068 2047 3167 2118 γῆ,
3207 2046 3441 2116 Wars
3467 2046 3545 2116 δὴ
3575 2047 3659 2114 τῷ

2086 2145 2326 2213 ὀνόματι
2358 2142 2565 2197 αὐτοῦ.
2610 2139 2947 2211 Ἀλαλαγμός
2971 2141 3125 2218 ’ἐστιν
3166 2140 3428 2204 ἐπινίκιος
3465 2139 3654 2210 ὕμνος,

2084 2237 2341 2307 ᾁδόμενος
2378 2234 2469 2287 ἐπὶ
2496 2232 2840 2286 πεπτωκόσιν
2870 2232 3106 2302 ἐχθροῖς.
3147 2232 3232 2296 Ὡς
3260 2229 3353 2286 οὖν
3378 2234 3658 2306 ἀνῃρημέ.

2085 2348 2190 2385 νων
2221 2328 2331 2383 τῶν
2362 2329 2635 2399 ἀρχόντων
2666 2326 2760 2380 τοῦ
2790 2325 2983 2389 αἰῶνος
3010 2325 3223 2389 τούτου,
3258 2326 3344 2381 δια
3382 2327 3482 2397 τῆς
3512 2343 3659 2398 παρ-

2086 2422 2273 2483 ουσίας
2300 2420 2540 2490 δηλονότι
2573 2412 2830 2485 Χριστοῦ,
2873 2418 3050 2471 πάντα
3083 2418 3151 2472 τὰ
3170 2418 3296 2489 ἔθνη
3323 2419 3448 2482 τοὺς
3485 2420 3659 2472 ἐπινι-

2087 2514 2238 2576 κίους
2270 2512 2468 2581 ὕμνους
2497 2510 2841 2580 ἀναπέμπειν
2896 2510 3381 2580 παρακελεύονται.
3432 2510 3659 2564 Εἴπατε

2086 2604 2166 2670 τῷ
2198 2604 2347 2669 θεῷ’
2397 2604 2492 2668 Ὡς
2541 2600 2762 2671 φοϐερὰ
2786 2602 2857 2656 τὰ
2884 2601 3026 2671 ἔργα
3051 2618 3187 2657 σου.
3216 2603 3326 2657 Καὶ
3363 2606 3488 2655 ποῖα
3516 2602 3658 2674 ἔργα

2018 2746 2019 2751 η
2087 2696 2120 2768 ἢ
2146 2696 2241 2759 τὰς
2270 2696 2594 2767 θεοσημείας
2624 2696 2776 2766 φησὶ.
2805 2695 2977 2749 καὶτὸ
3004 2695 3242 2750 ἐκποδὼν
3268 2694 3517 2764 γενέσθαι
3544 2695 3658 2749 τῶν

2087 2790 2410 2862 ἀκαθάρτων
2447 2788 2712 2859 δαιμόνων
2733 2786 2799 2841 τὰ
2831 2787 3006 2858 πλήθη
3032 2804 3047 2853 ;
3086 2789 3181 2843 Ἐν
3201 2787 3280 2853 τῷ
3304 2788 3518 2854 πλήθει
3541 2786 3658 2856 τῆς

2087 2880 2393 2951 δωθάμεώς
2418 2896 2532 2934 σου
2566 2880 2899 2948 ψεύσονται
2929 2896 3003 2933 σε
3032 2882 3083 2933 oi
3123 2880 3321 2947 ἐχθροί
3368 2894 3505 2932 σου.
3542 2879 3658 2948 Τῆς

2101 2975 2363 3030 Ἰουδαίων
2387 2972 2727 3043 ἀποπληξίας
2760 2970 2991 3025 ἐνταῦθα
3033 2972 3365 3042 κατηγορείδ
3405 2970 3480 3034 ὡς
3521 2969 3657 3040 μηδὲ

2087 3069 2194 3122 τῶν
2218 3067 2505 3138 θαυμάτων
2533 3067 2628 3137 τῆς
2652 3064 2954 3136 ὑπερϐολῆς
2982 3063 3422 3136 παρενεγκούσης
3461 3063 3657 3125 αὐτοὺς

409 3136 630 3193 etiamsi
677 3138 917 3209 ingentia
958 3157 1055 3211 per
1102 3150 1152 3195 te
1182 3142 1326 3196 edita
1369 3142 1524 3211 signa
1566 3151 1983 3210 conspexerant,

2096 3162 2166 3224 εἰς
2197 3160 2258 3214 τὸ
2309 3136 2606 3213 πείθεσθαι.
2647 3155 2821 3211 Πᾶσα
2859 3158 2895 3225 ἡ
2938 3155 3010 3225 γῆ
3054 3150 3658 3225 προσκυνησάτωσὼ·

409 3230 619 3284 mentiti
668 3243 847 3287 tamen
883 3243 1009 3288 sunt
1034 3235 1152 3290 tibi.
1204 3235 1273 3289 At
1294 3250 1484 3288 eorum
1528 3234 1648 3290 loco
1690 3242 1741 3289 te
1789 3235 1985 3289 adora-

407 3317 492 3374 lit
517 3322 761 3377 omnium
789 3327 1029 3394 gentium
1055 3326 1374 3381 multitudo.

481 3626 537 3680 5.
585 3625 765 3680 Venite
814 3636 867 3681 et
921 3629 1092 3683 videte
1122 3647 1281 3699 opera
1316 3630 1431 3683 Dei.
1474 3633 1863 3700 Apostolorum
1898 3634 1988 3689 hic

408 3730 696 3791 personam
730 3720 966 3788 inducit,
1015 3722 1109 3792 qui
1133 3734 1319 3795 gentes
1351 3725 1582 3790 docent,
1631 3741 1756 3779 eum
1797 3726 1889 3794 qui
1930 3726 1985 3780 in

409 3827 511 3868 suo
539 3813 835 3867 secundum
865 3829 1084 3869 carnem
1124 3816 1361 3871 adventu
1393 3818 1576 3872 divina
1602 3818 1762 3887 signa
1793 3818 1981 3882 edidit,

408 3900 587 3974 ipsum
632 3918 755 3960 esse
797 3905 891 3974 qui
932 3905 1179 3962 Rubr-um
1231 3910 1361 3963 oliin
1394 3926 1544 3964 mare
1575 3909 1905 3971 exsiccavit,
1934 3918 1988 3964 et

406 3995 502 4064 qui
549 3993 806 4052 Jordanis
837 3996 1039 4054 ﬂuenta
1068 4001 1295 4069 divisit,
1333 4013 1389 4056 ut
1420 4001 1515 4056 lilii
1544 4001 1713 4058 Israel
1756 4001 1986 4072 pedibus

407 4086 864 4143 transmitterem.

477 4286 529 4341 6.
568 4286 673 4352 Qui
701 4289 953 4342 convertit
982 4305 1127 4345 mare
1153 4290 1206 4344 in
1240 4292 1473 4346 aridam.
1507 4293 1746 4362 Hujusce
1784 4295 1860 4349 rei
1897 4309 1986 4349 ar-

406 4388 725 4449 gumentum
759 4388 843 4437 est
874 4381 1021 4449 quod
1049 4380 1179 4435 olim
1206 4391 1418 4450 gestum
1456 4385 1721 4448 fuit,cum
1759 4402 1986 4440 conver-

406 4468 473 4538 tit
512 4482 661 4523 mare
702 4468 759 4523 in
794 4470 1026 4526 aridam.
1086 4470 1164 4527 Ita
1198 4472 1563 4545 Symmachus
1597 4477 1715 4531 ait:
1757 4477 1982 4533 Mutavit

2091 3270 2186 3308 σοι
2218 3252 2315 3306 καὶ
2345 3250 2716 3320 ψαλάτωσάν
2743 3264 2860 3302 σοι.
2911 3250 3125 3320 Ἐπειδὴ
3188 3248 3459 3313 Ἰουδαῖοι,
3496 3247 3653 3319 φησι,

2088 3344 2265 3398 καίτοι
2320 3332 2619 3413 ὑπερϐολὰς
2663 3340 2897 3411 ὁρῶντες
2946 3341 3326 3411 πραττομένας
3389 3340 3654 3410 σημείων,

2088 3433 2427 3505 ἐψεύσθησάν
2457 3449 2559 3486 σοι.
2599 3431 2740 3484 Ἀλλ’
2770 3427 2862 3485 οὖν
2889 3431 3001 3484 ἀντ’
3032 3430 3254 3485 ἐκείνων
3290 3431 3656 3502 προσκυνήσει

2089 3540 2167 3575 σοι
2197 3524 2343 3575 πᾶσα
2365 3520 2472 3573 τῶν
2503 3519 2669 3573 ἐθνῶν
2696 3520 2728 3590 ή
2766 3518 2991 3583 πληθύς.

2155 3633 2331 3687 Δεῦτε
2364 3632 2459 3685 καὶ
2488 3629 2642 3683 ἴδετε
2669 3632 2739 3682 τὰ
2767 3628 2910 3698 ἔργα
2940 3628 3044 3683 τοῦ
3076 3629 3247 3683 Θεοῦ.
3279 3627 3398 3680 Τῶν
3424 3628 3656 3681 ἀποστό-

2085 3725 2191 3778 λων
2218 3722 2448 3778 ἐνταῦθα
2477 3720 2756 3789 εἰσάγεται
2783 3721 2844 3773 τὸ
2867 3721 3177 3792 πρόσωπον,
3199 3719 3555 3774 διδασκόντων
3586 3718 3657 3773 τὰ

2087 3817 2234 3887 ἔθνη,
2262 3816 2337 3878 ὡς
2369 3816 2475 3886 ἄρα
2500 3813 2662 3876 αὐτὸς
2699 3806 2849 3875 οὗτος
2878 3814 2906 3866 ό
2939 3813 2997 3865 ἐν
3034 3815 3099 3883 τῇ
3149 3812 3287 3866 κατά
3312 3812 3487 3881 σάρκα
3514 3828 3656 3883 παρ⁴

2085 3909 2241 3979 ουσία
2270 3907 2368 3970 τὰς
2402 3904 2726 3977 θεοσημείας
2767 3903 3132 3975 ἐργαζόμενος
3163 3904 3322 3967 αὑτός
3351 3905 3466 3957 ἐστι
3496 3904 3589 3957 καὶ
3624 3904 3655 3957 6

2086 4000 2252 4055 πάλαι
2280 4000 2379 4069 τὴν
2420 3997 2682 4069 Ἐρυθρὰν
2713 3995 2951 4068 ξηράνας
2974 3994 3265 4061 θάλασσαν,
3300 3996 3395 4050 καὶ
3427 3995 3530 4067 μὴν
3559 3997 3654 4049 καὶ

2083 4090 2177 4145 τοῦ
2221 4089 2482 4161 Ἰορδάνου
2514 4085 2760 4157 ποταμοῦ
2819 4085 3097 4155 ἀνακύψας
3153 4086 3221 4140 τὰ
3271 4085 3536 4157 ῥεύματα,
3577 4085 3655 4150 ὡς

2087 4184 2209 4239 ποδὶ
2240 4180 2527 4254 παρελθεῖν
2558 4179 2681 4243 τοὺς
2706 4178 2854 4242 υἱοὺς
2894 4179 3128 4249 Ἰσραήλ.

2170 4287 2222 4341 '0
2247 4287 2672 4359 μεταστρέφων
2693 4289 2807 4357 τὴν
2835 4288 3157 4345 θάλασσαν
3178 4291 3264 4355 εἰς
3299 4288 3509 4358 ξηράν.
3542 4287 3656 4344 Καὶ

2084 4381 2274 4435 τούτου
2298 4382 2571 4446 ἀπόδειξις
2603 4382 2671 4434 τὰ
2700 4380 2801 4452 ήδη
2828 4381 3115 4451 γενόμενα,
3150 4382 3298 4444 ὅπως
3330 4379 3426 4452 τὴν
3457 4379 3656 4434 θάλασ-

2087 4492 2185 4528 σαν
2218 4475 2511 4546 μετέσαλεν
2559 4477 2638 4540 εἰς
2691 4475 2881 4548 ξηράν.
2914 4475 3209 4545 Σύμμαχος
3264 4473 3435 4537 οὕτως
3466 4474 3612 4543 λέγει
3637 4492 3653 4507 ο

405 4575 553 4623 piare
583 4561 641 4614 in
686 4562 934 4616 aridam:
974 4564 1170 4634 ﬂumen
1207 4571 1630 4635 pertransierunt
1680 4569 1827 4638 pede.
1885 4570 1981 4627 Hic

2096 4567 2385 4624 Μετέσαλε
2424 4571 2747 4625 θάλασσαν
2783 4571 2870 4635 εις
2899 4568 3121 4636 ξηράν·
3172 4566 3438 4636 ποταμὸν
3462 4566 3655 4635 διέϐη-

404 4653 574 4718 enim,
612 4653 811 4725 inquit,
848 4654 992 4711 Deus
1023 4666 1106 4711 est
1136 4658 1230 4728 qui
1255 4660 1486 4714 reditum
1511 4660 1669 4715 nobis
1690 4662 1978 4729 concessit,

404 4753 459 4807 et
490 4744 719 4800 salutem
762 4746 947 4801 dedit:
978 4748 1070 4817 qui
1105 4749 1235 4804 olim
1265 4766 1413 4807 mare
1457 4761 1507 4807 et
1538 4752 1738 4809 ﬂumen
1774 4754 1977 4823 divisit,

402 4842 457 4895 et
486 4850 718 4904 proavos
746 4848 967 4892 nostros
991 4840 1198 4909 absque
1224 4843 1468 4910 periculo
1500 4844 1751 4912 trajicere
1792 4845 1976 4914 jussit.

401 4922 488 4977 lbi
517 4923 821 4979 lwtabimur
865 4928 920 4981 in
944 4928 1080 4996 ipso.
1118 4928 1278 4995 illud,
1336 4932 1431 4995 ibi,
1483 4941 1700 5001 tempus
1749 4934 1974 4989 indicat.

396 5014 492 5072 Ait
530 5016 885 5088 igitur:Quo
935 5029 1178 5090 tempore
1237 5023 1414 5081 ille_in
1456 5040 1658 5079 novum
1715 5028 1974 5083 saeculum

402 5111 687 5179 regnabit,
737 5127 839 5166 nos
870 5127 979 5167 una
1006 5130 1131 5168 eum
1165 5114 1285 5185 ipso
1315 5116 1666 5186 regnabimus
1695 5129 1749 5174 et
1784 5119 1974 5176 int-ﬂa-

400 5201 491 5254 bili
521 5203 724 5270 gaudio
750 5202 1167 5273 perfundemur.

2085 4677 2207 4717 σαν
2254 4661 2414 4715 ποδί.
2475 4656 2641 4725 Οὗτος
2695 4661 2803 4733 γάρ
2846 4662 2993 4713 ἐστιν
3021 4662 3049 4713 ὁ
3100 4658 3249 4723 Θεὸς,
3284 4659 3466 4731 φησιν,
3501 4660 3530 4710 ὁ
3558 4659 3655 4713 καὶ

2086 4757 2215 4824 ήμῖν
2242 4755 2338 4825 τὴν
2365 4752 2619 4807 ἐπάνοδον
2648 4754 2742 4807 καὶ
2776 4755 2908 4824 ἡμῖν
2936 4750 3206 4821 σωτηρίαν
3230 4750 3566 4820 δωρούμενος
3584 4765 3600 4780 °
3622 4750 3654 4804 6

2087 4846 2250 4899 πάλαι
2284 4846 2378 4899 καὶ
2397 4845 2665 4899 θάλατταν
2688 4846 2781 4898 καὶ
2807 4845 3047 4915 ποταμὸν
3071 4844 3382 4914 διαστήσας,
3411 4843 3505 4895 καὶ
3524 4843 3652 4907 τοὺς

2083 4936 2383 5007 ἡμετέρους
2421 4936 2716 5008 προγόνους
2755 4935 3048 4998 ἀκινδύνως
3082 4933 3332 5003 διαϐῆναι
3365 4931 3646 4997 κελεύσας.

2096 5025 2256 5079 Ἐκεῖ
2280 5025 2810 5094 εὐφρανθησόμεθα
2856 5024 2948 5078 ἐπ’
2981 5023 3159 5090 αὐτῷ.
3195 5023 3267 5077 Τὸ
3307 5021 3435 5079 ἐκεῖ
3457 5022 3651 5093 χρόνου

2082 5119 2198 5181 ἐστί
2235 5117 2585 5188 σημαντικόν.
2646 5117 2803 5186 Λέγει
2841 5111 2955 5180 οὖν,
2990 5117 3072 5170 ὅτι
3124 5115 3264 5171 κατά
3318 5114 3409 5170 τὸν
3459 5115 3651 5185 καιρὸν

2075 5211 2280 5263 ἐκεῖνον
2318 5206 2438 5261 καθ’
2462 5207 2521 5259 ὃν
2554 5204 2647 5259 τοῦ
2672 5206 2791 5260 νέου
2833 5205 3028 5271 αἰῶνος
3059 5205 3386 5277 βασιλεύσει,
3405 5208 3523 5269 ἐκεῖ
3551 5206 3649 5262 σὺν

399 5294 547 5365 αὐτῷ
593 5298 1117 5370 συμϐασιλεύσομεν,
1160 5304 1254 5356 καὶ
1280 5306 1345 5375 τῇ
1382 5307 1523 5377 χαρᾷ
1549 5309 1612 5376 τῇ
1650 5306 1997 5377 ἀνεκλαλήτῳ
2027 5300 2537 5374 εύφρανθησόμεθα.

471 5406 523 5461 7.
568 5408 723 5466 omn
749 5412 863 5482 ejus
899 5430 1058 5484 super
1093 5426 1267 5485 gentes
1302 5421 1587 5487 respiciunt
1612 5421 1744 5492 (29).
1796 5419 1974 5474 Inten-

406 5502 495 5552 tus
521 5510 606 5555 est
629 5506 909 5572 omnibus,
947 5508 1132 5563 omnia
1160 5521 1309 5579 gesta
1340 5511 1559 5582 inspicit
1590 5523 1645 5568 et
1672 5513 1967 5569 examinat.

483 5610 524 5642 ¹⁸
559 5609 704 5667 Psal.
732 5630 865 5681 cm,
895 5618 949 5672 7.

485 5705 597 5847 ea

484 5775 595 5843 (29)
627 5775 751 5832 Hec
783 5791 908 5835 sunt
941 5783 1229 5843 Theodori.

2147 5417 2528 5487 Ol_d;0a.1yoi
2585 5414 2770 5469 αὑτοῦ
2816 5416 2916 5469 ἐπὶ
2943 5415 3014 5471 τὰ
3049 5417 3193 5486 ἔθνη
3229 5417 3641 5477 ἐπιϐλέπουσι.

2080 5512 2221 5564 IIth
2259 5509 2537 5579 προσέχει,
2573 5510 2664 5562 καί
2693 5508 2871 5564 πάντα
2897 5511 3142 5576 ἐξετάζει
3162 5512 3230 5567 τὰ
3259 5512 3547 5585 γενόμενα.
3579 5517 3643 5569 ω

650 5705 781 5777 Quae
823 5711 983 5767 habet
1015 5714 1309 5777 Corderius
1339 5720 1403 5775 ad
1448 5720 1592 5776 hunc
1633 5722 1815 5776 locum
1855 5730 1982 5777 sunt
2020 5720 2310 5777 Theodori.
