3976 6220
280 394 382 452 289

1381 396 1741 453 EXPOSITIO
1782 395 1849 451 IN
1883 395 2223 453 PSALMUM
2262 395 2421 450 LXV.

3406 402 3512 463 290

288 510 860 581 παραπαραΙτοοντες
872 510 951 580 μὴ
972 511 1380 579 ὑψούσθωσαν
1393 512 1463 564 ἐν
1476 511 1725 577 ἑαυτοῖς.
1748 511 1852 565 Καὶ

1961 511 2064 575 Qui
2085 520 2398 580 exasperant
2432 528 2534 565 non
2562 512 2861 567 cxaltentur
2888 514 2942 568 in
2971 515 3284 585 semetipsis.
3312 514 3514 587 Ecqui-

292 606 423 666 τίνες
447 603 512 657 ἂν
542 596 655 655 εἷεν
709 604 759 655 οἰ
796 601 1319 673 παραπικραίνοντες
1358 600 1556 673 ἠ’περί
1596 593 1670 653 ὧν
1701 602 1849 673 εἰρη-

289 711 375 747 ται
398 732 414 758 ,
450 692 545 747 Υἱὲ
565 691 903 760 ἀνθρώπου,
931 691 1245 759 πορεύθητι
1263 690 1410 759 πρὸς
1432 690 1538 744 τὸν
1561 687 1728 745 οἷκον
1747 692 1849 745 τὸν

290 766 834 855 καραπικραίνοντά
850 799 957 852 ps;
987 783 1095 836 Kal
1117 781 1243 852 μὴν
1269 783 1713 850 παρεπίκραναν
1740 784 1846 836 αὐ-

290 877 390 932 τὸν
420 876 490 930 ἐν
510 873 583 943 τῇ
607 872 805 942 ἐρήμῳ
823 892 837 906 ·
872 874 964 927 καὶ
987 873 1147 927 πάλιν
1166 891 1179 902 ·
1220 876 1274 926 Μ
1283 873 1314 940 ὴ
1342 874 1722 940 σκληρύνητε
1744 873 1847 939 τὰς

291 966 531 1035 καρδίας
565 964 734 1033 ὑμῶν
757 965 838 1030 ὠς
864 965 934 1018 ἐν
953 962 1033 1030 τῷ
1077 962 1564 1034 παραπικρασμῷ.

356 1057 697 1125 Εὐλογεῖτε,
729 1059 896 1125 ἔθνη,
920 1057 1027 1110 τόν
1056 1059 1221 1111 Θεόν.
1252 1058 1456 1121 Πάντες
1479 1056 1536 1110 δὲ
1558 1057 1698 1110 κατὰ
1728 1074 1850 1110 cau-

290 1149 374 1201 τὸν
401 1149 705 1219 γενόμενοι,
745 1146 943 1218 μᾶλλον
991 1147 1152 1200 αὐτὸν
1201 1148 1469 1200 ἐπαινεῖτε
1518 1147 1609 1200 καὶ
1638 1146 1847 1217 θαυμά-

291 1241 428 1305 ζετε.
1365 1259 1374 1269 ·

356 1329 494 1402 [Τοῦ
527 1329 778 1398 θεμένου
805 1328 918 1398 τὴν
940 1328 1152 1399 ψυχήν
1164 1346 1283 1398 μου
1309 1330 1397 1395 εἰς
1418 1325 1585 1394 ζωήν.
1605 1328 1851 1399 Εὐφραν-

290 1420 523 1489 θήσομαι
568 1419 623 1473 δὲ
656 1422 713 1473 ὲν
752 1422 867 1482 τοῖς
913 1418 1171 1480 τοιούτοις
1224 1416 1564 1487 θαυμασίοις,
1625 1417 1719 1470 καὶ
1772 1414 1849 1486 τῷ

289 1510 454 1564 ταῦτα
490 1511 833 1581 πεποιηκότι,
869 1510 946 1574 ὃς,
980 1512 1074 1564 ἅτε
1122 1510 1394 1579 Δεσπότης
1420 1508 1513 1562 καὶ
1543 1507 1719 1561 πάντα
1756 1510 1850 1576 ἐφ-

286 1600 446 1672 ορῶν,
481 1601 750 1673 διάκρισιν
781 1604 1009 1654 ποιεῖται
1030 1600 1137 1654 τῶν
1170 1600 1259 1652 ἐπὶ
1280 1600 1402 1668 γῆς,
1428 1599 1520 1652 καὶ
1552 1597 1843 1668 τιμωρίαις

285 1695 598 1766 περιϐάλλει
628 1696 751 1758 τοὺς
785 1692 1052 1759 ἀναξίους.
1101 1691 1436 1762 Ὀφθαλμοὺς
1463 1693 1589 1755 τοὺς
1618 1690 1849 1743 ἀποστό-

285 1787 406 1850 λους
439 1785 635 1857 λέγει.]

358 1879 484 1932 Ὅτι
512 1878 877 1946 ἐδοκίμασας
904 1876 1079 1947 ἡμᾶς,
1115 1878 1289 1941 Θεὸς,
1330 1876 1643 1943 ἐπύρωσας
1676 1874 1850 1944 ἡμᾶς,
1887 1871 1928 1926 Β

287 1971 392 2034 Τὰς
419 1970 628 2040 θλίψεις
658 1969 759 2034 τὰς
789 1970 1156 2039 γενησομένας
1190 1967 1279 2021 διὰ
1318 1967 1380 2020 τὸ
1429 1968 1690 2038 κήρυγμα
1738 1969 1850 2030 τοῖς

286 2060 600 2123 ἀποστόλοις
628 2062 1007 2131 προαναφωνεῖ
1029 2059 1089 2110 τὸ
1122 2056 1343 2127 Πνεῦμα
1374 2056 1435 2110 τὸ
1478 2058 1815 2128 προφητικόν
1834 2074 1849 2089 ο
1938 2106 1949 2115 ,

284 2157 346 2208 ὲκ
394 2152 690 2225 προσώπου
725 2151 902 2207 αὐτῶν
963 2149 1259 2217 καταλέγον
1317 2150 1411 2203 καὶ
1440 2149 1539 2212 τὰς
1594 2149 1848 2218 παγίδας,

283 2246 398 2317 ἦτοι
429 2244 501 2298 τὰ
533 2244 903 2315 δεσμωτήρια,
933 2242 1056 2306 τούς
1111 2258 1169 2293 τε
1223 2241 1561 2313 πειρασμοὺς
1589 2242 1716 2303 τοὺς
1764 2239 1852 2292 διὰ

284 2335 452 2406 πυρὸς
475 2335 570 2388 καὶ
603 2334 793 2397 ὓδατος
825 2331 1240 2401 κατασημαίνει.

346 2425 783 2491 Εἰσελεύσομαι
808 2425 895 2489 εἰς
922 2422 1027 2476 τὸν
1057 2417 1226 2475 οἶκόν
1256 2436 1371 2475 σου
1410 2420 1479 2473 ἐν
1520 2420 1851 2475 ὁλοκαυτώ-

276 2529 448 2584 pact.
476 2511 580 2565 Τὸν
620 2512 939 2581 ἐπουράνιον
972 2511 1248 2581 δηλονότι·
1296 2510 1448 2572 ὅλους
1495 2509 1603 2580 γὰρ
1629 2509 1853 2571 ἑαυτοὺς

282 2604 552 2673 ἀνέθηκαν
593 2603 670 2673 τῷ
702 2603 819 2674 Θεῷ
848 2605 905 2657 ἐν
955 2604 1101 2668 τάξει
1137 2604 1619 2673 ὁλοκαυτωμάτων.
1671 2600 1853 2672 [Ὀλο-

281 2695 605 2767 καυτὼμασι
642 2694 698 2748 δὲ
728 2698 961 2765 νοητοῖς.
1000 2696 1159 2750 Ἀλλὰ
1182 2696 1250 2769 τα
1295 2695 1391 2767 μὲν
1433 2694 1534 2755 σὰ,
1563 2693 1716 2764 φησί,
1753 2692 1852 2745 Δέ-

285 2802 476 2850 σποτα,
508 2783 764 2839 comitr
798 2785 864 2838 τὰ
888 2785 945 2837 δὲ
972 2785 1237 2857 ἡμέτερα,
1274 2784 1335 2837 τδ
1364 2781 1452 2836 οἷα
1480 2782 1740 2835 εἰσελθεῖν
1774 2781 1853 2844 εἰς

280 2876 369 2930 τὸν
403 2876 531 2930 ναὸν
559 2877 654 2928 καὶ
678 2873 837 2927 θῦσαί
864 2892 946 2928 σοι
977 2877 1325 2946 χαριστήρια,
1365 2873 1425 2925 τὸ
1454 2873 1582 2926 αὐτὸ
1624 2872 1679 2925 δὲ
1708 2870 1853 2939 λέγει

281 2964 572 3020 διέστειλε
593 2964 687 3017 καὶ
715 2962 961 3034 ὲλάλησε.
989 2962 1155 3017 Τοῦτο
1178 2962 1234 3016 δὲ
1267 2961 1412 3031 λέγει
1437 2963 1534 3013 ὅσα
1558 2960 1853 3033 ηὑξάμην.]

294 3057 602 3112 Ἀποδὼσω
635 3070 734 3110 σοι
760 3057 868 3121 τὰς
895 3052 1079 3123 εὐχάς
1101 3071 1242 3123 μου.
1282 3054 1343 3105 ’Ἀ
1377 3052 1648 3123 ηὐξάμην,
1698 3053 1850 3123 φησὶ,

285 3146 599 3220 θλιϐόμενος
632 3146 897 3200 ἀποδώσω
927 3163 1028 3199 σοι.
1063 3144 1326 3215 Ηὺξάμην
1366 3143 1441 3211 δὲ,
1476 3144 1550 3207 ὡς
1599 3144 1699 3215 τῆς
1738 3145 1852 3199 θλί-

284 3241 424 3309 ψεως
456 3240 557 3309 τῆς
588 3239 865 3311 παρούσης
891 3237 1106 3309 ῥυσθεὶς
1132 3235 1421 3299 διαπαντὸς
1442 3235 1746 3305 ἀναπέμψω
1772 3253 1853 3290 σοι

283 3330 378 3394 τὰς
408 3331 666 3392 αἰνέσεις.

361 3417 855 3488 Ὀλοκαυτώματα
889 3417 1323 3487 μεμυαλωμένα
1349 3416 1575 3470 ἀνοίσω
1607 3431 1726 3473 σοι.
1771 3417 1856 3471 Ὀ·

285 3512 423 3566 πόσα
453 3528 536 3563 σοι
555 3509 883 3581 προσφέρειν
911 3507 1266 3581 προσέταξας,
1292 3506 1520 3577 ἱερεύσω
1540 3505 1852 3579 προθύμως.

284 3599 729 3671 Μεμυαλωμένα
768 3599 824 3652 δὲ
851 3598 1087 3668 κέκληκε
1132 3595 1200 3650 τὰ
1233 3596 1480 3667 εὐτραφῆ
1534 3597 1628 3650 καὶ
1661 3597 1851 3650 πίονα·

283 3692 421 3746 οὕτω
458 3691 571 3763 γὰρ
595 3691 690 3745 καὶ
715 3691 743 3743 6
773 3690 939 3760 νόμος
966 3690 1296 3760 προσφέρειν
1323 3687 1607 3743 ἐκέλευσεν
1650 3687 1855 3759 ἄμωμά

280 3799 338 3837 τε
366 3784 468 3837 καὶ
498 3765 682 3855 ἄρτια.
736 3782 1048 3853 ,Ἐπαρᾶται
1076 3780 1132 3833 δὲ
1172 3780 1264 3834 καὶ
1293 3781 1321 3833 ὁ
1351 3780 1634 3850 προφήτης
1666 3778 1855 3832 Μαλα-

281 3876 399 3948 χίας
428 3880 545 3940 τοῖς
576 3879 644 3930 τὰ
675 3873 895 3928 τοιαῦτα
927 3874 1024 3944 μὲν
1052 3874 1288 3944 ἔχουσιν,
1316 3872 1574 3942 ἀνάπηρα
1596 3870 1652 3924 δὲ
1683 3887 1854 3942 προσ-

281 3970 559 4040 φέρουσιν.
585 3967 729 4040 Αὕτη
775 3967 831 4021 δὲ
869 3967 964 4020 καὶ
1014 3965 1093 4036 τῷ
1119 3964 1254 4019 Κάῖν
1277 3964 1492 4033 ἐγένετο
1532 3964 1637 4016 τῶν
1667 3962 1853 4016 κακῶν

278 4061 503 4114 ἐκείνων
530 4061 565 4130 ἡ
588 4061 750 4130 ἀρχή.
768 4055 1137 4127 Διδασκόμεθα
1156 4057 1211 4110 δὲ
1238 4057 1330 4110 καὶ
1350 4059 1509 4126 ήμείς
1531 4056 1643 4118 τοῖς
1658 4071 1853 4125 τιμιω-

281 4149 456 4219 τέροις
483 4141 561 4201 ὧν
602 4147 795 4219 ἑχομεν
834 4148 895 4201 τὸ
944 4147 1085 4201 θεῖον
1137 4147 1431 4218 γεραίρειν.
1485 4146 1724 4199 Ἀνοίσω
1754 4159 1853 4197 σοι

276 4238 429 4304 βόας
444 4237 599 4307 μετὰ
623 4236 901 4307 χιμάρων.
929 4236 1277 4307 Πνευματικὰ
1298 4236 1354 4289 δὲ
1378 4235 1573 4303 πάντα,
1597 4231 1671 4297 ὠς
1694 4233 1849 4304 ἔφην,

281 4332 371 4383 καὶ
398 4329 471 4384 τὰ
503 4328 931 4400 ὁλοκαυτώματα
950 4330 1043 4381 καὶ
1071 4329 1119 4381 οἰ
1150 4328 1272 4399 βόες
1296 4330 1391 4381 καὶ
1413 4329 1459 4381 οἰ
1492 4327 1736 4398 χίμαροι,
1759 4325 1852 4390 οὓς

282 4426 581 4481 ἀποδώσειν
607 4423 1020 4493 ἐπαγγέλλεται.

344 4518 546 4580 Δεῦτε,
586 4516 686 4569 καὶ
716 4515 1031 4579 ἀκούσατε,
1067 4513 1166 4567 καὶ
1192 4512 1565 4581 διηγήσομαι.
1596 4511 1705 4563 Καὶ
1729 4509 1849 4562 τίνα

281 4610 440 4680 ἕτερα
467 4606 794 4679 διηγεῖταιῆ
826 4605 861 4659 ἂ
896 4605 1105 4675 φθάσας
1131 4604 1452 4675 ἐξηγήσατο,
1475 4603 1555 4668 τὸ,
1590 4603 1671 4656 ὅτι
1706 4601 1852 4655 Ἐδο-

280 4699 543 4768 κίμασας
579 4695 755 4765 ἡμᾶς,
787 4696 883 4749 καὶ
920 4696 987 4749 τὰ
1012 4695 1211 4761 λοιπὰ;

359 4789 621 4844 Ἀδικίαν
657 4791 708 4843 εἰ
737 4786 1026 4855 ἐθεώρουν
1065 4788 1134 4840 ἐν
1182 4784 1394 4853 καρδίᾳ
1431 4802 1549 4853 μου
1573 4825 1587 4847 ,
1616 4783 1702 4853 μὴ
1728 4785 1851 4837 εἰσ-

281 4883 598 4939 ακουσάτω
618 4898 739 4953 μου
764 4882 997 4948 Κύριος.
1030 4879 1214 4950 ᾚδειν
1244 4878 1319 4942 δὲ,
1345 4879 1423 4931 ὅτι
1456 4877 1553 4930 οὐκ
1582 4876 1667 4941 ἂν,
1717 4875 1848 4947 ἐμοῦ

228 4956 231 4961 λ
284 4978 408 5046 περὶ
435 4974 650 5028 ἀδικίαν
681 4973 915 5043 ἔχοντος,
942 4969 1170 5024 ἀκοῦσαί
1203 4984 1302 5041 μου
1337 4970 1435 5038 τῆς
1466 4968 1773 5040 προσευχῆς
1821 4969 1850 5021 6

286 5065 408 5130 Θεὸς
435 5068 701 5137 ἀνέχοιτο.
739 5064 995 5127 Ἀκύλαςο
1035 5060 1351 5131 Ἇνωςρελὲς
1386 5058 1525 5112 ἰδὼν
1552 5060 1619 5112 ἐν
1642 5060 1851 5127 καρδίᾳ

284 5176 416 5224 μου,
445 5162 558 5214 οὐκ
589 5159 1012 5212 εἰσακούσεται
1040 5156 1273 5223 Κύριος.
1298 5152 1555 5205 Βούλεται
1576 5150 1633 5203 δὲ
1656 5153 1847 5213 εἰπεῖν,

292 5252 385 5315 ὅτι,
410 5252 507 5316 τὰς
550 5254 800 5323 αἰτήσεις
834 5249 911 5319 τῷ
940 5248 1057 5318 Θεῷ
1106 5245 1419 5317 προσάγων,
1473 5243 1850 5313 ἐπεμελούμην

292 5340 376 5396 τοῦ
403 5344 727 5416 πρέποντος,
765 5339 921 5403 εἰδὼς
945 5382 960 5404 ,
987 5338 1062 5401 ὡς
1097 5337 1246 5390 οὐδέν
1306 5352 1395 5406 μοι
1452 5332 1551 5402 τῆς
1586 5333 1851 5401 αἰτήσεως

291 5430 482 5502 ὕφελος,
518 5436 595 5509 μὴ
624 5431 872 5487 ποιοῦντι
898 5428 967 5483 τὰ
999 5429 1202 5482 δέοντα.
1238 5426 1350 5480 Καὶ
1381 5424 1565 5495 ἕτερόν
1611 5439 1663 5476 τι
1715 5420 1848 5475 καύ-

1959 615 2083 654 nam
2119 598 2320 654 fuerint
2362 600 2397 654 ii
2426 602 2518 667 qui
2546 612 2902 671 exasperant,
2948 605 3055 661 nisi
3095 605 3163 661 de
3190 606 3391 677 quibus
3426 607 3513 663 di-

1957 691 2132 745 citur:
2169 689 2279 745 Fili
2301 692 2557 757 hominis,
2596 694 2723 747 vade
2754 694 2823 747 ad
2868 694 3082 750 domum
3117 710 3514 768 exasperantem

1954 799 2035 836 me
2066 784 2147 838 “2'
2190 783 2255 838 Et
2294 785 2423 839 illud
2454 803 2468 839 :
2501 784 2571 838 Et
2609 788 3046 842 exacerbarerunt
3084 805 3200 844 sum
3242 792 3297 845 in
3341 791 3514 845 deser.

1956 886 2008 930 to
2044 878 2086 909 "’
2123 895 2135 931 :
2184 887 2237 932 et
2278 894 2494 933 rursum
2540 896 2551 932 :
2614 878 2795 933 Nolite
2832 879 3093 934 obdurare
3147 884 3307 937 corda
3338 893 3511 939 vestra

1954 971 2089 1023 sicut
2126 971 2180 1022 iu
2211 970 2610 1025 exacerbatione
2644 972 2707 1028 “‘.

2022 1061 2075 1114 8.
2114 1060 2431 1128 Beuedicite,
2482 1073 2675 1133 gentes,
2704 1063 2867 1118 Deum
2900 1076 3155 1122 nostrum.
3206 1065 3407 1125 Omnes
3455 1069 3513 1127 in

1955 1168 2123 1206 unum
2149 1153 2319 1207 coacti
2350 1155 2525 1223 ipsum
2551 1155 2764 1210 laudate
2791 1171 2855 1211 ac
2881 1159 3162 1226 suspicite.

2028 1304 2101 1378 [9.
2124 1306 2227 1371 Qui
2247 1308 2662 1375 posuitanimam
2684 1324 2849 1361 meam
2873 1310 2941 1361 ad
2958 1311 3136 1364 vitam.
3166 1310 3422 1367 Gaudebo
3447 1312 3514 1368 de

1957 1395 2271 1466 huiusmodi
2314 1396 2674 1461 mirabilibus,
2702 1396 2875 1466 deque
2915 1412 3103 1452 eorum
3134 1399 3363 1468 opiﬁce:
3394 1400 3512 1470 qui,

1956 1496 2141 1558 ulpole
2168 1488 2431 1543 Dominus
2479 1490 2831 1560 omniumque
2859 1490 3157 1561 inspector,
3188 1491 3254 1547 de
3284 1494 3514 1550 terrenis

1955 1583 2215 1638 discernit
2243 1590 2296 1637 et
2320 1581 2549 1650 judicat,
2581 1582 2935 1654 indignosque
2964 1584 3215 1640 homines
3237 1585 3516 1657 suppliciis

1956 1676 2329 1731 circumvenit.
2356 1674 2554 1729 Oculos
2580 1690 2735 1731 vocat
2757 1675 3080 1750 apostolos.]

2030 1830 2114 1885 10.
2152 1831 2411 1897 Quoniam
2434 1832 2671 1901 probasti
2690 1848 2807 1897 nos,
2847 1831 3009 1901 Deus,
3043 1834 3162 1904 igne
3193 1851 3287 1890 nos
3314 1834 3516 1893 exami-

1956 1926 2131 1987 uasti,
2181 1934 2285 1978 etc.
2348 1922 2644 1978 Erumnas
2679 1924 2940 1993 apostolis
2976 1924 3046 1978 ob
3079 1925 3514 1994 prmdicationem

1954 2016 2166 2071 futuras
2196 2016 2521 2085 praznuntiat
2556 2014 2793 2085 Spiritus
2833 2016 3224 2085 propheticus:
3262 2029 3423 2087 atque
3447 2033 3517 2072 ex

1952 2123 2184 2178 persona
2224 2123 2414 2161 eorum
2464 2116 2709 2162 recenset
2754 2107 3014 2177 laqueos,
3072 2109 3187 2164 sive
3231 2124 3512 2175 carceres;

1953 2201 2387 2270 tentationesque
2426 2215 2521 2269 per
2556 2201 2735 2271 ignem
2769 2208 2822 2254 et
2854 2215 3051 2270 aquam
3083 2200 3352 2272 significat
3379 2202 3513 2272 (‘50).

2022 2370 2109 2424 15.
2142 2367 2382 2424 Introibo
2414 2371 2470 2424 in
2508 2370 2723 2424 domum
2763 2379 2905 2423 tuam
2935 2372 2991 2424 in
3018 2371 3360 2427 holocaustis.
3393 2373 3515 2429 Cte-

1950 2461 2139 2516 lestem
2164 2461 2454 2515 videlicet:
2488 2476 2611 2514 nam
2640 2476 2697 2515 se
2733 2469 2878 2514 totos
2911 2459 3020 2515 Deo
3060 2477 3158 2515 ceu
3194 2461 3513 2517 holocausta

1952 2554 2283 2608 obtulerunt.
2336 2550 2701 2623 [lwlolocaustis
2730 2551 2936 2605 scilicet
2963 2551 3359 2620 spiritualibus.
3408 2550 3511 2606 Sed

1952 2658 2074 2713 qua:
2101 2651 2190 2696 tua
2226 2650 2391 2706 sunt,
2425 2640 2687 2703 Domine,
2726 2640 3043 2708 hujusmodi
3075 2659 3088 2694 :
3124 2649 3311 2695 nostra
3333 2651 3512 2694 autem

1953 2736 2177 2799 isthaec,
2232 2732 2441 2802 ingredi
2494 2732 2549 2786 in
2596 2732 2854 2800 templum
2904 2731 3111 2800 tibique
3145 2732 3425 2786 immolare
3456 2730 3513 2787 in

1952 2827 2244 2896 gratiarum
2275 2825 2572 2890 actionem,
2615 2823 2849 2892 idipsum
2890 2831 3068 2877 autem
3108 2823 3375 2893 signiﬁcat
3400 2823 3515 2876 αἰε-

1955 2920 2220 2973 tinxerunt
2254 2917 2418 2987 (labia
2461 2915 2597 2986 mea)
2639 2925 2802 2985 atque
2846 2915 3023 2968 locuta
3071 2923 3217 2970 sunt.
3243 2913 3388 2979 Haec,
3430 2915 3515 2967 in-

1953 3012 2089 3081 quit,
2117 3017 2369 3079 precatus
2402 3007 2570 3080 sum.]
2591 3006 2826 3061 Reddam
2850 3007 2942 3060 tibi
2973 3015 3091 3061 vota
3118 3022 3251 3060 mea.
3276 3004 3514 3060 Reddam

1952 3102 2071 3167 tibi,
2114 3101 2312 3171 inquit,
2352 3116 2416 3154 ea
2444 3115 2567 3169 qua:
2598 3099 2716 3152 vovi
2745 3098 2874 3152 dum
2913 3098 2966 3152 in
2999 3099 3303 3153 calamitate
3327 3111 3517 3151 versa-

1879 3214 1921 3270 C
1954 3209 2061 3248 rer.
2095 3192 2231 3248 Vovi
2255 3203 2435 3247 autem
2462 3208 2584 3259 me,
2615 3208 2738 3248 cum
2776 3190 3129 3262 praesentibus
3168 3189 3425 3244 termonis
3449 3187 3515 3242 lio

1952 3286 2174 3341 beratus
2203 3300 2318 3351 ero,
2346 3285 2535 3340 laudes
2564 3299 2775 3353 semper
2800 3282 3135 3337 redditurum
3172 3280 3293 3336 tibi.

2022 3379 2111 3434 15.
2149 3378 2478 3432 llotocausta
2510 3376 2799 3431 medullula
2829 3376 3047 3445 offeram
3081 3376 3197 3428 tibi.
3258 3371 3390 3439 Quae
3430 3368 3515 3425 of-

1952 3472 2079 3527 ferri
2105 3471 2202 3525 tibi
2226 3470 2440 3540 jussisti
2471 3467 3063 3524 alacriterimmolabo.
3096 3463 3394 3519 Medullata
3423 3476 3515 3516 au-

1951 3571 2057 3620 tem
2084 3609 2099 3631 ,
2151 3578 2338 3619 crassa
2374 3573 2430 3618 et
2463 3563 2683 3633 pinguia
2724 3571 2915 3627 vocat;
2960 3560 3031 3613 ita
3066 3557 3211 3613 enim
3242 3556 3325 3610 lex
3350 3554 3513 3625 jussit

1951 3656 2133 3712 oilerri
2167 3654 2517 3709 immaculata
2560 3662 2615 3708 et
2648 3650 2910 3722 perfecta.
2959 3648 3290 3704 Exsecratur
3330 3653 3513 3699 autem

1950 3748 2244 3803 Malachias
2289 3746 2548 3815 propheta
2576 3759 2669 3798 eos
2700 3743 2793 3813 qui
2827 3758 2949 3798 cum
2976 3741 3101 3795 talia
3131 3751 3296 3809 penes
3331 3750 3390 3791 se
3417 3735 3509 3787 ha-

1950 3839 2133 3903 beant,
2178 3837 2368 3891 mutila
2402 3835 2637 3889 offerunt
2663 3834 2726 3886 “.
2770 3832 2883 3887 Hoc
2935 3831 3112 3900 ipsum
3166 3827 3293 3882 olim
3340 3824 3515 3878 Caino

1951 3929 2053 3986 fuit
2073 3928 2341 3983 malorum
2381 3926 2685 3981 exordium.
2750 3921 2859 3978 Nos
2905 3924 3085 3975 autem
3125 3919 3418 3974 edocemur
3448 3928 3512 3968 ea

1950 4037 2071 4092 qua:
2101 4019 2422 4090 pretiosiora
2458 4027 2587 4073 sunt
2622 4015 2833 4069 numini
2879 4011 3092 4066 offerre.
3147 4004 3379 4077 Oﬁ‘eram
3415 4002 3513 4059 tibi

1953 4114 2099 4168 boves
2135 4127 2253 4165 cum
2296 4110 2478 4164 hircis.
2536 4107 2849 4178 Spinitualia
2875 4104 3059 4160 omnia
3093 4107 3254 4165 sunt,
3316 4103 3373 4149 ut
3396 4094 3511 4165 jam

1950 4206 2084 4270 dixi,
2115 4204 2429 4259 holocausta
2450 4243 2465 4271 ,
2503 4201 2702 4269 boves,
2736 4197 2914 4265 hirci,
2945 4209 3083 4267 quos
3111 4191 3419 4247 oblaturum
3453 4199 3515 4243 se

1950 4298 2258 4368 pollicetur.

2022 4500 2110 4557 16.
2153 4495 2352 4561 Venite,
2383 4504 2431 4549 et
2464 4492 2661 4557 audite,
2689 4496 2738 4542 et
2761 4483 3004 4540 narrabo.
3038 4481 3222 4553 Ecqua
3255 4479 3360 4536 alia
3387 4491 3516 4535 nar-

1954 4601 2174 4648 raturus
2205 4597 2310 4653 est,
2343 4586 2448 4640 nisi
2481 4599 2542 4638 ea
2567 4598 2688 4652 quae
2714 4578 2967 4648 superius
2997 4573 3307 4637 enarravit,
3346 4572 3512 4626 nimi-

1956 4699 2075 4739 rum
2107 4701 2119 4736 :
2155 4677 2403 4733 Probasti
2436 4690 2550 4738 nos,
2586 4673 2749 4734 Deus,
2778 4667 2922 4724 etc?

2028 4774 2116 4828 18.
2154 4770 2492 4840 lniquitatem
2516 4765 2561 4817 si
2589 4764 2768 4831 aspexi
2801 4760 2856 4813 in
2882 4757 3037 4812 corde
3065 4771 3197 4819 meo,
3222 4770 3325 4807 non
3352 4766 3510 4806 exan-

1956 4869 2068 4922 diat
2097 4882 2176 4919 me
2208 4862 2483 4917 Dominus.
2518 4856 2765 4912 Sciebam
2792 4851 3064 4919 equidem,
3100 4844 3145 4903 si
3180 4862 3278 4917 ego
3310 4845 3514 4913 iniqui-

1954 4959 2049 5015 tati
2084 4959 2314 5012 lneream
2342 4995 2358 5022 ,
2400 4966 2508 5007 non
2539 4945 2935 5005 cxaudiendam
2964 4957 2993 4997 a
3026 4939 3136 4995 Deo
3174 4940 3289 4994 fore
3320 4934 3511 5005 depre-

1953 5054 2224 5109 cationem
2268 5063 2465 5101 meam.
2526 5042 2720 5113 Aquila
2751 5058 2767 5096 :
2798 5036 2999 5093 Inutile
3040 5033 3214 5088 videns
3259 5032 3314 5106 in
3357 5025 3511 5081 corda

1952 5161 2084 5207 meo,
2121 5157 2223 5195 non
2251 5139 2494 5193 exaudiet
2529 5133 2805 5187 Dominus.
2846 5128 2959 5182 Hoc
2997 5135 3176 5180 autem
3212 5122 3312 5177 sibi
3345 5117 3506 5171 vult:

1951 5235 2243 5305 petitiones
2270 5228 2380 5282 Deo
2408 5224 2642 5280 offerens
2666 5265 2681 5289 ,
2716 5230 2774 5275 ut
2796 5219 2862 5274 de
2885 5217 3057 5289 probo
3087 5229 3149 5268 ac
3182 5213 3379 5305 decoro
3405 5222 3505 5262 cu-

1948 5299 2063 5381 rem
2102 5336 2326 5378 necesse
2371 5327 2475 5382 est,
2534 5330 2736 5387 gnarus
2786 5311 2919 5366 nihil
2962 5306 3094 5363 mihi
3141 5299 3509 5387 ulilitatisicx

1951 5416 2211 5489 petitione
2241 5386 2626 5476 obventurum,
2657 5404 2760 5461 nisi
2785 5417 2907 5475 quae
2936 5399 3129 5456 decent
3170 5405 3347 5464 agam.
3378 5386 3510 5446 Clod

348 5634 389 5667 “
424 5633 626 5694 Ezech.
657 5646 818 5698 xmv,
845 5628 898 5682 6.
980 5629 1022 5660 "
1046 5626 1191 5684 Psal.
1232 5639 1436 5688 uxvn,
1467 5620 1554 5676 40.
1627 5622 1670 5653 ¹⁸
1696 5618 1840 5676 Psal.
1868 5632 2012 5687 χειν,
2049 5616 2104 5676 8.
2176 5619 2219 5651 ¹⁹
2248 5613 2480 5672 Malach.
2509 5628 2548 5681 ι,

329 5793 447 5877 (39)
472 5798 576 5860 Hic
609 5798 728 5857 alia
769 5785 1251 5865 habet'Corderius
1269 5804 1390 5860 quae
1411 5796 1536 5844 sunt
1555 5784 1844 5843 Theodori.
