3976 6220
438 393 534 450 291

1299 391 1355 446 S.
1397 389 1765 447 ATHANASH
1805 389 1951 448 OPP.
1993 392 2171 448 PARS
2211 394 2384 449 lll.—
2424 394 2830 452 EXEGETICA.

3571 403 3679 456 29?.

439 518 614 570 riatur
637 514 1042 586 quodammodo
1091 515 1230 584 apud
1261 513 1466 578 Deum,
1508 515 1652 584 quod
1694 525 1847 570 extra
1897 516 2001 570 ini-

2119 534 2254 588 (ημα
2277 517 2572 590 προσφέρει
2595 518 2670 588 τῷ
2697 517 2814 589 Θέῷ
2846 517 2906 571 τὸ
2934 518 3034 583 ἔξω
3069 520 3249 591 πάσης
3276 507 3486 584 ἀδικίας
3519 523 3678 590 γενέ-

439 605 703 674 quitatem
748 619 964 659 omnem
1013 614 1293 671 versetur,
1355 607 1715 675 quamobrem
1761 621 1818 661 se
1848 614 2007 662 exau-

439 695 700 750 diendum
731 692 848 751 fore
878 695 1125 751 conlidit.

578 788 632 842 1.
675 785 744 842 In
783 788 962 858 ﬁnem,
1007 787 1350 844 PSALMUS
1396 791 1450 843 in
1487 791 1716 858 hymnis,
1764 789 1867 859 ipsi

997 879 1190 934 David.
1234 880 1329 933 LX
1346 880 1442 935 VI.

1029 972 1431 1042 Argumentum.

441 1065 683 1122 Rursum
719 1066 812 1123 hic
855 1067 1228 1138 apostolorum
1278 1082 1569 1136 personam
1625 1068 1850 1135 inducit,
1912 1069 2006 1140 qui

508 1157 755 1213 doctrinm
785 1167 972 1229 gentes
1029 1157 1310 1222 imbuunt,
1349 1167 1401 1212 et
1436 1167 1628 1228 rogant
1679 1159 1894 1214 liberari
1939 1163 2006 1216 ab

509 1251 581 1307 iis
611 1251 704 1321 qui
735 1252 996 1308 doctrinae
1023 1267 1136 1307 suae
1162 1252 1564 1306 contradicunt.
1615 1251 1736 1324 [Hic
1762 1255 2006 1323 psalmus

507 1336 833 1414 praecedenti
863 1338 1260 1399 conisentaneus
1288 1355 1369 1399 est
1411 1363 1425 1398 :
1477 1345 1691 1414 pr0prie
1720 1345 1863 1399 enim
1896 1348 2005 1416 agit

507 1431 574 1484 de
607 1430 981 1486 benedictione
1009 1445 1314 1500 sacrorum,
1370 1441 1530 1502 atque
1577 1443 1685 1488 tota
1715 1450 1852 1504 pene
1881 1449 2004 1489 ora-

508 1519 584 1574 tio
610 1521 663 1574 in
690 1521 829 1575 libro
861 1519 1114 1578 Iudicum
1145 1523 1310 1592 jacet.
1352 1524 1429 1578 Ac
1457 1525 1504 1579 si
1545 1525 1710 1594 igitur
1757 1523 2002 1580 futurum

506 1612 582 1670 sit
606 1623 663 1667 ut
687 1614 790 1669 hoc
817 1615 1052 1682 eveniat,
1087 1613 1372 1686 postquam
1409 1617 1643 1671 reditum
1674 1617 2001 1673 vaticinatus

505 1718 619 1773 est,
661 1707 919 1776 praedicat
962 1709 1202 1764 divinam
1239 1705 1673 1766 incarnationem
1719 1720 1773 1766 et
1799 1713 2003 1766 adven-

507 1805 647 1864 tum,
676 1807 837 1868 atque
863 1797 1098 1867 futuram
1142 1802 1666 1870 gentiumbsalutem.
1703 1802 2001 1873 lnscriptus

509 1898 692 1960 autem
718 1897 820 1956 est,
854 1887 918 1943 In
951 1890 1178 1959 hymnis,
1216 1891 1346 1960 quia
1369 1891 1464 1963 Dei
1499 1903 1580 1948 est
1609 1894 1824 1964 hymnis
1859 1895 1997 1949 cele-

508 1978 677 2046 brari,
717 1981 1001 2036 hominum
1035 1992 1218 2036 autem
1248 1991 1333 2038 est
1359 1983 1612 2039 laudibus
1637 1984 1871 2056 ornari.]

507 2157 562 2212 2.
602 2156 742 2212 Deus
779 2163 1082 2213 misereatur
1108 2150 1274 2214 nostri
1315 2170 1363 2215 et
1401 2161 1668 2216 benedicat
1699 2161 1866 2227 nobis,
1889 2170 1994 2216 etc.

439 2235 633 2314 Tuam,
668 2251 865 2319 inquit,
894 2250 1301 2306 miserationem
1335 2251 1709 2316 Obsecramus,
1748 2253 1993 2318 Domine,

435 2353 802 2408 mgamusque
843 2346 903 2393 ut
943 2340 1204 2396 exhibeas
1251 2343 1460 2395 vultum
1512 2350 1664 2396 tuum
1697 2343 1887 2406 nobis,
1938 2352 1997 2396 ut

433 2428 576 2482 viam
609 2428 783 2482 sancti
812 2426 1090 2496 Evangelii
1121 2430 1196 2483 tui
1231 2433 1482 2501 gentibus
1516 2432 1770 2487 omnibus
1809 2433 1998 2501 praedi-

432 2532 559 2572 care
597 2519 892 2588 possimus.
957 2517 1205 2574 Salutare
1251 2523 1435 2588 enim,
1493 2523 1664 2592 ipsius
1704 2507 1993 2578 adventum

433 2610 635 2679 ubique
662 2610 948 2681 signiﬁcat.

502 2701 556 2753 4.
589 2701 952 2769 Conﬁteantur
985 2702 1078 2755 tibi
1105 2703 1304 2771 populi,
1341 2701 1498 2756 Deus.
1547 2701 1796 2760 Praedicit
1837 2705 1993 2761 Chri-

431 2792 502 2845 sti
537 2792 932 2847 confessionem
959 2793 1026 2848 ab
1054 2793 1309 2848 omnibus
1343 2794 1593 2863 gentibus
1638 2797 1990 2852 emittendam

432 2883 569 2952 fore.
600 2883 864 2938 La’tentur
895 2895 942 2938 et
967 2886 1225 2940 exsultent
1255 2895 1446 2956 gentes.
1484 2885 1618 2939 Cum
1645 2891 1992 2958 propheticus

434 2973 670 3045 Spiritus
696 2977 761 3032 de
787 2978 959 3033 salute
986 2979 1134 3034 orbis
1168 2993 1513 3048 summapcre
1538 2979 1852 3049 delectetur,
1883 2987 1994 3055 ple-

429 3083 662 3138 rumque
689 3069 878 3124 eadem
910 3072 1025 3139 ipsa
1057 3070 1269 3141 repetit,
1294 3085 1361 3125 ex
1388 3069 1655 3141 frequenti
1677 3077 1990 3134 narratione

429 3161 629 3231 gaudio
657 3161 902 3218 aﬂ'ectus.
1248 3230 1250 3232 ν

503 3253 552 3308 6.
589 3253 950 3324 Conﬁteantur
975 3256 1068 3308 tibi
1093 3254 1292 3325 populi,
1321 3254 1482 3323 Deus,
1514 3258 1864 3327 conﬁteantur
1893 3263 1987 3316 tibi

361 3415 368 3421 ί
427 3348 609 3419 populi
641 3364 814 3402 omnes
839 3348 973 3418 (51).
1023 3346 1142 3402 Non
1186 3349 1304 3404 sine
1333 3364 1500 3404 causa
1537 3352 1764 3420 repetit,
1813 3354 1906 3408 sed
1932 3365 1990 3409 ut

2117 607 2266 661 σθαι·
2301 607 2380 660 διὸ
2407 609 2498 661 καὶ
2524 609 2898 670 είσακούεσθαι
2927 610 3140 682 θαρρεῖ.

2107 794 2212 857 Εἰς
2239 791 2306 844 τό
2330 790 2523 857 τέλος,
2553 792 2623 846 ἐν
2647 792 2854 862 ὕμνοις
2875 793 3194 857 ΨΑΛΜΟΣ,
3215 793 3293 859 τῷ
3317 794 3514 849 Δᾱυΐδ.
3533 795 3677 863 Ξςν.

2733 924 2747 943 ⁸
2759 925 3064 992 Υπόθεσις.

2107 1058 2274 1113 Πάλιν
2300 1058 2574 1112 κάνταῦθα
2595 1059 2701 1113 τῶν
2727 1061 3037 1116 ἀποστόλων
3066 1063 3126 1114 τὸ
3152 1063 3442 1133 πρόσωπον
3465 1065 3681 1133 εἰσάγε-

2174 1167 2298 1210 ται,
2329 1150 2670 1204 διδασκαλίαν
2705 1152 3023 1222 ποιούμενον
3073 1153 3180 1206 τῶν
3227 1154 3395 1207 ἐθνῶν
3420 1196 3434 1219 ,
3471 1157 3679 1228 ῥυσθῆ-

2177 1241 2266 1293 ναί
2324 1258 2383 1294 τε
2436 1243 2725 1314 εὐχόμενον
2753 1244 2860 1296 τῶν
2894 1244 3281 1312 ἀντιλεγόντων
3326 1249 3390 1316 τῇ
3423 1247 3680 1300 διδασκα-

2172 1332 2261 1404 λίᾳ
2294 1334 2490 1387 αὐτῶν.
2538 1334 2559 1406 [
2594 1336 2909 1400 ’Δκόλουθος
2935 1337 3026 1390 καὶ
3054 1333 3206 1401 οὗτος
3232 1337 3307 1408 τῷ
3338 1338 3443 1409 πρὸ
3476 1340 3638 1391 αὐτοῦ
3663 1357 3675 1367 ·

2176 1427 2370 1496 ἰδίωμα
2396 1428 2504 1499 γὰρ
2530 1427 2641 1498 ἔχει
2663 1424 2762 1500 τῆς
2783 1429 2889 1483 τῶν
2915 1428 3077 1501 ἱερῶν
3093 1427 3360 1499 εὐλογίας,
3384 1432 3478 1484 καὶ
3500 1435 3678 1485 κεῖται

2175 1522 2230 1574 ἐν
2269 1523 2378 1584 τοῖς
2409 1524 2638 1592 Κριταῖς
2665 1523 2696 1592 ἡ
2725 1522 2855 1594 εὐχὴ
2890 1525 3036 1576 πᾶσα
3063 1523 3264 1594 σχεδόν.
3312 1521 3398 1587 Ὡς
3426 1520 3517 1577 οὖν
3551 1525 3680 1595 μέλ-

2172 1611 2352 1675 λοντος
2401 1614 2495 1666 καὶ
2547 1613 2737 1666 τούτου
2782 1613 3024 1682 γίνεσθαι
3049 1656 3064 1679 ,
3121 1614 3257 1684 μετὰ
3284 1615 3385 1685 τὴν
3416 1617 3678 1669 ἐπάνοδον

2179 1705 2552 1776 προεφητεύθη
2575 1747 2588 1770 ,
2634 1706 2893 1776 κηρύττει
2935 1706 2991 1758 δὲ
3032 1707 3125 1758 καὶ
3152 1707 3250 1778 τὴν
3278 1706 3425 1758 θείαν
3460 1706 3676 1778 ἀνθρὼ-

2171 1809 2334 1862 πησιν
2371 1795 2462 1846 καὶ
2507 1796 2841 1862 ἐπιφάνειαν,
2880 1796 2974 1849 καὶ
3016 1797 3112 1866 τὴν
3157 1798 3263 1849 τῶν
3297 1797 3464 1848 ἐθνῶν
3500 1815 3676 1867 σωτη-

2178 1888 2315 1958 ρίαν.
2364 1889 2458 1941 Ἐν
2485 1889 2693 1957 ὕμνοις
2720 1888 2774 1942 δὲ
2801 1889 3239 1961 ἐπιγέγραπται,
3291 1891 3412 1943 ἐπεὶ
3444 1890 3577 1943 Θεοῦ
3611 1893 3676 1943 τὸ

2174 1979 2489 2048 ὑμνεῖσθαι,
2533 1976 2835 2052 ἀνθρώπων
2861 1983 2916 2036 δὲ
2949 1982 3010 2036 τὸ
3037 1983 3102 2036 δι’
3129 1984 3363 2037 ἐπαίνων
3396 1984 3675 2054 ἐγκωμιά-

2031 2058 2074 2118 Β
2171 2071 2417 2143 Caedem]

2184 2161 2238 2212 '0
2312 2162 2454 2228 Θεὸς
2527 2163 2885 2232 οἰκτειρήσω
2945 2165 3100 2235 ἡμᾶς
3169 2167 3266 2220 καὶ
3344 2165 3673 2238 εὐλογῆσαι

2103 2251 2278 2321 ἡμᾶς.
2312 2254 2430 2306 Τῶν
2465 2254 2572 2307 σῶν
2597 2249 2892 2326 οἰκτιρμῶν
2918 2257 3146 2327 δεόμεθα
3165 2298 3178 2321 ,
3211 2260 3341 2330 φησι
3361 2271 3379 2322 ,‘
3402 2259 3668 2320 Δέσποτα,

2101 2345 2192 2396 καὶ
2219 2344 2320 2414 τῆς
2350 2347 2665 2414 ἐπιφανείας
2689 2347 2781 2399 τοῦ
2823 2349 3114 2420 προσώπου
3147 2366 3260 2414 σου,
3332 2353 3465 2423 πρὸς
3490 2352 3550 2405 τὸ
3576 2353 3672 2406 δύ-

2100 2433 2292 2487 νασθαι
2338 2437 2573 2509 φανερὰν
2613 2438 2714 2509 τὴν
2748 2439 2869 2494 ὁδὸν
2897 2440 2988 2492 τοῦ
3016 2437 3169 2509 ἁγίου
3201 2459 3292 2495 σου
3340 2443 3671 2514 Εὐαγγελίου

2102 2527 2234 2578 πᾶσι
2267 2529 2377 2590 τοῖς
2424 2527 2597 2582 ἔθνεσι
2636 2530 2886 2600 κηρύξαι.
2933 2530 3229 2601 Σωτήρων
3256 2533 3365 2605 γὰρ
3392 2537 3670 2608 πανταχοῦ

2099 2618 2195 2686 τὴν
2226 2620 2525 2690 παρουσίαν
2554 2621 2717 2674 αὐτοῦ
2750 2639 2934 2693 φησιν.

2185 2711 2879 2783 Ἐξομολογησάσθωσάν
2898 2734 2993 2770 σοι
3024 2719 3179 2782 λαοὶ,
3203 2721 3234 2772 ό
3263 2701 3420 2785 Θεός.
3442 2721 3671 2774 Πάντων

2097 2802 2203 2855 τῶν
2248 2803 2416 2857 ἐθνῶν
2467 2805 2561 2876 τὴν
2593 2808 2672 2868 είς
2716 2809 2949 2878 Χριστὸν
2980 2811 3265 2881 ὁμολογίαν
3312 2816 3666 2884 προφητεύει.

2096 2897 2618 2965 Εὐφρανθήτωσαν
2641 2901 2738 2954 καὶ
2767 2887 3272 2970 ἁγαλλιάσθωσαν
3307 2907 3468 2976 ἔθνη.
3513 2909 3671 2963 ’11δὸ-

2099 3005 2256 3058 μενον
2315 2989 2375 3041 τὸ
2436 2989 2770 3062 προφητικὸν
2839 2995 3065 3066 Πνεῦμα
3125 3001 3188 3069 τῇ
3261 3002 3500 3073 σωτηρίᾳ
3563 3003 3668 3074 τῆς

2096 3081 2450 3153 οἰκουμένης,
2503 3083 2758 3148 πολλάκις
2803 3085 2870 3138 τὰ
2910 3075 3046 3141 αὐτὰ
3078 3089 3390 3159 φθέγγεται,
3424 3096 3489 3164 τῇ
3537 3111 3666 3148 συν-

2094 3179 2207 3246 εχεῖ
2238 3165 2481 3248 διηγήσει
2514 3171 2846 3252 εὐφροσύνης
2871 3171 3158 3253 ἀπολαῦον.
3279 3253 3283 3259 Ι
3634 3252 3639 3256 .

2175 3264 2870 3339 Ἐξομολογοησάσθωσάν
2896 3289 2994 3325 σοι
3021 3271 3155 3328 λαοὶ
3183 3315 3198 3340 ,
3244 3279 3277 3330 ό
3339 3277 3479 3344 Θεὸς
3501 3319 3516 3343 ,
3559 3277 3664 3344 ἐξ·

2094 3358 2682 3427 ομολογησάσθωσάν
2717 3377 2815 3414 σοι
2857 3363 2994 3415 λαοὶ
3050 3363 3287 3430 πάντες.
3317 3366 3428 3437 Οὐχ
3477 3367 3666 3432 ἁπλῶς

428 3439 723 3494 alacriores
765 3438 957 3494 reddat
1006 3439 1302 3493 auditores.
1361 3439 1525 3505 Terra
1573 3442 1714 3495 dedit
1756 3443 1988 3512 fructum

2121 3420 2184 3517 ip;
2217 3420 2563 3519 ταυτολογίαν
2591 3451 2829 3505 τέθεικεν
2849 3493 2863 3517 ,
2895 3453 3028 3508 ἀλλὰ
3063 3420 3502 3528 προθυμοτέρους
3532 3420 3666 3524 τούξ

431 3543 608 3582 suum.
664 3527 975 3598 Spiritualis
1021 3529 1292 3585 videlicet.
1351 3530 1581 3587 Fructus
1632 3541 1812 3587 autem
1863 3546 1990 3588 sunt

430 3621 548 3690 ejus
581 3621 634 3676 in
659 3621 858 3691 pietate
881 3619 1180 3691 profectus.

496 3796 883 3869 [Conﬁteantur
926 3801 1020 3854 tibi
1068 3803 1270 3872 papuli,
1311 3802 1483 3871 Deus;
1519 3804 1985 3871 Quemadmodum

422 3888 507 3943 bis
529 3898 716 3960 gentes
758 3890 824 3944 ad
874 3891 1106 3962 hymnos
1157 3893 1526 3950 concinendos
1578 3897 1868 3961 excitavit,
1910 3897 1985 3952 ita

421 3979 505 4034 bis
538 3981 685 4054 ipsas
712 3980 780 4035 ad
805 3981 1238 4051 benedictionem
1268 3985 1516 4054 quaesivit
1547 4005 1561 4040 :
1595 4002 1718 4041 cum
1753 3987 1838 4042 bis
1877 3989 1984 4043 sci-

419 4049 705 4126 licetcam
749 4049 1182 4130 benedictionem
1213 4077 1532 4148 accepisset.
1583 4080 1690 4133 Aut
1725 4080 1854 4149 quia
1879 4081 1983 4136 ila:

417 4161 792 4220 benedictione
818 4166 1034 4236 repletae
1053 4181 1161 4239 non
1195 4167 1446 4238 ignorant
1481 4169 1648 4241 Deum
1695 4171 1787 4240 qui
1817 4187 1981 4242 super

418 4254 605 4308 omnia
640 4265 754 4320 est,
799 4257 891 4312 sed
930 4259 1310 4314 dulcissimum
1356 4261 1460 4330 ipsi
1499 4261 1731 4317 oﬂ‘erunt
1763 4265 1978 4333 pietatis

417 4344 656 4402 fructum
688 4368 701 4402 :
731 4364 891 4418 quem
943 4351 990 4405 si
1037 4351 1134 4405 tibi
1191 4352 1481 4409 oﬁ‘eramus
1507 4395 1521 4417 ,
1575 4355 1627 4409 id
1654 4365 1737 4410 est
1763 4357 1977 4412 virtutis

418 4438 658 4514 studium
705 4451 1048 4509 accuratum,
1103 4458 1133 4496 a
1173 4452 1225 4499 te
1275 4444 1704 4501 benedictionem
1747 4448 1976 4517 accipie-

416 4528 587 4610 ωιιει]
708 4601 712 4604 ,

490 4620 795 4694 [Benedicat
842 4640 934 4678 nos
977 4610 1133 4680 Deus.
1191 4625 1482 4683 Sciendum
1513 4620 1767 4686 homines
1800 4630 1971 4685 Deum

2092 3537 2384 3602 ἀκούοντας
2413 3535 2792 3611 ἐργαζόμενος.
2825 3539 2915 3611 Γῆ
2956 3543 3139 3598 ἔδωκε
3165 3544 3272 3598 τὸν
3295 3547 3524 3615 καρπὸν
3550 3551 3661 3602 αὑ-

2089 3628 2219 3697 τῆς.
2272 3629 2336 3681 Ἠ
2387 3630 2550 3702 νοητὴ
2574 3627 2832 3701 δηλονότι.
2899 3637 3123 3704 Καρπὸς
3159 3637 3214 3690 δὲ
3244 3639 3412 3710 αὐτῆς
3440 3642 3497 3693 ai
3535 3632 3660 3694 κατ’

2088 3717 2368 3772 εὐσέϐειαν
2398 3722 2690 3789 προκοπαί.

2149 3809 2168 3882 ί
2187 3811 2879 3884 Ἐξομολογησάσθωσᾶν
2890 3832 2986 3872 σοι
2999 3823 3050 3874 οἱ
3061 3822 3216 3887 λαοὶ,
3232 3826 3264 3877 ό
3277 3813 3436 3891 Θεός.
3447 3823 3660 3903 ’Ὠσπερ

2083 3901 2166 3965 δὶς
2187 3903 2254 3956 τὰ
2276 3903 2402 3980 ἔθνη
2429 3907 2563 3979 πρὸς
2585 3909 2855 3979 ὑμνῳδίαν
2881 3911 3169 3984 διήγειρεν,
3200 3915 3338 3969 οὕτω
3363 3918 3444 3982 δὶς
3471 3901 3659 3990 αὐτοῖς

2084 3994 2183 4065 τὴν
2219 3995 2463 4066 εὐλογίαν
2508 3999 2797 4072 ἐζήτησεν·
2836 4002 3212 4060 ἀπολαύσαντα
3264 4009 3504 4080 δηλονότι
3557 4015 3657 4068 καὶ

2083 4085 2251 4157 αὐτῆς
2282 4087 2549 4157 εὐλογίας.
2583 4091 2651 4143 Ἦ
2677 4088 2759 4144 ὅτι
2788 4094 2909 4146 ἐπεὶ
2941 4097 3040 4150 οὐκ
3071 4098 3353 4167 ἀγνοοῦσιν
3385 4105 3433 4156 οἱ
3469 4105 3526 4171 ἐξ
3555 4107 3656 4159 αὐ-

2079 4177 2179 4248 τῆς
2219 4179 2308 4232 τὸν
2341 4171 2433 4234 ἐπλ
2480 4183 2695 4271 πάντων
2726 4186 2883 4253 Θεὸν,
2933 4189 3068 4243 ἀλλὰ
3116 4193 3205 4246 τὸν
3257 4195 3469 4266 ἥδιστον
3501 4199 3656 4271 αὐτῷ

2081 4271 2444 4342 προσφέρουσι
2467 4275 2564 4363 τῆς
2595 4277 2872 4344 εὐσεϐείας
2901 4284 3109 4353 καρπόν
3128 4303 3141 4315 ·
3177 4286 3235 4340 ὃν
3265 4290 3313 4342 εί
3345 4292 3650 4367 προσφέροξ

2080 4362 2180 4432 μέν
2213 4380 2327 4432 σοι,
2365 4361 2484 4436 ἤτοι
2509 4359 2604 4441 τὴν
2630 4371 2728 4441 τῆς
2758 4372 2956 4446 ἀρετῆς
2989 4377 3329 4450 ἐπιτήδευσιν
3349 4424 3364 4448 ,
3399 4385 3654 4455 εὐλογοῦ-

2079 4454 2216 4524 μεθα
2245 4457 2394 4529 παρὰ
2424 4459 2564 4532 σοῦ]

2145 4635 2513 4733 [Εὐλογήσαι
2550 4631 2705 4714 ἡμᾶς
2734 4627 2773 4700 ὁ.
2794 4649 2956 4714 Θεός.
2997 4623 3204 4706 Εἰδέναι
3232 4655 3330 4726 μὲν
3356 4636 3646 4733 προσήκει,

414 4711 815 4779 benedicentes,
845 4715 946 4788 ipsi
973 4717 1137 4772 verba
1165 4719 1340 4775 solum
1373 4720 1615 4790 proferre
1634 4761 1648 4785 ,
1692 4722 1784 4777 sed
1810 4737 1972 4792 opere
2003 4768 2016 4822 1

2119 4731 2526 4802 ης,”εὐλογοῦντες
2546 4711 2817 4809 ἄῖνθριοποι
2842 4711 2932 4794 τὸν
2943 4741 3090 4824 Θεὸν,
3108 4711 3296 4813 λόγους
3315 4711 3460 4820 αὐτῷ

412 4805 517 4874 ipsi
554 4805 815 4862 beneﬁcia
841 4807 1151 4877 impendere
1186 4827 1292 4866 non
1330 4828 1513 4882 posse.
1551 4815 1622 4868 At
1659 4809 1802 4895 Deus
1844 4831 1968 4872 cum
2004 4805 2016 4822 ³

2119 4822 2296 4895 έρουσι
2346 4827 2538 4898 μόνους
2564 4868 2578 4890 ,
2629 4805 2773 4902 ἔργῳ
2797 4832 2852 4884 δὲ
2883 4822 3044 4886 αὐτὸν
3075 4805 3510 4907 εὐεργετῆσαίού
3529 4805 3642 4897 ,δύν-

411 4895 684 4952 benedicit
706 4937 721 4962 ,
759 4899 1016 4968 operibus
1050 4899 1209 4954 verba
1239 4905 1560 4970 conﬁrmat,
1612 4921 1676 4960 ac
1699 4903 1966 4962 bonorum

411 4992 658 5070 omnium,
723 4991 933 5060 copiam
989 4993 1058 5048 iis
1111 4994 1308 5064 quibus
1359 4992 1628 5053 benedicit
1679 4998 1961 5071 elargitur.

410 5078 613 5136 Deinde
627 5067 786 5163 docet
819 5081 1144 5154 quomodo.]

563 5174 613 5226 1.
687 5171 753 5227 In
803 5173 992 5252 ﬁnem,
1043 5173 1381 5231 PSALMUS
1427 5180 1656 5244 cantici,
1708 5181 1807 5249 ipsi

943 5254 1135 5318 Dauid.
1193 5259 1288 5319 LX
1304 5267 1434 5324 VII.

983 5356 1386 5426 Argumentum.

408 5439 461 5494 In
490 5443 593 5498 hoc
619 5447 830 5514 psalmo
867 5448 1155 5504 adventum
1187 5445 1399 5505 Domini
1436 5435 1722 5524 significat,
1750 5450 1958 5510 necnon

472 5536 834 5602 spiritualium
860 5539 1097 5595 hostium
1128 5543 1519 5612 depulsionem.
1554 5547 1959 5616 spiritualisque

472 5627 796 5693 captivitatis
834 5633 1174 5688 solutionem.
1221 5634 1386 5693 Docet
1413 5637 1634 5708 insuper
1686 5652 1743 5695 se
1777 5637 1952 5711 ipsum

469 5788 582 5862 (Si)
622 5789 676 5846 In
704 5791 770 5850 Β.
806 5811 884 5862 ιιι,
923 5799 1037 5855 hare
1061 5799 1315 5857 dicuntur
1343 5801 1687 5860 Theodoreti.

2074 4933 2280 4972 νανται.
2356 4919 2412 4972 ’0
2528 4920 2657 4985 Θεὸς
2683 4963 2696 4987 ,
2740 4923 2973 4993 εὐλογῶν
2994 4967 3008 4990 ,
3047 4928 3254 5007 βεϐαιοῖ
3289 4923 3412 4996 τοὺς
3451 4933 3644 5002 λόγους

2071 5006 2147 5076 τῷ
2178 5008 2343 5080 ἔργῳ,
2373 4999 2465 5064 καὶ
2487 5013 2836 5068 παντοδαπῶν
2861 5019 3078 5085 ἀγαθῶν
3104 5003 3326 5095 παρέχει
3349 5027 3458 5089 τοῖς
3485 5026 3641 5079 εὐλο-

2070 5101 2352 5179 γ-ουμένοις
2387 5105 2576 5176 φοράν.
2611 5101 2740 5160 Εἶτα
2765 5108 3001 5164 διδάσκει
3025 5112 3203 5185 πῶς.]

2123 5240 2224 5300 Εἰς
2253 5241 2319 5290 τὸ
2344 5245 2535 5306 τέλος,
2576 5242 2683 5310 τῆς
2707 5243 2866 5313 ᾠδῆς
2896 5247 3076 5301 Δαυῒδ
3111 5251 3432 5306 ΨΑΛΜΟΣ.
3466 5252 3562 5307 ΞΖ
3571 5260 3607 5308 ’.

2691 5352 3009 5424 Ὺπόθεσις.

2075 5459 2161 5512 Ἐν
2196 5457 2365 5532 τούτῳ
2393 5459 2468 5533 τῷ
2494 5459 2691 5537 ψαλμῷ
2716 5453 2813 5538 την
2847 5461 3144 5540 παρουσίαν
3173 5471 3264 5524 τοῦ
3293 5473 3496 5544 Κυρίου
3538 5493 3635 5547 ση-

2140 5551 2349 5620 μαίνει,
2397 5558 2488 5608 καὶ
2529 5559 2635 5634 τῶν
2668 5559 2870 5630 νοητῶν
2917 5561 3125 5634 ἐχθρῶν
3153 5564 3501 5636 καθαίρεσιν,
3536 5569 3633 5621 καὶ

2135 5641 2236 5712 τῆς
2257 5646 2449 5715 νοητῆς
2476 5650 2844 5718 αἰχμαλωσίας
2872 5653 2967 5722 τὴν
2987 5654 3260 5708 ἀπόλυσιν.
3291 5657 3408 5710 Ἔτι
3433 5675 3495 5726 γε
3523 5659 3634 5730 μὴν
