3976 6220
346 354 447 413 2'33

1443 358 1804 415 EXPOSITIO
1834 358 1910 451 ’1N
1949 358 2278 418 PSALMUM
2312 362 2498 420 LXVI.

3465 372 3572 428 294

407 475 665 543 διδάσκει,
725 476 801 540 ὡς
829 479 990 544 αὐτὸς
1018 479 1103 553 εἴη
1163 481 1193 532 δ
1246 478 1337 534 καὶ
1372 481 1538 536 πάλαι
1588 483 1714 546 τοὺς
1760 483 1898 546 υἱοὺς

2079 498 2221 548 esse,
2257 485 2349 555 qu-i
2391 485 2520 540 olim
2554 484 2694 541 ﬁlios
2730 484 2896 542 lsrael
2924 503 2989 543 ex
3024 487 3261 561 Egypto
3296 490 3566 547 eduxerit.

417 564 629 638 Ἰσραὴλ
668 565 727 632 ἐξ
768 567 1042 636 Αἰγύπτου
1082 568 1385 639 ἐξαγαγών.
1419 571 1561 642 Πρὸς
1591 572 1649 624 δὲ
1678 572 1906 638 τούτοις,

406 648 823 730 ὑποδεξαμένοις
849 661 910 714 τὸ
949 662 1228 733 κήρυγμα,
1256 661 1569 733 Πνεύματος
1590 663 1743 731 ἀγίου
1768 663 1910 717 δόσιν
1992 678 1995 682 ·

408 751 819 820 ἐπαγγέλλεται.
856 754 965 807 Καὶ
989 754 1091 825 μὴν
1114 756 1338 818 καὶτοῖς
1363 755 1678 818 ἀποστόλοις
1701 755 1909 824 εἰσάγει

407 843 749 916 παράκλησιν
772 884 786 911 ,
823 847 889 899 ὲκ
923 847 1103 917 πάσης
1137 847 1369 917 θλίψεως
1398 847 1910 917 ρύεσθαιὲπαγγελ-

405 936 648 1013 λόμενος,
681 935 783 1011 τῆς
810 941 1105 1011 γενομένης
1138 939 1378 1013 δηλονότι
1406 940 1495 994 διὰ
1530 940 1592 994 τὸ
1627 941 1906 1012 κήρυγμα.

419 1011 577 1083 Ἀλλά
598 1019 715 1102 μὴν
746 1032 840 1086 καὶ⁵
886 1011 1237 1105 ἐπιστρέφειν
1265 1032 1329 1085 ὲκ
1374 1033 1481 1085 τῶν
1529 1011 1909 1105 παραπικραι-

398 1109 590 1177 νὸντιόν
638 1123 974 1195 ὑπισχνεῖται
1007 1124 1261 1191 πολλοὺς,
1294 1125 1388 1179 καὶ
1418 1125 1523 1197 μὴν
1555 1127 1649 1179 καὶ
1696 1127 1759 1179 ὲκ
1802 1126 1908 1182 τῶν

404 1212 817 1267 καταπεσόντων
866 1215 946 1278 είς
970 1214 1030 1267 τὺ
1056 1214 1165 1269 τῶν
1192 1214 1392 1286 ἡδονῶν
1425 1216 1677 1284 πέλαγος.
1744 1216 1907 1269 Οὐδὲν

401 1302 455 1357 δὲ
481 1298 644 1374 ἦττον
676 1305 771 1359 καὶ
798 1304 905 1359 τῶν
941 1307 1251 1361 ἀποστόλων
1276 1307 1532 1379 κηρύττει
1563 1308 1660 1379 τὴν
1694 1308 1905 1361 ἀνάδει-

401 1393 501 1461 ξιν,
523 1394 617 1449 καὶ
631 1396 778 1460 τίνες
797 1397 892 1451 καὶ
908 1398 1072 1452 πόθεν
1092 1394 1251 1471 ἦσαν.
1274 1400 1499 1453 Πάντων
1520 1416 1580 1451 τε
1607 1399 1714 1452 τῶν
1738 1398 1907 1452 ἐθνῶν

400 1485 493 1558 τὴν
515 1489 596 1551 είς
615 1486 707 1543 τὸν
730 1488 933 1561 Κύριον
955 1489 1136 1544 πίστιν
1158 1491 1586 1560 εὐαγγελίζεται.
1625 1490 1739 1559 Ἐφ’
1767 1491 1905 1543 ἃπα-

399 1594 450 1630 σι
478 1577 535 1631 δὲ
566 1578 777 1645 τούτοις
796 1580 894 1652 τὴν
922 1582 1002 1645 είς
1031 1583 1294 1654 οὐρανοὺς
1331 1583 1516 1637 ἄνοδον
1565 1581 1659 1634 τοῦ
1698 1583 1904 1654 Κυρίου

396 1668 699 1723 ἐκδιδάσκει
730 1670 936 1741 σαφῶς.
999 1670 1215 1736 Ἔξεστι
1242 1672 1299 1726 δὲ
1331 1669 1503 1725 ταῦτα
1546 1671 1726 1725 πάντα
1762 1670 1904 1726 κατά

397 1758 559 1829 μέρος
598 1761 711 1824 τοῖς
738 1762 941 1832 στίχοις
970 1761 1295 1816 ἐπιϐαλόντα
1326 1762 1572 1835 θεωρεῖν.

2080 575 2160 630 At!
2194 577 2308 633 lucc
2338 577 2521 632 omnia
2551 578 2618 633 iis
2649 579 2741 649 qui
2776 579 3216 648 praedicationem
3264 582 3572 652 acceperint

2083 663 2319 734 Spiritus
2340 667 2509 722 sancti
2544 668 2749 721 donum
2782 668 3087 738 po‘llicetur.
3114 669 3408 739 Apostolos
3441 674 3571 725 item

2081 758 2413 823 consolatur,
2450 758 2724 827 pollicitus
2741 775 2958 816 omnem
2982 761 3386 830 praedicationis
3406 776 3573 817 causa

2080 860 2385 917 Susceptam
2417 850 2824 906 tribulationem
2855 853 3238 907 removendam
3271 852 3406 909 fore.
3440 852 3575 908 Pro-

2078 940 2349 1009 mittitque
2370 941 2666 996 multorum
2694 957 2760 996 ex
2792 942 2860 997 iis
2892 943 2985 1012 qui
3023 950 3149 998 ante
3182 942 3250 998 ad
3284 945 3420 999 iram
3442 960 3576 1001 con-

2079 1030 2319 1086 citabant
2362 1031 2601 1086 futuram
2650 1034 3086 1099 conversionem,
3122 1049 3334 1091 necnon
3382 1050 3573 1111 eorum

2078 1122 2171 1192 qui
2206 1122 2260 1176 in
2292 1122 2621 1193 profundum
2646 1126 2941 1195 voluptatis
2987 1127 3209 1198 pelagiis
3237 1129 3470 1184 demersi
3495 1145 3577 1186 es-

2076 1226 2218 1269 sent.
2264 1215 2632 1273 Nihilominus
2667 1228 2844 1272 autem
2894 1220 3267 1285 apostolorum
3306 1221 3572 1275 delectum

2076 1315 2315 1372 enarrat,
2360 1317 2413 1360 ct
2442 1309 2664 1377 quinam
2708 1309 2960 1377 undeque
2992 1309 3214 1364 inerint.
3269 1309 3575 1365 Annuntiat

2076 1395 2204 1451 item
2260 1394 2501 1450 futuram
2543 1398 2788 1451 omnium
2820 1398 3065 1467 gentium
3102 1398 3154 1452 in
3182 1382 3472 1454 Dominum
3507 1401 3572 1454 ii-

2077 1489 2222 1544 dem.
2260 1489 2340 1543 Ad
2372 1490 2488 1544 haec
2516 1490 2700 1544 omnia
2730 1488 2944 1543 Domini
2978 1491 3029 1544 in
3064 1492 3232 1547 cmlos
3276 1506 3566 1548 ascensum

2081 1580 2258 1650 palam
2300 1582 2508 1636 edocet.
2544 1579 2694 1647 Licet
2731 1589 2912 1636 autem
2954 1582 3067 1636 haec
3114 1584 3295 1637 omnia
3330 1584 3570 1651 cuilibet,

2076 1673 2328 1729 versibus
2356 1674 2583 1742 Singulis
2614 1674 2918 1738 insistenti,
2948 1675 3407 1752 (animadvertere.

405 1820 746 1917 Ἆναστήτω
775 1855 809 1906 d
827 1820 1011 1919 "Sede,
1045 1853 1143 1907 καὶ
1176 1820 1819 1923 διασκορπισθήτωσαν
1848 1858 1898 1909 οὶ

2071 1852 2126 1906 2.
2179 1847 2444 1921 Exsurgat
2494 1851 2655 1918 Deus,
2702 1861 2753 1906 et
2799 1853 3124 1922 dissipentur
3180 1854 3388 1908 inimici
3433 1855 3567 1924 ejus.

328 1939 521 2010 ἐχθροὶ
551 1941 758 1997 αὐτοῦ.
813 1943 924 2015 Τὴν
946 1946 1026 2008 είς
1057 1944 1118 1998 τὸ
1161 1946 1364 2017 κρίνειν
1408 1946 1534 2009 τοὺς
1562 1947 1900 2018 ἀκαθάρτους

326 2031 577 2102 δαίμονας
603 2035 895 2106 παρορμὴν
926 2034 1020 2088 τοῦ
1048 2036 1180 2089 Θεοῦ
1224 2038 1253 2090 δ
1295 2036 1450 2106 λόγος
1479 2039 1751 2109 σημαίνει.
1819 2040 1896 2111 Τῇ

326 2122 429 2193 γὰρ
456 2123 622 2177 αὑτοῦ
661 2126 929 2198 παρουσίᾳ
955 2126 1057 2197 τῆς
1103 2127 1209 2181 τῶν
1243 2127 1544 2200 ἀνθρώπων
1585 2131 1900 2202 τυραννίδος

322 2209 678 2284 ἐξηλάθησαν.

400 2302 827 2372 Ὀδοποιήσατε
854 2305 934 2372 τῷ
959 2308 1329 2377 ἐπιϐεϐηκότι
1351 2310 1448 2366 ἐπὶ
1482 2310 1748 2382 δυσμῶν.
1792 2315 1897 2368 Εὐέ-

322 2398 546 2466 πρεπῖς
582 2395 806 2465 γένεσθε
830 2442 844 2465 ,
882 2400 1078 2469 φησὶν,
1114 2402 1195 2466 είς
1246 2402 1310 2456 τὸ
1362 2406 1481 2468 ταῖς
1521 2405 1659 2470 ὁδοῖς
1688 2407 1896 2461 ἐκείνου

320 2487 676 2558 πορεύεσθαι,
709 2489 805 2543 τοῦ
838 2491 924 2543 ἐπ’
958 2492 1188 2563 ἐσχάτου
1233 2494 1342 2548 τῶν
1390 2496 1596 2567 χρόνων
1648 2500 1899 2567 ὀφθέντος

318 2579 373 2633 ὲν
397 2581 563 2651 σαρκὶ
588 2583 700 2644 τοῖς
728 2582 821 2634 ἐπὶ
850 2582 980 2653 γῆς.
1019 2584 1090 2636 Ἢ
1114 2624 1129 2649 ,
1160 2583 1239 2650 τῷ
1266 2587 1633 2654 ἐπιϐεϐηκότι
1665 2589 1762 2642 ἐπὶ
1796 2590 1899 2643 δυ·

316 2670 504 2741 σμῶν,
539 2671 618 2743 τῷ
650 2672 842 2745 μέχρις
874 2672 1000 2744 ᾅδου
1030 2676 1383 2748 πεποιημένῳ
1414 2677 1510 2750 τὴν
1533 2679 1775 2734 κάθοδον.
1804 2685 1900 2735 Ta-

310 2763 712 2832 ραχθήτωσαν
738 2764 856 2819 ἀπὸ
882 2766 1207 2834 προσώπου
1245 2768 1452 2823 αὐτοῦ.
1520 2772 1600 2824 Τά
1631 2772 1755 2842 ἔθνη
1790 2773 1898 2826 τῶν

313 2847 581 2920 δαιμόνων
626 2851 887 2923 δηλονότι.
946 2854 1054 2908 Τοῦ
1083 2856 1307 2925 πατρὸς
1336 2858 1613 2927 ὀρφανῶν
1641 2862 1737 2914 καὶ
1773 2880 1893 2930 κρι-

313 2941 416 2997 τοῦ
448 2941 571 2997 τῶν
596 2944 818 3014 χηρῶν.
865 2946 1144 3018 Ὀριρανῶν
1176 2948 1276 3019 μὲν
1306 2950 1416 3004 τῶν
1447 2952 1899 3023 ἀπροστατεύτων

312 3032 477 3103 λέγει,
500 3035 687 3108 χηρῶν
713 3035 771 3090 δὲ
794 3037 902 3091 τῶν
923 3038 1131 3111 ψυχῶν,
1155 3040 1263 3094 τῶν
1291 3041 1363 3113 μὴ
1389 3043 1626 3114 ἐχουσῶν
1648 3044 1738 3098 τὸν
1769 3062 1898 3116 νυμ-

2003 1946 2095 2001 Dei
2126 1946 2193 2000 ad
2237 1943 2565 2015 judicandos
2600 1946 2845 2013 impuros
2873 1946 3149 1999 daemones
3185 1954 3366 2001 motus
3399 1946 3571 2016 signi-

1993 2038 2215 2092 ﬁcatur.
2244 2033 2379 2088 Nam
2406 2034 2525 2103 ejus
2549 2035 2783 2089 achntu
2814 2050 2844 2089 a
2875 2034 3162 2107 tyrannide
3186 2049 3295 2106 qua
3322 2036 3571 2093 homines

2000 2127 2382 2198 Opprimebant
2416 2126 2627 2196 expulsi
2657 2134 2804 2182 sunt.

2070 2304 2123 2370 5,
2153 2302 2205 2358 6.
2262 2302 2375 2357 Iter
2401 2304 2568 2373 facite
2613 2306 2661 2358 ei
2704 2307 2795 2375 qui
2825 2307 3062 2360 ascendit
3112 2318 3268 2377 super
3305 2314 3564 2363 bccasum.

1997 2393 2193 2459 Probe,
2224 2396 2421 2464 inquit,
2455 2397 2629 2465 parati
2672 2404 2879 2459 estote,
2917 2406 2977 2451 ut
3007 2398 3062 2451 in
3100 2400 3200 2454 viis
3221 2400 3341 2467 ejus
3375 2401 3570 2453 ambu-

1999 2486 2145 2549 letis,
2176 2486 2269 2555 qui
2306 2488 2359 2539 in
2396 2487 2697 2542 novissimo
2741 2497 3046 2557 temporum
3081 2490 3149 2544 iis
3178 2486 3273 2558 qui
3315 2491 3368 2543 in
3422 2501 3568 2545 terra

1999 2576 2263 2646 degebant
2287 2577 2440 2631 visus
2483 2587 2567 2632 est
2609 2578 2660 2631 in
2697 2580 2884 2632 carne.
2939 2579 3086 2645 Aut,
3134 2581 3182 2633 ei
3214 2581 3305 2649 qui
3330 2580 3567 2634 ascendit

1998 2684 2152 2737 super
2192 2685 2471 2732 occasum,
2523 2669 2615 2738 qui
2646 2685 2818 2738 usque
2861 2671 2926 2723 ad
2960 2670 3235 2724 infernum
3276 2672 3569 2726 descende-

1999 2765 2103 2810 rat.
2140 2755 2438 2810 Turbentur
2461 2773 2493 2809 a
2520 2758 2654 2825 facie
2681 2757 2815 2827 ejus.
2871 2758 3187 2813 Daemouum
3218 2763 3425 2815 scilicet
3449 2771 3568 2816 tur-

2000 2846 2099 2903 [κέ.
2138 2847 2318 2901 P'atris
2342 2850 2696 2918 orpltanorum
2727 2860 2776 2902 et
2798 2851 2999 2918 judicis
3022 2852 3323 2905 viduarum;
3354 2854 3568 2922 Orpha-

1999 2953 2193 2993 norum
2215 2978 2231 3005 ,
2261 2939 2314 2993 id
2338 2951 2450 3006 est,
2475 2955 2662 2994 eorum
2693 2942 2893 3010 quibus
2926 2943 3133 2995 nullum
3165 2945 3564 3012 patrocinium;

1998 3030 2282 3084 viduarum
2311 3041 2490 3085 autem
2514 3073 2529 3094 ,
2565 3033 2615 3085 id
2652 3040 2737 3086 est
2790 3032 3130 3096 animarum,
3179 3034 3378 3103 quibus
3428 3036 3564 3088 vVer-

313 3126 430 3195 φίον
464 3128 657 3196 Λόγον.
715 3130 1035 3205 Προστάτης
1076 3134 1185 3206 γάρ
1226 3132 1343 3188 ἐστι
1391 3135 1498 3189 τῶν
1527 3136 1768 3190 ἀσθενῶν
1801 3140 1892 3191 καὶ

2016 3136 2127 3175 ium
2164 3132 2401 3191 sponsus
2435 3138 2541 3175 non
2568 3130 2684 3178 est.
2717 3121 2988 3178 Patronus
3017 3125 3161 3179 enim
3206 3134 3290 3179 est
3317 3124 3565 3180 inﬁrmo-

310 3215 407 3285 τὴν
438 3216 786 3290 ἀνθρωπίνην
817 3221 916 3274 οὐκ
947 3222 1177 3294 ἐχόντων
1220 3223 1469 3296 βοήθειαν
1489 3265 1504 3289 ,
1553 3221 1665 3279 οἷον
1712 3229 1891 3298 ἡμεῖς.

316 3303 412 3369 Τίς
436 3304 496 3359 δὲ
527 3299 686 3371 οὗτος
716 3309 812 3362 καὶ
837 3304 946 3373 οἷος
969 3327 984 3376 ;

391 3396 457 3450 '0
481 3398 625 3465 Θεὸς
652 3400 722 3453 ἐν
748 3402 907 3467 τόπῳ
932 3402 1077 3473 ἁγίῳ
1107 3403 1318 3459 αὐτοῦ.
1362 3405 1580 3478 Ἐπειδὴ
1614 3405 1765 3461 εἶπεν
1798 3408 1895 3461 αύ-

310 3486 402 3541 τδν
432 3488 802 3559 ἐπιϐεϐηκότα
843 3494 963 3556 ταῖς
995 3492 1259 3565 δυσμαῖς,
1302 3498 1549 3551 τουτέστι
1585 3498 1746 3571 μέχρι
1787 3500 1896 3555 τῶν

312 3576 439 3649 ᾅδου
476 3580 664 3651 μυχῶν
687 3622 703 3649 ,
741 3578 981 3637 διδάσκει
1015 3585 1211 3653 πάλιν,
1241 3586 1318 3653 ὡς
1360 3587 1596 3642 ἀνελθὼν
1621 3591 1701 3654 είς
1733 3591 1897 3662 ούρα-

308 3668 434 3731 νοὺς
462 3671 521 3723 ὲν
549 3672 664 3734 τοῖς
694 3670 844 3736 ἰδίοις
879 3674 1065 3742 γέγονε
1095 3675 1280 3740 τόποις
1298 3693 1314 3710 σ
1347 3679 1394 3732 εί
1441 3679 1535 3733 καὶ
1564 3678 1633 3733 τά
1664 3680 1896 3752 μάλιστα

308 3756 565 3812 οὐδέποτε
610 3761 930 3835 ἀφειστήκει
961 3767 1138 3821 αὐτῶν
1167 3771 1234 3840 τῇ
1264 3769 1363 3840 τῆς
1410 3769 1663 3841 θεότητος
1712 3770 1887 3840 φύσει.

319 3846 384 3899 '0
416 3848 563 3915 Θεὸς
608 3852 919 3913 κατοικίζει
944 3858 1357 3926 μονοτρόπους
1387 3858 1457 3911 ἐν
1486 3859 1646 3924 οἴκῳ.
1716 3862 1893 3914 Μονο-

305 3942 543 4013 τρόπους
567 3944 701 4015 φησι
718 3946 843 4010 τοὺς
863 3948 1012 4019 αὐτῷ
1032 3951 1125 4003 καὶ
1151 3949 1296 4021 μόνῳ
1317 3951 1611 4015 ἀναθέντας
1633 3951 1730 4024 τὴν
1758 3952 1892 4006 ἰδίαν

308 4034 476 4109 ζωὴν,
506 4039 604 4091 καὶ
633 4039 812 4110 πάσης
843 4041 1158 4113 διχοψυχίας
1182 4045 1275 4097 καὶ
1308 4046 1579 4116 κοσμικῆς
1601 4045 1891 4117 ἐπιθυμίας

307 4127 476 4199 αὐτὴν
494 4129 983 4201 ἀλλοτριώσαντας.
1007 4134 1237 4199 Τούτους
1257 4135 1320 4207 δὴ
1345 4131 1438 4190 οὗν
1466 4138 1560 4190 καὶ
1581 4140 1638 4191 ὲν
1663 4136 1739 4208 τῷ
1760 4138 1892 4210 οἴκῳ

308 4219 472 4273 αὐτοῦ
507 4221 575 4292 τῇ
608 4223 914 4294 ἐπουρανίῳ
943 4225 1095 4278 πόλει
1121 4226 1449 4291 κατοικίζειν
1473 4228 1888 4296 ἐπαγγέλλεται.

321 4312 587 4382 Ἑξὰγων
628 4315 1075 4385 πεπεδημένους
1118 4318 1188 4371 ἐν
1229 4319 1490 4388 ἀνδρείᾳ.
1559 4322 1781 4391 Ὅμοιον
1812 4320 1891 4390 τῷ

307 4406 585 4475 είρημένῳ
607 4424 621 4436 ·
664 4406 790 4471 Τοῖς
817 4407 887 4459 ἐν
909 4407 1149 4477 δεσμοῖς
1170 4449 1185 4474 ,
1214 4409 1485 4474 ὲξέλθετε
1504 4429 1517 4442 ·
1546 4410 1643 4464 καὶ
1669 4411 1793 4477 τοῖς
1822 4412 1893 4465 ἐν

2000 3228 2117 3266 rum
2139 3251 2155 3273 .
2195 3214 2287 3282 qui
2322 3214 2612 3267 humanum
2642 3215 2905 3269 auxilium
2946 3230 3054 3269 non
3086 3217 3323 3283 habent,
3376 3218 3565 3287 quales

2000 3322 2097 3361 nos
2130 3322 2342 3359 sumus.
2377 3306 2511 3372 Quis
2540 3317 2719 3361 autem
2745 3316 2799 3361 et
2827 3308 3003 3376 qualis
3032 3317 3115 3364 est
3155 3309 3283 3364 hic?

2069 3396 2118 3449 7.
2160 3394 2297 3462 Deus
2324 3397 2379 3450 in
2406 3398 2518 3450 loco
2542 3407 2723 3450 sancto
2750 3414 2866 3452 suo.
2891 3397 3187 3468 Postquam
3208 3400 3347 3454 dixit
3385 3399 3561 3471 ipsum

1995 3488 2286 3542 ascendere
2335 3498 2500 3557 super
2535 3504 2788 3543 occasum
2818 3528 2832 3550 ,
2884 3489 2937 3543 id
2982 3488 3066 3544 est
3098 3505 3273 3561 usque
3303 3492 3368 3546 ad
3402 3502 3563 3547 antra

1996 3575 2193 3630 inferni
2222 3593 2237 3630 :
2270 3578 2425 3631 docet
2456 3579 2671 3642 iterum,
2723 3594 2848 3633 eum
2888 3594 3012 3633 cum
3054 3582 3108 3633 in
3157 3582 3324 3636 caelos
3367 3598 3563 3636 ascen-

1994 3666 2165 3721 disset
2204 3666 2258 3719 in
2299 3669 2539 3737 prapriis
2580 3669 2716 3723 locis
2769 3668 2978 3733 fuisse,
3035 3670 3251 3725 etiamsi
3282 3683 3571 3742 nunquam'

1994 3758 2063 3812 ab
2094 3758 2201 3812 illis
2230 3768 2472 3813 remotus
2505 3759 2606 3813 fuit
2630 3768 2825 3814 natura
2865 3760 3189 3815 divinitatis.
3232 3761 3370 3816 Deus
3407 3764 3563 3817 inha-

1996 3848 2162 3900 bitare
2190 3846 2321 3915 facit
2343 3849 2499 3900 unius
2525 3849 2687 3901 moris
2716 3849 2771 3901 in
2792 3849 2968 3902 domo.
3013 3847 3178 3903 Unius
3208 3851 3369 3904 moris
3405 3863 3562 3907 vocat

1993 3953 2086 3994 ws
2111 3942 2203 4010 qui
2238 3940 2340 4009 ipsi
2373 3941 2473 3995 soli
2501 3940 2665 3994 vitam
2697 3956 2853 3995 suam
2898 3942 3252 4008 obtulerunt,
3286 3953 3339 3997 et
3364 3959 3561 4013 quam-

1992 4030 2124 4087 libet
2165 4032 2363 4087 mentis
2403 4032 2773 4101 duplicitatem
2815 4040 2872 4086 et
2924 4033 3254 4087 mundanam
3296 4037 3561 4106 conrupi-

1992 4125 2253 4181 s‘centiam
2301 4124 2635 4192 abiecerunt.
2684 4118 3081 4193 Polliceturque
3127 4123 3372 4179 futurum
3417 4135 3476 4180 ut
3519 4126 3559 4181 ii

1990 4216 2046 4270 in
2075 4218 2237 4270 domo
2275 4215 2482 4284 ipsius,
2534 4213 2587 4267 id
2632 4220 2717 4268 est
2750 4213 2803 4267 in
2830 4213 3039 4268 cmlesti
3073 4215 3308 4268 civitate
3338 4214 3558 4269 inhabi-

1990 4315 2122 4362 teut.
2169 4304 2272 4371 Qui
2311 4306 2489 4360 educit
2529 4306 2727 4358 vinctos
2755 4307 2812 4358 in
2865 4305 3207 4374 fortitudine;
3264 4305 3451 4360 Simile
3473 4314 3561 4361 est

1990 4399 2119 4453 huic
2142 4398 2288 4452 dicto
2316 4416 2328 4453 :
2356 4396 2434 4451 Iis
2466 4397 2554 4468 qui
2579 4398 2739 4451 uincti
2777 4406 2932 4462 sunt,
2978 4398 3117 4450 exite
3140 4413 3159 4451 :
3189 4406 3238 4451 et
3269 4397 3350 4451 his
3385 4398 3475 4467 qui
3499 4401 3557 4453 in

304 4492 389 4557 τῷ
418 4496 645 4559 σκότει,
676 4496 1158 4565 ἀνακαλύψθητε.
1216 4499 1457 4568 Δεσμοὺς
1483 4498 1541 4551 δὲ
1574 4499 1667 4552 καὶ
1702 4499 1889 4563 σκότος

2016 4489 2212 4541 enebris
2237 4527 2252 4552 ,
2296 4485 2597 4541 revetamini
2634 4486 2702 4541 ιθ.
2743 4483 2972 4540 Vincula
3007 4496 3189 4541 autem
3219 4495 3273 4541 et
3305 4488 3559 4542 tenebras

301 4583 404 4654 τὴν
435 4583 547 4637 τῶν
579 4585 849 4656 δαιμόνων
896 4586 1151 4660 λατρείαν
1204 4590 1390 4659 φησίν.
1471 4590 1704 4659 Ὁμοίως
1753 4590 1895 4656 τοὺς

303 4678 892 4745 παραετικραίνοντας
920 4678 1062 4745 τοὺς
1102 4680 1529 4747 κατοικοῦντας
1557 4681 1628 4734 ἐν
1662 4680 1891 4750 τάφοις.

303 4763 477 4819 Τοῦτό
509 4782 676 4837 φησιν
696 4806 712 4830 ,
764 4768 846 4820 ὅτι
865 4808 879 4833 ,
933 4769 1028 4822 καὶ
1056 4769 1117 4825 ἐν
1149 4769 1274 4840 ᾅδου
1313 4770 1627 4842 πορευθεὶς,
1661 4772 1755 4824 καὶ
1783 4774 1894 4835 τοῖς

303 4858 424 4910 ἐκεῖ
456 4858 765 4929 πνεύμασιν
794 4860 1081 4933 ἐκήρυξεν,
1110 4861 1439 4934 ἀπειθήσασι
1469 4880 1617 4916 ποτε.
1656 4863 1728 4915 Τὸ
1761 4862 1889 4934 γὰρ,

304 4952 898 5019 παραπικραίνοντας
922 4991 937 5016 ,
983 4953 1105 5007 ἀντὶ
1155 4953 1247 5008 τοῦ
1273 4992 1288 5019 ,
1344 4954 1885 5024 παραπικρόωαντας,

305 5043 572 5098 τέθεικενέ

391 5138 456 5189 '0
484 5138 664 5205 θεὸς,
717 5139 787 5191 ἐν
817 5136 895 5203 τῷ
923 5138 1349 5206 ἐκπορεύεσθαι
1385 5151 1459 5191 σε
1485 5136 1736 5193 ἐνώπιον
1782 5137 1889 5194 τοῦ

307 5229 461 5283 λαοῦ
495 5246 637 5291 σου,
661 5230 733 5283 ἐν
754 5229 835 5295 τῷ
859 5229 1183 5283 διαϐαίνειν
1206 5244 1279 5282 σε
1306 5229 1375 5282 ὲν
1400 5228 1475 5298 τῇ
1506 5229 1721 5299 ἐρήμῳ.
1772 5230 1890 5282 Δείέ

309 5337 497 5373 κνυσιν
518 5364 533 5387 ,
585 5322 663 5384 ὠς
687 5323 782 5374 καὶ
808 5324 835 5374 ὁ
871 5320 1067 5391 μέχρις
1093 5320 1217 5392 ᾅδου
1246 5319 1487 5384 καταϐὰς
1506 5360 1520 5383 ,
1552 5320 1713 5384 αὐτός
1742 5321 1887 5373 ὲστιν

310 5412 338 5463 ὁ
369 5411 463 5464 καὶ
487 5411 658 5464 πάλαι
685 5410 775 5463 διὰ
803 5411 1043 5472 Μωσέως
1072 5408 1356 5478 ἐξαγαγὼν
1405 5408 1462 5474 ἐξ
1491 5408 1764 5477 Αἰγύπτου
1796 5408 1887 5461 τὸν

322 5502 555 5574 Ἰσραήλ.
592 5501 760 5569 Λέγει
790 5496 902 5564 οὖν,
931 5500 1034 5562 ὃτι,
1064 5502 1121 5554 ὲν
1150 5499 1228 5571 τῷ
1254 5498 1683 5578 προπορεύεσθαί
1712 5517 1770 5552 σε
1794 5498 1888 5553 τοῦ

313 5594 692 5666 ἐξεληλυθότος
710 5607 805 5646 σου
826 5592 882 5658 ἐξ
902 5592 1176 5661 Αἰγύπτου
1203 5592 1355 5662 λαοῦ,
1373 5591 1446 5662 γῆ
1471 5591 1710 5664 ἐσείσθη,
1739 5602 1892 5645 τουτέ

385 5785 435 5819 ⁸³
459 5784 569 5841 lsa.
598 5798 752 5852 xm,
786 5781 841 5836 9.

1994 4580 2297 4636 daemonum
2332 4579 2536 4634 cultum
2565 4587 2745 4634 vocat.
2798 4577 3059 4634 Similiter
3099 4594 3185 4632 eos
3210 4580 3301 4647 qui
3340 4593 3560 4649 exaspe-

1995 4681 2150 4739 rant,
2202 4672 2291 4742 qui
2323 4672 2565 4724 habitant
2601 4672 2657 4724 in
2683 4671 2958 4740 sepulcris.
2989 4668 3104 4724 Hoc
3130 4670 3207 4723 ait
3231 4664 3360 4740 quia
3388 4670 3443 4723 in
3468 4670 3558 4724 in-

1992 4760 2205 4815 fernum
2235 4759 2529 4830 profectus,
2563 4760 2849 4829 spiritibus
2881 4759 3005 4814 istic
3042 4760 3390 4814 versantibus
3420 4773 3561 4829 prae-

1992 4856 2191 4911 dicavit
2216 4853 2309 4924 qui
2341 4854 2605 4907 increduli
2646 4852 2776 4905 olim
2804 4850 3038 4905 fuerant.
3081 4851 3213 4905 Illud
3249 4851 3428 4917 enim,
3466 4850 3557 4920 qui

1992 4959 2328 5017 exasperant,
2364 4946 2599 5017 positum
2630 4954 2713 5000 est
2733 4958 2862 5015 pro,
2895 4943 2989 5013 qui
3018 4950 3499 5013 exasperaverunt.

2064 5125 2119 5189 8,
2150 5122 2204 5180 9.
2241 5122 2410 5188 Deus,
2458 5132 2577 5175 cum
2618 5118 2934 5190 egredereris
2977 5118 3035 5172 in
3074 5125 3347 5187 conspectu
3375 5114 3556 5183 populi

1995 5218 2093 5284 tui,
2127 5232 2245 5269 cum
2266 5215 2613 5284 pertrausires
2643 5214 2697 5266 in
2729 5212 2954 5268 deserto.
2987 5210 3233 5265 Declarat
3257 5248 3271 5273 ,
3312 5223 3434 5262 eum
3460 5208 3556 5278 qui

1994 5309 2061 5364 ad
2099 5307 2367 5362 infernum
2395 5320 2567 5376 usque
2610 5304 2887 5359 descendit
2910 5345 2924 5366 ,
2957 5304 3203 5357 eumdem
3237 5300 3409 5369 ipsqu
3435 5314 3557 5356 esse

1989 5401 2081 5472 qui
2123 5400 2251 5454 olim
2296 5412 2392 5467 per
2432 5397 2633 5451 Mosem
2686 5395 2874 5449 eduxit
2920 5393 3169 5447 lsraelem
3207 5406 3274 5444 ex
3298 5388 3554 5461 Egypto.

1989 5493 2078 5547 Ait
2107 5492 2271 5564 igitur
2300 5509 2313 5545 :
2344 5489 2479 5545 Cum
2509 5487 2770 5559 populum
2811 5495 2962 5539 tuum
3003 5498 3065 5538 ex
3092 5481 3326 5554 Egypto
3367 5497 3553 5553 egres-

1993 5600 2113 5641 sum
2148 5582 2497 5649 praecederes,
2530 5589 2675 5636 terra
2718 5585 2863 5633 mota
2895 5584 2996 5640 est,
3021 5574 3075 5630 id
3100 5584 3201 5645 est,
3222 5591 3316 5646 per
3335 5589 3553 5631 omnem
