3976 6220
377 358 489 416 998

1197 353 1254 407 S.
1293 346 1661 405 ATHANASII
1698 343 1850 400 OPP.
1882 339 2060 398 PARS
2094 339 2181 396 III.
2221 368 2291 380 —
2325 336 2739 393 EXEGETICA:

3500 335 3612 392 296

384 485 581 529 terram
602 471 836 541 pervasit
863 468 1007 524 fama
1033 469 1211 524 exitus
1230 482 1443 522 eorum.
1487 464 1652 518 Terra
1673 471 1816 515 mota
1836 470 1934 527 est,

2041 459 2184 511 ἐστιν
2232 457 2313 520 εἰς
2362 458 2542 509 πᾶσαν
2572 455 2671 527 τὴν
2695 457 2799 526 γῆν
2822 454 3145 519 ἐξάκουστος
3170 454 3203 523 ἡ
3240 453 3417 520 ἔξοδος
3442 453 3610 507 αὑτοῦ

383 566 573 620 etenim
602 563 717 617 cali
738 563 1151 617 distillaverunt.
1197 559 1603 614 Distillaverunt
1634 554 1755 609 caeli
1781 554 1938 621 spiri-

387 656 584 712 tualem
613 669 792 709 escam
817 653 1101 716 videlicet,
1145 651 1199 705 id
1227 659 1312 705 est
1341 664 1559 704 manna.
1603 645 1644 699 Α
1684 645 1818 714 facie
1841 643 1939 697 Dei

385 745 561 803 Sinai.
591 745 645 800 ld
677 754 761 800 est
782 785 798 810 ,
848 743 943 798 Dei
979 745 1072 813 qui
1106 746 1163 799 in
1199 752 1382 798 monte
1412 741 1543 795 Sina
1572 740 1740 809 legem
1771 737 1934 791 dedit.

385 837 430 892 Α
459 838 593 909 facie
623 836 722 890 Dei
751 833 945 889 Israel.
970 833 1135 891 Israel
1161 843 1245 890 est
1278 848 1434 888 mens
1460 831 1628 886 Deum
1652 830 1863 883 videns.

454 1090 541 1145 i0.
579 1089 825 1145 Pluviam
868 1088 1221 1143 voluntariam
1249 1087 1572 1158 segregabis,
1614 1085 1752 1139 Deus
1776 1126 1791 1151 ,
1830 1085 1940 1138 Ιιιτ-

383 1183 600 1237 reditati
625 1192 750 1236 tute.
816 1178 1057 1234 Pluviam
1091 1180 1244 1238 dicit.
1289 1178 1656 1248 evangelicum
1690 1177 1936 1238 Verbum,

377 1275 528 1344 juxta
561 1276 724 1328 illud:
761 1272 1049 1328 Descendet
1074 1273 1210 1325 sicut
1237 1272 1417 1341 pluvia
1448 1271 1502 1323 in
1533 1268 1693 1322 vellus
1723 1268 1789 1320 ⁸³.
1838 1264 1940 1319 Vo-

382 1365 674 1419 luntariam
700 1377 878 1419 autem
903 1404 918 1427 ,
956 1364 1023 1417 ad
1056 1362 1349 1417 discrimen
1392 1359 1581 1430 legalis
1610 1360 1810 1413 cultus.
1846 1356 1940 1411 Ille

381 1456 524 1510 enim
559 1472 665 1508 non
694 1456 1033 1510 voluntarius
1058 1462 1175 1508 erat
1198 1454 1351 1522 juxta
1392 1451 1495 1505 lioc
1530 1450 1732 1504 dictum
1761 1466 1774 1503 ε
1808 1447 1936 1513 Quis

379 1548 517 1601 enim
546 1548 813 1618 requisivit
850 1548 967 1615 ipsa
1002 1546 1066 1600 de
1096 1547 1335 1599 manibus
1370 1544 1556 1598 vestris
1574 1531 1657 1594 ιιι
1686 1550 1739 1597 et
1763 1541 1894 1594 illud
1921 1558 1934 1593 :

381 1635 711 1691 Holocausta
763 1649 935 1691 vestra
983 1652 1086 1689 non
1128 1644 1250 1688 sunt
1300 1645 1538 1703 accepta,
1582 1640 1633 1685 et
1670 1631 1937 1698 sacriﬁcia

380 1738 551 1783 vestra
583 1746 682 1782 non
699 1729 1013 1799 placuerunt
1037 1727 1159 1781 milii
1180 1727 1246 1782 ’³.
1276 1757 1347 1766 -
1367 1725 1434 1779 Ει
1461 1725 1731 1794 inﬁrmata
1759 1732 1857 1786 est,
1879 1731 1934 1776 tu

379 1837 496 1875 vero
547 1822 812 1891 perfecisti
864 1838 1002 1876 eam.
1066 1820 1375 1884 lntirinata,
1429 1816 1626 1886 inquit,
1675 1824 1759 1870 est
1807 1815 1935 1869 olim
1967 1804 2010 1858 Β

379 1928 504 1968 cum
548 1914 689 1966 idola
733 1914 948 1968 coleret.
971 1911 1253 1967 Perleeisti
1294 1925 1458 1981 porro
1479 1924 1622 1976 eam,
1649 1924 1745 1978 per
1771 1923 1940 1963 evan-

380 2002 609 2070 gelicum
642 2003 864 2056 verbum
906 2002 1148 2056 vocando
1170 2002 1367 2069 ipsam.

452 2094 539 2147 il.
573 2093 842 2146 Animalia
873 2103 965 2146 tua
989 2093 1298 2146 habitabant
1332 2093 1387 2144 in
1413 2107 1495 2144 ea.
1545 2089 1813 2143 Animalia
1852 2089 1942 2143 hic

378 2193 538 2237 vocat
569 2200 662 2239 eos
688 2186 778 2252 qui
808 2184 1072 2238 viviticam
1105 2198 1284 2237 escam
1333 2182 1708 2251 degustarunt.
1751 2178 1819 2232 In
1854 2195 1938 2243 ea,

382 2274 437 2328 in
469 2290 597 2343 qua,
632 2276 737 2330 nisi
771 2276 823 2328 in
855 2275 1168 2329 haereditate
1202 2272 1408 2341 ipsius?
1439 2272 1660 2325 Parasti
1690 2272 1743 2323 in
1764 2269 1942 2322 dulce-

378 2364 499 2419 dine
529 2376 617 2418 tua
645 2368 886 2435 pauperi,
927 2366 1084 2419 Deus.
1120 2366 1322 2434 Ecquid
1365 2362 1610 2433 paravit,
1662 2360 1763 2415 nisi
1803 2358 1940 2429 quod

380 2454 560 2508 oculus
589 2472 690 2508 non
720 2455 869 2519 vidit,
901 2473 991 2509 nec
1025 2461 1170 2509 auris
1199 2453 1499 2509 audivit“?
1550 2452 1682 2519 Quis
1715 2467 1937 2521 pauper,

379 2545 484 2600 nisi
513 2546 579 2600 de
618 2563 726 2616 quo
754 2549 898 2609 dixit
923 2566 937 2602 :
967 2547 1121 2601 Beati
1156 2562 1406 2617 pauperes
1433 2545 1625 2616 spiritu
1645 2584 1660 2612 ,
1691 2546 1937 2614 quoniam

378 2640 610 2709 ipsorum
638 2649 715 2693 est
741 2657 952 2711 regnum
978 2639 1222 2693 calorum
1246 2641 1288 2670 ’⁸
1312 2639 1335 2692 ?

452 2822 538 2876 i2.
584 2823 839 2877 Dominus
867 2824 1014 2877 dabit
1063 2824 1269 2877 verbum
1296 2819 1772 2890 euangelizantibus
1836 2819 1938 2870 vir-

382 2922 490 2966 tute
518 2916 706 2967 multa.
736 2912 875 2983 Ipse,
907 2915 1102 2981 inquit,
1134 2911 1335 2966 sanctis
1368 2911 1628 2979 apostolis
1652 2909 1764 2963 suis
1792 2908 1938 2961 dabit

380 3006 614 3069 verbum,
655 3014 713 3059 ut
742 3006 946 3074 possim
975 3002 1326 3070 Evangelium
1376 3002 1689 3071 praedicare.
1751 2998 1939 3053 Simile

379 3106 561 3151 autem
595 3108 678 3151 est
711 3097 841 3150 illud
873 3113 886 3149 :
923 3095 1101 3149 Nolite
1144 3095 1375 3164 cogitare
1404 3094 1661 3163 quomodo
1695 3101 1787 3145 aut
1812 3091 1936 3161 quid

379 3188 670 3257 loquamini
696 3203 715 3241 :
743 3188 960 3244 dabitur
987 3189 1124 3243 enim
1150 3190 1290 3241 vobis
1320 3189 1377 3240 in
1409 3186 1508 3240 illa
1535 3187 1666 3238 hora
1699 3183 1823 3255 quid
1854 3184 1938 3237 lo-

380 3280 634 3346 quamini.
668 3277 791 3331 Non
815 3280 951 3331 enim
977 3293 1063 3331 vos
1096 3277 1221 3331 estis
1249 3278 1338 3346 qui
1370 3275 1666 3345 loquimini,
1700 3275 1789 3328 sed
1822 3272 1942 3344 Spi-

382 3369 518 3422 ritus
547 3369 726 3423 Patris
754 3370 855 3423 mei
885 3371 974 3438 qui
1004 3369 1236 3441 loquitur
1272 3369 1328 3423 in
1352 3369 1492 3422 vobis
1510 3368 1576 3422 “.
1629 3368 1762 3422 Illud
1784 3408 1797 3433 ,
1835 3369 1941 3421 vir-

382 3468 491 3513 tute
518 3459 683 3512 multa
704 3503 719 3525 ,
773 3459 1004 3515 refertur
1030 3460 1097 3515 ad
1139 3462 1251 3516 base
1281 3461 1443 3515 verba
1463 3501 1479 3528 ,
1512 3460 1766 3513 Dominus
1794 3460 1942 3512 dabit

379 3549 590 3603 verbum
612 3591 626 3615 ,
673 3566 779 3605 non
805 3560 984 3606 autem
1012 3552 1079 3606 ad
1113 3552 1245 3606 illud
1266 3592 1280 3617 ,
1332 3551 1806 3621 evangelisantibus
1830 3592 1846 3618 ,
1883 3559 1943 3605 ut

381 3642 598 3712 quidam
629 3643 984 3698 aestimarunt.
1040 3644 1320 3714 Signiﬁcat
1347 3645 1488 3699 enim
1508 3684 1524 3711 ,
1568 3643 1714 3714 quod
1747 3659 1941 3714 magna

379 3734 580 3787 virtute
609 3731 751 3786 Deus
774 3734 996 3787 verbum
1041 3733 1268 3788 daturus
1314 3733 1385 3787 sit
1427 3733 1940 3802 evangelizantibus,

382 3822 435 3878 id
467 3831 580 3887 est,
632 3823 701 3878 iis
748 3824 842 3894 qui
880 3823 1149 3880 voluerint
1180 3825 1324 3879 bona
1366 3833 1551 3879 nostra
1598 3824 1939 3887 annuntiare,

381 3914 499 3983 ipse
530 3929 836 3969 sermonem
862 3915 1096 3985 praebet,
1136 3916 1231 3985 qui
1264 3915 1666 3986 evangelizandi
1697 3917 1941 3970 occasio-

381 4022 505 4062 nem
534 4007 701 4063 dedit.

452 4096 539 4153 15.
581 4096 692 4151 Rea:
715 4098 968 4152 virtutum
1012 4095 1212 4152 dilecti.
1278 4095 1394 4166 Ipse
1439 4096 1645 4152 scilicet
1679 4095 1943 4151 Dominus

384 4187 477 4257 qui
505 4188 652 4243 dedit
674 4189 896 4244 verbum
927 4189 1266 4243 initiantibus
1294 4206 1306 4242 :
1340 4189 1455 4258 ipse
1484 4202 1717 4257 namque
1737 4196 1821 4242 est
1847 4202 1941 4241 rex

384 4279 566 4333 dilecti
616 4280 839 4348 populi:
883 4279 997 4348 ipse
1034 4280 1164 4333 item
1195 4289 1279 4335 est
1325 4280 1497 4333 virtus
1539 4277 1676 4348 ejus.
1742 4275 1943 4345 Speciei

382 4368 571 4424 domus
604 4369 833 4423 dividere
862 4369 1051 4438 spolia.
1077 4371 1282 4425 Domus
1314 4378 1444 4424 sunt
1466 4385 1561 4439 qui
1584 4370 1638 4422 in
1660 4367 1939 4422 Christum

2038 548 2344 615 γεγένηται.
2438 544 2527 612 Γῆ
2587 544 2833 612 ἐσείσθη
2852 560 2865 573 ·
2929 543 3028 596 καὶ
3084 543 3195 613 γὰρ
3254 545 3309 596 ol
3365 542 3613 610 οὐρανοὶ

2037 634 2319 698 ἕσταξαν.
2356 633 2622 698 Ἔσταξαν
2646 635 2693 686 oi
2723 632 2939 703 οὐρανοὶ
2959 630 3057 702 τὴν
3089 629 3459 700 πνευματικὴν
3485 646 3613 699 τρο-

2037 725 2143 796 φὴν
2173 725 2413 796 δηλονότι
2437 741 2452 756 ’
2482 724 2630 793 λέγει
2664 724 2720 776 δὲ
2755 724 2847 776 καὶ
2902 723 2963 775 τὸ
3001 722 3197 792 μάννα.
3247 721 3377 774 Ἀπὸ
3422 735 3613 787 προσ-

2036 816 2199 870 ώπου
2223 817 2329 869 τοῦ
2370 815 2514 868 Θεοῦ
2555 813 2660 867 τοῦ
2686 811 2849 867 Σινά.
2898 813 3041 865 ’Λντὶ
3087 811 3180 863 τοῦ
3203 854 3218 876 ,
3252 813 3308 864 ὲν
3337 811 3451 882 δρει
3479 811 3613 864 Σινὰ

2036 907 2126 961 τὸν
2172 906 2334 976 νόμον
2398 906 2699 977 ὁρίσαντος.
2739 904 2883 958 Ἀπὸ
2935 904 3258 971 προσώπου
3307 902 3414 956 τοῦ
3458 902 3608 956 Θεοῦ

2051 997 2301 1067 Ἰσραήλ.
2357 998 2570 1069 Ἰσραὴλ
2595 996 2719 1059 νοῦς
2750 997 2889 1067 ὁρῶν
2922 996 3074 1050 Θεόν.

2104 1088 2340 1158 Βροχὴν
2362 1086 2650 1143 ἑκουσίαν
2681 1087 2961 1159 ἀφοριεῖς,
3002 1091 3035 1141 ὁ
3066 1088 3208 1154 Θεὸς
3229 1127 3245 1151 ,
3276 1085 3351 1154 τῆ
3390 1091 3609 1153 κλτιρο-

2036 1181 2212 1250 νομίςι
2238 1195 2373 1234 σου.
2401 1181 2611 1251 Βροχὴν
2643 1179 2741 1251 μὲν
2770 1181 2858 1233 τὸν
2878 1165 3234 1248 ,εύαγγελικδν
3268 1179 3424 1248 λόγον
3449 1179 3607 1249 φησὶ.

2038 1272 2179 1325 κατὰ
2203 1271 2264 1324 τό
2282 1287 2295 1300 ·
2317 1271 2725 1340 Καταϐήσεται
2755 1273 2834 1338 ὡς
2858 1273 3031 1337 ὑετὸς
3049 1272 3146 1325 ἐπὶ
3169 1272 3375 1323 πόκον.
3411 1271 3610 1324 Ἑκού-

2036 1378 2174 1417 σιον
2210 1365 2267 1416 δὲ
2298 1365 2433 1435 πρὸς
2482 1364 2884 1434 ἀντιδιαστολὴν
2929 1365 3028 1434 τῆς
3059 1363 3289 1433 νομικῆς
3332 1363 3604 1432 λατρείας.

2048 1455 2259 1508 Ἐκεῖνα
2292 1458 2399 1526 γὰρ
2431 1455 2529 1507 οὐκ
2556 1450 2622 1526 ἦν
2674 1455 2821 1526 αὐτῷ
2851 1454 3072 1508 ἑκούσια
3104 1454 3247 1508 κατὰ
3293 1454 3353 1507 τὸ
3385 1456 3610 1526 εἰρημέ-

2036 1564 2158 1601 νον·
2217 1548 2312 1612 Τίς
2359 1546 2468 1616 γὰρ
2516 1545 2873 1616 ἐξεζήτησεν
2913 1546 3064 1600 αὐτὰ
3113 1548 3183 1600 ὲκ
3228 1546 3346 1599 τῶν
3394 1545 3609 1614 χειρῶν

2036 1636 2240 1705 ὑμῶνε
2278 1636 2372 1690 καὶ
2397 1637 2458 1689 τό
2481 1655 2494 1667 ·
2553 1640 2629 1691 Τὰ
2680 1636 3296 1706 ὀλοκαυτώματά”σου
3349 1640 3457 1689 οὐκ
3489 1637 3605 1688 εισι

2035 1726 2231 1789 δεκτὰ,
2250 1726 2347 1779 καὶ
2377 1729 2436 1780 αἱ
2466 1728 2670 1781 θυσίαι
2700 1727 2867 1796 ὑμῶν
2897 1731 3009 1797 οὐχ
3040 1727 3273 1805 ἧδυνάν
3292 1728 3603 1797 you—Kal

2035 1817 2359 1885 ἠσθένησε,
2386 1817 2467 1871 σὺ
2497 1818 2565 1871 δὲ
2588 1818 2915 1887 κατηρτίσω
2940 1818 3149 1888 αὑτήν.
3190 1820 3479 1889 Ἠσθένησε
3507 1819 3608 1888 μὲν

2040 1910 2241 1974 πάλαι,
2285 1911 2373 1962 ὅτε
2422 1909 2825 1981 είδωλολάτρει·
2866 1911 3178 1981 κατηρτίσω
3204 1911 3259 1962 δὲ
3290 1892 3486 1983 abripi,
3518 1909 3611 1963 διὰ

2037 1997 2130 2050 τοῦ
2160 1997 2509 2065 εὑαγγελικοῦ
2544 1998 2778 2061 καλέσας
2809 1999 3183 2070 κηρύγματος.

2035 2094 2063 2159 ᾖ,
2114 2087 2189 2143 Τὰ
2216 2087 2325 2148 ζῶά
2351 2105 2466 2142 σου
2497 2090 2877 2143 κατοικοῦσιν
2903 2092 2973 2143 ἑν
3002 2089 3175 2159 αὐτῇ.
3217 2092 3341 2144 Ζῶα
3373 2092 3608 2146 ἐνταῦθά

2039 2195 2170 2248 φησι
2201 2179 2325 2242 τοὺς
2355 2178 2456 2247 τῆς
2500 2178 2759 2242 ζωοποιοῢ
2791 2181 2994 2252 τροφῆς
3024 2181 3429 2253 μετειληφότας.
3506 2186 3610 2237 Ἐν

2036 2269 2191 2338 αὐτῇ
2216 2270 2292 2333 δὲ,
2347 2271 2510 2341 τίνιῆ
2547 2273 2613 2341 τῇ
2647 2269 2979 2343 κληρονομίᾳ
3015 2271 3210 2337 αύτοῦ;
3251 2272 3602 2343 Ἠτοίμασας

2036 2362 2106 2415 ἐν
2130 2361 2204 2429 τῇ
2229 2361 2591 2430 χρηστότητι
2622 2377 2738 2415 σου
2763 2360 2843 2426 τῷ
2874 2362 3106 2431 πτωχῷ,
3140 2366 3172 2417 ὁ
3203 2364 3365 2428 Θεός.
3422 2363 3609 2417 Καὶ.τί

2038 2452 2329 2522 ἡτοίμασεν
2389 2451 2422 2521 ἢ
2462 2450 2500 2504 ἃ
2534 2452 2840 2521 ὀφθαλμός
2871 2456 2982 2506 οὐκ
3038 2450 3159 2506 εἶδε
3209 2454 3306 2507 καὶ
3338 2449 3447 2520 οὖς
3494 2456 3608 2508 οὐκ

2037 2540 2298 2609 ἧκουσε;
2328 2541 2423 2605 Tl;
2449 2541 2505 2594 δὲ
2527 2543 2555 2594 6
2577 2540 2789 2611 πτωχὸς
2817 2542 2850 2614 ἢ
2879 2543 3007 2614 περὶ
3059 2535 3134 2596 ὧν
3159 2543 3344 2615 εἴρηκε
3364 2584 3379 2607 ,
3403 2543 3610 2597 Μακά-

2029 2649 2150 2700 ριοι
2181 2637 2235 2686 οἱ
2261 2632 2481 2701 πτωχοὶ
2515 2629 2595 2697 τῷ
2641 2634 2929 2704 πνεύματι
2949 2675 2964 2699 ,
3021 2634 3111 2688 ὅτι
3139 2635 3333 2689 αὐτῶν
3360 2636 3399 2704 ὴ
3425 2637 3611 2699 ,βασι-

2034 2725 2169 2779 λεία
2193 2723 2311 2777 τῶν
2338 2723 2645 2793 οὐρανῶν;

2106 2817 2322 2883 Κύριος
2351 2814 2530 2869 δώσει
2560 2816 2726 2885 ῥῆμα
2755 2816 2879 2883 τοῖς
2926 2818 3469 2889 εὐαγγελιζομένοις
3501 2819 3610 2875 δυ-

2036 2904 2207 2975 νάμει
2234 2904 2452 2975 πολλῇ.
2500 2906 2671 2971 Αὐτὸς
2691 2950 2706 2975 ,
2748 2908 2880 2978 φησὶ
2905 2948 2920 2972 ,
2951 2913 3061 2973 τοῖς
3091 2910 3265 2979 ἁγίοις
3292 2911 3612 2976 ἀποστόλοις

2039 2994 2199 3047 αὐτοῦ
2223 2994 2397 3049 δώσει
2423 2995 2606 3066 ῥῆμα,
2636 3001 2715 3060 εἰς
2738 2999 2799 3053 τὸ
2822 2998 3077 3053 δύνασθαι
3102 3000 3332 3073 κηρύξαι
3352 3002 3411 3055 τὺ
3432 3004 3612 3071 Εὐαγ-

2037 3087 2236 3156 γέλιον.
2271 3089 2491 3159 Ὅμοιον
2516 3090 2572 3144 δὲ
2595 3093 2686 3144 τόο
2733 3092 2828 3160 Μὴ
2856 3093 3263 3162 μεριμνήσητε
3294 3096 3351 3148 τί
3380 3095 3608 3163 εἴπητε,

2038 3178 2075 3246 ἢ
2100 3180 2158 3232 τί
2186 3179 2497 3250 λαλήσητε
2516 3201 2529 3213 ·
2564 3182 2883 3251 δοθήσεται
2903 3185 3015 3254 γὰρ
3042 3186 3184 3255 ὑμῖν
3211 3188 3281 3241 ἐν
3308 3189 3506 3257 ἐκείνῃ
3534 3188 3610 3256 τῇ

2038 3269 2160 3340 ὥρᾳ
2181 3273 2238 3326 τί
2270 3273 2490 3341 εἴπητε.
2522 3276 2630 3329 Kal
2659 3278 2770 3345 οὐχ
2791 3274 2976 3353 ’ὑμεῖς
3006 3278 3146 3331 ἐστε
3172 3281 3226 3332 οἱ
3256 3280 3610 3346 λαλοῦντες,

2040 3365 2199 3415 ἀλλὰ
2226 3363 2293 3416 τὸ
2322 3364 2563 3433 Πνεῦμα
2608 3366 2713 3419 τοῦ
2746 3370 2975 3435 Πατρός
3000 3385 3119 3437 μου
3160 3369 3227 3421 τὸ
3264 3370 3496 3424 λαλοῦν
3540 3371 3614 3423 ἐν

2039 3451 2199 3520 ὑμῖν.
2241 3452 2345 3518 Τὸ,
2378 3452 2625 3518 δυνάμει
2652 3456 2876 3526 πολλῇ,
2901 3458 3037 3528 πρὸς
3061 3459 3143 3523 τὸ,
3175 3460 3389 3527 Κύριος
3434 3459 3614 3514 δώσει

2031 3542 2218 3611 ῥῆμα,
2252 3545 2313 3596 οὒ
2343 3545 2477 3616 πρὸς
2501 3546 2582 3613 τὸ,
2623 3546 3185 3618 εὐαγγελιζομένοις,
3219 3550 3293 3614 ὥς
3323 3568 3467 3615 τινες
3492 3552 3610 3605 eve-

2044 3653 2225 3704 μισαν.
2250 3636 2505 3690 Βούλεται
2537 3638 2646 3709 γὰρ
2672 3640 2865 3704 εἰπεῖν,
2895 3641 2977 3693 ὅτι
3002 3641 3137 3710 μετὰ
3172 3641 3371 3710 πολλῆς
3414 3644 3442 3695 6
3477 3642 3614 3706 Θεὸς

2040 3727 2139 3796 τῆς
2173 3728 2354 3797 ἰσχύος
2382 3727 2541 3781 δώσει
2570 3730 2719 3799 ῥῆμα.
2745 3733 2857 3795 τοῖς
2888 3730 3418 3803 εὐαγγελιζομένοις,
3452 3749 3613 3785 τουτδ

2042 3816 2180 3880 ἐστι,
2213 3817 2306 3870 τοῦ
2337 3818 2670 3887 διαγγέλλειν
2696 3820 2763 3875 τὰ
2779 3821 3018 3892 ἡμέτερα
3040 3808 3221 3892 ἀγαθὰ
3242 3823 3609 3896 βουλομένοις,

2041 3906 2202 3981 αὐτὸς
2223 3907 2452 3980 παρέχει
2472 3909 2564 3963 τὸν
2584 3908 2759 3978 λόγον,
2777 3914 2805 3965 6
2826 3912 2918 3966 καὶ
2945 3912 3042 3983 τὴν
3063 3914 3315 3987 ἀφορμὴν
3333 3915 3428 3969 τοῦ
3452 3916 3616 3985 ιὺαγι

2041 3997 2381 4065 γελίσασθαι.

2123 4090 2185 4143 Ὃ
2205 4090 2504 4156 ,βασιλεὺς
2527 4091 2644 4146 τῶν
2662 4092 2971 4162 δυνάμεων
2996 4094 3100 4149 τοῦ
3128 4096 3455 4165 ἀγαπητοῦ.
3502 4097 3613 4151 Αὔ-

2039 4182 2129 4247 τὸς
2160 4182 2364 4254 Κύριος
2392 4185 2419 4236 6
2448 4185 2623 4248 διδοὺς
2657 4185 2805 4256 ῥῆμα
2840 4189 2952 4249 τοῖς
2987 4193 3398 4258 μυπαγωγοῖς’
3448 4190 3611 4254 αὐτὸς

2040 4275 2146 4346 γάρ
2194 4276 2338 4328 ἐστιν
2365 4276 2394 4328 ὁ
2428 4274 2679 4345 βασιλεὺς
2705 4277 2799 4331 τοῦ
2827 4279 3111 4349 ἀγαπητοῦ
3139 4279 3268 4333 λαοῦ
3290 4296 3305 4312 ο
3359 4280 3521 4344 αὐτὸς
3551 4280 3613 4334 δέ

2042 4368 2154 4419 ἐστι
2172 4366 2333 4421 πάλιν
2351 4369 2385 4439 ἡ
2412 4366 2638 4439 δύναμις
2658 4368 2842 4422 αὑτοῦ.
2879 4369 2959 4439 Τῇ
2978 4372 3282 4440 ὡραιότητι
3310 4372 3415 4426 τοῦ
3438 4372 3609 4427 οἵκου

385 4461 729 4516 crediderunt
757 4481 770 4515 :
806 4462 1013 4530 species
1035 4468 1216 4516 autem
1255 4461 1483 4526 domus,
1516 4460 1687 4516 sancti
1711 4459 1829 4529 ejus
1856 4458 1940 4512 di-

2041 4456 2343 4512 διελέσθαι
2388 4460 2608 4515 σκύλα.
2656 4457 2819 4525 Οἶκος
2868 4461 2966 4531 μὲν
3006 4464 3054 4515 οἱ
3094 4462 3479 4526 πιστεύσαντες
3530 4466 3611 4527 εἰς

386 4551 578 4621 scipuli
608 4560 663 4605 et
690 4552 940 4621 apostoli.
976 4552 1068 4606 Ait
1100 4552 1283 4622 igitur,
1318 4568 1442 4607 eum
1470 4551 1818 4622 evangelistis
1842 4550 1942 4605 da-

385 4652 565 4696 turum
593 4658 715 4697 esse
751 4642 973 4698 verbum
995 4681 1009 4706 ,
1064 4653 1124 4697 ut
1160 4643 1400 4698 dividant
1425 4643 1598 4712 spolia
1622 4681 1637 4705 ,
1689 4640 1743 4694 id
1768 4649 1853 4695 est
1885 4647 1944 4694 ut

385 4733 603 4789 trahant
625 4743 811 4803 gentes
838 4735 906 4790 ad
933 4735 1113 4799 Iidem,
1152 4742 1205 4788 et
1229 4734 1526 4803 exspolient
1550 4732 1828 4787 Satanam.

455 5002 542 5056 14.
586 4999 644 5055 Si
668 5002 941 5056 dormiatis
977 5005 1112 5055 inter
1149 5005 1346 5056 medios
1376 5002 1562 5056 cleros.
1612 5002 1691 5055 Ad
1725 5012 1942 5059 sanctos

386 5095 660 5163 apostolos
684 5108 865 5147 sermo
892 5092 1141 5148 refertur.
1192 5094 1283 5160 Si,
1315 5094 1521 5163 inquit,
1555 5109 1653 5148 vos
1676 5094 1944 5164 accipiant

387 5184 537 5238 cieri.
566 5184 753 5238 Cieros
778 5191 957 5238 autem
980 5192 1135 5238 vocat
1158 5200 1253 5238 eos
1294 5185 1389 5254 qui
1423 5200 1491 5239 ex
1515 5184 1729 5241 duobus
1766 5201 1941 5255 papu—

389 5275 457 5329 lis
475 5276 749 5330 credidere
774 5293 788 5328 :
819 5276 867 5331 si
902 5276 953 5328 in
992 5276 1125 5345 ipsis
1153 5275 1396 5344 requiem
1426 5276 1667 5331 habeatis
1689 5316 1703 5340 ,
1728 5277 1941 5331 dabun-

391 5373 478 5417 tur
503 5366 582 5420 eis
601 5380 780 5433 penna:
809 5365 1084 5430 columbte,
1117 5366 1267 5435 cuius
1286 5367 1582 5436 posteriora
1615 5367 1760 5420 dorsi
1786 5366 1947 5420 deau-

392 5463 511 5509 rata
541 5467 714 5509 erant.
744 5457 835 5511 Ait
870 5465 1046 5511 autem
1086 5456 1351 5526 Spiritum
1393 5469 1645 5513 sanctum
1694 5466 1946 5526 acceptu-

394 5558 484 5598 ros
504 5559 624 5599 esse
647 5547 740 5615 qui
761 5548 1034 5617 apostolos
1060 5547 1382 5616 receperint.
1431 5547 1761 5617 Μετάφρενα
1797 5561 1944 5614 vero,

463 5726 506 5758 ³⁸
535 5722 845 5795 Psal.i.-xxr,
890 5728 943 5784 ϐ.
1000 5732 1045 5764 ’³
1070 5731 1178 5785 Isa.
1219 5745 1261 5797 1,
1295 5730 1379 5784 l2.
1448 5730 1492 5762 ’³
1520 5727 1721 5784 Jerem.
1757 5745 1831 5798 γι,
1871 5729 1962 5805 εο.

2039 4549 2299 4621 Χριστόν
2345 4550 2611 4623 ὡραιότης
2644 4550 2701 4604 δὲ
2727 4551 2822 4604 τοῦ
2857 4553 3002 4606 οἴκου
3032 4556 3080 4607 οἱ
3115 4554 3256 4623 ἅγιοι
3290 4556 3453 4609 αὐτοῦ
3507 4573 3613 4624 μα-

2041 4640 2200 4712 θηταὶ
2226 4643 2320 4696 καὶ
2342 4644 2649 4698 ἀπόστολοι.
2676 4644 2839 4715 Λέγει
2865 4642 2978 4710 οὖν,
2999 4648 3079 4700 ὅτι
3105 4650 3168 4719 τῇ
3197 4649 3487 4720 ὡραιότητι
3513 4641 3610 4702 τοῦ

2042 4731 2191 4785 οἴκου
2213 4773 2229 4799 ,
2278 4735 2522 4788 τουτέστι
2550 4738 2662 4800 τοῖς
2694 4737 3123 4805 εὐαγγελισταῖς,
3149 4739 3310 4801 αὐτὸς
3329 4738 3488 4792 διίκτεε
3516 4739 3614 4810 ρἦ

2048 4841 2152 4894 μα,
2184 4825 2317 4897 πρὸς
2349 4826 2409 4880 τὸ
2457 4827 2723 4883 διελέσθαι
2757 4828 2926 4882 σκύλα
2946 4868 2961 4895 ,
2995 4831 3269 4883 τουτέστιν
3297 4830 3513 4885 ὲλκῦσαι
3542 4830 3611 4883 τὰ

2045 4916 2170 4986 ἔθνη
2196 4920 2262 4988 τῇ
2293 4918 2491 4983 πίστει,
2521 4921 2613 4974 καὶ
2644 4921 2932 4975 σκυλεῦσαι
2963 4922 3055 4975 τὸν
3085 4924 3349 4976 Σατανᾶν.

2127 5008 2269 5062 Ἐὰν
2298 5012 2616 5080 κοιμηθῆτε
2640 5014 2755 5067 ἀνὰ
2781 5015 2976 5082 μέσον
3004 5013 3121 5067 τῶν
3144 5013 3400 5081 κλήρων.
3468 5012 3615 5082 Πρὸς

2040 5100 2167 5164 τοὺς
2195 5100 2380 5168 ἁγίους
2399 5103 2724 5167 ἀποστόλους
2753 5106 2781 5157 6
2804 5104 2979 5172 λόγος.
3009 5103 3152 5170 Ἐὰν,
3184 5106 3337 5176 φησὶ,
3357 5104 3613 5169 δέξωνται

2043 5192 2187 5260 ὑμᾶς
2216 5193 2265 5245 οἱ
2297 5193 2506 5263 κλῆροι.
2566 5194 2814 5266 Κλήρους
2854 5195 2910 5248 δὲ
2938 5195 3065 5257 τοὺς
3109 5196 3173 5249 ὲκ
3209 5196 3317 5249 τῶν
3347 5194 3439 5249 δύο
3466 5192 3613 5248 λαῶν

2043 5282 2432 5347 πιστεύσαντας
2461 5282 2585 5354 ἔφη.
2623 5285 2747 5337 Ἐὰν
2778 5280 2891 5349 οὖν,
2925 5287 3108 5355 φησὶν,
3140 5284 3523 5355 ἀναπαύσησθε
3554 5287 3613 5338 ἐν

2042 5372 2242 5434 αὐτοῖς,
2276 5372 2585 5443 δοθήσονται
2610 5376 2791 5439 αὐτοῖς
2831 5374 3119 5446 πτέρυγες
3146 5374 3515 5445 περιστερᾶς.
3542 5375 3614 5429 τὰ

2036 5459 2372 5530 μετάφρενα
2402 5464 2664 5531 ἐχούσης
2707 5467 3285 5536 περικεχρυσωμένα.
3337 5464 3611 5543 Λέγειηδὲ.

2041 5549 2116 5614 ὼς
2132 5552 2446 5622 Πνεύματος
2466 5554 2617 5623 ἁγίου
2641 5554 3028 5627 ἁξιωθήσονται
3053 5561 3101 5612 οἱ
3122 5561 3247 5623 τοὺς
3270 5561 3457 5630 ἁγίους
3479 5561 3615 5614 ἀπο-

2062 5732 2143 5787 ¹⁸1
2167 5732 2290 5790 Cor.
2323 5751 2381 5799 ιι.
2412 5736 2466 5790 9.
2536 5740 2579 5771 ’⁵
2615 5739 2797 5796 Matth.
2832 5759 2883 5808 ν,
2914 5742 2965 5798 3.
3038 5742 3082 5775 ³⁸
3112 5742 3298 5797 Matth.
3331 5743 3612 5807 1.19.19:
