3976 6220
279 360 379 415 297

1343 361 1702 418 EXPOSITIO
1741 361 1806 417 IN
1845 360 2177 418 PSALMUM
2216 360 2421 417 LXVII.

3410 365 3516 420 ονε

283 475 494 540 στόλους
546 475 850 548 δεξάμενοι.
907 480 1231 552 Μετάφρενα
1268 481 1325 534 δὲ
1377 483 1473 553 τῆς
1521 486 1849 554 περιστερᾶς

1956 485 2083 550 sive,
2138 484 2435 553 posteriora
2488 483 2636 538 dorsi
2692 483 2999 553 columbae,
3055 482 3312 563 deaurata
3360 487 3513 553 dicit,

281 567 670 643 κεχρυσωμένα
691 567 842 637 φησι,
870 567 1004 621 διότι
1035 569 1220 640 τιμίας
1243 570 1361 640 ἦτοι
1396 570 1561 639 σοφὰς
1588 571 1688 635 τὰς
1721 572 1851 643 φρέ-

279 673 368 719 νας
398 636 506 710 τῶν
538 636 844 729 δεξαμένων
872 663 1034 715 ποιεῖ.

357 747 462 801 Ἐν
493 747 575 813 τῷ
603 749 984 806 διαστέλλειν
1016 751 1122 805 τὸν
1169 752 1527 823 ἐπουράνιον
1568 755 1852 824 ,ϐασιλεῖς

277 837 365 890 ἐπ’
393 839 609 908 αὐτῆς.
668 841 914 905 Βασιλεῖς
944 843 1043 914 μὲν
1071 845 1197 907 τοὺς
1226 843 1497 916 ἄρξαντας
1522 848 1851 913 ἀποστόλους

276 929 371 998 τῆς
422 928 788 1003 κληρονομίας
828 934 992 987 αὐτοῦ
1043 951 1195 1005 φησι.
1247 936 1725 1005 Χιονωθήσονται
1770 939 1849 1003 δὲ,

278 1018 395 1071 ἀντὶ
420 1020 536 1085 τοῦ,
552 1022 1111 1095 ἀποκαθαρθήσονται.
1151 1027 1252 1079 Ἐν
1271 1026 1515 1096 Σελμὼν
1539 1028 1616 1091 δὲ,
1643 1031 1700 1083 ὲν
1723 1031 1851 1083 ἀντ-

278 1113 547 1181 αποδόσει,
607 1116 985 1197 ἑρμηνεύεται.
1038 1117 1197 1186 Λέγει
1226 1115 1339 1182 οὖν,
1375 1119 1455 1171 ὅτι
1491 1121 1539 1172 οί
1568 1120 1850 1192 δεξάμενοι

278 1212 397 1273 τοὺς
428 1212 619 1279 ἁγίους
662 1213 991 1276 ἀποστόλους
1034 1214 1131 1275 τὰς
1183 1213 1334 1284 παρὰ
1383 1213 1477 1267 τοῦ
1532 1216 1849 1287 ἐπουρανίου

280 1304 538 1373 βασιλέως
562 1306 977 1372 ἀνταποδόσεις,
1015 1308 1131 1378 ἦτοι
1174 1306 1408 1377 ἀμοιϐὰς
1428 1347 1442 1372 ,
1487 1306 1725 1374 δέξονται
1754 1309 1852 1379 τῆς

279 1396 563 1467 ὑποδοχῆς,
598 1398 688 1451 τὸν
720 1398 1000 1470 καθαρμὸν
1028 1398 1137 1453 τῶν
1163 1400 1463 1471 ἁμαρτιῶν.

346 1488 526 1555 Ὄρος
566 1488 672 1542 τοῦ
707 1490 854 1544 Θεοῦ
888 1489 1027 1558 ὄρος
1059 1490 1216 1544 πῖον.
1256 1493 1417 1563 Ὄρος
1453 1492 1551 1563 μὲν
1581 1491 1681 1565 τὴν
1725 1492 1850 1546 Ἐκ-

277 1578 501 1648 κλησίαν
525 1580 779 1650 ὀνομάζει
797 1619 811 1646 ,
844 1585 963 1635 πῖον
1000 1584 1057 1636 δὲ
1077 1623 1091 1647 ,
1119 1585 1199 1637 ὅτι
1241 1585 1533 1656 εὐτραφεῖς
1561 1585 1655 1638 καὶ
1681 1584 1846 1639 λιπα-

280 1670 373 1738 ράς
395 1670 506 1723 τῶν
536 1673 594 1723 ὲν
620 1673 755 1742 αὐτῇ
782 1672 878 1734 τὰς
901 1673 1079 1745 ψυχὰς
1106 1674 1501 1747 ἀπεργάζεται.
1553 1677 1729 1744 Ὄρος
1754 1694 1845 1731 τε-

276 1760 641 1831 τυρωμένονς
678 1762 812 1832 ὄρος
839 1765 1008 1818 πῖον*
1041 1766 1141 1819 ἵνα
1176 1769 1234 1820 τί
1264 1768 1712 1837 ὑπολαμϐάνετε
1743 1769 1847 1838 ὅρη

1953 575 2081 644 quia
2111 573 2375 644 pretiosas
2413 582 2469 628 et
2513 576 2782 645 sapientes
2808 575 3009 647 φρένας
3046 592 3142 632 seu
3182 587 3393 634 mentes
3420 593 3513 633 eo-

1955 680 2076 719 rum
2107 665 2199 734 qui
2227 666 2534 735 acceperint
2574 665 2834 722 elliciont.

2014 757 2103 813 15.
2142 757 2280 810 Dum
2308 758 2553 811 discernit
2580 760 2797 812 cmlestis
2832 773 2971 827 reges
3005 774 3159 828 super
3179 774 3317 813 eam.
3344 758 3518 830 Reges

1951 858 2109 906 vocat
2146 851 2420 920 apostolos
2479 851 2779 906 lttereditati
2820 867 2935 907 suae
2984 852 3331 921 imperantes.
3385 851 3518 906 Nive

1951 941 2354 1007 dealbabuntur,
2391 945 2546 1013 quasi
2581 943 2724 999 dicat
2756 944 3132 1015 purgabuntur
3162 963 3175 999 :
3211 943 3276 999 In
3304 943 3513 1000 Selmon

1952 1033 2335 1103 interpretatur
2359 1037 2413 1088 in
2447 1035 2807 1090 retributione.
2827 1036 2919 1088 Ait
2949 1034 3112 1105 igitur
3133 1050 3230 1091 eos
3264 1036 3356 1106 qui
3391 1051 3517 1092 san-

1952 1134 2069 1181 ctos
2098 1127 2374 1195 apostolos
2400 1128 2720 1198 receperint,
2762 1143 2794 1182 a
2819 1128 3024 1183 cmlesti
3057 1144 3181 1199 rege
3202 1129 3514 1185 retributio-

1952 1230 2070 1282 nes,
2100 1217 2216 1271 sive
2262 1217 2481 1285 praemia
2523 1228 2860 1290 accepturos,
2904 1220 3110 1276 scilicet
3141 1221 3514 1291 purgationem

1952 1320 2320 1377 peccatorum.

2023 1490 2110 1545 16.
2150 1490 2300 1545 Mons
2333 1490 2459 1558 Dei,
2492 1506 2638 1546 mons
2684 1494 2916 1564 pinguis.
2949 1492 3185 1549 Montem
3228 1502 3385 1549 voeat
3411 1487 3514 1547 Ec-

1951 1581 2170 1636 cleslam
2191 1600 2203 1637 :
2237 1582 2489 1654 pinguem
2508 1583 2660 1650 dicit,
2694 1584 2822 1653 quia
2843 1585 3070 1654 pingues
3087 1594 3140 1637 et
3161 1585 3371 1654 opimas
3392 1585 3514 1638 red-

1951 1671 2031 1725 dit
2067 1672 2278 1728 animas
2310 1689 2431 1744 qua:
2469 1675 2521 1727 in
2568 1675 2658 1728 illa
2699 1674 2920 1746 degunt.
2968 1674 3123 1729 Mons
3169 1677 3509 1746 coagulatus.

1954 1778 2102 1818 mons
2157 1766 2385 1835 pinguis,
2415 1767 2600 1836 utquid
2644 1768 2983 1837 suspicamini
3025 1777 3222 1822 montes
3267 1768 3512 1840 coagula-

275 1854 675 1924 τετυρωμένα;
737 1857 846 1909 Καὶ
894 1857 1000 1929 μὴν
1049 1859 1142 1911 καὶ
1169 1861 1579 1931 τετυρωμένον,
1603 1863 1847 1915 τουτέστι

1956 1858 2071 1910 tos?
2096 1855 2475 1927 Coagulatum,
2502 1867 2585 1913 est
2626 1857 2766 1913 lacte
2792 1860 3033 1930 plenum,
3060 1859 3393 1929 simpliciore
3430 1864 3510 1913 vi-

276 1945 541 2012 γάλακτος
590 1947 785 2017 μεστὸν
804 1987 818 2012 ,
847 1948 1213 2020 ἀπλουστέρου
1243 1950 1440 2023 δηλαδὴ
1471 1952 1628 2020 λόγου
1647 1993 1662 2018 ,
1703 1952 1845 2007 κατὰ

277 2035 360 2088 τό’
390 2034 566 2089 Γάλα
587 2036 744 2106 ὑμᾶς
778 2038 1058 2101 ἐπότισα,
1088 2040 1158 2093 οὐ
1181 2038 1411 2108 βρῶμα.
1471 2041 1727 2112 Ἐπιτιμᾷ
1753 2038 1848 2094 οὖν

274 2129 379 2190 τοῖς
410 2126 510 2190 τὰς
550 2126 660 2181 τῶν
710 2128 995 2198 αἱρετικῶν
1051 2129 1344 2200 ἐκκλησίας
1378 2131 1847 2202 ὑπολαμϐάνουσιν

178 2277 183 2283 ,
273 2213 409 2273 εἶναι
441 2219 845 2291 τετυρωμένας.
895 2221 1059 2275 Οὐδὲν
1091 2221 1200 2291 γὰρ
1224 2222 1283 2275 ὲν
1312 2222 1500 2285 αὑταῖς
1530 2223 1591 2275 τὸ
1613 2221 1847 2292 δυνάμε-

274 2322 360 2358 νον
388 2307 609 2378 τρέφειν
636 2310 716 2372 είς
736 2306 845 2373 ἕξιν
867 2312 1260 2382 πνευματικήν.
1295 2310 1411 2363 Ἵνα
1438 2312 1488 2364 τί
1512 2312 1690 2365 τοίνυν
1718 2313 1851 2366 ὑπο-

272 2396 598 2467 λαμϐάνετε,
620 2391 665 2451 ὦ
695 2392 861 2464 οὗτοι,
890 2400 1053 2471 ἔτερα
1074 2400 1172 2472 ὅρη
1203 2396 1341 2453 εἶναι
1368 2400 1472 2467 ἔξω
1492 2401 1590 2471 τῆς
1620 2401 1850 2473 Ἐκκλη-

275 2489 392 2552 σίας
412 2490 783 2562 τετυρωμένα,
809 2493 903 2545 καὶ
927 2492 1001 2563 μὴ
1030 2493 1226 2563 μᾶλλον
1254 2491 1409 2545 τοῦτο
1434 2493 1594 2562 μόνον
1616 2491 1677 2546 τὸ
1702 2492 1846 2563 ὅρος,

272 2582 340 2634 ἐν
384 2575 436 2648 ᾧ
486 2586 521 2637 ό
557 2583 703 2648 Θεὸς
751 2583 1095 2652 ηὐδόκησεν
1129 2582 1485 2652 κατοικῆσαι
1533 2584 1605 2637 ἐν
1654 2583 1853 2650 αὑτῷ;

277 2673 394 2726 ’Ὁτι
418 2673 529 2744 γὰρ
563 2676 619 2727 ὲν
646 2678 713 2747 τῇ
760 2674 1054 2746 Ἐκκλησία.
1084 2677 1347 2740 κατοικεῖ,
1382 2674 1539 2744 δῆλον
1565 2674 1623 2742 ἐξ
1652 2668 1727 2729 ὧν
1753 2675 1851 2728 αύ-

271 2765 361 2828 τδς
397 2765 502 2835 ἔφη
522 2782 538 2796 ·
564 2758 703 2820 Ὧδε
730 2761 1065 2833 κατοικήσω
1087 2808 1102 2831 ,
1131 2765 1221 2819 ὅτι
1251 2765 1615 2836 ᾐρετισάμην
1638 2766 1849 2833 αὐτήν.

346 2857 419 2912 Τὸ
446 2857 602 2928 ἅρμα
625 2857 732 2912 τοῦ
764 2847 911 2913 Θεοῦ
937 2857 1385 2927 μυριοπλάσιον
1408 2898 1422 2923 ,
1454 2857 1718 2927 χιλιάδες
1755 2861 1851 2912 εὐ-

272 2952 638 3018 θηνούντων.
712 2951 900 3024 Ἅρμα
937 2951 1031 3005 τοῦ
1057 2950 1193 3005 Θεοῦ
1219 2950 1317 3015 τὰς
1358 2950 1712 3022 ὲπουρανίους
1757 2948 1849 3003 καὶ

272 3042 468 3115 νοητὰς
488 3043 745 3114 δυνάμεις
768 3044 953 3114 φησὶν,
984 3040 1072 3106 αἷς
1096 3045 1370 3114 ἐποχεῖται
1386 3044 1413 3096 ὁ
1438 3042 1589 3105 Θεός.
1624 3043 1846 3113 Ὅμοιον

270 3135 325 3188 δὲ
344 3137 426 3207 τῷ
446 3137 749 3208 εἰρημένον
778 3136 973 3190 Χίλιαι
995 3134 1261 3205 χιλιάδες
1290 3136 1709 3205 ἐλειτούργουν
1742 3136 1847 3188 αὐ-

272 3225 376 3291 τῷ,
428 3229 528 3282 καὶ
569 3229 774 3298 μύριαι
800 3227 1086 3297 μυριάδες
1130 3226 1636 3297 παρειστήκεισαν
1666 3223 1846 3291 αὐτῷ.

272 3312 430 3372 Οὗτοι
458 3317 514 3371 δέ
541 3320 647 3372 εισι
678 3320 771 3372 καὶ
798 3318 1169 3391 εύθηνοῦντες,
1199 3320 1295 3373 ἆτε
1322 3319 1724 3390 ἀπηλλαγμένοι
1750 3321 1849 3391 τῆς

271 3410 566 3482 ἁμαρτίας.
619 3410 678 3465 Ὀ
720 3414 776 3465 ἐν
801 3410 973 3482 τούτῳ
999 3406 1094 3465 οὖν
1135 3411 1213 3483 τῷ
1247 3412 1452 3483 ἅρματι
1486 3410 1850 3484 ἐποχούμενος

273 3499 378 3553 τῶν
413 3500 693 3572 μυριάδων
730 3500 891 3564 αὐτός
933 3503 1080 3554 ἐστιν
1110 3502 1139 3555 ό
1181 3503 1415 3573 Κύριος,
1459 3503 1488 3555 ὁ
1536 3503 1631 3555 καὶ
1683 3504 1742 3555 ὲν
1770 3498 1849 3570 τῷ

272 3591 404 3663 Σινᾷ
428 3592 510 3663 τῷ
534 3592 676 3662 ἁγίῳ
707 3592 823 3664 ὄρει
853 3592 944 3646 τὸν
970 3592 1133 3664 νόμον
1161 3592 1304 3657 δούς.
1355 3592 1526 3657 Αὐτὸς
1552 3593 1608 3646 δὲ
1634 3591 1794 3646 πάλιν
1821 3594 1850 3646 ό

270 3684 349 3747 είς
376 3682 511 3754 ὕψος
537 3684 765 3747 ἀναϐὰς,
787 3684 935 3752 λέγει
962 3683 1019 3737 δὲ
1045 3683 1108 3737 τὸ
1128 3683 1222 3737 τοῦ
1249 3683 1503 3755 σταυροῦ,
1531 3685 1626 3738 καὶ
1650 3685 1850 3755 αἰχμα-

272 3777 549 3839 Αωτεύσας
571 3776 963 3847 αἰχμαλωσίαν,
994 3775 1238 3829 τουτέστι
1264 3776 1363 3840 τὰς
1393 3776 1843 3846 αἰχμαλωτισθείο

273 3881 369 3929 σας
424 3864 607 3937 ψυχὰς
661 3864 813 3935 παρὰ
855 3865 949 3918 τοῦ
1001 3865 1246 3919 διαϐόλου
1278 3864 1846 3936 ἀνταιχμαλωτεύσας.

273 3955 443 4009 Τοῦτο
462 3956 573 4028 γὰρ
591 3957 755 4019 αὐτὸς
782 3956 1146 4027 ἐπηγγέλλετο
1167 3956 1340 4025 λέγων
1366 3973 1380 3985 ·
1409 3958 1525 4010 "01‘
1553 3956 1620 4010 ἂν
1651 3954 1850 4025 ὑψωθῶ

273 4048 334 4099 ὲκ
365 4049 468 4118 τῆς
495 4047 625 4117 γῆς,
656 4048 861 4111 πάντας
883 4047 1094 4100 ἑλκύσω
1125 4047 1261 4119 πρὸς
1295 4047 1550 4118 ἐμαυτόν.
1603 4046 1852 4112 Ἐλαϐες

273 4136 497 4208 δόματα
517 4139 589 4191 ἐν
608 4136 956 4206 ἀνθρώποις.
991 4140 1102 4192 Καὶ
1130 4137 1280 4211 παρά
1302 4139 1443 4201 τινος
1466 4137 1625 4192 ἔλαϐε
1645 4137 1852 4208 δόματα

272 4230 575 4303 ἀνθρώπων
600 4231 634 4301 ἢ
667 4230 819 4302 παρά
838 4231 934 4284 τοῦ
963 4231 1174 4303 Πατρὺς
1205 4230 1297 4284 τοῦ
1332 4230 1645 4302 εἰρηκότοςο
1678 4229 1852 4297 Αἴτη-

272 4332 373 4372 σαι
396 4319 536 4389 ,παρ’
564 4319 711 4388 ἐμοῦ
733 4358 749 4385 ,
775 4319 873 4373 καὶ
899 4319 1069 4374 δώσω
1106 4334 1205 4374 σοι
1235 4318 1379 4389 ἔθνη
1406 4319 1520 4390 τὴν
1557 4323 1850 4388 κληρονο-

268 4413 413 4479 μίαν
444 4427 609 4477 σου;
1113 4415 1119 4423 ’

339 4506 452 4559 Καὶ
478 4506 594 4574 τὰρ
624 4505 1019 4571 ἀπειθοῦντας
1062 4503 1170 4557 τοῦ
1214 4502 1698 4571 κατασκηνῶσαι.
1743 4495 1847 4557 0‘5»
1884 4537 1925 4591 ο

1950 1947 2147 2002 delicet
2183 1961 2456 2013 sermone,
2479 1946 2634 2015 juxta
2677 1946 2810 2002 illud
2839 1966 2853 2001 :
2882 1945 3043 2000 Lacte
3065 1962 3152 2000 vos
3182 1947 3382 2015 potavi,
3413 1958 3516 1999 non

1948 2039 2060 2094 cibo
2082 2039 2148 2094 ’⁷.
2174 2038 2435 2109 Obiurgat
2473 2040 2654 2109 itaque
2682 2054 2778 2094 eos
2813 2039 2904 2110 qui
2941 2039 3320 2094 haereticorum
3348 2038 3517 2094 eccle-

1949 2133 2060 2187 sias
2082 2131 2395 2200 coagulatas
2424 2146 2544 2186 esse
2568 2130 2939 2201 suspicantur.
2966 2129 3112 2185 Nihil
3138 2130 3336 2201 quippe
3375 2131 3519 2186 inest

1949 2225 2028 2278 eis
2067 2221 2212 2294 quod
2259 2223 2403 2278 alere
2447 2223 2621 2293 possit
2651 2222 2716 2276 ad
2764 2223 3101 2291 spiritualem
3146 2222 3333 2277 vitam.
3373 2220 3518 2278 Heus

1950 2328 2068 2378 vos,
2087 2313 2219 2382 quid
2249 2313 2601 2382 suspicatnini
2623 2312 2758 2368 alios
2785 2321 2939 2367 extra
2970 2311 3269 2368 Ecclesiam
3303 2322 3518 2368 montes

1950 2419 2072 2460 esse
2094 2405 2429 2476 coagulatos,
2462 2413 2516 2460 et
2548 2419 2654 2459 non
2684 2405 2865 2476 potius
2886 2414 3125 2459 montem
3161 2404 3311 2459 illum
3336 2404 3511 2458 solum

1954 2494 2264 2562 suspicitis,
2302 2496 2357 2549 in
2394 2512 2495 2565 quo
2539 2495 2916 2564 beneplacitum
2949 2503 3027 2548 est
3063 2493 3170 2548 Deo
3198 2494 3433 2548 habitare
3461 2495 3519 2546 in

1952 2587 2049 2640 eo?
2074 2586 2226 2652 Quod
2243 2587 2386 2641 enim
2408 2588 2461 2641 in
2489 2586 2725 2641 Ecclesia
2750 2585 2973 2651 habitet,
3005 2584 3179 2655 palam
3208 2591 3371 2640 estex
3398 2582 3518 2654 ejus

1955 2677 2135 2732 verbis
2160 2695 2174 2732 :
2205 2677 2307 2731 llic
2338 2678 2586 2731 habitabo
2613 2678 2859 2748 quoniam
2889 2678 3019 2746 elegi
3047 2693 3163 2730 eam
3186 2675 3252 2729 ’⁸.

2032 2860 2118 2927 18,
2147 2860 2232 2914 l9.
2258 2858 2458 2915 Curras
2487 2860 2580 2914 Dei
2606 2858 2781 2914 decem
2809 2858 3040 2913 millibus
3067 2857 3364 2928 multiplex,
3391 2857 3517 2910 mil-

1941 2951 2026 3005 Alia
2068 2951 2384 3016 lwta‘nlium,
2414 2962 2517 3008 etc.
2555 2951 2786 3007 Currum
2824 2952 2920 3007 Dei
2965 2958 3124 3007 vocat
3166 2950 3418 3006 caelestes
3447 2966 3512 3005 ac

1952 3043 2261 3113 spirituales
2284 3046 2531 3112 virtutes,
2565 3044 2764 3115 quibus
2791 3044 3004 3099 vehitur
3028 3041 3190 3097 Deus.
3217 3041 3406 3097 Simile
3428 3051 3512 3096 est

1952 3137 2028 3191 illi
2059 3154 2073 3191 :
2108 3135 2284 3191 Millia
2309 3136 2537 3190 millium
2566 3134 2935 3190 ministrabant
2960 3135 3029 3199 ei,
3056 3144 3105 3189 et
3137 3137 3303 3188 decies
3323 3133 3512 3187 millies

1951 3233 2086 3287 dena
2115 3233 2289 3289 millia
2338 3234 2655 3288 assistebant
2687 3233 2735 3286 ei
2761 3233 2828 3285 ’9.
2867 3230 2931 3285 Hi
2966 3241 3095 3288 sunt
3133 3232 3224 3302 qui
3267 3232 3518 3286 laetantur

1949 3333 2134 3395 utpote
2164 3340 2194 3380 a
2226 3337 2447 3396 peccato
2478 3325 2715 3379 liberati.
2740 3323 2841 3390 Qui
2873 3324 2975 3379 hoc
2999 3324 3261 3379 denorum
3289 3323 3515 3378 millium

1950 3432 2117 3472 curru
2142 3417 2377 3486 vehitur,
2415 3415 2681 3472 Dominus
2707 3426 2811 3484 est,
2837 3417 2930 3487 qui
2956 3424 3011 3471 et
3036 3417 3090 3470 in
3119 3424 3301 3472 monte
3330 3423 3518 3471 saneto

1952 3511 2105 3567 Sinai
2142 3511 2313 3582 legem
2359 3510 2529 3565 dedit.
2572 3511 2625 3565 Is
2666 3509 2784 3580 ipse
2815 3509 2941 3565 item
2986 3518 3070 3565 est
3105 3508 3199 3579 qui
3232 3508 3286 3563 in
3326 3509 3516 3575 altum,

1952 3603 2068 3659 sive
2094 3602 2147 3656 in
2184 3617 2401 3658 crucem
2435 3601 2768 3666 ascendens,
2800 3602 3066 3670 captivam
3105 3599 3260 3655 duxit
3292 3599 3519 3669 captivi-

1953 3704 2118 3751 tatem
2146 3696 2213 3762 “,
2249 3695 2304 3749 id
2343 3702 2427 3750 est
2467 3696 2680 3750 animas
2731 3709 2762 3748 a
2788 3693 3003 3749 diabolo
3050 3694 3104 3747 in
3150 3693 3515 3762 captivitatem

1951 3787 2144 3842 ductas
2169 3787 2285 3856 ipse
2316 3787 2511 3841 iterum
2554 3786 2715 3855 cepit.
2740 3784 2796 3839 Id
2821 3785 3114 3854 enim-ipse
3143 3783 3415 3854 pollicitus
3435 3792 3518 3838 est

1951 3880 2170 3949 quando
2213 3877 2351 3930 dixit
2380 3894 2394 3931 ε
2430 3874 2562 3930 Cum
2603 3876 2867 3929 exaltatus
2904 3876 3052 3945 fuero
3081 3891 3113 3927 a
3145 3882 3306 3939 terra,
3333 3874 3515 3927 omnia

1954 3962 2163 4017 traham
2187 3962 2256 4015 ad
2286 3964 2536 4031 meipsum
2562 3963 2627 4015 ⁸¹.
2652 3963 2912 4031 Accepisti
2940 3963 3077 4015 dona
3111 3963 3166 4015 in
3199 3962 3513 4014 hominibus.

1949 4055 1996 4107 Α
2021 4068 2259 4124 quonam
2298 4054 2503 4121 accepit
2537 4054 2674 4108 dona
2711 4054 3024 4107 hominibus
3071 4053 3377 4123 praebenda,
3406 4053 3514 4107 nisi

1951 4161 1983 4200 a
2006 4144 2165 4200 Patre
2192 4147 2285 4218 qui
2317 4145 2452 4200 dixit
2475 4146 2525 4178 ³³
2551 4165 2563 4200 :
2592 4144 2817 4200 Postulo
2836 4163 2866 4199 a
2892 4162 2970 4198 me
2998 4155 3046 4199 et
3066 4146 3198 4199 dabo
3228 4147 3322 4201 tibi
3343 4156 3515 4216 ωηερε

1951 4237 2308 4291 [nereditatem
2347 4246 2489 4290 tuam
2515 4237 2539 4291 2

2026 4490 2119 4547 20.
2150 4490 2358 4546 Etenim
2402 4507 2505 4546 non
2549 4493 2810 4547 credentes
2851 4493 3164 4548 inhabitare.
3197 4491 3285 4562 Hi,
3321 4494 3518 4566 inquit,

273 4612 379 4660 τοι,
407 4596 580 4669 φησὶν
597 4637 613 4661 ,
651 4599 701 4650 oi
737 4596 1043 4669 ἄνθρωποι,
1071 4596 1164 4660 οὒς
1190 4595 1380 4660 ἔλαϐες
1402 4596 1610 4667 δόματα
1631 4635 1646 4659 ,
1683 4594 1850 4649 πάλαι

1957 4584 2225 4651 homines,
2271 4599 2409 4654 quos
2452 4585 2709 4654 accepisti
2746 4585 2800 4638 in
2831 4585 2995 4647 dona,
3039 4586 3168 4640 olim
3205 4595 3361 4642 erant
3404 4602 3513 4641 non

271 4685 406 4758 ἦσαν
424 4688 799 4753 ἀπειθοῦντες.
837 4688 996 4742 Ἀλλά
1022 4689 1116 4742 καὶ
1143 4689 1372 4754 τούτοις,
1403 4688 1555 4757 φησι,
1584 4688 1853 4759 κατεσκή-

273 4791 466 4839 νωσας.
507 4777 667 4829 Ἔστι
698 4777 756 4830 δὲ
793 4777 860 4832 δι’
893 4776 1204 4848 ὑπερϐατοῦ
1238 4780 1272 4848 ή
1304 4776 1533 4832 διάνοια.
1597 4777 1852 4842 Ἕλαϐες

270 4863 495 4936 δόματα
537 4868 611 4922 ἐν
637 4868 994 4938 ἀνθρώποις,
1032 4869 1173 4925 ὥστε
1209 4868 1628 4941 καταπηνῶσαι
1664 4869 1722 4922 ὲν
1753 4869 1851 4923 αύ-

272 4960 399 5023 τοῖς,
425 4960 673 5031 δηλονότι
704 4964 816 5025 τοῖς
841 4962 1154 5033 διδομένοις.
1191 4961 1352 5016 Αὐτοὶ
1383 4960 1441 5015 δὲ
1462 4952 1629 5023 οὗτοι,
1654 4957 1848 5031 φησιν,

275 5048 364 5113 οὓς
391 5049 619 5115 ἔλαϐες,
655 5050 821 5105 πάλαι
856 5048 993 5123 ἦσαν
1015 5052 1278 5126 ἀπειθεῖς.
1306 5051 1473 5122 Δῆλον
1498 5049 1585 5116 δὲ,
1610 5051 1691 5104 ὅτι
1713 5090 1728 5116 ,
1762 5050 1851 5103 ὅτε
1877 5038 1887 5049 ’

274 5142 335 5212 τῇ
361 5140 541 5195 κτίσει
574 5141 729 5212 παρὰ
756 5141 849 5195 τὸν
882 5141 1142 5197 κτίσαντα
1165 5141 1476 5213 ὲλάτρευον.

338 5320 553 5388 Κύριος
582 5322 617 5373 ό
671 5319 818 5385 Θεὸς
863 5319 1193 5389 εὐλογητὸς
1216 5358 1231 5383 ,
1265 5317 1593 5388 εὐλογητὸς
1638 5316 1854 5385 Κύριος

274 5409 497 5479 ἡμέραν
532 5410 667 5465 καθ’
699 5410 951 5480 ἡμέραν.
1023 5411 1147 5465 Ἐπὶ
1201 5409 1423 5481 μεγάλῳ
1468 5406 1853 5487 κατορθώματι

275 5498 435 5570 ὕμνον
466 5502 790 5572 ἀναπέμπει
820 5496 912 5573 .τῷ
947 5503 1065 5573 Θεῷ
1086 5543 1101 5567 ,
1141 5504 1171 5555 ὁ
1202 5502 1362 5573 χορὸς
1393 5501 1450 5555 δὲ
1477 5485 1716 5572 δηλονότι
1745 5498 1855 5552 τῶν

271 5593 582 5648 ἀποστόλων
651 5592 1062 5647 Κατευοδώσει
1093 5593 1241 5662 ἡμῖν
1268 5595 1303 5647 δ
1342 5592 1486 5659 Θεὸς
1513 5593 1634 5644 τῶν
1660 5604 1855 5661 σωτη-

1952 4675 2253 4731 credentes.
2274 4674 2379 4730 Sed
2408 4675 2461 4728 in
2486 4676 2612 4742 illis,
2634 4677 2729 4743 ait,
2747 4677 3082 4732 iubabitasti.
3110 4678 3264 4744 Quod
3295 4693 3390 4749 per
3420 4678 3520 4750 hy-

1954 4766 2232 4837 perbaton,
2252 4766 2366 4823 sive
2392 4768 2881 4839 transgressionem
2903 4769 3192 4823 verborum
3218 4769 3523 4837 intelligen-

1954 4860 2106 4914 dum.
2146 4859 2397 4928 Accepisti
2429 4857 2570 4912 dona
2611 4858 2668 4911 in
2708 4857 3027 4925 hominibus,
3055 4859 3126 4913 ita
3162 4867 3221 4911 ut
3250 4858 3520 4914 inhabites

1955 4951 2011 5005 in
2037 4949 2139 5017 eis,
2162 4949 2409 5005 videlicet
2454 4948 2506 5002 in
2537 4949 2618 5003 eis
2649 4949 2741 5019 qui
2769 4947 2883 5002 dati
2923 4960 3069 5005 sunt.
3103 4950 3144 5004 li
3184 4954 3364 5005 autem
3395 4951 3519 5019 ipsi,

1956 5042 2051 5106 ait,
2083 5056 2223 5112 quos
2269 5040 2549 5110 accepisti,
2580 5041 2710 5095 olim
2747 5056 2855 5095 non
2894 5041 3176 5103 credentes
3201 5054 3356 5096 erant
3381 5059 3396 5095 :
3424 5056 3521 5111 pa-

1956 5134 2064 5188 lam
2098 5141 2277 5188 autem
2306 5142 2390 5188 est
2428 5133 2484 5187 id
2518 5140 2631 5188 tum
2670 5133 3184 5206 evenisseuquando
3214 5139 3518 5189 creaturam

1958 5225 2138 5294 potius
2164 5238 2325 5294 quam
2355 5222 2666 5278 Creatbrem
2697 5224 2944 5279 colebant
2964 5220 3029 5277 ³³.

2038 5314 2289 5369 Dominus
2324 5315 2462 5369 Deus
2490 5314 2809 5383 benedictus,
2845 5315 3138 5369 benedictus
3164 5312 3411 5368 Dominus
3436 5314 3520 5368 die

1958 5408 2211 5479 quotidie.
2256 5406 2338 5462 Ob
2374 5403 2489 5462 rem
2533 5408 2790 5477 praeclare
2826 5418 3032 5479 gestam
3061 5409 3318 5477 hymnum
3366 5407 3525 5462 oll‘ert

1961 5501 2072 5555 Deo
2097 5500 2317 5567 chorus,
2349 5508 2408 5553 ut
2442 5501 2616 5569 palam
2645 5508 2747 5565 est,
2775 5499 3167 5569 apostolorum.
3201 5497 3524 5568 Prosperum

1960 5593 2060 5646 iter
2113 5591 2271 5660 faciet
2315 5590 2462 5644 nobis
2515 5590 2654 5645 Deus
2690 5591 3010 5644 salutarium
3051 5601 3369 5646 nostrorum.
3419 5590 3524 5651 Tu,

338 5713 379 5743 "
407 5710 425 5765 Ι
452 5710 587 5768 Cor.
626 5726 709 5773 Ill,
740 5708 795 5764 2.
862 5710 909 5742 ⁸⁸
938 5708 1293 5774 Psal.cxxxt,
1320 5710 1406 5767 14,
1489 5710 1533 5744 ⁸³
1562 5707 1696 5765 Dan.
1728 5724 1824 5776 vn,

1956 5757 1957 5763 η
2032 5709 2076 5742 ⁸⁸
2098 5706 2298 5779 Ephes.
2332 5722 2406 5773 tv,
2434 5705 2488 5761 8.
2574 5705 2617 5737 "
2646 5703 2804 5759 Joan.
2831 5721 2948 5772 xui,
2976 5705 3064 5760 3‘2.
3149 5705 3195 5738 ³²
3220 5704 3361 5761 Psal.
3385 5718 3446 5769 tt,
3470 5701 3522 5759 8.

273 5779 314 5815 ⁸³
339 5781 503 5840 Rem.
537 5797 580 5847 ι,
606 5780 702 5836 9-5.
1687 5795 1698 5813 ·

381 5878 390 5886 ’
715 5874 989 5939 Parnm"
1023 5869 1144 5932 Gtt.
1173 5870 1433 5931 XXVII.

3176 5869 3246 5928 10
