3976 6220
414 351 522 406 999

1255 343 1311 396 3.
1354 337 1724 395 ATHANASH
1763 336 1910 391 OPP.
1955 335 2134 390 PARS
2162 333 2250 388 Ill.
2291 358 2359 372 -—-
2395 330 2801 387 EXEGETICA.

3521 323 3628 380 500

417 462 610 536 lnquit,
651 459 896 523 Domine,
924 456 1134 529 aperies
1166 455 1316 510 verbi
1346 455 1591 524 januam,
1617 461 1676 507 ut
1716 453 1801 506 via
1836 466 1966 520 prac-
2001 502 2004 510 ,

2089 448 2212 500 alter
2243 446 2426 516 ἡμῶν.
2461 446 2531 498 Σὺ
2557 486 2570 509 ,
2611 445 2806 515 φησὶν,
2843 435 2886 495 ὦ
2917 441 3179 503 Δέσποτα,
3205 437 3434 504 ἀνοίξεις
3461 437 3633 509 θύραν

415 551 703 609 dicationis
727 564 980 621 prospera
1006 548 1078 604 sit
1102 547 1277 602 nobis.

483 733 574 788 2i.
620 733 754 786 Deus
794 740 986 796 noster,
1021 728 1158 782 Deus
1189 728 1361 783 salvos
1395 727 1645 796 faciendi,
1679 738 1728 781 et
1761 727 1972 781 Domini

419 826 631 880 Domini
663 825 832 878 exitus
883 823 1085 875 mortis.
1131 821 1327 890 Aperte
1369 821 1638 876 conﬁdere
1675 835 1734 876 se
1773 821 1975 876 indicat

417 935 510 973 eos
535 919 626 989 qui
655 925 871 988 propter
891 913 1326 985 praedicationem
1356 913 1619 982 ad'usque
1640 921 1866 968 mortem
1891 929 1973 968 ac-

415 1010 701 1075 cesserim,
731 1007 1050 1061 educturum
1103 1019 1162 1061 se
1217 1019 1498 1076 generose.
1531 1003 1672 1059 Suos
1709 1005 1853 1059 enim
1899 1004 1975 1059 ait

416 1117 537 1157 esse
558 1100 736 1156 exitus
763 1099 972 1154 mortis.

490 1192 579 1247 22.
619 1191 982 1246 Verumtamen
1015 1188 1149 1243 Deus
1177 1189 1468 1268 confringet
1514 1189 1689 1258 capita
1729 1189 1969 1242 inimico—

417 1301 534 1338 rum
560 1283 694 1352 ejus.
722 1282 772 1336 id
802 1290 883 1336 est
913 1263 1195 1350 apostolici
1221 1263 1392 1335 chori.
1428 1281 1580 1349 Ipsos
1607 1279 1753 1333 enim
1782 1279 1977 1332 libera-

417 1372 514 1438 bit,
548 1369 1124 1426 inimicorum'scilicet
1144 1368 1318 1436 capita
1351 1366 1719 1438 confringens.
1745 1367 1974 1422 Assum-

417 1474 568 1533 ptum
613 1471 794 1520 autem
841 1472 923 1519 est
954 1463 1158 1518 dictum
1200 1461 1331 1516 illud
1373 1476 1440 1516 ex
1480 1460 1832 1524 similitudine
1859 1475 1975 1514 ser-

414 1569 657 1630 pentum,
681 1559 774 1630 qui
805 1574 926 1613 cum
951 1555 1344 1612 insurrexerint
1370 1554 1423 1608 in
1446 1553 1701 1623 aliquem,
1724 1552 1780 1606 in
1801 1551 1976 1620 capite

414 1649 660 1718 percussi
695 1649 985 1702 intereunt.
1028 1645 1269 1716 Respicit
1314 1645 1442 1698 item
1483 1658 1663 1698 sermo
1707 1642 1976 1712 principes

413 1739 623 1793 Judaici
651 1738 856 1809 populi.
899 1737 1150 1791 Verticem
1198 1735 1376 1805 capilli
1417 1734 1893 1804 perambulantium
1923 1735 1977 1787 in

414 1831 618 1885 delictis
652 1832 782 1884 suis.
809 1828 1074 1883 Verticem
1101 1827 1298 1898 capilli,
1325 1834 1488 1896 caput
1509 1834 1693 1893 vocat;
1719 1826 1795 1880 ait
1814 1839 1978 1896 porro

416 1939 475 1978 se
500 1922 675 1991 capita
697 1935 884 1975 eorum
911 1918 1336 1985 confracturum,
1359 1918 1451 1988 qui
1477 1925 1600 1988 post
1621 1925 1841 1989 peccata
1862 1931 1978 1988 pa:-

417 2014 697 2069 nitentiam
733 2027 842 2066 non
868 2011 1100 2082 egerint.

490 2183 580 2238 23.
608 2181 755 2236 Dixit
781 2181 1035 2236 Dominus
1061 2196 1080 2233 :
1113 2179 1196 2233 Ea:
1233 2179 1414 2234 Basan
1445 2187 1758 2232 convertam.
1803 2175 1977 2232 Basan

417 2275 720 2347 explicatur
768 2274 1088 2338 amaritudo,
1118 2273 1230 2328 sive
1275 2271 1626 2326 exacerbatio.
1661 2271 1752 2323 Ait
1776 2271 1975 2340 igitur:

417 2381 483 2420 cx
517 2365 681 2420 domo
712 2362 1108 2428 exacerbantis,
1134 2361 1185 2416 id
1214 2369 1297 2416 est
1328 2359 1564 2426 lsraelis,
1591 2369 1877 2414 convertar
1911 2359 1979 2414 ad

417 2455 707 2525 meipsum.
732 2453 1041 2509 Convertam
1060 2453 1114 2505 in
1137 2451 1459 2520 profundum
1477 2453 1659 2505 maris.
1685 2448 1858 2505 Etiam
1884 2463 1980 2504 eos

416 2550 511 2620 qui
543 2549 596 2604 in
626 2547 954 2620 profundum
985 2547 1319 2618 voluptatum
1341 2546 1573 2601 demersi
1596 2544 1829 2609 fuerant,
1849 2559 1980 2598 con-

418 2649 621 2697 vertam
649 2640 717 2695 ad
743 2639 1032 2710 meipsum.

496 2817 588 2874 24.
624 2814 692 2872 Ut
712 2817 1010 2887 intingatur
1029 2830 1113 2884 pes
1141 2823 1258 2866 tuus
1290 2813 1348 2864 in
1376 2811 1647 2881 sanguine.
1681 2808 1847 2864 Docet
1873 2824 1980 2879 qua

425 2912 633 2967 ratione
654 2917 992 2966 convertent.
1025 2906 1094 2962 Et
1121 2905 1398 2978 quomodo
1428 2910 1762 2969 convertent,
1778 2902 1886 2956 nisi
1913 2901 1982 2954 de

423 3003 600 3061 medio
641 3000 870 3058 sublatis
901 2998 1153 3068 malignis
1197 2993 1601 3067 potestatibus?
1637 2992 1982 3048 Deduxcrunt

424 3096 566 3151 enim
590 3091 908 3164 sanguinem
939 3089 1180 3160 ipsorum
1216 3087 1273 3141 in
1299 3095 1518 3150 terram,
1543 3083 1697 3154 juxta
1727 3082 1879 3138 Isaias
1895 3096 1983 3135 vo-

423 3202 562 3253 cem,
593 3185 668 3242 ita
697 3191 757 3238 ut
797 3197 892 3254 pes
916 3182 1036 3252 ejus
1070 3181 1428 3250 intingeretur
1458 3177 1514 3231 in
1548 3175 1828 3246 sanguine.
1859 3173 1984 3228 Ilaec

423 3284 604 3331 autem
645 3273 889 3328 historia:
921 3284 1072 3325 more
1113 3268 1514 3325 describuntur.
1557 3263 1765 3334 Lingua
1792 3279 1983 3317 canum

424 3376 634 3419 tuorum
661 3379 726 3417 ea:
763 3361 993 3415 inimicis
1027 3361 1090 3413 ab
1135 3360 1271 3429 ipso.
1304 3356 1482 3412 Canes
1516 3355 1648 3410 dicit
1685 3354 1982 3423 spiritualis

425 3457 584 3511 ovilis
607 3454 880 3518 custodes,
912 3461 1130 3508 sanctos
1166 3450 1568 3521 praedicatores.
1605 3447 1847 3513 Quorum
1879 3446 1984 3500 lin-

425 3561 530 3614 gua
565 3552 772 3598 tantum
813 3558 919 3597 non
962 3543 1210 3612 degustat
1253 3539 1572 3610 sanguinem
1623 3536 1982 3607 spiritualium

426 3637 790 3691 inimicorum.
815 3633 954 3689 Dicit
976 3635 1156 3703 itaque
1175 3632 1541 3703 apostolorum
1568 3645 1753 3684 vocem
1777 3637 1983 3683 tantum

426 3743 536 3783 non
565 3727 682 3783 fore
705 3741 925 3781 causam
953 3725 1144 3780 mortis
1175 3725 1532 3794 malignorum
1562 3722 1891 3776 daamouum.

512 3921 601 3976 25.
648 3918 757 3974 Visi
788 3928 910 3973 sunt
939 3921 1204 3990 ingressus
1240 3920 1339 3985 tui,
1375 3917 1535 3980 Deus.
1579 3919 1866 3986 Ingressus
1893 3915 1986 3971 Dei

426 4011 504 4065 ait
546 4026 634 4066 res
687 4010 742 4063 in
781 4010 1085 4064 oeconomia
1130 4007 1334 4062 Christi
1366 4017 1585 4078 gestas:
1627 4006 1806 4076 qualia
1837 4015 1984 4070 sunt,

428 4111 612 4174 partus
631 4115 725 4172 per
748 4099 1048 4171 Virginem,
1076 4103 1355 4170 signorum
1386 4099 1774 4169 operationem,
1795 4113 1986 4152 ascen-

428 4193 635 4247 sionem
665 4191 721 4244 in
752 4204 991 4250 crucem,
1015 4199 1242 4243 mortem
1273 4202 1393 4258 qua:
1421 4203 1513 4258 per
1533 4186 1990 4256 dispensationem

429 4284 680 4354 contigit,
722 4282 1176 4337 resurrectionem
1217 4297 1248 4335 a
1292 4281 1545 4346 mortuis,
1593 4296 1878 4336 ascensum
1921 4280 1990 4334 ad

430 4379 616 4435 ccelos.
645 4376 756 4433 Hos
787 4375 1064 4446 ingressus
1093 4372 1414 4430 manifestos
1437 4372 1608 4428 fuisse
1637 4372 1750 4426 ait:
1783 4370 1992 4442 Ingres-

2071 538 2162 591 τοῦ
2188 539 2364 606 λόγου,
2397 537 2475 599 εἰς
2503 536 2563 588 τὸ
2590 535 2684 606 τὴν
2705 535 2821 587 ὁδὸν
2840 531 2933 585 τοῦ
2958 531 3310 603 κηρύγματος
3331 529 3632 584 κατευοδω-

2073 630 2230 698 θῆναι
2263 633 2416 701 ἡμῖν.
3449 608 3470 631 θ

2161 722 2222 776 '0
2252 721 2394 787 Θεὸς
2425 720 2612 790 ἡμῶν,
2639 722 2671 772 ὀ
2695 717 2835 784 Θεὸς
2871 717 2973 771 τοῦ
3005 716 3230 778 σῶσαι,
3261 713 3359 768 καὶ
3392 711 3496 766 τοῦ
3527 716 3636 766 Κυ-

2064 815 2201 881 ρίου
2231 813 2448 879 Κυρίου
2473 814 2531 865 at
2558 808 2809 873 διέξοδοι
2838 807 2941 861 τοῦ
2977 805 3255 862 θανάτου.
3303 805 3505 875 Θαρσεῖ
3544 821 3638 856 σα-

2074 903 2208 972 φῶς,
2237 903 2312 966 ὡς
2344 902 2438 955 καὶ
2467 901 2624 972 μέχρι
2650 899 2876 953 Θανάτου
2903 897 3150 960 ἐλθόντας
3173 896 3262 950 διὰ
3288 897 3347 949 τὸ
3375 897 3636 966 κήρυγμα

2073 996 2250 1060 ἐξάξει
2283 994 2559 1063 γενναίως.
2625 990 2797 1045 Αὐτοῦ
2832 990 2940 1062 γάρ
2967 985 3104 1043 εἷναί
3143 1006 3272 1059 φησι
3295 988 3394 1051 τὰς
3423 987 3636 1051 ἐξόδους

2071 1087 2164 1139 τοῦ
2196 1085 2443 1139 θανάτου.

2142 1179 2315 1247 Πλὴν
2336 1182 2368 1232 ό
2389 1178 2532 1244 Θεὸς
2551 1177 2882 1232 συνθλάσει
2906 1175 3168 1246 κεφαλὰς
3179 1173 3406 1244 ἐχθρῶν
3419 1171 3602 1228 αὐτοῦ
3618 1188 3632 1202 ·

2073 1271 2237 1326 αὑτοῦ
2286 1271 2386 1342 μὲν
2422 1270 2515 1324 τοῦ
2566 1267 2917 1324 ἀποστολικοῦ
2954 1268 3136 1340 χοροῦ.
3193 1267 3477 1338 Ῥυόμενος
3527 1265 3637 1336 γὰρ

2075 1363 2268 1426 αὐτοὺς
2298 1361 2536 1434 ῥύσεται,
2562 1361 2668 1415 τῶν
2694 1360 2901 1432 ἐχθρῶν
2929 1359 3164 1430 δηλονότι
3194 1356 3504 1429 συνθραύων
3537 1357 3638 1418 τὰς

2075 1454 2332 1524 κεφαλάς.
2368 1453 2600 1525 Ἐλήφθη
2623 1453 2679 1507 δὲ
2701 1457 2732 1524 ὴ
2754 1453 2894 1518 λέξις
2915 1452 2971 1519 ἐξ
2991 1451 3296 1524 ὁμοιώσεως
3315 1451 3421 1504 τῶν
3438 1451 3635 1521 ὄφεων,

2074 1547 2144 1609 οἳ,
2181 1545 2400 1601 ἐπειδὰν
2424 1545 2630 1616 ἀρθῶσι
2664 1546 2804 1599 κατὰ
2834 1545 3006 1608 τινὸς,
3043 1545 3161 1598 τότε
3190 1545 3281 1597 ἐπὶ
3329 1545 3395 1614 τῇ
3428 1543 3635 1612 κεφαλῇ

2077 1636 2431 1708 πληττόμενοι
2455 1636 2717 1690 ὅλλυνται.
2758 1636 2909 1706 Ἔχει
2936 1636 2990 1688 δὲ
3021 1639 3048 1689 ὁ
3070 1635 3224 1703 λόγος
3249 1633 3523 1705 ἀναφορὰν
3545 1635 3638 1687 καὶ

2077 1728 2156 1788 εἰς
2185 1726 2308 1788 τοὺς
2338 1724 2600 1797 ἄρχοντας
2631 1721 2724 1778 τοῦ
2759 1725 3021 1778 Ἰουδαίων
3042 1725 3190 1778 λαοῦ.
3217 1723 3497 1792 Κορυφὴν
3519 1739 3638 1792 τρια

2077 1814 2184 1886 χός
2249 1815 2757 1884 διαπορευομένων
2819 1815 2888 1868 ἐν
2939 1816 3364 1884 πλημμελείαις
3417 1814 3635 1868 αὐτῶν.

2078 1906 2336 1980 Κορυφὴν
2371 1908 2466 1978 μὲν
2490 1907 2672 1978 τριχὸς
2708 1906 2868 1960 πάλιν
2904 1906 3000 1977 τὴν
3026 1906 3261 1976 κεφαλήν
3294 1923 3445 1974 φησι.
3474 1906 3639 1976 Λέγει

2077 1999 2153 2062 δὲ,
2181 1998 2255 2063 ὡς
2282 1999 2482 2052 τούτων
2511 1997 2792 2051 συνθλάσει
2818 1998 2913 2062 τὰς
2935 1997 3192 2066 κεφαλὰς,
3215 1998 3322 2050 τῶν
3347 1997 3640 2070 ἁμετανόη·

2078 2109 2144 2144 τα
2174 2091 2609 2161 ἁμαρτανόντων.

2147 2178 2333 2236 Εἶπεν
2360 2182 2598 2249 Κύριος·
2674 2181 2771 2234 Ἐκ
2803 2179 3009 2234 Βασὰν
3039 2177 3393 2248 ἐπιστρέψω.
3459 2177 3640 2232 Βασάν

2079 2274 2436 2346 ἑρμηνεύεται
2480 2275 2684 2341 πικρία
2707 2313 2721 2336 ,
2759 2273 2875 2344 ἦτοι
2907 2273 3420 2341 παραπικρασμός.
3479 2271 3640 2339 Λέγει

2079 2360 2192 2428 οὖν,
2220 2364 2294 2427 ὡς
2321 2364 2385 2416 ἐκ
2411 2361 2502 2415 τοῦ
2530 2363 2676 2416 οἴκου
2705 2361 2798 2415 τοῦ
2827 2361 3374 2434 παραπικραίνοντος.
3398 2359 3644 2412 τουτέστι

2078 2455 2173 2509 τοῦ
2214 2454 2455 2528 Ἰσραὴλ,
2488 2453 2795 2525 ἐπιστρέψω
2823 2453 2956 2525 πρὸς
2989 2451 3240 2524 ἐμαυτόν.
3281 2450 3644 2519 Ἑπιστρέψω

2077 2547 2149 2601 ἐν
2192 2546 2404 2612 ,βυθοῖς
2442 2544 2773 2613 θαλάσσης.
2863 2544 2970 2598 Καὶ
3025 2543 3149 2608 τοὺς
3205 2542 3642 2613 κατενεχθέντας,

2081 2637 2266 2708 φησὶν,
2311 2639 2389 2701 εις
2429 2636 2520 2690 τὸν
2549 2636 2655 2689 τῶν
2701 2634 2901 2706 ἡδονῶν
2951 2634 3107 2706 βυθὸν
3156 2633 3462 2705 ἐπιστρέψω
3507 2631 3646 2704 πρὸς

2081 2729 2337 2800 ἐμαυτόν.

2155 2822 2343 2888 Ὅπως
2369 2817 2446 2875 ἂν
2463 2819 2638 2888 ,βαφῇ
2664 2822 2697 2875 ὁ
2720 2819 2871 2886 ποῦς
2896 2827 3011 2874 σου
3040 2818 3109 2872 ἐν
3132 2819 3347 2888 αἵματι.
3376 2817 3499 2881 Πῶς
3525 2817 3650 2872 ἐπι-

2083 2909 2370 2981 στρέφουσι
2401 2909 2656 2962 διδάσκει.
2717 2909 2840 2973 Πῶς
2867 2909 2925 2962 se
2955 2907 3372 2979 ἐπιστρέφουσιν
3403 2907 3436 2978 ἥ
3466 2905 3649 2961 αὐτῶν

2081 2999 2466 3070 ἀναιρεθεισῶν
2491 2999 2730 3069 δηλονότι
2744 2998 2850 3051 τῶν
2879 2998 3128 3070 πονηρῶν
3156 2998 3469 3070 δυνάμεων;
3500 2999 3652 3052 Κατ-

2083 3092 2286 3162 ήγαγον
2307 3088 2414 3158 γάρ
2432 3090 2609 3142 αὐτῶν
2631 3090 2690 3142 τὸ
2726 3083 2861 3158 αἷμα
2887 3090 2966 3153 εἰς
2996 3090 3118 3160 γῆν,
3147 3089 3286 3144 κατὰ
3303 3089 3402 3159 τὴν
3427 3089 3650 3143 Ἦσὰἳου

2084 3180 2264 3252 φωνὴν
2284 3221 2298 3245 ,
2349 3181 2425 3244 ὡς
2458 3179 2664 3234 καὶτὸν
2697 3180 2832 3234 πόδα
2863 3180 3028 3234 αὑτοῦ
3061 3181 3295 3251 βαφῆναι
3336 3182 3393 3233 ἐν
3436 3181 3648 3251 αἵματι.

2093 3273 2131 3325 Ἱ
2138 3270 2428 3343 στορικὼτε
2437 3288 2526 3343 ρον
2546 3271 2600 3324 δὲ
2622 3269 2690 3324 τά
2709 3271 2886 3324 τοιάδε
2905 3272 3104 3343 γράφει
3126 3275 3154 3326 ὀ
3175 3272 3348 3340 λόγος.
3381 3272 3441 3326 Ἠ
3459 3270 3654 3340 γλῶσ-

2082 3377 2165 3415 σα
2187 3359 2307 3414 τῶν
2333 3359 2533 3414 κυνῶν
2555 3376 2671 3414 σου
2697 3359 2764 3424 ἐξ
2792 3358 3020 3429 ἐχθρῶν
3050 3362 3184 3429 παρ’
3217 3361 3423 3415 αὑτοῦ.
3465 3361 3651 3424 Κύνας

2087 3454 2184 3524 μὲν
2237 3454 2362 3516 τοὺς
2412 3453 2511 3524 τῆς
2539 3453 2732 3523 νοητῆς
2784 3452 3017 3524 ποίμνης
3049 3453 3288 3521 φύλακάς
3325 3470 3487 3525 φησι,
3523 3453 3656 3515 τοὺς

2084 3545 2269 3612 ἁγίους
2299 3545 2542 3616 κήρυκας
2560 3560 2574 3573 ·
2601 3537 2676 3596 ὧν
2702 3543 2758 3596 δὲ
2797 3544 2891 3598 καὶ
2922 3546 2954 3615 ἠ
2993 3544 3210 3611 γλῶσσα
3239 3543 3516 3615 μονονουχὶ
3556 3543 3653 3597 τοῦ

2084 3641 2313 3711 αἵματος
2345 3639 2450 3694 τῶν
2487 3639 2692 3710 νοητῶν
2721 3639 2927 3710 ἐχθρῶν
2950 3639 3294 3709 ἀπογεύεται.
3347 3640 3506 3708 Λέγει
3537 3637 3654 3704 οὖν,

2083 3730 2159 3794 ὼς
2211 3733 2490 3801 μονονουχὶ
2518 3729 2748 3784 θανάτου
2791 3729 2940 3784 αἰτία
2971 3731 3078 3784 τῶν
3110 3731 3362 3802 πονηρῶν
3385 3730 3658 3790 δαιμόνων

2085 3823 2372 3892 γενήσεται
2406 3824 2439 3892 ὴ
2469 3821 2576 3876 τῶν
2617 3822 2927 3876 ἀποστόλων
2957 3824 3126 3894 φωνή.

2169 3913 2618 3983 Ἐθεωρήθησαν
2648 3915 2710 3967 al
2746 3913 2976 3983 πορεῖαί
3004 3931 3140 3980 σου,
3169 3918 3201 3967 ὀ
3229 3915 3389 3981 Θεός.
3424 3914 3659 3984 Πορείας

2085 4005 2218 4058 Θεοῦ
2258 4023 2389 4076 φησι
2425 4004 2523 4067 τὰς
2551 4006 2608 4058 ἐν
2635 4007 2702 4076 τῇ
2738 4004 3015 4076 οἰκονομίᾳ
3049 4004 3274 4077 πράξεις
3324 4005 3621 4076 γενομένας
3642 4021 3657 4035 ⁶

2085 4091 2196 4150 οἷον
2219 4096 2317 4168 τὴν
2340 4096 2427 4150 διὰ
2455 4095 2727 4168 Παρθένου
2755 4095 3027 4160 ἀπότεξιν,
3057 4097 3157 4168 τήν
3188 4114 3246 4149 τε
3273 4097 3380 4150 τῶν
3413 4096 3662 4167 σημείων

2087 4187 2347 4258 ἐργασίαν
2365 4228 2380 4253 ,
2407 4188 2507 4258 τήν
2534 4203 2593 4239 τε
2617 4187 2879 4240 ἀνάϐασιν
2909 4187 3005 4258 τὴν
3033 4187 3126 4240 ἐπὶ
3147 4186 3245 4240 τοῦ
3272 4187 3534 4259 σταυροῦ,
3567 4187 3662 4242 τόν

2087 4296 2145 4332 τε
2177 4279 2404 4332 θάνατον
2436 4279 2528 4331 τὸν
2555 4278 2843 4348 γενόμενον
2863 4279 3239 4350 οἰκονομικῶς,
3269 4281 3366 4351 τήν
3392 4297 3449 4333 τε
3479 4282 3545 4334 ἐκ
3571 4296 3662 4335 νε-

2089 4369 2237 4442 κρῶν
2266 4369 2558 4423 ἀναϐίωσιν
2576 4410 2591 4432 ,
2630 4371 2724 4425 καὶ
2749 4370 2847 4441 τὴν
2870 4373 2950 4436 εἰς
2975 4373 3237 4444 οὐρανοὺς
3260 4371 3462 4426 ἄνοδον.
3520 4370 3662 4425 Ταύ-

431 4486 519 4525 sus
547 4467 641 4524 Dei
665 4468 787 4530 mei,
814 4467 948 4536 regis
971 4465 1072 4520 mei
1095 4465 1186 4534 qui
1222 4472 1300 4519 est
1335 4465 1392 4518 in
1419 4475 1622 4519 sancto.
1657 4461 1788 4517 Vide
1820 4477 1984 4531 quam

2089 4480 2186 4525 τας
2223 4461 2320 4525 τὰς
2349 4464 2572 4533 πορείας
2605 4465 2842 4536 φανερὰς
2872 4463 3199 4534 γεγενῆσθαί
3227 4479 3417 4534 φησιν’
3457 4465 3525 4517 Al
3554 4477 3664 4517 πο-

431 4568 611 4630 aperte
633 4572 758 4613 eum
789 4556 882 4625 qui
915 4556 1013 4610 hos
1047 4556 1326 4625 ingressus
1358 4552 1505 4617 facit,
1537 4564 1590 4608 et
1617 4551 1782 4606 Deum
1811 4561 1864 4606 ct
1900 4567 1986 4606 re-

432 4665 551 4720 gem
580 4662 700 4703 esse
729 4660 888 4702 suum
919 4644 1070 4699 dicit.
1101 4643 1391 4714 Ipsumque
1421 4644 1674 4713 praedicat
1709 4643 1762 4696 in
1798 4651 1987 4696 sancto

433 4753 574 4805 esse,
598 4738 648 4791 id
674 4735 833 4790 estin
865 4743 1047 4788 monte
1082 4730 1232 4799 Sina,
1273 4733 1427 4802 juxta
1460 4733 1512 4786 id
1542 4732 1684 4801 quod
1717 4739 1873 4785 antea
1904 4730 1990 4788 di-

434 4842 580 4885 ctum
609 4835 722 4882 est:
752 4827 1000 4879 Dominus
1037 4827 1088 4878 in
1109 4827 1205 4889 eis,
1231 4825 1285 4878 in
1317 4822 1466 4887 Sina,
1495 4825 1548 4877 in
1576 4833 1778 4876 sancto.

505 5095 595 5150 26.
623 5093 990 5150 Prcoeuerunt
1021 5094 1278 5161 principes
1315 5090 1580 5160 conjuncti
1623 5087 1994 5158 psallentibus.

428 5187 714 5256 Principes
738 5193 896 5238 vocat
915 5193 1132 5238 sanctos
1153 5183 1449 5252 apostolos,
1475 5181 1542 5235 de
1565 5181 1765 5250 quibus
1788 5180 1992 5234 dictum

436 5287 520 5333 est
537 5277 583 5309 ³⁸
602 5296 614 5309 ·
645 5277 942 5332 Constitues
969 5291 1054 5329 eos
1069 5275 1327 5344 principes
1353 5288 1508 5339 super
1531 5287 1732 5325 omnem
1759 5281 1991 5332 terram;

427 5368 727 5435 psallentes
771 5377 980 5430 autem,
1021 5380 1118 5420 eos
1149 5363 1242 5434 qui
1287 5362 1566 5416 rationalia
1607 5361 1870 5416 sacriticia
1904 5376 1998 5429 per

427 5462 626 5515 .‘Iaudes
668 5460 922 5516 oﬂerunt.
973 5460 1061 5514 Ait
1103 5459 1296 5532 igitur,
1322 5467 1674 5524 prwvenerunt
1714 5456 1994 5524 principes,

439 5560 494 5608 Μ
536 5565 620 5608 est
663 5557 870 5624 priores
914 5555 1234 5623 inceperunt
1278 5551 1650 5607 adorationem
1699 5551 1753 5604 in
1802 5548 1994 5620 spiritu

515 5727 561 5762 ³⁵
587 5727 730 5786 I‘sal.
763 5749 902 5799 mv,
919 5737 953 5789 'i
969 5737 1015 5789 7.

2081 4554 2237 4623 ρεῖαι
2259 4553 2364 4606 τοῦ
2404 4555 2548 4609 Θεοῦ
2567 4573 2707 4624 μου,
2738 4555 2843 4609 τοῦ
2861 4555 3164 4621 βασιλέως
3190 4574 3308 4625 μου
3336 4555 3440 4608 τοῦ
3487 4555 3558 4608 ἐν
3581 4553 3662 4619 τῷ

2093 4647 2257 4716 ἁγίῳ.
2280 4646 2441 4716 Ὅρα,
2463 4645 2538 4710 ὡς
2562 4648 2746 4716 σαφῶς
2763 4646 2948 4700 τοῦτον
2969 4647 3060 4699 τὸν
3079 4646 3176 4709 τὰς
3199 4646 3422 4717 πορείας
3442 4663 3669 4715 πεποιη-

2103 4739 2262 4809 μένον
2288 4738 2383 4791 καὶ
2415 4737 2548 4791 Θεὸν
2586 4733 2726 4791 εἷναί
2750 4755 2906 4809 φησι,
2931 4737 3027 4792 καὶ
3061 4735 3280 4807 βασιλέα
3306 4735 3520 4790 ἑαυτοῦ.
3552 4739 3664 4790 Καὶ

2100 4828 2261 4880 αὐτὸν
2297 4829 2555 4898 κηρύττει
2586 4829 2713 4882 ὄντα
2741 4828 2830 4881 τὸν
2876 4831 2933 4882 ἐν
2965 4827 3042 4898 τῷ
3087 4827 3253 4898 ἁγίῳ,
3303 4827 3576 4881 τουτέστιν
3605 4829 3666 4879 ὲν

2099 4920 2177 4988 τῷ
2201 4919 2317 4990 ὄρει
2347 4920 2496 4990 Σινᾷ,
2543 4919 2684 4973 κατὰ
2707 4919 2770 4972 τὸ
2797 4919 2971 4972 ὀπίσω
3007 4917 3321 4994 εἰρημένον·
3349 4919 3566 4986 Κύριος
3596 4918 3668 4970 ἐν

2097 5009 2329 5076 αὐτοῖς,
2355 5011 2426 5063 ἐν
2449 5009 2621 5078 Σινᾷ,
2645 5011 2714 5064 ἐν
2741 5010 2903 5080 ἁγίῳ.

2169 5099 2564 5170 Προέφθασαν
2627 5102 2912 5170 ἄρχοντες
2975 5100 3248 5170 ἐχόμενοι
3283 5102 3664 5169 ψαλλόντων.

2105 5193 2399 5262 Ἀρχοντας
2431 5189 2531 5262 μὲν
2559 5192 2684 5254 τοὺς
2727 5191 2915 5259 ἁγίους
2962 5191 3289 5254 ἀποστόλους
3336 5190 3506 5261 φησὶ,
3539 5189 3670 5258 περὶ

2102 5275 2176 5335 ιῖιν
2222 5281 2460 5352 εἴρηται·
2512 5281 2923 5349 Καταστήσας
2969 5282 3194 5350 αὐτοὺς
3228 5281 3521 5351 ἄρχοντας
3570 5278 3670 5331 ἐπὶ

2102 5372 2307 5428 πᾶσαν
2331 5373 2444 5442 τὴν
2472 5373 2587 5444 γῆν
2605 5392 2616 5403 ·
2660 5374 2958 5444 ψάλλοντας
2983 5376 3040 5428 δὲ
3065 5376 3186 5438 τοὺς
3202 5375 3301 5436 τὰς
3322 5373 3389 5427 δι’
3414 5373 3671 5434 αἰνέσεως

2102 5463 2522 5533 ἀναπέμποντας
2549 5462 2770 5530 λογικὰς
2799 5462 3008 5528 θυσίας.
3059 5463 3222 5532 Λέγει
3251 5458 3345 5516 οὖν
3378 5461 3453 5524 ὡς
3483 5463 3535 5514 οὶ
3568 5459 3672 5526 dp-

2102 5570 2312 5622 χοντες
2339 5553 2630 5622 ἔφθασαν,
2661 5554 2778 5624 ἤτοι
2809 5553 3040 5626 ἤρξαντο
3068 5553 3270 5625 πρῶτοι
3297 5553 3397 5626 τῆς
3422 5553 3481 5606 ἐν
3509 5548 3671 5605 πνεύ-
