3976 6220
281 380 372 437 50!

280 593 372 646 ότι.
418 592 513 644 Ἐν
537 589 708 660 μέσῳ
733 592 1019 646 νεανίδων
1039 592 1534 662 τυμπανιστριῶν.
1577 594 1834 656 Νεάνιδὰς

280 699 404 751 φησι
423 682 521 745 τὰς
547 683 636 736 διὰ
657 684 750 737 τοῦ
774 684 925 752 ἁγίου
947 683 1258 754 Πνεύματος
1292 684 1513 754 ἰσχυρὰς
1541 685 1836 754 γενομένας

278 775 378 826 τῶν
421 775 826 827 πιστευσάντων
875 775 1086 846 ψυχὰς,
1131 775 1228 839 τὰς
1273 776 1723 840 κατακτυπούσας
1758 776 1836 846 τῷ

279 866 610 936 εὐαγγελικῷ
640 865 952 937 κηρύγματι
976 867 1070 936 τὴν
1095 867 1183 918 ὑπ’
1207 867 1448 936 οὐρανόν.
1484 863 1581 919 Ὧν
1606 869 1663 920 ὲν
1688 869 1835 938 μέσῳ

278 958 558 1025 γεγόνασιν
593 960 643 1011 οί.
675 960 816 1026 ἆγιοι
849 959 1131 1012 ἀπόστολοι
1153 1000 1168 1023 ,
1207 958 1443 1029 δηλονότι
1465 960 1561 1030 τῆς
1587 959 1836 1032 λατρείας

279 1048 610 1118 ἐξάρχοντες.

351 1137 454 1190 Ἐν
485 1137 834 1204 ἐκκλησίαις
873 1137 1176 1206 εὐλογεῖτε
1209 1137 1314 1190 τὸν
1348 1139 1496 1192 Θεὸν
1525 1142 1740 1208 Κύριον
1767 1141 1834 1194 ἐκ

278 1225 478 1295 πηγῶν
514 1225 770 1294 Ἰσραήλ.
821 1228 998 1298 Πηγαὶ
1032 1229 1129 1299 μὲν
1152 1229 1245 1282 τοῦ
1288 1231 1500 1302 Ἰσραὴλ
1525 1228 1633 1284 εἷεν
1681 1231 1746 1285 ἂν
1786 1234 1833 1284 οἱ

280 1316 533 1387 μακάριοι
553 1317 841 1387 προφῆται,
860 1319 952 1371 καὶ
972 1319 1076 1388 πρό
1097 1335 1160 1386 γε
1183 1318 1383 1372 τούτων
1406 1323 1435 1373 6
1462 1321 1643 1390 νόμος.
1672 1322 1834 1389 Λέγει

276 1404 380 1472 οὖν,
410 1408 486 1470 ὡς
514 1407 731 1461 ἄλλοθεν
751 1409 808 1461 οὐ
832 1409 1104 1480 προσῆκεν
1128 1413 1255 1480 ἡμῖν
1283 1411 1373 1464 τὸν
1397 1411 1529 1464 Θεὸν
1559 1413 1590 1483 ἦ
1625 1414 1688 1466 ὲκ
1714 1412 1835 1466 τού-

276 1517 378 1552 των
427 1497 608 1552 αὐτῶν
658 1499 986 1570 ἀρυομένους
1021 1499 1353 1570 ὐμνολογεῖν.
1413 1501 1583 1554 Τοῦτο
1613 1503 1668 1556 δέ
1704 1519 1834 1573 φησι

275 1589 359 1642 διὰ
389 1588 458 1642 τὰ
487 1588 767 1659 ὲτερὸδοξα
795 1590 902 1642 τῶν
934 1590 1224 1660 αἱρετικῶν
1260 1593 1676 1664 συγγράμματα.
1741 1595 1835 1646 Ἐκ

276 1680 379 1751 γὰρ
403 1681 512 1733 τῶν
554 1680 788 1751 νομικῶν
821 1682 911 1734 καὶ
946 1681 1300 1753 ,προφητικῶν
1330 1682 1559 1754 Γραφῶν
1583 1685 1611 1736 6
1636 1683 1834 1754 Κύριος

275 1773 570 1840 εὐλογεῖται
617 1771 751 1844 πρὸς
797 1771 901 1824 τῶν
939 1771 1249 1842 δυναμένων
1291 1773 1499 1827 ἀντλεῖν
1551 1774 1610 1838 ἐξ
1657 1775 1834 1828 αὐτῶν

275 1860 538 1930 σωτηρίου
571 1858 750 1930 πηγὴν
783 1859 953 1912 οὐσῶν
982 1863 1097 1929 μετ’
1128 1862 1457 1932 εὐφροσύνης
1494 1861 1634 1936 ὕδωρ
1656 1903 1670 1924 .
1706 1865 1834 1935 περὶ
1863 1854 1905 1909 Β

272 1945 330 2004 οὐ
361 1950 547 2018 ἔλεγεν
583 1952 610 2003 6
650 1950 835 2021 Σωτήρ
856 1967 869 1980 ·
927 1952 1029 2015 Ὃς
1053 1949 1104 2002 δ’
1135 1945 1210 2004 ἂν
1245 1953 1347 2019 πίῃ
1382 1953 1448 2005 ἐκ
1482 1953 1587 2006 τοῦ
1618 1953 1832 2022 ὕδατος

274 2038 340 2096 οὗ
371 2041 487 2110 ἐγὼ
515 2039 718 2108 δίδωμι
745 2037 921 2104 αὐτῷ,
951 2040 1070 2105 ἔξει
1094 2042 1162 2094 ἐν
1181 2041 1368 2106 ἑαυτῷ
1393 2042 1593 2112 πηγὴν
1615 2043 1832 2110 ὕδατος

272 2129 608 2198 ἁλλομένου
651 2131 738 2194 εὶς
772 2127 922 2196 ζωὴν
947 2129 1202 2184 αἰώνιον.
1273 2129 1582 2198 Ἐλεγκτέον
1621 2132 1677 2186 δὲ
1708 2134 1834 2197 τοὺς

277 2218 605 2289 διαιροῦντας
645 2219 744 2290 τὴν
788 2219 1027 2273 Παλαιὰν
1055 2220 1147 2273 καὶ
1191 2221 1333 2274 Νέαν
1367 2221 1586 2294 Γραφὴν
1607 2263 1621 2284 ,
1660 2222 1736 2286 ὡς
1771 2223 1831 2275 οὐ

274 2311 518 2362 δύνανται
547 2311 604 2361 ἐν
647 2309 958 2379 ἐκκλησίαις
985 2311 1223 2380 εὐλογεῖν
1253 2312 1342 2366 τὸν
1371 2312 1530 2378 Θεὸν,
1558 2309 1657 2366 οὐκ
1683 2313 1832 2384 έχον-

273 2419 357 2464 τες
390 2401 488 2463 τὰς
519 2400 614 2454 τοῦ
647 2401 860 2471 Ἰσραὴλ
889 2401 1090 2472 πηγὰς,
1123 2403 1240 2456 οὐδὲ
1261 2405 1352 2458 τὸν
1386 2404 1587 2476 Κύριον
1619 2405 1826 2458 αὐτῶν⁹

275 2494 363 2546 ατε
397 2495 492 2546 καὶ
526 2493 624 2561 τὴν
658 2491 883 2562 Θεότητα
913 2494 1136 2565 διαιρεῖν
1159 2496 1480 2566 τολμῶντες.

335 2583 484 2636 Ἐκεῖ
502 2584 784 2652 Βενιαμὶν
801 2583 1075 2652 νεώτερος
1096 2585 1165 2638 ἐν
1186 2585 1488 2641 ἐκστάσει.
1508 2587 1682 2651 Ἐκεῖ,
1707 2588 1830 2655 ποῦ,

273 2675 303 2745 ἦ
329 2676 384 2726 ὲν
417 2674 567 2745 μέσῳ
587 2673 694 2726 τῶν
719 2674 1056 2742 ψαλλόντων;
1099 2677 1130 2728 Γ
1137 2676 1181 2740 ίς
1208 2676 1263 2729 δὲ
1289 2677 1317 2728 6
1341 2677 1648 2749 Βενιαμὶνῆ
1677 2681 1705 2732 ὁ
1733 2696 1834 2749 μα-

274 2765 458 2837 κάριος
491 2765 784 2827 ἀπόστολος
809 2765 1043 2830 Παῦλος,
1070 2769 1098 2818 6
1127 2768 1189 2820 ἐκ
1228 2768 1396 2839 φυλῆς
1427 2769 1710 2839 Βενιαμίν;
1760 2771 1833 2823 Τὸ

269 2858 324 2910 δὲ
355 2855 669 2923 νεώτερος.
709 2855 798 2908 διὰ
837 2856 898 2909 τὸ
941 2855 1160 2928 ὕστερον
1207 2857 1353 2928 αὐτῷ
1382 2859 1488 2912 τῶν
1521 2860 1831 2915 ἀποστόλων

270 2949 496 3019 ὀφθῆναι
516 2947 608 3000 τὸν
637 2946 856 3017 Κύριον.
917 2950 1018 3001 Ἐν
1040 2948 1322 3003 ἐκστάσει
1351 2951 1406 3004 δὲ
1434 2951 1521 3004 διὰ
1541 2952 1638 3016 τὰς
1664 2955 1831 3024 ὐπερ-

271 3039 427 3102 ϐολὰς
455 3039 562 3090 τῶν
593 3037 980 3107 ἁποκαλύψεών
1028 3056 1192 3111 φησι,
1243 3041 1382 3094 κατὰ
1413 3042 1473 3095 τὸ
1510 3044 1636 3115 παρ’
1669 3043 1830 3096 αὐτοῦ

269 3130 582 3201 εἰρημένον·
619 3129 756 3182 Εἴτε
799 3129 1128 3200 ἐξέστημεν
1156 3130 1308 3196 Θεῷ,
1339 3133 1457 3185 εἴτε
1493 3134 1832 3202 σωφρονοῦ-

266 3239 374 3289 μεν
398 3222 559 3290 ὑμῖν.
586 3222 822 3284 Εἰκότως
844 3221 899 3273 δὲ
926 3221 1087 3274 αὐτοῦ
1117 3222 1328 3294 πρώτου
1349 3225 1454 3278 τῶν
1480 3224 1650 3278 ἄλλων
1671 3225 1832 3295 ἐμνη-

273 3311 525 3380 μόνευσεν
543 3352 558 3374 ,
586 3310 678 3363 ᾶτε
708 3309 1086 3380 περισσότερον
1113 3311 1220 3363 τῶν
1250 3311 1421 3366 ἄλλων
1452 3314 1828 3378 κοπιάσαντος.

274 3405 582 3468 Ἄρχοντες
622 3401 805 3454 Ἰούδα
827 3402 1110 3469 ἡγεμόνες
1133 3400 1349 3454 αὐτῶν.
1383 3405 1671 3473 ’Ἄρχοντες
1705 3405 1832 3458 Ἰού-

266 3490 327 3544 δα
348 3492 529 3545 αὐτῶν
555 3493 660 3544 τῶν
685 3491 990 3560 ψαλλόντων
1021 3485 1302 3563 ἡγεμόνες,
1336 3495 1485 3564 φησὶ,
1514 3495 1608 3548 καὶ
1634 3495 1829 3566 ἄρχον-

269 3603 354 3649 τες
383 3584 884 3656 ἐχειροτονήθησαν.
924 3585 1028 3635 Ἐκ
1058 3600 1116 3635 τε
1138 3584 1236 3654 τῆς
1273 3579 1439 3636 Ἰούδα
1461 3584 1631 3653 φυλῆς
1651 3626 1666 3650 ,
1689 3585 1750 3636 ἐκ
1771 3601 1828 3638 τε

269 3678 362 3747 τῆς
385 3675 690 3738 Ζαϐουλὼν,
726 3675 788 3726 ἐκ
819 3691 877 3726 τε
901 3675 998 3744 τῆς
1022 3673 1352 3752 Νεφθαλείμ.
1383 3675 1492 3728 Καὶ
1515 3677 1579 3728 ἐκ
1601 3675 1698 3745 μὲν
1728 3677 1827 3728 Ζα-

267 3768 470 3827 ϐουλὼν
497 3766 593 3820 καὶ
621 3764 932 3833 Νεφθαλείμ
965 3764 1167 3834 Πέτρος
1199 3767 1291 3817 καὶ
1325 3765 1570 3835 Ἀνδρέας
1600 3767 1690 3818 καὶ
1723 3767 1827 3819 Ἰά-

268 3859 439 3922 κωϐος
466 3858 564 3911 καὶ
601 3857 850 3926 Ἰωάννης
871 3896 884 3916 .
926 3855 1061 3908 καθὸ
1086 3855 1148 3908 τδ
1195 3855 1520 3922 Εὐαγγέλιον
1557 3856 1734 3927 δηλοῖ·
1765 3860 1829 3911 ὲκ

265 3950 319 4004 δὲ
348 3949 522 4002 Ἰούδα
555 3950 583 4000 ὁ
609 3947 738 4000 Λευῒ
759 3985 775 4010 ,
827 3947 942 4016 ἦτοι
993 3945 1284 4009 Ματθαῖος,
1315 3947 1408 3998 καὶ
1437 3947 1486 3998 oi
1517 3947 1690 4020 ἕτεροι
1721 3950 1828 4003 τῶν

266 4039 597 4096 ἀποστόλων.

1296 385 1655 447 EXPOSlTlO
1695 393 1762 447 IN
1799 395 2126 456 PSALMUM
2165 402 2367 464 LXVII.

283 516 403 570 ματι
425 499 519 553 καὶ
551 499 780 571 ἀληθείᾳ
812 499 1080 570 λατρείας,
1114 500 1212 571 τῆς
1241 502 1598 572 εὐαγγελικῆς
1650 502 1834 572 δηλον-
1865 509 1910 564 Α
1937 535 1989 578 ει
2009 526 2235 580 veritate
2253 527 2297 558 ss

3397 393 3502 450 502

2306 568 2318 590 ,
2365 527 2414 580 id
2437 537 2520 582 est
2549 528 2932 592 cvangelicam.
2961 528 3025 583 In
3057 531 3223 584 medio
3246 547 3500 600 μετρητα-

1935 618 2107 668 larum
2133 619 2639 686 tympanistriarum.
2658 619 2984 676 Juvenculas
3002 621 3133 676 dicit
3159 621 3492 676 credentium

1934 705 2164 770 animas,
2206 722 2326 775 qua:
2367 723 2463 777 per
2505 707 2764 778 Spiritum
2819 718 3066 764 sanctum
3103 712 3267 766 fortes
3299 711 3498 765 effecta

1935 806 2080 860 sunt,
2110 814 2229 866 qua:
2255 813 2390 853 sono
2419 802 2742 869 evangelicae
2770 801 3169 870 praedicationis
3203 802 3388 856 orbem
3421 818 3497 854 rc.

1934 890 2230 958 pleverunt.
2269 890 2325 944 In
2361 906 2592 960 quarum
2634 893 2814 946 medio
2859 891 3008 946 fuere
3046 894 3216 946 sancti
3245 893 3494 960 apostoli,

1937 988 2122 1048 utpote
2150 980 2484 1035 adorationis
2513 982 2808 1052 principes.

2011 1157 2099 1212 27.
2134 1157 2199 1210 In
2224 1159 2450 1212 ecclesiis
2482 1159 2762 1213 benedicite
2789 1158 2894 1213 Deo
2923 1159 3143 1214 Domino
3171 1160 3235 1213 de
3264 1157 3494 1229 fontibus

1937 1248 2124 1304 Israel.
2149 1249 2348 1305 Fontes
2381 1251 2543 1305 Israel
2568 1249 2769 1305 fuerint
2796 1251 2938 1304 beati
2971 1256 3265 1321 prophetae,
3290 1259 3343 1305 et
3372 1261 3496 1304 ante

1934 1355 2028 1396 eos
2061 1342 2167 1396 lex.
2208 1342 2343 1395 Dicit
2373 1341 2555 1410 igitur,
2592 1357 2933 1410 nequaquam
2975 1357 3074 1410 par
3109 1357 3229 1395 esse
3265 1345 3493 1412 hymnos

1935 1430 2151 1484 aliunde
2181 1445 2342 1499 quam
2387 1445 2451 1483 ex
2486 1430 2552 1484 iis
2581 1431 2806 1484 haustos
2855 1429 3049 1484 oll‘erre
3075 1429 3208 1484 Deo.
3249 1427 3364 1483 Hoc
3392 1445 3490 1481 au-

1935 1533 2044 1579 tem
2090 1525 2165 1576 ait
2212 1533 2428 1592 propter
2478 1523 2804 1577 heterodoxa
2854 1523 3232 1577 hatreticorum
3269 1522 3490 1591 scripta.

1934 1612 2009 1666 Ex
2044 1613 2306 1682 legalibus
2343 1614 2541 1682 quippe
2585 1613 3024 1682 propheticisque
3054 1612 3352 1681 Scripturis
3387 1611 3493 1664 Do-

1933 1705 2081 1758 mino
2105 1703 2440 1759 benedicitur
2455 1706 2522 1757 ab
2547 1704 2613 1757 iis
2637 1704 2729 1772 qui
2755 1711 2981 1772 possunt
3007 1718 3073 1756 ex
3101 1703 3205 1756 illis
3226 1717 3347 1771 quae
3367 1712 3492 1756 sunt

1935 1793 2058 1850 fons
2090 1795 2301 1855 salutis,
2345 1807 2538 1863 aquam
2585 1807 2708 1848 curn
2765 1792 2948 1846 laetitia
2995 1793 3234 1856 haurire,
3271 1792 3337 1846 de
3383 1807 3488 1861 qua

1934 1887 2065 1941 dicit
2103 1884 2350 1938 Salvator
2381 1885 2465 1938 “z
2503 1882 2607 1948 Qui
2641 1883 2822 1937 biberit
2847 1899 2912 1936 ea:
2954 1899 3093 1952 aqua
3120 1899 3275 1951 quam
3311 1899 3401 1952 ego
3424 1883 3490 1934 de

1933 1977 2002 2039 ei,
2036 1976 2240 2029 habebit
2280 1977 2336 2028 in
2368 1975 2535 2044 seipso
2577 1975 2771 2043 fontem
2816 1975 2935 2028 vita:
2975 1975 3214 2027 salientis
3250 1975 3305 2027 in
3332 1974 3489 2028 vitam

1933 2077 2202 2123 cateruam.
2255 2066 2593 2136 Coarguendi
2659 2075 2837 2121 autem
2905 2073 3033 2121 sunt
3096 2066 3189 2136 qui
3247 2065 3492 2120 dividunt

1933 2169 2163 2214 veterem
2199 2159 2532 2228 Scripturam
2587 2173 2619 2212 a
2659 2144 2832 2224 nova,
2879 2157 3023 2227 quod
3061 2172 3167 2211 non
3197 2157 3408 2226 possint
3437 2157 3488 2209 in

1933 2250 2176 2306 ecclesiis
2211 2249 2529 2303 benedicere
2565 2247 2696 2312 Deo,
2737 2263 2860 2302 cum
2896 2261 3004 2302 non
3045 2247 3280 2301 habeant
3315 2245 3490 2299 fontes

1933 2341 2171 2407 lsraelis,
2188 2357 2362 2412 neque
2378 2334 2668 2396 Dominum
2687 2354 2895 2405 eorum,
2919 2347 3102 2407 utpote
3127 2338 3218 2408 qui
3235 2337 3486 2392 deitatem

1931 2433 2170 2489 dividere
2198 2447 2304 2487 non
2334 2431 2587 2486 audeant.

2003 2613 2092 2668 28.
2124 2611 2152 2667 1
2159 2615 2209 2668 bi
2227 2613 2504 2683 Benjamin
2525 2611 2944 2666 adolescentulus
2964 2613 3020 2664 in
3049 2613 3234 2665 mentis
3255 2627 3486 2666 excessu.

1933 2702 2038 2766 Ibi,
2067 2703 2285 2758 ubinam
2312 2703 2417 2756 nisi
2447 2702 2501 2756 in
2521 2701 2698 2756 medio
2721 2700 3111 2770 psallentium?
3132 2699 3266 2767 Quis
3291 2709 3370 2756 est
3394 2717 3490 2754 aud

1931 2803 2036 2848 tem
2062 2793 2359 2863 Beniamin,
2383 2792 2488 2846 nisi
2513 2791 2704 2846 beatus
2735 2790 2937 2846 Paulus
2956 2793 3048 2860 qui
3074 2806 3141 2844 ex
3171 2792 3314 2845 tribu
3346 2790 3488 2846 Ben-

1925 2881 2096 2952 jamin
2147 2883 2300 2937 erat?
2347 2881 2480 2936 Illud
2523 2892 2725 2947 autem,
2773 2882 3212 2947 adolescentulus,
3267 2883 3486 2942 dicitur.

1931 2975 2058 3044 quia
2084 2974 2183 3043 ipsi
2208 2982 2329 3043 post
2351 2973 2487 3029 alios
2512 2974 2784 3043 apostolos
2814 2974 2967 3028 visus
2993 2981 3076 3027 est
3105 2973 3390 3028 Dominus.
3421 2971 3487 3027 .1:

1930 3081 2141 3119 excessu
2159 3075 2335 3119 autem
2359 3063 2576 3128 dicitur,
2595 3065 2664 3118 ob
2682 3065 3064 3119 revelationum
3091 3065 3485 3127 excellentiam,

1927 3157 2080 3226 juxta
2108 3157 2235 3211 illud
2262 3157 2329 3209 ab
2353 3170 2418 3211 eo
2435 3156 2635 3210 dictum
2658 3175 2671 3212 :
2701 3153 2818 3209 Sive
2850 3165 3015 3209 mente
3041 3156 3334 3211 excedimus
3356 3155 3485 3218 Deo.

1931 3256 2036 3308 sive
2062 3255 2318 3322 sapientes
2346 3269 2526 3306 sumus
2549 3251 2688 3306 vobis
2713 3251 2780 3305 ³⁷.
2804 3250 2933 3306 Jure
2956 3264 3135 3306 autem
3157 3252 3307 3306 illum
3339 3252 3488 3321 prius

1893 3355 2092 3418 'quam
2133 3345 2268 3399 alios
2315 3351 2601 3406 memorat,
2636 3342 2763 3412 quia
2803 3342 3168 3398 abundantius
3197 3358 3360 3412 quam
3396 3344 3486 3396 alii

1930 3434 2214 3489 laboravit.
2265 3431 2532 3498 Principes
2577 3429 2723 3483 Juda
2770 3431 2925 3483 duces
2972 3445 3172 3483 eorum.
3208 3428 3487 3498 Principes

1930 3525 2086 3586 Juda,
2120 3523 2461 3594 psallentium
2504 3523 2690 3582 duces,
2727 3521 2922 3590 inquit,
2952 3531 3008 3575 et
3049 3521 3320 3590 principes
3356 3535 3488 3574 con-

1934 3620 2108 3675 stituti
2141 3628 2286 3672 sunt.
2317 3616 2396 3670 Ex
2422 3616 2564 3670 tribu
2599 3614 2760 3681 Juda,
2792 3631 2856 3669 ex
2895 3614 3038 3668 tribu
3072 3612 3310 3666 Zabulon
3344 3622 3399 3666 et
3423 3628 3486 3666 ex

1935 3712 2076 3766 tribu
2121 3709 2428 3778 Nephthali.
2480 3706 2545 3760 Et
2591 3722 2658 3760 ex
2697 3706 2841 3760 tribu
2885 3706 3102 3774 quidem
3157 3703 3396 3758 Zabulon
3435 3715 3487 3756 et

1931 3802 2178 3873 Nephtali
2201 3811 2353 3855 erant
2373 3800 2584 3863 Petrus,
2606 3798 2871 3862 Andreas,
2898 3795 3135 3852 Jacobus
3158 3805 3212 3850 et
3229 3794 3486 3853 Joannes.

1933 3894 2075 3949 sicut
2096 3890 2442 3960 Evangelium
2488 3889 2728 3943 declarat
2757 3888 2822 3940 ³⁸.
2852 3885 2928 3939 Ex
2966 3885 3108 3941 tribu
3141 3885 3302 3948 Juda,
3335 3883 3483 3948 Levi,

1933 3983 2049 4054 sive
2069 3981 2374 4041 Matthaeas,
2401 3987 2456 4032 et
2482 3978 2572 4032 alii
2609 3977 2860 4047 apostoli.

337 4132 661 4193 Ἐντειλαι,
685 4129 718 4182 ὀ
744 4129 906 4196 Θεὸς,
935 4127 1008 4196 τῇ
1037 4127 1282 4197 δυνάμει
1307 4144 1441 4182 σου.
1471 4130 1706 4202 Δύναμιν
1733 4136 1826 4189 τοῦ

1997 4137 2088 4192 ‘29.
2115 4134 2334 4191 Mando.
2367 4129 2527 4196 Deus,
2550 4130 2733 4184 uirtuti
2765 4137 2886 4181 tute.
2906 4125 3172 4180 Virtutem
3193 4123 3370 4178 Patris
3392 4122 3453 4177 FZ
3478 4154 3485 4162 -

269 4224 475 4295 Πατρὸς
531 4224 622 4275 τὸν
669 4223 793 4276 Υἰόν
828 4240 994 4294 φησι,
1043 4223 1181 4276 κατὰ
1227 4223 1308 4276 τόο
1368 4225 1618 4292 Χριστὸς
1676 4229 1821 4283 Θεοῦ

267 4313 516 4384 δύναμις
561 4314 660 4367 καὶ
695 4313 842 4366 Θεοῦ
893 4315 1096 4382 σοφία.
1154 4313 1469 4384 Παρακαλεῖ
1516 4317 1694 4369 τοίνυν
1732 4319 1823 4372 τὸν

267 4407 482 4478 Πατέρα
505 4409 533 4459 6
559 4402 912 4468 ἁποστολικὸς
943 4405 1121 4475 χορὸς,
1159 4405 1244 4458 ἵνα
1284 4405 1574 4479 δυναμὼσῃ
1625 4410 1830 4475 αὐτοῖς,

267 4497 295 4548 ὅ
326 4495 689 4566 κατήρτισεν
711 4496 930 4561 αὐτοῖς.
983 4496 1047 4548 Τί
1069 4497 1125 4549 δὲ
1153 4497 1476 4568 κατήρτισεν
1502 4501 1683 4564 αὐτοῖς
1713 4502 1746 4572 ἢ
1773 4503 1834 4556 τὸ

268 4588 452 4656 σῶμα;
513 4586 764 4640 Αίτοῦσιν
796 4584 886 4641 οῦν
950 4587 1047 4657 τῆς
1079 4586 1282 4659 φθορᾶς
1314 4589 1694 4654 ἀπαλλάξαντα
1735 4595 1833 4664 τὴν

263 4677 573 4749 ἀφθαρσίαν
600 4676 834 4739 ἐνδῦσαι,
862 4675 890 4728 ὃ
919 4679 1010 4730 καὶ
1033 4679 1244 4748 ποιήσει
1279 4681 1308 4731 6
1350 4679 1549 4751 Κύριος
1596 4683 1684 4734 ὅτε
1732 4700 1831 4736 κα-

263 4767 559 4837 ταδήσεται
589 4768 648 4834 ἐξ
677 4767 925 4839 οὐρανοῦ,
982 4769 1074 4820 καὶ
1131 4768 1178 4820 οἱ
1221 4771 1402 4839 νεκροὶ
1449 4771 1831 4843 ἐγερθήσονται

263 4858 546 4930 ἄφθαρτοι.

342 4951 475 5004 Ἀπὸ
497 4949 606 5005 τοῦ
627 4949 777 5004 ναοῦ
805 4965 918 5004 σου
937 4949 1034 5003 ἐπὶ
1063 4946 1443 5021 Ἰερουσαλήμ
1469 4968 1567 5006 σοι
1589 4953 1832 5007 οῑσουσι

260 5041 540 5107 ,ϐασιλεῖς
572 5039 749 5108 δῶρα.
801 5041 946 5093 Ναὸν
1004 5039 1101 5111 μὲν
1133 5041 1296 5094 αὐτοῦ
1351 5043 1448 5108 τὴν
1507 5043 1830 5112 Ἐκκλησίαν

263 5134 415 5203 φησὶ,
447 5131 708 5204 βασιλέας
761 5131 817 5184 δὲ
859 5133 984 5194 τοὺς
1029 5131 1418 5196 πιστεύσαντας
1463 5135 1541 5197 εἰς
1599 5133 1830 5204 Χριστὸν

261 5222 422 5290 λέγει,
451 5223 596 5278 κατὰ
620 5222 683 5274 τὸ
709 5222 993 5293 εἰρημένον
1027 5224 1208 5286 αὐτοῖς
1238 5239 1251 5252 ·
1297 5223 1494 5292 ’Υμεῖς
1549 5224 1616 5276 δὲ
1646 5225 1830 5288 βασί-

261 5317 424 5369 λειον
448 5314 780 5382 ἱεράτευμα.
813 5313 978 5382 Ψησὶν
1003 5307 1114 5376 οῦν,
1162 5313 1236 5376 ὡς
1269 5315 1315 5365 οἱ
1363 5313 1683 5384 κεκλημένοι
1739 5312 1827 5366 διὰ

262 5405 357 5476 τῆς
387 5407 624 5469 πίστεως
673 5405 779 5458 ἀπὸ
826 5403 917 5456 τοῦ
962 5403 1199 5471 ἐπιγείου
1252 5403 1398 5466 ναοῦ,
1461 5402 1698 5456 τουτέστι
1730 5404 1828 5474 τῆς

274 5492 615 5569 Ἐκκλησίας,
650 5497 730 5560 εἰς
783 5495 879 5567 τὴν
931 5495 1041 5548 ἄνω
1087 5493 1433 5566 Ἰερουσαλὴμ.
1488 5494 1632 5564 δῶρα
1679 5491 1826 5564 αὐτῷ

263 5589 704 5660 προσκομίσουσι·
741 5587 896 5655 δῆλον
917 5586 995 5651 δὲ,
1017 5587 1096 5639 ὅτι
1118 5587 1299 5657 νοητά.

333 5718 376 5752 ⁸³
403 5720 559 5791 Joan.
593 5736 672 5782 Iv,
706 5720 824 5791 25.,
909 5722 951 5754 '°
978 5723 1105 5778 ibid.
1138 5723 1223 5791 l3,
1256 5725 1338 5778 Η.

260 5785 338 5843 ὐ2.
398 5792 436 5822 ”
465 5792 480 5843 Ι
514 5790 663 5846 Petr.
709 5805 768 5856 ιι,
804 5790 858 5846 9.

1441 5725 1480 5757 ’7
1514 5723 1551 5777 ll
1579 5721 1704 5780 Cor.
1730 5723 1892 5789 v3.13.
1924 5781 1955 5793 ί,
1979 5723 2023 5755 ³⁸
2057 5719 2248 5777 Matth.
2291 5737 2366 5785 tv,
2394 5721 2482 5774 15.

1931 4234 2064 4288 lium
2119 4229 2271 4292 dicit,
2293 4228 2448 4297 juxta
2491 4224 2662 4280 illud:
2697 4222 2936 4279 Christus
2982 4219 3077 4274 Dei
3101 4221 3268 4273 virtus
3295 4229 3341 4272 et
3389 4218 3480 4272 De"

1929 4324 2188 4394 sapientia
2212 4321 2278 4373 ³³.
2321 4318 2494 4388 Rogat
2524 4319 2706 4386 itaque
2740 4315 2949 4368 Patrem
2985 4311 3316 4382 apostolicus
3353 4311 3485 4366 cho-

1934 4428 2030 4468 rus
2073 4419 2133 4465 ut
2178 4409 2460 4465 conﬁrmet
2512 4407 2565 4460 in
2618 4406 2718 4471 eis,
2749 4403 2885 4474 quod
2920 4411 3161 4470 operatus
3190 4411 3266 4455 est
3303 4403 3356 4454 in
3390 4403 3484 4456 eis.

1935 4503 2072 4571 Quid
2099 4510 2355 4571 operatus
2393 4507 2477 4553 est
2509 4497 2622 4552 sive
2647 4495 2874 4565 perfecit
2905 4494 2962 4547 in
2987 4493 3088 4556 eis,
3116 4493 3216 4546 nisi
3251 4493 3490 4561 corpus?

1933 4594 2211 4650 Postulant
2245 4594 2426 4661 itaque
2473 4597 2533 4642 ut
2559 4587 2752 4641 liberet
2807 4586 2953 4654 ipsos
2983 4600 3012 4638 a
3043 4583 3406 4653 corruptione,
3437 4597 3484 4635 ci

1934 4685 2122 4739 induat
2152 4677 2633 4749 incorruptionem,
2658 4674 2802 4745 quod
2835 4675 3077 4729 facturus
3111 4672 3374 4727 Dominus
3407 4687 3488 4724 est

1935 4792 2056 4832 cum
2081 4773 2373 4830 descendet
2411 4785 2479 4825 ex
2506 4769 2644 4825 caelo
2671 4777 2724 4822 et
2753 4767 2952 4822 mortui
2981 4776 3264 4835 resnrgent
3310 4766 3487 4821 incor-

1933 4867 2080 4937 rupti
2101 4859 2164 4918 ⁶⁰.
2344 4856 2375 4886 ⁸

2005 4959 2094 5012 50.
2124 4957 2168 5010 Α
2204 4955 2396 5024 templo
2428 4965 2517 5008 tuo
2560 4955 2616 5006 in
2653 4950 2946 5006 Jerusalem
2981 4950 3076 5003 tibi
3106 4950 3245 5018 offer.
3265 4960 3319 5002 nt
3349 4965 3486 5015 reges

1931 5065 2167 5103 munera.
2207 5045 2487 5116 Templum
2537 5059 2697 5098 suum
2750 5042 2882 5096 dicit
2937 5040 3281 5105 Ecclesiam;
3335 5054 3487 5107 rcges

1931 5153 2080 5201 vero,
2122 5151 2217 5189 eos
2251 5135 2344 5202 qui
2385 5132 2733 5189 crediderunt
2780 5131 2832 5184 in
2877 5129 3194 5194 Christum;
3243 5128 3398 5197 juxta
3434 5128 3483 5178 id

1929 5228 2073 5296 quod
2105 5227 2306 5281 dictum
2337 5235 2420 5280 est
2446 5225 2552 5279 illis
2575 5223 2653 5276 "z
2693 5221 2793 5278 Vos
2826 5233 3000 5277 autem
3034 5221 3206 5292 regale
3242 5218 3482 5271 sacerdo-

1932 5322 2082 5374 tium.
2110 5317 2200 5372 Ait
2229 5318 2393 5387 igitur
2415 5332 2508 5372 eos
2533 5317 2625 5386 qui
2650 5331 2746 5386 per
2772 5317 2930 5371 tidem
2953 5313 3128 5368 vocati
3159 5320 3284 5365 sunt
3315 5324 3343 5362 a
3375 5320 3482 5362 ter-

1930 5426 2062 5464 reno
2085 5409 2304 5478 templo,
2323 5408 2373 5462 id
2397 5416 2478 5462 est
2500 5405 2760 5472 Ecclesia,
2780 5407 2843 5459 ad
2876 5416 3164 5474 supernam
3184 5399 3488 5454 Jerusalem

1929 5499 2071 5553 dona
2105 5497 2205 5576 ipsi
2235 5497 2517 5552 oblaturos
2543 5511 2686 5552 esse.
2717 5495 2974 5548 nimirum
3009 5480 3333 5560 svpiritualia.

2601 5719 2644 5749 ⁸⁹
2673 5714 2840 5770 lCor.
2873 5731 2910 5780 ι,
2953 5711 3060 5766 τι.
3098 5711 3145 5740 ⁸⁸
3186 5707 3206 5763 l
3236 5711 3364 5769 Cor.
3392 5724 3489 5776 ιτ,
