3976 6220
444 403 552 463 503

1275 394 1330 447 S.
1373 390 1736 445 ATllANASll
1779 388 1924 443 OPP.
1966 388 2147 443 PARS
2183 388 2270 444 Ill.
2313 419 2381 428 —
2418 386 2824 443 EXEGETICA.

3523 380 3531 389 ’
3556 413 3662 465 304

528 502 910 573 Ἐπιτίμησον
937 506 1058 571 τοῖς
1089 507 1315 576 θηρίοις
1362 508 1467 561 τοῦ
1495 506 1788 576 καλάμου.
1833 506 2009 562 Ἐπει-

2179 507 2267 563 5i.
2299 507 2518 579 Increpa
2550 509 2689 578 feras
2714 508 3009 562 arundinis.
3041 506 3306 574 Quoniam
3353 505 3504 560 multi
3535 516 3667 560 sunt

444 594 507 666 δὴ
533 594 712 649 πολλοί
736 597 786 649 οἰ
818 600 883 668 τῇ
914 599 1053 651 κατὰ
1076 599 1208 653 Θεὸν
1252 600 1494 671 πολιτεία
1549 600 1657 654 τῶν
1684 600 2010 668 ἁγίων-δυσ-

450 687 808 759 μεναίνοντες,
854 692 947 744 καὶ
1000 692 1230 763 μάλιστα
1284 695 1332 746 οἱ
1390 693 1686 763 ἀκάθαρτοι
1741 692 2008 762 δαίμονες,

444 779 631 832 τούτου
690 781 848 852 χάριν
900 777 1115 853 εὔχεται
1160 782 1547 854 ἐπιτιμηθῆναι
1598 783 1794 847 αὐτοὺς
1851 782 2012 852 θηρία

446 871 601 936 ὄντας
619 872 885 942 καλάμου.
916 874 1175 946 Κάλαμος
1196 876 1251 929 δέ
1301 877 1462 941 τόπος
1524 875 1671 929 ἐστὶν
1698 877 1755 928 ἐν
1804 877 1869 944 τῇ
1904 875 2014 927 Ha-

446 960 788 1035 ).αιστίνῃ,ὃν
837 964 1086 1018 διώδευον
1137 967 1186 1018 οἰ
1220 967 1460 1030 ἀνιόντες
1507 967 1587 1029 εἰς
1635 963 2009 1036 Ἰερουσαλήμ.

447 1046 615 1117 Οὗτος
638 1053 694 1106 δὲ
741 1052 804 1125 δὴ
853 1055 881 1107 ὁ
919 1055 1162 1127 κάλαμος
1210 1057 1306 1111 καὶ
1363 1056 1559 1128 μεστὸς
1600 1056 1827 1109 λεόντων
1867 1055 2013 1108 ἐστὶν

446 1144 868 1215 ἐμερωλευόντων
896 1146 1046 1218 παρὰ
1069 1146 1130 1200 τὸ
1153 1147 1292 1211 ἐλοςο
1317 1148 1365 1201 οἳ
1397 1148 1496 1202 καὶ
1532 1146 1883 1200 ἐπεϐούλευον
1903 1148 2014 1208 τοῖς

447 1233 685 1288 ἀνιοῦσιν
714 1237 796 1297 εἰς
857 1236 1233 1309 Ἰερουσαλήμ.
1293 1239 1500 1311 ’Ὠσπερ
1551 1234 1642 1292 οὖν
1682 1241 1795 1301 τοῖς
1829 1239 1886 1291 ἐν
1944 1240 2010 1308 τῇ

460 1325 808 1398 Ἰερουσαλὴμ
828 1327 1067 1382 ἀνιοῦσιν
1108 1328 1460 1384 ἐπεϐούλευον
1486 1331 1535 1382 οἰ
1585 1328 1815 1393 λέοντες.
1844 1327 2015 1391 οὕτως

448 1419 543 1472 καὶ
591 1421 707 1482 τοῖς
731 1420 789 1472 ἐν
818 1422 885 1490 τῇ
918 1424 1080 1492 νοητῇ
1139 1421 1486 1494 Ἰερουσαλὴμ
1529 1420 1767 1474 ἀνιοῦσιν
1800 1420 2015 1473 ἐπιϐου-

447 1507 692 1562 λεύουσιν
718 1510 767 1563 οἱ
796 1511 977 1579 νοητοὶ
1023 1510 1252 1586 λέοντες.
1302 1512 1363 1567 Ἠ
1389 1509 1707 1581 συναγωγὴ
1735 1508 1854 1562 τῶν
1879 1510 2017 1562 ταύ-

444 1617 565 1668 ρων
592 1600 662 1655 ἐν
681 1601 810 1667 ταῖς
857 1601 1150 1670 δαμάλεσι
1182 1603 1300 1657 τῶν
1342 1600 1527 1657 λαῶν.
1578 1601 1825 1673 Ἐτέρους
1858 1603 2011 1654 ἐναν-

446 1693 594 1758 τίους
613 1693 692 1765 τῷ
725 1694 1041 1767 κηρύγματι
1067 1713 1217 1767 φησι.
1271 1696 1427 1759 Τίνες
1477 1695 1533 1748 δὲ
1572 1689 1736 1757 οὗτοι.
1770 1693 1803 1765 ἦ
1837 1694 1887 1746 οἰ
1919 1694 2016 1763 ἄρα

446 1800 630 1853 χοντες
655 1784 750 1838 τοῦ
781 1785 888 1839 τῶν
917 1785 1180 1840 Ἰουδαίων
1204 1786 1399 1857 δήμου,
1424 1786 1475 1839 οἳ
1506 1785 1601 1838 καὶ
1627 1784 1816 1857 ταῦροι
1844 1800 2014 1857 προσ-

445 1874 816 1946 ηγορεύθησαν
836 1892 851 1942 ;

448 1965 649 2020 Ὅτιδέ
678 1967 870 2041 ταῦροι
894 1967 1432 2041 προσηγορεύθησαν,
1467 1968 1622 2041 δῆλον
1643 1970 1707 2022 ἐκ
1758 1966 1873 2022 τοῦο
1906 1971 2016 2021 Πε-

445 2056 859 2122 ριεκύκλωσάν
901 2076 979 2129 με
1020 2061 1243 2129 μόσχοι
1288 2059 1529 2123 πολλοὶ,
1586 2058 1787 2127 ταῦροι
1812 2058 2016 2124 πίονες

447 2147 770 2217 περιέσχον
788 2166 887 2218 με,
942 2149 1136 2214 οἵτινες
1163 2151 1258 2203 καὶ
1284 2151 1345 2204 τὸ
1401 2149 1598 2220 πλῆθος
1626 2151 1707 2212 εἰς
1733 2149 1825 2202 τὸν
1874 2148 2015 2203 κατὰ

443 2237 553 2292 τῶν
575 2238 830 2311 κηρύκων
858 2240 1076 2313 ἔγειραν
1108 2242 1361 2313 πόλεμον.
1421 2242 1527 2296 Τοῦ
1591 2242 2016 2312 ἑκκλεισθῆναι

444 2327 587 2395 τοὺς
612 2328 1158 2401 δεδοκιμασμένους
1176 2331 1256 2398 τῷ
1276 2333 1553 2402 ἀργυρίῳ.
1588 2332 1873 2405 Ἀργύριον
1917 2334 2015 2405 μὲν

444 2421 513 2474 τὰ
542 2420 662 2475 θεῖα
704 2421 878 2490 λόγια.
932 2422 1098 2492 Λέγει
1123 2423 1199 2477 δέ*
1224 2424 1323 2479 Διὰ
1347 2423 1504 2477 τοῦτο
1545 2425 1864 2496 ἐπιτίμησον
1906 2429 2017 2490 τοῖς

443 2514 651 2585 νοητοῖς
676 2515 769 2568 καὶ
800 2514 1076 2585 αἰσθητοῖς
1125 2510 1373 2587 ἐχθροῖς,
1407 2518 1556 2580 ὅπως
1584 2515 1650 2570 ἂν
1710 2516 1784 2588 μὴ
1826 2520 1873 2571 οἰ
1922 2517 2014 2570 τοῦ

445 2604 774 2676 Εὐαγγελίου
797 2607 1037 2678 κήρυκες
1082 2607 1472 2676 συγκλεισθῶσι
1494 2607 1588 2662 τοῦ
1626 2608 1699 2680 μὴ
1729 2608 2017 2680 κηρύττειν

443 2696 544 2751 ἔτι.
582 2698 655 2750 "H
681 2698 774 2751 καὶ
818 2697 1007 2762 οὕτως’
1071 2699 1444 2770 Ἐπιτίμησον,
1495 2700 1650 2770 φησι,
1698 2701 1906 2764 τούτοις
1956 2718 2016 2754 τε

436 2787 738 2852 κάκείνοις·
768 2789 917 2852 ὅπως
948 2790 1015 2843 ἂν
1039 2791 1114 2861 μὴ
1143 2789 1498 2844 ἐκκλεισθῶσι
1527 2791 1621 2844 τοῦ
1649 2791 1936 2863 κηρύττειν
1965 2794 2015 2846 οἱ

434 2882 703 2953 κήρυκες.
743 2883 1190 2948 Διασκόρπισον
1227 2882 1371 2951 ἔθνη
1418 2882 1490 2936 τὰ
1521 2881 1664 2946 τοὺς
1718 2882 2017 2953 πολέμους

434 2971 721 3028 θέλοντα.
775 2972 858 3026 Τὰ
895 2972 1061 3045 νοητὰ
1115 2972 1374 3043 δηλονότι·
1439 2972 1744 3042 πολέμους
1791 2973 1851 3027 δὲ
1892 2975 2017 3039 τοὺς

438 3063 584 3117 κατὰ
613 3064 721 3118 τῶν
740 3064 927 3134 ἁγίων.

517 3155 762 3220 Ἥξουσι
792 3155 1069 3223 πρέσϐεις
1110 3154 1179 3220 ἐξ
1214 3153 1534 3224 Αἰγύπτου,
1567 3155 1840 3211 Αἰθιοπία
1870 3171 2014 3224 προ-

2109 598 2180 664 ei,
2214 600 2358 670 quod
2399 601 2695 656 secundum
2738 600 2905 654 Deum
2948 609 3052 667 est,
3077 609 3384 654 sanctorum
3412 598 3662 652 instituto

2111 691 2346 754 inimici,
2392 692 2733 761 maximeque
2774 691 2972 761 impuri
3019 692 3325 752 daemones;
3356 689 3475 741 ideo
3510 696 3666 756 rogat

2110 801 2205 840 eos
2250 799 2347 839 ceu
2391 784 2533 839 feras
2576 785 2844 854 increpari
2889 783 3174 837 arundine.
3202 782 3455 836 Calamus
3484 791 3662 832 autem

2113 876 2226 930 sive
2272 875 2501 938 arundo,
2531 874 2681 929 locus
2712 883 2796 929 est
2824 874 2876 927 in
2902 872 3205 933 Palaestina,
3255 886 3357 941 qua
3392 878 3667 939 pertrans-

2113 967 2263 1020 ibant
2313 966 2406 1035 qui
2459 965 2822 1020 ascendebant
2855 964 2909 1018 in
2954 962 3273 1017 Jerusalem.
3305 959 3438 1027 lps're
3480 970 3663 1013 autem

2113 1056 2407 1111 arundines
2437 1057 2607 1126 plenae
2633 1056 2880 1111 leonibus
2906 1064 3079 1118 erant,
3115 1055 3207 1121 qui
3239 1053 3462 1106 latibula
3493 1053 3544 1105 in
3572 1065 3666 1119 pa-

2113 1148 2329 1202 ludibus
2375 1148 2663 1213 habebant,
2699 1146 2790 1217 qui
2822 1145 3238 1201 ascendentibus
3281 1145 3333 1197 in
3365 1141 3687 1207 Jerusalem.

2113 1240 2523 1297 insidiabantur.
2555 1238 3018 1306 Quemadmodum
3054 1238 3216 1307 igitur
3250 1234 3669 1303 ascendentibus

2113 1330 2168 1385 in
2200 1329 2500 1385 Jerusalem
2531 1330 2714 1385 leones
2747 1328 3184 1391 insidiabantur;
3212 1326 3293 1409 ita
3329 1322 3670 1378 ascendenti-

2111 1421 2214 1477 bus
2226 1423 2385 1477 etiam
2409 1422 2461 1476 in
2484 1421 2817 1490 spiritualem
2832 1419 3130 1475 Jerusalem
3154 1416 3460 1486 spirituales
3484 1415 3670 1469 leones

2114 1511 2458 1565 insidiantur.
2488 1509 2829 1580 Congregatio
2874 1505 3144 1562 taurorum
3174 1508 3225 1559 in
3256 1505 3423 1558 vaccis
3449 1502 3670 1572 populo—

2114 1622 2252 1659 rum.
2294 1605 2443 1660 Alios
2489 1604 2859 1674 praedicationi
2890 1603 3240 1657 adversantes
3281 1598 3500 1652 indicat.
3529 1596 3668 1662 Qui-

2114 1711 2239 1750 nam
2264 1695 2340 1749 illi
2370 1694 2474 1749 nisi
2504 1693 2773 1765 principes
2796 1692 3003 1749 Judaici
3029 1692 3228 1762 pupuli.
3248 1693 3340 1760 qui
3360 1688 3500 1743 tauri
3526 1703 3672 1740 nun-

2114 1786 2296 1856 cupati
2318 1785 2478 1840 sunt?
2500 1801 2677 1841 vaccae
2707 1795 2885 1839 autem
2912 1783 3104 1854 plebeji
3134 1781 3488 1852 appellantur.
3509 1777 3667 1844 Quod

943 1876 1226 1947 δαμάλεων
1271 1876 1670 1949 ὠνομασμένων
1714 1874 1807 1930 τοῦ
1861 1874 2012 1933 λαοῦ.

2114 1886 2294 1933 autem
2327 1877 2402 1931 illi
2433 1877 2574 1931 tauri
2603 1876 2895 1946 nuncupati
2925 1874 3145 1937 fuerint,
3176 1873 3347 1942 palam
3378 1878 3460 1924 est
3487 1885 3551 1923 ex
3580 1868 3669 1923 di-

2110 1980 2199 2025 cto
2230 1970 2322 2024 illo
2348 1988 2360 2023 :
2393 1969 2860 2024 Circunulederunt
2888 1985 2968 2022 me
2992 1967 3143 2021 vituli
3179 1965 3351 2029 multi,
3381 1966 3523 2019 tauri
3549 1965 3670 2035 pin-

2112 2068 2234 2128 gues
2280 2059 2582 2112 obsederunt
2611 2075 2690 2112 me
2720 2059 2785 2123 “,
2811 2059 2903 2129 qui
2938 2058 3338 2114 multitudinem
3370 2055 3548 2126 populi
3597 2055 3666 2109 ad

2112 2150 2308 2204 bellum
2334 2160 2521 2205 contra
2547 2151 2927 2220 praedicatores
2947 2150 3267 2206 excitarunt.
3297 2149 3360 2204 Ut
3382 2148 3665 2203 excludant

2112 2256 2198 2294 eos
2227 2242 2316 2311 qui
2341 2239 2548 2311 probati
2581 2250 2702 2295 sunt
2726 2250 2964 2312 argento.
3015 2241 3308 2311 Argentum
3341 2239 3523 2294 divina
3552 2239 3669 2293 elo-

2113 2332 2241 2398 quia
2272 2340 2417 2387 sunt.
2445 2331 2534 2385 Ait
2564 2339 2778 2387 autem:
2808 2330 3027 2400 lncrepa
3055 2340 3166 2385 tum
3193 2329 3519 2399 spirituales,
3551 2338 3667 2383 tum

2115 2424 2397 2479 sensibiles
2423 2424 2691 2489 inimicos,
2721 2433 2781 2480 ut
2804 2442 2872 2481 ne
2902 2438 3176 2496 praecones
3198 2422 3471 2493 Evangelii
3501 2421 3671 2474 inter-

2114 2515 2402 2570 cludantur
2420 2530 2451 2568 a
2475 2515 2871 2585 praedicatione.
2898 2517 3004 2570 Aut
3025 2517 3128 2570 hoc
3149 2514 3310 2569 modo
3335 2532 3347 2567 :
3372 2510 3482 2567 Hos
3506 2522 3670 2581 atque

2114 2607 2258 2673 illos,
2299 2608 2394 2671 ait,
2443 2609 2692 2678 increpa;
2725 2624 2792 2662 ne
2843 2607 3272 2663 intercludantur
3316 2621 3596 2677 prmeoncs
3638 2620 3668 2659 a

2113 2699 2515 2769 praedicatione.
2546 2699 2759 2770 Dissipa
2786 2712 2955 2772 gentes
2987 2717 3102 2772 quae
3137 2698 3270 2753 bella
3307 2698 3506 2752 uolunt.
3543 2695 3670 2768 Spi-

2114 2791 2338 2846 rituales
2371 2792 2595 2857 scilicet,
2635 2791 2827 2846 bellant
2872 2802 3052 2848 autem
3095 2801 3283 2847 contra
3317 2799 3536 2846 sanctos
3567 2806 3669 2845 ex-

2113 2880 2336 2936 citatum
2372 2882 2701 2954 intelligitur.

2191 3139 2280 3192 '52.
2323 3136 2535 3193 Venient
2573 3138 2733 3210 legati
2765 3154 2827 3192 ex
2859 3136 3089 3210 Egypto
3109 3182 3124 3207 ,
3154 3136 3430 3210 xEt/tiopia
3469 3160 3670 3213 preve-

443 3244 658 3315 φθάσει
686 3246 855 3317 χεῖρα
881 3244 1072 3315 αὐτῆς
1102 3244 1184 3310 τῷ
1240 3243 1381 3311 Θεῷ.
1429 3246 1517 3310 Ὠς
1564 3247 2013 3319 διασκορπισθέν-

2113 3232 2219 3284 uiet
2244 3248 2455 3284 manum
2474 3232 2584 3299 ejus
2612 3231 2735 3284 Deo.
2768 3229 2961 3300 Ulpote
2993 3233 3268 3302 dissipatis
3298 3245 3459 3305 atque
3489 3236 3672 3306 ligatis

442 3351 551 3388 των
573 3335 665 3388 καὶ
702 3334 960 3389 δεθέντων
1004 3333 1113 3388 τῶν
1145 3333 1353 3406 ἐχθρῶν
1405 3335 1511 3388 τῶν
1551 3335 1778 3406 νοητῶν,
1829 3335 2014 3391 λοιπὸν

2114 3320 2347 3377 inimicis
2376 3322 2762 3391 spiritualibus,
2791 3324 3005 3378 demum
3030 3325 3094 3379 ad
3115 3327 3548 3395 praedicationem
3578 3343 3672 3384 ac-

443 3423 537 3476 ἐπί
573 3422 634 3476 τὸ
686 3424 946 3493 κήρυγμα
1002 3423 1329 3495 δραμοῦνται
1386 3425 1671 3495 Αἰγύπτιοί
1713 3445 1772 3481 τε
1803 3429 1896 3482 καὶ
1922 3429 2017 3481 Αἰ-

2114 3424 2339 3467 currunt
2370 3413 2606 3486 Egyptii
2638 3424 2692 3470 et
2726 3413 3029 3486 Ethiopes.
3055 3416 3335 3489 Signiﬁcat
3360 3431 3539 3476 autem
3574 3436 3673 3490 per

431 3514 649 3577 ·θίοπες.
710 3515 969 3585 Σημαίνει
1012 3516 1071 3568 δὲ
1099 3515 1186 3569 διὰ
1236 3516 1334 3586 μὲν
1382 3517 1492 3571 τῶν
1526 3519 1836 3588 Αἰγυπτίων
1888 3520 2015 3584 τοὺς

2114 3504 2415 3577 rEgyptios,
2453 3523 2548 3563 eos
2574 3509 2667 3578 qui
2698 3508 2965 3563 idolorum
2994 3511 3164 3564 cultui
3196 3527 3537 3580 summopere
3570 3513 3672 3569 de-

436 3605 582 3674 ἇγαν
618 3605 1005 3678 εἰδωλολάτρας
1054 3607 1152 3661 καὶ
1208 3607 1482 3673 ἐναντίους
1512 3613 1578 3681 τῇ
1625 3611 1869 3683 πολιτείᾳ
1918 3612 2014 3665 τοῦ

2113 3596 2209 3652 diti
2255 3606 2383 3653 sunt
2412 3599 2817 3670 adversariique
2854 3600 3102 3656 instituto
3133 3601 3534 3667 Israelitarum;
3573 3620 3674 3674 per

378 3772 383 3777 1
455 3696 692 3769 Ἰσραὴλ,
723 3697 811 3752 διὰ
859 3699 917 3752 δὲ
949 3697 1057 3753 τῶν
1084 3699 1357 3755 Αἰθιόπων
1406 3701 1475 3756 τὰ
1509 3703 1720 3775 πέρατα
1758 3704 1856 3775 τῆς
1887 3704 2011 3775 γῆς.

435 3789 570 3853 Ἡῶς
598 3789 655 3842 δὲ
709 3791 1085 3862 προσέδραμεν
1133 3792 1166 3863 ἡ
1214 3792 1467 3847 Αἰθιοπία
1513 3796 1594 3858 εἰς
1644 3795 1704 3848 τὸ
1732 3796 2010 3868 κήρυγμα,

434 3879 649 3949 ἔξεστιν
672 3882 782 3936 ἀπὸ
800 3882 894 3936 τοῦ
921 3883 1174 3954 εὐνούχου
1196 3884 1450 3950 Αἰθίοπος
1478 3887 1622 3940 ἰδεῖν.

510 3977 580 4028 Al
602 3974 908 4038 βασιλεῖαι
957 3974 1069 4044 τῆς
1112 3974 1243 4045 γῆς,
1299 3976 1487 4045 Mare
1531 3978 1612 4044 τῷ
1651 3977 1790 4044 Θεῷ.
1820 3980 2011 4051 Δηλοῖ,

433 4064 521 4130 ’ὡς
547 4065 642 4120 καὶ
688 4065 758 4119 τὰ
786 4064 920 4119 ἄλλα
943 4064 1159 4120 ἅπαντα
1197 4066 1324 4138 ἔθνη
1376 4068 1515 4140 μετὰ
1543 4069 1653 4124 τῶν
1688 4069 1831 4124 ἰδίων
1861 4070 2015 4142 βασι-

432 4154 578 4211 ,λέων
607 4156 983 4210 πιστεύσουσιν
1006 4158 1085 4220 εἰς
1112 4159 1363 4230 Χριστόν.

518 4242 755 4301 Ψάαατε
814 4247 894 4313 τῷ
951 4249 1145 4316 Κυρίῳ
1197 4248 1277 4316 τῷ
1346 4252 1710 4321 ἐπιϐεϐηκότι
1761 4251 1862 4305 ἐπὶ
1908 4252 2015 4306 τὸν

432 4340 700 4410 οὐρανὸν
721 4340 828 4394 τοῦ
859 4340 1139 4408 οὐρανοῦ.
1193 4341 1406 4415 Ἐπειδὴ
1438 4343 1499 4396 τὸ
1547 4343 1715 4407 πάθος
1748 4341 2012 4416 ἐκήρυξεν

439 4435 502 4487 ἐν
521 4436 631 4498 τοῖς
661 4433 836 4487 ὀπίσω
863 4433 956 4488 τοῦ
981 4434 1219 4507 Χριστοῦ
1246 4435 1343 4490 καὶ
1368 4436 1469 4507 τὴν
1500 4434 1691 4509 μέχρις
1734 4435 1859 4507 ᾅδου
1911 4452 2010 4488 κα-

438 4524 687 4591 τάϐασιν,
721 4525 910 4580 τούτου
943 4527 1104 4600 χάριν
1123 4527 1218 4582 καὶ
1266 4527 1366 4600 τὴν
1416 4528 1500 4592 εἰς
1552 4528 1812 4600 οὐρανοὺς
1844 4526 2008 4581 αὐτοῦ

440 4616 698 4689 κηρύττει
724 4617 1098 4689 ἀναφοίτησιν.
1131 4619 1207 4672 Τὸ
1232 4618 1310 4681 δὲ,
1350 4621 1478 4674 κατ’
1497 4618 1813 4684 ἀνατολὰς,
1840 4634 2009 4688 παρα-

440 4707 651 4763 ϐολικόν
680 4710 847 4763 ἐστιν.
875 4710 1086 4782 Ὠσπερ
1135 4709 1244 4783 γὰρ
1276 4712 1305 4764 ό
1339 4711 1485 4782 ἥλιος
1532 4709 1640 4765 ἀπὸ
1669 4709 1888 4781 δυσμῶν
1919 4710 2005 4762 ἐπ’

438 4800 699 4866 ἀνατολὰς
751 4802 945 4868 ἄνεισι,
983 4803 1074 4859 τὸν
1122 4803 1284 4858 αὐτὸν
1332 4801 1533 4875 τρόπον
1579 4800 1673 4877 καὶ
1731 4802 1760 4854 ὁ
1804 4798 2006 4872 Κύριος

437 4895 598 4950 οἱονεὶ
625 4895 732 4949 ἀπὸ
748 4896 853 4953 τῶν
881 4894 976 4950 τοῦ
1005 4896 1131 4971 ᾅδου
1189 4896 1376 4969 μυχῶν
1429 4893 1600 4965 ἐπέϐη
1650 4891 1743 4946 τοῦ
1777 4891 2004 4964 ούρανοῦ

437 4987 528 5040 τὸν
556 4985 801 5059 οὐρανόν.
844 4986 998 5041 Ἰδοὺ
1046 4985 1222 5043 δώσει
1253 4985 1329 5056 τῇ
1363 4982 1533 5056 φωνῇ
1580 4984 1763 5039 αὐτοῦ
1799 4985 2008 5054 φωνὴν

433 5077 761 5149 δυνάμεως.
789 5079 973 5151 Φωνὴν
1013 5078 1289 5150 δυνάμεώς
1348 5095 1478 5148 φησι
1533 5076 1631 5148 τὴν
1690 5077 2005 5149 ἐγείρουσαν

439 5171 643 5235 πάντας
701 5171 827 5234 τοὺς
873 5170 1133 5243 νεκρούς’
1179 5169 1316 5224 καθὸ
1351 5171 1409 5222 ἐν
1462 5167 1790 5240 κελεύσματι
1838 5169 2002 5224 αὑτοῦ

438 5262 848 5333 ἀναστήσονται.

508 5353 648 5406 Δότε
673 5353 861 5418 δόξαν
891 5351 971 5418 τῷ
1016 5350 1158 5417 Θεῷ.
1216 5350 1371 5404 Οὕτω
1422 5350 1514 5404 καὶ
1560 5349 1789 5414 Παῦλος·
1822 5348 2004 5414 Δοξὰ-

438 5455 603 5504 σιιτε,
630 5443 782 5512 φησὶ,
826 5441 933 5497 τὸν
960 5440 1107 5495 Θεὸν
1157 5441 1226 5494 ἐν
1280 5439 1359 5506 τῷ
1409 5438 1633 5509 σώματι
1679 5438 1864 5508 ὑμῶν,
1909 5439 2007 5493 καὶ

2113 3685 2397 3758 λΕιΙιίοροε
2421 3698 2623 3755 autem,
2650 3691 2913 3747 terminos
2940 3700 3113 3748 terrae.
3136 3691 3424 3759 Quomodo
3450 3694 3673 3751 [Ethio-

2112 3780 2196 3849 pia
2213 3784 2276 3834 ad
2297 3782 2725 3850 pradicationem
2743 3785 3054 3852 accurrerit,
3073 3800 3137 3842 ex
3153 3789 3400 3843 eunucho
3417 3787 3674 3859 Ethiopc

2112 3873 2422 3942 conspicere
2452 3872 2576 3928 licet
2592 3872 2659 3927 ⁸³.

2166 3963 2253 4017 35.
2272 3962 2447 4034 Regna
2474 3973 2643 4029 terrm,
2673 3974 2881 4019 cantate
2908 3967 3032 4024 Dea.
3059 3968 3299 4024 Declarat
3324 3971 3456 4026 alias
3482 3986 3675 4028 omnes

2112 4066 2296 4124 gentes
2346 4070 2471 4110 cum
2525 4056 2743 4126 regibus
2792 4056 2907 4113 suis
2954 4058 3009 4112 in
3044 4057 3321 4115 Christum
3368 4062 3674 4117 crediturus

2110 4160 2250 4200 esse.

2188 4237 2276 4290 54.
2305 4234 2530 4291 Psallite
2574 4236 2682 4292 Deo
2717 4238 2806 4307 qui
2849 4242 3082 4296 ascendit
3104 4258 3259 4313 super
3297 4243 3481 4298 caelum
3530 4245 3670 4299 caeli.

2111 4325 2377 4393 Quoniam
2408 4329 2459 4382 in
2491 4331 2861 4399 superioribus
2891 4332 3094 4388 Christi
3139 4335 3443 4404 passionem
3476 4337 3674 4405 pra'di-

2111 4418 2271 4482 cavit,
2303 4427 2357 4472 et
2387 4419 2705 4475 descensum
2742 4423 2808 4476 ad
2854 4423 3145 4489 infernum,
3183 4425 3301 4479 ideo
3325 4425 3435 4495 jam
3458 4427 3577 4495 ejus
3602 4430 3671 4479 ad

2115 4509 2281 4563 ccelos
2307 4525 2588 4565 ascensum
2616 4514 2887 4582 przeilicat.
2906 4514 3036 4570 illud
3058 4526 3233 4572 autem
3262 4520 3671 4582 :Ad.orientem,

2113 4600 2481 4669 parabolicum
2524 4612 2627 4657 est.
2664 4605 3135 4670 Quemadmodum
3176 4609 3318 4662 enim
3356 4609 3436 4663 sol
3471 4609 3539 4663 ab
3573 4624 3672 4664 oce

2112 4691 2322 4747 cidente
2348 4694 2414 4746 ad
2439 4694 2700 4750 orientem
2725 4698 2987 4765 ascendit,
3016 4699 3087 4752 ita
3112 4708 3165 4753 ct
3187 4679 3449 4756 Dtiminus
3473 4718 3570 4756 ceu
3602 4707 3674 4756 ab

2113 4783 2308 4838 inferni
2340 4787 2647 4841 recessibus
2678 4788 2922 4843 ascendit
2954 4805 3115 4860 super
3141 4793 3336 4847 ccelum
3366 4794 3508 4848 coeli.
3535 4793 3675 4848 Ecce

2112 4876 2258 4931 dabit
2281 4880 2390 4932 voci
2416 4896 2525 4933 sua:
2555 4897 2727 4934 vocem
2752 4883 2982 4936 uirtutis.
3012 4881 3207 4938 Vocem
3242 4885 3452 4941 virtutis
3486 4888 3674 4958 appel-

2110 4962 2187 5023 lat
2226 4983 2347 5023 eam
2384 4986 2505 5041 quae
2542 4982 2788 5030 mortuos
2830 4989 3020 5031 omnes
3061 4975 3359 5033 excitabit:
3394 4992 3517 5033 cum
3550 4977 3674 5048 ejus

2108 5062 2267 5133 jussu
2299 5063 2724 5122 suscitabuntur.
3530 5074 3533 5075 ⁷

2184 5350 2271 5404 55.
2303 5349 2435 5403 Date
2463 5349 2685 5420 gloriam
2714 5350 2838 5405 Deo.
2877 5351 2951 5408 Ita
2982 5360 3034 5406 et
3061 5345 3261 5407 Paulus
3289 5371 3302 5407 :
3338 5351 3669 5424 Cleri/irate,

2112 5444 2374 5514 inquit“,
2402 5444 2563 5497 Deum
2592 5446 2647 5497 in
2672 5460 2884 5514 corpore
2912 5454 3079 5498 vestro
3105 5456 3151 5498 et
3180 5447 3234 5499 in
3264 5447 3453 5516 spiritu
3479 5465 3669 5513 vestro,

437 5530 507 5581 ἐν
536 5528 633 5596 τῷ
659 5535 947 5603 πνεύματι
973 5531 1141 5602 ὑμῶν
1172 5549 1187 5563 ο
1220 5532 1379 5587 ἅτινά
1401 5534 1548 5585 ἐστιν
1577 5532 1764 5586 αὐτοῦ.
1789 5531 2004 5584 Δίκαιον

2113 5551 2234 5605 qua:
2263 5545 2389 5590 sunt
2422 5535 2560 5605 ejus.
2595 5534 2833 5605 Equum
2868 5538 3011 5591 enim
3042 5545 3124 5592 est
3150 5537 3550 5594 bent-factorem
3579 5558 3622 5610 με
3648 5558 3673 5594 r

440 5621 548 5693 γὰρ
568 5622 659 5674 τὸν
676 5623 964 5695 εὐεργέτην
995 5624 1084 5678 διὰ
1143 5624 1361 5679 πάντων
1411 5623 1674 5690 δοξάζειν.
1723 5624 1855 5691 Ἐπὶ
1898 5622 2005 5676 τὸν

2113 5631 2291 5685 omnia
2323 5629 2644 5701 gloriﬁcare.
2677 5628 2843 5701 Super
2892 5629 3061 5686 Israel
3102 5632 3490 5701 magniﬁcentia
3532 5634 3678 5703 ejus.

428 5823 455 5832 ,η
528 5763 570 5792 ⁸³
601 5759 744 5816 Psal.
772 5778 881 5827 XXI,
910 5767 992 5821 l5.
1076 5766 1129 5799 "'
1155 5767 1273 5823 Act.
1306 5767 1503 5831 vm,2,
1531 5781 1681 5831 seqq.
1724 5763 1769 5799 “
1797 5763 1818 5819 1
1854 5758 1976 5822 Cor.
2010 5782 2080 5826 ιι.
2114 5766 2202 5821 20.
