3976 6220
294 375 395 430 505

1336 383 1697 442 EXPOSITIO
1736 384 1803 439 IN
1842 385 2175 445 PSALMUM
2211 388 2439 444 LXVIII.

3421 393 3524 447 306

310 493 540 560 Ἰσραὴλ
562 494 600 562 ἡ
620 499 1105 567 μεγαλοπρέπεια
1113 501 1318 567 αὐτοῦ,
1342 503 1444 557 καὶ
1457 505 1496 571 ἡ
1511 503 1763 574 δύναμις
1777 506 1853 558 αὑ

1973 515 2023 559 et
2051 508 2215 560 uirtus
2243 507 2355 576 ejus
2394 508 2446 561 in
2488 505 2729 563 nubibus.
2761 507 3025 562 Mirabilis
3071 506 3206 563 Deus
3241 510 3298 563 in
3330 514 3527 565 sanctis

303 585 400 640 τοῦ
434 586 503 639 ἐν
531 589 665 654 ταῖς
698 590 993 658 νεφέλαις.
1029 594 1376 663 Θαυμαστὸς
1405 598 1438 649 ό
1470 596 1613 661 Θεὸς
1648 598 1719 651 ἐν
1747 596 1871 664 τοῖς

302 675 482 745 ἁγίοις
502 680 713 741 αὐτοῦ,
741 684 775 735 ό
804 682 946 747 Θεὸς
970 684 1201 752 Ἰσραὴλ
1224 686 1404 752 αὐτὸς
1420 686 1596 741 δώσει
1617 688 1869 757 δύναμιν

300 770 393 824 καὶ
419 773 782 837 κραταίωσιν
804 772 882 838 τῷ
909 773 1033 840 λαῷ
1054 777 1261 841 αὐτοῦ,
1300 781 1671 849 εὐλογητὸςό
1694 784 1853 848 Θεός.

313 862 523 932 Ἐπειδὴ
536 864 637 934 τῆς
647 865 904 936 δευτέρας
921 866 1082 919 αὑτοῦ
1103 870 1405 939 παρουσίας
1431 872 1647 944 μνήμην
1666 876 1694 926 ὀ
1710 873 1865 941 λόγος

300 952 608 1022 πεποίηται,
642 954 762 1009 καθ’
807 957 873 1026 ἢν
919 957 1122 1022 πάντας
1149 960 1440 1032 ἀναστήσει
1464 965 1590 1026 τοὺς
1617 966 1863 1035 νεκροὺς,

297 1044 485 1115 τούτου
510 1045 668 1119 χάριν
698 1047 791 1100 καὶ
823 1048 922 1112 τὰς
963 1049 1231 1120 διαφόρως
1256 1052 1725 1123 ἀποδοθησομένας
1750 1059 1864 1120 τοῖς

298 1136 467 1204 άγίοις
526 1138 691 1208 τιμὰς
740 1141 890 1209 ἡμᾶς
933 1141 1192 1207 διδάσκει,
1250 1144 1341 1197 καὶ
1386 1142 1454 1197 τὰ
1504 1144 1732 1216 διάφορα
1756 1146 1863 1199 τῶν

297 1227 461 1295 ἁγίων
511 1228 788 1300 τάγματα.
842 1232 952 1286 Καὶ
1000 1231 1069 1286 τὰ
1110 1233 1206 1304 μὲν
1265 1234 1520 1306 τάγματα
1552 1236 1643 1289 διά
1684 1254 1743 1290 τε
1767 1237 1860 1290 τοῦ

307 1321 538 1391 Ἰσραὴλ,
574 1322 663 1377 διά
682 1341 742 1375 τε
764 1323 869 1375 τῶν
897 1324 1154 1393 νεφελῶν,
1187 1325 1275 1379 διά
1314 1344 1374 1379 τε
1418 1327 1526 1380 τῶν
1554 1328 1744 1395 ἁγίων,
1771 1327 1862 1382 διά

292 1428 349 1463 τε
376 1412 469 1464 τοῦ
495 1412 627 1466 λαοῦ
658 1415 1075 1485 κατασημαίνει·
1138 1416 1235 1480 τάς
1264 1417 1320 1471 δὲ
1352 1418 1518 1489 τιμὰς
1547 1417 1635 1471 διά
1674 1434 1731 1471 τε
1757 1418 1859 1487 τῆς

296 1505 781 1577 μεγαλοπρεπείας,
805 1506 892 1560 διά
924 1524 983 1560 τε
1011 1507 1111 1577 τῆς
1152 1508 1450 1580 δυνάμεως,
1507 1510 1597 1565 διά
1653 1527 1712 1563 τε
1762 1510 1856 1563 τοῦ

293 1594 582 1665 θαύματος,
629 1597 717 1650 διά
766 1614 825 1651 τε
873 1598 968 1652 τοῦ
1015 1601 1249 1674 κράτους
1300 1600 1674 1656 διαδείκνυσιν.
1738 1601 1859 1655 Ἐπὶ

289 1690 419 1743 πᾶσι
452 1690 507 1742 δὲ
533 1690 742 1754 τούτοις
789 1691 1074 1763 εύλογητὸν
1099 1694 1190 1747 τὸν
1215 1693 1346 1747 Θεόν
1371 1712 1537 1765 φησιν
1557 1691 1716 1753 εἶναι.
1747 1694 1856 1764 Δῆ-

1970 596 2106 665 ejus,
2137 596 2271 651 Deus
2315 596 2478 652 Israel
2502 600 2611 668 ipse
2644 599 2790 652 dabit
2826 601 3069 653 virtutem
3093 610 3143 654 et
3168 601 3531 670 fortitudinem

1968 684 2102 753 plebi
2130 702 2259 749 sum,
2305 687 2596 740 benedictus
2649 686 2803 741 Deus.
2833 685 3105 754 Quoniam
3150 688 3372 743 secundi
3411 688 3527 758 ejus

1968 776 2231 830 adventus
2248 776 2450 829 mentio
2473 775 2614 830 facta
2645 785 2748 840 est,
2780 792 2888 847 quo
2918 786 3160 847 tempore
3179 792 3368 833 omnes
3391 793 3531 832 mor-

1967 879 2089 922 tuos
2135 867 2437 930 suscitabit,
2472 868 2593 922 ideo
2637 868 2875 923 honores
2918 868 3123 924 sanctis
3167 869 3323 923 vario
3363 868 3527 923 modo

1963 960 2336 1015 concedendos
2389 976 2487 1014 nos
2531 960 2752 1026 edocet,
2802 969 2964 1031 atque
3013 961 3255 1016 diversos
3307 969 3524 1015 sancto-

1962 1068 2081 1107 rum
2112 1053 2349 1107 ordines.
2383 1052 2494 1107 Hos
2518 1063 2700 1107 autem
2732 1054 2972 1116 ordines,
3008 1068 3105 1123 per
3134 1053 3405 1119 lsraelem,
3430 1068 3526 1122 per

1962 1144 2155 1207 nubes,
2186 1159 2282 1214 per
2311 1152 2533 1199 sanctos
2554 1151 2608 1199 et
2638 1159 2734 1213 per
2777 1144 3033 1213 populum
3085 1144 3373 1215 signiﬁcat.
3411 1142 3525 1197 llo-

1961 1250 2122 1291 nores
2150 1244 2328 1289 autem
2359 1250 2454 1305 per
2488 1234 2967 1305 magniﬁcentiam,
2992 1250 3086 1305 per
3119 1235 3397 1300 virtutem,
3429 1249 3527 1304 per

1963 1326 2287 1381 miraculum
2313 1335 2368 1380 et
2394 1342 2489 1396 per
2521 1325 2891 1381 fortitudinem
2928 1326 3149 1382 indicat.
3180 1328 3259 1381 Ad
3286 1329 3400 1383 haec
3422 1344 3525 1382 au-

1966 1428 2072 1473 tem
2126 1418 2343 1485 onmia,
2390 1417 2732 1473 benedictum
2775 1420 2908 1474 dicit
2952 1418 3142 1474 Deum.
3174 1417 3524 1474 Manifestum

1964 1509 2107 1565 enim
2147 1517 2230 1564 est
2286 1518 2504 1565 sanctos
2542 1509 2594 1563 in
2645 1510 2957 1566 ccelesnibus
2994 1511 3099 1570 illis
3142 1510 3524 1565 mansionibus

1964 1599 2310 1663 constitutos,
2351 1599 2469 1654 sine
2496 1599 2601 1655 ﬁne
2644 1600 3022 1656 benedicturos
3051 1615 3172 1656 esse
3212 1600 3401 1665 Deum,
3431 1615 3525 1654 sn-

1964 1705 2249 1760 pernorum
2275 1691 2557 1761 spirituum
2594 1693 2839 1748 ordinem
2874 1692 3131 1747 imitatos.

290 1778 375 1832 λον
438 1779 569 1852 γάρ,
617 1781 698 1833 ὃτι
744 1782 803 1835 ἐν
852 1782 1085 1847 ἐκείναις
1145 1784 1422 1854 γενόμενοι
1472 1786 1537 1837 οδ
1582 1784 1725 1853 ἆγιοι
1774 1785 1895 1845 ταῖς
1935 1781 2151 1852 μοναῖς,
2204 1781 2322 1843 ταῖς
2369 1780 2708 1854 ἐπουρανίοις
2761 1781 2818 1834 δὲ
2871 1779 3131 1852 δηλονότι,
3168 1778 3522 1843 ἀδιαλείπτως,

289 1871 632 1944 εὐλογήσουσι
656 1875 745 1927 τὸν
775 1875 926 1940 Θεὸν,
959 1876 1055 1948 τὴν
1080 1878 1185 1930 τῶν
1209 1878 1319 1932 ἄνω
1345 1879 1666 1948 πνευμάτων
1699 1877 1850 1943 τάξιν
1893 1874 2232 1947 μιμούμενοι.

291 1969 388 2035 Sic
447 1969 517 2022 τὸ
561 1968 735 2036 τέλος
779 1970 929 2039 ὑπὲρ
980 1971 1098 2025 τῶν
1120 1972 1715 2044 ἀλλοιωθησομένων,
1769 1970 1849 2037 τῷ

1970 1971 2002 2025 l.
2032 1972 2099 2024 In
2126 1970 2282 2039 ﬁnem
2311 1986 2406 2039 pro
2443 1971 2511 2025 iis
2545 1971 2637 2041 qui
2675 1969 3155 2036 commutabuntur,
3192 1970 3293 2039 ipsi
3330 1967 3519 2023 Dav-td.

690 2060 890 2114 Δαυΐὸ.
952 2063 1258 2127 ΨΑΛΜΟΣ
1306 2062 1437 2117 ΞΕ.

919 2150 932 2170 ⁰
944 2153 1249 2218 Υπόθεσις.

292 2237 535 2310 Περιεχει
565 2242 596 2293 ὀ
644 2240 855 2313 ψαλμὸς
899 2243 1203 2314 προσευχὴν
1250 2242 1399 2314 παρὰ
1452 2242 1549 2297 τοῦ
1604 2244 1855 2316 Σωτῆρος

355 2329 418 2380 ὲκ
448 2328 739 2399 προσώπου
771 2331 870 2400 τῆς
910 2331 1324 2404 ἁνθρωπότητος
1381 2335 1871 2405 προσφερομένην,,

355 2420 449 2483 τάς
480 2438 541 2473 τε
569 2422 747 2486 αἰτίας
803 2423 870 2475 δι’
920 2422 987 2487 ἃς
1039 2423 1185 2495 αὐτῷ
1225 2426 1317 2479 τὸν
1344 2426 1438 2479 ἐπὶ
1496 2426 1589 2480 τοῦ
1620 2426 1877 2498 σταυροῦ,

359 2515 732 2583 προσήνεγκαν
776 2513 1021 2569 θάνατον.
1084 2517 1203 2569 Ἔτι
1255 2534 1314 2569 τε
1370 2516 1501 2570 αὐτὸ
1565 2517 1625 2571 τὸ
1685 2518 1854 2581 πάθος

354 2602 616 2674 διηγεῖται
678 2605 884 2674 σαφῶς,
940 2606 1036 2660 καὶ
1095 2607 1193 2671 τὰς
1245 2607 1385 2678 μετὰ
1423 2609 1483 2662 τὸ
1542 2608 1711 2671 πάθος
1742 2614 1853 2672 τοῖς

371 2694 638 2760 Ἰουδαίοις
670 2696 1083 2768 συμϐησομένας
1118 2698 1421 2769 συμφοράς’
1476 2698 1700 2768 πρὸςνδὲ
1727 2696 1851 2751 τού-

360 2802 464 2849 τοις
481 2787 577 2840 καὶ
603 2788 905 2859 εἰσαγωγὴν
924 2790 1023 2858 τῆς
1049 2789 1410 2859 εύαγγελικῆς
1440 2789 1731 2854 πολιτείας,
1752 2790 1852 2860 τῆς

354 2892 412 2929 τε
443 2878 501 2930 ὲν
530 2877 800 2948 πνεύματι
833 2881 925 2933 καὶ
948 2878 1172 2951 ἀληθείᾳ
1201 2879 1450 2952 λατρείας
1480 2879 1576 2951 τὴν
1609 2880 1854 2934 διδασκα-

352 2966 490 3035 λίαν,
518 2971 599 3032 ei;
641 2972 706 3040 ἦν
733 2970 827 3023 καὶ
852 2971 1180 3043 περιγράφει
1218 2971 1307 3024 τὸν
1355 2970 1589 3042 ψαλμόν.
1625 2972 1746 3026 Ὅτι
1791 2972 1849 3025 δὲ

354 3061 533 3114 πᾶσαν
555 3060 622 3131 ἢν
647 3059 844 3132 ηὔξατο
862 3064 890 3115 ό
911 3063 1097 3134 Σωτὴρ
1122 3065 1445 3135 προσευχὴν,
1470 3066 1535 3119 ἐκ
1561 3063 1849 3136 προσώπου

355 3153 448 3223 τῆς
478 3152 765 3224 ἀνθρώπου
801 3154 1014 3224 φύσεως
1045 3154 1268 3225 ηὔξατο,
1293 3154 1451 3209 τοῦτο
1500 3156 1875 3227 ἐπισημαίνει,

354 3244 444 3304 ἐπὶ
488 3242 568 3314 τῷ
615 3244 758 3297 τέλει
797 3244 889 3305 τοῦ
930 3245 1175 3316 ψαλμοῦ,
1224 3247 1316 3301 καί
1349 3264 1531 3321 φησιν,
1565 3249 1694 3302 Ὅτι
1737 3249 1846 3319 ἐξῆ

2425 2059 2758 2117 PSALMUS
2804 2059 2900 2114 LX
2915 2059 3082 2114 VIII.

2298 2223 2302 2226 ἠ
2543 2152 2941 2223 Argumentum.

1952 2243 2215 2303 Conttnet
2243 2246 2489 2315 psalmus
2536 2245 2904 2317 precationem
2947 2243 3267 2308 Salvatoris,
3299 2257 3364 2297 ex
3396 2258 3521 2313 per-

2024 2353 2158 2392 sona
2209 2339 2568 2394 humanitatis
2609 2339 2869 2404 oblatam,
2899 2346 2955 2393 et
2983 2345 3168 2391 narrat
3192 2351 3314 2405 quae
3343 2350 3523 2391 causa:

2023 2426 2224 2483 fuerint
2247 2429 2391 2499 quod
2417 2430 2465 2484 ei
2491 2437 2723 2484 mortem
2746 2428 2926 2484 crucis
2951 2427 3266 2482 obtulerint.
3297 2426 3522 2495 Insuper

2023 2518 2195 2587 ipsam
2220 2520 2528 2589 passionem
2554 2521 2699 2574 clare
2721 2527 2925 2587 nan'at,
2948 2532 3158 2573 necnon
3184 2517 3520 2573 calamitates

2023 2625 2162 2679 quas
2195 2617 2318 2677 post
2353 2610 2659 2680 passionem
2698 2608 2898 2665 Iudaeis
2932 2609 3245 2680 contingere
3275 2605 3516 2662 futurum

2020 2707 2123 2754 est.
2160 2699 2242 2754 Ad
2276 2700 2393 2754 haec
2436 2700 2603 2754 etiam
2638 2698 3093 2754 introducendum
3134 2712 3257 2753 esse
3280 2711 3517 2768 evange-

2023 2791 2189 2845 licum
2228 2792 2559 2858 institutum,
2591 2799 2755 2861 atque
2789 2791 3095 2847 doctrinam
3134 2791 3317 2845 cultus
3340 2790 3517 2861 quiin

2023 2882 2213 2951 spiritu
2235 2889 2286 2936 et
2313 2883 2541 2937 veritate
2565 2883 2693 2946 erit,
2714 2881 2769 2936 in
2795 2882 2952 2952 cujus
2971 2882 3047 2936 rei
3076 2880 3340 2936 limitibus
3369 2882 3517 2951 psal-

2021 2986 2170 3026 mum
2200 2971 2615 3027 circumscribit.
2635 2971 2791 3038 Quod
2808 2982 2986 3029 autem
3012 2972 3316 3027 orationem
3343 2979 3514 3025 totam

2025 3061 2279 3122 Salvator
2321 3078 2387 3118 ex
2417 3063 2672 3118 humanas
2719 3073 2929 3119 naturas
2977 3078 3207 3133 persona
3239 3063 3511 3127 obtulerit,

2031 3154 2083 3210 id
2118 3153 2170 3207 in
2202 3153 2308 3208 ﬁne
2334 3153 2527 3224 psalmi
2556 3153 2846 3224 signiﬁcat,
2878 3153 3096 3222 aitque:
3131 3154 3392 3219 Quoniam
3419 3169 3513 3207 ex-

2024 3243 2223 3321 audivit
2246 3260 2499 3314 pauperes
2528 3244 2806 3309 Dominus,
2843 3254 2891 3297 et
2914 3245 3111 3298 vinctos
3138 3261 3258 3299 suos
3292 3261 3391 3317 non
3423 3244 3513 3297 de—

355 3349 538 3391 novors
568 3333 688 3389 τῶν
714 3335 984 3402 πενήτων
1003 3338 1278 3405 όΚύριος,
1301 3338 1397 3391 καί
1423 3338 1563 3404 τοὺς
1589 3339 1846 3408 πεπεδη-

2020 3320 2209 3404 spexit.

344 3422 565 3492 μένους
585 3425 773 3480 αὑτοῦ
811 3430 921 3481 οὐκ
969 3427 1393 3491 ἐξουδένωσεν.

353 3515 562 3570 Σῶσόν
574 3533 673 3586 με,
716 3520 748 3572 ὀ
781 3518 946 3585 Θεὸς,
997 3519 1083 3572 ὅτι
1117 3519 1489 3589 εὶσήλθοσαν
1511 3520 1699 3575 ὕδατα
1740 3522 1851 3589 ἕως

286 3606 489 3677 ψυχῆς
531 3626 671 3679 μου.
718 3611 930 3683 Ἐπειδὴ
976 3611 1070 3676 τὰς
1102 3611 1375 3683 ἁμαρτίας
1416 3612 1573 3684 ἡμῶν
1598 3613 1849 3680 ἀνέλαϐε,

284 3699 409 3770 περὶ
474 3700 632 3771 ἡμῶν
689 3702 969 3755 ὀδυνᾶταιο
1037 3703 1259 3767 εἰκότως
1328 3703 1420 3756 καὶ
1489 3704 1850 3779 προσεύχεται

284 3789 546 3861 ρυσθῆναι
566 3794 633 3846 ἐκ
654 3792 763 3846 τῶν
791 3793 1131 3866 πειρασμῶν,
1150 3794 1449 3867 χειμάρρου
1472 3794 1626 3865 δίκην
1647 3796 1853 3851 κυκλωο

282 3878 490 3934 σάντων
508 3882 673 3935 αὐτοῦ
702 3882 800 3955 τὴν
832 3882 1028 3955 ψυχήν.

360 3973 695 4042 Ἐνεπάγην
713 3977 802 4040 είς
821 3976 976 4044 ὕλην
990 3976 1206 4041 βυθοῦ,
1234 3976 1334 4030 καὶ
1358 3978 1468 4031 οὐκ
1496 3977 1668 4033 ἐστιν
1697 3981 1846 4034 ὑπό-

276 4074 514 4127 στασις.
542 4062 726 4116 Ταῦτα
754 4064 860 4139 γὰρ
889 4066 923 4135 ἡ
981 4064 1294 4137 ἀνθρωπεία
1320 4064 1479 4134 φύσις
1533 4065 1847 4132 ἐπεπόνθει,

276 4153 661 4224 κατενεχθεῖσα
698 4155 799 4209 ὑπὸ
824 4156 921 4228 τῆς
950 4158 1222 4229 ἁμαρτίας
1271 4160 1352 4222 εἰς
1376 4158 1622 4226 θάνατον,
1654 4161 1745 4215 καὶ
1767 4162 1848 4224 είς

274 4244 435 4298 αὑτὸν
465 4244 559 4298 τὸν
588 4245 684 4299 τοῦ
739 4247 864 4318 ᾷδου
887 4247 1080 4320 χῶρον·
1116 4249 1174 4303 ὂν
1225 4250 1316 4303 καὶ
1374 4250 1505 4321 ὕλην
1560 4251 1722 4322 βυθοῦ
1752 4254 1846 4308 καὶ

275 4336 551 4409 θαλάσσης
574 4337 737 4408 βάθος
757 4341 815 4392 ὲν
845 4342 957 4403 τοῖς
987 4340 1251 4410 παροῦσιν
1271 4340 1544 4412 ὀνομάζει.

355 4431 690 4485 Ἐκοπίασα
761 4429 1004 4500 κράζων,
1066 4433 1463 4502 ἑϐραγχίασεν
1517 4438 1551 4489 ό
1612 4434 1843 4506 λάρυγξ

268 4539 402 4591 μου.
432 4522 568 4575 Τίνα
596 4518 664 4593 ἦν
693 4521 729 4576 ἃ
761 4522 978 4593 ἐκραξε,
1008 4525 1101 4577 καὶ
1127 4525 1220 4577 ἐπὶ
1275 4526 1438 4590 τίσιν,
1483 4529 1540 4581 ὲν
1567 4531 1681 4591 τοῖς
1713 4527 1842 4599 ἑξῆς

272 4614 458 4683 σαφῶς
483 4613 737 4681 ἐδίδαξεν,
766 4613 952 4668 εἰπών’
1001 4616 1308 4685 Ῥυσθείην
1340 4618 1410 4671 ἐκ
1441 4618 1561 4672 τῶν
1592 4621 1842 4689 μισούν-

269 4721 385 4760 των
411 4722 513 4774 με,
536 4704 637 4759 καί
662 4707 730 4759 ἐκ
750 4705 856 4759 τοῦ
881 4694 1111 4773 ,ϐάθους
1149 4706 1267 4761 τῶν
1289 4708 1540 4775 ὑδάτων,
1573 4711 1686 4776 καὶ,
1737 4711 1836 4779 Μή

264 4810 338 4863 με
360 4795 855 4850 καταποντισάτω
899 4797 1165 4866 scaturrit;
1206 4798 1444 4865 ὕδατος,
1477 4800 1571 4853 καὶ
1610 4802 1679 4853 τά
1713 4798 1838 4871 ἑξῆς

268 4885 650 4957 ἐπιλεγόμενα.
689 4885 898 4958 Ηύχετο
952 4886 1079 4959 γάρ,
1132 4888 1207 4952 ὠς
1239 4889 1395 4961 ἔφην,
1435 4891 1572 4962 ὑπὲρ
1607 4892 1706 4963 τῆς
1742 4893 1837 4945 ἀνε

267 4978 483 5049 θρώπου
547 4979 780 5048 φύσεωςο
845 4981 991 5044 ὅπως
1045 4981 1363 5053 καταργηθῇ
1389 4983 1480 5036 τοῦ
1521 4982 1748 5039 θανάτου
1776 4984 1838 5038 τὸ

267 5071 485 5141 κράτος,
539 5071 614 5141 μὴ
670 5071 1043 5140 ωγκλείοντος
1081 5075 1199 5131 κατ’
1240 5074 1411 5143 αὐτῆς
1442 5073 1502 5126 τὸ
1533 5075 1713 5145 στόμα⁴
1741 5073 1835 5128 τοῦ

262 5159 411 5227 ᾄδου-
441 5161 524 5214 διὸ
555 5161 650 5214 καὶ
683 5160 849 5230 λέγει’
900 5162 1065 5232 Μηδὲ
1082 5162 1363 5232 συσχέτω
1403 5164 1495 5217 ἐπ’
1527 5164 1632 5235 ἐμὲ
1655 5164 1839 5237 φρέαρ

264 5251 325 5305 τὸ
351 5254 552 5321 στόμα
576 5252 785 5307 αὐτοῦ.

338 5346 852 5413 Ἐπληθὺνθησαν
874 5344 1037 5414 ὑπὲρ
1058 5346 1165 5413 τὰς
1203 5348 1410 5416 τρίχας
1436 5346 1547 5415 τῆς
1569 5347 1840 5417 κεφαλῆς

262 5452 369 5500 μου
398 5438 454 5490 oi
477 5434 813 5505 μισοῦντές
857 5452 934 5505 με
992 5435 1238 5502 δωρεάν.
1285 5437 1480 5492 Πολλοὶ
1522 5437 1631 5508 γὰρ
1658 5439 1708 5490 οἱ
1737 5439 1837 5508 τῆς

261 5523 606 5594 ἀνθρωπείας
671 5522 890 5593 φύσεως
945 5524 1221 5578 ἐπίϐουλοι
1267 5526 1539 5597 δαίμονες,
1572 5529 1621 5580 oi
1671 5527 1834 5598 μηδὲν

259 5615 571 5688 ἠδικημένοι
630 5615 764 5689 παρέ
811 5615 967 5687 ήμῶν
987 5655 1003 5682 ,
1064 5617 1159 5673 καὶ
1228 5617 1545 5682 σπεύδοντες
1605 5618 1829 5671 ἀνελεῖν.

2021 3515 2073 3569 2.
2093 3508 2313 3570 Salvum
2335 3531 2415 3568 me
2437 3513 2544 3582 fac,
2569 3512 2732 3578 Deus,
2749 3513 2997 3583 quoniam
3021 3512 3346 3565 intraverunt
3364 3526 3513 3581 aqua

1950 3621 2110 3675 usque
2156 3604 2226 3658 ad
2263 3606 2497 3667 animam
2531 3619 2720 3657 meam.
2761 3602 3029 3668 Quoniam
3073 3610 3293 3671 peccata
3324 3609 3513 3656 nostra

1949 3697 2206 3768 suscepit,
2239 3711 2341 3765 pro
2354 3696 2524 3751 nobis
2548 3695 2822 3751 cruciatur
2844 3694 2927 3748 “z
2957 3708 3022 3749 ac
3045 3693 3170 3762 jure
3200 3700 3354 3762 rogat
3375 3691 3512 3760 eripi

1948 3803 2009 3843 se
2056 3804 2087 3842 a
2140 3788 2550 3852 tentationibus,
2583 3802 2705 3856 quae
2753 3784 3010 3840 torrentis
3055 3785 3230 3839 instar
3274 3785 3510 3838 animam

1948 3875 2069 3945 ejus
2102 3876 2593 3930 circumdederunt.

2017 3970 2072 4025 ὅ.
2102 3969 2308 4038 Inﬁxus
2336 3983 2451 4021 sum
2479 3968 2533 4020 in
2565 3966 2692 4020 limo
2716 3965 2999 4035 profundi,
3038 3972 3088 4019 et
3136 3979 3237 4018 non
3268 3973 3346 4017 est
3389 3964 3510 4017 sub-

1948 4061 2170 4126 stantia,
2201 4068 2308 4115 etc.
2355 4057 2476 4114 Haec
2504 4059 2647 4112 enim
2683 4056 2989 4125 patiebatur
3025 4056 3259 4109 humana
3292 4063 3507 4117 natura,

1947 4155 2176 4210 deducta
2222 4169 2316 4223 per
2359 4159 2640 4222 peccatum
2679 4151 2733 4205 in
2761 4159 3019 4215 mortem,
3039 4159 3091 4205 et
3118 4150 3173 4204 in
3211 4149 3389 4219 ipsum
3426 4149 3510 4201 in-

1945 4245 2085 4301 ferni
2109 4246 2310 4309 locum,
2339 4258 2502 4314 quem
2533 4243 2720 4296 limum
2749 4239 3007 4311 profundi
3039 4248 3093 4295 et
3126 4239 3295 4295 maris
3323 4238 3507 4293 altitu-

1946 4336 2127 4391 dinem
2160 4335 2249 4389 hic
2278 4342 2455 4389 vocat.

2016 4431 2070 4486 4.
2093 4429 2355 4484 Laboravi
2375 4431 2635 4494 clamans,
2652 4444 2825 4483 raucae
2844 4428 3000 4497 facta:
3021 4435 3143 4480 sunt
3163 4425 3339 4495 fauces
3356 4441 3503 4480 mete.

1945 4520 2203 4588 Quaenam
2238 4520 2525 4576 clamando
2560 4520 2760 4575 dixerit
2804 4530 2858 4575 et
2890 4519 3090 4589 quibus
3119 4518 3186 4573 de
3212 4517 3417 4581 causis,
3450 4517 3506 4571 in

1944 4615 2298 4687 sequentibus
2332 4624 2515 4686 aperte
2543 4618 2701 4670 docet
2727 4614 2996 4670 dicendo:
3029 4613 3219 4668 Libera
3252 4629 3333 4667 me
3352 4612 3417 4667 ab
3438 4612 3507 4665 iis

1942 4714 2031 4783 qui
2052 4713 2361 4768 oderuntme
2383 4722 2432 4767 et
2452 4712 2516 4767 de
2531 4712 2806 4783 profundis
2826 4711 3258 4782 aquarum“,et:
3287 4709 3407 4764 Non
3428 4726 3509 4764 me

1942 4808 2207 4877 demergat
2235 4814 2508 4876 tempestas
2537 4822 2686 4876 aqua:
2710 4806 2778 4869 ⁸⁷,
2805 4814 2911 4859 etc.
2942 4805 3188 4875 Rogabat
3213 4803 3504 4873 siquidem.

1944 4896 2023 4950 uti
2069 4895 2183 4965 jam
2232 4896 2372 4960 dixi,
2398 4910 2499 4966 pro
2520 4894 2763 4951 hominis
2798 4903 3013 4956 natura,
3046 4902 3107 4948 ut
3138 4892 3504 4947 destrueretur

1944 4988 2136 5042 mortis
2171 4987 2483 5057 imperium,
2508 4986 2726 5051 inferno
2748 5001 2810 5041 os
2836 5001 2996 5041 suum
3027 4994 3151 5056 post
3187 4985 3363 5054 ipsum
3396 4998 3501 5036 non

1944 5077 2261 5144 claudente,
2312 5078 2665 5149 quamobrem
2687 5078 2858 5145 dicit,
2889 5094 3049 5147 neque
3086 5074 3302 5130 claudat
3351 5086 3500 5140 super

1944 5184 2024 5223 me
2044 5179 2230 5238 puteus
2256 5186 2313 5224 os
2339 5186 2501 5224 suum.
2525 5169 2592 5223 ⁵⁸.

2013 5343 2067 5399 5.
2100 5343 2601 5414 Multiplicatisunt
2626 5361 2782 5416 super
2813 5344 3033 5415 capillos
3060 5342 3250 5412 capitis
3276 5340 3377 5394 mei
3411 5343 3501 5410 qui

1944 5437 2167 5491 oderunt
2193 5453 2272 5491 me
2296 5438 2487 5507 gratis.
2518 5435 2672 5499 Multi
2693 5452 2928 5506 namque
2948 5436 3220 5490 daemones
3250 5431 3499 5488 humanae

1940 5536 2146 5583 naturae
2184 5528 2529 5593 insidiantur,
2552 5528 2660 5598 ,qni
2705 5528 2842 5582 nihil
2873 5542 2904 5580 a
2938 5525 3094 5580 nobis
3120 5525 3232 5580 lassi
3263 5523 3497 5587 fuerant,

1936 5628 1990 5674 et
2014 5628 2196 5677 tamen
2244 5636 2431 5678 necem
2458 5620 2781 5677 .moliuntur
2821 5618 2995 5674 nobis.
3038 5616 3337 5691 Confortati
3380 5624 3497 5669 sunt

330 5755 375 5787 “
400 5758 500 5815 lsa.
538 5774 662 5823 uu,
686 5757 725 5812 4
756 5773 871 5828 seq.
929 5758 975 5791 “
1004 5758 1156 5816 Vers.
1191 5760 1273 5816 15.
1337 5763 1380 5795 ⁸⁷
1410 5760 1562 5818 Vera.
1602 5762 1685 5819 16.
1752 5763 1797 5797 ⁸³
1821 5761 1955 5819 Ibid.
