3976 6220
387 378 491 437 307

1202 378 1259 434 8.
1298 379 1669 435 ATHANASlI
1710 377 1860 435 OPP.
1905 379 2085 434 PARS
2122 379 2212 436 lii.
2239 409 2308 427 -ι-
2348 379 2757 435 EXEGETICA.

3525 374 3631 431 308

387 500 478 569 qui
512 496 773 566 persecuti
803 504 927 551 sunt
972 511 1053 551 me
1085 496 1289 551 inimici
1335 500 1435 553 mei
1468 499 1681 569 injuste.
1716 496 1962 554 Declarat

2075 496 2586 566 Ἐκραταιώθησαν
2629 501 2683 552 oi
2730 498 2931 567 ἐχθροί
2974 515 3114 566 μου,
3164 499 3218 551 ot
3253 492 3635 563 ἐκδιώκων-ἐς

387 604 554 658 quam
578 587 782 657 injuste
808 587 1075 644 sententia
1104 600 1293 644 contra
1323 605 1447 645 eum
1470 590 1578 646 lata
1608 593 1700 647 sit.

467 743 519 799 6.
551 743 714 808 Deus,
747 754 803 798 tu
831 746 933 803 scis
971 746 1332 815 insipientiam
1372 763 1560 803 meam.
1587 746 1960 819 [insipientiam

392 837 547 902 dicit,
581 853 701 892 eam
740 853 864 907 quae
896 838 1019 895 talis
1054 839 1272 901 videtur
1301 842 1636 907 hominibus,
1671 843 1958 899 stultitiam

391 929 515 986 dico
546 930 841 1001 passionis.
878 928 1044 1007 Facta
1080 934 1225 1001 enim
1250 944 1351 1005 est,
1377 934 1531 1004 juxta
1568 950 1784 990 sacrum
1815 936 1958 1005 Apo-

391 1022 591 1077 stolum
621 1021 686 1086 ",
715 1037 854 1081 crux
887 1026 1103 1081 Domini
1133 1024 1333 1091 Iudaeis
1368 1027 1586 1095 quidem
1617 1029 1957 1093 scandalum,

392 1114 644 1189 gentibus
673 1128 854 1174 autem
884 1120 1135 1174 stultitia.
1167 1118 1247 1173 Tu
1278 1120 1464 1190 igitur,
1489 1136 1522 1176 o
1546 1120 1725 1187 Pater,
1756 1122 1957 1192 inquit,

392 1212 536 1266 nosti
564 1213 929 1268 oeconomiam
973 1213 1173 1272 crucis.
1207 1211 1322 1269 Hoc
1361 1223 1543 1288 autem
1576 1215 1653 1268 ait
1686 1215 1812 1285 quia
1844 1214 1962 1284 fuit

392 1304 653 1361 obediens
683 1304 843 1360 Pntt'i‘
881 1321 1056 1377 usque
1099 1306 1168 1361 ad
1213 1318 1443 1363 mortem
1464 1349 1479 1374 ,
1514 1317 1743 1362 mortem
1777 1317 1958 1363 autem

392 1397 593 1452 crucis.
628 1396 698 1453 Et
729 1398 922 1459 delicta
946 1415 1058 1453 mea
1085 1415 1117 1452 a
1151 1407 1199 1452 te
1224 1414 1331 1465 non
1360 1408 1483 1453 sunt
1513 1399 1847 1454 abscondita.
1875 1399 1961 1455 Si-

391 1489 518 1544 mile
565 1499 651 1546 est
696 1490 858 1549 huic:
886 1490 990 1559 Qui
1035 1508 1139 1550 non
1180 1494 1322 1551 novit
1364 1501 1658 1562 peccatum,
1688 1502 1959 1561 peccatum

2056 607 2133 658 με
2162 589 2399 654 ἀδίκως.
2416 589 2723 653 Δείκνυσιν,
2748 588 2823 652 ὡς
2846 587 3045 652 ἀδίκως
3066 589 3099 657 ἡ
3130 586 3249 640 κατ’
3271 584 3435 638 αὑτοῦ
3455 584 3635 657 ψῆφος

2061 679 2426 751 ἐξενήνεκται.

2142 770 2205 826 '0
2241 770 2403 837 Θεὸς,
2426 770 2506 825 σὺ
2533 771 2720 839 ἔγνως
2749 769 2865 839 τὴν
2894 769 3250 838 ἀφροσύνην
3267 785 3406 837 μου.
3450 769 3627 839 Ἀφρο

2063 864 2228 935 σύνην
2270 864 2401 935 φησὶ
2435 863 2531 935 τὴν
2561 863 2907 934 νομισθεῖσαν
2962 860 3112 933 παρὰ
3155 863 3271 924 τοῖς
3329 859 3634 932 ἀνθρώποις

2064 956 2293 1028 μωρίαν,
2324 955 2421 1027 τὴν
2445 955 2539 1009 τοῦ
2565 955 2770 1020 πάθους
2791 955 2952 1027 φημί.
2978 955 3174 1023 Γέγονε
3190 953 3327 1025 γὰρ,
3370 952 3512 1006 κατὰ
3541 955 3635 1008 τὸν

2062 1052 2203 1124 ἱερὸν
2248 1049 2586 1113 Ἀπόστολον,
2621 1052 2650 1104 ὁ
2695 1050 2791 1103 τοῦ
2834 1049 3039 1120 Κυρίου
3072 1047 3304 1119 σταυρὸς
3361 1046 3634 1113 Ἰουδαίοις

2064 1146 2160 1216 μὲν
2192 1142 2505 1208 σκάνδαλον,
2542 1141 2718 1196 ἔθνεσι
2753 1141 2810 1194 δὲ
2846 1140 3045 1213 μωρία.
3086 1141 3160 1194 Σὺ
3183 1136 3297 1206 οῦν,
3349 1134 3394 1193 ὦ
3427 1141 3631 1215 ῌάτερ,

2059 1234 2244 1306 φησὶν,
2278 1232 2448 1302 ἔγνως
2478 1233 2580 1305 τὴν
2607 1232 2694 1286 διὰ
2719 1232 2812 1285 τοῦ
2839 1231 3074 1303 σταυροῦ
3104 1231 3435 1302 οἰκονομίαν.
3462 1231 3634 1285 Τοῦτο

2058 1326 2114 1379 δὲ
2151 1325 2318 1395 λέγει,
2373 1324 2559 1397 ἐπειδὴ
2591 1324 2813 1394 γέγονεν
2846 1324 3084 1395 ὑπήκοος
3121 1322 3198 1394 τῷ
3249 1324 3424 1395 Πατρὶ
3471 1323 3631 1393 μέχρι

2059 1418 2312 1483 θανάτου,
2340 1418 2568 1473 θανάτου
2601 1417 2656 1471 δὲ
2687 1416 2941 1488 σταυροῦ.
2986 1417 3093 1470 Καὶ
3142 1419 3202 1470 αἱ
3234 1415 3635 1487 πλημμέλειαι

2053 1528 2173 1580 μου
2203 1509 2321 1565 ἀπὸ
2347 1508 2464 1563 σοῦ
2496 1512 2607 1563 οὐκ
2658 1509 3098 1578 ἀπεκρύὸησαν.
3138 1510 3360 1579 Ὅμοιον
3382 1507 3479 1579 τῷο
3520 1507 3634 1561 Τὸν

391 1599 484 1651 pro
507 1584 656 1639 nobis
679 1585 800 1653 fecit
818 1585 901 1652 '°._;
934 1595 1098 1657 atque
1135 1587 1240 1642 hoc
1270 1594 1355 1641 est
1384 1586 1532 1657 quod
1561 1585 1760 1647 dicitur
1788 1604 1805 1651 :_
1837 1585 1880 1640 Α
1914 1595 1964 1641 te

2067 1601 2139 1670 μὴ
2160 1603 2381 1672 γνόντα
2401 1601 2689 1671 ἁμαρτίαν
2701 1600 2990 1670 ἁμαρτίαν
3003 1595 3153 1668 ὑπὲρ
3173 1597 3340 1668 ἡμῶν
3357 1600 3630 1668 ἐποίησε.

390 1689 496 1726 non
518 1683 641 1727 sunt
670 1675 1000 1730 abscondita.

458 1765 512 1819 7.
535 1764 657 1820 Non
685 1766 992 1827 erubescant
1016 1768 1070 1825 in
1089 1784 1168 1823 me
1192 1771 1283 1839 qui
1299 1778 1597 1840 exspectant
1621 1778 1689 1837 to,
1716 1768 1955 1832 Domine,

2058 1695 2169 1750 Καὶ
2197 1692 2352 1747 τοῦτό
2385 1694 2499 1746 ἐστι
2523 1693 2602 1746 τό’
2651 1692 2782 1746 Ἀπὸ
2809 1691 2924 1746 σοῦ
2951 1693 3060 1745 οὐκ
3082 1690 3443 1760 ὲκρύϐησαν.

2129 1788 2224 1855 Μὴ
2275 1787 2753 1861 αἰσχυνθείησαν
2785 1785 2877 1839 ἐπ’
2902 1785 3007 1855 ἐμὲ
3034 1789 3088 1840 οἱ
3114 1785 3516 1856 ὑπομένοντες
3532 1803 3628 1852 σε,

392 1856 612 1914 Domine
640 1860 911 1914 virtutum.
941 1857 1098 1924 Illud,
1130 1861 1186 1913 in
1216 1877 1315 1926 me,
1349 1861 1402 1915 id
1438 1869 1540 1926 est,
1575 1876 1673 1931 per
1705 1875 1811 1923 me,
1841 1862 1954 1917 sive

2067 1882 2251 1951 Κύριε,
2288 1858 2465 1950 Κύριε
2486 1878 2606 1933 τῶν
2640 1877 2969 1948 δυνάμεων.
3001 1878 3074 1931 Τὸ
3104 1879 3221 1950 μὲν,
3250 1879 3342 1932 ἐπ’
3374 1877 3494 1948 ἐμὲ,
3532 1880 3630 1932 ἀν-

392 1966 486 2017 per
508 1965 683 2015 meam
709 1967 807 2022 pro
831 1951 899 2008 iis
928 1951 1259 2021 passionem.
1290 1950 1426 2007 Illud
1452 1965 1655 2015 autem,
1684 1951 1806 2008 Non
1828 1971 1953 2008 eru-

393 2045 623 2106 beseant,
651 2042 809 2111 quasi
843 2042 1015 2111 dicas,
1045 2057 1110 2098 ne
1136 2042 1278 2097 ultra
1306 2042 1634 2119 erubescant
1659 2043 1796 2099 sicut
1823 2045 1952 2099 olim

391 2138 612 2204 quando
645 2141 716 2193 ob
745 2138 1152 2209 corruptionem
1183 2155 1346 2210 quam
1372 2139 1718 2209 patiebantur
1746 2141 1956 2210 pudore

392 2229 570 2287 allecti
596 2241 772 2296 erant.
805 2228 933 2286 Haec
954 2240 1135 2291 autem
1154 2230 1423 2287 sententia
1448 2249 1466 2285 ε
1493 2229 1743 2298 Quando,
1760 2232 1954 2302 inquit,

390 2337 492 2390 ego
517 2321 570 2376 id
603 2321 657 2376 in
685 2338 772 2378 me
806 2322 1044 2393 suscepi,
1064 2330 1123 2377 ut
1142 2338 1243 2393 pro
1277 2323 1385 2380 illis
1407 2333 1632 2384 mortem
1656 2332 1954 2394 gustarem,

389 2415 674 2473 abolentur
703 2417 792 2472 illa
826 2433 922 2489 per
960 2427 1191 2473 mortem
1220 2418 1353 2488 ipsis
1382 2419 1511 2474 olim
1539 2418 1687 2473 illata
1710 2418 1953 2475 infamia.

390 2506 524 2567 Nam
562 2526 713 2568 mors
752 2526 879 2569 vere
904 2510 1130 2567 infamia
1159 2520 1298 2573 erat,
1335 2511 1389 2569 in
1419 2512 1696 2567 hominem
1720 2513 1787 2567 ad
1817 2513 1954 2567 ima-

389 2603 571 2672 ginem
601 2603 691 2658 Dei
715 2611 957 2660 creatum
993 2619 1228 2674 regnum
1253 2603 1529 2659 obtinens.
1556 2603 1837 2671 Signiﬁcat
1861 2604 1958 2657 ila-

387 2708 495 2761 que
512 2708 609 2763 per
622 2695 741 2763 ejus
762 2695 1217 2751 resurrectionem
1240 2695 1307 2750 de
1328 2695 1505 2749 medio
1527 2695 1816 2751 tollendam
1838 2710 1958 2751 esse

390 2794 642 2844 mortem.
672 2784 813 2843 Huic
842 2786 1272 2857 interpretationi
1306 2787 1619 2859 adjungitur
1648 2804 1838 2844 versus
1869 2789 1957 2843 isti

388 2880 734 2941 consimilis:
768 2880 893 2937 Non
930 2881 1325 2949 confundantur
1364 2898 1527 2951 super.
1553 2899 1632 2936 me
1669 2883 1761 2954 qui
1809 2899 1956 2953 qua:-

389 2983 517 3033 runt
534 2971 852 3029 te.Pulchre
877 2972 1131 3043 superius
1162 2983 1217 3029 et
1241 2972 1344 3029 hoc
1370 2973 1495 3028 item
1534 2975 1653 3029 loco
1683 2975 1838 3041 dixit,
1867 2993 1957 3029 su-

387 3080 481 3137 per
504 3080 606 3118 me.
638 3063 778 3131 Quia
807 3065 961 3127 enim.
990 3065 1106 3136 ipse
1136 3073 1256 3120 erat
1295 3065 1390 3135 qui
1420 3065 1729 3120 concitabat
1755 3084 1769 3132 ;
1801 3067 1848 3121 si
1877 3068 1956 3120 vi-

389 3169 511 3219 ctus
545 3154 760 3220 fuisset,
793 3157 1057 3228 pudorem
1079 3156 1346 3213 allaturus
1373 3165 1490 3212 erat
1512 3157 1579 3212 iis
1606 3157 1701 3227 qui
1730 3156 1832 3212 sibi
1859 3156 1957 3212 ob-

390 3255 802 3318 temperassent,
833 3257 1017 3320 utpote
1040 3248 1135 3319 qui
1163 3263 1260 3320 per
1287 3245 1533 3304 fraudem
1564 3256 1618 3307 et
1640 3246 1954 3306 facilitatem

389 3336 559 3391 animi
580 3337 823 3407 pericula
850 3338 1140 3414 adiissent.‘

466 3426 520 3493 8,
544 3426 598 3483 9.
619 3427 882 3497 Quoniam
900 3439 1115 3500 propter
1137 3439 1187 3484 te
1214 3429 1446 3484 sustinui
1467 3428 1823 3498 opprobrium.
1848 3429 1957 3485 Po-

391 3522 555 3588 stulo,
592 3521 789 3592 inquit,
818 3531 879 3578 ut
916 3514 1068 3579 mors
1092 3522 1159 3579 de
1188 3522 1370 3578 medio
1416 3522 1669 3590 tollatur,
1697 3522 1956 3593 quoniam

390 3610 650 3675 obedieus
679 3611 776 3666 tibi
803 3611 985 3669 iactus
1010 3612 1184 3684 ipsam
1210 3613 1418 3682 accepi.
1450 3611 1753 3667 Extratteus
1783 3614 1957 3683 factus

390 3719 509 3760 sum
532 3701 789 3773 fratribus
825 3705 972 3760 meis.
1004 3702 1119 3759 Hoc
1151 3704 1226 3759 ait
1254 3703 1384 3775 quia
1416 3710 1658 3775 tempore
1685 3705 1958 3775 passionis

390 3800 463 3865 ab
484 3797 741 3853 omnibus
772 3797 1063 3855 derelictus
1086 3807 1188 3854 est.
1543 3786 1551 3794 ”

464 3972 549 4031 10.
576 3975 839 4043 Quoniam
863 3979 1005 4033 zelus
1030 3980 1219 4035 domus
1245 3988 1351 4036 tute
1379 3981 1602 4034 comedit
1625 3997 1724 4036 me.
1755 3979 1839 4037 Me
1857 3981 1957 4036 ab-

391 4081 676 4141 negarunt,
705 4071 909 4143 inquit,
937 4073 1067 4143 quia
1092 4073 1453 4143 coarguebam
1485 4089 1581 4131 eos
1620 4074 1767 4145 quod
1803 4074 1958 4147 impii

389 4164 444 4218 in
475 4164 696 4220 domum
731 4174 882 4220 tuam
931 4176 1134 4222 essent.
1174 4165 1407 4222 Enarrat
1445 4175 1629 4222 autem
1667 4167 1957 4223 historiam

388 4254 590 4310 diserte
607 4253 869 4321 Joannes,
888 4258 1033 4328 quod
1062 4258 1272 4328 ﬂagello
1311 4258 1533 4329 ejecerit
1568 4274 1664 4315 eos
1708 4260 1775 4315 de
1822 4267 1958 4314 tem-

389 4345 478 4431 plo
491 4347 556 4399 ".
572 4345 642 4401 Et
653 4348 930 4418 opprobria
944 4350 1371 4421 exprobrantium
1388 4350 1483 4404 tibi
1499 4351 1793 4405 ceciderunt
1804 4366 1966 4420 super.

277 4486 289 4498 .
392 4455 491 4499 me.
530 4437 649 4494 Non
672 4440 861 4507 modo,
891 4441 1090 4512 inquit,
1110 4450 1401 4499 extraneus
1429 4440 1608 4498 factus
1633 4458 1755 4498 sum
1779 4452 1833 4497 et
1864 4457 1957 4512 pe-

389 4529 661 4600 regrinus,
685 4531 779 4586 sed
809 4531 976 4586 etiam
1000 4533 1289 4603 opprobria
1314 4532 1654 4595 sustinebam
1678 4534 1747 4588 ab
1773 4533 1839 4589 iis
1863 4534 1959 4604 qui

386 4638 485 4692 per
512 4624 655 4678 mala
679 4638 840 4695 opera
877 4626 1279 4695 exprobrabant
1308 4627 1431 4682 tibi.
1454 4623 1614 4681 Nulla
1642 4635 1825 4681 autem
1850 4626 1955 4682 alia

385 4716 454 4771 de
489 4731 657 4774 causa
708 4717 761 4774 id
814 4718 1080 4790 patiebar,
1132 4720 1237 4775 nisi
1267 4728 1489 4790 propter
1534 4718 1710 4775 zelum
1759 4718 1956 4776 domus

388 4818 514 4875 tuae.

462 4901 651 4958 11-13.
684 4900 754 4956 Et
783 4905 966 4974 operui
994 4904 1051 4957 in
1091 4902 1301 4974 jejunio
1350 4905 1586 4961 animum
1624 4919 1817 4970 meam,
1847 4913 1958 4979 etc.

386 4992 612 5059 Dolens,
631 4994 832 5067 inquit,
859 4995 927 5053 de
949 4992 1134 5048 futura
1151 4993 1456 5049 animarum
1474 5008 1663 5053 eorum
1698 4993 1958 5063 pernicie,

385 5084 490 5138 huc
518 5093 685 5154 atque
726 5084 861 5139 illud
905 5084 1153 5155 agebam.
1179 5082 1261 5137 Illi
1287 5098 1416 5140 vero
1442 5098 1548 5154 pro
1580 5084 1781 5154 quibus
1809 5083 1959 5153 ejus-

386 5174 532 5229 modi
582 5190 671 5230 res
718 5173 1040 5240 eﬂiciebam,
1069 5173 1218 5227 omni
1262 5181 1506 5244 tempore
1543 5183 1598 5227 et
1634 5173 1755 5228 loco
1789 5188 1876 5229 me
1898 5173 1961 5227 in

385 5278 482 5329 ore
511 5265 824 5337 versabant,
856 5263 1250 5337 exprobrantes
1295 5263 1432 5319 mihi
1463 5264 1858 5331 macerationes
1891 5264 1956 5319 ii-

388 5356 470 5423 las
495 5369 634 5424 quas
656 5370 846 5413 eorum
873 5370 1038 5411 causa
1062 5354 1426 5413 sustinebam.

468 5442 551 5495 14.
603 5442 713 5515 Ego
758 5461 876 5501 vero
927 5445 1220 5512 orationem
1272 5461 1443 5500 meam
1486 5445 1556 5500 ad
1605 5455 1672 5514 te,
1710 5445 1953 5502 Domine.

392 5532 641 5603 Etiamsi,
671 5535 867 5607 inquit,
902 5536 1272 5599 retribuerunt
1317 5536 1450 5591 mihi
1473 5537 1612 5591 mala
1649 5551 1748 5605 pro
1773 5536 1955 5602 bonis,

387 5636 445 5675 δι
467 5637 570 5694 θεο
598 5637 708 5679 non
748 5616 911 5688 ﬁnem
932 5627 1076 5684 facio
1098 5641 1290 5699 preces
1321 5641 1422 5697 pro
1466 5626 1536 5682 iis
1563 5623 1852 5700 oﬂerendi.
1890 5623 1958 5695 Et

392 5869 400 5878 .
448 5800 539 5877 σοι
574 5805 704 5860 Cor.
738 5818 777 5868 ι,
806 5802 891 5859 εδ,
974 5805 1020 5837 ιο
1049 5803 1069 5858 ι
1095 5804 1220 5876 σοι,
1254 5819 1304 5871 γ,
1338 5802 1430 5860 '21.
1492 5803 1534 5836 ⁸⁸
1566 5798 1723 5856 Joan.
1760 5799 1931 5870 11,15.

2053 1976 2109 2028 τὶ
2126 1972 2242 2040 τοῦ,
2268 1972 2336 2026 δι’
2355 1972 2476 2043 ἐμὲ,
2493 1973 2611 2044 ἦτοι
2638 1971 2726 2026 διὰ
2742 1969 2838 2025 τοῦ
2867 1970 3001 2042 ἐμοῦ
3029 1971 3167 2043 ὑπὲρ
3200 1971 3378 2025 αὐτῶν
3403 1971 3627 2036 πάθους·

2053 2066 2114 2118 τὸ
2144 2065 2223 2127 δὲ,
2274 2064 2372 2133 Μὴ
2421 2063 2923 2133 αἰσχυνθείησαν,
2975 2063 3094 2116 ἀντὶ
3131 2062 3247 2127 τοῦ,
3309 2063 3501 2135 μηκέτι
3543 2065 3630 2118 αῖ·-

2058 2156 2431 2228 σχυνθείησαν,
2483 2155 2559 2218 ὡς
2606 2154 2772 2209 πάλαι
2823 2153 3001 2209 αὐτῶν
3050 2154 3429 2225 ῂσχυνομένων
3451 2155 3517 2209 δι’
3562 2157 3634 2226 ἦν

2056 2248 2351 2319 ὑπέμειναν
2388 2246 2613 2318 φθοράν.
2652 2246 2710 2300 '0
2748 2247 2805 2301 δὲ
2845 2245 2970 2309 νοῦς
3004 2239 3177 2310 οὗτοςο
3226 2246 3441 2317 Ἐπειδὴ
3495 2242 3628 2316 ἐγὼ,

2057 2342 2209 2412 φησὶ,
2232 2338 2599 2410 κατεδεξάμην
2636 2339 2775 2411 ὑπὲρ
2812 2338 2990 2393 αὐτῶν
3026 2337 3322 2408 γεύσασθαι
3374 2338 3629 2405 θανάτου,

2057 2429 2365 2502 ἀναιρεθείη
2417 2432 2449 2502 ή
2497 2429 2664 2484 πάλαι
2718 2433 2838 2484 κατ’
2872 2429 3051 2484 αὐτῶν
3100 2430 3363 2501 γενομένη
3409 2421 3494 2483 διὰ
3538 2429 3632 2484 τὸν

2058 2523 2285 2577 θάνατον
2322 2520 2574 2594 αἰσχύνη.
2620 2522 2860 2594 Αίσχύνη
2917 2520 3027 2593 γὰρ
3055 2518 3123 2594 ἦν
3154 2522 3249 2576 τοῦ
3302 2524 3421 2577 κατ’
3446 2523 3633 2576 εἰκόνα

2058 2614 2190 2668 Θεοῦ
2215 2614 2524 2677 κτισθέντος
2551 2612 2840 2687 ἀνθρώπου
2874 2612 3172 2685 βασιλεύων
3194 2615 3222 2667 ὁ
3250 2614 3492 2678 θάνατος.
3524 2614 3634 2685 Ση-

2061 2706 2242 2774 μαίνει
2270 2700 2385 2771 οῦν,
2406 2705 2482 2770 ὡς
2512 2704 2599 2758 διὰ
2627 2706 2725 2776 τῆς
2780 2705 2945 2759 αὑτοῦ
2994 2705 3338 2770 ἀναστάσεως
3365 2707 3430 2759 ἐκ
3461 2707 3630 2777 μέσου

2065 2799 2352 2869 γενήσεται
2396 2801 2426 2852 ὀ
2473 2796 2719 2861 θάνατος.
2757 2797 3031 2868 Συνῆπται
3076 2793 3171 2851 οῦν
3224 2798 3280 2850 ἐν
3334 2796 3507 2871 ταύτῃ
3556 2799 3629 2869 τῇ

2058 2887 2322 2959 ἑρμηνείᾳ
2351 2887 2443 2941 καὶ
2485 2890 2514 2941 ὁ
2556 2887 2740 2958 ἕτερος
2766 2888 2965 2958 στίχος,
3014 2888 3254 2942 ὁτούτου
3311 2888 3628 2961 παρόμοιος-υ

2059 2978 2222 3044 Μηδὲ
2267 2980 2711 3048 ἐντραπείησαν
2760 2980 2852 3033 ἐπ’
2909 2978 3014 3050 ἐμὲ
3066 2983 3122 3035 οἱ
3175 2979 3487 3048 ζητοῦντές
3531 2996 3628 3037 σε.

2060 3069 2255 3135 Καλῶς
2278 3072 2373 3127 καὶ
2397 3071 2508 3126 ἄνω
2535 3068 2655 3125 εἷπε
2705 3075 2785 3138 τὸ,
2813 3073 2905 3126 ἐπ’
2935 3071 3060 3142 ἐμὲ,
3118 3072 3212 3125 καὶ
3240 3066 3364 3126 ὧδε.
3411 3072 3631 3144 Ἐπειδὴ

2059 3165 2167 3237 γὰρ
2223 3165 2386 3229 αὐτὸς
2430 3160 2498 3237 ἦν
2560 3167 2589 3218 ὁ
2655 3164 2997 3238 προτρέψας,
3028 3164 3306 3236 ⁴ἡττηθεὶς
3361 3163 3628 3237 αἰσχύνην

2062 3255 2223 3326 ἔφερε
2254 3257 2366 3318 τοῖς
2420 3255 2740 3320 πεισθεῖσιν,
2790 3255 2864 3319 ὠς
2912 3255 3093 3326 ἀπάτῃ
3141 3255 3233 3308 καὶ
3270 3253 3487 3325 εὐκολίᾳ
3540 3253 3634 3311 τὸν

2063 3344 2301 3400 κίνδυνον
2329 3342 2621 3414 ἑλομένοις.

2135 3435 2263 3490 ’Ὅτι
2295 3435 2475 3491 ἕνεκά
2520 3450 2637 3490 σου
2688 3435 3000 3504 ὑπήνεγκα
3055 3435 3419 3505 ὀνειδισμόν.
3459 3429 3635 3496 Λῖτῶ,

2063 3528 2246 3599 φησὶν,
2291 3526 2533 3581 ἐκποδὼν
2575 3527 2826 3597 γενέσθαι
2876 3527 2967 3581 τὸν
3028 3526 3277 3581 θάνατον·
3323 3526 3508 3598 ἐπειδὴ
3536 3525 3633 3579 καί

2064 3637 2146 3674 σοι
2171 3619 2412 3690 γεγονὼς
2445 3620 2702 3692 ὑπήκοος,
2736 3619 2898 3673 αὑτὸν
2920 3618 3318 3690 ἀναδέδειγμαι.
3344 3620 3641 3687 Ἀπηλλα-

2065 3709 2378 3781 τριωμένος
2417 3710 2714 3781 ἐγενήθην
2772 3708 2896 3775 τοῖς
2940 3708 3222 3778 ἀδελφοῖς
3271 3729 3410 3780 μου.
3461 3710 3640 3764 Τοῦτό

2064 3819 2197 3873 φησι
2225 3801 2312 3857 διὰ
2334 3803 2432 3874 τὴν
2460 3801 2757 3874 γενομένην
2786 3799 2934 3872 αύτῷ
2982 3801 3073 3853 ἐπὶ
3101 3799 3196 3854 τοῦ
3230 3801 3436 3865 πάθους
3483 3802 3636 3874 παρὰ

2064 3893 2278 3971 παντων
2312 3896 2477 3962 ἐγκατ
2485 3892 2639 3963 ἀλειψ
2646 3910 2713 3949 ιν.

2136 3985 2264 4039 Ὅτι
2291 3988 2324 4040 ό
2350 3983 2525 4053 ζῆλος
2557 3977 2663 4038 τοῦ
2685 3984 2854 4039 οἴκου
2877 4000 2990 4040 σου
3013 3985 3305 4055 κατέφαγέ
3321 4001 3416 4054 με.
3446 3983 3640 4056 Ἦρνή-

2066 4076 2226 4129 σαντό
2256 4093 2343 4147 με,
2371 4076 2555 4149 φησὶν,
2583 4076 2769 4147 ἐπειδὴ
2799 4077 3026 4148 ήλεγχον
3077 4078 3292 4141 ἀσεϐεῖς
3318 4077 3513 4140 αὐτοὺς
3543 4093 3637 4145 γε·

2063 4167 2321 4238 νομένους
2364 4168 2492 4238 περὶ
2536 4167 2626 4220 τὸν
2671 4161 2816 4219 οἷκον
2848 4167 2937 4221 τὸν
2988 4169 3095 4221 σόν.
3130 4169 3403 4238 Διηγείται
3451 4165 3639 4236 δὲτὴν

2066 4256 2305 4330 ἱστορίαν
2337 4256 2525 4327 σαφῶς
2556 4259 2584 4310 ὁ
2620 4258 2889 4328 Ἰωάννης·
2919 4259 3007 4312 ὅτε
3054 4258 3273 4325 ἐξέϐαλε
3304 4256 3441 4329 μετὰ
3467 4272 3641 4328 φραγ-

2062 4349 2243 4419 γελίου
2280 4350 2344 4402 ἐκ
2365 4349 2456 4403 τοῦ
2482 4348 2647 4419 ἱεροῦ.
2676 4350 2784 4404 Καὶ
2838 4352 2892 4403 οὶ
2932 4350 3258 4420 ὀνειδισμοὶ
3324 4349 3444 4403 τῶν
3480 4349 3638 4401 ὀνει-

2062 4441 2342 4502 διζόντων
2381 4456 2455 4495 σε
2495 4441 2798 4496 ἐπέπεσον
2841 4441 2933 4495 ἐπ’
2966 4442 3087 4511 ἐμέ.
3143 4442 3217 4495 Οὐ
3264 4441 3421 4513 μόνον
3482 4438 3637 4506 ξένος

1993 4561 2034 4614 D
2062 4533 2347 4603 ἐγενήθην,
2399 4534 2555 4605 φησὶ,
2609 4534 2705 4587 καὶ
2759 4532 3288 4605 ἀπηλλοτριωμένος,
3344 4530 3481 4587 ἀλλὰ
3539 4532 3635 4585 καὶ

2061 4623 2417 4696 ὠνειδιζόμην
2442 4624 2500 4692 ἐξ
2533 4625 2757 4699 ἐκείνων
2818 4624 2916 4679 τῶν
2968 4625 3074 4678 ἀπὸ
3103 4623 3352 4696 πονηρῶν
3382 4620 3636 4695 πράξεων

2061 4715 2422 4781 ὀνειδιζόντων
2487 4733 2565 4771 σε.
2616 4718 2693 4770 Δι’
2722 4716 2874 4770 οὐδὲν
2930 4715 2987 4769 δὲ
3037 4714 3222 4787 ἕτερον
3292 4712 3358 4767 τὰ
3410 4711 3636 4766 τοιαῦτα

2061 4808 2350 4879 ἔπασχονῆ
2374 4807 2462 4861 διὰ
2498 4807 2588 4861 τὸν
2613 4793 2774 4879 ζῆλον
2818 4808 2913 4862 τοῦ
2941 4806 3089 4861 οἴκου
3118 4822 3233 4861 σου.

2133 4900 2245 4953 Καὶ
2272 4899 2671 4968 συνεκάλυψα
2700 4885 2772 4954 ἐν
2810 4899 3059 4968 νηστείᾳ
3082 4897 3196 4966 τὴν
3242 4895 3454 4967 ⁴ψυχήν
3490 4910 3633 4962 μου.

2073 4990 2297 5061 Ἀλγῶν,
2355 4979 2508 5064 φησὶ,
2565 4990 2651 5044 διὰ
2686 4993 2785 5063 τὴν
2818 4991 3099 5062 ἐσομένην⁹
3124 4988 3303 5042 αὐτῶν
3359 4984 3638 5040 ἀπώλειαν

2057 5080 2164 5133 τῶν
2184 5080 2394 5153 ψυχῶν,
2422 5081 2483 5135 τὸ
2537 5081 2633 5134 καὶ
2664 5081 2726 5134 τὸ
2766 5080 3003 5157 ἐποίουν.
3052 5081 3114 5133 Oi
3162 5078 3221 5131 δὲ
3262 5077 3402 5148 ὑπὲρ
3443 5068 3518 5129 ὧν
3564 5075 3638 5130 τὰ

2057 5170 2284 5226 τοιαῦτα
2317 5171 2579 5244 ἔδρων,ὲν
2607 5171 2770 5225 παντὶ
2802 5169 2980 5242 καιρῷ
3013 5170 3108 5223 καὶ
3135 5169 3283 5239 τόπῳ
3310 5166 3401 5220 ἐπὶ
3433 5163 3634 5234 στόμα-

2057 5281 2148 5327 τος
2179 5263 2280 5333 ἐμὲ
2313 5262 2526 5339 ἔφερον,
2556 5262 2623 5327 ἃς
2665 5262 2804 5334 ὑπὲρ
2836 5261 3014 5340 αύτῶν
3062 5260 3357 5330 ἐποιούμην
3389 5271 3639 5310 κακοπα-

2063 5353 2213 5418 θείας
2243 5354 2590 5419 ὀνειδίζοντές
2624 5371 2712 5425 με.
2858 5338 2876 5343 Γ
2958 5338 2961 5341 ’

2147 5446 2295 5516 Ἐγὼ
2316 5445 2384 5499 δὲ
2416 5444 2491 5514 τῇ
2515 5445 2828 5515 προσευχῇ
2880 5462 3001 5515 μου
3029 5445 3178 5513 πρὸς
3220 5442 3314 5507 σὲ,
3347 5441 3544 5511 Κύριε.
3570 5436 3638 5492 Et

2065 5536 2159 5590 καὶ
2187 5536 2416 5609 πονηρὰ,
2445 5536 2630 5607 φησὶν,
2657 5536 3076 5590 ἀνταπεδίδοσάν
3109 5551 3198 5605 μοι
3233 5533 3354 5588 ἀντὶ
3394 5529 3635 5601 ἀγαθῶν,

2067 5628 2185 5705 ᾁλλ’-
2206 5624 2297 5699 οὖν
2319 5628 2418 5693 τὰς
2447 5628 2585 5701 ὑπὲρ
2618 5628 2804 5703 αὐτῶν
2839 5628 2949 5698 ἐγὼ
2995 5629 3056 5683 οὐ
3092 5626 3337 5699 παύομαι
3376 5622 3634 5696 ποιούμε-
