3976 6220
306 356 410 410 309

1367 357 1728 416 EXPOSITIO
1767 359 1830 413 lN
1871 357 2197 416 PSALML‘M
2239 355 2467 413 LXVIII.

3432 349 3536 406 310

310 477 397 524 νος
429 465 759 535 προσευχάς.
807 468 914 520 Καὶ
943 463 1099 521 τοῦτο
1152 466 1308 535 δῆλον
1359 466 1418 534 ἐξ
1452 463 1527 522 ὧν
1566 468 1876 541 παρέθηκεν

1982 472 2083 525 hoc
2131 469 2478 524 manifestum
2521 474 2633 530 est,
2663 466 2809 538 quod
2860 464 3190 537 evangelista
3213 476 3338 518 eum
3376 461 3537 516 nobis

307 551 464 605 αὑτὸν
495 554 960 628 ὀεύαγγελιστὴς,
1010 558 1102 611 καὶ
1144 558 1293 628 παρὰ
1360 558 1436 629 τῷ
1486 559 1703 632 σταυρῷ
1731 560 1871 631 ὑπὲρ

307 643 411 697 τῶν
430 648 806 717 σταυροῦντων
833 647 1138 720 εὐχόμενον.
1172 632 1385 718 καιρὸς
1426 652 1721 718 εὐδοκίας.
1743 653 1872 707 Ὅτε

306 730 448 803 ἦλθε
478 735 547 788 τὸ
578 736 872 807 ,πλήρωμα
924 740 1029 794 τοῦ
1083 743 1329 809 χρόνου,
1364 740 1793 806 ἐξαπέστειλεν
1838 745 1871 797 d

309 826 448 891 Θεὸς
465 828 575 881 τὸν
611 828 748 882 rear
774 830 959 885 αὐτοῦ
1003 832 1328 900 γενόμενον
1349 832 1418 885 ἐκ
1442 836 1748 902 γυναικὸς,
1779 852 1871 905 γε·

305 917 559 986 νόμενον
583 920 703 973 ὑπὸ
734 922 941 989 νόμον,
973 922 1073 975 ἵνα
1127 923 1269 989 τοὺς
1297 923 1414 979 ὑπὸ
1452 926 1641 994 νόμον
1666 926 1871 996 ἐξαγο-

305 1005 479 1075 ράσῃ.
522 1008 581 1062 Ὀ
613 1011 693 1072 είς
717 1009 880 1063 τοῦτο
930 1009 1099 1066 ἐλθών
1145 1028 1297 1083 φησι·
1330 1013 1545 1083 Καιρύς
1572 1013 1868 1081 εὐδοκίας,

306 1100 337 1150 ό
365 1097 528 1163 Θεός.

369 1188 584 1243 Σῶσόν
598 1208 677 1261 με
699 1192 817 1246 ἀπὸ
872 1193 1089 1262 πηλοῦ,
1120 1194 1222 1248 ἵνα
1251 1194 1338 1263 μὴ
1386 1193 1644 1266 ἐμπαγῶ.
1685 1197 1872 1253 Ταῦτα

305 1274 367 1350 ἦν
392 1279 428 1334 ἃ
486 1283 579 1335 καὶ
623 1286 1052 1357 προσευχόμενος
1106 1287 1245 1359 ὑπὲρ
1290 1288 1392 1358 τῆς
1456 1289 1871 1362 ἀνθρωπότητος

308 1370 558 1441 ἔκραζεν,
597 1376 675 1439 ὡς
721 1377 817 1430 καὶ
860 1377 1038 1447 λέγειν
1097 1378 1290 1433 αὐτόν·
1356 1381 1786 1452 Ἐϐραγχίασεν
1838 1387 1872 1439 d

304 1462 532 1533 λάρυγξ
580 1484 720 1536 μου.
755 1469 829 1523 T6
874 1470 954 1534 δὲ,
999 1471 1376 1542 ἐσραγχίασε,
1398 1474 1458 1526 τὸ
1511 1475 1726 1548 ἐκτενὲς
1772 1478 1871 1557 τῆς

307 1558 609 1630 προσευχῆς
644 1576 853 1632 καταση
862 1562 1059 1632 μαίνει.

371 1649 467 1719 Μή
490 1668 571 1719 με
597 1655 1086 1709 καταποντισάτω
1134 1657 1401 1728 καταιγὶς
1426 1658 1663 1726 ὕδατος,
1716 1661 1872 1730 μηδέ

305 1740 629 1795 καταπιέτω
660 1761 739 1813 με
776 1745 992 1812 βυθός.
1021 1746 1189 1820 ὀρου
1225 1749 1321 1802 καὶ
1362 1750 1605 1821 κατάρας
1638 1754 1869 1823 φρικτῆς

306 1832 689 1904 προκειμένης,
721 1834 807 1889 ἵνα
839 1834 942 1890 κᾶν
973 1837 1202 1905 ἄγγελος
1225 1838 1670 1911 εὐαγγελίσηται,
1719 1841 1752 1912 ἢ
1788 1843 1868 1896 δι-

449 1926 602 2018 qua;
625 1928 754 1999 παρ’
786 1929 816 1982 ὃ
846 1931 876 1983 6
902 1929 1111 1996 Παῦλος
1141 1931 1396 1999 ἐδίδαξεν,
1430 1932 1679 2004 ἀνάθεμα
1707 1933 1867 1988 ἔστω.

306 2013 396 2078 Τίς
418 2013 568 2069 ἐστιν
609 2018 637 2069 6
671 2018 1117 2092 ὑπερκεφαλῆσαι
1149 2021 1380 2087 Παῦλον,
1429 2022 1628 2094 μᾶλλον
1676 2023 1733 2078 δὲ
1778 2026 1869 2079 τὸν

306 2110 361 2161 ὲν
382 2108 531 2179 αὐτῷ
552 2108 817 2165 λαλοῦντα
870 2113 1103 2185 Χριστὸν
1161 2113 1483 2185 δυνάμενος;
1543 2115 1750 2170 Οὐκοῦν
1779 2119 1872 2171 καὶ

306 2201 382 2263 είς
420 2202 613 2255 ἑαυτὸν
643 2203 742 2275 τὴν
763 2204 1017 2277 τοιαύτην
1076 2205 1238 2277 εὐχὴν
1290 2207 1567 2276 ἀναφέρει,
1596 2209 1691 2261 καὶ
1718 2225 1873 2279 pap-

303 2289 455 2358 τυρεῖ
480 2288 746 2359 λέγων,ὲν
795 2295 860 2364 τῇ
905 2293 1044 2366 πρὸς
1098 2293 1379 2367 Ἐϐραίους
1435 2295 1742 2369 Ἐπιστολῇ,
1790 2300 1871 2352 ὅτι

304 2376 371 2430 ἐν
392 2378 523 2445 ταῖς
557 2380 803 2451 ἡμέραις
824 2383 935 2452 τῆς
965 2384 1190 2454 σαρκὸς
1221 2386 1428 2452 αὐτοῦ,
1480 2390 1755 2442 τουτέστιν
1780 2390 1873 2442 ἐπὶ

305 2468 391 2521 τὸν
424 2471 655 2541 σταυρὸν
689 2474 1000 2545 ἐρχόμενος,
1051 2476 1290 2546 δεήσεις
1328 2495 1392 2533 τε
1441 2480 1539 2533 καὶ
1577 2480 1874 2550 ἱκετηρίας

307 2560 436 2630 πρὸς
464 2562 558 2616 τὸν
588 2563 882 2636 δυνάμενον
902 2566 1093 2632 σώζειν
1117 2570 1277 2624 αὑτὸν
1337 2572 1402 2624 ὲκ
1447 2570 1698 2638 θανάτου,
1721 2589 1875 2625 τουτ-

307 2649 416 2704 έστι
445 2654 583 2725 πρὸς
627 2655 719 2710 τὸν
750 2658 988 2729 Πατέρα,
1014 2659 1162 2729 μετὰ
1194 2660 1460 2730 κραυγῆς
1494 2661 1748 2731 ἰσχυρᾶς
1775 2662 1874 2715 καί

304 2741 573 2815 δακρύων
604 2751 963 2823 προσήνεγκε,
1003 2753 1100 2809 καὶ
1157 2755 1572 2821 εἰσακουσθεὶς
1617 2755 1734 2809 ἀπὸ
1766 2754 1874 2825 τῆς

306 2840 642 2908 εὐλαϐείαςο
678 2843 881 2916 καίπερ
920 2843 995 2897 ὣν
1053 2845 1202 2910 Υἱὸς,
1248 2845 1446 2918 ἔμαθεν
1482 2847 1575 2916 ἀφ’
1604 2840 1679 2901 ὧν
1704 2846 1872 2902 ἔπαθε

309 2930 405 3008 τὴν
424 2932 695 3004 ὑπακοήν.
727 2934 994 2989 Ἐνταῦθα
1022 2936 1253 3002 Παῦλος,
1280 2936 1477 3008 μᾶλλον
1511 2938 1567 2991 δὲ
1589 2939 1618 2992 6
1639 2940 1697 2992 ἐν
1727 2938 1873 3010 αὐτῷ

308 3015 480 3071 λαλῶν
514 3020 769 3091 Χριστὸς,
795 3023 889 3076 καὶ
916 3022 988 3077 τὰ
1016 3042 1203 3097 σεσιγη
1212 3026 1346 3097 μένα
1370 3028 1463 3081 καὶ
1486 3027 1737 3083 λείποντα
1760 3032 1873 3094 τοῖς

1974 563 2026 616 in
2074 576 2234 618 cruce
2273 576 2371 632 pro
2414 558 2856 631 cruciﬁgentibus
2898 567 3140 613 orantem
3169 559 3534 625 repraesentet.

1975 654 2196 726 Tempus
2232 653 2559 724 beneplaciti,
2587 652 2743 707 Deus.
2787 648 2885 704 Ubi
2922 650 3054 705 venit
3096 645 3366 718 plenitudo
3408 654 3539 696 tem-

1970 748 2136 818 poris,
2166 748 2308 801 misit
2347 745 2484 800 Deus
2536 743 2738 798 Filium
2781 758 2935 797 suum
2979 742 3180 811 factum
3205 752 3270 791 ea:
3299 732 3534 795 muliere,

1972 841 2175 909 factum
2223 839 2319 893 sub
2364 838 2507 907 tege,
2557 844 2613 890 ut
2655 850 2742 890 eos
2785 834 2877 904 qui
2926 831 3019 886 sub
3059 832 3167 902 lege
3202 835 3352 883 erant
3398 822 3538 879 redi-

1971 937 2129 981 meret
2156 928 2228 986 ".,
2260 926 2365 994 Qui
2397 927 2463 981 ad
2490 926 2593 981 hoc
2623 924 2768 980 venit
2795 923 2871 978 ait
2904 941 2917 977 :
2951 921 3173 989 Tempus
3204 914 3537 986 beneptaeiti,

1972 1015 2130 1071 Deus.

2039 1188 2126 1242 15.
2159 1185 2316 1248 Eripe
2348 1203 2427 1241 me
2448 1187 2511 1241 de
2534 1187 2646 1240 luto
2689 1196 2747 1239 ut
2779 1201 2885 1239 non
2922 1183 3131 1254 inﬁgar.
3179 1179 3304 1234 Haec
3327 1177 3536 1234 clama-

1971 1279 2065 1334 bat
2090 1294 2213 1334 cum
2246 1293 2345 1348 pro
2373 1280 2607 1333 humana
2634 1286 2826 1332 natura
2857 1282 3194 1345 precaretur,
3232 1272 3305 1325 ita
3349 1277 3410 1323 ut
3448 1269 3533 1323 di-

1970 1381 2116 1428 ceret
2154 1389 2168 1426 :
2202 1370 2396 1425 Rauca:
2440 1372 2594 1441 [actae
2620 1380 2741 1423 sunt
2781 1369 2959 1439 fauces
2985 1382 3130 1420 mete.
3163 1364 3297 1417 lllutl
3331 1369 3532 1423 autem,

1970 1462 2164 1521 Rauca
2209 1464 2366 1534 facta
2410 1472 2552 1531 sunt,
2615 1461 3009 1517 vehementiam
3060 1456 3323 1513 orationis
3368 1452 3536 1525 signi-

1968 1554 2112 1609 tlcat.

2041 1645 2126 1711 16,
2160 1645 2244 1699 17.
2286 1642 2409 1699 Non
2437 1658 2517 1698 me
2557 1643 2821 1713 demergat
2864 1650 3140 1711 tempestas
3181 1652 3350 1709 aque,
3374 1648 3538 1705 neque

1971 1734 2243 1790 absorbent
2268 1750 2350 1789 me
2367 1720 2709 1805 profundum.
2737 1731 2873 1787 Cum
2913 1731 3187 1786 decretum
3220 1735 3273 1783 et
3313 1725 3538 1781 maledic

1972 1825 2079 1881 ctio
2107 1824 2384 1895 proposita
2415 1822 2544 1890 sint,
2568 1831 2627 1878 ut
2652 1823 2700 1878 si
2724 1822 2808 1877 vel
2839 1820 3064 1892 angelus
3088 1816 3421 1890 evangelizet
3443 1823 3539 1869 aut

1970 1921 2165 1973 doceat
2192 1930 2292 1972 nos
2331 1922 2522 1986 praeter
2548 1928 2611 1968 ea
2632 1927 2750 1987 quae.
2771 1911 2973 1967 Paulus
3005 1909 3211 1975 docuit,
3248 1906 3537 1962 anathema

1972 2008 2063 2074 sit,
2096 2008 2222 2079 quis
2244 2016 2331 2064 est
2357 2006 2451 2078 qui
2471 2005 2642 2061 Paulo
2674 2005 2788 2061 sive
2811 2004 2995 2075 potius
3019 2001 3237 2057 Christo
3269 2000 3323 2053 in
3351 2012 3419 2055 eo
3454 1998 3537 2052 lo-

1972 2101 2159 2171 quenti
2193 2099 2442 2170 superior
2486 2112 2609 2153 esse
2652 2095 2863 2167 possit?
2884 2092 2964 2148 Ad
3006 2108 3127 2149 sese
3159 2091 3324 2163 igitur
3353 2088 3537 2158 (Chri-

1972 2191 2111 2264 stus)
2139 2192 2276 2245 hane
2324 2186 2691 2260 precationem
2721 2184 2909 2250 refert,
2941 2192 3002 2238 ut
3043 2182 3361 2238 testiﬁcatur
3394 2181 3539 2250 Apo-

1973 2284 2146 2341 stolus
2173 2283 2227 2337 in
2258 2279 2502 2352 Epistula
2530 2278 2598 2334 ad
2634 2276 2912 2341 Hebraeos,
2944 2275 3091 2347 quod
3122 2275 3175 2328 in
3200 2275 3383 2329 diebus
3422 2288 3540 2326 car-

1973 2380 2055 2432 nis
2081 2393 2213 2440 suae,
2247 2375 2353 2431 hoc
2382 2367 2466 2428 est
2493 2387 2618 2427 cum
2647 2371 2717 2426 ad
2744 2384 2960 2425 crucem
2993 2369 3266 2431 venisset,
3300 2369 3540 2421 obsecra-

1977 2471 2140 2524 tiones
2170 2477 2220 2522 et
2242 2464 2648 2536 supplicationes
2672 2477 2789 2516 eum
2812 2460 2987 2515 valido
3030 2458 3257 2513 clamore
3286 2468 3437 2528 atque
3458 2455 3541 2509 ia-

1974 2559 2165 2629 crymis
2215 2556 2464 2626 offerebat
2509 2553 2559 2609 ei
2609 2551 2703 2623 qui
2760 2558 2972 2620 poterat
3014 2550 3193 2619 ipsum
3243 2547 3474 2602 liberare
3509 2563 3539 2599 ιι

1974 2659 2168 2712 morte,
2202 2648 2255 2703 id
2303 2654 2388 2702 est
2416 2645 2581 2712 Patri,
2609 2653 2666 2699 et
2702 2641 2986 2697 exauditus
3022 2652 3100 2695 est
3126 2656 3220 2711 pro
3260 2655 3356 2693 sua
3403 2652 3542 2691 reve-

1973 2744 2145 2799 rentia
2164 2742 2252 2798 “z-
2271 2741 2395 2797 licet
2417 2738 2592 2793 Filius
2619 2745 2781 2801 esset,
2814 2734 3037 2790 edidicit
3062 2749 3128 2789 ex
3151 2730 3414 2803 passione
3441 2745 3540 2784 sua

1974 2833 2361 2892 obedientiam.
2396 2828 2495 2885 llic
2530 2826 2764 2891 Paulus,
2800 2825 2911 2880 imo
2954 2824 3138 2895 potius
3187 2821 3278 2892 qui
3332 2819 3541 2895 inAipso

1975 2890 2295 2999 loquebatur
2317 2922 2587 2986 Christus,
2612 2934 2733 2990 quae
2752 2890 2813 2974 in
2835 2890 3140 2988 Evaitgeliis
3170 2890 3544 2983 silentio‘prae-

1975 3020 2228 3077 termissa
2256 3024 2407 3085 sunt,
2444 3030 2544 3070 nos
2576 3012 2812 3077 edocuit,
2846 3011 3069 3083 quando
3095 3008 3253 3075 dixit,
3286 3022 3405 3061 cum
3433 3004 3545 3060 cla-

309 3106 712 3177 ιῦαγγελισταίς
735 3113 882 3183 ἡμᾶς
911 3115 1137 3183 ἐδίδαξε,
1156 3118 1306 3187 μετὰ
1328 3118 1593 3190 κραυγῆς
1622 3119 1875 3190 ἰσχυρᾶς

1982 3130 2119 3169 more
2160 3112 2334 3167 valido
2366 3119 2415 3166 et
2445 3108 2694 3179 lacrumis
2737 3107 2998 3163 emissam
3041 3103 3212 3159 fuisse
3238 3101 3542 3157 orationem

310 3197 405 3251 καὶ
439 3198 715 3270 δακρύων
758 3203 931 3275 λέγων
958 3209 1209 3276 γενέσθαι
1238 3210 1337 3282 τὴν
1391 3212 1718 3283 προσευχὴν,
1754 3212 1871 3276 τοῦ,

310 3289 514 3361 Πάτερ,
553 3296 892 3363 παρελθέτω
949 3300 1046 3355 ἀπ’
1083 3300 1227 3370 ἐμοῦ
1252 3301 1317 3356 τὸ
1341 3303 1625 3373 ποτήριον
1676 3304 1874 3371 τοῦτο,

309 3382 403 3462 οῦκ
423 3387 484 3438 ὲν
512 3386 819 3460 ὑποκρίσει,
842 3392 942 3445 οὐκ
971 3393 1063 3445 ἐπὶ
1093 3392 1157 3447 τὸ
1184 3394 1432 3448 δελεάσαι
1472 3395 1563 3449 τὸν
1607 3397 1873 3462 Σατανᾶν,

309 3455 379 3526 ου’
397 3473 458 3527 τὺ
491 3455 805 3551 τοῦκόσμου
835 3481 1203 3554 οἰκειούμενος
1216 3483 1573 3557 θέλημα’ἀλλ’
1592 3487 1649 3555 ἐξ
1675 3455 1876 3543 οἰκείου

313 3566 596 3635 προσώπου
652 3572 682 3623 6
711 3571 945 3642 Χριστὸς
968 3575 1320 3646 οἰκονομικῶς
1351 3578 1610 3642 ἑκουσίως
1640 3582 1875 3651 προσεύ-

311 3674 456 3727 χεται
487 3660 627 3731 μετὰ
656 3664 921 3735 κραυγῆς,
956 3665 1095 3738 μετὰ
1141 3667 1411 3739 δακρύων,
1468 3670 1609 3742 μετὰ
1636 3654 1897 3743 ἱδρώτων.

312 3750 399 3803 καὶ
423 3752 663 3824 θρόμϐου
696 3756 946 3828 αἵματος,
977 3758 1115 3831 μετὰ
1136 3760 1368 3829 ἀγγέλου
1393 3762 1747 3833 ὲνισχύοντος,
1780 3765 1876 3819 καὶ

309 3847 466 3902 οἱονεὶ
496 3850 938 3922 παρακαλοῦντος
964 3854 1056 3907 καὶ
1090 3854 1526 3928 παρηγοροῦντος
1548 3856 1729 3921 αὐτὸν,
1752 3859 1877 3913 καί-

311 3955 413 4012 περ
461 3940 593 4006 Υίὺς
646 3942 782 3997 Θεοῦ
847 3944 1061 4015 άληθῶς
1133 3946 1414 4020 ὑπάρχων.
1457 3949 1618 4004 Ἀλλὰ
1663 3954 1759 4006 καὶ
1806 3954 1877 4007 ἐν

310 4030 531 4100 ἀγωνίᾳ
563 4034 885 4105 γενόμενος
915 4037 1275 4110 προσηύχετο,
1325 4038 1403 4103 ὥς
1453 4044 1667 4111 φησινὸ
1718 4044 1879 4113 εὐαγ-

308 4121 581 4195 γελιστὴς,
617 4124 752 4179 ἀλλὰ
776 4127 869 4180 καὶ
888 4127 1324 4198 ἐκτενέστερον,
1349 4130 1484 4185 ἀλλὰ
1511 4133 1603 4185 καὶ
1636 4133 1736 4197 δἰς,
1785 4134 1879 4187 καὶ

309 4212 424 4283 τρὶς
444 4215 547 4285 τὴν
576 4216 742 4288 εὐχὴν
772 4217 851 4289 τῷ
879 4219 1052 4292 Πατρὶ
1080 4221 1366 4291 προσάγει.
1398 4222 1503 4275 Τοῦ
1526 4218 1616 4277 οὖν
1642 4223 1877 4291 Παύλου,

313 4303 511 4373 μᾶλλον
544 4306 601 4359 δὲ
624 4306 787 4362 πάλιν
806 4309 1063 4396 λέγωθτοῦ
1083 4312 1340 4383 Χριστοῦ,
1375 4313 1469 4366 τοῦ
1520 4317 1577 4368 ὲν
1631 4315 1778 4387 αὐτῷ
1808 4314 1887 4387 τῷ

1977 3208 2123 3263 illam
2153 3226 2167 3260 :
2201 3203 2383 3266 Pater,
2412 3211 2642 3257 transeat
2669 3217 2701 3255 a
2732 3216 2812 3254 me
2851 3198 2994 3252 calix
3017 3197 3114 3251 iste
3134 3193 3202 3261 “,
3230 3208 3339 3248 non
3363 3192 3420 3247 in
3449 3191 3547 3260 hy-

1978 3297 2202 3371 pocrisi,
2226 3311 2338 3352 non
2365 3302 2425 3350 ut
2452 3292 2711 3349 Satanam
2735 3292 3005 3347 inescaret
3036 3297 3090 3343 ct
3114 3285 3405 3355 deciperet,
3436 3296 3543 3336 non

1975 3391 2123 3462 quod
2157 3388 2347 3444 mundi
2390 3386 2725 3445 voluntatem
2772 3390 2833 3438 ut
2883 3379 3157 3452 propriam
3185 3376 3420 3441 etl‘erret,
3451 3371 3546 3430 sed

1977 3498 2044 3539 ex
2068 3479 2309 3553 'pmpria
2352 3491 2587 3548 persona
2632 3474 2905 3538 Christus,
2935 3487 3032 3542 per
3064 3464 3546 3539 dispensationem,

1983 3580 2174 3644 sponte
2196 3580 2466 3642 pacatur,
2500 3582 2625 3625 cum
2662 3565 2921 3629 clamore,
2963 3575 3086 3618 cum
3116 3556 3394 3630 lacrymis,
3420 3569 3544 3611 cum

1982 3666 2181 3723 sudore
2224 3673 2277 3720 et
2322 3671 2472 3734 gutta
2526 3657 2830 3729 sanguinis,
2859 3652 3203 3719 confortante
3248 3647 3460 3719 angelo,
3495 3652 3549 3698 ct

1981 3759 2141 3832 quasi
2164 3756 2481 3814 consolante
2528 3753 2702 3818 illum,
2733 3749 2947 3805 etiamsi
2980 3760 3108 3800 vere
3136 3741 3304 3797 Filius
3338 3739 3432 3794 Dei
3460 3753 3549 3792 es-

1982 3826 2219 3906 set.‘Sed
2259 3845 2422 3903 etiam
2470 3843 2642 3912 factus
2675 3841 2728 3894 in
2761 3837 2949 3909 agonia
2985 3834 3340 3905 precabatur,
3373 3836 3435 3882 ut
3474 3826 3550 3881 ait

1981 3938 2310 4009 evangelista
2333 3936 2403 4001 ",
2431 3934 2542 3988 imo
2564 3945 2693 3987 vero
2726 3928 3008 3999 prolixius,
3039 3933 3093 3980 et
3128 3936 3302 3992 usque
3326 3919 3410 3974 bis
3437 3927 3547 3972 ter-

1983 4049 2091 4106 que
2119 4030 2425 4089 orationem
2461 4024 2609 4082 Patri
2641 4022 2821 4078 oﬂ‘ert.
2855 4019 3031 4075 Paulo.
3067 4017 3268 4087 itaque,
3302 4012 3414 4066 imo
3446 4023 3547 4079 po-

1985 4129 2095 4184 tius
2120 4127 2240 4196 ipso
2265 4121 2483 4178 Christo
2515 4116 2609 4187 qui
2636 4115 2690 4169 in
2722 4112 2893 4168 Paulo
2916 4108 3261 4180 loquebatur,
3279 4117 3399 4159 earn
3422 4114 3550 4156 ora-

1986 4195 2190 4274 tionem
2228 4211 2297 4268 ad
2333 4226 2393 4266 se
2430 4207 2736 4264 referente:
2769 4203 2893 4274 quis
2918 4210 3001 4256 est
3034 4198 3129 4270 qui
3152 4212 3216 4253 ea
3246 4195 3550 4250 adulterare

1989 4307 2163 4382 possit
2182 4319 2305 4376 quae
2339 4302 2454 4373 ipse
2471 4297 2724 4355 Christus
2740 4295 2808 4351 de
2830 4308 2888 4349 se
2910 4290 3234 4346 testiﬁcatus
3258 4287 3380 4342 est?

310 4397 507 4470 Παύλῳ
550 4398 857 4466 λαλοῦντος,
878 4372 971 4466 sit;
1021 4372 1210 4459 ἑαυτὸν
1251 4372 1613 4477 ἀναφέροντος
1661 4372 1761 4480 τὴν
1809 4372 2065 4474 τοιαύτην
2110 4372 2416 4470 προσευχήν
2447 4408 2460 4422 ’
2533 4389 2619 4453 τίς
2683 4391 2828 4441 ἐστιν
2868 4387 2896 4438 6
2951 4378 3332 4455 παραχαράξαι
3392 4372 3554 4431 δυνά-

313 4506 500 4560 μενος,
552 4488 591 4544 ἃ
644 4491 804 4555 αὐτὸς
846 4493 875 4545 6
914 4493 1149 4565 Χριστὸς
1209 4495 1339 4566 περὶ
1379 4494 1571 4549 ἑαυτοῦ
1631 4495 2037 4569 ὲμαρτύρησεν;

368 4582 466 4651 Μὴ
517 4584 909 4657 ἀποστρέψῃς
954 4560 1021 4640 τὸ
1078 4560 1400 4657 πρόσωπόν
1449 4604 1564 4644 σου
1613 4560 1757 4645 dato.
1776 4560 1876 4644 τοῦ

2060 4581 2148 4640 l8.
2172 4579 2253 4635 Ne
2278 4584 2485 4633 avertas
2508 4572 2696 4643 faciem
2716 4579 2860 4624 tuam
2879 4582 3085 4638 apuero
3116 4575 3225 4618 tuo.
3249 4562 3387 4631 Quia
3409 4560 3573 4618 Deus

312 4674 521 4741 παιδός
550 4690 686 4730 σου.
735 4676 951 4749 Ἐπειδὴ
1002 4679 1373 4749 ἀποστραφεὶς
1431 4676 1500 4752 ἦν
1538 4683 1566 4734 6
1602 4682 1734 4746 Θεὸς
1790 4683 1886 4737 καὶ

313 4766 500 4840 Πατὴρ
526 4767 615 4821 διὰ
640 4768 739 4839 τὴν
775 4771 834 4823 ὲν
892 4769 1062 4841 Ἀδὰμ
1109 4770 1418 4842 παράϐασιν
1466 4772 1566 4844 τὴν
1598 4771 1886 4845 ἀνθρώπου

314 4856 492 4925 φύσιν,
545 4858 737 4913 τούτου
785 4860 942 4932 χάριν
973 4861 1134 4915 πάλιν
1175 4862 1335 4916 αὐτὸν
1395 4863 1719 4935 ἐπιπρέψαι
1752 4861 1888 4932 πρὸς

314 4946 477 5020 αὐτὴν
503 4948 567 5001 τὸ
606 4948 894 5021 πρόσωπον
918 4952 1245 5022 παρακαλεῖ.

380 5042 655 5111 Πρόσχες
708 5040 785 5110 τῇ
828 5041 1001 5112 ψυχῇ
1018 5060 1159 5112 μου,
1200 5044 1299 5098 καί
1327 5046 1626 5114 λύτρωσαι
1671 5044 1886 5115 αὑτήνο

315 5134 375 5186 ὲκ
396 5132 491 5187 τοῦ
516 5135 902 5206 κατασχόντος,
955 5135 1197 5208 δηλονότι
1259 5135 1352 5191 τοῦ
1394 5137 1642 5192 θανάτου.
1670 5139 1890 5192 Ἕνεκα

316 5225 428 5280 τῶν
451 5226 687 5297 ἐχθρῶν
729 5245 850 5298 μου
894 5229 1084 5297 ῥῦσαι
1141 5246 1240 5299 με.
1303 5229 1393 5294 Ἐξ
1433 5224 1502 5302 ἦς
1544 5228 1889 5300 πεπόνθαμεν

317 5316 521 5384 ἀδικίας
546 5319 703 5391 παρὰ
734 5318 846 5373 τῶν
875 5320 1082 5392 νοητῶν
1132 5320 1362 5393 ἐχθρῶν,
1406 5321 1513 5375 ἀπὸ
1553 5321 1753 5392 ταύτης
1794 5321 1914 5386 ὲπὶῇ

315 5410 400 5466 τὸν
424 5413 573 5467 ἔλεον
597 5413 693 5467 τὸν
714 5412 984 5485 ἡμέτερον
1010 5412 1260 5484 διεγείρει
1285 5412 1376 5465 τὸν
1401 5413 1642 5483 Πατέρα.

382 5503 462 5558 Σὺ
494 5504 602 5575 γὰρ
636 5501 952 5592 γινῴσκεις
988 5502 1095 5556 τὸν
1127 5501 1466 5572 ὀνειδισμόν
1499 5520 1639 5572 μου.
1666 5503 1889 5573 Ὅμοιον

319 5591 391 5664 τῷ
433 5594 733 5668 είρημένῳ·
781 5594 901 5646 Ὀτι
955 5592 1314 5651 ἓνεκέν,σου
1363 5591 1673 5662 ὑπήνεγκα
1734 5593 1886 5645 ὀνει-

1981 4688 2036 4734 et
2058 4675 2238 4738 Pater,
2258 4676 2495 4749 propter
2518 4664 2648 4719 Adae
2691 4658 3182 4731 transgressionem
3200 4695 3216 4720 ,
3253 4657 3551 4711 humanam

1982 4778 2234 4834 naturam
2261 4747 2635 4824 aversabatur,
2660 4755 2782 4811 ideo
2804 4761 2960 4825 rogat
2981 4760 3039 4808 ut
3055 4757 3338 4809 convertat
3359 4747 3553 4804 faciem

1985 4876 2140 4918 suam
2170 4858 2236 4915 ad
2267 4870 2410 4919 eam-

2056 5038 2144 5103 l_9.
2178 5033 2397 5102 Intende
2418 5011 2621 5086 anima:
2644 5044 2772 5083 metu
2793 5036 2842 5082 et
2866 5024 3035 5080 libera
3063 5040 3201 5090 eam,
3229 5037 3256 5075 a
3282 5027 3457 5075 morte
3477 5017 3539 5073 ri-

1991 5128 2186 5184 delicet
2211 5132 2530 5194 occupante.
2574 5121 2798 5189 Propter
2838 5118 3078 5172 inimicos
3119 5129 3256 5168 meos
3284 5111 3424 5179 eripe
3455 5124 3545 5164 me.

1993 5222 2067 5276 Er
2100 5218 2303 5288 injuria
2344 5214 2502 5270 nobis
2528 5229 2623 5285 per
2650 5211 2904 5267 inimicos
2938 5204 3250 5279 spirituales
3287 5202 3458 5263 illata,
3489 5196 3558 5254 ad

1993 5305 2425 5367 misericordiam
2452 5303 2627 5360 nostri
2658 5301 2872 5357 Patrem
2904 5298 3124 5356 excitat.
3158 5342 3163 5347 .
3578 5296 3584 5306 '

2065 5470 2261 5546 20-29.
2323 5486 2402 5541 Tu
2445 5486 2550 5541 scis
2598 5481 2965 5552 improperium
3007 5487 3198 5528 meum.
3250 5467 3438 5524 Simile
3476 5476 3559 5522 est

1992 5582 2137 5638 dicto
2159 5578 2271 5636 illi:
2298 5576 2565 5645 Quoniam
2587 5579 2798 5640 propter
2822 5576 2869 5622 te
2884 5561 3115 5620 sustinui
3136 5556 3473 5631 opprobrium
3490 5557 3558 5611 ⁸⁸.

391 5752 433 5786 ⁸²
464 5752 640 5811 Galat.
672 5767 754 5818 tv,
791 5748 844 5807 5.
916 5751 962 5783 ⁸³
989 5748 1150 5806 Hebr.
1176 5766 1230 5817 τ,
1296 5748 1348 5805 7'.
1419 5750 1463 5782 "
1487 5747 1677 5805 Matth.
1714 5762 1862 5816 xxvi,

2068 5744 2111 5777 "
2143 5740 2274 5800 Luc.
2302 5755 2436 5803 xm,
2465 5722 2548 5791 63.
2631 5734 2675 5767 "
2708 5728 2862 5784 Vcrs.
2906 5725 2957 5779 8.
