3976 6220
362 298 458 354 5!!

1186 297 1242 350 S.
1276 294 1643 350 ATHANASH
1681 293 1830 349 OPP.
1872 292 2051 348 PARS
2089 294 2175 348 Ill.
2206 323 2279 335 —
2313 293 2717 351 EXEGETICA.

3489 294 3595 351 512

366 414 746 484 lmproperium
771 413 1082 481 exspectavit
1114 428 1205 465 cor
1234 427 1404 467 meum
1426 421 1471 463 et
1492 412 1775 465 miseriam.
1801 407 1936 464 [line

2044 410 2275 479 δισμὸν.
2318 409 2682 478 Ὀνειδισμύν
2702 409 3153 479 προσεδόκησεν
3185 412 3223 479 ἠ
3256 410 3425 481 ψυχή
3449 428 3593 482 μου.

370 503 523 558 nobis
546 505 853 574 passionem
884 520 1036 558 suam
1063 512 1308 557 recenset
1331 520 1345 558 :
1371 518 1535 572 quam
1560 511 1740 572 aperte
1766 516 1930 557 evan-

368 597 571 666 gelista:
599 604 979 651 narraverunt.

430 685 520 753 25,
545 686 636 741 Ξὶ.
659 684 782 740 Fiat
808 703 984 740 mensa
1010 702 1190 740 eorum
1217 702 1394 740 coram
1424 687 1551 754 ipsis
1581 688 1636 740 in
1665 686 1926 757 laqueum.

368 774 461 832 llis
501 760 767 846 signiﬁcat
808 791 871 830 ea
914 760 1035 845 qua:
1079 774 1279 832 Judaeis
1315 786 1438 847 post
1482 777 1788 847 passionem
1836 776 1932 832 ob-

370 879 595 923 ventura
641 877 816 923 erant.
869 868 1099 923 Perinde
1150 879 1330 925 autem
1381 879 1465 925 est
1508 887 1572 924 ac
1621 870 1667 924 si
1693 854 1928 925 diceret:

371 954 580 1010 Similia
606 956 910 1012 sustineant
944 958 1010 1013 iis
1031 974 1151 1029 qua:
1180 974 1267 1015 me
1297 959 1531 1029 experiri
1555 971 1833 1016 curarunt.
1847 959 1933 1016 Va:

367 1048 509 1101 enim
540 1047 808 1117 improbo,
839 1049 968 1118 quia
996 1050 1138 1102 mala
1164 1049 1265 1122 ipsi
1301 1048 1597 1104 secundum
1630 1066 1796 1120 opera
1816 1066 1933 1105 ma-

368 1154 535 1194 nuum
561 1139 681 1209 ejus
712 1141 980 1195 evenient.
1015 1140 1372 1199 Obscuretttur
1399 1141 1539 1197 oculi
1569 1159 1748 1196 eorum
1770 1160 1832 1197 ne
1852 1145 1930 1197 vi-

374 1230 554 1286 deant.
585 1229 873 1297 Quomodo
902 1232 1047 1287 enim
1084 1249 1191 1286 non
1234 1234 1473 1288 tenebris
1514 1233 1672 1288 oll'usi
1710 1232 1931 1300 fuerint,

372 1338 495 1377 cum
523 1323 750 1399 justitize
778 1324 947 1389 solem
991 1341 1098 1378 non
1130 1324 1561 1395 acceperint?Et
1593 1325 1808 1379 dorsum
1847 1341 1932 1380 eo-

369 1431 486 1468 rum
529 1431 729 1484 semper
757 1416 992 1471 incurva.
1028 1413 1145 1469 Non
1176 1418 1320 1472 enim
1356 1419 1680 1487 temporaria
1721 1432 1932 1485 eorum,

369 1507 824 1574 quemadmodum
850 1507 1201 1580 Babylonica,
1220 1510 1504 1581 captivitas
1533 1508 1684 1577 fuit;

433 1684 524 1739 26.
558 1684 687 1740 Fiat
714 1686 976 1743 habitatio
1004 1704 1184 1743 eorum
1215 1689 1441 1743 deserta.
1469 1688 1585 1749 Hoc
1615 1691 1689 1746 ait
1713 1700 1936 1764 propter

2046 501 2319 555 Ἐντεῦθεν
2345 503 2477 570 ἡμῖν
2500 501 2558 552 τὸ
2595 501 2764 566 πάθος
2793 501 3078 574 διηγεῖταιέ
3128 503 3156 556 ὂ
3211 504 3394 572 σαφῶς
3426 506 3520 559 καὶ
3545 507 3595 559 οι

2031 588 2411 658 εὐαγγελισταὶ
2438 589 2781 659 διηγήσαντο.

2102 680 2420 750 Γενηθήτω
2466 681 2505 747 ἡ
2556 679 2807 746 τράπεζα
2866 679 3063 734 αὐτῶν
3111 682 3365 737 ἐνώπιον
3399 683 3599 739 αὐτῶν

2030 773 2116 837 εὶς
2144 772 2381 841 παγίδα.
2429 774 2705 835 Ἐντεῦθεν
2756 776 2824 829 τὰ
2872 776 3259 846 συμϐησόμενα
3303 779 3415 840 τοῖς
3463 777 3598 833 ’1ου-

2030 862 2197 926 δαίοις
2234 863 2368 933 μετὰ
2396 863 2457 916 τὸ
2490 864 2657 929 πάθος
2684 866 3098 936 κατασημαίνει.
3135 865 3356 936 Ὅμοιον
3381 866 3437 919 δὲ
3467 867 3601 920 ὡσεὶ

2035 954 2202 1025 λέγοιο
2234 956 2313 1009 Τὰ
2368 956 2718 1028 παραπλήσια
2746 959 3083 1029 ὑπομείνοιεν
3121 952 3193 1012 ὧν
3244 963 3437 1030 πεῖραν
3464 977 3603 1031 παρ-

2032 1044 2331 1105 εσκεύασαν
2386 1063 2453 1117 με
2499 1045 2701 1104 λαϐεῖν.
2753 1048 2886 1100 Οὐαὶ
2932 1049 3038 1117 γὰρ
3086 1048 3324 1120 πονηρῷ,
3366 1050 3448 1103 ὅτι
3504 1067 3601 1102 πο-

2031 1135 2170 1207 νηρὰ
2204 1135 2345 1191 κατὰ
2382 1136 2450 1191 τὰ
2485 1136 2621 1208 ἔργα
2662 1137 2770 1191 τῶν
2817 1140 3012 1213 χειρῶν
3056 1140 3219 1192 αὐτοῦ
3265 1140 3600 1212 συμϐήσεται

2031 1229 2197 1299 αὐτῷ.
2224 1230 2720 1299 Σκοτισθήτωσαν
2743 1235 2796 1286 ot
2831 1232 3121 1301 ὀφθαλμοὶ
3158 1233 3356 1287 αὐτῶν
3383 1234 3487 1316 τοῦ
3510 1233 3599 1303 μὴ

2026 1320 2302 1384 βλέπειν.
2331 1320 2456 1384 Πῶς
2488 1321 2596 1394 γὰρ
2628 1323 2727 1375 οὐκ
2760 1323 3170 1394 ὲσκοτίσθησαν,
3213 1324 3286 1397 μὴ
3320 1323 3600 1395 δεξάμενοι

2040 1412 2130 1466 τὸν
2156 1412 2255 1482 τῆς
2281 1413 2623 1483 δικαιοσύνης
2655 1412 2837 1483 ἥλιον;
2862 1415 2969 1468 Kal
3019 1415 3126 1467 τὸν
3179 1414 3370 1470 νῶτον
3406 1414 3604 1470 αὐτῶν

2033 1503 2356 1571 διαπαντὸς
2381 1507 2763 1574 σύγκαμψον.
2795 1507 2869 1559 Οὐ
2898 1507 3007 1578 γὰρ
3037 1507 3369 1579 πρόσκαιρος
3395 1509 3599 1573 αὐτοῖς,

2033 1595 2219 1667 ὥσπερ
2240 1597 2332 1649 ἐπὶ
2380 1597 2750 1663 Βαϐυλωνίων,
2779 1599 2997 1667 γέγονεν
3023 1601 3055 1670 ἠ
3097 1599 3456 1670 αἰχμαλωσία.

2106 1684 2419 1753 Γενηθήτω
2451 1687 2489 1755 ἠ
2516 1687 2768 1753 ἔπαυλις
2794 1686 2989 1743 αὐτῶν
3023 1689 3396 1759 ήρημωμένη.
3431 1689 3604 1743 Τοῦτό

367 1776 725 1836 vastationem
747 1793 869 1849 quae
898 1778 1283 1853 Hierosolyma:
1314 1779 1557 1851 contigit.
1585 1779 1653 1839 Et
1674 1781 1727 1834 in
1757 1782 1931 1837 taber-

2044 1792 2163 1847 ρησι
2200 1776 2288 1830 διὰ
2309 1776 2405 1848 τὴν
2434 1777 2692 1848 πόρθησιν
2729 1778 2826 1849 τὴν
2885 1778 3176 1850 συμϐᾶσαν
3220 1782 3286 1851 τῇ
3329 1781 3601 1852 Ἰερουσα-

367 1868 572 1922 naculis
599 1885 777 1924 eorum
808 1886 907 1927 non
938 1872 1007 1926 sit
1040 1874 1132 1942 qui
1172 1873 1444 1933 inhabitet.
1486 1873 1562 1928 Ex
1593 1874 1725 1943 ipsis
1752 1875 1936 1931 videli-

366 1969 453 2014 cet
479 1959 711 2030 Judaeis;
735 1978 895 2018 nemo
923 1964 1066 2018 enim
1100 1980 1290 2021 eorum
1311 1966 1424 2037 jam
1441 1966 1829 2041 Hierosolyma
1850 1975 1935 2023 ta-

371 2052 659 2108 bernacula
686 2053 971 2112 inhabitat.

440 2139 530 2192 27.
563 2140 825 2209 Quoniam
862 2158 1013 2212 quem
1057 2153 1112 2198 tu
1147 2146 1450 2213 percussisti
1486 2148 1743 2216 persecuti
1787 2157 1933 2207 sunt.

368 2229 602 2287 Causam
645 2231 798 2287 aﬂ‘ert
831 2251 930 2288 cur
959 2235 1088 2290 talia
1135 2237 1350 2305 passuri
1379 2237 1507 2291 sint.
1545 2238 1734 2292 Simile
1754 2248 1931 2293 autem

368 2333 449 2378 est
477 2325 632 2380 huic:
652 2324 959 2380 Percutiam
979 2339 1264 2396 pastorem,
1286 2338 1336 2382 et
1350 2329 1713 2399 dispergentur
1733 2346 1847 2384 oves
1862 2331 1931 2388 ⁸⁷.

370 2413 526 2469 llunc
557 2416 741 2485 igitur,
772 2418 868 2484 ait,
895 2419 989 2489 qui
1026 2420 1182 2489 juxta
1218 2421 1475 2495 placitum
1514 2430 1662 2475 tuum
1706 2422 1759 2479 iu
1803 2437 1931 2492 pas-

368 2509 523 2564 sione
556 2524 849 2580 percussus
884 2521 988 2577 est,
1015 2511 1118 2581 ipsi
1151 2527 1257 2566 non
1288 2512 1609 2581 recipientes
1630 2522 1781 2567 extra
1815 2529 1936 2583 pro-

368 2603 542 2670 priam
573 2603 800 2665 salutem
852 2619 973 2659 sese
1004 2605 1347 2673 expulerunt.
1382 2603 1453 2658 Et
1502 2620 1655 2674 super
1700 2605 1934 2660 dolorem

369 2692 641 2749 vulnerum
682 2712 916 2753 meorum
960 2696 1298 2751 addiderunt.
1347 2696 1460 2752 Hoc
1505 2698 1603 2765 ait,
1647 2698 1775 2768 quia
1818 2699 1935 2768 ipse

371 2786 589 2853 quidem
625 2786 931 2842 humiliavit
962 2789 1337 2859 semetipsum,
1369 2789 1449 2842 illi
1477 2802 1608 2844 vero
1637 2787 1800 2844 morti
1825 2798 1935 2844 tra-

369 2876 642 2932 diderunt.

442 2968 535 3028 28..
576 2971 787 3043 Appone
814 2972 1142 3041 iniquitatem
1189 2988 1343 3042 super
1377 2972 1706 3042 iniquitatem
1733 2988 1930 3027 eorum.

372 3059 487 3117 lloc
537 3063 633 3126 ait,
684 3064 943 3132 quoniam
991 3073 1116 3133 post
1142 3080 1361 3119 crucem
1389 3073 1442 3118 et
1478 3065 1931 3120 resurrectionem

372 3154 548 3232 ipsum
572 3154 860 3213 calumniis
894 3155 1239 3225 impcticrunt
1270 3155 1404 3225 (52).
1430 3153 1499 3207 Et
1522 3170 1622 3208 non
1659 3155 1850 3211 intrent
1880 3156 1930 3207 in

364 3244 632 3314 justitiam
656 3256 821 3301 tuam.
847 3246 1042 3303 Procul
1069 3257 1230 3306 erunt
1256 3248 1448 3304 remoti
1470 3262 1501 3302 a
1531 3246 1806 3318 voluptate
1826 3262 1939 3319 qua

369 3337 501 3406 justi
536 3338 905 3393 donabantur.

402 3471 409 3492 .
438 3429 531 3486 29.
557 3429 845 3486 Deteantur
866 3431 927 3484 de
953 3430 1086 3484 libro
1111 3432 1409 3485 viventium.
1442 3432 1558 3487 Etsi
1580 3430 1722 3484 enim
1749 3430 1936 3486 inscri-

377 3522 455 3591 pti
484 3520 705 3589 fuerint,
734 3523 828 3586 ait,
862 3524 989 3592 quia
1015 3523 1081 3577 ad
1104 3523 1251 3593 ipsos
1276 3506 1935 3598 promissionegpertinc-

376 3615 547 3683 bant;
584 3615 677 3671 sed
718 3617 976 3687 quoniam
1024 3616 1138 3671 haec
1188 3621 1350 3686 atque
1387 3617 1483 3673 illa
1534 3625 1934 3687 perpetrarunt,

373 3707 569 3762 merito
601 3708 942 3763 delebuntur.

443 3799 629 3854 50-32.
655 3798 766 3870 Ego
795 3817 912 3854 sunt
938 3817 1136 3872 pauper
1154 3811 1204 3857 et
1230 3801 1432 3867 dolens,
1459 3800 1604 3856 salus
1635 3811 1747 3868 tua,
1776 3803 1943 3865 Deus,

376 3893 598 3961 suscepit
616 3909 714 3961 me,
736 3903 839 3951 etc.
862 3891 1023 3951 Hisce
1039 3895 1407 3967 evangelicum
1427 3895 1729 3952 institutum
1754 3895 1942 3964 praedi-

378 3995 554 4054 catur,
578 3987 664 4043 cui
688 3988 971 4057 imperavit
993 3989 1083 4045 ille
1106 3990 1199 4058 qui
1222 3988 1522 4044 secundum
1545 3987 1713 4043 Deum
1739 4004 1940 4059 pauper

380 4080 809 4146 est,cuidictum
838 4082 978 4137 est“
1023 4098 1035 4136 :
1081 4080 1238 4141 Beati
1259 4096 1512 4150 pauperes
1533 4082 1742 4150 spiritu.
1766 4083 1943 4152 Ingre-

376 4172 522 4231 ditur
539 4181 716 4228 autem
735 4174 823 4227 ille
848 4188 1051 4243 pauper
1066 4173 1266 4229 chorus
1280 4173 1483 4243 gratias
1506 4188 1672 4244 agens
1688 4173 1753 4228 de
1770 4174 1942 4228 salute

375 4261 480 4318 sibi
503 4273 655 4335 parta
681 4262 750 4318 ab
776 4260 1087 4333 Unigenilo.
1119 4261 1241 4333 Ipse
1281 4278 1519 4333 namque
1544 4272 1628 4318 est
1652 4262 1818 4318 iacies
1835 4262 1940 4317 Pa—

374 4353 493 4407 tris.
522 4351 796 4408 Promittit
820 4368 984 4422 porro
1011 4368 1071 4409 se
1097 4367 1206 4407 non
1237 4352 1464 4409 ulterius
1486 4362 1710 4408 cruenta
1733 4353 1938 4409 sacriﬁ-

2032 1869 2163 1939 λήμ.
2188 1869 2300 1922 Καὶ
2329 1869 2398 1922 ἐν
2440 1870 2564 1936 τοῖς
2596 1869 2987 1941 σκηνώμασιν
3017 1870 3216 1927 αὐτῶν
3232 1872 3317 1941 μὴ
3358 1873 3512 1926 ἔστω
3567 1875 3602 1926 ό

2030 1941 2337 2014 κατοικῶν.
2378 1959 2467 2026 Ἐξ
2499 1960 2676 2014 αὐτῶν
2703 1961 2964 2031 δηλονότι·
3000 1961 3060 2015 οὐ
3082 1962 3188 2033 γάρ
3213 1978 3298 2027 τις
3328 1961 3435 2016 τῶν
3470 1964 3603 2016 Ἰου-

2029 2049 2193 2103 δαίων
2219 2049 2296 2104 ἔτι
2322 2050 2422 2114 τὰς
2447 2054 2504 2104 ὲν
2536 2051 2887 2123 Ἰερουσαλὴμ
2914 2056 3156 2106 κατοικεῖ
3189 2054 3409 2124 σκηνάς.
3558 2056 3567 2062 ’

2103 2143 2232 2198 Ὅτι
2262 2142 2334 2197 ὃν
2355 2144 2436 2197 σὺ
2464 2143 2767 2211 ἐπάταξας
2793 2145 2959 2200 αὐτοὶ
2991 2146 3371 2212 κατεδίωξαν.
3403 2146 3595 2211 Attia;

2032 2232 2331 2304 παράθεσις
2350 2232 2417 2287 δι’
2439 2233 2504 2305 ἣν
2528 2233 2594 2287 τὰ
2617 2234 2841 2288 τοιαῦτα
2869 2235 3163 2289 πείσονται.
3186 2237 3405 2307 Ὅμοιον
3426 2236 3480 2290 δὲ
3498 2236 3597 2307 τῷ·

2032 2323 2280 2388 Πατάξω
2308 2324 2415 2378 τὸν
2473 2325 2744 2394 ποιμένα,
2793 2327 2890 2380 καὶ
2948 2326 3602 2395 διασκορπισθήσονται

2030 2414 2103 2469 τὰ
2126 2417 2406 2483 πρόϐατα.
2424 2415 2622 2471 Τοῦτον
2646 2413 2756 2484 οὖν,
2787 2418 2938 2487 φησὶ,
2960 2419 3050 2473 τὸν
3072 2420 3211 2473 κατὰ
3234 2421 3331 2492 σὴν
3357 2421 3604 2476 εὐδοκίαν

2033 2508 2091 2563 ὲν
2126 2506 2400 2578 παταγμῷ
2431 2506 2517 2566 διὰ
2546 2507 2607 2560 τὸ
2637 2507 2807 2572 πάθος
2836 2510 3120 2579 γενόμενον
3157 2510 3309 2564 αὐτοὶ
3339 2511 3398 2563 οὐ
3426 2529 3605 2582 παρα-

2031 2598 2333 2668 δεξάμενοι,
2381 2598 2485 2665 ἔξω
2510 2616 2611 2652 που
2636 2600 2731 2671 τῆς
2755 2600 2963 2653 ἑαυτῶν
2999 2602 3270 2671 σωτηρίας
3290 2602 3599 2673 ἀπήλασαν.

2032 2694 2141 2748 Καὶ
2169 2693 2267 2746 ἐπὶ
2287 2693 2353 2747 τὸ
2381 2693 2566 2763 ἄλγος
2587 2692 2704 2746 τῶν
2724 2694 3069 2764 τραυμάτων
3091 2713 3208 2765 μου
3235 2694 3600 2764 παρέθηκαν.

2033 2783 2202 2837 Τοῦτό
2225 2802 2408 2855 φησιν,
2440 2786 2624 2858 ἐπειδὴ
2648 2786 2809 2848 αὐτὸς
2855 2786 2953 2857 μὲν
3008 2787 3367 2841 ἐταπείνωσεν
3385 2787 3603 2852 ἑαυτὸν,

2033 2878 2081 2927 oi
2110 2876 2166 2928 δὲ
2187 2877 2278 2929 καὶ
2305 2877 2516 2948 θανάτῳ
2551 2877 2888 2949 περιέὒαλον.

2104 2967 2370 3033 Πρόσθες
2418 2967 2675 3035 ἀνομίαν
2734 2966 2832 3019 ἐπὶ
2901 2966 3014 3036 τὴν
3077 2968 3332 3037 ἀνομίαν
3383 2967 3599 3022 αὐτῶν.

2036 3058 2144 3110 Καὶ
2167 3057 2322 3110 τοῦτο
2350 3058 2515 3127 λέγει,
2558 3059 2745 3129 ἐπειδὴ
2796 3060 2931 3130 μετὰ
2962 3060 3052 3114 τὸν
3116 3060 3343 3132 σταυρὸν
3373 3061 3465 3113 καὶ
3505 3059 3607 3131 τὴν

2033 3148 2323 3203 ἀνάστασιν
2380 3151 2540 3205 αὑτὸν
2593 3152 3057 3221 ὲσυκοφάντησαν.
3110 3152 3219 3205 Kal
3263 3151 3350 3221 μὴ
3403 3155 3611 3205 εὶσελςκ

2034 3241 2299 3296 θέτωσαν
2348 3243 2418 3295 ἐν
2474 3241 2826 3311 δικαιοσύνῃ
2859 3260 2994 3299 σου.
3038 3244 3235 3317 Πόρρω
3266 3245 3613 3314 γενήσονται,

2035 3335 2187 3405 φησι,
2224 3337 2323 3405 τῆς
2348 3338 2456 3399 τοῖς
2486 3335 2708 3400 δικαίοις
2741 3336 3212 3406 ἀποδοθησομένης
3231 3336 3460 3408 τρυφῆς.

2120 3424 2671 3494 Ἑξαλειςρθήτωσαν
2725 3426 2794 3478 ὲκ
2825 3426 3046 3490 ,βίϐλου
3102 3425 3346 3487 ζώντων.
3403 3429 3466 3480 El
3509 3426 3608 3479 καὶ

2035 3506 2613 3591 ἐνεγράφησαν,’φησὶ,
2667 3518 2809 3573 κατὰ.
2834 3518 2895 3572 τὸ
2927 3518 3103 3573 αὐτῶν
3133 3515 3270 3573 εἶναι
3299 3520 3397 3585 τὰς
3427 3524 3603 3593 ἐπαγ-

2035 3611 2238 3679 γελίας,
2285 3611 2396 3665 ἀλλ’
2429 3610 2615 3683 ἐπειδὴ
2672 3610 2742 3664 τὰ
2777 3612 2870 3665 καὶ
2924 3610 2994 3664 τὰ
3039 3611 3316 3683 ἐποίησαν,
3382 3614 3611 3681 εἰκότως

2039 3702 2531 3773 ὲξαλειφθήσονται.

2107 3794 2347 3863 Πτωχὸς
2374 3794 2473 3848 καὶ
2500 3792 2702 3862 ἀλγῶν
2729 3796 2846 3863 ειμι
2878 3792 3014 3862 ἐγὼ,
3043 3797 3082 3863 ἠ
3116 3797 3379 3865 σωτηρία
3404 3814 3541 3861 σου,
3572 3804 3607 3852 ό

2042 3883 2204 3950 Θεὸς,
2227 3882 2582 3938 ἀντελάϐετό
2587 3901 2728 3952 μου,
2747 3885 2912 3937 κ.τ.λ.
2930 3884 3256 3956 Ἐντεῦθενὴ
3276 3886 3605 3955 εὐαγγελικὴ

2040 3977 2280 4031 πολιτεία
2308 3975 2649 4049 κηρύττεται,
2668 3972 2735 4049 ἧς
2765 3973 2928 4049 ἦρξεν
2961 3979 2990 4030 ὁ
3026 3978 3164 4033 κατὰ
3207 3979 3337 4031 Θεὸν
3372 3979 3607 4050 πτωχόςο

2039 4061 2083 4135 ᾧ
2109 4069 2200 4122 καὶ
2231 4067 2465 4140 εἴρηται·
2486 4066 2773 4136 Μακάριοι
2803 4071 2855 4123 ot
2905 4068 3125 4139 πτωχοὶ
3158 4069 3239 4134 τῷ
3291 4071 3605 4139 πνεύματι.

2040 4158 2355 4229 Εἰσερχεται
2406 4157 2463 4210 δὲ
2486 4149 2638 4220 οὗτος
2663 4158 2691 4210 ὁ
2720 4156 2934 4228 πτωχὸς
2960 4158 3117 4229 χορὸς
3147 4158 3480 4230 εὐχαριστῶν
3511 4159 3608 4210 ἐπὶ

2038 4253 2105 4321 τῇ
2134 4249 2399 4321 γενομένῃ
2434 4247 2581 4319 αὐτῷ
2613 4248 2856 4319 σωτηρίᾳ
2895 4248 3047 4320 παρὰ
3101 4248 3195 4302 τοῦ
3248 4248 3604 4316 Μονογενοῦς.

2040 4341 2211 4404 Αὐτὸς
2244 4341 2352 4411 γάρ
2395 4342 2510 4393 ἐστι
2563 4339 2622 4393 τὸ
2679 4332 3083 4412 πρόσωπον’τοῦ
3132 4341 3361 4410 Πατρός.
3409 4340 3610 4408 Ἐπαγ-

373 4444 457 4501 cia
491 4445 820 4509 oblaturum,
850 4445 943 4500 sed
977 4446 1154 4517 potius
1198 4446 1522 4501 sacriﬁcium
1548 4445 1723 4500 laudis
1760 4454 1812 4501 et
1831 4444 1941 4513 spi-

2044 4432 2291 4502 γέλλεται
2318 4431 2375 4484 δὲ
2412 4430 2605 4503 μηκέτι
2640 4430 2739 4494 τὰς
2768 4431 2834 4485 δι’
2860 4431 3106 4502 αἱμάτων
3153 4431 3479 4503 προσφέρειν
3506 4430 3606 4484 θυ-

370 4535 586 4593 ritualis
615 4537 832 4598 cantici.

440 4705 527 4759 55.
584 4703 807 4758 Videant
837 4720 1091 4775 pauperes
1117 4714 1167 4759 et
1202 4704 1466 4770 laetentur,
1501 4712 1608 4759 etc.
1653 4702 1779 4758 llaec
1808 4719 1931 4759 cum

370 4800 551 4854 norint
606 4799 644 4853 ii
694 4800 787 4867 qui
843 4808 970 4855 sunt
1018 4813 1282 4869 pauperes
1315 4798 1532 4868 spiritu,
1564 4796 1931 4852 exsultabant.

372 4891 497 4946 llaec
526 4900 708 4946 autem
736 4892 925 4946 dicunt
954 4891 1184 4960 apostoli
1208 4897 1426 4961 propter
1446 4905 1541 4946 eos
1565 4889 1660 4960 qui
1689 4889 1930 4958 ipsorum

371 4999 537 5054 opera
565 4983 621 5038 in
647 4984 926 5039 Christum
967 4984 1338 5039 crediderunt.

439 5075 527 5131 54.
577 5074 840 5143 Quoniam
885 5073 1155 5129 exaudivit
1199 5087 1454 5142 pauperes
1498 5071 1777 5126 Dominus.
1833 5070 1939 5131 Ec-.

372 5182 535 5235 quam
566 5165 872 5223 orationem
914 5164 1192 5220 exaudivit
1223 5164 1328 5218 nisi
1376 5178 1495 5219 eam
1521 5179 1685 5233 quam
1723 5177 1823 5234 pro
1866 5162 1934 5218 iis

372 5259 631 5314 oﬂerebat
665 5256 1036 5327 Unigenitus?
1073 5254 1214 5322 Quid
1256 5255 1567 5325 postulabat
1606 5264 1788 5310 autem
1825 5254 1932 5310 nisi

374 5359 433 5402 ut
456 5349 556 5418 ipsi
582 5350 942 5407 liberarentur
959 5364 1028 5403 ex
1059 5347 1293 5402 vinculis
1321 5349 1545 5404 mortis?
1567 5347 1929 5415 Quamobrem

452 5527 490 5555 ν
511 5526 678 5582 Zach.
705 5544 823 5596 xm,
855 5528 915 5596 7;
946 5527 1135 5584 Matth.
1157 5545 1305 5596 τινι,
1323 5530 1412 5586 51.
1445 5530 1491 5561 ⁸⁸
1518 5527 1707 5587 Matth.
1728 5544 1783 5594 ν,
1808 5529 1861 5582 5.

449 5677 560 5751 ('52)
580 5678 678 5737 Hic
696 5686 939 5752 quaedam
959 5687 1117 5744 habet
1131 5686 1423 5745 Corderius
1445 5698 1564 5757 qua:
1584 5694 1711 5744 sunt
1736 5684 2026 5742 Theodori.

2044 4524 2183 4587 σίας·
2227 4521 2330 4587 τὰς¹
2360 4523 2427 4576 δι’
2463 4523 2718 4589 αἰνέσεως
2755 4523 2812 4577 δὲ
2851 4522 3069 4602 μᾶλλον.
3097 4524 3192 4578 καὶ
3234 4525 3604 4595 πνευματικῆς

2037 4618 2197 4697 ᾠδῆς.

2119 4707 2422 4763 ἰδέτωσαν
2449 4706 2690 4785 πτωχοὶ,
2725 4706 2823 4762 καὶ
2869 4704 3374 4775 εὐφρανθήτωσαν
3392 4723 3449 4761 κ.
3469 4722 3521 4760 τ.
3550 4705 3602 4759 λ.

2035 4802 2218 4857 Ταῦτα
2236 4802 2471 4870 γνόντες,
2497 4803 2680 4872 φησιν,
2706 4805 2763 4866 οἱ,
2792 4802 2868 4873 τῷ
2892 4802 3158 4874 πνεύματι
3192 4803 3413 4872 πτωχοὶ,
3437 4802 3607 4872 ἀγαλ-

2031 4895 2222 4964 λιασθή
2266 4912 2468 4948 σονται.
2506 4894 2740 4963 Λέγουσι
2782 4894 2839 4958 δὲ
2873 4893 3045 4949 ταῦτα
3088 4896 3139 4948 οἱ
3182 4894 3468 4948 ἀπόστολοι
3516 4894 3608 4947 διὰ

2032 4989 2158 5050 τοὺς
2185 4987 2249 5040 δι’
2279 4986 2457 5041 αὐτῶν
2483 4987 2874 5052 πιστεύσαντας
2899 4990 2978 5049 εἰς
3005 4986 3254 5057 Χριστόν.

2112 5080 2241 5132 Ὅτι
2293 5077 2618 5147 εἰσήκουσε
2652 5077 2770 5132 τῶν
2820 5076 3091 5142 πενήτων
3136 5080 3169 5132 ὁ
3211 5078 3445 5145 Κύριος.
3492 5077 3607 5131 Καὶ

2037 5171 2194 5234 ποίας
2220 5170 2404 5241 εὐχῆς,
2428 5169 2461 5240 ἦ
2492 5165 2560 5241 ἦς
2592 5170 2730 5241 ὑπὲρ
2755 5169 2933 5223 αὐτῶν
2987 5167 3181 5240 ηὔχετο
3203 5170 3231 5221 ὁ
3254 5169 3603 5237 Μονογενής;

2038 5261 2171 5333 Περὶ
2198 5260 2341 5325 τινος
2366 5260 2423 5314 δὲ
2450 5259 2669 5331 ηὔχετο,
2693 5260 2725 5330 ἢ
2758 5260 3017 5332 ρυσθῆναι
3049 5261 3245 5324 αὐτοὺς
3271 5262 3335 5314 ἐκ
3360 5260 3471 5313 τῶν
3508 5260 3603 5315 τοῦ

2038 5349 2266 5405 θανάτου
2298 5351 2508 5429 δεσμῶν
2530 5367 2545 5417 ;
2571 5351 2660 5405 Διό
2684 5368 2835 5421 φησι⁹
2858 5352 2965 5408 Kal
2988 5351 3129 5422 τοὺς
3155 5350 3606 5426 πεπεδημένους
