3976 6220
322 307 427 363 315

1360 295 1722 354 EXPOSITIO
1756 294 1823 349 IN
1861 293 2187 352 PSALMUM
2228 294 2412 351 LXIX.

3418 310 3521 365 3H

322 420 506 477 αὑτοῦ
550 422 664 476 οὐκ
691 418 1077 485 ἐξουδένωοεε.
1118 416 1376 493 Διέρῤηξε
1413 417 1521 489 γὰρ
1561 415 1775 469 πάντων
1806 411 1909 473 τὰ,

2002 413 2089 468 .it:
2125 413 2191 468 Et
2240 416 2437 469 uinctos
2487 432 2610 470 suos
2659 434 2763 473 non
2809 418 3065 488 despexit.
3107 420 3338 491 Diripuit
3379 425 3525 479 enim

324 510 515 583 δεσμὰ,
547 511 783 583 εἰρηκὼς
821 512 935 577 τοῖς
985 510 1054 564 ἐν
1092 509 1355 587 δεσμοῖς,
1415 507 1730 573 Ἐξέλθετε·
1780 506 1877 559 καὶ

2002 507 2219 562 »ηιηὶιιω
2263 508 2481 565 vincula
2530 526 2655 565 cum
2704 512 2843 566 dixit
2886 512 2954 569 iis
3002 516 3091 581 qui
3149 516 3308 570 uincti
3381 532 3525 575 sunt.

329 603 446 669 τοῖς
487 603 558 656 ἐν
607 602 689 667 τῷ
729 604 964 668 σκότει,
1012 602 1513 669 Ἀνακαλύφθητε.
1571 598 1683 653 Καὶ
1740 596 1881 663 τοὺς

1981 597 2134 654 Exite
2228 610 2276 655 et
2326 602 2390 655 iis
2447 603 2537 672 qui
2582 605 2640 656 in
2683 603 2944 669 tenebris,
2998 605 3321 663 Reuelamini
3357 609 3424 661 ”.
3458 608 3525 662 Et

328 693 772 764 πεπεδημένους
818 694 1001 749 αὑτοῦ
1048 696 1159 748 οὐκ
1212 690 1598 758 ἐξουδένωσε.
1659 689 1771 744 Καὶ
1820 689 1880 742 οὐ

2002 692 2175 746 νὶηειοσ
2222 708 2344 747 suos
2375 710 2485 751 non
2520 695 2776 764 despexit.
2828 696 2896 751 Et
2936 714 3043 753 non
3090 702 3296 768 respuit
3342 717 3441 757 nos
3475 703 3528 756 in

328 787 606 841 διέπτυσεν
638 789 780 859 ἡμᾶς
810 788 868 840 ὲν
896 789 1196 859 συμφοραῖς
1245 785 1421 849 ὄντας,
1474 782 1653 847 καλῶς
1697 782 1752 836 δὲ
1785 782 1882 836 αύ-

328 881 449 942 τοὺς
469 878 877 950 πεπεδημένους
913 875 1032 933 εἷπε
1066 866 1130 933 δι’
1153 872 1226 931 ὧν
1277 876 1509 948 ἔπασχον
1534 874 1722 929 ταῦτα.

395 969 820 1024 Αἱνεσάτωσαν
847 969 1033 1023 αὐτόν
1060 972 1114 1025 οἱ
1138 969 1381 1036 οὐρανοὶ
1435 967 1531 1020 καὶ
1584 967 1623 1034 ἠ
1682 964 1780 1035 τῆ.
1822 965 1887 1017 El.

331 1060 471 1132 χαρὰ
518 1061 728 1129 γίνεται
771 1062 829 1115 ὲν
880 1058 1092 1132 οὐρανῷ
1147 1060 1238 1113 ἐπὶ
1288 1060 1368 1113 ἑνὶ
1401 1056 1700 1129 ἁμαρτωλῷ
1731 1073 1889 1127 μετα-

331 1150 558 1212 νοοῦντι,
600 1148 776 1220 πολλῷ
804 1150 963 1203 πλέον
992 1151 1319 1221 χαρήσονται
1344 1148 1633 1219 συμπάσης
1682 1145 1890 1201 ἐλευθε-

337 1241 599 1314 ρωθείσης
624 1242 722 1311 τῆς
749 1242 872 1313 γῆς.
932 1243 995 1295 Εἰ
1045 1242 1101 1295 δὲ
1145 1241 1367 1311 οὐρανὸς
1413 1239 1505 1292 ἐπὶ
1559 1240 1626 1309 τῇ
1665 1236 1772 1290 τῶν
1800 1239 1891 1289 ἀν-

333 1332 563 1403 θρώπων
595 1334 775 1405 χαίρει
828 1333 1103 1405 σωτηρίᾳ,
1148 1332 1242 1385 καὶ
1271 1333 1409 1386 αἰνεῖ
1446 1331 1536 1382 ἐπὶ
1572 1328 1743 1399 τούτῳ
1801 1327 1890 1379 τὸν

334 1425 485 1479 Θεόνε
520 1425 698 1496 πολλῷ
734 1425 930 1496 μᾶλλον
963 1426 1056 1479 καὶ
1097 1425 1249 1479 αὐτοὶ
1272 1425 1320 1477 oi
1370 1421 1629 1483 σωθέντες
1655 1420 1745 1473 ἐπὶ
1794 1418 1892 1489 τῆς

335 1517 433 1587 γῆς
454 1517 726 1571 αἰνέσουσι
746 1518 837 1571 τὸν
868 1516 1133 1571 σώσαντα·
1156 1515 1235 1569 διὸ
1260 1513 1585 1587 προσέθηκε’
1605 1509 1893 1566 Θάλασσα

336 1608 427 1662 καί
451 1608 650 1662 πάντα
696 1607 769 1661 τὰ
803 1607 1062 1677 sperarat
1109 1607 1178 1660 ἐν
1221 1605 1441 1671 αὐτοῖς.
1495 1602 1665 1657 Τοῦτό
1708 1618 1890 1674 φησιν,

1981 785 2373 842 calamitatibus
2414 788 2918 857 constitutos;jure
2963 800 3142 847 autem
3184 808 3280 849 eos
3321 794 3530 849 vinctos

1983 876 2217 946 appellat
2244 879 2385 947 quod
2416 879 2542 933 talia
2570 888 2905 949 paterentur.

2053 967 2142 1024 55.
2187 967 2425 1023 Laudent
2467 955 2617 1023 ἱίιιὶηι
2649 971 2763 1025 οωιὶ
2789 979 2839 1024 et
2871 981 3030 1025 terra.
3065 969 3120 1025 Si
3156 970 3411 1040 gaudium
3450 981 3534 1025 est

1985 1061 2041 1116 in
2072 1061 2209 1115 coelo
2245 1076 2406 1131 super
2434 1078 2544 1118 uno
2590 1071 2875 1132 peccatore
2916 1064 3285 1132 paenitentiam
3320 1074 3529 1134 agente,

1987 1153 2159 1208 multo
2194 1153 2364 1223 magis
2408 1154 2719 1225 gaudebunt
2753 1155 2828 1209 illi
2862 1170 2986 1210 cum
3015 1164 3159 1209 totus
3187 1154 3336 1209 orbis
3365 1166 3536 1210 terra—

1988 1232 2119 1301 rum.
2160 1245 2420 1302 liberatus
2470 1246 2653 1303 fuerit.
2703 1246 2859 1314 Quod
2904 1248 2952 1303 si
2996 1248 3194 1303 coelum
3244 1248 3443 1318 gaudet
3470 1248 3537 1301 de

1990 1340 2270 1395 hominum
2304 1341 2497 1404 salute,
2529 1341 2667 1397 etde
2700 1342 2802 1398 hac
2836 1358 2893 1397 re
2919 1344 3102 1398 laudat
3133 1341 3341 1410 Deum;
3368 1342 3537 1397 multo

1990 1433 2163 1503 magis
2199 1433 2236 1486 ii
2279 1434 2379 1503 ipsi
2419 1432 2511 1503 qui
2546 1434 2773 1489 salutem
2818 1445 3222 1504 consequuntur
3268 1436 3324 1489 in
3370 1444 3537 1499 terra,

1988 1525 2285 1582 laudabunt
2328 1541 2451 1581 eum
2522 1527 2614 1597 qui
2670 1528 2897 1582 salutem
2963 1527 3106 1583 dedit
3147 1546 3164 1579 :
3213 1532 3542 1598 quapropter

1991 1618 2140 1673 addit
2172 1637 2185 1674 :
2217 1618 2363 1674 Mare
2404 1632 2455 1674 et
2484 1612 2661 1673 omnia
2687 1620 2893 1689 reptilia
2923 1622 2977 1674 in
3017 1621 3112 1673 eis.
3155 1618 3270 1675 Hoc
3311 1619 3386 1673 ait
3414 1618 3539 1687 quia

335 1700 516 1771 ἐπειδὴ
541 1700 637 1753 καὶ
671 1701 727 1753 ὲν
765 1701 884 1762 ταῖς
921 1699 1104 1768 νήσοις
1134 1696 1355 1769 ἔμελλον
1381 1696 1444 1750 τὸ
1484 1696 1744 1767 σωτήριον
1799 1692 1892 1746 τοῦ

338 1792 376 1809 ι.
420 1790 465 1809 ν-
650 1791 701 1809 ο.
796 1790 834 1809 γι.
948 1791 1011 1809 η..
1054 1789 1103 1809 ..λ
1169 1790 1227 1809 ιη
1262 1787 1445 1809 Α-.ν...,τ-
1508 1787 1594 1809 --.Α
1651 1785 1889 1809 LA“:

2002 1707 2235 1761 futurum
2270 1719 2387 1764 erat
2419 1717 2480 1763 ut
2511 1709 2672 1763 etiam
2712 1708 2766 1763 in
2803 1709 2996 1763 insulis
3039 1709 3370 1777 reciperetur
3398 1708 3544 1762 salu-

337 1790 466 1845 Θεοῦ
497 1790 916 1863 παραδέχεσθαι.
948 1791 1023 1845 Τὸ
1049 1789 1128 1855 δὲ,
1158 1790 1228 1843 ἐν
1251 1787 1474 1855 αὐτοῖς,
1507 1787 1600 1841 καὶ
1649 1787 1705 1838 ὲν
1730 1786 1798 1857 τῇ
1823 1785 1893 1854 γῇ

2002 1809 2110 1855 tare
2143 1799 2258 1856 Dei.
2290 1800 2427 1856 Illud
2457 1810 2661 1866 autem,
2698 1803 2753 1857 in
2786 1804 2882 1865 eis.
2910 1802 2962 1857 id
3001 1809 3085 1857 est
3114 1800 3168 1855 in
3209 1809 3355 1854 terra
3395 1807 3449 1854 et
3489 1799 3544 1853 in

337 1880 425 1933 καὶ.
453 1881 513 1932 ὲν
537 1881 605 1951 τῇ
638 1878 903 1951 Θαλάσσῃ.

402 1968 533 2021 Ὀτι
576 1968 610 2021 ὁ
663 1966 807 2034 Θεὸς
852 1965 1037 2020 σώσει
1065 1965 1180 2031 τὴν
1219 1963 1391 2029 Σιὼν,
1431 1963 1530 2018 καὶ
1587 1959 1897 2030 οἰκοδομη-

337 2060 623 2129 θήσονται
669 2062 728 2113 αἱ
793 2060 999 2124 πόλεις
1061 2056 1171 2124 τῆς
1211 2056 1512 2121 Ἰουδαίας.
1560 2054 1691 2107 Τίνα
1737 2053 1900 2124 φησὶν

336 2150 471 2205 εἶναι
495 2150 593 2222 τὴν
645 2149 783 2203 Σιὼν
810 2149 844 2219 ἢ
883 2149 981 2219 τὴν
1006 2147 1167 2216 ἁγίαν
1205 2145 1548 2216 Ἐκκλησίαν,
1585 2137 1652 2214 ἦς
1697 2142 1791 2195 καὶ⁸
1844 2141 1900 2193 αἱ

338 2244 517 2306 πόλεις
547 2239 992 2313 ᾠκοδομήθησαν,
1023 2240 1078 2292 αἱ
1104 2235 1515 2309 διεγηγερμέναι
1540 2231 1775 2305 δηλονότι
1795 2231 1900 2284 τῶν

339 2329 637 2401 ἀνθρώπων
672 2327 879 2398 ψυχαί;
920 2324 1187 2379 Πεσοῦσαι
1228 2325 1335 2395 γὰρ
1392 2320 1532 2395 ἦσαν
1563 2323 1650 2375 ὅτε
1676 2320 1902 2391 ⁴ἠγνόουν

337 2423 427 2476 τὸν
451 2421 606 2474 Θεόν.
649 2411 814 2473 Abeat.
841 2417 898 2472 δέ
942 2419 1078 2470 εἰσιν
1116 2418 1170 2468 αἱ
1200 2415 1286 2468 διὰ
1326 2415 1423 2486 τῆς
1469 2411 1904 2483 ὲξομολογήσεως

341 2509 734 2581 ἀπτερθεῖσαι.
815 2505 1043 2560 Ἰουδαία
1109 2504 1215 2577 γὰρ
1287 2501 1666 2575 ἐξομολόγησις
1732 2500 1905 2571 ἑρμη-

340 2617 570 2655 νευξται.

409 2692 518 2747 Καὶ
555 2688 1030 2759 κατοικήσουσιν
1055 2686 1199 2751 ἐκεῖ,
1222 2683 1318 2738 καὶ
1347 2678 1909 2750 κληρονομήσουσιν

343 2781 548 2848 αὑτήν.
602 2781 666 2832 Οἱ
720 2778 834 2841 νῦν,
869 2778 1050 2849 φησὶν,
1107 2773 1461 2845 αἰχμάλωτοι,
1495 2771 1590 2842 τῆς
1651 2768 1905 2823 ἐπανόδου

276 2912 279 2915 -
342 2872 613 2941 τυχόντες,
652 2869 746 2922 καὶ
775 2867 874 2930 τὰς
897 2865 1100 2926 οἰκείας
1137 2862 1544 2933 οἰκοδομήσουσι
1578 2859 1779 2923 πόλεις,
1814 2857 1908 2910 καὶ

345 2965 759 3034 κατοικήσουσιν
786 2958 975 3022 αὑτάς.
1006 2958 1120 3010 Οὐκ
1147 2955 1300 3009 αὐτοὶ
1351 2953 1407 3007 δὲ
1441 2952 1609 3024 μόνοι,
1639 2950 1773 3003 ἀλλὰ
1814 2948 1909 3001 καὶ

1995 1908 2080 1946 ma
2088 1908 2155 1946 i'l.

2065 1985 2153 2042 56.
2202 1984 2464 2050 Quoniam
2500 1984 2642 2039 Deus
2679 1984 2880 2039 salvam
2914 1983 3071 2052 faciet
3109 1980 3264 2046 Sion,
3298 1992 3344 2036 et
3373 1981 3547 2050 adi/i-

1997 2076 2255 2130 cabuntur
2295 2074 2529 2129 civitates
2560 2073 2725 2128 Iuda.
2761 2071 2935 2138 Quam
2969 2087 3089 2127 esse
3129 2072 3205 2126 ait
3247 2069 3400 2143 Sion,
3443 2070 3549 2125 nisi

1997 2174 2242 2221 sanctam
2273 2164 2591 2226 Ecclesiam,
2624 2163 2781 2233 cujus
2814 2163 3060 2219 civitates
3091 2162 3369 2217 aediﬁcatae
3400 2166 3550 2222 sunt,

1998 2258 2246 2311 excitata:
2298 2255 2505 2314 scilicet
2572 2255 2852 2308 hominum
2922 2254 3174 2309 animae?
3236 2252 3552 2308 Ceciderant

2000 2346 2145 2409 enim
2188 2345 2408 2414 quando
2464 2344 2785 2414 ignorabant
2843 2342 3154 2400 Dominum.
3206 2345 3340 2414 Ipsa:
3385 2358 3552 2414 porro

2000 2450 2095 2506 per
2135 2434 2533 2491 confessionem
2580 2435 2826 2491 excitatae
2875 2443 3022 2490 sunt.
3078 2434 3262 2491 Judaea
3320 2451 3552 2506 namque

2001 2526 2258 2596 confessio
2286 2525 2638 2596 interpretato
2646 2541 2690 2578 r.

2073 2700 2163 2755 37.
2218 2699 2288 2754 Et
2333 2667 2701 2754 inhabitabunt
2734 2700 2828 2765 ibi,
2867 2709 2917 2754 et
2951 2698 3253 2754 hereditate
3285 2701 3554 2769 acquirent

2003 2808 2141 2846 eam.
2178 2790 2409 2860 Captivi,
2450 2790 2649 2860 inquit,
2692 2791 2785 2862 qui
2832 2806 2976 2846 nunc
3032 2791 3264 2846 reditum
3308 2791 3554 2844 obtinue-

1973 2889 2151 2948 'runt,
2184 2881 2429 2951 proprias
2487 2881 2650 2936 urbes
2692 2880 3037 2937 asdiiicahunt
3080 2889 3135 2935 et
3177 2880 3556 2934 inhabitabant

2007 2986 2121 3028 eas.
2148 2969 2258 3026 Nec
2283 2970 2385 3041 ipsi
2414 2971 2537 3038 soli,
2572 2971 2667 3029 sed
2691 2980 2745 3027 et
2774 2986 2964 3028 eorum
2999 2971 3098 3026 lilii
3127 2980 3180 3026 et
3205 2979 3427 3041 nepotes
3459 2988 3476 3039 ;
3505 2970 3556 3025 id

344 3059 390 3109 oi
414 3055 620 3109 τούτων
671 3053 858 3115 παῖδες
894 3050 990 3104 καὶ
1046 3048 1096 3101 οἱ
1161 3045 1392 3115 ἔκγονοι·
1446 3043 1604 3099 τοῦτο
1648 3043 1757 3114 γὰρ
1808 3041 1908 3093 ὲπ-

2011 3064 2154 3119 enim
2181 3063 2478 3135 subjungit.

347 3149 565 3216 ήγαγεν.
598 3135 617 3153 ’

366 3184 523 3291 “ita!
551 3187 622 3290 τὸ
648 3235 886 3305 σπέρμα
907 3232 1024 3288 τῶν
1046 3232 1283 3286 δούλων
1328 3226 1511 3282 αὐτοῦ
1554 3223 1914 3289 καθέξουσιν

349 3328 559 3395 αὐτὴν,
591 3327 691 3380 καὶ
733 3329 786 3380 ot
844 3323 1186 3395 ἀγαπῶντες
1235 3319 1301 3374 τὸ
1340 3316 1526 3388 ὄνομά
1572 3332 1687 3371 σου
1736 3331 1913 3368 κατα-

352 3416 774 3485 σκηνώσουσιν
819 3418 889 3470 ἐν
918 3414 1092 3484 αὐτῇ.
1129 3412 1313 3466 Δοῦλοι
1355 3411 1450 3482 μὲν
1481 3407 1643 3462 αὐτοῦ
1689 3409 1736 3460 οἱ
1771 3406 1913 3474 ἅγιοι

352 3509 650 3571 ἀπόστολοι,
714 3508 789 3571 ὡς
861 3507 1105 3571 Παῦλος,
1168 3502 1354 3566 δοῦλος
1426 3499 1597 3571 Ἰησοῦ
1656 3496 1910 3571 Χριστοῦι

355 3601 570 3670 σπέρμα
599 3599 658 3653 δὲ
692 3597 868 3651 αὐτῶν
895 3599 944 3651 οἱ
965 3597 1031 3652 δι’
1085 3592 1262 3650 αὐτῶν
1309 3594 1389 3655 εἰς
1414 3590 1644 3663 Χριστὸν
1693 3586 1914 3642 πιστεύ-

356 3707 559 3755 σαντες.

552 3784 655 3848 Εις
684 3779 876 3847 τέλος,
914 3779 1222 3834 ΨΑΛΜΟΣ
1242 3772 1324 3840 τῷ
1352 3769 1549 3835 Δαυῒδ,
1582 3770 1708 3828 ΞΘθ.

481 3872 589 3936 Εἰς
629 3869 972 3940 ἀνάμνησιν
994 3871 1082 3935 εὶς
1108 3865 1173 3922 τὸ
1209 3864 1406 3920 σῶσαί
1437 3878 1514 3933 με
1543 3861 1778 3929 Κύριον.

970 4048 1290 4102 Ὺπόθεσις.

975 4066 983 4068 ‘
1027 4066 1072 4101 π
1141 4066 1235 4101 εσι
1277 4086 1290 4099 .

362 4139 553 4194 Τοῦτον
581 4139 696 4211 ᾅδει
718 4139 809 4191 τὸν
825 4066 1034 4211 ψαλμὲν
1058 4066 1436 4206 ὲῖιυπροςσὼπου
1455 4131 1552 4201 τῆς
1567 4127 1664 4183 ἀνθ
1672 4123 1918 4198 ρωπότη-

424 4246 535 4294 τος,
561 4228 819 4299 ἀξιούσης
852 4230 931 4290 εἰς
956 4227 1017 4279 τὸ
1052 4224 1263 4297 βοηθεῖν
1306 4225 1440 4294 αὐτῇ
1464 4219 1810 4288 διαναστῆναι
1830 4214 1919 4266 τὸν

425 4323 575 4377 Θεόν.
612 4320 768 4375 Οὕτω
795 4320 904 4391 γὰρ
925 4318 1234 4373 συνέδαινεν
1268 4314 1598 4387 ὲντραπῆναι
1661 4310 1758 4380 μὲν
1798 4307 1921 4369 τοὺς

424 4415 827 4484 ἀντικειμένους
864 4413 999 4482 αὐτῇ
1042 4408 1330 4479 πολεμίους
1366 4406 1641 4476 δαίμονας,
1691 4401 1922 4470 εύφραντ
1952 4413 1995 4467 ι)

429 4506 580 4578 θῆναι
599 4506 657 4560 δὲ
675 4507 800 4569 τοὺς
827 4505 940 4557 ὅσοι
971 4502 1247 4574 χαίρουσιν
1271 4500 1362 4552 ἐπὶ
1384 4501 1450 4569 τῇ
1474 4494 1714 4566 σωτηρίᾳ
1734 4491 1920 4562 αὐτῆς.

438 4599 498 4652 '0
520 4597 687 4662 Θεὸς,
708 4599 795 4662 εἰς
822 4595 936 4663 τὴν
957 4590 1248 4661 βοήθειάν
1272 4609 1390 4661 μου
1418 4589 1701 4658 πρόσχες,
1721 4602 1776 4638 κ.
1797 4600 1850 4638 τ.
1870 4583 1919 4636 λ.

433 4686 939 4758 Αἰσχυνθήτωσαν
994 4683 1094 4740 καὶ
1143 4680 1622 4751 ὲντραπήτωσαν.
1683 4675 1924 4746 Διαμαρ-

363 4796 519 4846 τοιεν,
554 4780 740 4849 φησιν,
763 4778 815 4830 oi
842 4778 941 4848 τῆς
983 4777 1122 4847 ἐμῆς
1146 4773 1362 4844 σφαγῆς
1386 4770 1679 4843 ἐφιέμενοι,
1705 4768 1799 4821 καὶ
1825 4765 1923 4837 τὴν

364 4870 604 4924 ἐντεῦθεν
632 4867 893 4940 αἰσχύνην
927 4865 1327 4937 καρπώσαιντο.

439 4957 1016 5027 Ἀποστραφήτωσαν
1024 4959 1189 5023 εὶς-τὰ
1209 4954 1422 5018 ὀπίσω,
1435 4969 1547 5007 και.
1563 4951 1615 5004 λ.
1630 4950 1741 5005 Καὶ
1762 4948 1920 5003 πάλιν

367 5052 634 5107 κάνταῦθα
663 5054 721 5105 ὲν
752 5054 866 5114 τοῖς
888 5051 1119 5122 παροῦσι
1156 5049 1359 5119 στίχοις
1383 5046 1653 5117 ἐπαρᾶται
1690 5043 1785 5114 μὲν
1811 5043 1924 5104 τοῖς

366 5144 518 5198 αὑτὸν
550 5142 983 5205 ἐπιϐουλεύουσι,
1017 5143 1111 5195 καὶ
1149 5140 1389 5194 θέλουσιν
1419 5137 1576 5192 αὑτὸν
1603 5134 1791 5198 κακῶς
1821 5151 1924 5187 πα-

369 5235 489 5288 θεῖν’
523 5235 621 5289 καὶ
662 5234 813 5302 λέγει
842 5233 976 5305 πρὸς
1007 5233 1218 5297 αὐτούς’
1251 5233 1316 5285 0i
1362 5234 1474 5294 τοῖς
1529 5231 1681 5300 ἐμοῖς
1735 5228 1925 5289 κακοῖς

369 5327 680 5398 ἑφηδὸμενοι
702 5326 997 5398 τράποιντο
1038 5328 1117 5390 εἰς
1148 5325 1323 5394 φυγὴν
1355 5320 1493 5393 μετὰ
1520 5319 1798 5391 αἰσχύνης,
1828 5318 1925 5388 τὴν

373 5421 501 5489 ἐμὴν
531 5419 768 5490 ὁρῶντες
794 5417 1120 5490 μεταϐολήν.
1161 5411 1734 5481 Ἀποστραφήτωσαν
1781 5421 1928 5477 παρ-

373 5510 575 5563 αυτίκα
625 5509 1070 5578 αἰσχυνόμενοι.
1101 5508 1165 5561 Ol
1190 5506 1281 5560 ἐπὶ
1299 5503 1378 5574 τῷ
1394 5500 1668 5573 γενομένῳ
1697 5517 1787 5571 μοι
1819 5498 1924 5552 πά-

2081 3238 2150 3292 Ει
2172 3254 2342 3293 semen
2370 3254 2635 3293 servorum
2656 3238 2769 3307 ejus
2792 3236 3074 3308 possidebit
3095 3254 3232 3305 eam,
3255 3247 3302 3293 et
3322 3240 3412 3309 qui
3436 3237 3559 3293 dili-

2011 3339 2136 3401 gunt
2158 3345 2342 3382 nomen
2378 3329 2489 3397 ejus
2527 3328 2835 3382 habitabant
2866 3329 2922 3383 in
2967 3344 3048 3385 ea.
3095 3327 3244 3383 Servi
3282 3330 3399 3399 ejus
3435 3339 3556 3383 sunt

2012 3421 2186 3477 sancti
2230 3420 2482 3489 apostoli,
2514 3428 2575 3473 ut
2620 3418 2843 3484 Paulus,
2894 3434 3084 3475 servus
3140 3418 3263 3474 lesu
3317 3419 3514 3476 Christi
3543 3438 3561 3474 :

2013 3528 2192 3568 semen
2220 3521 2400 3565 autem
2423 3526 2614 3566 eorum
2640 3519 2768 3567 sunt
2794 3511 2833 3566 ii
2860 3511 2954 3582 qui
2984 3525 3079 3582 per
3105 3511 3255 3581 ipsos
3310 3510 3368 3567 in
3400 3512 3562 3568 Chri-

2014 3614 2159 3659 stum
2185 3604 2546 3660 crediderunt.

2211 3765 2276 3818 In
2318 3767 2493 3836 finem,
2548 3762 2884 3820 PSALMUS
2931 3763 3125 3829 David;
3166 3761 3372 3819 LXIX.

2120 3862 2174 3916 1.
2218 3861 2280 3917 In
2321 3863 2799 3917 rememorationem
2843 3861 2982 3932 quod
3025 3861 3225 3915 salvum
3273 3862 3451 3931 fecerit

2598 3969 2677 4007 me
2705 3953 2982 4007 Dominus.

2592 4045 2991 4115 Argumentum.

2020 4131 2176 4188 Hunc
2204 4132 2351 4186 canit
2376 4133 2643 4202 psalmum
2679 4151 2744 4188 ex
2775 4149 3008 4205 persona
3049 4134 3300 4188 humanae
3340 4140 3568 4197 naturae,

2089 4222 2327 4292 rogantis
2365 4221 2529 4276 Deum
2565 4233 2625 4277 ut
2654 4232 2905 4293 exsurgat
2936 4224 3001 4277 ad
3037 4223 3295 4277 auxilium
3341 4222 3462 4292 ipsi.
3497 4221 3573 4275 ita

2089 4315 2234 4368 enim
2298 4314 2520 4384 contigit
2582 4315 2787 4384 pudore
2851 4313 2989 4369 allici
3044 4314 3385 4369 adversarios
3456 4314 3574 4385 ejus

2090 4407 2362 4463 daemones
2405 4410 2472 4462 ad
2511 4408 2707 4462 bellum
2770 4408 3063 4462 instructos
3101 4425 3117 4475 ;
3171 4408 3342 4462 laetari
3390 4419 3572 4463 autem

2088 4513 2183 4553 eos
2211 4499 2302 4568 qui
2327 4499 2560 4568 gaudent
2580 4499 2646 4553 de
2668 4499 2843 4553 salute
2867 4500 3058 4568 ipsius.

2090 4588 2145 4642 2.
2183 4586 2345 4654 Deus,
2368 4589 2423 4642 in
2451 4588 2777 4657 adjutorium
2809 4606 2979 4643 meum
3003 4590 3226 4654 intende,
3259 4599 3358 4645 etc.

2092 4679 2144 4733 5.
2178 4677 2586 4748 Confundantur
2607 4689 2655 4734 et
2673 4690 3025 4735 revereantur.
3051 4679 3155 4747 Qui
3184 4696 3359 4735 meam
3390 4696 3577 4736 necem

2021 4778 2276 4838 exoptant
2320 4771 2597 4840 proposito
2630 4771 2911 4841 labantur,
2954 4781 3116 4842 atque
3162 4772 3289 4826 hinc
3320 4772 3575 4841 pudorem

2023 4870 2448 4929 consequantur.

2092 4949 2505 5020 4.:Avertantur
2534 4961 2822 5006 retrorsum
2860 4960 2909 5004 et
2952 4951 3277 5018 erubescant,
3303 4960 3405 5005 etc.
3437 4951 3578 5002 Rur.

2026 5056 2146 5096 sum
2186 5040 2241 5095 in
2284 5044 2643 5112 praesentibus
2681 5041 2967 5097 versiculis
2998 5052 3312 5097 exsecratur
3355 5056 3446 5093 eos
3487 5037 3578 5105 qui

2027 5131 2252 5186 insidias
2291 5133 2391 5202 ipsi
2439 5141 2653 5204 parant,
2693 5140 2748 5188 et
2787 5133 2977 5188 volunt
3017 5148 3141 5187 eum
3201 5131 3357 5184 malis
3403 5126 3577 5192 allici,

2027 5232 2080 5277 et
2112 5223 2187 5278 ait
2215 5222 2355 5278 illis:
2385 5222 2486 5289 Qui
2511 5224 2576 5278 de
2602 5223 2760 5279 malis
2788 5224 2923 5278 meis
2949 5224 3184 5294 gaudent
3212 5226 3490 5273 vertantur
3524 5218 3581 5273 in

2028 5315 2211 5386 fugam
2242 5332 2364 5372 cum
2383 5318 2608 5388 pudore,
2626 5314 2907 5373 cernentes
2934 5311 3363 5368 immutationem
3382 5324 3576 5362 meam.

2031 5409 2351 5463 Averlantur
2386 5411 2563 5466 statim
2612 5411 2984 5464 erubescentes.
3030 5404 3134 5472 Qui
3179 5402 3246 5457 de
3287 5416 3407 5459 mea
3452 5400 3581 5458 olim

2029 5500 2271 5570 pernicie
2288 5510 2343 5559 et.
2370 5502 2438 5561 de
2465 5501 2751 5561 maledicto
2780 5498 2969 5559 mortis
2997 5494 3322 5570 gaudebant.

377 5602 459 5656 λιι
486 5606 735 5677 πτώματι
787 5605 877 5659 διὰ
924 5606 1021 5677 τὴν
1050 5605 1143 5662 τοῦ
1177 5603 1404 5659 θανάτου
1447 5598 1688 5673 κατάραν
1734 5597 2107 5669 ἑπιχαρέντες.

441 5699 486 5733 ⁵³
526 5701 626 5759 lsa.
659 5716 812 5766 sus,
843 5700 897 5754 9.
