3976 6220
400 360 511 420 MS

1231 360 1289 417 S.
1332 361 1702 418 ATHANASII
1738 358 1887 418 OPP.
1922 358 2102 417 PARS
2139 361 2224 416 Ill.
2254 393 2323 405 —
2352 361 2754 419 EXEGETICA.

3507 366 3611 422 516

473 478 527 535 6.
568 475 679 547 Ego
720 485 894 531 autem
943 476 1206 532 mendicus
1258 495 1374 532 sum
1424 488 1474 533 et
1527 494 1739 548 pauper.
1790 477 2001 545 Quasi]

2142 478 2279 548 Ἐγὼ
2300 477 2366 530 δὲ
2394 478 2625 547 πτωχός
2644 479 2760 546 ειμι
2795 476 2891 530 καὶ
2931 474 3135 544 πένης.
3185 476 3327 530 Ἀντὶ
3352 475 3466 541 τοῦ,
3501 479 3616 550 Τῆς

405 567 550 621 dicat
580 562 831 620 :Justitia
857 580 1043 620 eorum
1074 567 1167 636 qui
1201 566 1353 636 prius
1380 568 1661 633 memorati
1691 577 1817 623 sunt
1848 569 1959 639 pri-

406 666 563 711 vatus
588 671 731 719 sum,
779 671 843 711 ac
866 657 921 710 in
947 666 1257 727 paupertate
1288 656 1499 727 vivens,
1528 658 1836 714 divitiarum
1862 659 1958 730 ju-

409 748 571 803 stitiae
591 763 783 818 expers
812 764 931 803 sum
963 766 976 801 :
1012 757 1336 819 quapropter
1353 757 1505 804 tuum
1546 750 1775 822 imploro
1801 751 1958 806 auxi-

408 841 564 895 lium.
594 838 823 908 Adjutor
850 855 993 894 meus
1018 850 1067 894 et
1099 840 1350 897 liberator
1371 859 1511 897 meus
1540 859 1593 897 es
1616 855 1694 911 tu,
1719 843 1959 913 Domine,

408 945 471 984 ne
505 929 740 982 moreris.
779 925 952 983 Tuam
995 931 1141 984 enim
1191 932 1587 1001 providentiam
1638 943 1962 991 consecutus

410 1037 551 1076 sum.
586 1019 792 1074 Exaudi
825 1036 986 1090 quam
1021 1022 1306 1089 citissime,
1341 1031 1395 1079 et
1417 1038 1486 1079 ne
1518 1022 1737 1080 diﬂeras
1770 1034 1962 1096 postu-

413 1114 577 1166 latum
609 1113 927 1167 concedere.

416 1204 464 1257 l.
508 1200 748 1257 PSALM
758 1201 844 1257 US
864 1202 1074 1270 Davidi,
1099 1205 1154 1257 in
1173 1203 1350 1273 ﬁnem,
1383 1206 1617 1276 ﬁliorum
1641 1206 1885 1262 Ionadab
1913 1218 1965 1264 et

477 1294 712 1364 priorum
736 1296 1084 1363 captivorum.
1115 1295 1272 1352 Caret
1305 1299 1647 1370 inscriptione
1681 1300 1823 1372 apud
1852 1300 1964 1356 He-

481 1383 670 1440 brteos.
701 1384 875 1439 LXX.

993 1478 1385 1549 Argumentum.

408 1562 807 1633 Filii_.lonadab
842 1566 942 1620 viri
966 1565 1117 1623 fuere
1150 1569 1224 1638 pii
1245 1580 1300 1624 et
1320 1568 1472 1639 justi,
1507 1570 1599 1638 qui
1634 1571 1804 1640 patris
1828 1586 1965 1640 pra:-

481 1662 636 1725 cepta
682 1669 931 1712 accurate
971 1659 1281 1725 servabant,
1330 1668 1492 1729 atque
1530 1661 1605 1715 ita
1643 1662 1879 1732 religiosi
1913 1669 1968 1717 et

484 1746 730 1801 moribus
758 1749 1050 1813 mansueti,
1082 1758 1143 1804 ut
1178 1764 1366 1805 eorum
1405 1751 1619 1807 virtutis
1663 1752 1816 1808 testis
1853 1751 1967 1823 ipse

479 1834 647 1902 Deus,
676 1839 991 1908 prophetam
1027 1836 1317 1895 Jeremiam
1350 1840 1654 1911 alloquens,
1700 1818 1963 1897 fueris“.
1997 1818 2042 1872 Β

488 1926 688 1982 Eorum
738 1936 979 1997 tempore
1016 1930 1165 1999 prior
1208 1931 1494 2000 captivitas
1526 1929 1828 1987 Jerusalem
1867 1932 1969 1987 sub

485 2019 755 2075 Chaldaeis
780 2019 902 2075 fuit.
933 2019 999 2074 Hi
1028 2020 1266 2077 fortasse
1289 2038 1577 2092 personam
1617 2033 1806 2093 gerant
1838 2038 1970 2094 apo-

493 2112 758 2167 stolorum
793 2113 970 2180 chori,
998 2113 1092 2183 qui
1131 2115 1339 2168 naviter
1367 2115 1603 2171 caelestis
1629 2115 1807 2171 Patris
1834 2131 1972 2186 prae-

486 2214 640 2274 cepta
685 2204 953 2269 servavit,
993 2213 1048 2260 et
1091 2204 1345 2262 laudibus
1390 2206 1696 2262 celebratus
1749 2219 1834 2262 est
1876 2223 1972 2278 per

486 2294 847 2352 beatitudines
878 2312 1014 2367 quas
1046 2296 1358 2352 audierunt.
1394 2296 1657 2353 Similiter
1676 2306 1731 2355 et
1760 2308 1974 2368 aposto-

483 2390 658 2445 lorum
683 2398 922 2460 tempore
950 2390 1099 2459 prior
1137 2389 1521 2462 Hierosolyma:
1558 2392 1842 2462 captivitas
1870 2392 1974 2448 sub

489 2479 749 2536 Romanis
774 2481 990 2537 accidit.
1022 2480 1444 2538 Introducuntur
1476 2483 1660 2552 itaque
1698 2484 1802 2553 ipsi
1845 2485 1975 2539 reli-

480 2574 620 2644 giosi
652 2573 775 2638 viri,
802 2573 1009 2630 scilicet
1046 2573 1418 2643 apostolorum
1482 2574 1703 2639 chorus,
1743 2576 1835 2646 qui
1876 2590 1976 2646 per

493 2675 806 2734 praesentem
826 2666 1091 2735 psalmum
1111 2668 1409 2724 orationem
1429 2677 1479 2723 et
1495 2669 1788 2735 gratiarum
1806 2668 1975 2722 actio-

488 2752 742 2826 nem-pro
762 2756 952 2826 seipsis
969 2756 1077 2811 Deo
1108 2756 1364 2823 oﬂ'erunt,
1388 2758 1535 2827 quod
1572 2772 1631 2812 se
1660 2772 1974 2827 oppressos,

490 2863 670 2903 cuma
703 2849 1140 2918 persecutoribus
1185 2850 1256 2904 ob
1299 2848 1664 2918 evangelicam
1712 2847 1985 2927 praedicat

493 2940 714 3006 tionem,
746 2947 856 2993 tum
888 2955 918 2992 a
942 2938 1314 3009 spiritualibus
1335 2937 1745 2993 insidiatoribus
1771 2936 1976 2992 daemo-

491 3030 674 3097 nibus,
708 3029 971 3085 liberarit.
1000 3029 1332 3100 lnsuperque
1361 3029 1684 3099 promittunt
1717 3043 1776 3083 se
1808 3030 1978 3084 sacri-

2058 570 2164 624 τῶν
2188 569 2597 642 προειρημένων
2636 567 2981 639 δικαιοσύνης
3009 568 3325 639 ἐστέρημαι,
3360 569 3452 624 καὶ
3479 586 3620 623 πτω-

2060 659 2151 731 χίᾳ
2184 659 2376 725 συζῶν,
2422 658 2523 730 τῆς
2569 659 2911 731 δικαιοσύνης
2941 660 3039 713 οὐκ
3092 658 3198 729 ἐχω
3247 659 3338 713 τὸν
3368 659 3614 715 πλοῦτον·

2059 750 2139 803 διὸ
2158 752 2256 821 τῆς
2285 751 2383 822 σῆς
2412 751 2728 823 ἐπικουρίας
2759 751 2982 805 ἱκετεύω
3019 754 3218 822 τυχεῖν.
3248 753 3473 820 Βοηθός
3497 768 3619 822 μου

2061 842 2159 896 καὶ
2173 842 2413 910 ρύστης,
2424 860 2541 911 μου
2567 839 2626 896 ετ
2671 842 2773 907 σὺ,
2803 845 2998 912 Κύριε,
3035 842 3120 912 μὴ
3166 845 3476 913 χρονίσῃς.
3508 844 3620 913 Τῆς

2063 935 2161 1006 σῆς
2188 934 2297 1006 γὰρ
2326 934 2663 1007 προμηθείας
2695 935 2986 1009 τετύχηκα.
3038 937 3368 991 Ἐπὰκουσον
3415 938 3499 992 ὅτι
3526 936 3623 991 τά-

2061 1045 2239 1099 χιστα,
2272 1028 2364 1083 καὶ
2401 1027 2475 1100 μή
2505 1028 2743 1102 ἀναϐἁλῃ
2763 1029 2860 1100 τὴν
2909 1027 3141 1100 αἴτησιν.

2067 1198 2151 1265 Τῷ
2176 1198 2357 1254 Δαυῒδ
2388 1202 2714 1266 ΨΑΛΜΟΣ,
2734 1201 2821 1266 είς
2862 1198 2927 1253 τὸ
2955 1197 3148 1265 τέλος,
3185 1197 3304 1253 τῶν
3337 1198 3482 1254 υἱῶν
3514 1200 3625 1254 ἰω-

2134 1289 2344 1353 ναδὰό,
2407 1290 2505 1344 καὶ
2559 1288 2678 1343 τῶν
2727 1289 2968 1357 πρώτων
3016 1289 3625 1359 αἰχμαλωτισθέντων.

2147 1381 2569 1452 Ἀνεπίγραφος
2613 1380 2749 1448 παρ’
2794 1380 3095 1448 Ἑϐραίοις.
3131 1383 3208 1434 0’.

2700 1472 3023 1537 Ύπόθεσις.

2064 1567 2127 1619 Ol
2154 1566 2259 1620 υἱοὶ
2288 1566 2381 1620 τοῦ
2426 1564 2680 1620 Ἰωναδὲιϐ
2709 1566 2994 1635 γεγόνασιν
3040 1565 3229 1637 ἄνδρες
3273 1564 3520 1629 εὐλαϐεῖς
3568 1582 3631 1618 τε

2135 1659 2229 1712 καὶ
2252 1658 2467 1724 δίκαιοι,
2495 1659 2590 1710 καὶ
2617 1658 2724 1711 τῶν
2755 1657 2851 1712 τοῦ
2897 1659 3101 1729 πατρὸς
3147 1657 3372 1711 ἐντολῶν
3396 1640 3633 1727 φύλακες

2144 1751 2407 1823 ἀκριϐεῖς,
2433 1753 2527 1804 καὶ
2556 1749 2695 1803 οὕτω
2720 1749 2988 1814 θεοσεϐεῖς
3029 1751 3121 1804 καὶ
3150 1749 3210 1803 τὸ
3234 1746 3362 1822 ἦθος
3384 1750 3632 1821 χρηστοὶ,

2138 1844 2213 1907 ὼς
2232 1842 2326 1896 καὶ
2354 1842 2601 1914 μάρτυρα
2621 1842 2717 1913 τῆς
2760 1841 2938 1894 αὐτῶν
2975 1841 3175 1914 ἀρετῆς
3220 1841 3469 1911 γενέσθαι
3501 1840 3634 1893 Θεὸν

2138 1934 2214 2006 τῷ
2234 1935 2485 2008 προφήτῃ
2517 1933 2895 2005 διαλεγόμενον
2945 1933 3199 2005 Ἱερεμίᾳ.
3265 1932 3385 1986 Ἐπὶ
3432 1931 3635 1987 τούτων

2137 2028 2193 2082 δὲ
2220 2029 2314 2082 καὶ
2344 2029 2376 2099 ἡ
2406 2026 2595 2098 πρώτη
2646 2027 2743 2097 τῆς
2805 2024 3154 2097 Ἰερουσαλὴμ
3209 2024 3314 2086 ὑπὸ
3354 2023 3635 2078 Χαλδαίων

2139 2119 2483 2191 αἰχμαλωσία
2512 2117 2821 2189 γεγένηται.
2858 2119 3041 2188 Σχοῖεν
3095 2117 3139 2170 δ’
3184 2117 3249 2171 ἂν
3287 2111 3431 2172 οὗτοι
3471 2116 3634 2188 πρόσ-

2138 2229 2286 2266 ωπον
2309 2208 2401 2264 τού
2453 2208 2809 2263 ἀποστολικοῦ
2834 2207 3018 2285 χοροῦ,
3046 2206 3137 2262 τοῦ
3166 2208 3259 2265 καὶ
3298 2207 3500 2279 σφόδρα
3537 2208 3636 2272 τάς

2139 2301 2232 2356 τοῦ
2265 2301 2583 2372 ἐπουρανίου
2624 2298 2837 2371 Πατρός
2875 2298 3206 2370 φυλάξαντος
3252 2299 3490 2363 ἐντολὰς,
3542 2300 3636 2353 καὶ

2137 2394 2264 2456 τοὺς
2292 2392 2543 2456 ἐπαίνους
2577 2391 2857 2463 εἰληφότος
2882 2391 2968 2444 διά
3023 2390 3128 2444 τῶν
3158 2392 3293 2462 πρὸς
3334 2392 3528 2455 αὐτοὺς
3557 2392 3637 2444 εί-

2144 2485 2392 2559 ρημένων
2423 2482 2801 2555 μακαρισμῶν.
2863 2480 3093 2552 Ὁμοίως
3119 2482 3251 2550 γοῦν
3273 2481 3366 2536 καὶ
3398 2483 3490 2537 ἐπὶ
3518 2481 3636 2535 τούο

2139 2595 2250 2632 των
2281 2576 2387 2630 τῶν
2412 2575 2740 2638 ἀποστόλων,
2785 2575 2946 2645 φημὶ,
2998 2575 3032 2644 ή
3089 2572 3275 2645 πρώτη
3305 2574 3403 2644 τῆς
3441 2574 3639 2646 Ἱερου-

2144 2670 2325 2742 σαλήμ
2359 2667 2702 2739 αίχμαλωσία
2756 2667 2860 2719 ὑπὸ
2909 2666 3190 2737 Ῥωμαίων
3231 2665 3461 2734 ἐγένετο.
3512 2666 3639 2720 Εἰσ-

2142 2763 2363 2831 άγονται
2393 2755 2484 2813 οὖν
2509 2752 2651 2813 οὗτοι
2673 2759 2721 2810 οἱ
2751 2756 3032 2825 θεοφιλεῖς,
3053 2756 3322 2810 τουτέστιν
3349 2758 3377 2810 ὁ
3407 2757 3639 2809 ἀποστο-

2144 2852 2290 2915 λικὸς
2321 2850 2498 2922 χορὸς,
2561 2849 2649 2904 διὰ
2681 2846 2774 2901 τοῦ
2810 2847 3170 2919 προκειμένου
3229 2846 3445 2918 ψαλμοῦ
3474 2847 3640 2918 εὐχήν

2144 2962 2203 2998 τε
2240 2944 2333 2998 καὶ
2361 2942 2707 3015 εὐχαριστίαν
2741 2940 2879 3012 ὑπὲρ
2926 2940 3132 3002 ἐαυτῶν
3156 2939 3517 3013 ἀναφέροντες
3548 2937 3640 3010 ’τῷ

2140 3033 2278 3105 Θεῷ,
2328 3035 2409 3103 ἐφ’
2442 3027 2522 3096 οἷς
2548 3031 2894 3103 θλιϐομένους
2920 3031 3115 3095 αὐτοὺς
3162 3031 3269 3084 ἀπό
3293 3048 3355 3084 τε
3386 3030 3494 3084 τῶν
3525 3030 3629 3083 διωι

486 3124 607 3178 ﬁcia
633 3122 809 3180 laudis
835 3123 1011 3179 solum
1036 3123 1335 3188 oblaturos,
1370 3121 1529 3193 legali
1559 3120 1806 3178 videlicet
1825 3124 1972 3179 cultu
1999 3172 2001 3187 η

2150 3127 2355 3180 κόντων
2394 3124 2481 3179 διά
2518 3124 2611 3178 τοῦ
2630 3122 2980 3192 εὐαγγελικοῦ
3021 3122 3391 3194 κηρύγματος,
3425 3122 3531 3176 ἀπό
3579 3138 3640 3175 τε

490 3216 765 3271 liberatos.

2148 3217 2255 3272 τῶν
2283 3217 2486 3288 νοητῶν
2517 3215 2815 3270 ἐπιϐούλων
2842 3215 2943 3285 τῆς
2965 3214 3143 3268 αὐτῶν
3179 3214 3356 3284 ψυχῆς
3376 3213 3641 3285 δαιμόνων

486 3308 761 3362 διέσωσενο
809 3307 889 3362 ἐτι
924 3324 985 3362 τε
1013 3307 1425 3380 ὑπισχνούμενοι
1466 3308 1631 3379 μόνας
1666 3308 1765 3372 τὰς
1789 3309 1857 3363 δι’
1894 3312 2149 3376 αἰνέσεως
2182 3311 2523 3381 ἀναπέμπειν
2563 3309 2783 3373 Θυσίας,
2832 3306 3236 3378 ἀπηλλαγμένοι
3272 3305 3511 3376 δηλονότι
3542 3306 3639 3375 τῆς

490 3397 632 3451 κατά
659 3398 820 3469 νόμον
850 3398 1122 3470 λατρείας.

488 3493 545 3548 2.
580 3491 648 3547 In
671 3501 737 3559 te,
770 3492 1252 3562 Domine,sperari,
1278 3510 1379 3547 non
1408 3492 1705 3563 confundar
1736 3495 1790 3547 in
1816 3504 1976 3549 arter—

422 3600 568 3639 num.
602 3582 874 3654 Ingentem
923 3584 1174 3639 ﬁduciam
1223 3584 1458 3648 exhibet,
1496 3600 1688 3654 nempe
1718 3600 1869 3655 spem
1920 3586 1976 3640 in

425 3678 614 3731 Deum.
643 3674 711 3729 In
731 3677 949 3746 justitia
978 3685 1071 3730 tua
1104 3675 1269 3730 libera
1304 3692 1403 3730 me.
1431 3673 1648 3731 Iustitia
1682 3674 1863 3731 Patris
1896 3685 1979 3731 est

422 3765 613 3834 Filius,
642 3782 737 3836 per
770 3782 931 3837 quem
964 3767 1178 3823 liberati
1210 3782 1401 3824 sumus
1427 3783 1459 3822 a
1497 3776 1739 3838 peccato,
1779 3782 1890 3838 quo
1923 3767 1976 3822 in

422 3861 767 3931 corruptione
789 3859 1186 3914 detinebamur.

489 4037 545 4094 5.
591 4035 720 4092 Esto
743 4038 870 4090 mihi
914 4037 970 4090 in
1007 4035 1170 4090 Deum
1209 4044 1569 4106 protectorem.
1605 4034 1815 4091 Gnarus
1851 4051 1980 4106 apo-

422 4128 648 4185 stolicus
674 4129 873 4184 chorus
900 4128 1200 4198 pollicitum
1233 4143 1353 4184 esse
1379 4127 1568 4191 Deum,
1601 4128 1741 4197 quod
1771 4128 1886 4197 ipse
1923 4127 1978 4180 in

423 4234 639 4273 murum
674 4218 813 4289 ignis
842 4218 895 4272 in
920 4218 1148 4273 circuitu
1183 4217 1396 4272 futurus
1425 4218 1496 4272 sit
1527 4216 1594 4272 iis
1627 4217 1716 4287 qui
1743 4217 1983 4271 credide-

424 4310 603 4366 rintin
634 4310 835 4378 ipsum,
862 4316 1018 4379 rogat
1054 4324 1171 4363 eam
1199 4309 1619 4378 promissionem
1672 4322 1730 4361 re
1768 4307 1883 4377 jam
1923 4307 1978 4360 in

425 4414 485 4454 se
512 4399 790 4469 compleri.
825 4398 1086 4463 Quoniam
1117 4400 1509 4469 ﬁrmamentum
1549 4413 1721 4451 meum
1758 4406 1806 4450 et
1834 4396 1978 4465 refu-

425 4488 568 4558 gium
592 4504 758 4542 meum
786 4504 838 4543 es
866 4498 940 4543 tu.
972 4487 1090 4558 Ipse
1115 4504 1348 4557 namque
1365 4497 1447 4543 est
1473 4496 1621 4557 petra
1638 4502 1799 4557 supra
1816 4502 1978 4556 quam

425 4578 674 4634 aediﬁcati
703 4580 1112 4635 fundamentum
1149 4581 1409 4636 habemus
1434 4599 1448 4646 ;
1476 4588 1531 4634 et
1551 4579 1666 4648 ipse
1693 4593 1882 4632 murus
1897 4584 1982 4633 est

425 4672 522 4742 qui
553 4673 794 4727 continet
821 4689 942 4737 nos,
984 4681 1043 4727 ut
1074 4672 1208 4726 nihil
1230 4688 1295 4726 ex
1324 4672 1545 4726 incursu
1594 4669 1858 4723 malorum
1884 4670 1978 4721 he-

2160 3493 2285 3547 Ἐπὶ
2326 3491 2446 3556 σοι,
2481 3491 2676 3559 Κύριε,
2716 3487 2970 3557 ἤλπισα,
3009 3486 3095 3557 μὴ
3138 3488 3642 3561 καταισχυνθείην

2076 3589 2161 3652 εὶς
2192 3587 2297 3639 τόν
2321 3582 2522 3637 αἰῶνα.
2566 3583 2724 3650 Μέγα
2748 3580 2949 3652 θάρσος
2969 3581 3069 3651 τῆς
3092 3580 3463 3650 πεποιθήσεως
3494 3579 3644 3650 αὐτῷ

2079 3675 2459 3748 προϐάλλεται,
2488 3672 2585 3745 τὴν
2608 3674 2700 3726 ἐπὶ
2742 3671 2819 3743 τῷ
2856 3670 2975 3742 Θεῷ
3027 3671 3233 3726 ἐλπίδα.
3288 3673 3390 3726 Ἕν
3429 3669 3501 3741 τῇ
3560 3671 3638 3725 δι-

2079 3768 2372 3834 καιοσύνῃ
2397 3781 2513 3820 σου
2537 3765 2727 3832 ῥῦσαί
2743 3783 2839 3834 με.
2898 3763 3213 3835 Δικαιοσύνη
3242 3763 3335 3817 τοῦ
3379 3762 3592 3833 Πατρός
3618 3765 3646 3816 ό

2080 3862 2226 3926 Υἱὸς,
2258 3860 2323 3913 δι’
2360 3851 2420 3912 οὗ
2447 3857 2787 3932 ἐρῤύσθημεν
2817 3857 2912 3928 τῆς
2938 3855 3273 3928 κατεχούσης
3293 3855 3440 3926 ἡμᾶς
3467 3855 3646 3926 ἀμαρ-

2078 3952 2196 4016 τίας
2252 3954 2332 4015 είς
2376 3951 2597 4024 φθοράν.

2148 4042 2339 4114 Ferat?
2395 4058 2497 4111 μοι
2548 4042 2635 4105 εἰς
2678 4038 2823 4092 Θεὸν
2878 4033 3354 4106 ὑπερασπιστήν.
3401 4033 3571 4098 Εἰδὼς
3620 4036 3647 4087 ό

2081 4131 2435 4194 ἀποστολικὸς
2461 4129 2639 4201 χορὸς,
2685 4129 2760 4193 ὡς
2798 4129 2960 4191 αὐτὸς
3023 4128 3354 4198 ἐπήγγελται
3407 4128 3519 4189 τοῖς
3569 4127 3647 4189 είς

2082 4226 2241 4284 αὐτὸν
2272 4222 2616 4278 πιστεύουσιν
2664 4219 2880 4274 ἔσεσθαι
2928 4222 3106 4290 τεῖχος
3163 4218 3331 4290 πυρὸς
3365 4216 3647 4282 κυκλόθεν,

2079 4317 2176 4389 τήν
2205 4315 2454 4379 τοιαύτην
2483 4313 2772 4383 ὑπόσχεσιν
2804 4311 2949 4383 ἔργῳ
2982 4312 3062 4374 είς
3091 4310 3279 4365 ἑαυτὸν
3308 4306 3649 4380 πληροῦσθαι

2083 4406 2408 4479 παρακαλεῖ.
2471 4404 2601 4456 Ὀτι
2624 4401 2928 4471 στερέωμά
2997 4418 3117 4470 μου
3181 4399 3280 4454 καὶ
3337 4396 3649 4468 καταφυγή

2077 4515 2195 4569 μου
2231 4493 2289 4551 εἷ
2317 4495 2417 4549 σύ.
2466 4493 2636 4557 Αὐτὸς
2664 4494 2771 4564 γάρ
2804 4494 2950 4545 ἐστιν
2978 4494 3011 4564 ἡ
3049 4491 3241 4563 πέτρα,
3287 4490 3370 4559 ἐφ’
3396 4489 3462 4561 ἦν
3491 4490 3541 4542 οἱ
3569 4490 3649 4541 οἰ-

2083 4588 2470 4660 κοδομηθέντες
2498 4586 2587 4639 τὸν
2610 4584 2856 4656 θεμέλιον
2887 4583 3101 4655 ἔχομεν’
3141 4583 3235 4637 καὶ
3266 4581 3428 4645 αὐτὸς
3449 4580 3511 4633 τὸ
3539 4582 3651 4633 τεῖ-

2083 4700 2175 4754 Χος
2201 4684 2261 4736 τδ
2290 4679 2507 4750 συνέλον
2541 4678 2706 4750 ἡμᾶς,
2739 4677 2874 4748 πρὸς
2919 4675 2980 4728 τὸ
3011 4674 3177 4747 μηδὲν
3206 4671 3394 4725 παθεῖν
3446 4669 3505 4735 ἐξ
3533 4672 3652 4723 ἐπι-

426 4765 640 4821 damur.
688 4764 881 4820 Libera
927 4781 1032 4829 me,
1079 4764 1278 4834 inquit,
1323 4762 1390 4816 ab
1420 4762 1486 4816 iis
1531 4760 1845 4814 hominibus
1884 4758 1979 4828 qui

2102 4775 2287 4848 ῑρομῆς
2340 4771 2545 4828 κακῶν.
2594 4766 2923 4832 Ἀπάλλαξόν
2979 4784 3068 4838 με,
3131 4765 3284 4837 φησὶ,
3305 4762 3510 4817 τούτων
3541 4762 3654 4817 τῶν

428 4857 715 4928 imperium
753 4857 1018 4921 obtinent,
1053 4866 1108 4912 et
1152 4871 1253 4911 ceu
1297 4869 1462 4908 manu
1507 4851 1744 4921 quadam
1779 4865 1879 4905 nos
1923 4851 1979 4905 in

427 4951 742 5007 servitutem
782 4957 967 5020 agunt,
993 4949 1126 5005 viris
1163 4947 1368 5004 scilicet
1403 4952 1753 5015 peccatorum
1779 4942 1978 5012 plenis,

427 5043 651 5113 iniquis,
677 5041 917 5109 injustis.

494 5133 549 5188 4.
596 5132 735 5187 Deus
768 5148 933 5196 meus,
962 5129 1101 5198 eripe
1128 5142 1206 5181 me
1233 5126 1296 5180 de
1323 5142 1481 5181 manu
1504 5125 1813 5197 peccatoris,
1844 5131 1892 5178 et
1918 5123 1981 5177 de

428 5243 587 5279 manu
621 5235 803 5278 contra
838 5221 1001 5287 legem
1029 5220 1229 5291 agentis
1251 5228 1301 5273 et
1329 5219 1516 5291 iniqui.
1548 5216 1856 5274 Peccatoris
1889 5230 1982 5269 no-

429 5315 574 5369 mine
611 5313 830 5369 Judmos
862 5312 1126 5380 intelligit,
1170 5309 1273 5379 ipsi
1324 5309 1466 5364 enim
1512 5315 1662 5363 erant
1705 5316 1758 5362 et
1790 5312 1981 5360 contra

419 5404 600 5477 legem
648 5415 864 5476 agentes
914 5414 968 5460 et
1020 5403 1224 5473 iniqui:
1269 5417 1457 5459 contra
1510 5404 1681 5475 legem
1740 5407 1978 5472 agentes.

431 5496 559 5563 quia
585 5496 833 5551 innoxios
862 5494 1194 5551 damnabant
1224 5512 1239 5556 ς
1274 5494 1447 5565 iniqui
1479 5503 1682 5556 autem,
1715 5492 1843 5562 quia
1870 5485 1985 5541 nul-

434 5589 539 5641 lam
577 5585 839 5640 haberent
875 5588 1137 5643 adversus
1181 5585 1304 5643 illos
1343 5584 1982 5657 rationiconsentaneam

432 5676 795 5735 occasionem.

503 5793 547 5824 “
579 5788 693 5845 Jer.
721 5802 879 5856 xxxv,
909 5790 1070 5847 5-19'

2084 4867 2444 4940 κρατούντων,
2473 4864 2567 4918 καὶ
2612 4862 2717 4916 ὑπὸ
2765 4861 2863 4932 τὴν
2885 4858 3123 4913 δουλείαν
3152 4857 3336 4928 ῶσπερ
3377 4855 3520 4928 χειρί
3547 4872 3652 4909 τινι

2085 4959 2323 5028 ἀγόντων
2376 4954 2602 5026 ἀνδρῶν,
2627 4951 2899 5024 ἁμαρτίας
2939 4947 3405 5019 πεπληρωμένων,
3433 4945 3653 5017 ἀνόμων

2083 5067 2143 5103 τε
2175 5050 2266 5103 καὶ
2284 5047 2501 5101 ἀδίκων.

2167 5139 2227 5192 '0
2262 5139 2403 5203 Θεός
2438 5153 2578 5206 μου,
2605 5133 2795 5202 ῥῦσαί
2819 5148 2896 5201 με
2924 5131 2992 5184 ἐκ
3025 5128 3217 5199 χειρὸς
3280 5125 3652 5197 ἀμαρτωλοῦ,

2085 5232 2181 5285 καὶ
2236 5231 2304 5284 ἐκ
2354 5227 2548 5299 χειρὸς
2602 5224 3085 5295 παρανομοῦντος
3132 5221 3230 5275 καὶ
3281 5218 3649 5283 ἀδικοῦντος.

2086 5321 2187 5375 Τοῦ
2227 5317 2573 5393 ἀμαρτωλοῦ,
2633 5317 2741 5371 τῶν
2783 5315 3048 5369 Ἰουδαίων
3095 5326 3279 5382 φησιν’
3337 5307 3499 5371 αὐτὸς
3541 5308 3654 5380 γὰρ

2083 5411 2151 5486 ἦν
2170 5416 2198 5467 ό
2220 5414 2311 5467 καὶ
2340 5411 2651 5485 παράνομος
2680 5408 2773 5462 καὶ
2816 5408 3017 5469 ἄδικος
3068 5402 3381 5474 παράνομος
3420 5398 3540 5471 μὲν,
3568 5399 3652 5452 ὅτι

2083 5506 2217 5567 τοὺς
2233 5502 2441 5564 ἀθῴους
2475 5499 2811 5571 κατέκρινεψ
2838 5495 3019 5556 ἄδικος
3050 5493 3126 5559 δὲ,
3166 5491 3248 5546 ὅτι
3286 5487 3653 5561 ορδεμίανιείς

2091 5596 2284 5658 αὐτοὺς
2310 5590 2451 5665 εἶχεν
2476 5590 2693 5657 εὔλογον
2726 5587 3013 5661 πρόφασιν.
