  <div class='ocr_page' id='page_1' title='image "/cluster/home/n/w/nwhite01/storage/ocr_20150623/27/mdp.39015007065769/178.png"; bbox 0 0 3976 6220; ppageno 0'>
   <div class='ocr_carea' id='block_1_1' title="bbox 292 377 396 432">
    <p class='ocr_par' dir='ltr' id='par_1_1' title="bbox 292 377 396 432">
     <span class='ocr_line' id='line_1_1' title="bbox 292 377 396 432; baseline -0.019 0"><span class='ocrx_word' id='word_1_1' title='bbox 292 377 396 432; x_wconf 72' lang='grc'><strong><em>317</em></strong></span> 
     </span>
    </p>
   </div>
   <div class='ocr_carea' id='block_1_2' title="bbox 1375 386 2395 451">
    <p class='ocr_par' dir='ltr' id='par_1_2' title="bbox 1375 386 2395 451">
     <span class='ocr_line' id='line_1_2' title="bbox 1375 386 2395 451; baseline 0.01 -11"><span class='ocrx_word' id='word_1_2' title='bbox 1375 387 1734 444; x_wconf 75' lang='lat' dir='ltr'><strong><em>EXPOSITIO</em></strong></span> <span class='ocrx_word' id='word_1_3' title='bbox 1764 388 1829 443; x_wconf 78' lang='grc' dir='ltr'><strong><em>ΙΝ</em></strong></span> <span class='ocrx_word' id='word_1_4' title='bbox 1864 386 2198 448; x_wconf 77' lang='lat' dir='ltr'><strong><em>PSALMUM</em></strong></span> <span class='ocrx_word' id='word_1_5' title='bbox 2238 394 2395 451; x_wconf 76' lang='lat' dir='ltr'><strong><em>LXX.</em></strong></span> 
     </span>
    </p>
   </div>
   <div class='ocr_carea' id='block_1_3' title="bbox 3418 397 3523 451">
    <p class='ocr_par' dir='ltr' id='par_1_3' title="bbox 3418 397 3523 451">
     <span class='ocr_line' id='line_1_3' title="bbox 3418 397 3523 451; baseline 0 -1"><span class='ocrx_word' id='word_1_6' title='bbox 3418 397 3523 451; x_wconf 76' lang='lat'><strong><em>318</em></strong></span> 
     </span>
    </p>
   </div>
   <div class='ocr_carea' id='block_1_4' title="bbox 266 497 1855 583">
    <p class='ocr_par' dir='ltr' id='par_1_4' title="bbox 266 497 1854 575">
     <span class='ocr_line' id='line_1_4' title="bbox 266 497 1854 575; baseline 0.01 -31"><span class='ocrx_word' id='word_1_7' title='bbox 266 535 275 544; x_wconf 93' lang='lat'><strong><em>.</em></strong></span> <span class='ocrx_word' id='word_1_8' title='bbox 366 497 494 550; x_wconf 80' lang='grc' dir='ltr'>Ὀτι</span> <span class='ocrx_word' id='word_1_9' title='bbox 513 498 597 552; x_wconf 78' lang='grc' dir='ltr'>σὺ</span> <span class='ocrx_word' id='word_1_10' title='bbox 622 497 681 554; x_wconf 74' lang='grc' dir='ltr'><strong><em>οἵ</em></strong></span> <span class='ocrx_word' id='word_1_11' title='bbox 701 500 739 568; x_wconf 77' lang='grc' dir='ltr'>ἡ</span> <span class='ocrx_word' id='word_1_12' title='bbox 767 503 1037 571; x_wconf 58' lang='lat' dir='ltr'><strong><em>unquam}</em></strong></span> <span class='ocrx_word' id='word_1_13' title='bbox 1055 521 1197 573; x_wconf 81' lang='grc' dir='ltr'>μου,</span> <span class='ocrx_word' id='word_1_14' title='bbox 1240 506 1432 573; x_wconf 78' lang='grc' dir='ltr'>Κύριε,</span> <span class='ocrx_word' id='word_1_15' title='bbox 1460 508 1656 575; x_wconf 77' lang='grc' dir='ltr'>Κύριε,</span> <span class='ocrx_word' id='word_1_16' title='bbox 1686 509 1723 575; x_wconf 75' lang='grc' dir='ltr'>ἡ</span> <span class='ocrx_word' id='word_1_17' title='bbox 1754 508 1854 561; x_wconf 69' lang='grc' dir='ltr'>ὲυίο</span> 
     </span>
    </p>
   </div>
   <div class='ocr_carea' id='block_1_5' title="bbox 1960 497 3520 583">
    <p class='ocr_par' dir='ltr' id='par_1_5' title="bbox 2032 511 3520 583">
     <span class='ocr_line' id='line_1_5' title="bbox 2032 511 3520 583; baseline 0.003 -20"><span class='ocrx_word' id='word_1_18' title='bbox 2032 511 2082 563; x_wconf 81' lang='lat'><strong><em>5.</em></strong></span> <span class='ocrx_word' id='word_1_19' title='bbox 2118 511 2379 576; x_wconf 78' lang='lat' dir='ltr'><strong><em>Quoniam</em></strong></span> <span class='ocrx_word' id='word_1_20' title='bbox 2399 523 2454 567; x_wconf 86' lang='lat' dir='ltr'><strong><em>tu</em></strong></span> <span class='ocrx_word' id='word_1_21' title='bbox 2478 532 2531 569; x_wconf 89' lang='lat' dir='ltr'><strong><em>es</em></strong></span> <span class='ocrx_word' id='word_1_22' title='bbox 2555 516 2814 583; x_wconf 85' lang='lat' dir='ltr'><strong><em>patientia</em></strong></span> <span class='ocrx_word' id='word_1_23' title='bbox 2842 530 2976 580; x_wconf 86' lang='lat' dir='ltr'><strong><em>mea,</em></strong></span> <span class='ocrx_word' id='word_1_24' title='bbox 3010 512 3245 577; x_wconf 78' lang='lat' dir='ltr'><strong><em>Domine,</em></strong></span> <span class='ocrx_word' id='word_1_25' title='bbox 3283 511 3520 567; x_wconf 70' lang='lat' dir='ltr'><strong><em>Domine.</em></strong></span> 
     </span>
    </p>
   </div>
   <div class='ocr_carea' id='block_1_6' title="bbox 295 588 1857 668">
    <p class='ocr_par' dir='ltr' id='par_1_6' title="bbox 295 588 1857 668">
     <span class='ocr_line' id='line_1_6' title="bbox 295 588 1857 668; baseline 0.004 -26"><span class='ocrx_word' id='word_1_26' title='bbox 295 589 391 653; x_wconf 69' lang='grc' dir='ltr'>εἰς</span> <span class='ocrx_word' id='word_1_27' title='bbox 418 605 537 656; x_wconf 82' lang='grc' dir='ltr'><strong><em>μου</em></strong></span> <span class='ocrx_word' id='word_1_28' title='bbox 584 588 655 643; x_wconf 81' lang='grc' dir='ltr'>ἐκ</span> <span class='ocrx_word' id='word_1_29' title='bbox 706 592 985 659; x_wconf 82' lang='grc' dir='ltr'>νεότητός</span> <span class='ocrx_word' id='word_1_30' title='bbox 1045 611 1183 663; x_wconf 81' lang='grc' dir='ltr'>μου.</span> <span class='ocrx_word' id='word_1_31' title='bbox 1227 594 1411 649; x_wconf 81' lang='grc' dir='ltr'>Ῥὖσαί</span> <span class='ocrx_word' id='word_1_32' title='bbox 1455 614 1543 667; x_wconf 84' lang='grc' dir='ltr'><strong><em>με,</em></strong></span> <span class='ocrx_word' id='word_1_33' title='bbox 1586 599 1768 668; x_wconf 67' lang='grc' dir='ltr'>φησιν,</span> <span class='ocrx_word' id='word_1_34' title='bbox 1799 596 1857 664; x_wconf 73' lang='grc' dir='ltr'>ἐξ</span> 
     </span>
    </p>
   </div>
   <div class='ocr_carea' id='block_1_7' title="bbox 295 675 1857 751">
    <p class='ocr_par' dir='ltr' id='par_1_7' title="bbox 295 675 1857 751">
     <span class='ocr_line' id='line_1_7' title="bbox 295 675 1857 751; baseline 0.006 -22"><span class='ocrx_word' id='word_1_35' title='bbox 295 675 453 729; x_wconf 79' lang='grc' dir='ltr'>αὑτοῦ</span> <span class='ocrx_word' id='word_1_36' title='bbox 488 676 584 731; x_wconf 77' lang='grc' dir='ltr'>τοῦ</span> <span class='ocrx_word' id='word_1_37' title='bbox 616 681 926 751; x_wconf 80' lang='grc' dir='ltr'>παρανόμου</span> <span class='ocrx_word' id='word_1_38' title='bbox 958 680 1110 745; x_wconf 75' lang='grc' dir='ltr'>λαοῦ,</span> <span class='ocrx_word' id='word_1_39' title='bbox 1143 682 1275 737; x_wconf 89' lang='grc' dir='ltr'>διότι</span> <span class='ocrx_word' id='word_1_40' title='bbox 1320 686 1413 738; x_wconf 70' lang='grc' dir='ltr'>καὶ</span> <span class='ocrx_word' id='word_1_41' title='bbox 1443 685 1529 739; x_wconf 78' lang='grc' dir='ltr'>διὰ</span> <span class='ocrx_word' id='word_1_42' title='bbox 1553 687 1611 739; x_wconf 80' lang='grc' dir='ltr'>σὲ</span> <span class='ocrx_word' id='word_1_43' title='bbox 1643 689 1715 739; x_wconf 74' lang='grc' dir='ltr'>τὰ</span> <span class='ocrx_word' id='word_1_44' title='bbox 1744 703 1857 739; x_wconf 88' lang='grc' dir='ltr'>τοι-</span> 
     </span>
    </p>
   </div>
   <div class='ocr_carea' id='block_1_8' title="bbox 294 767 1858 849">
    <p class='ocr_par' dir='ltr' id='par_1_8' title="bbox 294 767 1858 849">
     <span class='ocr_line' id='line_1_8' title="bbox 294 767 1858 849; baseline 0.008 -29"><span class='ocrx_word' id='word_1_45' title='bbox 294 767 428 822; x_wconf 72' lang='grc' dir='ltr'>αῦτα</span> <span class='ocrx_word' id='word_1_46' title='bbox 453 769 710 839; x_wconf 77' lang='grc' dir='ltr'>ὑπομένω</span> <span class='ocrx_word' id='word_1_47' title='bbox 732 773 823 824; x_wconf 75' lang='grc' dir='ltr'><strong><em>καὶ</em></strong></span> <span class='ocrx_word' id='word_1_48' title='bbox 842 770 928 825; x_wconf 70' lang='grc' dir='ltr'>διὰ</span> <span class='ocrx_word' id='word_1_49' title='bbox 953 772 1049 844; x_wconf 82' lang='grc' dir='ltr'>τὴν</span> <span class='ocrx_word' id='word_1_50' title='bbox 1076 775 1156 837; x_wconf 85' lang='grc' dir='ltr'><strong><em>εἰς</em></strong></span> <span class='ocrx_word' id='word_1_51' title='bbox 1185 775 1244 827; x_wconf 84' lang='grc' dir='ltr'><strong><em>σὲ</em></strong></span> <span class='ocrx_word' id='word_1_52' title='bbox 1273 775 1481 835; x_wconf 76' lang='grc' dir='ltr'>ἐλπίδα.</span> <span class='ocrx_word' id='word_1_53' title='bbox 1500 777 1567 848; x_wconf 79' lang='grc' dir='ltr'>ἢν</span> <span class='ocrx_word' id='word_1_54' title='bbox 1592 777 1858 849; x_wconf 78' lang='grc' dir='ltr'>ἐδεξάμην</span> 
     </span>
    </p>
   </div>
   <div class='ocr_carea' id='block_1_9' title="bbox 294 859 1853 939">
    <p class='ocr_par' dir='ltr' id='par_1_9' title="bbox 294 859 1853 939">
     <span class='ocr_line' id='line_1_9' title="bbox 294 859 1853 939; baseline 0.006 -27"><span class='ocrx_word' id='word_1_55' title='bbox 294 859 354 913; x_wconf 65' lang='grc' dir='ltr'>ἐκ</span> <span class='ocrx_word' id='word_1_56' title='bbox 379 861 478 931; x_wconf 86' lang='grc' dir='ltr'><strong><em>τῆς</em></strong></span> <span class='ocrx_word' id='word_1_57' title='bbox 502 861 725 933; x_wconf 79' lang='grc' dir='ltr'>πρώτης</span> <span class='ocrx_word' id='word_1_58' title='bbox 753 863 846 916; x_wconf 76' lang='grc' dir='ltr'>καὶ</span> <span class='ocrx_word' id='word_1_59' title='bbox 877 863 935 931; x_wconf 73' lang='grc' dir='ltr'>ἐξ</span> <span class='ocrx_word' id='word_1_60' title='bbox 958 864 1129 936; x_wconf 82' lang='grc' dir='ltr'>ἀρχῆς</span> <span class='ocrx_word' id='word_1_61' title='bbox 1160 883 1260 935; x_wconf 89' lang='grc' dir='ltr'><strong><em>μου</em></strong></span> <span class='ocrx_word' id='word_1_62' title='bbox 1298 867 1384 921; x_wconf 80' lang='grc' dir='ltr'>διὰ</span> <span class='ocrx_word' id='word_1_63' title='bbox 1408 868 1500 921; x_wconf 77' lang='grc' dir='ltr'>σοῦ</span> <span class='ocrx_word' id='word_1_64' title='bbox 1535 870 1853 939; x_wconf 76' lang='grc' dir='ltr'><strong><em>γεννήσεως,</em></strong></span> 
     </span>
    </p>
   </div>
   <div class='ocr_carea' id='block_1_10' title="bbox 295 953 1858 1026">
    <p class='ocr_par' dir='ltr' id='par_1_10' title="bbox 295 953 1858 1026">
     <span class='ocr_line' id='line_1_10' title="bbox 295 953 1858 1026; baseline 0.006 -22"><span class='ocrx_word' id='word_1_65' title='bbox 295 953 429 1006; x_wconf 71' lang='grc' dir='ltr'>κατὰ</span> <span class='ocrx_word' id='word_1_66' title='bbox 483 953 545 1006; x_wconf 83' lang='grc' dir='ltr'><strong><em>τὸ</em></strong></span> <span class='ocrx_word' id='word_1_67' title='bbox 594 954 898 1026; x_wconf 83' lang='grc' dir='ltr'>είρημένον·</span> <span class='ocrx_word' id='word_1_68' title='bbox 936 955 1112 1009; x_wconf 85' lang='grc' dir='ltr'><strong><em>Ὅσοι</em></strong></span> <span class='ocrx_word' id='word_1_69' title='bbox 1143 956 1362 1011; x_wconf 73' lang='grc' dir='ltr'>ἔλαϐον</span> <span class='ocrx_word' id='word_1_70' title='bbox 1403 958 1607 1025; x_wconf 82' lang='grc' dir='ltr'>αὐτὸν,</span> <span class='ocrx_word' id='word_1_71' title='bbox 1638 958 1858 1014; x_wconf 79' lang='grc' dir='ltr'>ἔδωκεν</span> 
     </span>
    </p>
   </div>
   <div class='ocr_carea' id='block_1_11' title="bbox 294 1042 1539 1117">
    <p class='ocr_par' dir='ltr' id='par_1_11' title="bbox 294 1042 1539 1117">
     <span class='ocr_line' id='line_1_11' title="bbox 294 1042 1539 1117; baseline 0.007 -23"><span class='ocrx_word' id='word_1_72' title='bbox 294 1042 492 1107; x_wconf 81' lang='grc' dir='ltr'>αὐτοῖς</span> <span class='ocrx_word' id='word_1_73' title='bbox 522 1043 812 1108; x_wconf 68' lang='grc' dir='ltr'>ἐξουσίαν</span> <span class='ocrx_word' id='word_1_74' title='bbox 841 1045 1022 1099; x_wconf 82' lang='grc' dir='ltr'>τέκνα</span> <span class='ocrx_word' id='word_1_75' title='bbox 1069 1047 1217 1101; x_wconf 85' lang='grc' dir='ltr'><strong><em>Θεοῦ</em></strong></span> <span class='ocrx_word' id='word_1_76' title='bbox 1245 1047 1539 1117; x_wconf 79' lang='grc' dir='ltr'>γενέσθαι.</span> 
     </span>
    </p>
   </div>
   <div class='ocr_carea' id='block_1_12' title="bbox 371 1132 1856 1207">
    <p class='ocr_par' dir='ltr' id='par_1_12' title="bbox 371 1132 1856 1207">
     <span class='ocr_line' id='line_1_12' title="bbox 371 1132 1856 1207; baseline 0.006 -20"><span class='ocrx_word' id='word_1_77' title='bbox 371 1132 501 1187; x_wconf 78' lang='grc' dir='ltr'>Ἐπί</span> <span class='ocrx_word' id='word_1_78' title='bbox 539 1132 616 1186; x_wconf 82' lang='grc' dir='ltr'>σὲ</span> <span class='ocrx_word' id='word_1_79' title='bbox 662 1133 1104 1205; x_wconf 78' lang='grc' dir='ltr'>ἑπεσττιρίχθην</span> <span class='ocrx_word' id='word_1_80' title='bbox 1153 1137 1269 1191; x_wconf 76' lang='grc' dir='ltr'><strong><em>ἀπὸ</em></strong></span> <span class='ocrx_word' id='word_1_81' title='bbox 1316 1141 1592 1207; x_wconf 73' lang='grc' dir='ltr'>γαστρός.</span> <span class='ocrx_word' id='word_1_82' title='bbox 1642 1140 1856 1195; x_wconf 84' lang='grc' dir='ltr'>Δείκνυ-</span> 
     </span>
    </p>
   </div>
   <div class='ocr_carea' id='block_1_13' title="bbox 296 1225 1856 1302">
    <p class='ocr_par' dir='ltr' id='par_1_13' title="bbox 296 1225 1856 1302">
     <span class='ocr_line' id='line_1_13' title="bbox 296 1225 1856 1302; baseline 0.005 -23"><span class='ocrx_word' id='word_1_83' title='bbox 296 1243 395 1290; x_wconf 81' lang='grc' dir='ltr'>σιν,</span> <span class='ocrx_word' id='word_1_84' title='bbox 420 1226 497 1290; x_wconf 86' lang='grc' dir='ltr'>ὡς</span> <span class='ocrx_word' id='word_1_85' title='bbox 528 1227 557 1278; x_wconf 98' lang='lat'><strong><em>6</em></strong></span> <span class='ocrx_word' id='word_1_86' title='bbox 581 1226 815 1296; x_wconf 82' lang='grc' dir='ltr'>Χριστὸς</span> <span class='ocrx_word' id='word_1_87' title='bbox 837 1225 901 1279; x_wconf 87' lang='grc' dir='ltr'>δι’</span> <span class='ocrx_word' id='word_1_88' title='bbox 931 1226 990 1279; x_wconf 84' lang='grc' dir='ltr'>ὃν</span> <span class='ocrx_word' id='word_1_89' title='bbox 1018 1228 1085 1282; x_wconf 74' lang='grc' dir='ltr'>τὰ</span> <span class='ocrx_word' id='word_1_90' title='bbox 1123 1228 1348 1284; x_wconf 81' lang='grc' dir='ltr'>τοιαῦτα</span> <span class='ocrx_word' id='word_1_91' title='bbox 1380 1231 1666 1302; x_wconf 81' lang='grc' dir='ltr'>ὑπέμενον,</span> <span class='ocrx_word' id='word_1_92' title='bbox 1696 1235 1856 1299; x_wconf 84' lang='grc' dir='ltr'>αὑτός</span> 
     </span>
    </p>
   </div>
   <div class='ocr_carea' id='block_1_14' title="bbox 293 1310 1855 1394">
    <p class='ocr_par' dir='ltr' id='par_1_14' title="bbox 293 1310 1855 1394">
     <span class='ocr_line' id='line_1_14' title="bbox 293 1310 1855 1394; baseline 0.008 -29"><span class='ocrx_word' id='word_1_93' title='bbox 293 1314 435 1365; x_wconf 67' lang='grc' dir='ltr'>ἑστιν</span> <span class='ocrx_word' id='word_1_94' title='bbox 464 1312 494 1363; x_wconf 90' lang='grc' dir='ltr'>ὀ</span> <span class='ocrx_word' id='word_1_95' title='bbox 529 1312 622 1364; x_wconf 80' lang='grc' dir='ltr'><strong><em>καὶ</em></strong></span> <span class='ocrx_word' id='word_1_96' title='bbox 666 1310 746 1365; x_wconf 75' lang='grc' dir='ltr'>ἔτι</span> <span class='ocrx_word' id='word_1_97' title='bbox 789 1313 1082 1384; x_wconf 85' lang='grc' dir='ltr'>κυομένους</span> <span class='ocrx_word' id='word_1_98' title='bbox 1112 1316 1308 1380; x_wconf 76' lang='grc' dir='ltr'>αὑτοὺς</span> <span class='ocrx_word' id='word_1_99' title='bbox 1339 1319 1398 1372; x_wconf 80' lang='grc' dir='ltr'>ὲν</span> <span class='ocrx_word' id='word_1_100' title='bbox 1426 1322 1623 1392; x_wconf 79' lang='grc' dir='ltr'>γαστρὶ</span> <span class='ocrx_word' id='word_1_101' title='bbox 1646 1325 1709 1394; x_wconf 83' lang='grc' dir='ltr'>τῇ</span> <span class='ocrx_word' id='word_1_102' title='bbox 1760 1322 1855 1393; x_wconf 87' lang='grc' dir='ltr'>δη-</span> 
     </span>
    </p>
   </div>
   <div class='ocr_carea' id='block_1_15' title="bbox 297 1402 1855 1481">
    <p class='ocr_par' dir='ltr' id='par_1_15' title="bbox 297 1402 1855 1481">
     <span class='ocr_line' id='line_1_15' title="bbox 297 1402 1855 1481; baseline 0.01 -28"><span class='ocrx_word' id='word_1_103' title='bbox 297 1404 583 1474; x_wconf 82' lang='grc' dir='ltr'>μιουργικῇ</span> <span class='ocrx_word' id='word_1_104' title='bbox 632 1402 824 1457; x_wconf 77' lang='grc' dir='ltr'>ἑαυτοῦ</span> <span class='ocrx_word' id='word_1_105' title='bbox 863 1406 1085 1476; x_wconf 69' lang='grc' dir='ltr'>προνοίᾳ.</span> <span class='ocrx_word' id='word_1_106' title='bbox 1122 1405 1400 1477; x_wconf 74' lang='grc' dir='ltr'>ἐξαγαγὼν</span> <span class='ocrx_word' id='word_1_107' title='bbox 1451 1414 1530 1474; x_wconf 86' lang='grc' dir='ltr'><strong><em>εἰς</em></strong></span> <span class='ocrx_word' id='word_1_108' title='bbox 1573 1411 1707 1481; x_wconf 84' lang='grc' dir='ltr'><strong><em>φῶς.</em></strong></span> <span class='ocrx_word' id='word_1_109' title='bbox 1760 1414 1855 1468; x_wconf 82' lang='grc' dir='ltr'>Ἐκ</span> 
     </span>
    </p>
   </div>
   <div class='ocr_carea' id='block_1_16' title="bbox 294 1495 1855 1571">
    <p class='ocr_par' dir='ltr' id='par_1_16' title="bbox 294 1495 1855 1571">
     <span class='ocr_line' id='line_1_16' title="bbox 294 1495 1855 1571; baseline 0.008 -24"><span class='ocrx_word' id='word_1_110' title='bbox 294 1495 518 1560; x_wconf 72' lang='grc' dir='ltr'>κοιλίας</span> <span class='ocrx_word' id='word_1_111' title='bbox 543 1497 769 1564; x_wconf 76' lang='grc' dir='ltr'>μητρός</span> <span class='ocrx_word' id='word_1_112' title='bbox 792 1513 911 1564; x_wconf 82' lang='grc' dir='ltr'><strong><em>μου</em></strong></span> <span class='ocrx_word' id='word_1_113' title='bbox 940 1498 1021 1551; x_wconf 86' lang='grc' dir='ltr'><em>σύ</em></span> <span class='ocrx_word' id='word_1_114' title='bbox 1042 1515 1162 1567; x_wconf 82' lang='grc' dir='ltr'><strong><em>μου</em></strong></span> <span class='ocrx_word' id='word_1_115' title='bbox 1182 1495 1241 1553; x_wconf 81' lang='grc' dir='ltr'>εἴ</span> <span class='ocrx_word' id='word_1_116' title='bbox 1263 1503 1635 1571; x_wconf 81' lang='grc' dir='ltr'>σκεπαστής.</span> <span class='ocrx_word' id='word_1_117' title='bbox 1678 1505 1855 1558; x_wconf 84' lang='grc' dir='ltr'>Ἐπει-</span> 
     </span>
    </p>
   </div>
   <div class='ocr_carea' id='block_1_17' title="bbox 288 1585 1854 1668">
    <p class='ocr_par' dir='ltr' id='par_1_17' title="bbox 288 1585 1854 1668">
     <span class='ocr_line' id='line_1_17' title="bbox 288 1585 1854 1668; baseline 0.007 -31"><span class='ocrx_word' id='word_1_118' title='bbox 288 1585 373 1657; x_wconf 42' lang='grc' dir='ltr'>νδη,</span> <span class='ocrx_word' id='word_1_119' title='bbox 399 1586 552 1656; x_wconf 75' lang='grc' dir='ltr'>φησὶ,</span> <span class='ocrx_word' id='word_1_120' title='bbox 609 1587 674 1640; x_wconf 89' lang='grc' dir='ltr'><strong><em>σὺ</em></strong></span> <span class='ocrx_word' id='word_1_121' title='bbox 722 1587 882 1651; x_wconf 84' lang='grc' dir='ltr'>αὑτὸς</span> <span class='ocrx_word' id='word_1_122' title='bbox 934 1590 963 1642; x_wconf 90' lang='lat'><strong><em>6</em></strong></span> <span class='ocrx_word' id='word_1_123' title='bbox 988 1588 1210 1661; x_wconf 81' lang='grc' dir='ltr'>Κύριος,</span> <span class='ocrx_word' id='word_1_124' title='bbox 1246 1593 1339 1646; x_wconf 75' lang='grc' dir='ltr'>καὶ</span> <span class='ocrx_word' id='word_1_125' title='bbox 1366 1594 1424 1647; x_wconf 84' lang='grc' dir='ltr'>ὲν</span> <span class='ocrx_word' id='word_1_126' title='bbox 1455 1598 1520 1665; x_wconf 81' lang='grc' dir='ltr'>τῇ</span> <span class='ocrx_word' id='word_1_127' title='bbox 1558 1595 1732 1668; x_wconf 77' lang='grc' dir='ltr'>κοιλίᾳ</span> <span class='ocrx_word' id='word_1_128' title='bbox 1755 1597 1854 1666; x_wconf 84' lang='grc' dir='ltr'><strong><em>τῆς</em></strong></span> 
     </span>
    </p>
   </div>
   <div class='ocr_carea' id='block_1_18' title="bbox 297 1677 1852 1761">
    <p class='ocr_par' dir='ltr' id='par_1_18' title="bbox 297 1677 1852 1761">
     <span class='ocr_line' id='line_1_18' title="bbox 297 1677 1852 1761; baseline 0.008 -31"><span class='ocrx_word' id='word_1_129' title='bbox 297 1677 497 1761; x_wconf 74' lang='grc' dir='ltr'>μητρός</span> <span class='ocrx_word' id='word_1_130' title='bbox 522 1696 624 1750; x_wconf 90' lang='grc' dir='ltr'><strong><em>μου</em></strong></span> <span class='ocrx_word' id='word_1_131' title='bbox 649 1679 731 1733; x_wconf 70' lang='grc' dir='ltr'>ἔτι</span> <span class='ocrx_word' id='word_1_132' title='bbox 785 1680 914 1733; x_wconf 74' lang='grc' dir='ltr'>ὅντα</span> <span class='ocrx_word' id='word_1_133' title='bbox 948 1679 1178 1747; x_wconf 79' lang='grc' dir='ltr'>ἐσκεπες</span> <span class='ocrx_word' id='word_1_134' title='bbox 1218 1686 1283 1756; x_wconf 77' lang='grc' dir='ltr'>τῇ</span> <span class='ocrx_word' id='word_1_135' title='bbox 1330 1684 1449 1758; x_wconf 76' lang='grc' dir='ltr'>θείᾳ</span> <span class='ocrx_word' id='word_1_136' title='bbox 1482 1704 1574 1741; x_wconf 91' lang='grc' dir='ltr'><strong><em>σου</em></strong></span> <span class='ocrx_word' id='word_1_137' title='bbox 1608 1688 1852 1760; x_wconf 82' lang='grc' dir='ltr'><strong><em>δυνάμει,</em></strong></span> 
     </span>
    </p>
   </div>
   <div class='ocr_carea' id='block_1_19' title="bbox 294 1771 1855 1851">
    <p class='ocr_par' dir='ltr' id='par_1_19' title="bbox 294 1771 1855 1851">
     <span class='ocr_line' id='line_1_19' title="bbox 294 1771 1855 1851; baseline 0.006 -26"><span class='ocrx_word' id='word_1_138' title='bbox 294 1772 381 1825; x_wconf 75' lang='grc' dir='ltr'><strong><em>καὶ</em></strong></span> <span class='ocrx_word' id='word_1_139' title='bbox 410 1771 629 1843; x_wconf 75' lang='grc' dir='ltr'>ἐρῤύσω</span> <span class='ocrx_word' id='word_1_140' title='bbox 652 1775 716 1828; x_wconf 80' lang='grc' dir='ltr'>ὲκ</span> <span class='ocrx_word' id='word_1_141' title='bbox 736 1774 830 1827; x_wconf 76' lang='grc' dir='ltr'>τοῦ</span> <span class='ocrx_word' id='word_1_142' title='bbox 863 1775 1301 1848; x_wconf 83' lang='grc' dir='ltr'>παρανομοῦντος</span> <span class='ocrx_word' id='word_1_143' title='bbox 1356 1776 1504 1832; x_wconf 80' lang='grc' dir='ltr'>λαοῦ·</span> <span class='ocrx_word' id='word_1_144' title='bbox 1541 1778 1728 1834; x_wconf 81' lang='grc' dir='ltr'>τούτου</span> <span class='ocrx_word' id='word_1_145' title='bbox 1758 1781 1855 1851; x_wconf 83' lang='grc' dir='ltr'><strong><em>χά-</em></strong></span> 
     </span>
    </p>
   </div>
   <div class='ocr_carea' id='block_1_20' title="bbox 1964 603 3522 672">
    <p class='ocr_par' dir='ltr' id='par_1_20' title="bbox 1964 603 3522 672">
     <span class='ocr_line' id='line_1_20' title="bbox 1964 603 3522 672; baseline 0.003 -20"><span class='ocrx_word' id='word_1_146' title='bbox 1964 616 2077 667; x_wconf 82' lang='lat' dir='ltr'><strong><em>spes</em></strong></span> <span class='ocrx_word' id='word_1_147' title='bbox 2107 618 2219 655; x_wconf 89' lang='lat' dir='ltr'><strong><em>mea</em></strong></span> <span class='ocrx_word' id='word_1_148' title='bbox 2244 620 2277 656; x_wconf 92' lang='lat' dir='ltr'><strong><em>a</em></strong></span> <span class='ocrx_word' id='word_1_149' title='bbox 2307 605 2576 672; x_wconf 83' lang='lat' dir='ltr'><strong><em>juventute</em></strong></span> <span class='ocrx_word' id='word_1_150' title='bbox 2606 622 2739 659; x_wconf 88' lang='lat' dir='ltr'><strong><em>mea.</em></strong></span> <span class='ocrx_word' id='word_1_151' title='bbox 2769 604 2961 658; x_wconf 89' lang='lat' dir='ltr'><strong><em>Libera</em></strong></span> <span class='ocrx_word' id='word_1_152' title='bbox 3002 620 3107 669; x_wconf 87' lang='lat' dir='ltr'><strong><em>me,</em></strong></span> <span class='ocrx_word' id='word_1_153' title='bbox 3143 603 3338 672; x_wconf 96' lang='lat' dir='ltr'><strong><em>inquit,</em></strong></span> <span class='ocrx_word' id='word_1_154' title='bbox 3369 618 3399 656; x_wconf 87' lang='lat' dir='ltr'><strong><em>a</em></strong></span> <span class='ocrx_word' id='word_1_155' title='bbox 3422 618 3522 672; x_wconf 91' lang='lat' dir='ltr'><strong><em>po-</em></strong></span> 
     </span>
    </p>
   </div>
   <div class='ocr_carea' id='block_1_21' title="bbox 1962 691 3524 764">
    <p class='ocr_par' dir='ltr' id='par_1_21' title="bbox 1962 691 3524 764">
     <span class='ocr_line' id='line_1_21' title="bbox 1962 691 3524 764; baseline -0.001 -20"><span class='ocrx_word' id='word_1_156' title='bbox 1962 691 2089 759; x_wconf 90' lang='lat' dir='ltr'><strong><em>pulo</em></strong></span> <span class='ocrx_word' id='word_1_157' title='bbox 2135 692 2241 745; x_wconf 89' lang='lat' dir='ltr'><strong><em>isto</em></strong></span> <span class='ocrx_word' id='word_1_158' title='bbox 2295 694 2425 764; x_wconf 84' lang='lat' dir='ltr'><strong><em>legis</em></strong></span> <span class='ocrx_word' id='word_1_159' title='bbox 2468 703 2892 763; x_wconf 83' lang='lat' dir='ltr'><strong><em>transgressore,</em></strong></span> <span class='ocrx_word' id='word_1_160' title='bbox 2935 692 3059 762; x_wconf 88' lang='lat' dir='ltr'><strong><em>quia</em></strong></span> <span class='ocrx_word' id='word_1_161' title='bbox 3110 702 3328 761; x_wconf 85' lang='lat' dir='ltr'><strong><em>propter</em></strong></span> <span class='ocrx_word' id='word_1_162' title='bbox 3350 699 3423 756; x_wconf 89' lang='lat' dir='ltr'><strong><em>te,</em></strong></span> <span class='ocrx_word' id='word_1_163' title='bbox 3470 698 3524 744; x_wconf 86' lang='lat' dir='ltr'><strong><em>et</em></strong></span> 
     </span>
    </p>
   </div>
   <div class='ocr_carea' id='block_1_22' title="bbox 1964 781 3523 852">
    <p class='ocr_par' dir='ltr' id='par_1_22' title="bbox 1964 781 3523 852">
     <span class='ocr_line' id='line_1_22' title="bbox 1964 781 3523 852; baseline 0 -20"><span class='ocrx_word' id='word_1_164' title='bbox 1964 789 2181 850; x_wconf 87' lang='lat' dir='ltr'><strong><em>propter</em></strong></span> <span class='ocrx_word' id='word_1_165' title='bbox 2205 796 2354 851; x_wconf 88' lang='lat' dir='ltr'><strong><em>spem</em></strong></span> <span class='ocrx_word' id='word_1_166' title='bbox 2391 799 2553 852; x_wconf 90' lang='lat' dir='ltr'><strong><em>quam</em></strong></span> <span class='ocrx_word' id='word_1_167' title='bbox 2595 784 2647 836; x_wconf 89' lang='lat' dir='ltr'><strong><em>in</em></strong></span> <span class='ocrx_word' id='word_1_168' title='bbox 2690 792 2742 836; x_wconf 87' lang='lat' dir='ltr'><strong><em>te</em></strong></span> <span class='ocrx_word' id='word_1_169' title='bbox 2776 782 2939 836; x_wconf 84' lang='lat' dir='ltr'><strong><em>habui</em></strong></span> <span class='ocrx_word' id='word_1_170' title='bbox 2965 783 3033 836; x_wconf 89' lang='lat' dir='ltr'><strong><em>ab</em></strong></span> <span class='ocrx_word' id='word_1_171' title='bbox 3062 781 3237 845; x_wconf 87' lang='lat' dir='ltr'><strong><em>initio,</em></strong></span> <span class='ocrx_word' id='word_1_172' title='bbox 3265 789 3318 834; x_wconf 91' lang='lat' dir='ltr'><strong><em>et</em></strong></span> <span class='ocrx_word' id='word_1_173' title='bbox 3349 794 3380 833; x_wconf 89' lang='lat' dir='ltr'><strong><em>a</em></strong></span> <span class='ocrx_word' id='word_1_174' title='bbox 3404 795 3523 833; x_wconf 86' lang='lat' dir='ltr'><strong><em>mea</em></strong></span> 
     </span>
    </p>
   </div>
   <div class='ocr_carea' id='block_1_23' title="bbox 1964 867 3522 941">
    <p class='ocr_par' dir='ltr' id='par_1_23' title="bbox 1964 867 3522 941">
     <span class='ocr_line' id='line_1_23' title="bbox 1964 867 3522 941; baseline -0.001 -18"><span class='ocrx_word' id='word_1_175' title='bbox 1964 887 2059 941; x_wconf 84' lang='lat' dir='ltr'><strong><em>per</em></strong></span> <span class='ocrx_word' id='word_1_176' title='bbox 2090 883 2140 924; x_wconf 81' lang='lat' dir='ltr'><strong><em>te</em></strong></span> <span class='ocrx_word' id='word_1_177' title='bbox 2162 871 2645 940; x_wconf 82' lang='lat' dir='ltr'><strong><em>generatione,&#39;illa</em></strong></span> <span class='ocrx_word' id='word_1_178' title='bbox 2677 873 2941 935; x_wconf 76' lang='lat' dir='ltr'><strong><em>sustineo,</em></strong></span> <span class='ocrx_word' id='word_1_179' title='bbox 2966 871 3117 938; x_wconf 84' lang='lat' dir='ltr'><strong><em>juxta</em></strong></span> <span class='ocrx_word' id='word_1_180' title='bbox 3153 871 3281 924; x_wconf 90' lang='lat' dir='ltr'><strong><em>illud</em></strong></span> <span class='ocrx_word' id='word_1_181' title='bbox 3306 867 3522 935; x_wconf 67' lang='lat' dir='ltr'><strong><em>:Quot-</em></strong></span> 
     </span>
    </p>
   </div>
   <div class='ocr_carea' id='block_1_24' title="bbox 1961 960 3521 1034">
    <p class='ocr_par' dir='ltr' id='par_1_24' title="bbox 1961 960 3521 1034">
     <span class='ocr_line' id='line_1_24' title="bbox 1961 960 3521 1034; baseline 0.001 -19"><span class='ocrx_word' id='word_1_182' title='bbox 1961 973 2086 1034; x_wconf 85' lang='lat' dir='ltr'><strong><em>quot</em></strong></span> <span class='ocrx_word' id='word_1_183' title='bbox 2117 973 2411 1033; x_wconf 81' lang='lat' dir='ltr'><strong><em>receperunt</em></strong></span> <span class='ocrx_word' id='word_1_184' title='bbox 2452 979 2568 1017; x_wconf 85' lang='lat' dir='ltr'><strong><em>eum</em></strong></span> <span class='ocrx_word' id='word_1_185' title='bbox 2608 964 2749 1017; x_wconf 88' lang='lat' dir='ltr'><strong><em>dedit</em></strong></span> <span class='ocrx_word' id='word_1_186' title='bbox 2791 963 2865 1017; x_wconf 82' lang='lat' dir='ltr'><strong><em>eis</em></strong></span> <span class='ocrx_word' id='word_1_187' title='bbox 2905 972 3214 1032; x_wconf 84' lang='lat' dir='ltr'><strong><em>potestatem</em></strong></span> <span class='ocrx_word' id='word_1_188' title='bbox 3254 961 3394 1031; x_wconf 81' lang='lat' dir='ltr'><strong><em>ﬁlios</em></strong></span> <span class='ocrx_word' id='word_1_189' title='bbox 3425 960 3521 1016; x_wconf 84' lang='lat' dir='ltr'><strong><em>Dei</em></strong></span> 
     </span>
    </p>
   </div>
   <div class='ocr_carea' id='block_1_25' title="bbox 1962 1054 2170 1122">
    <p class='ocr_par' dir='ltr' id='par_1_25' title="bbox 1962 1054 2170 1122">
     <span class='ocr_line' id='line_1_25' title="bbox 1962 1054 2170 1122; baseline -0.005 -15"><span class='ocrx_word' id='word_1_190' title='bbox 1962 1054 2076 1122; x_wconf 75' lang='lat' dir='ltr'><strong><em>ﬁeri</em></strong></span> <span class='ocrx_word' id='word_1_191' title='bbox 2108 1054 2170 1106; x_wconf 80' lang='lat'><strong><em>&quot;.</em></strong></span> 
     </span>
    </p>
   </div>
   <div class='ocr_carea' id='block_1_26' title="bbox 2032 1138 3522 1210">
    <p class='ocr_par' dir='ltr' id='par_1_26' title="bbox 2032 1138 3522 1210">
     <span class='ocr_line' id='line_1_26' title="bbox 2032 1138 3522 1210; baseline -0.002 -14"><span class='ocrx_word' id='word_1_192' title='bbox 2032 1141 2085 1196; x_wconf 87' lang='lat'><strong><em>6.</em></strong></span> <span class='ocrx_word' id='word_1_193' title='bbox 2140 1140 2206 1195; x_wconf 87' lang='lat' dir='ltr'><strong><em>In</em></strong></span> <span class='ocrx_word' id='word_1_194' title='bbox 2234 1150 2279 1195; x_wconf 88' lang='lat' dir='ltr'><strong><em>te</em></strong></span> <span class='ocrx_word' id='word_1_195' title='bbox 2304 1142 2647 1210; x_wconf 81' lang='lat' dir='ltr'><strong><em>conﬁrmatus</em></strong></span> <span class='ocrx_word' id='word_1_196' title='bbox 2672 1159 2785 1197; x_wconf 86' lang='lat' dir='ltr'><strong><em>sum</em></strong></span> <span class='ocrx_word' id='word_1_197' title='bbox 2815 1158 2881 1197; x_wconf 81' lang='lat' dir='ltr'><strong><em>ea:</em></strong></span> <span class='ocrx_word' id='word_1_198' title='bbox 2902 1150 3065 1196; x_wconf 87' lang='lat' dir='ltr'><strong><em>utero.</em></strong></span> <span class='ocrx_word' id='word_1_199' title='bbox 3094 1140 3337 1196; x_wconf 87' lang='lat' dir='ltr'><strong><em>Declarat</em></strong></span> <span class='ocrx_word' id='word_1_200' title='bbox 3366 1138 3522 1195; x_wconf 65' lang='lat' dir='ltr'><strong><em>Citrio</em></strong></span> 
     </span>
    </p>
   </div>
   <div class='ocr_carea' id='block_1_27' title="bbox 1961 1234 3518 1307">
    <p class='ocr_par' dir='ltr' id='par_1_27' title="bbox 1961 1234 3518 1307">
     <span class='ocr_line' id='line_1_27' title="bbox 1961 1234 3518 1307; baseline -0.004 -15"><span class='ocrx_word' id='word_1_201' title='bbox 1961 1249 2104 1293; x_wconf 88' lang='lat' dir='ltr'><strong><em>stum</em></strong></span> <span class='ocrx_word' id='word_1_202' title='bbox 2137 1245 2357 1307; x_wconf 87' lang='lat' dir='ltr'><strong><em>propter</em></strong></span> <span class='ocrx_word' id='word_1_203' title='bbox 2377 1251 2537 1305; x_wconf 88' lang='lat' dir='ltr'><strong><em>quem</em></strong></span> <span class='ocrx_word' id='word_1_204' title='bbox 2569 1237 2659 1290; x_wconf 89' lang='lat' dir='ltr'><strong><em>illa</em></strong></span> <span class='ocrx_word' id='word_1_205' title='bbox 2684 1236 3046 1299; x_wconf 88' lang='lat' dir='ltr'><strong><em>sustinebant,</em></strong></span> <span class='ocrx_word' id='word_1_206' title='bbox 3075 1236 3251 1304; x_wconf 86' lang='lat' dir='ltr'><strong><em>ipsum</em></strong></span> <span class='ocrx_word' id='word_1_207' title='bbox 3277 1248 3399 1288; x_wconf 88' lang='lat' dir='ltr'><strong><em>esse</em></strong></span> <span class='ocrx_word' id='word_1_208' title='bbox 3428 1234 3518 1302; x_wconf 91' lang='lat' dir='ltr'><strong><em>qui</em></strong></span> 
     </span>
    </p>
   </div>
   <div class='ocr_carea' id='block_1_28' title="bbox 1962 1323 3522 1395">
    <p class='ocr_par' dir='ltr' id='par_1_28' title="bbox 1962 1323 3522 1395">
     <span class='ocr_line' id='line_1_28' title="bbox 1962 1323 3522 1395; baseline -0.004 -11"><span class='ocrx_word' id='word_1_209' title='bbox 1962 1330 2138 1384; x_wconf 90' lang='lat' dir='ltr'><strong><em>adhuc</em></strong></span> <span class='ocrx_word' id='word_1_210' title='bbox 2174 1343 2270 1382; x_wconf 88' lang='lat' dir='ltr'><strong><em>eos</em></strong></span> <span class='ocrx_word' id='word_1_211' title='bbox 2293 1327 2346 1380; x_wconf 89' lang='lat' dir='ltr'><strong><em>in</em></strong></span> <span class='ocrx_word' id='word_1_212' title='bbox 2378 1335 2533 1381; x_wconf 90' lang='lat' dir='ltr'><strong><em>utero</em></strong></span> <span class='ocrx_word' id='word_1_213' title='bbox 2559 1335 2795 1395; x_wconf 78' lang='lat' dir='ltr'><strong><em>gestatas</em></strong></span> <span class='ocrx_word' id='word_1_214' title='bbox 2821 1327 3019 1381; x_wconf 82' lang='lat' dir='ltr'><strong><em>virtute</em></strong></span> <span class='ocrx_word' id='word_1_215' title='bbox 3048 1341 3144 1380; x_wconf 88' lang='lat' dir='ltr'><strong><em>sua</em></strong></span> <span class='ocrx_word' id='word_1_216' title='bbox 3176 1325 3439 1379; x_wconf 85' lang='lat' dir='ltr'><strong><em>creatrice</em></strong></span> <span class='ocrx_word' id='word_1_217' title='bbox 3465 1323 3522 1377; x_wconf 88' lang='lat' dir='ltr'><strong><em>in</em></strong></span> 
     </span>
    </p>
   </div>
   <div class='ocr_carea' id='block_1_29' title="bbox 1961 1417 3523 1486">
    <p class='ocr_par' dir='ltr' id='par_1_29' title="bbox 1961 1417 3523 1486">
     <span class='ocr_line' id='line_1_29' title="bbox 1961 1417 3523 1486; baseline -0.005 -12"><span class='ocrx_word' id='word_1_218' title='bbox 1961 1420 2135 1474; x_wconf 86' lang='lat' dir='ltr'><strong><em>lucem</em></strong></span> <span class='ocrx_word' id='word_1_219' title='bbox 2167 1419 2370 1473; x_wconf 82' lang='lat' dir='ltr'><strong><em>eduxit.</em></strong></span> <span class='ocrx_word' id='word_1_220' title='bbox 2396 1417 2473 1472; x_wconf 85' lang='lat' dir='ltr'><strong><em>De</em></strong></span> <span class='ocrx_word' id='word_1_221' title='bbox 2501 1427 2674 1472; x_wconf 86' lang='lat' dir='ltr'><strong><em>ventre</em></strong></span> <span class='ocrx_word' id='word_1_222' title='bbox 2701 1419 2889 1472; x_wconf 86' lang='lat' dir='ltr'><strong><em>matris</em></strong></span> <span class='ocrx_word' id='word_1_223' title='bbox 2921 1434 3048 1472; x_wconf 74' lang='lat' dir='ltr'><strong><em>mete</em></strong></span> <span class='ocrx_word' id='word_1_224' title='bbox 3082 1425 3137 1470; x_wconf 86' lang='lat' dir='ltr'><strong><em>tu</em></strong></span> <span class='ocrx_word' id='word_1_225' title='bbox 3166 1433 3219 1471; x_wconf 86' lang='lat' dir='ltr'><strong><em>es</em></strong></span> <span class='ocrx_word' id='word_1_226' title='bbox 3261 1426 3523 1486; x_wconf 85' lang='lat' dir='ltr'><strong><em>protector</em></strong></span> 
     </span>
    </p>
   </div>
   <div class='ocr_carea' id='block_1_30' title="bbox 1961 1508 3518 1581">
    <p class='ocr_par' dir='ltr' id='par_1_30' title="bbox 1961 1508 3518 1581">
     <span class='ocr_line' id='line_1_30' title="bbox 1961 1508 3518 1581; baseline -0.003 -16"><span class='ocrx_word' id='word_1_227' title='bbox 1961 1527 2121 1565; x_wconf 84' lang='lat' dir='ltr'><strong><em>meus.</em></strong></span> <span class='ocrx_word' id='word_1_228' title='bbox 2172 1508 2640 1580; x_wconf 88' lang='lat' dir='ltr'><strong><em>Quandoquidem,</em></strong></span> <span class='ocrx_word' id='word_1_229' title='bbox 2696 1510 2792 1577; x_wconf 88' lang='lat' dir='ltr'><strong><em>ait,</em></strong></span> <span class='ocrx_word' id='word_1_230' title='bbox 2840 1519 2896 1564; x_wconf 89' lang='lat' dir='ltr'><strong><em>tu</em></strong></span> <span class='ocrx_word' id='word_1_231' title='bbox 2953 1512 3068 1581; x_wconf 87' lang='lat' dir='ltr'><strong><em>ipse</em></strong></span> <span class='ocrx_word' id='word_1_232' title='bbox 3116 1508 3377 1563; x_wconf 88' lang='lat' dir='ltr'><strong><em>Dominus</em></strong></span> <span class='ocrx_word' id='word_1_233' title='bbox 3410 1522 3518 1573; x_wconf 91' lang='lat' dir='ltr'><strong><em>me,</em></strong></span> 
     </span>
    </p>
   </div>
   <div class='ocr_carea' id='block_1_31' title="bbox 1960 1597 3519 1672">
    <p class='ocr_par' dir='ltr' id='par_1_31' title="bbox 1960 1597 3519 1672">
     <span class='ocr_line' id='line_1_31' title="bbox 1960 1597 3519 1672; baseline -0.004 -14"><span class='ocrx_word' id='word_1_234' title='bbox 1960 1604 2089 1658; x_wconf 91' lang='lat' dir='ltr'><strong><em>dum</em></strong></span> <span class='ocrx_word' id='word_1_235' title='bbox 2116 1603 2292 1657; x_wconf 89' lang='lat' dir='ltr'><strong><em>adhuc</em></strong></span> <span class='ocrx_word' id='word_1_236' title='bbox 2329 1604 2381 1655; x_wconf 89' lang='lat' dir='ltr'><strong><em>in</em></strong></span> <span class='ocrx_word' id='word_1_237' title='bbox 2411 1610 2595 1657; x_wconf 86' lang='lat' dir='ltr'><strong><em>ventre</em></strong></span> <span class='ocrx_word' id='word_1_238' title='bbox 2633 1604 2823 1657; x_wconf 86' lang='lat' dir='ltr'><strong><em>matris</em></strong></span> <span class='ocrx_word' id='word_1_239' title='bbox 2850 1618 3050 1666; x_wconf 88' lang='lat' dir='ltr'><strong><em>essem,</em></strong></span> <span class='ocrx_word' id='word_1_240' title='bbox 3076 1600 3397 1672; x_wconf 78' lang='lat' dir='ltr'><strong><em>protegebas</em></strong></span> <span class='ocrx_word' id='word_1_241' title='bbox 3431 1597 3519 1652; x_wconf 78' lang='lat' dir='ltr'><strong><em>di~</em></strong></span> 
     </span>
    </p>
   </div>
   <div class='ocr_carea' id='block_1_32' title="bbox 1960 1692 3521 1763">
    <p class='ocr_par' dir='ltr' id='par_1_32' title="bbox 1960 1692 3521 1763">
     <span class='ocr_line' id='line_1_32' title="bbox 1960 1692 3521 1763; baseline -0.004 -14"><span class='ocrx_word' id='word_1_242' title='bbox 1960 1695 2084 1749; x_wconf 90' lang='lat' dir='ltr'><strong><em>vina</em></strong></span> <span class='ocrx_word' id='word_1_243' title='bbox 2121 1703 2212 1749; x_wconf 86' lang='lat' dir='ltr'><strong><em>tua</em></strong></span> <span class='ocrx_word' id='word_1_244' title='bbox 2230 1694 2449 1762; x_wconf 88' lang='lat' dir='ltr'><strong><em>virtute,</em></strong></span> <span class='ocrx_word' id='word_1_245' title='bbox 2495 1705 2549 1749; x_wconf 90' lang='lat' dir='ltr'><strong><em>et</em></strong></span> <span class='ocrx_word' id='word_1_246' title='bbox 2589 1694 2834 1749; x_wconf 85' lang='lat' dir='ltr'><strong><em>liberasti</em></strong></span> <span class='ocrx_word' id='word_1_247' title='bbox 2879 1709 2966 1748; x_wconf 89' lang='lat' dir='ltr'><strong><em>me</em></strong></span> <span class='ocrx_word' id='word_1_248' title='bbox 2994 1709 3059 1746; x_wconf 80' lang='lat' dir='ltr'><strong><em>ex</em></strong></span> <span class='ocrx_word' id='word_1_249' title='bbox 3095 1692 3294 1763; x_wconf 84' lang='lat' dir='ltr'><strong><em>populo</em></strong></span> <span class='ocrx_word' id='word_1_250' title='bbox 3330 1697 3521 1746; x_wconf 89' lang='lat' dir='ltr'><strong><em>contra</em></strong></span> 
     </span>
    </p>
   </div>
   <div class='ocr_carea' id='block_1_33' title="bbox 1964 1783 3521 1859">
    <p class='ocr_par' dir='ltr' id='par_1_33' title="bbox 1964 1783 3521 1859">
     <span class='ocr_line' id='line_1_33' title="bbox 1964 1783 3521 1859; baseline -0.002 -20"><span class='ocrx_word' id='word_1_251' title='bbox 1964 1787 2133 1857; x_wconf 85' lang='lat' dir='ltr'><strong><em>legem</em></strong></span> <span class='ocrx_word' id='word_1_252' title='bbox 2158 1798 2386 1857; x_wconf 84' lang='lat' dir='ltr'><strong><em>agente;</em></strong></span> <span class='ocrx_word' id='word_1_253' title='bbox 2415 1789 2534 1842; x_wconf 91' lang='lat' dir='ltr'><strong><em>ideo</em></strong></span> <span class='ocrx_word' id='word_1_254' title='bbox 2558 1803 2681 1859; x_wconf 89' lang='lat' dir='ltr'><strong><em>ego,</em></strong></span> <span class='ocrx_word' id='word_1_255' title='bbox 2722 1793 2907 1855; x_wconf 85' lang='lat' dir='ltr'><strong><em>utpote</em></strong></span> <span class='ocrx_word' id='word_1_256' title='bbox 2939 1785 3032 1856; x_wconf 86' lang='lat' dir='ltr'><strong><em>qui</em></strong></span> <span class='ocrx_word' id='word_1_257' title='bbox 3063 1796 3170 1840; x_wconf 89' lang='lat' dir='ltr'><strong><em>tam</em></strong></span> <span class='ocrx_word' id='word_1_258' title='bbox 3216 1783 3521 1853; x_wconf 82' lang='lat' dir='ltr'><strong><em>frequenter</em></strong></span> 
     </span>
    </p>
   </div>
   <div class='ocr_carea' id='block_1_34' title="bbox 298 1864 1855 1950">
    <p class='ocr_par' dir='ltr' id='par_1_34' title="bbox 298 1864 1855 1943">
     <span class='ocr_line' id='line_1_34' title="bbox 298 1864 1855 1943; baseline 0.008 -28"><span class='ocrx_word' id='word_1_259' title='bbox 298 1879 375 1933; x_wconf 84' lang='grc' dir='ltr'><strong><em>ριν</em></strong></span> <span class='ocrx_word' id='word_1_260' title='bbox 399 1864 493 1916; x_wconf 76' lang='grc' dir='ltr'>καὶ</span> <span class='ocrx_word' id='word_1_261' title='bbox 523 1864 685 1928; x_wconf 78' lang='grc' dir='ltr'>αὑτὸς</span> <span class='ocrx_word' id='word_1_262' title='bbox 711 1864 842 1934; x_wconf 80' lang='grc' dir='ltr'>ἐγὼ,</span> <span class='ocrx_word' id='word_1_263' title='bbox 861 1867 956 1921; x_wconf 81' lang='grc' dir='ltr'>διτε</span> <span class='ocrx_word' id='word_1_264' title='bbox 979 1868 1079 1939; x_wconf 85' lang='grc' dir='ltr'><strong><em>τῆς</em></strong></span> <span class='ocrx_word' id='word_1_265' title='bbox 1111 1867 1253 1923; x_wconf 88' lang='grc' dir='ltr'>οὑτω</span> <span class='ocrx_word' id='word_1_266' title='bbox 1278 1869 1534 1941; x_wconf 76' lang='grc' dir='ltr'><strong><em>συνεχοῦς</em></strong></span> <span class='ocrx_word' id='word_1_267' title='bbox 1559 1871 1855 1943; x_wconf 71' lang='grc' dir='ltr'>ᾐσθημένος</span> 
     </span>
    </p>
   </div>
   <div class='ocr_carea' id='block_1_35' title="bbox 1960 1864 3520 1950">
    <p class='ocr_par' dir='ltr' id='par_1_35' title="bbox 1963 1877 3520 1950">
     <span class='ocr_line' id='line_1_35' title="bbox 1963 1877 3520 1950; baseline 0 -17"><span class='ocrx_word' id='word_1_268' title='bbox 1963 1886 2053 1933; x_wconf 91' lang='lat' dir='ltr'><strong><em>tua</em></strong></span> <span class='ocrx_word' id='word_1_269' title='bbox 2110 1879 2374 1933; x_wconf 84' lang='lat' dir='ltr'><strong><em>senserim</em></strong></span> <span class='ocrx_word' id='word_1_270' title='bbox 2405 1879 2701 1948; x_wconf 77' lang='lat' dir='ltr'><strong><em>beneﬁcia,</em></strong></span> <span class='ocrx_word' id='word_1_271' title='bbox 2773 1894 3052 1950; x_wconf 87' lang='lat' dir='ltr'><strong><em>nunquam</em></strong></span> <span class='ocrx_word' id='word_1_272' title='bbox 3099 1893 3251 1933; x_wconf 89' lang='lat' dir='ltr'><strong><em>cesso</em></strong></span> <span class='ocrx_word' id='word_1_273' title='bbox 3290 1877 3520 1949; x_wconf 77' lang='lat' dir='ltr'><strong><em>hymnos</em></strong></span> 
     </span>
    </p>
   </div>
   <div class='ocr_carea' id='block_1_36' title="bbox 293 1956 1857 2037">
    <p class='ocr_par' dir='ltr' id='par_1_36' title="bbox 293 1956 1857 2037">
     <span class='ocr_line' id='line_1_36' title="bbox 293 1956 1857 2037; baseline 0.008 -30"><span class='ocrx_word' id='word_1_274' title='bbox 293 1956 621 2026; x_wconf 71' lang='grc' dir='ltr'>εὐεργεσίας,</span> <span class='ocrx_word' id='word_1_275' title='bbox 640 1959 703 2011; x_wconf 92' lang='grc' dir='ltr'><strong><em>οὑ</em></strong></span> <span class='ocrx_word' id='word_1_276' title='bbox 746 1957 993 2031; x_wconf 76' lang='grc' dir='ltr'>παύομαι</span> <span class='ocrx_word' id='word_1_277' title='bbox 1029 1961 1155 2025; x_wconf 84' lang='grc' dir='ltr'>τοὺς</span> <span class='ocrx_word' id='word_1_278' title='bbox 1187 1961 1269 2024; x_wconf 86' lang='grc' dir='ltr'><strong><em>εἰς</em></strong></span> <span class='ocrx_word' id='word_1_279' title='bbox 1299 1961 1358 2014; x_wconf 82' lang='grc' dir='ltr'>σὲ</span> <span class='ocrx_word' id='word_1_280' title='bbox 1382 1960 1582 2034; x_wconf 77' lang='grc' dir='ltr'>ὕμνους</span> <span class='ocrx_word' id='word_1_281' title='bbox 1609 1966 1857 2037; x_wconf 82' lang='grc' dir='ltr'>ἀναπέμ-</span> 
     </span>
    </p>
   </div>
   <div class='ocr_carea' id='block_1_37' title="bbox 294 2047 711 2121">
    <p class='ocr_par' dir='ltr' id='par_1_37' title="bbox 294 2047 711 2121">
     <span class='ocr_line' id='line_1_37' title="bbox 294 2047 711 2121; baseline 0.007 -20"><span class='ocrx_word' id='word_1_282' title='bbox 294 2064 402 2101; x_wconf 84' lang='grc' dir='ltr'><strong><em>πων</em></strong></span> <span class='ocrx_word' id='word_1_283' title='bbox 429 2047 711 2121; x_wconf 75' lang='grc' dir='ltr'><strong><em>διηνεκῶς.</em></strong></span> 
     </span>
    </p>
   </div>
   <div class='ocr_carea' id='block_1_38' title="bbox 361 2140 1860 2221">
    <p class='ocr_par' dir='ltr' id='par_1_38' title="bbox 361 2140 1860 2221">
     <span class='ocr_line' id='line_1_38' title="bbox 361 2140 1860 2221; baseline 0.004 -23"><span class='ocrx_word' id='word_1_284' title='bbox 361 2140 470 2198; x_wconf 9' lang='grc' dir='ltr'>,Ἐν</span> <span class='ocrx_word' id='word_1_285' title='bbox 517 2141 615 2195; x_wconf 82' lang='grc' dir='ltr'><strong><em>σοὶ</em></strong></span> <span class='ocrx_word' id='word_1_286' title='bbox 648 2144 687 2211; x_wconf 76' lang='grc' dir='ltr'>ἡ</span> <span class='ocrx_word' id='word_1_287' title='bbox 734 2142 997 2212; x_wconf 78' lang='grc' dir='ltr'>ὕμνησίς</span> <span class='ocrx_word' id='word_1_288' title='bbox 1031 2161 1147 2212; x_wconf 81' lang='grc' dir='ltr'><strong><em>μου</em></strong></span> <span class='ocrx_word' id='word_1_289' title='bbox 1195 2144 1534 2213; x_wconf 80' lang='grc' dir='ltr'>διαπαντός.</span> <span class='ocrx_word' id='word_1_290' title='bbox 1577 2148 1645 2201; x_wconf 88' lang='grc' dir='ltr'><strong><em>Σὲ</em></strong></span> <span class='ocrx_word' id='word_1_291' title='bbox 1674 2149 1860 2221; x_wconf 84' lang='grc' dir='ltr'>ὑμνῶν</span> 
     </span>
    </p>
   </div>
   <div class='ocr_carea' id='block_1_39' title="bbox 293 2228 1861 2311">
    <p class='ocr_par' dir='ltr' id='par_1_39' title="bbox 293 2228 1861 2311">
     <span class='ocr_line' id='line_1_39' title="bbox 293 2228 1861 2311; baseline 0.007 -27"><span class='ocrx_word' id='word_1_292' title='bbox 293 2231 380 2284; x_wconf 68' lang='grc' dir='ltr'><strong><em>καὶ</em></strong></span> <span class='ocrx_word' id='word_1_293' title='bbox 418 2230 660 2298; x_wconf 76' lang='grc' dir='ltr'>δοξάζων</span> <span class='ocrx_word' id='word_1_294' title='bbox 689 2234 936 2300; x_wconf 83' lang='grc' dir='ltr'>διατελῶ,</span> <span class='ocrx_word' id='word_1_295' title='bbox 964 2237 1059 2289; x_wconf 79' lang='grc' dir='ltr'><strong><em>καὶ</em></strong></span> <span class='ocrx_word' id='word_1_296' title='bbox 1087 2236 1174 2290; x_wconf 83' lang='grc' dir='ltr'><strong><em>διὰ</em></strong></span> <span class='ocrx_word' id='word_1_297' title='bbox 1200 2238 1299 2309; x_wconf 87' lang='grc' dir='ltr'><strong><em>τῆς</em></strong></span> <span class='ocrx_word' id='word_1_298' title='bbox 1330 2238 1428 2309; x_wconf 86' lang='grc' dir='ltr'><strong><em>σῆς</em></strong></span> <span class='ocrx_word' id='word_1_299' title='bbox 1457 2228 1711 2311; x_wconf 70' lang='grc' dir='ltr'>προνοίας</span> <span class='ocrx_word' id='word_1_300' title='bbox 1738 2242 1861 2311; x_wconf 82' lang='grc' dir='ltr'>ὲγε-</span> 
     </span>
    </p>
   </div>
   <div class='ocr_carea' id='block_1_40' title="bbox 291 2324 1860 2402">
    <p class='ocr_par' dir='ltr' id='par_1_40' title="bbox 291 2324 1860 2402">
     <span class='ocr_line' id='line_1_40' title="bbox 291 2324 1860 2402; baseline 0.006 -24"><span class='ocrx_word' id='word_1_301' title='bbox 291 2324 457 2395; x_wconf 78' lang='grc' dir='ltr'>νόμην</span> <span class='ocrx_word' id='word_1_302' title='bbox 485 2327 864 2395; x_wconf 79' lang='grc' dir='ltr'>περίσλεπτος.</span> <span class='ocrx_word' id='word_1_303' title='bbox 881 2328 1035 2383; x_wconf 82' lang='grc' dir='ltr'>Ὡσεί</span> <span class='ocrx_word' id='word_1_304' title='bbox 1064 2328 1237 2397; x_wconf 84' lang='grc' dir='ltr'>τέρας</span> <span class='ocrx_word' id='word_1_305' title='bbox 1263 2331 1555 2402; x_wconf 80' lang='grc' dir='ltr'><strong><em>ἐγενήθην</em></strong></span> <span class='ocrx_word' id='word_1_306' title='bbox 1572 2332 1696 2400; x_wconf 82' lang='grc' dir='ltr'>τοῖς</span> <span class='ocrx_word' id='word_1_307' title='bbox 1715 2338 1860 2388; x_wconf 78' lang='grc' dir='ltr'>πολ-</span> 
     </span>
    </p>
   </div>
   <div class='ocr_carea' id='block_1_41' title="bbox 290 2417 1859 2496">
    <p class='ocr_par' dir='ltr' id='par_1_41' title="bbox 290 2417 1859 2496">
     <span class='ocr_line' id='line_1_41' title="bbox 290 2417 1859 2496; baseline 0.004 -25"><span class='ocrx_word' id='word_1_308' title='bbox 290 2417 435 2484; x_wconf 73' lang='grc' dir='ltr'>λοῖς.</span> <span class='ocrx_word' id='word_1_309' title='bbox 471 2419 646 2491; x_wconf 84' lang='grc' dir='ltr'>Τέρας</span> <span class='ocrx_word' id='word_1_310' title='bbox 682 2420 780 2491; x_wconf 89' lang='grc' dir='ltr'>μὲν</span> <span class='ocrx_word' id='word_1_311' title='bbox 805 2420 868 2474; x_wconf 82' lang='grc' dir='ltr'><strong><em>τὸ</em></strong></span> <span class='ocrx_word' id='word_1_312' title='bbox 899 2420 1197 2494; x_wconf 81' lang='grc' dir='ltr'>παράδοξον</span> <span class='ocrx_word' id='word_1_313' title='bbox 1228 2423 1322 2477; x_wconf 68' lang='grc' dir='ltr'><strong><em>καὶ</em></strong></span> <span class='ocrx_word' id='word_1_314' title='bbox 1357 2424 1498 2495; x_wconf 81' lang='grc' dir='ltr'>μέγα</span> <span class='ocrx_word' id='word_1_315' title='bbox 1526 2443 1580 2478; x_wconf 84' lang='grc' dir='ltr'><strong><em>τι</em></strong></span> <span class='ocrx_word' id='word_1_316' title='bbox 1607 2425 1768 2496; x_wconf 82' lang='grc' dir='ltr'>φησίν</span> <span class='ocrx_word' id='word_1_317' title='bbox 1787 2442 1800 2455; x_wconf 63' lang='grc' dir='ltr'><strong><em>α</em></strong></span> <span class='ocrx_word' id='word_1_318' title='bbox 1830 2425 1859 2478; x_wconf 83' lang='lat'><strong><em>6</em></strong></span> 
     </span>
    </p>
   </div>
   <div class='ocr_carea' id='block_1_42' title="bbox 291 2512 1855 2590">
    <p class='ocr_par' dir='ltr' id='par_1_42' title="bbox 291 2512 1855 2590">
     <span class='ocr_line' id='line_1_42' title="bbox 291 2512 1855 2590; baseline 0.006 -26"><span class='ocrx_word' id='word_1_319' title='bbox 291 2512 343 2564; x_wconf 77' lang='grc' dir='ltr'>δὲ</span> <span class='ocrx_word' id='word_1_320' title='bbox 371 2512 524 2581; x_wconf 82' lang='grc' dir='ltr'>λέγει</span> <span class='ocrx_word' id='word_1_321' title='bbox 574 2512 814 2567; x_wconf 76' lang='grc' dir='ltr'>τοιοῦτόν</span> <span class='ocrx_word' id='word_1_322' title='bbox 864 2517 1042 2570; x_wconf 72' lang='grc' dir='ltr'>ἐστιν’</span> <span class='ocrx_word' id='word_1_323' title='bbox 1074 2516 1137 2570; x_wconf 89' lang='grc' dir='ltr'>Εἰ</span> <span class='ocrx_word' id='word_1_324' title='bbox 1165 2519 1258 2571; x_wconf 76' lang='grc' dir='ltr'><strong><em>καὶ</em></strong></span> <span class='ocrx_word' id='word_1_325' title='bbox 1302 2518 1474 2590; x_wconf 76' lang='grc' dir='ltr'>ἤρθην</span> <span class='ocrx_word' id='word_1_326' title='bbox 1516 2518 1672 2589; x_wconf 74' lang='grc' dir='ltr'>ὑψοῦ,</span> <span class='ocrx_word' id='word_1_327' title='bbox 1703 2519 1855 2590; x_wconf 66' lang='grc' dir='ltr'>φησι,</span> 
     </span>
    </p>
   </div>
   <div class='ocr_carea' id='block_1_43' title="bbox 292 2601 1859 2681">
    <p class='ocr_par' dir='ltr' id='par_1_43' title="bbox 292 2601 1859 2681">
     <span class='ocr_line' id='line_1_43' title="bbox 292 2601 1859 2681; baseline 0.006 -29"><span class='ocrx_word' id='word_1_328' title='bbox 292 2601 380 2653; x_wconf 75' lang='grc' dir='ltr'><strong><em>καὶ</em></strong></span> <span class='ocrx_word' id='word_1_329' title='bbox 414 2601 590 2671; x_wconf 81' lang='grc' dir='ltr'>μέγας</span> <span class='ocrx_word' id='word_1_330' title='bbox 609 2619 693 2666; x_wconf 86' lang='grc' dir='ltr'><strong><em>τις</em></strong></span> <span class='ocrx_word' id='word_1_331' title='bbox 716 2602 809 2656; x_wconf 80' lang='grc' dir='ltr'><strong><em>καὶ</em></strong></span> <span class='ocrx_word' id='word_1_332' title='bbox 832 2602 1108 2676; x_wconf 79' lang='grc' dir='ltr'>ἐξαίρετος</span> <span class='ocrx_word' id='word_1_333' title='bbox 1129 2607 1187 2660; x_wconf 87' lang='grc' dir='ltr'>ὲν</span> <span class='ocrx_word' id='word_1_334' title='bbox 1214 2609 1324 2671; x_wconf 86' lang='grc' dir='ltr'>τοῖς</span> <span class='ocrx_word' id='word_1_335' title='bbox 1358 2607 1571 2672; x_wconf 84' lang='grc' dir='ltr'>πολλοῖς</span> <span class='ocrx_word' id='word_1_336' title='bbox 1593 2608 1859 2681; x_wconf 87' lang='grc' dir='ltr'>τεθάρση-</span> 
     </span>
    </p>
   </div>
   <div class='ocr_carea' id='block_1_44' title="bbox 296 2691 1857 2769">
    <p class='ocr_par' dir='ltr' id='par_1_44' title="bbox 296 2691 1857 2769">
     <span class='ocr_line' id='line_1_44' title="bbox 296 2691 1857 2769; baseline 0.006 -25"><span class='ocrx_word' id='word_1_337' title='bbox 296 2709 387 2762; x_wconf 74' lang='grc' dir='ltr'><strong><em>μαι</em></strong></span> <span class='ocrx_word' id='word_1_338' title='bbox 442 2691 687 2746; x_wconf 73' lang='grc' dir='ltr'>ἔθνεσινο</span> <span class='ocrx_word' id='word_1_339' title='bbox 738 2693 852 2747; x_wconf 83' lang='grc' dir='ltr'>ἀλλ’</span> <span class='ocrx_word' id='word_1_340' title='bbox 880 2695 979 2748; x_wconf 88' lang='grc' dir='ltr'><strong><em>οὑκ</em></strong></span> <span class='ocrx_word' id='word_1_341' title='bbox 1026 2696 1201 2769; x_wconf 81' lang='grc' dir='ltr'>οἰκείᾳ</span> <span class='ocrx_word' id='word_1_342' title='bbox 1243 2697 1465 2769; x_wconf 81' lang='grc' dir='ltr'>δυνάμει</span> <span class='ocrx_word' id='word_1_343' title='bbox 1517 2700 1577 2752; x_wconf 79' lang='grc' dir='ltr'>τὸ</span> <span class='ocrx_word' id='word_1_344' title='bbox 1620 2698 1857 2754; x_wconf 80' lang='grc' dir='ltr'>τοιοῦτον</span> 
     </span>
    </p>
   </div>
   <div class='ocr_carea' id='block_1_45' title="bbox 292 2782 1857 2863">
    <p class='ocr_par' dir='ltr' id='par_1_45' title="bbox 292 2782 1857 2863">
     <span class='ocr_line' id='line_1_45' title="bbox 292 2782 1857 2863; baseline 0.007 -28"><span class='ocrx_word' id='word_1_345' title='bbox 292 2783 443 2855; x_wconf 74' lang='grc' dir='ltr'>ξτχον</span> <span class='ocrx_word' id='word_1_346' title='bbox 473 2784 697 2853; x_wconf 84' lang='grc' dir='ltr'>ἀγαθόν.</span> <span class='ocrx_word' id='word_1_347' title='bbox 733 2786 804 2838; x_wconf 79' lang='grc' dir='ltr'><strong><em>Σὺ</em></strong></span> <span class='ocrx_word' id='word_1_348' title='bbox 834 2785 944 2858; x_wconf 88' lang='grc' dir='ltr'>γὰρ</span> <span class='ocrx_word' id='word_1_349' title='bbox 971 2782 1038 2859; x_wconf 78' lang='grc' dir='ltr'>ἧς</span> <span class='ocrx_word' id='word_1_350' title='bbox 1063 2789 1225 2852; x_wconf 86' lang='grc' dir='ltr'>αὐτὸς</span> <span class='ocrx_word' id='word_1_351' title='bbox 1261 2791 1290 2842; x_wconf 92' lang='lat'><strong><em>6</em></strong></span> <span class='ocrx_word' id='word_1_352' title='bbox 1322 2790 1608 2862; x_wconf 87' lang='grc' dir='ltr'>κράτιστόν</span> <span class='ocrx_word' id='word_1_353' title='bbox 1653 2809 1720 2863; x_wconf 90' lang='grc' dir='ltr'><strong><em>με</em></strong></span> <span class='ocrx_word' id='word_1_354' title='bbox 1762 2793 1857 2846; x_wconf 79' lang='grc' dir='ltr'>καὶ</span> 
     </span>
    </p>
   </div>
   <div class='ocr_carea' id='block_1_46' title="bbox 292 2874 1501 2951">
    <p class='ocr_par' dir='ltr' id='par_1_46' title="bbox 292 2874 1501 2951">
     <span class='ocr_line' id='line_1_46' title="bbox 292 2874 1501 2951; baseline 0.007 -24"><span class='ocrx_word' id='word_1_355' title='bbox 292 2878 530 2942; x_wconf 72' lang='grc' dir='ltr'>γενναῖον</span> <span class='ocrx_word' id='word_1_356' title='bbox 558 2874 646 2929; x_wconf 80' lang='grc' dir='ltr'><strong><em>διά</em></strong></span> <span class='ocrx_word' id='word_1_357' title='bbox 673 2875 772 2948; x_wconf 81' lang='grc' dir='ltr'><strong><em>τῆς</em></strong></span> <span class='ocrx_word' id='word_1_358' title='bbox 800 2876 996 2931; x_wconf 89' lang='grc' dir='ltr'>σαυτοῦ</span> <span class='ocrx_word' id='word_1_359' title='bbox 1028 2877 1282 2951; x_wconf 86' lang='grc' dir='ltr'>βοηθείας</span> <span class='ocrx_word' id='word_1_360' title='bbox 1314 2879 1501 2935; x_wconf 79' lang='grc' dir='ltr'>ποιῶν.</span> 
     </span>
    </p>
   </div>
   <div class='ocr_carea' id='block_1_47' title="bbox 353 3051 1855 3125">
    <p class='ocr_par' dir='ltr' id='par_1_47' title="bbox 353 3051 1855 3125">
     <span class='ocr_line' id='line_1_47' title="bbox 353 3051 1855 3125; baseline 0.003 -19"><span class='ocrx_word' id='word_1_361' title='bbox 353 3051 723 3121; x_wconf 72' lang='grc' dir='ltr'>Πληρωθήτω</span> <span class='ocrx_word' id='word_1_362' title='bbox 780 3053 849 3107; x_wconf 83' lang='grc' dir='ltr'>τὸ</span> <span class='ocrx_word' id='word_1_363' title='bbox 908 3055 1103 3125; x_wconf 80' lang='grc' dir='ltr'>στόμα</span> <span class='ocrx_word' id='word_1_364' title='bbox 1148 3072 1269 3124; x_wconf 83' lang='grc' dir='ltr'><strong><em>μου</em></strong></span> <span class='ocrx_word' id='word_1_365' title='bbox 1323 3056 1640 3122; x_wconf 84' lang='grc' dir='ltr'>αἰνέσεως,</span> <span class='ocrx_word' id='word_1_366' title='bbox 1694 3056 1855 3123; x_wconf 81' lang='grc' dir='ltr'>ὅπως</span> 
     </span>
    </p>
   </div>
   <div class='ocr_carea' id='block_1_48' title="bbox 284 3144 1853 3222">
    <p class='ocr_par' dir='ltr' id='par_1_48' title="bbox 284 3144 1853 3222">
     <span class='ocr_line' id='line_1_48' title="bbox 284 3144 1853 3222; baseline 0.004 -23"><span class='ocrx_word' id='word_1_367' title='bbox 284 3144 538 3215; x_wconf 75' lang='grc' dir='ltr'>,ὑμνήσω</span> <span class='ocrx_word' id='word_1_368' title='bbox 593 3146 709 3216; x_wconf 80' lang='grc' dir='ltr'>τὴν</span> <span class='ocrx_word' id='word_1_369' title='bbox 773 3147 962 3211; x_wconf 76' lang='grc' dir='ltr'>δόξαν</span> <span class='ocrx_word' id='word_1_370' title='bbox 1009 3165 1149 3203; x_wconf 91' lang='grc' dir='ltr'>σου.</span> <span class='ocrx_word' id='word_1_371' title='bbox 1189 3149 1404 3222; x_wconf 80' lang='grc' dir='ltr'>Ἐπειδὴ</span> <span class='ocrx_word' id='word_1_372' title='bbox 1446 3149 1554 3203; x_wconf 79' lang='grc' dir='ltr'>τῶν</span> <span class='ocrx_word' id='word_1_373' title='bbox 1599 3149 1853 3205; x_wconf 83' lang='grc' dir='ltr'>τοιούτων</span> 
     </span>
    </p>
   </div>
   <div class='ocr_carea' id='block_1_49' title="bbox 291 3237 1853 3310">
    <p class='ocr_par' dir='ltr' id='par_1_49' title="bbox 291 3237 1853 3310">
     <span class='ocr_line' id='line_1_49' title="bbox 291 3237 1853 3310; baseline 0.003 -20"><span class='ocrx_word' id='word_1_374' title='bbox 291 3237 669 3309; x_wconf 79' lang='grc' dir='ltr'>ὑπαρχθεισῶν</span> <span class='ocrx_word' id='word_1_375' title='bbox 698 3255 787 3308; x_wconf 84' lang='grc' dir='ltr'><strong><em>μοι</em></strong></span> <span class='ocrx_word' id='word_1_376' title='bbox 808 3239 1156 3310; x_wconf 62' lang='grc' dir='ltr'>εὐεργεσιῶν,</span> <span class='ocrx_word' id='word_1_377' title='bbox 1186 3239 1469 3310; x_wconf 75' lang='grc' dir='ltr'>ἄνθρωπος</span> <span class='ocrx_word' id='word_1_378' title='bbox 1491 3239 1587 3306; x_wconf 83' lang='grc' dir='ltr'>ὢν,</span> <span class='ocrx_word' id='word_1_379' title='bbox 1607 3242 1667 3294; x_wconf 88' lang='grc' dir='ltr'><strong><em>οὑ</em></strong></span> <span class='ocrx_word' id='word_1_380' title='bbox 1693 3242 1853 3295; x_wconf 78' lang='grc' dir='ltr'>δύνα-</span> 
     </span>
    </p>
   </div>
   <div class='ocr_carea' id='block_1_50' title="bbox 295 3329 1859 3405">
    <p class='ocr_par' dir='ltr' id='par_1_50' title="bbox 295 3329 1859 3405">
     <span class='ocr_line' id='line_1_50' title="bbox 295 3329 1859 3405; baseline 0.004 -24"><span class='ocrx_word' id='word_1_381' title='bbox 295 3346 386 3397; x_wconf 86' lang='grc' dir='ltr'><strong><em>μαι</em></strong></span> <span class='ocrx_word' id='word_1_382' title='bbox 435 3329 537 3393; x_wconf 86' lang='grc' dir='ltr'>τὰς</span> <span class='ocrx_word' id='word_1_383' title='bbox 579 3329 735 3395; x_wconf 81' lang='grc' dir='ltr'>ἀξίας</span> <span class='ocrx_word' id='word_1_384' title='bbox 766 3329 1053 3384; x_wconf 80' lang='grc' dir='ltr'>ἀποδοῦναι</span> <span class='ocrx_word' id='word_1_385' title='bbox 1085 3330 1317 3402; x_wconf 77' lang='grc' dir='ltr'>ἀμοιϐάς</span> <span class='ocrx_word' id='word_1_386' title='bbox 1336 3349 1349 3362; x_wconf 81' lang='grc'><strong>’</strong></span> <span class='ocrx_word' id='word_1_387' title='bbox 1382 3331 1570 3386; x_wconf 83' lang='grc' dir='ltr'>τούτου</span> <span class='ocrx_word' id='word_1_388' title='bbox 1603 3333 1759 3405; x_wconf 84' lang='grc' dir='ltr'>χάριν</span> <span class='ocrx_word' id='word_1_389' title='bbox 1790 3337 1859 3401; x_wconf 37' lang='grc' dir='ltr'>ὲκ,</span> 
     </span>
    </p>
   </div>
   <div class='ocr_carea' id='block_1_51' title="bbox 289 3418 1854 3497">
    <p class='ocr_par' dir='ltr' id='par_1_51' title="bbox 289 3418 1854 3497">
     <span class='ocr_line' id='line_1_51' title="bbox 289 3418 1854 3497; baseline 0.004 -25"><span class='ocrx_word' id='word_1_390' title='bbox 289 3419 384 3490; x_wconf 84' lang='grc' dir='ltr'><strong><em>τῆς</em></strong></span> <span class='ocrx_word' id='word_1_391' title='bbox 417 3419 518 3487; x_wconf 83' lang='grc' dir='ltr'><strong><em>σῆς</em></strong></span> <span class='ocrx_word' id='word_1_392' title='bbox 551 3418 743 3488; x_wconf 79' lang='grc' dir='ltr'>σοφίας</span> <span class='ocrx_word' id='word_1_393' title='bbox 783 3418 1039 3484; x_wconf 74' lang='grc' dir='ltr'>αἰνέσεως</span> <span class='ocrx_word' id='word_1_394' title='bbox 1080 3437 1181 3492; x_wconf 87' lang='grc' dir='ltr'><strong><em>μου</em></strong></span> <span class='ocrx_word' id='word_1_395' title='bbox 1210 3422 1273 3475; x_wconf 87' lang='grc' dir='ltr'>τὸ</span> <span class='ocrx_word' id='word_1_396' title='bbox 1306 3423 1479 3495; x_wconf 84' lang='grc' dir='ltr'>στόμα</span> <span class='ocrx_word' id='word_1_397' title='bbox 1505 3424 1854 3497; x_wconf 81' lang='grc' dir='ltr'>πληρωθῆναι</span> 
     </span>
    </p>
   </div>
   <div class='ocr_carea' id='block_1_52' title="bbox 290 3509 1854 3588">
    <p class='ocr_par' dir='ltr' id='par_1_52' title="bbox 290 3509 1854 3588">
     <span class='ocr_line' id='line_1_52' title="bbox 290 3509 1854 3588; baseline 0.005 -25"><span class='ocrx_word' id='word_1_398' title='bbox 290 3510 446 3578; x_wconf 79' lang='grc' dir='ltr'>ἀξιῶ·</span> <span class='ocrx_word' id='word_1_399' title='bbox 480 3509 626 3566; x_wconf 84' lang='grc' dir='ltr'>οὑτω</span> <span class='ocrx_word' id='word_1_400' title='bbox 656 3511 766 3582; x_wconf 82' lang='grc' dir='ltr'>γὰρ</span> <span class='ocrx_word' id='word_1_401' title='bbox 805 3513 901 3566; x_wconf 77' lang='grc' dir='ltr'><strong><em>καὶ</em></strong></span> <span class='ocrx_word' id='word_1_402' title='bbox 936 3512 1088 3584; x_wconf 85' lang='grc' dir='ltr'>μόλις</span> <span class='ocrx_word' id='word_1_403' title='bbox 1130 3513 1230 3586; x_wconf 83' lang='grc' dir='ltr'><strong><em>τὴν</em></strong></span> <span class='ocrx_word' id='word_1_404' title='bbox 1277 3514 1374 3587; x_wconf 79' lang='grc' dir='ltr'>σὴν</span> <span class='ocrx_word' id='word_1_405' title='bbox 1416 3515 1573 3582; x_wconf 79' lang='grc' dir='ltr'>δόξαν</span> <span class='ocrx_word' id='word_1_406' title='bbox 1616 3516 1854 3588; x_wconf 83' lang='grc' dir='ltr'>ὑμνῆσαι</span> 
     </span>
    </p>
   </div>
   <div class='ocr_carea' id='block_1_53' title="bbox 288 3602 1856 3677">
    <p class='ocr_par' dir='ltr' id='par_1_53' title="bbox 288 3602 1856 3677">
     <span class='ocr_line' id='line_1_53' title="bbox 288 3602 1856 3677; baseline 0.004 -22"><span class='ocrx_word' id='word_1_407' title='bbox 288 3604 789 3675; x_wconf 72' lang='grc' dir='ltr'>δυνήσομαι.”ολην</span> <span class='ocrx_word' id='word_1_408' title='bbox 810 3602 926 3672; x_wconf 79' lang='grc' dir='ltr'><strong><em>τὴν</em></strong></span> <span class='ocrx_word' id='word_1_409' title='bbox 951 3602 1181 3673; x_wconf 79' lang='grc' dir='ltr'>ἡμέραν</span> <span class='ocrx_word' id='word_1_410' title='bbox 1206 3602 1325 3672; x_wconf 84' lang='grc' dir='ltr'>τὴν</span> <span class='ocrx_word' id='word_1_411' title='bbox 1339 3606 1856 3677; x_wconf 73' lang='grc' dir='ltr'>μεγαλοπρέπειαν</span> 
     </span>
    </p>
   </div>
   <div class='ocr_carea' id='block_1_54' title="bbox 287 3695 1857 3770">
    <p class='ocr_par' dir='ltr' id='par_1_54' title="bbox 287 3695 1857 3770">
     <span class='ocr_line' id='line_1_54' title="bbox 287 3695 1857 3770; baseline 0.003 -21"><span class='ocrx_word' id='word_1_412' title='bbox 287 3710 421 3750; x_wconf 87' lang='grc' dir='ltr'><strong><em>σου.</em></strong></span> <span class='ocrx_word' id='word_1_413' title='bbox 437 3695 707 3760; x_wconf 77' lang='grc' dir='ltr'>Ἐπειδὰν,</span> <span class='ocrx_word' id='word_1_414' title='bbox 744 3696 1122 3767; x_wconf 77' lang='grc' dir='ltr'>πληρωθέντος</span> <span class='ocrx_word' id='word_1_415' title='bbox 1163 3716 1265 3770; x_wconf 87' lang='grc' dir='ltr'><strong><em>μου</em></strong></span> <span class='ocrx_word' id='word_1_416' title='bbox 1297 3698 1389 3752; x_wconf 79' lang='grc' dir='ltr'>τοῦ</span> <span class='ocrx_word' id='word_1_417' title='bbox 1419 3698 1682 3770; x_wconf 87' lang='grc' dir='ltr'>στόματος</span> <span class='ocrx_word' id='word_1_418' title='bbox 1714 3701 1857 3754; x_wconf 81' lang='grc' dir='ltr'>αἰνέ-</span> 
     </span>
    </p>
   </div>
   <div class='ocr_carea' id='block_1_55' title="bbox 291 3788 1855 3863">
    <p class='ocr_par' dir='ltr' id='par_1_55' title="bbox 291 3788 1855 3863">
     <span class='ocr_line' id='line_1_55' title="bbox 291 3788 1855 3863; baseline 0.004 -25"><span class='ocrx_word' id='word_1_419' title='bbox 291 3803 441 3851; x_wconf 82' lang='grc' dir='ltr'>σεως,</span> <span class='ocrx_word' id='word_1_420' title='bbox 474 3788 629 3857; x_wconf 60' lang='grc' dir='ltr'>φησι,</span> <span class='ocrx_word' id='word_1_421' title='bbox 665 3788 764 3858; x_wconf 83' lang='grc' dir='ltr'><strong><em>τὴν</em></strong></span> <span class='ocrx_word' id='word_1_422' title='bbox 792 3788 890 3859; x_wconf 83' lang='grc' dir='ltr'>σὴν</span> <span class='ocrx_word' id='word_1_423' title='bbox 922 3788 1080 3853; x_wconf 81' lang='grc' dir='ltr'>δόξαν</span> <span class='ocrx_word' id='word_1_424' title='bbox 1123 3788 1372 3862; x_wconf 79' lang='grc' dir='ltr'>ἄρξωμαι</span> <span class='ocrx_word' id='word_1_425' title='bbox 1392 3790 1600 3860; x_wconf 83' lang='grc' dir='ltr'>ὑμνεῖν,</span> <span class='ocrx_word' id='word_1_426' title='bbox 1632 3792 1855 3863; x_wconf 88' lang='grc' dir='ltr'>ὑμνήσω</span> 
     </span>
    </p>
   </div>
   <div class='ocr_carea' id='block_1_56' title="bbox 289 3877 1856 3949">
    <p class='ocr_par' dir='ltr' id='par_1_56' title="bbox 289 3877 1856 3949">
     <span class='ocr_line' id='line_1_56' title="bbox 289 3877 1856 3949; baseline 0.001 -19"><span class='ocrx_word' id='word_1_427' title='bbox 289 3878 376 3930; x_wconf 75' lang='grc' dir='ltr'><strong><em>καὶ</em></strong></span> <span class='ocrx_word' id='word_1_428' title='bbox 398 3877 489 3931; x_wconf 74' lang='grc' dir='ltr'>διὰ</span> <span class='ocrx_word' id='word_1_429' title='bbox 520 3877 701 3947; x_wconf 81' lang='grc' dir='ltr'>πάσης</span> <span class='ocrx_word' id='word_1_430' title='bbox 731 3877 945 3949; x_wconf 77' lang='grc' dir='ltr'>ἡμέρας</span> <span class='ocrx_word' id='word_1_431' title='bbox 966 3878 1065 3948; x_wconf 80' lang='grc' dir='ltr'><strong><em>τὴν</em></strong></span> <span class='ocrx_word' id='word_1_432' title='bbox 1093 3877 1570 3949; x_wconf 81' lang='grc' dir='ltr'>μεγαλοπρέπειάν</span> <span class='ocrx_word' id='word_1_433' title='bbox 1605 3895 1717 3931; x_wconf 93' lang='grc' dir='ltr'>σου.</span> <span class='ocrx_word' id='word_1_434' title='bbox 1760 3880 1856 3932; x_wconf 89' lang='grc' dir='ltr'><strong><em>Δό-</em></strong></span> 
     </span>
    </p>
   </div>
   <div class='ocr_carea' id='block_1_57' title="bbox 290 3964 1857 4041">
    <p class='ocr_par' dir='ltr' id='par_1_57' title="bbox 290 3964 1857 4041">
     <span class='ocr_line' id='line_1_57' title="bbox 290 3964 1857 4041; baseline 0.001 -22"><span class='ocrx_word' id='word_1_435' title='bbox 290 3965 380 4029; x_wconf 78' lang='grc' dir='ltr'><strong><em>ξαν</em></strong></span> <span class='ocrx_word' id='word_1_436' title='bbox 409 3966 467 4019; x_wconf 83' lang='grc' dir='ltr'>δὲ</span> <span class='ocrx_word' id='word_1_437' title='bbox 501 3966 568 4036; x_wconf 80' lang='grc' dir='ltr'>ἣν</span> <span class='ocrx_word' id='word_1_438' title='bbox 601 3966 693 4019; x_wconf 75' lang='grc' dir='ltr'>ἐπὶ</span> <span class='ocrx_word' id='word_1_439' title='bbox 724 3967 827 4037; x_wconf 87' lang='grc' dir='ltr'><strong><em>γῆς</em></strong></span> <span class='ocrx_word' id='word_1_440' title='bbox 858 3969 1149 4038; x_wconf 76' lang='grc' dir='ltr'>ἐποιήσατο</span> <span class='ocrx_word' id='word_1_441' title='bbox 1171 3967 1482 4038; x_wconf 79' lang='grc' dir='ltr'>οἰκονομίαν</span> <span class='ocrx_word' id='word_1_442' title='bbox 1512 3964 1665 4039; x_wconf 68' lang='grc' dir='ltr'>φησὶ,</span> <span class='ocrx_word' id='word_1_443' title='bbox 1698 3968 1763 4022; x_wconf 82' lang='grc' dir='ltr'>δι’</span> <span class='ocrx_word' id='word_1_444' title='bbox 1788 3964 1857 4041; x_wconf 77' lang='grc' dir='ltr'>ἧς</span> 
     </span>
    </p>
   </div>
   <div class='ocr_carea' id='block_1_58' title="bbox 288 4057 1856 4132">
    <p class='ocr_par' dir='ltr' id='par_1_58' title="bbox 288 4057 1856 4132">
     <span class='ocr_line' id='line_1_58' title="bbox 288 4057 1856 4132; baseline 0.004 -23"><span class='ocrx_word' id='word_1_445' title='bbox 288 4057 572 4129; x_wconf 75' lang='grc' dir='ltr'>ἐπλήρωσε</span> <span class='ocrx_word' id='word_1_446' title='bbox 598 4058 697 4128; x_wconf 80' lang='grc' dir='ltr'>τὴν</span> <span class='ocrx_word' id='word_1_447' title='bbox 724 4059 829 4129; x_wconf 84' lang='grc' dir='ltr'><strong><em>γῆν</em></strong></span> <span class='ocrx_word' id='word_1_448' title='bbox 852 4060 949 4130; x_wconf 85' lang='grc' dir='ltr'><strong><em>τῆς</em></strong></span> <span class='ocrx_word' id='word_1_449' title='bbox 970 4059 1128 4131; x_wconf 78' lang='grc' dir='ltr'>δόξης</span> <span class='ocrx_word' id='word_1_450' title='bbox 1152 4058 1856 4132; x_wconf 74' lang='grc' dir='ltr'>αὑτοῦ.ζΜεγαλοπρέπειαν</span> 
     </span>
    </p>
   </div>
   <div class='ocr_carea' id='block_1_59' title="bbox 286 4146 1856 4225">
    <p class='ocr_par' dir='ltr' id='par_1_59' title="bbox 286 4146 1856 4225">
     <span class='ocr_line' id='line_1_59' title="bbox 286 4146 1856 4225; baseline 0.003 -22"><span class='ocrx_word' id='word_1_451' title='bbox 286 4150 341 4203; x_wconf 78' lang='grc' dir='ltr'>δὲ</span> <span class='ocrx_word' id='word_1_452' title='bbox 371 4150 471 4223; x_wconf 82' lang='grc' dir='ltr'><strong><em>τὴν</em></strong></span> <span class='ocrx_word' id='word_1_453' title='bbox 506 4149 735 4223; x_wconf 86' lang='grc' dir='ltr'>θεότητα</span> <span class='ocrx_word' id='word_1_454' title='bbox 764 4150 932 4221; x_wconf 78' lang='grc' dir='ltr'>λέγει,</span> <span class='ocrx_word' id='word_1_455' title='bbox 965 4153 1030 4206; x_wconf 87' lang='grc' dir='ltr'>δι’</span> <span class='ocrx_word' id='word_1_456' title='bbox 1059 4146 1127 4223; x_wconf 81' lang='grc' dir='ltr'>ἦς</span> <span class='ocrx_word' id='word_1_457' title='bbox 1158 4152 1333 4207; x_wconf 86' lang='grc' dir='ltr'>πάντα</span> <span class='ocrx_word' id='word_1_458' title='bbox 1361 4154 1542 4207; x_wconf 74' lang='grc' dir='ltr'>ἐκεῖνα</span> <span class='ocrx_word' id='word_1_459' title='bbox 1573 4152 1856 4225; x_wconf 81' lang='grc' dir='ltr'>άνομαλῶς</span> 
     </span>
    </p>
   </div>
   <div class='ocr_carea' id='block_1_60' title="bbox 287 4245 602 4328">
    <p class='ocr_par' dir='ltr' id='par_1_60' title="bbox 287 4245 602 4328">
     <span class='ocr_line' id='line_1_60' title="bbox 287 4245 602 4328; baseline 0.006 -30"><span class='ocrx_word' id='word_1_460' title='bbox 287 4245 602 4328; x_wconf 67' lang='grc' dir='ltr'>εἰργάσατο.</span> 
     </span>
    </p>
   </div>
   <div class='ocr_carea' id='block_1_61' title="bbox 354 4336 1857 4409">
    <p class='ocr_par' dir='ltr' id='par_1_61' title="bbox 354 4336 1857 4409">
     <span class='ocr_line' id='line_1_61' title="bbox 354 4336 1857 4409; baseline -0.001 -16"><span class='ocrx_word' id='word_1_461' title='bbox 354 4336 750 4409; x_wconf 74' lang='grc' dir='ltr'>[Πληρωθήπω</span> <span class='ocrx_word' id='word_1_462' title='bbox 780 4337 849 4392; x_wconf 82' lang='grc' dir='ltr'>τὸ</span> <span class='ocrx_word' id='word_1_463' title='bbox 889 4340 1083 4408; x_wconf 82' lang='grc' dir='ltr'>στόμα</span> <span class='ocrx_word' id='word_1_464' title='bbox 1117 4356 1237 4409; x_wconf 81' lang='grc' dir='ltr'><strong><em>μου</em></strong></span> <span class='ocrx_word' id='word_1_465' title='bbox 1282 4340 1584 4406; x_wconf 74' lang='grc' dir='ltr'>αἰνέσεως.</span> <span class='ocrx_word' id='word_1_466' title='bbox 1626 4340 1857 4394; x_wconf 78' lang='grc' dir='ltr'>Δυνατὸν</span> 
     </span>
    </p>
   </div>
   <div class='ocr_carea' id='block_1_62' title="bbox 290 4430 1868 4501">
    <p class='ocr_par' dir='ltr' id='par_1_62' title="bbox 290 4430 1868 4501">
     <span class='ocr_line' id='line_1_62' title="bbox 290 4430 1868 4501; baseline 0.001 -18"><span class='ocrx_word' id='word_1_467' title='bbox 290 4432 385 4501; x_wconf 76' lang='grc' dir='ltr'>μὲν</span> <span class='ocrx_word' id='word_1_468' title='bbox 423 4430 717 4494; x_wconf 76' lang='grc' dir='ltr'>διαπαντὸς</span> <span class='ocrx_word' id='word_1_469' title='bbox 741 4432 909 4484; x_wconf 77' lang='grc' dir='ltr'>αἰνεῖν</span> <span class='ocrx_word' id='word_1_470' title='bbox 931 4431 1022 4486; x_wconf 80' lang='grc' dir='ltr'><strong><em>τὸν</em></strong></span> <span class='ocrx_word' id='word_1_471' title='bbox 1056 4432 1209 4496; x_wconf 79' lang='grc' dir='ltr'>Θεὸν,</span> <span class='ocrx_word' id='word_1_472' title='bbox 1249 4434 1344 4487; x_wconf 73' lang='grc' dir='ltr'>καὶ</span> <span class='ocrx_word' id='word_1_473' title='bbox 1387 4433 1678 4498; x_wconf 80' lang='grc' dir='ltr'>διαπαντὸς</span> <span class='ocrx_word' id='word_1_474' title='bbox 1708 4433 1868 4496; x_wconf 52' lang='grc' dir='ltr'>εὑλοέ</span> 
     </span>
    </p>
   </div>
   <div class='ocr_carea' id='block_1_63' title="bbox 1961 1969 2306 2026">
    <p class='ocr_par' dir='ltr' id='par_1_63' title="bbox 1961 1969 2306 2026">
     <span class='ocr_line' id='line_1_63' title="bbox 1961 1969 2306 2026; baseline 0 -1"><span class='ocrx_word' id='word_1_475' title='bbox 1961 1970 2056 2025; x_wconf 85' lang='lat' dir='ltr'><strong><em>tibi</em></strong></span> <span class='ocrx_word' id='word_1_476' title='bbox 2090 1969 2306 2026; x_wconf 84' lang='lat' dir='ltr'><strong><em>oﬁ‘erre.</em></strong></span> 
     </span>
    </p>
   </div>
   <div class='ocr_carea' id='block_1_64' title="bbox 2032 2141 3519 2215">
    <p class='ocr_par' dir='ltr' id='par_1_64' title="bbox 2032 2141 3519 2215">
     <span class='ocr_line' id='line_1_64' title="bbox 2032 2141 3519 2215; baseline -0.005 -11"><span class='ocrx_word' id='word_1_477' title='bbox 2032 2150 2085 2203; x_wconf 90' lang='lat'><strong><em>7.</em></strong></span> <span class='ocrx_word' id='word_1_478' title='bbox 2127 2148 2193 2203; x_wconf 83' lang='lat' dir='ltr'><strong><em>In</em></strong></span> <span class='ocrx_word' id='word_1_479' title='bbox 2220 2158 2269 2203; x_wconf 91' lang='lat' dir='ltr'><strong><em>te</em></strong></span> <span class='ocrx_word' id='word_1_480' title='bbox 2297 2148 2534 2202; x_wconf 89' lang='lat' dir='ltr'><strong><em>cantatio</em></strong></span> <span class='ocrx_word' id='word_1_481' title='bbox 2566 2160 2681 2199; x_wconf 86' lang='lat' dir='ltr'><strong><em>mea</em></strong></span> <span class='ocrx_word' id='word_1_482' title='bbox 2706 2159 2924 2213; x_wconf 84' lang='lat' dir='ltr'><strong><em>semper.</em></strong></span> <span class='ocrx_word' id='word_1_483' title='bbox 2964 2141 3021 2197; x_wconf 89' lang='lat' dir='ltr'><strong><em>In</em></strong></span> <span class='ocrx_word' id='word_1_484' title='bbox 3062 2144 3281 2215; x_wconf 78' lang='lat' dir='ltr'><strong><em>hymnis</em></strong></span> <span class='ocrx_word' id='word_1_485' title='bbox 3306 2153 3360 2198; x_wconf 87' lang='lat' dir='ltr'><strong><em>et</em></strong></span> <span class='ocrx_word' id='word_1_486' title='bbox 3399 2143 3519 2197; x_wconf 81' lang='lat' dir='ltr'><strong><em>lau-</em></strong></span> 
     </span>
    </p>
   </div>
   <div class='ocr_carea' id='block_1_65' title="bbox 1961 2233 3522 2311">
    <p class='ocr_par' dir='ltr' id='par_1_65' title="bbox 1961 2233 3522 2311">
     <span class='ocr_line' id='line_1_65' title="bbox 1961 2233 3522 2311; baseline -0.006 -14"><span class='ocrx_word' id='word_1_487' title='bbox 1961 2242 2123 2298; x_wconf 81' lang='lat' dir='ltr'><strong><em>dibus</em></strong></span> <span class='ocrx_word' id='word_1_488' title='bbox 2145 2242 2253 2297; x_wconf 84' lang='lat' dir='ltr'><strong><em>tuis</em></strong></span> <span class='ocrx_word' id='word_1_489' title='bbox 2288 2239 2631 2311; x_wconf 80' lang='lat' dir='ltr'><strong><em>proferendis</em></strong></span> <span class='ocrx_word' id='word_1_490' title='bbox 2674 2249 2981 2307; x_wconf 79' lang='lat' dir='ltr'><strong><em>persevera,</em></strong></span> <span class='ocrx_word' id='word_1_491' title='bbox 3015 2245 3067 2289; x_wconf 89' lang='lat' dir='ltr'><strong><em>et</em></strong></span> <span class='ocrx_word' id='word_1_492' title='bbox 3103 2249 3200 2305; x_wconf 87' lang='lat' dir='ltr'><strong><em>per</em></strong></span> <span class='ocrx_word' id='word_1_493' title='bbox 3237 2233 3522 2304; x_wconf 84' lang='lat' dir='ltr'><strong><em>providen-</em></strong></span> 
     </span>
    </p>
   </div>
   <div class='ocr_carea' id='block_1_66' title="bbox 1959 2325 3521 2404">
    <p class='ocr_par' dir='ltr' id='par_1_66' title="bbox 1959 2325 3521 2404">
     <span class='ocr_line' id='line_1_66' title="bbox 1959 2325 3521 2404; baseline -0.007 -13"><span class='ocrx_word' id='word_1_494' title='bbox 1959 2337 2088 2392; x_wconf 85' lang='lat' dir='ltr'><strong><em>tiam</em></strong></span> <span class='ocrx_word' id='word_1_495' title='bbox 2130 2344 2276 2390; x_wconf 89' lang='lat' dir='ltr'><strong><em>tuam</em></strong></span> <span class='ocrx_word' id='word_1_496' title='bbox 2320 2333 2618 2404; x_wconf 72' lang='lat' dir='ltr'><strong><em>prreclarus</em></strong></span> <span class='ocrx_word' id='word_1_497' title='bbox 2678 2328 2849 2384; x_wconf 86' lang='lat' dir='ltr'><strong><em>evasi.</em></strong></span> <span class='ocrx_word' id='word_1_498' title='bbox 2910 2325 3183 2395; x_wconf 80' lang='lat' dir='ltr'><strong><em>Tanquam</em></strong></span> <span class='ocrx_word' id='word_1_499' title='bbox 3222 2325 3521 2396; x_wconf 82' lang='lat' dir='ltr'><strong><em>prodigium</em></strong></span> 
     </span>
    </p>
   </div>
   <div class='ocr_carea' id='block_1_67' title="bbox 1959 2417 3520 2498">
    <p class='ocr_par' dir='ltr' id='par_1_67' title="bbox 1959 2417 3520 2498">
     <span class='ocr_line' id='line_1_67' title="bbox 1959 2417 3520 2498; baseline -0.007 -17"><span class='ocrx_word' id='word_1_500' title='bbox 1959 2429 2132 2498; x_wconf 79' lang='lat' dir='ltr'><strong><em>factas</em></strong></span> <span class='ocrx_word' id='word_1_501' title='bbox 2171 2442 2287 2480; x_wconf 88' lang='lat' dir='ltr'><strong><em>sum</em></strong></span> <span class='ocrx_word' id='word_1_502' title='bbox 2324 2424 2532 2478; x_wconf 78' lang='lat' dir='ltr'><strong><em>multis.</em></strong></span> <span class='ocrx_word' id='word_1_503' title='bbox 2572 2420 2911 2491; x_wconf 82' lang='lat' dir='ltr'><strong><em>Prodigium,</em></strong></span> <span class='ocrx_word' id='word_1_504' title='bbox 2943 2417 3436 2487; x_wconf 84' lang='lat' dir='ltr'><strong><em>obstupescendum</em></strong></span> <span class='ocrx_word' id='word_1_505' title='bbox 3464 2429 3520 2470; x_wconf 87' lang='lat' dir='ltr'><strong><em>et</em></strong></span> 
     </span>
    </p>
   </div>
   <div class='ocr_carea' id='block_1_68' title="bbox 1957 2508 3519 2589">
    <p class='ocr_par' dir='ltr' id='par_1_68' title="bbox 1957 2508 3519 2589">
     <span class='ocr_line' id='line_1_68' title="bbox 1957 2508 3519 2589; baseline -0.008 -14"><span class='ocrx_word' id='word_1_506' title='bbox 1957 2533 2213 2589; x_wconf 85' lang='lat' dir='ltr'><strong><em>magnum</em></strong></span> <span class='ocrx_word' id='word_1_507' title='bbox 2268 2515 2472 2586; x_wconf 86' lang='lat' dir='ltr'><strong><em>aliquid</em></strong></span> <span class='ocrx_word' id='word_1_508' title='bbox 2522 2512 2813 2584; x_wconf 88' lang='lat' dir='ltr'><strong><em>signiﬁcat.</em></strong></span> <span class='ocrx_word' id='word_1_509' title='bbox 2860 2508 3187 2579; x_wconf 82' lang='lat' dir='ltr'><strong><em>Bujusmodi</em></strong></span> <span class='ocrx_word' id='word_1_510' title='bbox 3231 2518 3409 2565; x_wconf 71' lang='lat' dir='ltr'><strong><em>autem</em></strong></span> <span class='ocrx_word' id='word_1_511' title='bbox 3437 2518 3519 2563; x_wconf 86' lang='lat' dir='ltr'><strong><em>est</em></strong></span> 
     </span>
    </p>
   </div>
   <div class='ocr_carea' id='block_1_69' title="bbox 1956 2599 3517 2683">
    <p class='ocr_par' dir='ltr' id='par_1_69' title="bbox 1956 2599 3517 2683">
     <span class='ocr_line' id='line_1_69' title="bbox 1956 2599 3517 2683; baseline -0.009 -17"><span class='ocrx_word' id='word_1_512' title='bbox 1956 2611 2101 2683; x_wconf 87' lang='lat' dir='ltr'><strong><em>quod</em></strong></span> <span class='ocrx_word' id='word_1_513' title='bbox 2133 2610 2210 2665; x_wconf 88' lang='lat' dir='ltr'><strong><em>ait</em></strong></span> <span class='ocrx_word' id='word_1_514' title='bbox 2238 2628 2252 2664; x_wconf 86' lang='lat'><strong>:</strong></span> <span class='ocrx_word' id='word_1_515' title='bbox 2283 2607 2509 2663; x_wconf 88' lang='lat' dir='ltr'><strong><em>Etiamsi</em></strong></span> <span class='ocrx_word' id='word_1_516' title='bbox 2540 2607 2594 2660; x_wconf 90' lang='lat' dir='ltr'><strong><em>in</em></strong></span> <span class='ocrx_word' id='word_1_517' title='bbox 2619 2604 2850 2660; x_wconf 86' lang='lat' dir='ltr'><strong><em>sublime</em></strong></span> <span class='ocrx_word' id='word_1_518' title='bbox 2880 2602 3120 2657; x_wconf 86' lang='lat' dir='ltr'><strong><em>elevatus</em></strong></span> <span class='ocrx_word' id='word_1_519' title='bbox 3147 2614 3290 2665; x_wconf 91' lang='lat' dir='ltr'><strong><em>sum,</em></strong></span> <span class='ocrx_word' id='word_1_520' title='bbox 3321 2599 3517 2670; x_wconf 88' lang='lat' dir='ltr'><strong><em>inquit,</em></strong></span> 
     </span>
    </p>
   </div>
   <div class='ocr_carea' id='block_1_70' title="bbox 1954 2691 3519 2773">
    <p class='ocr_par' dir='ltr' id='par_1_70' title="bbox 1954 2691 3519 2773">
     <span class='ocr_line' id='line_1_70' title="bbox 1954 2691 3519 2773; baseline -0.008 -15"><span class='ocrx_word' id='word_1_521' title='bbox 1954 2713 2009 2759; x_wconf 91' lang='lat' dir='ltr'><strong><em>et</em></strong></span> <span class='ocrx_word' id='word_1_522' title='bbox 2040 2717 2269 2773; x_wconf 83' lang='lat' dir='ltr'><strong><em>magnus</em></strong></span> <span class='ocrx_word' id='word_1_523' title='bbox 2295 2700 2718 2771; x_wconf 62' lang='lat' dir='ltr'><strong><em>praeclarusque,</em></strong></span> <span class='ocrx_word' id='word_1_524' title='bbox 2746 2694 2888 2766; x_wconf 89' lang='lat' dir='ltr'><strong><em>apud</em></strong></span> <span class='ocrx_word' id='word_1_525' title='bbox 2924 2693 3124 2747; x_wconf 88' lang='lat' dir='ltr'><strong><em>multas</em></strong></span> <span class='ocrx_word' id='word_1_526' title='bbox 3160 2699 3347 2764; x_wconf 87' lang='lat' dir='ltr'><strong><em>gentes</em></strong></span> <span class='ocrx_word' id='word_1_527' title='bbox 3378 2691 3519 2746; x_wconf 88' lang='lat' dir='ltr'><strong><em>ﬁdu-</em></strong></span> 
     </span>
    </p>
   </div>
   <div class='ocr_carea' id='block_1_71' title="bbox 1956 2793 3519 2868">
    <p class='ocr_par' dir='ltr' id='par_1_71' title="bbox 1956 2793 3519 2868">
     <span class='ocr_line' id='line_1_71' title="bbox 1956 2793 3519 2868; baseline -0.008 -15"><span class='ocrx_word' id='word_1_528' title='bbox 1956 2798 2040 2854; x_wconf 87' lang='lat' dir='ltr'><strong><em>cia</em></strong></span> <span class='ocrx_word' id='word_1_529' title='bbox 2070 2798 2263 2868; x_wconf 86' lang='lat' dir='ltr'><strong><em>plenus</em></strong></span> <span class='ocrx_word' id='word_1_530' title='bbox 2290 2811 2412 2851; x_wconf 89' lang='lat' dir='ltr'><strong><em>sum</em></strong></span> <span class='ocrx_word' id='word_1_531' title='bbox 2440 2814 2452 2848; x_wconf 94' lang='lat'><strong>:</strong></span> <span class='ocrx_word' id='word_1_532' title='bbox 2483 2795 2577 2851; x_wconf 88' lang='lat' dir='ltr'><strong><em>sed</em></strong></span> <span class='ocrx_word' id='word_1_533' title='bbox 2613 2809 2721 2848; x_wconf 87' lang='lat' dir='ltr'><strong><em>non</em></strong></span> <span class='ocrx_word' id='word_1_534' title='bbox 2765 2793 2985 2864; x_wconf 81' lang='lat' dir='ltr'><strong><em>prepria</em></strong></span> <span class='ocrx_word' id='word_1_535' title='bbox 3023 2806 3143 2845; x_wconf 88' lang='lat' dir='ltr'><strong><em>mea</em></strong></span> <span class='ocrx_word' id='word_1_536' title='bbox 3174 2794 3373 2845; x_wconf 86' lang='lat' dir='ltr'><strong><em>virtute</em></strong></span> <span class='ocrx_word' id='word_1_537' title='bbox 3399 2798 3519 2842; x_wconf 48' lang='lat' dir='ltr'><strong><em>tan.</em></strong></span> 
     </span>
    </p>
   </div>
   <div class='ocr_carea' id='block_1_72' title="bbox 1956 2882 3519 2957">
    <p class='ocr_par' dir='ltr' id='par_1_72' title="bbox 1956 2882 3519 2957">
     <span class='ocr_line' id='line_1_72' title="bbox 1956 2882 3519 2957; baseline -0.006 -14"><span class='ocrx_word' id='word_1_538' title='bbox 1956 2898 2070 2944; x_wconf 90' lang='lat' dir='ltr'><strong><em>tum</em></strong></span> <span class='ocrx_word' id='word_1_539' title='bbox 2108 2889 2239 2943; x_wconf 89' lang='lat' dir='ltr'><strong><em>boni</em></strong></span> <span class='ocrx_word' id='word_1_540' title='bbox 2283 2888 2508 2957; x_wconf 86' lang='lat' dir='ltr'><strong><em>adeptus</em></strong></span> <span class='ocrx_word' id='word_1_541' title='bbox 2542 2902 2686 2941; x_wconf 90' lang='lat' dir='ltr'><strong><em>sum.</em></strong></span> <span class='ocrx_word' id='word_1_542' title='bbox 2722 2885 2801 2940; x_wconf 90' lang='lat' dir='ltr'><strong><em>Tu</em></strong></span> <span class='ocrx_word' id='word_1_543' title='bbox 2843 2885 2987 2939; x_wconf 89' lang='lat' dir='ltr'><strong><em>enim</em></strong></span> <span class='ocrx_word' id='word_1_544' title='bbox 3016 2900 3141 2939; x_wconf 88' lang='lat' dir='ltr'><strong><em>eras</em></strong></span> <span class='ocrx_word' id='word_1_545' title='bbox 3187 2882 3278 2952; x_wconf 88' lang='lat' dir='ltr'><strong><em>qui</em></strong></span> <span class='ocrx_word' id='word_1_546' title='bbox 3314 2897 3399 2936; x_wconf 88' lang='lat' dir='ltr'><strong><em>me</em></strong></span> <span class='ocrx_word' id='word_1_547' title='bbox 3422 2889 3519 2936; x_wconf 90' lang='lat' dir='ltr'><strong><em>tuo</em></strong></span> 
     </span>
    </p>
   </div>
   <div class='ocr_carea' id='block_1_73' title="bbox 1955 2973 3354 3048">
    <p class='ocr_par' dir='ltr' id='par_1_73' title="bbox 1955 2973 3354 3048">
     <span class='ocr_line' id='line_1_73' title="bbox 1955 2973 3354 3048; baseline -0.005 -12"><span class='ocrx_word' id='word_1_548' title='bbox 1955 2981 2157 3036; x_wconf 79' lang='lat' dir='ltr'><strong><em>auxilio</em></strong></span> <span class='ocrx_word' id='word_1_549' title='bbox 2186 2988 2240 3035; x_wconf 91' lang='lat' dir='ltr'><strong><em>et</em></strong></span> <span class='ocrx_word' id='word_1_550' title='bbox 2268 2978 2628 3034; x_wconf 79' lang='lat' dir='ltr'><strong><em>fortissimum</em></strong></span> <span class='ocrx_word' id='word_1_551' title='bbox 2651 2986 2704 3032; x_wconf 91' lang='lat' dir='ltr'><strong><em>et</em></strong></span> <span class='ocrx_word' id='word_1_552' title='bbox 2733 2992 3052 3048; x_wconf 88' lang='lat' dir='ltr'><strong><em>generosum</em></strong></span> <span class='ocrx_word' id='word_1_553' title='bbox 3088 2973 3354 3030; x_wconf 81' lang='lat' dir='ltr'><strong><em>eiliciebas</em></strong></span> 
     </span>
    </p>
   </div>
   <div class='ocr_carea' id='block_1_74' title="bbox 2026 3066 3519 3141">
    <p class='ocr_par' dir='ltr' id='par_1_74' title="bbox 2026 3066 3519 3141">
     <span class='ocr_line' id='line_1_74' title="bbox 2026 3066 3519 3141; baseline -0.005 -15"><span class='ocrx_word' id='word_1_554' title='bbox 2026 3070 2079 3126; x_wconf 86' lang='lat'><strong><em>8.</em></strong></span> <span class='ocrx_word' id='word_1_555' title='bbox 2132 3070 2414 3141; x_wconf 82' lang='lat' dir='ltr'><strong><em>Repteatur</em></strong></span> <span class='ocrx_word' id='word_1_556' title='bbox 2460 3087 2516 3125; x_wconf 84' lang='lat' dir='ltr'><strong><em>os</em></strong></span> <span class='ocrx_word' id='word_1_557' title='bbox 2564 3086 2737 3125; x_wconf 85' lang='lat' dir='ltr'><strong><em>meum</em></strong></span> <span class='ocrx_word' id='word_1_558' title='bbox 2779 3069 2935 3123; x_wconf 84' lang='lat' dir='ltr'><strong><em>laude</em></strong></span> <span class='ocrx_word' id='word_1_559' title='bbox 2972 3077 3029 3123; x_wconf 82' lang='lat' dir='ltr'><strong><em>ut</em></strong></span> <span class='ocrx_word' id='word_1_560' title='bbox 3060 3078 3262 3122; x_wconf 86' lang='lat' dir='ltr'><strong><em>cantem</em></strong></span> <span class='ocrx_word' id='word_1_561' title='bbox 3294 3066 3519 3137; x_wconf 81' lang='lat' dir='ltr'><strong><em>gloriam</em></strong></span> 
     </span>
    </p>
   </div>
   <div class='ocr_carea' id='block_1_75' title="bbox 1956 3156 3515 3227">
    <p class='ocr_par' dir='ltr' id='par_1_75' title="bbox 1956 3156 3515 3227">
     <span class='ocr_line' id='line_1_75' title="bbox 1956 3156 3515 3227; baseline -0.006 -12"><span class='ocrx_word' id='word_1_562' title='bbox 1956 3172 2121 3215; x_wconf 84' lang='lat' dir='ltr'><strong><em>tuam.</em></strong></span> <span class='ocrx_word' id='word_1_563' title='bbox 2173 3160 2443 3227; x_wconf 84' lang='lat' dir='ltr'><strong><em>Quoniam</em></strong></span> <span class='ocrx_word' id='word_1_564' title='bbox 2491 3160 2659 3215; x_wconf 87' lang='lat' dir='ltr'><strong><em>tantis</em></strong></span> <span class='ocrx_word' id='word_1_565' title='bbox 2702 3157 2977 3213; x_wconf 88' lang='lat' dir='ltr'><strong><em>beneﬁciis</em></strong></span> <span class='ocrx_word' id='word_1_566' title='bbox 3037 3156 3302 3222; x_wconf 79' lang='lat' dir='ltr'><strong><em>affectus,</em></strong></span> <span class='ocrx_word' id='word_1_567' title='bbox 3349 3157 3515 3209; x_wconf 84' lang='lat' dir='ltr'><strong><em>homo</em></strong></span> 
     </span>
    </p>
   </div>
   <div class='ocr_carea' id='block_1_76' title="bbox 1956 3249 3518 3322">
    <p class='ocr_par' dir='ltr' id='par_1_76' title="bbox 1956 3249 3518 3322">
     <span class='ocr_line' id='line_1_76' title="bbox 1956 3249 3518 3322; baseline -0.006 -13"><span class='ocrx_word' id='word_1_568' title='bbox 1956 3269 2079 3309; x_wconf 91' lang='lat' dir='ltr'><strong><em>cum</em></strong></span> <span class='ocrx_word' id='word_1_569' title='bbox 2102 3253 2227 3321; x_wconf 88' lang='lat' dir='ltr'><strong><em>sim,</em></strong></span> <span class='ocrx_word' id='word_1_570' title='bbox 2267 3268 2375 3307; x_wconf 88' lang='lat' dir='ltr'><strong><em>non</em></strong></span> <span class='ocrx_word' id='word_1_571' title='bbox 2418 3267 2639 3322; x_wconf 86' lang='lat' dir='ltr'><strong><em>possum</em></strong></span> <span class='ocrx_word' id='word_1_572' title='bbox 2674 3251 2871 3322; x_wconf 84' lang='lat' dir='ltr'><strong><em>dignas</em></strong></span> <span class='ocrx_word' id='word_1_573' title='bbox 2898 3249 3285 3305; x_wconf 87' lang='lat' dir='ltr'><strong><em>retributiones</em></strong></span> <span class='ocrx_word' id='word_1_574' title='bbox 3323 3262 3518 3316; x_wconf 85' lang='lat' dir='ltr'><strong><em>repen-</em></strong></span> 
     </span>
    </p>
   </div>
   <div class='ocr_carea' id='block_1_77' title="bbox 1953 3335 3517 3412">
    <p class='ocr_par' dir='ltr' id='par_1_77' title="bbox 1953 3335 3517 3412">
     <span class='ocr_line' id='line_1_77' title="bbox 1953 3335 3517 3412; baseline -0.006 -14"><span class='ocrx_word' id='word_1_575' title='bbox 1953 3343 2079 3399; x_wconf 88' lang='lat' dir='ltr'><strong><em>dere</em></strong></span> <span class='ocrx_word' id='word_1_576' title='bbox 2112 3360 2128 3411; x_wconf 90' lang='lat'><strong>;</strong></span> <span class='ocrx_word' id='word_1_577' title='bbox 2172 3343 2293 3398; x_wconf 89' lang='lat' dir='ltr'><strong><em>ideo</em></strong></span> <span class='ocrx_word' id='word_1_578' title='bbox 2316 3358 2383 3398; x_wconf 83' lang='lat' dir='ltr'><strong><em>ex</em></strong></span> <span class='ocrx_word' id='word_1_579' title='bbox 2419 3351 2507 3397; x_wconf 86' lang='lat' dir='ltr'><strong><em>tua</em></strong></span> <span class='ocrx_word' id='word_1_580' title='bbox 2544 3341 2812 3412; x_wconf 88' lang='lat' dir='ltr'><strong><em>sapientia</em></strong></span> <span class='ocrx_word' id='word_1_581' title='bbox 2853 3353 2986 3410; x_wconf 82' lang='lat' dir='ltr'><strong><em>rogo</em></strong></span> <span class='ocrx_word' id='word_1_582' title='bbox 3034 3353 3097 3393; x_wconf 91' lang='lat' dir='ltr'><strong><em>os</em></strong></span> <span class='ocrx_word' id='word_1_583' title='bbox 3135 3352 3315 3392; x_wconf 90' lang='lat' dir='ltr'><strong><em>meum</em></strong></span> <span class='ocrx_word' id='word_1_584' title='bbox 3361 3335 3517 3390; x_wconf 85' lang='lat' dir='ltr'><strong><em>laude</em></strong></span> 
     </span>
    </p>
   </div>
   <div class='ocr_carea' id='block_1_78' title="bbox 1951 3428 3514 3504">
    <p class='ocr_par' dir='ltr' id='par_1_78' title="bbox 1951 3428 3514 3504">
     <span class='ocr_line' id='line_1_78' title="bbox 1951 3428 3514 3504; baseline -0.006 -16"><span class='ocrx_word' id='word_1_585' title='bbox 1951 3433 2172 3504; x_wconf 84' lang='lat' dir='ltr'><strong><em>repleri,</em></strong></span> <span class='ocrx_word' id='word_1_586' title='bbox 2193 3443 2353 3504; x_wconf 87' lang='lat' dir='ltr'><strong><em>atque</em></strong></span> <span class='ocrx_word' id='word_1_587' title='bbox 2372 3434 2446 3487; x_wconf 90' lang='lat' dir='ltr'><strong><em>ita</em></strong></span> <span class='ocrx_word' id='word_1_588' title='bbox 2470 3432 2559 3487; x_wconf 70' lang='lat' dir='ltr'><strong><em>vix</em></strong></span> <span class='ocrx_word' id='word_1_589' title='bbox 2581 3440 2768 3502; x_wconf 87' lang='lat' dir='ltr'><strong><em>potero</em></strong></span> <span class='ocrx_word' id='word_1_590' title='bbox 2791 3430 3016 3500; x_wconf 81' lang='lat' dir='ltr'><strong><em>gloriam</em></strong></span> <span class='ocrx_word' id='word_1_591' title='bbox 3044 3428 3317 3483; x_wconf 84' lang='lat' dir='ltr'><strong><em>celebrare</em></strong></span> <span class='ocrx_word' id='word_1_592' title='bbox 3344 3436 3514 3481; x_wconf 87' lang='lat' dir='ltr'><strong><em>tuam.</em></strong></span> 
     </span>
    </p>
   </div>
   <div class='ocr_carea' id='block_1_79' title="bbox 1957 3523 3513 3598">
    <p class='ocr_par' dir='ltr' id='par_1_79' title="bbox 1957 3523 3513 3598">
     <span class='ocr_line' id='line_1_79' title="bbox 1957 3523 3513 3598; baseline -0.003 -16"><span class='ocrx_word' id='word_1_593' title='bbox 1957 3527 2088 3582; x_wconf 89' lang='lat' dir='ltr'><strong><em>Tota</em></strong></span> <span class='ocrx_word' id='word_1_594' title='bbox 2119 3529 2202 3581; x_wconf 91' lang='lat' dir='ltr'><strong><em>die</em></strong></span> <span class='ocrx_word' id='word_1_595' title='bbox 2225 3527 2672 3598; x_wconf 86' lang='lat' dir='ltr'><strong><em>magniﬁcentiam</em></strong></span> <span class='ocrx_word' id='word_1_596' title='bbox 2716 3535 2881 3580; x_wconf 84' lang='lat' dir='ltr'><strong><em>tuam.</em></strong></span> <span class='ocrx_word' id='word_1_597' title='bbox 2912 3523 3227 3595; x_wconf 86' lang='lat' dir='ltr'><strong><em>Postquam,</em></strong></span> <span class='ocrx_word' id='word_1_598' title='bbox 3263 3536 3356 3577; x_wconf 89' lang='lat' dir='ltr'><strong><em>ore</em></strong></span> <span class='ocrx_word' id='word_1_599' title='bbox 3390 3537 3513 3577; x_wconf 89' lang='lat' dir='ltr'><strong><em>meo</em></strong></span> 
     </span>
    </p>
   </div>
   <div class='ocr_carea' id='block_1_80' title="bbox 1953 3618 3512 3690">
    <p class='ocr_par' dir='ltr' id='par_1_80' title="bbox 1953 3618 3512 3690">
     <span class='ocr_line' id='line_1_80' title="bbox 1953 3618 3512 3690; baseline -0.004 -16"><span class='ocrx_word' id='word_1_600' title='bbox 1953 3618 2114 3675; x_wconf 90' lang='lat' dir='ltr'><strong><em>laude</em></strong></span> <span class='ocrx_word' id='word_1_601' title='bbox 2156 3620 2381 3690; x_wconf 85' lang='lat' dir='ltr'><strong><em>repleto,</em></strong></span> <span class='ocrx_word' id='word_1_602' title='bbox 2429 3628 2580 3674; x_wconf 89' lang='lat' dir='ltr'><strong><em>tuam</em></strong></span> <span class='ocrx_word' id='word_1_603' title='bbox 2633 3618 2909 3674; x_wconf 85' lang='lat' dir='ltr'><strong><em>celebrare</em></strong></span> <span class='ocrx_word' id='word_1_604' title='bbox 2948 3618 3174 3688; x_wconf 88' lang='lat' dir='ltr'><strong><em>gloriam</em></strong></span> <span class='ocrx_word' id='word_1_605' title='bbox 3221 3618 3512 3684; x_wconf 71' lang='lat' dir='ltr'><strong><em>incmpero,</em></strong></span> 
     </span>
    </p>
   </div>
   <div class='ocr_carea' id='block_1_81' title="bbox 1956 3706 3513 3781">
    <p class='ocr_par' dir='ltr' id='par_1_81' title="bbox 1956 3706 3513 3781">
     <span class='ocr_line' id='line_1_81' title="bbox 1956 3706 3513 3781; baseline -0.005 -14"><span class='ocrx_word' id='word_1_606' title='bbox 1956 3721 2065 3767; x_wconf 89' lang='lat' dir='ltr'><strong><em>tota</em></strong></span> <span class='ocrx_word' id='word_1_607' title='bbox 2093 3712 2180 3766; x_wconf 90' lang='lat' dir='ltr'><strong><em>die</em></strong></span> <span class='ocrx_word' id='word_1_608' title='bbox 2221 3710 2679 3781; x_wconf 86' lang='lat' dir='ltr'><strong><em>magniﬁcentiam</em></strong></span> <span class='ocrx_word' id='word_1_609' title='bbox 2720 3723 2938 3779; x_wconf 88' lang='lat' dir='ltr'><strong><em>quoque</em></strong></span> <span class='ocrx_word' id='word_1_610' title='bbox 2970 3716 3119 3761; x_wconf 88' lang='lat' dir='ltr'><strong><em>tuam</em></strong></span> <span class='ocrx_word' id='word_1_611' title='bbox 3167 3706 3467 3761; x_wconf 86' lang='lat' dir='ltr'><strong><em>decantabo</em></strong></span> <span class='ocrx_word' id='word_1_612' title='bbox 3500 3722 3513 3734; x_wconf 73' lang='grc' dir='ltr'><strong>ο</strong></span> 
     </span>
    </p>
   </div>
   <div class='ocr_carea' id='block_1_82' title="bbox 1954 3799 3515 3875">
    <p class='ocr_par' dir='ltr' id='par_1_82' title="bbox 1954 3799 3515 3875">
     <span class='ocr_line' id='line_1_82' title="bbox 1954 3799 3515 3875; baseline -0.004 -18"><span class='ocrx_word' id='word_1_613' title='bbox 1954 3805 2179 3875; x_wconf 84' lang='lat' dir='ltr'><strong><em>gloriam</em></strong></span> <span class='ocrx_word' id='word_1_614' title='bbox 2205 3814 2384 3859; x_wconf 90' lang='lat' dir='ltr'><strong><em>autem</em></strong></span> <span class='ocrx_word' id='word_1_615' title='bbox 2414 3815 2590 3868; x_wconf 88' lang='lat' dir='ltr'><strong><em>vocat,</em></strong></span> <span class='ocrx_word' id='word_1_616' title='bbox 2622 3802 2978 3858; x_wconf 71' lang='lat' dir='ltr'><strong><em>meonomiam</em></strong></span> <span class='ocrx_word' id='word_1_617' title='bbox 3006 3816 3169 3870; x_wconf 88' lang='lat' dir='ltr'><strong><em>quam</em></strong></span> <span class='ocrx_word' id='word_1_618' title='bbox 3196 3799 3442 3853; x_wconf 82' lang='lat' dir='ltr'><strong><em>exhibuit</em></strong></span> <span class='ocrx_word' id='word_1_619' title='bbox 3461 3799 3515 3851; x_wconf 91' lang='lat' dir='ltr'><strong><em>in</em></strong></span> 
     </span>
    </p>
   </div>
   <div class='ocr_carea' id='block_1_83' title="bbox 1958 3888 3516 3965">
    <p class='ocr_par' dir='ltr' id='par_1_83' title="bbox 1958 3888 3516 3965">
     <span class='ocr_line' id='line_1_83' title="bbox 1958 3888 3516 3965; baseline -0.006 -16"><span class='ocrx_word' id='word_1_620' title='bbox 1958 3904 2119 3958; x_wconf 83' lang='lat' dir='ltr'><strong><em>terra,</em></strong></span> <span class='ocrx_word' id='word_1_621' title='bbox 2165 3910 2271 3965; x_wconf 91' lang='lat' dir='ltr'><strong><em>qua</em></strong></span> <span class='ocrx_word' id='word_1_622' title='bbox 2323 3902 2522 3948; x_wconf 89' lang='lat' dir='ltr'><strong><em>terram</em></strong></span> <span class='ocrx_word' id='word_1_623' title='bbox 2567 3892 2736 3962; x_wconf 81' lang='lat' dir='ltr'><strong><em>gloria</em></strong></span> <span class='ocrx_word' id='word_1_624' title='bbox 2765 3908 2862 3947; x_wconf 90' lang='lat' dir='ltr'><strong><em>sua</em></strong></span> <span class='ocrx_word' id='word_1_625' title='bbox 2899 3891 3139 3961; x_wconf 85' lang='lat' dir='ltr'><strong><em>replevit.</em></strong></span> <span class='ocrx_word' id='word_1_626' title='bbox 3176 3888 3516 3959; x_wconf 77' lang='lat' dir='ltr'><strong><em>Magniﬁcen-</em></strong></span> 
     </span>
    </p>
   </div>
   <div class='ocr_carea' id='block_1_84' title="bbox 1955 3965 3514 4053">
    <p class='ocr_par' dir='ltr' id='par_1_84' title="bbox 1955 3965 3514 4053">
     <span class='ocr_line' id='line_1_84' title="bbox 1955 3965 3514 4053; baseline -0.004 -12"><span class='ocrx_word' id='word_1_627' title='bbox 1955 3987 2086 4042; x_wconf 81' lang='lat' dir='ltr'><strong><em>tlam</em></strong></span> <span class='ocrx_word' id='word_1_628' title='bbox 2127 3997 2309 4041; x_wconf 87' lang='lat' dir='ltr'><strong><em>autem</em></strong></span> <span class='ocrx_word' id='word_1_629' title='bbox 2345 3996 2504 4041; x_wconf 84' lang='lat' dir='ltr'><strong><em>vocat</em></strong></span> <span class='ocrx_word' id='word_1_630' title='bbox 2546 3985 2821 4050; x_wconf 84' lang='lat' dir='ltr'><strong><em>deitatem,</em></strong></span> <span class='ocrx_word' id='word_1_631' title='bbox 2857 3998 2953 4053; x_wconf 91' lang='lat' dir='ltr'><strong><em>per</em></strong></span> <span class='ocrx_word' id='word_1_632' title='bbox 2992 3997 3157 4053; x_wconf 91' lang='lat' dir='ltr'><strong><em>quam</em></strong></span> <span class='ocrx_word' id='word_1_633' title='bbox 3200 3965 3382 4036; x_wconf 72' lang='lat' dir='ltr'><strong><em>omnia</em></strong></span> <span class='ocrx_word' id='word_1_634' title='bbox 3423 3981 3514 4035; x_wconf 82' lang='lat' dir='ltr'><strong><em>illa</em></strong></span> 
     </span>
    </p>
   </div>
   <div class='ocr_carea' id='block_1_85' title="bbox 1955 4077 2552 4133">
    <p class='ocr_par' dir='ltr' id='par_1_85' title="bbox 1955 4077 2552 4133">
     <span class='ocr_line' id='line_1_85' title="bbox 1955 4077 2552 4133; baseline -0.003 0"><span class='ocrx_word' id='word_1_635' title='bbox 1955 4078 2122 4133; x_wconf 82' lang='lat' dir='ltr'><strong><em>variis</em></strong></span> <span class='ocrx_word' id='word_1_636' title='bbox 2149 4077 2327 4133; x_wconf 86' lang='lat' dir='ltr'><strong><em>modis</em></strong></span> <span class='ocrx_word' id='word_1_637' title='bbox 2358 4077 2552 4133; x_wconf 76' lang='lat' dir='ltr'><strong><em>eﬁecit.</em></strong></span> 
     </span>
    </p>
   </div>
   <div class='ocr_carea' id='block_1_86' title="bbox 2029 4329 3514 4411">
    <p class='ocr_par' dir='ltr' id='par_1_86' title="bbox 2029 4329 3514 4411">
     <span class='ocr_line' id='line_1_86' title="bbox 2029 4329 3514 4411; baseline -0.004 -20"><span class='ocrx_word' id='word_1_638' title='bbox 2029 4336 2348 4411; x_wconf 81' lang='lat' dir='ltr'><strong><em>[Repleatur</em></strong></span> <span class='ocrx_word' id='word_1_639' title='bbox 2397 4350 2454 4389; x_wconf 84' lang='lat' dir='ltr'><strong><em>os</em></strong></span> <span class='ocrx_word' id='word_1_640' title='bbox 2507 4348 2679 4388; x_wconf 88' lang='lat' dir='ltr'><strong><em>meum</em></strong></span> <span class='ocrx_word' id='word_1_641' title='bbox 2727 4329 2898 4386; x_wconf 83' lang='lat' dir='ltr'><strong><em>laude.</em></strong></span> <span class='ocrx_word' id='word_1_642' title='bbox 2954 4329 3253 4387; x_wconf 85' lang='lat' dir='ltr'><strong><em>Possumus</em></strong></span> <span class='ocrx_word' id='word_1_643' title='bbox 3298 4329 3514 4401; x_wconf 88' lang='lat' dir='ltr'><strong><em>quidem</em></strong></span> 
     </span>
    </p>
   </div>
   <div class='ocr_carea' id='block_1_87' title="bbox 1957 4423 3519 4499">
    <p class='ocr_par' dir='ltr' id='par_1_87' title="bbox 1957 4423 3519 4499">
     <span class='ocr_line' id='line_1_87' title="bbox 1957 4423 3519 4499; baseline -0.006 -13"><span class='ocrx_word' id='word_1_644' title='bbox 1957 4433 2181 4486; x_wconf 86' lang='lat' dir='ltr'><strong><em>laudare</em></strong></span> <span class='ocrx_word' id='word_1_645' title='bbox 2213 4443 2425 4499; x_wconf 85' lang='lat' dir='ltr'><strong><em>semper</em></strong></span> <span class='ocrx_word' id='word_1_646' title='bbox 2460 4426 2650 4489; x_wconf 88' lang='lat' dir='ltr'><strong><em>Deum,</em></strong></span> <span class='ocrx_word' id='word_1_647' title='bbox 2690 4438 2904 4494; x_wconf 87' lang='lat' dir='ltr'><strong><em>semper</em></strong></span> <span class='ocrx_word' id='word_1_648' title='bbox 2933 4423 3270 4489; x_wconf 88' lang='lat' dir='ltr'><strong><em>benedicere,</em></strong></span> <span class='ocrx_word' id='word_1_649' title='bbox 3307 4437 3519 4492; x_wconf 90' lang='lat' dir='ltr'><strong><em>semper</em></strong></span> 
     </span>
    </p>
   </div>
   <div class='ocr_carea' id='block_1_88' title="bbox 287 4515 1855 4595">
    <p class='ocr_par' dir='ltr' id='par_1_88' title="bbox 287 4520 1855 4594">
     <span class='ocr_line' id='line_1_88' title="bbox 287 4520 1855 4594; baseline 0.001 -20"><span class='ocrx_word' id='word_1_650' title='bbox 287 4524 418 4587; x_wconf 85' lang='grc' dir='ltr'><strong><em>γείν,</em></strong></span> <span class='ocrx_word' id='word_1_651' title='bbox 451 4521 549 4574; x_wconf 76' lang='grc' dir='ltr'>καὶ</span> <span class='ocrx_word' id='word_1_652' title='bbox 576 4520 865 4584; x_wconf 78' lang='grc' dir='ltr'>δία-παντὸς</span> <span class='ocrx_word' id='word_1_653' title='bbox 895 4524 1189 4594; x_wconf 74' lang='grc' dir='ltr'>σωφρονεῖν</span> <span class='ocrx_word' id='word_1_654' title='bbox 1209 4539 1222 4553; x_wconf 90' lang='grc'><strong>·</strong></span> <span class='ocrx_word' id='word_1_655' title='bbox 1261 4522 1378 4587; x_wconf 83' lang='grc' dir='ltr'><strong><em>πῶς</em></strong></span> <span class='ocrx_word' id='word_1_656' title='bbox 1409 4524 1465 4576; x_wconf 77' lang='grc' dir='ltr'>δὲ</span> <span class='ocrx_word' id='word_1_657' title='bbox 1495 4523 1715 4580; x_wconf 82' lang='grc' dir='ltr'>δυνατὸν</span> <span class='ocrx_word' id='word_1_658' title='bbox 1741 4524 1855 4576; x_wconf 91' lang='grc' dir='ltr'>δια-</span> 
     </span>
    </p>
   </div>
   <div class='ocr_carea' id='block_1_89' title="bbox 1960 4515 3519 4595">
    <p class='ocr_par' dir='ltr' id='par_1_89' title="bbox 1963 4515 3519 4592">
     <span class='ocr_line' id='line_1_89' title="bbox 1963 4515 3519 4592; baseline -0.006 -14"><span class='ocrx_word' id='word_1_659' title='bbox 1963 4529 2324 4592; x_wconf 86' lang='lat' dir='ltr'><strong><em>temperanter</em></strong></span> <span class='ocrx_word' id='word_1_660' title='bbox 2356 4535 2454 4575; x_wconf 89' lang='lat' dir='ltr'><strong><em>nos</em></strong></span> <span class='ocrx_word' id='word_1_661' title='bbox 2502 4535 2688 4591; x_wconf 86' lang='lat' dir='ltr'><strong><em>gerere</em></strong></span> <span class='ocrx_word' id='word_1_662' title='bbox 2725 4537 2739 4573; x_wconf 87' lang='lat'><strong>:</strong></span> <span class='ocrx_word' id='word_1_663' title='bbox 2767 4527 2823 4573; x_wconf 88' lang='lat' dir='ltr'><strong><em>at</em></strong></span> <span class='ocrx_word' id='word_1_664' title='bbox 2852 4515 2946 4586; x_wconf 91' lang='lat' dir='ltr'><strong><em>qui</em></strong></span> <span class='ocrx_word' id='word_1_665' title='bbox 2975 4515 3229 4587; x_wconf 89' lang='lat' dir='ltr'><strong><em>possibile</em></strong></span> <span class='ocrx_word' id='word_1_666' title='bbox 3259 4526 3341 4570; x_wconf 85' lang='lat' dir='ltr'><strong><em>est</em></strong></span> <span class='ocrx_word' id='word_1_667' title='bbox 3377 4530 3519 4569; x_wconf 83' lang='lat' dir='ltr'><strong><em>sem-</em></strong></span> 
     </span>
    </p>
   </div>
   <div class='ocr_carea' id='block_1_90' title="bbox 289 4608 1853 4682">
    <p class='ocr_par' dir='ltr' id='par_1_90' title="bbox 289 4608 1853 4682">
     <span class='ocr_line' id='line_1_90' title="bbox 289 4608 1853 4682; baseline 0.001 -19"><span class='ocrx_word' id='word_1_668' title='bbox 289 4611 487 4673; x_wconf 84' lang='grc' dir='ltr'>παντὸς</span> <span class='ocrx_word' id='word_1_669' title='bbox 530 4608 807 4674; x_wconf 57' lang='lat' dir='ltr'><strong><em>ﬂuitem;</em></strong></span> <span class='ocrx_word' id='word_1_670' title='bbox 855 4609 911 4663; x_wconf 88' lang='lat'><strong>&#39;0</strong></span> <span class='ocrx_word' id='word_1_671' title='bbox 952 4609 1059 4682; x_wconf 85' lang='grc' dir='ltr'>γὰρ</span> <span class='ocrx_word' id='word_1_672' title='bbox 1107 4609 1341 4676; x_wconf 76' lang='grc' dir='ltr'>ἐλπίζων</span> <span class='ocrx_word' id='word_1_673' title='bbox 1364 4611 1676 4677; x_wconf 86' lang='grc' dir='ltr'>διαπαντὸς,</span> <span class='ocrx_word' id='word_1_674' title='bbox 1700 4612 1853 4665; x_wconf 84' lang='grc' dir='ltr'>οὑδὲ-</span> 
     </span>
    </p>
   </div>
   <div class='ocr_carea' id='block_1_91' title="bbox 289 4697 1854 4772">
    <p class='ocr_par' dir='ltr' id='par_1_91' title="bbox 289 4697 1854 4772">
     <span class='ocr_line' id='line_1_91' title="bbox 289 4697 1854 4772; baseline 0.003 -18"><span class='ocrx_word' id='word_1_675' title='bbox 289 4717 413 4755; x_wconf 69' lang='lat' dir='ltr'><strong><em>me</em></strong></span> <span class='ocrx_word' id='word_1_676' title='bbox 457 4701 720 4771; x_wconf 86' lang='grc' dir='ltr'>τυγχάνει</span> <span class='ocrx_word' id='word_1_677' title='bbox 764 4698 856 4753; x_wconf 81' lang='grc' dir='ltr'>τοῦ</span> <span class='ocrx_word' id='word_1_678' title='bbox 898 4700 1219 4772; x_wconf 76' lang='grc' dir='ltr'>πράγματος</span> <span class='ocrx_word' id='word_1_679' title='bbox 1261 4703 1492 4766; x_wconf 79' lang='grc' dir='ltr'>ἐκείνου,</span> <span class='ocrx_word' id='word_1_680' title='bbox 1535 4697 1597 4758; x_wconf 78' lang='grc' dir='ltr'><strong><em>οὑ</em></strong></span> <span class='ocrx_word' id='word_1_681' title='bbox 1647 4703 1854 4768; x_wconf 80' lang='grc' dir='ltr'>ἐλπίζει</span> 
     </span>
    </p>
   </div>
   <div class='ocr_carea' id='block_1_92' title="bbox 287 4794 1851 4865">
    <p class='ocr_par' dir='ltr' id='par_1_92' title="bbox 287 4794 1851 4865">
     <span class='ocr_line' id='line_1_92' title="bbox 287 4794 1851 4865; baseline 0.003 -20"><span class='ocrx_word' id='word_1_682' title='bbox 287 4796 487 4864; x_wconf 84' lang='grc' dir='ltr'>τυχεῖν.</span> <span class='ocrx_word' id='word_1_683' title='bbox 515 4794 626 4847; x_wconf 81' lang='grc' dir='ltr'>Καὶ</span> <span class='ocrx_word' id='word_1_684' title='bbox 670 4796 701 4847; x_wconf 87' lang='grc' dir='ltr'><strong><em>ό</em></strong></span> <span class='ocrx_word' id='word_1_685' title='bbox 748 4794 845 4865; x_wconf 75' lang='grc' dir='ltr'><strong><em>μὲν</em></strong></span> <span class='ocrx_word' id='word_1_686' title='bbox 872 4796 986 4865; x_wconf 77' lang='grc' dir='ltr'>ἐρεῖ</span> <span class='ocrx_word' id='word_1_687' title='bbox 1007 4794 1089 4860; x_wconf 82' lang='grc' dir='ltr'><strong><em>τὸ,</em></strong></span> <span class='ocrx_word' id='word_1_688' title='bbox 1119 4794 1462 4863; x_wconf 81' lang='grc' dir='ltr'>διαπαντός,</span> <span class='ocrx_word' id='word_1_689' title='bbox 1493 4798 1554 4850; x_wconf 93' lang='grc' dir='ltr'><strong><em>οὑ</em></strong></span> <span class='ocrx_word' id='word_1_690' title='bbox 1583 4797 1723 4851; x_wconf 86' lang='grc' dir='ltr'>κατὰ</span> <span class='ocrx_word' id='word_1_691' title='bbox 1757 4796 1851 4850; x_wconf 83' lang='grc' dir='ltr'><strong><em>τοῦ</em></strong></span> 
     </span>
    </p>
   </div>
   <div class='ocr_carea' id='block_1_93' title="bbox 290 4884 1853 4958">
    <p class='ocr_par' dir='ltr' id='par_1_93' title="bbox 290 4884 1853 4958">
     <span class='ocr_line' id='line_1_93' title="bbox 290 4884 1853 4958; baseline 0.003 -21"><span class='ocrx_word' id='word_1_692' title='bbox 290 4884 522 4948; x_wconf 82' lang='grc' dir='ltr'>πλάτους</span> <span class='ocrx_word' id='word_1_693' title='bbox 551 4885 661 4938; x_wconf 82' lang='grc' dir='ltr'><strong><em>τῶν</em></strong></span> <span class='ocrx_word' id='word_1_694' title='bbox 694 4884 902 4945; x_wconf 80' lang='grc' dir='ltr'>αἰώνων</span> <span class='ocrx_word' id='word_1_695' title='bbox 931 4884 1221 4949; x_wconf 79' lang='grc' dir='ltr'>τεθεῖσθαι,</span> <span class='ocrx_word' id='word_1_696' title='bbox 1244 4886 1380 4940; x_wconf 85' lang='grc' dir='ltr'>ἀλλὰ</span> <span class='ocrx_word' id='word_1_697' title='bbox 1412 4887 1552 4942; x_wconf 86' lang='grc' dir='ltr'>κατὰ</span> <span class='ocrx_word' id='word_1_698' title='bbox 1579 4888 1680 4958; x_wconf 87' lang='grc' dir='ltr'><strong><em>τῆς</em></strong></span> <span class='ocrx_word' id='word_1_699' title='bbox 1707 4887 1853 4958; x_wconf 83' lang='grc' dir='ltr'>ζωῆς</span> 
     </span>
    </p>
   </div>
   <div class='ocr_carea' id='block_1_94' title="bbox 288 4968 1853 5046">
    <p class='ocr_par' dir='ltr' id='par_1_94' title="bbox 288 4968 1853 5046">
     <span class='ocr_line' id='line_1_94' title="bbox 288 4968 1853 5046; baseline 0.003 -19"><span class='ocrx_word' id='word_1_700' title='bbox 288 4975 380 5044; x_wconf 82' lang='grc' dir='ltr'><strong><em>τῆς</em></strong></span> <span class='ocrx_word' id='word_1_701' title='bbox 406 4974 677 5046; x_wconf 84' lang='grc' dir='ltr'>αἰσθητῆς</span> <span class='ocrx_word' id='word_1_702' title='bbox 699 4992 714 5006; x_wconf 74' lang='grc' dir='ltr'><strong><em>ο</em></strong></span> <span class='ocrx_word' id='word_1_703' title='bbox 747 4974 930 5045; x_wconf 63' lang='grc' dir='ltr'>ἕτερος</span> <span class='ocrx_word' id='word_1_704' title='bbox 960 4975 1017 5028; x_wconf 83' lang='grc' dir='ltr'>δὲ</span> <span class='ocrx_word' id='word_1_705' title='bbox 1050 4976 1142 5029; x_wconf 74' lang='grc' dir='ltr'><strong><em>καὶ</em></strong></span> <span class='ocrx_word' id='word_1_706' title='bbox 1167 4976 1308 5030; x_wconf 85' lang='grc' dir='ltr'>κατὰ</span> <span class='ocrx_word' id='word_1_707' title='bbox 1348 4976 1440 5030; x_wconf 80' lang='grc' dir='ltr'>τοῦ</span> <span class='ocrx_word' id='word_1_708' title='bbox 1485 4977 1718 5041; x_wconf 87' lang='grc' dir='ltr'>πλάτους</span> <span class='ocrx_word' id='word_1_709' title='bbox 1744 4968 1853 5031; x_wconf 84' lang='grc' dir='ltr'><strong><em>τῶν</em></strong></span> 
     </span>
    </p>
   </div>
   <div class='ocr_carea' id='block_1_95' title="bbox 290 5066 1856 5145">
    <p class='ocr_par' dir='ltr' id='par_1_95' title="bbox 290 5066 1856 5145">
     <span class='ocr_line' id='line_1_95' title="bbox 290 5066 1856 5145; baseline 0.004 -26"><span class='ocrx_word' id='word_1_710' title='bbox 290 5068 493 5123; x_wconf 84' lang='grc' dir='ltr'>αἰώνων</span> <span class='ocrx_word' id='word_1_711' title='bbox 521 5068 588 5123; x_wconf 78' lang='grc' dir='ltr'><strong><em>τὸ</em></strong></span> <span class='ocrx_word' id='word_1_712' title='bbox 622 5068 912 5132; x_wconf 86' lang='grc' dir='ltr'>διαπαντὸς</span> <span class='ocrx_word' id='word_1_713' title='bbox 938 5068 1248 5139; x_wconf 78' lang='grc' dir='ltr'>ὲκλήψεται,</span> <span class='ocrx_word' id='word_1_714' title='bbox 1275 5069 1361 5123; x_wconf 82' lang='grc' dir='ltr'>ἵνα</span> <span class='ocrx_word' id='word_1_715' title='bbox 1452 5071 1513 5124; x_wconf 84' lang='grc' dir='ltr'><strong><em>τὸ</em></strong></span> <span class='ocrx_word' id='word_1_716' title='bbox 1542 5071 1713 5143; x_wconf 87' lang='grc' dir='ltr'>πέρας</span> <span class='ocrx_word' id='word_1_717' title='bbox 1756 5072 1856 5142; x_wconf 81' lang='grc' dir='ltr'><strong><em>τῆς</em></strong></span> 
     </span>
    </p>
   </div>
   <div class='ocr_carea' id='block_1_96' title="bbox 290 5158 1401 5233">
    <p class='ocr_par' dir='ltr' id='par_1_96' title="bbox 290 5158 1401 5233">
     <span class='ocr_line' id='line_1_96' title="bbox 290 5158 1401 5233; baseline 0.003 -22"><span class='ocrx_word' id='word_1_718' title='bbox 290 5159 496 5223; x_wconf 73' lang='grc' dir='ltr'>ἐλπίδος</span> <span class='ocrx_word' id='word_1_719' title='bbox 524 5161 559 5230; x_wconf 76' lang='grc' dir='ltr'><strong>ἡ</strong></span> <span class='ocrx_word' id='word_1_720' title='bbox 584 5158 787 5228; x_wconf 78' lang='grc' dir='ltr'>γνῶσις</span> <span class='ocrx_word' id='word_1_721' title='bbox 811 5159 910 5230; x_wconf 84' lang='grc' dir='ltr'><strong><em>τῆς</em></strong></span> <span class='ocrx_word' id='word_1_722' title='bbox 936 5160 1096 5228; x_wconf 76' lang='grc' dir='ltr'>ἁγίας</span> <span class='ocrx_word' id='word_1_723' title='bbox 1122 5160 1401 5233; x_wconf 86' lang='grc' dir='ltr'>Τριάδος.]</span> 
     </span>
    </p>
   </div>
   <div class='ocr_carea' id='block_1_97' title="bbox 354 5252 1856 5326">
    <p class='ocr_par' dir='ltr' id='par_1_97' title="bbox 354 5252 1856 5326">
     <span class='ocr_line' id='line_1_97' title="bbox 354 5252 1856 5326; baseline 0 -18"><span class='ocrx_word' id='word_1_724' title='bbox 354 5252 447 5323; x_wconf 74' lang='grc' dir='ltr'><strong><em>Μὴ</em></strong></span> <span class='ocrx_word' id='word_1_725' title='bbox 474 5254 823 5322; x_wconf 73' lang='grc' dir='ltr'>ἀπορῤίψῃς</span> <span class='ocrx_word' id='word_1_726' title='bbox 856 5270 933 5322; x_wconf 76' lang='grc' dir='ltr'><strong><em>με</em></strong></span> <span class='ocrx_word' id='word_1_727' title='bbox 972 5257 1058 5321; x_wconf 84' lang='grc' dir='ltr'><strong><em>είς</em></strong></span> <span class='ocrx_word' id='word_1_728' title='bbox 1090 5254 1297 5321; x_wconf 78' lang='grc' dir='ltr'>καιρὸν</span> <span class='ocrx_word' id='word_1_729' title='bbox 1315 5253 1524 5324; x_wconf 75' lang='grc' dir='ltr'>γήρως.</span> <span class='ocrx_word' id='word_1_730' title='bbox 1557 5255 1738 5326; x_wconf 86' lang='grc' dir='ltr'>Γῆρας</span> <span class='ocrx_word' id='word_1_731' title='bbox 1770 5255 1856 5309; x_wconf 80' lang='grc' dir='ltr'><strong><em>ὲν-</em></strong></span> 
     </span>
    </p>
   </div>
   <div class='ocr_carea' id='block_1_98' title="bbox 293 5336 1849 5418">
    <p class='ocr_par' dir='ltr' id='par_1_98' title="bbox 293 5336 1849 5418">
     <span class='ocr_line' id='line_1_98' title="bbox 293 5336 1849 5418; baseline 0.005 -23"><span class='ocrx_word' id='word_1_732' title='bbox 293 5343 454 5400; x_wconf 78' lang='grc' dir='ltr'>ταῦθα</span> <span class='ocrx_word' id='word_1_733' title='bbox 473 5347 575 5418; x_wconf 83' lang='grc' dir='ltr'>τὴν</span> <span class='ocrx_word' id='word_1_734' title='bbox 601 5344 885 5400; x_wconf 78' lang='grc' dir='ltr'>ἀσθένειάν</span> <span class='ocrx_word' id='word_1_735' title='bbox 908 5363 1059 5416; x_wconf 83' lang='grc' dir='ltr'>φησι.</span> <span class='ocrx_word' id='word_1_736' title='bbox 1087 5346 1249 5415; x_wconf 82' lang='grc' dir='ltr'>Λέγει</span> <span class='ocrx_word' id='word_1_737' title='bbox 1271 5342 1384 5411; x_wconf 77' lang='grc' dir='ltr'>οὖν,</span> <span class='ocrx_word' id='word_1_738' title='bbox 1405 5336 1596 5418; x_wconf 82' lang='grc' dir='ltr'>ὅτιΜὴ</span> <span class='ocrx_word' id='word_1_739' title='bbox 1621 5348 1849 5416; x_wconf 77' lang='grc' dir='ltr'>γένοιτο,</span> 
     </span>
    </p>
   </div>
   <div class='ocr_carea' id='block_1_99' title="bbox 294 5426 1854 5512">
    <p class='ocr_par' dir='ltr' id='par_1_99' title="bbox 294 5426 1854 5512">
     <span class='ocr_line' id='line_1_99' title="bbox 294 5426 1854 5512; baseline 0.004 -25"><span class='ocrx_word' id='word_1_740' title='bbox 294 5428 336 5487; x_wconf 76' lang='grc' dir='ltr'>ὧ</span> <span class='ocrx_word' id='word_1_741' title='bbox 356 5426 614 5503; x_wconf 68' lang='grc' dir='ltr'>Δέστὲοτα,</span> <span class='ocrx_word' id='word_1_742' title='bbox 648 5436 843 5507; x_wconf 69' lang='grc' dir='ltr'>καιρὸς</span> <span class='ocrx_word' id='word_1_743' title='bbox 862 5437 982 5490; x_wconf 79' lang='grc' dir='ltr'>καθ’</span> <span class='ocrx_word' id='word_1_744' title='bbox 1011 5436 1071 5490; x_wconf 78' lang='grc' dir='ltr'>ὃν</span> <span class='ocrx_word' id='word_1_745' title='bbox 1097 5436 1327 5511; x_wconf 79' lang='grc' dir='ltr'>ἀσθενὴς</span> <span class='ocrx_word' id='word_1_746' title='bbox 1358 5437 1432 5491; x_wconf 84' lang='grc' dir='ltr'>ὢν</span> <span class='ocrx_word' id='word_1_747' title='bbox 1459 5438 1813 5510; x_wconf 82' lang='grc' dir='ltr'>ὲπιδειχθείην</span> <span class='ocrx_word' id='word_1_748' title='bbox 1836 5441 1854 5512; x_wconf 88' lang='lat'><strong><em>!_</em></strong></span> 
     </span>
    </p>
   </div>
   <div class='ocr_carea' id='block_1_100' title="bbox 298 5524 1853 5599">
    <p class='ocr_par' dir='ltr' id='par_1_100' title="bbox 298 5524 1853 5599">
     <span class='ocr_line' id='line_1_100' title="bbox 298 5524 1853 5599; baseline 0.002 -23"><span class='ocrx_word' id='word_1_749' title='bbox 298 5525 514 5597; x_wconf 72' lang='grc' dir='ltr'>Εὖχεται</span> <span class='ocrx_word' id='word_1_750' title='bbox 540 5524 636 5583; x_wconf 83' lang='grc' dir='ltr'><strong><em>οὖν</em></strong></span> <span class='ocrx_word' id='word_1_751' title='bbox 671 5526 941 5599; x_wconf 81' lang='grc' dir='ltr'>μηδέποτε</span> <span class='ocrx_word' id='word_1_752' title='bbox 968 5525 1066 5597; x_wconf 88' lang='grc' dir='ltr'><strong><em>τῆς</em></strong></span> <span class='ocrx_word' id='word_1_753' title='bbox 1098 5528 1177 5590; x_wconf 89' lang='grc' dir='ltr'><strong><em>εἰς</em></strong></span> <span class='ocrx_word' id='word_1_754' title='bbox 1204 5526 1436 5599; x_wconf 80' lang='grc' dir='ltr'>Χριστὸν</span> <span class='ocrx_word' id='word_1_755' title='bbox 1456 5526 1663 5590; x_wconf 81' lang='grc' dir='ltr'>ἐλπίδος</span> <span class='ocrx_word' id='word_1_756' title='bbox 1689 5527 1853 5579; x_wconf 76' lang='grc' dir='ltr'>ἐκπε-</span> 
     </span>
    </p>
   </div>
   <div class='ocr_carea' id='block_1_101' title="bbox 299 5618 1857 5711">
    <p class='ocr_par' dir='ltr' id='par_1_101' title="bbox 299 5618 1857 5711">
     <span class='ocr_line' id='line_1_101' title="bbox 299 5618 1857 5711; baseline 0.002 -40"><span class='ocrx_word' id='word_1_757' title='bbox 299 5623 421 5711; x_wconf 44' lang='grc' dir='ltr'>σεῐνῖ</span> <span class='ocrx_word' id='word_1_758' title='bbox 441 5621 611 5686; x_wconf 78' lang='grc' dir='ltr'>Δὺτὺς</span> <span class='ocrx_word' id='word_1_759' title='bbox 649 5618 766 5691; x_wconf 89' lang='grc' dir='ltr'><strong><em>γάρ</em></strong></span> <span class='ocrx_word' id='word_1_760' title='bbox 801 5618 948 5674; x_wconf 72' lang='grc' dir='ltr'>ἔστιν</span> <span class='ocrx_word' id='word_1_761' title='bbox 982 5619 1016 5689; x_wconf 87' lang='grc' dir='ltr'>ή</span> <span class='ocrx_word' id='word_1_762' title='bbox 1052 5619 1200 5707; x_wconf 66' lang='grc' dir='ltr'>ἰσχὺς</span> <span class='ocrx_word' id='word_1_763' title='bbox 1233 5618 1519 5689; x_wconf 59' lang='grc' dir='ltr'>ήμῶν,Ἐν</span> <span class='ocrx_word' id='word_1_764' title='bbox 1558 5618 1638 5684; x_wconf 85' lang='grc' dir='ltr'>τῷ</span> <span class='ocrx_word' id='word_1_765' title='bbox 1665 5621 1857 5681; x_wconf 51' lang='lat' dir='ltr'><strong><em>exist:</em></strong></span> 
     </span>
    </p>
   </div>
   <div class='ocr_carea' id='block_1_102' title="bbox 360 5802 762 5879">
    <p class='ocr_par' dir='ltr' id='par_1_102' title="bbox 360 5802 762 5879">
     <span class='ocr_line' id='line_1_102' title="bbox 360 5802 762 5879; baseline -0.005 -20"><span class='ocrx_word' id='word_1_766' title='bbox 360 5803 396 5848; x_wconf 62' lang='grc' dir='ltr'>θ’</span> <span class='ocrx_word' id='word_1_767' title='bbox 428 5802 576 5879; x_wconf 55' lang='lat' dir='ltr'><strong><em>iam.</em></strong></span> <span class='ocrx_word' id='word_1_768' title='bbox 607 5805 762 5871; x_wconf 68' lang='lat'><strong><em>1,12.</em></strong></span> 
     </span>
    </p>
   </div>
   <div class='ocr_carea' id='block_1_103' title="bbox 1960 4610 3517 4686">
    <p class='ocr_par' dir='ltr' id='par_1_103' title="bbox 1960 4610 3517 4686">
     <span class='ocr_line' id='line_1_103' title="bbox 1960 4610 3517 4686; baseline -0.006 -17"><span class='ocrx_word' id='word_1_769' title='bbox 1960 4612 2356 4686; x_wconf 56' lang='grc' dir='ltr'>ρει-,ἱερεῖαιοῖ</span> <span class='ocrx_word' id='word_1_770' title='bbox 2405 4610 2539 4666; x_wconf 86' lang='lat' dir='ltr'><strong><em>Nam</em></strong></span> <span class='ocrx_word' id='word_1_771' title='bbox 2589 4611 2683 4681; x_wconf 83' lang='lat' dir='ltr'><strong><em>qui</em></strong></span> <span class='ocrx_word' id='word_1_772' title='bbox 2737 4625 2950 4679; x_wconf 83' lang='lat' dir='ltr'><strong><em>semper</em></strong></span> <span class='ocrx_word' id='word_1_773' title='bbox 2993 4617 3194 4679; x_wconf 86' lang='lat' dir='ltr'><strong><em>sperat,</em></strong></span> <span class='ocrx_word' id='word_1_774' title='bbox 3238 4621 3517 4678; x_wconf 88' lang='lat' dir='ltr'><strong><em>nunquam</em></strong></span> 
     </span>
    </p>
   </div>
   <div class='ocr_carea' id='block_1_104' title="bbox 1961 4698 3515 4774">
    <p class='ocr_par' dir='ltr' id='par_1_104' title="bbox 1961 4698 3515 4774">
     <span class='ocr_line' id='line_1_104' title="bbox 1961 4698 3515 4774; baseline -0.005 -15"><span class='ocrx_word' id='word_1_775' title='bbox 1961 4719 2076 4759; x_wconf 88' lang='lat' dir='ltr'><strong><em>rem</em></strong></span> <span class='ocrx_word' id='word_1_776' title='bbox 2110 4718 2273 4774; x_wconf 88' lang='lat' dir='ltr'><strong><em>quam</em></strong></span> <span class='ocrx_word' id='word_1_777' title='bbox 2319 4710 2502 4772; x_wconf 90' lang='lat' dir='ltr'><strong><em>sperat</em></strong></span> <span class='ocrx_word' id='word_1_778' title='bbox 2548 4700 2920 4770; x_wconf 87' lang='lat' dir='ltr'><strong><em>consequitur.</em></strong></span> <span class='ocrx_word' id='word_1_779' title='bbox 2969 4698 3122 4753; x_wconf 81' lang='lat' dir='ltr'><strong><em>Alius</em></strong></span> <span class='ocrx_word' id='word_1_780' title='bbox 3171 4698 3388 4768; x_wconf 90' lang='lat' dir='ltr'><strong><em>quidem</em></strong></span> <span class='ocrx_word' id='word_1_781' title='bbox 3420 4698 3515 4762; x_wconf 89' lang='lat' dir='ltr'><strong><em>ait,</em></strong></span> 
     </span>
    </p>
   </div>
   <div class='ocr_carea' id='block_1_105' title="bbox 1959 4792 3599 4867">
    <p class='ocr_par' dir='ltr' id='par_1_105' title="bbox 1959 4792 3599 4867">
     <span class='ocr_line' id='line_1_105' title="bbox 1959 4792 3599 4867; baseline -0.005 -15"><span class='ocrx_word' id='word_1_782' title='bbox 1959 4798 2088 4853; x_wconf 88' lang='lat' dir='ltr'><strong><em>illud</em></strong></span> <span class='ocrx_word' id='word_1_783' title='bbox 2120 4813 2339 4867; x_wconf 81' lang='lat' dir='ltr'><strong><em>semper,</em></strong></span> <span class='ocrx_word' id='word_1_784' title='bbox 2370 4811 2479 4849; x_wconf 89' lang='lat' dir='ltr'><strong><em>non</em></strong></span> <span class='ocrx_word' id='word_1_785' title='bbox 2512 4794 2832 4849; x_wconf 71' lang='lat' dir='ltr'><strong><em>saeculorum</em></strong></span> <span class='ocrx_word' id='word_1_786' title='bbox 2863 4794 3096 4863; x_wconf 90' lang='lat' dir='ltr'><strong><em>spatium</em></strong></span> <span class='ocrx_word' id='word_1_787' title='bbox 3120 4801 3383 4861; x_wconf 84' lang='lat' dir='ltr'><strong><em>spectare,</em></strong></span> <span class='ocrx_word' id='word_1_788' title='bbox 3423 4792 3516 4846; x_wconf 88' lang='lat' dir='ltr'><strong><em>sed</em></strong></span> <span class='ocrx_word' id='word_1_789' title='bbox 3593 4811 3599 4815; x_wconf 94' lang='grc'><strong>·</strong></span> 
     </span>
    </p>
   </div>
   <div class='ocr_carea' id='block_1_106' title="bbox 1958 4884 3518 4953">
    <p class='ocr_par' dir='ltr' id='par_1_106' title="bbox 1958 4884 3518 4953">
     <span class='ocr_line' id='line_1_106' title="bbox 1958 4884 3518 4953; baseline -0.006 -8"><span class='ocrx_word' id='word_1_790' title='bbox 1958 4892 2124 4946; x_wconf 84' lang='lat' dir='ltr'><strong><em>vitam</em></strong></span> <span class='ocrx_word' id='word_1_791' title='bbox 2149 4891 2324 4946; x_wconf 81' lang='lat' dir='ltr'><strong><em>solum</em></strong></span> <span class='ocrx_word' id='word_1_792' title='bbox 2352 4889 2509 4943; x_wconf 91' lang='lat' dir='ltr'><strong><em>istam</em></strong></span> <span class='ocrx_word' id='word_1_793' title='bbox 2554 4886 2861 4941; x_wconf 89' lang='lat' dir='ltr'><strong><em>sensibilem</em></strong></span> <span class='ocrx_word' id='word_1_794' title='bbox 2892 4902 2906 4938; x_wconf 89' lang='lat'><strong>:</strong></span> <span class='ocrx_word' id='word_1_795' title='bbox 2944 4884 3079 4939; x_wconf 81' lang='lat' dir='ltr'><strong><em>alter</em></strong></span> <span class='ocrx_word' id='word_1_796' title='bbox 3107 4884 3340 4953; x_wconf 88' lang='lat' dir='ltr'><strong><em>spatium</em></strong></span> <span class='ocrx_word' id='word_1_797' title='bbox 3381 4897 3518 4951; x_wconf 77' lang='lat' dir='ltr'><strong><em>quo-</em></strong></span> 
     </span>
    </p>
   </div>
   <div class='ocr_carea' id='block_1_107' title="bbox 1956 4969 3516 5055">
    <p class='ocr_par' dir='ltr' id='par_1_107' title="bbox 1956 4969 3516 5055">
     <span class='ocr_line' id='line_1_107' title="bbox 1956 4969 3516 5055; baseline -0.008 -20"><span class='ocrx_word' id='word_1_798' title='bbox 1956 4996 2065 5055; x_wconf 85' lang='lat' dir='ltr'><strong><em>que</em></strong></span> <span class='ocrx_word' id='word_1_799' title='bbox 2110 4980 2432 5034; x_wconf 81' lang='lat' dir='ltr'><strong><em>saeculorum</em></strong></span> <span class='ocrx_word' id='word_1_800' title='bbox 2472 4976 2602 5030; x_wconf 90' lang='lat' dir='ltr'><strong><em>illud</em></strong></span> <span class='ocrx_word' id='word_1_801' title='bbox 2637 4990 2835 5042; x_wconf 74' lang='lat' dir='ltr'><strong><em>semper</em></strong></span> <span class='ocrx_word' id='word_1_802' title='bbox 2878 4981 3120 5043; x_wconf 87' lang='lat' dir='ltr'><strong><em>spectare</em></strong></span> <span class='ocrx_word' id='word_1_803' title='bbox 3163 4973 3275 5037; x_wconf 89' lang='lat' dir='ltr'><strong><em>ait,</em></strong></span> <span class='ocrx_word' id='word_1_804' title='bbox 3304 4978 3364 5026; x_wconf 93' lang='lat' dir='ltr'><strong><em>ut</em></strong></span> <span class='ocrx_word' id='word_1_805' title='bbox 3403 4969 3516 5039; x_wconf 87' lang='lat' dir='ltr'><strong><em>spei</em></strong></span> 
     </span>
    </p>
   </div>
   <div class='ocr_carea' id='block_1_108' title="bbox 1956 5059 3160 5136">
    <p class='ocr_par' dir='ltr' id='par_1_108' title="bbox 1956 5059 3160 5136">
     <span class='ocr_line' id='line_1_108' title="bbox 1956 5059 3160 5136; baseline -0.009 -10"><span class='ocrx_word' id='word_1_806' title='bbox 1956 5071 2221 5126; x_wconf 90' lang='lat' dir='ltr'><strong><em>terminus</em></strong></span> <span class='ocrx_word' id='word_1_807' title='bbox 2244 5068 2315 5123; x_wconf 90' lang='lat' dir='ltr'><strong><em>sit</em></strong></span> <span class='ocrx_word' id='word_1_808' title='bbox 2340 5065 2576 5136; x_wconf 81' lang='lat' dir='ltr'><strong><em>cognitio</em></strong></span> <span class='ocrx_word' id='word_1_809' title='bbox 2599 5074 2797 5120; x_wconf 74' lang='lat' dir='ltr'><strong><em>sancta:</em></strong></span> <span class='ocrx_word' id='word_1_810' title='bbox 2831 5059 3160 5133; x_wconf 87' lang='lat' dir='ltr'><strong><em>Trinitatis.]</em></strong></span> 
     </span>
    </p>
   </div>
   <div class='ocr_carea' id='block_1_109' title="bbox 2031 5231 3517 5316">
    <p class='ocr_par' dir='ltr' id='par_1_109' title="bbox 2031 5231 3517 5316">
     <span class='ocr_line' id='line_1_109' title="bbox 2031 5231 3517 5316; baseline -0.011 -13"><span class='ocrx_word' id='word_1_811' title='bbox 2031 5248 2084 5303; x_wconf 88' lang='lat'><strong><em>9.</em></strong></span> <span class='ocrx_word' id='word_1_812' title='bbox 2139 5245 2222 5302; x_wconf 84' lang='lat' dir='ltr'><strong><em>Ne</em></strong></span> <span class='ocrx_word' id='word_1_813' title='bbox 2266 5243 2517 5316; x_wconf 86' lang='lat' dir='ltr'><strong><em>projicias</em></strong></span> <span class='ocrx_word' id='word_1_814' title='bbox 2560 5259 2640 5296; x_wconf 88' lang='lat' dir='ltr'><strong><em>me</em></strong></span> <span class='ocrx_word' id='word_1_815' title='bbox 2676 5243 2733 5297; x_wconf 89' lang='lat' dir='ltr'><strong><em>in</em></strong></span> <span class='ocrx_word' id='word_1_816' title='bbox 2765 5251 2991 5309; x_wconf 88' lang='lat' dir='ltr'><strong><em>tempore</em></strong></span> <span class='ocrx_word' id='word_1_817' title='bbox 3018 5235 3311 5293; x_wconf 79' lang='lat' dir='ltr'><strong><em>senectutis.</em></strong></span> <span class='ocrx_word' id='word_1_818' title='bbox 3348 5231 3517 5287; x_wconf 85' lang='lat' dir='ltr'><strong><em>Sene—</em></strong></span> 
     </span>
    </p>
   </div>
   <div class='ocr_carea' id='block_1_110' title="bbox 1959 5323 3512 5397">
    <p class='ocr_par' dir='ltr' id='par_1_110' title="bbox 1959 5323 3512 5397">
     <span class='ocr_line' id='line_1_110' title="bbox 1959 5323 3512 5397; baseline -0.013 -2"><span class='ocrx_word' id='word_1_819' title='bbox 1959 5348 2161 5395; x_wconf 87' lang='lat' dir='ltr'><strong><em>ctutem</em></strong></span> <span class='ocrx_word' id='word_1_820' title='bbox 2198 5338 2286 5392; x_wconf 86' lang='lat' dir='ltr'><strong><em>hic</em></strong></span> <span class='ocrx_word' id='word_1_821' title='bbox 2320 5344 2479 5391; x_wconf 84' lang='lat' dir='ltr'><strong><em>vocat</em></strong></span> <span class='ocrx_word' id='word_1_822' title='bbox 2516 5334 2909 5389; x_wconf 86' lang='lat' dir='ltr'><strong><em>inﬁrmitatem.</em></strong></span> <span class='ocrx_word' id='word_1_823' title='bbox 2962 5332 3051 5385; x_wconf 83' lang='lat' dir='ltr'><strong><em>Ait</em></strong></span> <span class='ocrx_word' id='word_1_824' title='bbox 3096 5329 3298 5397; x_wconf 81' lang='lat' dir='ltr'><strong><em>igitur:</em></strong></span> <span class='ocrx_word' id='word_1_825' title='bbox 3337 5323 3512 5389; x_wconf 82' lang='lat' dir='ltr'><strong><em>Absit,</em></strong></span> 
     </span>
    </p>
   </div>
   <div class='ocr_carea' id='block_1_111' title="bbox 1958 5418 3515 5498">
    <p class='ocr_par' dir='ltr' id='par_1_111' title="bbox 1958 5418 3515 5498">
     <span class='ocr_line' id='line_1_111' title="bbox 1958 5418 3515 5498; baseline -0.009 -12"><span class='ocrx_word' id='word_1_826' title='bbox 1958 5432 2208 5497; x_wconf 87' lang='lat' dir='ltr'><strong><em>Domine,</em></strong></span> <span class='ocrx_word' id='word_1_827' title='bbox 2231 5438 2442 5498; x_wconf 89' lang='lat' dir='ltr'><strong><em>tempus</em></strong></span> <span class='ocrx_word' id='word_1_828' title='bbox 2462 5429 2593 5483; x_wconf 91' lang='lat' dir='ltr'><strong><em>illud</em></strong></span> <span class='ocrx_word' id='word_1_829' title='bbox 2624 5443 2731 5498; x_wconf 91' lang='lat' dir='ltr'><strong><em>quo</em></strong></span> <span class='ocrx_word' id='word_1_830' title='bbox 2769 5426 3016 5480; x_wconf 90' lang='lat' dir='ltr'><strong><em>inﬁrmus</em></strong></span> <span class='ocrx_word' id='word_1_831' title='bbox 3043 5432 3328 5489; x_wconf 85' lang='lat' dir='ltr'><strong><em>appaream</em></strong></span> <span class='ocrx_word' id='word_1_832' title='bbox 3357 5418 3370 5471; x_wconf 88' lang='lat' dir='ltr'><strong><em>l</em></strong></span> <span class='ocrx_word' id='word_1_833' title='bbox 3403 5418 3515 5472; x_wconf 81' lang='grc' dir='ltr'>ιιο-</span> 
     </span>
    </p>
   </div>
   <div class='ocr_carea' id='block_1_112' title="bbox 1959 5509 3511 5596">
    <p class='ocr_par' dir='ltr' id='par_1_112' title="bbox 1959 5509 3511 5596">
     <span class='ocr_line' id='line_1_112' title="bbox 1959 5509 3511 5596; baseline -0.011 -18"><span class='ocrx_word' id='word_1_834' title='bbox 1959 5532 2050 5596; x_wconf 85' lang='lat' dir='ltr'><strong><em>gat</em></strong></span> <span class='ocrx_word' id='word_1_835' title='bbox 2075 5524 2239 5595; x_wconf 82' lang='lat' dir='ltr'><strong><em>igitur</em></strong></span> <span class='ocrx_word' id='word_1_836' title='bbox 2257 5529 2315 5576; x_wconf 90' lang='lat' dir='ltr'><strong><em>ut</em></strong></span> <span class='ocrx_word' id='word_1_837' title='bbox 2341 5536 2619 5591; x_wconf 88' lang='lat' dir='ltr'><strong><em>nunquam</em></strong></span> <span class='ocrx_word' id='word_1_838' title='bbox 2648 5534 2745 5574; x_wconf 87' lang='lat' dir='ltr'><strong><em>sua</em></strong></span> <span class='ocrx_word' id='word_1_839' title='bbox 2773 5518 2830 5571; x_wconf 91' lang='lat' dir='ltr'><strong><em>in</em></strong></span> <span class='ocrx_word' id='word_1_840' title='bbox 2858 5513 3134 5569; x_wconf 84' lang='lat' dir='ltr'><strong><em>Christum</em></strong></span> <span class='ocrx_word' id='word_1_841' title='bbox 3164 5524 3259 5578; x_wconf 88' lang='lat' dir='ltr'><strong><em>spe</em></strong></span> <span class='ocrx_word' id='word_1_842' title='bbox 3281 5509 3511 5564; x_wconf 88' lang='lat' dir='ltr'><strong><em>labatur.</em></strong></span> 
     </span>
    </p>
   </div>
   <div class='ocr_carea' id='block_1_113' title="bbox 1961 5603 3514 5689">
    <p class='ocr_par' dir='ltr' id='par_1_113' title="bbox 1961 5603 3514 5689">
     <span class='ocr_line' id='line_1_113' title="bbox 1961 5603 3514 5689; baseline -0.013 -15"><span class='ocrx_word' id='word_1_843' title='bbox 1961 5617 2079 5689; x_wconf 69' lang='lat' dir='ltr'><strong><em>ipse</em></strong></span> <span class='ocrx_word' id='word_1_844' title='bbox 2112 5630 2347 5687; x_wconf 78' lang='lat' dir='ltr'><strong><em>namque</em></strong></span> <span class='ocrx_word' id='word_1_845' title='bbox 2375 5624 2457 5675; x_wconf 80' lang='lat' dir='ltr'><strong><em>est</em></strong></span> <span class='ocrx_word' id='word_1_846' title='bbox 2484 5614 2658 5683; x_wconf 76' lang='lat' dir='ltr'><strong><em>virtus</em></strong></span> <span class='ocrx_word' id='word_1_847' title='bbox 2684 5620 2887 5667; x_wconf 87' lang='lat' dir='ltr'><strong><em>nostra.</em></strong></span> <span class='ocrx_word' id='word_1_848' title='bbox 2920 5606 3053 5663; x_wconf 86' lang='lat' dir='ltr'><strong><em>Cum</em></strong></span> <span class='ocrx_word' id='word_1_849' title='bbox 3081 5603 3327 5677; x_wconf 75' lang='lat' dir='ltr'><strong><em>defecerit</em></strong></span> <span class='ocrx_word' id='word_1_850' title='bbox 3350 5604 3514 5660; x_wconf 79' lang='lat' dir='ltr'><strong><em>virtus</em></strong></span> 
     </span>
    </p>
   </div>
  </div>
