3976 6220
2720 250 2749 261 .,

416 372 521 428 519
1217 373 1274 428 S.
1319 371 1685 431 ATHANASH
1725 374 1874 430 OPP.
1912 374 2090 429 PARS
2126 372 2214 429 Ill.
2256 404 2323 419 --
2363 372 2772 428 EXEGETICA.
3519 368 3629 425 320

417 505 531 542 mea
554 504 615 542 ne
649 485 976 555 derelinquas
1015 502 1112 540 me.
1152 484 1376 541 Etiamsi
1403 486 1689 558 contigerit
1725 488 1857 541 mihi
1884 495 1961 551 ut,

2070 500 2198 540 πειν
2239 485 2350 554 τὴν
2386 487 2569 553 ἰσχύν
2602 504 2720 554 μου
2760 483 2846 553 μὴ
2891 482 3293 553 ἐγκαταλίπῃς
3310 499 3404 551 με.
3437 482 3502 535 Et
3533 481 3626 537 καὶ

419 582 579 633 homo
606 594 729 632 cum
753 578 877 640 sim,
909 578 961 630 in
1000 587 1277 647 peccatum
1304 579 1513 644 cadam,
1544 594 1610 632 ne
1636 594 1721 630 me
1751 588 1969 646 propter

417 679 694 739 peccatum
734 668 975 731 deseras,
1011 666 1257 734 Domine,
1287 669 1383 722 sed
1406 684 1490 722 mc
1521 670 1716 721 iterum
1753 682 1969 734 revoca,

416 760 654 814 clemens
684 774 805 813 cum
838 757 929 813 sis.

488 854 575 906 10.
599 851 734 916 Quia
763 850 1010 904 dixerunt
1046 848 1249 901 inimici
1283 848 1382 900 mei
1413 846 1562 900 mihi.
1602 847 1738 901 Illud
1774 865 1785 900 :
1830 846 1971 912 Quia

419 945 686 1007 dixerunt,
743 943 980 1013 positum
1029 956 1124 1009 pro
1171 960 1183 995 :
1231 939 1305 993 Ne
1352 940 1491 995 forte
1540 941 1726 997 dicant
1767 940 1971 994 inimici

421 1036 523 1089 mei
556 1054 569 1090 :
595 1033 963 1102 lrruinpamus
985 1033 1037 1085 in
1061 1048 1207 1097 cum,
1230 1032 1333 1086 erit
1352 1033 1549 1103 quippe
1581 1032 1738 1087 nobis
1762 1031 1815 1085 in
1841 1046 1973 1101 pra:-

417 1126 563 1190 dam,
592 1123 696 1177 Deo
726 1140 832 1176 non
856 1124 1177 1192 opitulante.

487 1214 577 1271 1‘2.
620 1213 754 1266 Deus
777 1229 938 1277 meus,
980 1228 1043 1265 ne
1080 1210 1336 1279 elongeris
1376 1226 1407 1262 a
1441 1226 1539 1263 me.
1572 1210 1838 1276 Quoniam
1872 1210 1977 1280 ἰείη

417 1312 505 1358 tur
533 1303 582 1357 id
607 1302 679 1356 illi
708 1302 914 1362 dicunt,
951 1316 1017 1355 ne
1043 1299 1246 1354 diutius
1277 1297 1494 1354 dill‘eras
1518 1301 1801 1355 auxilium.
1834 1300 1973 1358 Deus

417 1415 589 1461 meus,
615 1398 671 1450 in
695 1395 951 1449 auxilium
983 1410 1150 1447 meum
1179 1392 1398 1462 respice.

488 1568 581 1623 l3.
624 1566 1025 1637 Confundantur
1062 1576 1111 1620 et
1142 1567 1387 1636 deﬁciant
1416 1567 1744 1627 detrahentes
1781 1570 1975 1623 animai

418 1671 564 1709 mete.
610 1654 1055 1725 Quandoquidem
1099 1656 1223 1725 ipsi,
1262 1655 1460 1726 inquit,
1496 1656 1757 1727 impetum
1804 1658 1856 1711 in
1886 1673 1973 1712 me

417 1746 680 1814 fecerunt,
716 1747 816 1800 rati
859 1762 944 1802 me
989 1762 1020 1801 a
1053 1755 1103 1802 te
1136 1748 1448 1803 derelictum
1484 1767 1507 1817 ;_
1540 1753 1585 1805 si
1622 1750 1881 1805 auxilium
1900 1750 1977 1812 al:-

2073 577 2266 649 συνέϐη
2298 577 2580 647 ἄνθρωπον
2609 577 2757 639 ὄντα,
2794 575 2945 644 φησὶ,
2973 575 3099 626 ποτὲ
3130 575 3410 645 ἁμαρτεῖν,
3447 573 3518 643 μὴ
3539 573 3627 628 διὰ

2068 668 2166 739 τὴν
2196 668 2467 739 ἁμαρτίαν
2506 667 2873 739 ἐγκαταλίπῃς
2907 686 2992 737 με,
3019 666 3191 737 Κύριε
3212 682 3224 696 υ
3259 664 3393 719 ἀλλά
3420 668 3625 720 ἀνακά-

2070 759 2221 813 λεσαι
2250 760 2419 813 πάλιν.
2435 760 2510 822 ὡς
2535 759 2925 830 φιλάνθρωπος.
3614 750 3619 757 ’

2144 854 2259 905 Ὅτι
2291 848 2462 904 εἷπον
2492 854 2547 904 ol
2576 852 2775 919 ἐχθροί
2811 869 2929 920 μου
2984 851 3132 920 ἐμοί.
3168 852 3393 914 Τδ,”Οτι
3433 846 3623 913 εἷπον,

2071 944 2190 997 ἀντὶ
2212 940 2304 994 τοῦ
2324 958 2337 971 ’
2365 942 2590 1011 Μήποτε
2622 941 2824 995 εἴποιεν
2854 944 2903 995 oi
2932 941 3112 1013 ἐχθροί
3148 958 3268 1011 μου,
3286 940 3626 1010 Ἐπιθώμεθα

2071 1036 2219 1106 αὐτῷ
2239 1054 2251 1066 ³
2279 1035 2437 1089 ἔσται.
2458 1035 2566 1106 γὰρ
2588 1038 2716 1106 ἡμῖν
2741 1036 2820 1099 είς
2850 1034 3145 1106 προνομὴν,
3178 1032 3251 1104 μὴ
3275 1032 3626 1103 ἐπικουροῦν-

2068 1145 2159 1191 τος
2182 1127 2337 1181 Θεοῦ.

2149 1220 2213 1271 '0
2252 1219 2393 1285 Θεός
2436 1236 2578 1287 μου,
2621 1218 2707 1288 μὴ
2750 1218 3059 1286 μακρύνῃς
3100 1215 3200 1270 ἀπ’
3233 1213 3626 1285 ἐμοῦ.Ἑπειδὴ

2068 1309 2244 1363 τοίνυν
2280 1313 2479 1364 ἐκεῖνοι
2497 1309 2668 1363 ταῦτὰ
2694 1326 2846 1377 φασι,
2889 1308 2962 1378 μὴ
3005 1308 3356 1377 ἐπιμήκιστον
3387 1304 3628 1376 ὑπερθῇς

2069 1399 2165 1471 τὴν
2200 1399 2539 1471 βοήθειαν.Ὁ
2584 1400 2726 1465 Θεός
2764 1415 2903 1467 μου,
2942 1400 3029 1462 είς
3055 1396 3167 1463 τὴν
3190 1394 3476 1463 ,ϐοήθειάν
3507 1388 3626 1463 μόυ

2071 1494 2351 1560 πρόσχες.

2141 1581 2650 1650 Αίσχυνθήτωσαν
2674 1579 2769 1633 καὶ
2797 1576 3231 1632 ἐκλειπέτωσαν
3249 1579 3303 1630 ol
3321 1574 3627 1629 ἐνδιαϐάλ-

2069 1676 2281 1738 donec
2307 1671 2421 1740 τὴν
2450 1670 2660 1740 ψυχήν
2687 1687 2825 1737 μου.
2842 1668 3108 1731 Ἐπειδὰν,
3143 1668 3361 1721 ἐκείνων
3392 1668 3628 1720 ἐπιτιθε-

2076 1763 2273 1835 μένων,
2306 1763 2458 1834 φησὶ,
2485 1761 2571 1814 διὰ
2593 1761 2654 1814 τὸ
2678 1760 2823 1824 δόξαι
2859 1776 2925 1829 με
2961 1758 3446 1828 ἐγκαταλειφθῆναι
3477 1758 3627 1829 παρὰ

417 1836 585 1903 feras,
606 1854 715 1908 prae
750 1838 955 1908 pudore
1010 1840 1113 1908 ipsi
1159 1839 1457 1907 discedent,
1506 1856 1631 1895 cum
1682 1857 1849 1897 vanas
1872 1842 1968 1897 de-

2073 1834 2189 1916 σοῦ,
2222 1855 2271 1906 εἰ
2295 1852 2567 1929 βοηθήσῃς
2590 1850 2770 1913 αὐτὸς,
2791 1850 2942 1904 αὐτοὶ
2966 1852 3044 1913 είς
3074 1849 3329 1921 αἰσχύνην
3355 1850 3627 1920 ἀποστραι

418 1930 802 1998 prelienderint
839 1931 1142 1988 calumnias
1164 1930 1217 1984 in
1246 1933 1480 1986 animam
1512 1948 1686 1989 meam
1711 1918 1969 1989 siructas.

416 2020 548 2087 Qum
568 2034 744 2076 autem
773 2022 877 2076 illa:
910 2023 1198 2078 calumniae
1245 2034 1390 2089 sunt,
1427 2026 1533 2080 nisi
1564 2041 1685 2095 quae
1720 2024 1975 2079 dicebant

418 2114 494 2167 illi
520 2131 533 2167 :
563 2113 700 2167 Deus
719 2114 992 2183 dereliquit
1022 2131 1140 2168 eum
1169 2118 1194 2170 ?

498 2205 588 2260 Η.
631 2204 739 2276 Ego
761 2216 935 2259 autem
961 2222 1159 2276 semper
1201 2205 1490 2275 speraboin
1521 2216 1587 2260 te.
1614 2204 1728 2261 Non
1758 2216 1974 2262 cessant

417 2298 559 2352 enim
600 2314 694 2369 per
739 2300 937 2368 scripta
981 2315 1076 2353 sua
1119 2315 1267 2369 spem
1328 2315 1454 2371 erga
1497 2299 1772 2354 Christum
1814 2313 1970 2353 suam

416 2388 680 2443 conﬁteri.
721 2387 789 2442 Et
828 2389 1074 2458 adjiciam
1121 2407 1276 2459 super
1315 2406 1519 2444 omnem
1557 2388 1767 2441 laudem
1800 2397 1965 2442 tuam.

417 2480 518 2534 Per
559 2480 787 2553 hymnos
835 2495 1023 2536 eorum
1081 2482 1176 2552 qui
1225 2482 1468 2553 ipsorum
1526 2495 1688 2550 opera
1741 2480 1969 2535 salutem

415 2571 694 2627 consecuti
728 2581 874 2628 sunt.

488 2660 575 2714 15.
624 2659 695 2715 Os
753 2677 920 2714 meum
964 2659 1301 2714 annuntiabit
1342 2659 1613 2729 justitiam
1646 2669 1812 2713 tuam.
1854 2658 1967 2713 Non

415 2765 589 2816 cesso,
642 2750 838 2820 inquit,
892 2751 1134 2815 Domine,
1169 2766 1380 2820 semper
1434 2751 1702 2820 justitiam
1736 2762 1880 2805 tuam
1915 2753 1967 2807 in

415 2858 511 2896 ore
544 2859 781 2897 versare.
826 2842 1033 2897 Etenim
1069 2843 1280 2912 justitia
1319 2841 1494 2898 Patris
1529 2852 1611 2896 est
1649 2841 1970 2913 Unigenitus

415 2932 553 3001 ejus.
585 2932 714 2986 Nam
738 2934 914 3004 genita
949 2934 1104 2987 nobis
1132 2944 1213 2988 est
1239 2933 1451 3002 justitia
1485 2949 1516 2986 a
1555 2932 1663 2986 Deo
1696 2933 1853 3002 juxta
1884 2948 1977 2988 εει-

416 3039 565 3078 crum
605 3026 920 3094 Apostolnm
953 3026 1018 3080 θ’.
1060 3024 1190 3078 Tota
1229 3025 1311 3078 die
1342 3025 1576 3079 salutare
1610 3034 1779 3079 tuum.
1813 3023 1968 3078 Seni-

417 3130 529 3184 per,
561 3116 754 3186 inquit,
783 3134 987 3172 memor
1021 3132 1115 3173 ero
1157 3117 1472 3172 (econoniiae
1500 3131 1606 3186 qua
1633 3117 1788 3171 nobis
1824 3115 1969 3170 salu-

417 3216 521 3261 tem
559 3209 814 3278 elargitus
851 3226 930 3265 es.
979 3211 1241 3277 Quoniam
1295 3226 1397 3263 non
1446 3209 1658 3279 cognovi
1699 3209 1966 3261 litteratu-

416 3315 549 3352 ram.
582 3299 679 3353 Pcr
702 3302 1059 3357 litteraturam
1109 3312 1203 3356 aut
1233 3318 1396 3356 vanas
1428 3312 1483 3357 et
1517 3302 1820 3371 implicatas
1846 3300 1970 3354 vitae

415 3389 792 3445 distractiones
838 3392 1110 3462 intelligit,
1153 3402 1247 3447 aut
1291 3394 1439 3448 varia
1488 3409 1607 3463 qua:
1662 3393 1747 3447 lex
1774 3390 1970 3447 oll'erre

411 3479 635 3549 jubebat
666 3482 956 3536 sacrilicia.
981 3483 1229 3560 Quando,
1270 3484 1464 3553 inquit,
1492 3500 1587 3538 eas
1610 3499 1800 3539 omnes
1821 3482 1970 3553 abie-

415 3571 486 3637 ci,
532 3570 587 3625 in
631 3587 891 3641 supernas
933 3575 1169 3629 introibo
1199 3576 1531 3640 mansiones,
1598 3575 1828 3628 Domino
1866 3574 1970 3627 vir-

415 3654 605 3716 tutem‘
632 3664 761 3717 mihi
804 3666 870 3718 ad
908 3681 1026 3719 eam
1069 3681 1180 3720 rem
1220 3668 1508 3737 praebente.
1559 3666 1745 3720 Simile
1786 3674 1966 3721 autem

414 3765 497 3808 est
518 3755 662 3809 dicto
702 3756 829 3812 huic
866 3777 879 3812 :
921 3758 1053 3813 Ecce
1099 3777 1189 3813 nos
1225 3762 1527 3830 reliquimus
1572 3761 1768 3825 omnia,
1801 3768 1850 3812 et
1888 3774 1969 3812 se-

414 3850 527 3901 cuti
568 3866 751 3903 sumus
797 3862 863 3916 te,
891 3854 1015 3921 quid
1041 3869 1157 3922 ergo
1174 3853 1272 3905 erit
1302 3854 1448 3906 nobis
1468 3853 1512 3883 ⁸³
1532 3853 1554 3905 ?
1572 3852 1706 3907 Cum
1739 3852 1967 3919 hujusce

412 3941 491 3996 rei
520 3955 682 3994 causa
710 3944 1122 4011 promissionem
1151 3944 1297 4014 regni
1324 3944 1585 3998 caelorum
1621 3950 1964 4011 acceperunt.

481 4221 568 4275 16.
612 4219 845 4275 lntroibo
876 4222 931 4273 in
964 4223 1224 4289 potentias
1269 4220 1501 4277 Domini.
1549 4222 1663 4277 Tua
1690 4224 1885 4279 virtute
1913 4234 1966 4279 et

412 4314 613 4367 auxilio
635 4316 935 4385 ingressum
958 4316 1227 4369 inveniam
1257 4315 1321 4367 ad
1346 4324 1540 4367 terram
1566 4316 1963 4383 promissionis.

412 4402 655 4467 Domine,
684 4405 1010 4458 memorubor
1039 4404 1266 4472 justitia:
1308 4413 1411 4457 tua:
1458 4405 1643 4457 solius.
1690 4404 1966 4460 Praedictis

2072 1945 2355 2015 φήσονται,
2382 1943 2478 1996 ἆτε
2515 1942 2746 2012 ματαίας
2775 1942 3045 2012 εὑρόντες,
3071 1941 3137 2005 ἃς
3168 1942 3310 1995 κατά
3330 1942 3425 2012 τῆς
3449 1941 3627 2011 ψυχῆς

2074 2053 2174 2106 μου
2217 2036 2539 2106 ἐποιήσαντο
2568 2032 2833 2096 διαϐολάς.
2864 2033 3020 2095 Τίνες
3051 2032 3107 2086 δὲ
3150 2033 3204 2084 αἱ
3246 2031 3484 2085 διαϐολαὶ
3508 2032 3541 2103 ἢ
3569 2032 3626 2084 αἱ

2070 2126 2322 2196 λέγουσαι
2341 2141 2354 2155 ο
2400 2126 2451 2176 '0
2484 2124 2626 2189 Θεὸς
2648 2123 3032 2193 ἐγκατέλιπεν
3057 2123 3276 2185 auctir;

2154 2215 2293 2285 Ἐγὼ
2338 2213 2405 2267 δὲ
2448 2212 2771 2278 διαπαντὸς
2794 2211 2979 2266 ἐλπιῶ
3009 2210 3107 2265 ἐπὶ
3133 2210 3226 2264 σέ.
3257 2210 3331 2264 Οὐ
3364 2208 3627 2263 παύονται

2069 2306 2177 2377 γὰρ
2201 2306 2289 2359 διὰ
2326 2304 2431 2360 τῶν
2478 2304 2621 2357 ἰδίων
2655 2302 3102 2379 συγγραμμάτων
3120 2300 3501 2371 ὁμολογοῦντες
3528 2299 3629 2370 τὴδ

2070 2398 2257 2454 ἐλπίδα
2281 2397 2377 2467 τὴν
2407 2398 2485 2460 είς
2514 2396 2768 2468 Χριστόν.
2806 2395 2915 2449 Kal
2942 2392 3263 2463 προσθήσω
3293 2393 3392 2447 ἐπὶ
3423 2391 3630 2448 πᾶσαν

2069 2492 2182 2559 τὴν
2205 2489 2442 2544 αἵγεσίν
2467 2502 2604 2542 σου.
2633 2487 2733 2542 Διὰ
2761 2488 2857 2559 τῆς
2883 2485 3202 2558 ὑμνολογίας
3229 2485 3335 2538 τῶν
3358 2485 3424 2538 δι’
3449 2484 3629 2538 αὐτῶν

2071 2582 2410 2652 σωζομένων.

2147 2676 2212 2727 Τὸ
2243 2675 2434 2740 στόμα
2450 2689 2568 2741 μου
2598 2669 2917 2739 ἀναγγελεῖ
2941 2667 3053 2735 τὴν
3078 2667 3468 2734 δικαιοσύνην
3486 2680 3625 2723 σου.

2083 2763 2201 2815 Ἐπὶ
2245 2762 2503 2832 στόματος
2532 2761 2638 2824 ἀεὶ,
2672 2760 2856 2829 φησιν,
2885 2753 2929 2812 ὦ
2954 2758 3217 2820 Δέσποτα,
3246 2758 3344 2828 τὴν
3392 2757 3488 2827 σὴν
3530 2757 3629 2826 (psi-

2072 2871 2183 2926 ρειν
2216 2854 2559 2924 δικαιοσύνην
2610 2853 2671 2905 ού
2722 2852 2982 2922 παύομαι.
3018 2850 3336 2922 Δικαιοσύνη
3383 2851 3489 2921 γὰρ
3533 2848 3628 2903 τοῖ.

2070 2943 2280 3016 Πατρδς
2303 2946 2331 2996 ὁ
2356 2942 2664 3013 Μονογενὴς
2712 2942 2896 2994 αὐτοϋ.
2915 2940 3203 3011 Ἐγεννήθη
3234 2941 3339 3011 γὰρ
3378 2941 3506 3010 ἡμῖν
3549 2938 3629 2992 δι·-

2070 3035 2326 3106 καιοσύνη
2356 3035 2463 3088 ἀπὸ
2491 3034 2623 3088 Θεοῦ
2650 3033 2790 3087 κατὰ
2814 3034 2903 3088 τὸν
2937 3033 3078 3105 ἱερὸν
3106 3031 3630 3100 Ἀπόστολον.”ολην

2022 3177 2037 3193 ,
2069 3126 2183 3191 τὴν
2215 3124 2440 3195 ἡμέραν
2486 3125 2600 3194 τὴν
2631 3126 2934 3193 σωτηρίαν
2981 3141 3114 3179 σου.
3165 3124 3462 3187 Διαπαντὸς
3492 3140 3628 3195 μνη-

2071 3213 2359 3283 σθήσομαι,
2389 3210 2542 3281 φησὶ,
2578 3211 2675 3281 τῆς
2708 3211 3015 3280 οίκονομίας
3048 3209 3112 3263 δι’
3142 3204 3208 3280 ἧς
3231 3211 3360 3279 ἡμῖν
3388 3208 3485 3279 τὴν
3525 3224 3631 3261 ato-

2066 3303 2258 3374 τηρίαν
2324 3302 2581 3373 ἐχαρίσω.
2610 3302 2729 3353 Ὅτι
2790 3302 2900 3355 οὐκ
2963 3300 3155 3370 ἔγνων
3215 3299 3639 3369 γραμματείαςι

2066 3395 2451 3466 Γραμματείας
2481 3393 2514 3464 ἢ
2546 3394 2671 3457 τοὺς
2707 3392 2964 3464 ματαίους
2996 3393 3089 3446 καὶ
3131 3392 3498 3454 πολυπλόκους
3535 3389 3628 3443 τοῦ

2068 3487 2186 3557 βίου
2229 3485 2646 3556 περισπασμούς
2689 3501 2874 3554 φησιν,
2904 3485 2936 3555 ἢ
2968 3484 3066 3547 τὰς
3092 3484 3179 3537 διὰ
3208 3481 3302 3536 τοῦ
3336 3482 3499 3553 νόμου
3538 3498 3632 3534 κε-

2066 3580 2426 3649 κελευσμένας
2448 3578 2816 3649 πολυτρόπους
2842 3575 3203 3648 προσάγεσθαι
3227 3574 3434 3637 θυσίας.
3452 3575 3633 3627 Ἐπει-

2064 3670 2128 3742 δὴ
2171 3671 2370 3735 ταύτας
2425 3670 2734 3740 συμπάσας,
2767 3669 2950 3739 φησιν,
2993 3667 3353 3738 ἐπεϐαλόμην,
3403 3668 3481 3729 είς
3531 3665 3631 3727 τὰς

2066 3762 2177 3817 ἄνω
2218 3761 2592 3833 εἰσελεύσομαι
2646 3764 2831 3833 μονὰς,
2866 3763 2944 3824 εἰς
2969 3760 3124 3813 τοῦτο
3146 3758 3375 3829 δύναμίν
3409 3773 3499 3827 μοι
3536 3757 3630 3810 τοῦ

2065 3854 2270 3925 Κυρίου
2317 3854 2896 3924 παρέχοντος.”ομοιον
2933 3851 2988 3903 δὲ
3030 3850 3109 3922 τῷ
3145 3849 3450 3922 εἰρημένῳο
3486 3846 3633 3901 Ἰδοὺ

2063 3945 2235 4014 ἡμεῖς
2259 3944 2573 4013 ἀφήκαμεν
2601 3942 2814 4006 πάντα,
2848 3944 2947 3996 καὶ
2976 3939 3475 4009 ἠκολουθήσαμέν
3495 3952 3630 3992 σο.⁶

2064 4038 2120 4090 τί
2146 4036 2288 4104 ἡμῖν
2313 4036 2515 4099 Eatur;
2541 4036 2668 4088 Ὅτε
2700 4034 2791 4087 καὶ
2822 4035 2920 4104 τῆς
2947 4034 3053 4086 τῶν
3085 4032 3326 4105 οὐρανῶν
3354 4030 3634 4102 βασιλείας

2064 4126 2164 4197 τὴν
2192 4126 2486 4195 ὑπόσχεσιν
2512 4122 2600 4177 διὰ
2623 4123 2794 4176 ταῦτα
2833 4122 3091 4193 ἐδέχοντο.

2135 4218 2565 4285 Εἱσελεύσομαι
2602 4215 2672 4267 ἐν
2696 4214 3020 4282 δυναστείᾳ
3051 4213 3290 4281 Kvplov.
3319 4212 3396 4282 Τῇ
3429 4213 3493 4281 σῇ
3534 4209 3631 4263 δυ·-

2063 4310 2225 4380 νὰμει
2262 4310 2356 4363 καὶ
2388 4308 2609 4379 βοηθείᾳ
2637 4307 2896 4378 τεύξομαι
2923 4307 3022 4377 τῆς
3055 4305 3262 4359 εἰσόδου
3299 4305 3395 4376 τῆς
3428 4306 3507 4367 είς
3533 4291 3632 4375 τὴν

2064 4402 2167 4472 γῆν
2190 4400 2290 4470 τῆς
2319 4398 2665 4467 ἐπαγγελίας.
2700 4400 2892 4467 Κύριε,
2910 4395 3335 4467 μνησθήσομαι
3381 4394 3491 4463 τῆς
3531 4393 3635 4448 δι-

411 4496 664 4548 omnibus
690 4496 955 4559 dimissis,
986 4497 1181 4565 inquit,
1200 4495 1606 4564 soliusjustitize
1630 4504 1733 4549 tua:
1760 4511 1964 4550 memor

2070 4495 2392 4561 καιοσύνης
2426 4509 2540 4547 σου
2566 4492 2779 4562 μόνου.
2821 4490 3002 4545 Πάντα
3046 4489 3114 4542 τὰ
3153 4487 3411 4560 εἰρημένα
3450 4487 3631 4555 ἀφεὶς,

410 4599 525 4650 ero,
558 4601 663 4655 qua
694 4601 792 4641 nos
826 4601 855 4641 a
883 4601 1100 4656 peccato
1123 4586 1382 4641 liberasti.

481 4763 567 4817 ‘l'l.
604 4763 743 4819 Deus
773 4783 937 4832 meus,
970 4783 1085 4838 quae
1111 4767 1339 4821 docuisti
1371 4784 1449 4822 me
1477 4785 1509 4820 a
1528 4767 1800 4837 jurentute
1828 4785 1963 4824 mea.

408 4854 455 4907 A
483 4857 674 4924 prima.
714 4867 770 4911 ut
809 4859 879 4912 ita
909 4859 1105 4924 dicam,
1136 4856 1224 4912 die
1259 4875 1364 4928 qua
1408 4860 1555 4928 ipsos
1597 4860 1779 4928 elegit,
1817 4861 1965 4915 dedit

411 4946 518 5001 illis
549 4962 611 5001 ea
646 4964 767 5017 quae
802 4965 1023 5019 regnum
1068 4950 1330 5004 caelorum
1382 4958 1642 5019 spectant.
1691 4950 1762 5004 Et
1806 4968 1966 5023 usque

409 5056 545 5093 nunc
564 5042 912 5108 pronuntiabo
942 5042 1209 5095 mirabilia
1245 5053 1357 5096 tua.
1398 5040 1514 5097 Non
1548 5044 1852 5108 immemor,
1885 5046 1968 5098 in-

409 5130 549 5197 quit,
580 5129 754 5186 lactus
789 5145 907 5184 sum
938 5146 1124 5184 eorum
1162 5145 1283 5199 quae
1306 5130 1499 5185 doctus
1525 5130 1602 5184 lui
1632 5148 1646 5184 :
1683 5131 1776 5186 sed
1804 5130 1966 5185 etiam

410 5236 475 5276 ea
502 5239 624 5292 quae
651 5223 839 5289 didici,
869 5222 991 5277 aliis
1016 5222 1355 5276 annuntiavi.

484 5396 676 5462 18,19.
708 5400 777 5454 Et
806 5419 966 5473 usque
998 5403 1055 5456 in
1077 5411 1339 5457 senectam
1370 5411 1421 5457 et
1449 5403 1673 5457 senium.
1698 5402 1966 5469 Quoniam
2026 5432 2039 5443 ο

416 5485 529 5556 ipse
558 5489 809 5548 Christus
843 5503 1130 5564 postquam
1158 5494 1458 5549 resurrexit
1502 5510 1534 5549 a
1578 5495 1808 5550 mortuis
1841 5509 1968 5564 pro-

417 5579 564 5633 misit
589 5581 671 5635 eis
693 5582 878 5641 dicens
908 5586 973 5641 “.
1009 5584 1137 5639 Ecce
1159 5585 1421 5639 vobiscum
1459 5601 1576 5639 sum
1601 5586 1837 5641 omnibus
1856 5586 1968 5639 die-

2074 4585 2226 4657 φησι,
2247 4584 2412 4656 μόνης
2436 4581 2791 4654 μνημονεύσω
2815 4581 2914 4651 τῆς
2934 4579 3295 4655 δικαιοσύνης,
3316 4579 3380 4634 δι’
3399 4573 3466 4650 ἦς
3483 4579 3634 4648 ἡμᾶς

2072 4677 2167 4746 τῆς
2193 4675 2464 4746 ἁμαρτίας
2490 4674 2880 4745 ὴλευθέρωσας.

2153 4767 2205 4819 '0
2241 4768 2383 4832 Θεός
2405 4784 2544 4836 μου,
2578 4765 2614 4820 ἂ
2654 4762 2933 4828 ἐδίδαξάς
2965 4779 3064 4840 μοι
3092 4761 3160 4814 ἐκ
3189 4761 3468 4825 νεότητός
3489 4777 3629 4828 μου.

2083 4859 2213 4911 Ἀπὸ
2241 4859 2349 4930 γὰρ
2378 4857 2621 4929 πρώτης,
2649 4859 2722 4921 ὼς
2747 4858 2939 4920 εἰπεῖν,
2967 4850 3290 4926 ἡμέρας,ηῆς
3318 4853 3513 4913 αὐτοὺς
3554 4851 3636 4915 ἐξα

2071 4950 2629 5021 ελέξατο,παρέδωκεν
2655 4951 2835 5012 αὐτοῖς
2862 4947 2930 5000 τὰ
2960 4947 3087 5018 περ)⁸
3113 4945 3211 5014 τῆς
3234 4942 3505 5015 βασιλείας
3525 4943 3634 4994 τῶν

2070 5041 2331 5114 οὐρανῶν.
2365 5043 2474 5096 Καὶ
2504 5041 2679 5111 μέχρι
2713 5041 2815 5094 τοῦ
2839 5040 2955 5093 νῦν
2985 5036 3296 5107 ἀπαγγελῶ
3323 5036 3395 5089 τὰ
3420 5033 3637 5102 θαυμὰρ

2070 5131 2175 5186 σιά
2205 5146 2340 5186 σου.
2379 5133 2491 5185 Ούκ
2522 5134 2809 5203 ἀμνήμων,
2849 5130 3030 5199 φησιν,
3066 5122 3139 5182 ὧν
3172 5125 3450 5198 ἐδιδάχθην
3476 5122 3635 5192 γεγέ-

2071 5241 2269 5295 νημαι·
2321 5223 2434 5281 ἀλλ’
2465 5223 2607 5295 ἅπερ
2635 5223 2794 5285 αὐτὸς
2828 5221 3047 5292 ἔμαθον,
3077 5221 3249 5274 ταῦτα
3281 5220 3373 5272 καὶ
3399 5220 3511 5282 τοῖς
3539 5217 3636 5271 ἅλ-

2069 5313 2182 5378 λοις
2207 5314 2535 5385 ἀπήγγειλα.

2143 5406 2251 5460 Καὶ
2282 5406 2391 5472 ἕως
2430 5405 2621 5475 γήρως
2660 5406 2757 5460 καὶ
2805 5403 3140 5473 πρεσϐείου.
3160 5400 3372 5471 Ἐπειδὴ
3415 5397 3577 5461 αὐτὸς
3601 5396 3633 5451 5

2075 5498 2311 5569 Χριστὸς
2338 5497 2472 5566 μετὰ
2503 5497 2598 5568 τὴν
2619 5500 2683 5557 ὲκ
2706 5497 2912 5570 νεκρῶν
2943 5494 3233 5550 ἀναϐίωσιν
3261 5493 3525 5561 ὑπέσχετο
3551 5489 3634 5543 λέ-

2074 5605 2186 5657 γων
2218 5590 2398 5654 αὐτοῖς
2418 5606 2431 5620 ο
2470 5588 2623 5643 Ἰδοὺ
2641 5590 2768 5657 μεθ’
2790 5588 2954 5659 ὑμῶν
2973 5591 3088 5656 ειμι
3120 5583 3321 5650 πάσας
3349 5581 3455 5648 τὰς
3490 5578 3632 5652 ἡμέ-

487 5742 578 5796 ⁶³1
613 5741 905 5811 (ἷοτ.ι,ὅθ.
981 5745 1024 5778 ⁸³
1079 5743 1265 5800 Matth.
1326 5747 1546 5813 xix,27.
1624 5746 1668 5779 “
1706 5744 1910 5815 -Matth.
1946 5761 2129 5805 xxvm.
2156 5748 2242 5804 9.0.
