3976 6220
302 417 395 475 521
1309 415 1686 477 Εχιδοειτιο
1725 419 1792 476 1N
1831 417 1863 475 Ρ

1966 416 2159 475 LMUM
2200 416 2360 474 LXX.

3414 412 3521 470 3‘22

294 546 401 601 ρας
425 527 533 593 ἕως
561 526 671 596 τῆς
692 533 1041 599 συντελείας
1069 532 1174 587 τοῦ
1202 533 1413 602 αἰῶνος
1431 552 1444 566 ’
1473 536 1660 590 τούτου
1699 537 1857 609 χάριν

1966 537 2050 611 bus
2079 552 2237 606 usque
2276 535 2345 588 ad
2391 536 2891 589 consummationem
2933 532 3154 600 surculi,
3195 532 3318 587 ideo
3364 542 3522 602 rugat

301 623 439 675 αἰτεῖ
486 622 693 693 ταύτην
752 622 899 694 αὑτῷ
941 624 1290 697 πληρωθῆναι
1340 627 1437 698 τὴν
1475 628 1855 699 ὑπόσχεσιν.’0

303 714 441 779 Θεός
466 731 609 782 μου,
638 713 720 783 μὴ
750 715 1186 784 ἐγκαταλείπῃς
1209 734 1304 786 με,
1336 717 1445 784 ἕως
1470 717 1545 772 ἂν
1579 720 1861 788 ἀπαγγεί-

299 809 380 859 λω
426 805 534 859 τὸν
575 805 873 876 βραχίονά
917 809 1193 864 σου.Ἐάν
1226 810 1300 882 μὴ
1333 812 1728 885 ὲγκαταλείπῃς
1768 829 1856 882 με,

300 897 448 968 φησι,
479 899 619 951 κατὰ
648 900 745 968 τὴν
772 898 867 970 σὴν
890 901 1200 972 ὑπόσχεσιν,
1245 896 1289 955 ὦ
1319 903 1584 969 Δέσποτα,
1609 906 1728 958 τότε
1768 922 1861 973 γε·-

298 989 516 1057 νήσεται
556 988 777 1042 δυνατὸν
806 990 894 1042 τὸν
927 991 1016 1044 σὸν
1056 993 1386 1061 ἀπαγγεῖλαι
1419 994 1677 1066 βραχίονα
1705 998 1769 1067 τῇ
1802 995 1860 1061 ἐξ

297 1078 461 1131 ἐθνῶν
491 1080 725 1153 ὲσομένῃ
768 1084 931 1152 πιστῇ
964 1084 1144 1153 γενεᾷ.
1172 1084 1267 1148 Τίς
1300 1083 1356 1137 δὲ
1397 1087 1425 1137 ὁ
1465 1085 1702 1157 βραχίων
1740 1088 1861 1139 ὲπι-

299 1170 447 1242 φέρει
474 1171 644 1240 λέγων
665 1189 677 1202 ·
716 1171 833 1240 Τὴν
862 1173 1223 1229 δυναστείαν
1248 1191 1363 1230 σου
1392 1179 1488 1230 καί
1514 1178 1628 1245 τὴν
1652 1178 1863 1232 δικαιο-

299 1264 494 1329 σύνην
520 1278 657 1317 σου.
687 1264 796 1317 Καὶ
838 1262 1151 1319 δυναστείαν
1193 1267 1309 1336 μὲν,
1357 1266 1442 1320 διὰ
1475 1268 1535 1319 τὸ
1565 1268 1723 1337 δῆσαι
1770 1268 1860 1320 τὸν

303 1354 518 1424 ίσχυρὸν
543 1371 696 1423 φησι,
725 1355 818 1408 καὶ
839 1354 1133 1427 διαρπάσαι
1156 1357 1224 1410 τά
1252 1357 1419 1429 σκεύη
1441 1357 1603 1412 αὑτοῦ
1626 1359 1864 1413 ὀδικαιο-

303 1447 459 1517 σύνην
482 1446 561 1510 δὲ,
592 1447 671 1499 ὅτι
704 1446 900 1510 ἀδίκως
926 1448 1071 1518 ἡμᾶς
1098 1449 1441 1522 αἰχμαλωσίᾳ
1470 1452 1862 1521 κατεχομέωυς

300 1537 644 1610 λελὺτρωται.
663 1539 714 1590 Ὀ
751 1539 893 1605 Θεὸς
927 1540 1037 1606 ἕως
1068 1540 1186 1593 τῶν
1208 1543 1498 1609 ὑψίστων.
1518 1544 1858 1612 Ἀπαγγελῶ,

302 1630 481 1701 φησὶν,
516 1631 599 1684 ὅτι
632 1632 692 1683 οὑ
722 1632 878 1702 μόνον
912 1632 978 1686 τὰ
1008 1633 1101 1685 ἐπὶ
1140 1633 1262 1703 γῆς,
1297 1633 1432 1687 ἀλλὰ
1465 1635 1556 1687 καὶ
1586 1636 1654 1689 τὰ
1678 1639 1735 1689 ὲν
1770 1638 1862 1690 οὑ-

306 1723 477 1790 ρανοίς
528 1721 615 1774 διὰ
660 1721 753 1775 τοῦ
806 1723 931 1776 ίδίου
972 1722 1256 1795 ὲλυτρώσω
1303 1726 1778 1798 αἴματος.“υμοιον
1806 1728 1862 1782 δὲ

301 1808 403 1879 τῷ·
439 1811 557 1863 Ὅτι
588 1811 681 1864 καὶ
713 1811 864 1880 αὑτὴ
904 1815 941 1881 ἠ
971 1814 1164 1880 κτίσις
1187 1816 1717 1884 ἐλευθερωθήσεται
1745 1819 1860 1872 ἀπὸ

1958 643 2076 682 eam
2104 626 2518 696 promissionem
2549 642 2676 695 erga
2721 642 2778 682 se
2808 624 3038 696 impleri.
3090 623 3224 679 Dens
3266 640 3430 688 meus,
3458 639 3519 675 ne

1958 717 2288 787 derelinquas
2323 734 2421 778 me,
2449 717 2610 770 donec
2633 717 2937 770 annuntiem
2966 716 3235 770 brachium
3266 724 3433 769 tuum.
3462 714 3519 767 Si

1958 826 2067 878 me,
2095 812 2287 880 inquit,
2313 809 2466 880 juxta
2494 811 2909 880 promissionem
2951 819 3098 862 tuam
3140 824 3246 861 non
3280 806 3517 861 derelin-

1960 918 2116 972 quas,
2142 901 2386 967 Domine,
2422 914 2550 957 tunc
2580 902 2820 955 futurum
2859 910 2940 956 est
2982 910 3040 955 ut
3073 899 3389 960 annuntiem
3426 911 3518 951 ~'0-

1960 995 2177 1049 bustum
2210 995 2490 1050 brachium
2526 1004 2676 1049 tuum
2721 993 2861 1048 ﬁdeli
2895 992 3225 1063 generationi
3255 1008 3320 1045 ex
3344 990 3518 1060 genti-

1960 1086 2063 1141 bus
2086 1085 2298 1141 futurae.
2334 1085 2472 1153 Quid
2502 1094 2680 1141 autem
2716 1086 2788 1140 sit
2818 1086 3100 1141 brachium
3134 1084 3402 1139 subinl‘ert
3433 1084 3519 1137 his

1960 1179 2177 1233 verbis:
2207 1176 2506 1231 Potentiam
2556 1186 2696 1231 tuam
2733 1187 2782 1231 et
2820 1178 3085 1246 justitiam
3120 1186 3284 1231 tuam.
3320 1174 3521 1228 Poten-

1962 1271 2265 1339 tiamdicit,
2291 1272 2417 1340 quia
2452 1271 2634 1340 ligavit
2658 1270 2849 1325 fortem
2876 1270 3026 1347 illum
3059 1278 3113 1324 et
3140 1269 3367 1338 diripuit
3393 1283 3516 1322 vasa

1960 1363 2079 1432 ejus
2112 1364 2420 1434 ;justitiam
2458 1377 2609 1428 vero,
2658 1364 2783 1433 quia
2831 1379 2929 1416 nos
2962 1362 3272 1431 captivitate
3319 1362 3521 1441 injuste

1960 1456 2206 1511 detentos
2240 1455 2485 1510 redemit.
2522 1456 2656 1509 Deus
2690 1473 2850 1526 usque
2885 1456 2940 1508 in
2983 1456 3267 1508 altissima.
3295 1458 3523 1508 Annuu-

1962 1547 2130 1609 tiabo,
2176 1548 2373 1616 inquit,
2416 1547 2556 1615 quod
2600 1563 2704 1601 non
2740 1546 2900 1601 modo
2950 1555 3182 1609 terrena,
3218 1547 3310 1600 sed
3356 1546 3519 1598 etiam

1963 1641 2201 1695 caalestia
2221 1655 2313 1709 per
2336 1640 2610 1709 proprium
2642 1639 2957 1709 sanguinem
2992 1637 3310 1691 redemeris.
3336 1637 3523 1690 Simile

1948 1732 2141 1787 autem
2175 1744 2255 1787 est
2286 1734 2361 1786 illi
2392 1752 2404 1787 :
2440 1732 2701 1797 Quoniam
2722 1741 2769 1795 et
2794 1733 2908 1800 ipsa
2939 1740 3180 1784 creatura
3214 1728 3522 1783 liberabitur

1965 1840 1998 1876 a
2039 1825 2284 1877 servitute
2323 1825 2668 1891 corruptionis
2704 1824 2770 1903 ξ’.
2821 1817 2959 1876 Heus
3001 1825 3116 1895 quis
3152 1825 3342 1877 similis
3381 1822 3523 1879 tibi?

300 1901 406 1969 τῆς
423 1900 704 1969 δουλείας
733 1902 841 1972 τῆς
865 1904 1107 1973 φθορᾶς.
1127 1906 1188 1959 '0
1210 1908 1372 1974 Θεὸς,
1401 1909 1490 1974 τίς
1518 1909 1715 1979 ὅμοιός
1744 1928 1863 1975 0'01,-

1966 1914 2179 1969 Gratias
2195 1916 2325 1985 agit,
2344 1914 2511 1984 quod,
2527 1890 2739 1969 etiamsi
2763 1914 2890 1968 olim
2920 1885 3112 1968 mei-ito
3132 1914 3336 1983 peccati
3358 1930 3523 1969 causa

303 1994 625 2064 Εὑχαριστεί
662 1996 746 2063 ἐφ’
774 1992 875 2061 οἷς,
912 1999 1086 2050 καίτοι
1114 1998 1281 2052 πάλαι
1324 2000 1409 2054 διὰ
1456 2000 1551 2072 τὴν
1596 2003 1864 2075 ἁμαρτίαν

304 2088 519 2153 δικαίως
563 2089 1086 2161 καταδεδικασμένος
1123 2092 1354 2165 θανάτῳ,
1385 2096 1483 2149 οὑκ
1511 2097 1864 2167 ὲναπέμεινεν

304 2179 375 2250 τῷ
407 2179 651 2251 θανάτῳ·
676 2181 810 2235 ἀλλὰ
839 2185 903 2252 τῇ
929 2181 1021 2235 τοῦ
1048 2183 1181 2236 Θεοῦ
1214 2184 1589 2259 φιλανθρωπία
1608 2187 1865 2240 ἀπολέλυ-

305 2288 387 2329 ται
410 2271 497 2325 διὰ
518 2272 752 2344 Χριστοῦ
781 2273 881 2345 τῆς
904 2273 1128 2345 φθορᾶς.

400 2369 562 2432 Οσας
600 2365 835 2432 ἕδειξὰς
864 2384 967 2435 μοι
1014 2368 1248 2437 θλίψεις
1290 2369 1522 2436 πολλάς
1542 2387 1560 2435 ;
1588 2371 1728 2425 Οίων
1756 2373 1864 2444 γάρ

308 2474 368 2528 με
414 2458 510 2510 καὶ
559 2458 698 2510 ὅσων
748 2461 940 2529 πεῖραν
989 2458 1171 2513 λαϐεῖν
1214 2460 1469 2532 ἐποίησας
1502 2463 1720 2528 κακῶν;
1753 2465 1862 2519 Kal

304 2548 662 2617 ἐπιστρέψας
689 2549 1086 2619 ἐζωοποίησάς
1104 2567 1199 2620 με,
1237 2552 1332 2607 καὶ
1352 2554 1419 2606 ἐκ
1439 2553 1553 2607 τῶν
1580 2556 1865 2610 ἀϐύσσων

305 2635 408 2704 τῆς
445 2636 559 2707 γῆς
601 2636 896 2708 ἀνήγαγες
938 2640 1455 2708 με.Ἑπλεόνασας
1483 2640 1573 2691 ἐπ’
1604 2639 1706 2709 ἐμὲ
1750 2641 1865 2708 τὴν

299 2730 720 2797 μετηλοσύνην
752 2746 886 2793 σου,
923 2731 1020 2783 καὶ
1052 2730 1418 2798 ἐπιστρέψας
1452 2731 1863 2800 παρεκάλεσάς

297 2837 388 2889 με.
405 2821 461 2873 '0
484 2820 878 2892 διπλασιασμὸς
909 2821 1050 2875 ἔοικε
1080 2822 1361 2892 σημαίνειν
1389 2822 1484 2893 τὴν
1514 2824 1605 2876 ἐπὶ
1632 2827 1742 2887 τοῖς
1772 2842 1854 2894 με·

302 2913 367 2967 τὰ
395 2914 455 2966 τὸ
488 2912 768 2984 βάπτισμα
799 2914 1228 2986 πλημμελήμασι
1260 2916 1549 2988 γινομένην
1579 2918 1864 2986 μετάνοιαν

302 3003 489 3076 δεκτήν
532 3006 795 3075 ὑπάρχειν
848 3005 944 3077 τῷ,
986 3007 1060 3070 ὡς
1107 3006 1343 3078 εἴρηται,
1379 3007 1727 3061 πλεονάσαντι
1778 3011 1862 3078 ἐφ’

304 3099 445 3168 ἡμᾶς
484 3097 582 3170 τὴν
617 3098 779 3151 αὑτοῦ
808 3099 1116 3170 ἁγαθὸτητά
1154 3118 1211 3152 τε
1251 3101 1344 3153 καὶ
1381 3101 1740 3172 δικαιοσύνην.
1775 3100 1864 3170 Διρ

1966 2017 2140 2060 morte
2174 2006 2466 2061 damnatus
2500 2009 2590 2074 sit,
2615 2022 2720 2061 non
2749 2007 2802 2059 in
2829 2010 3001 2059 morte
3030 2006 3353 2060 remanserit
3382 2022 3397 2069 ;
3430 2009 3523 2061 sed

1963 2098 2058 2154 Dei
2088 2101 2371 2154 clementia
2402 2115 2497 2170 per
2528 2099 2805 2154 Christum
2841 2098 3103 2153 liberatus
3144 2098 3216 2153 sit
3263 2113 3294 2152 a
3336 2112 3527 2153 corru-

1962 2191 2165 2259 ptione.

2033 2364 2122 2430 20,
2147 2366 2234 2420 2|.
2278 2365 2513 2431 Quantas
2536 2366 2810 2418 ostendisti
2838 2365 2965 2418 nti/ti
2997 2364 3362 2418 tribulationes
3384 2363 3524 2429 mit!-

1965 2467 2046 2513 tas
2074 2461 2098 2511 .9
2123 2460 2375 2524 Qualium
2415 2474 2500 2513 me
2538 2468 2979 2528 quantorumque
3003 2458 3271 2511 malorum
3303 2459 3523 2527 experi-

1965 2559 2203 2603 mentum
2263 2565 2476 2603 sumere
2526 2548 2754 2604 fecisti?
2796 2548 2865 2602 Et
2924 2565 3198 2602 conversus
3246 2549 3524 2616 viviﬁcasti

1965 2657 2066 2705 me,
2095 2649 2144 2695 et
2176 2640 2237 2693 de
2275 2640 2474 2708 ubyssis
2506 2649 2657 2693 terra:
2694 2640 2885 2693 iterum
2911 2632 3166 2692 reduxisti
3204 2655 3303 2693 me.
3339 2637 3525 2691 Multi-

1965 2733 2175 2803 plicasti
2204 2732 2648 2802 magniﬁcentiam
2683 2742 2851 2796 tuam,
2883 2742 2932 2785 et
2968 2749 3242 2787 conversus
3282 2731 3522 2786 consolao

1966 2835 2049 2877 tus
2075 2841 2127 2878 es
2155 2840 2253 2879 me.
2283 2823 2549 2893 Repetitio
2572 2825 2783 2878 videtur
2804 2823 3124 2894 signiﬁcare,
3151 2824 3525 2893 penitentiam

1963 2917 2029 2969 de
2059 2918 2291 2986 peccatis
2325 2924 2447 2985 post
2486 2915 2814 2984 baptismum
2861 2916 3114 2969 admissis
3165 2926 3439 2985 acceptam
3474 2915 3523 2970 ei

1963 3024 2103 3072 esse,
2144 3009 2258 3077 qui,
2306 3018 2367 3062 ut
2404 3009 2606 3062 dictum
2633 3015 2736 3068 est,
2789 3008 3168 3076 multiplicavit
3212 3024 3374 3078 super
3422 3022 3525 3064 nos

1964 3101 2255 3155 bonitatem
2308 3110 2360 3153 et
2407 3100 2672 3169 justitiam
2721 3116 2895 3155 suam.
2957 3098 3294 3169 Quapropter
3348 3100 3522 3170 prius,

306 3190 566 3262 πρότερον
600 3193 696 3260 μὲν
725 3190 805 3254 τὸ,
833 3188 1234 3259 ἐζωοποίησάς
1260 3208 1356 3261 με,
1401 3192 1475 3256 ὡς
1513 3193 1603 3244 ἐπὶ
1634 3192 1861 3259 ἀναγενο

1966 3192 2242 3261 ciriﬁcasti
2277 3208 2375 3251 me,
2414 3193 2570 3261 quasi
2605 3193 2671 3246 de
2713 3192 3122 3263 regeneratione
3166 3191 3370 3246 dictum
3397 3200 3478 3246 est
3507 3210 3521 3245 :

304 3283 506 3353 νήσεως
552 3284 764 3354 είρηται
788 3300 801 3312 ⁸
838 3282 1086 3354 δεύτερον
1123 3284 1179 3336 δὲ
1221 3288 1302 3343 τὸ.
1330 3284 1764 3352 παρεκάλεε-ας,
1791 3282 1865 3346 ὡς

304 3375 391 3427 ἐπὶ
435 3374 910 3445 κιταπονουμένου
960 3377 1025 3446 τῇ
1057 3374 1165 3429 τῶν
1199 3375 1604 3446 ἁμαρτημάτων
1638 3373 1863 3444 ἀθυμίᾳ.

308 3466 455 3518 Ἔστι
487 3465 668 3536 μέντοι
690 3467 783 3518 καὶ
810 3466 901 3518 ἐπὶ
927 3466 1023 3536 τῆς
1044 3465 1103 3530 ἐξ
1128 3466 1397 3533 Αἰγύπτου
1426 3466 1522 3535 μὲν
1548 3462 1865 3536 λυτρώσεως

303 3557 366 3609 τὰ
394 3558 637 3628 πρότερα
680 3557 774 3628 μὲν
810 3556 1145 3623 ἐκδέξασθαι,
1174 3559 1265 3610 ἐπὶ
1302 3559 1398 3630 τῆς
1430 3557 1522 3610 τοῦ
1565 3557 1767 3629 Κυρίου
1809 3556 1865 3609 δὲ

304 3648 605 3721 παρουσίας
645 3648 714 3702 τὰ
759 3649 981 3721 δεύτερα
1021 3650 1231 3721 νοῆσαι,
1265 3651 1351 3703 ὅτε
1391 3651 1484 3704 καὶ
1525 3651 1557 3721 ὴ
1599 3648 1865 3720 παντελὴς

305 3743 429 3812 ἡμῖν
460 3741 651 3810 γέγονε
686 3743 1045 3814 παράκλησις.
1074 3745 1137 3796 Ol
1164 3742 1271 3815 γὰρ
1298 3741 1356 3806 ἐξ
1382 3743 1654 3812 Αἰγύπτου
1684 3740 1865 3812 ἐξελη-

303 3833 541 3899 λυθότες,
572 3837 619 3888 εί
652 3836 747 3888 καὶ
772 3835 1113 3909 tegeaeum
1133 3834 1226 3888 τοῦ
1254 3835 1586 3906 προσκαίρου
1612 3833 1863 3895 θανάτου,

304 3928 411 3981 ἀλλ’
440 3928 746 3981 ὑπέπιπτον
780 3927 857 3999 τῷ
890 3930 1108 4001 αἰωνίῳ,
1140 3928 1215 3992 ὡς
1251 3926 1471 3998 μηδέπω
1511 3926 1607 3997 τῆς
1633 3926 1867 3980 ἀναστά-

306 4037 437 4084 σεως
469 4020 676 4092 536mm
684 4022 872 4092 μένης.

368 4112 480 4164 Kal
514 4110 623 4179 γὰρ
657 4111 771 4181 ἐγὼ
808 4109 1321 4181 ἐξομολογήσομαί
1370 4125 1467 4164 σοι
1507 4110 1576 4163 ἐν
1620 4110 1867 4163 σκεύεσι

303 4202 545 4271 ψαλμοῦ
575 4202 691 4270 τὴν
719 4203 1007 4269 ἀλήθειάν
1048 4220 1183 4266 σου,
1223 4207 1254 4257 d
1283 4205 1445 4270 Θεός.
1475 4201 1649 4267 Οὕτω,
1682 4202 1864 4272 φησὶν,

304 4296 535 4364 ἐμαυτὸν
583 4298 983 4367 παρασκευάσω
1012 4295 1101 4350 διὰ
1142 4298 1240 4368 τῆς
1277 4295 1709 4367 ἐξομολογήσεως
1750 4296 1868 4346 ἐπι-

303 4388 507 4457 τήδειον
530 4389 820 4459 γενηθῆναι
849 4389 983 4458 πρὸς
1012 4387 1074 4441 τὸ
1106 4387 1297 4450 σκεῦος
1320 4388 1348 4440 ὑ
1358 4385 1637 4457 μνολογίας
1664 4383 1867 4455 κληθῆ-

303 4496 407 4534 ναι.
442 4482 504 4534 El
529 4481 587 4533 δὲ
620 4481 808 4545 σκεῦος
841 4481 1101 4552 κληθῆναι
1132 4479 1361 4549 ἐκλογῆς
1387 4478 1653 4539 λέλεκται,
1679 4478 1864 4548 δηλον-

1968 3284 2206 3339 seeundo
2236 3293 2438 3350 autem,
2478 3284 2774 3337 consolatus
2819 3301 2870 3337 es
2909 3300 3006 3349 me,
3046 3286 3202 3352 quasi
3231 3285 3297 3338 de
3340 3298 3405 3339 eo
3442 3283 3526 3338 (li-

1970 3388 2115 3431 ctum
2147 3388 2231 3432 est
2259 3378 2349 3447 qui
2387 3377 2608 3431 admissi
2645 3377 2850 3447 peccati
2882 3377 3098 3432 tristitia
3122 3376 3352 3431 laborat.
3388 3374 3525 3430 Pos-

1972 3478 2101 3524 sunt
2126 3470 2288 3522 etiam
2313 3469 2492 3538 priora
2517 3468 2584 3522 de
2613 3468 2935 3523 liberatione
2956 3484 3022 3522 ex
3059 3466 3292 3538 Egypto
3323 3467 3523 3521 intelli-

1966 3562 2040 3632 gi,
2060 3571 2125 3615 .et
2146 3561 2381 3616 secunda
2406 3561 2470 3614 de
2504 3559 2713 3613 Domini
2744 3560 2974 3614 adventu
2998 3560 3276 3628 explicari,
3307 3559 3525 3629 quando

1966 3652 2125 3707 nobis
2149 3653 2304 3723 plena
2343 3651 2645 3707 consolatio
2684 3649 2807 3704 fuit.
2839 3649 2943 3716 Qui
2986 3652 3131 3705 enim
3177 3666 3244 3706 ex
3289 3648 3525 3722 Egypto

1966 3746 2170 3816 egressi
2219 3751 2379 3807 sunt,
2440 3744 2539 3797 etsi
2595 3742 2807 3797 liberati
2847 3742 3064 3797 fuerunt
3107 3758 3137 3795 a
3176 3752 3523 3811 temporanea

1966 3848 2162 3903 morte,
2192 3847 2246 3891 at
2269 3837 2579 3891 inciderunt
2608 3837 2662 3890 in
2692 3846 2973 3902 aeternam,
3007 3850 3131 3890 eum
3164 3835 3406 3890 nondum
3438 3851 3526 3889 re-

1967 3931 2318 3987 surrectionis
2345 3931 2513 4002 gratia
2540 3930 2661 3984 data
2685 3937 2828 3983 esset

2035 4109 2125 4164 2'2.
2171 4106 2312 4161 Nam
2361 4115 2410 4160 et
2455 4121 2548 4175 ego
2592 4102 2875 4172 confitebor
2927 4100 3022 4155 tibi
3060 4101 3117 4155 in
3153 4099 3295 4154 uasis
3330 4099 3525 4169 psalmi

1967 4206 2234 4257 veritatem
2268 4209 2434 4261 tuam,
2466 4196 2627 4251 Deus.
2656 4195 2759 4261 Me,
2784 4194 2979 4265 inquit,
3004 4209 3100 4263 per
3125 4191 3524 4249 confessionem

1966 4297 2039 4351 ita
2084 4293 2380 4359 adornabo,
2424 4299 2484 4345 ut
2535 4301 2692 4359 aptus
2732 4289 2834 4342 sim
2882 4288 2974 4358 qui
3015 4302 3110 4342 vas
3170 4285 3528 4357 hymnologite

1967 4388 2220 4459 appeller.
2269 4384 2421 4452 Quod
2467 4383 2512 4438 si
2543 4384 2721 4437 dictus
2756 4390 2838 4436 est
2873 4397 2968 4436 vas
2997 4380 3296 4445 electionis,
3349 4380 3528 4435 dictus

1966 4489 2050 4535 est
2081 4480 2244 4533 etiam
2276 4494 2371 4532 vas
2395 4477 2776 4548 hymnologiaa.
2810 4473 3050 4528 Psallam
3083 4473 3177 4527 tibi
3214 4473 3268 4526 in
3294 4472 3523 4528 cithara.

303 4573 382 4627 ὁτι
406 4574 503 4627 καὶ
534 4573 724 4638 σκεῦος
755 4574 1091 4645 ὑμνολογίας.
1118 4572 1295 4628 Ψαλῶ
1325 4588 1422 4626 σοι
1449 4572 1518 4623 ὲν
1544 4568 1863 4640 κιθάρᾳ.Τῇ

1968 4571 2195 4632 Animae,
2229 4568 2429 4638 inquit,
2455 4576 2742 4622 concentu.
2785 4564 2922 4619 Cum
2956 4563 3099 4619 enim
3132 4563 3221 4617 illa
3256 4563 3391 4616 nihil
3422 4561 3525 4616 sibi

306 4665 400 4736 τῆς
442 4666 622 4737 ψυχῆς
671 4667 900 4738 ἁρμονίᾳ
946 4667 1138 4737 φησίν*
1180 4667 1347 4719 Ὅταν
1377 4664 1484 4736 γάρ
1517 4664 1681 4734 μηδὲν
1716 4664 1863 4715 ὲναν-

1969 4664 2327 4728 contrarium,
2371 4661 2484 4716 sive
2516 4659 2812 4715 secundum
2852 4658 3042 4721 vitam,
3080 4657 3193 4712 sive
3227 4656 3526 4712 secundum

304 4758 408 4812 τίον
438 4760 603 4830 ἑαυτῇ
636 4759 772 4830 μήτε
799 4757 940 4812 κατὰ
969 4757 1059 4812 τὸν
1082 4758 1192 4829 βίον
1221 4759 1355 4829 μήτε
1381 4758 1509 4829 περὶ
1534 4758 1603 4809 τὰ
1625 4756 1863 4826 δόγματα

1969 4755 2268 4811 doctrinam
2293 4753 2484 4808 fecerit
2510 4759 2603 4805 aut
2633 4766 2794 4822 passa
2825 4748 3011 4815 fuerit,
3048 4758 3177 4805 tunc
3207 4764 3340 4805 sane
3367 4748 3529 4819 spiri-

309 4850 428 4919 ποιῇ
476 4848 724 4920 ἢπάσχῃ
755 4850 788 4918 ἠ
822 4848 986 4921 ψυχὴ,
1021 4849 1141 4903 τότε
1186 4849 1251 4921 δὴ
1294 4850 1415 4903 τότε
1461 4848 1625 4919 νοητὴ
1663 4845 1863 4917 κιθάρα

1972 4846 2132 4902 tualis
2161 4846 2364 4901 cithara
2392 4844 2515 4914 jure
2541 4842 2859 4913 appelletur.

308 4939 524 5011 κληθείη
552 4941 795 5005 δικαίως.

382 5032 870 5103 Ἀγαλλιάσονται
900 5033 971 5087 τὰ
994 5034 1166 5103 χείλη
1188 5051 1327 5103 μου,
1367 5032 1513 5086 ὅταν
1546 5031 1721 5100 ψαλῶ
1744 5047 1862 5086 σοι.

309 5122 469 5177 Τοῦτο
513 5125 649 5196 πρὸς
682 5124 1082 5198 ἀντιδιαστολὴν
1112 5124 1206 5179 τοῦ
1254 5125 1420 5195 νόμου
1461 5123 1706 5176 λέλεκται
1725 5140 1739 5153 ο
1786 5123 1869 5176 ὅτι

310 5215 482 5270 ἐκεῖνα
506 5218 605 5289 μὲν
629 5218 698 5272 τὰ
725 5218 1071 5289 ἐπιτάγματα
1098 5214 1166 5290 ἦν
1195 5217 1446 5289 φορτικὰ,
1480 5216 1555 5280 ὡς
1584 5216 1870 5287 δυσκατόρ-

311 5306 467 5372 θωτα,
495 5310 667 5364 ταῦτα
692 5310 748 5364 δὲ
781 5311 993 5383 χρηστά
1023 5328 1082 5363 τε
1124 5311 1215 5364 καὶ¹
1256 5308 1483 5380 ἐλαφρά,
1516 5309 1590 5371 ὡς
1634 5308 1727 5361 καὶ
1751 5307 1869 5379 ἡδο-

312 5401 400 5470 νῆς
445 5402 867 5474 ἀποπληροῦντα
909 5404 1034 5466 τοὺς
1072 5401 1396 5469 ἀξιωθέντας
1443 5400 1641 5454 αὐτῶν.
1693 5399 1802 5453 Kal
1829 5400 1868 5467 ἡ

315 5495 471 5561 Ψυχή
502 5513 621 5564 μου
676 5492 758 5561 ἦν
805 5493 1117 5562 ἐλυτρώσω
1136 5534 1151 5559 ,
1177 5494 1277 5565 τῆς
1314 5492 1583 5565 ἁμαρτίας
1616 5490 1715 5561 τῆς
1744 5490 1870 5559 φθο-

319 5586 430 5655 ρᾶς,
458 5589 551 5659 τῆς
579 5587 826 5651 δουλείας
849 5587 941 5641 τοῦ
977 5590 1211 5653 Σατανᾶ,
1240 5586 1332 5641 τοῦ
1357 5584 1585 5640 θανάτου
1611 5581 1795 5637 αὑτοῦ.

379 5857 423 5892 ⁸⁵
468 5859 619 5916 Rom.
652 5870 844 5921 xm",
872 5855 962 5910 21.

1971 5026 1989 5042 ”
2040 5024 2131 5079 2'5.
2177 5022 2530 5079 Easultabunt
2580 5022 2724 5076 labia
2761 5038 2878 5075 mea
2919 5037 3038 5075 cum
3088 5028 3366 5074 cantavero
3412 5019 3524 5073 tibi.

1974 5115 2086 5171 Hoc
2111 5116 2188 5170 ait
2210 5116 2277 5170 ad
2307 5115 2599 5169 discrimen
2630 5113 2784 5185 legis,
2821 5112 2949 5182 quia
2982 5111 3102 5182 ejus
3142 5111 3358 5179 quidem
3391 5123 3526 5177 prae~

1973 5218 2127 5279 cepta
2173 5222 2402 5263 onerosa
2449 5216 2604 5261 erant
2647 5213 2701 5262 et
2748 5205 3040 5261 observato
3092 5201 3344 5257 diﬂicilia.
3406 5199 3529 5255 llaec

1975 5310 2155 5357 autem
2188 5307 2472 5353 mansueta
2500 5314 2564 5353 ac
2601 5299 2738 5353 levia
2761 5306 2907 5362 sunt,
2946 5298 3020 5351 ita
3058 5305 3119 5350 ut
3162 5306 3256 5347 eos
3285 5292 3379 5361 qui
3422 5292 3527 5347 ill':s

1975 5393 2179 5466 dignati
2212 5402 2340 5448 sunt
2358 5396 2630 5462 voluptate
2659 5392 2916 5461 repleam.
2942 5390 3008 5444 Et
3032 5387 3208 5440 anima
3229 5401 3341 5438 mea
3371 5401 3526 5455 quam

1975 5486 2260 5553 redemisti,
2290 5500 2319 5538 a
2350 5492 2571 5555 peccato
2601 5481 2985 5554 corruptionis,
3014 5494 3043 5533 a
3076 5478 3335 5534 servitute
3375 5477 3524 5533 Sata-

1976 5594 2080 5640 nae.
2107 5578 2175 5635 ab
2200 5578 2315 5649 ipsa
2346 5586 2532 5634 morte.
