3976 6220
388 379 491 434 523

453 493 545 547 24.
588 493 693 548 διά
730 502 781 546 et
819 492 1000 562 lingua
1035 508 1147 545 mea
1180 500 1290 544 tota
1314 491 1398 544 die
1436 490 1776 543 meditabitur
1796 489 1957 558 justi-
1984 497 2029 552 Α

394 587 527 639 tiam
556 594 723 648 tuam,
755 601 872 637 cum
911 584 1117 649 confusi
1156 592 1203 638 et
1235 583 1444 637 reveriti
1469 583 1661 652 fuerint
1694 581 1783 650 qui
1811 596 1955 650 quoe-

385 676 670 733 ﬁtnimala
686 677 837 732 mihi.
862 677 997 733 Cum
1031 677 1343 747 spirituales
1366 675 1571 730 inimici
1599 673 1726 737 mei,
1750 673 1949 742 inquit,

386 769 454 823 de
500 768 679 824 medio
721 769 942 835 sublati,
979 776 1034 822 et
1066 769 1160 838 qui
1194 767 1247 821 in
1293 767 1489 837 abysso
1529 765 1780 820 habitant
1814 762 1958 817 inla-

386 860 496 915 mia
530 871 585 917 et
617 862 820 932 pudore
848 860 1023 915 allecti
1058 859 1296 915 fuerint:
1325 867 1474 922 tunc,
1508 867 1696 929 utpote
1735 856 1956 911 nemine

387 951 530 1008 ultra
570 953 960 1023 praepediente;
1005 967 1281 1023 nunquam
1320 950 1568 1016 cessabo,
1626 948 1872 1013 Domine,
1906 956 1957 1001 te

387 1044 607 1116 hymnis
628 1046 927 1099 celebrare.

491 1138 545 1192 1.
574 1135 640 1191 1η
666 1133 1091 1207 ﬁnem,PSALM
1099 1132 1186 1188 US
1218 1132 1388 1186 David
1412 1133 1466 1187 in
1496 1130 1847 1187 Salomonem.
1916 1174 1956 1203 Α

1068 1220 1280 1281 LXXI.

973 1322 1378 1391 Argumentum.
1412 1340 1420 1346 ·

387 1418 670 1474 Adventus
700 1413 907 1470 Christi
968 1413 1122 1468 hisce
1190 1409 1550 1481 signiﬁcatur,
1580 1424 1791 1465 necnon
1827 1423 1958 1478 gen.

459 1510 595 1564 tium
636 1508 869 1563 vocatio.
926 1506 983 1562 In
1027 1504 1374 1560 Salomonem
1419 1513 1597 1558 autem
1643 1502 1987 1559 inscribitur'

458 1600 727 1670 psalmus.
772 1595 871 1652 l-lic
901 1597 1047 1651 enim
1080 1611 1243 1650 verus
1263 1604 1347 1649 est
1388 1591 1641 1648 Salomon
1676 1592 1952 1663 pacilicus,

459 1694 587 1765 quia
623 1691 754 1747 fecit
791 1699 1025 1759 utraque
1077 1704 1284 1755 unum,
1321 1696 1376 1742 et
1406 1686 1640 1741 medium
1691 1685 1953 1756 parietem

456 1785 707 1839 maceriae
733 1783 897 1838 solvit
928 1783 996 1836 “.
1177 1786 1184 1792 '

456 1876 511 1931 2.
542 1874 705 1939 Deus,
722 1874 987 1943 judicium
1020 1882 1168 1926 tuum
1199 1873 1307 1943 regi
1353 1873 1443 1925 da.
1490 1871 1808 1939 Decrevisti,
1865 1871 1951 1926 in-

389 1968 527 2038 quit,
564 1983 597 2021 o
634 1966 816 2033 Pater,
861 1975 920 2020 ut
950 1963 1276 2035 Unigenitus
1306 1974 1434 2018 tuus
1458 1964 1691 2019 illustret
1738 1979 1834 2019 eos
1855 1963 1950 2034 qui

389 2068 520 2114 sunt
551 2059 605 2113 in
640 2067 807 2113 terra.
850 2054 907 2111 Id
967 2057 1131 2127 igitur
1152 2055 1264 2125 jam
1307 2055 1437 2109 olim
1470 2070 1499 2109 a
1532 2065 1583 2108 te
1623 2055 1949 2125 judicatum,

388 2166 535 2206 nunc
566 2165 881 2220 exsequere.
915 2146 983 2203 Et
1009 2149 1284 2219 justitiam
1313 2156 1458 2200 tuam
1486 2146 1599 2215 [ilio
1631 2148 1783 2217 regis.
1815 2147 1949 2201 Cum

391 2243 510 2304 ipse
543 2241 615 2295 sit
639 2240 854 2309 justitia
881 2239 1078 2306 Patris,
1105 2246 1326 2309 propter
1358 2237 1656 2291 humanam
1700 2246 1951 2291 naturam
1998 2228 2001 2233 ’

388 2331 881 2402 diciturjustitiam
921 2330 1219 2400 accepisse.
1254 2328 1374 2399 Ipse
1420 2337 1602 2383 autem
1666 2338 1752 2383 est
1794 2326 1955 2382 Chri-

387 2432 506 2476 stus
535 2418 650 2476 Bex
678 2429 732 2474 et
759 2419 905 2475 ﬁlius
928 2421 1091 2492 regis.
1146 2417 1401 2473 Judicare
1440 2417 1687 2488 populum
1726 2427 1872 2470 tuum
1897 2418 1953 2470 in

377 2512 618 2585 justitia.
648 2510 774 2567 Haec
806 2520 891 2567 est
923 2526 1090 2568 causa
1146 2510 1539 2566 incarnationis
1589 2510 1655 2563 ad
1703 2509 1955 2578 judican-

388 2603 514 2659 dam
559 2604 767 2661 scilicet
816 2604 1032 2658 Satanae
1077 2602 1365 2658 adversum
1416 2616 1516 2656 nos
1555 2602 1950 2671 arrogantiam;

387 2712 557 2768 quare
582 2712 706 2751 cum
736 2696 1047 2767 propediem
1077 2695 1478 2766 cruciﬁgendus
1512 2705 1679 2758 esset,
1737 2696 1949 2749 aiebat:

388 2788 544 2844 Nunc
558 2788 820 2858 judicium
843 2787 1092 2858 esthujus
1117 2788 1322 2852 mundi,
1361 2803 1498 2841 nunc
1525 2787 1766 2855 princeps
1794 2786 1950 2855 hujus

386 2883 568 2938 mundi
592 2882 839 2952 ejicietur
860 2880 1009 2951 foras
1041 2881 1109 2935 ⁵⁷.

454 3062 510 3116 5.
543 3059 848 3130 Suscipiunt
873 3068 1073 3114 montes
1109 3074 1292 3129 pacem
1338 3057 1553 3129 populo,
1585 3065 1633 3112 et
1659 3058 1818 3112 colles
1858 3058 1953 3126 ju-

1195 377 1252 432 S.
1294 376 1662 432 ATHANASII
1702 374 1852 432 OPP.
1898 375 2080 431 PARS
2120 377 2208 432 lli.
2252 407 2321 419 --
2359 375 2773 435 EXEGETICA.

3513 378 3619 432 5ἓὶ

2130 492 2257 545 Ἔτι
2300 489 2368 543 δὲ
2412 490 2505 544 καὶ
2553 490 2591 557 ἡ
2629 489 2881 558 γλῶσσά
2902 508 3021 561 μου
3064 489 3219 559 ὅλην
3248 489 3361 558 τὴν
3399 492 3628 562 ἡμέραν

2050 582 2370 652 μελετήσει
2396 580 2509 650 τὴν
2532 582 2922 652 δικαιοσύνην
2959 600 3095 648 σου,
3126 584 3271 638 ὅταν
3293 586 3628 657 αἰσχυνθῶ-

2057 692 2140 741 σι,
2185 677 2285 730 καί
2327 676 2702 744 ἐντραπῶσιν
2747 680 2797 731 οἱ
2835 676 3149 746 ζητοῦντες
3195 678 3269 733 τὰ
3314 678 3467 734 κακά
3506 698 3623 747 μοι.

2058 763 2223 817 Ὅταν
2271 766 2335 817 ἐκ
2394 764 2557 835 μέσου
2605 765 2893 835 γένωνται,
2939 767 3125 837 φησὶν,
3192 769 3242 821 οἰ
3297 768 3476 841 νοητοί
3519 787 3623 842 μου

2058 853 2260 925 ἐχθροὶ,
2291 856 2385 907 καὶ
2415 854 2510 927 τὴν
2538 854 2767 910 ἄϐυσσον
2800 857 3075 921 οἰκοῦντες
3107 855 3505 928 περιϐάλωντᾶι
3540 862 3626 914 αἰ-

2059 947 2288 1019 σχύνην·
2337 947 2457 1001 τότε
2485 948 2569 1020 δὴ,
2598 949 2673 1014 ὡς
2722 948 2945 1022 μηδενὸς
2986 949 3066 1004 ἔτι
3109 950 3622 1023 παρεμποδίξοντος,

2057 1038 2458 1110 ἁκαταλήκτοις
2490 1039 2679 1111 ὕμνοις
2711 1041 2909 1095 αἰνέσω
2945 1058 3023 1106 σε,
3048 1040 3308 1099 Δέσποτα.

2057 1133 2161 1197 Εἰς
2192 1129 2258 1185 τὸ
2279 1129 2471 1197 τέλος,
2509 1134 2814 1186 ΨΑΛΜΟΣ
2841 1132 2920 1198 τῷ
2952 1133 3131 1187 Δαυῖὂ
3156 1136 3242 1200 εἱς
3275 1136 3621 1206 Σολομῶνα.

2070 1233 2074 1237 ’
2778 1228 2903 1279 OA'.

2678 1317 2999 1385 Ὑπόθεσις.

2056 1402 2333 1478 Παρουσία
2357 1405 2592 1478 Χριστοῦ
2630 1406 2719 1461 διὰ
2760 1408 2867 1462 τῶν
2906 1407 3187 1481 παρόντων
3225 1408 3623 1483 κατασημαίνε⁹

2125 1516 2235 1561 ται,
2276 1500 2370 1553 καὶ
2404 1499 2591 1571 κλῆσις
2621 1499 2808 1554 ἐθνῶν.
2838 1502 2931 1564 Εἰς
2963 1500 3219 1573 Σαλομὼν
3243 1502 3300 1558 δὲ
3330 1503 3625 1577 ἐπιγέγρα-

2127 1609 2255 1646 πται
2281 1594 2310 1645 ὀ
2338 1590 2569 1663 ψαλμός.
2596 1588 2760 1656 Οὗτος
2805 1592 2914 1665 γάρ
2944 1594 3091 1647 ἐστιν
3121 1594 3325 1667 ἀληθὴς
3362 1596 3623 1668 Σαλομὼν

2125 1680 2156 1735 ὁ
2187 1685 2474 1757 εἰρηναῖος,
2496 1683 2628 1738 διότι
2656 1681 2750 1738 καὶ
2783 1685 3078 1756 πεποίηκεν
3107 1686 3165 1739 ἓν
3189 1687 3495 1760 ἀμφότερα,
3524 1693 3622 1744 καὶ

2125 1773 2187 1826 τὸ
2219 1776 2533 1847 μεσότοιχον
2557 1777 2650 1830 τοῦ
2682 1776 2938 1850 φραγμοῦ
2968 1777 3142 1833 Eluas!

2139 1867 2201 1920 '0
2234 1867 2377 1935 Θεὸς
2403 1869 2469 1922 τὸ
2497 1868 2675 1938 κρῖμά
2694 1885 2809 1925 σου
2829 1869 2909 1935 τῷ
2923 1870 3175 1935 ,ϐασιλεῖ
3200 1871 3324 1940 δός.
3355 1874 3619 1947 Κέκριταί

2054 1976 2156 2028 σοι,
2187 1962 2367 2034 φησὶν,
2397 1956 2442 2015 ὧ
2468 1962 2670 2034 Πάτερ,
2696 1962 2787 2015 τὸν
2821 1967 3081 2035 μονογενῆ
3117 1983 3209 2020 σου
3236 1966 3363 2020 Υἰὸν
3386 1966 3618 2037 ἐπιλάμ-

2051 2054 2149 2124 ψαι
2169 2057 2281 2118 τοῖς
2314 2055 2407 2109 ἐπὶ
2432 2054 2553 2125 γῆς.
2586 2054 2756 2109 Τοῦτο
2781 2051 2894 2122 οὖν,
2922 2057 3073 2129 φησὶ,
3101 2057 3161 2110 τὸ
3198 2058 3366 2112 πάλαι
3410 2059 3616 2132 κριθὲν,

2052 2147 2133 2209 εἰς
2165 2146 2339 2219 πέρας
2377 2146 2612 2215 ἀγέσθω.
2646 2147 2753 2201 Καὶ
2801 2148 2915 2217 τὴν
2962 2148 3355 2217 δικαιοσύνην
3393 2149 3473 2217 τῷ
3512 2151 3619 2217 υἱῷ

2051 2236 2159 2291 τοῦ
2180 2237 2503 2305 βασιλέως.
2531 2239 2700 2302 Αὐτὸς
2725 2238 2800 2292 ὢν
2841 2242 2875 2311 ή
2918 2240 3230 2313 δικαιοσύνη
3260 2239 3353 2294 τοῦ
3383 2241 3616 2314 Πατρὸς,

2050 2326 2394 2399 δικαιοσύνην
2436 2327 2650 2397 λέγεται
2696 2329 2973 2402 εἰληφέναι
3020 2322 3108 2385 διὰ
3153 2333 3215 2385 τὸ
3259 2331 3614 2405 ἀνθρώπινον.

2052 2416 2224 2483 Αὐτὸς
2252 2420 2308 2473 δέ.
2337 2421 2482 2473 ἐστιν
2528 2422 2556 2474 ὁ
2600 2422 2834 2494 Χριστὸς
2865 2424 2958 2477 καὶ
2985 2426 3013 2477 ό
3040 2423 3312 2494 βασιλεὺς,
3341 2426 3432 2479 καὶ
3455 2427 3482 2480 6
3505 2420 3618 2490 υἱὸς

2051 2505 2147 2563 τοῦ
2179 2508 2460 2580 βασιλέως.
2492 2512 2730 2580 Κρίνειν
2766 2512 2871 2567 τὸν
2896 2516 3050 2569 λαόν
3076 2532 3192 2569 σου
3218 2516 3289 2570 ἐν
3323 2515 3621 2571 δικαιοσύε

2051 2621 2149 2672 νη.
2178 2603 2327 2674 Αὕτη
2350 2605 2447 2675 τῆς
2477 2604 2937 2685 ενανθρωπήσεως
2967 2608 2999 2678 ἡ
3031 2608 3178 2662 αίτία
3219 2608 3280 2662 τὸ
3313 2613 3491 2681 κρῖναι
3518 2610 3617 2681 τὴν

2053 2696 2173 2750 καθ’
2201 2696 2357 2767 ἡμῶν
2411 2697 2719 2764 πλεονεξίαν
2763 2698 2854 2752 τοῦ
2898 2701 3135 2755 Σατανᾶ·
3182 2701 3260 2756 διὸ
3284 2702 3375 2755 καὶ
3409 2702 3619 2773 μέλλων

2054 2785 2414 2857 σταυροῦσθαι
2447 2785 2647 2857 ἔφασκε
2672 2805 2684 2817 ·
2715 2787 2845 2842 Νῦν
2878 2790 2917 2856 ἡ
2943 2789 3139 2858 κρίσις
3191 2791 3318 2844 ἐστί
3367 2792 3471 2847 τοῦ
3511 2786 3583 2845 κο
3604 2824 3616 2831 -

2053 2889 2210 2943 σμου
2252 2876 2494 2930 τούτουο
2543 2879 2576 2930 ό
2621 2876 2820 2947 ἅρχων
2858 2878 2961 2933 τοῦ
3004 2880 3234 2950 κόσμου
3272 2882 3482 2936 τούτου
3517 2882 3619 2936 ἐλ-⁹

2054 2968 2163 3033 6λη
2174 2964 2417 3035 θήσεται
2438 2967 2573 3032 ἔξω.

2135 3057 2489 3113 Ἀναλαϐἐτω
2534 3061 2605 3115 τὰ
2655 3061 2759 3131 ὅρη
2812 3063 3058 3133 εἰρήνην
3101 3059 3181 3130 τῷ
3230 3065 3377 3133 λαῷ,
3422 3068 3518 3122 καὶ
3563 3069 3617 3122 oi

390 3152 613 3206 stitiam.
660 3151 870 3205 Montes
897 3159 950 3205 et
973 3150 1141 3204 colles
1193 3150 1282 3203 hic
1328 3149 1670 3219 evangelicas
1718 3148 1950 3202 virtutes

2060 3150 2263 3212 βουνοί
2292 3151 2850 3226 δικαιοσύνην.”ορη
2892 3157 2985 3209 καί
3013 3155 3232 3227 βουνοὺς
3260 3158 3489 3213 ἐνταῦθα
3516 3159 3618 3223 τὰς

386 3254 561 3308 vocat.
590 3261 712 3316 qua:
766 3244 920 3311 olim,
956 3242 1027 3297 ob
1066 3241 1292 3297 effusam
1344 3241 1699 3310 impietatem,
1745 3248 1947 3295 terram

385 3351 494 3391 non
515 3336 842 3403 incolebant,
866 3348 1012 3388 nunc
1042 3343 1222 3388 autem
1247 3331 1417 3402 jussa:
1437 3339 1567 3386 sunt
1599 3346 1792 3401 pacem
1821 3347 1947 3386 cum

386 3428 706 3486 hominibus
743 3424 1119 3482 reconciliare.

452 3629 568 3685 ι-ο.
595 3628 864 3683 Judicabit
880 3643 1131 3699 pauperes
1154 3627 1356 3698 populi.
1384 3626 1669 3697 Pauperes
1702 3626 1950 3682 diciteos

384 3721 480 3790 qui
515 3720 928 3775 idololatrarum
977 3719 1074 3773 tilii
1103 3726 1281 3782 erant,
1318 3726 1369 3773 et
1414 3726 1572 3772 erant
1604 3717 1752 3770 omni
1804 3717 1950 3771 bono

383 3813 559 3883 egeni.
581 3813 692 3866 Aut
714 3811 1030 3866 universum
1060 3810 1343 3865 hominum
1370 3824 1563 3880 genus.
1589 3807 1724 3862 Nam
1758 3824 1949 3863 omnes

383 3903 826 3969 declinaverunt,
862 3902 1019 3972 juxta
1064 3900 1258 3973 psalmi
1309 3915 1499 3955 vocem
1525 3900 1571 3932 "
1606 3917 1619 3952 :
1658 3899 1725 3954 Et
1775 3900 1951 3953 humi-

387 3996 537 4050 Iiabit
568 3995 1028 4050 calumniatorem.
1056 3992 1345 4048 Diabolum
1391 3992 1545 4048 dicit.
1580 3990 1648 4046 Et
1675 4008 1947 4062 permane—

385 4088 461 4140 bit
508 4103 628 4141 cum
673 4086 800 4141 sole.
860 4084 919 4139 In
964 4086 1149 4140 omnia
1207 4085 1427 4151 saecula,
1490 4085 1689 4156 inquit,
1722 4099 1946 4155 regnum

382 4179 503 4248 ejus
547 4180 886 4234 extendetur.
921 4176 990 4231 Et
1013 4186 1134 4232 ante
1165 4176 1348 4230 lunam
1373 4178 1430 4230 in
1455 4179 1845 4248 generationem
1898 4186 1947 4230 et

383 4272 784 4338 generationem.
818 4267 946 4330 Iste,
976 4268 1176 4338 inquit,
1217 4268 1311 4337 qui
1360 4268 1417 4321 in
1464 4268 1697 4323 adventu
1734 4283 1835 4323 suo
1890 4268 1947 4321 in

383 4371 595 4416 terrena
626 4377 851 4432 regnum
869 4361 1127 4425 obtinuit,
1160 4361 1277 4430 ipse
1308 4370 1393 4417 est
1419 4371 1542 4416 ante
1567 4361 1767 4415 saecula
1795 4376 1949 4415 crea-

384 4458 471 4506 tor
496 4450 762 4507 omnium.
792 4450 1080 4505 Descendet
1104 4453 1239 4504 sicut
1290 4450 1470 4520 pluvia
1502 4452 1555 4504 in
1578 4451 1764 4506 relius.
1819 4450 1947 4506 Sine

2051 3242 2411 3312 εὐαγγελικὰς
2452 3244 2706 3316 δυνάμεις
2733 3249 2886 3317 φησὶ,
2915 3248 3011 3312 τὰς
3047 3249 3211 3303 πάλαι
3242 3250 3360 3321 μὲν,
3392 3250 3478 3305 διὰ
3516 3254 3618 3322 τὴν

2051 3335 2354 3407 κεχυμένην
2391 3337 2663 3402 ἀσέϐειαν,
2693 3339 2766 3411 μὴ
2814 3340 3277 3413 ἐπιχωριαζούσας
3303 3346 3368 3415 τῇ
3399 3347 3491 3416 γῇ,
3520 3344 3617 3398 νῦν

2049 3426 2105 3480 δὲ
2131 3429 2351 3501 εἰρήνην
2378 3431 2513 3503 πρὸς
2542 3432 2745 3497 πάντας
2769 3433 3083 3506 ἀνθρώπους
3108 3436 3503 3509 ἀναλαμϐάνειν
3526 3456 3623 3492 κει

2050 3518 2365 3590 λευομένας.

2119 3613 2324 3681 Κρινεῖ
2367 3615 2509 3683 τοὺς
2553 3618 2824 3686 πτωχοὺς
2867 3619 2972 3673 τοῦ
3012 3620 3184 3676 λαοῦ.
3225 3622 3466 3694 Πένητας
3506 3624 3615 3676 τῶν

2050 3701 2110 3771 ἐξ
2131 3707 2528 3781 εἰδωλολατρῶν
2550 3711 2801 3784 πατέρων
2824 3730 2895 3784 φη
2904 3714 2957 3766 at
2975 3712 3083 3766 τῶν
3104 3716 3482 3785 πτωχευόντων
3507 3718 3618 3769 ἀπὸ

2050 3799 2250 3864 παντὸς
2281 3799 2467 3864 καλοῦ,
2496 3802 2589 3854 καὶ
2622 3796 2850 3856 καθόλου
2884 3803 3098 3858 πάντων
3124 3805 3424 3877 ἀνθρώπων
3447 3805 3508 3861 τὸ
3532 3807 3618 3877 γέ-

2047 3908 2157 3957 νος.
2188 3892 2394 3958 Πάντες
2437 3893 2545 3964 γὰρ
2589 3895 2939 3950 ὲκκεκλίκασι
2967 3897 3107 3951 κατὰ
3136 3897 3234 3970 τὴν
3274 3897 3366 3951 τοῦ
3396 3898 3615 3971 ψαλμοῦ

2049 3984 2255 4055 φωνήν.
2283 3982 2393 4038 Καὶ
2425 3984 2773 4041 ταπεινώσει
2804 3986 3213 4058 συκοφάντην.
3243 3988 3347 4043 Τὸν
3372 3989 3618 4043 διάϐολόν

2048 4092 2234 4147 φησιν.
2282 4075 2393 4130 Καὶ
2426 4078 2878 4148 συμπαραμενεῖ
2917 4078 2997 4146 τῷ
3046 4081 3208 4148 ἡλίῳ.
3257 4081 3348 4145 Εἰς
3390 4081 3613 4147 αἰῶναῖ,

2047 4168 2232 4236 φησὶν,
2268 4168 2299 4238 ἡ
2333 4167 2575 4238 βασιλεία
2603 4169 2765 4222 αὐτοῦ
2793 4170 3172 4243 ὲκταθήσεται.
3212 4170 3326 4225 Καὶ
3354 4171 3467 4240 πρὸ
3504 4172 3617 4239 τῆς

2047 4260 2313 4329 σελήνης
2340 4261 2547 4330 γενεὰς
2566 4261 2802 4331 γενεῶν.
2824 4258 3010 4329 Οὗτος,
3037 4266 3222 4335 φησὶν,
3246 4269 3274 4320 ὁ
3296 4264 3617 4337 βασιλεύσας

2047 4354 2105 4408 ὲν
2131 4356 2196 4424 τῇ
2230 4354 2502 4426 παρουσίᾳ
2529 4353 2637 4408 τῶν
2666 4356 2758 4408 ἐπὶ
2790 4356 2888 4426 τῆς
2930 4356 3055 4426 γῆς,
3080 4357 3240 4421 αὑτός
3265 4360 3411 4411 ἐστιν
3454 4359 3483 4410 ὁ
3521 4361 3617 4411 καὶ

2049 4446 2153 4518 πρὸ
2180 4445 2388 4499 αἰώνων
2419 4446 2525 4500 τῶν
2557 4445 2693 4501 ὅλων
2714 4447 3063 4521 δημιουργός.
3091 4446 3143 4502 Κ
3145 4448 3501 4517 αταϐήσεται
3533 4452 3616 4515 ὡς

385 4543 611 4612 strepitu
635 4540 847 4597 ait:sic
906 4552 1088 4596 autem
1126 4541 1371 4612 loquitur
1423 4543 1494 4598 ob
1543 4542 1942 4598 clandestinum

2060 4535 2227 4606 ὑετὸς
2251 4536 2349 4590 ἐπὶ
2375 4539 2585 4592 πόκον.
2605 4537 2884 4611 ’Λψοφητὶ,
2913 4538 3044 4609 φησί
3068 4554 3082 4568 ·
3112 4537 3271 4591 τοῦτο
3295 4537 3352 4590 δὲ
3375 4532 3493 4590 εἷπε
3524 4537 3615 4591 διὰ

384 4634 675 4690 adventum
697 4634 840 4706 ejus.

454 4725 506 4782 7.
528 4724 741 4783 Orietur
764 4728 820 4780 in
838 4726 1018 4780 diebus
1050 4727 1164 4797 ejus
1184 4725 1429 4793 justitia.
1485 4724 1752 4796 Tempore
1787 4740 1943 4780 nam-

381 4833 486 4888 que
515 4820 781 4874 adventus
811 4819 949 4889 ejus,
977 4834 1153 4887 omne,
1168 4818 1406 4889 gentium
1429 4819 1631 4874 bellum
1665 4820 1941 4874 sublatum

381 4920 485 4967 est.
532 4909 603 4965 Et
656 4910 984 4965 abundantia
1039 4894 1392 4979 pacis’donec
1452 4910 1731 4979 auferatur
1790 4910 1937 4966 luna.

382 5002 556 5060 Tanta
579 5005 703 5069 erit,
740 5004 940 5074 inquit,
972 5003 1026 5056 in
1068 5001 1304 5056 adventu
1344 5001 1465 5071 ejus
1509 5002 1789 5072 plenitudo
1845 5018 1941 5074 pa-

381 5097 482 5162 cis,
532 5105 592 5152 ut
623 5097 785 5152 etiam
837 5078 906 5149 ad
957 5092 1140 5148 futura
1172 5107 1346 5161 usque
1388 5093 1750 5162 protendatur
1797 5102 1940 5148 tem-

383 5206 535 5260 pora,
575 5191 778 5261 quibus
824 5189 905 5243 soi
951 5185 1339 5252 obscurabitur,
1372 5194 1422 5239 et
1479 5184 1607 5240 luna
1663 5204 1767 5241 non
1790 5187 1939 5240 dabit

382 5283 547 5340 lucem
566 5301 720 5347 suam
745 5285 883 5338 ‘9’“.

449 5464 504 5523 8.
532 5465 603 5519 Et
624 5465 982 5523 dominabitur
1008 5484 1042 5521 a
1064 5468 1200 5521 mari
1220 5481 1380 5537 usque
1404 5470 1472 5521 ad
1520 5482 1682 5519 mare.
1719 5463 1835 5520 Hoc
1861 5464 1940 5519 ait

2049 4634 2147 4705 τὴν
2184 4633 2440 4705 λαθραίαν
2466 4632 2628 4686 αὐτοῦ
2659 4629 2977 4704 παρουσίαν.

2132 4726 2424 4783 Ἆνατελεῐ
2462 4725 2531 4778 ἐν
2572 4724 2700 4791 ταῖς
2742 4723 2986 4795 ἡμέραις
3015 4722 3200 4778 αὐτοῦ
3237 4720 3610 4788 δικαιοσύνη.

2049 4821 2205 4877 Κατὰ
2231 4821 2338 4892 γὰρ
2363 4818 2451 4873 τὸν
2482 4816 2670 4891 καιρὸν
2698 4817 2796 4888 τῆς
2826 4815 3124 4891 παρουσίας
3153 4814 3315 4869 αὑτοῦ
3344 4814 3486 4878 ἄπας
3511 4815 3581 4867 πό
3598 4846 3612 4854 -

2049 4911 2211 4983 λεμος
2249 4912 2512 4983 ἀνῄρηται
2546 4907 2813 4981 [Ambros.
2845 4903 3103 4979 ἀνῄρητο]
3140 4905 3246 4959 τῶν
3275 4904 3464 4959 ἐθνῶν.
3496 4903 3614 4958 Καὶ

2046 5003 2276 5072 πλῆθος
2307 5002 2547 5070 εἰρήνης
2585 5000 2694 5066 ἕως
2738 4994 2810 5056 οὗ
2855 4993 3246 5066 ἀνταναιρεθῇ
3287 4997 3326 5066 ἠ
3353 4996 3609 5066 σελήνη.

2045 5097 2304 5151 Τοσοῦτον
2337 5096 2508 5159 ἔσται,
2540 5095 2691 5164 φησὶ,
2719 5093 2814 5163 τῆς
2842 5092 3062 5163 εἰρήνης
3081 5090 3141 5143 τὸ
3172 5089 3373 5160 πλῆθος
3396 5089 3425 5142 ὃ
3450 5091 3614 5158 γενή-

2046 5204 2194 5241 σεται
2224 5188 2279 5239 ἐν
2313 5188 2378 5257 τῇ
2405 5183 2568 5238 αὑτοῦ
2594 5182 2885 5255 παρουσίᾳ,
2921 5180 2995 5243 ὡς
3015 5179 3108 5232 καὶ
3135 5179 3213 5241 εἰς
3234 5177 3359 5240 τοὺς
3392 5175 3612 5248 μέλλον-

2047 5298 2143 5344 τας
2169 5279 2461 5351 ἐκταθῆναι
2491 5276 2737 5348 χρόνους,
2763 5272 2882 5327 καθ’
2910 5270 3002 5334 οὒς
3036 5274 3067 5326 o'
3094 5269 3265 5337 ἥλιος
3284 5267 3611 5335 σκοτισθή-

2047 5386 2234 5433 σεται,
2259 5370 2356 5424 καὶ
2383 5370 2422 5437 ἡ
2449 5366 2678 5436 σελήνη
2705 5367 2776 5419 οὐ
2799 5362 2974 5417 δώσει
3004 5363 3069 5415 τὸ
3092 5359 3308 5431 φέγγος
3340 5356 3547 5425 αὐτῆς.

2112 5461 2225 5515 Καὶ
2263 5460 2711 5529 κατακυριεύσει
2753 5455 2870 5511 ἀπὸ
2904 5451 3215 5521 θαλάσσης
3241 5451 3351 5517 ἕως
3382 5449 3606 5504 θαλάσ-

379 5556 507 5625 quia
532 5571 723 5614 omnes
749 5569 938 5627 gentes
964 5559 1167 5615 Christi
1195 5558 1356 5613 ﬁdem
1386 5568 1743 5628 receperunt:
1775 5556 1935 5626 quasi

2060 5572 2179 5622 mc.
2205 5553 2374 5607 Τοῦτό
2406 5568 2539 5624 φησι
2566 5548 2655 5603 διὰ
2677 5547 2736 5603 τὸ
2763 5545 2939 5635 πάντα
2961 5544 3031 5598 τὰ
3053 5544 3179 5614 ἔθνη
3201 5540 3606 5614 παραδέξασθαι

378 5648 544 5715 dicat,
583 5647 846 5709 Omnibus
870 5663 1028 5709 terra:
1055 5653 1257 5707 ﬁnibus
1286 5652 1593 5721 imperabit.
1615 5650 1754 5716 Quia
1778 5648 1925 5704 enim

2060 5647 2136 5719 τὴν
2168 5648 2247 5710 εἰς
2267 5642 2428 5699 αὐτὸν
2455 5640 2632 5697 πίστιν
2656 5659 2667 5671 ·
2695 5638 2815 5694 ἀντὶ
2837 5630 2951 5705 τοῦ,
2972 5637 3191 5691 Πάντων
3212 5638 3473 5707 κρατήσει
3492 5630 3604 5685 τῶν

446 5805 493 5836 ⁸⁸
526 5803 723 5862 Enhes.
754 5820 813 5868 tt,
843 5808 924 5864 14.
1002 5810 1044 5840 ⁶⁷
1071 5807 1226 5865 Joan.
1263 5824 1358 5870 xu.
1399 5807 1483 5863 51.
1565 5807 1607 5838 ⁸³
1634 5804 1777 5861 Psal.
1804 5820 1925 5870 xm,
1964 5805 2017 5858 5.

2101 5803 2207 5842 ⁶⁹ον¹
2239 5799 2426 5856 ﬂatth.
2462 5814 2606 5863 utv,
2638 5798 2727 5854 29.
