3976 6220
306 369 411 424 525
1338 373 1702 431 EXPOSITIO
1742 375 1806 431 IN
1847 375 2177 432 PSALMUM
2217 375 2403 434 LXXI.
3423 390 3530 439 520

315 485 582 558 τερμάτων
632 486 735 558 τῆς
784 487 1123 560 οἰκουμένης.
1143 489 1361 562 Ἐπειδὴ
1394 493 1502 564 γὰρ
1553 495 1726 566 πέραν
1771 495 1856 564 τῆς

1973 493 2114 548 ultra
2162 493 2296 550 fines
2349 503 2508 550 terra;
2539 511 2734 568 magna
2763 506 2816 552 et
2860 498 3128 554 immensa
3184 501 3355 555 maria
3383 513 3530 569 sunt,

315 576 404 647 γῆς
450 576 519 630 τὰ
569 578 782 648 μεγάλα
832 579 926 632 καὶ
983 580 1189 636 ἀπλετα
1235 583 1467 654 πελάγη,
1525 585 1680 640 ἆτινά
1731 603 1856 649 τινες

1973 602 2093 655 quae
2120 588 2387 642 Atlantica
2417 588 2638 658 quidam
2668 600 2888 658 vocant,
2921 590 3221 660 Oceanum,
3270 595 3527 651 occiden~

315 664 631 720 Ἄτλαντικά
679 659 952 734 καλοῦσιν,
972 671 1239 738 Ὠκεανὸν,
1283 673 1533 745 ἑσπέριον
1563 678 1657 729 καὶ
1704 676 1868 748 ὲῷον⁹

306 757 522 821 εἰκότως
554 758 655 828 τῆς
688 761 1009 833 οἰκουμένης
1054 763 1115 816 τὸ
1158 766 1358 836 κράτος
1399 770 1518 831 ταῖς
1551 769 1745 836 ἔξωθεν
1774 789 1872 824 κυ-

306 848 553 914 κλούσαις
583 851 880 917 θαλάσσαις
923 855 1154 926 ἐδήλωσε
1175 875 1187 888 ’
1224 859 1318 912 καὶ
1352 859 1510 914 τοῦτο
1542 863 1869 934 σαφέστερον

303 941 327 992 6
355 941 493 1011 μετὰ
522 943 724 998 τούτων
751 946 973 1017 ἐποίησε
1002 948 1200 1019 στίχος.

364 1029 481 1084 Καὶ
509 1036 565 1086 oi
589 1034 788 1102 ἐχθροὶ
810 1035 995 1090 αὑτοῦ
1015 1039 1170 1107 χοῦν
1192 1041 1487 1105 λείξουσι.
1515 1044 1723 1117 Σφόδρα
1746 1046 1869 1099 ὑπο-

301 1125 622 1194 ταγήσονται
660 1128 708 1180 οἱ
749 1129 1014 1200 πολέμιοι,
1049 1131 1124 1194 ὡς
1158 1131 1231 1204 μὴ
1265 1135 1489 1205 ὁρᾶσθαι
1522 1137 1699 1210 μάχην
1731 1141 1868 1211 πρὸς

300 1216 474 1281 αὑτὸν,
501 1219 564 1271 ἐκ
593 1223 902 1290 μεταφορᾶς
931 1222 1037 1275 τῶν
1059 1225 1152 1276 ἐπὶ
1184 1225 1288 1295 γῆς
1313 1229 1616 1282 πιπτόντων
1648 1232 1741 1285 καὶ
1769 1233 1866 1304 τὴν

299 1308 574 1381 ὑποταγὴν
603 1329 666 1382 ση
677 1313 1012 1382 μαινόντων-

285 1411 292 1464 Ῑ
369 1400 502 1454 Ὀτι
530 1403 821 1470 ἐρρύσατο
846 1405 1080 1474 πτωχὸν
1098 1406 1165 1460 ἐκ
1185 1407 1506 1465 δυνάστου.
1527 1412 1644 1465 Ἀπ’
1659 1415 1862 1486 ἄκρων,

298 1491 448 1559 φησὶ,
485 1495 734 1565 περάτων
774 1495 873 1566 τῆς
907 1499 1228 1571 οἰκουμένης
1255 1501 1356 1565 ἕως
1395 1502 1577 1573 ἄκρων
1622 1523 1862 1577 προσκυ-

297 1579 546 1648 νήσουσιν
590 1582 736 1652 αὐτῷ
787 1585 855 1637 τά
903 1602 963 1638 τε
1001 1587 1126 1658 ἔθνη
1159 1590 1252 1642 καὶ
1284 1592 1331 1642 οἱ
1356 1591 1610 1661 βασιλεῖς,
1645 1597 1864 1667 εὐχαρι-

300 1669 547 1734 στοῦντες
580 1674 663 1741 ἐφ’
695 1669 776 1737 οἷς
801 1676 896 1746 τῆς
925 1679 1379 1746 καταδυναστείας
1407 1686 1602 1748 αὐτοὺς
1631 1685 1863 1759 ἐλυτρώ-

297 1777 421 1814 σατο
445 1765 539 1817 τοῦ
566 1766 795 1820 Σατανᾶ.
816 1769 915 1824 Ἐκ
946 1772 1125 1825 τόκου
1155 1773 1253 1826 καὶ
1279 1774 1346 1838 ἐξ
1367 1775 1601 1844 ἀδικίας
1642 1779 1862 1846 λυτρώ-

301 1870 458 1907 σεται
488 1855 595 1921 τὰς
634 1858 838 1928 ψυχὰς
862 1860 1078 1916 αὐτῶν.
1099 1861 1420 1934 Ἐξαλείφων
1449 1867 1510 1920 τὸ
1539 1871 1658 1920 κατ’
1684 1871 1862 1925 αὐτῶν

302 1947 651 2018 χειρόγραφον
683 1955 776 2006 καὶ
801 1953 1156 2026 χαριζόμενος
1194 1960 1288 2012 καὶ
1329 1959 1500 2030 τῷτὰ
1534 1965 1862 2018 πεντακόσια

301 2040 379 2092 καὶ
429 2040 502 2111 τῷ
541 2041 609 2094 τὰ
651 2047 986 2117 πεντήκοντα
1027 2049 1312 2119 ὀφείλοντι.
1360 2052 1466 2107 Καὶ
1516 2053 1756 2124 ἔντιμον
1794 2058 1860 2111 τὸ

360 2314 471 2368 Καὶ
498 2316 754 2385 ζήσεται,
795 2324 890 2377 καὶ
921 2324 1236 2393 δοθήσεται
1262 2330 1420 2396 αὐτῷ
1458 2333 1526 2385 ἐκ
1570 2335 1676 2388 τοῦ
1719 2354 1860 2405 χρυ-

297 2409 429 2462 σίου
449 2411 560 2479 τῆς
596 2413 1071 2482 Ἀραϐίας.Ταῦτά
1093 2439 1223 2493 φησι
1245 2423 1332 2478 διὰ
1363 2425 1452 2477 τὸν
1471 2427 1860 2483 ἀποστείλαντα

305 2501 790 2573 Ἦρώδην¹ἁνελεῖν
816 2509 883 2562 τὰ
920 2510 1113 2584 βρέφη.
1167 2515 1326 2584 Λέγει
1360 2513 1472 2582 οὖν,
1504 2519 1579 2582 ὡς
1619 2522 1680 2572 οὐ
1722 2539 1860 2592 συμ-

295 2593 749 2666 περιληφθήσεται
797 2604 908 2665 τοῖς
954 2604 1367 2677 ἀναιρουμένοις
1395 2611 1647 2676 παιδίοις.
1681 2615 1753 2666 Τὸ
1777 2615 1856 2679 δὲ,
1895 2650 1907 2662 ι

297 2684 402 2740 Καὶ
427 2687 745 2756 δοθήσεται
763 2680 921 2759 αὐτῷ
941 2698 1198 2764 χρυσίον
1233 2700 1552 2767 Ἀραϐικὸν,
1581 2703 1730 2774 δηλοῖ
1760 2723 1856 2759 σα-

294 2779 402 2844 φῶς
431 2779 467 2833 ἃ
496 2784 876 2854 προσήνεγκαν
921 2789 968 2840 οἱ
1021 2789 1185 2859 μάγοι
1227 2791 1395 2862 δῶρα.
1436 2792 1548 2847 Καὶ
1598 2801 1855 2864 προσεύ-

293 2869 488 2933 ξονται
539 2877 672 2943 περὶ
715 2878 896 2932 αὐτοῦ
930 2879 1273 2947 διαπαντός.
1307 2884 1478 2938 Αὐτὸν
1503 2887 1857 2955 ὀνομάζοντες

291 2962 343 3012 ὲν
379 2969 726 3036 προσευχαῖς,
757 2970 850 3022 καὶ
879 2971 944 3024 δι’
977 2972 1140 3026 αὑτοῦ
1169 2974 1350 3028 δοῦναι
1392 2977 1481 3030 τὸν
1507 2979 1726 3052 Πατέρα
1758 2984 1855 3035 a6-

289 3056 392 3118 τοῖς
417 3054 693 3122 ἀξιοῦντες
718 3061 827 3114 τῶν
853 3062 1071 3130 ἀγαθῶν
1099 3065 1196 3136 τὴν
1228 3068 1395 3123 δόσιν.

360 3147 569 3202 Ἔσται
599 3151 893 3222 στήριγμα
914 3155 982 3208 ἐν
1011 3155 1088 3224 τῇ
1109 3157 1204 3226 τῇ.
1230 3160 1339 3231 Τῆς
1381 3153 1723 3234 Ἐκκλησίας,
1753 3185 1854 3240 φη-

291 3237 359 3301 σὶ,
392 3240 485 3291 καὶ
512 3241 612 3311 τῆς
638 3243 978 3315 οἰκουμένης.
997 3249 1121 3302 Ἐπ’
1143 3251 1340 3319 ἄκρων
1370 3253 1488 3307 τῶν
1516 3256 1715 3324 ὀρέων,
1746 3237 1852 3314 τῶν

289 3328 592 3383 ἀποστόλων
617 3334 710 3386 καὶ
736 3338 1047 3408 προφητῶν.
1067 3341 1554 3413 Ὑπεραρθήσεται
1582 3349 1732 3419 ὑπὲρ
1754 3351 1858 3405 τὸν

287 3420 544 3475 Λίϐανον
581 3427 868 3494 ὁῖκαρπὸς
895 3432 1099 3486 αὑτοῦ.
1125 3434 1356 3500 Λίϐανος
1387 3437 1484 3507 μὲν
1510 3441 1542 3509 ὴ
1587 3442 1855 3514 Ἰερουσα-

287 3507 421 3581 λήμ·
455 3516 669 3585 καρπός
717 3517 773 3570 δὲ
821 3521 984 3574 αὐτοῦ
1027 3524 1056 3575 6
1100 3526 1455 3595 εὐαγγελικὸς
1487 3507 1667 3600 λόγος..
1691 3533 1853 3603 Λέγει

287 3597 393 3667 οὖν,
417 3603 491 3668 ὡς
520 3606 661 3678 ὑπὲρ
690 3607 786 3679 τὴν
815 3611 957 3665 κατὰ
987 3613 1152 3684 νόμον
1185 3615 1438 3688 λατρείαν
1468 3597 1618 3675 ἔσται
1657 3623 1716 3676 τὸ

291 3709 466 3765 ρυγμα
510 3697 571 3749 τὸ
618 3699 987 3768 εὐαγγελικόν.
1020 3703 1132 3759 Καὶ
1170 3707 1619 3778 ἐξανθήσουσιν
1645 3715 1712 3769 ἐκ
1749 3718 1853 3770 πό-

285 3788 430 3853 λεως
470 3787 616 3842 ὡσεὶ
660 3792 871 3860 χόρτος
898 3794 1008 3863 τῆς
1035 3795 1166 3865 γῆς.
1201 3801 1360 3853 Πόλιν
1389 3803 1487 3874 τὴν
1527 3806 1851 3878 Ἐκκλησίαν

287 3877 552 3947 σημαίνει,
589 3882 718 3951 περὶ
740 3876 808 3953 ἧς
829 3883 1164 3954 γέγραπται·
1197 3890 1612 3962 Δεδοξασμένα
1632 3876 1851 3964 ἐλαλή-

284 3969 352 4034 θη
381 3969 515 4038 περὶ
542 3971 680 4036 σοῦ,
704 3975 743 4041 ἡ
774 3976 949 4042 πόλις
974 3977 1079 4030 τοῦ
1109 3980 1276 4034 Θεοῦ.

347 4061 468 4130 Πρὸ
491 4062 599 4115 τοῦ
621 4065 798 4132 ἡλίου
825 4065 1083 4136 διαμένει
1111 4071 1177 4124 τὸ
1201 4070 1387 4142 ὄνομα
1412 4076 1615 4132 αὑτοῦ.
1637 4081 1849 4136 Δείκνυ-

1972 679 2078 731 tale
2113 686 2167 732 et
2210 679 2506 745 orientale;
2549 680 2672 748 jure
2717 681 2868 736 orbis
2923 683 3212 751 imperium
3259 686 3536 742 ambiente

1970 769 2160 840 pelago
2205 771 2646 826 circumscribit:
2697 775 2842 843 quod
2892 777 3135 844 apertius
3179 775 3535 847 subsequenti

1968 860 2238 915 versiculo
2253 863 2586 917 exolicatur.

2037 1016 2090 1071 9.
2132 1015 2200 1071 Et
2231 1019 2430 1073 inimici
2452 1021 2564 1089 ejus
2614 1030 2810 1076 terram
2837 1024 3057 1095 fingent.
3110 1024 3353 1095 Subjecti
3381 1027 3532 1095 peni-

1968 1115 2056 1161 tus
2089 1107 2138 1162 ei
2171 1119 2330 1164 erunt
2358 1111 2587 1180 inimici,
2615 1123 2675 1168 ut
2703 1116 2840 1170 nihil
2881 1133 3075 1189 pugnae
3113 1118 3374 1173 adversus
3403 1135 3526 1174 eum

1967 1200 2233 1264 videatur,
2261 1218 2327 1256 ex
2355 1206 2666 1274 metaphora
2695 1223 2884 1262 eorum
2931 1209 3025 1278 qui
3065 1207 3118 1262 in
3171 1219 3370 1263 terram
3401 1225 3529 1279 pro-

1967 1291 2156 1345 cidunt
2185 1293 2236 1346 in
2265 1295 2633 1364 obsequentia.
2664 1299 2899 1368 signum.

2035 1384 2222 1438 12-”.
2260 1385 2399 1450 Quia
2455 1389 2698 1444 liberabit
2745 1410 3023 1461 pauperem
3083 1411 3115 1447 a
3174 1404 3399 1464 potente.
3445 1395 3528 1450 Ab

1963 1477 2222 1532 extremis
2245 1479 2310 1532 ad
2352 1489 2624 1537 extremos
2664 1499 2838 1554 usque
2867 1487 2998 1540 fines
3037 1494 3194 1540 terra:
3223 1487 3528 1540 adorabunt

1962 1579 2085 1618 eum
2127 1558 2312 1636 gentes
2342 1578 2505 1639 atque
2542 1587 2713 1642 reges,
2742 1575 2944 1643 gratias
2977 1586 3219 1645 agentes,
3253 1570 3396 1644 quod
3428 1590 3526 1630 eos

1962 1671 1991 1709 a
2022 1659 2303 1727 tyrannide
2335 1659 2548 1717 Satanae
2569 1663 2896 1722 liberaverit.
2941 1667 3026 1720 Ex
3053 1671 3226 1722 usuris
3247 1678 3296 1721 et
3327 1668 3525 1738 iniqui-

1965 1757 2071 1803 tate
2110 1753 2326 1806 redimet
2383 1757 2590 1810 animas
2615 1773 2814 1811 eorum.
2850 1758 3047 1814 Dolens
3099 1762 3524 1832 chirographum

1896 1852 1936 1906 Β
1963 1841 2224 1898 adversus
2252 1860 2348 1900 eos
2409 1848 2694 1918 scriptum,
2749 1859 2804 1905 et
2835 1853 3004 1920 gratis
3037 1853 3278 1906 debitum
3331 1854 3524 1908 remit-

1967 1943 2085 1990 tens
2119 1937 2169 1991 ei
2217 1938 2310 2007 qui
2360 1941 2654 2011 quingenta
2692 1953 2852 2014 atque
2901 1945 2950 1998 ei
2998 1945 3090 2014 qui
3126 1945 3522 2016 quinquaginta

1962 2026 2210 2099 debebat.
2260 2029 2330 2084 Et
2361 2032 2667 2089 honorabile
2696 2053 2883 2090 nomen
2950 2054 3130 2091 eorum
3175 2054 3355 2092 coram
3407 2039 3523 2093 illo.

1963 2115 2339 2187 Venerandus,
2390 2123 2586 2194 inquit,
2623 2134 2677 2180 et
2710 2126 2984 2197 gloriosus
3020 2129 3162 2197 apud
3194 2144 3385 2184 omnes
3400 2131 3523 2184 erit.

2037 2295 2127 2349 15.
2157 2295 2226 2349 Et
2253 2300 2383 2352 vivet
2415 2310 2464 2354 et
2513 2301 2728 2356 dabitur
2763 2307 2811 2359 ei
2861 2306 2925 2359 de
2959 2322 3088 2360 auro
3138 2309 3366 2363 Arabian
3401 2308 3526 2366 Haec

1961 2385 2038 2439 ait
2058 2398 2280 2458 propter
2306 2389 2573 2448 Herodem
2631 2395 2724 2464 qui
2778 2397 2928 2451 misit
2975 2399 3220 2454 occisum
3263 2400 3520 2456 infantes.

1958 2477 2047 2530 Ait
2087 2479 2254 2550 igitur
2311 2497 2435 2536 eum
2496 2500 2604 2539 non
2650 2501 2759 2540 una
2815 2503 2939 2542 cum
2980 2491 3165 2558 pueris
3219 2493 3515 2548 enecandis

1958 2573 2527 2640 comprehendendum
2555 2575 2694 2632 fore.
2727 2578 2862 2634 Illud
2899 2590 3078 2636 autem
3108 2601 3121 2636 :
3179 2582 3248 2636 Et
3312 2585 3523 2638 dabitur

1957 2661 2006 2712 ei
2034 2678 2225 2716 aurum
2253 2665 2562 2732 Arabicum,
2589 2669 2828 2724 declarat
2873 2672 3163 2728 manifeste
3211 2691 3334 2744 quae
3380 2675 3520 2746 Magi

1957 2747 2100 2805 dona
2135 2753 2446 2808 obtulerunt
2474 2758 2538 2809 τ’.
2583 2756 2654 2811 Et
2700 2761 2996 2815 adorabunt
3041 2764 3104 2816 de
3159 2765 3272 2834 ipso
3299 2782 3513 2836 semper.

1957 2840 2139 2910 ipsum
2173 2846 2562 2914 compellantes
2593 2851 2648 2903 in
2696 2852 3058 2919 orationibus,
3085 2865 3141 2910 et
3187 2873 3283 2926 per
3332 2874 3457 2914 eum
3489 2875 3518 2913 ι

1957 2929 2116 2988 Patre
2142 2933 2260 2989 dari
2293 2936 2398 2991 sibi
2430 2939 2700 2996 bonorum
2729 2959 2958 3000 munera
2992 2959 3265 3019 rogantes.

2027 3158 2240 3216 16.Erit
2264 3164 2653 3231 ﬁrmamentum
2680 3172 2736 3224 in
2774 3180 2933 3227 terra.
2963 3173 3220 3231 Ecclesia:
3251 3187 3303 3232 et
3333 3179 3514 3234 orbis:

1959 3251 2011 3302 in
2033 3256 2249 3308 summis
2287 3260 2576 3325 montium,
2610 3264 2982 3330 apostolorum
3012 3275 3066 3320 et
3103 3270 3512 3338 prophetarum.

1958 3341 2407 3412 Superextolletur
2430 3368 2586 3421 super
2606 3353 2863 3410 Libanum
2884 3359 3087 3428 {ructus
3120 3363 3255 3432 ejus.
3276 3362 3515 3421 Libanus

1955 3431 2398 3505 estJerusalem;
2450 3439 2659 3497 fructus
2692 3455 2871 3500 autem
2905 3448 3024 3518 ejus
3050 3455 3532 3532 estevangelicum'

1953 3524 2202 3580 verbum.
2240 3529 2332 3583 Ait
2362 3531 2527 3600 igitur
2555 3536 2999 3603 praedicationem
3027 3548 3392 3616 evangelicam
3423 3566 3511 3605 su-

1953 3615 2218 3682 periorem
2255 3619 2370 3676 fore
2398 3622 2554 3692 legali
2583 3626 2751 3681 cultu.
2792 3628 2857 3682 Et
2885 3631 3149 3700 ﬂorebunt
3179 3615 3256 3692 de
3296 3640 3508 3696 civitate

1952 3706 2087 3760 sicut
2122 3709 2300 3778 fenum
2361 3722 2535 3770 terrm.
2575 3717 2678 3773 Per
2733 3721 3007 3779 civitatem
3060 3730 3510 3797 designatEccle-

1951 3799 2108 3863 siam,
2139 3803 2207 3857 de
2238 3819 2342 3872 qua
2375 3808 2640 3877 scriptum
2669 3822 2784 3868 est:
2816 3815 3061 3872 Gloriosa
3115 3820 3260 3875 dicta
3297 3834 3420 3877 sunt
3446 3826 3509 3879 de

1924 3900 2018 3960 rte,
2053 3895 2236 3949 civitas
2265 3895 2364 3951 Dei
2397 3899 2442 3930 ⁷³

2019 4067 2107 4123 17.
2132 4070 2268 4124 Ante
2319 4087 2480 4128 εοιεηι
2533 4089 2802 4146 permanet
2849 4095 3035 4138 nomen
3092 4087 3228 4154 ejus.
3257 4086 3504 4155 Declarat

285 4165 382 4212 σιν,
416 4152 494 4216 ὡς
526 4148 680 4218 οὗτος
712 4158 740 4209 ὁ
787 4156 860 4228 μὴ
894 4159 1251 4228 ἀποκτανθεὶς
1293 4165 1429 4234 μετὰ
1478 4167 1583 4222 τῶν
1633 4170 1846 4243 βρεφῶν

1958 4174 2070 4213 eum
2097 4161 2190 4230 qui
2225 4177 2332 4217 non
2371 4181 2478 4220 una
2513 4182 2635 4222 cum
2698 4170 2999 4229 infantibus
3052 4177 3370 4236 interfectus
3401 4194 3504 4248 cst,

281 4241 420 4296 ἐστιν
462 4245 492 4296 6
539 4246 646 4318 πρὸ
693 4248 996 4322 καταϐολῆς
1045 4253 1250 4324 κόσμου
1283 4257 1540 4329 ὑπάρχων
1576 4241 1712 4332 μετά
1751 4265 1843 4318 τοῦ

1958 4253 2197 4308 eumdem
2233 4270 2354 4311 esse
2379 4259 2474 4328 qui
2504 4271 2629 4316 ante
2660 4265 2848 4320 mundi
2895 4269 3346 4328 eonstitutiOnem
3376 4291 3503 4331 cun

281 4334 513 4407 Πατρός.

1958 4341 2101 4396 Patre
2135 4343 2368 4400 exsistit.

344 4427 692 4497 Εὐλογητὸς
731 4432 766 4483 ὁ
801 4427 1017 4498 Κύριος
1047 4435 1076 4486 ὁ
1115 4435 1257 4500 Θεὸς
1290 4437 1547 4506 Ἰσραὴλ,
1584 4443 1617 4495 ὀ
1658 4441 1843 4498 ποιῶν

2010 4433 2098 4488 18.
2132 4435 2446 4493 Benedictus
2499 4440 2754 4498 Dominus
2802 4445 2941 4500 Deus
2989 4446 3178 4516 Israel,
3233 4455 3323 4522 qui
3371 4455 3504 4526 facit

276 4518 574 4588 θαυμάσια
594 4521 798 4588 μόνος.
830 4522 1123 4587 Διεξελοὼν
1162 4527 1339 4582 πάντα
1362 4528 1396 4583 ἃ
1422 4531 1755 4603 κατορθώσει
1781 4537 1838 4588 ὲν

1958 4526 2212 4582 nirabilia
2270 4531 2432 4587 solus.
2482 4532 2778 4605 Postquam
2833 4543 3109 4596 recensuit
3167 4547 3349 4601 omnia
3379 4564 3502 4618 qua:

274 4612 335 4681 τῇ
358 4612 643 4684 οἰκονομίᾳ
661 4615 773 4676 τοῖς
797 4615 889 4668 ἐπὶ
909 4616 1006 4686 τῆς
1027 4616 1148 4687 γῆς,
1174 4617 1340 4688 ὕμνον
1358 4622 1669 4693 ἀναπέμπει
1692 4627 1856 4697 αὐτῷ

1958 4633 2181 4688 .empore
2224 4628 2545 4681 oeconomia:
2574 4629 2833 4686 beneficia
2899 4636 3189 4705 terrigenis
3235 4642 3498 4708 conferet,

273 4701 460 4770 λέγων,
487 4703 575 4767 ὡς’
602 4704 765 4768 αὐτὸς
810 4705 892 4778 εἴη
933 4708 961 4758 6
992 4707 1123 4771 Θεὸς
1164 4710 1395 4781 Ἰσραὴλ,
1437 4715 1465 4765 6
1495 4714 1654 4784 μόνος
1682 4717 1839 4789 δυνη-

1959 4725 2201 4780 iymnum
2236 4715 2394 4770 offert
2421 4717 2553 4782 Deo,
2615 4721 2765 4777 aiens
2796 4739 2917 4778 eum
2948 4742 3070 4782 esse
3112 4727 3282 4784 Deum
3311 4733 3496 4801 Israel,

275 4793 378 4858 θεὶς
403 4795 578 4849 ταῦτα
618 4797 839 4868 ποιῆσαι
869 4797 936 4851 τὰ
966 4798 1260 4871 θαυμάσια.
1301 4805 1435 4856 Ποῖα
1459 4805 1516 4858 δὲ
1541 4806 1834 4878 θαυμάσια,

1958 4802 2031 4869 [ui
2057 4805 2206 4859 solus
2235 4809 2410 4875 potuit
2440 4810 2554 4865 haec
2577 4813 2847 4868 mirabilia
2871 4815 3069 4873 facere.
3138 4821 3268 4886 Quae
3327 4827 3494 4881 mira-

269 4881 302 4953 ἥ
341 4885 402 4936 τὸ
443 4885 788 4955 καταργῆσαι
833 4886 932 4958 τὴν
977 4889 1293 4944 δυναστείαν
1343 4893 1434 4946 τοῦ
1475 4897 1708 4961 Σατανᾶ,
1744 4899 1838 4952 καὶ

1958 4895 2089 4960 )ilia,
2124 4898 2227 4951 nisi
2259 4899 2538 4957 destruere
2579 4904 2865 4974 imperium
2904 4909 3137 4976 Satanae,
3184 4925 3236 4970 et
3265 4917 3498 4974 liberare

269 4973 545 5038 ἐξελέσθαι
569 4977 696 5040 τοὺς
724 4978 1235 5051 ἐπιϐουλευομένους
1277 4984 1380 5054 τῆς
1421 4985 1527 5039 τῶν
1572 4988 1838 5060 δαιμόνων

271 5060 730 5080 _,,_,,,..,,,-.
849 5066 890 5080 ..
967 5067 978 5080 .
1089 5071 1102 5080 .
1187 5073 1198 5080 .
1308 5073 1319 5080 .
1470 5075 1611 5080 ‘_-

1958 5002 2030 5042 eos
2062 4990 2155 5058 qui
2189 4991 2405 5048 insidiis
2431 5007 2758 5065 appetuntur
2786 5017 2815 5054 a
2846 5001 3152 5060 dmmonum
3177 5012 3497 5080 tyrannide?

268 5060 606 5131 τυραννίδοςς
629 5063 826 5118 Σκόπει
845 5066 922 5132 δὲ,
949 5067 1026 5131 ὡς
1050 5071 1147 5140 οὐχ
1177 5073 1504 5146 ἁρμόσειτῷ
1531 5077 1835 5149 Σολομῶντι

267 5152 338 5223 τῷ
373 5156 439 5207 ἐκ
467 5155 569 5226 τῆς
615 5155 708 5209 τοῦ
743 5159 940 5230 Οὐρίου
971 5162 1119 5216 οὐδὲν
1153 5163 1259 5218 τῶν
1303 5169 1606 5238 εἰρημένων
1649 5174 1706 5224 ὲν
1756 5173 1833 5244 τῷ

268 5245 459 5316 ψαλμῷ
481 5263 496 5276 ο
525 5247 648 5300 οὔτε
676 5249 738 5301 τό
758 5267 771 5279 ·
808 5252 930 5319 Πρὸ
953 5254 1057 5309 τοῦ
1088 5255 1264 5322 ἡλίου
1288 5258 1352 5311 τὸ
1389 5259 1574 5330 ὄνομα
1613 5263 1795 5316 αὐτοῦ
1815 5281 1828 5294 ·

213 5369 218 5375 -
264 5337 382 5392 οὔτε
405 5340 468 5392 τό
485 5354 500 5369 ο
534 5339 740 5393 Πάντα
767 5343 839 5396 τὰ
866 5345 1012 5413 ἔθνη
1035 5347 1478 5404 δουλεύσουσιν
1501 5352 1686 5418 αὐτῷ’
1715 5357 1834 5409 οὐδὲ

262 5431 352 5483 t6-
387 5431 509 5500 Πρὸ
549 5431 663 5500 τῆς
707 5435 972 5504 σελήνης
1005 5441 1212 5508 γενεὰς
1238 5441 1476 5512 γενεῶν.
1494 5445 1586 5500 Ἐκ
1618 5447 1832 5501 πάντων

261 5515 353 5576 οὖν
371 5524 578 5578 τούτων
613 5524 792 5596 δῆλον,
824 5526 905 5579 ὅτι
943 5530 1022 5592 είς
1059 5533 1148 5585 τὸν
1186 5533 1390 5606 Κύριον
1430 5535 1585 5607 ἡμῶν
1627 5537 1829 5608 Ἰησοῦν

263 5611 491 5684 Χριστὸν
515 5618 783 5674 λέλεκται.

346 5795 393 5828 ’⁸³
409 5795 603 5854 Matth.
635 5815 700 5860 ll.
737 5800 817 5855 ll.
909 5804 952 5835 ⁷³
978 5803 1118 5860 Psal.
1154 5822 1372 5873 tum,
1402 5809 1448 5862 ὃ.

1933 5076 2314 5136 Animadverte
2343 5099 2504 5152 porro
2538 5087 2670 5140 nihil
2703 5104 2891 5144 eorum
2924 5109 3045 5162 qua;
3086 5097 3138 5149 in
3171 5100 3382 5166 psalmo
3409 5102 3492 5154 di-

1939 5179 2138 5225 cuntur
2174 5171 2447 5229 Salomoni
2480 5179 2666 5232 uxoris
2713 5179 2856 5237 Urize
2905 5185 3017 5239 filio
3048 5191 3371 5243 convenire:
3401 5207 3492 5247 ne-

1939 5274 2044 5328 que
2065 5262 2194 5315 illud
2223 5280 2237 5317 :
2272 5264 2405 5317 Ante
2431 5265 2590 5320 solem
2620 5282 2887 5337 permanet
2926 5290 3109 5327 nomen
3138 5277 3287 5345 ejus;
3319 5295 3491 5350 neque

1937 5351 2104 5405 illud:
2135 5352 2323 5406 Omnes
2353 5367 2524 5424 gentes
2574 5362 2795 5415 servient
2849 5365 2932 5427 ei;
2994 5381 3207 5435 neque:
3244 5369 3378 5423 Ante
3411 5372 3490 5424 lu-

1937 5459 2061 5497 nam
2099 5445 2151 5496 in
2176 5448 2559 5515 generationem
2590 5460 2638 5504 et
2660 5457 3065 5522 generationem.
3095 5456 3174 5511 Ex
3201 5458 3286 5514 his
3310 5462 3489 5529 itaque

1938 5534 2192 5590 omnibus
2217 5538 2392 5606 palam
2419 5549 2503 5593 est
2532 5542 2598 5596 de
2634 5542 2860 5599 Domino
2882 5553 3072 5600 nostro
3108 5545 3240 5604 Jesu
3269 5553 3487 5610 Christo

1937 5624 2136 5681 dictum
2171 5627 2341 5685 fuisse
2361 5633 2648 5700 psalmum.
