3976 6220
414 312 520 369 527

1265 315 1322 370 s.
1361 314 1733 372 ATHANASII
1782 314 1932 371 ore.
1972 314 2152 370 mus
2186 313 2272 371 lll.
2316 296 2798 373 -—EXEGETICA.

3540 323 3649 378 523

490 424 558 479 Et
590 424 915 481 benedictum
945 442 1129 482 nomen
1162 426 1737 498 gloriaﬂuamobrem
1775 442 1875 499 par
1890 437 1969 483 cst

2142 426 2253 480 Καὶ
2274 427 2685 497 εὐλογημένον
2702 428 2769 481 τὸ
2796 428 2981 498 ὄνομα
3008 429 3113 499 τῆς
3135 430 3340 498 δόξης.
3362 430 3453 486 Διδ
3481 451 3652 507 προσ-

405 530 530 570 eum
551 531 716 587 super
740 518 922 572 omnia
954 518 1169 589 hymnis
1215 520 1512 576 celebrare.
1551 518 1782 574 Etiamsi
1823 520 1969 573 enim

2075 521 2195 591 ήκει
2229 521 2377 590 παρά
2408 521 2623 574 πάντων
2653 521 2815 574 αὐτὸν
2861 521 3167 592 ὑμνεῖσθαι.
3198 525 3263 577 Et
3287 523 3396 597 γὰρ
3422 526 3516 581 καὶ
3546 526 3655 603 τὴν

406 608 524 678 ejus
547 618 818 674 naturam,
852 619 1037 680 utpote
1065 612 1519 680 inaccessibilem,
1540 613 1875 684 ignoramus,
1921 620 1976 666 at

2085 608 2235 678 ptio-tv
2259 608 2423 661 αὐτοῦ
2458 609 2534 672 ὡς
2563 609 2848 678 ἀνέφικτον
2877 611 3195 683 ἀγνοοῦμεν,
3222 614 3358 669 ἀλλά
3380 617 3443 670 τὺ
3469 623 3650 691 σωτή-

407 701 646 756 salutare
668 703 788 771 ejus
822 717 1019 756 nomen
1065 703 1243 758 edocti
1267 720 1480 760 sumus.

619 793 671 849 1.
698 792 1010 862 Defecerunt
1039 793 1224 847 laudes
1252 794 1424 848 David
1446 795 1546 867 ﬁlii
1570 793 1757 850 Jessce.

767 881 1107 939 PSALMUS
1132 885 1329 955 Asaplt.
1361 885 1606 942 LXXII.

993 977 1392 1048 Argumentum.

404 1062 461 1119 In
505 1065 610 1120 hoc
649 1066 861 1136 psalmo
896 1079 1082 1122 narrat
1114 1085 1279 1139 quam
1306 1070 1416 1124 sint
1443 1070 1677 1139 impares
1722 1068 1970 1124 homines

473 1159 539 1213 ad
564 1161 820 1229 capienda
842 1159 931 1215 Dei
954 1161 1183 1230 judicia.
1210 1163 1327 1233 Ipsa
1346 1164 1492 1217 enim
1523 1162 1790 1233 profunda
1815 1162 1951 1218 sunt

477 1251 854 1307 inscrutabilia
908 1267 971 1308 ac
1018 1269 1244 1323 prorsus
1298 1255 1871 1324 incomprehensibilia
1898 1256 1947 1286 ⁷⁸

477 1342 577 1410 Qui
622 1360 786 1414 porro
832 1346 1083 1415 ignorant
1132 1347 1400 1418 cujusque
1435 1349 1755 1403 (economiae
1803 1349 1972 1403 ratio-

474 1451 593 1500 nes,
622 1436 676 1489 in
722 1437 986 1492 absurdus
1038 1440 1396 1509 cogitationes
1445 1440 1710 1495 ineidunt.
1769 1439 1969 1506 Quam-

468 1527 653 1583 obrem
680 1530 972 1598 propositis
1008 1532 1184 1600 primo
1235 1532 1967 1603 ejusmodicogitationibus,

469 1633 591 1687 quae
623 1635 846 1689 propter
877 1623 1248 1690 improborum
1308 1624 1592 1677 hominum
1653 1623 1966 1679 felicitatem

469 1709 810 1776 acciderant;
853 1727 999 1775 nam,
1032 1711 1165 1766 Ecce
1204 1713 1306 1782 ipsi
1350 1698 1643 1781 peccatores
1697 1724 1747 1768 et
1799 1715 1967 1768 abun-

466 1800 684 1863 dantes;
715 1800 872 1854 docet
908 1811 1113 1870 postea,
1159 1804 1337 1872 qualis
1388 1804 1631 1874 ipsorum
1675 1804 1963 1873 impiorum
1999 1817 2039 1871 Β

462 1890 586 1944 ﬁnis
617 1891 834 1946 futurus
858 1893 961 1958 sit;
988 1900 1045 1946 ut
1071 1908 1133 1947 ea
1155 1895 1440 1964 perspicue
1480 1896 1679 1961 edocti,
1714 1911 1823 1950 non
1851 1911 1966 1949 mo-

469 1982 603 2036 leste
643 1982 904 2047 feramus,
944 2000 1120 2053 neque
1149 1986 1297 2039 anxii
1322 1986 1495 2043 simus
1516 1989 1586 2043 ob
1631 1988 1967 2058 inaequalita-

466 2081 575 2126 tem
603 2088 784 2127 rerum
807 2073 970 2142 hujus
1011 2075 1156 2128 vitae.

466 2247 519 2301 2.
551 2247 723 2313 Quam
775 2249 937 2304 bonus
978 2249 1153 2306 Israel
1192 2253 1331 2307 Deus
1389 2253 1470 2309 his
1528 2255 1620 2323 qui
1658 2263 1798 2308 recte
1841 2263 1964 2307 sunt

395 2338 948 2396 eorde!Narraturus
972 2343 1389 2411 prosperitatem
1438 2344 1721 2399 hominum
1769 2344 1822 2398 in
1861 2346 1964 2398 im-

395 2431 601 2501 pietate
629 2431 963 2499 degentium,
997 2442 1051 2487 et
1079 2436 1334 2487 acerbum
1372 2435 1505 2503 ipsis
1563 2445 1751 2504 postea
1793 2451 1956 2504 para-

393 2531 508 2579 tum
538 2525 861 2593 supplicium
887 2543 901 2591 ;
937 2527 1213 2595 praemittit
1238 2527 1561 2591 illud,rectis
1577 2530 1740 2584 corde
1758 2530 1958 2585 bonum

396 2631 520 2672 esse
563 2616 753 2679 Deum,
789 2626 845 2671 ul
877 2602 1216 2686 cognoscant.
1244 2619 1335 2687 qui
1378 2620 1593 2688 pietatis
1629 2621 1732 2675 sibi
1781 2632 1960 2690 partes

394 2716 705 2773 assumunt,
739 2709 872 2763 solis
906 2711 1071 2765 rectis
1101 2710 1264 2765 corde
1330 2710 1499 2765 Deum
1557 2711 1806 2767 futurum
1840 2730 1961 2770 esse

394 2799 621 2866 bonum,
651 2799 745 2854 sed
800 2813 908 2853 non
939 2799 1005 2855 iis
1048 2802 1141 2870 qui
1191 2800 1433 2870 improbe
1485 2812 1731 2872 peccant.
1778 2804 1960 2874 Itaque

394 2890 609 2944 etiamsi
664 2890 946 2944 videantur
988 2906 1246 2961 prospere
1299 2907 1496 2962 agere,
1549 2894 1746 2964 inquit,
1796 2911 1957 2950 nemo

392 2981 850 3044 turbetur,secum
871 2990 1127 3052 reputans
1150 2993 1413 3054 quantum
1433 2985 1555 3041 illos
1577 2988 1741 3055 paulo
1768 2996 1957 3057 postea

394 3072 720 3141 supplicium
753 3080 1052 3142 exspectet.

465 3255 597 3329 [Mei
617 3267 797 3311 autem
833 3274 959 3327 pene
999 3259 1129 3313 moti
1157 3267 1281 3314 sunt
1310 3260 1485 3329 pedes.
1535 3259 1732 3333 Narrat
1767 3264 1962 3335 hujus-

392 3348 541 3403 modi
567 3356 796 3403 mortem
847 3349 953 3418 piis
1002 3350 1134 3405 viris
1161 3350 1498 3420 contingere,
1552 3362 1612 3408 ut
1647 3353 1694 3409 si
1722 3356 1844 3424 quis
1869 3372 1957 3411 ro-

393 3449 551 3509 getur
576 3454 646 3493 an
674 3440 799 3494 velit
819 3441 979 3495 talem
1038 3451 1270 3496 mortem
1296 3443 1473 3509 obire,
1522 3444 1840 3516 neutiquam
1865 3447 1961 3502 ab.

392 3541 546 3586 nuat.
571 3532 589 3604 j

462 3624 571 3679 35.
599 3623 736 3690 Quia
761 3624 927 3679 “lavi
955 3641 1111 3695 super
1132 3625 1360 3697 iniquos,
1399 3643 1582 3697 pacem
1621 3639 1957 3699 peccatorum

389 3714 592 3783 videns,
620 3723 726 3781 etc.
755 3715 991 3771 Enarrat
1022 3731 1086 3781 ea
1130 3733 1253 3787 quae
1288 3717 1391 3787 ipsi
1441 3718 1640 3773 mentis
1669 3722 1955 3788 perturba-

390 3807 593 3861 tionem
627 3807 890 3861 excitant.
929 3805 1052 3862 Haec
1079 3816 1257 3861 autem
1305 3818 1469 3869 sunt.
1497 3810 1757 3878 primum,
1811 3814 1958 3881 quod

396 3897 454 3951 in
486 3898 594 3952 alta
622 3914 756 3967 pace
786 3899 936 3969 impii
962 3899 1193 3970 degant;
1256 3900 1516 3966 secundo,
1558 3902 1704 3970 quod
1751 3917 1847 3971 per
1875 3913 1958 3959 to-

390 3996 502 4043 tam
534 3989 701 4043 vitam
728 4004 987 4059 prospere
1009 3995 1209 4059 agant;
1238 3989 1312 4044 ita
1346 3999 1407 4044 ut
1444 3992 1509 4045 ad
1530 4002 1757 4047 mortem
1776 4009 1952 4064 usque

396 4079 634 4136 felicitas
700 4082 1046 4146 extendatur,
1105 4089 1161 4136 et
1219 4081 1326 4135 tale
1352 4096 1523 4151 genus
1561 4084 1752 4138 mortis
1804 4084 1954 4155 impii

391 4172 643 4235 subeant,
679 4172 838 4240 quale
860 4187 1022 4226 nemo
1049 4170 1234 4225 subire
1253 4172 1459 4226 abnuat
1480 4172 1525 4226 si
1561 4174 1685 4242 quis
1717 4190 1841 4228 eum
1867 4192 1956 4229 ro-

391 4271 499 4332 get,
533 4277 602 4316 an
624 4263 752 4316 velit
819 4263 1132 4332 hujusmodi
1191 4273 1423 4318 mortem
1475 4264 1647 4319 obire.
1692 4265 1769 4319 Ad
1812 4266 1953 4333 haec,

392 4352 537 4420 quod
569 4352 617 4407 si
645 4367 753 4423 qua
778 4353 912 4421 ipsis
936 4363 1153 4422 propter
1180 4364 1459 4423 peccatum
1497 4353 1709 4423 punitio
1745 4354 1956 4425 inﬂiga-

394 4454 504 4511 tur,
526 4461 634 4515 qua
672 4446 739 4500 ad
769 4446 1184 4500 conversionem
1222 4452 1568 4512 revocentur,
1628 4461 1693 4501 ea
1740 4462 1850 4501 non
1883 4448 1954 4503 sit

392 4533 707 4600 gravis,’sed
740 4533 876 4589 levis
899 4544 953 4589 et
980 4534 1300 4589 tolerabilis.
1330 4534 1506 4604 Super
1557 4534 1642 4590 his
1671 4535 1950 4600 omnibus,

391 4631 532 4698 quod
559 4642 664 4681 non
680 4627 953 4682 humanos
976 4627 1591 4697 labores-experiantur,
1623 4641 1723 4681 nec
1750 4627 1951 4683 diurno

392 4726 604 4791 quaestu
626 4729 818 4791 egeant
862 4735 963 4789 pro
1012 4719 1269 4789 parandis
1327 4720 1619 4773 alimentis.
1665 4717 1762 4773 Hic
1803 4720 1947 4774 enim

389 4812 547 4866 labor
575 4826 857 4874 manuum,
892 4810 1087 4882 ﬂagelli
1115 4821 1170 4866 et
1211 4812 1510 4882 punitionis
1546 4810 1667 4867 loco
1710 4811 1951 4867 homini-

390 4904 496 4961 bus
524 4902 842 4973 imponitur.

458 5073 512 5127 6.
550 5070 677 5126 Ideo
710 5071 875 5125 lenuit
905 5086 992 5124 eos
1020 5070 1288 5148 superbia,
1321 5076 1376 5124 et
1405 5077 1620 5124 caetera.
1654 5067 1795 5136 Quia
1825 5085 1947 5125 om~

390 5165 551 5220 nibus
578 5164 832 5218 fruuntur
854 5163 1034 5228 bouis,
1058 5162 1209 5216 nullo
1235 5161 1412 5215 atfecti
1457 5160 1622 5227 malo,
1654 5161 1776 5215 ideo
1807 5163 1949 5216 into-

390 5253 756 5309 lerantissime
778 5252 1122 5322 superbiuut,
1149 5261 1315 5320 atque
1363 5252 1438 5305 ita
1491 5251 1667 5320 iniqui
1716 5263 1767 5305 et
1794 5251 1947 5320 impii

390 5344 643 5407 evadunt,
675 5354 733 5398 ut
761 5343 1012 5413 impietas
1041 5357 1230 5396 eorum
1249 5357 1346 5396 ceu
1372 5343 1589 5412 pinguis
1604 5342 1836 5397 etohesa
1853 5344 1943 5397 sit.

2076 717 2188 771 ριον
2221 700 2385 752 αὐτοῦ
2416 700 2769 772 ἐδιδάχθημεν
2801 703 2990 774 ὄνομα.

2173 791 2485 856 Ἐξέλιπον
2504 795 2556 845 οἱ
2582 793 2755 862 ὕμνοι
2783 796 2966 848 Δαυῒδ
2997 796 3102 850 τοῦ
3127 799 3258 852 υἱοῦ
3298 800 3547 857 Ἰεσσαί.

2442 887 2592 941 ΨΑΛ
2614 891 2748 941 ξλοΣ
2780 887 2860 953 τῷ
2895 889 3099 958 Ἀσάφ.
3137 894 3262 945 ΟΒ’.

2698 981 3021 1047 Ὑπόϐεσις.

2083 1063 2171 1119 Ἐν
2192 1065 2362 1139 τούτῳ
2390 1068 2465 1140 τῷ
2488 1069 2686 1142 ψαλμῷ
2709 1072 2808 1144 τὴν
2836 1074 3150 1144 ἀνωμαλίαν
3191 1073 3299 1128 τῶν
3337 1077 3640 1148 ἀνθρώπων

2141 1161 2206 1230 ἢν
2233 1159 2414 1230 ἔχουσι
2437 1163 2565 1234 περὶ
2586 1164 2652 1217 τά
2672 1164 2767 1217 τοῦ
2798 1164 2933 1218 Θεοῦ
2959 1165 3201 1237 κρίματα
3223 1166 3514 1239 ἐξηγεῖται.
3534 1172 3643 1223 Αὐ-

2141 1251 2211 1305 τά
2254 1253 2353 1324 μὲν
2392 1255 2499 1326 γάρ
2538 1257 2654 1308 ἐστι
2687 1256 2855 1326 βαθέα
2890 1275 2949 1310 τε
2981 1259 3075 1311 καὶ
3101 1259 3511 1332 ἀνεξερεύνητα,
3547 1265 3644 1317 καὶ

2140 1345 2516 1416 ἀκαταληψίας
2552 1347 2790 1417 γέμοντα
2838 1348 3068 1420 πολλῆςο
3099 1352 3147 1403 οἱ
3189 1350 3246 1403 δὲ
3278 1352 3403 1414 τοὺς
3449 1353 3642 1422 λόγους

2138 1438 2235 1507 τῆς
2267 1438 2325 1490 ὲν
2353 1438 2567 1509 ἑκάστῳ
2613 1440 2938 1510 γιγνομένης
2979 1441 3290 1512 οἰκονομίας
3324 1442 3434 1513 (54)
3476 1443 3644 1512 ἀγνο-

2140 1525 2322 1588 οῦντες
2364 1528 2443 1589 είς
2486 1527 2799 1597 ἀμηχάνους
2836 1528 3160 1581 ἐκπίπτουσι
3200 1528 3509 1598 λογισμούς.
3549 1530 3643 1583 Διὸ

2137 1618 2220 1690 δὴ,
2247 1620 2507 1691 πρότερον
2533 1620 2729 1683 αὐτοὺς
2765 1620 2985 1690 προθεὶς
3017 1622 3147 1691 ¹ἡμῖν
3176 1620 3301 1684 τοὺς
3325 1620 3634 1692 λογισμοὺς,

2139 1702 2283 1761 οὗτοι
2329 1707 2386 1760 δὲ
2426 1703 2565 1778 ἦσαν
2599 1707 2644 1759 oi
2690 1706 2779 1759 διὰ
2814 1707 2911 1777 τὴν
2938 1707 3240 1779 εὐπραγίαν
3279 1706 3387 1759 τῶν
3428 1706 3639 1764 ἀσεϐῶν

2137 1796 2435 1870 ἀνθρώπων
2485 1796 2997 1867 ὲπισυμϐαίνοντες’
3040 1796 3184 1851 Ἰδοὺ
3224 1796 3332 1869 γὰρ
3376 1798 3641 1865 ἁμαρτω-ι

2138 1893 2260 1955 .102,
2296 1891 2447 1961 φησὶ,
2478 1890 2578 1956 καὶ
2610 1889 3027 1957 εὐθηνοῦντες,
3051 1889 3288 1943 διδάσκει
3317 1888 3451 1959 μετά
3480 1889 3639 1942 τοῦτο

2138 1983 2232 2036 καὶ
2268 1986 2416 2037 ποῖον
2448 1981 2624 2035 αὐτῶν
2644 1981 2750 2034 τῶν
2781 1980 2992 2034 ἀσεϐῶν
3012 1980 3162 2033 ἔσται
3185 1981 3246 2034 τὸ
3272 1980 3425 2044 τέλος
3445 1995 3458 2010 ⁸
3488 1981 3638 2044 ὅπως

2137 2072 2222 2138 ἂν,
2249 2073 2316 2126 τὰ
2347 2071 2568 2127 τοιαῦτα
2602 2072 2821 2142 γνόντες
2869 2071 3075 2140 σαφῶς,
3113 2070 3188 2142 μὴ
3235 2070 3526 2142 ἀπορῶμεν
3578 2073 3637 2126 ὲν

2135 2166 2253 2226 ταῖς
2287 2164 2621 2234 ἀνωμαλίαις
2643 2163 2750 2217 τῶν
2778 2167 2834 2216 ἐν
2860 2162 2995 2234 τῷδε
3023 2162 3100 2232 τῷ
3128 2162 3228 2234 βίῳ
3270 2163 3631 2234 πραγμάτων.

2145 2253 2238 2320 ,Ως
2276 2253 2494 2323 ἀγαθὸς
2533 2257 2565 2307 ό
2605 2252 2748 2317 Θεὸς
2783 2250 2863 2317 τῷ
2900 2250 3145 2318 Ἰσραὴλ
3185 2249 3307 2317 τοῖς
3337 2249 3537 2304 εὐθέσι
3559 2248 3635 2318 τῇ

2064 2346 2295 2414 καρδίᾳ.
2328 2345 2551 2399 Μέλλων
2587 2344 2887 2419 διηγεῖσθαι
2912 2344 3007 2414 τὴν
3054 2343 3160 2398 τῶν
3209 2344 3267 2396 ἐν
3309 2343 3532 2413 ἀσεϐείᾳ
3556 2343 3636 2396 δι-

2063 2437 2300 2505 αγόντων
2314 2436 2408 2491 ἀνθ
2418 2435 2610 2508 ρώπων
2626 2437 2912 2507 γινομένην
2928 2437 3022 2507 εὐη
3033 2452 3097 2505 με
3104 2436 3241 2505 ρίαν,
3266 2435 3360 2488 καὶ
3378 2434 3474 2506 τὴν
3497 2434 3635 2505 μετά

2060 2528 2234 2582 ταῦτα
2279 2528 2461 2590 αὐτοῖς
2502 2527 2871 2598 ἀποκειμένην
2900 2526 3120 2578 κόλασιν
3154 2524 3375 2595 πικρὰν,
3402 2525 3636 2593 προτάτ-

2060 2638 2142 2673 τει
2180 2620 2240 2672 τὸ
2268 2622 2378 2682 τοῖς
2406 2618 2617 2672 εὐθέσιν
2646 2618 2850 2686 ἀγαθὸν
2879 2615 3013 2672 εἶναι
3067 2616 3155 2670 τὸν
3198 2616 3355 2669 Θεόν⁶
3384 2616 3532 2679 ὅπως
3566 2616 3634 2669 ἂν

2060 2714 2236 2780 γνοῖεν
2283 2712 2332 2764 οἱ
2374 2712 2473 2782 τὴν
2517 2711 2714 2783 εὐσεϐῆ
2757 2710 3070 2781 αἱρούμενοι
3102 2707 3407 2783 μερίδα,ὠς
3448 2708 3634 2777 μόνοις

2058 2806 2166 2868 τοῖς,
2206 2803 2386 2855 εὐθέσι
2427 2806 2494 2874 τῇ
2550 2801 2747 2874 καρδίᾳ
2777 2802 2928 2856 ἔσται
2960 2801 3161 2870 ἀγαθὸς
3188 2803 3215 2854 ὁ
3246 2801 3404 2865 Θεός·
3431 2801 3491 2854 οὐ
3525 2801 3635 2872 μὴν

2060 2890 2139 2943 ἔτι
2169 2892 2263 2944 καὶ
2290 2893 2402 2955 τοῖς
2433 2891 2741 2961 φαυλότατα
2788 2891 3399 2962 ἀμαρτάνουσιν.”Ωστε,
3445 2892 3495 2943 εἰ
3537 2890 3635 2941 καὶ

2058 2981 2305 3036 δοκοῦσιν
2354 2984 2663 3054 εὐημερεῖν,
2714 2984 2868 3053 φησὶ,
2912 2982 3261 3053 ταραττέσθω
3311 2982 3517 3053 μηδεὶς,
3571 2980 3635 3034 τὸ

2063 3073 2255 3145 μικρὸν
2286 3073 2510 3145 ὕστερον
2536 3073 2730 3136 αὐτοὺς
2760 3071 3105 3143 έκδεξόμενον
3150 3071 3504 3143 κολαστήριον
3543 3072 3632 3124 ὲν-

1987 3150 2028 3207 C
2063 3164 2217 3218 νοῶν.

2134 3251 2345 3323 [Ἐμοῦ
2367 3251 2435 3305 δὲ
2456 3252 2616 3320 παρὰ
2632 3251 2849 3321 μικρὸν
2881 3251 3304 3319 ἐσαλεύθησαν
3343 3252 3396 3304 οἱ
3428 3249 3630 3317 πόδες.

2061 3344 2340 3414 Διηγεῖται
2363 3343 2602 3396 τοιοῦτον
2628 3343 2754 3405 τοὺς
2776 3342 3019 3406 εὐσεϐεῖς
3042 3342 3330 3413 ὑπομένειν
3356 3341 3445 3395 τὸν
3466 3341 3633 3396 θάνα-

2058 3451 2171 3501 τον,
2202 3435 2277 3499 ὡς
2310 3438 2382 3508 μή
2416 3452 2540 3490 τινα
2568 3435 2850 3490 ἀνανεύειν
2874 3436 3009 3499 εἴτις
3033 3435 3192 3489 αὐτὸν
3216 3434 3411 3506 ἔροιτο,
3434 3434 3484 3487 εί
3509 3434 3634 3504 βού-

2058 3527 2201 3580 λοιτο
2231 3528 2472 3582 τοιούτου
2506 3527 2734 3581 Θανάτου
2772 3527 3000 3600 τυχεῖν.]

2132 3620 2260 3672 Ὅτι
2290 3617 2556 3685 ἐζήλωσα
2585 3619 2681 3672 ἐπὶ
2715 3618 2839 3683 τοῖς
2873 3619 3136 3687 ἀνόμοις,
3161 3615 3408 3685 εἰρήνην
3446 3615 3633 3684 ἁμαρ.

2057 3712 2263 3766 τωλῶν
2284 3712 2457 3781 ὀρῶν,
2490 3731 2546 3770 κ.
2578 3731 2628 3766 τ.
2654 3711 2704 3767 λ.
2724 3713 2803 3767 Τά
2827 3711 2918 3764 τὸν
2939 3711 3123 3764 κλόνον
3153 3708 3300 3779 αὐτῷ
3329 3708 3629 3779 ποιήσαντα

2056 3802 2156 3874 τῆς
2180 3802 2355 3875 ψυχῆς
2372 3806 2682 3874 ἀφηγεῖται.
2702 3803 2884 3856 Ταῦτα
2905 3802 2962 3856 δέ
2978 3804 3113 3868 ἐστι,
3134 3800 3193 3855 τὸ
3213 3800 3428 3874 πρῶτον
3447 3801 3545 3871 μὲν
3570 3806 3630 3855 ὲν

2056 3897 2243 3967 εἰρήνῃ
2282 3886 2476 3959 αὐτοὺς
2517 3894 2707 3967 βαθείᾳ
2750 3894 3044 3948 διατελεῖν⁸
3097 3893 3286 3947 ἔπειτα
3335 3893 3631 3958 διαπαντὸς

2055 3986 2345 4057 εὐημερεῖν
2368 3984 2459 4039 τοῦ
2496 3987 2632 4056 βίου,
2663 3987 2738 4049 ὼς
2784 3985 2877 4037 καὶ
2936 3984 3096 4055 μέχρι
3134 3983 3360 4038 θανάτου
3406 3984 3506 4054 τὴν
3537 3984 3631 4037 εὐ·

2055 4077 2287 4148 ημερίαν
2336 4075 2785 4137 συνεκτείνεσθαι,
2830 4075 2924 4127 καὶ
2962 4074 3199 4127 τοιοῦτον
3245 4074 3369 4137 τοὺς
3411 4074 3625 4138 ἀσεϐεῖς

2054 4169 2341 4240 ὑπομένειν
2376 4168 2558 4233 αὐτὸν,
2585 4167 2660 4230 ῶς
2692 4168 2764 4238 μή
2804 4183 2923 4219 τινα
2968 4166 3247 4220 ἀνανεύειν
3278 4164 3437 4229 εἴτις
3462 4167 3627 4219 αὐτὶν

2053 4260 2248 4331 ἔροιτο,
2270 4262 2318 4312 εί
2348 4258 2588 4330 βούλοιτο
2608 4257 2700 4311 τοῦ
2726 4258 2964 4311 τοιούτου
2988 4259 3214 4312 θανάτου
3242 4261 3422 4328 τυχεῖν
3441 4274 3458 4289 ο
3486 4257 3627 4329 πρὸς

2051 4352 2108 4405 δὲ
2138 4353 2297 4404 τοῦτο
2340 4352 2434 4404 καὶ
2483 4352 2532 4404 εί
2581 4350 2690 4421 ἀρα
2719 4349 2916 4421 συνέϐη
2949 4351 3042 4403 ἐπὶ
3070 4353 3134 4421 τῇ
3170 4349 3413 4422 ἁμαρτίᾳ
3443 4347 3624 4402 αὐτῶν

2059 4442 2252 4515 μάστιξ
2280 4440 2689 4514 ἐπιστρεπτικὴ,
2711 4440 2917 4511 ταύτην
2943 4441 3017 4513 μὴ
3041 4437 3178 4495 εἶναι
3203 4442 3466 4513 χαλεπὴν,
3508 4439 3624 4493 ἀλλ’
3719 4505 3735 4517 .

2054 4535 2290 4607 ἐλαφράν
2322 4553 2381 4588 τε
2409 4536 2502 4590 καὶ
2538 4535 3009 4606 εὐπαρακόμιστον
3029 4552 3040 4563 °
3072 4535 3157 4605 ἐφ’
3186 4536 3355 4590 ἆπασι
3400 4534 3457 4588 δὲ
3496 4535 3628 4589 τού-

2052 4645 2164 4692 τοις
2210 4627 2270 4681 τὸ
2317 4626 2392 4698 μὴ
2434 4626 2542 4679 τῶν
2581 4626 2935 4698 ἀνθρωπίνων
2989 4627 3380 4681 συναπολαύειν
3416 4626 3623 4690 κόπωνὅ

2056 4719 2190 4790 μηδὲ
2215 4716 2428 4772 δέεσθαι
2471 4717 2570 4788 τῆς
2604 4716 2728 4771 καθ’
2758 4717 2969 4790 ἡμέραν
3002 4717 3263 4788 ἐργασίας
3293 4717 3372 4780 είς
3406 4716 3626 4787 διατρο-

2053 4809 2156 4881 φὴν
2183 4809 2492 4878 ἀναγκαίων
2515 4807 2750 4879 τροφῶν.
2783 4803 2947 4872 Οὗτος
2989 4808 3095 4879 γάρ
3135 4807 3313 4861 αὐτῶν
3342 4810 3372 4861 ὁ
3391 4807 3478 4860 διά
3505 4823 3624 4877 χει-

2053 4897 2162 4969 ρῶν
2187 4897 2352 4961 κόπος
2380 4893 2490 4951 οἴον
2530 4897 2651 4951 ἀντὶ
2691 4898 2968 4968 μαστίγων
3000 4900 3112 4961 τοῖς
3142 4896 3445 4969 ἀνθρώπους
3474 4895 3624 4948 δέδο-

2058 5006 2167 5042 ται.

2125 5074 2227 5127 Διὰ
2252 5074 2426 5129 τοῦτο
2453 5075 2785 5146 ἐκράτησεν
2806 5076 3028 5144 αὐτοὺς
3059 5078 3097 5145 ἠ
3122 5078 3518 5147 ὑπερηφανία,
3544 5077 3625 5139 εἰς

2057 5164 2229 5229 τέλος.
2261 5167 2474 5238 Ἐπειδὴ
2507 5169 2722 5222 πάντων
2754 5169 2851 5239 μὲν
2880 5167 3212 5223 ἀπολαύουσι
3240 5170 3347 5223 τῶν
3376 5168 3621 5238 ἀγαθῶν,

2054 5257 2222 5310 κακοῦ
2249 5259 2305 5312 δὲ
2331 5260 2561 5325 οὐδενὸς,
2597 5260 2785 5313 τούτου
2830 5262 2988 5334 χάριν
3027 5261 3297 5333 περισσῶς
3329 5261 3624 5331 ἐπετήδευ-

2054 5363 2151 5399 σαν
2178 5346 2275 5419 τὴν
2308 5349 2685 5421 ὑπερηφανίαν
2704 5367 2717 5379 ·
2754 5350 2875 5421 ἥτις
2914 5352 3009 5406 καὶ
3043 5351 3258 5415 ἀδίκους
3287 5352 3381 5405 καὶ
3406 5352 3624 5416 ἀσεϐεῖς

390 5435 583 5499 αὐτοὺς
628 5435 939 5500 ἀπετέλεσε,
967 5433 1059 5487 καὶ
1100 5433 1192 5486 ἐπὶ
1241 5433 1512 5500 τοσοῦτον,
1562 5434 1636 5498 ὡς
1693 5432 1787 5486 καὶ
1845 5433 1942 5498 τὰς
1974 5435 2228 5503 ἀσεϐείας
2251 5440 2427 5494 αὐτῶν
2461 5443 2649 5512 παχεῖς
2671 5437 2806 5495 εἶναι
2838 5443 2931 5496 καὶ
2951 5442 3112 5497 οἱονεὶ
3135 5444 3442 5515 εὐτραφεῖς.

488 5524 536 5555 ⁷⁸
569 5523 728 5577 Rom.
757 5541 832 5589 xl,
873 5524 962 5580 '55.

463 5640 583 5720 (5η
591 5639 744 5720 ’νοε
762 5641 1035 5712 οἰκονομία
1083 5655 1224 5710 saepe
1269 5654 1366 5710 pro
1409 5639 1781 5694 incarnatione
1827 5654 1926 5693 usu
1963 5643 2124 5700 venit.
2160 5644 2442 5718 Vulgatius
2464 5653 2645 5702 autem
2678 5647 2945 5720 signiﬁcat
2971 5655 3140 5704 totam
3192 5644 3392 5702 seriem
3447 5642 3623 5700 actio-

393 5708 523 5767 num
544 5708 768 5767 Christi.
