3976 6220
329 385 419 440 δεῖ

1380 386 1742 446 EXPOSITIO
1781 391 1846 446 IN
1886 390 2216 448 PSALMUM
2255 393 2462 450 LXXII.

3430 408 3536 462 530

393 498 730 563 Διήλυοσαν
754 503 837 566 εἰς
864 491 1128 554 διάθεσιν
1155 502 1420 571 καρδίας.
1470 504 1533 556 ’11
1572 506 1848 576 παράνομο

1954 560 1956 567 ,
2057 509 2109 562 7.
2149 508 2489 562 Transierunt
2511 511 2562 562 in
2582 511 2825 578 affectum
2880 511 3072 566 cordis.
3106 510 3293 582 Iniqua
3339 513 3426 568 illa
3460 515 3540 569 fe-

327 589 604 659 εὑημερία,
633 593 816 661 φησὶν,
844 592 955 656 ’ἐξιν
980 593 1160 655 αὐτοῖς
1182 594 1422 664 πονηρὰν
1443 595 1731 666 εἰργάσατο
1757 597 1883 666 περὶ

325 681 418 750 τὴν
443 680 640 752 ψυχήν.
675 684 777 736 Καὶ
815 683 976 737 πόθεν
1001 684 1157 755 δῆλον
1185 685 1216 755 ἢ
1242 687 1304 738 ἐκ
1327 685 1418 739 τοῦ
1435 686 1754 742 διανοεῖσθαι
1785 689 1881 742 αύ-

323 772 443 833 τοὺς
462 774 554 825 καὶ
579 772 760 826 λαλεῖν
789 777 1045 846 πονηρίαν
1071 793 1084 840 ;

398 882 651 937 Ἀδικίαν
687 888 773 951 εἰς
800 885 864 939 τὸ
894 887 1052 956 ὕψος
1092 887 1420 957 ἐλάλησαν.
1475 890 1751 944 Ἑπίτασιν
1783 892 1881 962 τῆς

320 975 576 1045 πονηρίας
609 976 785 1028 αὐτῶν
813 978 1082 1047 σημαίνει,
1117 978 1191 1041 ὡς
1225 978 1410 1032 λοιπὸν
1457 979 1549 1032 καὶ
1600 981 1679 1042 εἰς
1718 979 1879 1032 αὐτὸν

317 1066 402 1120 τὸν
440 1067 570 1119 Θεὸν
616 1068 903 1140 ἀναφέρειν
949 1068 1044 1140 τὴν
1088 1068 1450 1140 βλασφημίαν.
1505 1072 1742 1124 Ἔθεντο
1793 1072 1879 1136 εἷς

315 1158 571 1227 οὐρανόν
614 1159 680 1211 τὸ
729 1160 920 1228 στόμα
945 1159 1159 1214 αὐτῶν.
1196 1161 1521 1232 Βλάσφημα,
1556 1162 1708 1233 φησὶ,
1745 1179 1875 1233 προ-

316 1246 504 1318 έφερον
537 1248 678 1301 κατά
707 1247 801 1300 τοῦ
844 1248 978 1302 Θεοῦ
1020 1252 1258 1320 ῥήματα,
1301 1251 1394 1303 καὶ
1433 1248 1604 1303 ταῦτα
1635 1251 1877 1303 ταπεινοὶ

311 1338 459 1402 ὅντες
498 1341 592 1393 καὶ
620 1340 715 1409 τὴν
744 1341 992 1408 γλῶσσαν
1022 1343 1112 1394 ἐπὶ
1143 1339 1247 1411 γῆς
1268 1341 1498 1412 ἔχοντες.

377 1450 481 1503 Διὰ
496 1451 669 1504 τοῦτο
697 1451 1042 1520 ἐπιστρέψει
1067 1454 1099 1506 ὁ
1123 1456 1270 1519 λαός
1290 1472 1426 1522 μου.
1454 1455 1552 1508 Διά
1575 1455 1732 1510 τοῦτο
1757 1457 1874 1529 μέν·

309 1557 386 1594 τοι
418 1543 754 1614 ἐπαρθέντας
801 1545 995 1608 αὐτοὺς
1037 1546 1462 1617 καταϐληθῆναι.
1499 1554 1516 1571 '
1558 1549 1615 1603 Ὀ
1657 1551 1712 1602 δὲ
1750 1551 1872 1616 νοῦς

307 1630 512 1695 οὕτως*
563 1635 809 1704 Ὠφέλειά
841 1653 944 1700 τις,
988 1637 1138 1708 φησὶ,
1176 1639 1270 1690 καὶ
1301 1641 1599 1713 ἐπιστροφὴ
1643 1641 1720 1712 τῷ
1754 1643 1870 1714 ἐμῷ

307 1722 416 1792 λαῷ
445 1725 751 1795 γενήσεται,
783 1728 815 1797 ή
854 1727 1054 1779 τούτων
1091 1729 1348 1799 τιμωρία.
1395 1731 1728 1802 Ἑωρακότες
1764 1734 1868 1806 γάρ

1986 599 2180 661 licitas,
2217 601 2413 670 inquit,
2450 601 2648 655 malum
2677 602 2812 670 ipsis
2849 601 3091 656 habitum
3141 603 3194 656 in
3229 604 3407 658 anima
3442 620 3534 674 pe-

1983 689 2142 758 perit.
2185 688 2251 741 Et
2305 691 2572 745 undenam
2611 691 2663 744 id
2716 691 3064 747 manifestum
3112 693 3235 759 erit,
3266 694 3376 748 nisi
3421 695 3540 765 puia

1981 779 2220 847 cogitant
2253 789 2307 833 et
2334 781 2627 850 loquuntur
2659 781 3042 851 iniquitatem?

2049 891 2102 953 8,
2127 891 2180 947 9.
2208 891 2550 964 Iniquitatem
2581 896 2634 948 in
2671 895 2873 948 excelso
2906 896 3068 950 locuti
3100 907 3245 952 sunt.
3273 895 3540 968 Augmen-

1981 990 2091 1035 tum
2123 982 2428 1052 iniquitatis
2456 1000 2642 1039 eorum
2685 985 2974 1058 signiﬁcat,
3029 987 3101 1042 ita
3150 997 3210 1042 ut
3239 990 3322 1043 vel
3351 989 3404 1042 in
3458 990 3537 1058 ip-

1978 1088 2097 1128 sum
2138 1073 2302 1129 Deum
2330 1076 2643 1146 blaspltema
2676 1078 2817 1133 dicta
2844 1077 3088 1148 proferre
3128 1080 3385 1134 audeant.
3424 1079 3532 1134 Po-

1977 1174 2192 1218 suerunt
2223 1167 2277 1217 in
2309 1166 2494 1219 caelum
2518 1183 2575 1221 os
2603 1183 2776 1233 suum,
2806 1177 2911 1222 etc.
2949 1167 3290 1238 Blasphema,
3333 1169 3527 1240 inquit,

1976 1255 2138 1309 verba
2199 1255 2252 1309 in
2305 1255 2471 1310 Deum
2506 1256 2868 1327 proferebant,
2923 1259 3047 1313 licet
3095 1259 3226 1314 viles
3269 1271 3450 1316 essent
3477 1271 3532 1315 et

1974 1347 2212 1417 linguam
2249 1349 2301 1402 in
2333 1359 2470 1403 terra
2495 1350 2775 1406 haberent.
3065 1362 3067 1364 ’

2046 1454 2133 1509 10.
2173 1436 2309 1508 Μεθ’
2335 1466 2657 1511 convertelur
2684 1462 2906 1531 populus
2940 1481 3082 1518 meus
3125 1465 3230 1520 hic.
3276 1465 3400 1519 Ideo
3431 1479 3526 1518 eos

1972 1545 2223 1614 superbia
2260 1546 2432 1600 elatos
2463 1548 2618 1618 dejici
2651 1553 2942 1623 continget.
2993 1553 3197 1611 Sensus
3229 1563 3408 1610 autem
3441 1555 3528 1610 hic

1970 1646 2086 1691 est:
2124 1637 2422 1692 Utilitatem
2451 1641 2738 1708 quamdam
2798 1654 2850 1698 et
2880 1647 3288 1702 conversionem
3327 1648 3526 1718 popqu

1971 1742 2091 1781 meo
2122 1728 2310 1784 afferet
2335 1745 2522 1785 eorum
2550 1733 2896 1802 supplicium.
2934 1734 3068 1790 Cum
3105 1737 3337 1791 viderint
3381 1739 3526 1791 enim

305 1805 412 1864 οἷον
457 1815 582 1876 τοὺς
612 1815 827 1880 ἀσεϐεῖς
864 1816 1158 1883 διαδέξεται
1190 1819 1372 1883 τέλος,
1411 1821 1509 1874 οὐκ
1535 1822 1598 1876 ἄν
1629 1841 1755 1877 ποτε
1790 1827 1848 1878 εί‹

1969 1817 2059 1885 qui
2084 1819 2206 1874 linis
2234 1820 2464 1890 excipiet
2495 1822 2711 1892 impios.
2747 1840 3026 1892 nunquam
3079 1826 3144 1880 ad
3177 1826 3306 1897 quid
3349 1827 3525 1880 simile

306 1899 458 1953 τοῦτο
491 1902 712 1968 ἔλθοιεν,
746 1906 945 1976 ὲφορᾷν
974 1906 1041 1958 τὰ
1070 1905 1382 1977 ἀνθρώπινα
1417 1910 1599 1978 σαφῶς
1629 1913 1865 1980 ἐγνωκό-

304 2008 390 2054 τες
418 1990 572 2045 Θεὸν.
600 1994 708 2047 Καὶ
731 1995 941 2065 ἡμέραι
963 1992 1210 2065 πλήρεις
1232 2000 1655 2068 ειῗιρεθήσονται
1675 2002 1744 2055 ἐν
1761 2005 1865 2058 αὐ-

302 2083 438 2148 τοῖς.
475 2085 660 2148 Ὅταν,
695 2087 846 2157 φησὶ,
878 2087 977 2158 τὴν
1006 2088 1256 2158 τοιαύτην
1283 2091 1584 2162 κτήσωνται
1618 2093 1860 2164 γνώμην,

300 2172 415 2226 τότε
435 2173 500 2244 δή
523 2175 644 2227 τότε
679 2175 778 2246 τῆς
802 2175 945 2248 ζωῆς
974 2177 1151 2231 αὐτῶν
1184 2178 1273 2232 τὸν
1307 2179 1494 2251 χρόνον
1525 2181 1703 2246 καλῶς
1736 2185 1862 2237 ἀνα-

300 2263 677 2333 πληρώσουσι,
728 2266 866 2320 κατά
924 2266 985 2319 τὸ
1039 2268 1325 2339 εἰρημένον
1375 2270 1489 2323 ὅτιο
1551 2272 1859 2343 Ἐκοιμήθη

296 2351 533 2419 πλήρης
555 2353 823 2422 ἡμερῶν*
850 2357 1094 2412 τουτέστι
1121 2359 1347 2430 πλήρεις
1379 2363 1432 2414 αἱ
1462 2362 1660 2436 ἡμέραι
1685 2365 1860 2420 αὐτῶν

297 2444 494 2506 παντὸς
529 2445 814 2513 γεγόνασιν
846 2447 1070 2516 ἀγαθοῦ.

357 2555 467 2608 Καὶ
491 2554 688 2621 εἶπαν,
715 2558 840 2624 πῶς
866 2559 1017 2630 ἔγνω
1052 2565 1083 2614 d
1112 2564 1292 2628 Gso’c;
1321 2564 1379 2618 '0
1420 2567 1516 2636 μὲν
1543 2567 1673 2638 ἐμὸς
1709 2567 1853 2636 λαὸς,

293 2645 452 2716 φησὶν
477 2685 492 2710 ,
521 2648 586 2700 ἐκ
622 2648 714 2702 τοῦ
746 2650 1143 2724 καταϐληθῆναι
1179 2658 1304 2719 τοὺς
1337 2658 1548 2722 ἀσεϐεῖς
1577 2659 1856 2731 ώςεληθή-

292 2752 458 2789 σεται.
494 2740 555 2791 Οἱ
588 2739 645 2791 δὲ
672 2740 1058 2811 προλεχθέντες
1089 2745 1368 2811 δυσσεϐεῖς
1391 2749 1484 2801 καὶ
1506 2748 1654 2802 ἄθεοι
1684 2749 1854 2816 οὕτως

289 2824 541 2892 ἠσέϐουν,
572 2827 646 2890 ώς
677 2829 968 2885 σκάνδαλον
996 2833 1247 2902 γενέσθαι
1287 2839 1396 2899 τοῖς
1426 2837 1591 2910 ὁρῶσι
1618 2839 1708 2893 τὸν
1741 2840 1852 2910 βίον

287 2917 482 2980 αὐτῶν,
512 2919 605 2972 καὶ
624 2920 924 2991 ἀμηχανεῖν
953 2925 1045 2978 καὶ⁹
1078 2925 1257 2994 λέγειν
1287 2943 1301 2958 θ
1331 2928 1396 2980 Εἰ
1444 2925 1553 3000 ἆρα
1587 2933 1755 3003 ἐφορᾷ
1785 2933 1853 2986 τὰ

287 3007 599 3080 ἀνθρώπινα
636 3013 664 3064 ὁ
703 3013 866 3079 Θεὸς;
895 3015 966 3068 Τὸ
1013 3016 1142 3084 γὰρ,
1178 3019 1310 3084 Πώς
1353 3019 1504 3089 ἔγνω
1526 3061 1542 3086 ,
1572 3022 1692 3076 ἀντὶ
1731 3023 1846 3089 τοῦ,

286 3098 404 3162 Πῶς
438 3100 727 3169 γινώσκειν
770 3104 838 3158 τὰ
885 3106 1004 3160 καθ’
1036 3110 1180 3179 ἡμᾶς
1213 3110 1306 3162 καὶ
1343 3109 1560 3165 διοικεῖν
1609 3113 1845 3182 λέγεται,

288 3192 374 3244 καὶ
402 3192 520 3258 πῶς
546 3195 746 3262 γνῶσιν
771 3195 882 3267 ἔχει
910 3197 1016 3251 τῶν
1042 3200 1356 3272 ἡμετέρων;

361 3393 506 3447 Ἰδοὺ
531 3390 698 3448 οὗτοι
723 3396 1056 3464 ἁμαρτωλοὶ
1089 3399 1187 3452 καὶ
1224 3401 1619 3468 εὐθηνοῦντες
1633 3405 1718 3468 εἰς
1741 3404 1847 3455 τὸν

283 3483 460 3538 αἰῶνα
482 3486 782 3556 κατέσχον
815 3489 1102 3543 πλούτου.
1133 3490 1206 3544 Τὸ
1234 3492 1401 3546 αῐτιον
1427 3492 1522 3546 τοῦ
1549 3494 1842 3548 σκανδάλου

281 3575 381 3628 τών
423 3576 675 3648 ὁρώντων
722 3579 1145 3651 εὐθηνουμένους
1191 3585 1316 3647 τοὺς
1353 3584 1567 3649 ἀσεϐεῖς
1615 3587 1844 3657 παρατί-

280 3665 444 3720 θεται.
487 3668 657 3722 Τοῦτο
691 3669 748 3723 δέ
775 3672 890 3724 ἐστι
921 3672 982 3724 τὸ
1015 3673 1338 3737 διαιωνίζειν
1365 3674 1559 3737 αὐτοὺς
1589 3675 1730 3729 κατά
1751 3677 1843 3731 τὸν

277 3760 518 3830 παρόντα
551 3761 664 3830 βίον
690 3765 754 3834 τῇ
792 3765 1078 3838 εὐημερίᾳ.
1104 3765 1212 3821 Kal
1233 3762 1402 3819 εἶπα·
1437 3760 1551 3835 ἄρα
1580 3770 1842 3836 ματαίως

273 3849 594 3906 ἐδικαίωσα
636 3853 749 3922 τὴν
786 3857 1036 3924 καρδίαν
1058 3875 1198 3927 μου.
1234 3855 1405 3926 Κάγὼ
1429 3897 1444 3922 ,
1474 3861 1638 3930 φησὶ,
1669 3860 1838 3913 ταῦτα

274 3939 429 4010 ὁρῶν,
466 3941 838 4016 ὲθορυϐούμην
867 3950 978 4010 τοῖς
1010 3947 1306 4018 λογισμοῖς,
1342 3948 1459 4000 κατ’
1487 3949 1721 4019 ἐμαυτὸν
1755 3951 1838 4002 ὲνο

273 4029 401 4083 νοῶν
425 4073 442 4097 ,
482 4033 679 4104 μήπως
711 4035 816 4106 ἄρα
848 4037 876 4089 ὁ
910 4037 1048 4107 ὑπὲρ
1096 4038 1297 4107 ἀρετῆς
1342 4039 1500 4102 πόνος
1549 4039 1698 4093 ἔσται
1749 4058 1836 4111 μοι

276 4121 516 4191 μάταιος.
552 4121 661 4179 Ἦν
698 4125 754 4178 δὲ
793 4128 821 4178 ὁ
850 4128 1007 4192 πόνος
1037 4130 1098 4182 τὸ
1131 4131 1474 4201 δικαιοσύνην
1503 4132 1709 4197 ἀσκεῖν,
1743 4134 1836 4186 καὶ

271 4213 328 4266 τὸ
353 4214 680 4288 καθαρεύειν
729 4219 914 4272 ἀδίκου
963 4220 1248 4292 πράξεως,
1293 4225 1386 4278 καὶ
1430 4224 1492 4278 τὸ
1541 4223 1682 4295 ὑπὲρ
1725 4225 1834 4278 τῶν

272 4305 549 4375 προτέρων
578 4307 986 4380 ἁμαρτημάτων
1019 4314 1208 4366 ἑαυτὸν
1243 4315 1522 4386 μαστίζειν
1552 4319 1617 4387 τῇ
1648 4315 1834 4387 ἐξομο-

269 4394 504 4467 λογήσει,
539 4399 633 4452 καὶ
665 4402 743 4463 είς
767 4401 922 4455 τοῦτο
943 4403 1127 4478 ὥσπερ
1154 4407 1218 4459 ὲκ
1247 4407 1431 4478 κοίτης
1467 4407 1831 4461 διανίστασθαι

271 4487 343 4548 εἰς
363 4487 425 4540 τὸ
454 4488 597 4558 ὑπὲρ
621 4490 728 4543 τῶν
757 4493 1163 4565 ἁμαρτημάτων
1191 4496 1394 4550 κακοῦν
1421 4497 1630 4551 ἑαυτόν.

334 4581 404 4632 El
441 4579 678 4649 ἔλεγον-⁸
717 4583 1081 4654 Διηγήσομαι
1115 4587 1333 4654 οὕτως·
1367 4588 1495 4641 ὶδοὺ
1535 4588 1612 4658 τῇ
1658 4589 1833 4659 γενεᾷ

269 4669 407 4723 υἱῶν
437 4687 557 4726 σου
608 4673 1006 4745 ἠσνυνθέτηκα.
1064 4678 1282 4746 Ταῦτα,
1347 4681 1533 4752 φησὶν,
1591 4683 1831 4736 ἐνενόουν

270 4763 380 4814 κατ’
412 4763 673 4833 ἐμαυτὸν,
703 4765 797 4829 ώς,
831 4769 878 4820 εί
906 4767 1126 4832 τούτους
1148 4771 1273 4834 τοὺς
1299 4763 1714 4836 ὑπεισέλθόντας
1740 4790 1830 4844 μοι

270 4850 554 4925 λογισμοὺς
603 4857 810 4928 ἑτέροις
857 4859 1165 4929 ὲπαγγείλω
1215 4856 1396 4934 (οὗτοι
1439 4866 1497 4919 δὲ
1542 4863 1681 4938 ἦσαν
1731 4868 1824 4920 τό·

269 4938 401 5013 Ἆρα
420 4948 688 5014 ματαίως
713 4948 1029 5006 ἐδικαίωσα
1053 4953 1167 5022 τὴν
1183 4956 1434 5025 καρδίαν
1444 4960 1606 5028 μου),
1628 4959 1828 5022 παντὸς

270 5038 559 5091 σκανδάλου
606 5040 792 5100 αὐτοῖς
831 5043 1086 5114 γενοίμην
1133 5046 1321 5110 αἴτιος.
1362 5048 1531 5102 Τοῦτο
1560 5049 1617 5102 δὲ
1659 5051 1827 5103 ποιῶν

269 5129 588 5197 παρέϐαινον
621 5129 728 5183 τῶν
767 5131 873 5187 σῶν
925 5136 1056 5188 υἱῶν
1102 5135 1201 5200 τὰς
1249 5139 1548 5209 συνθήκας,
1585 5139 1695 5193 τῶν
1745 5141 1826 5193 δι-

267 5216 425 5271 καίων
462 5220 672 5292 ἀνδρῶν
708 5222 928 5295 δηλαδή.
964 5222 1128 5280 Αῦται
1153 5229 1208 5280 δὲ
1233 5225 1370 5299 ἦσαν
1409 5229 1517 5283 τῶν
1555 5231 1723 5298 ἁγίων
1767 5234 1824 5286 αἱ

270 5308 544 5380 συνθῆκαι,
567 5313 629 5364 τὸ
655 5313 730 5384 μὴ
759 5314 1002 5385 ἀλλήλοις
1032 5319 1324 5372 σκανδάλου
1356 5320 1526 5384 αἴτιος
1555 5321 1820 5390 γίνεσθαι.

332 5401 436 5453 Kal
473 5403 780 5458 ὑπέλαϐον
805 5406 911 5459 τοῦ
945 5407 1164 5476 γνῶναι
1216 5411 1408 5475 τοῦτο,
1434 5413 1622 5479 κόπος
1656 5413 1826 5466 ἐστὶν

268 5487 512 5546 ἐνώπιόν
539 5511 680 5563 μου.
748 5496 1121 5569 ⁸Υπονοήσας,
1162 5502 1328 5571 φησὶ,
1363 5501 1432 5555 τὰ
1474 5501 1616 5554 οὕτω
1657 5502 1823 5572 βαθέα

268 5578 456 5644 γνῶναι
498 5585 774 5656 κρίματα,
824 5589 881 5640 ἐν
916 5589 1068 5660 κόπῳ
1104 5591 1389 5647 ἐνέϐαλλον
1438 5592 1691 5665 ἐμαυτὸν,
1728 5593 1821 5648 ἆτε

352 5735 394 5768 ’⁸
426 5735 558 5793 Gen.
583 5756 708 5806 xxv,
738 5741 791 5794 8.

493 5829 761 5896 PATRUL.
800 5833 920 5895 Gn.
970 5835 1228 5900 XXVII.

1967 1910 2235 1978 agendum
2289 1915 2639 1980 accesserint,
2667 1915 2820 1984 gnari
2877 1917 3045 1970 Deum
3073 1916 3310 1971 humana
3343 1920 3523 1972 omnia

1966 2001 2300 2070 censpicere.
2331 2002 2396 2056 Et
2423 2003 2535 2058 dies
2592 2005 2736 2073 pleni
2766 2006 3097 2059 invenientur
3149 2007 3204 2060 in
3253 2007 3352 2062 eis.
3379 2006 3517 2062 Cum

1964 2092 2056 2146 tali
2078 2103 2256 2160 erunt,
2319 2096 2516 2166 inquit,
2550 2106 2728 2151 mente
2778 2098 3053 2165 instructi,
3090 2106 3221 2153 tunc
3253 2098 3376 2153 vita:
3411 2114 3523 2154 sua:

1965 2191 2176 2254 tempus
2207 2187 2374 2256 probe
2410 2189 2726 2250 conﬁcient.
2750 2191 2903 2260 juxta
2941 2189 3072 2245 illud
3115 2191 3349 2246 dictum:
3384 2189 3522 2244 Dor-

1962 2278 2106 2331 mivit
2138 2262 2322 2347 plenus
2344 2281 2548 2334 dierum
2577 2283 2624 2313 ⁷⁸
2649 2300 2663 2348 ;
2691 2283 2745 2337 id
2781 2295 2888 2348 est,
2919 2298 3110 2338 omnes
3157 2298 3346 2337 eorum
3400 2283 3516 2338 dies

1960 2368 2113 2422 omni
2139 2369 2283 2424 bono
2310 2371 2453 2441 pleni
2478 2371 2649 2426 fuere.

2027 2580 2112 2636 11.
2150 2579 2220 2634 Et
2248 2581 2532 2637 dixerunt:
2586 2584 2856 2649 Quomodo
2901 2588 3002 2640 scit
3065 2585 3242 2644 Deus?
3279 2585 3516 2654 Populus

1955 2688 2130 2738 meus,
2165 2673 2363 2743 inquit,
2387 2691 2518 2730 cum
2550 2677 2745 2746 deiecti
2767 2687 2823 2734 et
2857 2679 3126 2733 deturbati
3181 2678 3384 2735 fuerint
3407 2680 3515 2734 im-

1954 2763 2049 2832 pii,
2069 2764 2193 2818 hinc
2205 2765 2490 2821 utilitatem
2508 2768 2753 2838 accipiet.
2772 2768 2854 2824 Illi
2871 2779 3051 2824 autem
3080 2770 3380 2835 supradicti
3411 2771 3514 2824 im-

1953 2856 2027 2925 pii
2056 2864 2108 2910 et
2139 2857 2282 2911 athei
2316 2867 2466 2912 tanta
2503 2859 2776 2929 impietate
2805 2851 3046 2927 fuerunt,
3092 2870 3152 2915 ut
3206 2862 3516 2938 videntibus

1951 2960 2140 3002 eorum
2174 2948 2338 3002 vitam
2367 2949 2690 3006 oﬂ'endiculo
2717 2961 2920 3017 essent,
2955 2953 3029 3008 ita
3074 2962 3132 3008 ut
3171 2954 3225 3008 bi
3271 2953 3515 3009 dicerent

1951 3037 2096 3092 anxii
2125 3047 2177 3094 et
2201 3039 2386 3096 dubii:
2420 3039 2558 3096 Num
2589 3042 2730 3099 Deus
2779 3045 3004 3114 respicit
3047 3045 3318 3100 humana?
3374 3045 3511 3099 Illud

1950 3129 2117 3192 enim,
2149 3129 2420 3195 Quomodo
2452 3136 2574 3198 scit,
2608 3134 2661 3188 id
2686 3143 2789 3202 est,
2811 3136 2923 3190 Cur
2945 3137 3145 3192 dicitur
3167 3152 3229 3191 ea
3259 3151 3380 3206 quae
3403 3153 3504 3192 nos

1948 3232 2192 3290 spectant
2222 3239 2550 3294 cognoscere
2603 3239 2656 3284 et
2691 3229 3105 3295 administrare;
3128 3237 3183 3284 et
3213 3243 3326 3300 quo
3350 3240 3509 3300 pacto

1947 3329 2126 3368 rerum
2155 3330 2465 3372 nosuarum
2494 3319 2777 3374 scientiam
2800 3322 3000 3378 habet?

2015 3426 2195 3480 12-14.
2241 3425 2375 3482 Ecce
2407 3429 2510 3497 ipsi
2535 3441 2830 3499 peccatores
2855 3442 2906 3486 et
2946 3433 3272 3487 abundantes
3320 3432 3374 3486 in
3406 3448 3507 3485 sar-

1944 3511 2062 3564 culo
2084 3511 2422 3567 obtinuerunt
2454 3515 2693 3571 divitias.
2757 3517 2990 3574 Causam
3041 3519 3281 3574 declarat
3329 3517 3501 3571 clien-

1942 3603 2108 3658 diculi
2149 3606 2450 3661 videntium
2504 3609 2703 3678 impios
2749 3610 2802 3664 in
2839 3611 3172 3666 abundantia
3214 3627 3355 3667 esse.
3388 3609 3503 3663 Iloc

1942 3702 2119 3748 autem
2148 3694 2222 3750 ita
2255 3696 2472 3759 dicitur,
2521 3700 2648 3768 quia
2677 3700 2990 3755 diuturnam
3017 3702 3156 3757 hanc
3179 3704 3342 3756 vitam
3376 3717 3501 3756 cum

1941 3780 2194 3838 felicitate
2215 3785 2441 3841 ducunt.
2465 3787 2533 3840 Et
2556 3788 2671 3842 dixi
2694 3806 2712 3842 :
2738 3789 2878 3860 Ergo
2898 3790 3010 3843 sine
3031 3806 3192 3844 causa
3210 3789 3502 3858 justiﬁcavi

1940 3890 2029 3926 cor
2057 3891 2247 3942 meum,
2276 3886 2380 3931 etc.
2402 3876 2535 3947 Ego,
2563 3879 2761 3948 inquit,
2814 3881 2896 3936 bis
2927 3881 3258 3950 conspectis,
3319 3889 3498 3934 mente

1939 3967 2288 4034 perturbatus
2318 3984 2487 4032 eram,
2523 3986 2732 4025 mecum
2777 3981 3034 4040 reputans
3078 3987 3144 4026 ne
3174 3987 3272 4042 pro
3299 3973 3495 4025 virtute

1938 4067 2220 4127 susceptus
2241 4057 2392 4112 labor
2420 4059 2628 4115 inutilis
2647 4070 2791 4117 esset
2839 4062 2996 4117 mibi.
3027 4062 3155 4117 Erat
3200 4069 3380 4116 autem
3411 4061 3460 4115 la
3481 4089 3494 4101 -

1935 4149 2035 4202 bor
2061 4149 2392 4218 huiusmodi,
2429 4149 2700 4218 justitiam
2751 4168 3040 4220 exercere,
3093 4152 3243 4208 omni
3297 4151 3493 4220 iniquo

1935 4254 2098 4308 opere
2124 4255 2320 4308 purum
2359 4253 2501 4307 esse,
2530 4256 2630 4311 pro
2656 4243 2949 4312 praeteritis
2973 4243 3211 4314 peccatis
3241 4257 3362 4298 sese
3391 4242 3490 4296 ﬂa-

1935 4331 2135 4402 gellare
2158 4331 2210 4384 in
2234 4330 2601 4400 confessione,
2635 4343 2689 4390 et
2718 4334 2785 4389 ad
2815 4348 2934 4389 eam
2970 4349 3083 4390 rem
3111 4334 3248 4389 lecto
3273 4349 3367 4388 sur
3383 4347 3496 4387 vere

1934 4434 2112 4483 mane,
2167 4420 2234 4474 ad
2283 4436 2402 4476 sese
2441 4422 2646 4491 peccati
2695 4439 2860 4479 causa
2907 4422 3319 4479 macerandum.

2007 4591 2090 4644 15.
2120 4590 2178 4646 Si
2207 4592 2441 4647 dicebam
2466 4611 2485 4648 :
2518 4595 2764 4652 Narrabo
2794 4597 2908 4661 sic;
2937 4614 3050 4652 ecce
3066 4607 3333 4651 nationem
3357 4597 3493 4666 ﬁlio-

1933 4696 2049 4732 rum
2075 4690 2283 4735 tuorum
2319 4685 2607 4754 reprobavi.
2636 4686 2782 4755 Hinc,
2834 4689 3030 4759 inquit,
3081 4702 3293 4742 mecum
3338 4688 3488 4755 cogi-

1930 4759 2133 4834 tabam,
2189 4771 2236 4826 si
2288 4787 2380 4828 eas
2434 4776 2794 4845 cegitationes
2856 4792 2945 4832 me
3000 4775 3313 4830 invadentes
3369 4775 3490 4841 aliis

1932 4861 2312 4917 renuntiavero
2362 4872 2553 4934 (erant
2600 4878 2779 4923 autem
2811 4869 2917 4924 illa:
2957 4887 2971 4923 :
3005 4867 3142 4938 Ergo
3198 4867 3310 4921 sine
3362 4883 3489 4919 cau-

1929 4963 1988 5000 sa
2022 4947 2305 5019 iustiﬁcavi
2322 4970 2411 5008 cor
2440 4958 2655 5028 meum),
2690 4959 2996 5016 oﬂendiculi
3020 4962 3154 5032 ipsis
3177 4977 3340 5017 causa
3369 4976 3481 5016 ero.

1930 5035 2042 5092 lloc
2069 5049 2249 5094 autem
2311 5058 2478 5113 agens
2537 5057 2692 5116 pacta
2736 5050 2970 5105 ﬁliorum
3004 5060 3219 5107 tuorum
3259 5059 3483 5120 praetcr-

1927 5145 2148 5198 gressus
2170 5148 2312 5198 sum,
2337 5135 2610 5204 justorum
2634 5140 2882 5197 videlicet
2907 5143 3168 5196 virorum.
3227 5126 3352 5194 Haec
3381 5156 3482 5193 au—

1928 5231 2033 5276 tem
2061 5234 2218 5280 erant
2238 5237 2396 5296 pacta
2427 5242 2763 5300 sanctorum,
2796 5245 2856 5291 ut
2895 5252 3000 5292 non
3037 5235 3137 5292 sibi
3165 5241 3351 5288 mutuo
3401 5235 3486 5288 ot—

1925 5312 2179 5368 lendiculi
2209 5331 2373 5372 causa
2405 5331 2606 5378 essent.

1997 5406 2082 5461 16.
2119 5407 2508 5466 Existimabam
2533 5426 2591 5469 ut
2637 5417 2993 5491 cognoscerem
3044 5418 3160 5481 hoc,
3220 5415 3369 5469 labor
3405 5427 3480 5469 est

1925 5507 2046 5552 ante
2075 5516 2175 5554 me.
2214 5501 2349 5558 Cum
2381 5507 2771 5578 existimarem,
2826 5511 3024 5580 inquit,
3057 5519 3166 5563 tam
3216 5506 3480 5578 profunda

1922 5587 2124 5659 judicia
2176 5609 2263 5651 me
2322 5611 2673 5671 cognoscere,
2724 5602 2778 5656 in
2839 5600 3080 5656 laborem
3131 5615 3218 5654 me
3252 5599 3478 5671 conjeci,

3121 5861 3192 5922 11
