3976 6220
430 378 527 433 ’551

1262 374 1317 429 S.
1359 373 1731 429 ATHANASII
1771 372 1922 428 OPP.
1965 372 2144 428 PARS
2184 371 2275 426 lll.
2313 398 2381 413 ιι-
2424 366 2831 425 EXEGETICA.

3555 370 3661 424 ὅδὲ

429 503 553 542 cum
594 501 658 543 ea
688 486 822 543 sint=
848 485 1118 557 profunda
1167 493 1222 540 et
1282 485 1674 539 iuscrutabilia.
1717 484 1982 538 Caeterum

2094 480 2295 550 βαθέων
2339 480 2506 532 ὄντων
2547 479 2638 531 καὶ
2672 478 3127 549 άνεξερευνήτων.
3163 478 3308 551 Πλὴν
3342 479 3435 534 τὸν
3471 479 3662 537 δέοντα

428 590 791 649 opportunum
822 580 957 635 mihi
996 579 1062 634 ad
1085 593 1204 633 eam
1262 577 1625 648 cognitionem
1649 587 1861 645 tempus
1895 590 1983 631 as-

428 670 667 740 signavi:
694 677 776 726 est
794 684 975 726 autem
1028 670 1178 735 illud,
1208 677 1421 738 tempus
1467 666 1634 722 divini
1670 667 1981 731 tribunalis,

427 762 644 829 quando
666 761 857 817 reddes
908 762 1200 830 unicuique
1251 759 1549 815 secundum
1596 774 1759 825 opera
1794 774 1893 813 sua
1915 760 1980 817 ⁷³.

498 853 587 917 l8,
620 853 707 908 l9.
724 852 1091 907 Verumtamen
1111 860 1321 922 propter
1339 851 1486 904 dolos
1523 851 1746 920 posuisti
1772 851 1847 904 eis
1874 866 1986 902 ma-

427 946 500 1009 ta,
521 955 625 1000 etc.
649 942 782 1014 Ego,
806 945 1000 1014 inquit,
1018 952 1384 1013 opportunum
1407 941 1543 996 mihi
1576 941 1642 995 ad
1675 950 1984 995 accuratam

424 1051 613 1090 earum
649 1052 831 1090 rerum
887 1035 1253 1106 cognitionem
1309 1032 1579 1104 assignavi
1624 1030 1866 1086 futurum
1903 1033 1982 1085 vi-

423 1129 620 1183 delicet
666 1138 912 1198 tempus;
948 1143 1012 1182 ac
1042 1126 1358 1197 prophetico
1393 1125 1588 1196 spiritu
1641 1124 1821 1179 futura
1849 1140 1985 1194 prm-

421 1236 661 1275 nnscens
743 1220 866 1275 dico
942 1219 1160 1274 dolosas
1262 1232 1445 1272 mores
1539 1216 1983 1287 gravissimorum

427 1313 563 1383 ipsis
595 1311 984 1382 suppliciorum
1013 1312 1066 1364 in
1115 1325 1279 1365 causa
1311 1309 1541 1364 futuros.
1582 1306 1699 1361 Erit
1748 1322 1985 1376 namque

422 1406 534 1459 illis
554 1403 810 1459 exaltatio
871 1404 926 1456 in
978 1402 1210 1456 ruinam.
1261 1402 1437 1472 Atque
1486 1399 1652 1469 hujus
1685 1399 1809 1452 vitae
1844 1398 1984 1452 divi-

426 1498 514 1551 tize
546 1496 767 1566 perinde
819 1495 926 1550 illis
950 1494 1360 1566 iudicabuntur,
1390 1503 1552 1563 atque
1587 1490 1983 1547 somniantium

423 1589 573 1653 visa,
614 1586 800 1642 inania
849 1594 901 1641 et
953 1587 1144 1642 umbra
1189 1588 1305 1657 ipsa
1347 1585 1669 1640 inlirmiora.

484 1679 577 1734 20.
616 1679 683 1732 Et
700 1679 753 1732 in
792 1679 997 1732 civitate
1054 1688 1146 1732 tua
1196 1679 1477 1749 imaginem
1519 1674 1753 1746 ipsarum
1807 1674 1875 1728 ad
1903 1672 1986 1727 ni-

425 1771 592 1825 hilum
619 1770 838 1840 rediges.
867 1767 1072 1824 Civitas
1098 1745 1580 1838 Dominivsuperna
1636 1776 1720 1822 est
1771 1764 1987 1821 Jerusa-

425 1864 554 1928 lem,
592 1861 871 1932 imaginem
916 1860 1171 1930 ipsorum,
1220 1858 1276 1913 id
1326 1870 1429 1927 est,
1485 1857 1709 1913 terreni.
1749 1854 1875 1912 Haec
1905 1866 1987 1912 est
2020 1840 2057 1893 Β

425 1971 604 2014 autem
632 1957 922 2015 sententia.
977 1953 1449 2022 Quandoquidem,
1483 1952 1583 2016 ait,
1615 1950 1816 2005 terreni
1847 1949 1986 2003 iuta-

424 2054 602 2122 ginem
630 2057 932 2122 gestarunt,
965 2056 1018 2103 et
1044 2061 1151 2101 non
1175 2045 1412 2101 caelestis
1430 2042 1636 2109 ",ideo
1658 2040 1723 2095 ad
1754 2040 1986 2095 nihilum

427 2143 754 2213 redigentur,
773 2140 995 2197 audient
1014 2139 1159 2194 enim
1182 2153 1247 2192 eo
1265 2147 1507 2207 tempore
1531 2152 1545 2189 :
1570 2132 1764 2188 Nescio
1792 2150 1879 2188 vos
1903 2129 1983 2198 '7;

426 2244 613 2304 utpote
645 2234 736 2304 qui
787 2248 894 2288 non
920 2240 1110 2303 gerant
1142 2228 1379 2285 caelestis
1412 2226 1723 2298 imaginem.

507 2404 685 2460 21-24.
743 2403 882 2469 Quia
907 2403 1297 2471 inﬂammatum
1325 2410 1401 2454 est
1447 2414 1536 2453 cor
1566 2414 1736 2452 meum
1758 2406 1806 2451 et
1840 2413 1985 2452 renes

429 2495 525 2547 mei
548 2493 852 2546 commutati
870 2500 1010 2555 sunt,
1037 2502 1086 2543 et
1115 2506 1206 2561 ego
1224 2491 1292 2543 ad
1323 2488 1547 2542 nihilum
1578 2487 1822 2541 redactus
1848 2503 1985 2551 sum,

423 2595 472 2637 et
496 2585 711 2648 nescivi,
735 2592 843 2639 etc.
899 2581 1169 2648 Quoniam
1208 2580 1320 2635 zelo
1358 2579 1560 2633 zelatus
1594 2595 1712 2633 sum
1747 2594 1841 2648 pro
1873 2575 2014 2646 Do-_

425 2678 567 2730 mino
601 2676 669 2742 ⁷³,
697 2675 769 2730 ita
798 2684 856 2729 ut
887 2689 1047 2730 renes
1087 2674 1193 2727 mei
1252 2674 1609 2743 implerentur
1650 2671 1766 2726 zelo
1820 2669 1981 2740 ignis,

426 2768 544 2821 ideo
566 2766 760 2837 dignus
805 2766 1021 2820 habitus
1072 2778 1192 2819 sum
1254 2763 1347 2832 qui
1377 2762 1739 2825 illuminarer,
1785 2769 1840 2814 et
1862 2773 1986 2823 ,εο-

425 2873 739 2930 guoscerem
767 2872 887 2927 quae
920 2857 974 2910 iu
1032 2856 1250 2911 civitate
1306 2864 1396 2909 tua
1449 2863 1738 2924 geruntur,
1779 2860 1835 2906 et
1867 2863 1989 2921 quae

427 2946 713 3015 imaginem
763 2945 1053 3015 impiorum
1108 2952 1376 3012 spectant.
1432 2941 1537 2998 Sed
1574 2952 1736 2997 antea
1798 2951 1857 2995 ut
1896 2940 1986 3009 ju-

428 3045 666 3092 mentum
696 3036 958 3106 insipiens
987 3036 1097 3090 vixi
1132 3036 1201 3099 τ’,
1239 3050 1363 3089 cum
1395 3049 1504 3088 non
1542 3048 1759 3103 possem
1789 3031 1990 3086 divinae

427 3129 780 3199 providentiae
805 3129 1045 3184 rationes
1100 3128 1387 3198 attingere.
1420 3128 1670 3181 Attamen
1706 3139 1813 3180 non
1866 3138 1898 3178 a
1936 3131 1988 3177 te

427 3222 568 3277 Deus
601 3235 773 3285 meus,
804 3220 1100 3275 derelictus
1124 3234 1245 3276 sum
1265 3261 1279 3286 ,
1313 3233 1490 3287 neque
1524 3217 1704 3272 excidi
1736 3230 1832 3287 spe
1858 3229 1987 3285 erga

428 3322 480 3366 te
510 3327 652 3377 mea,
676 3313 769 3367 sed
792 3328 991 3381 semper
1016 3321 1183 3366 tecum
1213 3328 1386 3367 eram.
1413 3313 1579 3383 quue
1610 3326 1718 3367 non
1739 3326 1857 3366 mea
1884 3312 1989 3364 vir-

428 3413 561 3467 tute,
596 3403 690 3457 sed
721 3418 786 3457 ex
818 3412 910 3458 tua
941 3403 1112 3473 gratia
1148 3403 1322 3459 eﬂeci.
1350 3404 1433 3458 Tu
1460 3404 1605 3458 enim
1644 3403 1758 3473 ipse
1788 3418 1855 3457 ex
1880 3402 1989 3457 cle-

428 3486 627 3542 utentia
657 3495 748 3542 tua
780 3502 953 3542 meam
998 3488 1277 3543 dexteram
1326 3489 1762 3559 apprehendens,
1809 3490 1986 3544 tenui-

426 3578 495 3632 sti
552 3592 620 3634 ne
649 3586 973 3633 moveantur
1004 3580 1229 3649 vestigia
1263 3594 1405 3645 mea,
1453 3594 1632 3649 neque
1675 3578 1842 3649 pedes
1880 3580 1986 3635 mei

425 3677 636 3731 nutent,
681 3682 783 3723 nec
822 3668 1058 3739 amplius
1095 3677 1276 3724 tecum
1320 3668 1622 3724 consistere
1646 3670 1875 3740 possint.

501 3818 593 3884 25,
634 3816 725 3874 26.
754 3817 894 3885 Quid
919 3819 1060 3873 enim
1104 3819 1235 3873 mihi
1253 3828 1329 3874 est
1359 3819 1414 3873 in
1442 3819 1589 3886 caelo,
1638 3828 1687 3874 et
1711 3837 1742 3874 a
1773 3829 1820 3875 te
1861 3823 1986 3892 quia

423 3908 566 3962 uolui
611 3923 769 3978 super
823 3911 1204 3965 terramletc.
1262 3908 1554 3978 Quoniam,
1610 3910 1809 3981 inquit,
1852 3913 1987 3967 nihil

424 3999 556 4054 mihi
581 4000 637 4054 in
671 4000 812 4055 coelo
840 4010 925 4057 est
953 4010 1148 4072 praeter
1166 4011 1219 4056 te
1249 4002 1449 4067 solum,
1481 4003 1608 4058 hinc
1636 4018 1983 4074 consequen-

423 4097 508 4144 ter
530 4089 679 4145 nolui
703 4090 979 4161 quidpiam
1008 4099 1343 4147 terrenarum
1383 4092 1853 4164 accipere,utpote
1866 4111 1988 4164 quae

429 4181 797 4251 corruptibilia
819 4182 1002 4237 omnia
1019 4183 1127 4238 sint
1154 4192 1208 4237 et
1232 4195 1598 4254 temporanea.
1621 4183 1798 4241 Unum
1812 4187 1987 4243 solum

426 4268 684 4339 consequi
715 4278 861 4338 Opto,
880 4271 1038 4340 cujus
1056 4272 1325 4327 desiderio
1341 4275 1718 4345 memetipsum
1752 4292 1989 4332 macera-

427 4359 554 4413 ham
581 4359 637 4413 in
694 4369 867 4415 terra:
896 4361 1028 4417 illud
1052 4371 1231 4417 autem
1261 4371 1366 4431 est,
1403 4374 1463 4419 ut
1504 4373 1564 4420 tu
1620 4366 1773 4423 solus
1805 4370 1981 4438 portio

429 4463 549 4503 mea
575 4462 669 4504 SIS.

505 4536 596 4593 28.
630 4536 770 4604 Quin
792 4554 904 4592 ecce
932 4540 1021 4609 qui
1040 4539 1285 4609 elangant
1327 4557 1383 4596 se
1426 4550 1532 4597 ate
1569 4544 1834 4613 peribunt,
1874 4554 1980 4600 etc.

426 4626 547 4684 Tibi
589 4631 807 4685 assidue
847 4632 1250 4702 conjungimur,
1295 4647 1331 4687 ο
1389 4633 1636 4702 Domine,
1691 4637 1853 4708 idque
1889 4639 1981 4708 ju-

425 4735 485 4775 re
530 4735 595 4776 ac
670 4722 886 4789 merito,
940 4724 1094 4794 gnari
1137 4724 1345 4780 scilicet
1410 4741 1508 4782 eos
1566 4728 1657 4796 qui
1714 4738 1867 4782 extra
1929 4740 1981 4783 te

423 4810 728 4866 consistunt
761 4813 815 4866 in
852 4814 1144 4882 perniciem
1180 4815 1352 4870 ituros
1384 4815 1439 4870 in
1489 4817 1616 4873 fine.
1649 4816 1753 4883 Qui
1800 4828 1979 4873 autem

413 4912 599 4958 tecum
626 4911 753 4958 sunt
782 4903 980 4959 bonam
1016 4908 1323 4976 portionem
1375 4920 1797 4977 consequentur.
1834 4910 1981 4965 Con-

417 4993 591 5065 tinget
641 4994 787 5048 enim
835 4994 941 5050 illis
992 4994 1047 5049 in
1089 4995 1296 5052 ccelesti
1339 4995 1637 5054 Jerusalem
1683 5001 1967 5069 pulchram

419 5091 720 5159 portionem
756 5088 1022 5145 obtinere.
1055 5088 1183 5145 Haec
1214 5099 1396 5147 autem
1449 5101 1557 5156 est,
1615 5101 1679 5150 ut
1718 5096 1829 5152 tuis
1889 5113 1982 5153 ca-

419 5181 611 5237 nendis
660 5180 878 5253 hymnis
906 5195 1122 5250 semper
1164 5181 1524 5237 delectentur.

731 5268 785 5325 1.
825 5268 1130 5324 Intellectus
1150 5272 1348 5341 Asaph.
1386 5270 1664 5331 LXXIII.

1002 5361 1400 5436 Argumentum.

418 5444 877 5518 Supplicationem
917 5452 1068 5507 hisce
1101 5451 1247 5507 canit
1271 5451 1559 5524 Propheta,
1590 5472 1816 5516 cernens
1850 5476 1981 5532 pos-

496 5544 949 5601 tremamlsraelis
963 5545 1331 5616 captivitatem
1351 5546 1365 5601 :'
1389 5564 1456 5602 ne
1478 5565 1705 5620 prorsus
1721 5569 1813 5609 eos
1829 5570 1859 5610 a
1878 5571 1977 5611 sua

487 5632 822 5699 protectione
843 5635 1077 5705 rejiciat,
1100 5636 1194 5691 sed
1229 5636 1506 5708 relinquat
1547 5640 1683 5711 ipsis
1734 5644 1976 5716 aliquam

2016 4503 2061 4558 D

2083 576 2164 637 εἰς
2194 572 2292 642 τὴν
2321 570 2522 624 τούτων
2550 570 2750 638 γνῶσιν
2799 569 3134 641 πεπόρισμαι
3166 569 3385 641 ἐμαυτῷ
3424 572 3616 643 καιρόν
3638 589 3655 605 ο

2081 659 2234 727 οὗτος
2259 664 2315 716 δὲ
2345 658 2410 733 ἦν
2436 663 2465 713 ό
2492 661 2587 713 τοῦ
2598 644 2755 714 ἣθείου
2784 660 3133 732 δικαστηρίου
3167 662 3379 735 καιρὸς,
3401 663 3492 715 ὅτε
3523 664 3663 718 ἀπο-

2082 753 2270 817 δώσεις
2299 753 2510 821 ἑκάστῳ
2531 751 2670 805 κατὰ
2691 751 2759 804 τὰ
2778 751 2912 822 ἔργα
2945 751 3131 805 αὐτοῦ.

2153 844 2326 913 Πλὴν
2365 843 2462 897 διὰ
2502 841 2609 908 τὰς
2649 842 2996 910 δολιότητας
3037 841 3236 895 αὐτῶν
3272 841 3412 896 ἔθου
3452 841 3661 908 αἰτοῖς

2083 936 2262 1002 κακά,
2282 955 2335 992 κ.
2349 955 2397 991 τ.
2413 937 2463 992 λ.
2482 935 2620 1005 Ἐγὼ
2634 935 2751 1006 μὲν,
2767 934 2948 1006 φησιν,
2968 930 3269 1003 ἐπιτήδειον
3283 933 3383 1004 τῆς
3396 932 3659 1005 ἀκριϐοῦς

2084 1031 2212 1101 περὶ
2239 1029 2441 1083 τούτων
2483 1028 2733 1098 γνώσεως
2768 1027 2967 1097 ὲθέμην
3009 1024 3231 1097 ἐμαυτῷ
3272 1026 3361 1078 τὸν
3397 1025 3517 1095 μέλ)
3529 1041 3658 1077 οντα

2085 1122 2292 1194 καιρόν·
2325 1123 2494 1186 ὅπως,
2525 1121 2601 1192 τῷ
2632 1119 2950 1193 προφητικῷ
2974 1118 3419 1188 πνεύματιγνοὺς
3448 1117 3513 1168 τὰ
3546 1114 3661 1168 ὲσό-

2088 1236 2240 1289 μενα,
2271 1216 2434 1287 φημὶ,
2459 1215 2534 1278 ὡς
2561 1214 2708 1268 αἰτία
2742 1212 2951 1284 πικρῶν
2985 1212 3255 1266 κολάσεων
3286 1210 3467 1273 αὐτοῖς
3493 1211 3528 1280 ἡ
3556 1207 3658 1261 τοῦ

2083 1309 2283 1380 τρόπου
2327 1305 2927 1378 δολιότηςηγενήσεται.
2975 1305 3168 1356 Ἔσται
3211 1300 3319 1373 γὰρ
3366 1300 3546 1355 αὐτῶν
3574 1302 3657 1364 είς

2084 1398 2288 1452 πτῶσιν
2315 1397 2378 1450 τὸ
2405 1395 2626 1466 ὕψωμα.
2647 1395 2757 1448 Καὶ
2772 1386 2924 1466 οὗτος
2955 1395 2983 1446 ό
3012 1390 3201 1464 παρὼν
3226 1393 3409 1454 αὐτοῖς
3442 1389 3661 1460 κριθείη

2085 1489 2315 1554 πλοῦτος
2343 1489 2527 1561 ῶσπερ
2568 1488 2632 1542 ἂν
2669 1487 2763 1541 καί
2808 1465 2914 1540 τ’ῶν
2947 1483 3374 1556 όνειρωττόντων
3414 1484 3483 1535 τὰ
3520 1481 3661 1550 φάσ-

2087 1602 2232 1657 ματα
2262 1583 2607 1637 ἀνυπόστατα
2636 1584 2730 1635 κα).
2761 1581 2940 1650 πάσης
2970 1579 3127 1641 σκιᾶς
3152 1576 3535 1646 ἀσθενέστερα.

2153 1674 2265 1730 Καὶ
2296 1674 2366 1727 ἐν
2393 1671 2467 1740 τῇ
2504 1675 2675 1727 πόλει
2707 1686 2821 1725 σου
2852 1669 2965 1736 τὴν
3011 1667 3215 1721 eludi-cz
3258 1667 3456 1720 αὐτῶν
3482 1664 3659 1730 ἐξου-

2084 1767 2386 1832 δενώσεις.
2410 1765 2570 1827 Πόλις
2600 1763 2697 1834 μὲν
2724 1760 2817 1815 τοῦ
2843 1760 3049 1832 Κυρίου
3078 1761 3111 1829 ἠ
3144 1758 3254 1812 ἄνω
3282 1757 3657 1830 Ἰερουσαλὴμ,

2086 1857 2262 1911 εἰκὼν
2298 1855 2356 1908 δὲ
2400 1852 2596 1907 αὐτῶν
2627 1855 2659 1923 ἡ
2693 1852 2786 1905 τοῦ
2819 1849 3025 1921 χοϊκοῦ.
3065 1851 3129 1898 Ὃ
3158 1847 3213 1901 δὲ
3240 1847 3388 1916 λέγει
3418 1845 3659 1899 τοιοῦτόν

2088 1950 2232 2001 ἐστιν
2252 1962 2266 1978 ’
2309 1943 2527 2014 Ἐπειδὴ
2558 1941 2654 2013 τὴν
2680 1941 2773 1994 τοῦ
2802 1939 2988 2011 χοϊκοῦ
3009 1982 3023 2006 ,
3067 1938 3200 2009 φησι
3223 1980 3238 2005 ,
3279 1939 3658 2010 πεφορήκασιν

2087 2036 2305 2102 εἰκόνα,
2338 2036 2430 2089 καὶ
2469 2034 2530 2086 οὐ
2562 2032 2660 2103 τὴν
2701 2030 2796 2084 τοῦ
2838 2031 3177 2103 ἐπουρανίου,
3225 2024 3398 2101 ταύτῇ
3434 2045 3515 2081 τοι
3565 2027 3660 2080 καὶ

2086 2126 2625 2198 ἑξουδενωθήσονται·
2663 2122 2981 2177 ἀκούσονται
3027 2121 3135 2192 γάρ
3181 2122 3300 2173 κατ’
3338 2122 3512 2173 ἐκεῖνο
3536 2135 3659 2172 και-

2089 2218 2182 2291 ροῦ
2211 2236 2224 2249 ·
2258 2219 2379 2271 Οὐκ
2419 2213 2554 2270 οἶδα
2588 2214 2742 2285 ὑμᾶς
2766 2232 2780 2245 ·
2809 2215 2902 2269 ἅτε
2933 2212 3008 2285 μὴ
3035 2211 3325 2283 φοροῦντες
3356 2212 3454 2284 τὴν
3492 2209 3660 2265 αὑτοῦ

2083 2310 2178 2365 τοῦ
2208 2307 2530 2381 ἐπουρανίου
2561 2307 2764 2360 εἰκόνα.

2158 2403 2277 2455 Ὅτι
2298 2399 2588 2465 ἐξεκαύθη
2626 2397 2664 2464 ή
2700 2395 2911 2465 καρδία
2925 2413 3063 2465 μου,
3092 2394 3189 2448 καὶ
3218 2397 3273 2449 ol
3300 2394 3507 2463 νεφροί
3535 2411 3658 2463 μου

2084 2486 2527 2555 ἠλλοιώθησαν,
2558 2485 2717 2555 κάγὼ
2756 2482 3232 2554 ἐξουδεγωμένος
3252 2524 3268 2549 ,
3314 2483 3410 2537 καὶ
3436 2485 3545 2537 οὐκ
3560 2484 3658 2551 ἐγ-

2084 2595 2223 2642 νων,
2244 2595 2294 2634 κ.
2310 2594 2360 2632 τ.
2371 2577 2422 2633 λ,
2439 2576 2653 2647 Ἐπειδὴ
2664 2573 2856 2644 ζηλῶν
2872 2575 3135 2645 ἐζήλωκα
3152 2575 3232 2642 τῷ
3242 2577 3450 2645 Κυρίῳ,
3467 2575 3543 2640 ὡς
3563 2575 3661 2630 καὶ

2084 2669 2182 2740 τὴν
2213 2668 2437 2741 καρδίαν
2465 2669 2559 2721 καὶ
2588 2668 2713 2732 τοὺς
2743 2668 2973 2740 νεφροὺς
3003 2668 3351 2739 πληρωθῆναι
3385 2667 3529 2738 ζήλῳ
3559 2684 3660 2719 πυ-

2089 2759 2202 2831 ρὸς,
2234 2758 2422 2812 τούτου
2469 2759 2627 2830 χάριν
2653 2757 2890 2828 ἠξιώθην
2931 2758 3262 2829 φωτισθῆναι
3310 2758 3403 2811 καὶ
3451 2757 3658 2826 γνῶναι

2087 2851 2154 2904 τὰ
2178 2852 2307 2924 περὶ
2328 2851 2427 2921 τῆς
2453 2851 2551 2922 σῆς
2581 2850 2787 2913 πόλεως
2813 2851 3173 2922 πεποιημένα,
3195 2851 3288 2903 καὶ
3312 2850 3380 2904 τὰ
3401 2850 3531 2921 περὶ
3557 2850 3660 2917 τῆς

2088 2941 2293 3003 εἰκόνος
2331 2941 2440 2995 τῶν
2489 2941 2723 2996 ἀσεϐῶν.
2766 2940 2926 2994 Ἀλλά
2972 2940 3130 3012 δίκην
3184 2942 3412 3012 κτήνους
3459 2940 3658 3007 ἀλόγου

2087 3032 2360 3086 διετέλεσα
2389 3032 2672 3104 πρότερον,
2707 3031 2780 3103 μὴ
2803 3032 3097 3102 δυνάμενος
3123 3032 3399 3086 ἐπιϐαλεῖν
3421 3033 3533 3097 τοῖς
3558 3031 3659 3102 τῆς

2089 3123 2350 3193 Προνοίας
2396 3122 2594 3191 λόγοις.
2650 3121 2838 3193 Ὅμως
2883 3124 2981 3176 οὐκ
3022 3122 3369 3195 άπελιπόμην
3422 3124 3514 3177 σοῦ
3559 3123 3655 3177 τοῦ

2087 3212 2243 3277 Θεοῦ,
2272 3213 2392 3266 οὐδὲ
2440 3212 2726 3278 ἐξέπιπτον
2775 3217 2872 3287 τῆς
2914 3213 3007 3268 ἐπὶ
3040 3212 3099 3269 σὲ
3131 3215 3339 3279 ἐλπίδος
3361 3229 3380 3248 ’
3411 3218 3538 3286 συνῆ
3548 3233 3659 3287 μην

2086 3307 2142 3359 δέ
2173 3323 2272 3360 σοι
2300 3306 2645 3372 διαπαντός.
2675 3309 2785 3362 Καὶ
2813 3309 2970 3362 τοῦτο
2994 3307 3259 3380 ἔπραττον
3291 3309 3391 3362 οὐκ
3428 3309 3486 3375 ἐξ
3515 3309 3659 3379 ἐμῆς

2086 3398 2365 3467 δυνάμεως
2388 3439 2404 3464 ,
2438 3395 2552 3451 ἀλλ’
2579 3400 2643 3452 ὲκ
2672 3400 2771 3465 τῆς
2804 3399 2904 3468 σῆς
2947 3400 3186 3473 χάριτος.
3220 3399 3293 3453 Σὺ
3335 3399 3443 3471 γὰρ
3471 3399 3655 3463 αὐτὸς,

2086 3490 2152 3558 τῇ
2186 3487 2379 3541 σαυτοῦ
2414 3486 2790 3561 φιλανθρωπίᾳ
2826 3491 2928 3560 τῆς
2956 3487 3094 3562 ἐμῆς
3132 3489 3313 3557 δεξιᾶς
3337 3489 3659 3560 ἐπιλαϐόμε-

2087 3593 2196 3640 νος,
2226 3579 2467 3646 συνεῖχες
2500 3577 2594 3630 καὶ
2623 3580 2971 3658 συνεκράτεις
2992 3581 3126 3652 πρὸς
3156 3581 3218 3633 τὸ
3254 3579 3327 3651 μὴ
3357 3580 3658 3650 διασεισθῆ-

2087 3667 2173 3719 ναί
2215 3684 2317 3737 μου
2347 3667 2413 3721 τὰ
2441 3667 2598 3740 διαόή
2610 3687 2770 3739 ματα,
2804 3671 2935 3742 μηδὲ
2965 3672 3091 3737 τοὺς
3119 3671 3286 3736 πόδας
3309 3689 3410 3744 μου
3433 3672 3657 3726 σαλεύε-

2090 3757 2213 3810 σθαι
2236 3758 2336 3828 τῆς
2363 3756 2512 3829 παρὰ
2538 3761 2622 3813 σοὶ
2651 3762 2913 3826 στάσεως.

2163 3849 2226 3902 Τί
2253 3848 2362 3918 γάρ
2376 3868 2477 3919 μοι
2492 3851 2824 3921 ὑπάρχειὲν
2846 3855 2925 3921 τῷ
2942 3856 3193 3925 οὐρανῷ,
3224 3860 3321 3913 καὶ
3348 3860 3506 3928 ,παρὰ
3535 3859 3654 3914 σοῦ

2088 3939 2145 3992 τί
2157 3940 2429 4008 ἠθέλησα
2441 3941 2537 3996 ἐπὶ
2568 3941 2695 4013 γῆς,
2714 3961 2767 3998 κ.
2783 3963 2832 3999 τ.
2847 3946 2897 4001 λ.
2930 3948 3128 4021 Επειδὴ
3152 3948 3300 4003 οὐδέν
3330 3967 3439 4022 μοι,
3468 3951 3652 4022 φησὶν,

2088 4032 2321 4104 ὑπάρχει
2353 4034 2410 4087 ὲν
2448 4033 2525 4104 τῷ
2555 4035 2785 4107 οὐρανῷ,
2816 4036 2954 4109 πλὴν
2984 4040 3078 4094 σοῦ
3121 4041 3302 4111 μόνου,
3341 4043 3656 4108 ἀναγκαίως

2087 4123 2206 4176 οὐδέ
2235 4141 2289 4193 τι
2313 4123 2421 4178 τῶν
2452 4127 2545 4179 ἐπὶ
2578 4126 2683 4196 γῆς
2720 4128 2960 4200 ἠθέλησα
2982 4130 3233 4197 δέξασθαι
3263 4132 3357 4187 ἆτε
3397 4133 3656 4205 φθαρτῶν

2087 4214 2254 4268 ὄντων
2295 4215 2547 4271 ἁπάντων
2575 4221 2667 4272 καὶ
2694 4221 3058 4293 προτκαίρων.
3102 4224 3249 4287 Ἐνὸς
3274 4225 3331 4278 δὲ
3368 4226 3527 4294 μόνου
3560 4226 3657 4296 ηὐ-

2087 4305 2259 4377 χόμην
2292 4311 2491 4377 τυχεῖν,
2519 4309 2613 4362 καὶ
2635 4309 2714 4380 τῷ
2736 4309 2925 4365 τούτου
2958 4312 3106 4382 πόθῳ
3135 4313 3462 4385 κατέτρυχον
3488 4315 3655 4385 ἐμαυ-

2086 4395 2177 4449 τὸν
2208 4396 2300 4449 ἐπὶ
2331 4396 2431 4465 τῆς
2454 4396 2588 4467 γῆς·
2621 4399 2777 4452 τοῦτο
2802 4399 2858 4453 δέ
2891 4401 3005 4454 ἐστι
3036 4401 3097 4454 τὸ
3120 4401 3176 4454 σὲ
3213 4403 3404 4475 μερίδα
3438 4420 3526 4472 μοι
3556 4404 3652 4456 καὶ

2094 4483 2257 4554 μόνην
2287 4484 2558 4553 γενέσθαι.

2172 4574 2314 4628 Ἰδοὺ
2339 4575 2428 4628 ὅτι
2453 4579 2505 4629 οἱ
2529 4579 2939 4646 μακρύνω-τες
2960 4581 3209 4647 ἑαυτοὺς
3234 4581 3351 4636 ἀπὸ
3388 4581 3502 4635 σοῦ
3547 4580 3656 4635 ἀπ-

2088 4665 2386 4731 ολοῦνται,
2400 4683 2453 4721 κ.
2472 4684 2518 4720 ν.
2537 4666 2585 4724 λ.
2600 4668 2711 4739 Τῆς
2724 4668 2820 4739 σῆς
2834 4670 3150 4742 ἀντεχόμην,
3162 4667 3206 4726 ὦ
3219 4673 3474 4736 Δέσποτα,
3493 4688 3655 4725 συνα-

2091 4758 2267 4827 φείας,
2305 4758 2456 4829 φησί·
2485 4760 2577 4813 καὶ
2603 4761 2757 4814 τοῦτο
2782 4762 2947 4825 καλῶ,
2980 4763 3154 4829 εἰδὼς,
3184 4764 3258 4829 ὡς
3282 4763 3390 4818 τῶν
3418 4763 3521 4829 ἔξω
3553 4763 3651 4817 σοῦ

2087 4849 2457 4917 τυγχανόντων
2490 4850 2709 4923 ὄλεθρος
2736 4851 2886 4907 ἔσται
2921 4854 2981 4907 τὸ
3003 4855 3194 4927 πέρας.
3214 4857 3278 4909 Οἱ
3310 4855 3367 4908 δὲ
3401 4855 3654 4919 συνόντες

2089 4935 2299 5004 ἀγαθὴν
2342 4934 2519 5003 ἕξουσι
2572 4939 2786 5009 μερίδα.
2823 4942 3166 5014 Συμῦήσεται
3198 4944 3306 5016 γὰρ
3341 4945 3522 5008 αὐτοῖς
3545 4984 3561 5006 ,
3589 4945 3650 4998 ἐν

2090 5025 2153 5093 τῇ
2208 5024 2509 5098 ἐπουρανίῳ
2551 5022 2859 5100 γενομένοις
2901 5032 3283 5105 Ἰερουσαλὴμ,
3335 5034 3433 5106 τὴν
3478 5036 3655 5107 καλὴν

2093 5112 2285 5183 μερίδα
2310 5115 2686 5190 κληρονομεῖν.
2712 5121 2857 5193 Αὕτη
2882 5123 2941 5180 δέ
2964 5124 3081 5178 ἐστι
3106 5126 3165 5180 τὸ
3186 5130 3296 5190 τοῖς
3324 5130 3435 5192 σοῖς
3461 5127 3651 5199 ὒμνοις

2090 5205 2358 5278 ἐντρυφᾷν
2388 5209 2476 5264 ἀεί
2484 5249 2496 5263 .

2447 5299 2758 5368 Συνέσεως
2790 5304 2872 5369 τῷ
2914 5307 3119 5376 Ἀσάφ.
3162 5307 3272 5361 01"
3275 5346 3290 5361 .

2706 5392 3027 5462 Ὺπόθεσις.

2096 5477 2395 5555 ἰκετηρίαν
2435 5481 2493 5535 ὲν
2524 5481 2734 5548 τούτοις
2753 5486 2784 5537 ό
2816 5493 3099 5560 προφήτης
3125 5489 3260 5560 ᾅδει,
3296 5489 3393 5562 τὴν
3425 5490 3654 5561 ἔσχατον

2154 5569 2296 5640 ὀρῶν
2317 5571 2689 5644 αἰχμαλωσίαν
2711 5576 2805 5631 τοῦ
2846 5579 3088 5651 Ἰσραήλ·
3117 5581 3264 5644 ὅπως
3286 5580 3353 5642 ἂν
3385 5583 3459 5652 μὴ
3489 5585 3569 5645 εἰς
3590 5583 3652 5652 τὸ

2159 5658 2415 5725 παντελὲς
2433 5662 2627 5727 αὐτοὺς
2650 5664 2805 5739 ἐξέλῃ
2830 5647 2937 5739 τῆς*
2955 5647 3090 5740 πρὸς
3118 5670 3279 5724 αὐτὸν
3301 5647 3648 5739 eluendum},

505 5760 553 5797 "
592 5761 749 5820 Rom.
789 5781 852 5835 ιι,
882 5767 938 5825 6.
1003 5770 1048 5802 ⁷⁸
1074 5770 1095 5825 ι
1125 5771 1248 5829 Cor.
1280 5788 1369 5841 xv,
1409 5773 1498 5832 49.
1574 5778 1617 5809 "
1656 5776 1845 5836 Matth.
1888 5797 2012 5853 xxv,
2061 5786 2147 5842 l0.
2199 5755 2267 5822 ἠ
2297 5789 2363 5847 lll
2399 5792 2529 5864 Reg.
2563 5796 2776 5862 xtx,l0.
2852 5800 2898 5836 τ’
2931 5800 3074 5856 Psal.
3094 5816 3238 5856 Lxxu
3289 5801 3380 5860 25.
