3976 6220
304 390 404 447 555

1347 385 1711 444 EXPOSITIO
1750 386 1817 441 1N
1858 385 2184 442 PSALMUM
2220 386 2487 445 LKXlll..

3432 383 3537 437 354

370 499 675 574 καταλείπῃ
702 499 759 553 δέ
799 516 921 552 τινα
964 495 1148 559 αὐτοῖς
1183 499 1262 562 είς
1292 499 1565 571 σωτηρίαν
1590 500 1862 571 ἀφορμήν.

2039 501 2231 555 salutis
2260 500 2426 555 viam.
2459 497 2724 555 Describit
2748 496 2913 569 piirro
2954 496 3228 554 excidium
3270 494 3426 551 urbis
3464 509 3529 549 ac

369 592 667 663 Διαγράφει
699 591 755 644 δὲ
783 590 875 643 καὶ
911 589 1009 662 τὴν
1045 589 1245 643 ἅλωσιν
1276 590 1375 662 τὴν
1417 590 1699 662 συμϐᾶσαν
1729 592 1865 661 αὐτῇ

368 697 428 733 τε
457 682 522 751 τῇ
557 679 708 733 πόλει
737 678 930 750 καὶτῷ
959 678 1090 750 θείῳ
1121 679 1257 752 ναῷ.

370 773 492 826 Ἵνα
518 778 594 837 τί,
625 774 658 825 δ
700 771 863 837 Θεὸς,
896 770 1117 825 ἀπώσω
1146 775 1234 836 εις
1264 771 1472 838 tuor;
1501 772 1725 844 Ὅμοιον
1754 772 1864 844 “cii”

309 862 579 931 Ἔφθασεν
622 862 708 915 ἐπ’
743 861 939 925 αὐτοὺς
966 864 1000 934 η
1026 863 1161 934 ὀργὴ
1191 863 1291 934 ἤδη
1331 865 1409 927 εἰς
1443 863 1612 929 τέλος.
1657 866 1731 918 Ui)
1763 865 1871 939 γάρ

302 952 378 1006 ἔτι
406 952 721 1007 ἀνάπαυλαν
754 951 963 1016 ἓξονται
992 953 1100 1005 τῶν
1134 952 1340 1008 κακῶν.

368 1044 678 1112 Μνήσθητι
708 1042 821 1113 τῆς
858 1042 1219 1114 συναγωγῆς
1260 1061 1358 1100 σοι
1387 1040 1464 1115 ἧς
1493 1044 1728 1112 ἐκτήσω
1762 1046 1869 1100 ’ἀπ’

300 1136 510 1205 ἀρχῆς.
563 1135 661 1189 Διά
695 1136 805 1189 τῶν
856 1134 1107 1208 Ἀϐραὰμ
1154 1138 1246 1190 καὶ
1280 1137 1463 1191 Ἰσαάκ
1508 1128 1599 1189 καὶ
1654 1136 1866 1191 Ἰακώϐ.

315 1226 671 1303 Ἐλυτρώσω,
698 1226 900 1295 ῥάϐδῳ
948 1227 1063 1295 τὴν
1107 1228 1508 1297 κληρονομίαν
1550 1244 1687 1282 σου.
1738 1228 1870 1281 Ἀπὸ

302 1320 477 1373 κοινοῦ
504 1320 585 1372 τό·
628 1318 913 1390 Μνήσθητι
947 1314 1015 1391 ἦς
1060 1318 1349 1390 ὲλυτρώσω
1398 1318 1577 1390 ῥάϐδῳ
1622 1320 1871 1391 κληρονο-

303 1408 428 1480 μίας
458 1425 551 1461 σου
574 1425 590 1439 ο
623 1409 870 1461 τουτέστι
899 1407 1261 1478 κληρονομίας
1285 1408 1362 1470 είς
1386 1406 1651 1476 βασίλειον
1677 1410 1871 1479 ηὐτρε-

301 1500 583 1571 πισμένης,
619 1498 738 1553 καθ’
762 1499 790 1550 ὃ
833 1498 966 1570 πρὸς
997 1500 1191 1563 αὐτοὺς
1222 1500 1453 1570 εἴρηται·
1511 1498 1738 1552 Ἔσεσθέ
1778 1516 1868 1570 μοι

302 1590 358 1658 ἒξ
394 1593 650 1646 ἁπάντων
698 1590 804 1645 τῶν
854 1590 1026 1645 ὲθνῶν
1069 1591 1225 1660 γένος
1264 1590 1549 1654 ἐκλεκτὸν,
1601 1590 1868 1661 βασίλειον

301 1680 616 1751 ἱεράτευμα.
670 1679 841 1746 Ὄρος
892 1676 1048 1733 Σιὼν
1096 1678 1273 1733 τοῦτο
1326 1679 1358 1731 ὃ
1403 1677 1868 1747 κατεσκήνωσας

299 1769 365 1822 ἑν
387 1767 566 1834 αὐτῷ.
599 1768 699 1824 Διὰ
735 1770 797 1823 τὺ
840 1768 1220 1840 ἐπιφαίνεσθαι
1257 1771 1314 1823 ὲν
1349 1770 1427 1842 τῷ
1470 1770 1598 1841 θείῳ
1630 1771 1741 1843 ναῷ
1779 1773 1868 1825 τὸν

298 1859 449 1915 Θεόν.

369 1953 631 2021 Ἔπαρον
657 1952 765 2018 τὰς
795 1952 997 2022 χεῖράς
1026 1965 1143 2007 σου
1179 1950 1277 2007 ἐπὶ
1312 1952 1420 2019 τὰς
1451 1953 1861 2023 ὑπερηφανίας

296 2042 490 2097 αὐτῶν
514 2046 601 2110 εἰς
637 2044 833 2110 τέλος.
874 2042 996 2098 Τῶν
1043 2043 1675 2115 καταστρατευσαμὲνων
1721 2043 1861 2097 κατὰ

296 2131 387 2186 τοῦ
417 2130 561 2186 θείου
588 2131 741 2185 ναοῦ.

373 2227 487 2277 Kat
515 2210 1011 2290 ἐνεκαυχῆσαντο
1056 2225 1112 2278 οί
1160 2221 1486 2293 μισοῦντές
1508 2237 1583 2277 σε
1607 2223 1677 2276 ἐν
1692 2223 1861 2293 μέσῳ

297 2313 402 2382 τῆς
420 2312 637 2383 ἑορτῆς
675 2330 814 2370 σου.
840 2313 1057 2385 Ἐπειδὴ
1088 2317 1145 2367 ὲν
1174 2313 1252 2385 τῷ
1280 2313 1474 2383 Πάσχα
1492 2316 1557 2385 τῇ
1590 2316 1748 2386 ἐορτῄ
1769 2316 1860 2367 τὸν

297 2406 431 2458 κατὰ
462 2405 560 2459 τοῦ
604 2404 811 2476 Κυρίου
843 2405 1047 2476 ἤραντο
1088 2404 1342 2477 πόλεμον,
1377 2404 1567 2458 τούτου
1612 2405 1770 2477 χάριν
1802 2407 1861 2458 ὲν

298 2496 442 2568 αὐτῷ
483 2496 562 2567 τῷ
615 2496 791 2568 καιρῷ
834 2500 944 2561 τοῖς
1003 2497 1284 2568 πολεμίοις
1334 2498 1724 2570 παρεδόθησαν.
1770 2496 1861 2568 Τῷ

297 2587 402 2659 τὰρ
434 2586 629 2657 Πάσχα
674 2587 1022 2659 συνηγμένων
1071 2587 1213 2641 κατὰ
1262 2587 1355 2642 τὸν
1394 2589 1556 2659 νόμον
1587 2588 1699 2642 τῶν
1731 2589 1861 2642 Ἰουο

295 2678 453 2733 δαίων
486 2679 765 2743 ἁπάντων,
801 2680 837 2746 ὴ
882 2678 1166 2751 πολιορκία
1206 2679 1496 2750 γεγένηται
1535 2679 1755 2744 δικαίως
1801 2681 1859 2733 ὲν

294 2763 339 2837 ᾧ
368 2769 545 2840 καιρῷ
578 2770 670 2823 καὶ
702 2769 782 2840 τῷ
811 2769 1028 2842 σταυρῷ
1050 2771 1141 2823 τὸν
1170 2771 1396 2840 Σωτῆρα
1429 2770 1805 2842 προσήλωσαν.

368 2862 609 2916 Ἔθεντο
639 2860 713 2914 τὰ
746 2860 963 2929 σημεῖα
992 2859 1191 2915 αὐτῶν
1222 2860 1457 2930 σημεῖα.
1494 2861 1575 2914 Τά
1620 2860 1862 2931 σύμϐολά

297 2969 424 3023 φησι
452 2950 544 3006 τοῦ
583 2952 849 3022 πολέμουο
878 2952 1026 3021 λέγει
1063 2952 1120 3006 δὲ
1143 2952 1212 3005 τά
1234 2952 1542 3024 καλούμενα
1574 2952 1723 3019 παρά
1747 2955 1860 3016 τοῖς

300 3040 665 3113 στρατεύμασι
700 3040 877 3110 σίγνα,
910 3042 992 3095 ὅτι
1032 3041 1214 3094 ἔθεντο
1245 3044 1324 3105 είς
1355 3042 1453 3111 τὴν
1486 3039 1600 3095 ὁδὸν
1635 3040 1734 3110 τῆς
1762 3040 1859 3093 πό-

296 3133 442 3199 λεως.
492 3135 600 3188 Καὶ
649 3135 710 3187 οὐ
772 3135 934 3206 μέχρι
988 3134 1196 3187 τούτων
1247 3133 1521 3206 ἔστησαν·
1580 3133 1717 3187 ἀλλὰ
1764 3133 1859 3186 καὶ

297 3224 652 3296 ὑπερήλαντο,
693 3225 846 3295 φησὶ,
875 3224 1121 3278 τουτέστι
1152 3224 1247 3277 καὶ
1290 3226 1371 3288 είς
1400 3224 1561 3277 αὐτὸν
1603 3224 1694 3277 τὸν
1722 3225 1861 3278 θεῖον
1888 3206 1930 3264 C

297 3315 416 3368 ναὸν
456 3315 838 3386 εἰσεπήδησαν,
875 3316 935 3369 οὗ
971 3314 1366 3386 γινώσκοντες,
1410 3317 1492 3369 ὅτι
1542 3315 1673 3379 Θεὸς
1717 3312 1784 3386 ἦν
1834 3318 1862 3369 ὁ

300 3406 619 3477 παραδιδοὺς
647 3407 745 3478 τὴν
774 3407 926 3460 πόλιν
958 3408 1141 3471 αὑτοῖς
1174 3406 1261 3460 διά
1297 3406 1397 3478 τὴν
1441 3405 1550 3461 τῶν
1591 3407 1861 3461 ἐνοικούν-

296 3513 399 3551 των
424 3498 697 3553 ἀσέόειαν.
740 3499 872 3552 "Are
909 3499 971 3570 δὴ
1005 3498 1162 3552 τοῦτο
1192 3499 1556 3570 ἀγνοήσαντες
1583 3539 1598 3564 ,
1635 3499 1733 3571 τὴν
1764 3500 1861 3571 μὲν

297 3590 496 3643 οἰκείαν
524 3591 919 3661 ἀπεθαύμασαν
945 3591 1194 3663 δύναμιν,
1222 3590 1505 3644 ἀσθένειαν
1532 3590 1590 3644 δὲ
1620 3590 1860 3661 κατεψη-

300 3682 508 3750 φίζοντο
555 3682 649 3736 τοῦ
688 3684 745 3737 ὲν
776 3683 854 3755 τῷ
895 3684 1024 3755 θείῳ
1051 3682 1163 3754 ναῷ
1190 3683 1663 3755 προσκυνουμένου
1702 3681 1856 3735 Θεοῦ.

298 3775 385 3827 Διὸ
429 3773 635 3845 προϊών
678 3792 842 3846 φησιν
868 3790 882 3804 ·
919 3774 1069 3842 Ἕως
1116 3776 1289 3839 πότε,
1324 3776 1524 3843 Κύριε,
1561 3774 1801 3830 ὀνειδιεῖ
1826 3779 1861 3829 ό

298 3867 538 3936 ἐχθρός;
583 3868 657 3921 Τὸ
696 3868 753 3921 δὲ
790 3866 1239 3920 άναδιπλασιάσαι
1276 3867 1334 3919 ἐν
1365 3865 1441 3936 τῷ
1472 3866 1863 3937 κατονομάζειν

297 3956 363 4009 τὰ
388 3961 590 4029 σημεῖα
621 3957 1099 4028 άποθαυμάζοντος
1122 3957 1209 4031 εἴη
1235 3956 1353 4023 πῶς
1373 3959 1403 4011 ὁ
1430 3953 1569 4021 θεῖος
1591 3958 1716 4020 ναὸς
1742 3960 1862 4020 ταῖς

295 4045 399 4098 τῶν
428 4046 704 4117 πολεμίων
728 4045 996 4117 παρεδόθη
1026 4044 1233 4117 χερσίν.
1772 4074 1783 4082 -

372 4138 465 4205 Ὡς
498 4138 568 4191 ἐν
609 4134 811 4207 δρυμῷ
861 4135 1062 4202 ξύλων
1114 4136 1349 4203 ἀξίναις
1398 4133 1701 4203 ἐξέκοψαν
1755 4133 1861 4200 τὰς

297 4232 476 4300 θύρας
507 4229 719 4299 αὐτῆς,
738 4248 790 4283 κ.
810 4248 861 4284 τ.
881 4228 930 4284 λ.
962 4231 1261 4300 Διαγράφει
1288 4230 1347 4282 ὲν
1361 4226 1859 4299 τοῖςπροκειμὲνοις

295 4321 388 4391 τῆς
423 4339 485 4374 τε
529 4321 735 4385 πόλεως
760 4318 854 4373 τοῦ
885 4337 946 4373 τε
987 4318 1130 4372 θείου
1165 4319 1292 4372 ναοῦ
1323 4318 1419 4389 τὴν
1453 4317 1854 4387 καταστροφήν.

304 4415 673 4488 ’Υλοτομικοῖς
723 4414 819 4467 καὶ
869 4417 1200 4477 τεκτονικοῖς
1258 4413 1507 4484 ὀργάνοις
1549 4408 1854 4481 χρώμενοι,

2041 589 2210 647 divini
2239 592 2446 662 templi.

2041 764 2109 820 Ut
2157 766 2303 838 quid,
2353 767 2514 833 Deus,
2568 767 2807 838 repulisti
2851 767 2906 820 in
2958 767 3159 836 ﬁnem?
3211 762 3400 819 Simile
3448 770 3532 819 est

1969 850 2092 910 illi:
2148 854 2400 910 Pervenit
2448 856 2515 909 ad
2571 871 2666 911 eos
2707 856 2788 909 ira
2837 855 2949 926 jam
3009 870 3179 924 usque
3236 855 3289 909 in
3335 854 3522 911 ﬁnem.

1967 943 2086 1000 Non
2136 945 2280 1000 enim
2324 945 2559 1014 amplius
2603 945 2846 1015 requiem
2891 944 3217 999 habebunta
3243 946 3422 1000 malis.

2037 1036 2092 1091 2.
2132 1036 2333 1091 Memor
2356 1048 2464 1091 esto
2500 1038 2918 1108 congregationis
2954 1048 3058 1092 tuae
3079 1053 3236 1107 quam
3290 1037 3530 1108 possedi-

1968 1129 2038 1185 sti
2073 1129 2136 1184 ab
2168 1131 2339 1184 initio.
2374 1129 2475 1184 Per
2494 1130 2790 1195 Abraham,
2820 1131 2971 1186 Isaac
3015 1139 3069 1186 et
3120 1122 3311 1185 Jacob.
3358 1128 3526 1184 Rede-

1968 1220 2112 1275 misti
2139 1221 2284 1291 virga
2324 1222 2683 1301 haereditatem
2734 1233 2900 1276 tuam.
2942 1221 3000 1276 In
3026 1238 3318 1278 commune
3372 1223 3530 1292 poni-

1968 1320 2056 1367 tur
2074 1311 2240 1367 illud:
2271 1311 2479 1367 Memor
2506 1324 2624 1368 esto
2653 1314 2979 1369 haereditatis
3027 1324 3152 1376 tuae,
3187 1329 3352 1385 quam
3379 1315 3527 1383 virga

1967 1403 2278 1469 redemisti;
2306 1403 2358 1456 id
2395 1411 2497 1467 est,
2522 1405 2854 1460 haereditatis
2874 1406 2943 1460 ad
2969 1422 3195 1477 regnum
3230 1406 3528 1471 adornatae,

1968 1503 2028 1549 ut
2042 1495 2244 1550 dictum
2268 1504 2352 1550 est
2374 1495 2481 1551 illis
2499 1497 2545 1528 '°
2564 1511 2578 1549 :
2595 1495 2759 1551 Eritis
2778 1497 2908 1551 mihi
2926 1513 2991 1552 ex
3005 1499 3262 1553 omnibus
3280 1498 3529 1569 gentibus

1968 1603 2136 1658 genus
2152 1587 2406 1654 electum,
2426 1587 2603 1657 regale
2619 1588 3006 1643 sacerdotium.
3031 1587 3184 1644 Mons
3203 1588 3335 1644 Sion
3351 1590 3403 1643 in
3421 1604 3524 1660 quo

1968 1675 2220 1730 habitasti
2274 1678 2329 1731 in
2376 1694 2456 1732 eo.
2511 1676 2648 1745 Quia
2686 1676 2829 1734 Deus
2866 1678 2921 1733 in
2974 1678 3157 1734 divino
3196 1681 3394 1749 templo
3433 1694 3523 1750 ap-

1969 1767 2172 1838 paruit.
2594 1770 2599 1779 '
3129 1773 3137 1782 ’

2036 1970 2091 2026 5.
2117 1968 2256 2025 Lava
2284 1986 2470 2026 manus
2505 1981 2624 2026 tuas
2652 1975 2709 2025 in
2740 1972 3008 2040 superbius
3034 1987 3215 2026 eorum
3267 1973 3322 2026 in
3347 1973 3524 2043 ﬁnem.

1965 2057 2165 2113 Eorum
2199 2058 2295 2128 qui
2327 2067 2514 2113 contra
2548 2059 2796 2114 divinum
2844 2061 3103 2130 templum
3157 2062 3359 2116 bellum
3395 2076 3519 2130 ges-

1966 2159 2175 2206 serunt.

2034 2241 2087 2297 4.
2107 2240 2174 2296 Et
2197 2243 2414 2312 gloriati
2440 2254 2559 2299 sunt
2585 2244 2673 2314 qui
2701 2242 2920 2297 oderunt
2948 2245 3068 2297 tein
3099 2243 3534 2297 mediosolemni-

1967 2333 2091 2386 tatis
2122 2343 2244 2387 tuae.
2263 2331 2400 2399 Quia
2420 2334 2475 2388 in
2510 2328 2851 2389 solemnitate
2873 2331 3095 2388 Pascha:
3116 2332 3314 2388 bellum
3340 2343 3531 2389 contra

1965 2421 2257 2478 Dominum
2295 2425 2626 2488 excitarunt,
2661 2424 2781 2479 ideo
2812 2438 2878 2478 eo
2902 2422 3022 2492 ipso
3057 2431 3299 2493 tempore
3348 2423 3532 2477 inimi-

1964 2514 2045 2569 cis
2073 2516 2188 2570 suis
2208 2516 2390 2572 traditi
2424 2524 2572 2572 sunt.
2594 2514 2731 2570 Nam
2779 2517 2834 2570 in
2872 2514 3135 2571 Paschate
3189 2515 3529 2588 congregatis

1965 2608 2264 2661 secundum
2320 2606 2493 2678 legem
2547 2608 2749 2663 Judaeis
2795 2608 3071 2674 omnibus,
3106 2607 3319 2664 obsidio
3350 2610 3526 2679 posita

1963 2705 2068 2762 est,
2097 2696 2289 2767 etjure
2314 2696 2552 2767 quidem,
2583 2710 2649 2751 eo
2682 2696 2800 2766 ipso
2859 2705 3103 2767 tempore
3131 2711 3241 2768 quo
3284 2694 3530 2752 Salvato-

1963 2801 2083 2843 rem
2108 2787 2260 2842 cruci
2290 2784 2592 2841 ailixerunt.

2035 2876 2088 2933 5.
2123 2876 2420 2933 Posuerunt
2447 2879 2598 2949 signa
2627 2895 2724 2932 sua
2756 2895 2925 2949 signa.
2954 2873 3088 2933 Belli
3109 2895 3352 2951 synmom
3375 2882 3526 2948 dicit,

1965 2987 2086 3041 qum
2117 2971 2174 3025 in
2201 2971 2528 3027 exercitibus
2552 2971 2707 3041 signa
2750 2981 3035 3036 vocantur,
3079 2989 3201 3042 qua:
3230 2982 3530 3043 posueruwt

1967 3060 2023 3112 in
2048 3059 2133 3113 via
2165 3059 2417 3114 civitatis.
2477 3056 2663 3130 Neque
2708 3058 2798 3114 hic
2828 3060 3213 3127 constiterunt,
3246 3060 3344 3116 sed
3394 3062 3530 3117 inei-

1966 3151 2183 3217 lierunt,
2221 3151 2273 3206 id
2299 3162 2383 3208 est
2410 3151 2466 3206 in
2497 3152 2675 3222 ipsum
2723 3153 2968 3208 divinum
3022 3155 3278 3224 templum
3314 3155 3528 3228 irrupe-

1961 3252 2109 3311 runt,
2135 3244 2308 3313 ignari
2343 3243 2511 3299 Deum
2545 3260 2668 3301 esse
2698 3245 2794 3316 qui
2834 3245 3070 3301 traderet
3100 3247 3208 3303 illis
3239 3247 3428 3303 urbem
3458 3248 3529 3303 ob

1962 3337 2293 3407 impietatem
2356 3338 2577 3392 civium.
2643 3338 2841 3409 Utpote
2888 3339 3004 3394 haec
3057 3338 3371 3410 ignorantes
3399 3356 3528 3412 pro-

1960 3428 2133 3498 priam
2161 3429 2412 3483 virtutem
2458 3430 2818 3495 mirabantur,
2877 3442 2930 3486 et
2965 3432 3297 3490 inﬁrmitatis
3335 3450 3529 3505 argue-

1960 3519 2093 3574 bant
2120 3517 2290 3576 Deum
2318 3520 2411 3592 qui
2444 3521 2499 3576 in
2528 3521 2714 3577 divino
2745 3523 2946 3593 templo
2967 3524 3316 3582 adorabatur.
3344 3525 3528 3593 Quare

1961 3609 2102 3665 ultra
2124 3626 2464 3682 progressus,
2491 3613 2566 3667 ait
2592 3631 2605 3666 :
2662 3611 2957 3684 Usquequo,
2988 3613 3227 3681 Domine,
3262 3617 3525 3688 imprope—

1961 3702 2099 3756 rabit
2126 3704 2412 3765 inimicus?
2454 3702 2609 3770 Quod
2654 3713 2835 3759 autem
2869 3715 3076 3774 repetat
3112 3721 3321 3774 vocem,
3346 3710 3524 3780 signa,

1961 3793 2210 3848 mirantis
2239 3808 2362 3849 esse
2386 3795 2623 3859 videtur,
2667 3795 2812 3865 quod
2865 3796 3108 3851 divinum
3138 3798 3394 3868 templum
3417 3800 3526 3855 ini-

1960 3884 2227 3939 micorum
2268 3886 2521 3940 manibus
2551 3886 2809 3941 traditum
2848 3886 3035 3942 fuerit.

2029 4160 2081 4219 6.
2105 4162 2273 4229 Quasi
2321 4164 2377 4217 in
2426 4163 2561 4217 silva
2604 4162 2869 4233 lignorum
2898 4162 3167 4217 securibus
3210 4164 3521 4219 exciderunt

1956 4256 2146 4325 ianuas
2174 4256 2308 4326 ejus,
2332 4265 2437 4311 etc.
2468 4255 2738 4311 Describit
2765 4256 2821 4310 in
2867 4255 3226 4326 praesentibus
3252 4256 3406 4312 urbis
3453 4272 3523 4313 ac

1958 4348 2140 4419 templi
2204 4348 2498 4403 excidium.
2554 4345 2863 4402 Fabrilibus
2906 4346 3289 4403 instrumentis
3329 4347 3435 4413 usi,
3464 4356 3520 4403 ct

1956 4448 2109 4509 septa
2138 4439 2444 4503 diruerunt,
2510 4447 2565 4493 et
2610 4439 2805 4494 aedium
2858 4438 3057 4508 januas
3114 4437 3517 4510 confregerunt,

295 4509 384 4561 καὶ
414 4507 544 4570 τοὺς
575 4503 892 4575 περιϐόλους
938 4504 1230 4569 κατέλυον,
1259 4498 1354 4556 καλ¹
1401 4501 1508 4554 τῶν
1542 4498 1728 4552 οἰκιῶν
1753 4497 1851 4560 τὰς

1970 4497 2077 4601 piae
2104 4530 2328 4600 pulchre
2360 4497 2641 4585 et’aﬂ‘abre
2690 4497 3175 4603 elaborataerant,
3230 4497 3390 4601 quasi
3425 4497 3547 4599 sil;

296 4598 459 4671 θύρας
512 4595 862 4660 συνέκοπτον,
888 4594 959 4648 τὰ
1005 4590 1064 4649 εὖ
1106 4593 1201 4648 καὶ
1237 4591 1418 4656 καλῶς
1460 4590 1744 4663 ἠσκημένα
1774 4588 1850 4652 ὡς

294 4684 491 4758 δρυμὸν
521 4682 943 4753 διαφθείροντες.

370 4773 764 4842 Ἐνεπύρισαν
777 4769 846 4824 ἐν
864 4769 1004 4839 πυρὶ
1025 4766 1093 4822 τὸ
1108 4765 1493 4837 ἁτιαστήριόν
1504 4782 1640 4830 σου,
1655 4782 1710 4819 κ.
1728 4781 1778 4817 τ.
1794 4762 1846 4818 λ.
1944 4768 1947 4771 λ

296 4866 441 4921 Μετὰ
472 4863 679 4936 πολλῆς
717 4862 1031 4925 ἐπελθόντες
1072 4860 1202 4933 ἡμῖν
1237 4860 1335 4931 τῆς
1375 4859 1654 4931 συμφορᾶς
1678 4897 1695 4921 ,
1756 4856 1851 4910 ἕνα

294 4959 489 5013 σκοπὸν
519 4953 685 5028 εἶχον,
705 4956 797 5010 τὸν
814 4954 919 5009 ὑπὸ
940 4952 1031 5007 σοῦ
1051 4953 1327 5025 δεδομένον
1349 4949 1648 5005 καταλῦσαι
1663 4947 1846 5019 νόμον.

292 5050 382 5104 Διὰ
396 5050 507 5120 γάρ
522 5047 646 5102 τῶν
654 5043 875 5115 ἑορτῶν
888 5046 985 5117 τὴν
1000 5045 1138 5099 κατὰ
1154 5046 1314 5116 νόμον
1324 5041 1576 5113 λατρείαν
1591 5040 1845 5110 ἐδήλωσε.

290 5141 469 5196 Ταῦτα
493 5141 572 5200 δὲ,
607 5139 794 5210 φησὶν,
821 5137 1081 5208 ἐτόλμων,
1112 5138 1249 5208 μήτε
1274 5134 1373 5198 τὰς
1402 5130 1621 5186 ἐπὶτῶν
1653 5128 1852 5201 προγό-

288 5250 388 5285 νων
421 5231 582 5303 ἡμῶν
627 5229 860 5299 ὁρῶντες
900 5226 1355 5309 θαυματουργίας,
1387 5227 1521 5296 μήτε
1564 5222 1668 5275 ὑπὸ
1712 5238 1849 5292 προ-

287 5324 523 5395 φητικῆς
562 5320 908 5391 ἐλεγχόμενοι
948 5319 1185 5391 χάριτος.
1219 5317 1433 5371 Τούτων
1465 5314 1573 5385 γὰρ
1599 5313 1850 5367 ἁπάντων

286 5415 538 5485 ἐξαίφνης
568 5413 914 5485 κατέστησαν
958 5405 1174 5483 ἔρημοι.
1207 5409 1383 5463 Πάλαι
1423 5405 1532 5478 γάρ
1576 5402 1852 5483 καὶμετά

283 5507 379 5575 τὴν
408 5505 670 5560 ἐπάνοδον
699 5502 857 5575 ἔσχον
879 5504 1183 5576 προφήτας,
1212 5501 1304 5555 τδν
1339 5499 1608 5569 Ἀγγαίον,
1633 5496 1722 5551 τὸν
1748 5496 1852 5549 Ζα-

285 5597 474 5670 χαρίαν
493 5640 509 5666 ,
537 5596 633 5650 τὸν
662 5594 972 5666 Μαλαχίαν.
1001 5593 1109 5650 Καὶ
1138 5611 1187 5648 οι
1217 5593 1418 5648 τούτων
1456 5590 1513 5645 δὲ
1552 5584 1852 5661 πρεσϐύτε-

348 5804 393 5837 ⁸⁶
415 5803 436 5859 1
461 5801 608 5860 Petr.
640 5817 704 5870 tt,
737 5801 793 5855 9.

1950 4637 2073 4677 vam
2095 4622 2422 4678 excidentes.

2022 4797 2074 4862 7,
2135 4798 2189 4853 8.
2241 4796 2588 4852 lncenderunt
2637 4813 2745 4869 ign:
2776 4806 3139 4851 sanctuartum
3174 4807 3344 4865 tuum,
3407 4807 3514 4856 etc.

1949 4889 2085 4944 Cum
2117 4906 2310 4960 magna
2338 4890 2644 4946 calamitate
2691 4900 2878 4950 nostra
2919 4891 3302 4959 irrumpentes,
3344 4907 3511 4949 unum
3544 4920 3549 4925 Α

1951 4995 2174 5051 scopum
2214 4982 2506 5047 habebant,
2531 4982 2704 5052 legem
2739 4981 2950 5037 scilicet
2977 4996 3009 5036 a
3050 4989 3102 5036 te
3144 4982 3324 5036 datam
3348 4984 3510 5036 abro-

1951 5088 2097 5142 gare.
2122 5070 2257 5126 Nam
2281 5088 2376 5143 per
2407 5073 2517 5126 dies
2543 5073 2703 5142 festos
2727 5072 2932 5127 cultum
2986 5071 3211 5143 legalem
3236 5072 3511 5141 signiﬁca-

1948 5164 2046 5218 vit.
2066 5162 2190 5218 Haec
2213 5174 2394 5219 autem
2419 5174 2752 5234 perpetrare,
2781 5165 2878 5231 ait,
2913 5165 3032 5221 ausi
3062 5173 3210 5229 sunt,
3245 5163 3374 5233 quia
3409 5176 3510 5216 nec

1948 5254 2219 5310 mirabilia
2249 5265 2490 5325 tempore
2548 5264 2764 5324 patrum
2824 5265 3137 5312 nostrorum
3193 5253 3334 5308 edita
3363 5252 3513 5306 vide-

1950 5354 2094 5413 rant,
2129 5361 2304 5415 neque
2335 5346 2651 5417 prophetica
2674 5347 2849 5417 gratia
2909 5344 3179 5413 redarguti
3208 5352 3355 5399 sunt.
3400 5340 3512 5398 Ho-

1947 5454 2070 5494 rum
2148 5453 2385 5508 namque
2457 5440 2702 5494 omnium
2765 5439 2947 5493 subito
3020 5443 3270 5505 expertes
3336 5434 3507 5491 fuere.

1950 5528 2226 5601 Siquidem
2286 5531 2418 5587 olim
2486 5532 2651 5587 etiam
2709 5538 2834 5601 post
2898 5527 3133 5584 reditum
3207 5542 3274 5582 ex
3339 5529 3512 5599 capti-

1948 5622 2135 5691 vitate,
2161 5624 2458 5694 prophetas
2507 5623 2780 5690 habuere,
2838 5619 3121 5693 Aggaeum,
3165 5616 3511 5686 Zachariam,
