3976 6220
417 317 523 370 555

1260 308 1316 365 S.
1358 307 1727 363 ATIIANASll
1767 310 1916 363 OPP.
1955 309 2132 363 PARS
2172 309 2261 364 Ill.
2307 338 2370 350 --
2405 304 2810 362 ΕῚΕΕΕΤΙΟΑ.

3531 305 3636 359 3‘56

417 429 756 483 Malacbiam.
777 428 841 481 Et
873 428 963 497 qui
998 427 1115 483 istis
1142 427 1477 496 antiquiores
1501 435 1655 481 erant
1674 428 1968 497 propbetm,

2077 445 2157 499 ροι
2186 427 2455 498 προφῆται
2486 424 2560 495 τῷ
2609 421 2722 492 λαῷ
2758 422 2851 474 καὶ
2885 422 2996 483 τοῖς
3024 419 3304 491 βασιλεῦσι
3341 417 3639 492 προῦλεγον

416 523 617 594 populo
643 530 806 590 atque
835 521 1051 590 regibus
1077 519 1257 574 futura
1289 520 1746 589 praenuntiabant,
1782 527 1837 573 et
1867 521 1974 572 ini-

415 615 681 670 micorum
706 612 930 668 insidias
954 612 1131 683 palam
1166 611 1457 668 faciebant.
1506 610 1662 679 Quod
1694 625 1760 667 ex
1805 612 1977 667 histo-

414 708 494 762 ria
515 705 755 761 ediscere
787 705 839 759 in
870 712 1116 775 promptu
1141 712 1242 760 est.

485 796 540 851 9.
573 795 738 867 Signa
788 804 969 849 nostra
1000 810 1102 847 non
1146 794 1389 848 vidimus.
1421 793 1499 848 Illi
1522 793 1738 864 quidem
1764 810 1822 850 se
1854 811 1973 850 mu-

414 898 510 943 tuo
536 887 901 951 concitabant,
936 895 995 940 ut
1020 885 1300 955 quiescere
1331 885 1569 941 facerent
1598 887 1767 942 festos
1794 887 1977 942 Domi-

414 974 491 1040 ni,
521 976 615 1044 qui
647 974 828 1029 adhuc
851 974 1284 1028 celebrabantur.
1320 973 1384 1029 Et
1407 990 1533 1030 vero
1562 976 1720 1030 verba
1758 977 1809 1030 in
1838 993 1974 1047 opus

412 1065 767 1121 deducebant.
803 1061 912 1119 Nos
951 1073 1153 1129 autem,
1187 1065 1314 1118 dum
1344 1065 1458 1120 haec
1511 1074 1816 1135 agerentur,
1864 1081 1971 1120 non

413 1157 648 1213 vidimus
682 1158 836 1229 signa
866 1156 957 1210 illa
980 1170 1212 1224 quorum
1244 1157 1564 1226 plerumque
1596 1158 1649 1211 in
1700 1158 1971 1227 prioribus

413 1248 567 1304 bellis
593 1258 756 1305 testes
784 1248 980 1304 oculati
1011 1248 1232 1303 fuimus.
1269 1246 1374 1303 Ista
1400 1256 1578 1302 autem
1609 1249 1761 1318 signa
1795 1249 1848 1302 in
1878 1264 1971 1302 au-

419 1340 607 1395 xilium
649 1340 805 1396 nobis
824 1349 977 1393 erant
1004 1340 1260 1395 adversus
1311 1340 1574 1395 instantes
1619 1340 1969 1397 calamitates.

409 1429 777 1497 Quamobrem
807 1438 992 1500 utpote
1015 1429 1107 1499 qui
1133 1445 1193 1484 ea
1223 1444 1330 1484 non
1366 1430 1662 1484 viderimus
1692 1430 1925 1486 dicimus
1954 1448 1968 1485 :

415 1522 479 1577 Ut
509 1525 655 1595 quid,
691 1523 846 1588 Deus,
883 1522 1120 1594 repulisti
1146 1524 1200 1576 in
1222 1523 1377 1592 ﬁnem
1398 1526 1422 1579 ?
1441 1522 1566 1576 Jam
1610 1540 1710 1577 non
1748 1533 1823 1576 est
1849 1540 1973 1593 pro-

408 1615 589 1683 pheta,
621 1623 670 1668 et
704 1630 797 1668 nos
823 1631 925 1669 non
954 1623 1223 1684 cognoscet
1240 1613 1488 1683 amplius.
1515 1613 1579 1666 lit
1601 1615 1702 1667 boe
1734 1613 1970 1668 maxime

410 1708 462 1760 in
498 1722 662 1761 causa
692 1714 775 1762 est
797 1705 951 1775 quod
974 1706 1040 1760 de
1072 1706 1246 1760 salute
1278 1706 1648 1774 desperemus,
1680 1705 1822 1775 quod
1860 1722 1967 1759 non

2076 520 2143 572 τά
2172 518 2421 588 ἐσόμενα,
2464 518 2553 569 καὶ
2579 515 2686 568 τῶν
2720 513 2987 582 πολεμίων
3016 512 3114 575 τὰς
3150 511 3439 575 ἐπιϐουλὰς
3470 529 3640 566 κατα-

2075 608 2262 681 δήλους
2298 607 2528 661 ἐποίουν.
2560 608 2669 659 Καὶ
2701 604 2856 658 τοῦτο
2882 605 2945 656 ἐκ
2974 602 3073 673 τῆς
3108 602 3354 671 ἱστορίας
3390 620 3640 675 καταμα-

2076 698 2187 753 θεῖν
2217 699 2462 761 εὐπετές.

2151 790 2225 844 Τὰ
2259 788 2473 858 σημεῖα
2498 786 2664 857 ἡμῶν
2695 788 2804 839 οὐκ
2833 784 3084 855 εἴδομεν.
3119 782 3343 837 Ἐκεῖνοι
3373 784 3470 854 μὲν
3497 801 3639 858 παρέ-

2073 880 2274 947 ώξυνον
2323 879 2582 951 ἀλλήλους
2609 918 2623 942 ,
2685 880 2763 941 εἰς
2803 877 2863 930 τὸ
2908 876 3260 937 παύσειν,ἔτι
3314 857 3639 947 τελουμένας

2072 970 2170 1033 τὰς
2197 970 2388 1042 ἑορτὰς
2415 969 2507 1023 τοῦ
2536 968 2762 1039 Κυρίου,
2794 969 2887 1021 καὶ
2913 968 2976 1038 δὴ
3011 969 3122 1030 τοῖς
3150 964 3327 1035 λόγοις
3355 968 3637 1038 προσήγα-

2072 1077 2166 1129 γον
2199 1061 2268 1114 τὰ
2310 1061 2446 1134 ἔργα
2471 1078 2484 1091 ·
2516 1062 2675 1131 ἡμεῖς
2707 1060 2761 1112 δὲ
2791 1059 2909 1111 καθ’
2935 1059 2993 1112 ὃν
3023 1058 3191 1111 ταῦτα
3234 1056 3548 1128 ἐπράττετο,
3573 1059 3637 1110 οὑ

2072 1153 2372 1224 γεγόναμεν
2397 1152 2585 1206 θεαταί⁸
2614 1152 2722 1205 τῶν
2756 1151 2993 1223 σημείων
3021 1150 3242 1224 ἐκείνων
3272 1144 3344 1203 ὧν
3380 1150 3637 1216 πολλάκις

2072 1246 2163 1298 ἐπὶ
2189 1223 2471 1318 προτέροις
2495 1246 2748 1318 πολέμοις
2780 1245 3039 1299 αὐτόπται
3069 1223 3430 1318 γεγενήμεθα.
3452 1247 3637 1301 Ταῦτα

2070 1338 2125 1389 δὲ
2158 1331 2224 1407 ἦν
2250 1336 2316 1390 τὰ
2356 1341 2575 1408 σημεῖα,
2606 1337 2895 1410 ἐπικουρία
2926 1338 3031 1390 τῶν
3069 1340 3397 1410 συνεχόντων
3426 1340 3631 1395 δεινῶν.

2072 1428 2161 1480 Διὸ
2186 1427 2249 1499 δὴ
2276 1428 2349 1492 ὡς
2379 1427 2582 1482 τούτων
2612 1429 2685 1500 μὴ
2724 1428 3000 1499 γενόμενοι
3035 1428 3222 1483 θεαταί
3266 1447 3440 1500 φαμεν
3464 1446 3476 1458 ·
3513 1432 3637 1485 Ἵνα

2070 1524 2126 1576 τί
2155 1526 2187 1575 ό
2215 1522 2357 1588 Θεὸς
2382 1522 2600 1577 ἀπώσω
2632 1526 2719 1589 εὶς
2754 1522 2972 1590 τέλος;
3018 1525 3137 1577 Οὐκ
3176 1524 3348 1577 ἐστιν
3380 1523 3465 1577 ἐτι
3496 1536 3636 1592 προ-

2069 1613 2282 1682 φήτης,
2306 1615 2402 1668 καὶ
2434 1615 2590 1684 ἡμᾶς
2616 1617 2685 1669 οὐ
2719 1614 3004 1685 γνώσεται
3029 1616 3133 1669 ἔτι.
3169 1613 3277 1668 Καὶ
3302 1615 3457 1669 τοῦτο
3488 1617 3637 1688 ἡμᾶς

2074 1705 2305 1774 μάλιστα
2346 1705 2662 1759 ἀπευδοκεῖν
2708 1707 2807 1777 τῆς
2841 1706 3107 1778 σωτηρίας
3148 1692 3321 1772 ποιεῖ,
3350 1705 3410 1760 τὸ
3441 1707 3634 1779 μηκέτι

408 1795 640 1864 amplius
664 1796 978 1864 prophetam
1004 1795 1284 1851 videamus
1347 1794 1402 1848 in
1434 1804 1589 1867 gente
1632 1804 1838 1859 nostra,
1871 1795 1963 1866 qui

2076 1798 2127 1848 ἐν
2170 1795 2245 1867 τῷ
2285 1796 2426 1850 ἔθνει
2484 1798 2764 1869 προφήτην
2818 1797 2949 1869 ὁρᾷν
3003 1798 3093 1850 τὸν
3145 1798 3438 1868 δυνάμενον
3496 1798 3637 1869 ὑπὲρ

407 1887 579 1955 possit
602 1885 758 1939 nobis
790 1886 1004 1955 placare
1036 1883 1227 1939 Deum.
1263 1943 1272 1953 ,

481 1975 567 2033 10.
608 1973 897 2045 Usquequo,
928 1973 1086 2037 Deus,
1118 1973 1485 2044 improperabit
1510 1972 1966 2054 ininticus?Post-

410 2083 573 2138 quam
605 2069 835 2124 absolvit
862 2068 1055 2123 excidii
1084 2067 1503 2137 descriptionem
1538 2081 1568 2121 a
1624 2065 1760 2121 facie
1786 2065 1968 2119 inimi-

407 2174 619 2226 corum,
652 2160 816 2215 Deum
875 2168 1033 2214 vocat
1089 2158 1156 2213 ad
1198 2157 1655 2225 misericordiam,
1710 2166 1765 2211 et
1812 2165 1969 2227 rogat

406 2252 856 2319 animadvertere,
893 2252 1006 2306 haec
1053 2250 1236 2306 omnia
1286 2250 1359 2303 ad
1423 2248 1515 2304 Dei
1580 2250 1964 2304 contumeliam

405 2354 670 2414 spectare.
703 2345 837 2398 Cum
862 2343 1016 2406 dicit,
1048 2341 1114 2396 In
1147 2343 1318 2397 medio
1354 2342 1703 2397 solemnitatis
1735 2351 1857 2406 tum,
1890 2351 1964 2405 et,

405 2435 781 2490 Sanctuarium
812 2444 981 2499 tuum,
1028 2442 1103 2499 et,
1137 2432 1556 2489 Tabernaculum
1601 2433 1826 2485 nominis
1860 2433 1964 2498 tui,

402 2536 474 2592 et,
507 2526 626 2581 Dies
644 2527 803 2595 festos
820 2524 1054 2590 Domini,
1074 2534 1145 2592 et,
1165 2525 1369 2579 Nomen
1393 2533 1538 2578 tuum
1563 2524 1618 2577 in
1647 2524 1824 2592 ﬁnem.

475 2726 561 2780 Η.
620 2724 815 2795 thuid
844 2725 1034 2779 avertis
1083 2741 1297 2779 manum
1348 2737 1514 2791 tuam,
1553 2733 1660 2781 etc.
1712 2724 1783 2780 Ut
1836 2727 1964 2796 quid

404 2814 741 2886 praescindis,
782 2813 979 2883 inquit,
1014 2815 1279 2869 bonorum
1307 2815 1471 2882 dona,
1500 2830 1622 2884 qua:
1649 2814 1777 2870 olim
1808 2816 1963 2885 quasi

404 2922 469 2960 ex
504 2904 627 2961 sinu
657 2913 753 2960 tuo
784 2904 1107 2975 largiebaris
1140 2905 1319 2960 nobis.

474 2996 562 3054 12.
594 2995 733 3051 Deus
762 3005 937 3051 autem
966 3012 1057 3051 rea:
1076 3006 1249 3051 noster
1272 3010 1391 3051 ante
1417 2997 1634 3052 saecula.
1660 2995 1834 3065 Nunc,
1865 2997 1961 3062 ait,

404 3090 560 3145 nobis
587 3090 853 3144 bonorum
877 3090 1087 3159 copiam
1122 3090 1437 3160 praescindis
1478 3109 1490 3144 :
1525 3091 1654 3144 olim
1689 3107 1814 3146 vero
1839 3106 1962 3146 cum
1992 3121 2034 3179 ρ

403 3195 455 3237 et
487 3180 628 3237 Deus
656 3190 841 3237 noster
861 3190 915 3236 et
937 3197 1032 3237 rex
1082 3192 1265 3237 noster
1295 3182 1480 3237 vocari
1524 3183 1848 3252 dignarcris,
1880 3191 1964 3237 ta-

404 3275 503 3326 lem
534 3272 692 3327 nobis
723 3272 953 3328 salutem
993 3282 1248 3342 operatus
1293 3288 1373 3338 es,
1432 3282 1492 3327 ut
1538 3275 1743 3329 nemini
1776 3275 1968 3331 lateret

404 3363 456 3416 in
480 3372 643 3418 terra.
672 3361 930 3433 Operatus
959 3375 1035 3418 est
1061 3363 1284 3417 salutem
1320 3365 1376 3417 in
1419 3366 1588 3419 medio
1628 3375 1800 3421 terrm.
1831 3364 1969 3422 Hinc

405 3454 695 3508 occasione
744 3464 995 3523 accepta,
1053 3455 1272 3524 quidam
1321 3456 1709 3513 existimarunt
1752 3455 1970 3514 Jeroso-

405 3542 600 3613 lymam
628 3557 749 3599 esse
778 3553 933 3599 terrae
963 3544 1204 3599 oculum.

476 3722 563 3776 15.
592 3721 670 3776 Tu
700 3722 1026 3793 conﬁrmasti
1057 3725 1112 3777 in
1143 3725 1334 3779 virtute
1362 3734 1454 3779 tua
1482 3742 1644 3791 mare,
1676 3726 1967 3780 contrieisti

405 3815 582 3877 capita
601 3815 889 3869 draconum
918 3816 972 3869 in
1026 3817 1201 3887 aquis.
1238 3816 1506 3873 Describit
1533 3818 1617 3873 his
1655 3817 1833 3873 verbis
1858 3832 1967 3888 quo

406 3914 564 3975 pacto
593 3905 723 3960 olim
751 3920 941 3961 eorum
972 3907 1201 3962 salutem
1247 3918 1502 3977 Operatus
1533 3916 1635 3963 est.
1683 3907 1749 3962 Et
1791 3909 1966 3978 primo

407 4001 622 4071 quidem
655 4001 798 4071 quod
850 4001 1198 4057 consolidataz
1245 4003 1355 4057 sint
1399 4017 1554 4072 aquae
1610 4002 1777 4056 maris
1808 4003 1966 4072 quasi

408 4108 618 4157 murus,
645 4093 863 4162 quando
883 4108 946 4148 ex
979 4091 1212 4164 [Egypto
1237 4094 1441 4163 egressi
1472 4103 1617 4148 sunt.
1660 4092 1725 4147 Et
1756 4093 1861 4148 hoc
1894 4094 1968 4148 si-

408 4182 627 4252 g'nillcat
656 4182 1158 4250 illud,Conﬁrmasti
1181 4199 1341 4238 mare.
1374 4183 1641 4250 Secundo,
1662 4184 1805 4254 quod
1836 4172 1968 4238 eon-

408 4274 531 4328 trita
556 4275 666 4329 sint
689 4275 865 4344 capita
898 4272 1271 4345 Egyptiorum
1308 4275 1360 4329 in
1384 4277 1560 4347 aquis,
1594 4291 1731 4346 quos
1759 4276 1828 4329 ob
1860 4291 1968 4330 ma-

410 4365 709 4436 lignitatem
742 4366 939 4436 lingua:
963 4366 1226 4420 dracones
1256 4380 1432 4421 vocat.
1470 4367 1548 4422 Ac
1578 4382 1702 4422 eum
1749 4367 1856 4421 illis
1884 4382 1969 4421 re-

410 4453 493 4523 gis
512 4454 645 4523 ipsis
672 4453 988 4524 imperantis
1042 4464 1225 4524 caput.
1269 4471 1430 4526 quem
1486 4472 1665 4527 regem
1713 4456 1963 4511 similiter
1995 4468 2044 4529 ο

409 4544 699 4601 draconem
738 4546 988 4617 appellat.

478 4780 600 4855 [Tu
655 4780 981 4849 conﬁrmasti
1026 4780 1081 4834 in
1147 4781 1338 4835 virtute
1389 4792 1481 4836 tua
1539 4799 1703 4839 mare.
1737 4782 1965 4850 Quando

407 4872 746 4928 Pharaonem
781 4886 905 4926 cum
952 4870 1184 4927 ducibus
1214 4884 1269 4927 et
1309 4873 1563 4929 curribus
1614 4875 1685 4929 ob
1740 4890 1961 4944 pravam

407 4974 641 5021 mentem
691 4978 755 5019 ac
802 4964 1143 5034 propositum
1206 4965 1511 5021 contrivisti
1565 4967 1721 5035 quasi
1786 4969 1964 5039 capita

406 5058 703 5113 draconum
725 5054 782 5109 in
810 5070 951 5126 aqua
986 5073 998 5108 :
1025 5055 1105 5112 sic
1134 5054 1421 5127 Egyptios
1448 5056 1797 5127 Ethiopibus
1828 5076 1964 5115 con-

408 5148 653 5205 terminis
686 5145 880 5202 dedisti
920 5146 973 5200 in
1003 5162 1205 5211 escam,
1238 5148 1386 5218 ipsos
1412 5163 1475 5204 ac
1504 5164 1685 5219 regem
1720 5149 1962 5222 ipsorum

406 5241 583 5299 vicisti
612 5258 645 5297 a
676 5239 814 5297 l'aeie
831 5237 1196 5310 Ethiopumj

480 5411 567 5466 H.
602 5412 804 5468 Dedisti
823 5425 943 5468 eum
963 5429 1135 5468 escam
1164 5414 1369 5484 populis
1419 5416 1749 5489 Αῑιιιὶοριιηι.
1785 5419 1965 5490 Ipsum

409 5498 767 5567 Pharaonem,
797 5505 1089 5575 etquidem
1124 5516 1243 5575 post
1261 5507 1508 5564 bellicam
1546 5513 1961 5581 expeditionem.

410 5587 650 5659 Populos
677 5604 854 5651 autem
885 5598 1016 5653 dicit
1045 5599 1225 5652 avium
1278 5608 1542 5667 catervas,
1567 5620 1687 5673 qua:
1714 5606 1852 5673 apud
1882 5604 1966 5659 ln-

411 5682 510 5734 dos
540 5690 668 5735 sunt
693 5702 706 5737 :
737 5702 857 5754 quae
879 5689 1253 5761 Egyptiortun
1276 5709 1501 5765 corpora
1532 5713 1628 5766 per
1674 5697 1837 5753 maris
1868 5697 1967 5751 llu-

410 5779 532 5827 Ctus
562 5770 633 5826 ad
661 5773 810 5833 littus
832 5780 1028 5849 rejecta
1053 5793 1330 5839 vorarunt.

2068 1886 2221 1957 ἡμῶν
2250 1888 2579 1941 ἐκδυσωπεῖν
2602 1886 2691 1940 τὸν
2726 1886 2880 1942 Θεόν.

2138 1980 2284 2046 Ἕως
2305 1980 2469 2043 πότε,
2496 1982 2529 2033 ὁ
2555 1978 2717 2045 Θεὸς,
2746 1978 2987 2033 ὀνειδιεῖ
3013 1982 3046 2034 ὁ
3065 1980 3309 2049 ἐχθρός;
3334 1979 3635 2053 Πληρώσας

2066 2071 2163 2142 τὴν
2191 2069 2491 2141 διαγραφὴν
2521 2069 2621 2139 τῆς
2653 2068 2904 2133 ἁλώσεως
2936 2070 3043 2123 ἀπὸ
3077 2070 3171 2123 τοῦ
3204 2070 3497 2142 προσώπου
3526 2070 3635 2124 τῶν

2066 2160 2273 2232 ἐχθρῶν
2300 2199 2314 2225 ,
2366 2161 2445 2223 εἰς
2493 2159 2639 2226 ἔλεος
2676 2159 2988 2214 ἐκκαλεῖται
3028 2160 3117 2215 τὸν
3159 2161 3326 2226 Θεὸν,
3360 2162 3453 2215 καὶ
3485 2149 3633 2227 θέᾰν,

2067 2254 2184 2316 πῶς
2225 2252 2291 2306 τά
2328 2252 2587 2323 γινόμενα
2617 2253 2792 2305 πάντα
2824 2255 2905 2315 εἰς
2938 2252 3094 2324 ὕϐριν
3128 2252 3219 2307 τοῦ
3261 2253 3395 2307 Θεοῦ
3415 2270 3429 2283 ο
3469 2254 3545 2324 τῷ
3574 2271 3634 2306 τε

2067 2341 2240 2393 εἰπεῖν
2267 2354 2281 2368 ⁶
2327 2339 2422 2391 Ἐν
2453 2339 2621 2408 μέσῳ
2651 2338 2759 2407 τῆς
2786 2340 3000 2409 ἑορτῆς
3037 2355 3177 2404 σου,
3212 2343 3306 2395 xai.
3335 2343 3414 2405 τὸ,
3454 2342 3634 2412 Ἀγιαο

2065 2427 2316 2496 στήριόν
2336 2444 2474 2493 σου,
2499 2430 2593 2483 καί
2621 2430 2701 2495 τὸ,
2728 2430 3020 2501 Σκήνωμα
3046 2432 3150 2486 τοῦ
3177 2434 3467 2502 ὀνόματός
3494 2448 3634 2497 σου,

2067 2508 2326 2584 καί,’Τὰς
2364 2518 2570 2586 ἑορτὰς
2612 2519 2721 2572 τοῦ
2768 2520 3009 2589 Κυρίου,
3045 2521 3158 2585 καὶ,
3202 2519 3269 2575 Τὸ
3307 2522 3493 2592 ὄνομά
3518 2517 3635 2577 ἇου

2066 2611 2154 2674 εἰς
2187 2608 2377 2674 τέλος.

2138 2701 2261 2754 "Ira
2302 2702 2356 2755 τί
2388 2700 2784 2776 ἀποστρέφεις
2815 2700 2928 2770 τὴν
2972 2702 3137 2772 χεζοά
3183 2718 3317 2763 σου,
3354 2721 3406 2758 κ.
3437 2721 3489 2757 τ.
3533 2704 3582 2757 λ.
3613 2723 3629 2770 ;

2067 2794 2184 2847 Ἵνα
2208 2793 2281 2858 τί,
2313 2794 2496 2865 φησὶν,
2530 2795 2853 2858 ἀνακόπτεις
2877 2794 2984 2847 τῶν
3016 2795 3231 2864 ἀγαθῶν
3247 2796 3344 2867 τὴν
3367 2795 3533 2861 δόσιν,
3556 2789 3636 2849 ὧν

2066 2885 2233 2939 πάλαι
2268 2883 2453 2957 ὥσπερ
2486 2886 2552 2938 ἐκ
2578 2884 2773 2939 κόλπου
2810 2888 3066 2957 παρεῖχες
3100 2889 3248 2958 ἡμῖν.

2148 2973 2201 3026 '0
2231 2972 2299 3027 δὲ
2344 2974 2487 3040 Θεὸς
2528 2974 2827 3041 βασιλεὺς
2875 2974 3044 3044 ἡμῶν
3086 2976 3198 3046 πρὸ
3254 2976 3485 3042 αἰῶνος.
3520 2977 3634 3030 Νῦν

2071 3065 2187 3135 μὲν,
2230 3066 2418 3137 φησὶνν
2456 3066 2781 3131 ἀνακόπτεις
2822 3066 2880 3132 ἐξ
2932 3066 3085 3138 ἡμῶν
3127 3067 3237 3121 τῶν
3283 3068 3499 3137 ἀγαθῶν
3535 3069 3633 3138 τὴν

2067 3156 2342 3227 ἀναφοράν
2363 3172 2375 3185 ·
2408 3156 2573 3209 πάλαι
2601 3157 2678 3219 δὲ,
2706 3158 2799 3210 καὶ
2832 3158 2963 3221 Θεὸς
2991 3157 3147 3229 ἡμῶν
3174 3158 3337 3225 ἀξιῶν
3360 3176 3632 3230 προσαγο-

2070 3243 2321 3316 ρεύεσθαι
2358 3244 2451 3297 καὶ
2480 3244 2750 3315 βασιλεὺς,
2785 3243 3042 3317 τοιαύτην
3077 3246 3231 3317 ἡμῶν
3269 3249 3506 3317 ἐποιήσω
3532 3249 3631 3319 τὴν

2069 3333 2339 3402 σωτηρίαν
2368 3334 2442 3397 ὡς
2474 3333 2677 3405 μηδένα
2705 3334 2885 3388 λαϐεῖν
2911 3335 3018 3388 τῶν
3040 3337 3131 3389 ἐπὶ
3154 3337 3275 3408 γῆς.
3303 3338 3633 3406 Εἱργάσατο

2067 3425 2364 3492 σωτηρίαν
2406 3425 2476 3477 ἐν
2521 3424 2689 3494 μέσῳ
2730 3425 2841 3493 τῆς
2889 3426 3020 3496 γῆς.
3068 3428 3341 3482 Ἐντεῦθεν
3380 3428 3633 3495 λαϐόντες

2066 3513 2205 3576 τινες
2256 3514 2602 3584 ἀπεφήναντο
2664 3513 2731 3567 τά
2782 3514 3126 3586 Ἰεροσόλυμα
3171 3512 3445 3586 ὀφθαλμὸν
3492 3513 3631 3571 εἰναι

2065 3603 2165 3673 τῆς
2189 3603 2314 3673 γῆς.

2136 3698 2219 3749 Σὺ
2259 3696 2660 3763 ἐκραταίωσας
2704 3697 2772 3751 ἐι·
2815 3696 2890 3766 τῇ
2923 3697 3170 3768 δυνάμει
3214 3713 3329 3752 σου
3378 3699 3492 3768 τὴν
3531 3700 3632 3755 θά-

2065 3788 2329 3849 λασσον,
2375 3786 2455 3839 σὺ
2499 3786 2867 3857 συνέτριψας
2900 3788 3005 3856 τὰς
3050 3791 3317 3859 κεφαλὰς
3352 3791 3468 3844 τῶν
3502 3790 3632 3859 δραρ

2067 3878 2292 3930 κόνι-ων
2325 3877 2425 3930 ἐπὶ
2469 3878 2573 3932 τοῦ
2622 3878 2857 3946 ὓδατος.
2905 3880 3311 3953 Διαγράερει-τῷ
3349 3881 3492 3953 λόγῳ
3523 3884 3633 3936 τίνι

2066 3970 2249 4042 τρόπῳ
2278 3970 2377 4041 τὴν
2423 3972 2587 4026 πάλαι
2635 3971 2813 4025 αὐτῶν
2871 3974 3142 4046 σωτηρίαν
3178 3973 3486 4045 εἰργάσατο.
3521 3977 3632 4028 Kal.

2068 4063 2280 4135 πρῶτον
2318 4064 2415 4135 μὲν
2465 4065 2527 4118 τὸ
2576 4067 2816 4136 παγῆναι
2849 4067 2980 4119 ὡσεὶ
3028 4070 3203 4137 τεῖχος
3231 4071 3326 4139 τῆς
3356 4067 3632 4140 θαλάσσης

2066 4154 2133 4207 τὰ
2159 4153 2342 4220 ὖδατα,
2376 4157 2462 4209 ὅτε
2486 4155 2546 4220 ἐξ
2573 4156 2845 4226 Αἰγύπτου
2889 4159 3114 4230 ἐξῄεσαν
3144 4177 3156 4190 ·
3193 4162 3287 4213 καὶ
3326 4162 3481 4215 τοῦτό
3514 4163 3635 4215 ἐστι

2064 4244 2144 4310 τὸ,
2178 4245 2606 4313 Ἐκραταίωσας
2648 4246 2763 4315 τὴν
2807 4249 3156 4304 θάλασσαν’
3185 4251 3434 4323 δεύτερον
3465 4253 3542 4314 δέ,
3571 4253 3637 4306 τὸ

2068 4337 2414 4409 συντριϐῆναι
2442 4339 2540 4409 τὴν
2577 4340 2886 4406 Αἰγυπτίων
2930 4344 3021 4396 ἐπὶ
3064 4343 3173 4398 τῶν
3218 4345 3423 4400 ὑδάτων
3464 4362 3634 4415 κεφα-

2068 4426 2183 4499 λὴν,
2208 4427 2300 4491 οὓς
2327 4430 2421 4482 καὶ
2461 4429 2758 4501 δράκοντας
2789 4431 2877 4486 διὰ
2912 4433 2974 4486 τὸ
3001 4435 3234 4506 πονηρὸν
3258 4436 3355 4507 τῆς
3382 4435 3633 4507 γλώσσης

2068 4518 2319 4589 ὀνομάζει
2342 4535 2357 4549 ο
2391 4515 2511 4574 εἶτα
2537 4521 2651 4591 μετ’
2679 4521 2858 4576 αὐτῶν
2890 4524 2983 4578 καὶ
3011 4525 3172 4579 αὑτοῦ
3196 4525 3287 4579 τοῦ
3316 4526 3633 4599 ἐξάρχοντος

2070 4608 2247 4662 αὐτῶν
2277 4608 2559 4678 βασιλέως,
2583 4610 2641 4664 ὃν
2663 4613 2755 4665 καὶ
2779 4613 2937 4669 αὑτὸν
2958 4616 3157 4686 ὁμοίως
3176 4615 3440 4689 δράκοντα.
3462 4634 3634 4689 προσ-

2069 4699 2341 4771 ἀγορεύει.

2141 4789 2248 4862 [Σὺ
2270 4788 2673 4861 ἐκραταίωᾰας
2684 4795 2754 4848 ἐν
2771 4796 2844 4865 τῇ
2864 4795 3110 4866 δυνάμει
3135 4814 3253 4854 σου
3269 4799 3383 4868 τὴν
3408 4798 3636 4853 θάλασ-

2069 4899 2207 4939 σαν.
2223 4883 2324 4936 Τὸν
2340 4884 2534 4955 Φαραὼ
2557 4888 2651 4940 σὺν
2668 4891 2979 4958 τριστάταις
2994 4889 3086 4942 καὶ
3110 4889 3317 4961 ἅρμασι
3339 4892 3636 4963 συντρίψας

2070 4975 2143 5038 ὡς
2161 4974 2506 5047 δρακοντείας
2531 4978 2790 5046 κεφαλὰς,
2807 4978 2896 5032 διὰ
2916 4979 2975 5032 τὸ
3004 4980 3236 5052 πονηρὸν
3258 4982 3356 5052 τῆς
3383 4980 3631 5052 γνώμης,

2071 5066 2161 5140 ἐπὶ
2189 5064 2281 5118 τοῦ
2311 5064 2524 5130 ὓδατος
2562 5068 2637 5131 ὡς
2680 5072 2804 5133 τοὺς
2855 5071 3181 5138 Αἰγυπτίους
3225 5070 3631 5143 πλησιοχώρους

2071 5158 2311 5228 Αἰθίοψιν
2348 5159 2503 5224 ὄντας
2542 5160 2860 5231 παρέδωκας
2903 5163 3085 5225 αὐτοῖς
3130 5164 3210 5225 είς
3253 5163 3627 5236 κατάϐρωμα,

2071 5249 2263 5313 αὐτοὺς
2302 5249 2393 5301 καὶ
2433 5251 2523 5303 τὸν
2553 5250 2775 5321 βασιλέα
2807 5251 2985 5305 αὐτῶν
3027 5254 3268 5325 ἥττησας
3309 5255 3417 5308 ἀπὸ
3463 5272 3631 5328 προσ-

2070 5337 2218 5392 ώπου
2252 5338 2568 5410 Αίθιόπων.]

2143 5430 2402 5497 Ἕδωκιις
2441 5434 2630 5486 αὐτὸν
2667 5432 2877 5503 ,ϐρῶμα
2930 5437 3103 5503 λαοῖς
3134 5440 3427 5507 Αἰθίοψιν.
3461 5439 3634 5492 Αὐτὸν

2069 5520 2159 5571 τὺν
2191 5519 2407 5590 Φαραὼ,
2442 5523 2577 5591 μετά
2617 5524 2715 5593 τῆς
2760 5529 3045 5596 στρατείας
3076 5528 3131 5581 δὲ
3162 5528 3419 5598 δηλονότι.
3457 5528 3637 5606 Λαους

2069 5611 2127 5663 δὲ
2176 5612 2405 5666 ἐνταῦθα
2457 5615 2554 5678 τὰς
2600 5618 2707 5670 τῶν
2760 5619 2908 5690 παρὰ
2951 5620 3131 5684 Ἰνδοῖς
3184 5621 3385 5692 ὀρνέων
3432 5619 3633 5687 ἀγέλας

2072 5702 2265 5770 φησίν’
2297 5704 2351 5755 αἳ
2386 5705 2479 5757 καὶ
2511 5706 2617 5759 τῶν
2659 5709 2968 5777 Αἰγυπτίων
2996 5710 3285 5782 κατήσθιον
3319 5711 3389 5765 τά
3418 5709 3631 5784 σκηνώ-

2077 5809 2219 5860 ματα
2251 5794 2538 5864 ἐκριφέντα
2564 5798 2671 5851 ἀπὸ
2704 5801 2803 5871 τῆς
2840 5800 3111 5874 θαλάσσης
3140 5805 3197 5858 ἐν
3218 5806 3283 5876 τῇ
