3976 6220
265 402 372 459 357

1332 419 1693 477 EXPOSITIO
1733 422 1797 476 1N
1836 420 2165 478 PSALMUM
2206 422 2435 479 LXXIV.

3424 429 3527 487 338

348 522 432 577 Σὺ
461 521 795 596 διέρῤηξας
812 520 1004 600 πηγάς
1045 531 1142 585 καὶ
1198 535 1570 604 χειμὰῤῥους.
1600 538 1678 590 Τά
1711 539 1768 591 ἐν
1794 543 1832 590 τ²

2036 541 2122 596 15.
2152 541 2229 595 Τιι
2262 542 2513 611 dirupisti
2537 542 2704 611 fontes
2734 551 2782 597 et
2820 552 3093 599 torrentes.
3152 544 3419 616 Loquitur
3449 550 3517 603 de

287 616 477 687 ἐρήμῳ
502 619 696 687 φησιν,
722 621 808 673 ὅτε
843 623 1056 677 ἐπότισε
1098 624 1190 678 τὸν
1221 624 1346 679 λαὸν
1402 629 1465 680 ἐκ
1522 629 1744 698 πέτρας.
1778 631 1859 685 Σὺ

284 708 588 776 ἑξιὶρανας
640 714 942 783 ποταμοὺς
1005 716 1198 788 Ὴθάμ.
1256 719 1433 791 Ἠθάμ
1500 721 1859 792 ἑρμηνεύεται

287 801 479 865 νότος·
523 801 607 865 είς
634 799 785 857 νότον
846 805 953 878 γὰρ
1002 808 1101 878 τῆς
1145 809 1408 864 Ἰουδαίων
1429 812 1610 884 χώρας
1665 816 1693 866 6
1734 814 1861 885 Ἰορ-

286 890 448 958 δάνης
474 896 673 949 κεῖται.

358 982 441 1049 hi
469 983 642 1038 ἐστιν
672 987 710 1054 ἠ
740 986 930 1056 ἡμέρα
950 990 1049 1047 καί
1070 989 1153 1060 σὴ
1176 993 1214 1061 ἡ
1245 992 1380 1057 νύξ.
1400 994 1471 1047 Οὐ
1508 993 1685 1065 μόνον,
1705 1011 1855 1066 φησι,

286 1072 393 1125 τῶν
420 1075 477 1126 ἐν
529 1075 765 1149 Ἐρυθρᾷ
791 1076 1036 1148 θαλάσσῃ
1059 1082 1156 1135 καὶ
1188 1082 1294 1135 τῶν
1342 1085 1399 1136 ἐν
1423 1086 1489 1154 τῇ
1528 1084 1721 1155 ἐρήμῳ
1762 1084 1856 1154 γέ-

286 1179 445 1230 γονας
495 1165 653 1235 ἡμῶν
701 1169 950 1239 χορηγός
978 1170 1113 1225 ἀλλά
1160 1173 1252 1226 καὶ
1309 1173 1581 1245 σύμπαντι
1629 1175 1736 1227 τῶν
1764 1175 1858 1228 ἀν-

176 1313 186 1320 _
281 1251 517 1325 θρὼπων
543 1257 689 1325 γένει
722 1259 941 1328 ἀγαθῶν
964 1262 1255 1334 γεγένησαι
1274 1261 1549 1335 πρόξενος·
1572 1264 1726 1320 τοῦτο
1760 1267 1855 1336 μὲν

282 1348 495 1418 ἡμέραν
523 1350 619 1403 καὶ
650 1351 821 1406 νύκτα
848 1352 1281 1427 δημιουργήσας,
1318 1356 1471 1411 τοῦτο
1494 1358 1551 1413 δέ
1580 1358 1731 1429 ἥλιον
1762 1359 1855 1413 καὶ

281 1442 531 1512 σελήνην,
565 1444 722 1498 τοῦτο
744 1446 802 1499 δὲ
833 1446 988 1519 θέρος
1006 1450 1099 1503 καὶ
1122 1449 1246 1522 ἔαρ,
1273 1450 1431 1506 τοῦτο
1456 1452 1511 1505 δέ
1533 1453 1710 1524 πήξας
1730 1453 1854 1523 ὅριοι

277 1534 334 1585 ἐν
360 1536 427 1606 τῇ
459 1538 552 1606 γῇ.
586 1536 768 1591 Ταῦτα
792 1539 849 1593 δὲ
871 1539 964 1594 νῦν
998 1558 1127 1612 φησι
1158 1544 1253 1597 καὶ
1282 1545 1363 1608 είς
1399 1543 1497 1617 τὴν
1520 1544 1614 1599 νῦν
1641 1548 1854 1599 ἐπικου-

277 1627 400 1696 ρίαν
428 1629 590 1684 αὑτὸν
620 1631 1067 1704 ἐπικαλούμενος.
1104 1637 1194 1689 Διό
1223 1654 1374 1709 φησιο
1407 1639 1688 1711 Μνήσθητι
1718 1641 1852 1694 ταύ-

271 1734 372 1788 της
404 1720 503 1791 τῆς
526 1720 756 1786 κτίσεώς
794 1740 907 1777 σου.
933 1726 997 1778 El
1026 1725 1111 1780 διὰ
1142 1729 1267 1792 τοὺς
1321 1728 1657 1802 ἀνθρώπους,
1693 1734 1846 1805 φησι,

272 1808 369 1880 τὴν
395 1809 571 1862 κτίσιν
592 1812 877 1883 ἐποίησας,
936 1817 1220 1889 παράσχου
1283 1819 1379 1891 τὴν
1416 1822 1730 1894 ἐπικουρίαν
1781 1825 1847 1879 δι’

266 1899 362 1964 ὠς
393 1902 425 1971 ὴ
454 1901 629 1967 κτίσις
650 1903 883 1972 ἐγένετο.

336 1992 652 2062 Μνήσθητι
680 1997 920 2065 ταύτης,
954 2002 986 2053 ὁ
1032 2000 1245 2070 ἐχθρὸς
1291 2002 1565 2059 ὠνείδισέ
1592 2022 1686 2073 σε,
1730 2008 1845 2062 Κύ-

264 2101 373 2150 ριε.
411 2086 908 2160 Ἐπικαλεσαμένου
948 2091 1035 2145 διὰ
1070 2094 1166 2163 τῆς
1191 2095 1418 2161 κτίσεως
1445 2099 1523 2160 είς
1547 2093 1725 2153 οἶκτον
1748 2099 1843 2153 τοῦ

264 2174 392 2229 λαοῦ
432 2177 524 2230 τὸν
547 2177 702 2233 Θεόν·
732 2181 895 2235 πάλιν
924 2183 1097 2254 ἑτέρῳ
1123 2185 1311 2256 τρόπῳ
1346 2188 1508 2242 αὑτὸν
1540 2190 1621 2253 εἰς
1665 2185 1844 2245 οἶκτον

261 2266 625 2323 ἐπικαλεῖται.
667 2264 835 2336 Οὗτος
877 2273 935 2326 δέ
965 2275 1113 2327 ἐστιν
1164 2277 1193 2329 ό
1219 2277 1419 2348 τρόπος
1449 2279 1510 2333 τὸ
1549 2281 1689 2351 μέγα
1718 2299 1843 2354 φρο-

260 2357 371 2408 νεῖν
426 2358 518 2411 τὸν
570 2359 784 2431 ἐχθρόν.
839 2362 949 2417 Καὶ
984 2362 1136 2430 λαὸς
1187 2364 1390 2434 ἄφρων
1434 2367 1747 2437 παρώξυνε
1775 2371 1841 2425 τὸ

260 2446 447 2518 ὄνομξὶ
476 2466 617 2506 σου.
647 2453 786 2524 Ὅρα
841 2454 1002 2509 πάλιν
1046 2456 1230 2528 ἕτερον
1284 2460 1569 2532 οίκτιρμοῦ
1617 2464 1837 2535 τρόπον,

254 2536 343 2592 8.3:
379 2541 437 2593 τὸ
463 2543 590 2605 τοὺς
613 2543 837 2613 ἐχθροὺς
870 2544 1165 2616 παροξῦναι
1215 2548 1276 2602 τὸ
1295 2549 1462 2621 ὄνομα
1486 2552 1670 2607 αὑτοῦ.

327 2717 425 2790 Μὴ
457 2719 736 2789 παραδοῖς
760 2722 885 2789 τοῖς
926 2723 1150 2794 θηρίοις
1187 2725 1399 2796 ψυχὴν
1443 2728 1837 2801 ἐξομολογου-

252 2808 444 2878 (rem?
470 2828 591 2867 σοι.
626 2814 985 2871 Ἐπανέτεινε’
1008 2817 1097 2871 τὸν
1124 2817 1324 2890 τρόπον
1366 2819 1475 2875 τῶν
1512 2823 1831 2895 οίκτιρμῶν,

251 2899 423 2971 θηρία
449 2903 576 2966 τοὺς
609 2903 834 2976 ἐχθροὺς
863 2905 1227 2973 ἀποκαλέσας·
1268 2910 1343 2976 ὡς
1389 2912 1610 2983 ἔχοντάς
1630 2934 1682 2970 τι
1709 2918 1834 2983 τοὺς

250 2994 646 3066 ήμαρτηκότας
700 2998 1025 3071 συγγνώμης
1078 3002 1165 3056 διὰ
1226 3004 1327 3074 τῆς
1375 3004 1828 3081 ἐξομολογήσεως.

248 3081 422 3135 τοῦτο
483 3083 543 3137 δὲ
610 3083 826 3156 εὔχεται
893 3090 967 3160 μὴ
1030 3092 1346 3164 ὁμοτρόπως
1398 3094 1692 3151 ἀπολέσθαι
1739 3099 1829 3154 τὸν

260 3170 504 3243 Ἰσραὴλ,
530 3171 559 3225 6
599 3174 811 3243 γέγονε.
861 3177 1058 3232 Πολλαὶ
1087 3182 1195 3252 γὰρ
1221 3184 1314 3236 καὶ
1348 3183 1457 3236 τῶν
1483 3188 1829 3258 σταυρωσάν-

245 3277 356 3317 tua
384 3265 645 3335 μυριάδες
669 3266 1013 3334 ἐπίστευσαν,
1047 3273 1138 3325 καὶ
1172 3273 1472 3344 ἐσώθησαν.

330 3355 700 3425 Ἐπιῗϐλεψον
725 3360 812 3425 εὶς
835 3360 950 3430 τὴν
973 3361 1267 3433 διαθήκην
1294 3381 1432 3420 σου.
1472 3369 1699 3441 Ἕτερος
1733 3371 1830 3425 πά-

241 3446 330 3499 ὶ.ιν
354 3448 642 3519 οἰκτιρμοῦ
700 3451 918 3522 τρόπος·
950 3453 1040 3522 ἀφ’
1068 3446 1141 3507 ὧν
1187 3455 1294 3527 γὰρ
1335 3458 1534 3526 ἀγαθὸς
1581 3462 1708 3533 περὶ
1733 3463 1830 3515 αὑ-

238 3540 374 3602 τοὺς
408 3540 629 3607 ἐγένετο
671 3540 986 3614 διαθέμενος
1022 3545 1287 3619 διαθήκην
1317 3549 1519 3615 αὐτοῖς,
1552 3552 1661 3606 ἀπὸ
1706 3553 1828 3607 τού-

237 3645 352 3681 των
385 3630 729 3686 ἐπισπῶνται
774 3634 864 3687 τὸν
920 3634 1088 3689 ἔλεον.
1145 3637 1273 3692 Ὀτι
1305 3640 1740 3711 ἐπληρώθησαν
1770 3647 1826 3699 οἱ

236 3719 662 3791 ἐσκοτωμένοι
716 3724 828 3793 τῆς
875 3725 989 3796 γῆς
1035 3727 1216 3782 οἴκων
1242 3730 1524 3801 ἀνομιῶν.
1565 3735 1631 3787 Ὀ
1674 3734 1824 3804 λέγει

235 3809 484 3865 τοιοῦτόν
538 3814 705 3868 ἐστιν’
749 3816 814 3870 Ei
868 3817 960 3872 καὶ
990 3818 1215 3891 πλήρεις
1270 3823 1492 3888 σκότους
1539 3827 1823 3894 γεγόνασιν

235 3899 380 3957 οἴκοι
414 3904 597 3958 πολλοὶ
617 3905 708 3959 διὰ
729 3906 827 3971 τὰς
854 3910 933 3972 είς
965 3909 1045 3975 σέ,
1073 3910 1266 3983 Κύριε,
1302 3917 1671 3987 γεγενημένας
1692 3919 1822 3989 παρ’

235 3994 422 4047 αὐτῶν
454 3996 708 4067 ἀνομίας·
746 3997 882 4052 ἀλλά
924 4000 998 4071 μὴ
1048 4003 1155 4066 πᾶς
1215 4006 1243 4057 6
1302 4004 1428 4069 λαὸς
1476 4007 1820 4081 ἀποστραφῇ,

240 4087 378 4159 μηδὲ
407 4088 643 4163 αἰσχύνῃ
669 4091 969 4163 παραδοθῇ.
1000 4090 1158 4165 Εἶχον
1195 4096 1303 4168 γάρ
1331 4115 1474 4162 τινες
1515 4102 1572 4153 ἐν
1611 4102 1821 4168 ἑαυτοῖς

236 4180 519 4250 σωτηρίας
541 4180 754 4247 ἐλπίδα,
808 4184 857 4237 οἳ
898 4185 993 4238 καὶ
1030 4185 1117 4239 διά
1144 4188 1252 4242 τῶν
1281 4191 1590 4246 ἀποστόλων
1614 4194 1822 4266 ἐσώθη-

238 4286 359 4331 σαν,
394 4272 489 4324 καὶ
509 4272 743 4342 μάλιστα
774 4274 860 4327 διὰ
876 4276 1081 4349 Πέτρου
1104 4279 1160 4331 ἐν
1189 4282 1308 4344 ταῖς
1331 4280 1820 4356 πρώταιςδημηγο-

238 4361 407 4429 ρίας,
436 4361 511 4425 ὡς
541 4363 682 4416 κατὰ
713 4365 1048 4436 τρισχιλίους
1095 4368 1190 4423 καὶ
1223 4373 1690 4445 πεντακισχιλίους
1726 4378 1817 4431 καὶ

236 4452 503 4521 μυριάδας
532 4455 729 4519 αὐτοὺς
752 4458 1024 4525 γενέσθαι.

309 4624 588 4698 [Πτωχὸς
638 4631 736 4685 καί
781 4632 970 4703 πένης
1005 4636 1319 4693 αἱνέσουσι
1348 4642 1412 4694 τό
1443 4642 1631 4715 ὄνομά
1673 4663 1812 4704 σου.

231 4716 545 4810 Σωθέντων,
613 4723 768 4793 φησι,
815 4723 924 4777 τῶν
968 4728 1237 4798 σωτηρίας
1293 4730 1478 4796 ἀξίων,
1527 4738 1555 4787 6
1606 4741 1815 4810 πτωχὸς

232 4806 529 4877 πνεύματι,
552 4810 831 4864 τουτέστιν
862 4813 891 4865 6
922 4812 1027 4867 τῶν
1079 4814 1392 4871 ἀποστόλων
1452 4818 1639 4892 χορὸς,
1675 4806 1813 4879 κατὰ

226 4900 314 4961 τὸ,
342 4902 632 4971 Μακάριοι
663 4907 718 4958 οἱ
745 4904 967 4973 πτωχοὶ
1003 4905 1099 4971 τῷι
1114 4910 1425 4979 πνεύματι,
1446 4914 1543 4977 τάς
1566 4932 1647 4969 σοι
1684 4936 1814 4989 πρε-

231 4991 442 5056 πούσας
469 4994 853 5066 ἀναπέμπουσι
876 4996 1225 5072 δοξολογίας.]

315 5084 587 5150 Ἀνάστα,
628 5090 662 5141 ὁ
688 5089 854 5155 Θεὸς,
886 5074 1142 5147 Bancor
1172 5094 1288 5163 τὴν
1338 5096 1516 5166 δίκην
1553 5117 1688 5155 σου.
1719 5102 1813 5166 Εἰς

224 5179 330 5246 τ’ςν
362 5176 470 5230 τῶν
498 5179 899 5250 ἀπατησάντων
927 5184 1018 5236 τὸν
1066 5185 1191 5240 λαὸν
1233 5190 1502 5260 τιμωρίαν
1558 5193 1811 5249 ἱκετεύων

220 5264 532 5337 ὃιανίττησι
559 5267 648 5321 τὸν
666 5268 819 5322 Θεὸν.
838 5271 1147 5341 Μνήσθητι
1172 5276 1278 5331 τοῦ
1305 5279 1645 5351 ὀνειδισμοῦ
1670 5301 1804 5339 σου.

222 5354 401 5409 Πάλιν
433 5355 520 5409 διά
557 5357 651 5411 τοῦ
686 5359 853 5413 αὐτὸν
886 5362 1234 5429 ὀνειδίζεσθαι
1277 5370 1356 5432 είς
1405 5364 1582 5425 οἶκτον
1615 5375 1809 5429 ἐπικα-

216 5447 400 5499 λεῖται
424 5446 515 5501 τδν
553 5448 711 5503 Θεόν.
1472 5448 1483 5455 “

214 5535 335 5600 Εἷς
399 5534 469 5590 τὸ
536 5539 750 5606 τέλος,
822 5542 908 5611 μὴ
979 5543 1359 5617 διαφθείρῃς,
1441 5552 1519 5618 τῷ
1603 5554 1803 5624 Ἀσάφ.

764 5634 1090 5693 ΨΑΛΜΟΣ.
1145 5642 1263 5692 οΔ¹.

855 5723 1174 5794 Ὑπόθεσις.

228 5807 326 5861 Ἐν
358 5809 529 5869 τούτω
568 5815 628 5868 τὸ
656 5816 947 5876 πρόσωπον
996 5817 1099 5872 τῶν
1133 5820 1439 5879 ἀποστόλων
1474 5826 1803 5898 εἰσφέρεται,

1962 632 2128 703 gestis
2165 634 2217 686 in
2259 632 2495 696 deserto,
2526 634 2743 702 quando
2794 636 3051 704 pupulum
3094 652 3157 690 ex
3189 644 3340 705 petra
3370 648 3524 707 pota-

1960 724 2057 778 vit.
2088 721 2164 776 Tu
2187 723 2401 777 siccasti
2429 722 2618 791 ﬂuvios
2648 722 2861 779 Etltam.
2911 724 3102 780 Eth‘am
3143 727 3528 797 interpretatur

1961 829 2174 881 auster;
2202 835 2327 872 nam
2354 818 2418 873 ad
2443 830 2687 874 austrum
2722 818 3032 876 Judaeorum
3061 821 3298 892 regionis
3336 819 3526 877 Iorda-

1959 912 2044 966 nis
2065 911 2201 967 situs
2237 921 2337 967 est.

2031 1001 2117 1065 16,
2147 1002 2233 1055 17.
2269 1000 2409 1055 Tuus
2442 1011 2516 1055 est
2541 1002 2650 1057 dies
2690 1010 2738 1056 et
2772 1011 2863 1057 tua
2905 1010 2981 1057 est
3027 1017 3151 1057 nox.
3199 1000 3314 1057 Non
3342 1004 3515 1059 solum
3588 1058 3599 1070 ,

1960 1091 2156 1162 inquit,
2190 1093 2245 1147 in
2280 1093 2416 1147 mari
2441 1092 2628 1149 Rubro
2657 1102 2711 1148 et
2765 1094 2817 1147 in
2866 1094 3082 1150 deserto
3122 1095 3258 1149 bona
3294 1096 3517 1166 largitus

1958 1204 2018 1243 es
2056 1188 2250 1253 nobis;
2296 1188 2389 1244 sed
2435 1189 2596 1244 etiam
2648 1189 2745 1244 toti
2797 1180 3073 1243 hominum
3130 1190 3312 1260 generi
3376 1174 3524 1243 bona.

1956 1278 2149 1333 tribuis
2177 1297 2191 1334 :
2231 1279 2346 1334 sive
2367 1279 2506 1335 diem
2538 1289 2701 1350 atque
2736 1286 2974 1345 noctem,
3022 1280 3136 1334 sive
3158 1279 3327 1334 solem
3365 1288 3419 1333 et
3442 1280 3517 1333 lu-

1956 1386 2080 1424 nam
2104 1370 2379 1438 condens;
2438 1371 2552 1428 sive
2599 1382 2862 1436 aestatem,
2898 1381 2951 1427 et
2988 1385 3212 1425 vernum
3264 1380 3514 1440 tempus,

1954 1460 2067 1514 sive
2093 1462 2354 1517 terminos
2384 1461 2437 1516 in
2474 1472 2616 1517 terra
2639 1463 2994 1518 constituens.
3022 1459 3137 1517 lloc
3162 1472 3340 1516 autem
3371 1477 3516 1516 nunc

1953 1556 2028 1610 ait
2049 1553 2115 1609 ad
2149 1568 2384 1625 praesens
2409 1554 2671 1608 auxilium
2732 1570 2984 1611 evocans.
3017 1554 3195 1621 Quare
3225 1555 3301 1610 ait
3336 1576 3348 1610 :
3405 1553 3516 1609 Me-

1952 1663 2071 1701 mor
2090 1656 2209 1703 esto
2255 1646 2483 1717 hujusce
2525 1655 2786 1702 creaturae
2810 1654 2936 1701 tuae.
2988 1647 3043 1702 Si
3076 1656 3295 1718 propter
3336 1645 3509 1701 homi-

1950 1754 2067 1804 nes,
2094 1737 2291 1808 inquit,
2347 1744 2627 1792 creatnras
2664 1735 2977 1800 condidisti,
3025 1735 3203 1806 praebe
3245 1736 3511 1791 auxilium

1949 1832 2016 1887 iis
2045 1846 2276 1901 quorum
2312 1845 2478 1886 causa
2510 1838 2772 1887 creaturae
2798 1829 3026 1886 conditae
3056 1838 3200 1886 sunt.

2018 2010 2104 2066 18.
2141 2009 2342 2066 Memor
2367 2021 2475 2066 esto
2495 2011 2673 2082 hujus,
2701 2012 2945 2066 inimicus
2985 2013 3354 2082 improperavit
3391 2012 3505 2078 tibi,
3592 1999 3599 2007 ’

1944 2103 2186 2158 Domine.
2218 2101 2512 2172 Postquam
2574 2118 2670 2171 per
2700 2111 2962 2158 creaturae
2995 2111 3198 2158 statum
3252 2103 3318 2158 ad
3347 2104 3509 2159 mise-

1942 2195 2205 2250 rationem
2228 2194 2410 2264 populi
2448 2193 2613 2247 Deum
2644 2194 2909 2260 evocavit,
2941 2194 3049 2249 alio
3079 2210 3297 2250 rursum
3344 2195 3508 2250 modo

1940 2285 2007 2340 ad
2064 2285 2494 2340 misericordiam
2557 2292 2737 2340 vocat.
2778 2284 2878 2340 Hic
2942 2295 3122 2341 autem
3181 2288 3376 2343 modus
3424 2302 3507 2342 est

1938 2376 2084 2447 quod
2111 2376 2389 2430 inimicus
2419 2376 2704 2448 magniﬁce
2755 2378 2971 2433 sentiat.
3009 2375 3074 2432 Et
3125 2377 3504 2447 ροριιίιιείηδί-

1936 2471 2084 2539 piens
2112 2469 2349 2523 incitavit
2403 2486 2588 2524 nomen
2651 2479 2820 2524 tuum.
2879 2467 3015 2523 Vide
3069 2485 3286 2524 rursum
3340 2470 3500 2525 aliam

1937 2557 2431 2614 commiserationis
2457 2559 2744 2623 rationem,
2783 2559 2912 2630 quia
2946 2559 3153 2616 scilicet
3179 2557 3384 2614 inimici
3416 2560 3502 2614 in-

1935 2646 2171 2701 citarunt
2196 2661 2392 2701 nomen
2425 2647 2564 2717 ejus.

2007 2736 2094 2791 19.
2127 2734 2211 2792 Ne
2265 2736 2450 2791 tradas
2505 2736 2683 2792 bestiis
2727 2739 2962 2793 animam
3004 2739 3329 2809 conﬁtentem
3381 2737 3496 2792 tibi.

1933 2825 2190 2882 Extendit
2244 2828 2743 2884 commiserationis
2799 2846 3045 2900 causam,
3097 2830 3349 2886 inimicos
3398 2847 3497 2885 vo-

1932 2934 2069 2987 cans,
2084 2918 2308 2975 bestias.
2342 2917 2480 2986 Quia
2520 2921 2611 2991 qui
2645 2932 2941 2990 peccarunt
2972 2938 3069 2992 per
3095 2921 3495 2978 confessionem

1930 3013 2142 3068 veniam
2166 3021 2592 3083 consequuntur.
2616 3011 2792 3083 Rogat
2813 3022 2993 3068 autem
3021 3024 3080 3072 ut
3104 3022 3171 3070 he
3192 3014 3308 3084 pari
3335 3015 3498 3068 modo

1929 3104 2107 3161 omnis
2144 3102 2308 3160 Israel
2330 3114 2533 3174 pereat,
2563 3105 2707 3175 quod
2737 3105 2899 3160 etiam
2929 3104 3129 3161 factum
3157 3115 3262 3162 est.
3318 3104 3496 3161 Multae

1854 3237 1896 3295 ϐ
1932 3211 2165 3267 namque
2211 3196 2480 3268 myriades
2525 3211 2715 3251 eorum
2746 3197 2839 3266 qui
2893 3197 3170 3253 Christum
3208 3197 3495 3253 cruciﬁxe-

1930 3295 2078 3351 runt,
2098 3295 2282 3357 postea
2311 3286 2659 3341 crediderunt
2677 3292 2731 3341 et
2753 3287 2981 3342 salutem
3012 3297 3319 3344 consecutae
3344 3302 3491 3344 sunt.

1995 3378 2085 3433 20.
2119 3378 2334 3449 Respice
2383 3379 2438 3433 in
2475 3387 2839 3433 testamentum
2884 3391 3052 3435 tuum.
3088 3380 3240 3438 Alius
3295 3382 3490 3439 iterum

1927 3467 2417 3523 commiserationis
2465 3467 2662 3524 modus
2691 3468 2935 3534 aﬂertur,
2969 3470 3117 3541 quod
3146 3473 3291 3527 enim
3352 3470 3493 3529 Deus

1926 3572 2054 3627 erga
2081 3557 2202 3614 illos
2256 3558 2436 3614 bonus
2476 3566 2529 3614 ct
2583 3559 2823 3616 clemens
2872 3560 3055 3628 fuerit,
3108 3570 3489 3619 testamentum

1925 3646 2061 3703 dans
2084 3647 2215 3713 illis,
2249 3647 2378 3702 hinc
2398 3639 2824 3705 misericordiam
2851 3651 2952 3707 sibi
3000 3654 3271 3710 attrahere
3291 3670 3494 3711 conan-

1925 3747 2033 3792 tur.
2069 3731 2210 3804 Q'uia
2235 3739 2420 3809 repleti
2474 3748 2598 3794 sunt
2623 3742 2715 3812 qui
2741 3735 3016 3797 'obscurati
3044 3754 3165 3797 sunt
3216 3753 3370 3799 terra:
3395 3748 3491 3802 do-

1924 3831 2091 3886 mibus
2122 3832 2484 3902 iniquitatum.
2517 3831 2671 3899 Quod
2711 3833 2786 3888 ait
2810 3834 3076 3903 ejusmodi
3108 3843 3228 3890 est:
3263 3832 3487 3893 Etiamsi

1923 3922 2108 3977 multae
2155 3922 2353 3979 domus
2378 3924 2448 3978 ob
2475 3924 2815 3994 iniquitatem
2849 3940 2976 3996 erga
3002 3935 3054 3981 te
3095 3927 3358 3996 ipsarum,
3409 3937 3489 3983 te-

1922 4013 2106 4068 nebris
2132 4013 2305 4083 plenae
2334 4014 2579 4069 fuerunt:
2638 4024 2695 4070 at
2728 4030 2915 4085 quaeso
2955 4031 3024 4072 ne
3051 4017 3228 4073 omnis
3255 4019 3487 4089 populus

1920 4104 2228 4175 abjiciatur,
2282 4114 2337 4161 et
2383 4103 2622 4161 infamiae
2667 4107 2936 4163 tradatur.
2974 4106 3297 4163 Habuerunt
3338 4110 3483 4165 enim

1919 4193 2139 4263 quidam
2167 4194 2221 4249 in
2246 4195 2442 4266 seipsis
2467 4211 2618 4266 spem
2654 4197 2870 4274 salutis,
2905 4197 3001 4266 qui
3053 4198 3219 4251 etiam
3269 4210 3486 4269 aposto-

1920 4282 2098 4336 lorum
2128 4298 2293 4354 opera
2345 4285 2575 4340 salutem
2626 4285 2773 4340 nacti
2818 4293 2946 4341 sunt
3001 4303 3014 4339 :
3077 4286 3318 4343 maxime
3357 4304 3485 4343 vero

1918 4374 2194 4445 prioribus
2243 4373 2390 4429 Petri
2444 4376 2823 4443 concionibus,
2856 4376 2947 4431 ubi
2981 4377 3142 4455 modo
3185 4386 3267 4433 ter
3316 4379 3482 4446 mille,

1916 4464 2082 4520 modo
2115 4466 2408 4537 quinquies
2436 4466 2601 4535 mille,
2626 4468 2788 4523 modo
2815 4468 2978 4522 etiam
3004 4468 3274 4541 myriades
3303 4486 3486 4527 acces-

1845 4568 1891 4622 υ
1915 4570 2034 4610 sere
2057 4556 2123 4610 ad
2163 4555 2343 4612 ﬁdem.

1988 4645 2111 4719 [21.
2168 4647 2379 4716 Pauper
2419 4658 2469 4704 et
2517 4650 2664 4719 inops
2717 4652 3010 4710 laudabunt
3061 4671 3249 4711 nomen
3310 4664 3482 4712 tuum.

1915 4739 2234 4810 Postquam,
2294 4742 2492 4811 inquit,
2553 4744 2781 4799 salutem
2812 4748 3092 4803 consecuti
3136 4747 3382 4819 suntqui
3415 4763 3479 4802 ea

1913 4828 2062 4899 digni
2096 4838 2246 4897 sunt,
2307 4846 2511 4902 pauper
2567 4835 2791 4903 spiritu,
2840 4838 3051 4895 scilicet
3104 4840 3480 4910 apostolorum

1913 4921 2148 4989 chorus,
2188 4923 2490 4977 secundum
2515 4924 2670 4991 illud,
2720 4926 2878 4983 Beati
2923 4946 3174 5001 pauperes
3195 4932 3389 5001 spiritu
3409 4933 3479 4997 ⁸⁸.

1910 5012 2269 5081 congruentes
2301 5013 2395 5069 tibi
2423 5014 2612 5071 laudes
2633 5017 2878 5092 emittit.]

1979 5100 2067 5154 22.
2116 5100 2376 5176 Exsurge,
2432 5103 2596 5173 Deus,
2653 5108 2846 5178 judica
2896 5128 3115 5168 causam
3156 5124 3322 5168 tuam.
3364 5112 3478 5168 llac

1911 5193 2306 5263 supplicatione
2357 5195 2527 5253 Deum
2568 5199 2772 5256 excitat
2817 5202 2883 5257 ad
2938 5205 3265 5276 supplicium
3309 5205 3375 5259 de
3405 5203 3474 5259 iis

1909 5283 2232 5338 sumendum
2261 5286 2354 5356 qui
2420 5290 2677 5358 papnlum
2726 5291 3078 5364 deceperunt.
3134 5294 3335 5350 Memor
3363 5309 3474 5351 esto

1909 5374 2212 5445 improperii
2264 5378 2362 5431 tui.
2426 5377 2664 5436 Rursum
2717 5384 2845 5453 quia
2923 5384 3038 5456 ipse
3078 5386 3474 5456 improperatus

1910 5465 2011 5520 fuit
2039 5467 2104 5521 ad
2140 5468 2566 5526 misericordiam
2602 5470 2770 5529 Deum
2800 5486 2977 5530 vocat.

1911 5556 1959 5608 i.
1994 5554 2061 5610 In
2113 5559 2293 5628 ﬁnem,
2347 5577 2408 5615 ne
2479 5580 2806 5634 corrumpas.
2875 5565 3215 5622 PSALMUS
3268 5570 3468 5640 Asnplt.

2555 5656 2743 5710 LXXI
2761 5656 2818 5712 V.

2478 5747 2875 5824 Argumentum.

1906 5830 1963 5886 ln
2023 5833 2125 5890 hoc
2168 5837 2383 5907 psalmo
2430 5854 2660 5908 persona
2729 5841 3100 5910 apostolorum
3158 5842 3429 5902 inducitur
3447 5885 3477 5911 ,.
