3976 6220
468 266 576 371 asa

1312 310 1370 368 S.
1412 310 1781 371 ATHANASII
1819 314 1970 371 OPP.
2010 314 2189 370 PARS
2224 314 2315 370 111.
2356 345 2425 354 -
2464 309 2877 369 EXEGETICA.

3577 307 3681 363 540

536 424 833 481 cohortans
851 422 1100 479 homines
1150 432 1209 479 ut
1253 426 1546 498 impietatis
1576 431 1737 497 tinem
1794 428 2014 499 faciant,

2191 430 2488 502 παραινοῦν
2507 430 2633 493 τοὺς
2652 426 2970 498 ἀνθρώπους
2989 425 3085 496 τῆς
3106 420 3360 486 ἀσεϐειας
3390 421 3682 481 παύεσθαι.

539 530 604 570 ac
635 524 1031 586 repraesentans
1065 516 1196 573 ipsis
1246 517 1571 574 horrendum
1627 520 1760 575 illud
1791 535 1855 576 ac
1882 521 2020 577 divi-

537 622 667 661 num
696 607 949 662 tribunal.

537 696 592 760 2,
627 698 680 750 3.
706 695 1082 767 Conﬁtebimur
1105 697 1223 766 tibi,
1258 696 1396 752 Deus
1419 737 1435 753 .
1469 739 1485 754 .
1521 739 1535 752 .
1572 698 1821 757 Narrabo
1849 705 2024 758 omnia

467 789 735 843 mirabilia
766 799 877 844 tua.
910 790 1005 844 Dei
1055 790 1323 844 mirabilia
1354 801 1732 847 enarraturum
1778 809 1836 847 se
1870 795 2027 864 polli-

467 889 618 934 cetur
645 882 976 950 apostolicus
999 882 1197 938 chorus
1219 897 1249 936 a
1278 884 1724 951 persequentibus
1746 885 2022 942 liberatus.

467 969 580 1040 Ego
602 971 844 1038 justitias
864 972 1137 1041 judicabo.
1171 971 1296 1030 Haac
1320 974 1395 1028 ait
1422 973 1667 1031 Salvator
1694 980 2025 1050 respondens

464 1074 651 1113 eorum
674 1060 1041 1131 promissioni.

536 1245 588 1300 4.
619 1243 926 1316 Liquefacta
969 1259 1042 1303 est
1079 1259 1221 1304 terra
1259 1259 1309 1304 et
1354 1267 1528 1306 omnes
1562 1255 1650 1321 qui
1690 1254 1925 1308 habitant
1969 1257 2022 1309 in

465 1353 547 1391 ea.
579 1338 713 1392 Cum
733 1339 877 1408 justa
897 1341 1192 1409 judicarcs,
1223 1343 1419 1413 inquit,
1449 1344 1768 1414 liquefecTsti
1800 1355 2021 1414 terram,

466 1429 710 1484 videlicet
739 1428 1128 1504 Jerosolymam
1148 1474 1162 1498 ,
1197 1445 1245 1488 et
1279 1451 1453 1490 omnes
1477 1437 1566 1505 qui
1588 1436 1827 1490 habitant
1856 1439 1909 1490 in
1939 1455 2020 1494 ea.

464 1517 651 1575 Potest
674 1528 852 1574 autem
887 1521 1015 1575 illud
1063 1522 1263 1593 duplici
1295 1525 1456 1579 modo
1497 1526 1741 1596 intelligi,
1776 1536 1936 1596 atque
1969 1528 2021 1581 in

467 1609 667 1665 bonam
715 1618 945 1681 partem,
978 1613 1184 1668 scilicet
1229 1613 1513 1685 liquefacta
1545 1625 1643 1680 est,
1687 1616 1738 1670 id
1773 1626 1876 1681 est,
1908 1633 2026 1672 ma-

468 1701 596 1758 litiae
621 1704 975 1771 condonavit;
1011 1713 1065 1759 et
1107 1706 1162 1760 in
1194 1708 1415 1774 malam,
1445 1716 1506 1762 ut
1549 1708 1783 1763 declaret
1820 1710 2025 1780 suppli-

433 1791 610 1845 'cium
657 1792 725 1847 de
780 1793 845 1849 iis
894 1803 1187 1863 sumptum.
1240 1794 1352 1865 Ego
1398 1797 1702 1867 conﬁrmavi
1752 1774 2020 1853 columnas
2052 1774 2092 1828 Β

465 1881 598 1949 ejus.
650 1881 932 1938 Columnae
982 1883 1281 1941 Jerusalem
1332 1895 1460 1942 sunt
1522 1888 1696 1943 sancti
1754 1890 2017 1959 apostoli,

464 1971 616 2038 juxta
652 1971 705 2025 id
740 1974 881 2042 quod
922 1974 1123 2028 dictum
1163 1984 1246 2030 est
1278 1993 1290 2027 :
1319 1974 1575 2031 Columna
1625 1986 1675 2031 et
1715 1977 2021 2047 ﬁrmamen-

468 2075 575 2119 tum
602 2069 839 2132 ueritatis
857 2068 924 2123 δ’.
946 2069 1391 2142 [AitApostolusz
1428 2055 1497 2146 Et
1525 2089 1643 2146 cum
1672 2074 2020 2142 cognovissent

465 2161 693 2229 gratiam
741 2179 857 2231 quae
901 2163 1029 2217 data
1075 2174 1151 2219 est
1203 2165 1330 2217 mihi
1372 2144 1601 2219 Iacobus
1631 2175 1677 2219 et
1723 2165 1922 2236 Ceplzas
1970 2174 2020 2218 et

464 2248 714 2315 Joannes,
746 2252 834 2315 qui
865 2252 1169 2311 videbantur
1196 2240 1451 2308 columna:
1479 2271 1587 2308 esse
1614 2252 1709 2329 ⁸¹.]

535 2342 587 2395 ὅ.
618 2341 748 2394 οἱπὶ
782 2343 977 2420 iniquis
1008 2358 1026 2396 :
1060 2341 1238 2401 Nolite
1268 2328 1447 2407 inique
1473 2361 1622 2414 agere
1681 2339 1779 2399 llic
1806 2353 2022 2414 aposlo-

467 2435 642 2488 lorum
688 2450 917 2503 persona
957 2435 1204 2499 effertur,
1233 2419 1352 2505 quae
1395 2436 1643 2495 homines
1689 2438 1936 2491 hortatur
1966 2447 2024 2492 ut

467 2525 748 2593 quiescant
772 2526 840 2579 ab
871 2525 1161 2596 impietate.
1207 2526 1489 2599 [Humiliat
1521 2538 1699 2582 autem
1735 2527 2019 2583 Judaicum

468 2615 723 2688 populum
759 2617 828 2671 ob
852 2616 969 2693 ejus
995 2617 1302 2686 superbiam
1335 2634 1357 2697 :I
1382 2618 1583 2676 exultat
1605 2634 1735 2673 vero
1764 2620 2020 2693 populum

468 2722 530 2760 ex
559 2706 806 2776 gentibus
831 2707 901 2761 ob
932 2706 1287 2765 humilitatem
1314 2706 1478 2780 ejus]
1783 2700 1791 2709 ’

537 2796 588 2851 6.
621 2795 798 2850 Nolite
822 2798 1069 2852 extollere
1110 2799 1163 2851 in
1199 2798 1368 2851 altum
1412 2815 1572 2853 cornu
1603 2811 1849 2862 vestrum.
1886 2799 2021 2854 Nam

468 2895 695 2940 cornuta
733 2887 984 2941 animalia
1033 2888 1258 2942 multum
1290 2887 1356 2942 de
1403 2888 1660 2944 cornibus
1700 2889 2019 2958 gloriantur.

466 2976 695 3033 Jubetur
740 2986 919 3032 autem
972 2978 1190 3047 iniquis,
1225 2990 1283 3032 ut
1314 2993 1381 3067 ne
1425 2979 1731 3048 arrogantia
1768 2980 2024 3048 iniquita-

470 3080 574 3123 tem
623 3080 887 3141 augeant,
933 3086 1107 3141 neque
1167 3072 1417 3126 movea’nt
1465 3071 1699 3142 linguam
1762 3073 2021 3127 adversus
2049 3106 2090 3163 ο

472 3161 656 3216 Deum.

538 3254 591 3307 7.
626 3252 763 3320 Quia
803 3271 964 3322 neque
1010 3255 1075 3311 ab
1126 3257 1374 3321 exitibus,
1419 3274 1578 3329 neque
1624 3258 1688 3311 ab
1739 3257 2022 3323 occidente,

471 3358 632 3414 neque
658 3361 690 3399 a
715 3345 931 3400 desertis
961 3347 1240 3404 montibus.
1279 3348 1438 3405 Hisce
1477 3359 1648 3404 totum
1692 3351 1876 3405 orbem
1916 3358 2025 3404 ter-

471 3450 653 3489 rarum
703 3435 990 3506 signiﬁcat.
1038 3437 1229 3495 Exitus
1280 3449 1458 3495 autem
1503 3440 1635 3496 dicit
1676 3441 1958 3505 orientem,
1993 3454 2022 3493 a

471 3547 581 3603 quo
616 3531 698 3587 sol
734 3534 878 3600 exit;
923 3534 1255 3590 occidentem
1291 3547 1470 3591 autem
1500 3536 1774 3605 vesperias
1810 3544 2020 3606 partes;

469 3631 710 3679 nesertos
750 3633 981 3686 montes,
1021 3625 1439 3695 septentrionem
1469 3634 1521 3680 et
1559 3624 1875 3689 meridiem;
1904 3640 2024 3694 quae

469 3721 647 3782 partes
693 3713 763 3773 ob
805 3715 1197 3770 vehementiam
1246 3715 1462 3787 frigoris
1494 3723 1548 3769 ct
1587 3726 1751 3770 aestus
1793 3714 2018 3769 habitari

470 3811 763 3875 nequeunt.
796 3802 872 3857 Ne
893 3846 907 3869 ,
942 3805 1131 3875 inquit.
1164 3807 1348 3876 inique
1388 3807 1580 3878 agatis,
1618 3808 1743 3877 quia
1774 3823 1933 3862 nemo
1968 3807 2019 3860 in

468 3902 580 3948 toto
603 3895 734 3949 orbe
764 3893 931 3948 Deum
958 3896 1190 3959 latuerit,
1225 3898 1269 3951 si
1296 3898 1518 3966 impium
1548 3898 1674 3967 quid
1703 3897 1938 3968 proferat
1968 3898 2019 3950 in

466 4000 614 4039 eum.
647 3983 802 4038 Hunc
831 3985 1159 4052 huntiliat,et
1188 3987 1321 4040 hunc
1346 3971 1567 4041 exultat.
1591 3988 1720 4041 Cum
1752 3987 1821 4042 sit
1847 3988 2022 4043 bonus

462 4073 647 4142 judex,
680 4073 773 4141 ait,
800 4074 995 4145 impios
1036 4076 1304 4142 humiliat,
1334 4077 1536 4131 exaltat
1574 4085 1752 4132 autem
1790 4078 2021 4146 humiles

466 4167 647 4221 corde.
682 4165 806 4222 Haec
855 4183 1018 4235 porro
1063 4168 1371 4238 accipienda
1410 4178 1537 4223 sunt
1578 4169 1643 4223 de
1679 4169 1890 4224 duobus
1924 4186 2020 4240 po—

467 4257 628 4323 pulis.
676 4255 983 4311 Judmorum
1015 4259 1220 4314 scilicet
1257 4268 1310 4313 et
1351 4260 1613 4329 gentium.
1659 4258 1751 4314 llle
1788 4276 2020 4330 namque

467 4345 781 4402 humiliatus
815 4346 920 4400 fuit
960 4357 1176 4419 propter
1215 4351 1604 4419 arrogantiam,
1638 4350 1727 4405 hic
1752 4352 2019 4408 exaltatus

2193 518 2575 589 ὑποτιθέμενον
2608 517 2789 580 αὐτοῖς
2821 516 2881 569 τὸ
2919 513 3145 587 φοϐερὸν
3197 514 3372 566 ἐκεῖνο
3401 510 3497 563 καὶ
3546 509 3687 565 θεῖον

2146 600 2147 603 η
2190 613 2551 684 δικαστήριον.

2200 697 2783 771 Ἐξομολογησόμεθά
2804 711 2924 761 σοι,
2965 700 2998 751 ὀ
3053 696 3216 762 Θεός.
3246 736 3260 750 .
3300 734 3315 750 .
3350 734 3364 749 .
3393 694 3690 764 Διητήσο-

2117 811 2222 864 μαι
2255 793 2450 847 πάντα
2485 792 2557 845 τὰ
2594 788 2891 860 θαυμάσιά
2927 804 3063 842 σου.
3095 784 3404 856 Διηγεῖσθαι
3433 784 3525 838 τοῦ
3550 785 3685 838 Θεοῦ

2123 886 2191 939 τὰ
2236 884 2509 955 θαυμάσια
2542 884 2881 953 ὑπισχνεῖται
2913 880 2951 935 ὁ,
2974 877 3324 941 ἀποστολικὸς
3372 878 3546 950 χορὸς,
3576 876 3687 929 τῶν

2121 976 2422 1029 διωκόντων
2470 972 2817 1041 ἀπαλλαγείς.
2887 969 3034 1041 Ἐγὼ
3096 969 3420 1035 εὐθύτητος
3485 966 3681 1037 κρινῶ.

2123 1066 2305 1119 Ταῦτα
2353 1067 2382 1117 6
2432 1065 2620 1137 Σωτήρ
2662 1081 2825 1135 φησιν
2876 1060 3164 1115 ὑπακούων
3214 1060 3391 1115 αὐτῶν
3445 1064 3511 1131 τῇ
3553 1063 3686 1115 ὑπο-

2125 1159 2324 1229 σχέσει.

2205 1249 2409 1316 Ἐτάκη
2444 1251 2480 1317 ἡ
2513 1248 2586 1318 γῆ
2622 1247 2719 1301 καὶ
2746 1246 2964 1313 πάντες
2992 1249 3046 1300 οἱ
3074 1244 3380 1311 οἰκοῦντες
3405 1244 3476 1298 ἐν
3507 1241 3683 1313 αὐτῇ.

2122 1341 2334 1403 Δίκαια,
2372 1340 2521 1411 φησὶ,
2563 1339 2762 1410 κρίνων
2818 1336 3117 1409 κατέτηξας
3154 1336 3249 1408 τὴν
3303 1336 3426 1406 γῆν,
3484 1336 3687 1407 δηλαδὴ

2122 1430 2218 1502 τὴν
2261 1430 2629 1503 Ἰερουσαλὴμ,
2663 1429 2759 1482 καὶ
2793 1428 3022 1494 πάντας
3060 1426 3200 1493 τοὺς
3237 1428 3307 1480 ἐν
3352 1425 3509 1495 αὐτῇ
3548 1442 3687 1480 κατ-

2122 1521 2457 1586 οικοῦντας.
2505 1519 2734 1574 Δύναται
2800 1518 2856 1571 δὲ
2894 1517 3051 1571 τοῦτο
3072 1516 3264 1580 διττῶς
3315 1517 3552 1571 νοεῖσθαι
3587 1514 3688 1569 καὶ

2121 1611 2213 1664 ἐπὶ
2241 1609 2465 1678 ἀγαθοῦ,
2518 1609 2599 1671 τὸ,
2657 1607 2858 1674 ἐτάκη,
2900 1608 3019 1661 ἀντὶ
3076 1605 3192 1670 τοῦ,
3238 1607 3571 1660 ὑπενδὲδωκε
3617 1608 3685 1676 τῇ

2124 1701 2375 1773 πονηρίᾳ·
2404 1701 2495 1755 καὶ
2542 1701 2634 1754 ἐπὶ
2666 1699 2866 1765 κακοῦ,
2917 1701 3004 1753 ἵνα
3037 1699 3248 1773 δηλώσῃ
3279 1699 3380 1770 τὴν
3416 1697 3687 1769 τιμωρίαν

2119 1792 2216 1863 τὴν
2242 1791 2537 1862 γενομένην
2563 1791 2682 1845 κατ’
2726 1790 2923 1845 αὐτῶν.
2976 1790 3124 1861 Ἐγὼ
3145 1771 3505 1858 ’ἐστερέωσα
3545 1790 3690 1856 τοὺς

2119 1882 2386 1947 στύλους
2428 1881 2636 1950 αὐτῆς.
2689 1881 2874 1935 Στῦλοι
2908 1881 3008 1952 τῆς
3063 1880 3419 1953 Ἰερουσαλὴμ
3463 1882 3511 1933 οἱ
3542 1880 3687 1948 ἅγιοι

2119 1972 2422 2034 ἀπόστολοι,
2443 1970 2583 2025 κατά
2607 1971 2666 2025 τὸ
2691 1974 2807 2042 είρη
2819 1972 2996 2042 μένοψ
3028 1970 3257 2036 Στῦλος
3281 1971 3378 2024 καὶ
3394 1970 3689 2040 ἑδραίωμα

2118 2062 2228 2130 τῆς
2252 2063 2551 2130 ἀληθείας.
2572 2061 2758 2134 [Φησὶν
2778 2064 2805 2114 6
2827 2061 3285 2124 ἈπόστολοςοΚαί
3304 2062 3541 2130 γνόντες
3568 2060 3687 2129 τὴν

2118 2149 2395 2205 δοθεῖσάν
2403 2168 2505 2219 μοι
2531 2150 2801 2216 Ἰάκωϐος
2815 2150 2913 2204 καὶ
2929 2148 3138 2219 Κηφᾶς
3161 2150 3258 2203 καὶ
3295 2149 3597 2218 Ἰωάννης,
3630 2153 3690 2204 οι

2118 2239 2438 2306 δοκοῦντες
2460 2240 2670 2295 στῦλοι
2688 2240 2886 2312 εἷναι.]

2190 2328 2344 2385 Εἵπα
2372 2332 2494 2398 τοῖς
2526 2333 2958 2403 παρανομοῦσι“
2980 2332 3077 2401 Μὴ
3117 2334 3526 2402 παρανομεῖτε.
3573 2335 3692 2388 Ἐν-

2121 2424 2304 2478 τεῦθεν
2329 2424 2433 2478 τῶν
2467 2425 2775 2478 ἀποστόλων
2806 2424 2867 2478 τὸ
2901 2425 3188 2496 πρόσωπον
3256 2425 3556 2495 παραινοῦν
3587 2427 3691 2495 τῆς

2121 2515 2372 2579 ἀσεϐείας
2424 2520 2535 2580 τοῖς
2581 2517 2886 2590 ἀνθρώποις
2917 2518 3246 2573 παύσασθαι.
3297 2518 3578 2591 [Ταπεινοῖ
3628 2516 3691 2569 δὲ

2132 2608 2416 2663 Ἰουδαϊκὸν
2457 2609 2582 2663 λαὸν
2610 2611 2695 2663 διὰ
2719 2612 2813 2682 τὴν
2860 2613 3233 2684 ὑπερηφανίαν
3259 2611 3440 2666 αὐτοῦ·
3476 2611 3598 2680 ὑψοῖ
3628 2610 3690 2664 δὲ

2117 2702 2209 2754 τὸν
2240 2697 2297 2765 ἐξ
2329 2698 2495 2751 ἐθνῶν
2526 2698 2613 2752 διὰ
2641 2700 2738 2770 τὴν
2770 2700 3262 2772 ταπεινοφροσύνην
3296 2698 3507 2770 αὑτοῦ.]

2192 2788 2286 2857 Μὴ
2324 2787 2593 2855 ἐπαίρετε
2626 2790 2713 2855 είς
2746 2789 2901 2856 ὕψος
2934 2789 3000 2842 τὸ
3022 2787 3199 2857 κέρας
3218 2787 3398 2857 ὑμῶν.
3433 2788 3544 2840 Καὶ
3575 2786 3690 2858 γὰρ

2120 2878 2190 2932 τὰ
2218 2877 2533 2951 κερασφόρα
2557 2876 2669 2940 ζῶα
2709 2878 2910 2948 σφόδρα
2939 2877 3032 2929 ἐπὶ
3086 2880 3198 2941 τοῖς
3231 2877 3422 2949 κέρασι
3462 2878 3683 2947 γαυριᾷ.

2121 2969 2415 3038 Παρεγγυᾷ
2453 2967 2509 3020 δὲ
2547 2968 2728 3029 αὑτοῖς
2753 2970 2780 3020 6
2813 2967 2969 3035 λόγος
3002 2969 3074 3039 μὴ
3096 2967 3277 3033 αὔξειν
3303 2969 3367 3037 τῇ
3396 2965 3689 3038 ἀλαζονείᾳ

2121 3058 2220 3128 τὴν
2259 3056 2505 3127 ἀνομίαν,
2532 3058 2665 3127 μηδὲ
2695 3057 2833 3111 κατὰ
2860 3058 2952 3111 τοῦ
2980 3058 3112 3112 Θεοῦ
3142 3057 3388 3127 γλῶτταν
3421 3060 3611 3112 κινεῖν.

2193 3258 2477 3312 Ὀτιοῦτε
2499 3258 2568 3323 ἐξ
2604 3258 2858 3322 ἐξόδων,
2917 3261 3054 3313 οὔτε
3101 3260 3218 3315 ἀπὸ
3244 3256 3510 3328 δυσμῶν,
3549 3258 3691 3311 οὔτε

2123 3349 2240 3405 ἀπὸ
2283 3348 2516 3419 ἐρήμων
2547 3349 2746 3418 ὀρέων.
2801 3349 2908 3403 Διά»
2934 3351 3136 3404 τούτων
3166 3352 3256 3404 τὸν
3288 3350 3461 3404 πάντα
3487 3347 3691 3416 κόσμον

2122 3443 2220 3512 τῆς
2252 3441 2570 3513 οἰκουμένης
2594 3441 2761 3512 δηλοῖ·
2798 3441 2974 3508 ἔξοδον
3009 3441 3106 3512 μὲν
3131 3440 3227 3512 τὴν
3272 3438 3551 3508 ἀνατολὴν,
3593 3438 3689 3505 ἀφ’

2120 3528 2188 3605 ἦς
2229 3535 2257 3587 6
2291 3532 2441 3603 ἥλιος
2489 3530 2673 3597 ἔξεισι,
2726 3532 2935 3602 δυσμὰς
2964 3531 3142 3601 δὲτὴν
3194 3532 3451 3600 ἑσπέρανο
3489 3529 3587 3600 ὅρη
3628 3527 3690 3580 δὲ

2122 3622 2302 3696 ἔρημα
2348 3624 2417 3677 τά
2451 3641 2510 3676 τε
2553 3624 2776 3695 ἀρκτῷα
2815 3623 2909 3676 καὶ
2939 3623 3008 3676 τά
3043 3623 3211 3676 νότιαο
3264 3622 3434 3695 ταῦτα
3474 3620 3584 3693 γὰρ
3612 3620 3685 3673 δι’

2123 3698 2388 3786 ἀμετρίαν
2436 3715 2635 3786 κρύους
2661 3732 2718 3768 τε
2747 3715 2839 3768 καὶ
2869 3715 3145 3778 καύσωνος
3174 3713 3403 3784 ἀοίκητά
3430 3715 3567 3766 ἐστι.
3591 3712 3689 3783 Μὴ

2124 3809 2487 3878 παρανομεῖτε
2538 3806 2736 3869 τοίνυν,
2795 3806 2977 3875 φησιν,
3013 3806 3094 3858 ὅτι
3150 3805 3321 3868 οὐδεὶς
3354 3809 3410 3858 ὲν
3436 3804 3581 3875 πάσῃ
3618 3807 3689 3875 τῇ

2120 3897 2413 3971 οἰκουμένῃ
2441 3895 2593 3950 λάθοι
2622 3896 2714 3950 τὸν
2750 3896 2880 3950 Θεὸν
2920 3896 3235 3967 βλάσφημόν
3285 3914 3337 3949 τι
3366 3895 3538 3965 λέγων
3563 3895 3689 3949 κατ’

2120 3988 2304 4042 αὑτοῦ.
2335 3989 2552 4043 Τοῦτον
2582 3988 2866 4053 ταπεινοῖ,
2896 3988 2992 4041 καί
3029 3988 3243 4042 τοῦτον
3270 3986 3433 4055 ὐψοῖ.
3453 3985 3687 4062 Κριτὴς,

2121 4080 2305 4148 φησὶν,
2339 4080 2599 4150 ὑπάρχων
2625 4078 2848 4147 ἀγαθὸς,
2887 4081 3132 4134 ταπεινοῖ
3158 4078 3256 4149 μὲν
3282 4079 3405 4140 τοὺς
3448 4076 3689 4141 ἀσεϐεῖς,

2119 4172 2244 4240 iri/oi
2267 4172 2323 4224 δὲ
2369 4171 2495 4235 τοὺς
2535 4172 2820 4234 ταπεινοὺς
2845 4171 2943 4243 τὴν
2969 4171 3214 4243 καρδίαν.
3255 4170 3581 4241 Ἐκληπτέον
3627 4168 3689 4221 δὲ

2118 4260 2289 4314 ταῦτα
2318 4261 2411 4313 καὶ
2460 4262 2553 4313 ἐπὶ
2599 4262 2724 4323 τοὺς
2770 4259 2862 4313 δύο
2913 4259 3093 4323 λαοὺς,
3147 4258 3255 4312 τῶν
3323 4257 3589 4311 Ἰουδαίων
3625 4256 3689 4309 τέ

2120 4369 2260 4422 φημι
2292 4351 2385 4404 καὶ
2412 4351 2503 4403 τὸν
2532 4351 2591 4416 ἐξ
2621 4350 2807 4404 ἐθνῶν·
2854 4353 2882 4405 6
2923 4350 3020 4421 μὲν
3044 4348 3150 4421 γὰρ
3188 4348 3572 4402 τεταπείνωται
3596 4346 3691 4399 διὰ

467 4444 682 4504 propter
711 4436 1089 4492 humilitatem.
1122 4437 1239 4508 Ipse
1265 4456 1498 4510 namque
1525 4442 1809 4498 constituit
1843 4459 2015 4514 reges,

2128 4443 2217 4513 τὴν
2248 4442 2583 4505 ἀλαζονείαν·
2614 4444 2642 4495 6
2668 4441 2723 4494 δὲ
2761 4440 2984 4510 ὑψοῦται
3011 4441 3098 4495 διὰ
3135 4441 3232 4511 τὴν
3263 4435 3690 4508 ταπεινοφροσύ-

463 4538 515 4579 et
546 4527 818 4596 deturbat,
841 4530 1066 4585 suscitat
1090 4531 1156 4585 de
1185 4539 1325 4585 terra
1353 4532 1589 4605 inopem,
1611 4544 1663 4589 et
1689 4535 1755 4588 de
1785 4543 2024 4590 stercore

463 4620 619 4687 erigit
658 4636 967 4693 pauperem.
1015 4620 1130 4676 Imo
1177 4623 1338 4677 etiam
1379 4635 1667 4694 postquam
1717 4625 2023 4680 humiliavit

461 4725 556 4766 eos
583 4715 673 4782 qui
711 4728 776 4766 ex
807 4696 1220 4769 circumcisione
1243 4723 1387 4780 sunt,
1418 4724 1603 4787 gentes
1637 4717 1913 4771 exaltavit.

529 4889 580 4945 9.
617 4889 754 4955 Quia
789 4890 933 4945 calix
977 4892 1033 4945 in
1076 4909 1235 4946 manu
1275 4892 1487 4947 Domini
1528 4893 1632 4946 uini
1676 4892 1806 4946 meri
1833 4892 2016 4961 plenus

460 4984 640 5038 misto.
677 4984 849 5051 Calix,
880 4987 1076 5055 inquit,
1104 4996 1187 5041 est
1218 4989 1269 5040 in
1307 5003 1469 5043 manu
1504 4986 1735 5050 Domini,
1768 4988 1821 5041 in
1856 5003 2014 5056 quem

458 5066 666 5129 fructus
688 5076 924 5131 hominis
951 5078 1063 5131 sive
1096 5077 1267 5152 bonos
1299 5078 1414 5132 sive
1439 5076 1612 5131 malos
1645 5077 1799 5147 quasi
1833 5075 2014 5146 expri-

459 5180 611 5221 mens
640 5176 694 5219 et
720 5167 858 5221 bona
887 5168 1044 5222 malis
1072 5168 1453 5231 commiscens,
1480 5167 1653 5236 ipsum
1692 5168 1908 5236 plenum
1939 5164 2018 5219 ef-

458 5258 588 5310 licit.
628 5255 833 5311 Exinde
863 5272 990 5311 vero
1037 5272 1267 5326 quorum
1313 5257 1413 5331 faex
1462 5273 1570 5311 non
1610 5256 1923 5321 eﬂ‘unditur,
1959 5254 2012 5308 id

457 5356 559 5409 est,
590 5346 625 5399 ii
660 5347 713 5400 in
757 5348 956 5419 quibus
983 5332 1549 5422 peccata'rcmanent,
1578 5348 1755 5417 ipsum
1799 5348 2009 5411 bibunt,

462 5435 511 5487 i.l
554 5444 655 5498 est,
696 5438 929 5508 propriis
980 5424 1392 5494 inebriabuutur
1433 5439 1621 5515 malis,
1654 5439 1794 5515 sicut
1826 5446 2012 5492 contra

464 5527 633 5577 sancti
663 5527 847 5582 bibent
872 5529 1092 5583 calicem
1132 5530 1253 5584 vita:
1300 5516 1355 5585 in
1396 5513 1855 5607 regnojcoelorum
1889 5545 2012 5585 cum

532 5694 574 5731 ⁸¹
605 5697 619 5753 1
654 5700 792 5758 Tim.
823 5718 899 5761 tu,
926 5704 1008 5758 l3.
1090 5705 1133 5737 "
1164 5702 1336 5760 Galat.
1374 5720 1431 5769 Il,
1467 5704 1521 5759 9.

2123 4549 2239 4603 νην.
2280 4533 2626 4604 (Corderius.)
2668 4532 2838 4594 Αὐτὸς
2874 4533 2982 4603 γὰρ
3030 4531 3260 4601 καθιστᾷ
3288 4529 3541 4599 βασιλεῖς,
3592 4528 3690 4580 καὶ

2123 4624 2368 4694 μεθιστᾷ,
2404 4623 2605 4694 ἐγείρει
2637 4623 2746 4675 ἀπὸ
2778 4624 2879 4694 γῆς
2910 4623 3140 4693 πτωχὸν,
3174 4621 3269 4674 καὶ
3307 4620 3414 4673 ἀπὸ
3453 4617 3690 4688 κοπρίας

2118 4715 2366 4785 ἀνίστησι
2394 4704 2619 4783 πένητα.
2672 4712 2831 4767 Ἀλλά
2855 4714 2948 4767 καὶ
2980 4712 3318 4774 ταπεινώσας
3348 4710 3473 4773 τοῦς
3495 4710 3560 4763 ὲκ
3586 4725 3691 4762 πε-

2124 4806 2368 4879 ριτομῆς,
2409 4808 2533 4870 τοὺς
2571 4806 2679 4860 ἀπὸ
2715 4806 2822 4859 τῶν
2857 4805 3024 4858 ἐθνῶν
3053 4804 3282 4874 ὕψωσεν.

2193 4897 2310 4950 ’Ότι
2340 4895 2623 4963 ποτήριον
2649 4894 2718 4948 ἐν
2745 4894 2891 4964 χειρὶ
2939 4894 3159 4960 Κυρίου
3213 4892 3379 4946 οἴνου
3423 4889 3690 4958 ἀκράτου

2118 4986 2346 5057 πλῆρες
2377 4985 2765 5054 κεράσματος.
2815 4985 3099 5055 Ποτήριον,
3133 4984 3316 5054 φησιν,
3352 4982 3499 5035 ἐστιν
3541 4984 3599 5034 ἐν
3614 4984 3685 5052 τῇ

2116 5076 2210 5129 τοῦ
2272 5075 2475 5145 Κυρίου
2508 5074 2682 5145 χειρὶ,
2740 5074 2819 5135 εἰς
2867 5071 2893 5123 ὃ
2947 5072 3176 5124 ἑκάστου
3228 5068 3510 5142 ἀνθρώπου
3556 5071 3688 5134 τοὺς

2119 5167 2360 5236 καρποὺς
2387 5167 2476 5218 καὶ
2514 5167 2637 5226 τοὺς
2667 5162 2903 5230 ἀγαθοὺς
2939 5162 3028 5214 καί¹
3060 5162 3185 5224 τοὺς
3218 5176 3486 5230 πονηρους
3516 5160 3688 5212 οἱονεὶ

2120 5256 2402 5318 ὲκπιέζων,
2446 5256 2538 5307 καὶ
2569 5254 2633 5306 τὰ
2683 5252 2860 5321 ἀγαθᾶ
2916 5254 3026 5314 τοῖς
3060 5253 3312 5321 πονηροῖς
3352 5248 3685 5320 ἀνακιρνῶν,

2121 5348 2324 5417 πλῆοες
2349 5348 2477 5401 αὐτὸ
2509 5344 2778 5398 ἀποτελεῖ.
2810 5340 2941 5397 Εἶτα
2980 5336 3054 5395 ὧν
3074 5343 3174 5396 οὐκ
3213 5342 3452 5411 ἐκχεῖται
3486 5343 3515 5395 ὁ
3555 5358 3693 5412 τρυ-

2119 5439 2264 5506 γίας,
2289 5438 2559 5491 τουτέστιν
2590 5429 2665 5489 ὧν
2695 5435 3116 5505 ἐναπομένουσιν
3149 5434 3203 5485 αἱ
3224 5433 3511 5502 ἁμαρτίαι,
3537 5424 3686 5485 οὗτοι

2121 5528 2250 5581 αὐτὸ
2279 5527 2572 5582 ἐκπξονται·
2604 5525 2846 5581 τουτέστι
2902 5526 3010 5587 τοῖς
3063 5521 3211 5586 ἰδίοις
3252 5519 3687 5592 μεθυσθὴσονται
