3976 6220
293 314 393 377 δια

1366 305 1736 366 Εχροδιτιο
1773 305 1843 362 ΙΝ
1876 305 2209 363 PSALMUM
2248 304 2458 365 LXXV.

3423 297 3529 355 εκ

294 432 502 494 κικοϊς
536 430 724 502 ὥσπερ
752 429 943 501 ἀμέλει
976 429 1069 482 καὶ
1100 427 1149 482 οἱ
1189 424 1332 495 ἅγιοι
1368 425 1583 478 πίονται
1607 423 1667 476 τὸ
1699 424 1865 494 ποτή-

1992 424 2200 480 )omino
2251 422 2413 487 Iesu,
2460 420 2758 477 secundum
2811 420 2982 490 ipsius
3032 416 3243 473 Domini
3287 429 3524 471 vocem;

298 538 408 591 ριον
429 521 529 591 τῆς
555 518 700 592 ζωῆς
722 522 778 573 ὲν
805 522 871 591 τῇ
900 517 1143 590 βασιλείᾳ
1178 516 1285 569 τῶν
1319 516 1559 587 οὐρανῶν
1593 513 1728 585 μετὰ
1760 512 1855 568 τοῦ

1992 512 2142 570 )onec
2174 512 2348 566 bibam
2377 512 2529 567 illum
2558 512 2821 564 vobiscum
2852 510 2906 563 in
2938 524 3092 578 regno
3120 505 3366 561 caelorum
3390 504 3457 557 ⁸³.

297 611 499 683 Κυρίου
544 610 718 681 Ἰησοῦ
755 609 895 665 κατὰ
925 609 1023 682 τὴν
1063 609 1155 664 τοῦ
1196 608 1400 680 Κυρίου
1434 602 1599 659 αὐτοῦ
1645 605 1847 674 φωνήψ
1890 603 2047 671 Ἕως
2072 600 2142 661 οὗ
2166 604 2279 659 πίω
2314 604 2460 662 αὐτὸ
2503 603 2572 656 ἐν
2599 601 2674 671 τῇ
2698 601 2987 670 βασιλείᾳ
3014 599 3133 654 τῶν
3191 597 3461 669 οὐρανῶν

293 703 416 775 μεθ’
443 701 631 772 ὑμῶν.

381 798 522 869 Ἐγὼ
557 798 624 853 δὲ
643 796 1082 868 ἀγαλλιάσομαι
1098 796 1184 860 είς
1218 794 1324 847 τὸν
1349 790 1556 852 αἰῶνα,
1582 787 1759 858 ψαλῶ
1784 787 1864 853 τῷ

302 889 421 958 Θεῷ
468 888 691 945 Ἰακώϐ.
760 887 976 959 Ἐπειδὴ
1016 886 1081 940 ἂν
1103 925 1120 951 ,
1148 887 1301 955 φησὶ,
1329 882 1423 937 τοῦ
1474 879 1733 952 ποτηρίου
1767 895 1864 949 με-

302 982 515 1038 ταλαϐω
570 980 671 1051 τῆς
730 977 914 1049 ζωῆς,
973 975 1279 1048 εὐφροσύνη
1333 992 1421 1046 μοι
1456 972 1744 1044 γενήσεται
1806 967 1867 1033 ἐξ

303 1092 464 1130 αυτου
471 1113 485 1126 .

373 1159 480 1213 Καὶ
541 1154 736 1211 πάντα
798 1154 872 1209 τὰ
908 1151 1137 1220 κέρατα
1165 1149 1283 1203 τῶν
1328 1142 1689 1217 ἁμαρτωλῶν
1716 1156 1866 1196 συν-

305 1249 524 1305 θλὰσω.
550 1249 633 1313 ΕΞ,
653 1244 1089 1315 ταπεινουμένων
1121 1242 1228 1295 τῶν
1253 1236 1591 1310 ἁμαρτωλῶν
1625 1237 1705 1298 εἰς
1737 1232 1870 1303 ὕψος

303 1341 513 1413 αἴρεται
543 1339 602 1393 τὸ
640 1338 827 1410 κέρας,
887 1334 1129 1406 δηλονότι
1177 1333 1271 1388 καὶ
1320 1328 1639 1400 ὑψουμένων
1678 1326 1868 1394 ἁγίων,

307 1431 749 1503 συντριῦήσονται
773 1428 882 1483 τῶν
906 1424 1244 1499 ἁμαρτωλῶν
1269 1423 1338 1477 τὰ
1367 1422 1594 1493 κέρατα.
1630 1418 1788 1480 Τίνες
1811 1416 1869 1470 δὲ

305 1524 368 1579 ἂν
390 1520 500 1577 εἷεν
528 1525 576 1575 οί
607 1520 918 1592 ἁμαρτωλοὶ
946 1520 979 1591 ἢ
1008 1521 1056 1573 οί
1090 1516 1452 1587 ἀντικείμενοι
1477 1514 1588 1576 τοῖς
1618 1508 1711 1563 τοῦ
1733 1507 1866 1562 Θεοῦ

304 1614 608 1686 ἀνθρώποις
639 1612 865 1684 πονηροὶ
913 1611 1197 1681 δαίμονες;
1246 1607 1354 1661 Καὶ
1389 1600 1772 1672 ὑψωθήσεται
1801 1596 1867 1651 τὸ

304 1705 481 1775 κέρας
509 1704 616 1758 τοῦ
646 1703 896 1757 δικαίου.
921 1700 1101 1771 Κέρας
1130 1698 1229 1769 μὲν
1251 1696 1346 1768 τὴν
1374 1691 1646 1766 βασιλείαν
1682 1688 1867 1760 φησὶν,

304 1800 418 1866 ἢτοι
444 1797 546 1867 τὴν
602 1792 937 1848 δυναστείαν.
993 1789 1210 1861 Ἐπειδὴ
1264 1788 1328 1842 ἂν
1366 1783 1481 1849 οὖν,
1548 1780 1713 1853 φησὶ,
1769 1777 1868 1849 τὴν
1920 1835 1925 1840 ,

308 1888 454 1959 ἰσχὺν
508 1885 746 1940 λάϐωσιν
778 1886 827 1938 οί
877 1883 1094 1946 δίκαιοι,
1140 1878 1495 1953 ἀνῃρημένων
1530 1873 1729 1947 δηλαδὴ
1760 1870 1868 1925 τῶν

2039 785 2130 840 10.
2182 781 2292 854 Ego
2336 793 2511 839 autem
2556 781 2829 836 exsultabo
2870 782 2926 834 in
2973 778 3259 871 sarculum:
3306 776 3534 831 cantabo

1971 875 2080 930 Deo
2125 873 2311 928 Iacob.
2369 874 2506 928 Cum
2562 873 2718 929 calici
2773 872 2893 926 vitae
2942 870 3353 943 participavem,
3405 875 3533 921 tunc

1972 967 2104 1024 mihi
2130 967 2313 1024 laetitia
2345 966 2471 1022 hinc
2501 966 2730 1021 eveniet.
3480 969 3488 975 '

2046 1142 2132 1197 il.
2164 1140 2231 1194 Et
2274 1142 2451 1194 omnia
2486 1157 2683 1195 cornua
2727 1148 3055 1209 peccatorum
3096 1136 3443 1207 confringant.
3474 1135 3530 1190 Si

1975 1231 2275 1289 humiliatis
2320 1230 2560 1296 sanctis,
2612 1238 2959 1301 peccatorum
3016 1244 3188 1283 cornu
3251 1227 3304 1281 in
3365 1228 3530 1281 altum

1973 1323 2274 1386 extollitur,
2310 1335 2442 1376 sane
2463 1321 2711 1377 exaltatis
2740 1320 2943 1376 sanctis
2975 1318 3383 1388 contringentur
3413 1332 3534 1373 coro

1975 1429 2081 1469 nua
2130 1419 2497 1482 peccatorum.
2535 1408 2767 1477 Quinam
2822 1408 3021 1463 fuerint
3064 1417 3394 1478 peccatores,
3428 1406 3533 1461 nisi

1976 1502 2195 1574 maligni
2245 1501 2561 1564 daemones,
2614 1499 2923 1554 hominibus
2981 1497 3074 1552 Dei
3130 1496 3406 1568 oppositi?
3466 1496 3533 1549 Et

1971 1593 2297 1649 exaltabitur
2340 1607 2504 1645 cornu
2547 1590 2697 1656 iusti.
2742 1589 2925 1645 Cornu
2973 1589 3104 1644 dicit
3143 1604 3394 1659 regnum,
3423 1587 3540 1643 sive

1974 1683 2293 1754 potentiam.
2317 1680 2613 1751 Postquam
2651 1680 2834 1753 igitur,
2865 1679 2970 1746 ait,
2996 1679 3127 1749 justi
3164 1677 3535 1733 fortitudinem

1976 1774 2302 1844 acceperint,
2335 1771 2562 1827 sublatis
2595 1770 2845 1827 videlicet
2871 1769 3120 1840 malignis
3142 1767 3500 1840 potestatibus
3520 1804 3536 1828 ,

1975 1875 2105 1921 tunc
2138 1864 2232 1919 Dei
2261 1863 2526 1919 mirabilia
2553 1862 2925 1919 ostendantur.
2955 1859 3133 1928 Quare
3166 1859 3320 1915 initio
3344 1859 3538 1929 psalmi

306 1952 558 2053 πονηρῶν
609 1979 909 2049 δυνάμεων,
940 1978 1061 2031 τότε
1092 1974 1158 2046 δὴ
1184 1952 1307 2028 τότε
1334 1973 1428 2028 καὶ
1458 1972 1554 2027 τοῦ
1598 1968 1731 2024 Θεοῦ
1770 1966 1876 2020 δει-

1992 1958 2143 2011 iixit:
2174 1953 2421 2010 Narrabo
2452 1952 2723 2007 mirabilia
2754 1963 2866 2017 tua,
2896 1968 3014 2005 cum
3045 1968 3287 2021 accepero
3317 1960 3537 2018 tempus.

306 2042 595 2146 χῡήσονται
640 2072 710 2125 τὰ
745 2042 1045 2143 θαυμάσια,
1087 2042 1178 2124 Διδ
1227 2068 1320 2122 καὶ
1354 2067 1653 2140 ἀρχόμενος
1696 2061 1789 2117 τοῦ
1831 2052 2046 2132 ψαλμοῦ
2084 2050 2286 2120 ἔλεγενο
2327 2045 2691 2118 Διηγήσομαι
2732 2044 2806 2100 τὰ
2842 2042 3143 2099 θαυαάσιὰ
3176 2059 3313 2107 σου,
3355 2042 3438 2097 ὅτ’
3465 2042 3543 2095 ἂν

306 2166 462 2220 λάθω
494 2163 725 2231 καιρόν,

303 2277 403 2342 El;-
430 2275 499 2329 τὸ
529 2274 727 2340 τέλος,
765 2273 836 2327 ἐν
867 2272 1107 2342 ὕμνοις,
1163 2274 1468 2329 ΨΑΛΜΟΣ
1515 2270 1600 2337 τῷ
1659 2268 1871 2338 Ἀσάφ,

617 2365 742 2435 ᾠδὴ
770 2367 919 2435 πρὸς
941 2365 1048 2420 τὸν
1079 2365 1420 2434 Ἀσσύριον.
1457 2367 1585 2420 OE'.

936 2480 951 2503 '
962 2481 1271 2549 Υπόθεσις.

312 2582 415 2636 Καὶ
440 2574 598 2644 οὗτος
631 2583 662 2635 ὁ
690 2579 902 2651 ψαλμδς
925 2581 1023 2652 τῆς
1052 2583 1219 2654 αὐτῆς
1251 2580 1432 2653 ἔχεται
1467 2577 1776 2641 ὑποθέσεως
1802 2575 1880 2649 τῷ

376 2672 572 2725 ὀπίσω·
604 2672 697 2726 καὶ
721 2672 881 2736 αὐτὸς
926 2673 1033 2743 γὰρ
1058 2671 1129 2726 τὰ
1155 2673 1285 2744 περὶ
1308 2671 1401 2725 τοῦ
1427 2670 1571 2724 θείου
1625 2669 1881 2739 δικαστη-

381 2764 496 2836 ρίου
523 2763 813 2835 διηγεῖται.
1090 2830 1101 2840 ο

379 2852 662 2919 Γνωστὸς
688 2853 759 2906 ἐν
777 2851 850 2921 τῇ
878 2853 1137 2921 Ἰουδαίᾳ
1162 2855 1195 2907 ὁ
1216 2850 1380 2918 Θεὸς,
1403 2851 1503 2905 καὶ
1529 2851 1599 2905 ἐν
1638 2850 1885 2920 Ἰσραὴλ

307 2943 457 3013 μέγα
474 2944 543 3000 τὸ
585 2944 771 3015 ὄνομα
818 2946 1024 3000 αὐτοῦ.
1078 2946 1337 3001 Ἰουδαίαν
1381 2944 1612 3000 ἐνταῦθα
1638 2945 1731 2999 καὶ
1781 2946 1881 2997 Ἰσ-

317 3034 448 3104 ραὴλ
477 3033 577 3106 τὴν
626 3037 926 3104 ὲγνωκυῖαν
983 3036 1074 3090 τὸν
1111 3037 1244 3091 Θεὸν
1289 3036 1465 3109 ψυχήν
1515 3054 1696 3108 φησιν·
1736 3034 1876 3107 αὕτη

314 3125 419 3196 γάρ
451 3126 598 3179 ἐστιν
632 3128 666 3198 ἡ
703 3126 907 3198 ἀληθὴς
948 3127 1176 3181 Ἰουδαία
1205 3130 1299 3182 καὶ
1334 3131 1362 3183 ὁ
1397 3128 1602 3201 ἀληθὴς
1638 3127 1872 3200 Ἰσραήλ.

1974 2253 2027 2308 t.
2063 2249 2131 2307 In
2161 2251 2354 2327 ﬁnem,
2385 2210 2442 2303 in
2482 2246 2764 2314 laudibus,
2794 2244 3135 2304 PSALMUS
3179 2244 3377 2314 Asaplt,
3411 2260 3542 2297 ωη-

2339 2340 2499 2399 ticum
2530 2338 2599 2393 ad
2623 2338 2918 2409 Assyrium.
2951 2334 3103 2394 LXX
3118 2334 3177 2392 V.

2560 2445 2960 2516 Argumentum.

1981 2561 2080 2618 Hic
2107 2576 2326 2634 quoque
2360 2559 2606 2631 psalmus
2644 2558 2696 2611 in
2727 2557 2920 2612 eodem
2946 2564 3193 2611 versatur
3225 2561 3546 2620 argumento

2049 2667 2159 2723 quo
2196 2650 2472 2721 superior;
2514 2662 2638 2703 nam
2686 2662 2808 2718 quae
2851 2646 3091 2702 divinum
3146 2645 3381 2700 tribunal
3422 2659 3544 2715 spe—

2050 2752 2198 2801 ctant
2224 2750 2459 2798 enarrat.

2047 2840 2103 2896 2.
2138 2838 2313 2893 Notus
2353 2839 2408 2891 in
2450 2835 2646 2891 Iudaea
2679 2834 2841 2899 Deus,
2872 2833 2927 2887 in
2972 2830 3143 2887 Israel
3172 2845 3417 2900 magnum
3450 2845 3544 2883 no—

1983 2948 2099 2986 men
2126 2930 2259 3001 ejus.
2285 2927 2525 2984 Iudaeam
2570 2927 2658 2983 hic
2697 2935 2750 2981 et
2776 2924 2939 2982 lsrael
2975 2932 3131 2978 vocat
3158 2921 3394 2976 animam
3425 2935 3546 2990 quae

1983 3023 2152 3079 Deum
2193 3021 2344 3076 novit
2376 3038 2391 3075 :
2420 3020 2536 3091 ipsa
2570 3032 2803 3087 namque
2834 3024 2917 3071 est
2947 3028 3070 3070 vera
3095 3011 3280 3067 Judtea
3302 3020 3355 3067 et
3384 3025 3542 3066 verus

1983 3114 2167 3171 Israel.

393 3192 680 3285 Ἕγενήθὴ
729 3192 1032 3295 ἐνείρήνῃ
1074 3220 1106 3272 ὁ
1166 3223 1350 3287 τόπος
1392 3192 1603 3275 αὑτοῦ,
1775 3192 1881 3291 γαρ

2055 3207 2110 3263 '5.
2141 3204 2342 3260 Factus
2380 3213 2456 3259 est
2497 3202 2553 3257 in
2580 3215 2704 3271 pace
2749 3199 2892 3255 locus
2919 3195 3051 3267 ejus.
3079 3193 3137 3249 Si
3182 3194 3327 3249 enim
3355 3192 3422 3247 de
3452 3206 3545 3246 su-

317 3306 442 3377 περὶ
486 3307 590 3377 τῆς
631 3307 747 3370 Δἄνω
804 3309 1063 3374 Ἰουδαίας
1109 3310 1442 3383 γέγραπται,
1491 3311 1619 3367 ἔνθα
1673 3311 1887 3381 ἀπέδρα

318 3397 494 3469 ὀδύνη,
520 3398 666 3471 λύπη
704 3399 798 3453 καὶ
833 3401 1156 3472 στεναγμὸς,
1211 3402 1454 3474 δηλονότι
1486 3405 1710 3476 εἰρήνης
1738 3403 1887 3459 ἔσται

318 3490 496 3555 τόπος,
532 3490 642 3545 Καὶ
686 3489 755 3545 τὸ
783 3492 1242 3562 κατοικητήριον
1273 3494 1461 3549 αὐτοῦ
1486 3495 1556 3548 ἐν
1597 3494 1770 3549 Σιών.
1807 3495 1885 3567 Τῇ

321 3583 477 3651 νοητῇ
511 3598 696 3652 φησιν,
723 3583 840 3653 ἦτοι
867 3586 935 3655 τῇ
955 3583 1087 3648 ἄνω,
1123 3585 1155 3656 ἢ
1188 3588 1259 3662 τῇ
1289 3585 1401 3640 τῶν
1435 3586 1607 3655 ἁγίων
1640 3587 1808 3659 ψυχῇ.

386 3672 707 3744 [Ἐγεννήθη
724 3674 793 3728 ἐν
814 3673 1022 3744 εἰρήνῃ
1041 3679 1074 3730 ὁ
1092 3676 1274 3742 τόπος
1290 3677 1578 3749 αὐτοῦ.Τῇ
1596 3678 1704 3731 τῶν
1722 3678 1889 3746 ἁγίων

318 3760 481 3832 ψυχῇ.
507 3761 582 3815 Τὸ
608 3763 900 3836 Ἐὅρᾳῖκὺν
922 3764 1132 3835 Σαλὴμ
1155 3765 1290 3837 ἔχει,
1315 3767 1409 3820 καὶ
1437 3769 1486 3821 ol-
1517 3767 1691 3821 λοιποὶ
1718 3768 1890 3833 οὓτως

320 3857 686 3928 ήρμήνευσαψ
700 3857 728 3911 ὅ
755 3860 900 3911 ἐστιν
921 3857 1149 3927 εἰρήνη.
1179 3860 1266 3912 Ἐν
1286 3859 1456 3931 ταύτῃ
1472 3855 1564 3913 οῦν
1585 3860 1618 3931 ἢ
1640 3863 1704 3931 τῇ
1721 3861 1887 3932 ψυχῇ,

326 3946 354 4018 ἢ
393 3951 458 4020 τῇ
504 3949 796 4021 Ἐκκλησία
815 3949 883 4004 τὰ
910 3951 1281 4022 πεπυρωμένα
1321 3950 1468 4021 βέλη,
1503 3950 1540 4005 ὃ.
1584 3953 1613 4005 ὁ
1659 3952 1893 4027 πονηρὸς

324 4040 547 4112 πέμπει,
574 4041 962 4113 συντρίϐονται,
994 4042 1114 4115 ἢτῇ
1132 4042 1242 4097 ἄνω
1277 4043 1686 4120 Ἰερουσαλήμ]

402 4189 559 4245 Ἐκεῖ
580 4189 905 4261 συνέτριψε
930 4191 1002 4246 τὰ
1031 4191 1215 4262 κράτη
1238 4192 1356 4247 τῶν
1383 4192 1594 4258 τόξων.
1630 4194 1702 4266 Ση
1712 4193 1891 4265 μαίνει

322 4281 405 4335 διὰ
432 4282 640 4336 τούτων
686 4283 788 4347 τὰς
822 4285 1205 4353 ἀντικειμένας
1251 4282 1529 4355 δυνάμειςο
1573 4285 1629 4339 αϊ
1671 4285 1891 4359 συντρί-

326 4374 522 4438 ϐονται,
571 4376 759 4449 ἐπειδὴ
790 4376 855 4431 ἂν
894 4379 942 4431 οἱ
984 4377 1130 4446 ἅγιοι
1159 4376 1260 4442 τὰς
1296 4379 1413 4432 ἐκεῖ
1453 4378 1661 4450 λάχωσι
1707 4396 1892 4433 κατοι-

327 4470 439 4521 κεῖν
470 4470 660 4539 μονάς.

1984 3317 2150 3372 perna
2181 3298 2368 3356 Judsea
2402 3296 2606 3352 dictum
2646 3302 2729 3350 est
2759 3311 2773 3348 :
2800 3292 2929 3347 hinc
2951 3287 3134 3360 eﬂ‘ugit
3166 3287 3341 3365 dolor,
3373 3283 3544 3340 tristi-

1988 3395 2061 3448 tia
2089 3401 2141 3449 et
2174 3391 2441 3464 gemitus;
2468 3402 2601 3446 sane
2642 3387 2794 3458 pacis
2839 3385 2991 3439 locus
3028 3381 3153 3437 erit.
3186 3378 3253 3433 Et
3285 3376 3541 3430 habitatio

1984 3488 2096 3561 ejus
2129 3488 2185 3542 in
2211 3486 2360 3543 Sion.
2399 3484 2457 3539 In
2507 3482 2774 3555 spirituali
2816 3480 3095 3545 videlicet,
3144 3476 3258 3532 sive
3287 3488 3541 3545 superna,

1986 3586 2081 3634 aut
2116 3579 2169 3632 in
2201 3587 2513 3633 sanctorum
2543 3574 2744 3629 anima.

2059 3669 2284 3744 [Factus
2315 3678 2392 3724 est
2432 3668 2490 3722 in
2531 3683 2653 3737 pace
2684 3666 2829 3719 locus
2865 3664 2997 3733 ejus.
3026 3660 3085 3715 In
3123 3661 3298 3716 anima
3332 3666 3545 3714 sancto-

1988 3762 2127 3817 ruin.
2171 3760 2466 3816 Hebraicus
2501 3767 2679 3814 textus
2714 3756 2875 3811 habet
2916 3753 3117 3820 Solem,
3145 3767 3209 3807 ac
3241 3750 3433 3820 reliqui
3467 3749 3546 3802 sic

1989 3851 2327 3922 interpretati
2365 3858 2494 3905 sunt
2524 3864 2538 3901 :
2574 3847 2720 3918 quod
2755 3853 2839 3901 est
2862 3860 2987 3915 pax.
3014 3841 3073 3897 In
3101 3843 3204 3897 ista
3234 3840 3399 3910 igitur
3422 3838 3546 3914 ani—

1988 3958 2098 4009 ma,
2130 3950 2226 3997 aut
2255 3942 2309 3996 in
2355 3938 2617 4004 Ecclesia,
2657 3936 2763 3993 tela
2795 3936 2971 4007 ignea,
3004 3947 3126 4004 quae
3155 3928 3544 4007 inalignus'ille

1988 4031 2216 4097 emittit,
2272 4037 2659 4096 conteruntur;
2708 4025 2793 4082 vel
2836 4023 3151 4095 intelligitur
3204 4022 3261 4075 in
3310 4034 3543 4089 superna

1989 4119 2336 4192 Jerusalem]

2059 4214 2114 4269 4.
2148 4211 2235 4267 Ibi
2282 4210 2537 4283 confregit
2577 4208 2836 4280 potentias
2879 4220 3121 4262 arcuum.
3159 4201 3255 4259 llis
3281 4200 3551 4273 signiﬁcat

1992 4304 2328 4365 adversarias
2344 4311 2663 4374 potestates,
2688 4316 2809 4373 quae
2829 4298 3242 4369 contringuntur
3265 4304 3571 4367 postquam.

1993 4397 2168 4454 sancti
2217 4396 2273 4452 id
2314 4395 2590 4453 consecuti
2645 4402 2793 4462 sunt,
2842 4402 2904 4448 ut
2944 4392 2998 4447 in
3042 4391 3149 4448 illis
3177 4388 3565 4449 mansionibus.

1995 4488 2259 4543 habitent.

392 4559 661 4626 Φωτίζεις
704 4561 786 4615 σὺ
829 4560 1183 4631 θαυμαστῶς
1231 4561 1348 4617 ἀπὸ
1398 4561 1583 4631 ὀρέων
1617 4562 1881 4616 αἰωνίων.

2065 4580 2121 4636 5.
2168 4577 2455 4637 Illuminas
2504 4583 2560 4633 tu
2597 4576 2909 4632 mirabiliter
2930 4574 2977 4645 ζα
3024 4575 3286 4630 montibus
3319 4571 3559 4629 attentis.

331 4651 466 4721 Ὄρη
514 4650 710 4706 αἰώνια
739 4653 863 4716 τοὺς
908 4651 1168 4724 οὐρανούς
1211 4669 1365 4724 φησι.
1392 4651 1614 4717 Φωτίζει
1657 4652 1714 4706 δὲ
1745 4654 1892 4724 ἡμᾶς

328 4740 527 4795 ἄνωθεν
554 4744 584 4796 ὁ
613 4742 841 4807 Θεὸς,τὸ
863 4743 1087 4815 Πνεῦμα
1112 4745 1241 4816 ἡμῖν
1261 4743 1625 4816 καταπέμψας
1650 4743 1709 4809 ἐξ
1739 4745 1896 4816 οὐρα-

328 4832 448 4890 νῶν.
486 4835 797 4905 Φωτισμὸς
828 4837 910 4891 σὺ
944 4836 1350 4907 ὑπερμεγέθης
1384 4837 1502 4891 ἀπὸ
1537 4837 1721 4907 ὀρέων
1744 4835 1895 4890 ἁλώ-

328 4941 495 4993 σεως.
523 4926 791 4993 Φωτιζεις
822 4928 904 4983 σὺ
940 4927 1294 4999 θαυμαστῶς
1331 4929 1449 4983 ἀπὸ
1482 4928 1667 4997 ὁρέων
1686 4927 1892 4997 θήρας.

329 5019 575 5087 Φοϐερδς
601 5016 663 5074 εἷ
688 5020 1041 5090 θαυμαστῶς
1068 5022 1186 5076 ἀπὸ
1229 5020 1419 5090 ὀρέων-
1444 5021 1782 5090 καρπίμων,

396 5108 687 5180 [Φωτίζὲις
732 5110 814 5165 σὺ
856 5110 1209 5182 θαυμαστῶς
1251 5110 1369 5165 ἀπὸ
1400 5110 1583 5179 ὀρέων
1623 5113 1893 5166 αὶωνιων.

340 5198 573 5255 Ἐκεῖθεν
600 5202 946 5274 καταπέμπει
962 5203 1024 5257 τὸ
1038 5202 1262 5272 Πνεῦμα
1286 5202 1347 5255 τὸ
1388 5202 1541 5273 ἅγιον
1593 5203 1701 5256 ἀπὸ
1730 5204 1898 5274 ὀρέων

335 5294 577 5348 αἰωνίων·
595 5294 846 5367 τὴνΣιὼν
859 5295 1029 5365 λέγει,
1047 5291 1221 5367 ἀφ’ἦς
1250 5293 1417 5373 ᾤοντο
1442 5295 1534 5348 τὸν
1559 5295 1691 5348 Θεὸν
1717 5294 1897 5367 ὁρμώ-

339 5399 490 5451 μενον
532 5384 709 5439 ταῦτα
738 5387 937 5438 ποιεῖν’
958 5379 1019 5440 οὗ
1040 5385 1135 5439 καὶ
1159 5384 1285 5451 ναὸς
1314 5385 1462 5456 αὺτῷ
1485 5383 1839 5459 ᾠκοδόμητοῆ

369 5665 412 5699 ⁸³
437 5666 639 5730 Matth.
675 5684 826 5736 xxvr,
854 5668 955 5732 29.,

1974 4665 2204 4729 Montes
2255 4680 2484 4727 aeternos
2525 4670 2656 4726 dicit
2696 4670 2885 4726 cmlos.
2920 4667 3194 4723 llluminat
3236 4672 3415 4723 autem
3457 4677 3557 4717 nos

2001 4764 2287 4828 Dominus,
2310 4762 2529 4834 quando
2558 4760 2725 4815 mittit
2751 4757 3009 4830 Spiritum
3044 4755 3114 4810 de
3140 4751 3558 4814 οω]ἰε..1ηιιηιί-

1999 4858 2143 4912 natio
2178 4863 2234 4909 tu
2259 4869 2313 4909 es
2343 4869 2593 4924 perquam
2621 4851 2876 4916 maxima,
2903 4866 2935 4902 a
2957 4843 3555 4903 montibus..venationis.

2001 4945 2286 5000 Illuminas
2319 4954 2375 4999 tu
2406 4942 2723 4997 mirabiliter
2748 4959 2780 4996 a
2809 4940 3069 4995 montibus
3096 4940 3405 4994 venationis.
3433 4938 3476 4990 Τ
3476 4952 3557 4991 er-

2002 5034 2174 5090 ribilis
2198 5051 2252 5090 es
2276 5033 2591 5089 mirabiliter
2615 5049 2647 5088 a
2675 5031 2935 5086 montibus
2962 5031 3270 5101 fructuosis.

2074 5124 2382 5198 [Illuminas
2436 5134 2493 5180 tu
2542 5115 2940 5178 mirabiliter'a
3003 5120 3264 5177 montibus
3326 5117 3557 5175 internis.

2002 5216 2131 5272 inde
2156 5216 2355 5271 emittit
2391 5214 2651 5287 Spiritum
2679 5225 2948 5277 sanctum,
2981 5213 3188 5267 scilicet
3210 5225 3240 5264 a
3282 5206 3559 5264 montibus

2002 5308 2219 5364 aeternis
2251 5326 2266 5362 :
2297 5307 2431 5363 Sion
2471 5307 2623 5375 dicit,
2650 5322 2712 5362 ex
2750 5322 2869 5377 qua.
2888 5304 3151 5375 putabant
3178 5300 3346 5354 Deum
3374 5295 3556 5368 profe-

2002 5406 2150 5452 ctum
2194 5397 2321 5452 talia
2366 5406 2616 5468 patrare:
2653 5395 2763 5457 ubi,
2789 5396 2959 5455 etiam,
3001 5390 3254 5461 templum
3297 5388 3400 5459 ipsi
3426 5402 3577 5446 con--

2002 5497 2264 5547 structum
2293 5488 2507 5552 fuerat.,
