3976 6220
390 321 497 378 διδ

1213 323 1271 377 S.
1311 319 1687 377 ATHANASll
1720 319 1870 377 OPP.
1913 319 2094 374 PARS
2127 317 2214 376 Ill.
2252 349 2321 359 --
2360 315 2754 374 EXEGETICA

3502 314 3613 369 ω

460 440 513 495 6.
550 438 774 495 Turbati
794 450 919 495 sunt
948 456 1123 497 omnes
1164 441 1466 514 insipientes
1491 443 1665 497 corde.
1698 441 1801 509 Qui
1834 433 1939 496 non

2125 441 2576 510 Ἐταράχθησαν
2618 438 2838 503 πάντες
2882 439 2936 490 οἱ
2957 438 3239 492 ἀσύνετοι
3269 434 3343 503 τῇ
3368 434 3606 503 καρδίᾳ.

387 542 707 606 receperunt
733 532 1181 592 illuminationem
1206 552 1327 602 quae
1352 535 1734 608 perﬁpiritum
1763 537 1941 600 datur,

388 627 441 680 in
490 624 893 696 perturbatione
943 636 998 682 et
1043 627 1337 698 agitatione
1379 628 1771 694 versabantur,
1819 643 1942 682 cum

388 716 634 772 divinum
683 715 917 771 tribunal
976 718 1274 788 apparebit.
1319 718 1659 773 Dormierunt
1704 735 1943 773 somnum

276 832 279 833 ν
386 825 563 880 suum,
598 816 649 862 et
696 807 829 861 nihil
868 807 1192 863 invenerunt.
1228 807 1573 880 Negligenti‘m
1615 816 1670 864 et
1700 807 1941 880 segnitiei

387 873 558 956 dediti
585 899 652 954 in
692 899 822 958 vita.
855 908 1097 971 tempore
1131 873 1520 971 divinivju'dicii
1549 900 1683 955 nihil
1725 873 1943 956 invene-

388 997 517 1043 runt
551 988 801 1044 manibus
847 989 965 1044 suis
993 990 1305 1056 retinentes,
1341 989 1433 1060 qui
1468 990 1596 1044 olim
1640 1006 1696 1044 tn
1726 989 1941 1045 mortali

387 1079 497 1132 vita
526 1078 722 1135 divites
753 1087 908 1135 erant
943 1099 959 1135 :
990 1080 1261 1149 quomodo
1293 1080 1436 1134 enim
1460 1079 1698 1135 invenire
1723 1088 1943 1149 possent

386 1177 506 1238 qnae
539 1183 646 1224 non
693 1169 901 1239 operati
947 1168 1110 1225 sunt?
1163 1171 1350 1225 Omnes
1395 1170 1494 1224 viri
1540 1169 1843 1224 divitiarum
1887 1168 1940 1222 in

386 1258 628 1313 monibus
664 1261 794 1313 suis.
841 1255 1200 1330 Symmachus
1237 1258 1317 1315 sic
1364 1259 1523 1315 habet
1559 1278 1573 1314 :
1609 1258 1796 1315 Omnes
1841 1259 1941 1313 viri

388 1349 546 1418 fortes
577 1350 815 1404 munibus
844 1350 974 1405 suis.
998 1349 1163 1414 Nihil,
1200 1352 1396 1421 inquit,
1442 1351 1642 1421 profuit
1684 1352 1789 1408 illis
1840 1350 1943 1407 for-

387 1441 560 1496 titudo
591 1456 875 1505 manuum,
920 1442 1118 1513 quibus
1161 1457 1221 1498 se
1255 1457 1498 1498 omnium
1541 1442 1757 1499 divitias
1799 1444 1941 1498 dire-

386 1539 573 1599 pturos
600 1532 909 1601 sperabant.
937 1532 1004 1589 Et
1024 1532 1226 1589 docens
1253 1549 1375 1603 qua:
1414 1548 1579 1589 causa
1608 1532 1772 1588 fuerit
1796 1531 1940 1603 quod

386 1623 520 1679 nihil
547 1623 682 1679 lucri
711 1623 1017 1691 habuerint,
1043 1625 1347 1696 subjungit:

457 1802 507 1857 7.
539 1803 614 1858 Ab
648 1805 998 1874 increpatione
1049 1813 1170 1869 tua,
1217 1802 1357 1859 Deus
1402 1802 1590 1869 Jacob,
1629 1802 1942 1857 dormitave-
1971 1798 2014 1854 B

385 1905 503 1949 runt
532 1896 621 1966 qui
660 1896 1001 1950 ascenderunt
1029 1912 1203 1967 equos.
1246 1893 1401 1960 Lato,
1446 1895 1642 1966 inquit,
1677 1897 1938 1951 adversus

382 2001 478 2041 eos
519 1986 668 2056 justo
694 1985 930 2057 judicio,
975 1988 1134 2058 quasi
1167 2003 1361 2043 somno
1402 1996 1457 2043 et
1497 1999 1719 2043 veterno
1754 1986 1939 2042 traditi

383 2085 530 2144 sunt,
554 2078 607 2133 id
633 2086 717 2134 est
737 2079 973 2134 excitare
1005 2094 1064 2134 se
1087 2095 1193 2135 non
1227 2088 1538 2150 potuerunt.
1573 2077 1805 2147 Quinam
1838 2096 1937 2136 au-

383 2177 486 2221 tem
523 2168 597 2222 illi
637 2179 784 2235 sunt,
831 2169 937 2224 nisi
978 2170 1070 2240 qui
1114 2170 1474 2225 ascenderunt
1517 2170 1726 2241 equos?
1755 2170 1939 2241 Equos

379 2266 560 2315 autem
586 2258 768 2314 divina
803 2257 1081 2330 Scriptura
1103 2276 1202 2331 pro
1236 2277 1388 2317 more
1425 2272 1586 2318 vocat
1608 2278 1705 2318 eos
1733 2263 1828 2334 qui
1856 2263 1938 2320 ef-

382 2347 589 2406 frenate
626 2353 692 2405 ad
726 2339 1029 2422 voluptates
1060 2353 1368 2422 declinant;
1415 2355 1565 2424 iuxta
1604 2357 1769 2411 illud:
1799 2355 1939 2427 Equi

378 2441 666 2508 c/feminati
714 2442 844 2511 facti
885 2451 1027 2500 sunt.
1065 2442 1430 2516 Unusquisque
1460 2447 1530 2499 ad
1564 2461 1779 2500 uxorem
1814 2461 1938 2516 pro-

375 2532 510 2587 ximi
542 2532 625 2584 sui
654 2530 921 2586 [tinniebat
953 2530 1019 2585 “.

447 2621 501 2675 8.
541 2620 618 2676 Tu
664 2623 914 2677 terribilis
943 2640 1017 2689 es,
1047 2633 1098 2678 et
1127 2626 1244 2695 quis
1274 2625 1480 2679 resistet
1521 2625 1655 2679 tibi?
1680 2623 1736 2680 Si
1768 2626 1936 2690 enim,

2041 534 2105 587 Οί
2141 533 2216 605 μὴ
2248 532 2529 604 δεξάμενοι
2560 531 2653 586 τὸν
2681 530 2956 601 φωτισμὸν
2987 529 3077 583 τὸν
3107 529 3195 583 διὰ
3222 527 3317 582 τοῦ
3352 526 3608 596 Πνεύμαα

2041 640 2156 688 τος,
2183 626 2239 676 ἐν
2262 624 2485 695 ταράχῳ
2517 623 2611 675 καὶ
2642 621 2788 692 σάλῳ
2819 621 3155 692 γενήσονται.
3197 618 3289 672 τοῦ
3313 617 3459 671 θείου
3489 619 3610 670 ἐπι-

2042 714 2299 784 φανέντος
2328 713 2698 785 δικαστηρίου.
2750 714 3084 765 ’Ύπνωσαν
3128 710 3327 763 ὕπνον
3386 706 3606 771 αὐτῶν,

2041 804 2140 860 καὶ
2168 806 2280 874 οὐχ
2310 800 2486 873 εὗρον
2508 802 2706 858 οὐδέν.
2744 801 3019 874 Ἀμελείᾳ,
3058 802 3211 872 φησι,
3246 802 3340 854 καὶ
3367 799 3607 872 ῥᾳθυμία

2041 895 2478 966 παραδεδωκότες
2528 895 2619 949 τὸν
2658 895 2772 966 βίον
2802 895 2943 948 κατὰ
2972 894 3062 947 τὸν
3094 893 3283 965 καιρὸν
3325 893 3426 963 τῆς
3458 891 3609 956 θείας

2043 978 2297 1058 κρίσεως,
2320 987 2396 1050 ὡς
2413 986 2564 1039 οὐδὲν
2593 981 2749 1058 εὗρον
2776 985 3001 1048 ἑαυτοὺς
3027 986 3108 1049 εἰς
3133 984 3233 1047 τὰς
3259 986 3447 1056 χεῖρας
3471 1000 3606 1037 κατ-

2041 1076 2278 1146 έχοντας,
2337 1078 2389 1129 οἱ
2430 1077 2594 1130 πάλαι
2624 1079 2683 1129 ὲν
2715 1075 2793 1147 τῷ
2834 1074 3011 1146 θνητῷ
3038 1074 3137 1146 βίῳ
3169 1074 3431 1128 πλούσιοι.
3478 1074 3609 1139 Πῶς

2039 1168 2144 1240 γὰρ
2173 1168 2267 1222 καὶ
2299 1166 2441 1239 εἶχον
2469 1170 2648 1241 εὑρεῖν
2676 1168 2712 1223 ἃ
2753 1169 2853 1222 ούκ
2898 1170 3249 1240 είργάσαντο;
3300 1166 3524 1233 Πάντες
3548 1168 3607 1220 οἱ

2040 1258 2253 1327 ἄνδρες
2280 1261 2384 1314 τοῦ
2411 1261 2678 1314 πλούτου
2700 1260 2914 1330 χερσίν
2939 1259 3157 1315 αὐτῶν.
3203 1260 3260 1312 '0
3292 1259 3348 1312 δὲ
3380 1259 3450 1313 Σύ
3460 1276 3609 1329 μμα-

2038 1360 2135 1414 χος
2161 1344 2352 1409 οὕτως’
2388 1345 2617 1412 Πάντες
2650 1349 2704 1400 οὶ
2732 1346 2946 1415 ἄνδρες
2995 1350 3049 1401 οἱ
3089 1347 3324 1416 ἰσχυροὶ
3349 1347 3455 1414 τὰς
3482 1346 3606 1417 χεῖ-

2032 1451 2146 1504 ρας
2165 1434 2384 1492 αὐτῶν.
2403 1437 2567 1491 Οὐδὲν
2591 1438 2806 1502 αὐτοὺς,
2841 1440 3027 1509 φησὶν,
3058 1438 3235 1511 ὢνησε
3265 1439 3375 1492 τῶν
3405 1438 3607 1512 χειρῶν

2038 1527 2072 1596 ἠ
2098 1524 2276 1598 ῥώμη,
2304 1526 2370 1580 δι’
2393 1521 2461 1599 ἦς
2480 1527 2590 1583 τῶν
2616 1529 2868 1584 ἁπάντων
2897 1530 3166 1602 ἁρπάσειν
3196 1530 3606 1600 προσεδόκησαν

2041 1615 2287 1674 πλοῦτον.
2342 1619 2452 1672 Καὶ
2516 1619 2778 1676 διδάσκων
2831 1620 2885 1675 τί
2916 1622 3117 1694 δήποτε
3168 1620 3317 1676 οὐδὲν
3355 1620 3607 1676 ἐντεῦθεν

2041 1706 2344 1771 ἅπώναντο,
2379 1709 2676 1781 ἐπήγαγενο

2123 1799 2265 1854 Ἀπὸ
2297 1800 2691 1870 ἐπιτιμήσεώς
2717 1818 2855 1867 σου,
2885 1804 2918 1857 ὀ
2941 1803 3082 1870 Θεὸς
3114 1803 3335 1870 Ἰακὼϐ,
3353 1804 3609 1860 ἐνύσταο

2039 1887 2154 1954 ξαν
2192 1894 2247 1945 οἱ
2282 1891 2696 1962 ἐπιϐεϐηκότες
2726 1894 2852 1962 τοῖς
2880 1895 3106 1960 ἵπποις.
3177 1893 3605 1968 Ἐξενεχθείσης,

2038 1981 2188 2052 φησι,
2238 1983 2336 2054 τῆς
2362 1985 2478 2037 κατ’
2511 1984 2688 2039 αὐτῶν
2743 1985 2957 2050 δικαίας
2983 1986 3182 2057 ψήφου,
3244 1988 3408 2041 οἱονεὶ
3454 1986 3607 2059 ὕπνῳ

2038 2074 2129 2128 καὶ
2181 2076 2337 2146 κάρῳ
2392 2077 2800 2149 παραδέδονται·
2855 2080 3133 2133 τουτέστιν
3188 2079 3464 2134 ἀνανεύειν
3505 2081 3608 2134 οὐκ

2041 2164 2284 2235 ἴσχυσαν.
2305 2167 2460 2231 Τίνες
2476 2168 2532 2221 δὲ
2548 2162 2744 2241 οὗτοιῆ
2772 2170 2821 2222 οἱ
2839 2169 3221 2241 ἐπιϐεϐηκότες
3243 2172 3356 2233 τοῖς
3383 2170 3568 2234 ἵπποις
3589 2186 3604 2235 ;

2040 2254 2273 2319 Ἵππους
2324 2256 2381 2309 δὲ
2405 2258 2439 2327 ἡ
2472 2256 2593 2311 θεία
2624 2256 2813 2329 Γραφὴ
2832 2257 2892 2322 ἐξ
2923 2256 3076 2321 ἔθους
3099 2259 3253 2311 καλεῖ
3280 2257 3407 2321 τοὺς
3438 2257 3605 2327 ἀσχέ-

2035 2361 2143 2408 τως
2171 2345 2553 2410 ὲκκεκλικότας
2579 2347 2715 2417 πρὸς
2741 2346 2953 2417 ἡδονάς·
2991 2346 3132 2401 κατὰ
3163 2347 3242 2412 τὸ,
3272 2347 3476 2401 Ἰπποι
3501 2349 3604 2414 θη-

2036 2433 2322 2502 λυμανεῒς
2346 2434 2723 2505 ἐγενήθησαν
2744 2452 2757 2466 ·
2787 2435 3049 2503 ἕκαστος
3084 2436 3183 2489 ἐπὶ
3210 2434 3324 2505 τὴν
3347 2435 3604 2507 γυναῖκα

2037 2524 2145 2579 τοῦ
2174 2527 2443 2593 πλησίον
2485 2527 2669 2581 αὑτοῦ
2692 2526 3082 2598 ἐχρεμέτιζεν.

2107 2614 2190 2670 Σὺ
2222 2615 2472 2685 φοϐερὸς
2496 2613 2569 2683 εἷ,
2599 2618 2696 2672 καί
2730 2620 2820 2686 τίς
2848 2616 3274 2684 ἀντιστήσεται
3297 2634 3395 2671 σοι
3417 2633 3437 2682 ;
3474 2616 3604 2672 Ἐὰν

379 2713 573 2782 inquit,
619 2714 874 2769 clauserit
903 2723 1091 2770 contra
1122 2715 1394 2771 hominem
1415 2757 1430 2783 ,
1464 2716 1588 2787 quis
1629 2717 1835 2788 aperiet
1852 2717 1940 2772 l“‘1’

2044 2705 2145 2777 γὰρ
2194 2706 2380 2783 κλείσῃ
2428 2709 2568 2763 κατὰ
2597 2709 2906 2784 ἀνθρώπου,
2958 2711 3055 2774 τίς
3071 2708 3308 2775 ἀνοίξεις
3337 2709 3475 2763 κατὰ
3499 2708 3604 2781 τὴν

371 2803 527 2872 juxta
560 2802 712 2860 Isaia:
733 2820 941 2861 vocem.

446 2896 499 2951 9.
536 2895 611 2950 De
639 2896 768 2952 caelo
809 2898 1048 2952 auditum
1091 2898 1264 2968 fecisti
1287 2898 1583 2968 judicium.
1603 2899 1817 2969 Nullus,
1849 2901 1936 2957 in-

378 2989 512 3057 quit,
558 2988 663 3043 erit
712 2988 791 3045 eis
838 2987 1172 3046 defensionis
1214 2991 1366 3046 locus
1406 3007 1530 3046 cum
1578 2993 1873 3063 punientur
1919 3012 1932 3049 :

378 3078 755 3147 praenuntiavit
800 3081 944 3135 enim
978 3080 1085 3136 illis
1122 3096 1244 3151 qua;
1275 3081 1517 3137 divinum
1544 3083 1777 3142 tribunal
1811 3099 1936 3155 spe-

2049 2797 2269 2851 Ἡσαῖου
2306 2800 2509 2870 φωνήν.

2118 2889 2221 2943 Ἐκ
2252 2890 2359 2945 τοῦ
2392 2890 2649 2960 οὐρανοῦ
2681 2892 3007 2960 τῆκούτισας
3033 2894 3254 2962 κρίσιν.
3310 2893 3601 2966 Οὐδεμίαν,

2036 2980 2220 3051 φησὶν,
2259 2981 2554 3050 ἀπολογίαν
2607 2982 2786 3049 ἕξουσι
2833 2984 3204 3055 κολαζόμενοι·
3260 2984 3605 3057 προεκήρυξε

2035 3067 2142 3140 γὰρ
2181 3070 2362 3133 αὐτοῖς
2386 3070 2455 3124 τὰ
2488 3070 2616 3143 περὶ
2648 3069 2743 3124 τοῦ
2779 3070 2922 3125 θείου
2950 3072 3316 3145 δικαστηρίου.
3348 3072 3440 3143 Γῆ
3464 3074 3607 3143 ἐφο-

376 3145 547 3224 ctant.
596 3168 757 3225 Terra
788 3171 1021 3238 tremuit,
1066 3180 1117 3226 et
1141 3145 1367 3243 quievit.
1395 3171 1615 3228 Terram
1663 3174 1753 3230 hic
1775 3145 1936 3231 vocat

2044 3156 2207 3226 ϐήθη,
2242 3159 2339 3213 καὶ
2368 3159 2670 3228 ἡσύχασε.
2717 3160 2825 3231 Γῆν
2886 3159 3119 3215 ἐνταῦθα
3152 3162 3329 3215 πᾶσαν
3361 3160 3467 3216 τῶν
3504 3160 3603 3215 ἅν-

378 3270 545 3316 totam
578 3262 858 3318 hominum
907 3273 1180 3329 naturam,
1214 3280 1337 3335 quae
1375 3273 1501 3321 tunc
1538 3264 1930 3323 reformidabit.

375 3348 546 3405 Nemo
576 3351 721 3406 enim
748 3360 878 3407 tunc
902 3352 1007 3407 erit
1032 3352 1164 3423 quin
1189 3353 1556 3423 pertimescat,
1584 3353 1674 3409 illa
1698 3354 1934 3410 instante

374 3441 482 3497 die.

447 3529 604 3602 [Cum
650 3530 826 3595 enim,
866 3532 1073 3601 inquit,
1104 3530 1248 3589 Deus
1277 3533 1354 3590 sis
1383 3534 1643 3601 caelestis,
1676 3536 1933 3607 iudicasti

373 3632 426 3675 et
450 3622 715 3691 judicium
751 3622 924 3679 iecisti
966 3623 1347 3692 manifestum,
1383 3626 1532 3682 ultus
1562 3627 1814 3686 inimicos
1839 3628 1932 3686 Ie-

374 3711 701 3786 I'osolyma]
1486 3778 1492 3787 ι

444 3798 528 3856 10.
555 3800 686 3856 Cum
728 3814 1026 3875 exsurgeret
1059 3804 1116 3859 in
1150 3805 1420 3875 judicium
1449 3807 1623 3875 Deus,
1668 3818 1728 3863 ut
1760 3808 1931 3867 salvos

372 3892 563 3959 faceret
606 3909 778 3949 omnes
824 3905 1122 3950 mansuetos
1171 3906 1345 3953 terrae.
1385 3896 1674 3965 Divinum,
1724 3901 1930 3971 inquit,

372 3979 604 4042 tribunal
632 3984 927 4057 mansuetis
955 3984 1183 4040 salutem
1212 3987 1447 4042 tribuet:
1475 3990 1932 4059 quemadmodum

370 4086 557 4127 revera
585 4075 845 4144 supplicia
873 4076 1021 4131 dabit
1044 4078 1439 4148 peccatoribus.

441 4226 526 4281 ﬂ.
580 4227 842 4293 Quoniam
874 4233 1124 4302 cogitatio
1169 4234 1395 4290 hominis
1428 4238 1764 4307 conﬁtebitur
1811 4239 1927 4294 tibi.

371 4316 640 4373 Sistemur
670 4329 795 4374 ante
822 4323 1148 4378 horrendum
1179 4325 1308 4380 illud
1340 4328 1596 4395 tribunal,
1620 4346 1726 4385 non
1752 4331 1929 4387 solum

368 4410 435 4465 de
468 4411 534 4467 iis
562 4426 683 4481 quae
712 4411 959 4481 fecimus,
989 4416 1082 4470 sed
1120 4417 1282 4471 etiam
1317 4419 1385 4474 de
1414 4420 1481 4475 iis
1512 4436 1633 4491 qua:
1670 4423 1931 4494 cogitavi-

370 4516 512 4563 mus,
548 4502 813 4558 rationem
844 4503 1043 4563 daturi.
1073 4505 1140 4559 Et
1167 4508 1405 4578 reliquie:
1430 4513 1762 4583 cogitationis
1791 4515 1929 4569 diem

368 4592 556 4660 festum
586 4603 737 4664 agent
772 4595 890 4649 tibi.
923 4594 1184 4666 Reliquis:
1217 4601 1562 4671 cogitationis
1588 4614 1714 4659 sunt
1741 4606 1929 4676 puriﬁ-

366 4693 486 4739 cata
529 4687 801 4757 cogitatio,
833 4687 885 4742 in
927 4704 993 4744 eo
1039 4692 1182 4760 quod
1231 4694 1507 4749 residuum
1552 4694 1656 4750 erit
1698 4711 1794 4765 per
1825 4697 1959 4753 ele—'

367 4775 597 4828 ctionem
638 4775 842 4845 gratiae.
873 4774 930 4830 Si
969 4777 1131 4849 igitur
1178 4778 1271 4835 illo
1301 4791 1539 4850 tempore
1576 4795 1709 4850 pura
1744 4781 1930 4850 depre-

366 4863 634 4919 hendatur
662 4867 918 4937 cogitatio
959 4882 1099 4934 esse,
1128 4878 1258 4927 tunc
1290 4869 1599 4927 festivitatis
1622 4880 1729 4927 tua:
1756 4873 1927 4943 parti-

364 4969 490 5025 ccps
518 4956 640 5013 erit.

436 5044 722 5119 [Quoniam
754 5051 1003 5121 cogitatio
1025 5052 1251 5107 hominis
1277 5052 1609 5123 conﬁtebitur
1639 5054 1752 5110 tibi.
1778 5054 1925 5123 Quo-

364 5141 508 5195 niam
542 5143 722 5197 omnis
753 5142 958 5213 lingua,
984 5144 1163 5198 omnis
1199 5144 1477 5216 cogitatio,
1510 5160 1671 5201 omne
1703 5148 1923 5203 ratioci-

363 5233 512 5286 nium
580 5234 922 5290 contltebitur
982 5234 1210 5291 Domino
1276 5237 1332 5291 in
1395 5245 1639 5308 tempore
1694 5238 1920 5310 judicii,

361 5323 580 5389 quando
608 5326 770 5379 etiam
802 5327 1012 5381 occulta
1048 5326 1102 5381 in
1131 5327 1409 5396 publicum
1438 5327 1828 5403 proferentur.]

432 5411 520 5466 12.
562 5413 745 5472 Vouete
782 5426 832 5472 et
880 5417 1078 5472 reddite
1112 5417 1336 5473 Domino
1366 5418 1474 5475 Deo
1504 5431 1688 5483 vestro.
1718 5422 1798 5477 Ad
1830 5439 1922 5478 co-

362 5496 716 5560 bet-tationem
770 5522 950 5563 sermo
997 5509 1347 5564 convertitur.
1395 5510 1693 5578 Quoniam,
1725 5514 1921 5585 inquit,

434 5672 696 5735 “larem.
724 5695 775 5742 v,
807 5679 856 5734 8.
936 5681 981 5713 ⁸⁸
1018 5680 1122 5737 lsa.
1162 5682 1410 5748 “11,22.

2035 3246 2265 3321 θρώπων
2290 3250 2388 3321 τὴν
2414 3249 2576 3320 φύσιν
2591 3251 2774 3322 φησὶν,
2799 3251 2833 3321 ἢ
2864 3251 2957 3305 καὶ
2983 3251 3236 3307 demanat
3255 3252 3397 3306 τότε.
3416 3251 3605 3317 Οὐδεὶς
3665 3289 3675 3297 ο

2032 3338 2139 3413 γὰρ
2177 3340 2325 3395 ἔσται
2356 3341 2478 3395 τότε
2512 3341 2571 3406 ὃς
2603 3343 2664 3395 οὐ
2699 3342 2984 3415 φοϐηθείη,
3034 3343 3260 3414 ἐκείνης’
3305 3344 3605 3414 ἐπιστάσης

2031 3432 2130 3501 τῆς
2158 3432 2388 3504 ἡμέραςο

2104 3522 2387 3596 [Οὐράνιος
2412 3525 2541 3596 γὰρ,
2586 3525 2738 3596 φησι,
2776 3524 2908 3589 Θεὸς
2941 3523 3037 3589 ὢν,
3071 3523 3312 3597 ἔκρινας,
3360 3522 3455 3579 καὶ
3499 3526 3604 3598 τὴν

2032 3614 2213 3686 κρίσιν
2252 3614 2512 3687 ἐποίησας
2550 3614 2786 3687 ἔνδηλον,
2818 3617 3134 3688 τιμωρήσας
3165 3616 3289 3679 τοὺς
3314 3614 3601 3687 πολεμίους

2030 3708 2133 3778 τῆς
2171 3705 2577 3780 Ἰερουσαλήμ.]
3098 3784 3101 3785 ν

2095 3797 2202 3863 Εἰς
2250 3796 2317 3851 τὸ
2362 3797 2695 3864 ἀναστῆναι
2729 3798 2816 3863 εἷς
2867 3800 3071 3868 κρίσιν
3122 3801 3228 3854 τὸν
3271 3801 3438 3865 Θεὸν,
3489 3797 3603 3853 τοῦ

2032 3884 2227 3939 σῶσαι
2280 3885 2512 3952 πάντας
2557 3886 2699 3953 τοὺς
2739 3887 2941 3957 πραεῖς
2983 3889 3093 3957 τῆς
3147 3888 3279 3961 γῆς.
3326 3889 3398 3943 Τὸ
3433 3888 3601 3953 θεῖον,

2032 3978 2185 4047 φησὶ,
2219 3976 2566 4050 δικαστήριον
2585 3982 2697 4043 τοῖς
2723 3981 2950 4051 πραὲσιν
2995 3980 3260 4034 ἀποδώσει
3288 3980 3386 4053 τὴν
3422 3997 3599 4051 σωτη-

2036 4067 2176 4140 ρίαν·
2208 4066 2397 4139 ὥσπερ
2422 4067 2617 4139 ἀμέλει
2654 4069 2749 4123 καὶ
2803 4072 2915 4133 τοῖς
2939 4071 3277 4143 ἁμαρτωλοῖς
3310 4070 3406 4136 τὰς
3435 4069 3599 4126 κολά-

2033 4174 2147 4221 σεις
2178 4158 2520 4214 ἀποδίδωσιν.

2103 4250 2231 4304 Ὅτι
2258 4250 2543 4321 ἐνθύμιον
2578 4251 2890 4320 ἀνθρώπου
2926 4253 3431 4325 ἐξομολογήσεται
3472 4271 3597 4310 σοι.

2034 4341 2499 4414 Παραστησόμεθα
2553 4345 2610 4397 ἐν
2660 4344 2851 4415 ἐκείνῳ
2888 4344 2967 4417 τῷ
3018 4345 3234 4416 φοϐερῷ
3277 4345 3499 4417 βήματι,
3530 4346 3597 4401 οὐ

2035 4431 2194 4502 μόνον
2247 4425 2322 4487 ὧν
2355 4433 2697 4505 ἐπράξαμεν,
2733 4435 2871 4489 ἀλλὰ
2933 4437 3026 4490 καὶ
3083 4431 3157 4491 ὧν
3199 4437 3600 4512 βεϐουλεύμεθα

2031 4519 2258 4585 εὐθύνας
2285 4522 2693 4593 ἀπαιτούμενοι.
2720 4524 2826 4578 Καὶ
2849 4524 3285 4596 ἐγκατάλειμμα
3310 4527 3597 4598 ἐνθυμίου

2031 4609 2301 4679 ἑορτάσει
2329 4627 2448 4668 σοι.
2499 4613 2942 4687 Ἐγκατάλειμμα
2974 4617 3227 4688 ὲνθυμίου
3265 4617 3295 4670 ὁ
3324 4620 3599 4692 κεκαθαρ-

2035 4701 2194 4771 μένος
2219 4703 2335 4756 ὲστὶ
2365 4702 2643 4775 λογισμὸς,
2682 4705 2821 4760 κατὰ
2868 4707 2929 4760 τὸ
2954 4706 3160 4778 λεῖμμα
3207 4709 3326 4762 κατ’
3362 4710 3596 4785 ἐκλογὴν

2030 4792 2271 4863 χάριτος.
2330 4793 2545 4866 Ἐπειδὴ
2573 4794 2638 4849 ἂν
2663 4792 2775 4862 οὖν,
2812 4798 2994 4869 φησὶν,
3024 4800 3081 4853 ὲν
3105 4799 3298 4871 ἐκείνῳ
3317 4801 3394 4873 τῷ
3417 4805 3598 4878 καιρῷ

2030 4882 2268 4954 καθαρὸς
2302 4884 2499 4955 εὑρέθη
2529 4886 2806 4959 λογισμὸς,
2836 4890 2954 4943 τότε
2989 4889 3053 4961 δὴ
3079 4890 3201 4944 τότε
3246 4893 3341 4946 καὶ
3364 4894 3463 4965 τῆς
3492 4897 3597 4968 σῆς

2029 4973 2319 5044 μεταλάϐοι
2344 4975 2559 5048 ἑορτῆς.

2094 5066 2238 5137 [Ὅτι
2267 5067 2517 5139 ἐνθύμιον
2542 5069 2824 5142 ἀνθρώπου
2865 5072 3317 5147 ἐξομολογήσεταί
3339 5095 3440 5131 σοι.
3470 5079 3596 5133 Ὅτι

2023 5158 2172 5210 πᾶσα
2195 5157 2414 5225 γλῶσσα
2438 5198 2453 5223 ,
2493 5160 2585 5213 καὶ
2619 5162 2724 5224 πᾶς
2756 5162 3011 5234 λογισμὸς
3043 5167 3136 5220 καὶ
3160 5167 3453 5241 ἐνθύμημα
3506 5169 3596 5236 ἑξ·-

2023 5247 2411 5318 ομολογήσεται
2440 5248 2519 5320 τῷ
2542 5250 2725 5323 Κυρίῳ
2753 5256 2812 5307 ὲν
2823 5254 2898 5326 τῷ
2917 5257 3015 5328 τῆς
3031 5258 3263 5330 κρίσεως
3280 5261 3475 5333 καιρῷ,
3501 5264 3594 5316 itte

2028 5337 2121 5391 καὶ
2148 5337 2217 5390 τὰ
2244 5339 2460 5409 κρυπτὰ
2486 5339 2953 5420 θριαμϐεύονταιά

2096 5427 2389 5491 Εὐξασθε.
2448 5433 2546 5486 καὶ
2590 5433 2845 5489 ἀπόδοτε
2875 5439 3071 5505 Κυρίῳ
3116 5439 3195 5505 τῷ
3237 5442 3360 5509 Θεῷ
3402 5443 3590 5512 ὑμῶν.

2041 5519 2161 5572 Ἐπὶ
2190 5521 2503 5590 παραίνεσιν
2526 5526 2553 5578 ό
2586 5524 2741 5595 λόγος
2774 5527 3052 5599 τρέπεται.
3112 5532 3325 5607 Ἐπειδὴ
3353 5534 3422 5588 τὰ
3442 5538 3593 5609 εἰρη-
