3976 6220
304 323 405 379 διε

1362 323 1727 383 EXPOSITIO
1761 324 1827 380 IN
1862 324 2195 383 PSALMUM
2234 327 2469 384 LXXVI.

3411 323 3557 381 ‘346

308 438 461 509 μένα,
493 439 681 509 φησὶν,
736 440 887 495 ἔσται
921 443 977 494 ἐν
1002 441 1079 513 τῷ
1132 441 1260 514 θείῳ
1294 442 1649 517 δικαστηρίῳ,
1684 445 1866 499 τούτου

1991 462 2042 500 ea
2088 464 2209 518 qua
2244 464 2412 519 supra
2446 447 2687 503 diximus
2734 445 2788 500 in
2823 444 3009 500 divino
3042 443 3296 499 tribunali
3336 444 3551 498 contin-

303 529 458 600 χάριν
480 529 585 593 ἕως
613 531 741 585 ἐστὲ
769 535 827 586 ἐν
858 532 937 604 τῷ
971 534 1195 606 παρόντι
1248 534 1368 606 βίῳ,
1399 534 1627 602 εὔξασθέ
1654 537 1733 608 τῷ
1762 539 1877 591 Κυ-

306 621 402 692 ρίῳ
423 621 644 690 ἀγαθῶν
677 623 856 696 ἐργων
880 620 1018 680 εῖναι
1038 626 1388 700 ἐπιμεληταὶ,
1429 628 1526 681 καὶ
1565 628 1768 682 τούτων
1800 628 1876 699 μὴ

304 709 601 783 βραδύνητε
629 715 959 783 ποιήσασθαι
986 715 1086 787 τὴν
1118 717 1392 773 ἀπόδοσιν.
1424 720 1690 791 Κομιοῦσι
1728 720 1784 774 δὲ
1807 718 1877 773 τὰ

301 802 469 875 δῶρα,
505 804 611 857 ὑπὸ
661 805 771 861 τῶν
796 808 1176 879 γεγενημένων
1224 810 1716 882 ἐκδειματωθέντες
1742 810 1876 865 θαυ-

306 912 509 967 ματων.

373 986 460 1053 Τῷ
483 989 712 1058 φοϐερῷ
745 990 844 1045 καὶ
880 991 1293 1063 ἀφαιρουμένῳ
1317 995 1623 1065 πνεύματα
1654 994 1874 1063 ἀρχόν-

301 1099 434 1136 των.
512 1083 963 1154 Ἐπαγγείλασθε,
1010 1087 1196 1157 φησὶν,
1237 1086 1612 1158 ἀγαθοεργεῖν,
1651 1087 1875 1153 ειδότες,

300 1174 371 1240 ὡς
403 1176 486 1229 δεῖ
517 1177 664 1248 ὑμᾶς
690 1178 749 1232 ἐν
780 1176 972 1249 ἐκείνῳ
1003 1177 1328 1249 γενομένους
1370 1176 1449 1249 τῷ
1494 1179 1665 1249 τόπῳ,
1712 1179 1876 1232 οἱονεὶ

298 1268 443 1340 δῶρα
494 1268 594 1333 τὰς
640 1268 851 1323 ἑαυτῶν
899 1268 1127 1340 πράξεις
1177 1272 1547 1342 προσαγαγεῖν
1596 1269 1674 1341 τῷ
1731 1268 1870 1340 Θεῷ.

300 1361 484 1425 Οὕτως
532 1360 590 1414 δὲ
620 1361 650 1413 ό
681 1360 814 1425 θεὸς
843 1360 1070 1432 φοϐερός
1089 1362 1256 1428 ἐστιν,
1286 1360 1362 1425 ὡς
1386 1360 1481 1414 καὶ
1509 1360 1616 1413 άπὸ
1644 1360 1751 1413 τῶν
1775 1359 1873 1414 πά-

299 1452 383 1506 λαι
428 1452 707 1525 ἀρξάντων
756 1453 851 1507 καὶ
890 1432 1195 1523 γενομένων
1253 1451 1504 1524 πονηρῶν
1555 1451 1616 1505 τὸ
1657 1450 1872 1521 πνεῦμα

296 1545 742 1618 ἀφαιρεθήσεται.
793 1545 881 1598 Ἐν
909 1545 1018 1616 γάρ
1057 1544 1250 1616 ἐκείνῳ
1273 1544 1352 1615 τῷ
1381 1543 1508 1616 θείῳ
1536 1544 1630 1598 καὶ
1656 1543 1871 1616 (ροσερῷ

298 1639 501 1710 βήματι
546 1638 605 1706 ἐξ
631 1638 861 1693 ἑκάστου
886 1637 996 1691 τῶν
1027 1639 1424 1711 ἡμαρτηκότων
1468 1638 1782 1711 ἀφαιρεῖται
1810 1636 1872 1691 τὺ

294 1732 440 1786 δοθὲν
472 1730 564 1785 διὰ
590 1731 685 1785 τοῦ
719 1731 1110 1803 βαπτίσματος.
1152 1732 1260 1785 Καὶ
1281 1731 1438 1785 τοῦτό
1467 1733 1615 1787 ἐστιν
1635 1732 1665 1786 ὃ
1697 1734 1727 1787 ό
1753 1733 1868 1787 Κύ-

1981 548 2127 610 gent,
2157 541 2296 606 ideo,
2326 540 2455 595 dum
2489 538 2545 595 in
2586 537 2839 609 praesenti
2875 536 2981 591 vita
3023 536 3178 602 estis,
3218 543 3405 589 vovete
3440 533 3548 588 Do-

1982 634 2150 699 mino,
2176 649 2273 688 vos
2299 635 2363 689 de
2388 633 2544 688 bonis
2572 632 2827 702 operibus
2856 629 3112 698 deinceps
3134 628 3358 684 edendis
3390 642 3549 682 cura-

1982 734 2156 791 turos,
2185 733 2241 780 et
2283 740 2351 780 ne
2383 724 2605 779 tardetis
2637 739 2701 778 ea
2738 732 2866 777 vota
2896 721 3141 791 implere.
3178 719 3418 774 Arll‘erent
3450 733 3547 774 au-

1978 825 2086 873 tem
2123 832 2370 883 munera,
2408 813 2678 885 perterriti
2706 813 2774 869 de
2803 810 3144 867 mirabilibus
3176 808 3358 865 editis.

2049 994 2134 1049 15.
2167 992 2410 1048 Terribili
2441 1000 2491 1046 et
2515 992 2562 1046 ei
2598 991 2687 1063 qui
2720 990 2892 1058 aufert
2933 989 3178 1059 spiritum
3224 988 3543 1058 principum.

1978 1084 2304 1150 Promittite,
2343 1085 2538 1156 inquit,
2568 1098 2668 1137 vos
2713 1082 2853 1137 bona
2885 1097 3049 1150 opera
3081 1079 3348 1142 edituros,
3391 1074 3545 1148 gnari

1978 1185 2230 1244 oportere
2261 1188 2360 1233 vos
2402 1174 2457 1227 in
2494 1173 2586 1227 illo
2628 1172 2749 1227 loco
2800 1171 3160 1233 constitutos,
3197 1165 3352 1237 quasi
3402 1166 3546 1220 dona

1978 1281 2142 1336 opera
2172 1271 2349 1319 vestra
2379 1262 2575 1318 offerre
2598 1260 2728 1316 Deo.
2768 1259 2869 1315 Hic
2901 1271 3080 1315 autem
3111 1257 3257 1313 Deus
3288 1254 3546 1310 terribilis

1976 1367 2078 1414 est.
2110 1357 2296 1428 Itaque
2324 1356 2393 1411 ab
2429 1355 2497 1410 iis
2529 1355 2623 1425 qui
2667 1353 2795 1408 olim
2836 1353 3177 1422 imperarunt
3218 1357 3272 1403 et
3311 1346 3546 1417 improbi

1977 1450 2198 1505 fuerunt
2238 1447 2464 1516 spiritus
2509 1444 2806 1501 auferetur.
2863 1443 2920 1498 In
2967 1441 3152 1497 divino
3198 1454 3432 1510 namque
3479 1453 3546 1491 ac

1978 1540 2200 1597 terribili
2245 1540 2339 1593 illo
2377 1537 2633 1593 tribunali
2674 1553 2704 1591 a
2757 1534 2987 1606 singulis
3030 1531 3408 1604 peccatoribus
3445 1545 3544 1584 au-

1975 1632 2178 1687 feretur
2203 1629 2428 1701 spiritus
2467 1643 2562 1698 per
2603 1626 2931 1697 baptismum
2971 1624 3147 1678 datus.
3189 1621 3256 1676 Et
3299 1619 3430 1676 illud
3459 1625 3546 1674 est

1976 1725 2118 1797 quod
2143 1723 2406 1778 Dominus
2430 1721 2640 1776 dicebat
2667 1738 2680 1774 :
2714 1716 2995 1772 Exscindet
3018 1730 3221 1769 servum
3250 1710 3545 1782 improbum

299 1840 404 1896 ριος
435 1823 612 1893 ἔλεγε·
647 1802 1041 1893 Διχοτομήο-ει
1070 1822 1180 1876 τὸν
1223 1822 1452 1877 δοῦλον
1474 1824 1582 1877 τὸν
1604 1824 1866 1893 πονηρὸν

1991 1819 2215 1874 lominus
2243 1814 2357 1884 ejus
2399 1812 2610 1883 quando
2641 1810 2861 1875 venerit,
2887 1817 2936 1862 et
2967 1805 3276 1877 portionenv
3288 1802 3400 1872 ejus
3426 1808 3543 1872 post

293 1913 485 1968 ἐλθὼν
523 1917 558 1969 ό
595 1914 799 1983 κύριος
820 1913 1031 1981 αὐτοῦ,
1072 1912 1171 1967 καὶ
1199 1913 1265 1967 τὸ
1306 1914 1489 1984 μέρος
1514 1914 1702 1970 αὑτοῦ
1728 1913 1875 1983 μετὰ

297 2007 398 2061 τόν
420 2008 684 2061 ἄπιστον·
714 2005 909 2073 θήσει.

359 2099 460 2165 Εἰς
484 2098 549 2153 τὸ
593 2096 790 2164 τέλος,
847 2094 1001 2165 ὑπὲρ
1041 2094 1318 2166 Ἰδιθοὺμ,
1378 2098 1688 2151 ΨΑΛΜΟΣ
1723 2095 1803 2162 τῷ

884 2194 1099 2264 Ἀσάφ.
1150 2199 1275 2252 οΣ⁹.

919 2285 1253 2356 ’Υπόθεσις.

305 2370 562 2438 Ἀκούσας
598 2373 832 2448 ’ἰδιθοὺμ
857 2377 925 2431 τά
967 2380 1240 2451 λεγόμενα
1292 2378 1545 2452 περὶτοῦ
1580 2378 1710 2433 λαοῦ
1762 2379 1873 2433 τῶν

368 2464 651 2539 Ἐϐραίων·
681 2468 854 2523 ταῦτα
881 2471 937 2524 δὲ
953 2467 1018 2543 ἧν
1033 2472 1179 2525 τάδε*
1198 2473 1332 2528 Ἵνα
1352 2473 1408 2526 τι
1430 2477 1463 2527 ὀ
1486 2473 1629 2539 Θεὸς
1653 2471 1873 2527 ἀπώσω

358 2560 445 2624 εις
473 2558 653 2624 τέλος
672 2574 692 2623 ;
742 2560 1044 2633 ὑπερήλγει
1078 2563 1172 2617 καὶ
1220 2564 1566 2634 ἐταράττετο,
1601 2562 1699 2635 τὴν
1734 2580 1871 2616 παν-

358 2649 482 2721 τελῆ
516 2651 700 2705 αὐτῶν
731 2652 1001 2725 ἀποϐολὴν
1053 2654 1287 2726 θρηνῶν.
1357 2652 1493 2709 Εἶτα
1564 2654 1870 2725 συντίθησιν

355 2742 501 2814 αὐτῷ
534 2746 563 2797 ό
608 2744 780 2815 Ἀσάφ
805 2745 1038 2816 ψαλμὸν,
1072 2747 1342 2802 διδάσκων
1367 2747 1552 2812 αὐτὸν,
1577 2747 1653 2813 ὡς
1681 2752 1739 2803 ἐν
1759 2751 1871 2813 τοῖς

356 2832 713 2902 περὶτούτων
742 2836 1028 2908 πράγμασι
1051 2836 1187 2909 πρὸς
1227 2837 1389 2908 μόνον
1416 2838 1508 2891 τὸν
1535 2838 1669 2891 Θεὸν
1698 2856 1869 2892 κατα-

357 2924 581 2995 φεύγειν
607 2925 707 2990 δεῖ,
730 2926 984 2981 κάκεῖθεν
1005 2928 1104 2999 τὴν
1124 2928 1479 3001 παραμυθίαν
1500 2929 1867 3001 εὑρίσκεσθαν

351 3017 432 3070 διὸ
458 3018 554 3071 καὶ
584 3018 885 3090 ἀρχόμενός
922 3035 1074 3091 φησι·
1282 3069 1304 3074 ._

354 3108 531 3178 Φωνῇ
554 3127 675 3179 μου
723 3110 875 3179 πρὸς
904 3114 1125 3181 Κύριον
1172 3112 1502 3182 ἐκέκραξα,
1544 3111 1713 3182 φωνῇ
1748 3131 1868 3183 μου

285 3202 430 3273 πρὸς
460 3203 572 3257 τὸν
603 3202 779 3281 Geor,
812 3205 909 3259 καὶ
941 3204 1249 3276 προσέσχε
1272 3225 1393 3277 μοι.
1426 3208 1677 3261 Διδάσκει
1706 3208 1867 3279 ἀρχό-

287 3311 445 3363 μενος
470 3292 568 3348 τοῦ
596 3295 814 3368 ψαλμοῦ
846 3296 924 3367 τῷ
961 3296 1215 3369 Ἱδιθοὺμ,
1243 3298 1317 3361 ὡς
1337 3299 1505 3367 ἐγγὺς
1526 3300 1730 3370 Κύριος
1754 3302 1866 3363 τοῖς

284 3386 542 3441 ἐπικαλου
551 3388 732 3455 μένοις
766 3388 948 3444 αὐτόν.

363 3481 467 3534 Ἐν
496 3479 690 3550 ἡμέρᾳ
745 3480 1006 3550 θλίψεώς
1052 3499 1172 3551 μου
1224 3480 1332 3535 τὸν
1366 3482 1514 3537 Θεὸν
1540 3480 1869 3553 ἐξεζήτησα

280 3571 405 3639 ταῖς
427 3571 609 3642 χερσί
663 3589 784 3641 μου
816 3572 1033 3639 νυκτὸς
1069 3573 1348 3627 ἐναντίον
1385 3574 1596 3637 αὑτοῦ,
1627 3573 1726 3628 καὶ
1756 3575 1868 3628 οὐκ

278 3663 618 3733 ἠπατήθην.
672 3664 945 3736 Τοσαύτη,
999 3667 1153 3737 φησὶ,
1187 3667 1513 3737 περιέκλυσε
1543 3666 1720 3737 θλίψις
1767 3667 1868 3739 τὴν

277 3752 452 3825 ψυχήν
485 3770 611 3825 μου,
633 3754 710 3817 ὡς
739 3756 798 3808 οὐ
857 3756 1014 3826 μόνον
1068 3755 1189 3826 μεθ’
1221 3756 1435 3829 ἡμέραν
1474 3757 1574 3821 τὰς
1630 3757 1867 3822 ἱκετείας

278 3845 576 3909 ποιεῖσθαι,
626 3846 764 3900 άλλά
801 3847 909 3918 γάρ
938 3848 1033 3901 καὶ
1062 3848 1225 3901 αὐτὸν
1255 3848 1343 3903 τὸν
1369 3850 1557 3921 καιρὸν
1588 3849 1696 3903 τῶν
1735 3866 1866 3902 νυκ-

275 3937 378 3991 τῶν
410 3938 838 3994 καταναλίσκειν
857 3943 936 4005 είς
966 3943 1292 4014 προσευχάς.
1311 3941 1474 3995 Ἀλλά
1492 3942 1663 3996 ταῦτα
1691 3942 1865 4013 πράτ-

274 4046 397 4093 των,
421 4033 531 4086 οὐκ
553 4034 634 4096 εἰς
668 4031 823 4086 κενὸν
854 4033 1108 4106 ἔδραμον,
1139 4036 1238 4088 οὐκ
1272 4035 1355 4098 είς
1391 4034 1545 4087 κενὸν
1579 4033 1862 4087 ἐκοπίασα·

274 4124 362 4175 καὶ
384 4123 555 4177 τοῦτό
585 4127 703 4178 ἐστι
726 4126 807 4185 τὸ.
834 4129 956 4181 Οὐκ
983 4127 1321 4196 ὴπατήθην.

349 4215 731 4285 Ἀπηνήνατο
756 4219 1213 4288 παρακληθῆναι
1246 4221 1284 4287 ἡ
1313 4219 1482 4289 ψυχή
1506 4237 1648 4289 μου,
1683 4216 1866 4288 ἐμνή-

274 4312 426 4376 σθην
450 4309 564 4363 τοῦ
584 4308 754 4376 Θεοῦ,
785 4310 884 4364 καὶ
909 4309 1273 4380 εὐφράνθην.
1293 4310 1616 4381 Ἀνθρώπων
1645 4310 1741 4382 μὲν
1766 4327 1869 4363 πα-

274 4401 572 4471 ραμυθίας,
632 4401 815 4473 φησὶν,
843 4402 962 4456 οὐδὲ
992 4405 1122 4473 μιᾶς
1152 4404 1480 4476 ἠνεσχόμηνο
1517 4401 1651 4475 μόνη
1687 4401 1745 4455 δέ
1775 4419 1866 4472 μοι

1974 1909 2238 1975 inﬁdelem
2264 1914 2418 1977 ponet
2444 1905 2513 1958 ⁸⁸.

2172 2093 2225 2149 1.
2269 2089 2335 2145 1η
2365 2090 2544 2161 ﬁnem,
2578 2103 2674 2158 pro
2710 2085 2970 2149 [dit/tum,
3006 2079 3246 2136 PSALM
3261 2074 3344 2133 US

2520 2180 2724 2250 Asaph.
2762 2176 2911 2232 LXX
2927 2166 3027 2231 νΙ.

2554 2271 2957 2342 Argumentum.

1971 2368 2107 2423 (tum
2143 2365 2403 2422 audisset
2432 2363 2664 2418 lditbum
2714 2375 2836 2432 quae
2879 2357 3202 2413 dicebantur
3234 2355 3300 2409 de
3344 2351 3544 2423 popqu

2042 2460 2419 2519 Hebraeorum,
2442 2470 2564 2526 qua:
2594 2455 2785 2510 istltazc
2804 2460 2959 2507 erant
2992 2468 3005 2504 :
3037 2445 3233 2519 thuid
3273 2445 3414 2499 Deus
3458 2459 3542 2499 re-

2039 2551 2225 2622 pulisti
2253 2551 2310 2603 in
2338 2549 2496 2618 ﬁnem
2520 2547 2546 2600 7
2575 2557 2920 2613 summopere
2957 2540 3174 2597 dolebat
3201 2545 3257 2593 et
3284 2536 3545 2592 turbaba—

2042 2652 2150 2706 tur,
2178 2642 2369 2710 lugens
2389 2636 2536 2708 quod
2571 2635 2797 2689 omnino
2826 2631 3025 2702 abiecti
3066 2628 3352 2700 fugissent.
3398 2624 3540 2680 Tum

2042 2733 2097 2788 in
2125 2732 2246 2802 ejus
2271 2730 2502 2801 gratiam
2535 2725 2720 2795 Asaph
2765 2724 3036 2794 psalmum
3067 2721 3199 2784 edit,
3236 2719 3441 2774 docens
3471 2716 3541 2770 l-

2041 2826 2177 2888 lum,
2206 2822 2261 2876 in
2287 2819 2558 2892 ejusmodi
2586 2816 2820 2886 negotiis
2864 2814 2931 2870 ad
2962 2813 3134 2868 Deum
3178 2824 3301 2866 esse
3344 2805 3541 2864 confu-

2038 2915 2296 2986 giendum
2330 2951 2346 2978 ,
2407 2921 2572 2980 atque
2634 2908 2761 2962 inde
2823 2904 3251 2961 consolationem
3299 2898 3540 2955 mutuari

2039 3016 2294 3077 oportere
2325 3023 2338 3059 :
2377 3017 2549 3072 quare
2573 3001 2654 3056 sic
2676 2999 2889 3055 orditur
2922 3016 2936 3052 :

2040 3097 2094 3151 2.
2137 3094 2272 3149 Voce
2304 3110 2420 3147 mea
2451 3092 2519 3145 ad
2550 3090 2833 3144 Dominum
2863 3087 3110 3153 clamavi,
3140 3099 3275 3139 'voce
3320 3097 3439 3135 mea
3469 3080 3540 3134 ad

1896 3150 1937 3207 ο
1974 3188 2158 3254 Deum,
2182 3196 2232 3242 et
2262 3183 2487 3240 intendit
2524 3183 2674 3236 mihi.
2710 3179 2992 3236 Psalmum
3007 3150 3227 3233 ordiens
3252 3174 3410 3230 docet
3433 3172 3538 3228 ldi-

1970 3280 2148 3347 thum,
2179 3278 2327 3350 quod
2360 3292 2531 3348 prope
2576 3275 2648 3331 sit
2669 3271 2934 3328 Dominus
2968 3267 3356 3324 invocantibus
3388 3278 3538 3319 eum.

2043 3482 2099 3538 '5.
2134 3480 2201 3536 In
2231 3481 2316 3535 die
2349 3476 2713 3533 tribulationis
2749 3489 2876 3530 mea:
2920 3471 3089 3526 Deum
3140 3466 3400 3538 exquisivi
3427 3480 3542 3517 ma-

1968 3574 2121 3626 nibus
2157 3572 2284 3625 meis
2322 3580 2470 3623 nocte
2499 3578 2685 3621 contra
2722 3580 2862 3627 eum,
2898 3572 2947 3616 et
2971 3576 3074 3615 non
3111 3574 3231 3614 sum
3269 3558 3539 3624 deceptus.

1970 3663 2167 3728 Tanta,
2205 3660 2405 3729 inquit,
2446 3659 2725 3713 tribulatio
2758 3656 3017 3711 demersit
3047 3654 3285 3708 animam
3341 3665 3516 3705 meam

1971 3763 2030 3808 ut
2057 3768 2168 3808 non
2202 3753 2380 3807 solum
2418 3752 2508 3806 die
2544 3749 2972 3820 supplicationes
3008 3746 3283 3811 offerrem,
3334 3744 3429 3798 sed
3482 3756 3538 3796 e.‘

1970 3849 2151 3920 ipsum
2178 3847 2422 3902 noctium
2454 3854 2670 3913 tempus
2702 3843 2756 3896 in
2786 3841 3039 3911 precibus
3063 3833 3540 3893 insumerem.Veo

1968 3956 2089 3995 rum
2140 3940 2253 3993 haec
2309 3951 2478 4006 agens
2519 3950 2627 3989 non
2664 3933 2883 3987 cucurri
2922 3932 2976 3986 in
3015 3945 3241 3992 vanum,
3272 3942 3382 3983 non
3418 3927 3537 3980 fru-

1968 4040 2079 4089 stra
2131 4030 2372 4103 laborayi
2400 4047 2413 4083 :
2446 4038 2609 4098 atque
2641 4027 2692 4081 id
2752 4024 2856 4081 sibi
2902 4024 3018 4079 vult
3054 4023 3222 4077 illud:
3258 4020 3385 4074 Non
3421 4030 3540 4073 sum

1967 4123 2230 4177 deceptus.

2035 4138 2230 4191 ceptus.

2035 4211 2091 4265 4.
2120 4209 2311 4263 Renuit
2342 4205 2605 4261 consolari
2633 4207 2815 4259 anima
2842 4220 2979 4269 mea,
3018 4218 3216 4256 memor
3238 4201 3318 4271 fui
3346 4199 3462 4265 Dei,
3486 4207 3539 4253 et

1968 4303 2260 4358 delectatus
2294 4317 2432 4357 sum.
2480 4298 2691 4365 Nullas,
2726 4299 2929 4368 inquit,
2960 4297 3246 4352 hominum
3286 4293 3540 4349 consola-

1971 4395 2146 4449 tiones
2173 4391 2559 4447 admittebam:
2615 4388 2709 4446 sed
2761 4389 2876 4444 sola
2923 4387 3018 4443 Dei
3053 4386 3317 4441 memoria
3351 4384 3540 4440 laetitia

270 4494 301 4562 ἡ
328 4492 423 4546 τοῦ
449 4491 597 4546 Θεοῦ
629 4493 815 4564 μνήμη
844 4493 1152 4565 εὐφροσύνη
1179 4493 1406 4566 καρδίας
1439 4494 1673 4562 ἐγένετο.
1703 4491 1866 4546 Ἡδο-

1991 4486 2153 4541 :ordis
2175 4493 2293 4540 erat
2328 4484 2486 4538 mihi.
2518 4481 2857 4537 Exercitalus
2887 4496 3025 4545 sum,
3057 4487 3106 4533 et
3139 4478 3329 4548 defecit
3377 4478 3542 4546 spiri-

267 4583 577 4654 λέσχησα,
619 4583 720 4637 καὶ
746 4584 1173 4654 ὠλιγοψύχησε
1192 4586 1257 4638 τὸ
1282 4586 1520 4654 πνεῦμά
1545 4603 1687 4655 μου.
1711 4584 1860 4650 Ὅτε,

269 4678 419 4745 φησὶ,
460 4676 753 4747 λογισμοῖς
790 4675 1153 4748 ἀνθρωπίνοις
1202 4675 1493 4749 ἐχρώμην·
1537 4674 1698 4729 τοῦτο
1752 4674 1861 4745 γάρ

1966 4592 2050 4633 tus
2079 4595 2242 4633 meus.
2272 4576 2410 4631 Cum
2443 4574 2722 4639 humanis,
2753 4574 2952 4644 inquit,
2981 4572 3173 4626 utebar
3194 4569 3536 4635 ratiociniis;

1965 4668 2020 4723 id
2052 4670 2196 4724 enim
2232 4668 2505 4738 significat
2545 4666 2676 4720 illud
2707 4683 2721 4719 ε
2758 4664 3102 4719 Exercitatus
3134 4678 3272 4728 sum,
3319 4669 3450 4717 tunc
3479 4662 3537 4717 in

268 4768 377 4822 ἐστι
404 4769 490 4836 τὸ,
538 4766 994 4838 Ἠδολέσχησα,
1022 4770 1147 4823 τότε
1192 4769 1257 4841 δὴ
1273 4770 1395 4822 τότε
1423 4768 1518 4822 καὶ
1547 4769 1628 4831 εἱς
1664 4766 1859 4837 ὀλιγω-

1991 4761 2320 4817 lefectionem
2344 4760 2516 4816 animi
2549 4759 2792 4830 deiectus
2826 4773 2969 4814 sum.

270 4860 385 4930 ρῖαν
414 4860 836 4934 κατεφερόμην.
1770 4912 1773 4915 λ

332 4951 874 5023 Προκατελὰϐοντο
915 4952 1195 5022 φυλακὰς
1248 4956 1301 5007 οἱ
1364 4952 1663 5023 ὀφθαλμοί
1711 4970 1856 5024 μου,

265 5040 613 5112 παράχθην
660 5040 761 5094 καὶ
798 5042 910 5096 οὐκ
941 5041 1238 5110 ἐλάλησα.
1281 5040 1451 5097 Τοῦτο
1504 5043 1647 5114 γάρ,
1704 5044 1857 5115 φησὶ,

2039 4962 2091 5016 5.
2126 4960 2560 5031 Anticipaverunt
2590 4959 2803 5031 vigilias
2834 4959 2974 5013 oculi
3002 4960 3124 5022 mei,
3154 4961 3394 5013 turbatus
3420 4971 3537 5010 sum

1964 5065 2015 5108 et
2048 5070 2153 5108 non
2182 5071 2301 5108 sum
2336 5053 2564 5107 locutus.
2597 5051 2712 5107 Hoc
2742 5066 2864 5115 nos,
2895 5051 3091 5123 inquit,
3143 5052 3200 5106 in
3255 5048 3539 5120 perturba-

264 5131 640 5205 ταράττεσθαι
660 5135 806 5186 ποιεῖ
826 5132 933 5186 τῶν
965 5132 1175 5205 ἐχθρῶν
1205 5133 1725 5206 προκαταλαϐόντων
1750 5135 1859 5188 τῶν

1991 5147 2169 5201 ionem
2193 5146 2437 5216 conjicit,
2473 5146 2619 5214 quod
2651 5145 2855 5200 inimici
2890 5145 3263 5201 custodiarum
3320 5148 3539 5195 nostras

265 5224 555 5297 ἡμετέρων
599 5222 858 5293 φυλακῶν
910 5223 1038 5287 τοὺς
1070 5223 1287 5289 τόπους·
1314 5224 1558 5279 τουτέστι
1586 5223 1696 5278 τῶν
1749 5242 1853 5279 τει-

1997 5254 2087 5294 um
2116 5238 2236 5294 loca
2271 5247 2560 5308 occupent,
2582 5238 2635 5293 id
2667 5248 2772 5306 est,
2796 5252 3078 5294 murorum
3104 5231 3534 5305 propugnacula.

264 5316 371 5386 χῶν
398 5318 501 5382 τὰς
534 5316 818 5384 ἐπάλξεις.

330 5406 785 5480 Διελοτισάμην
831 5406 1056 5478 ἡμέρας
1088 5410 1360 5479 ἀρχαίας.
1404 5409 1635 5474 Ἐκεῖνα,
1672 5410 1856 5480 φησὶν,

2036 5413 2088 5466 6.
2129 5411 2374 5483 Cogitavi
2421 5413 2532 5467 dies
2568 5424 2835 5484 antiquos.
2888 5411 3003 5476 Illa,
3066 5406 3262 5477 inquit,
3313 5418 3533 5461 mecum

266 5498 509 5554 ἐνενόουν
538 5500 668 5554 κατ’
698 5498 960 5569 ἐμαυτὸν,
1011 5498 1108 5553 καὶ
1133 5500 1510 5572 ἐταραττόμην
1546 5499 1664 5564 πῶς
1692 5500 1857 5554 πάλαι

1991 5505 2296 5575 νοείιοῦεπι,
2329 5516 2386 5561 et
2417 5507 2677 5562 turbabar
2695 5502 3031 5577 perpendens
3062 5512 3170 5569 quo
3198 5506 3360 5568 pacto
3387 5494 3533 5549 Deus

268 5590 582 5658 μένόΘεὸς
629 5588 846 5660 ἐϐοήθει
874 5589 951 5662 τῷ
974 5590 1111 5662 λαῷ,
1155 5592 1272 5645 νυνὶ
1320 5592 1376 5646 δὲ
1417 5590 1692 5647 ἀπώσατο.
1744 5595 1853 5649 Καὶ

1991 5597 2091 5654 lim
2126 5600 2326 5670 populo
2359 5595 2751 5664 auxiliaretur,
2810 5610 2954 5651 nunc
3009 5601 3193 5648 autem
3246 5588 3530 5663 repulerit.

335 5748 385 5827 “_
409 5747 552 5804 Luc.
591 5762 693 5815 xu,
730 5744 821 5801 46.
