3976 6220
435 316 543 378 517

1279 316 1341 383 ,S.
1385 313 1759 374 ΑἹἩΑΝΑΞῘΙ
1796 312 1921 375 OPP
1986 314 2167 373 PARS
2201 314 2288 370 Ill.
2328 345 2402 358 --
2437 309 2849 371 EXEGETICA.

3553 308 3662 365 518

438 434 503 489 Et
528 437 629 489 hoc
660 446 746 486 me
771 430 825 485 in
853 436 1178 486 anxietatem
1209 428 1376 483 animi
1398 430 1757 499 conjiciebat:
1791 444 1862 484 ne
1888 427 2002 483 for-

2100 431 2255 484 τουτό
2286 446 2376 501 μοι
2403 427 2501 501 τὴν
2550 424 2787 495 ἀθυμίαν
2822 421 3007 483 ἐκίνει,
3039 420 3100 474 τὸ
3134 420 3208 492 μὴ
3240 420 3346 490 ἄρα
3378 420 3459 484 εἷς
3496 420 3555 473 τὸ
3581 421 3664 474 δι-

439 525 577 581 tein
616 530 935 594 perpetuum
966 521 1165 578 deserti
1207 519 1407 580 forent.
1448 519 1856 577 Reminiscehar
1884 521 2005 576 illo-

435 630 558 672 rum
593 614 805 670 dierum
836 614 1213 683 antiquorum.

508 708 594 762 11.
638 706 765 763 Haec
818 708 1045 761 mutatio
1099 706 1328 760 dexterae
1359 702 1589 759 [ἔπεισί.
1619 703 1759 759 Dum
1790 720 2002 761 mecum

438 809 740 860 versarem,
765 794 965 863 inquit,
997 794 1355 863 cogitationes
1388 794 1510 849 illas
1543 794 1609 849 de
1632 794 1816 865 pepuli
1850 796 2005 865 abje-

436 886 639 952 ctione,
676 900 799 940 sero
822 885 1040 940 tandem
1080 885 1340 952 intellexi,
1389 887 1746 941 mutationem
1786 887 1932 941 illam
1971 902 2003 942 a

436 976 595 1032 bonis
633 975 700 1031 ad
733 976 898 1038 mala.
938 991 1058 1045 quia
1080 977 1280 1046 populo
1303 977 1552 1047 contigit,
1583 977 1652 1032 ob
1676 977 1813 1031 nihil
1851 977 1999 1033 aliud

437 1068 707 1132 evenisse,
741 1068 847 1123 nisi
905 1077 1126 1137 propter
1178 1068 1446 1123 Altissimi
1498 1069 1795 1123 dexteram.
1832 1068 2000 1135 Quasi

437 1159 681 1228 apertius
715 1159 954 1214 diceret:
997 1159 1226 1229 Propter
1254 1174 1319 1213 ea
1353 1175 1475 1229 quae
1514 1170 1702 1215 contra
1749 1159 2000 1216 Salvato-

436 1265 551 1305 rem
585 1249 887 1318 Christum,
921 1250 1014 1322 qui
1049 1262 1134 1307 est
1170 1252 1393 1307 dextera
1411 1251 1623 1319 'Patris,
1649 1252 1791 1308 facta
1816 1260 1964 1309 sunt.

506 1429 595 1484 12.
633 1430 772 1496 Quia
794 1447 990 1487 memor
1022 1447 1110 1486 ero
1139 1431 1203 1484 ab
1235 1431 1389 1485 initio
1414 1431 1738 1486 mirabilium
1765 1441 1994 1488 tuorum.

434 1517 701 1590 Cogitavi,
757 1522 952 1590 inquit,
1004 1529 1208 1590 quanta
1250 1522 1385 1590 ipsis
1422 1523 1563 1577 bona
1622 1524 1895 1593 tribuerit,
1944 1534 1999 1580 et

434 1609 614 1679 qualia
652 1609 894 1665 vicissim
944 1610 1227 1665 intulerint
1269 1613 1316 1666 ei
1359 1614 1521 1668 mala.

505 1698 591 1756 15.
628 1700 700 1755 Et
749 1702 1037 1757 meditabor
1080 1704 1136 1758 in
1179 1705 1418 1760 omnibus
1442 1707 1685 1775 operibus
1726 1707 1852 1761 tuis.
1879 1705 1992 1763 Etsi

2104 522 2299 593 ηνεκές
2328 520 2507 575 αὐτῶν
2531 522 2564 589 ἠ
2594 514 2910 586 ἀποστροφὴ
2934 514 3177 584 γένηται.
3219 513 3662 584 ’Υπεμιμνησκό-

2107 626 2213 681 μην
2242 609 2465 663 ἐκείνων
2492 606 2600 660 τῶν
2640 604 2881 659 παλαιῶν
2907 603 3146 676 ἡμερῶν.

2172 702 2333 770 Αὕτη
2378 702 2417 769 ἡ
2469 700 2796 765 ἀλλοίωσις
2827 697 2937 766 τῆς
2961 696 3163 764 δεξιᾶς
3205 697 3312 752 τοῦ
3347 697 3662 766 Ὑψίστου.

2102 793 2304 856 Κινῶν,
2336 792 2489 862 φησὶ,
2519 791 2645 854 τοὺς
2662 791 2789 862 περὶ
2813 790 2911 860 τῆς
2951 788 3221 860 ἀποϐολῆς
3247 789 3340 843 τοῦ
3369 790 3549 855 ἔθνους
3579 791 3667 844 λο-

2102 885 2351 955 γισμοὺς,
2387 883 2485 952 ὀψέ
2529 899 2657 935 ποτε
2700 871 2924 952 συνῆκα,
2951 882 3088 953 ὠςη
3139 882 3406 954 μεταϐολὴ
3451 884 3586 955 αὕτη
3628 886 3662 954 ἡ

2101 976 2161 1041 ἐξ
2189 976 2405 1044 ἀγαθῶν
2434 978 2512 1039 είς
2548 973 2695 1029 κακὰ
2747 975 3085 1046 γεγενημένη
3124 975 3201 1046 τῷ
3236 975 3377 1029 ἔθνει
3399 976 3465 1029 δι’
3511 977 3662 1037 οὐδὲν

2100 1062 2285 1140 ἕτερον
2311 1067 2598 1138 γεγένηται
2630 1065 2663 1136 ἢ
2688 1065 2776 1119 διὰ
2800 1065 2895 1137 τὴν
2923 1065 3015 1119 τοῦ
3055 1066 3307 1136 Ὑψίστου
3336 1067 3534 1132 δεξιάν.
3575 1069 3663 1133 Ὠς

2100 1162 2149 1214 εί
2181 1160 2507 1229 σαφέστερον
2538 1158 2742 1226 ἔλεγεν·
2768 1157 2864 1209 Διά
2886 1157 2953 1210 τὰ
2979 1158 3120 1212 κατά
3139 1158 3230 1211 τοῦ
3261 1159 3513 1230 Σωτῆρος
3530 1162 3664 1231 Χρι-

2103 1252 2226 1306 στοῦ
2265 1251 2648 1323 πεπραγμένα,
2691 1251 2750 1313 ὃς
2790 1250 2905 1302 ἐστι
2934 1249 3083 1314 δεξιὰ
3119 1250 3211 1305 τοῦ
3236 1251 3468 1323 Πατρός.

2170 1430 2298 1484 Ὅτι
2323 1433 2751 1499 μνησθησομαι
2795 1428 2914 1484 ἀπὸ
2943 1426 3050 1497 Ξῆς
3078 1429 3273 1499 ἀρχῆς
3300 1428 3420 1484 τῶν
3442 1433 3664 1499 θαυμα-

2097 1521 2249 1575 σίων
2277 1536 2413 1574 σου.
2466 1521 2770 1591 Ἐνενόησα,
2807 1522 2990 1591 φησὶν,
3049 1522 3148 1574 ὅσα
3175 1520 3336 1583 αὐτὸς
3361 1521 3540 1584 αὐτοῖς
3579 1524 3664 1576 ἐν·

2097 1610 2332 1678 εδείξατο
2357 1612 2554 1681 ἀγαθὰ,
2578 1609 2665 1666 οἷα
2692 1613 2750 1666 δέ
2771 1613 2918 1684 αὐτῷ
2939 1613 3324 1666 ἀνταπέδωκαν
3353 1614 3518 1666 κακά.

2165 1704 2272 1759 Καὶ
2289 1687 2604 1774 μελετήσω
2655 1705 2725 1758 ἐν
2749 1703 2901 1761 πᾶσι
2926 1704 3050 1771 τοῖς
3078 1703 3273 1773 ἔργοις
3310 1719 3448 1759 σου.
3478 1706 3540 1757 Et
3567 1705 3664 1758 καὶ

432 1789 577 1844 enim
606 1790 681 1845 illi
703 1791 777 1846 ita
807 1807 866 1847 se
891 1793 1178 1862 gesserint,
1235 1802 1290 1848 at
1318 1808 1419 1865 ego
1464 1768 1527 1849 ea
1579 1811 1700 1865 qua:
1744 1796 1812 1850 ab
1838 1796 1995 1852 initio

2095 1768 2509 1866 οὕτως-φησὶν,
2549 1795 2766 1859 ἐκεῖνοι,
2818 1794 2931 1848 ἀλλ’
2973 1768 3082 1863 ἐγὼ
3104 1768 3357 1866 -ἀπὸγτῆς
3383 1794 3559 1868 ἀρχῆς
3586 1787 3664 1847 ὧν

432 1879 591 1935 nobis
616 1881 896 1936 contulisti
923 1882 1185 1937 beneficia
1206 1884 1272 1938 ad
1292 1883 1451 1938 linem
1478 1900 1651 1955 usque
1675 1888 1990 1943 recenseho:

434 1969 488 2024 1d
515 1980 619 2033 est,
665 1973 878 2028 nullum
935 1988 1000 2029 ex
1054 1974 1210 2030 nobis
1268 1975 1482 2031 collatis
1513 1976 1676 2032 bonis
1733 1978 1994 2034 oblivioni

431 2060 664 2114 tradam.

504 2150 592 2205 14.
638 2152 795 2217 Deus,
827 2155 882 2207 in
929 2138 1112 2209 sancto
1148 2157 1233 2211 uia
1269 2167 1382 2213 tua.
1417 2157 1678 2216 Sanctum
1710 2170 1867 2217 vocat
1901 2175 1996 2219 aut

431 2243 827 2298 sanctificatum
875 2248 1247 2315 apostolorum
1301 2252 1555 2318 chorum,
1608 2254 1827 2323 quicum
1878 2264 1995 2309 stu-

430 2335 604 2403 penda
631 2335 717 2389 illa
754 2344 809 2391 et
836 2336 1019 2392 divina
1053 2338 1208 2410 signa
1239 2342 1464 2409 edebat;
1523 2352 1618 2398 aut
1656 2345 1784 2414 quia
1832 2362 1993 2403 nemo

429 2434 609 2495 potest
635 2427 819 2483 venire
843 2429 909 2483 ad
942 2429 1153 2485 Patrem
1180 2433 1283 2487 nisi
1322 2448 1419 2503 per
1451 2433 1753 2503 Christum,
1784 2438 1877 2508 qui
1908 2455 1988 2495 re-

425 2532 551 2571 vera
586 2529 813 2576 sanctus
843 2529 948 2588 est,
972 2531 1158 2591 utpote
1196 2523 1360 2580 Deus.
1404 2526 1536 2594 Quis
1587 2527 1729 2583 Deus
1771 2546 1991 2601 magnus

426 2608 564 2662 sicut
595 2607 729 2664 Deus
752 2622 928 2665 noster
953 2614 979 2667 Ρ
1016 2611 1282 2671 Omnibus
1311 2618 1615 2684 antecellis,
1649 2633 1683 2673 o
1715 2619 1946 2677 Domine
1974 2640 1987 2676 :

427 2701 577 2755 solus
609 2702 753 2756 enim
782 2719 904 2773 qua:
936 2705 1019 2760 vis
1048 2708 1320 2762 mirabilia
1348 2710 1615 2778 operaris.

497 2789 586 2843 16.
625 2790 914 2848 Redemisti
964 2796 1017 2848 in
1054 2795 1268 2852 brachio
1299 2808 1388 2852 tuo
1430 2801 1679 2870 populum
1729 2810 1899 2868 tuum,
1926 2804 1993 2874 ﬁ-

426 2878 525 2933 lios
557 2879 722 2934 Iacob
760 2893 809 2936 et
834 2883 1047 2954 Joseplt.
1082 2888 1221 2957 Ipsis
1259 2890 1402 2943 enim
1452 2892 1644 2961 primis
1675 2894 1993 2962 praedicavit

424 2968 778 3041 Evangelium
821 2976 976 3047 regni
1010 2979 1296 3036 caelorum.
1331 2980 1623 3037 Brachium
1662 2983 1898 3055 Domini,
1934 2989 1989 3044 id

421 3071 507 3119 cst
526 3062 801 3120 Christus.

507 3156 593 3210 17.
634 3155 886 3213 Viderunt
941 3170 989 3215 te
1035 3179 1205 3233 aqua,
1252 3164 1416 3231 Deus,
1471 3178 1522 3222 et
1572 3170 1879 3231 timuerunt.
1924 3173 1991 3229 Et

423 3249 771 3316 quondonatn
803 3266 959 3322 aqua:
990 3253 1235 3311 videntes
1265 3257 1588 3327 timuerunt,
1628 3264 1732 3318 nisi
1768 3266 1989 3334 quando

421 3354 574 3395 ntere
597 3342 894 3412 increpavit
922 3353 976 3399 et
1007 3347 1322 3403 obmutuit?

492 3430 581 3485 18.
625 3430 811 3488 Vocem
852 3435 1105 3490 dederunt
1136 3439 1311 3494 nubes.
1366 3441 1576 3497 Etenim
1628 3447 1836 3515 sagittae
1882 3458 1987 3503 tua:

422 3529 717 3577 transeunt.
753 3522 936 3581 Nubes
959 3527 1047 3582 hic
1092 3538 1248 3585 vocat
1278 3541 1501 3589 sanctos
1554 3538 1849 3606 apostolos,
1891 3541 1985 3609 qui

420 3617 698 3673 caelestem
735 3629 789 3675 et
818 3622 1190 3692 evangelicum
1229 3640 1536 3683 sermonem
1576 3629 1980 3687 administrant.

422 3708 661 3780 Sagittas
693 3720 874 3769 autem
910 3724 1069 3770 vocat
1120 3719 1468 3786 operationes
1503 3722 1676 3776 sancti
1721 3721 1981 3793 Spiritus.

417 3800 650 3859 Perinde
678 3803 846 3873 igitur
863 3815 948 3861 est
977 3808 1113 3879 ac_si
1142 3808 1346 3866 diceret
1379 3829 1393 3866 :
1427 3812 1784 3882 Operationes
1810 3816 1864 3869 in
1894 3816 1983 3871 di-

417 3893 643 3963 scipulis
672 3896 781 3952 tuis
817 3897 996 3966 editae,
1034 3915 1130 3969 per
1157 3910 1329 3956 totum
1371 3904 1560 3959 orbem
1597 3907 1795 3962 auditae
1833 3917 1980 3964 sunt.

417 3983 712 4042 Sciendum
745 3997 924 4045 autem
959 3992 1138 4061 ipsum
1159 3992 1440 4049 Christum
1468 3998 1717 4065 sagittam
1750 4000 1981 4055 electam

415 4078 557 4145 apud
620 4076 815 4134 Isaiam
876 4082 1197 4151 prophetam
1247 4097 1620 4157 nuncupatum
1683 4089 1854 4145 fuisse
1902 4091 1974 4147 ⁸⁷.

424 4165 538 4223 Vox
570 4171 792 4225 tonitrui
824 4173 903 4226 tui
954 4174 1009 4228 in
1055 4185 1194 4231 rota.
1253 4176 1481 4233 Tonitru
1525 4179 1659 4239 dicit
1702 4184 1977 4252 evangeli-

2095 1889 2174 1951 είς
2205 1890 2349 1959 ἡμᾶς
2374 1886 2528 1960 ἧρξω.
2544 1885 2890 1958 εὐεργεσιῶν,
2920 1886 3082 1959 μέχρι
3106 1887 3291 1950 τέλους
3318 1886 3661 1960 διεξέλθοιμι·

2092 1979 2384 2043 τουτέστιν,
2400 1959 2556 2032 οὐδὲν
2578 1978 2685 2032 τῶν
2710 1980 2767 2031 ἐν
2780 1981 2914 2049 ἡμῖν
2935 1959 3324 2052 γεγενημένων.
3335 1979 3514 2034 καλῶν
3523 1979 3664 2053 λήθῃ

2096 2070 2345 2142 παραδῶ.
3309 2098 3315 2102 -

2174 2162 2227 2214 Ὀ
2253 2161 2415 2228 Θεὸς,
2454 2163 2524 2217 ἐν
2548 2162 2626 2228 τῷ
2669 2162 2815 2231 ἁγίῳ
2839 2163 2877 2231 ἡ
2929 2162 3068 2229 ὁδός
3095 2178 3233 2218 σου.
3270 2162 3459 2232 Ἀγιόν
3497 2179 3663 2234 φησιν

2094 2251 2126 2323 ἢ
2156 2253 2246 2306 τὸν
2293 2253 2625 2323 ἡγιασμένον
2655 2254 2760 2306 τῶν
2789 2253 3098 2307 ἀποστόλων
3139 2253 3317 2325 χορὸν,
3370 2253 3487 2325 μεθ’
3509 2254 3567 2307 ὃν
3592 2249 3663 2325 ἦν

2094 2344 2355 2399 ἐπιτελῶν
2408 2344 2504 2409 τὰς
2554 2345 2883 2417 παραδόξους
2927 2344 3270 2416 θεοσημείας·
3301 2346 3334 2416 ἢ
3364 2347 3445 2399 ὅτι
3487 2346 3664 2410 οὐδεὶς

2092 2436 2309 2490 δύναται
2334 2426 2504 2497 ἐλθεῖν
2541 2437 2676 2508 πρὸς
2705 2437 2796 2490 τὸν
2819 2437 3033 2508 Πατέρα
3060 2439 3108 2489 εί
3161 2437 3235 2509 μὴ
3279 2437 3366 2491 διὰ
3393 2436 3658 2508 Χριστοῦ,

2092 2529 2150 2592 ὃς
2186 2530 2301 2582 ἐστι
2329 2529 2468 2584 κατά
2495 2528 2750 2600 ἀλήθειαν
2783 2528 2935 2598 ἅγιος
2954 2528 3029 2592 ὡς
3056 2528 3206 2593 Θεός.
3262 2528 3362 2596 Τίς
3395 2529 3538 2595 Θεὸς
3557 2528 3656 2600 μέ-

2092 2634 2202 2688 γας
2229 2620 2307 2685 ὠς
2331 2622 2363 2673 ό
2398 2620 2541 2686 Θεὸς
2566 2619 2732 2689 ἡμῶν
2749 2636 2767 2684 ;
2799 2619 3022 2673 Πάντων
3051 2618 3356 2691 ὑπερέχεις,
3390 2619 3634 2675 Δέσποτα

2095 2712 2252 2783 μόνος
2283 2712 2390 2783 γὰρ
2418 2712 2560 2783 ἅπερ
2588 2711 2759 2775 θέλεις
2791 2711 3269 2780 θαυματουργεῒς.

2177 2803 2522 2873 Ἐλυτρώσω
2541 2804 2610 2857 ἐν
2642 2803 2721 2877 τῷ
2754 2804 3039 2874 ,ϐραχίονι
3066 2820 3181 2858 σου
3211 2805 3311 2856 τὸν
3336 2804 3488 2857 λαόν
3514 2817 3659 2869 σου,

2091 2892 2232 2959 τοὺς
2274 2893 2439 2959 υἱοὺς
2492 2892 2700 2948 Ἰακὼϐ
2727 2892 2823 2945 καὶ
2870 2890 3112 2960 Ἰωσήφ.
3151 2891 3341 2952 Αὐτοῖς
3369 2889 3477 2960 γὰρ
3508 2887 3662 2960 πρώ-

2089 3000 2204 3045 τοις
2228 2981 2460 3053 ἐκήρυξε
2486 2982 2546 3035 τὸ
2571 2980 2901 3050 Εὐαγγέλιον
2925 2980 3024 3050 τῆς
3059 2978 3333 3050 βασιλείας
3354 2978 3463 3033 τῶν
3487 2978 3658 3050 οὐρα-

2014 3096 2059 3155 C
2091 3075 2218 3130 νῶν.
2282 3075 2340 3128 '0
2373 3073 2609 3145 βραχίων
2639 3072 2863 3145 Κυρίου,
2892 3071 3165 3125 τουτέστιν
3197 3073 3225 3124 ὁ
3255 3070 3506 3143 Χριστός.

2157 3164 2422 3221 Εῖδοσάν
2463 3180 2537 3218 σε
2589 3163 2796 3225 ὕδατα,
2837 3166 2869 3216 ό
2899 3161 3061 3227 Θεὸς,
3111 3160 3207 3214 καὶ
3248 3159 3655 3229 ἐφοϐήθησαν.

2088 3256 2199 3309 Καὶ
2232 3255 2363 3309 πότε
2391 3253 2551 3308 αὑτὸν
2582 3254 2762 3307 ἰδόντα
2797 3252 3035 3324 ἐφοϐήθη
3066 3252 3133 3305 τὰ
3162 3251 3347 3317 ὕδατα,
3385 3250 3532 3322 ῆότε
3558 3252 3657 3303 ἐπ-

2088 3346 2314 3415 ετίμησε
2345 3347 2409 3415 τῇ
2446 3343 2686 3414 θαλάσσῃ
2711 3343 2804 3396 καὶ
2827 3343 3143 3413 πεφίμωτο;

2157 3433 2371 3503 Φωνὴν
2423 3434 2654 3490 ἔδωκαν
2682 3437 2740 3487 αί
2778 3433 3043 3506 νεφέλαι.
3099 3431 3210 3485 Καὶ
3259 3433 3369 3502 γὰρ
3391 3432 3462 3486 τὰ
3493 3431 3653 3501 ,ϐέλη

2087 3542 2202 3581 σου
2228 3525 2698 3595 διαπορεύονται.
2719 3523 2963 3594 Νεφέλας
2990 3525 3046 3576 ἐν
3080 3522 3288 3587 τούτοις
3318 3523 3441 3587 τοὺς
3468 3522 3656 3592 ἁγίους

2084 3618 2409 3681 ἀποστόλους
2465 3616 2599 3688 φησὶ
2624 3616 2751 3679 τοὺς
2791 3616 2880 3670 τὸν
2908 3617 3155 3686 οὐράνιον
3186 3616 3278 3668 καὶ
3304 3615 3656 3684 εὐαγγελικὸν

2083 3708 2459 3771 διακονοῦντας
2489 3707 2664 3777 λόγον·
2690 3706 2816 3779 βέλη
2847 3707 2903 3760 δέ
2930 3706 3028 3770 τὰς
3060 3707 3335 3778 ἐνεργείας
3368 3706 3462 3760 τοῦ
3496 3707 3652 3777 ἁγίου

2083 3800 2416 3871 Πνεύματος.
2446 3801 2667 3871 Ὅμοιον
2686 3795 2777 3853 οὖν
2803 3798 2935 3852 ὡσεὶ
2962 3798 3188 3867 λέγοιεν·
3212 3800 3276 3852 Αἱ
3301 3799 3569 3871 ἐνέργειαι
3593 3802 3653 3853 αἱ

2082 3894 2163 3956 είς
2209 3893 2334 3956 τοὺς
2375 3891 2563 3961 ἁγίους
2610 3907 2703 3944 σου
2741 3889 2986 3961 μαθητὰς
3035 3890 3342 3957 ἐξάκουστοι
3392 3892 3539 3963 πάσῃ
3582 3894 3651 3963 τῇ

2081 3983 2371 4057 οἰκουμένῃ
2400 3983 2705 4052 γεγόνασιν.
2749 3982 2943 4036 ’ἰστέον
2987 3981 3065 4044 δὲ,
3096 3982 3170 4046 ὡς
3191 3983 3284 4035 καὶ
3310 3982 3471 4045 αὐτὸς
3500 3983 3653 4052 βέλος

2082 4071 2334 4125 ἐκλεκτὸν
2364 4070 2512 4142 παρά
2530 4070 2606 4141 τῷ
2636 4071 2888 4142 προφήτῃ
2913 4070 3108 4142 Ἡσαΐᾳ
3128 4071 3451 4141 ὠνόμασται.
3476 4072 3651 4142 Φωνὴ

2078 4162 2191 4232 τῆς
2220 4160 2487 4230 ,βροντῆς
2519 4178 2636 4214 σου
2659 4162 2729 4214 ἐν
2760 4159 2839 4225 τῷ
2863 4160 3071 4230 τροχῷ.
3105 4162 3339 4234 Βροντὴν
3370 4162 3461 4216 τὸν
3487 4164 3655 4232 εὐαγ-

412 4274 541 4312 cum
568 4276 898 4327 sermonem,
923 4265 1017 4334 qui
1062 4282 1156 4335 per
1195 4277 1367 4323 totum
1402 4272 1591 4327 orbem
1630 4274 1981 4331 vehementer

2091 4254 2289 4324 γελικὸν
2321 4253 2476 4322 λόγον
2520 4254 2684 4323 φησὶ,
2739 4252 2830 4305 τὸν
2868 4257 3364 4323 κατακτυπήσαντα
3416 4253 3517 4325 τὴν
3554 4255 3650 4307 ὑπ’

413 4348 677 4404 insonuit.
712 4351 1085 4417 Quamobrem
1106 4360 1515 4430 evangelistam,
1543 4362 1716 4417 ﬁlium
1752 4366 1976 4421 tonitrui

2091 4346 2321 4417 )bpavdv.
2364 4345 2454 4398 Διὸ
2500 4346 2595 4397 καὶ
2635 4344 2726 4397 τὸν
2768 4344 3153 4416 εὐαγγελιστὴν
3194 4346 3306 4399 υἱὸν
3342 4346 3650 4401 ἀπεκάλεσε

411 4441 704 4510 appellavit
735 4444 802 4498 ⁸⁸.
855 4444 1050 4501 Botam
1091 4427 1272 4504 autem
1308 4453 1439 4508 dicit
1468 4455 1753 4512 hominum
1784 4459 1974 4527 vitam,

2091 4438 2330 4510 βροντῆς.
2375 4436 2580 4508 Τροχὸν
2613 4435 2668 4488 δὲ
2700 4434 2806 4487 τῶν
2851 4434 3150 4505 ἀνθρώπων
3182 4436 3273 4491 τὸν
3316 4436 3427 4507 βίον
3456 4438 3646 4509 φησίν

412 4539 472 4587 ut
498 4546 564 4587 ex
591 4531 871 4593 Ezechiele
920 4538 1164 4596 ediscere
1201 4551 1285 4597 est
1325 4544 1392 4599 ⁸³.
1427 4543 1657 4604 Perinde
1686 4548 1868 4619 itaque
1892 4560 1976 4607 est

2091 4531 2155 4595 ὡς
2196 4531 2288 4585 καὶ
2321 4531 2385 4583 ἐκ
2430 4529 2522 4582 τοῦ
2564 4527 2822 4600 ’ίεζεκιὴλ
2855 4528 2970 4582 ἔστι
3019 4531 3227 4600 μαθεῖν.
3282 4532 3500 4602 ’Ὅμοιον
3551 4530 3651 4586 οὖν

411 4637 475 4679 ac
511 4624 556 4678 si
592 4624 836 4682 diceret:
876 4628 1069 4686 Sermo
1106 4641 1237 4692 tuus,
1283 4638 1628 4707 evangelicus
1662 4642 1758 4699 toti
1790 4643 1970 4698 homi-

412 4730 542 4770 num
571 4720 758 4788 generi
785 4722 1019 4779 traditus
1042 4733 1145 4781 est.
1178 4726 1479 4783 “luxerunt
1500 4732 1716 4803 fulgura
1738 4744 1830 4789 tua
1854 4740 1977 4791 orbi

408 4818 585 4864 teme.
616 4808 941 4882 Ecquenam
977 4814 1192 4887 fulgura
1221 4819 1443 4886 fuerint,
1470 4824 1577 4879 nisi
1602 4840 1664 4879 ea
1694 4841 1816 4895 qua:
1858 4828 1964 4897 spi-

406 4900 591 4955 rituali
626 4918 727 4957 nos
775 4904 981 4961 lumine
1030 4908 1330 4977 illustrant,
1370 4914 1544 4969 sancti
1594 4915 1802 4971 scilicet
1849 4933 1969 4985 apo-

403 4993 530 5049 stoli
565 5006 619 5051 et
667 4999 1056 5069 evangelista?
1113 5003 1315 5072 quibus
1369 5004 1620 5062 Salvator
1650 5008 1823 5065 dixit:
1868 5010 1975 5072 Vos,

405 5092 531 5146 estis
569 5092 665 5146 tua:
708 5095 891 5149 mundi
918 5097 984 5149 ’°.
1017 5096 1291 5152 Commota
1324 5110 1400 5153 est
1435 5110 1486 5155 et
1530 5106 1845 5160 contremuit
1874 5117 1950 5160 ter

406 5198 489 5237 ra.
521 5181 688 5250 Quasi
718 5186 882 5253 dicat,
913 5188 1112 5243 Audita
1146 5200 1229 5245 est
1249 5192 1318 5246 ab
1346 5194 1602 5251 omnibus
1650 5195 1833 5250 orbem
1878 5199 1962 5252 in-

405 5274 710 5333 colentibus
748 5279 1006 5335 salutaris
1049 5282 1363 5350 praedicatio
1392 5324 1408 5349 ,
1447 5299 1545 5355 per
1579 5301 1740 5356 quam
1780 5298 1965 5343 castus

408 5364 574 5422 timor
609 5383 804 5428 omnes
840 5374 1148 5443 occupavit,
1196 5374 1350 5446 juxta
1402 5378 1532 5434 illud
1563 5398 1577 5434 :
1612 5379 1812 5434 Servite
1857 5381 1964 5433 Da-

408 5458 548 5513 mino
573 5461 625 5515 in
647 5464 851 5531 timore,
879 5474 930 5520 et
950 5467 1211 5525 exsultate
1231 5469 1279 5522 ei
1309 5485 1427 5531 cum
1459 5480 1691 5525 tremore.
1719 5472 1789 5533 ".7

2078 4624 2209 4677 ὡσεὶ
2242 4622 2407 4691 λέγοι·
2446 4623 2502 4675 '0
2538 4622 2693 4690 λόγος
2728 4638 2821 4675 σου
2853 4624 2881 4674 ὁ
2909 4623 3261 4691 εὐαγγελικὸς
3282 4625 3444 4678 παντὶ
3472 4625 3665 4681 διαδέ-.

2074 4715 2222 4770 δοται
2245 4714 2564 4787 ἀνθρωπίνῳ
2591 4713 2755 4782 γένει.
2799 4715 3071 4783 Ἐφαναν
3100 4718 3158 4771 αἱ
3202 4716 3497 4784 ἀστραπαί
3525 4735 3647 4772 σου

2074 4807 2149 4876 τῇ
2171 4806 2506 4876 οἰκουμένῃ.
2542 4808 2651 4860 Καὶ
2689 4809 2831 4870 τίνες
2875 4806 2940 4861 ἂν
2968 4802 3075 4859 εἷεν
3111 4809 3167 4860 αἱ
3194 4806 3468 4878 ἀστραπαὶ
3517 4808 3550 4879 ἢ
3584 4810 3645 4861 αἱ

2070 4899 2137 4967 τὸ,
2178 4898 2364 4969 νοητὸν
2401 4901 2531 4970 ἡμῖν
2557 4898 2962 4970 ἀστράπτουσαι
2992 4898 3127 4968 φῶς,
3160 4900 3209 4952 οἱ
3232 4899 3374 4968 ἆγιοι
3404 4899 3657 4955 ἀπόστο-.

2072 4990 2153 5043 λοι
2206 4990 2300 5055 καὶ
2328 4988 2712 5057 εὐαγγελισταί
2740 5005 2755 5053 ;
2800 4983 2882 5051 οἷς
2916 4987 3098 5055 ἔλεγεν
3125 4989 3152 5040 ό
3188 4989 3400 5061 Σωτήρ·
3453 4989 3649 5067 Ὑμεῖς.

2071 5079 2211 5134 ἐστε
2244 5078 2310 5131 τὸ
2344 5076 2468 5147 φῶς
2500 5078 2606 5132 τοῦ
2655 5078 2901 5146 κόσμου.
2959 5078 3282 5147 Ἐσαλεύθη
3312 5079 3408 5133 καὶ
3438 5078 3660 5148 ἓντρο-.

2071 5189 2179 5242 μος
2204 5155 2455 5240 ἐγενήθη
2481 5171 2519 5239 ἠ
2550 5170 2646 5241 γῆ.
2665 5170 2809 5223 Ἀντὶ
2846 5169 2961 5234 τοῦ,
3012 5170 3361 5234 Ἐξάκουστον
3393 5172 3505 5234 τοῖς
3532 5170 3655 5239 ἀνὰ,

2073 5245 2245 5317 πᾶσαν
2272 5263 2371 5334 τὴν
2400 5267 2502 5334 γῆν
2533 5262 2723 5330 γέγονε
2794 5261 2855 5314 τὸ
2880 5264 3140 5334 σωτήριον
3176 5265 3452 5335 κήρυγμα,
3486 5265 3551 5320 δι’
3572 5258 3637 5318 οὗ

2067 5354 2162 5406 καὶ
2185 5353 2346 5422 φόϐος
2374 5353 2533 5423 ἁγνὸς
2553 5352 2758 5414 πάντας
2787 5351 2965 5419 ἔλασε,
2994 5355 3131 5408 κατά
3150 5355 3230 5408 τό·
3258 5360 3639 5412 Δουλεῡσατε

2070 5440 2148 5507 τῷ
2200 5443 2393 5510 Κυρίῳ
2446 5442 2515 5516 ἐν
2548 5443 2746 5512 φόϐῳ,
2803 5443 2900 5495 καὶ
2946 5443 3316 5513 ἀγαλλιᾶσθε
3357 5446 3519 5514 αὐτῷ
3565 5448 3638 5517 ἐν

2074 5535 2285 5603 τρόμῳ.

479 5702 526 5735 ⁸³
556 5700 660 5760 lsa.
695 5722 836 5773 xux,
866 5709 918 5764 2.
1015 5709 1060 5744 "
1086 5709 1250 5767 Marc.
1277 5726 1360 5777 tn,
1389 5712 1473 5768 17.
1553 5715 1595 5747 ⁸⁸
1625 5711 1821 5769 Ezech.
1858 5730 1892 5779 I,
1913 5712 2002 5769 “20.

2091 5713 2124 5744 '°
2159 5710 2349 5768 Matth.
2382 5729 2436 5779 ν,
2470 5713 2553 5770 ﬂ.
2594 5716 2635 5749 "
2666 5713 2807 5771 Psal.
2845 5730 2902 5779 ll,
2944 5712 3025 5769 H.
