3976 6220
356 314 459 372 349

1392 306 1755 366 EXPOSITIO
1792 307 1860 364 lN
1895 306 2226 368 PSALMUM
2264 309 2520 367 LXXVII.

3469 314 3577 371 350

434 425 540 483 Ἔν
567 425 645 496 τῇ
672 425 952 494 θαλάσσῃ
978 424 1117 491 ὁδός
1130 437 1266 490 σου,
1287 422 1386 479 καὶ
1415 425 1476 479 αἰ
1504 424 1685 491 τριϐοι
1711 440 1829 478 σου
1850 424 1905 478 έν

2090 423 2180 480 20.
2212 422 2279 478 In
2301 426 2437 479 mari
2476 426 2560 478 uia
2611 432 2704 478 tua
2740 431 2792 477 et
2818 425 3020 479 semitc
3042 432 3147 479 tua
3167 424 3220 479 in
3248 425 3399 496 aquis
3432 426 3573 480 mul-

355 518 533 573 ὕδασι
572 514 847 582 πολλοῖς.
890 514 1176 569 Θάλασσαν
1204 512 1302 584 μὲν
1344 512 1437 567 τὸν
1490 512 1713 584 κόσμον,
1753 512 1920 567 ὕδατα

354 614 409 666 δέ
443 610 612 664 πολλὰ
643 608 713 662 τά
738 611 795 662 ἐν
822 605 972 677 αύτῷ
1020 607 1251 676 διάφορα
1281 603 1388 658 τῶν
1416 602 1714 675 ἀνθρώπων
1764 604 1915 675 γένη.

366 699 582 769 Ἐπειδὴ
609 698 666 751 δέ
692 700 722 751 6
749 697 979 768 Χριστὸς
1029 694 1327 748 ἐνετείλατο
1356 693 1527 761 λέγων
1549 696 1659 757 τοῖς
1689 694 1918 747 ἀποστό-

353 790 481 855 λοιςο
515 785 927 857 Πορευθέντες,
957 785 1371 855 μαθητεύσατε
1420 784 1616 838 πάντα
1644 784 1715 839 τὰ
1745 784 1913 853 ἔθνη.

354 882 466 944 καὶ,
531 879 687 935 Ἰδοὺ
713 880 841 948 μεθ’
889 878 1054 947 ὑμῶν
1110 879 1226 947 ειμι
1267 875 1467 943 πάσας
1514 876 1621 942 τὰς
1672 875 1913 946 ήμέρασ

353 972 633 1043 διέδραμον
656 970 711 1023 δὲ
739 969 836 1038 τὴν
861 968 950 1021 ὑπ’
973 966 1325 1039 ούρανὸν,καὶ
1345 964 1613 1037 ἐκήρυξαν
1635 967 1713 1029 εἰς
1742 966 1917 1020 πάντα

352 1060 415 1120 τὰ
441 1059 589 1129 ἔθνη,
637 1057 885 1119 συνόντος
913 1056 1093 1119 αὐτοῖς
1125 1055 1368 1127 ἀοράτως
1401 1054 1640 1125 δηλονότι
1667 1055 1759 1108 τοῦ
1806 1057 1914 1107 Κυ-

355 1147 488 1217 ρίου,
524 1145 668 1199 κατὰ
724 1144 824 1208 τὰς
868 1144 1114 1213 ἀψευδεῖς
1150 1142 1312 1196 αὑτοῦ
1348 1141 1695 1211 ἐπαγγελίας·
1725 1142 1911 1197 τούτου

352 1237 504 1308 χάριν
526 1237 787 1307 ἐπήγαγεο
806 1235 914 1289 Kal
939 1235 1010 1287 τὰ
1044 1234 1183 1303 ἴχνη
1206 1250 1321 1287 σου
1349 1236 1419 1287 οὺ
1441 1233 1909 1302 γνωσθήσονται,

349 1329 432 1382 διὰ
461 1329 525 1382 τὸ
552 1329 782 1399 ἀόρατον
814 1330 911 1398 τῆς
947 1327 1062 1397 μετ’
1108 1326 1286 1379 αὐτῶν
1312 1325 1533 1397 πορείας
1555 1325 1649 1378 τοῦ
1686 1326 1909 1397 Κυρίου.

349 1421 492 1490 Πλὴν
518 1419 614 1474 καὶ
668 1419 825 1489 μόνος
871 1418 1032 1482 αὐτὸς
1067 1418 1142 1482 ὡς
1173 1417 1303 1482 Θεὸς
1353 1419 1644 1489 ἐποιήσατο
1692 1419 1784 1471 ἐπὶ
1814 1420 1912 1490 τῆς

349 1511 604 1582 αἰσθητῆς
656 1510 925 1581 Θαλάσσης
954 1509 1053 1581 τὴν
1091 1509 1332 1580 πορείαν,
1380 1507 1454 1573 ὥς
1490 1526 1652 1581 φησιν
1690 1511 1719 1563 6
1745 1509 1910 1579 εὐαγ-

346 1603 616 1674 γελιστής.

424 1694 761 1764 Ὠδήτησας
785 1694 865 1761 ὡς
898 1693 1160 1762 πρόϐατα
1189 1692 1295 1746 τὸν
1316 1694 1469 1748 λαόν
1491 1705 1627 1746 σου.
1663 1691 1775 1746 Καὶ
1803 1691 1910 1745 ὥσ-

345 1804 447 1858 περ
485 1787 737 1857 πρόϐατα
780 1787 881 1839 οὐκ
914 1784 1093 1839 εἰδότα
1132 1785 1253 1838 ὅποι
1289 1801 1348 1838 τε
1404 1784 1590 1838 ἄπεισι
1638 1786 1730 1838 καὶ
1785 1786 1907 1839 ὅποι

344 1877 665 1949 πορεύεται,
726 1877 897 1939 οὕτως
946 1878 1094 1946 ἡμᾶς
1138 1876 1297 1940 αὐτὸς
1341 1876 1547 1947 διῆγες,
1611 1878 1908 1950 ὑπηρέταις

342 1969 475 2041 πρὸς
501 1968 660 2022 τοῦτο
682 1971 794 2034 τοῖς
814 1967 940 2039 περί
953 1968 1042 2020 τὸν
1075 1967 1309 2021 Μωῦσέα
1343 1968 1438 2022 καὶ
1465 1969 1672 2039 Ἀαρὼν
1711 1985 1908 2040 κεχρη-

344 2061 518 2132 μένος.
551 2059 738 2114 Πάντα
790 2059 970 2130 μέντοι
1008 2058 1116 2113 ἀπὸ
1143 2058 1257 2111 τοῦ·
1300 2060 1634 2129 Ἑμνήσθην
1666 2061 1784 2115 τῶν
1816 2062 1909 2130 ἕρ-

339 2165 457 2219 τιυν
511 2149 756 2217 Κυρίου,
821 2148 1068 2202 ἀπέδωκε
1108 2148 1243 2220 πρὸς
1287 2149 1371 2202 τό·
1428 2149 1772 2219 Ἐμνήσθην
1800 2151 1907 2206 τοῦ

341 2238 506 2303 Θεοῦ,
525 2240 625 2294 καὶ
649 2238 1229 2309 εὐφράνθηνπούτων
1245 2240 1373 2311 γάρ,
1397 2244 1580 2312 φησὶν,
1607 2243 1910 2313 ὑπομιμνη-

343 2333 626 2402 σκόμενος,
666 2331 1087 2401 παρεκαλούμην
1107 2331 1203 2402 τὴν
1230 2332 1465 2386 διάνοιαν
1494 2334 1587 2386 καὶ
1620 2334 1905 2403 εὐφραινό-

342 2438 464 2493 μην.
501 2420 728 2474 Ἐννοῶν
780 2420 887 2493 γάρ
926 2420 1026 2472 ὅσα
1065 2436 1126 2472 τε
1164 2421 1257 2473 καὶ
1289 2415 1377 2474 οἷα
1417 2423 1549 2492 ἡμῖν
1583 2422 1791 2493 ὑπῆρξε
1835 2424 1902 2493 τῇ

339 2513 405 2582 σῇ
439 2510 681 2582 βοηθείᾳ,
713 2511 1028 2581 ἐπειθόμην,
1057 2510 1131 2575 ὼς
1156 2510 1255 2564 οὐκ
1275 2511 1339 2566 ἄν
1371 2529 1499 2566 ποτε
1528 2514 1764 2567 τοσαῦτα
1804 2531 1905 2565 πε-

338 2601 578 2672 ποιηκὼς
624 2601 717 2653 ἐπὶ
742 2604 806 2671 τῇ
838 2601 1078 2671 ἡμετέρᾳ
1107 2600 1350 2671 σωτηρίᾳ
1384 2603 1479 2656 καὶ
1515 2605 1581 2674 τῇ
1610 2602 1718 2657 τῶν
1774 2620 1905 2657 κατ-

337 2692 562 2763 εχόντων
588 2692 706 2744 τότε
734 2690 1140 2762 ἀπαλλαγῇ,νῦν
1165 2693 1416 2763 ἀνάσχοιο
1440 2693 1615 2763 πάντη
1638 2694 1905 2765 ὑπεριδεῖν

335 2788 478 2856 ἡμᾶς
507 2788 566 2838 ἐν
610 2784 824 2855 δουλείᾳ
855 2802 913 2837 τε
938 2785 1096 2847 ὄντας
1125 2786 1218 2838 καὶ
1262 2787 1608 2857 αἰχμαλωσίᾳ
1650 2789 1744 2840 καὶ
1771 2805 1906 2859 συμ-

336 2879 491 2949 φορᾷ.
532 2879 636 2930 Ἐν
675 2875 826 2946 χειρὶ
849 2875 1073 2945 Mummii
1100 2877 1198 2930 καί
1235 2876 1473 2945 Ἀαρών.
1505 2879 1576 2930 Σὺ
1606 2878 1786 2943 αὐτὸς,
1810 2897 1906 2951 φη-

339 2969 434 3027 σὶν,
461 2962 506 3020 ὦ
534 2968 797 3029 Δέσποτα,
820 2969 849 3020 6
876 2968 1012 3039 μετὰ
1041 2969 1148 3022 τῶν
1177 2968 1344 3037 ἁγίων
1372 2969 1680 3022 ἀποστόλων
1708 2969 1899 3035 συνὼν,

2018 517 2110 571 tis.
2144 515 2292 572 Mare
2316 527 2476 573 vocat
2504 518 2789 583 mundum,
2828 533 3000 590 aquas
3025 525 3203 572 autem
3236 518 3454 581 multas,
3492 519 3546 572 di

2015 623 2168 662 versa
2225 608 2278 662 in
2327 623 2393 664 eo
2444 609 2722 664 hominum
2775 625 2996 681 genera.
3058 608 3327 676 Quoniam
3393 620 3571 664 autem

2014 696 2267 754 Christus
2296 701 2549 770 praecepit
2582 701 2842 770 apostolis
2885 699 3076 755 dicens
3101 700 3185 753 νε
3235 697 3433 753 Euntes
3475 699 3575 753 do-

2015 796 2122 842 cete
2153 804 2329 843 omnes
2356 799 2564 860 gentes;
2587 799 2661 857 et,
2698 790 2834 846 Ecce
2869 790 3135 845 vobiscum
3176 805 3293 844 sum
3334 789 3572 843 omnibus

2014 879 2228 944 diebus;
2261 881 2364 951 ipsi
2410 897 2537 937 vero
2584 891 2754 937 totum
2811 881 3001 935 orbem
3057 890 3470 951 percurrerunt.
3517 890 3574 933 et

2014 970 2442 1039 praedicaverunt
2487 972 2740 1026 omnibus
2775 972 3027 1042 gentibus
3049 1011 3067 1037 ,
3117 970 3345 1024 Domino
3374 970 3569 1025 invisi-

2012 1061 2214 1126 biliter,
2253 1064 2551 1117 secundum
2573 1078 2795 1118 veraces
2830 1078 2959 1118 suas
2987 1062 3398 1132 promissiones,
3433 1061 3570 1131 ipsis

2012 1152 2336 1216 assistente;
2365 1151 2487 1205 ideo
2516 1152 2696 1205 intulit
2722 1167 2734 1201 :
2768 1149 2837 1203 Et
2869 1150 3083 1220 vestigia
3122 1160 3210 1202 tua
3240 1165 3341 1202 non
3372 1165 3565 1219 cogno-

2011 1249 2241 1307 scentur,
2294 1241 2363 1295 ob
2416 1241 2741 1296 invisibilem
2799 1239 3014 1294 Domini
3053 1254 3397 1308 progressum
3439 1253 3565 1293 cum

2010 1333 2109 1386 eis.
2131 1329 2395 1385 Caeterum
2434 1331 2549 1400 ipse
2598 1333 2772 1398 solus,
2821 1339 3009 1401 utpote
3041 1329 3205 1395 Deus,
3257 1330 3402 1386 viam
3434 1329 3565 1387 fecit

2010 1422 2064 1477 in
2095 1423 2234 1478 mari
2260 1421 2527 1490 sensibili,
2563 1431 2623 1476 ut
2644 1422 2718 1477 ait
2754 1421 3107 1493 evangelista.

2007 1698 2042 1759 Et
2078 1698 2168 1753 21.
2200 1696 2483 1752 Deduxisti
2511 1698 2646 1751 sicut
2678 1714 2792 1752 oves
2812 1697 3062 1767 populum
3097 1706 3263 1751 tuum.
3292 1698 3574 1764 Quemad—.

2009 1790 2228 1845 modum
2251 1805 2379 1844 oves
2410 1804 2529 1858 qua:
2559 1789 2810 1843 nesciunt
2839 1804 2947 1858 quo
2999 1789 3200 1844 vadant
3217 1799 3270 1843 et
3302 1789 3391 1843 ubi
3415 1790 3563 1843 ince-

2007 1880 2157 1944 dant,
2196 1880 2278 1935 sic
2336 1894 2436 1933 nos
2484 1879 2599 1949 ipse
2632 1879 2929 1945 deduxisti,
2966 1880 3300 1934 administris
3335 1880 3402 1934 ad
3446 1881 3562 1936 haec

2009 1986 2146 2025 usus
2167 1968 2350 2041 Moyse
2372 1979 2428 2024 et
2453 1971 2686 2025 Aarone.
2714 1968 2906 2024 Omnia
2934 1970 3114 2039 itaque
3141 1971 3209 2023 ab
3232 1971 3315 2024 his
3346 1970 3559 2026 verbis:

2006 2061 2210 2116 Memor
2233 2062 2312 2128 fui
2338 2078 2553 2131 operum
2581 2060 2815 2127 Domini,
2858 2059 3023 2114 refert
3055 2060 3121 2114 ad
3153 2061 3318 2114 illud:
3358 2059 3580 2114 Memor.

2006 2149 2084 2219 [ui
2109 2147 2225 2211 Dei,
2253 2158 2303 2202 et
2338 2149 2624 2202 delectatus
2651 2164 2790 2201 sum.
2822 2147 3048 2213 ﬂorum,
3088 2149 3284 2219 inquit,
3310 2152 3579 2209 recordas

2007 2248 2113 2303 tus,
2148 2239 2450 2294 consolatio
2488 2239 2622 2293 mihi
2649 2248 2704 2292 et
2740 2240 2926 2294 latitia
2958 2239 3078 2294 fuit.
3105 2238 3241 2293 Cum
3273 2242 3417 2294 enim
3450 2256 3565 2295 me-

2004 2345 2128 2385 cum
2157 2338 2466 2399 reputarem
2513 2337 2716 2397 quanta
2775 2338 2829 2382 et
2881 2330 3062 2397 qualia
3098 2331 3256 2385 nobis
3282 2346 3378 2400 per
3407 2331 3563 2385 anxi-

2004 2422 2138 2476 lium
2195 2431 2348 2475 tuum
2394 2419 2733 2484 obveneriut,
2775 2420 3111 2474 conlidebam
3149 2437 3426 2490 nunquam
3474 2420 3562 2475 t'u-

2005 2522 2185 2566 turum
2222 2526 2364 2578 esse,
2391 2519 2452 2566 ut
2498 2520 2785 2580 postquam
2829 2525 2928 2580 pro
2955 2520 3141 2566 nostra
3172 2512 3347 2566 salute
3374 2520 3429 2567 et
3459 2527 3561 2582 pro

2004 2602 2321 2658 liberatione
2354 2616 2539 2656 eorum
2574 2601 2668 2670 qui
2699 2601 2828 2656 olim
2875 2601 3257 2657 detinebantur
3299 2611 3447 2657 tanta
3475 2602 3559 2657 ef-

2003 2693 2199 2757 fecisti,
2245 2707 2391 2748 nunc
2441 2691 2586 2747 feras
2614 2701 2671 2746 ut
2719 2692 2989 2761 despicias
3039 2708 3141 2748 nos
3186 2694 3238 2747 in
3275 2694 3557 2759 servitute,

2003 2784 2315 2853 captivitate
2367 2791 2422 2838 et
2476 2783 2784 2838 calamitate
2844 2784 3227 2840 consistentes.
3280 2784 3347 2837 In
3397 2800 3558 2837 manu

2005 2875 2177 2945 Moysi
2201 2884 2251 2930 et
2277 2877 2480 2931 Aaron.
2518 2874 2601 2929 Tu
2630 2875 2764 2945 ipse,
2797 2875 2994 2945 inquit,
3029 2874 3278 2941 Domine,
3314 2876 3405 2946 qui
3436 2890 3560 2930 tuna

2003 2983 2125 3022 cum
2156 2968 2361 3023 sanctis
2383 2968 2644 3037 apostolis
2671 2983 2752 3031 es,
2786 2967 2916 3021 olim
2953 2981 3048 3036 per
3073 2965 3292 3037 Moysen
3323 2968 3560 3023 etluxisti

338 3060 426 3112 καὶ
459 3059 625 3114 πάλαι
656 3059 785 3112 ποτέ
813 3059 898 3112 διὰ
936 3061 1209 3123 Μωῦσέως
1250 3058 1514 3130 ἐξήγαγες
1544 3061 1602 3128 ἐξ
1629 3062 1900 3127 Αἰγύπτου

2015 3059 2258 3130 populum
2288 3067 2439 3114 tuum
2474 3074 2543 3114 ex
2572 3057 2830 3129 A'igypto,
2856 3058 3089 3113 ducibus
3142 3057 3320 3128 Moyse
3347 3067 3403 3112 et
3446 3059 3557 3113 Aa-

335 3150 420 3203 τὸν
438 3150 562 3203 λαόν
597 3167 712 3213 σου,
747 3149 1171 3221 στρατηγοῦντος
1197 3151 1471 3212 Μωῦσέως
1492 3152 1585 3204 καὶ
1628 3151 1859 3224 Ἀαρών.

538 3238 850 3304 Συνέσεως
879 3238 960 3304 τῷ
984 3237 1194 3307 Ἀσάφ.
1234 3241 1542 3292 ‘FAAMOE.
1566 3242 1690 3292 OZ’.

974 3331 989 3349 ⁹
1000 3332 1308 3395 Υπόθεσις.

339 3422 529 3477 Τοῦτον
555 3422 670 3494 ᾄδει
693 3422 784 3475 τὸν
803 3420 1014 3493 ψαλμὸν
1049 3421 1239 3491 Ἀσάφ,
1260 3420 1338 3491 τῷ
1359 3419 1460 3488 νέῳ
1485 3420 1598 3490 λαῷ
1627 3421 1903 3492 παραινῶν

398 3514 480 3585 τῷ
507 3515 661 3586 νόμῳ
690 3513 977 3585 προσέχειν
1001 3512 1078 3585 τῷ
1093 3511 1450 3582 εὐαγγελικῷ,
1476 3511 1567 3565 τοῦ
1594 3529 1653 3564 τε
1672 3511 1902 3568 παλαιοῦ

408 3605 615 3658 ἐκείνου
661 3604 768 3657 τῶν
824 3604 1091 3658 Ἰουδαίων
1123 3604 1297 3674 δήμου
1336 3603 1691 3677 κατηγορῶν,
1729 3605 1797 3658 δι’
1840 3598 1903 3661 οὗ

402 3696 569 3749 πολλὰ
589 3695 1023 3766 εὐεργετημένοι,
1057 3696 1269 3758 οὐδενὸς
1308 3695 1735 3765 ἐμνημόνευσαν,
1778 3696 1907 3767 μᾶλ-

401 3784 488 3838 λον
529 3786 587 3841 δὲ
616 3788 711 3839 καὶ
765 3787 843 3850 εἰς
880 3787 1184 3839 τούναντίον
1234 3785 1467 3858 ἔτρεψαν
1534 3786 1634 3851 τὰς
1685 3789 1907 3860 εὐχαρι-

402 3877 575 3940 στίας,
606 3877 896 3950 ἀχαριστίᾳ
922 3878 1012 3931 τὸν
1042 3878 1333 3949 εὐεργέτην
1357 3878 1724 3949 ἀμειϐόμενοι.

401 3968 756 4038 Προσέχετε,
787 3970 937 4035 λαός
956 3989 1098 4039 μου,
1124 3973 1231 4023 τὸν
1258 3971 1444 4039 νόμον
1462 3987 1601 4039 μου.
1636 3970 1745 4023 Καὶ
1767 3969 1905 4041 ποίῳ

337 4059 443 4131 λαῷ
479 4062 512 4133 ἢ
537 4061 616 4133 τῷ
646 4061 706 4126 ἐξ
740 4061 908 4116 ἐθνῶν
947 4065 1232 4134 παραινεῖ;
1261 4063 1371 4115 Καὶ
1398 4062 1534 4130 ποίῳ
1558 4062 1707 4133 νόμῳ
1738 4078 1906 4133 προσ-

337 4151 473 4222 ἐχειν
501 4146 930 4223 παρακελεύεται
963 4153 995 4224 ἢ
1035 4154 1114 4225 τῷ
1146 4152 1518 4223 εὐαγγελικῷ;
1549 4153 1671 4205 ’Ότι
1695 4152 1751 4206 δὲ
1779 4152 1904 4217 λαὸς

337 4244 492 4298 αὑτοῦ
517 4243 588 4296 τὰ
611 4244 761 4315 ἔθνη,
790 4247 818 4298 6
843 4246 1124 4317 προφήτης
1163 4244 1438 4317 Ζαχαρίας
1478 4244 1635 4314 φησί’
1664 4243 1772 4298 Kal
1801 4260 1905 4297 κα·-

334 4334 725 4402 ταεεεύξονται
767 4332 910 4401 ἔθνη
956 4334 1156 4388 πολλὰ
1204 4334 1303 4386 ἐπὶ
1356 4333 1461 4386 τὸν
1508 4334 1764 4400 Κύριον,
1805 4331 1902 4386 καί

2002 3166 2154 3207 mne.
2179 3241 2484 3297 Intellectus
2509 3240 2707 3311 Asaplt.
2737 3238 2978 3294 PSALM
2990 3237 3095 3293 US.
3126 3237 3418 3293 LXXVII.

2572 3332 2971 3402 Argumentum.

2002 3425 2156 3482 Hunc
2179 3425 2329 3482 canit
2360 3426 2629 3496 psalmum
2670 3424 2876 3494 Asaplt,
2911 3438 3112 3478 novum
3162 3422 3422 3493 populum
3466 3422 3568 3494 ad-s

2072 3532 2321 3583 monens,
2361 3525 2423 3572 ut
2461 3516 2785 3587 evangelicae
2827 3515 2930 3584 legi
2968 3513 3241 3581 attendat;
3281 3514 3577 3584 populum-.

2075 3624 2183 3679 que
2232 3609 2386 3663 illum
2443 3608 2729 3677 antiquum
2770 3605 3071 3661 'Judaicum
3123 3613 3364 3665 accusat.
3415 3605 3563 3673 quod

2072 3700 2261 3757 multis
2291 3700 2528 3768 acceptis
2572 3698 2871 3760 beneﬁciis,
2912 3696 3117 3751 nullius
3150 3706 3417 3749 memores
3443 3694 3565 3748 fue-

2079 3792 2215 3854 rint,
2254 3791 2347 3846 sed
2370 3798 2561 3845 contra
2601 3793 2722 3843 loco
2750 3787 3045 3857 gratiarum
3092 3785 3347 3850 actionis,
3377 3784 3562 3853 ingra-

2078 3880 2311 3936 titudine
2332 3878 2633 3935 beneﬁcum
2664 3878 3084 3933 remunerarint.

2073 3973 2126 4028 1.
2162 3970 2446 4032 Attendite,
2476 3969 2663 4039 populc
2690 3984 2856 4033 meus,
2902 3969 3063 4037 legem
3100 3982 3291 4020 meam.
3323 3964 3575 4034 Ecquem.

2004 4063 2258 4134 populum
2291 4062 2627 4125 cohortatur,
2660 4058 2765 4113 nisi
2808 4058 2900 4126 qui
2927 4073 2994 4112 ex
3024 4057 3276 4127 gentibus
3303 4054 3566 4111 est?.Ec--

2003 4155 2092 4210 cui
2116 4154 2218 4225 legi
2250 4152 2525 4208 attendere
2548 4151 2704 4221 jubet
2750 4149 2854 4205 nisi
2893 4148 3248 4219 evangelicae?
3275 4147 3429 4214 Quod
3462 4163 3563 4203 au—

2006 4254 2112 4301 tem
2147 4252 2333 4313 gentes
2362 4242 2473 4298 sint
2500 4242 2733 4312 populus
2771 4241 2910 4310 ejus,
2958 4240 3010 4294 id
3044 4240 3119 4293 ait
3166 4239 3429 4309 prepheta
3461 4237 3569 4296 Za-

2005 4336 2252 4392 charias:
2290 4333 2360 4389 Et
2389 4333 2685 4403 confugient
2713 4342 2887 4402 gentes
2924 4330 3102 4385 multa:
3131 4323 3200 4383 ad
3237 4329 3521 4386 Dominum
3548 4371 3564 4387 .

337 4425 575 4480 ἔσονται
604 4424 786 4491 καύτῷ
827 4428 916 4492 εἰς
964 4428 1135 4480 λαόν.
1187 4426 1442 4480 Κλίνατε
1486 4424 1553 4478 τὸ
1595 4420 1703 4491 οὖς
1739 4424 1905 4494 ὑμῶν

2015 4438 2051 4484 et
2079 4438 2226 4483 erunt
2256 4427 2356 4494 ipsi
2388 4426 2444 4479 in
2470 4424 2722 4496 populum
2750 4424 2822 4491 ⁸³.
2851 4421 3112 4477 Inclinate
3138 4436 3322 4476 aurem
3340 4434 3579 4479 uestram

337 4515 480 4583 πρὸς
529 4514 603 4569 τὰ
650 4515 890 4584 ῥήματα
942 4514 1049 4568 τοῦ
1097 4517 1394 4584 στόματός
1427 4532 1566 4584 μου.
1606 4513 1904 4586 Προθύμως

337 4606 458 4677 γάρ.
490 4608 646 4677 φησὶ,
671 4606 780 4659 τῶν
812 4607 941 4678 παρ’
975 4606 1108 4677 ἐμοῦ
1137 4606 1442 4677 λεγομένων
1472 4606 1759 4659 ἀκούσατε.

401 4696 637 4759 Ἀνοίξω
672 4696 747 4750 έν
788 4695 1154 4764 παραϐολαῖς
1196 4696 1259 4749 τὸ
1299 4696 1493 4764 στόμα
1523 4714 1666 4765 μου.
1709 4695 1902 4767 Σαφῶς

335 4784 486 4839 τοῦτο
510 4787 541 4841 6
582 4784 972 4856 εὐαγγελιστὴς
1009 4786 1318 4856 ἡρμήνευσε
1352 4784 1656 4857 πληρωθὲν,
1687 4786 1776 4839 ὅτε
1802 4785 1904 4846 τὰς

336 4876 528 4941 πολλάς
570 4876 885 4950 παραϐολάς
916 4872 1065 4930 εἶπεν
1102 4879 1131 4931 6
1170 4875 1372 4948 Κύριος
1416 4877 1474 4930 ἐν
1514 4880 1626 4941 τοῖς
1658 4878 1899 4947 Εύαγγε-

338 4966 486 5031 λίοις.

402 5052 509 5106 Kal
551 5055 607 5107 οἱ
654 5053 905 5123 πατέρες
954 5054 1123 5124 ἡμῶν
1164 5054 1529 5126 διηγήσαντο
1569 5056 1732 5125 ἡμῖν.
1762 5056 1903 5110 Ὅσα

336 5142 477 5213 παρὰ
520 5142 631 5197 τῶν
666 5144 939 5215 πατέρων,
991 5145 1144 5215 φησὶ,
1176 5145 1530 5218 δεδιδάγμεθα
1554 5146 1900 5215 ἀκούσαντες,

339 5232 505 5286 πάντα
531 5232 705 5287 ταῦτα
735 5234 824 5288 διὰ
864 5218 972 5288 τῶν
1008 5236 1184 5310 ἔργων
1228 5238 1319 5291 καὶ
1358 5237 1457 5308 τῆς
1491 5237 1655 5292 αὐτοῦ
1702 5255 1904 5311 παρου-

339 5322 452 5385 σίας
478 5324 819 5396 ἐγνώκαμεν.

407 5418 524 5471 οὐκ
558 5417 779 5485 ἐκρύϐη
811 5416 928 5471 ἀπὸ
961 5417 1079 5473 τῶν
1106 5420 1332 5475 τέκνων
1357 5419 1553 5476 αὐτῶν
1578 5423 1661 5491 εἰς
1692 5420 1908 5488 γενεὰν

337 5504 553 5575 ἑτέραν.
589 5510 700 5580 Οὐχ
748 5509 933 5581 ἐτέρᾳ,
970 5510 1123 5581 φησὶ,
1166 5513 1345 5582 γενεᾷ,
1378 5510 1511 5564 ἀλλὰ
1546 5515 1655 5575 τοῖς
1696 5510 1904 5574 τέκνοις

2004 4522 2056 4574 in
2089 4519 2245 4574 verba
2297 4519 2406 4572 oris
2457 4517 2577 4571 mei.
2621 4515 2921 4583 Alacriter',
2964 4511 3175 4583 inquit,
3232 4516 3395 4570 verba
3445 4531 3569 4572 mea

2003 4612 2419 4770 ³υὲίωέίρενίιιιιι
2463 4698 2519 4752 in
2574 4692 2845 4766 parabolis
2889 4709 2945 4746 os
2982 4709 3175 4751 meum.
3221 4695 3336 4753 Hoc
3384 4703 3586 4766 aperte,

2001 4794 2328 4863 evangelista
2354 4789 2642 4860 explicavit
2665 4796 2724 4842 ut
2767 4786 3046 4861 impletum
3073 4789 3141 4854 ",
3176 4790 3396 4859 quando
3428 4789 3569 4843 ωιιι-

2002 4894 2086 4941 tas
2108 4884 2396 4955 parabolas
2424 4880 2561 4937 dixit
2581 4878 2847 4936 Dominus
2875 4883 2929 4935 in
2957 4879 3287 4951 Evangeliis.

2076 5064 2131 5118 5.
2173 5061 2237 5115 Et
2262 5070 2437 5132 patres
2464 5064 2634 5117 nostri
2661 5068 3011 5116 narraverunt
3045 5059 3216 5113 nobis.
3262 5056 3567 5123 Quotquot,

2010 5152 2212 5223 inquit,
2243 5168 2272 5207 a
2302 5152 2547 5223 patribus
2575 5150 2920 5215 edidicimus,
2953 5150 3066 5203 haec
3092 5145 3276 5202 omnia
3313 5158 3408 5213 per
3433 5157 3563 5211 ope-

2006 5260 2067 5298 ra
2100 5254 2155 5299 et
2188 5259 2283 5314 per
2315 5244 2435 5313 ejus
2466 5243 2755 5298 adventum
2787 5241 3056 5296 novimus.

2073 5420 2128 5474 4.
2168 5418 2290 5473 Non
2319 5428 2439 5473 sunt
2470 5418 2735 5473 occultata
2787 5432 2821 5468 a
2870 5413 2999 5483 [iliis
3027 5425 3209 5465 eorum
3246 5408 3303 5463 in
3345 5398 3582 5479 general.

2010 5512 2148 5565 tione
2177 5511 2368 5565 altera.
2422 5509 2540 5566 Non
2577 5525 2674 5583 pro
2703 5510 2892 5571 altera,
2945 5500 3141 5574 inquit,
3190 5500 3557 5573 generatione:

403 5704 446 5737 ⁹¹
476 5705 663 5763 Matth.
697 5722 893 5773 xxvm,
932 5706 1016 5771 l9,
1048 5707 1138 5763 20.
1195 5709 1243 5742 ’³
1273 5708 1436 5765 Zach.
1471 5725 1530 5772 ιι,
1566 5708 1654 5766 19..
1730 5709 1775 5740 "‘
1804 5708 1905 5765 Mal

2022 5724 2140 5775 xm,
2166 5708 2252 5764 36.
