3976 6220
297 309 431 364 361·

1136 305 1192 360 5.
1233 305 1603 362 ATHANASII
1643 308 1792 366 OPP.
1831 308 2015 367 PARS
2052 311 2138 368 Ill.
2181 342 2249 353 --—
2283 313 2692 371 EXEGETICA.

3404 320 3510 377 552

298 419 392 474 sed
445 431 541 487 pro
594 416 721 472 tiliis
754 431 940 472 eorum
983 417 1165 471 omnia
1224 416 1524 476 Salvatoris
1579 421 1905 480 mirabiliaA

1988 426 2127 480 ὐτῶν
2170 430 2346 482 πάντα
2383 430 2692 501 πέπρακται
2725 431 2790 484 τὰ
2832 436 2980 503 παρά
3009 431 3101 484 τοῦ
3144 432 3389 503 Σωτῆρος
3420 449 3515 502 με-

300 525 462 579 opera
496 518 705 579 patrata
736 518 892 564 sunt:
923 525 1094 579 quare
1125 525 1234 564 non
1268 523 1554 568 cessarunt
1576 514 1710 584 ipsis
1735 529 1860 569 nar-

300 610 476 656 rantes
504 600 687 656 laudes
717 600 929 656 Domini
959 610 1009 655 et
1034 605 1252 656 virtutes
1271 602 1404 671 ejus.

373 785 426 838 5.
455 782 523 836 Et
557 784 720 853 legem
748 782 923 850 posuit
974 782 1030 834 in
1064 779 1256 838 Israel.
1292 780 1512 852 Legem,
1543 780 1739 853 inquit,
1769 784 1863 839 de-

303 874 380 937 dit
433 874 675 944 patrihus
714 887 907 927 eorum
935 912 951 935 ,
985 880 1041 927 et
1076 871 1487 928 tabernaculum
1541 874 1860 940 testimonii,

306 965 596 1019 instituens
625 977 720 1019 eos
748 972 807 1017 ut
838 977 934 1032 per
971 963 1145 1033 legem
1175 970 1565 1033 cognoscerent
1615 961 1863 1019 Salvato-

306 1073 442 1122 rem,
475 1057 569 1127 qui
598 1057 653 1110 in
681 1065 926 1126 tempore
949 1056 1016 1111 ad
1046 1070 1219 1125 genus
1247 1056 1528 1110 hominum
1552 1055 1788 1111 advenit.

376 1228 427 1282 6.
468 1227 598 1284 Filii
620 1231 710 1300 qui
737 1239 1041 1285 nascentur.
1080 1229 1177 1286 His
1203 1229 1470 1301 signiﬁcat
1492 1239 1714 1287 sanctos
1742 1229 1864 1285 Sal-

310 1321 514 1375 "atoris
541 1320 862 1391 discipulos,
885 1322 978 1391 qui
1010 1321 1277 1376 mirabilia
1299 1336 1393 1390 per
1414 1319 1692 1377 Christum
1718 1321 1864 1376 edita

314 1413 439 1467 nliis
465 1414 579 1469 suis
609 1415 965 1483 annuntiant;
998 1415 1049 1470 id
1070 1425 1173 1481 est,
1201 1413 1269 1469 iis
1303 1414 1396 1484 qui
1427 1414 1669 1483 ipsorum
1700 1428 1866 1484 opera

313 1506 377 1559 ad
403 1505 558 1559 ﬁdem
592 1505 874 1560 accedunt.

360 1597 434 1652 τ.
468 1596 537 1649 Ει
586 1614 690 1652 non
727 1597 1106 1652 obliviscantur
1150 1615 1365 1669 operum
1406 1596 1522 1651 Dei.
1559 1596 1684 1653 Hac
1732 1596 1869 1667 ipsis

317 1689 667 1754 enarrabunt,
716 1705 784 1744 ex
826 1690 1023 1760 quibus
1072 1690 1205 1746 solis
1238 1698 1491 1760 poterunt
1538 1688 1708 1745 Deum
1763 1688 1868 1745 sibi

316 1796 467 1852 spem
493 1781 788 1837 ascribere.

384 1872 437 1926 8.
477 1871 560 1926 Ne
581 1872 715 1941 ﬁant
742 1872 881 1925 sicut
908 1881 1085 1941 patres
1107 1887 1308 1926 eorum.
1328 1870 1760 1933 Annuntiabnnt,
1786 1868 1869 1923 in-

314 1964 453 2033 quit,
483 1963 713 2032 apostoli
739 1962 927 2017 laudes
953 1962 1043 2017 Dei
1076 1962 1144 2018 iis
1178 1962 1274 2030 qui
1305 1977 1400 2033 per
1423 1962 1600 2032 ipsum
1635 1959 1873 2015 instituti

317 2063 477 2109 sunt:
512 2061 573 2108 ut
593 2053 881 2123 exquirant
902 2052 993 2108 Dei
1024 2053 1297 2119 mandata,
1321 2063 1374 2110 et
1403 2068 1468 2109 ne
1497 2062 1710 2124 patrum
1744 2068 1875 2107 suo-

317 2161 437 2200 rum
473 2143 842 2202 infelicitatem
874 2145 1176 2202 imitentur.
1206 2145 1299 2201 llla
1329 2161 1563 2216 namque
1594 2145 1874 2215 generatio

318 2256 416 2295 cor
460 2250 663 2295 rectum
701 2256 810 2296 non
863 2241 1054 2296 habuit
1089 2255 1216 2311 erga
1251 2241 1442 2305 Deum,
1491 2255 1666 2311 neque
1709 2237 1872 2293 ﬁdem

319 2332 509 2387 habuit
544 2348 663 2387 cum
694 2332 802 2388 Deo
854 2333 1079 2402 spiritus
1119 2333 1257 2402 ejus.
1294 2331 1572 2387 Generatio
1617 2350 1735 2404 quce
1774 2350 1878 2388 non

319 2424 513 2479 direxit
542 2440 632 2478 cor
657 2441 831 2478 suum.
867 2422 948 2478 llli
981 2439 1217 2493 namque
1251 2439 1401 2493 spem
1434 2424 1489 2477 in
1523 2424 1630 2479 Deo
1663 2425 1877 2479 ﬁrmam

322 2530 432 2569 non
489 2515 835 2581 habuerunt,
889 2512 1020 2583 quia
1070 2515 1364 2568 noluerunt
1412 2522 1615 2568 rectam
1672 2513 1879 2585 ingredi

322 2606 501 2668 viam;
548 2603 642 2660 sed
700 2603 1022 2661 sententiam
1071 2604 1307 2661 habuere
1347 2604 1549 2661 divinis
1583 2604 1879 2662 adversan-

325 2706 430 2754 tem
462 2695 688 2766 legibus.

394 2875 448 2932 9.
482 2872 614 2927 Filii
644 2872 895 2943 Ephraim
920 2872 1239 2926 intendentes
1268 2878 1316 2925 et
1348 2870 1610 2926 mittentes
1634 2872 1878 2926 arcubus.

326 2965 428 3019 Per
454 2963 623 3018 solam
658 2962 857 3017 tribum
908 2960 1165 3030 Ephraim
1213 2968 1385 3014 totum
1423 2959 1679 3029 populum
1715 2960 1883 3015 Israel

327 3072 356 3109 a
380 3054 517 3110 Juda
550 3063 885 3125 segregatum
911 3062 966 3109 et
987 3051 1219 3107 divisum
1244 3051 1584 3122 signiﬁcavit.
1614 3051 1717 3118 lpsi
1737 3050 1880 3105 enim

325 3154 382 3200 et
409 3145 606 3200 vitulos
634 3151 941 3210 erexerunt,
979 3153 1032 3197 et
1074 3157 1105 3197 a
1144 3141 1306 3212 legali
1334 3141 1480 3196 cultu
1511 3141 1879 3197 desciverunt.

264 3258 265 3261 η
327 3237 622 3306 Postquam
656 3244 782 3291 ante
813 3237 1061 3305 tetigerat
1088 3244 1307 3305 patrum
1340 3231 1753 3303 malignitatem,
1772 3232 1885 3302 jam

330 3346 519 3385 eorum
573 3330 974 3399 improbitatem
1016 3346 1083 3385 ex
1119 3331 1334 3400 integro
1387 3335 1670 3391 recenset,
1727 3333 1888 3394 atque

332 3424 598 3478 bonorum
621 3421 835 3491 copiam
865 3435 896 3474 a
932 3419 1044 3474 Deo
1073 3420 1182 3475 illis
1212 3434 1561 3484 concessam;
1590 3432 1781 3473 eorum
1809 3431 1892 3470 er-

333 3530 397 3582 ga
425 3512 593 3568 Deum
622 3512 1018 3580 inﬁdelitatem,
1048 3512 1281 3582 denique
1319 3510 1614 3582 perniciem
1653 3524 1774 3579 qua:
1805 3507 1890 3562 his

332 3604 400 3658 de
420 3603 605 3658 causis
630 3602 751 3658 illos
780 3603 1008 3671 excepit.
1058 3599 1130 3657 Ut
1177 3603 1245 3658 iis
1289 3601 1544 3667 instituti,
1572 3600 1776 3655 malum
1805 3613 1893 3652 ze-

335 3694 443 3748 lum
473 3693 787 3764 ell‘ugercnt.
817 3693 955 3749 Dicit
984 3704 1161 3748 autem
1215 3694 1354 3749 iilios
1404 3692 1686 3761 Ephraim,
1714 3691 1769 3746 id
1798 3698 1884 3745 est

339 3796 508 3842 totum
539 3786 793 3842 lsraelem
820 3825 834 3851 ,
862 3786 953 3856 qui
988 3785 1296 3840 didicerunt
1341 3800 1464 3840 cum
1512 3783 1764 3852 malignis
1791 3783 1894 3837 daa-

338 3879 589 3933 monibus
615 3892 873 3947 pugnare,
898 3885 1061 3946 atque
1089 3875 1154 3930 ad
1184 3890 1305 3930 eam
1332 3890 1444 3929 rem
1474 3875 1530 3929 in
1559 3875 1778 3930 modum
1805 3887 1895 3926 ar-

338 3989 436 4030 cus
458 3973 707 4029 adornati
741 3980 916 4038 erant,
968 3972 1086 4041 ipso
1132 3985 1323 4041 pugnae
1382 3979 1627 4040 tempore
1655 3977 1896 4024 mutasse

340 4067 699 4132 sententiam,
756 4074 922 4136 atque
975 4063 1262 4119 Dominum
1312 4074 1366 4120 et
1406 4063 1575 4119 Deum
1642 4076 1892 4133 negasse,

344 4159 684 4214 utvoluntate
708 4158 775 4212 ad
803 4156 1127 4223 Barabbam,
1153 4159 1206 4213 id
1230 4166 1314 4213 est
1337 4157 1405 4213 ad
1428 4154 1707 4222 Satanam,
1733 4152 1899 4214 decli-

342 4265 509 4305 naren
516 4258 554 4305 ἱ.

411 4341 499 4396 10.
550 4340 675 4395 Non
714 4340 1075 4396 custodierunt
1117 4350 1484 4395 testamentum
1538 4341 1653 4395 Dei.
1689 4339 1895 4394 Novam

1959 518 2232 590 γαλουργή
2242 536 2411 589 ματα·
2442 520 2520 573 διὸ
2541 520 2639 574 οὐκ
2663 520 2961 574 ἐπαύσαντο
2988 522 3168 584 αὐτοῖς
3200 521 3518 591 προαγγέλ-

1959 613 2170 674 λοντες
2210 610 2316 675 τὰς
2362 610 2620 677 αἱνέσεις
2662 611 2765 665 τοῦ
2801 612 3017 679 Κυρίου
3062 610 3157 665 καὶ
3199 611 3305 676 τὰς
3330 611 3515 666 δυνα-

1961 701 2166 766 στείας
2194 700 2400 754 αὐτοῦ.

2032 791 2141 845 Καὶ
2186 793 2372 860 νόμον
2418 790 2580 846 ἔθετο
2631 790 2701 845 ἐν
2761 790 3013 859 Ἰσραήλ.
3060 792 3270 862 Νόμον,
3320 792 3513 863 φησιν,

1963 881 2129 936 ἔδωκε
2178 885 2287 947 τοῖς
2337 883 2602 954 πατράσιν
2648 883 2848 949 αὐτῶν,
2894 883 2986 936 καὶ
3025 886 3122 954 τὴν
3172 884 3372 954 σκηνὴν
3420 883 3514 936 τοῦ

1968 974 2281 1045 μαρτυρίου,
2323 973 2677 1043 παιδαγωγῶν
2722 974 2915 1038 αὐτοὺς
2947 975 3025 1037 εἰς
3074 973 3135 1026 τὸ
3179 974 3378 1043 γνῶναι
3429 974 3518 1027 διὰ

1963 1062 2058 1116 τοῦ
2091 1064 2253 1135 νόμου
2299 1063 2388 1116 τὸν
2417 1063 2556 1117 κατά
2601 1064 2825 1137 καιροὺς
2858 1065 3261 1136 ἐπιδημήσαντα
3293 1064 3518 1135 Σωτῆρα

1965 1152 2041 1223 τῷ
2071 1153 2215 1223 γένει
2241 1153 2349 1207 τῶν
2373 1153 2688 1225 ἀνθρώπων.

2046 1241 2163 1295 Υἱοὶ
2194 1244 2633 1313 τεχθησόμενοι.
2668 1243 2926 1314 Σημαίνει
2956 1242 3013 1297 δέ
3051 1242 3138 1297 διὰ
3170 1242 3368 1297 τούτων
3394 1245 3517 1307 τοὺς

1966 1332 2154 1400 ἁγίους
2177 1332 2267 1385 τοῦ
2298 1333 2549 1404 Σωτῆρος
2581 1332 2843 1404 μαθητὰς,
2870 1333 3062 1397 οἵτινες
3087 1332 3154 1386 τά
3178 1333 3450 1404 θαυμάσια
3483 1334 3518 1387 ἃ

1968 1424 2323 1498 κατώρθωσεν
2353 1427 2381 1478 ό
2411 1425 2660 1498 Χριστὸς,
2704 1428 2813 1488 τοῖς
2856 1426 2988 1488 υἱοῖς
3026 1426 3201 1479 αὐτῶν
3248 1425 3520 1493 ἀπαγγέλ-

1968 1517 2137 1569 λουσι·
2166 1516 2406 1570 τουτέστι
2428 1520 2539 1579 τοῖς
2565 1516 2916 1588 προσελθοῦσι
2939 1516 3004 1570 δι’
3030 1515 3206 1568 αὐτῶν
3224 1519 3289 1587 τῇ
3319 1516 3519 1569 πίστει.

2038 1606 2147 1661 Καὶ
2168 1607 2253 1676 μὴ
2276 1607 2664 1662 ἐπιλάθωνται
2685 1607 2802 1661 τῶν
2821 1608 3007 1677 ἔργων
3029 1607 3134 1660 τοῦ
3155 1608 3319 1662 Θεοῦ.
3338 1606 3523 1661 Ταῦτα

1970 1698 2313 1770 διηγήσονται
2359 1699 2560 1762 αὐτοῖς,
2590 1699 2657 1752 δι’
2695 1693 2770 1753 ὧν
2801 1699 3114 1772 δυνήσονται
3154 1699 3308 1770 μόνον
3336 1699 3525 1754 ἐλπίδα

1902 1771 1942 1827 Β
1970 1788 2060 1840 τὸν
2087 1787 2218 1841 Θεὸν
2245 1789 2668 1861 ἐπι-γράψασθαι.

2041 1878 2163 1931 Ἵνα
2184 1878 2268 1947 μὴ
2294 1878 2575 1947 γένωνται
2604 1880 2683 1945 ὡς
2716 1882 2769 1933 οἱ
2801 1879 3046 1949 πατέρες
3076 1879 3288 1934 αὐτῶν.
3327 1879 3527 1948 Ἀπαγ-

1968 1966 2205 2036 γελοῦσι,
2240 1968 2391 2038 φησὶ,
2424 1967 2521 2031 τὰς
2563 1969 2793 2032 αἱνέσεις
2832 1968 2925 2022 τοῦ
2956 1968 3089 2036 Θεοῦ
3119 1972 3229 2034 τοῖς
3258 1969 3323 2022 δι’
3362 1968 3527 2022 αὐτοῦ

1971 2057 2503 2129 παιδαγωγουμένοις
2530 2061 2578 2112 oi
2610 2059 2913 2113 ἀπόστολοιο
2947 2061 3034 2115 ἵνα
3064 2061 3156 2115 καὶ
3189 2061 3529 2133 ἐκζητήσωσι

1972 2145 2068 2211 τὰς
2096 2146 2189 2199 τοῦ
2216 2146 2350 2200 Θεοῦ
2382 2147 2619 2212 ἐντολὰς,
2651 2149 2745 2201 καὶ
2776 2148 2848 2221 μὴ
2879 2149 2975 2220 τὴν
3002 2149 3109 2205 τῶν
3147 2150 3393 2222 πατέρων
3432 2167 3531 2204 κα-

1974 2237 2316 2309 κοδαιμονίαν
2368 2242 2730 2310 μιμήσωνται.
2794 2241 3004 2312 Ἐκείνη
3052 2241 3191 2313 γὰρ,
3246 2242 3439 2322 φησιν,
3496 2245 3530 2312 ἡ

1974 2327 2137 2395 γενεά
2176 2328 2275 2381 οὐκ
2316 2328 2469 2399 ἔσχεν
2515 2329 2644 2400 εὒθῆ
2675 2329 2773 2401 τὴν
2808 2331 3032 2403 καρδίαν
3063 2332 3199 2404 πρός
3229 2333 3381 2399 Θεὸν,
3413 2333 3531 2386 οὐδέ

1977 2416 2155 2470 πίστιν
2188 2416 2312 2487 ἔσχε
2338 2418 2399 2471 τὸ
2426 2416 2643 2488 πνεῦμα
2672 2419 2841 2491 αὐτῆς
2882 2420 3016 2490 μετά
3041 2421 3135 2475 τοῦ
3161 2422 3314 2478 Θεοῦ.
3345 2423 3534 2477 Γενεά

1978 2508 2108 2576 ἥτις
2153 2510 2224 2562 οὐ
2268 2510 2590 2563 κατεύθυνε
2630 2509 2744 2578 τὴν
2772 2511 3021 2580 καρδίαν
3059 2514 3266 2583 αὐτῆς.
3310 2515 3535 2570 Ἐκεῖνοι

1977 2596 2086 2669 γὰρ
2118 2596 2336 2668 βεϐαίαν
2364 2599 2570 2669 τὴνείς
2608 2599 2698 2653 τὸν
2727 2600 2857 2655 Θεὸν
2885 2602 2984 2655 οὐκ
3015 2604 3306 2676 ἐκτήσαντο
3331 2605 3534 2667 πίστιν,

1979 2690 2074 2762 τὴν
2102 2690 2310 2744 εὐθεῖαν
2354 2692 2453 2745 οὐκ
2486 2692 2833 2764 ἐθελήσαντες
2874 2695 3095 2767 πορείαν
3127 2696 3356 2761 όδεῢσαι,
3401 2698 3538 2753 ἀλλά

1979 2783 2200 2853 γνώμην
2226 2783 2513 2856 ἐσχηκότες
2540 2787 2649 2847 τοῖς
2677 2784 2840 2849 θείοις
2862 2786 3267 2859 ἐναντιουμένην
3298 2788 3537 2860 θεσμοῖς.

2061 2875 2176 2926 Υἱοὶ
2211 2874 2449 2943 Ἐφραῒμ
2471 2875 2834 2943 ἐντείνοντες
2855 2877 2950 2930 καὶ
2976 2877 3305 2946 βάλλοντες
3324 2879 3539 2947 τόξοις.

1995 2965 2124 3017 Ἀπὸ
2166 2965 2329 3035 μόνης
2368 2967 2465 3037 τῆς
2510 2966 2680 3038 φυλῆς
2728 2968 2820 3020 τοῦ
2863 2969 3098 3041 Ἐφρατμ
3139 2969 3258 3025 ὅλον
3286 2970 3375 3025 τὸν
3418 2970 3546 3025 λαὸν

1982 3054 2074 3107 τοῦ
2119 3054 2331 3126 Ἰσραὴλ
2355 3054 2445 3108 τὸν
2484 3056 2877 3126 ἀποσχισθέντα
2920 3057 3012 3111 τοῦ
3051 3058 3217 3112 Ἰούδα
3258 3059 3543 3130 ἐδήλωσεν.

1986 3140 2143 3200 Οὗτοι
2174 3146 2282 3217 γάρ
2310 3148 2403 3199 καὶ
2435 3146 2530 3211 τὰς
2558 3148 2816 3218 δαμάλεις
2850 3148 3100 3220 ἔστησαν,
3146 3150 3239 3203 καὶ
3275 3150 3378 3220 τῆς
3408 3151 3548 3205 κατὰ

1986 3237 2145 3308 νόμον
2171 3238 2424 3309 λατρείας
2470 3238 2806 3308 ἀπέστησαν.
2848 3239 3144 3310 Ἀψάμενος
3172 3244 3271 3312 τῆς
3309 3240 3414 3294 τῶν
3444 3258 3546 3295 πα-

1985 3329 2156 3400 τέρων
2185 3330 2463 3399 πονηρίας,
2498 3330 2693 3401 ἐφεξῆς
2717 3330 2998 3399 καταλέγει
3030 3334 3202 3386 πᾶσαν
3230 3333 3326 3403 τὴν
3357 3333 3549 3386 κακίαν

1988 3421 2187 3486 αὐτῶν,
2234 3425 2331 3494 τήν
2376 3440 2435 3475 τε
2483 3423 2634 3494 παρὰ
2672 3422 2765 3475 τοῦ
2812 3422 2946 3476 Θεοῦ
2985 3425 3064 3487 εἰς
3106 3425 3301 3487 αὐτοὺς
3334 3424 3550 3493 ἀγαθῶν

1988 3512 2286 3583 δαψίλειαν,
2334 3513 2432 3584 τήν
2470 3530 2530 3565 τε
2576 3513 2712 3585 πρὸς
2759 3513 2851 3566 τὸν
2891 3512 3023 3566 Θεὸν
3055 3512 3233 3566 αὐτῶν
3265 3514 3548 3576 ἀπιστίαν,

1989 3606 2080 3661 τόν
2107 3624 2165 3660 τε
2209 3606 2587 3677 διαδεξάμενον
2618 3606 2814 3669 αὐτοὺς
2841 3606 2928 3659 διὰ
2966 3605 3137 3658 ταῦτα
3178 3605 3425 3676 ὄλεθρον·
3466 3605 3551 3657 ἴνα

1989 3698 2079 3751 διὰ
2110 3697 2312 3752 τούτων
2354 3697 2887 3767 παιδαγωγηθέντες,
2935 3696 3026 3750 τὸν
3073 3697 3305 3768 πονηρὸν
3344 3696 3551 3765 φύγωσι

1994 3788 2170 3860 ζῆλον.
2204 3789 2363 3857 Λέγει
2398 3788 2489 3854 δὲ,
2520 3787 2596 3851 ὼς
2627 3789 2678 3841 οί
2721 3787 2814 3841 τοῦ
2855 3786 3090 3859 Ἐφρατμ
3117 3787 3250 3850 υἱοὶ,
3282 3788 3554 3840 τουτέστιν

1995 3879 2137 3943 ἄπας
2163 3879 2398 3951 Ἰσραὴλ,
2424 3882 2472 3933 οί
2497 3879 2860 3950 δεδιδαγμένοι
2883 3881 2992 3942 τοῖς
3019 3880 3269 3950 πονηροῖς
3293 3875 3553 3949 μάχεσθαι

1994 3973 2229 4042 δαίμοσι,
2256 3972 2347 4024 καὶ
2380 3974 2461 4037 είς
2492 3971 2648 4025 τοῦτο
2687 3971 2874 4042 ῶσπερ
2914 3969 3064 4034 τόξον
3096 3968 3533 4023 κατασκευασθέν

1994 4081 2105 4129 τες,
2140 4066 2270 4135 παρ’
2297 4064 2458 4117 αὐτὸν
2486 4063 2577 4116 τὸν
2618 4061 2710 4115 τοῦ
2742 4062 2972 4131 πολέμου
3007 4062 3192 4132 καιρὸν
3230 4059 3554 4131 μετεϐλήθη-

1998 4171 2115 4219 σαν,
2147 4155 2237 4208 τὸν
2275 4155 2370 4225 μὲν
2397 4153 2669 4223 Δεσπότην
2697 4153 2790 4205 καὶ
2816 4152 2946 4206 Θεὸν
2975 4151 3357 4224 ἀρνησάμενοι,
3391 4167 3553 4222 προσ.

1999 4246 2273 4309 κλίναντες
2299 4246 2520 4308 ἑαυτοὺς
2543 4245 2620 4315 τῷ
2650 4244 2929 4315 Βαραὸὁᾷ,
2960 4245 3200 4298 τουτέστι
3223 4243 3299 4313 τῷ
3322 4244 3556 4313 Σατανᾷ.

2076 4339 2199 4413 Οὐκ
2240 4336 2550 4406 ἐφύλαξαν
2593 4335 2707 4403 τὴν
2751 4334 3041 4401 διαθήκην
3086 4335 3193 4390 τοῦ
3240 4333 3405 4387 Θεοῦ.
3448 4334 3558 4404 Τὴν

345 4430 620 4502 Evangelii
645 4432 993 4486 traditionem
1024 4433 1177 4495 dicit,
1206 4444 1369 4503 atque
1413 4432 1574 4487 illud:
1616 4431 1747 4485 Ecce
1782 4432 1894 4485 dies

1998 4429 2189 4500 καινὴν
2213 4428 2306 4481 τοῦ
2330 4426 2658 4496 Εὑαγγελίου
2683 4426 2975 4497 παράδοσιν
2996 4444 3147 4497 φησι,
3173 4426 3266 4479 καὶ
3296 4426 3375 4478 τό·
3415 4424 3559 4478 Ἰδοὺ

343 4522 499 4587 venit,
539 4530 587 4574 et
617 4521 895 4590 disponam
940 4538 1057 4575 cum
1094 4523 1168 4575 eis
1202 4529 1570 4577 testamentum
1608 4538 1799 4576 novum
1827 4522 1895 4577 ³⁸.

345 4611 522 4665 Causa
572 4621 753 4665 autem
800 4611 889 4667 hic
917 4612 1176 4679 redditur,
1223 4613 1352 4683 quia
1396 4613 1529 4667 illud
1561 4628 1672 4669 non
1717 4622 1902 4668 custo-

345 4701 575 4763 dientes.
626 4702 771 4770 quod
826 4714 909 4756 est
951 4718 1087 4758 nova
1133 4705 1215 4762 lex
1269 4704 1386 4771 Dei,
1423 4705 1653 4759 conversi
1690 4716 1809 4759 sunt
1845 4707 1902 4758 in

345 4792 430 4847 die
453 4790 595 4845 belli.
626 4789 743 4846 Non
767 4792 912 4845 enim
956 4791 1250 4848 credebant
1298 4793 1348 4848 ei
1390 4793 1635 4849 dicenti:
1682 4792 1795 4864 Ego
1836 4809 1902 4847 ea:

346 4886 508 4939 Patre
529 4884 665 4938 exivi
695 4893 746 4937 et
784 4883 930 4937 venio
962 4885 1031 4940 ³⁸.
1066 4883 1200 4939 Cum
1247 4886 1391 4940 enim
1428 4900 1527 4956 par
1563 4884 1759 4940 luisset
1807 4887 1903 4941 ad-

348 4992 536 5033 versus
573 4992 667 5031 eos
700 4991 938 5046 pugnare
963 4977 1055 5046 qui
1096 4986 1282 5032 contra
1317 4976 1486 5032 Deum
1521 4977 1719 5032 bellum
1747 4992 1902 5048 gere-

348 5077 468 5125 rent
487 5068 603 5135 ,‘illi
629 5069 887 5122 adversus
912 5066 1078 5121 Deum
1102 5067 1301 5122 bellum
1325 5078 1631 5123 moverunt.

419 5160 505 5214 11.
535 5158 602 5214 Et
632 5159 782 5213 obliti
824 5170 946 5215 sunt
977 5158 1367 5228 benefactorum
1398 5160 1531 5230 ejus.
1574 5158 1727 5215 Licet
1753 5162 1897 5215 enim

348 5252 517 5304 multa
541 5250 800 5306 beneﬁcia
841 5251 1176 5321 acceperint,
1214 5250 1393 5305 omnia
1427 5266 1455 5304 a
1493 5251 1755 5306 memoria
1803 5267 1901 5306 sua

351 5341 682 5410 abiecerunt.
732 5340 799 5397 Et
850 5342 1032 5412 ejusce
1069 5342 1148 5397 rei
1190 5350 1566 5411 argumentum
1614 5341 1745 5397 illud
1798 5350 1904 5408 est,

352 5431 641 5500 quodcum
671 5433 992 5488 tradiderint
1025 5431 1215 5486 Pilato.
1256 5431 1420 5486 Obliti
1463 5440 1590 5487 sunt
1633 5430 1904 5502 quomodo

426 5695 469 5729 "
493 5694 706 5750 Baruch
741 5708 800 5762 ιι,
824 5698 911 5752 35.
986 5699 1030 5731 "
1058 5696 1216 5756 Joau.
1251 5712 1363 5765 xvi,
1393 5697 1480 5754 27.

2002 4519 2190 4590 ’ἡμέρα
2219 4520 2479 4588 ἔρχεται,
2522 4518 2619 4572 καὶ
2651 4516 3000 4587 διαθήσομαι
3042 4518 3243 4584 αὐτοῖς
3274 4516 3558 4585 διαθήκην

2003 4611 2237 4678 καινήν.
2267 4610 2452 4675 Αἰτίας
2478 4610 2536 4664 δέ
2582 4614 2726 4664 ἐστιν
2771 4612 3049 4674 ἀπόδοσις,
3094 4611 3208 4676 ὅτι,
3250 4609 3452 4680 ταύτην
3489 4607 3560 4680 μὴ

2005 4701 2371 4773 φυλάξαντες,
2422 4703 2544 4772 ἣτις
2613 4704 2728 4755 ἐστὶ
2797 4703 2981 4766 καινὸς
3026 4702 3186 4773 νόμος
3240 4700 3331 4754 τοῦ
3386 4700 3520 4754 Θεοῦ
3545 4741 3560 4764 ,

2004 4793 2395 4864 ἐστράφησαν
2423 4795 2493 4847 ἐν
2515 4792 2704 4864 ἡμέρῃ
2733 4794 3016 4862 πολέμου.
3048 4794 3122 4846 Οὐ
3147 4792 3254 4864 γάρ
3282 4792 3562 4846 ἐπίστευον

2006 4885 2153 4957 αὐτῷ
2196 4886 2427 4954 λέγοντι·
2470 4884 2616 4954 Ἐγὼ
2659 4884 2726 4938 ἐκ
2769 4885 2874 4939 τοῦ
2908 4883 3133 4952 Πατρός
3162 4883 3424 4952 ἐξῆλθον
3462 4882 3562 4936 καὶ

2004 4976 2148 5043 ἥκω.
2181 4977 2307 5029 Δέον
2351 4976 2458 5046 γὰρ
2508 4976 2716 5046 βάλλειν
2756 4977 2848 5029 καὶ
2881 4975 3131 5045 πολεμεῖν
3162 4976 3287 5038 τοὺς
3323 4972 3440 5045 Θεῷ
3470 4990 3562 5026 πο-

2002 5068 2320 5139 λεμοῦντας⁹
2358 5071 2406 5120 οἱ
2432 5068 2488 5121 δέ
2514 5068 2651 5122 κατὰ
2682 5068 2812 5121 Θεοῦ
2843 5069 3040 5139 ἤραντο
3065 5067 3316 5138 πόλεμον.

2073 5159 2181 5215 Kal
2205 5160 2564 5214 estrelatione
2592 5159 2710 5213 τῶν
2736 5158 3087 5229 εὐεργεσιῶν
3118 5159 3321 5213 αὑτοῦ.
3349 5155 3562 5222 Καίτοι,

2010 5250 2160 5320 φησὶ,
2191 5249 2359 5303 πολλά
2387 5249 2820 5320 εὐεργετημένοι,
2856 5251 3029 5303 πάντα
3069 5250 3174 5302 ἀπὸ
3202 5249 3301 5318 τῆς
3345 5250 3564 5320 μνήμης

2011 5339 2385 5410 ἀνερῤίπισαν.
2431 5338 2541 5391 Καὶ
2580 5336 2766 5391 τούτου
2814 5338 3083 5403 ἀπόδειξις
3129 5339 3188 5392 τὸ
3236 5337 3566 5409 παραδοῦναι

2012 5431 2244 5500 Πιλάτῳ.
2286 5428 2635 5484 Ἐπελόιθοντο
2668 5428 2727 5482 τὸ
2758 5431 2874 5494 πῶς
2899 5430 3108 5501 διῆλθεν
3136 5429 3434 5500 εὐεργετῶν
3469 5430 3565 5483 αὑ-
