3976 6220
370 366 485 426 ὖείῦ

1224 356 1282 412 S.
1322 350 1690 410 ATHANASII
1728 347 1879 403 OPP.
1916 343 2096 399 PARS
2134 345 2222 402 lli.
2264 375 2335 387 --
2371 345 2779 401 EXEGETICA.

3475 344 3583 405 356

446 479 537 535 50.
572 475 724 533 Viam
760 476 881 546 fecit
920 474 1120 535 semita:
1158 473 1255 525 ira:
1285 485 1416 524 sum.
1448 469 1587 523 Cum
1637 464 1875 521 dedisset
1906 499 1922 524 ,
1952 461 1979 519 Δ

2106 460 2451 529 Ὠδοποίησε
2490 462 2693 527 τρίϐον
2740 460 2813 529 τῇ
2858 460 3005 529 ὀργῇ
3046 464 3248 515 αυτοῦ.
3295 461 3589 527 Δεδωκὼς,

376 571 578 643 inquit,
610 568 933 640 mysterium
966 565 1116 637 agni,
1143 565 1351 619 exitum
1389 560 1539 615 dedit
1578 560 1692 624 irae,
1731 564 1792 610 ut
1835 568 1932 624 po-

379 665 564 733 pulum
594 675 755 716 suum
788 655 1321 728 praetergrederetur,
1353 661 1406 706 et
1430 666 1498 705 ne
1528 648 1814 718 attingeret
1837 659 1933 700 eos

295 816 299 820 γ
372 754 471 824 qui
492 752 609 819 ejus
640 749 954 821 mysterium
990 746 1343 801 celebrarent.
1395 740 1501 796 Sed
1547 754 1672 795 cum
1703 735 1938 793 custodi-

379 853 464 900 ret
485 858 582 899 eos
614 841 794 896 dando
821 838 1068 893 semitam
1101 837 1197 891 ira:
1226 850 1372 900 suae,
1413 831 1702 887 animabus
1719 843 1930 891 eorum,

380 934 589 991 scilicet
618 929 1020 999 Egyptiorum,
1060 942 1161 981 non
1187 923 1412 996 pepercit
1454 940 1488 976 a
1520 930 1720 986 morte;
1766 918 1934 974 tradi-

379 1026 462 1082 dit
489 1024 635 1079 enim
662 1019 1092 1076 exterminatori.

451 1118 539 1173 54.
566 1115 634 1168 Et
661 1114 869 1169 induxit
898 1128 983 1166 eos
1007 1112 1060 1165 in
1082 1118 1309 1163 montem
1338 1105 1778 1176 sanctiﬁcationis
1805 1119 1936 1158 sum.

382 1196 678 1264 Jerusalem
710 1208 787 1260 ait
807 1214 862 1260 et
896 1204 1156 1273 templum
1194 1212 1379 1272 postea
1411 1202 1464 1254 in
1500 1201 1588 1254 illa
1619 1198 1935 1253 excitatum.

384 1300 615 1354 Montem
666 1298 801 1351 hunc
845 1312 996 1366 quem
1050 1295 1327 1364 acquisivit
1373 1293 1587 1345 dextera
1638 1289 1771 1358 ejus.
1820 1287 1940 1356 Ipse

385 1407 623 1461 namque
650 1389 899 1444 Christus
925 1396 1027 1452 est,
1062 1386 1282 1441 dextera
1312 1383 1508 1446 Patris,
1537 1380 1629 1451 qui
1658 1380 1786 1434 olim
1816 1386 1941 1432 ante

382 1485 641 1554 pOpulun.
670 1481 972 1543 incedebat,
1001 1488 1055 1533 et
1084 1486 1232 1533 sorte
1271 1477 1418 1531 dedit
1470 1475 1551 1530 eis
1587 1472 1784 1529 terram
1819 1487 1944 1543 pro-

385 1573 686 1630 missionis.
722 1572 792 1626 Et
829 1573 980 1641 ejecit
1030 1588 1063 1624 a
1105 1570 1241 1640 [acie
1292 1584 1474 1623 eorum
1525 1574 1722 1637 gentes.
1750 1563 1946 1618 Amor-

388 1668 616 1726 rhazum.
667 1666 965 1720 Chettzeum
996 1704 1013 1729 ,
1058 1671 1114 1717 et
1150 1662 1243 1732 qui
1291 1665 1689 1730 consequenter
1720 1662 1946 1711 enume-

386 1768 599 1815 rantur.
636 1756 709 1811 Et
740 1766 879 1811 sorte
907 1755 1085 1809 divisit
1118 1754 1193 1807 eis
1222 1763 1417 1807 terram
1456 1752 1510 1804 in
1555 1746 1790 1819 funiculo
1828 1746 1943 1799 diss

2034 553 2185 623 φησὶ,
2231 552 2325 605 τοῦ
2357 551 2527 623 ἀμνοῦ
2567 552 2629 605 τὸ
2680 554 3003 623 μυστήριον,
3045 552 3271 618 διέξοδον
3300 553 3497 606 δέδωκε
3523 556 3591 624 τῇ

2031 642 2187 714 ὀργῇ,
2223 645 2371 706 ὅπως
2393 643 2483 697 τὸν
2512 641 2675 695 αὐτοῦ
2707 642 2945 714 παρέλθῃ
2972 642 3098 695 λαὸν
3116 683 3132 707 ,
3163 643 3256 696 καὶ
3292 642 3366 714 μὴ
3390 644 3594 713 ἅψηται

2032 735 2140 787 τῶν
2185 734 2346 788 αὑτοῦ
2390 733 2682 787 τελούντων
2713 734 2773 788 τὸ
2808 735 3122 805 μυστήριον.
3162 733 3320 788 Ἀλλά
3357 735 3597 804 φυλάξας

2032 824 2250 890 τούτους
2287 825 2377 879 διά
2414 824 2506 878 τοῦ
2550 825 2724 890 ἔξοδον
2762 824 2942 879 δοῦναι
2990 828 3054 896 τῇ
3090 826 3256 896 ὀργῇ,
3285 825 3460 880 αὐτῶν
3488 826 3597 880 τῶν

2034 916 2242 987 ψυχῶν,
2273 917 2473 989 δηλαδὴ
2514 917 2621 971 τῶν
2659 916 3001 986 Αἰγυπτίων,
3036 918 3146 969 οὐκ
3174 917 3454 985 ἐφείσατο
3478 916 3596 972 ἀπὸ

2036 1004 2314 1060 θανάτου·
2338 1005 2617 1076 παρέδωκε
2643 1005 2751 1077 γὰρ
2782 1006 2860 1075 τῷ
2891 1004 3259 1075 ἐξὸλοθρευτῇ.

2106 1095 2213 1149 Kal
2248 1095 2564 1165 εισήγαγεν
2586 1095 2805 1161 αὐτοὺς
2825 1098 2910 1161 εις
2936 1094 3073 1163 ὄρος
3105 1094 3467 1165 ἁγιάσματος
3497 1097 3603 1150 αὐ-

2036 1186 2162 1241 τοῦ.
2200 1187 2549 1259 Ἰερουσαλήμ
2573 1205 2704 1259 φησι
2729 1188 2824 1240 καὶ
2847 1187 2935 1239 τὸν
2969 1186 3104 1256 μετὰ
3130 1186 3302 1241 ταῦτα
3323 1187 3603 1259 οἰκοδομη-

2040 1275 2197 1330 θέντα
2240 1278 2297 1330 ὲν
2339 1278 2472 1348 αὐτῇ
2522 1277 2666 1331 ναόν.
2714 1278 2881 1345 Ὄρος
2925 1276 3100 1329 τοῦτο
3144 1276 3174 1329 ὃ
3216 1276 3513 1347 ἐκτήσατο
3560 1276 3600 1343 ή

2039 1368 2205 1432 δεξιὰ
2248 1369 2451 1423 αὐτοῦ.
2493 1368 2663 1432 Αὐτὸς
2691 1369 2799 1438 γάρ
2843 1368 2990 1420 ἐστιν
3028 1370 3058 1420 6
3097 1368 3327 1438 Χριστὸς
3376 1368 3409 1438 ἡ
3454 1365 3603 1431 δεξιὰ

2040 1459 2133 1513 τοῦ
2182 1460 2413 1532 Πατρὸς,
2449 1463 2477 1513 ὁ
2504 1460 2599 1514 καὶ
2632 1460 2796 1513 πάλαι
2824 1459 3291 1530 σπροπορευόμενος
3326 1457 3418 1512 τοῦ
3451 1457 3602 1524 λαοῦ,

2042 1551 2134 1603 καὶ
2160 1551 2398 1621 κατακλη
2409 1551 2632 1622 ροδοτῶν
2658 1552 2837 1613 αὐτοῖς
2863 1550 2962 1620 τῆς
2996 1548 3324 1616 ἐπαγγελίας
3348 1546 3446 1619 τὴν
3477 1548 3603 1618 γῆν.

2044 1643 2153 1697 Kal
2199 1643 2485 1707 ἐξέϐαλεν
2524 1643 2641 1697 ἀπὸ
2691 1642 3009 1711 προσώπου
3055 1640 3250 1696 αὐτῶν
3289 1642 3451 1709 ἔθνη.
3502 1642 3606 1695 Τὸν

2058 1734 2377 1805 Ἀμορῤαἰον
2406 1735 2499 1787 καὶ
2530 1735 2621 1787 τὸν
2650 1735 2907 1787 Χετταῖον
2926 1773 2941 1798 ,
2985 1734 3076 1787 καὶ
3110 1733 3235 1796 τοὺς
3268 1733 3394 1803 ἑξῆς
3422 1733 3610 1804 δηλου-

391 1850 712 1905 lributiouis.
762 1846 1011 1917 Expulsis
1059 1860 1123 1900 ac
1176 1844 1370 1899 deletis
1408 1816 1614 1910 septem
1671 1820 1979 1909 gentibus.

2066 1828 2258 1890 ιένους.
2306 1827 2415 1882 Kal
2459 1826 2938 1895 ἐκληροδότησεν
2979 1826 3197 1891 αὐτοὺς
3240 1826 3311 1879 ἐν
3359 1826 3608 1896 σχοινίῳ

386 1940 523 1997 Nam
544 1942 827 2013 pulsorum
856 1940 1017 1994 urbes
1048 1939 1351 2007 domosque
1382 1933 1763 2006 possederunt.

460 2198 549 2255 56.
589 2197 657 2253 Et
697 2204 1020 2251 tentaoerunt
1063 2202 1115 2248 et
1161 2190 1602 2247 exacerbaverunt
1644 2190 1814 2245 Deum
1853 2204 1938 2245 ex-

390 2288 605 2343 celsum.
651 2285 1034 2349 ldololatriam,
1060 2299 1181 2353 quae
1216 2282 1465 2353 judicum
1502 2290 1556 2335 et
1586 2295 1771 2352 regum
1817 2290 1953 2336 tem-

390 2392 520 2448 pore
568 2376 785 2430 inducta
817 2373 938 2434 fuit.
984 2381 1219 2427 enarrat.
1263 2371 1332 2425 Et
1360 2371 1658 2425 testimonia
1694 2369 1805 2440 ejus
1849 2388 1952 2427 non

392 2463 771 2519 custodierunt.

463 2553 554 2608 57.
607 2552 672 2605 Et
706 2556 1003 2605 averterunt
1051 2565 1138 2615 se,
1184 2564 1289 2602 non
1326 2556 1659 2603 servaverunt
1700 2558 1951 2618 pactum,

366 2643 830 2716 quemadmodum
859 2653 1034 2713 patres
1067 2656 1316 2695 eorum...
1361 2638 1826 2705 Quemadmodum
1861 2655 1957 2709 pa-

390 2740 505 2788 tres
541 2748 759 2799 eorum,
791 2732 894 2795 ait,
924 2733 978 2785 in
1013 2731 1259 2794 deserto,
1299 2729 1637 2797 redemptore
1669 2728 1952 2798 abnegato,

393 2827 623 2882 vitulum
655 2824 938 2880 fecerunt:
972 2824 1046 2877 ita
1092 2832 1146 2878 et
1179 2822 1269 2877 isti
1302 2822 1501 2877 erectis
1535 2821 1719 2876 vitulis
1744 2822 1957 2877 sacriﬁ-

395 2919 612 2980 cabant,
645 2915 755 2971 Deo
784 2915 1061 2975 derelicto.

463 3005 553 3061 58.
598 3003 663 3057 In
686 3005 822 3058 iram
858 3004 1249 3057 concitaverunt
1270 3018 1386 3055 eum
1413 3002 1467 3055 in
1497 3001 1719 3056 collibus
1742 3004 1873 3057 suis.
1898 3002 1957 3057 lu

2045 1918 2465 1987 κληροδοσίας.
2507 1917 2692 1971 Αὐτῶν
2734 1918 2842 1970 τῶν
2874 1914 3230 1982 ἐξελαθέντων
3275 1917 3366 1970 καὶ
3408 1918 3610 1988 ἀνῃρη-

2051 2009 2224 2080 μένων
2250 2008 2387 2062 emat
2413 2008 2599 2062 ἐθνῶν.
2631 2009 2741 2071 Τὰς
2764 2008 2873 2078 γὰρ
2901 2008 3083 2072 πόλεις
3110 2008 3287 2062 αὐτῶν
3316 2006 3424 2061 τῶν
3450 2009 3608 2061 ἐκδε-

2047 2100 2146 2170 ὁλη
2155 2101 2325 2170 μένων
2353 2101 2444 2153 καὶ
2473 2101 2599 2163 τοὺς
2632 2098 2811 2163 οἴκους
2842 2098 3299 2171 ἐκληρονόμησαν.

2116 2192 2223 2245 Καὶ
2244 2191 2569 2259 ἐπείρασαν
2595 2190 2693 2245 καὶ
2720 2182 3170 2260 παρεπίκραναν
3193 2191 3301 2245 τὸν
3329 2189 3479 2244 Θεὸν
3504 2188 3614 2243 τὸν

2049 2281 2329 2350 ὕψιστον.
2365 2281 2475 2352 Τὴν
2515 2280 2605 2334 ἐπὶ
2633 2280 2740 2335 τῶν
2784 2281 2983 2353 κριτῶν
3011 2280 3307 2351 γενομένην
3335 2279 3616 2334 εἰδωλολα-

2048 2369 2231 2440 τρείαν
2280 2370 2567 2441 σημαίνει,
2617 2371 2712 2423 καὶ
2752 2370 2851 2442 τὴν
2886 2372 2978 2423 ἐπὶ
3023 2369 3129 2423 τῶν
3177 2368 3613 2440 βασιλειῶνλίαι

2051 2461 2121 2515 τὰ
2146 2464 2437 2531 μαρτύρια
2465 2462 2650 2515 αὐτοῦ
2689 2464 2799 2515 οὐκ
2827 2461 3225 2532 ἐφυλάξαντο.

2122 2554 2231 2608 Kal
2264 2553 2673 2623 ἀπέστρεψαν,
2708 2547 2805 2607 kal
2850 2554 3174 2622 ἠθέτησαν,
3205 2553 3397 2621 καθὼς
3430 2553 3527 2607 καὶ
3557 2552 3618 2607 οἱ

2054 2643 2301 2712 πατέρες
2340 2645 2556 2699 αὐτῶν.
2593 2647 2801 2718 Ὥσπερ
2831 2648 2880 2699 οί
2926 2642 3158 2720 πατέρες
3194 2645 3405 2709 αὐτῶν,
3427 2645 3613 2717 φησιν,

2055 2736 2112 2789 ἐν
2138 2738 2202 2807 τῇ
2235 2736 2426 2808 ἐρήμῳ
2468 2736 2560 2789 τὸν
2607 2738 2804 2809 μόσχον
2845 2740 3192 2807 πεποιήκασι,
3224 2738 3313 2790 τὸν
3338 2737 3616 2809 λυτρωτὴν

2056 2826 2451 2898 ἀρνησάμενοι·
2496 2825 2639 2880 οὕτω
2683 2828 2779 2882 καὶ
2821 2820 2963 2881 οὗτοι
3015 2828 3175 2882 πάλιν
3218 2829 3318 2891 τὰς
3357 2827 3617 2899 δαμάλεις

2057 2916 2340 2981 ἀναθέντες
2368 2916 2542 2982 ἐθυον,
2574 2918 3028 2987 ἐγκαταλιπόντες
3048 2919 3197 2973 Θεόν.

2130 3010 2236 3064 Kal
2270 3007 2649 3079 παρώργισαν
2672 3009 2858 3065 αὐτὸν
2882 3011 2952 3065 ἐν
2979 3011 3103 3078 τοῖς
3128 3011 3381 3080 βουνοῖς
3399 3009 3613 3066 αὐτῶν.

396 3099 651 3193 omnibus
690 3097 834 3153 enim
876 3097 1142 3152 montium
1188 3095 1562 3151 cacuminibus
1608 3095 1958 3151 immolabant

2072 3101 2196 3154 Ἐπὶ
2245 3101 2425 3153 πᾶσαν
2480 3101 2590 3173 γὰρ
2650 3103 2890 3174 κορυφὴν
2932 3103 3091 3174 ὅρους
3136 3106 3245 3168 τοῖς
3292 3103 3620 3174 ἀκαθάρτοις

397 3175 758 3254 (immanibus,
794 3197 853 3242 ut
880 3187 954 3241 ait
982 3184 1152 3240 Oseas
1182 3184 1446 3254 propheta
1467 3184 1536 3239 ".

466 3280 556 3336 59.
583 3280 798 3333 Audiuit
828 3278 968 3332 Deus
998 3287 1047 3332 et
1076 3277 1289 3347 sprevit,
1330 3286 1379 3330 et
1410 3276 1480 3330 ad
1507 3276 1731 3330 nihilum
1763 3277 1959 3347 redegit

398 3373 549 3427 valde
578 3372 769 3428 Israel.
790 3371 997 3426 Traditi
1022 3371 1167 3424 enim
1193 3375 1323 3424 sunt
1344 3368 1508 3424 variis
1535 3369 1956 3435 captivitatibus.

469 3550 556 3605 60.
580 3542 644 3604 Et
675 3549 865 3619 repulit
899 3549 1290 3603 tabernaculum
1318 3546 1507 3604 Silam.
1537 3546 1595 3601 ln
1623 3545 1791 3600 Silom
1814 3545 1959 3600 enim

400 3651 520 3696 erat
552 3644 702 3711 prius
731 3641 1165 3704 tabernaculum,
1198 3655 1306 3710 quo
1332 3651 1574 3708 tempore
1599 3638 1959 3693 sacerdotium

398 3736 725 3789 exercebant
751 3731 867 3787 Heli
909 3741 963 3785 et
992 3729 1228 3786 Samuel.
1263 3729 1676 3784 Tubernaculum
1700 3726 1791 3781 ubi
1819 3727 1963 3781 habi-

403 3824 531 3877 tavit
559 3825 613 3876 in
639 3822 958 3876 hominibus.
983 3819 1412 3875 Tabernaculum
1447 3819 1577 3874 dicit
1603 3834 1806 3883 arcam,
1840 3832 1964 3887 qua:

401 3913 716 3968 hominibus
748 3912 853 3965 illis
880 3918 1064 3982 erepta
1095 3918 1199 3975 est,
1226 3925 1257 3964 a
1291 3908 1534 3979 quinque
1566 3907 1816 3978 satrapiis
1842 3921 1964 3977 qua:

399 4005 741 4063 abstulerunt
778 4003 946 4057 illam.

471 4097 560 4151 61.
603 4095 671 4148 Et
712 4093 931 4148 tradidit
969 4093 1024 4147 in
1059 4092 1417 4162 captivitatem
1468 4092 1715 4146 virtutem
1759 4105 1962 4155 eorum,

402 4198 454 4242 et
485 4185 931 4257 pulchritudinem
961 4199 1166 4237 eorum.
1198 4178 1382 4238 Virtus
1412 4191 1466 4237 et
1489 4181 1834 4252 pulchritudo
1870 4195 1967 4236 eo-

406 4294 528 4334 rum
547 4288 663 4334 erat
684 4292 829 4342 arca,
852 4292 973 4346 qua:
992 4275 1188 4330 tradita
1216 4284 1299 4331 est
1319 4274 1375 4328 in
1399 4288 1594 4329 manus
1621 4272 1962 4327 Azotiorutn.

2059 3192 2211 3248 ἔθυον
2237 3195 2503 3267 δαίμοσιν,
2529 3195 2605 3258 ὡς
2636 3195 2664 3248 6
2696 3196 2974 3266 προφήτης
3014 3195 3170 3265 Ὠσηέ
3199 3212 3380 3265 φησιν.

2131 3285 2423 3339 Ἤκουσεν
2447 3288 2480 3339 δ
2509 3283 2651 3351 Θεὸς
2683 3284 2781 3338 καὶ
2811 3284 3097 3353 ὑπερεῖδε,
3128 3285 3223 3339 καὶ
3252 3283 3622 3350 έξουδένωσε

2057 3374 2290 3442 σφόδρα
2343 3373 2599 3442 Ἰσραήλ.
2642 3356 3022 3447 Παρεδόθησαν
3058 3374 3165 3446 γὰρ
3214 3378 3292 3440 είς
3337 3375 3625 3448 διαφόρους

2058 3466 2445 3538 αἰχμαλωσίας.

2126 3556 2236 3609 Kal
2267 3555 2548 3610 ἀπώσατο
2593 3555 2709 3625 τὴν
2751 3557 2994 3626 σκηνὴν
3033 3556 3264 3629 Σηλώμ.
3305 3558 3393 3613 Ἐν
3419 3557 3623 3630 Σηλὼμ

2059 3645 2166 3717 γὰρ
2207 3640 2273 3716 ἦν
2335 3645 2397 3699 τὸ
2450 3646 2709 3717 πρότερον
2757 3646 2791 3716 ἡ
2843 3648 3052 3718 σκηνὴ,
3100 3647 3261 3718 ἡνίκα
3307 3647 3624 3717 ίεράτευσαν

2071 3735 2218 3789 Ἠλεὶ
2244 3737 2337 3789 καὶ
2365 3736 2632 3807 Σαμουήλ.
2667 3734 2956 3805 Σκήνωμα
2992 3736 3024 3790 δ
3067 3737 3525 3807 κατεσκήνωσεν
3554 3739 3626 3792 ἐν

2061 3825 2405 3895 ἀνθρώποις.
2438 3827 2708 3898 Σκήνωμα
2731 3828 2829 3898 τὴν
2866 3827 3094 3882 κιϐωτόν
3127 3846 3287 3899 φησιν
3306 3869 3321 3893 ,
3350 3829 3494 3901 ἥπερ
3516 3829 3629 3883 ἀπὸ

2062 3916 2167 3970 τῶν
2196 3915 2496 3987 ἀνθρώπων
2532 3916 2752 3970 ἐκείνων
2786 3919 3065 3991 ἀφῄρηται
3097 3919 3202 3973 τῶν
3236 3921 3396 3974 πέντε
3423 3936 3625 3992 σατρα-
3718 3980 3723 3983 _

2063 4006 2229 4060 πειῶν
2258 4006 2364 4060 τῶν
2391 4006 2665 4060 λαϐουσῶν
2690 4007 2879 4078 αὐτήν.

2134 4098 2245 4154 Kal
2294 4099 2634 4168 παρέδωκεν
2682 4102 2769 4166 εις
2817 4103 3229 4171 αἰχμαλωσίαν
3282 4102 3397 4171 τὴν
3443 4102 3632 4174 ἰσχὺν

2064 4190 2294 4257 αὐτῶν,
2342 4192 2439 4245 καὶ
2481 4192 2797 4260 καλλονὴν
2848 4192 3064 4248 αὐτῶν.
3107 4196 3279 4266 Ἰσχὺς
3319 4196 3496 4250 αὐτῶν
3531 4197 3631 4250 καὶ

2070 4284 2175 4354 μὴν
2202 4283 2295 4336 καὶ
2324 4282 2552 4355 καλλονὴ
2578 4285 2611 4354 ἠ
2646 4282 2875 4346 κιϐωτὸς
2894 4279 2964 4355 ἦν
2994 4285 3029 4356 ἢ
3064 4286 3414 4359 παραδέδοται
3455 4287 3629 4351 Ἀζω-

2067 4375 2194 4427 τίων
2224 4375 2303 4437 et;
2329 4376 2533 4444 χεῖραςι

477 4475 567 4529 δε.
601 4473 671 4527 Et
701 4473 953 4527 conclusit
1000 4473 1056 4526 in
1099 4471 1278 4542 gladio
1314 4470 1563 4540 populum
1604 4486 1777 4524 suum.
1824 4468 1963 4524 Cum

2133 4465 2243 4521 Kal
2264 4455 2658 4521 συνέκλεισεν
2683 4468 2769 4532 εὶς
2789 4469 3094 4537 ῥομφαίαν
3112 4468 3218 4524 τὸν
3240 4469 3393 4524 λαὸν
3416 4471 3627 4527 αὑτοῦ.

408 4566 733 4620 ducerentur
766 4565 910 4618 enim
950 4563 1005 4617 in
1035 4563 1399 4633 captivitatem
1446 4561 1834 4622 moriebantur,
1873 4574 1969 4613 ne-

410 4656 557 4710 mine
601 4654 930 4718 auxiliante,
977 4653 1104 4723 quia
1138 4650 1437 4708 familiares
1466 4666 1656 4707 eorum
1707 4650 1830 4721 igne
1872 4649 1970 4703 ab-

411 4745 610 4815 sumpti
649 4742 883 4798 fuerant.

480 4833 570 4889 64.
611 4832 919 4889 Sacerdotes
953 4848 1132 4887 eorum
1160 4832 1215 4885 in
1239 4831 1415 4901 gladio
1443 4830 1760 4885 ceciderunt.
1804 4828 1972 4886 Filios

411 4918 529 4980 Heli
572 4924 869 4981 sacerdotis
901 4924 1033 4979 dicit
1067 4922 1171 4978 :Et
1211 4924 1382 4978 viduae
1422 4938 1602 4978 eorum
1643 4937 1749 4975 non
1787 4920 1973 4990 plora-

413 5020 626 5073 buntur.
670 5016 952 5071 Perierunt
984 5016 1130 5071 enim
1170 5015 1358 5070 eodem
1405 5013 1608 5075 exitio,
1645 5021 1807 5083 atque
1836 5011 1970 5066 viris

412 5109 471 5163 in
500 5115 674 5163 morte
705 5104 1009 5173 conjunctae
1038 5111 1198 5167 sunt,
1241 5116 1417 5172 neque
1452 5100 1706 5170 lacrymis
1739 5110 1798 5155 ut
1834 5100 1976 5157 solet
1996 5155 2018 5170 _.

2042 5214 2045 5217 λ
2073 5195 2166 5248 ἐπὶ
2191 5198 2400 5267 νεκροῖς
2424 5197 2735 5263 ἀξιωθεῖσαι
2756 5199 3025 5270 δακρύων.

416 5202 472 5256 in
500 5199 729 5256 mortuis
760 5202 871 5252 lien
902 5196 1192 5266 deploratae
1218 5203 1366 5251 sunt.

488 5290 576 5345 66.
619 5288 689 5343 Et
715 5285 969 5358 percussit
1007 5284 1245 5338 inimicos
1273 5299 1395 5337 suos
1424 5284 1481 5337 in
1502 5284 1818 5353 posteriora.
1859 5281 1975 5338 Hoc

418 5380 494 5435 ait
528 5382 656 5451 quia
695 5379 915 5434 AzOtios
946 5384 1001 5431 et
1031 5375 1372 5431 Ascalonitas
1421 5374 1476 5428 in
1518 5374 1803 5445 podicibus
1847 5389 1971 5444 per-

418 5473 609 5538 cussit,
633 5471 806 5525 donec
829 5467 1165 5524 remitterent
1192 5470 1413 5523 arcam.’

490 5560 579 5617 67.
622 5558 687 5614 Et
714 5560 903 5629 repulit
930 5557 1324 5614 tabernaculum
1350 5556 1565 5628 Ioseph.
1606 5554 1722 5615 Hoc
1744 5557 1819 5614 ait
1846 5555 1975 5628 quia

527 5759 573 5791 ἰ
610 5756 733 5814 Ose.
773 5772 847 5827 ιι,
889 5762 977 5821 12.

2080 4558 2356 4628 Ἀγόμενοι
2382 4558 2493 4631 γὰρ
2524 4559 2873 4629 αἰχμάλωτοι,
2897 4560 3255 4631 ἀπέθνησκον,
3288 4563 3497 4626 οὐδενὸς
3528 4563 3628 4616 αὐ-

2068 4652 2179 4712 τοῖς
2225 4648 2673 4721 ἐπικουροῦντος,
2716 4649 2802 4703 διὰ
2845 4649 2907 4704 τὸ
2945 4652 3441 4724 πρώεδαπανῆσθαι
3496 4655 3634 4727 πυρὶ

2068 4742 2195 4803 τοὺς
2226 4740 2558 4811 ἐπιτηδείους
2586 4741 2784 4798 αὐτῶν.

2142 4835 2207 4885 Ol
2239 4832 2411 4900 ἱερεῖς
2441 4832 2639 4887 αὐτῶν
2667 4835 2738 4888 ἐν
2751 4835 3015 4904 ῥομφαίᾳ
3044 4835 3286 4891 ἔπεσον.
3314 4836 3451 4898 Τοὺς
3482 4835 3638 4899 υἱοὺς

2084 4921 2233 4975 Ἠλεὶ
2273 4922 2368 4976 τοῦ
2415 4923 2604 4994 ἱερέως
2649 4924 2817 4993 λέγει.
2849 4924 2959 4979 Kal
3003 4928 3062 4979 al
3109 4924 3289 4994 χῆραι
3320 4923 3518 4979 αὐτῶν
3556 4927 3633 4980 οὐ

2071 5011 2530 5078 κλαυθήσονται.
2557 5014 2935 5067 Συνδιολώλασι
2955 5013 3062 5087 γὰρ
3085 5018 3148 5085 τῇ
3175 5014 3350 5069 αὐτῶν
3367 5014 3632 5087 ἀπωλείᾳ,

2072 5103 2166 5157 καὶ
2192 5103 2268 5174 τῷ
2306 5104 2413 5156 τῶν
2456 5104 2662 5176 ἀνδρῶν
2701 5105 2912 5176 θανάτῳ
2945 5105 3316 5178 συνήφθησαν,
3359 5106 3492 5177 μηδέ
3522 5105 3635 5160 τῶν

2143 5286 2252 5340 Kal
2278 5286 2539 5351 ἐπάταξε
2565 5287 2707 5354 τοὺς
2738 5288 2989 5357 ἐχθροὺς
3011 5288 3196 5342 αὑτοῦ
3218 5289 3303 5354 είς
3326 5287 3398 5341 τὰ
3418 5287 3632 5341 ὀπίσω.

2074 5374 2245 5429 Τοῦτό
2291 5393 2421 5446 φησι
2457 5376 2544 5431 διά
2584 5377 2646 5431 τὸ
2687 5379 2970 5443 Ἀξιιγτίους
3004 5379 3097 5433 καὶ
3131 5377 3525 5441 Ἀσκαλωνίτας
3554 5378 3636 5440 εἰς

2073 5466 2171 5532 τὰς
2191 5469 2351 5540 ἔδρας
2374 5468 2630 5535 πατάξαι,
2656 5468 2814 5543 ἄχρις
2839 5464 2899 5525 οὗ
2917 5471 3015 5541 τὴν
3039 5469 3266 5524 κιϐωτὸν
3289 5468 3634 5523 ἀπέστειλαν.

2152 5558 2258 5645 Kal
2303 5557 2581 5614 ἀπώσατο
2623 5560 2689 5615 τὸ
2717 5560 3001 5631 σκήνωμα
3041 5559 3272 5629 Ἰωσήφ.
3306 5558 3476 5613 Τοῦτό
3503 5574 3638 5628 φηςι
