3976 6220
286 358 389 413 357

1312 352 1680 410 EXPOSITIO
1709 351 1776 408 IN
1811 354 2143 411 PSALMUM
2184 353 2465 410 LXXVIII.
2574 412 2583 422 ,

3419 356 3530 417 553

283 478 367 531 διὰ
407 476 468 528 τὸ
504 475 603 545 τὴν
641 473 838 545 Σηλὼμ
887 475 961 527 ἐν.
989 475 1056 544 τῇ
1093 472 1267 544 μερίδι
1314 468 1450 526 εἶναι
1492 472 1584 527 τοῦ
1632 474 1842 543 Ἰωσήφι

1958 473 2274 543 δίιοιιιιεηη
2309 474 2360 528 in
2397 474 2646 543 portione
2671 472 2906 544 Joseph;
2938 473 3194 545 Ephraim
3242 484 3422 531 autem
3457 478 3523 531 Il-

295 564 530 636 Ἐιρραῒμ
554 565 612 617 δὲ
643 563 758 627 υἱὸς
797 563 1011 633 Ἰωσήφ.

348 656 457 711 Καὶ
498 655 819 721 ἐξελέξατο
874 656 989 723 τὴν
1033 653 1239 724 φυλὴν
1290 654 1504 710 Ἰούδα.
1565 655 1696 708 Ἀπὸ
1742 654 1851 727 γὰρ

281 748 480 819 ταύτης
522 748 651 812 τοὺς
700 746 953 818 βασιλέας
999 747 1272 820 ἐποίησεν,
1304 741 1379 801 ῶν
1410 747 1624 820 πρῶτος
1666 748 1849 802 Δαυΐδ.

293 839 490 894 ’ἰστέον
533 839 625 906 δέ,
673 839 749 903 ὡς
794 840 966 911 φυλὴν
1008 841 1128 893 ἀντὶ
1177 839 1348 911 φυλῆς
1397 839 1709 907 ἐξελέξατο,
1752 840 1852 911 τὴν

294 931 460 985 Ἰούδα
504 930 628 984 ἀντὶ¹
670 930 771 1000 τῆς
811 931 1028 1001 Ἰωσήφ·
1064 931 1160 984 καὶ
1200 931 1364 985 τόπον
1397 932 1518 986 ἀντὶ
1563 933 1760 997 τόπου,
1790 933 1851 987 τὸ

280 1020 400 1093 ὅρος
428 1018 568 1073 Σιὼν
595 1019 716 1071 ἀντὶ
748 1019 846 1089 τῆς
874 1018 1091 1092 Σηλὼμ.

347 1110 460 1168 Kal
493 1111 882 1181 ᾠκοδόμησεν
923 1112 1004 1178 ὡς
1041 1113 1450 1183 μονοκέρωτος
1491 1115 1558 1169 τὸ
1589 1115 1852 1185 ἁγίασμα

279 1203 484 1258 αὑτοῦ.
542 1202 812 1273 Ἀγίασμα
881 1205 977 1275 μὲν
1038 1206 1129 1260 τὸν
1183 1207 1324 1261 θεῖον
1387 1210 1444 1261 ἐν
1501 1209 1850 1281 Ἰερουσαλὴμ

282 1294 691 1367 ᾠκοδομηθέντα
715 1294 859 1364 λέγει
887 1295 1031 1348 ναόν·
1056 1296 1375 1369 Μονόκερως
1402 1297 1458 1351 δὲ
1491 1296 1674 1369 θηρίον
1705 1299 1851 1352 ἐστὶν

281 1388 718 1459 ἁκαταμάχητον,
742 1388 829 1441 διὰ
853 1388 914 1441 τὸ
937 1388 1029 1455 ὀξὺ
1057 1388 1223 1462 κέρας
1248 1391 1338 1443 ἐπὶ
1363 1389 1615 1461 μετώπου
1640 1391 1847 1462 φέρειν,

283 1482 373 1535 καὶ
405 1481 583 1534 πάντα.
608 1479 780 1551 τούτῳ
812 1482 1053 1552 ἀναιρεῖν
1082 1482 1149 1535 τὰ
1178 1481 1361 1553 θηρία.
1386 1481 1547 1550 Λέγει
1577 1479 1688 1545 οὖν,
1720 1484 1848 1535 Ὅτε

279 1570 449 1634 οὕτως
490 1571 519 1623 ὁ
558 1570 698 1635 θεῖος
750 1571 1069 1645 ᾠκοδομήθη
1118 1573 1265 1637 ναὸς,
1308 1572 1382 1637 ὡς
1428 1573 1603 1627 πάντα
1630 1574 1698 1628 τὰ
1723 1573 1847 1645 ἔθνη

278 1664 374 1734 τῆς
399 1663 626 1734 ἐνούσης
653 1667 712 1718 ἐν
743 1664 892 1735 αὐτῷ
926 1665 1108 1735 ἰσχύος
1131 1665 1355 1735 δεύτερα
1390 1666 1688 1734 φαίνεσθαι.

355 1752 703 1816 Ἐξόπισθεν
746 1751 865 1807 τῶν
910 1754 1328 1823 λοχευομένων
1378 1756 1594 1810 ἐλαϐεν
1640 1758 1842 1811 αὐτόν.

279 1844 618 1915 Τικτομὲνων
645 1847 738 1899 καὶ
764 1847 1134 1918 γεννωμένων.
1182 1848 1314 1902 Ἀπὸ
1342 1849 1438 1920 τῆς
1462 1853 1840 1922 ποιμαντικῆς,

280 1936 469 2006 φησὶν,
523 1938 853 2009 ἐπιστήμης,
896 1940 989 1993 καὶ
1036 1941 1129 1993 τοῦ
1176 1940 1375 1995 εἰδέναι
1407 1941 1477 1995 τὰ
1518 1943 1845 2015 λοχευόμενα

277 2027 378 2082 τῶν
431 2028 715 2100 προϐάτων
761 2031 1135 2100 διαφυλάττειν
1156 2075 1172 2098 ,
1217 2032 1394 2097 καλῶς
1437 2034 1718 2089 ἀναλαϐὼν
1751 2036 1845 2090 καὶ

277 2118 377 2172 τῶν
408 2120 641 2189 λογικῶν
670 2120 1000 2194 θρεμμάτων
1027 2124 1263 2192 ποιμένα
1295 2126 1579 2198 πεποίηκε.
1607 2127 1844 2197 Ποίμαι-

276 2227 401 2265 νειν
445 2211 648 2266 Ἰακὼϐ
670 2214 773 2266 τὸν
798 2212 1023 2268 δοῦλον
1054 2215 1257 2270 αὐτοῦ.
1292 2217 1566 2281 Τουτέστι,
1591 2218 1842 2273 διδάσκα-

276 2303 358 2369 λος
400 2305 582 2369 αὐτοῖς
615 2306 833 2375 ἀγαθῶν
876 2309 1091 2380 τρόπων
1131 2297 1364 2379 ἐγένετο,
1412 2311 1477 2365 δι’
1520 2304 1595 2365 ὧν
1639 2310 1843 2364 ἐπεδείο

276 2412 433 2449 κνυτο
458 2396 751 2463 παιδεύσας
776 2396 988 2464 αὐτούς.

341 2485 453 2541 Καὶ
481 2487 554 2541 ἐν
590 2488 718 2553 ταῖς
759 2489 1051 2544 συνέσεσι
1086 2490 1203 2545 τῶν
1229 2488 1443 2559 χειρῶν
1473 2491 1658 2546 αὑτοῦ
1687 2492 1841 2562 ὡδή-

274 2592 461 2644 ⁸ινινησεν
498 2580 740 2645 αὐτούς.
782 2579 1003 2634 Σύνεσιν
1050 2580 1246 2652 χειρῶν
1293 2584 1471 2636 πᾶσαν
1512 2583 1610 2654 τὴν
1655 2584 1713 2637 ἐν
1764 2583 1841 2655 τῷ

276 2669 601 2740 προσήκοντι
625 2669 822 2738 πρᾶξιν
844 2671 1131 2743 γινομένην
1158 2673 1339 2743 φησίν.

588 2784 589 2787 ~
645 2764 953 2816 ΨΑΛΜΟΣ
981 2761 1062 2828 τῷ
1102 2764 1303 2834 Ἀσάφ.
1343 2760 1473 2821 oH'.

917 2856 1236 2923 Ὑπόθεσις.

273 2943 469 2999 Τοῦτον
502 2946 617 3017 ᾅδει
648 2946 739 3000 τὸν
778 2947 987 3019 ψαλμὸν
1020 2948 1160 3021 ὑπὲρ
1201 2950 1309 3003 τῶν
1335 2949 1724 3022 ἀναιρεθέντων
1752 2969 1841 3005 πι-

338 3036 489 3108 κρῶς
529 3037 672 3092 κατὰ
701 3039 826 3102 τοὺς
867 3040 1092 3111 καιροὺς
1122 3041 1215 3094 τοῦ
1242 3024 1554 3114 ”Ᾱντιόχου·
1586 3042 1750 3097 αἰτῶν
1780 3061 1839 3097 τε

1952 563 2061 618 lius
2086 572 2203 619 erat
2226 563 2450 634 Ioseph.

2020 652 2108 706 68.
2150 651 2251 707 Sed
2296 654 2450 724 elegit
2496 655 2690 707 tribum
2735 651 2902 708 Iuda.
2945 652 3026 707 Ex
3070 668 3135 708 ea
3179 653 3323 709 enim
3370 670 3526 726 reges

1950 746 2270 812 constituit,
2312 761 2544 817 quorum
2575 748 2784 817 primus
2816 746 2916 802 fuit
2972 746 3163 802 David.
3221 746 3520 802 Sciendum

1950 844 2130 891 autem
2158 837 2360 891 tribum
2389 853 2487 907 pro
2518 838 2661 892 tribu
2683 838 2910 907 elegisse
2935 836 3127 899 Deum.
3150 838 3349 893 tribum
3380 838 3519 894 Inda

1949 942 2050 996 pro
2078 928 2217 982 tribu
2248 926 2502 999 Iosephi;
2534 939 2587 984 et
2616 930 2794 986 locutu
2828 944 2928 1000 pro
2950 930 3092 995 loco,
3116 942 3355 985 montem
3385 930 3518 987 Sion

1950 1034 2048 1088 pro
2076 1017 2270 1073 Silom.

2018 1109 2107 1164 69.
2154 1109 2222 1163 Et
2265 1110 2551 1179 aediﬁcavit
2596 1112 2733 1165 sicut
2780 1112 3115 1166 unicornium
3166 1111 3520 1182 sancti/icium

1949 1217 2125 1256 suum.
2150 1201 2521 1257 Snnctillcium
2550 1204 2702 1267 dicit,
2726 1204 2971 1258 divinum
3002 1204 3057 1259 in
3088 1201 3390 1259 Jerusalem
3421 1220 3518 1259 ex-

1950 1289 2170 1344 citatum
2207 1291 2487 1359 templum.
2522 1290 2809 1348 Unicornis
2842 1302 3022 1348 autem
3044 1334 3060 1359 ,
3100 1293 3213 1348 fera
3245 1303 3330 1349 est
3365 1294 3519 1348 inex-

1948 1381 2275 1451 pugnabilis,
2303 1383 2432 1451 quia
2462 1393 2681 1438 acutum
2713 1384 2767 1437 in
2800 1384 2980 1440 fronte
3011 1400 3183 1440 cornu
3219 1386 3403 1450 habet,
3436 1396 3520 1440 at-

1947 1488 2053 1543 que
2098 1473 2190 1528 illo
2230 1475 2436 1530 belluas
2481 1490 2672 1531 omnes
2708 1477 2976 1533 interﬁcit.
3021 1477 3109 1532 Ait
3143 1477 3329 1549 igitur,
3369 1476 3508 1532 Cum

1947 1566 2284 1622 exstructum
2322 1566 2425 1623 fuit
2461 1570 2716 1638 templum
2763 1569 2915 1638 illud,
2952 1587 3143 1627 omnes
3172 1581 3360 1642 gentes
3401 1571 3516 1625 vir-

1947 1667 2060 1713 tute
2085 1659 2138 1712 in
2168 1660 2259 1713 illo
2286 1670 2537 1716 contenta
2569 1661 2856 1719 inferiores
2889 1662 3060 1719 fuisse
3090 1666 3256 1720 visas.

2023 1744 2111 1813 70,
2132 1748 2221 1805 71.
2242 1747 2317 1803 De
2334 1761 2449 1820 post
2466 1736 2687 1822 [clames
2712 1755 2910 1823 accepit
2933 1754 3363 1811 illum.Fetantes
3384 1754 3516 1811 dicit

1946 1847 2102 1893 natas
2134 1848 2187 1894 et
2209 1854 2397 1896 recens
2419 1843 2667 1898 emissas.
2689 1842 2965 1907 Davidem,
2991 1847 3136 1914 quod
3161 1858 3305 1903 esset
3331 1860 3515 1920 pasto:-

1944 1930 2082 1984 ritia:
2114 1932 2248 1987 artis
2280 1934 2509 2001 peritus,
2556 1942 2610 1989 et
2641 1936 2770 2005 quia
2801 1936 2967 1991 sciret
2995 1936 3133 1993 fetas
3166 1955 3296 1995 oves
3329 1953 3514 1997 custo-

1942 2019 2095 2086 dire,
2140 2023 2334 2077 merito
2384 2028 2711 2096 assumpsit,
2758 2036 2812 2084 et
2865 2031 3275 2087 rationabilium
3326 2036 3512 2090 ovium

1942 2120 2211 2181 pastorem
2243 2117 2543 2171 constituit.
2575 2118 2796 2173 Pascere
2822 2120 2987 2175 Jacob
3018 2139 3223 2177 servum
3251 2142 3428 2182 suum.
3457 2126 3514 2182 Id

1941 2213 2044 2269 est,
2069 2204 2260 2260 doctor
2295 2206 2426 2276 ipsis
2456 2212 2753 2278 proborum
2784 2229 2999 2269 morum
3028 2216 3151 2285 fuit,
3175 2234 3272 2287 per
3296 2234 3359 2274 ea
3391 2236 3515 2289 quae

1942 2291 2075 2349 fecit
2097 2297 2351 2353 erudiens
2374 2314 2487 2356 eos.

2013 2472 2098 2528 72.
2142 2473 2211 2528 Et
2238 2477 2581 2533 intellectibus
2611 2496 2864 2534 manuum
2899 2487 3116 2535 suarum
3152 2470 3372 2535 deduxit
3398 2498 3509 2537 eos.

1940 2561 2271 2621 Intellectum
2335 2584 2639 2636 manuum,
2694 2588 2884 2627 omnes
2949 2583 3105 2629 actus
3163 2576 3509 2631 convenienti

1941 2665 2182 2727 tempore
2210 2660 2387 2713 editos
2414 2660 2563 2717 dicit.

2217 2746 2268 2804 1.
2309 2749 2652 2808 ΡεΑωιυε
2684 2753 2884 2825 Asaph.
2925 2754 3259 2813 LXXVIII.

2512 2844 2914 2915 Argumentum.

1939 2948 2096 3006 Hunc
2119 2953 2267 3007 canit
2295 2955 2565 3023 psalmum
2597 2971 2695 3026 pro
2727 2957 2795 3012 iis
2824 2960 2918 3027 qui
2962 2958 3015 3012 in
3052 2967 3292 3028 tempore
3319 2958 3510 3016 Antio.

2011 3044 2100 3098 chi
2127 3045 2243 3099 dire
2268 3047 2395 3101 caesi
2427 3057 2573 3104 sunt.
2608 3046 2827 3120 Rogans
2858 3051 3258 3120 supplicatione
3291 3067 3389 3107 sua
3422 3052 3509 3107 ul-

334 3128 422 3182 διά
469 3128 572 3200 τῆς
621 3128 854 3195 ἱκετείας
898 3132 1173 3202 ἐκδίκησιν
1227 3133 1480 3202 γενέσθαι
1528 3134 1628 3203 τῆς
1676 3136 1754 3198 εἰς
1779 3137 1841 3188 τὸ

2016 3137 2215 3191 tionem
2244 3138 2410 3194 cazdis
2451 3140 2503 3194 in
2548 3142 2746 3212 populo
2777 3142 2964 3211 Iactat,
2993 3145 3274 3200 conversis
3302 3145 3514 3202 scilicet

331 3220 485 3285 ἔθνος
525 3220 817 3295 γινομένης
864 3223 1189 3293 μιαιφονίας,
1237 3224 1715 3297 μεταστραφεισῶν
1751 3225 1844 3299 δη-

332 3312 508 3368 λονὸτι
537 3313 646 3368 τῶν
685 3315 978 3387 συμφορῶν
1024 3317 1102 3379 εἰς
1139 3315 1333 3380 αὐτοὺς
1380 3318 1506 3383 τοὺς
1543 3318 1843 3386 ἐπάγοντας

334 3406 529 3470 αὐτάς.

344 3497 397 3553 '0
443 3499 616 3566 Θεὸς,
653 3499 929 3569 ἥλθοσαν
972 3501 1117 3570 ἔθνη
1166 3504 1256 3568 εις
1300 3500 1413 3571 τὴν
1442 3502 1846 3572 κληρονομίαν

268 3604 395 3647 σου.
431 3593 675 3657 Πολλοὺς
706 3593 815 3666 γὰρ
850 3594 1163 3663 εἰσαγαγὼν
1211 3597 1240 3649 ὁ
1276 3595 1565 3666 Ἀντίοχος.
1597 3594 1843 3665 εἰσῆλθεν

268 3687 340 3748 εἰς
379 3685 734 3757 Ἱεροσόλυμα.
757 3687 851 3741 καὶ
886 3687 1153 3760 ἐνέπρησε
1178 3687 1268 3740 τὸν
1300 3687 1440 3741 θεῖον
1465 3688 1610 3742 ναόν.
1649 3688 1843 3757 Ἐμία-

266 3791 375 3828 ναν
400 3776 513 3830 τὸν
537 3774 690 3829 ναὸν
716 3777 823 3831 τὸν
847 3778 1018 3848 ἅγιόν
1049 3794 1185 3833 σου.
1232 3780 1384 3841 Ἰδοὺ,
1416 3779 1570 3849 φησὶ,
1593 3777 1701 3832 τῶν
1734 3779 1841 3833 σῶν

265 3867 579 3939 ἐκράτησαν
625 3865 793 3930 ἄλλοι,
838 3868 931 3921 καὶ
972 3868 1040 3922 τὰ
1088 3868 1156 3922 σὰ
1206 3869 1311 3921 ὑπὸ
1351 3867 1658 3936 ἀλλοφύλων
1710 3884 1842 3921 κατ-

263 3953 462 4027 ἔχεται.
500 3959 747 4012 Ἕθεντο
780 3959 1175 4030 Ἰερουσαλὴμ
1208 3962 1298 4026 εἰς
1328 3957 1837 4027 ὀπωροφυλάκιον.

261 4047 577 4118 Διθολόγιος
601 4049 764 4114 τόπος
791 4050 922 4104 ὅπου
954 4050 1053 4123 τὴν
1081 4052 1285 4123 σκηνὴν
1316 4050 1427 4122 ἔχει
1447 4052 1476 4104 ὁ
1502 4050 1599 4115 τὰς
1620 4048 1840 4120 ὀπώρας

264 4137 578 4206 φυλάσσων.

330 4231 585 4285 Ἕθεντο
624 4228 698 4283 τὰ
741 4233 1061 4302 θνησιμαῖα
1105 4232 1225 4287 τῶν
1264 4233 1500 4288 δούλων
1529 4250 1646 4289 σου
1682 4234 1840 4303 ,βρώ-

257 4332 406 4384 ματα
435 4319 577 4385 τοῖς
614 4318 905 4387 πετεινοῖς
945 4320 1052 4375 τοῦ
1090 4322 1370 4389 οὐρανοῦ.
1405 4322 1503 4377 Διά
1535 4324 1643 4396 γὰρ
1671 4325 1838 4396 ὑπερ-

261 4407 415 4480 δολὴν
458 4409 868 4481 ἀπανθρωπίας
901 4412 1021 4465 οὐδὲ
1070 4411 1294 4467 θάπτειν
1351 4417 1464 4479 τοῖς
1492 4415 1712 4480 οἰκείοις
1739 4418 1836 4469 ἐπ-

2013 3228 2413 3286 calamitatibus
2447 3231 2501 3286 in
2528 3247 2622 3290 eos
2650 3234 2744 3305 qui
2770 3234 2920 3305 ipsas
2944 3236 3279 3294 intulissent.

1988 3494 2177 3562 ~Deus,
2214 3499 2462 3548 venerunt
2494 3501 2669 3562 gentes
2698 3508 2753 3545 tn
2784 3493 3141 3547 Iucreditatem
3176 3503 3343 3549 tuam.
3372 3493 3510 3549 Mul-

1941 3598 2025 3643 tas
2056 3588 2199 3641 enim
2226 3586 2502 3640 adducens
2531 3595 2719 3653 gentes
2763 3585 3085 3651 Antiochus,
3122 3587 3397 3657 ingressus
3426 3594 3512 3643 est

1939 3678 2365 3750 Jerosolymam,_
2380 3687 2435 3733 et
2467 3676 2710 3731 divinum
2733 3678 2989 3746 templum
3013 3677 3273 3732 incendit.
3296 3676 3509 3732 Pollue-

1939 3780 2062 3825 runt
2093 3770 2345 3838 templum
2375 3778 2612 3823 sanctum
2652 3776 2816 3822 tuum.
2851 3767 3019 3833 Ecce,
3052 3768 3260 3838 inquit,
3292 3777 3383 3823 tua
3414 3769 3508 3824 alil

1938 3871 2300 3931 occuparunt,
2344 3870 2399 3917 et
2442 3876 2563 3931 qua:
2596 3869 2688 3915 tua
2732 3870 2860 3914 sunt
2898 3860 2967 3914 ab
3008 3860 3324 3929 alienigenis
3362 3861 3508 3917 deti-

1938 3963 2157 4009 nentur.
2185 3953 2476 4007 Posuerunt
2495 3951 2789 4006 Jerusalem
2815 3953 2869 4005 in
2888 3968 3162 4019 pomorum
3184 3952 3502 4007 custodiam.

1937 4042 2234 4110 Lapidibus
2280 4042 2469 4097 electis
2498 4049 2845 4096 constructus
2871 4050 2955 4096 est
2984 4041 3169 4110 locus,
3201 4040 3292 4098 ubi
3328 4042 3507 4097 taber-

1935 4134 2190 4189 naculum
2227 4134 2389 4188 habet
2423 4134 2516 4203 qui
2546 4148 2705 4204 poma
2742 4133 2999 4188 custodit.

2001 4224 2057 4286 2,
2087 4224 2140 4279 ὅ.
2181 4222 2478 4282 Pasuerunt
2505 4223 2785 4277 morticina
2814 4239 3081 4279 servorum
3111 4232 3321 4278 tuorum
3357 4242 3505 4281 escas

1934 4318 2239 4372 volatilibus
2272 4316 2407 4371 caeli.
2437 4315 2521 4371 Ob
2547 4317 2965 4372 inhumanitatis
2991 4318 3412 4383 vehementiam,
3436 4336 3507 4377 ne

1936 4411 2307 4466 concedebant
2325 4410 2543 4481 quidem
2568 4410 2814 4480 cognatis
2834 4419 2895 4464 ut
2921 4419 3166 4467 mortuos
3193 4412 3504 4468 hnntarent.

264 4498 479 4571 ἐτρεπον
500 4501 555 4555 οἱ
592 4500 846 4571 πολέμιοι
868 4501 995 4565 τοὺς
1018 4503 1262 4574 νεκρούς.
1307 4504 1416 4571 Τὰς
1447 4505 1680 4574 σάρκας
1720 4505 1837 4561 τῶν

1958 4503 2134 4557 Iarnes
2177 4511 2480 4556 sanctorum
2528 4514 2737 4556 tuorum
2781 4500 2961 4554 bestiis
3005 4512 3176 4556 teme.
3218 4501 3505 4569 Quomodo

263 4590 441 4644 ὁσίων
484 4605 612 4645 σου
667 4590 792 4655 τοῖς
838 4594 1064 4659 θηρίοις
1104 4590 1212 4661 τῆς
1262 4592 1396 4662 γῆς.
1429 4595 1552 4659 Πῶς
1590 4595 1695 4667 γὰρ
1740 4598 1837 4669 οὐχ

261 4678 386 4734 ὅσιοι
412 4683 465 4735 οἱ
495 4684 559 4736 τὸ
586 4676 732 4752 αἷμα
760 4683 1080 4752 ἐκχυθέντες
1116 4684 1258 4755 ὑπὲρ
1289 4685 1388 4755 τῆς
1410 4686 1503 4739 τοῦ
1539 4686 1702 4757 νόμου
1734 4705 1836 4756 φυ-

261 4770 440 4845 λακῆς,
473 4769 555 4828 ὧν
586 4770 734 4845 ἦσαν
764 4774 813 4827 οἱ
844 4774 1183 4845 Μαχαὸαῖοι;
1384 4775 1393 4781 ’

335 4865 820 4934 Ἐκκαυθήσεται
844 4867 923 4931 ὡς
959 4865 1078 4934 πῦρ
1107 4869 1142 4919 ό
1178 4864 1356 4935 ζῆλος
1396 4881 1532 4921 σου.
1564 4868 1833 4941 Ζήλωσον,

262 4957 405 5025 φησὶ,
452 4957 548 5011 διὰ
598 4954 668 5009 τὸ
713 4955 804 5009 σὺν
850 4955 1020 5028 ὄνομα
1058 4956 1121 5010 τὸ
1168 4956 1654 5030 βλασφημούμενον
1683 4960 1836 5031 παρὰ

259 5040 359 5094 τῶν
385 5043 628 5114 ἐχθρῶν.

320 5134 415 5203 Μὴ
452 5130 754 5205 μνησθῇς
794 5134 962 5205 ἡμῶν
994 5136 1255 5207 ἀνομιῶν
1299 5137 1580 5208 ἀρχαίων.
1623 5140 1736 5204 Τὰς
1777 5142 1835 5196 ἐν

260 5225 510 5299 Αἰγύπτῳ
538 5226 697 5295 λέγει
732 5226 1003 5297 ἁμαρτίας
1031 5227 1282 5299 ἀρχαίας.

322 5402 570 5470 Μήποτε
601 5402 823 5456 εῑπωσι
858 5406 931 5457 τὰ
955 5404 1120 5472 ἔθνη·
1151 5404 1273 5460 Ποῦ
1303 5406 1474 5475 ἔστιν
1497 5408 1531 5461 ό
1561 5405 1703 5475 Θεὸς
1730 5409 1835 5462 αὐ-

261 5488 404 5555 τῶν;
430 5494 496 5547 Εἰ
526 5492 630 5546 καὶ
678 5492 978 5562 ἐμποδίζει,
1020 5493 1173 5564 φησὶ,
1213 5496 1278 5565 τῇ
1312 5494 1556 5567 ἡμετέρᾳ
1590 5497 1834 5568 σωτηρίᾳ

260 5585 546 5658 τδ·πλῆθος
572 5586 693 5640 τῶν
722 5585 1002 5657 ἡμετέρων
1034 5586 1331 5658 ἁμαρτιῶνο
1368 5587 1503 5665 ἀλλὰ
1538 5588 1624 5642 διὰ
1652 5588 1713 5642 τὸ
1742 5588 1833 5642 σὺν

258 5675 420 5751 ὕνομα
452 5679 693 5752 ποίησον
708 5678 848 5747 ἡμῖν
873 5676 961 5732 διὰ
989 5677 1080 5732 τὸν
1101 5678 1399 5735 ὀνειδισμὸν
1429 5677 1487 5734 ὃν
1516 5680 1832 5752 ἐπιφέρωσι

1936 4594 2083 4649 enim
2133 4594 2308 4649 sancti
2349 4608 2460 4647 non
2509 4592 2712 4647 fuerint
2762 4608 2999 4663 quorum
3042 4594 3264 4664 sanguis
3294 4594 3504 4651 eil'usus

1935 4696 2018 4742 est
2043 4701 2143 4756 pro
2172 4687 2306 4756 legis
2334 4685 2701 4754 observantia,
2730 4699 2797 4740 ex
2824 4700 3058 4756 quorum
3090 4699 3249 4742 erant
3279 4703 3506 4743 numero

1935 4777 2246 4833 Machabati.

2005 4868 2061 4933 5,
2095 4868 2148 4922 6.
2190 4867 2509 4923 Exardescet
2551 4869 2688 4921 sicut
2721 4867 2859 4938 ignis
2887 4867 3031 4922 zelus
3069 4875 3211 4922 tuus.
3258 4867 3385 4924 Zeto
3412 4884 3507 4925 ac-

1934 4957 2183 5026 cendere,
2235 4960 2431 5030 inquit,
2475 4968 2698 5030 propter
2743 4973 2943 5014 nomen
2971 4967 3125 5015 tuum
3155 4961 3225 5015 ab
3267 4960 3505 5017 inimicis

1935 5048 2389 5119 blasphematum.

2007 5138 2062 5194 8.
2086 5136 2188 5193 ~Ne
2219 5139 2517 5194 memineris
2542 5139 2884 5211 iniquitatum
2911 5149 3213 5195 nostrarum
3255 5139 3504 5208 antiqua-

1936 5247 2074 5286 rum.
2096 5229 2323 5295 Peccata
2349 5231 2482 5287 dicit
2507 5232 2729 5302 antiqua
2762 5247 2883 5303 qua:
2913 5232 2967 5287 in
2996 5231 3228 5303 Egypto
3259 5230 3501 5286 admissa

1934 5330 2082 5378 sunt.

2008 5410 2097 5465 I0.
2140 5400 2224 5464 Ne
2253 5411 2387 5481 forte
2408 5412 2590 5467 dicant
2621 5415 2676 5467 in
2702 5414 2939 5486 gentibus
2965 5429 2984 5466 :
3016 5412 3117 5467 Ubi
3143 5421 3222 5467 est
3250 5411 3390 5469 Deus
3414 5431 3504 5471 eo-

1936 5504 2099 5556 rum?
2136 5501 2398 5570 Etiamsi,
2445 5504 2659 5574 inquit,
2703 5503 2992 5560 multitudo
3021 5512 3367 5573 peccatorum
3402 5522 3504 5560 no-

1937 5604 2176 5650 atrorum
2218 5595 2663 5665 impedimentum
2723 5604 2806 5651 est
2850 5603 3052 5651 nostra:
3107 5595 3301 5652 salutis
3342 5611 3357 5648 :
3404 5598 3501 5653 sed

1936 5696 2156 5759 propter
2193 5703 2392 5746 nomen
2433 5696 2587 5745 tuum
2636 5687 2830 5759 adjuva
2874 5701 2999 5754 nos,
3047 5697 3268 5760 propter
3312 5689 3503 5746 convi-
