3976 6220
402 365 512 423 359
1256 364 1314 418 S.
1352 359 1733 419 ATHANASII
1775 360 1930 416 OPP.
1972 360 2151 415 PARS
2190 360 2277 414 Ill.
2311 390 2381 400 -—-
2421 359 2828 416 EXEGETICA.
3525 359 3633 415 360

405 484 550 541 cium
580 481 725 552 quod
753 480 1031 552 proferunt
1058 480 1111 535 in
1140 489 1212 547 te,
1250 490 1468 552 propter
1498 481 1813 553 sanguinem
1847 495 1964 535 ser-

2081 480 2167 544 τοὶ,
2205 480 2292 534 διὰ
2337 480 2399 534 τὸ
2444 475 2581 550 αἷμα
2623 479 2683 532 τὸ
2723 478 3076 549 ἐκχυνόμενον
3112 476 3221 530 τῶν
3263 475 3371 529 σῶν
3407 473 3632 544 δούλων,

405 590 597 631 vorum
648 583 864 629 tuorum
906 573 999 644 qui
1041 572 1246 628 eﬁ‘usus
1295 581 1408 638 est,
1455 582 1674 644 propter
1710 573 1968 644 gemitum

2081 571 2159 624 5ιά
2186 571 2277 624 τὸν
2309 569 2605 640 στεναγμὸν
2629 569 2735 622 τῶν
2768 568 3173 638 πεπεδημένων.

406 665 856 735 compeditorum.

480 757 567 811 il.
605 756 904 811 Secundum
947 753 1356 824 magnitudinem
1401 751 1600 806 brachii
1641 750 1719 804 tui
1765 751 1972 821 posside

2139 739 2300 794 Κατὰ
2344 739 2458 809 τὴν
2506 741 2946 809 μεγαλωσύνην
2992 740 3100 794 τοῦ
3139 740 3466 810 ,ϐραχίονός
3514 757 3634 796 σου
3696 776 3697 779 η

408 847 550 916 ﬁlios
587 849 1043 914 mortiﬁcatorum.
1070 845 1282 900 Virtute
1314 844 1523 899 brachii
1548 844 1649 908 tui,
1675 842 1771 908 ait,
1792 842 1971 898 salvos

2081 832 2449 901 περιποίησαι
2481 831 2623 898 τοὺς
2652 832 2822 898 υἱοὺς
2856 831 2975 886 τῶν
3017 830 3523 900 τεθανατωμένων.
3549 833 3628 903 Τῇ

408 938 496 994 fac
517 953 612 993 eos
639 939 731 1008 qui
761 954 791 992 a
819 937 964 993 caede
993 937 1194 993 residui
1224 946 1371 992 sunt.

410 1113 462 1167 1.
488 1112 556 1167 In
572 1114 750 1184 ﬁnem,
777 1131 870 1183 pro
892 1114 958 1167 iis
988 1114 1080 1184 qui
1104 1112 1587 1173 cominutabuntur,
1611 1110 1968 1167 testimonium

569 1205 765 1274 Asupli,
800 1202 1036 1259 PSALM
1048 1203 1134 1258 US
1156 1220 1251 1273 pro
1278 1203 1531 1273 Assyriis.
1559 1201 1819 1256 LXXIX.

980 1337 1380 1407 Argumentum.
1399 1344 1422 1385 τ

410 1425 486 1481 Ex
526 1428 700 1497 prima
731 1431 1018 1484 verborum
1059 1430 1323 1484 sententia
1356 1437 1510 1500 rogat
1541 1429 1968 1487 misericordiam

485 1521 700 1590 assequi
733 1537 826 1576 eos
858 1521 951 1590 qui
985 1523 1053 1576 ab
1083 1521 1306 1592 Assyrio
1339 1522 1391 1576 in
1424 1523 1737 1578 servitutem
1769 1525 1969 1579 redacti

474 1618 648 1666 erant.
701 1609 805 1665 Sed
854 1611 1169 1665 sublimiore
1215 1611 1519 1677 sententia,
1565 1620 1720 1680 rogat
1765 1626 1863 1682 pro
1902 1613 1970 1669 iis

478 1702 570 1772 qui
624 1702 956 1772 spiritualem
997 1703 1361 1773 captivitatem
1410 1703 1560 1773 passi
1608 1711 1771 1771 sunt,
1821 1712 1972 1774 post-

479 1809 642 1863 quam
674 1793 726 1847 in
760 1809 976 1848 crucem
1005 1803 1158 1849 actus
1193 1803 1276 1849 est
1302 1793 1565 1851 Dominus
1613 1811 1642 1850 a
1673 1795 1970 1867 spirituali-
2000 1825 2045 1884 Β

476 1883 579 1939 bus
629 1886 889 1954 Assyriis,
941 1895 993 1939 et
1045 1884 1114 1938 ab
1161 1900 1350 1940 eorum
1409 1886 1672 1956 principe,
1724 1886 1971 1942 videlicet

479 1972 699 2029 Satana.
728 1974 1189 2044 Supplicationem
1220 1991 1349 2046 ergo
1377 1977 1624 2041 effundit,
1653 1992 1851 2048 rogans
1876 1977 1972 2032 ad-

478 2075 698 2122 ventum
744 2066 1042 2123 Salvatoris
1080 2068 1254 2123 nostri
1295 2076 1349 2123 et
1395 2068 1769 2124 liberationem
1806 2068 1971 2125 totius

483 2159 696 2229 generis
728 2156 1028 2214 lsraelitici.

478 2248 533 2303 2.
572 2241 677 2313 Qui
706 2250 839 2319 regis
868 2248 1060 2315 Israel,
1086 2250 1314 2305 intende.
1337 2248 1434 2313 Te,
1469 2249 1716 2316 Domine,
1746 2251 1837 2321 qui
1873 2268 1970 2323 pa-

410 2342 573 2397 storis
616 2342 807 2408 instar,
837 2343 1018 2411 populi
1055 2342 1471 2398 sollicitudinem
1502 2343 1680 2414 geris,
1717 2359 1847 2414 rogo
1879 2345 1974 2398 ad-

410 2434 592 2488 mittas
620 2433 1051 2503 deprecationem
1083 2450 1281 2489 meam.

477 2521 533 2576 3.
570 2520 673 2587 Qui
722 2523 867 2577 sedes
896 2538 1050 2591 super
1078 2522 1342 2577 cherubim
1364 2564 1380 2591 ,
1420 2522 1756 2593 manifestare
1796 2539 1974 2578 coram

411 2612 687 2683 Ephraim,
731 2614 1013 2684 Benjamin
1042 2624 1091 2670 et
1126 2614 1393 2669 Manasse.
1420 2614 1557 2669 Dum
1594 2614 1864 2670 incederet
1894 2626 1974 2669 ta-

411 2709 795 2774 bernaculum,
831 2725 938 2764 una
974 2709 1362 2780 gradiebantur
1407 2718 1517 2764 tres
1559 2709 1762 2772 tribus,
1807 2707 1974 2765 Judas

411 2815 624 2869 nempe,
668 2798 913 2855 lssachar
960 2810 1013 2854 et
1061 2799 1325 2877 Zabulon.
1380 2798 1860 2871 Subsequebantur
1906 2800 1973 2855 ad

412 2890 694 2944 meridiem
744 2900 853 2946 tres
901 2892 1041 2958 aliae,
1091 2890 1380 2961 Ephraim,
1434 2890 1715 2960 Beniamin
1763 2899 1817 2945 et
1862 2890 1974 2944 Ma-

413 2978 591 3039 naSse.
621 2982 752 3038 Erat
783 2991 960 3038 autem
991 2984 1044 3037 in
1072 2984 1350 3039 cherubim
1382 2983 1563 3039 aureis
1592 2998 1757 3053 supra
1788 2998 1971 3039 arcam

414 3073 604 3143 positis
635 3073 803 3144 gloria
851 3073 966 3136 Dei,
1006 3074 1099 3143 qui
1132 3073 1280 3144 ipsos
1308 3072 1646 3144 praecedebat
1672 3087 1795 3127 cum
1828 3072 1974 3126 ince-

2069 922 2318 992 δυνάμει,
2354 923 2505 993 φησὶ,
2538 921 2633 977 τοῦ
2682 923 2961 995 βραχίονός
2996 939 3090 977 σου
3120 922 3290 975 σῶσον
3314 923 3438 986 τοὺς
3465 940 3603 977 κατα

2069 1012 2381 1082 λειφθέντας
2411 1015 2475 1067 ἐκ
2503 1014 2610 1067 τῶν
2636 1013 3008 1085 ἀνῃρημένων.

2068 1106 2172 1171 Εὶς
2216 1102 2389 1171 τέλος
2430 1104 2582 1173 ὑπὲρ
2615 1105 2733 1159 τῶν
2772 1106 3362 1175 ἀλλοιωθησομένων.
3405 1107 3631 1176 μαρτύ-

2127 1206 2262 1256 ριον
2296 1187 2403 1242 τοῦ
2454 1187 2657 1257 Ἁσὰςρ,
2703 1190 3009 1242 ΨΑΛΜΟΣ
3057 1189 3208 1258 ὑπὲρ
3254 1188 3375 1242 τῶν
3424 1190 3633 1247 Ἀσσυ-

2130 1269 2299 1337 ρίων.
2329 1271 2451 1323 ΟΘ¹.

2696 1336 3017 1403 Ὑπόθεσις.

2069 1425 2225 1479 Κατά
2258 1427 2355 1497 μὲν
2391 1427 2452 1480 τὸ
2495 1427 2782 1499 πρόχειρον
2824 1426 2923 1498 τῆς
2952 1425 3149 1492 λέξεως
3178 1424 3458 1495 ἐλεηθῆναι
3490 1424 3634 1491 ἀξιοῖ

2139 1516 2266 1580 τοὺς
2308 1516 2412 1570 ὑπὸ
2458 1517 2555 1571 τοῦ
2598 1517 2880 1587 Ἀσσυρίου
2923 1513 3445 1576 καταδουλωθέντας·
3489 1513 3629 1567 κατὰ

2138 1606 2195 1659 δέ
2220 1606 2315 1675 τὴν
2343 1607 2680 1679 ὑψηλοτέραν
2716 1607 2970 1674 διάνοιαν,
2997 1606 3136 1678 ὑπὲρ
3175 1606 3279 1659 τῶν
3307 1605 3630 1675 ὑπομεινάν-

2138 1716 2244 1752 των
2272 1699 2369 1772 τὴν
2407 1701 2783 1772 αἰχμαλωσίαν
2827 1703 2925 1773 τὴν
2967 1699 3181 1771 νοητὴν,
3218 1698 3353 1770 μετὰ
3376 1698 3465 1751 τὸν
3492 1698 3631 1751 κατά

2138 1788 2232 1841 τοῦ
2265 1790 2468 1861 Κυρίου
2518 1790 2746 1861 σταυρὸν
2788 1790 2893 1844 ὑπὸ
2934 1789 3041 1843 τῶν
3071 1789 3273 1857 νοητῶν
3313 1787 3626 1859 Ἀσσυρίων,

2141 1879 2237 1933 καὶ
2264 1880 2425 1933 αὑτοῦ
2468 1880 2560 1934 τοῦ
2610 1880 2863 1953 ἄρχοντος
2894 1880 3089 1944 αὐτῶν,
3123 1879 3265 1950 φημὶ
3295 1878 3357 1951 δὴ
3396 1877 3488 1931 τοῦ
3525 1879 3629 1931 Σα-

2141 1971 2297 2024 τανᾶ.
2333 1969 2585 2024 Ἱκετείαν
2607 1967 2697 2025 οὖν
2726 1972 3103 2043 προϐάλλεται,
3128 1969 3290 2036 ἀξιῶν
3316 1969 3629 2037 ἐπιφάνειαν

2140 2061 2392 2130 γενέσθαι
2418 2062 2510 2117 τοῦ
2535 2063 2783 2136 Σωτῆρος
2812 2063 2965 2134 ἡμῶν
2983 2102 2997 2128 ,
3026 2063 3119 2115 καὶ
3146 2060 3496 2130 ἐλευθέρωσιν
3533 2059 3627 2114 τοῦ

2137 2156 2335 2218 παντὸς
2369 2154 2557 2224 γένους
2592 2155 2685 2209 τοῦ
2735 2155 2965 2227 Ἰσραήλ.

2151 2246 2206 2298 '0
2239 2248 2566 2317 ποιμαίνων
2606 2245 2712 2302 τὸν
2755 2247 3029 2316 Ἰσραὴλ,
3070 2247 3351 2314 ποόσχες.
3395 2245 3493 2307 Σὲ,
3542 2243 3632 2298 ﬁ-

2075 2352 2264 2399 σποτα,
2296 2337 2387 2390 τὸν
2422 2337 2670 2409 ποιμένος
2698 2335 2852 2408 δίκην
2878 2335 2969 2389 τοῦ
3002 2334 3130 2388 λαοῦ
3156 2332 3626 2405 προμηθούμενον,

2071 2425 2319 2493 δέξασθαί
2356 2444 2455 2499 μου
2482 2427 2580 2500 τὴν
2609 2428 2838 2481 ἱκετειαν
2862 2424 3142 2480 ἀντιϐολῶ.

2152 2519 2205 2571 Ὁ
2267 2517 2598 2587 καθήμενός
2656 2517 2754 2571 ἐπὶ
2801 2516 2920 2571 τῶν
2976 2514 3251 2586 χερουϐὶμ
3274 2555 3289 2580 ,
3338 2512 3630 2584 ἐμφάνηθι

2071 2609 2345 2663 ἐναντίον
2382 2608 2648 2678 Ἐφραῒμ,
2684 2607 2781 2663 καὶ
2814 2607 3114 2677 Βενιαμὶν,
3161 2605 3259 2658 καὶ
3301 2601 3628 2669 Μανασσῆ.

2084 2702 2172 2754 Ἐν
2212 2704 2276 2773 τῇ
2325 2701 2516 2773 πορείᾳ
2561 2700 2661 2770 τῆς
2717 2702 2919 2771 σκηνῆς
2972 2695 3212 2762 ἐϐάδιζον
3254 2699 3399 2768 τρεῖς
3440 2694 3627 2765 φυλαὶ,

2085 2789 2269 2855 Ἰούδα,
2315 2790 2408 2843 κα)⁵
2448 2789 2683 2861 Ἰσάχαρ,
2728 2790 2819 2842 καὶ
2849 2787 3149 2845 Ζαϐουλὼν.
3185 2785 3532 2841 Ἠκολούθουν
3571 2785 3630 2838 δέ

2072 2882 2212 2936 κατὰ
2240 2882 2388 2937 νότον
2412 2885 2559 2953 τρεῖς
2582 2881 2784 2954 ἕτεραι·
2811 2883 2844 2952 ἡ
2877 2881 2969 2934 τοῦ
3013 2879 3280 2953 Ἐφραῒμ,
3314 2880 3348 2951 ἡ
3375 2878 3467 2933 τοῦ
3499 2878 3631 2931 Βεν-

2076 2974 2225 3044 ιαμϊν
2274 2973 2368 3027 καὶ
2416 2973 2511 3027 τοῦ
2558 2973 2842 3054 Μανασσῆ.
2880 2969 2989 3028 Ἦν
3031 2974 3089 3026 δέ
3128 2973 3217 3025 ἐπὶ
3259 2970 3365 3026 τῶν
3413 2970 3632 3042 χρυσῶν

2073 3064 2334 3136 χερουϐὶμ
2374 3064 2481 3118 τῶν
2521 3045 2706 3118 ἐ.πάνῶ
2732 3045 2835 3133 τῆς
2877 3063 3109 3117 κιϐωτοῦ
3155 3063 3279 3130 δόξα
3309 3062 3463 3116 Θεοῦ·
3500 3078 3631 3133 προ·

413 3165 622 3221 derent.
662 3166 743 3218 Tu
798 3165 980 3234 itaque
1023 3164 1115 3233 qui
1158 3164 1312 3221 sedes
1356 3178 1521 3234 super
1563 3162 1881 3229 cherubim,
1920 3172 1973 3217 et

2081 3156 2282 3210 εϐάδισε
2313 3155 2419 3230 γὰρ
2450 3156 2624 3210 αὐτῶν
2649 3156 2790 3211 κατά
2816 3156 2915 3228 τὴν
2947 3156 3189 3229 πορείαν.
3216 3155 3288 3208 Σὺ
3323 3150 3414 3208 οὖν
3439 3154 3468 3206 ὁ
3500 3152 3632 3208 καθ-

414 3258 674 3327 praecedis
701 3273 906 3321 arcam,
937 3258 1010 3311 ita
1040 3269 1102 3312 ut
1126 3257 1203 3313 sis
1230 3266 1356 3312 ante
1381 3255 1663 3326 Ephraim,
1695 3253 1976 3324 Benjamin

416 3357 470 3403 et
499 3348 745 3404 Manasse
766 3348 909 3419 (nam
936 3365 1114 3402 coram
1137 3348 1405 3416 signiﬁcat
1435 3348 1491 3401 in
1520 3348 1857 3416 conSpectu),
1881 3360 1978 3416 per

418 3447 565 3493 tuam
589 3439 887 3508 potentiam
918 3439 1146 3493 salutem
1178 3439 1326 3493 dato.

487 3695 541 3751 9.
593 3693 809 3748 Vineam
834 3696 897 3751 de
917 3693 1149 3765 Egypto
1176 3696 1515 3750 transtulisti.
1546 3694 1798 3752 lsraelem
1824 3696 1975 3752 dicit.

418 3781 639 3854 Ejecisti
671 3795 841 3855 gentes
863 3826 878 3851 ,
913 3796 963 3840 et
993 3787 1248 3855 plantasti
1288 3803 1423 3841 eam.
1450 3785 1585 3842 Nam
1613 3803 1736 3844 cum
1775 3803 1979 3859 praece-

416 3874 574 3933 deres
591 3890 707 3942 eos,
737 3877 943 3947 eiecisti
974 3892 1004 3931 a
1027 3875 1167 3932 facie
1197 3892 1386 3932 eorum
1418 3887 1628 3949 gentes.

490 4054 576 4109 li.
618 4053 834 4124 Operuit
864 4062 1062 4108 montes
1091 4055 1277 4109 umbra
1309 4055 1445 4123 ejus.
1473 4053 1675 4110 Umbra
1696 4054 1870 4110 vinea:
1894 4062 1982 4110 est

417 4145 604 4216 legalis
636 4147 847 4214 cultus,
892 4147 1020 4217 quia
1052 4146 1138 4202 lex
1170 4147 1419 4203 umbram
1450 4146 1760 4203 futurorum
1807 4148 1981 4202 bono-

419 4253 541 4292 rum
583 4240 842 4293 continet.
890 4238 1096 4295 Montes
1146 4239 1278 4295 dicit
1322 4238 1491 4293 Silom
1525 4247 1582 4295 et
1623 4238 1775 4294 Sion.
1822 4239 1877 4292 In
1908 4238 1979 4292 iis

420 4345 655 4400 namque
702 4331 915 4387 duobus
966 4331 1102 4386 locis
1156 4332 1567 4386 tabernaculum
1624 4331 1978 4387 constitutum

421 4424 542 4479 fuit.
573 4422 719 4478 Nihil
761 4439 890 4495 ergo
935 4424 1080 4479 aliud
1107 4423 1393 4494 signiﬁcat,
1439 4423 1544 4477 nisi
1588 4423 1730 4492 quod
1762 4422 1974 4492 legalia,

2077 3251 2273 3319 ήμενος
2305 3249 2396 3301 ἐπὶ
2425 3248 2534 3302 τῶν
2566 3248 2847 3319 χερουϐὶμ,
2883 3247 2977 3301 καὶ
3020 3247 3491 3319 προπορευόμενος
3533 3245 3632 3315 τῆς

2076 3339 2340 3405 κιϐωτοῦ,
2381 3340 2456 3404 ὡς
2488 3336 2627 3394 εἶναι
2660 3338 2963 3411 ἔμπροσθεν
3002 3338 3095 3392 τοῦ
3135 3336 3400 3415 Ἐφραίμν
3443 3336 3632 3389 Βενια-

2079 3427 2170 3497 μὶν
2219 3428 2311 3481 καὶ
2356 3429 2620 3497 Μανασσῆ
2684 3428 2764 3499 (τὸ
2805 3427 2913 3500 γὰρ
2952 3428 3226 3482 ἐναντίον
3274 3424 3524 3497 σημαίνει
3569 3424 3631 3477 τὸ

2075 3518 2422 3592 ἔμπροσθεν),
2449 3518 2537 3574 διὰ
2556 3521 2652 3592 τῆς
2676 3519 2871 3574 σαυτοῦ
2898 3519 3209 3583 δυναστείας
3234 3518 3331 3590 τὴν
3361 3517 3632 3589 σωτηρίαν

2077 3611 2336 3665 ἐπιδίδου.
3364 3596 3372 3604 ⁴

2147 3702 2438 3770 Ἀμτελον
2479 3700 2548 3766 ἐξ
2592 3703 2888 3770 Αἰγύπτου
2931 3699 3211 3771 μετῇρας.
3261 3700 3363 3753 Τὸν
3417 3698 3633 3770 Ἰσραήλ

2077 3808 2258 3863 φησιν.
2305 3792 2611 3858 Ἐεέὅαλες
2635 3793 2799 3861 ἔθνη,
2830 3792 2927 3847 καὶ
2953 3793 3397 3861 κατεφύτευσας
3417 3789 3628 3856 αὑτήν.

2077 3884 2548 3956 Προπορευόμενος
2574 3882 2701 3955 γὰρ,
2731 3882 2978 3949 ἐξέϐαλες
3008 3883 3114 3937 ἀπὸ
3134 3880 3422 3954 προσώπου
3454 3881 3633 3935 αὐτῶν

2077 3973 2144 4027 τά
2169 3973 2315 4046 ἔθνη.

2159 4064 2491 4134 Ἐκάνὶυψεν
2514 4065 2618 4135 ὅρη
2646 4065 2685 4132 ἡ
2713 4066 2856 4119 σκιὰ
2881 4063 3083 4134 αὐτῆς.
3111 4064 3245 4119 Σκιά
3278 4063 3377 4136 μὲν
3404 4064 3635 4135 ﬁgan-

2078 4155 2237 4209 πέλου
2270 4159 2303 4227 ὴ
2341 4159 2480 4212 κατά
2518 4158 2677 4228 νόμον
2709 4157 2950 4229 λατρεία,
2978 4157 3069 4211 διὰ
3104 4158 3163 4211 τὸ
3189 4158 3345 4211 σκιὰν
3371 4155 3513 4227 ἔχειν
3541 4155 3635 4208 τὸν

2077 4245 2237 4317 νόμον
2254 4246 2362 4320 τῶν
2392 4247 2686 4318 μελλόντων
2711 4248 2948 4316 ἀγαθῶν·
2977 4248 3075 4320 ὅρη
3101 4249 3156 4302 δέ
3186 4248 3246 4302 τό
3266 4266 3325 4302 τε
3351 4249 3408 4301 ἐν
3433 4244 3635 4320 Σηλὼμ

2078 4336 2252 4390 καὶτὸ
2275 4319 2331 4390 ἐν
2362 4338 2499 4391 Σιών
2523 4356 2707 4409 φησιν.
2747 4339 2834 4392 Ἐν
2858 4319 3073 4403 τούτοις
3093 4339 3201 4410 γάρ
3240 4342 3350 4403 τοῖς
3390 4338 3508 4392 δυσὶ
3546 4338 3635 4391 τό·

2078 4444 2200 4491 ποις
2232 4426 2464 4499 ἵδρυτοὴ
2509 4430 2700 4500 σκηνή.
2727 4429 2890 4483 Οὐδὲν
2933 4424 3026 4483 οὖν
3069 4429 3251 4502 ἕτερον
3291 4429 3561 4500 σημαίνει,
3596 4426 3631 4498 ἢ

420 4531 544 4587 quae
572 4486 881 4571 futurorum
924 4486 1191 4571 bonorum
1223 4486 1413 4569 umbra
1460 4486 1644 4580 erant,
1680 4513 1734 4567 in
1763 4486 1977 4568 duobus

2081 4517 2160 4570 ὅτι
2180 4486 2253 4571 τὰ
2285 4486 2347 4571 ἐν
2383 4486 2551 4589 νόμῳ,
2581 4486 2737 4572 litura
2761 4514 2828 4592 ἦν
2868 4518 2995 4573 σκιὰ
3035 4519 3142 4573 τῶν
3160 4486 3472 4590 ’μελλόντων
3498 4486 3637 4585 sia:

421 4609 572 4664 hisce
618 4608 892 4663 montibus
930 4607 1196 4663 celebrata
1244 4605 1464 4661 fuerint.
1511 4604 1578 4658 Et
1618 4607 1833 4658 arbusta
1864 4604 1977 4674 ejus

421 4702 601 4755 σθαι-οδ
647 4700 761 4754 Dei.
799 4699 958 4755 Cedri
1002 4707 1129 4755 sunt
1170 4699 1418 4754 emlestes
1455 4698 1717 4762 virtutes;
1757 4696 1979 4751 arbusta

421 4802 600 4848 autem
628 4793 797 4848 vineae
819 4834 834 4856 ,
865 4792 1139 4862 prOphetze
1169 4791 1223 4847 in
1275 4791 1473 4861 populo
1505 4790 1598 4860 qui
1641 4789 1697 4842 in
1745 4788 1979 4844 sublime

420 4884 799 4949 eﬂerebantur,
828 4893 882 4940 et
907 4883 1259 4953 quiescebant
1285 4883 1339 4938 in
1380 4880 1632 4952 supernis
1654 4890 1709 4936 et
1740 4879 1980 4935 rationa-

423 4978 564 5033 libus
590 4977 966 5048 potestatibus.

492 5070 580 5124 12.
617 5067 866 5122 Extendit
900 5067 1142 5137 palmites
1190 5081 1312 5120 suos
1355 5079 1517 5134 usque
1545 5062 1613 5117 ad
1661 5079 1824 5117 mare.
1854 5060 1977 5116 Pal-

422 5160 583 5216 mites
637 5167 693 5214 et
734 5157 1058 5228 propagines
1104 5156 1277 5210 vinea:
1338 5154 1469 5209 dicit
1511 5167 1727 5207 omnem
1792 5150 1977 5221 populi

423 5249 846 5313 multitudinem,
876 5262 997 5316 quas
1022 5244 1359 5316 pertingebat
1381 5259 1412 5299 a
1454 5243 1676 5299 ﬂumine
1703 5241 1978 5313 Euphrate

425 5345 490 5398 ad
519 5358 693 5414 usque
723 5356 873 5396 mare
898 5340 1160 5394 Indicum.

497 5435 586 5499 15,
632 5435 719 5487 ll.
763 5431 960 5504 thuid
1002 5429 1315 5486 destruzisti
1344 5429 1626 5482 maceriam
1656 5427 1770 5497 ejus
1795 5427 1820 5479 1’
1859 5423 1977 5478 Ma-

427 5525 569 5579 ceria
594 5525 716 5595 ejus
755 5534 871 5579 erat
903 5523 1221 5593 angelorum
1265 5520 1531 5584 custodia,
1582 5533 1746 5589 quam
1778 5515 1981 5571 amovit

427 5616 497 5669 ab
524 5615 605 5671 eis
639 5614 796 5670 Deus.
827 5614 898 5668 Et
938 5613 1257 5669 vindemiant
1287 5627 1404 5667 eam
1451 5627 1626 5665 omnes
1646 5609 1736 5680 qui
1763 5616 1979 5678 prater-

427 5707 732 5775 grediuntur
751 5707 909 5762 viam.
943 5707 1074 5763 Data
1102 5705 1302 5777 quippe
1350 5701 1454 5760 fuit
1501 5702 1557 5759 in
1590 5699 1847 5772 pabulum
1876 5697 1978 5752 im-

2078 4607 2205 4673 θῶν,
2240 4609 2297 4663 ἐν
2323 4611 2435 4674 τοῖς
2470 4610 2590 4664 δυσὶ
2632 4609 2839 4674 τούτοις
2864 4611 3093 4664 ἐτελεῖτο
3132 4609 3302 4682 ὄρεσι.
3336 4610 3444 4665 Καὶ
3485 4611 3634 4664 ἀνα-

2077 4700 2394 4771 δενδράδες
2431 4701 2620 4770 αὐτῆς
2665 4702 2773 4770 τὰς
2811 4703 3054 4771 κέδρους
3091 4703 3196 4757 τοῦ
3238 4702 3403 4757 Θεοῦ.
3437 4702 3633 4774 Κέδροι

2081 4792 2178 4863 μὲν
2220 4792 2275 4845 αἱ
2313 4792 2560 4863 οὐράνιαι
2592 4793 2864 4864 δυνάμεις·
2906 4792 3284 4863 ἀναδενδράδες
3314 4790 3370 4844 δέ
3396 4790 3494 4861 τῆς
3523 4793 3634 4862 ἀμ-

2078 4883 2242 4937 πέλου
2288 4885 2338 4937 οἱ
2381 4886 2446 4937 ἐκ
2485 4885 2579 4938 τοῦ
2625 4883 2754 4938 λαοῦ
2796 4884 3066 4955 προφῆται
3110 4884 3189 4946 εἰς
3226 4881 3357 4952 ὕψος
3384 4881 3631 4954 ἠρμένοι,

2081 4976 2173 5028 καὶ
2196 4974 2659 5045 ἐπαναπαυόμενοι
2682 4975 2800 5038 ταῖς
2820 4974 2931 5028 ἀνω
2955 4974 3048 5027 καὶ
3066 4973 3306 5041 λογικαῖς
3323 4972 3629 5030 δυνάμεσιν.

2165 5065 2450 5131 Ἐξέτεινε
2490 5066 2563 5121 τὰ
2592 5066 2866 5136 κλήματα
2913 5065 3101 5134 αὐτῆς
3138 5065 3247 5129 ἕως
3295 5062 3631 5132 θαλάσσης.

2079 5157 2193 5230 Κλή
2203 5176 2343 5229 ματα
2370 5160 2464 5212 καὶ
2490 5158 2837 5229 παραφυάδες
2861 5157 2959 5226 τῆς
2981 5155 3225 5227 ἀμπέλου
3252 5154 3313 5208 τὸ
3342 5155 3449 5207 πᾶν
3491 5153 3632 5223 πλῆ-

2080 5246 2169 5311 θος
2189 5247 2281 5301 τοῦ
2312 5248 2439 5301 λαοῦ
2471 5265 2631 5318 φησιν
2650 5285 2665 5311 ,
2722 5246 2752 5299 ὃ
2792 5246 3054 5317 κατέσχεν
3100 5243 3206 5298 ἀπὸ
3255 5241 3499 5314 ποταμοῦ
3529 5244 3635 5296 Εὑ-

2078 5338 2285 5411 φράτου
2310 5339 2468 5410 μέχρι
2499 5338 2771 5409 θαλάσσης
2792 5337 2892 5408 τῆς
2933 5336 3178 5406 Ἰνδικῆς.

2148 5433 2270 5486 Ἵνα
2296 5433 2354 5485 τι
2380 5431 2647 5497 καθεῖλες
2664 5430 2770 5484 τὸν
2811 5428 3080 5499 φραγμὸν
3117 5424 3339 5495 αῠτῆς;
3375 5423 3633 5498 Φραγμὸς

2074 5517 2143 5592 ἦν
2166 5516 2301 5594 αὐτῇ
2327 5525 2361 5593 ἡ
2392 5522 2499 5574 τῶν
2532 5521 2777 5590 ἀγγέλων
2809 5519 3042 5590 φυλακὴ,
3095 5518 3160 5589 ἢν
3197 5518 3503 5589 ἀπέστησεν
3537 5514 3632 5569 ἀπ’

2077 5615 2254 5668 αὐτῶν
2282 5617 2310 5668 ὁ
2337 5614 2487 5677 Θεός.
2516 5615 2627 5670 Καὶ
2656 5613 2951 5684 τρυγῶσιν
2970 5611 3164 5678 αὐτὴν
3185 5608 3399 5677 πάντες
3430 5611 3486 5662 οὶ
3522 5622 3635 5662 παρ

2073 5706 2530 5777 ραπορευόμενοι
2559 5705 2677 5776 τὴν
2706 5703 2867 5760 ὀδόν.
2902 5701 3114 5755 Δέδοται
3141 5700 3247 5772 γὰρ
3270 5702 3351 5763 είς
3383 5697 3633 5770 βόσκημα
