3976 6220
272 251 367 304 τοι
1366 224 1730 304 Exeosurzo
1773 248 1839 305 IN
1879 249 2207 306 PSALMUM
2248 250 2460 309 Lxxx.

3406 257 3507 313 562

272 365 380 426 τοῖς
411 362 738 435 ἀκαθάρτοις
780 362 1049 435 δαίμοσιν,
1073 362 1269 430 οἵτινες
1315 366 1409 419 καὶ
1451 363 1704 436 νέμοντα-ι
1744 365 1840 419 αύ-

1962 369 2092 423 mris
2114 368 2474 436 daemonibus,
2507 371 2600 441 qui
2633 370 2795 426 etiam
2841 373 3140 444 depascunt
3166 388 3356 430 eorum
3384 384 3506 434 ant-

270 454 377 508 τῶν
397 454 497 518 τὰς
512 453 711 525 ψυχὰς,
728 455 823 527 τῆς
840 454 1040 527 νοητῆς
1052 455 1355 527 εὐκαρπίας
1375 456 1837 528 ἅπογυμνοῦντες.

349 547 405 599 Ὁ
467 547 610 613 Θεὸς
642 546 972 619 δυνάμεων,
1021 547 1411 619 ἐπίστρεψον.
1485 550 1732 606 Ἰκετεύω
1781 569 1840 606 σε

271 636 446 692 τοίνυν
474 638 565 692 τὸν
603 639 824 693 δυνατὸν
857 640 1133 711 Δεσπότην
1159 641 1286 695 ίδεῐν
1308 641 1511 697 ἄνωθεν
1539 644 1640 715 τῆς
1664 644 1843 716 sput-

271 729 360 783 λου
391 727 493 801 τὴν
511 727 711 800 λώϐην,
744 732 839 784 καὶ
863 731 1157 802 θεραπείας
1185 732 1414 801 ἀξιῶσαι
1441 735 1503 788 τὸ
1530 735 1720 800 πάθος.
1778 737 1840 790 Ἦ

274 818 338 892 σὴ
372 820 483 893 γὰρ
511 819 650 894 αὕτη
679 823 907 895 πρόνοια
950 822 1050 896 τὴν
1095 825 1363 897 προτέραν
1398 825 1598 881 ἔδωκεν
1644 828 1841 899 εὐκλη-

276 913 413 985 ρίαν.

338 1005 447 1061 Kal
472 1006 820 1076 κατάρτισαι
851 1007 1045 1079 αὐτὴν
1091 1006 1173 1077 ἢν
1212 1008 1550 1080 ἐφύτευσεν
1587 1010 1626 1079 ἡ
1675 1009 1842 1076 δεξιά

271 1111 404 1154 σου.
446 1098 665 1170 Ἐπειδὴ
698 1100 763 1153 σὺ
795 1101 989 1172 αὐτὴν,
1030 1101 1184 1173 φησι,
1236 1101 1674 1171 κατεφύτευσας,
1723 1097 1841 1156 εἶτα

272 1187 491 1258 γέγονεν
539 1189 1027 1261 ἐμπεπυρισμένη
1073 1193 1171 1246 καὶ
1225 1193 1681 1264 κατεσκαμμένη
1747 1196 1844 1249 καὶ

271 1278 537 1344 ἀπόλωλε,
562 1278 655 1333 σοῦ
684 1280 853 1353 αὐτὴν
885 1282 1323 1354 ἐπιτιμήσαντος,
1378 1285 1703 1356 κατάρτισαι
1743 1286 1841 1338 αύ-

270 1369 364 1441 τὴν
392 1372 486 1424 καὶ
513 1371 736 1444 ἑτοίμην
760 1374 840 1436 είς
870 1374 1143 1445 σωτηρίαν
1173 1374 1590 1447 παρασκεύασον
1614 1376 1844 1447 {napa-

274 1462 534 1516 σκεύασον
561 1462 618 1517 δὲ
640 1462 729 1518 διὰ
749 1462 843 1517 τοῦ
874 1464 990 1518 υίοῦ
1015 1465 1109 1518 τοῦ
1138 1465 1447 1539 ἀνθρώπου.
1481 1467 1555 1522 Τὸ
1582 1468 1715 1541 γὰρ,
1740 1469 1840 1522 ἐπὶ

270 1555 400 1609 olor
455 1555 791 1625 ἀνθρώπου,
823 1556 911 1610 διὰ
936 1556 1031 1611 τοῦ
1073 1558 1189 1612 υίοῦ
1230 1558 1519 1633 ἀνθρώπου
1566 1561 1838 1633 σημαίνει.

271 1646 362 1719 Τίς
399 1647 457 1700 δέ
489 1649 638 1701 ἐστιν
669 1650 697 1701 ὁ
730 1649 846 1713 υίὸς
875 1648 969 1703 τοῦ
998 1650 1283 1722 ἀνθρώπου
1317 1650 1350 1722 ἢ
1376 1651 1536 1717 αὐτὸς
1569 1654 1596 1706 ὁ
1636 1651 1843 1723 Κύριος

271 1735 447 1810 ἡμῶν,
461 1736 535 1801 ὡς
551 1736 711 1803 αὐτὸς
730 1739 857 1811 περὶ
873 1739 1066 1794 ἑαυτοῦ
1086 1743 1144 1794 ἐν
1160 1745 1270 1805 τοϊς
1287 1741 1644 1811 Εὖαγγελίοις
1667 1742 1801 1813 φησί
1825 1760 1840 1809 ;

337 1827 657 1897 Γενηθήτω
706 1830 745 1899 ἡ
783 1830 913 1899 χείρ
951 1846 1069 1885 σου
1108 1831 1200 1885 ἐπ’
1228 1831 1418 1901 ἄνδρα
1458 1830 1660 1899 δεξιᾶς
1704 1847 1841 1890 σου.

270 1922 439 1995 Αὕτη,
485 1924 734 1996 φησὶν,ἡ
771 1925 1034 1999 πρᾶξιςή
1076 1927 1173 1999 τῆς
1222 1928 1497 1999 σωτηρίας
1544 1925 1639 1983 τοῦ
1677 1927 1841 1995 λαοῦ,

269 2017 388 2088 ητις
407 2017 503 2070 καὶ
529 2016 618 2071 διὰ
644 2016 743 2087 τῆς
785 2017 964 2089 χειρὸς
1005 2017 1351 2089 σημαίνεται,
1393 2018 1487 2071 ἐπ’
1527 2017 1719 2087 ἄνδρα
1746 2018 1843 2072 δε-

271 2107 400 2175 ξιᾶς
431 2123 548 2164 σου
599 2107 920 2180 γενηθήτω,
969 2109 1211 2164 τουτέστι
1261 2100 1351 2163 διὰ
1394 2109 1490 2163 τοῦ
1530 2109 1722 2181 ἀνδρὸς
1748 2109 1842 2163 τοῦ

268 2200 415 2263 δντος
444 2198 624 2265 δεξιᾶς
649 2218 763 2255 σου.
797 2201 905 2254 Καὶ
935 2201 1022 2264 τίς
1041 2196 1193 2265 οὗτος
1218 2202 1251 2274 ἢ
1281 2203 1309 2255 ὁ
1349 2202 1478 2267 Υἱὸς
1513 2202 1604 2257 τοῦ
1630 2201 1842 2275 ἀνθρώ-

268 2308 390 2356 που,
420 2291 479 2355 ὅς
511 2292 630 2344 ἐστι
662 2290 811 2358 δεξιὰ
841 2289 934 2344 τοῦ
981 2292 1215 2363 Πατρὸς,
1254 2294 1303 2346 εἰ
1346 2295 1440 2347 καὶ
1486 2294 1710 2364 γέγονεν
1748 2296 1843 2351 ἄν·

268 2384 520 2457 θρωπος;
558 2382 803 2436 Ἐπειδὰν
835 2382 894 2436 δὲ
921 2381 1078 2436 τοῦτο
1103 2384 1345 2457 γένηται,
1381 2385 1475 2439 καὶ
1504 2384 1653 2459 σώσῃ
1670 2387 1840 2458 ἡμᾶς,

268 2474 450 2544 φησιν,
478 2475 513 2546 η
540 2472 689 2539 δεξιά
716 2490 828 2539 σου,
860 2473 889 2525 ὁ
912 2474 1256 2546 χρηματίσας
1279 2477 1417 2548 ἀνὴρ
1451 2478 1545 2531 καὶ¹
1587 2478 1714 2543 Υἱὸς
1750 2480 1842 2533 ἀν-

268 2565 506 2639 θρώπου,
547 2568 647 2620 οὐκ
694 2565 760 2620 ἄν
797 2583 924 2619 ποτε
959 2567 1285 2640 ἀποστῶμεν
1318 2568 1427 2622 ἀπὸ
1461 2569 1577 2636 σοῦ,
1611 2570 1707 2625 ἆτε
1743 2571 1842 2643 τῆς

271 2659 364 2731 σῆς
395 2658 544 2731 ζωῆς
580 2657 972 2728 μεταλαϐόντες
997 2702 1013 2727 ,
1059 2659 1156 2713 καὶ
1202 2658 1281 2733 τῷ
1329 2661 1407 2733 σῷ
1455 2660 1841 2733 ἐπικληθέντες

268 2749 507 2822 ὀνόματι,
539 2748 788 2803 τουτέστι
812 2748 1147 2821 Χριστιανοί.

334 2843 514 2911 Κύριε
543 2844 576 2895 ὁ
609 2840 754 2907 Θεὸς
773 2839 891 2894 τῶν
914 2839 1247 2910 δυνάμεων,
1271 2840 1642 2910 ἐπίστρεψον
1660 2838 1838 2909 ἡμᾶς.

271 2934 513 3005 Συνεχῶς
545 2932 644 3006 τὴν
671 2931 881 2986 ἱκεσίαν
910 2931 1305 3003 προϐάλλεται,
1356 2932 1697 2987 ἐπισπεύδων
1740 2932 1841 3003 τὴν

1943 473 2082 523 mas,
2111 467 2165 514 et
2196 460 2466 530 spirituali
2496 458 2770 516 fructuum
2797 462 2953 532 copia
2981 462 3306 533 exspoliant.

2012 547 2100 602 15.
2131 547 2273 602 Deus
2302 550 2576 615 virtutum,
2613 560 2925 605 convertere.
2962 551 3234 623 Deprecor
3263 563 3316 610 te
3344 555 3509 626 igitur

1940 648 2215 711 potentem
2264 639 2576 705 Dominum,
2634 651 2694 698 ut
2747 643 3010 712 respicias
3042 644 3109 699 de
3162 645 3302 701 coelo
3337 648 3509 702 vineae

1940 732 2259 803 perniciem.
2284 742 2337 789 et
2357 734 2656 790 remedium
2685 735 2896 789 vulneri
2924 736 3183 805 applices.
3216 736 3332 793 Tua
3360 740 3505 794 enim

1942 824 2059 894 ipsa
2089 824 2429 895 providentia
2460 826 2698 897 priorem
2731 826 2879 881 illam
2928 828 3187 898 optimam
3241 830 3510 886 conditio-
3607 851 3614 858 ·

1941 931 2064 971 nem
2089 917 2329 972 dederat.

2014 1006 2102 1073 16,
2133 1005 2219 1062 17.
2249 1005 2320 1061 Et
2338 1008 2527 1078 perﬁce
2547 1024 2663 1063 eam
2690 1025 2849 1080 quam
2870 1010 3127 1081 plantavit
3149 1011 3364 1067 dextera
3393 1024 3505 1067 tua.

1941 1093 2211 1162 Quoniam
2246 1107 2326 1162 tu,
2364 1098 2561 1168 inquit,
2586 1097 2844 1169 plantasti
2879 1099 3051 1167 illam,
3082 1115 3147 1156 ac
3172 1099 3369 1156 deinde
3407 1101 3512 1157 fuit

1941 1189 2153 1244 incensa
2185 1190 2295 1260 igni
2325 1199 2375 1243 et
2400 1190 2631 1259 suﬂ'ossa
2663 1201 2829 1261 atque
2858 1192 3042 1263 periit,
3070 1203 3123 1248 te
3152 1193 3299 1247 illam
3333 1196 3509 1250 corri-

1942 1280 2143 1351 piente,
2175 1281 2365 1350 perﬁce
2390 1296 2507 1334 eam
2537 1288 2594 1335 et
2621 1291 2864 1351 paratam
2910 1283 3076 1337 reddo
3113 1283 3182 1337 ad
3236 1283 3507 1351 salutem;

1941 1385 2185 1441 praepara
2236 1381 2419 1426 autem
2469 1370 2619 1425 illam
2667 1386 2763 1441 per
2814 1371 2986 1426 lilium
3040 1373 3318 1429 hominis:
3376 1374 3510 1430 illud

1942 1462 2110 1529 enim,
2144 1478 2301 1533 super
2330 1462 2505 1533 ﬁlium
2543 1461 2793 1527 hominis,
2827 1477 2921 1532 per
2951 1463 3123 1517 lilium
3167 1464 3403 1520 hominis
3436 1467 3511 1520 si-

1943 1553 2186 1622 gniﬁcat.
2233 1552 2369 1620 Quis
2418 1562 2599 1609 autem
2634 1563 2718 1609 est
2765 1552 2915 1609 illius
2965 1553 3207 1610 hominis
3233 1554 3341 1610 nisi
3395 1555 3510 1625 ipse

1943 1650 2209 1705 Dominus
2261 1657 2489 1716 noster,
2553 1657 2612 1704 ut
2678 1648 2794 1718 ipse
2848 1647 2917 1703 de
2978 1662 3038 1703 se
3083 1647 3138 1702 in
3202 1646 3510 1720 Evangeliis

1873 1724 1916 1780 Β
1943 1741 2118 1799 dicit?

2014 1830 2103 1897 18,
2138 1829 2227 1887 l9.
2262 1828 2391 1886 Fiat
2420 1846 2606 1886 manus
2631 1839 2723 1885 tua
2743 1846 2899 1900 super
2922 1830 3093 1884 virum
3123 1829 3355 1886 dexterae
3381 1839 3507 1886 tua.

1944 1921 2092 1989 Haac,
2125 1922 2326 1994 inquit,
2367 1931 2452 1978 est
2493 1922 2738 1993 operatio
2771 1921 2965 1978 salutis
3001 1922 3211 1992 populi,
3263 1937 3385 1992 quae
3414 1938 3512 1992 per

1943 2031 2166 2071 manum
2208 2015 2499 2080 indicatur,
2531 2030 2686 2084 super
2710 2014 2877 2068 virum
2895 2010 3127 2068 dextera:
3169 2022 3273 2068 tua:
3309 2015 3429 2083 ﬁat,
3457 2012 3511 2068 id

1943 2116 2026 2163 est
2055 2122 2152 2177 per
2186 2092 2362 2161 virum
2390 2106 2486 2177 qui
2518 2114 2602 2163 est
2634 2106 2858 2160 dextera
2910 2113 3023 2159 tua.
3059 2102 3263 2175 Ecquis
3296 2104 3386 2160 ille
3426 2114 3514 2161 est

1944 2202 2050 2257 nisi
2074 2199 2245 2256 Filius
2273 2200 2535 2265 hominis,
2567 2201 2661 2270 qui
2688 2208 2773 2256 est
2806 2200 3029 2255 dextera
3059 2197 3261 2268 Patris,
3294 2201 3511 2257 etiamsi

1944 2290 2123 2347 factus
2158 2291 2231 2347 sit
2267 2291 2476 2364 homo?
2502 2289 2638 2346 Cum
2675 2300 2855 2345 autem
2894 2291 2999 2345 hoc
3029 2288 3233 2345 factum
3262 2289 3427 2346 fuerit
3457 2300 3512 2347 et

1944 2383 2130 2439 salvos
2173 2397 2278 2438 nos
2319 2381 2509 2437 iecerit
2547 2380 2766 2436 dextera
2801 2389 2914 2449 tua,
2944 2380 3040 2451 qui
3085 2380 3299 2437 vocaris
3331 2381 3413 2437 vir
3457 2391 3511 2438 et

1944 2474 2118 2532 Filius
2152 2473 2269 2542 Dei,
2301 2489 2581 2545 nunquam
2625 2473 2969 2529 discedemus
2998 2487 3030 2528 a
3061 2480 3132 2540 te,
3184 2481 3371 2543 utpote
3415 2474 3510 2545 qui

1945 2569 2070 2623 vita:
2095 2578 2202 2623 tute
2232 2566 2524 2638 participes
2555 2566 2748 2633 simus,
2785 2574 2840 2621 et
2872 2574 2966 2620 tuo
3007 2565 3232 2620 nomine
3277 2567 3510 2637 appelle-

1944 2675 2088 2727 mur,
2120 2659 2173 2713 id
2199 2664 2284 2715 est
2307 2657 2630 2714 Christiani.

2011 2852 2102 2910 20.
2136 2853 2356 2908 Domine
2384 2852 2520 2908 Deus
2554 2853 2828 2922 virtutum,
2861 2862 3098 2909 converte
3129 2870 3246 2910 nos.
3278 2855 3512 2912 Assidue

1944 2945 2400 3016 supplicationem
2424 2945 2627 3000 emittit
2657 2945 2918 3016 gestiens,
2954 2954 3018 3001 ut
3064 2943 3387 3017 Unigenitus
3418 2963 3512 3018 ap-

273 3008 587 3094 ἐπῖφάνειαν
612 3021 864 3092 γενέσθαι
890 3022 983 3076 τοῦ
1014 3022 1373 3091 Μονογενοῢς,
1410 3024 1478 3078 δι’
1507 3018 1568 3078 οὗ
1600 3025 1697 3078 καὶ
1732 3040 1838 3077 σω-

1962 3046 2151 3104 )areat,
2183 3052 2280 3094 oer
2303 3053 2465 3093 autem
2490 3038 2721 3094 salutem
2757 3036 2860 3110 ipsi
2893 3050 3319 3110 consequentur.

272 3117 542 3189 θήσονται.

435 3212 542 3276 Είς
574 3208 752 3275 τέλος
786 3208 940 3277 ὑπὲρ
968 3206 1087 3263 τῶν
1120 3206 1327 3275 ,Ζηνῶν
1359 3208 1668 3263 ΨΑΛΜΟΣ

631 3299 713 3365 τῷ
754 3298 956 3368 Ἀσὰερ,
986 3298 1346 3366 ἀλληλούῖα.
1382 3301 1467 3352 Π’.

893 3389 1217 3455 ’Υπόθεσις.

279 3479 408 3551 Ἤδη
458 3479 551 3533 τὸν
586 3478 770 3548 ὄγδοον
824 3476 1216 3551 ἑρμηνεύοντες
1249 3477 1674 3554 ἀποδεδώκαμεν
1701 3476 1840 3536 εἶναι

336 3569 528 3640 ληνοὺς
564 3570 663 3633 τὰς
717 3569 1062 3640 Ἐκκλησίας.
1098 3571 1284 3625 Ἔστιν
1315 3568 1515 3626 οὖνκαὶ
1550 3574 1614 3626 ἐκ
1651 3572 1838 3627 τούτου

339 3662 428 3716 τοῦ
452 3660 671 3734 ψαλμοῦ
700 3662 846 3725 ἰδεῖν,
886 3661 961 3726 ὡς
984 3661 1139 3716 καλεῖ
1157 3662 1227 3716 τὰ
1259 3662 1385 3736 ἐθνη
1422 3663 1563 3734 πρὸς
1602 3665 1699 3738 τὴν
1746 3667 1840 3719 πί-

338 3769 453 3808 στιν
482 3753 580 3827 τὴν
613 3755 691 3819 είς
713 3754 805 3807 τὸν
825 3754 1026 3827 Κύριον
1045 3769 1059 3783 ·
1076 3755 1260 3819 αὐτοῖς
1282 3755 1631 3815 διδασκαλίαν
1659 3758 1841 3813 ποιού-

334 3864 493 3919 μενος
529 3846 625 3900 τοῦ
664 3847 872 3918 μήποτε
904 3846 1205 3917 ἀποστῆναι
1234 3847 1421 3913 αὐτοῦ,
1455 3848 1556 3919 τὴν
1594 3847 1687 3903 τοῦ
1714 3867 1842 3922 προ-

336 3939 494 4005 τέρου
524 3934 657 3992 λαοῦ
687 3935 775 3990 διὰ
801 3935 899 4007 τὴν
932 3936 1129 3990 κακίαν
1154 3936 1425 4009 ἀποϐολὴν
1461 3936 1655 4007 λέγων.

348 4027 734 4102 Ἆγιιλλιᾶσθε
770 4028 850 4095 τῷ
873 4028 994 4095 Θεῷ
1017 4027 1097 4095 τῷ
1120 4027 1327 4099 ,Βοηθῷ
1362 4028 1534 4099 ἡμῶν
1552 4070 1568 4098 ,
1606 4030 1840 4085 ἀλαλά-

273 4122 405 4186 εατε
434 4121 518 4188 τῷ
556 4118 676 4187 Θεῷ
729 4119 939 4175 Ἰακώϐ.
998 4121 1335 4192 Ἀλαλαγμός
1378 4123 1525 4175 ἐστιν
1576 4122 1840 4186 ἐπινίκιος

272 4213 453 4284 ἱμνος.
483 4211 923 4285 Παρακελεύεται
949 4206 1041 4266 οὖν
1061 4215 1175 4276 τοῖς
1200 4212 1375 4267 ἔθνεσι
1406 4211 1485 4283 τῷ
1513 4212 1840 4285 βοηθήσαντι

271 4303 414 4374 Θεῷ,
466 4304 560 4356 καὶ
587 4305 651 4356 ἐκ
683 4305 784 4375 τῆς
815 4302 922 4357 τῶν
973 4302 1244 4375 δαιμόνων
1297 4304 1495 4369 αὐτοὺς
1549 4305 1840 4378 ῥυσαμένῳ

272 4396 743 4459 κςταδυναστείας,
772 4395 871 4459 τὰς
904 4395 1199 4460 ἐπινικίους
1226 4395 1374 4467 ᾄδειν
1406 4395 1568 4468 ᾠδάς.

334 4489 559 4543 Λάϐετε
582 4487 858 4557 ψαλμὸν,
903 4488 1001 4542 καὶ
1053 4487 1191 4542 δότε
1227 4489 1557 4558 τύμπανον.
1610 4488 1841 4561 Ψαλμδν

271 4581 325 4633 ἰν
349 4579 563 4643 τούτοις
586 4579 683 4649 τὴν
708 4577 858 4632 θείαν
884 4578 1234 4633 διδασκαλίαν
1273 4578 1428 4651 φησί.
1461 4577 1753 4649 Τύμπανον
1783 4578 1840 4633 δὲ

271 4670 497 4743 δργανὸν
523 4672 641 4723 ἐστι
668 4671 734 4723 ἐκ
764 4668 1048 4742 δερμάτων
1081 4668 1472 4741 πεποιημένον.
1506 4669 1674 4738 Λέγει
1720 4663 1837 4722 οὖν·

285 4764 536 4834 Ἐπήκοοι
586 4764 701 4826 τοῖς
748 4761 913 4826 θείοις
967 4760 1168 4832 λογίοις
1199 4762 1502 4834 γενόμενοι,
1531 4761 1841 4830 παραστή-

272 4870 414 4909 σατε
437 4854 508 4908 τὰ
541 4854 786 4923 σώματα
809 4851 974 4923 ὑμῶν
1010 4855 1231 4910 θυσίαν
1253 4852 1448 4915 ζῶσαν
1467 4893 1484 4919 ,
1516 4853 1844 4923 εὐπρόσδε-

2102 3219 2155 3273 1.
2185 3215 2254 3272 1η
2279 3217 2458 3288 linem,
2486 3234 2581 3287 pro
2604 3218 2957 3274 torcularibus
2994 3176 3333 3275 PSALHUS

2430 3309 2535 3379 ipsi
2562 3310 2764 3378 Asaph.
2791 3297 3015 3366 LXXX.

2527 3403 2568 3457 Α
2580 3414 2929 3475 rgumentum.

1940 3489 2060 3548 Jam
2096 3508 2220 3549 cum
2256 3503 2510 3550 octavum
2545 3495 3032 3565 interpretaremur
3061 3495 3298 3552 diximus
3330 3505 3484 3553 torcu

2012 3585 2151 3640 laria
2179 3583 2451 3640 Ecclesias
2507 3600 2651 3642 esse.
2702 3584 2903 3642 Videre
2950 3586 3116 3657 igitur
3161 3595 3247 3642 est
3295 3602 3362 3641 ex
3408 3586 3513 3643 hoc

2011 3690 2230 3746 quoque
2255 3675 2468 3746 psalmo
2494 3676 2674 3748 ipsum
2709 3691 2909 3732 vocare
2952 3687 3138 3746 gentes
3165 3676 3234 3732 ad
3263 3676 3423 3733 ﬁdem
3454 3679 3510 3733 in

2011 3763 2325 3820 Dominum.
2355 3764 2489 3820 Eam
2520 3765 2825 3821 doctrinam
2867 3765 3116 3835 praebens
3141 3765 3247 3821 illis
3280 3773 3343 3821 ut
3369 3782 3512 3821 nun-

2010 3870 2175 3925 quam
2204 3854 2491 3911 discedant
2527 3855 2598 3910 ab
2629 3855 2769 3925 ipso,
2800 3854 3003 3925 prioris
3034 3854 3221 3925 populi
3254 3853 3509 3924 impieta-

2012 3946 2083 4001 tis
2109 3960 2273 4000 causa
2302 3946 2660 4016 abjectionem
2696 3945 3038 4015 significans.

2009 4035 2085 4090 2..
2110 4034 2385 4090 Εωδιιιιαιε
2431 4034 2541 4090 Deo
2590 4034 2828 4106 adjutori
2866 4043 3046 4091 nostro
3071 4074 3088 4102 ,
3127 4033 3356 4103 jubilate
3400 4033 3508 4089 Deo

1939 4126 2412 4183 Jacob.Jubilatio
2456 4134 2541 4182 est
2589 4126 2833 4182 victoriae
2882 4140 3126 4181 carmen.
3176 4124 3508 4180 Cohortatur

1941 4220 2125 4291 itaque
2150 4226 2338 4291 gentes
2372 4227 2434 4274 ut
2465 4216 2576 4274 Deo
2628 4218 2937 4283 auxilianti,
2990 4219 3085 4288 qui
3117 4232 3148 4272 a
3196 4217 3507 4273 daemonum

1944 4317 2214 4380 potestate
2280 4307 2431 4378 ipsos
2512 4308 2891 4373 liberaverat,
2967 4306 3201 4378 hymnos
3270 4305 3513 4361 victoriae

1874 4401 1914 4456 D
1942 4411 2162 4457 canant.

2015 4494 2065 4549 5.
2095 4492 2302 4549 Sumite
2324 4495 2606 4564 psalmum,
2641 4499 2692 4545 et
2720 4490 2845 4543 date
2885 4497 3211 4560 tympanum.
3232 4485 3511 4543 Psalmum

1943 4583 2034 4639 hic
2061 4593 2242 4652 vocat,
2288 4582 2528 4639 divinam
2564 4580 2916 4647 doctrinam;
2967 4586 3282 4650 tympanum
3331 4586 3513 4633 autem

1944 4687 2028 4733 est
2052 4677 2477 4733 instrumentum
2531 4674 2766 4745 pellibus
2816 4670 3148 4728 confectum.
3181 4669 3274 4725 Ait
3304 4669 3510 4741 igitur:

1946 4766 2322 4838 Obsequentes
2364 4767 2566 4821 divinis
2598 4765 2859 4836 eloquiis,
2905 4763 3140 4819 exhibete
3182 4778 3401 4833 corpora
3430 4778 3516 4817 ve—

1945 4872 2059 4915 stra
2087 4862 2319 4916 hostiam
2345 4861 2620 4925 viventem,
2648 4857 2758 4914 Deo
2785 4857 3155 4928 placentem”.
3188 4854 3514 4909 Psalterium

276 4963 416 5001 κτον
445 4944 529 5011 τῷ
554 4944 697 5010 Θεῷ.
744 4945 1086 5014 Ψαλτήριον
1113 4945 1371 5016 τερπνὸν
1393 4947 1545 5016 μετὰ
1575 4945 1840 5014 κιθάρας.

1962 4953 2232 5007 Vacandum
2252 4968 2369 5007 eum
2385 4950 2611 5005 cithara.
2630 4949 2955 5005 Psalterium
2974 4961 3193 5003 rursum
3213 4960 3414 5014 corpus
3432 4943 3515 4998 di-

279 5034 583 5107 Ψαλτήριον
614 5033 778 5087 πάλιν
815 5035 875 5087 τὸ
906 5034 1067 5106 σῶμά
1099 5052 1252 5105 φησι,
1287 5034 1375 5089 διὰ
1414 5033 1512 5105 τὴν
1550 5036 1842 5107 γινομένην

282 5128 594 5197 συμφωνίαν
625 5127 719 5180 καὶ
748 5128 1110 5198 συναρμονίαν
1141 5128 1278 5200 πρὸς
1310 5127 1444 5182 αὐτὸ
1493 5128 1592 5200 τῆς
1622 5127 1800 5198 ψυχῆς
1821 5143 1837 5161 ’

280 5218 340 5268 ἶν’
370 5220 547 5291 ἄρτιοι
578 5220 841 5289 γένωνται
868 5220 918 5274 οί
949 5219 1042 5274 τοῦ
1069 5218 1206 5275 Θεοῦ
1254 5218 1529 5291 ἄνθρωποι
1551 5259 1565 5283 ,
1614 5220 1709 5272 καὶ
1745 5219 1841 5283 τὰς

280 5308 444 5382 ψυχὰς
469 5311 820 5375 ἀνατιθέντες
849 5310 927 5382 τῷ
950 5310 1090 5382 Θεῷ,
1119 5313 1213 5365 καὶ
1241 5310 1302 5364 τὸ
1337 5310 1518 5381 σῶμα,
1550 5311 1609 5362 οὐ
1648 5309 1727 5381 τῷ
1754 5309 1846 5363 κό-

281 5413 411 5470 σμῳ,
435 5401 576 5456 ἀλλὰ
597 5401 809 5473 Κυρίῳ.
1586 5456 1591 5459 ,

342 5491 688 5548 Σαλπίσατε
707 5491 778 5544 ἐν
800 5492 1083 5560 νεομηνία
1113 5492 1419 5561 σάλπιγγι.
1447 5490 1655 5563 Ὥσπερ
1676 5490 1839 5545 πάλαι

352 5660 396 5693 ’⁸
426 5660 587 5714 Rom.
636 5672 732 5714 xu.
767 5654 817 5707 ί.

596 5751 869 5811 ΡΑτιιοι..
903 5744 1018 5804 Gn.
1052 5742 1311 5807 XXVII.

1945 5045 2039 5107 cit,
2057 5043 2125 5098 ob
2145 5056 2471 5098 consensum
2496 5047 2550 5095 et
2576 5039 2978 5109 coaptationem
3005 5037 3205 5091 anima:
3227 5048 3350 5090 cum
3381 5031 3475 5085 illo
3495 5072 3510 5094 ,

1948 5146 2009 5193 ut
2040 5135 2133 5191 Dei
2164 5134 2418 5189 homines
2449 5130 2676 5204 perfecti
2702 5131 2833 5198 sint,
2864 5138 2918 5185 et
2952 5128 3163 5183 animas
3192 5124 3303 5179 Deo
3325 5122 3513 5178 dicam.

1949 5238 2030 5282 tes
2060 5234 2113 5282 et
2139 5240 2362 5297 corpus,
2418 5239 2526 5280 non
2557 5222 2783 5287 mundo,
2816 5221 2909 5277 sed
2934 5218 3184 5276 Domino.

2027 5488 2081 5553 ι,
2115 5486 2167 5541 5.
2204 5484 2563 5540 Buccinalein
2601 5482 2870 5538 mammia
2904 5479 3052 5533 tuba.
3088 5477 3240 5531 Sicut
3271 5475 3401 5530 olim
3434 5471 3516 5528 ls-
3561 5462 3565 5470 ’

3200 5732 3272 5794 12
