3976 6220
351 215 455 273 365

1152 214 1207 268 S.
1248 212 1615 269 ATHANASII
1652 209 1802 266 OPP.
1839 203 2148 275 PARSJH.
2189 228 2259 240 -
2296 197 2708 253 EXEGETICA.

351 329 464 386 rael
517 325 805 383 sensibiles
845 340 1068 382 sumens
1094 327 1253 381 tubas
1298 326 1354 380 in
1404 325 1690 381 ncomenia
1738 322 1968 383 bucci-l

2061 316 2155 370 ;οτέ
2174 315 2202 367 6
2239 311 2452 386 Ἰσραὴλ
2478 308 2740 380 αἰσθητὰς
2771 307 3061 378 λαμϐάνων
3107 304 3413 372 σάλπιγγας
3449 304 3507 357 ἐν
3534 306 3603 375 τῇ

352 420 538 484 nabat,
567 418 696 488 quia
728 417 833 471 hoc
861 425 1189 486 praeceptum
1226 416 1448 471 dederat
1504 416 1647 470 Deus
1679 415 1730 468 in
1769 413 1922 467 testi—

350 511 597 565 monium
624 510 770 580 quod
803 509 1015 563 liberati
1046 507 1279 562 fuissent
1301 523 1366 562 ex
1401 506 1722 578 Egyptiaca
1749 504 1924 560 servi-

353 612 508 669 tute;
548 605 622 657 ita
653 611 706 656 et
737 617 909 656 novus
954 600 1188 670 populus
1238 600 1550 670 evangelica
1593 613 1725 653 usus
1773 596 1922 662 tuba,

354 695 514 764 cujus
565 710 735 749 sonus
789 695 844 748 in
888 706 1105 747 omnem
1157 699 1355 745 terram
1416 691 1631 754 exivit,
1670 687 1820 759 jubet
1868 688 1923 741 in

353 785 660 840 neomeniis
693 785 821 839 tuba
851 796 1067 847 canere,
1104 780 1158 834 id
1191 790 1275 836 est
1306 781 1360 834 in
1396 780 1751 834 renovatione
1773 792 1925 831 men-

357 877 430 933 tis
453 877 595 948 ejus,
627 877 892 932 conliteus
924 875 1039 943 ipse
1071 881 1234 941 atque
1263 871 1563 928 testiticans
1593 870 1740 941 quod
1770 870 1924 924 illum

356 983 425 1024 ex
457 968 726 1040 spirituali
755 966 990 1039 Egypto
1019 965 1286 1032 liberarit,
1331 964 1385 1018 id
1436 974 1520 1020 est
1564 979 1630 1018 ex
1662 969 1928 1034 potestate

355 1059 702 1114 tenebrarum
714 1098 726 1110 .

427 1235 479 1289 6.
510 1233 769 1305 Linguam
797 1248 951 1302 quam
986 1247 1088 1284 non
1139 1237 1348 1283 noverat
1395 1226 1617 1280 audivit.
1662 1221 1925 1293 Populus,

2027 404 2286 478 νεομηνία
2313 402 2590 466 ὲσάλπιζε,
2616 401 2773 454 τοῦτο
2799 399 3123 471 πρόσταγμα
3169 395 3463 458 δεδωκότος
3507 396 3603 449 τοῦ

2028 496 2186 561 Θεοῦ,
2218 497 2311 548 καὶ
2345 493 2641 565 μαρτύριον
2664 489 2757 544 τοῦ
2802 487 3230 560 ἐλευθερωθῆναι
3270 486 3465 549 αὐτοὺς
3507 485 3606 554 τῆς

2031 588 2090 653 ἐξ
2115 586 2390 655 Αἰγύπτου
2411 583 2653 644 δουλείας
2669 597 2682 611 ⁶
2710 580 2850 634 οὕτω
2868 579 2960 632 καὶ
2986 580 3014 631 6
3030 578 3148 641 νέος
3165 576 3313 640 λαὸς,
3343 579 3410 647 τῇ
3444 575 3609 643 εὐαγ-

2029 681 2216 750 γελικῇ
2252 677 2532 750 χρώμενος
2575 675 2857 742 σάλπιγγι,
2897 667 2965 744 ἧς
2996 674 3023 725 ὁ
3059 671 3290 741 φθόγγος
3317 671 3394 733 είς
3429 671 3608 722 πᾶσαν

2031 773 2129 842 τὴν
2164 773 2267 840 γῆν
2296 767 2540 838 ἐξῆλθεν,
2563 765 2842 820 κελεύεται
2867 767 2922 818 ἐν
2947 765 3065 826 ταῖς
3095 761 3408 833 νεομηνίαις
3425 757 3611 812 σαλπί-

2032 863 2174 928 ζειν,
2224 860 2501 914 τουτέστιν
2555 859 2611 911 ἐν
2647 860 2713 928 τῇ
2744 856 3082 910 ἀνακαινίσει
3114 851 3208 906 τοῦ
3255 852 3375 914 νοὸς
3408 848 3607 903 αὐτοῦ’

2031 953 2306 1026 ὁμολογῶν
2336 951 2431 1006 καὶ
2459 950 2621 1013 αὐτὸς
2647 949 2748 1004 καὶ
2776 946 3065 1021 μαρτυρῶν
3083 984 3097 1010 ,
3148 945 3230 998 ὅτι
3262 943 3325 1015 δὴ
3355 942 3516 996 αὐτὸν
3543 943 3610 994 ἐκ

2030 1048 2128 1116 τῆς
2151 1045 2347 1116 νοητῆς
2375 1041 2746 1114 ἠλευθέρωσεν
2778 1039 3077 1109 Αἰγύπτου,
3109 1036 3384 1090 τουτέστιν
3414 1036 3478 1087 ἐκ
3508 1034 3610 1104 τῆς

2034 1137 2288 1204 ἐξουσίας
2325 1135 2417 1188 τοῦ
2446 1133 2691 1196 σκότους.

2059 1229 2406 1283 θΓλῶσσαν
2432 1225 2512 1294 ἣν
2538 1227 2648 1279 οὐκ
2677 1225 2829 1294 ἔγνω
2862 1220 3152 1290 ἤκουσεν.
3180 1219 3238 1273 '0
3253 1217 3404 1282 λαὸς,
3425 1213 3609 1285 φησὶν.

358 1324 557 1396 inquit,
588 1337 841 1392 egressus
868 1337 932 1375 ex
969 1318 1227 1389 IEgypto,
1259 1315 1465 1371 audivit
1497 1315 1736 1383 linguam
1763 1326 1928 1380 quam

2066 1319 2269 1387 ξελθὼν
2303 1322 2367 1372 ἐκ
2392 1319 2489 1384 τῆς
2518 1314 2816 1386 Αἰγύπτου,
2847 1313 3046 1383 ἢκουσε
3069 1310 3318 1380 γλῶσσαν
3347 1309 3416 1378 ἣν
3439 1305 3608 1361 πάλαι

359 1418 490 1474 olim
542 1431 652 1470 non
699 1422 878 1469 norat.
915 1410 1100 1482 Ecqua
1128 1410 1217 1463 illa
1269 1406 1372 1462 fuit
1410 1406 1516 1460 nisi
1567 1419 1671 1458 vox
1726 1401 1822 1456 Dei
1874 1401 1928 1454 in

2061 1411 2133 1463 inc
2167 1409 2329 1480 ἔγνω.
2365 1409 2478 1462 Καὶ
2538 1407 2666 1460 ποία
2696 1404 2834 1476 αὕτη
2881 1403 2914 1473 ἢ
2968 1405 3002 1473 ἡ
3035 1401 3129 1455 τοῦ
3163 1400 3296 1454 Θεοῦ
3335 1398 3472 1470 πρὸς
3519 1397 3618 1451 τὸν

359 1518 543 1565 monte
572 1509 640 1564 ad
668 1507 930 1577 populum
973 1504 1176 1558 emissa
1203 1501 1226 1553 ?

2061 1501 2163 1554 ,αὸν
2190 1498 2446 1571 γινομένη
2471 1501 2528 1552 ἐν
2559 1498 2635 1569 τῷ
2660 1497 2774 1569 ὄρει
2805 1496 2986 1567 φωνή;

431 1602 484 1656 7.
522 1600 743 1654 Divertit
767 1597 830 1652 ab
864 1594 1103 1650 oneribus
1137 1593 1354 1646 dorsum
1381 1591 1515 1660 ejus.
1561 1585 1728 1653 Quasi
1764 1585 1928 1650 dicat,

2125 1591 2490 1660 ’Arzéo'tnaer
2510 1589 2890 1661 daddpaewr
2907 1586 3016 1640 τὸν
3031 1586 3223 1639 νῶτον
3243 1581 3451 1637 αὑτοῦ.
3469 1581 3619 1636 Ἀντὶ

360 1709 424 1746 ex
456 1690 736 1745 oneribus.
763 1687 902 1741 Dicit
924 1699 1088 1756 porro
1115 1681 1259 1752 quod
1279 1679 1401 1734 illos
1430 1693 1460 1732 a
1483 1677 1714 1733 sarcinis
1737 1674 1934 1727 libera-

2061 1684 2158 1749 τοῦ,
2193 1684 2253 1748 ἐξ
2279 1684 2511 1756 ἄρσεων.
2544 1681 2705 1750 Λέγει
2732 1681 2810 1745 δὲ,
2841 1677 3055 1733 ὅτιτῶν
3091 1675 3487 1747 βασταγμάτων
3513 1673 3615 1728 αὑ-

361 1783 521 1847 verit,
557 1795 694 1850 quas
719 1778 1034 1834 deferebant
1063 1788 1187 1830 cum
1216 1776 1562 1828 exstruerem
1589 1767 1753 1822 urbes
1782 1763 1927 1818 Pha-

2061 1777 2160 1840 τοὺς
2185 1775 2582 1846 ἠλευθέρωσεν,
2613 1767 2688 1826 ὧν
2730 1772 3057 1843 ἐπεφέροντο
3085 1766 3490 1840 οἰκοδομοῦντες
3513 1765 3620 1827 τὰς

361 1872 572 1930 raouis.
609 1869 799 1924 Manus
831 1867 943 1936 eius
971 1867 1025 1920 in
1070 1863 1289 1934 cophino
1339 1862 1646 1914 servierunt.
1697 1853 1812 1910 Hoc
1855 1855 1932 1908 ait

2061 1867 2220 1930 πόλεις
2243 1865 2320 1936 τῷ
2347 1864 2565 1936 Φαραώ.
2597 1866 2666 1918 Αἱ
2699 1862 2896 1933 χεῖρες
2941 1859 3127 1915 αὑτοῦ
3173 1859 3242 1913 ἐν
3271 1857 3351 1923 τῷ
3389 1856 3615 1926 uos-atra:

365 1967 494 2036 quia
527 1965 702 2018 lutum
730 1971 784 2016 et
822 1961 1006 2031 paleas
1054 1958 1112 2012 in
1143 1953 1394 2027 cophiuis
1434 1952 1500 2007 ad
1548 1965 1685 2022 opus
1719 1945 1932 2003 defere-

2061 1959 2434 2012 ὲόούλευσαν.
2481 1955 2651 2008 Τοῦτό
2699 1973 2832 2027 φησι
2859 1954 2992 2008 διότι
3044 1952 3134 2005 τὸν
3195 1949 3364 2021 πηλὸν
3410 1948 3504 2002 καὶ
3548 1947 3617 2000 τὰ

365 2062 518 2114 bant.
2039 2050 2218 2123 ἄχυρα
2239 2053 2296 2103 ἐν
2319 2050 2561 2120 κοφίνοις
2587 2048 2678 2101 ἐπὶ
2710 2048 2769 2100 τὸ
2804 2046 2962 2119 ἔργον
2986 2043 3333 2115 ἐπεφέροντο.

442 2151 496 2205 8.
530 2149 597 2203 In
631 2147 971 2202 tribulatione
1002 2141 1260 2197 invocasti
1289 2155 1393 2203 me,
1425 2146 1473 2192 et
1509 2133 1723 2189 liberavi
1750 2140 1817 2187 te.
1850 2128 1938 2183 Si-

372 2245 497 2299 mile
519 2251 602 2297 est
633 2241 708 2294 illi
748 2258 761 2295 :
795 2240 938 2304 Quia
973 2235 1150 2290 audivi
1197 2233 1416 2304 gemitus
1450 2243 1630 2283 eorum
1674 2233 1723 2278 et
1763 2235 1936 2277 vocem

370 2351 549 2390 eorum
571 2331 770 2396 audivi,
800 2338 848 2383 et
878 2318 1122 2381 descendi
1152 2325 1220 2378 ad
1240 2319 1579 2377 liberandum
1605 2332 1690 2371 eos
1717 2315 1757 2370 ⁸.

437 2423 697 2476 Exaudivi
723 2429 770 2473 te
794 2420 847 2472 in
870 2415 1179 2471 abscondito
1204 2409 1550 2482 tempestatis.
1577 2405 1748 2472 Quasi
1770 2402 1938 2465 dicat,

371 2533 435 2571 ex
469 2528 663 2584 magna
695 2521 750 2566 et
780 2507 1262 2566 vehementissima
1297 2512 1349 2558 te
1393 2499 1643 2572 angustia
1688 2492 1937 2551 liberavi.

375 2583 602 2658 Probavi
631 2611 678 2655 te
707 2598 845 2669 apud
874 2612 1067 2668 aquam
1114 2589 1571 2649 contradictionis.
1611 2584 1842 2653 Quando
1870 2583 1943 2639 si-

376 2695 634 2751 tibuudus
663 2693 898 2762 populus
929 2691 993 2745 ad
1025 2688 1246 2760 Moysen
1272 2686 1480 2741 diceret
1511 2701 1525 2737 :
1558 2680 1643 2734 Da
1687 2677 1833 2732 nobis
1885 2691 1944 2728 a-

375 2807 532 2861 quam
551 2799 607 2842 ut
633 2769 892 2850 bibamus,
945 2782 1259 2853 respondit:
1281 2779 1422 2845 Quid
1453 2793 1532 2830 me
1555 2772 1798 2829 conviciis
1820 2785 1942 2824 one-

377 2881 511 2933 ratis
543 2889 591 2932 et
629 2876 838 2930 tentatis
872 2873 1151 2926 Dominum
1176 2873 1196 2902 ²
1217 2871 1242 2923 ?

449 2971 599 3028 9-H.
629 2969 788 3033 Audi,
849 2965 1070 3036 populus
1106 2979 1271 3019 meus.
1306 2960 1570 3030 Populum
1606 2955 1944 3019 cohortatur,

2121 2144 2224 2197 Ἐν
2251 2142 2452 2209 θλίψει
2474 2140 2823 2194 ἐπεκαλέσω
2860 2154 2958 2207 με,
2990 2136 3091 2189 καὶ
3130 2131 3480 2203 ἐρῤυσάμην
3519 2143 3620 2186 σε.

2045 2233 2268 2303 Ὅμοιον
2291 2229 2389 2302 τῷ,
2423 2230 2553 2283 ’Ὀτι
2585 2228 2825 2297 ἤκουσα
2859 2224 2978 2280 τῶν
3012 2221 3364 2292 στεναγμῶν
3397 2217 3618 2281 αὐτῶν,

2043 2324 2143 2377 καὶ
2175 2321 2283 2391 τῆς
2321 2320 2525 2392 φωνῆς
2569 2319 2768 2374 αὐτῶν
2809 2317 3072 2387 ἤκουσα,
3103 2315 3202 2369 καὶ
3228 2314 3483 2380 κατέϐην
3511 2310 3622 2366 τοῦ

2044 2412 2360 2478 ἐξελέσθαι
2391 2411 2632 2477 αὐτούς.
2667 2406 3005 2474 Ἐπήκουσά
3041 2421 3157 2461 σου
3183 2405 3251 2458 ἐν
3299 2401 3626 2470 ἀποκρύφῳ

2045 2503 2556 2574 τῆς’καταιγίδος.·
2585 2502 2730 2555 Ἀντὶ
2759 2498 2873 2562 τοῦ,
2915 2499 3009 2552 Ἐκ
3042 2495 3283 2568 μεγάλης
3333 2495 3429 2547 καὶ
3456 2493 3626 2564 ὑπερ-

2049 2595 2350 2667 ϐαλλούσης
2379 2594 2696 2666 ἐρρυσάμην
2739 2607 2796 2643 σε
2839 2588 3090 2658 θλίψεως,
3140 2581 3504 2653 Ἐδοκίμασά
3547 2597 3625 2635 σε

2049 2687 2149 2742 ἐπὶ
2180 2686 2398 2751 ὕδατος
2419 2683 2785 2752 ἀντιλογίας.
2823 2681 2955 2732 Ὅτε
2991 2677 3220 2748 διψήσας
3261 2677 3288 2728 6
3318 2674 3444 2736 λαὸς
3469 2671 3626 2740 ἔλεγε

2049 2779 2186 2850 πρὸς
2238 2776 2476 2847 Μωσῆνο
2502 2775 2613 2841 Δὸς
2637 2773 2782 2843 ἡμῖν
2810 2770 2966 2837 ὕδωρ
3015 2769 3116 2822 ἵνα
3144 2768 3365 2834 πίωμεν
3383 2805 3397 2829 ,
3432 2763 3626 2832 ἔλεγετ

2057 2869 2119 2924 Τί
2147 2865 2518 2934 λοιδορεῖσθέ
2537 2881 2614 2934 με
2642 2862 2743 2917 καὶ
2775 2856 3070 2927 πειράζετε
3099 2857 3202 2910 τὸν
3237 2856 3454 2923 Κύριον
3465 2869 3485 2918 ;

2126 2960 2443 3024 Ἄκουσον,
2482 2957 2632 3023 λαός
2657 2972 2796 3025 μου.
2828 2951 2917 3022 Τῷ
2952 2949 3066 3019 λαῷ
3093 2945 3407 3018 παραίνεσιν
3448 2943 3630 3012 εἰσφέ-

396 3074 441 3119 ιι
468 3072 620 3118 curet
646 3075 769 3116 esse
797 3035 1107 3127 obsequens
1161 3055 1260 3109 illi.
1313 3052 1449 3106 Nam
1501 3051 1549 3106 si
1597 3049 1701 3103 hoc
1760 3045 1946 3107 faciat,

2061 3069 2137 3124 ρει
2184 3050 2354 3120 λέγων
2386 3046 2826 3121 παρεσκευάσθαι
2866 3044 3100 3114 ἐπήκοον
3153 3039 3404 3109 γενέσθαι
3455 3035 3626 3107 αὐτῷ.

379 3168 724 3224 nequaquam
757 3150 956 3206 serviet
984 3148 1076 3201 alii
1112 3145 1220 3200 Deo
1247 3164 1259 3198 :
1296 3159 1474 3212 neque
1503 3140 1606 3196 erit
1631 3137 1733 3209 ipsi
1767 3136 1951 3190 Domi-

380 3263 486 3302 nus
512 3248 566 3298 iu
595 3243 762 3298 Deum
792 3249 1088 3296 recentem.
1131 3237 1252 3307 Ipse
1286 3248 1523 3304 namque
1569 3230 1771 3300 estqui
1819 3229 1952 3284 olim

383 3351 478 3390 eos
504 3351 568 3386 ex
607 3333 840 3402 Egypto
869 3329 1120 3385 redemit.
1155 3327 1336 3380 Dilata
1362 3341 1418 3378 os
1453 3334 1621 3389 tuum,
1652 3333 1697 3375 et
1730 3318 1952 3389 implebo

383 3423 542 3480 illud.
575 3421 850 3476 Promittit
877 3417 1310 3487 obsequentibus
1334 3413 1581 3469 carnales
1615 3420 1669 3466 ct
1701 3409 1955 3479 spiritua-

383 3519 463 3574 les
502 3516 674 3571 cibos.

461 3695 655 3751 12-15.
690 3692 758 3746 Ει
789 3707 890 3746 ηοη
915 3689 1114 3744 audivit
1144 3685 1367 3758 populus
1391 3701 1533 3738 meus
1567 3698 1739 3737 vocem
1761 3695 1950 3741 meam,

389 3801 497 3844 etc.
532 3787 670 3854 Quia
704 3803 789 3841 me
820 3786 926 3840 hoc
967 3781 1273 3854 pollicente,
1337 3777 1441 3848 ipsi
1487 3775 1639 3831 surdi
1697 3773 1951 3836 fuerunt;

389 3881 511 3936 ideo
541 3878 821 3949 repudiavi
849 3891 964 3939 eos,
989 3875 1291 3942 dignasque
1314 3869 1381 3923 de
1408 3866 1743 3923 facinoribus
1766 3877 1955 3918 eorum

388 3986 580 4044 pumas
610 3968 841 4038 sumpsi.

463 4061 549 4115 16.
581 4059 796 4114 Inimici
831 4056 1045 4111 Domini
1077 4051 1284 4109 mentiti
1311 4060 1432 4105 sunt
1469 4051 1539 4115 ei,
1562 4057 1610 4102 et
1633 4048 1730 4102 erit
1761 4055 1956 4112 tempus

387 4167 569 4207 eorum
591 4152 645 4204 in
666 4148 882 4204 sarcula.
916 4145 1082 4212 Quasi
1115 4144 1358 4214 apertius
1393 4141 1600 4195 diceret
1629 4155 1645 4192 :
1694 4135 1830 4202 Quia
1859 4146 1958 4201 po-

388 4247 553 4316 pulus
590 4244 849 4296 mentitus
879 4248 962 4294 est
999 4237 1252 4302 Domino,
1281 4236 1385 4290 erit
1413 4233 1459 4288 ei
1488 4240 1702 4300 tempus
1749 4223 1952 4295 suppli-

392 4335 486 4398 cii,
516 4333 569 4386 id
603 4340 686 4385 est
713 4338 925 4398 tempus
954 4326 1122 4380 futuri
1154 4323 1362 4380 saeculi.

409 4566 411 4568 .
469 4512 557 4566 17.
591 4509 658 4562 Et
691 4508 882 4562 cibavit
918 4523 1002 4561 eos
1043 4521 1106 4559 ex
1128 4504 1281 4573 adipe
1309 4499 1582 4572 frumenti.
1629 4497 1730 4560 llli,
1763 4496 1960 4565 inquit,

398 4601 607 4658 mentiti
638 4607 768 4654 sunt
798 4600 848 4654 ei
877 4615 892 4664 ;
933 4598 1047 4666 ipse
1081 4609 1233 4658 vero,
1275 4600 1464 4662 utpote
1505 4592 1706 4652 bonus,
1738 4585 1964 4656 replevit

400 4708 494 4748 eos
520 4691 788 4761 spirituali
819 4689 978 4743 cibo:
1027 4688 1119 4756 qui
1170 4693 1253 4739 est
1306 4684 1420 4752 ipse
1464 4679 1752 4744 Dominus,
1809 4675 1962 4746 panis

401 4788 543 4840 vivus
567 4784 656 4852 qui
681 4783 744 4835 de
770 4783 897 4835 caelo
941 4778 1228 4840 descendit,
1279 4786 1330 4830 et
1359 4776 1453 4829 dat
1498 4775 1661 4828 vitam
1700 4768 1896 4842 mundo
1921 4767 1961 4818 ³.

402 4875 471 4930 Ει
497 4875 558 4928 de
590 4882 740 4942 petra
769 4871 917 4924 melle
963 4869 1220 4924 saturavit
1248 4883 1356 4920 eos.
1389 4864 1548 4919 Petra
1575 4870 1660 4917 est
1689 4861 1806 4930 ipse
1855 4856 1964 4910 Do-

401 4965 584 5017 minus
607 4962 668 5027 ‘;
702 4959 966 5027 mel,ejus
997 4957 1178 5011 divina
1203 4955 1442 5025 eloquia.
1476 4953 1563 5007 Ait
1592 4951 1778 5022 igitur,
1815 4947 1965 5018 quod

396 5071 494 5108 eos
529 5053 735 5108 sanctis
765 5049 996 5119 eloquiis
1024 5049 1140 5102 suis
1173 5045 1478 5116 repleverit.

757 5237 1091 5294 PSALMUS
1121 5237 1320 5304 Asaph.
1355 5231 1552 5288 LXXX

1003 5331 1401 5399 Argumentum.

2052 3141 2162 3194 Kal.
2194 3139 2323 3210 γὰρ,
2351 3140 2399 3192 εί
2447 3139 2604 3192 τοῦτο
2650 3137 2886 3206 ποιήσει,
2933 3134 3036 3186 οὐκ
3073 3132 3138 3185 ἂν
3186 3130 3356 3193 ἐτέρω
3403 3127 3632 3200 δουλεύῃ

2053 3233 2192 3303 Θεῷ,
2227 3233 2349 3286 ούδέ
2379 3232 2666 3302 γενήσεται
2692 3226 2838 3298 αὐτῷ
2865 3225 3026 3288 αὐτὸς
3069 3226 3096 3276 6
3130 3221 3334 3294 Κύριος
3369 3223 3449 3284 εἰς
3497 3219 3637 3272 Θεὸν

2055 3324 2385 3396 πρόσφατον.
2424 3322 2592 3383 Αὐτὸς
2623 3319 2732 3391 γάρ
2784 3319 2930 3370 ἐστιν
2976 3317 3005 3367 6
3036 3313 3129 3367 καὶ
3159 3313 3324 3366 πάλαι
3351 3310 3546 3373 αὐτοὺς
3572 3308 3632 3374 ἐξ

2053 3416 2327 3484 Αἰγύπτου
2350 3413 2784 3484 λυτρωσάμενος.
2818 3409 3136 3464 Πλάτυνον
3157 3405 3224 3459 τὸ
3262 3405 3457 3472 στόμα
3486 3417 3633 3463 σου,

2055 3507 2154 3561 καὶ
2181 3505 2476 3574 πληρώσω
2502 3505 2668 3559 αὐτό.
2709 3504 3082 3573 ’Υπισχνεῖται
3105 3501 3215 3561 τοῖς
3246 3492 3634 3566 πειθαρχοῦσιν

2056 3597 2206 3668 αὐτῷ
2234 3599 2329 3652 καὶ
2363 3595 2633 3668 σαρκικὰς
2665 3594 2868 3666 τροφάς
2892 3594 2985 3647 καὶ
3018 3587 3415 3661 πνευματικὰς.

2123 3687 2367 3742 Καίοῠκ
2403 3686 2670 3755 ἤκουσεν
2694 3687 2727 3738 ὁ
2759 3686 2908 3750 λαός
2941 3701 3058 3752 μου
3095 3681 3201 3750 τῆς
3244 3677 3452 3748 φωνῆς
3487 3693 3631 3745 μου.

2069 3779 2286 3850 Ἐπειδὴ
2316 3777 2489 3832 ταῦτα
2520 3778 2615 3848 μὲν
2638 3777 2954 3847 ὑπεσχόμην
2992 3773 3130 3842 ἐγὼ,
3157 3773 3308 3826 αὐτοὶ
3337 3771 3392 3824 δὲ
3420 3769 3490 3822 τὰ
3521 3762 3636 3820 ὦτα

2057 3872 2373 3940 ἐκὼφευσαν
2389 3885 2403 3899 ·
2429 3868 2616 3922 τούτου
2649 3869 2807 3939 χάριν
2833 3865 3183 3936 ἁπεὸαλόμην
3226 3862 3444 3927 αὐτοὺς,
3469 3859 3629 3924 ἀξίαν

2056 3961 2166 4015 τῶν
2193 3960 2644 4032 ἐπιτηδευμάτων
2676 3959 2858 4020 αὐτοῖς
2886 3955 2983 4027 τὴν
3007 3955 3276 4025 τιμωρίαν
3303 3951 3499 4015 διδούς.

2126 4055 2192 4107 Ol
2215 4051 2416 4120 ἐχθροί
2440 4050 2664 4117 Κυρίου
2695 4048 3036 4116 ἐψεύσαντο
3075 4042 3265 4109 αὐτῷ,
3306 4043 3404 4096 καὶ
3464 4041 3638 4095 ἔσται

2058 4145 2093 4198 ὀ
2141 4141 2346 4209 καιρὸς
2366 4138 2564 4193 αὐτῶν
2594 4140 2681 4203 εἰς
2707 4136 2815 4190 τὸν
2861 4134 3062 4190 αἰῶνα.
3103 4133 3244 4185 Ὠσεὶ
3304 4130 3643 4200 σαφέστερον

2060 4235 2276 4301 ἔλεγεν·
2322 4231 2468 4283 Ἀντὶ
2517 4229 2607 4282 τοῦ
2637 4228 2938 4298 ψεύσασθαι
2993 4225 3070 4298 τῷ
3118 4225 3308 4295 Κυρίῳ
3359 4223 3451 4276 τὸν
3484 4222 3638 4284 λαδν,

2063 4325 2216 4378 ἐσται
2272 4323 2458 4395 καιρὸς
2510 4321 2660 4392 αύτῷ
2700 4322 3000 4394 τιμωρίαςο
3040 4313 3194 4384 οὗτος
3228 4318 3284 4371 δέ
3316 4318 3463 4370 ἐστιν
3491 4317 3518 4368 ὁ
3544 4314 3641 4369 τοῦ

2069 4417 2352 4487 μέλλοντος
2387 4413 2602 4477 αἰῶνος.

2138 4507 2246 4561 Καὶ
2274 4505 2578 4575 ἐψώμισεν
2603 4504 2824 4570 αὐτοὺς
2845 4503 2912 4557 ἐκ
2940 4504 3194 4568 στέατος
3234 4498 3447 4568 πυροῦ.
3476 4494 3643 4549 Αύτοὶ

2074 4599 2190 4670 μὲν,
2223 4598 2406 4668 φησιν,
2447 4596 2741 4666 ἐψεύσαντο
2792 4594 2969 4665 αὐτῷ·
3001 4593 3161 4656 αὐτὸς
3191 4593 3246 4645 δέ
3267 4633 3280 4656 ,
3309 4591 3401 4643 άτε
3441 4585 3643 4656 ἀγαθὸς

2073 4692 2355 4761 ὑπάρχων,
2389 4688 2683 4758 ἐνέπλησεν
2706 4690 2902 4752 αὐτοὺς
2933 4687 3127 4756 νοητῆς
3148 4683 3350 4755 τροφῆς
3373 4697 3388 4712 ο
3419 4678 3558 4747 αὕτη
3584 4677 3644 4730 δέ

2075 4782 2222 4835 ἐστιν
2251 4779 2411 4843 αὐτὸς
2435 4781 2464 4832 ὁ
2490 4780 2714 4850 Κύριος,
2739 4783 2770 4834 ό
2797 4779 2974 4847 ἄρτος
3011 4780 3042 4831 ὁ
3077 4775 3205 4839 ζῶν,
3233 4777 3264 4829 ὁ
3292 4774 3360 4837 ἐξ
3382 4768 3646 4840 οὐρανοῦ

2074 4871 2353 4938 καταϐὰς,
2386 4870 2486 4923 καὶ
2518 4871 2670 4938 ζωὴν
2699 4871 2902 4936 διδοὺς
2926 4867 3006 4935 τῷ
3032 4870 3254 4937 κόσμῳ.
3310 4868 3418 4921 Καὶ
3445 4867 3513 4918 ἐκ
3539 4862 3648 4918 πέ-

2073 4981 2214 5033 τρας
2242 4961 2382 5031 μέλι
2418 4962 2746 5032 ἐχόρτασεν
2783 4963 3020 5026 αὐτούς.
3060 4961 3243 5032 Πέτρα
3281 4959 3441 5021 αὐτὸς
3463 4959 3491 5011 6
3528 4954 3646 5008 Κύ-

2078 5072 2212 5127 ριος,
2255 5054 2376 5125 μέλι
2422 5053 2478 5106 δέ
2517 5053 2587 5106 τὰ
2627 5053 2744 5106 θεῖα
2779 5051 2942 5106 αὑτοῦ
2967 5051 3141 5119 λόγια,
3176 5049 3336 5117 Λέγει
3377 5047 3650 5116 γοῦν,,ὄτι

2076 5147 2184 5199 τῶν
2212 5147 2372 5200 ὁσίων
2397 5143 2558 5199 αὑτοῦ
2581 5145 2777 5212 λογίων
2806 5144 3098 5213 ἐνέπλησεν
3129 5140 3342 5203 αὐτούς.

2454 5237 2758 5289 ΨΑΛΜΟΣ
2789 5233 2866 5299 τῷ
2906 5233 3106 5302 Ἂσὰέρ.
3136 5235 3258 5286 HA'.

2702 5325 3024 5390 Ὑπόθεσις.

404 5419 700 5494 Postquam
722 5440 776 5478 tn
794 5423 1119 5482 praecedenti
1145 5422 1352 5490 psalmo
1375 5420 1440 5473 de
1463 5420 1646 5489 p0puli
1669 5417 1968 5488 abjectioue

2079 5419 2188 5488 Τὴν
2216 5416 2484 5489 ἀποόολὴν
2517 5415 2610 5470 τοῦ
2636 5413 2765 5468 λαοῦ
2788 5417 2846 5470 ὲν
2870 5415 2944 5484 τῷ
2979 5415 3084 5486 πρὸ
3107 5411 3270 5468 αὑτοῦ
3309 5409 3531 5481 ψαλμῶ.
3559 5406 3649 5464 ὲν-

481 5619 500 5653 ⁸
528 5619 698 5678 Exod.
729 5638 786 5684 ιι,
816 5624 905 5678 24.
984 5625 1002 5654 ¹
1031 5621 1200 5676 Exod.
1232 5637 1363 5685 xvn,
1396 5625 1446 5673 ‘3.
1531 5623 1720 5676 'Juau.
1765 5637 1836 5684 vt,
1881 5620 1968 5672 35.

2052 5620 2111 5674 ⁸1
2145 5619 2272 5673 Cor.
2305 5634 2358 5685 χ,
2393 5619 2438 5671 4.
