  <div class='ocr_page' id='page_1' title='image "/cluster/home/n/w/nwhite01/storage/ocr_20150623/27/mdp.39015007065769/202.png"; bbox 0 0 3976 6220; ppageno 0'>
   <div class='ocr_carea' id='block_1_1' title="bbox 336 213 443 272">
    <p class='ocr_par' dir='ltr' id='par_1_1' title="bbox 336 213 443 272">
     <span class='ocr_line' id='line_1_1' title="bbox 336 213 443 272; baseline 0 -2"><span class='ocrx_word' id='word_1_1' title='bbox 336 213 443 272; x_wconf 68' lang='grc' dir='ltr'><strong>3υὸ</strong></span> 
     </span>
    </p>
   </div>
   <div class='ocr_carea' id='block_1_2' title="bbox 1398 210 2520 277">
    <p class='ocr_par' dir='ltr' id='par_1_2' title="bbox 1398 210 2520 277">
     <span class='ocr_line' id='line_1_2' title="bbox 1398 210 2520 277; baseline 0.006 -7"><span class='ocrx_word' id='word_1_2' title='bbox 1398 210 1762 272; x_wconf 75' lang='lat' dir='ltr'><strong>EXPOSITIO</strong></span> <span class='ocrx_word' id='word_1_3' title='bbox 1791 213 1858 271; x_wconf 73' lang='lat' dir='ltr'><strong>IN</strong></span> <span class='ocrx_word' id='word_1_4' title='bbox 1892 214 2223 274; x_wconf 70' lang='lat' dir='ltr'><strong>PSALMUH</strong></span> <span class='ocrx_word' id='word_1_5' title='bbox 2263 219 2520 277; x_wconf 70' lang='lat' dir='ltr'><strong>LXXXII.</strong></span> 
     </span>
    </p>
   </div>
   <div class='ocr_carea' id='block_1_3' title="bbox 3469 227 3575 282">
    <p class='ocr_par' dir='ltr' id='par_1_3' title="bbox 3469 227 3575 282">
     <span class='ocr_line' id='line_1_3' title="bbox 3469 227 3575 282; baseline 0 0"><span class='ocrx_word' id='word_1_6' title='bbox 3469 227 3575 282; x_wconf 75' lang='lat'><em>566</em></span> 
     </span>
    </p>
   </div>
   <div class='ocr_carea' id='block_1_4' title="bbox 406 330 1900 406">
    <p class='ocr_par' dir='ltr' id='par_1_4' title="bbox 406 330 1900 402">
     <span class='ocr_line' id='line_1_4' title="bbox 406 330 1900 402; baseline -0.001 -16"><span class='ocrx_word' id='word_1_7' title='bbox 406 331 578 387; x_wconf 82' lang='grc' dir='ltr'>ταῦθα</span> <span class='ocrx_word' id='word_1_8' title='bbox 614 330 709 385; x_wconf 75' lang='grc' dir='ltr'><strong>καὶ</strong></span> <span class='ocrx_word' id='word_1_9' title='bbox 747 331 845 393; x_wconf 80' lang='grc' dir='ltr'>τὰς</span> <span class='ocrx_word' id='word_1_10' title='bbox 873 330 1051 394; x_wconf 85' lang='grc' dir='ltr'>αίτίας</span> <span class='ocrx_word' id='word_1_11' title='bbox 1087 331 1416 402; x_wconf 83' lang='grc' dir='ltr'>σαφέστερον</span> <span class='ocrx_word' id='word_1_12' title='bbox 1456 331 1723 396; x_wconf 74' lang='grc' dir='ltr'>ἐκδίδωσι,</span> <span class='ocrx_word' id='word_1_13' title='bbox 1747 331 1812 384; x_wconf 82' lang='grc' dir='ltr'>δι’</span> <span class='ocrx_word' id='word_1_14' title='bbox 1842 331 1900 392; x_wconf 73' lang='grc' dir='ltr'>ἃς</span> 
     </span>
    </p>
   </div>
   <div class='ocr_carea' id='block_1_5' title="bbox 2016 330 3578 406">
    <p class='ocr_par' dir='ltr' id='par_1_5' title="bbox 2084 330 3578 406">
     <span class='ocr_line' id='line_1_5' title="bbox 2084 330 3578 406; baseline 0.007 -20"><span class='ocrx_word' id='word_1_15' title='bbox 2084 333 2297 389; x_wconf 86' lang='lat' dir='ltr'><strong>locutus</strong></span> <span class='ocrx_word' id='word_1_16' title='bbox 2325 347 2427 402; x_wconf 85' lang='lat' dir='ltr'><strong>est,</strong></span> <span class='ocrx_word' id='word_1_17' title='bbox 2466 335 2554 390; x_wconf 83' lang='lat' dir='ltr'><strong>hic</strong></span> <span class='ocrx_word' id='word_1_18' title='bbox 2583 350 2702 404; x_wconf 74' lang='lat' dir='ltr'><strong>quze</strong></span> <span class='ocrx_word' id='word_1_19' title='bbox 2732 349 2912 391; x_wconf 69' lang='lat' dir='ltr'><strong>eausm</strong></span> <span class='ocrx_word' id='word_1_20' title='bbox 2943 337 3050 391; x_wconf 81' lang='lat' dir='ltr'><strong>sint</strong></span> <span class='ocrx_word' id='word_1_21' title='bbox 3076 335 3220 406; x_wconf 89' lang='lat' dir='ltr'><strong>quod</strong></span> <span class='ocrx_word' id='word_1_22' title='bbox 3248 352 3277 391; x_wconf 88' lang='lat' dir='ltr'><strong>a</strong></span> <span class='ocrx_word' id='word_1_23' title='bbox 3331 330 3440 394; x_wconf 76' lang='lat' dir='ltr'><strong>Do&#39;o</strong></span> <span class='ocrx_word' id='word_1_24' title='bbox 3483 344 3578 397; x_wconf 54' lang='lat' dir='ltr'><strong>ab:</strong></span> 
     </span>
    </p>
   </div>
   <div class='ocr_carea' id='block_1_6' title="bbox 406 418 1156 482">
    <p class='ocr_par' dir='ltr' id='par_1_6' title="bbox 406 418 1156 482">
     <span class='ocr_line' id='line_1_6' title="bbox 406 418 1156 482; baseline 0 -9"><span class='ocrx_word' id='word_1_25' title='bbox 406 419 601 482; x_wconf 81' lang='grc' dir='ltr'>αὐτοὺς</span> <span class='ocrx_word' id='word_1_26' title='bbox 632 420 660 472; x_wconf 98' lang='lat'><strong>6</strong></span> <span class='ocrx_word' id='word_1_27' title='bbox 683 418 812 481; x_wconf 77' lang='grc' dir='ltr'>Θεὸς</span> <span class='ocrx_word' id='word_1_28' title='bbox 835 418 1156 474; x_wconf 82' lang='grc' dir='ltr'>ἀπεϐάλετο.</span> 
     </span>
    </p>
   </div>
   <div class='ocr_carea' id='block_1_7' title="bbox 373 499 1906 582">
    <p class='ocr_par' dir='ltr' id='par_1_7' title="bbox 373 499 1906 582">
     <span class='ocr_line' id='line_1_7' title="bbox 373 499 1906 582; baseline 0.001 -18"><span class='ocrx_word' id='word_1_29' title='bbox 373 507 380 516; x_wconf 71' lang='grc'><strong>’</strong></span> <span class='ocrx_word' id='word_1_30' title='bbox 416 509 479 564; x_wconf 84' lang='lat'><strong>&#39;0</strong></span> <span class='ocrx_word' id='word_1_31' title='bbox 521 509 665 575; x_wconf 83' lang='grc' dir='ltr'><strong>Θεὸς</strong></span> <span class='ocrx_word' id='word_1_32' title='bbox 693 509 840 575; x_wconf 79' lang='grc' dir='ltr'>ἔστη</span> <span class='ocrx_word' id='word_1_33' title='bbox 891 509 959 562; x_wconf 78' lang='grc' dir='ltr'><strong>ἐν</strong></span> <span class='ocrx_word' id='word_1_34' title='bbox 999 499 1321 582; x_wconf 52' lang='grc' dir='ltr'>συναγωγῇ</span> <span class='ocrx_word' id='word_1_35' title='bbox 1367 511 1535 567; x_wconf 81' lang='grc' dir='ltr'>θεῶν.</span> <span class='ocrx_word' id='word_1_36' title='bbox 1590 512 1754 576; x_wconf 74' lang='grc' dir='ltr'>Θεοὺς</span> <span class='ocrx_word' id='word_1_37' title='bbox 1784 514 1906 575; x_wconf 80' lang='grc' dir='ltr'>τοὺς</span> 
     </span>
    </p>
   </div>
   <div class='ocr_carea' id='block_1_8' title="bbox 337 601 1905 674">
    <p class='ocr_par' dir='ltr' id='par_1_8' title="bbox 337 601 1905 674">
     <span class='ocr_line' id='line_1_8' title="bbox 337 601 1905 674; baseline -0.001 -16"><span class='ocrx_word' id='word_1_38' title='bbox 337 603 599 673; x_wconf 76' lang='grc' dir='ltr'>ἀρχοντας</span> <span class='ocrx_word' id='word_1_39' title='bbox 624 601 730 655; x_wconf 85' lang='grc' dir='ltr'><strong>τῶν</strong></span> <span class='ocrx_word' id='word_1_40' title='bbox 767 601 1036 655; x_wconf 80' lang='grc' dir='ltr'><strong>Ἰουδαίων</strong></span> <span class='ocrx_word' id='word_1_41' title='bbox 1067 602 1314 666; x_wconf 84' lang='grc' dir='ltr'>ἐκάλεσε,</span> <span class='ocrx_word' id='word_1_42' title='bbox 1349 605 1475 668; x_wconf 86' lang='grc' dir='ltr'>τοὺς</span> <span class='ocrx_word' id='word_1_43' title='bbox 1500 605 1648 668; x_wconf 76' lang='grc' dir='ltr'>υἱοὺς</span> <span class='ocrx_word' id='word_1_44' title='bbox 1677 603 1905 674; x_wconf 79' lang='grc' dir='ltr'>κληθέν-</span> 
     </span>
    </p>
   </div>
   <div class='ocr_carea' id='block_1_9' title="bbox 338 686 1906 766">
    <p class='ocr_par' dir='ltr' id='par_1_9' title="bbox 338 686 1906 766">
     <span class='ocr_line' id='line_1_9' title="bbox 338 686 1906 766; baseline 0.003 -24"><span class='ocrx_word' id='word_1_45' title='bbox 338 707 431 753; x_wconf 86' lang='grc' dir='ltr'><strong>τας</strong></span> <span class='ocrx_word' id='word_1_46' title='bbox 449 688 605 742; x_wconf 88' lang='grc' dir='ltr'>Θεοῦ.</span> <span class='ocrx_word' id='word_1_47' title='bbox 647 691 813 759; x_wconf 85' lang='grc' dir='ltr'>Ἔστη</span> <span class='ocrx_word' id='word_1_48' title='bbox 838 686 929 744; x_wconf 80' lang='grc' dir='ltr'><strong>οὖν</strong></span> <span class='ocrx_word' id='word_1_49' title='bbox 962 693 1018 744; x_wconf 80' lang='grc' dir='ltr'><strong>ἐν</strong></span> <span class='ocrx_word' id='word_1_50' title='bbox 1043 691 1193 762; x_wconf 84' lang='grc' dir='ltr'><strong>μέσῳ</strong></span> <span class='ocrx_word' id='word_1_51' title='bbox 1223 693 1399 746; x_wconf 81' lang='grc' dir='ltr'>αὐτῶν</span> <span class='ocrx_word' id='word_1_52' title='bbox 1434 696 1463 747; x_wconf 91' lang='lat'><strong>6</strong></span> <span class='ocrx_word' id='word_1_53' title='bbox 1509 694 1660 758; x_wconf 83' lang='grc' dir='ltr'><strong>Θεὸς,</strong></span> <span class='ocrx_word' id='word_1_54' title='bbox 1691 696 1780 748; x_wconf 83' lang='grc' dir='ltr'>ὅτε</span> <span class='ocrx_word' id='word_1_55' title='bbox 1809 695 1906 766; x_wconf 76' lang='grc' dir='ltr'>τὴν</span> 
     </span>
    </p>
   </div>
   <div class='ocr_carea' id='block_1_10' title="bbox 342 783 1908 858">
    <p class='ocr_par' dir='ltr' id='par_1_10' title="bbox 342 783 1908 858">
     <span class='ocr_line' id='line_1_10' title="bbox 342 783 1908 858; baseline 0.004 -25"><span class='ocrx_word' id='word_1_56' title='bbox 342 783 602 852; x_wconf 85' lang='grc' dir='ltr'>σωτήριον</span> <span class='ocrx_word' id='word_1_57' title='bbox 632 783 932 854; x_wconf 82' lang='grc' dir='ltr'>παρουσίαν</span> <span class='ocrx_word' id='word_1_58' title='bbox 965 783 1280 854; x_wconf 82' lang='grc' dir='ltr'>πεποίηται,</span> <span class='ocrx_word' id='word_1_59' title='bbox 1328 786 1476 849; x_wconf 85' lang='grc' dir='ltr'>ὅπως</span> <span class='ocrx_word' id='word_1_60' title='bbox 1522 787 1770 858; x_wconf 83' lang='grc' dir='ltr'><strong>διακρίνῃ</strong></span> <span class='ocrx_word' id='word_1_61' title='bbox 1819 788 1908 840; x_wconf 81' lang='grc' dir='ltr'>αὑ-</span> 
     </span>
    </p>
   </div>
   <div class='ocr_carea' id='block_1_11' title="bbox 339 860 1715 946">
    <p class='ocr_par' dir='ltr' id='par_1_11' title="bbox 339 860 1715 946">
     <span class='ocr_line' id='line_1_11' title="bbox 339 860 1715 946; baseline 0.004 -21"><span class='ocrx_word' id='word_1_62' title='bbox 339 874 478 936; x_wconf 81' lang='grc' dir='ltr'>τοὺς,</span> <span class='ocrx_word' id='word_1_63' title='bbox 508 872 724 943; x_wconf 75' lang='grc' dir='ltr'>ἔλεγχον</span> <span class='ocrx_word' id='word_1_64' title='bbox 750 873 858 926; x_wconf 79' lang='grc' dir='ltr'><strong>τῶν</strong></span> <span class='ocrx_word' id='word_1_65' title='bbox 882 875 1062 938; x_wconf 79' lang='grc' dir='ltr'>αὐτοῖς</span> <span class='ocrx_word' id='word_1_66' title='bbox 1083 876 1489 946; x_wconf 81' lang='grc' dir='ltr'><strong>πεπραγμένων</strong></span> <span class='ocrx_word' id='word_1_67' title='bbox 1523 860 1715 930; x_wconf 77' lang='grc' dir='ltr'>ποιῶν.</span> 
     </span>
    </p>
   </div>
   <div class='ocr_carea' id='block_1_12' title="bbox 408 965 1907 1040">
    <p class='ocr_par' dir='ltr' id='par_1_12' title="bbox 408 965 1907 1040">
     <span class='ocr_line' id='line_1_12' title="bbox 408 965 1907 1040; baseline 0.002 -22"><span class='ocrx_word' id='word_1_68' title='bbox 408 965 560 1032; x_wconf 83' lang='grc' dir='ltr'>Ἕως</span> <span class='ocrx_word' id='word_1_69' title='bbox 591 965 735 1019; x_wconf 77' lang='grc' dir='ltr'>πότε</span> <span class='ocrx_word' id='word_1_70' title='bbox 764 967 995 1034; x_wconf 81' lang='grc' dir='ltr'><strong>κρίνετε</strong></span> <span class='ocrx_word' id='word_1_71' title='bbox 1023 967 1298 1031; x_wconf 79' lang='grc' dir='ltr'>ἀδικίαν;</span> <span class='ocrx_word' id='word_1_72' title='bbox 1324 969 1434 1038; x_wconf 81' lang='grc' dir='ltr'><strong>Τὴν</strong></span> <span class='ocrx_word' id='word_1_73' title='bbox 1462 968 1674 1021; x_wconf 81' lang='grc' dir='ltr'><strong>ἀδικίαν</strong></span> <span class='ocrx_word' id='word_1_74' title='bbox 1699 968 1799 1040; x_wconf 84' lang='grc' dir='ltr'><strong>τὴν</strong></span> <span class='ocrx_word' id='word_1_75' title='bbox 1821 985 1907 1036; x_wconf 87' lang='grc' dir='ltr'>γι-</span> 
     </span>
    </p>
   </div>
   <div class='ocr_carea' id='block_1_13' title="bbox 339 1055 1771 1128">
    <p class='ocr_par' dir='ltr' id='par_1_13' title="bbox 339 1055 1771 1128">
     <span class='ocr_line' id='line_1_13' title="bbox 339 1055 1771 1128; baseline 0.004 -20"><span class='ocrx_word' id='word_1_76' title='bbox 339 1056 564 1126; x_wconf 70' lang='grc' dir='ltr'>νομένην</span> <span class='ocrx_word' id='word_1_77' title='bbox 596 1059 676 1120; x_wconf 81' lang='grc' dir='ltr'><strong>εἰς</strong></span> <span class='ocrx_word' id='word_1_78' title='bbox 697 1055 786 1109; x_wconf 82' lang='grc' dir='ltr'><strong>τὸν</strong></span> <span class='ocrx_word' id='word_1_79' title='bbox 812 1056 938 1110; x_wconf 83' lang='grc' dir='ltr'>λαὸν</span> <span class='ocrx_word' id='word_1_80' title='bbox 971 1058 1099 1128; x_wconf 85' lang='grc' dir='ltr'>παρ’</span> <span class='ocrx_word' id='word_1_81' title='bbox 1125 1057 1301 1112; x_wconf 79' lang='grc' dir='ltr'>αὐτῶν</span> <span class='ocrx_word' id='word_1_82' title='bbox 1330 1061 1410 1121; x_wconf 78' lang='grc' dir='ltr'>εἰς</span> <span class='ocrx_word' id='word_1_83' title='bbox 1441 1058 1606 1128; x_wconf 80' lang='grc' dir='ltr'>μέσον</span> <span class='ocrx_word' id='word_1_84' title='bbox 1629 1059 1771 1127; x_wconf 85' lang='grc' dir='ltr'>ἄγει.</span> 
     </span>
    </p>
   </div>
   <div class='ocr_carea' id='block_1_14' title="bbox 401 1222 1907 1296">
    <p class='ocr_par' dir='ltr' id='par_1_14' title="bbox 401 1222 1907 1296">
     <span class='ocr_line' id='line_1_14' title="bbox 401 1222 1907 1296; baseline 0.003 -20"><span class='ocrx_word' id='word_1_85' title='bbox 401 1222 881 1288; x_wconf 81' lang='grc' dir='ltr'>Σαλευθήτωσαν</span> <span class='ocrx_word' id='word_1_86' title='bbox 915 1223 1109 1278; x_wconf 79' lang='grc' dir='ltr'>πάντα</span> <span class='ocrx_word' id='word_1_87' title='bbox 1143 1226 1215 1279; x_wconf 83' lang='grc' dir='ltr'>τὰ</span> <span class='ocrx_word' id='word_1_88' title='bbox 1246 1226 1488 1295; x_wconf 79' lang='grc' dir='ltr'>θεμέλια</span> <span class='ocrx_word' id='word_1_89' title='bbox 1509 1226 1620 1296; x_wconf 80' lang='grc' dir='ltr'><strong>τῆς</strong></span> <span class='ocrx_word' id='word_1_90' title='bbox 1652 1227 1782 1296; x_wconf 77' lang='grc' dir='ltr'>γῆς.</span> <span class='ocrx_word' id='word_1_91' title='bbox 1808 1227 1907 1281; x_wconf 87' lang='grc' dir='ltr'>Θε-</span> 
     </span>
    </p>
   </div>
   <div class='ocr_carea' id='block_1_15' title="bbox 340 1311 1907 1389">
    <p class='ocr_par' dir='ltr' id='par_1_15' title="bbox 340 1311 1907 1389">
     <span class='ocr_line' id='line_1_15' title="bbox 340 1311 1907 1389; baseline 0.004 -24"><span class='ocrx_word' id='word_1_92' title='bbox 340 1311 495 1383; x_wconf 85' lang='grc' dir='ltr'>μέλια</span> <span class='ocrx_word' id='word_1_93' title='bbox 532 1312 632 1383; x_wconf 84' lang='grc' dir='ltr'><strong>τῆς</strong></span> <span class='ocrx_word' id='word_1_94' title='bbox 654 1314 756 1385; x_wconf 84' lang='grc' dir='ltr'><strong>γῆς</strong></span> <span class='ocrx_word' id='word_1_95' title='bbox 780 1315 906 1378; x_wconf 79' lang='grc' dir='ltr'>τοὺς</span> <span class='ocrx_word' id='word_1_96' title='bbox 928 1314 1194 1386; x_wconf 82' lang='grc' dir='ltr'>ἄρχοντας</span> <span class='ocrx_word' id='word_1_97' title='bbox 1226 1315 1318 1370; x_wconf 89' lang='grc' dir='ltr'><strong>τοῦ</strong></span> <span class='ocrx_word' id='word_1_98' title='bbox 1356 1316 1550 1380; x_wconf 86' lang='grc' dir='ltr'>αίῶνος</span> <span class='ocrx_word' id='word_1_99' title='bbox 1581 1317 1768 1371; x_wconf 82' lang='grc' dir='ltr'>τούτου</span> <span class='ocrx_word' id='word_1_100' title='bbox 1804 1336 1907 1389; x_wconf 80' lang='grc' dir='ltr'><strong>φη-</strong></span> 
     </span>
    </p>
   </div>
   <div class='ocr_carea' id='block_1_16' title="bbox 338 1403 1904 1476">
    <p class='ocr_par' dir='ltr' id='par_1_16' title="bbox 338 1403 1904 1476">
     <span class='ocr_line' id='line_1_16' title="bbox 338 1403 1904 1476; baseline 0.004 -21"><span class='ocrx_word' id='word_1_101' title='bbox 338 1403 416 1456; x_wconf 90' lang='grc' dir='ltr'><strong>σίν</strong></span> <span class='ocrx_word' id='word_1_102' title='bbox 438 1419 452 1434; x_wconf 75' lang='grc' dir='ltr'><strong>ο</strong></span> <span class='ocrx_word' id='word_1_103' title='bbox 487 1405 682 1466; x_wconf 78' lang='grc' dir='ltr'>οἵτινες</span> <span class='ocrx_word' id='word_1_104' title='bbox 710 1405 804 1458; x_wconf 75' lang='grc' dir='ltr'><strong>καὶ</strong></span> <span class='ocrx_word' id='word_1_105' title='bbox 835 1407 942 1476; x_wconf 87' lang='grc' dir='ltr'><strong>πρό</strong></span> <span class='ocrx_word' id='word_1_106' title='bbox 965 1423 1028 1474; x_wconf 86' lang='grc' dir='ltr'><strong>γε</strong></span> <span class='ocrx_word' id='word_1_107' title='bbox 1059 1408 1152 1459; x_wconf 87' lang='grc' dir='ltr'><strong>τοῦ</strong></span> <span class='ocrx_word' id='word_1_108' title='bbox 1175 1407 1302 1460; x_wconf 85' lang='grc' dir='ltr'>λαοῦ</span> <span class='ocrx_word' id='word_1_109' title='bbox 1335 1408 1442 1461; x_wconf 80' lang='grc' dir='ltr'><strong>τῶν</strong></span> <span class='ocrx_word' id='word_1_110' title='bbox 1481 1409 1746 1462; x_wconf 82' lang='grc' dir='ltr'>Ἰουδαίων</span> <span class='ocrx_word' id='word_1_111' title='bbox 1775 1409 1904 1462; x_wconf 78' lang='grc' dir='ltr'>ἔδω-</span> 
     </span>
    </p>
   </div>
   <div class='ocr_carea' id='block_1_17' title="bbox 335 1495 1905 1571">
    <p class='ocr_par' dir='ltr' id='par_1_17' title="bbox 335 1495 1905 1571">
     <span class='ocr_line' id='line_1_17' title="bbox 335 1495 1905 1571; baseline 0.004 -25"><span class='ocrx_word' id='word_1_112' title='bbox 335 1512 430 1547; x_wconf 85' lang='grc' dir='ltr'><strong>καν</strong></span> <span class='ocrx_word' id='word_1_113' title='bbox 453 1495 630 1567; x_wconf 77' lang='grc' dir='ltr'>δίκην,</span> <span class='ocrx_word' id='word_1_114' title='bbox 658 1495 1011 1568; x_wconf 77' lang='grc' dir='ltr'>ἐκϐληθέντες</span> <span class='ocrx_word' id='word_1_115' title='bbox 1029 1499 1128 1569; x_wconf 86' lang='grc' dir='ltr'><strong>τῆς</strong></span> <span class='ocrx_word' id='word_1_116' title='bbox 1151 1499 1270 1554; x_wconf 76' lang='grc' dir='ltr'>καθ’</span> <span class='ocrx_word' id='word_1_117' title='bbox 1299 1502 1330 1571; x_wconf 84' lang='grc' dir='ltr'><strong>ἡ</strong></span> <span class='ocrx_word' id='word_1_118' title='bbox 1340 1499 1453 1570; x_wconf 83' lang='grc' dir='ltr'><strong>μῶν</strong></span> <span class='ocrx_word' id='word_1_119' title='bbox 1482 1500 1794 1571; x_wconf 86' lang='grc' dir='ltr'>τυραννίδος</span> <span class='ocrx_word' id='word_1_120' title='bbox 1816 1501 1905 1554; x_wconf 86' lang='grc' dir='ltr'><strong>διά</strong></span> 
     </span>
    </p>
   </div>
   <div class='ocr_carea' id='block_1_18' title="bbox 333 1586 1896 1662">
    <p class='ocr_par' dir='ltr' id='par_1_18' title="bbox 333 1586 1896 1662">
     <span class='ocr_line' id='line_1_18' title="bbox 333 1586 1896 1662; baseline 0.005 -24"><span class='ocrx_word' id='word_1_121' title='bbox 333 1586 422 1639; x_wconf 86' lang='grc' dir='ltr'><strong>τοῦ</strong></span> <span class='ocrx_word' id='word_1_122' title='bbox 443 1587 726 1658; x_wconf 82' lang='grc' dir='ltr'>λεχθέντος</span> <span class='ocrx_word' id='word_1_123' title='bbox 749 1591 884 1662; x_wconf 85' lang='grc' dir='ltr'>πρὸς</span> <span class='ocrx_word' id='word_1_124' title='bbox 913 1593 1058 1662; x_wconf 80' lang='grc' dir='ltr'>ἡμᾶς</span> <span class='ocrx_word' id='word_1_125' title='bbox 1084 1591 1264 1660; x_wconf 85' lang='grc' dir='ltr'>λογίου</span> <span class='ocrx_word' id='word_1_126' title='bbox 1290 1609 1304 1622; x_wconf 73' lang='grc' dir='ltr'><strong>ο</strong></span> <span class='ocrx_word' id='word_1_127' title='bbox 1339 1591 1472 1647; x_wconf 83' lang='grc' dir='ltr'><strong>Νῦν</strong></span> <span class='ocrx_word' id='word_1_128' title='bbox 1499 1595 1531 1646; x_wconf 84' lang='grc' dir='ltr'><em>ὀ</em></span> <span class='ocrx_word' id='word_1_129' title='bbox 1560 1591 1759 1661; x_wconf 75' lang='grc' dir='ltr'>ἅρχων</span> <span class='ocrx_word' id='word_1_130' title='bbox 1792 1593 1896 1646; x_wconf 84' lang='grc' dir='ltr'><strong>τοῦ</strong></span> 
     </span>
    </p>
   </div>
   <div class='ocr_carea' id='block_1_19' title="bbox 334 1669 1976 1757">
    <p class='ocr_par' dir='ltr' id='par_1_19' title="bbox 334 1669 1976 1757">
     <span class='ocr_line' id='line_1_19' title="bbox 334 1669 1976 1757; baseline 0.005 -25"><span class='ocrx_word' id='word_1_131' title='bbox 334 1683 561 1749; x_wconf 79' lang='grc' dir='ltr'>κόσμου</span> <span class='ocrx_word' id='word_1_132' title='bbox 589 1683 801 1736; x_wconf 79' lang='grc' dir='ltr'>τούτου</span> <span class='ocrx_word' id='word_1_133' title='bbox 826 1684 1260 1751; x_wconf 72' lang='grc' dir='ltr'>ἐκϐληθήσεται</span> <span class='ocrx_word' id='word_1_134' title='bbox 1307 1685 1441 1750; x_wconf 73' lang='grc' dir='ltr'>ἔξω.</span> <span class='ocrx_word' id='word_1_135' title='bbox 1507 1684 1903 1757; x_wconf 82' lang='grc' dir='ltr'>Ἐσαλεύθησαν</span> <span class='ocrx_word' id='word_1_136' title='bbox 1935 1669 1976 1723; x_wconf 74' lang='grc' dir='ltr'><strong>Β</strong></span> 
     </span>
    </p>
   </div>
   <div class='ocr_carea' id='block_1_20' title="bbox 334 1766 1906 1848">
    <p class='ocr_par' dir='ltr' id='par_1_20' title="bbox 334 1766 1906 1848">
     <span class='ocr_line' id='line_1_20' title="bbox 334 1766 1906 1848; baseline 0.004 -24"><span class='ocrx_word' id='word_1_137' title='bbox 334 1770 437 1842; x_wconf 79' lang='grc' dir='ltr'>γὰρ</span> <span class='ocrx_word' id='word_1_138' title='bbox 467 1766 536 1842; x_wconf 83' lang='grc' dir='ltr'>ἦς</span> <span class='ocrx_word' id='word_1_139' title='bbox 566 1771 733 1826; x_wconf 80' lang='grc' dir='ltr'>πάλαι</span> <span class='ocrx_word' id='word_1_140' title='bbox 771 1775 902 1828; x_wconf 83' lang='grc' dir='ltr'>ποτὲ</span> <span class='ocrx_word' id='word_1_141' title='bbox 928 1770 1072 1845; x_wconf 78' lang='grc' dir='ltr'>εἶχον</span> <span class='ocrx_word' id='word_1_142' title='bbox 1100 1777 1360 1840; x_wconf 84' lang='grc' dir='ltr'>στάσεως.</span> <span class='ocrx_word' id='word_1_143' title='bbox 1396 1778 1524 1829; x_wconf 65' lang='lat' dir='ltr'><strong>&quot;Ars</strong></span> <span class='ocrx_word' id='word_1_144' title='bbox 1563 1776 1626 1848; x_wconf 81' lang='grc' dir='ltr'>δὴ</span> <span class='ocrx_word' id='word_1_145' title='bbox 1655 1777 1730 1841; x_wconf 81' lang='grc' dir='ltr'>ὡς</span> <span class='ocrx_word' id='word_1_146' title='bbox 1757 1777 1906 1848; x_wconf 77' lang='grc' dir='ltr'>πρώ-</span> 
     </span>
    </p>
   </div>
   <div class='ocr_carea' id='block_1_21' title="bbox 333 1863 1900 1940">
    <p class='ocr_par' dir='ltr' id='par_1_21' title="bbox 333 1863 1900 1940">
     <span class='ocr_line' id='line_1_21' title="bbox 333 1863 1900 1940; baseline 0.005 -26"><span class='ocrx_word' id='word_1_147' title='bbox 333 1879 435 1930; x_wconf 84' lang='grc' dir='ltr'><strong>των</strong></span> <span class='ocrx_word' id='word_1_148' title='bbox 462 1863 645 1917; x_wconf 80' lang='grc' dir='ltr'>αὐτῶν</span> <span class='ocrx_word' id='word_1_149' title='bbox 673 1867 1129 1938; x_wconf 86' lang='grc' dir='ltr'>καταργηθέντων</span> <span class='ocrx_word' id='word_1_150' title='bbox 1169 1868 1256 1921; x_wconf 79' lang='grc' dir='ltr'>διὰ</span> <span class='ocrx_word' id='word_1_151' title='bbox 1294 1868 1386 1921; x_wconf 87' lang='grc' dir='ltr'><strong>τοῦ</strong></span> <span class='ocrx_word' id='word_1_152' title='bbox 1440 1867 1672 1940; x_wconf 88' lang='grc' dir='ltr'>σταυροῦ</span> <span class='ocrx_word' id='word_1_153' title='bbox 1701 1869 1864 1922; x_wconf 82' lang='grc' dir='ltr'>αὐτοῦ</span> <span class='ocrx_word' id='word_1_154' title='bbox 1885 1910 1900 1935; x_wconf 93' lang='grc'><strong>,</strong></span> 
     </span>
    </p>
   </div>
   <div class='ocr_carea' id='block_1_22' title="bbox 335 1943 1906 2031">
    <p class='ocr_par' dir='ltr' id='par_1_22' title="bbox 335 1943 1906 2031">
     <span class='ocr_line' id='line_1_22' title="bbox 335 1943 1906 2031; baseline 0.006 -25"><span class='ocrx_word' id='word_1_155' title='bbox 335 1943 445 2008; x_wconf 75' lang='grc' dir='ltr'>εἶτα</span> <span class='ocrx_word' id='word_1_156' title='bbox 471 1957 573 2027; x_wconf 85' lang='grc' dir='ltr'><strong>τῆς</strong></span> <span class='ocrx_word' id='word_1_157' title='bbox 600 1956 830 2028; x_wconf 79' lang='grc' dir='ltr'>ἐκϐολῆς</span> <span class='ocrx_word' id='word_1_158' title='bbox 867 1959 1163 2030; x_wconf 79' lang='grc' dir='ltr'>γενομένης</span> <span class='ocrx_word' id='word_1_159' title='bbox 1185 1959 1280 2013; x_wconf 86' lang='grc' dir='ltr'><strong>τοῦ</strong></span> <span class='ocrx_word' id='word_1_160' title='bbox 1319 1960 1535 2030; x_wconf 83' lang='grc' dir='ltr'>Ἰσραὴλ</span> <span class='ocrx_word' id='word_1_161' title='bbox 1563 1959 1701 2030; x_wconf 86' lang='grc' dir='ltr'><strong>μετά</strong></span> <span class='ocrx_word' id='word_1_162' title='bbox 1724 1960 1785 2013; x_wconf 87' lang='grc' dir='ltr'><strong>τὸ</strong></span> <span class='ocrx_word' id='word_1_163' title='bbox 1812 1977 1906 2031; x_wconf 79' lang='grc' dir='ltr'>κη-</span> 
     </span>
    </p>
   </div>
   <div class='ocr_carea' id='block_1_23' title="bbox 335 2048 1917 2124">
    <p class='ocr_par' dir='ltr' id='par_1_23' title="bbox 335 2048 1917 2124">
     <span class='ocr_line' id='line_1_23' title="bbox 335 2048 1917 2124; baseline 0.001 -24"><span class='ocrx_word' id='word_1_164' title='bbox 335 2048 592 2121; x_wconf 87' lang='grc' dir='ltr'>ρυχθῆναι</span> <span class='ocrx_word' id='word_1_165' title='bbox 622 2051 700 2113; x_wconf 82' lang='grc' dir='ltr'><strong>είς</strong></span> <span class='ocrx_word' id='word_1_166' title='bbox 729 2049 909 2105; x_wconf 85' lang='grc' dir='ltr'>πάντα</span> <span class='ocrx_word' id='word_1_167' title='bbox 941 2052 1010 2106; x_wconf 83' lang='grc' dir='ltr'><strong>τά</strong></span> <span class='ocrx_word' id='word_1_168' title='bbox 1044 2052 1170 2124; x_wconf 81' lang='grc' dir='ltr'>ἔθνη</span> <span class='ocrx_word' id='word_1_169' title='bbox 1207 2053 1268 2104; x_wconf 85' lang='grc' dir='ltr'><strong>τὸ</strong></span> <span class='ocrx_word' id='word_1_170' title='bbox 1296 2051 1644 2121; x_wconf 83' lang='grc' dir='ltr'>Εὐαγγέλιον,</span> <span class='ocrx_word' id='word_1_171' title='bbox 1699 2052 1917 2122; x_wconf 84' lang='grc' dir='ltr'>ὲπήγα-.</span> 
     </span>
    </p>
   </div>
   <div class='ocr_carea' id='block_1_24' title="bbox 332 2135 1904 2208">
    <p class='ocr_par' dir='ltr' id='par_1_24' title="bbox 332 2135 1904 2208">
     <span class='ocr_line' id='line_1_24' title="bbox 332 2135 1904 2208; baseline 0.003 -18"><span class='ocrx_word' id='word_1_172' title='bbox 332 2153 422 2203; x_wconf 91' lang='grc' dir='ltr'><strong>γεν</strong></span> <span class='ocrx_word' id='word_1_173' title='bbox 446 2155 460 2168; x_wconf 90' lang='grc'><strong>·</strong></span> <span class='ocrx_word' id='word_1_174' title='bbox 501 2138 650 2208; x_wconf 74' lang='grc' dir='ltr'><strong>Ἐγὼ</strong></span> <span class='ocrx_word' id='word_1_175' title='bbox 679 2135 819 2195; x_wconf 79' lang='grc' dir='ltr'>εἶπα</span> <span class='ocrx_word' id='word_1_176' title='bbox 838 2157 853 2171; x_wconf 72' lang='grc' dir='ltr'><strong>ο</strong></span> <span class='ocrx_word' id='word_1_177' title='bbox 884 2142 1018 2195; x_wconf 86' lang='grc' dir='ltr'>Θεοί</span> <span class='ocrx_word' id='word_1_178' title='bbox 1043 2143 1203 2196; x_wconf 83' lang='grc' dir='ltr'>ἐστε.</span> <span class='ocrx_word' id='word_1_179' title='bbox 1248 2141 1435 2208; x_wconf 85' lang='grc' dir='ltr'><strong>Ὑμεῖς</strong></span> <span class='ocrx_word' id='word_1_180' title='bbox 1469 2141 1537 2194; x_wconf 83' lang='grc' dir='ltr'>δὲ</span> <span class='ocrx_word' id='word_1_181' title='bbox 1569 2141 1649 2206; x_wconf 88' lang='grc' dir='ltr'>ὡς</span> <span class='ocrx_word' id='word_1_182' title='bbox 1685 2140 1904 2208; x_wconf 76' lang='grc' dir='ltr'>ἅνθρω-</span> 
     </span>
    </p>
   </div>
   <div class='ocr_carea' id='block_1_25' title="bbox 331 2228 1904 2300">
    <p class='ocr_par' dir='ltr' id='par_1_25' title="bbox 331 2228 1904 2300">
     <span class='ocr_line' id='line_1_25' title="bbox 331 2228 1904 2300; baseline 0.003 -20"><span class='ocrx_word' id='word_1_183' title='bbox 331 2241 427 2280; x_wconf 72' lang='grc' dir='ltr'><strong>⁴ποι</strong></span> <span class='ocrx_word' id='word_1_184' title='bbox 450 2228 870 2298; x_wconf 77' lang='grc' dir='ltr'>ἀποθνήσκετε</span> <span class='ocrx_word' id='word_1_185' title='bbox 887 2247 900 2261; x_wconf 79' lang='grc'><em>’</em></span> <span class='ocrx_word' id='word_1_186' title='bbox 928 2232 1173 2285; x_wconf 79' lang='grc' dir='ltr'><strong>πίπτετε</strong></span> <span class='ocrx_word' id='word_1_187' title='bbox 1215 2230 1283 2284; x_wconf 85' lang='grc' dir='ltr'>δὲ</span> <span class='ocrx_word' id='word_1_188' title='bbox 1324 2231 1422 2286; x_wconf 83' lang='grc' dir='ltr'><strong>καί</strong></span> <span class='ocrx_word' id='word_1_189' title='bbox 1443 2232 1522 2297; x_wconf 86' lang='grc' dir='ltr'>ὠς</span> <span class='ocrx_word' id='word_1_190' title='bbox 1551 2228 1638 2296; x_wconf 79' lang='grc' dir='ltr'>εἷς</span> <span class='ocrx_word' id='word_1_191' title='bbox 1660 2230 1778 2285; x_wconf 81' lang='grc' dir='ltr'><strong>τῶν</strong></span> <span class='ocrx_word' id='word_1_192' title='bbox 1805 2231 1904 2300; x_wconf 82' lang='grc' dir='ltr'>ἀρ-</span> 
     </span>
    </p>
   </div>
   <div class='ocr_carea' id='block_1_26' title="bbox 330 2319 1907 2398">
    <p class='ocr_par' dir='ltr' id='par_1_26' title="bbox 330 2319 1907 2398">
     <span class='ocr_line' id='line_1_26' title="bbox 330 2319 1907 2398; baseline 0.001 -23"><span class='ocrx_word' id='word_1_193' title='bbox 330 2322 578 2387; x_wconf 68' lang='grc' dir='ltr'>χόντων.</span> <span class='ocrx_word' id='word_1_194' title='bbox 619 2323 729 2376; x_wconf 77' lang='grc' dir='ltr'>Καὶ</span> <span class='ocrx_word' id='word_1_195' title='bbox 752 2324 922 2377; x_wconf 82' lang='grc' dir='ltr'>ποίων</span> <span class='ocrx_word' id='word_1_196' title='bbox 945 2324 1240 2394; x_wconf 84' lang='grc' dir='ltr'><strong>ἀρχόντων,</strong></span> <span class='ocrx_word' id='word_1_197' title='bbox 1271 2325 1304 2397; x_wconf 78' lang='grc' dir='ltr'>ἧ</span> <span class='ocrx_word' id='word_1_198' title='bbox 1333 2319 1407 2380; x_wconf 81' lang='grc' dir='ltr'>ὧν</span> <span class='ocrx_word' id='word_1_199' title='bbox 1467 2325 1650 2397; x_wconf 82' lang='grc' dir='ltr'>μικρῷ</span> <span class='ocrx_word' id='word_1_200' title='bbox 1711 2325 1907 2398; x_wconf 81' lang='grc' dir='ltr'>πρότε-</span> 
     </span>
    </p>
   </div>
   <div class='ocr_carea' id='block_1_27' title="bbox 334 2413 1902 2489">
    <p class='ocr_par' dir='ltr' id='par_1_27' title="bbox 334 2413 1902 2489">
     <span class='ocr_line' id='line_1_27' title="bbox 334 2413 1902 2489; baseline 0.006 -24"><span class='ocrx_word' id='word_1_201' title='bbox 334 2428 420 2483; x_wconf 85' lang='grc' dir='ltr'><strong>ρον</strong></span> <span class='ocrx_word' id='word_1_202' title='bbox 452 2413 688 2485; x_wconf 76' lang='grc' dir='ltr'>ἐδήλωσε</span> <span class='ocrx_word' id='word_1_203' title='bbox 707 2415 794 2469; x_wconf 81' lang='grc' dir='ltr'><strong>διὰ</strong></span> <span class='ocrx_word' id='word_1_204' title='bbox 819 2416 927 2469; x_wconf 83' lang='grc' dir='ltr'><strong>τῶν</strong></span> <span class='ocrx_word' id='word_1_205' title='bbox 945 2418 1320 2488; x_wconf 80' lang='grc' dir='ltr'>σαλευομένων</span> <span class='ocrx_word' id='word_1_206' title='bbox 1349 2417 1612 2489; x_wconf 86' lang='grc' dir='ltr'>θεμελίων</span> <span class='ocrx_word' id='word_1_207' title='bbox 1633 2417 1735 2488; x_wconf 77' lang='grc' dir='ltr'><strong>τῆς</strong></span> <span class='ocrx_word' id='word_1_208' title='bbox 1761 2417 1864 2487; x_wconf 80' lang='grc' dir='ltr'><strong>γῆς</strong></span> <span class='ocrx_word' id='word_1_209' title='bbox 1886 2435 1902 2482; x_wconf 87' lang='grc'>;</span> 
     </span>
    </p>
   </div>
   <div class='ocr_carea' id='block_1_28' title="bbox 630 2506 1622 2580">
    <p class='ocr_par' dir='ltr' id='par_1_28' title="bbox 630 2506 1622 2580">
     <span class='ocr_line' id='line_1_28' title="bbox 630 2506 1622 2580; baseline 0.006 -22"><span class='ocrx_word' id='word_1_210' title='bbox 630 2506 768 2576; x_wconf 82' lang='grc' dir='ltr'><strong>’ῼδὴ</strong></span> <span class='ocrx_word' id='word_1_211' title='bbox 816 2511 1132 2564; x_wconf 84' lang='grc' dir='ltr'><strong>ΨΑΛΜΟΥ</strong></span> <span class='ocrx_word' id='word_1_212' title='bbox 1156 2509 1234 2575; x_wconf 84' lang='grc' dir='ltr'>τῷ</span> <span class='ocrx_word' id='word_1_213' title='bbox 1258 2509 1460 2580; x_wconf 68' lang='grc' dir='ltr'>Ἀσάφ.</span> <span class='ocrx_word' id='word_1_214' title='bbox 1484 2510 1622 2565; x_wconf 81' lang='lat' dir='ltr'><strong>HB’.</strong></span> 
     </span>
    </p>
   </div>
   <div class='ocr_carea' id='block_1_29' title="bbox 961 2601 1284 2668">
    <p class='ocr_par' dir='ltr' id='par_1_29' title="bbox 961 2601 1284 2668">
     <span class='ocr_line' id='line_1_29' title="bbox 961 2601 1284 2668; baseline 0.006 -15"><span class='ocrx_word' id='word_1_215' title='bbox 961 2601 1284 2668; x_wconf 81' lang='grc' dir='ltr'>Ὺπόθεσις.</span> 
     </span>
    </p>
   </div>
   <div class='ocr_carea' id='block_1_30' title="bbox 331 2688 1902 2765">
    <p class='ocr_par' dir='ltr' id='par_1_30' title="bbox 331 2688 1902 2765">
     <span class='ocr_line' id='line_1_30' title="bbox 331 2688 1902 2765; baseline 0.004 -26"><span class='ocrx_word' id='word_1_216' title='bbox 331 2688 502 2760; x_wconf 76' lang='grc' dir='ltr'><strong>Εΰχὴν</strong></span> <span class='ocrx_word' id='word_1_217' title='bbox 534 2690 769 2746; x_wconf 77' lang='grc' dir='ltr'>ἐνταῦθα</span> <span class='ocrx_word' id='word_1_218' title='bbox 796 2692 1064 2746; x_wconf 85' lang='grc' dir='ltr'>ἀνατείνει</span> <span class='ocrx_word' id='word_1_219' title='bbox 1095 2694 1231 2764; x_wconf 85' lang='grc' dir='ltr'>πρὸς</span> <span class='ocrx_word' id='word_1_220' title='bbox 1263 2693 1415 2759; x_wconf 85' lang='grc' dir='ltr'>Θεὸν,</span> <span class='ocrx_word' id='word_1_221' title='bbox 1450 2695 1550 2765; x_wconf 85' lang='grc' dir='ltr'><strong>τῆς</strong></span> <span class='ocrx_word' id='word_1_222' title='bbox 1582 2692 1902 2758; x_wconf 73' lang='grc' dir='ltr'>ἀλαζονείας</span> 
     </span>
    </p>
   </div>
   <div class='ocr_carea' id='block_1_31' title="bbox 394 2782 1904 2857">
    <p class='ocr_par' dir='ltr' id='par_1_31' title="bbox 394 2782 1904 2857">
     <span class='ocr_line' id='line_1_31' title="bbox 394 2782 1904 2857; baseline 0.004 -23"><span class='ocrx_word' id='word_1_223' title='bbox 394 2782 559 2846; x_wconf 81' lang='grc' dir='ltr'>ἀξιῶν</span> <span class='ocrx_word' id='word_1_224' title='bbox 592 2783 662 2836; x_wconf 80' lang='grc' dir='ltr'>τὰ</span> <span class='ocrx_word' id='word_1_225' title='bbox 693 2783 820 2855; x_wconf 78' lang='grc' dir='ltr'>ἔθνη</span> <span class='ocrx_word' id='word_1_226' title='bbox 854 2786 1274 2857; x_wconf 84' lang='grc' dir='ltr'>τιμωρήσασθαι</span> <span class='ocrx_word' id='word_1_227' title='bbox 1327 2786 1397 2838; x_wconf 78' lang='grc' dir='ltr'>τὰ</span> <span class='ocrx_word' id='word_1_228' title='bbox 1438 2786 1547 2840; x_wconf 87' lang='grc' dir='ltr'><strong>τῶν</strong></span> <span class='ocrx_word' id='word_1_229' title='bbox 1607 2786 1904 2857; x_wconf 81' lang='grc' dir='ltr'>Ἀσσυρίων</span> 
     </span>
    </p>
   </div>
   <div class='ocr_carea' id='block_1_32' title="bbox 402 2873 1900 2949">
    <p class='ocr_par' dir='ltr' id='par_1_32' title="bbox 402 2873 1900 2949">
     <span class='ocr_line' id='line_1_32' title="bbox 402 2873 1900 2949; baseline 0.004 -26"><span class='ocrx_word' id='word_1_230' title='bbox 402 2875 480 2934; x_wconf 81' lang='grc' dir='ltr'>εἰς</span> <span class='ocrx_word' id='word_1_231' title='bbox 501 2873 592 2925; x_wconf 86' lang='grc' dir='ltr'><strong>τὸν</strong></span> <span class='ocrx_word' id='word_1_232' title='bbox 623 2873 764 2927; x_wconf 87' lang='grc' dir='ltr'><strong>κατά</strong></span> <span class='ocrx_word' id='word_1_233' title='bbox 794 2875 892 2944; x_wconf 85' lang='grc' dir='ltr'><strong>τῆς</strong></span> <span class='ocrx_word' id='word_1_234' title='bbox 927 2877 1285 2948; x_wconf 79' lang='grc' dir='ltr'>Ἰερουσαλὴμ</span> <span class='ocrx_word' id='word_1_235' title='bbox 1318 2877 1716 2949; x_wconf 83' lang='grc' dir='ltr'>συμπράξαντα</span> <span class='ocrx_word' id='word_1_236' title='bbox 1740 2877 1900 2929; x_wconf 87' lang='grc' dir='ltr'>πόλε-</span> 
     </span>
    </p>
   </div>
   <div class='ocr_carea' id='block_1_33' title="bbox 2080 425 2976 492">
    <p class='ocr_par' dir='ltr' id='par_1_33' title="bbox 2080 425 2976 492">
     <span class='ocr_line' id='line_1_33' title="bbox 2080 425 2976 492; baseline 0.002 -12"><span class='ocrx_word' id='word_1_237' title='bbox 2080 425 2258 492; x_wconf 78' lang='lat' dir='ltr'><strong>iectus</strong></span> <span class='ocrx_word' id='word_1_238' title='bbox 2288 428 2452 482; x_wconf 82' lang='lat' dir='ltr'><strong>fuerit</strong></span> <span class='ocrx_word' id='word_1_239' title='bbox 2476 427 2676 482; x_wconf 86' lang='lat' dir='ltr'><strong>clarius</strong></span> <span class='ocrx_word' id='word_1_240' title='bbox 2719 437 2976 482; x_wconf 84' lang='lat' dir='ltr'><strong>recenset.</strong></span> 
     </span>
    </p>
   </div>
   <div class='ocr_carea' id='block_1_34' title="bbox 2077 517 3578 588">
    <p class='ocr_par' dir='ltr' id='par_1_34' title="bbox 2077 517 3578 588">
     <span class='ocr_line' id='line_1_34' title="bbox 2077 517 3578 588; baseline 0.005 -19"><span class='ocrx_word' id='word_1_241' title='bbox 2077 517 2127 571; x_wconf 75' lang='grc' dir='ltr'>Ι.</span> <span class='ocrx_word' id='word_1_242' title='bbox 2166 517 2305 571; x_wconf 82' lang='lat' dir='ltr'><strong>Deus</strong></span> <span class='ocrx_word' id='word_1_243' title='bbox 2338 520 2481 572; x_wconf 88' lang='lat' dir='ltr'><strong>stetit</strong></span> <span class='ocrx_word' id='word_1_244' title='bbox 2540 520 2593 571; x_wconf 90' lang='lat' dir='ltr'><strong>in</strong></span> <span class='ocrx_word' id='word_1_245' title='bbox 2634 534 2899 588; x_wconf 80' lang='lat' dir='ltr'><strong>synagoga</strong></span> <span class='ocrx_word' id='word_1_246' title='bbox 2952 519 3188 571; x_wconf 86' lang='lat' dir='ltr'><strong>deorum.</strong></span> <span class='ocrx_word' id='word_1_247' title='bbox 3246 519 3387 575; x_wconf 85' lang='lat' dir='ltr'><strong>Deos</strong></span> <span class='ocrx_word' id='word_1_248' title='bbox 3420 533 3578 577; x_wconf 80' lang='lat' dir='ltr'><strong>vocat</strong></span> 
     </span>
    </p>
   </div>
   <div class='ocr_carea' id='block_1_35' title="bbox 2010 605 3577 678">
    <p class='ocr_par' dir='ltr' id='par_1_35' title="bbox 2010 605 3577 678">
     <span class='ocr_line' id='line_1_35' title="bbox 2010 605 3577 678; baseline 0.006 -19"><span class='ocrx_word' id='word_1_249' title='bbox 2010 605 2279 678; x_wconf 82' lang='lat' dir='ltr'><strong>principes</strong></span> <span class='ocrx_word' id='word_1_250' title='bbox 2305 607 2639 672; x_wconf 76' lang='lat' dir='ltr'><strong>Judaeorum,</strong></span> <span class='ocrx_word' id='word_1_251' title='bbox 2669 609 2760 678; x_wconf 91' lang='lat' dir='ltr'><strong>qui</strong></span> <span class='ocrx_word' id='word_1_252' title='bbox 2788 609 2881 662; x_wconf 83' lang='lat' dir='ltr'><strong>ﬁlii</strong></span> <span class='ocrx_word' id='word_1_253' title='bbox 2907 607 3000 662; x_wconf 85' lang='lat' dir='ltr'><strong>Dei</strong></span> <span class='ocrx_word' id='word_1_254' title='bbox 3024 610 3380 665; x_wconf 75' lang='lat' dir='ltr'><strong>vocabantur.</strong></span> <span class='ocrx_word' id='word_1_255' title='bbox 3413 611 3577 668; x_wconf 82' lang='lat' dir='ltr'><strong>Ste:.t</strong></span> 
     </span>
    </p>
   </div>
   <div class='ocr_carea' id='block_1_36' title="bbox 2009 697 3574 767">
    <p class='ocr_par' dir='ltr' id='par_1_36' title="bbox 2009 697 3574 767">
     <span class='ocr_line' id='line_1_36' title="bbox 2009 697 3574 767; baseline 0.004 -17"><span class='ocrx_word' id='word_1_256' title='bbox 2009 697 2171 767; x_wconf 77' lang='lat' dir='ltr'><strong>igitur</strong></span> <span class='ocrx_word' id='word_1_257' title='bbox 2201 699 2252 752; x_wconf 92' lang='lat' dir='ltr'><strong>in</strong></span> <span class='ocrx_word' id='word_1_258' title='bbox 2282 700 2458 753; x_wconf 89' lang='lat' dir='ltr'><strong>medio</strong></span> <span class='ocrx_word' id='word_1_259' title='bbox 2489 715 2678 754; x_wconf 92' lang='lat' dir='ltr'><strong>eorum</strong></span> <span class='ocrx_word' id='word_1_260' title='bbox 2732 699 2896 760; x_wconf 86' lang='lat' dir='ltr'><strong>Deus,</strong></span> <span class='ocrx_word' id='word_1_261' title='bbox 2946 699 3000 753; x_wconf 92' lang='lat' dir='ltr'><strong>in</strong></span> <span class='ocrx_word' id='word_1_262' title='bbox 3056 701 3283 755; x_wconf 86' lang='lat' dir='ltr'><strong>salutari</strong></span> <span class='ocrx_word' id='word_1_263' title='bbox 3338 718 3438 756; x_wconf 91' lang='lat' dir='ltr'><strong>suo</strong></span> <span class='ocrx_word' id='word_1_264' title='bbox 3475 704 3574 757; x_wconf 87' lang='lat' dir='ltr'><strong>ad-</strong></span> 
     </span>
    </p>
   </div>
   <div class='ocr_carea' id='block_1_37' title="bbox 2007 786 3575 857">
    <p class='ocr_par' dir='ltr' id='par_1_37' title="bbox 2007 786 3575 857">
     <span class='ocr_line' id='line_1_37' title="bbox 2007 786 3575 857; baseline 0.006 -19"><span class='ocrx_word' id='word_1_265' title='bbox 2007 797 2190 850; x_wconf 81' lang='lat' dir='ltr'><strong>ventu,</strong></span> <span class='ocrx_word' id='word_1_266' title='bbox 2227 798 2286 843; x_wconf 91' lang='lat' dir='ltr'><strong>ut</strong></span> <span class='ocrx_word' id='word_1_267' title='bbox 2313 788 2586 857; x_wconf 73' lang='lat' dir='ltr'><strong>iudicaret</strong></span> <span class='ocrx_word' id='word_1_268' title='bbox 2633 804 2749 855; x_wconf 90' lang='lat' dir='ltr'><strong>eos,</strong></span> <span class='ocrx_word' id='word_1_269' title='bbox 2803 786 3110 844; x_wconf 79' lang='lat' dir='ltr'><strong>facinorum</strong></span> <span class='ocrx_word' id='word_1_270' title='bbox 3146 806 3337 846; x_wconf 86' lang='lat' dir='ltr'><strong>eorum</strong></span> <span class='ocrx_word' id='word_1_271' title='bbox 3388 794 3575 847; x_wconf 65' lang='lat' dir='ltr'><strong>conrio</strong></span> 
     </span>
    </p>
   </div>
   <div class='ocr_carea' id='block_1_38' title="bbox 2007 881 2520 936">
    <p class='ocr_par' dir='ltr' id='par_1_38' title="bbox 2007 881 2520 936">
     <span class='ocr_line' id='line_1_38' title="bbox 2007 881 2520 936; baseline 0.004 -2"><span class='ocrx_word' id='word_1_272' title='bbox 2007 881 2238 935; x_wconf 88' lang='lat' dir='ltr'><strong>ctionem</strong></span> <span class='ocrx_word' id='word_1_273' title='bbox 2270 881 2520 936; x_wconf 76' lang='lat' dir='ltr'><strong>alferens.</strong></span> 
     </span>
    </p>
   </div>
   <div class='ocr_carea' id='block_1_39' title="bbox 2070 969 3572 1042">
    <p class='ocr_par' dir='ltr' id='par_1_39' title="bbox 2070 969 3572 1042">
     <span class='ocr_line' id='line_1_39' title="bbox 2070 969 3572 1042; baseline 0.004 -20"><span class='ocrx_word' id='word_1_274' title='bbox 2070 971 2126 1035; x_wconf 74' lang='grc'><strong>2,</strong></span> <span class='ocrx_word' id='word_1_275' title='bbox 2158 972 2211 1024; x_wconf 77' lang='grc'>5.</span> <span class='ocrx_word' id='word_1_276' title='bbox 2264 969 2536 1041; x_wconf 85' lang='lat' dir='ltr'><strong>Usquequo</strong></span> <span class='ocrx_word' id='word_1_277' title='bbox 2562 971 2834 1041; x_wconf 66' lang='lat' dir='ltr'><strong>‘judicatis</strong></span> <span class='ocrx_word' id='word_1_278' title='bbox 2881 973 3212 1042; x_wconf 78' lang='lat' dir='ltr'><strong>iniquitatem</strong></span> <span class='ocrx_word' id='word_1_279' title='bbox 3239 976 3264 1027; x_wconf 78' lang='lat'><strong><em>?</em></strong></span> <span class='ocrx_word' id='word_1_280' title='bbox 3315 984 3420 1029; x_wconf 90' lang='lat' dir='ltr'><strong>etc.</strong></span> <span class='ocrx_word' id='word_1_281' title='bbox 3462 973 3572 1030; x_wconf 82' lang='lat' dir='ltr'><strong>lni-</strong></span> 
     </span>
    </p>
   </div>
   <div class='ocr_carea' id='block_1_40' title="bbox 2007 1064 3576 1135">
    <p class='ocr_par' dir='ltr' id='par_1_40' title="bbox 2007 1064 3576 1135">
     <span class='ocr_line' id='line_1_40' title="bbox 2007 1064 3576 1135; baseline 0.007 -20"><span class='ocrx_word' id='word_1_282' title='bbox 2007 1064 2288 1132; x_wconf 85' lang='lat' dir='ltr'><strong>quitatem,</strong></span> <span class='ocrx_word' id='word_1_283' title='bbox 2325 1079 2430 1133; x_wconf 91' lang='lat' dir='ltr'><strong>qua</strong></span> <span class='ocrx_word' id='word_1_284' title='bbox 2461 1078 2588 1135; x_wconf 85' lang='lat' dir='ltr'><strong>erga</strong></span> <span class='ocrx_word' id='word_1_285' title='bbox 2619 1065 2880 1135; x_wconf 85' lang='lat' dir='ltr'><strong>populum</strong></span> <span class='ocrx_word' id='word_1_286' title='bbox 2934 1067 3018 1120; x_wconf 91' lang='lat' dir='ltr'><strong>usi</strong></span> <span class='ocrx_word' id='word_1_287' title='bbox 3065 1077 3212 1132; x_wconf 88' lang='lat' dir='ltr'><strong>sunt,</strong></span> <span class='ocrx_word' id='word_1_288' title='bbox 3249 1071 3300 1123; x_wconf 89' lang='lat' dir='ltr'><strong>in</strong></span> <span class='ocrx_word' id='word_1_289' title='bbox 3337 1072 3576 1126; x_wconf 90' lang='lat' dir='ltr'><strong>medium</strong></span> 
     </span>
    </p>
   </div>
   <div class='ocr_carea' id='block_1_41' title="bbox 2009 1155 2246 1210">
    <p class='ocr_par' dir='ltr' id='par_1_41' title="bbox 2009 1155 2246 1210">
     <span class='ocr_line' id='line_1_41' title="bbox 2009 1155 2246 1210; baseline 0 -2"><span class='ocrx_word' id='word_1_290' title='bbox 2009 1155 2246 1210; x_wconf 91' lang='lat' dir='ltr'><strong>adducit.</strong></span> 
     </span>
    </p>
   </div>
   <div class='ocr_carea' id='block_1_42' title="bbox 2079 1245 3577 1318">
    <p class='ocr_par' dir='ltr' id='par_1_42' title="bbox 2079 1245 3577 1318">
     <span class='ocr_line' id='line_1_42' title="bbox 2079 1245 3577 1318; baseline 0.005 -18"><span class='ocrx_word' id='word_1_291' title='bbox 2079 1246 2203 1300; x_wconf 81' lang='lat'><strong>5-7.</strong></span> <span class='ocrx_word' id='word_1_292' title='bbox 2239 1245 2552 1300; x_wconf 79' lang='lat' dir='ltr'><strong>Moneantur</strong></span> <span class='ocrx_word' id='word_1_293' title='bbox 2576 1249 2755 1302; x_wconf 86' lang='lat' dir='ltr'><strong>omnia</strong></span> <span class='ocrx_word' id='word_1_294' title='bbox 2788 1249 3131 1318; x_wconf 78' lang='lat' dir='ltr'><strong>fundamenta</strong></span> <span class='ocrx_word' id='word_1_295' title='bbox 3160 1261 3329 1304; x_wconf 71' lang='lat' dir='ltr'><strong>terrm.</strong></span> <span class='ocrx_word' id='word_1_296' title='bbox 3365 1251 3577 1307; x_wconf 83' lang='lat' dir='ltr'><strong>Funda-</strong></span> 
     </span>
    </p>
   </div>
   <div class='ocr_carea' id='block_1_43' title="bbox 2007 1337 3576 1413">
    <p class='ocr_par' dir='ltr' id='par_1_43' title="bbox 2007 1337 3576 1413">
     <span class='ocr_line' id='line_1_43' title="bbox 2007 1337 3576 1413; baseline 0.004 -21"><span class='ocrx_word' id='word_1_297' title='bbox 2007 1347 2188 1393; x_wconf 88' lang='lat' dir='ltr'><strong>menta</strong></span> <span class='ocrx_word' id='word_1_298' title='bbox 2224 1347 2380 1392; x_wconf 72' lang='lat' dir='ltr'><strong>terra:</strong></span> <span class='ocrx_word' id='word_1_299' title='bbox 2407 1337 2538 1392; x_wconf 83' lang='lat' dir='ltr'><strong>dicit</strong></span> <span class='ocrx_word' id='word_1_300' title='bbox 2567 1339 2841 1410; x_wconf 87' lang='lat' dir='ltr'><strong>principes</strong></span> <span class='ocrx_word' id='word_1_301' title='bbox 2875 1341 3058 1396; x_wconf 74' lang='lat' dir='ltr'><strong>saeculi</strong></span> <span class='ocrx_word' id='word_1_302' title='bbox 3087 1341 3248 1412; x_wconf 87' lang='lat' dir='ltr'><strong>hujus</strong></span> <span class='ocrx_word' id='word_1_303' title='bbox 3275 1381 3290 1407; x_wconf 87' lang='lat'><strong>,</strong></span> <span class='ocrx_word' id='word_1_304' title='bbox 3321 1345 3413 1413; x_wconf 91' lang='lat' dir='ltr'><strong>qui</strong></span> <span class='ocrx_word' id='word_1_305' title='bbox 3449 1353 3576 1399; x_wconf 87' lang='lat' dir='ltr'><strong>ante</strong></span> 
     </span>
    </p>
   </div>
   <div class='ocr_carea' id='block_1_44' title="bbox 2005 1427 3578 1504">
    <p class='ocr_par' dir='ltr' id='par_1_44' title="bbox 2005 1427 3578 1504">
     <span class='ocr_line' id='line_1_44' title="bbox 2005 1427 3578 1504; baseline 0.006 -22"><span class='ocrx_word' id='word_1_306' title='bbox 2005 1427 2317 1484; x_wconf 71' lang='lat' dir='ltr'><strong>Judaeorum</strong></span> <span class='ocrx_word' id='word_1_307' title='bbox 2351 1431 2609 1499; x_wconf 88' lang='lat' dir='ltr'><strong>p0pulum</strong></span> <span class='ocrx_word' id='word_1_308' title='bbox 2641 1446 2834 1502; x_wconf 70' lang='lat' dir='ltr'><strong>poenas</strong></span> <span class='ocrx_word' id='word_1_309' title='bbox 2879 1433 3170 1498; x_wconf 89' lang='lat' dir='ltr'><strong>dederunt,</strong></span> <span class='ocrx_word' id='word_1_310' title='bbox 3213 1450 3242 1488; x_wconf 91' lang='lat' dir='ltr'><strong>a</strong></span> <span class='ocrx_word' id='word_1_311' title='bbox 3295 1437 3578 1504; x_wconf 80' lang='lat' dir='ltr'><strong>tyrannide</strong></span> 
     </span>
    </p>
   </div>
   <div class='ocr_carea' id='block_1_45' title="bbox 2007 1523 3573 1595">
    <p class='ocr_par' dir='ltr' id='par_1_45' title="bbox 2007 1523 3573 1595">
     <span class='ocr_line' id='line_1_45' title="bbox 2007 1523 3573 1595; baseline 0.006 -22"><span class='ocrx_word' id='word_1_312' title='bbox 2007 1537 2115 1590; x_wconf 90' lang='lat' dir='ltr'><strong>qua</strong></span> <span class='ocrx_word' id='word_1_313' title='bbox 2150 1536 2251 1576; x_wconf 90' lang='lat' dir='ltr'><strong>nos</strong></span> <span class='ocrx_word' id='word_1_314' title='bbox 2300 1523 2678 1591; x_wconf 84' lang='lat' dir='ltr'><strong>opprimebant</strong></span> <span class='ocrx_word' id='word_1_315' title='bbox 2723 1525 2961 1594; x_wconf 79' lang='lat' dir='ltr'><strong>expulsi,</strong></span> <span class='ocrx_word' id='word_1_316' title='bbox 3009 1541 3106 1595; x_wconf 90' lang='lat' dir='ltr'><strong>per</strong></span> <span class='ocrx_word' id='word_1_317' title='bbox 3155 1526 3288 1580; x_wconf 90' lang='lat' dir='ltr'><strong>illud</strong></span> <span class='ocrx_word' id='word_1_318' title='bbox 3323 1526 3573 1582; x_wconf 91' lang='lat' dir='ltr'><strong>dictum:</strong></span> 
     </span>
    </p>
   </div>
   <div class='ocr_carea' id='block_1_46' title="bbox 2025 1605 3580 1685">
    <p class='ocr_par' dir='ltr' id='par_1_46' title="bbox 2025 1605 3580 1685">
     <span class='ocr_line' id='line_1_46' title="bbox 2025 1605 3580 1685; baseline 0.006 -19"><span class='ocrx_word' id='word_1_319' title='bbox 2025 1613 2181 1667; x_wconf 89' lang='lat' dir='ltr'><strong>Nunc</strong></span> <span class='ocrx_word' id='word_1_320' title='bbox 2200 1615 2438 1682; x_wconf 79' lang='lat' dir='ltr'><strong>princeps</strong></span> <span class='ocrx_word' id='word_1_321' title='bbox 2465 1613 2619 1682; x_wconf 84' lang='lat' dir='ltr'><strong>hujus</strong></span> <span class='ocrx_word' id='word_1_322' title='bbox 2659 1605 2841 1670; x_wconf 73' lang='lat' dir='ltr'><strong>mundi</strong></span> <span class='ocrx_word' id='word_1_323' title='bbox 2872 1617 3114 1684; x_wconf 73' lang='lat' dir='ltr'><strong>ejiciatur</strong></span> <span class='ocrx_word' id='word_1_324' title='bbox 3145 1617 3295 1685; x_wconf 71' lang='lat' dir='ltr'><strong>foras</strong></span> <span class='ocrx_word' id='word_1_325' title='bbox 3312 1617 3352 1672; x_wconf 82' lang='grc'><strong>⁸.</strong></span> <span class='ocrx_word' id='word_1_326' title='bbox 3388 1617 3580 1676; x_wconf 77' lang='lat' dir='ltr'><strong>Exact&#39;)</strong></span> 
     </span>
    </p>
   </div>
   <div class='ocr_carea' id='block_1_47' title="bbox 2006 1707 3574 1786">
    <p class='ocr_par' dir='ltr' id='par_1_47' title="bbox 2006 1707 3574 1786">
     <span class='ocr_line' id='line_1_47' title="bbox 2006 1707 3574 1786; baseline 0.006 -26"><span class='ocrx_word' id='word_1_327' title='bbox 2006 1715 2135 1760; x_wconf 91' lang='lat' dir='ltr'><strong>sunt</strong></span> <span class='ocrx_word' id='word_1_328' title='bbox 2169 1723 2197 1760; x_wconf 91' lang='lat' dir='ltr'><strong>a</strong></span> <span class='ocrx_word' id='word_1_329' title='bbox 2240 1707 2362 1762; x_wconf 89' lang='lat' dir='ltr'><strong>loco</strong></span> <span class='ocrx_word' id='word_1_330' title='bbox 2401 1723 2565 1778; x_wconf 89' lang='lat' dir='ltr'><strong>quem</strong></span> <span class='ocrx_word' id='word_1_331' title='bbox 2591 1708 2741 1777; x_wconf 90' lang='lat' dir='ltr'><strong>prius</strong></span> <span class='ocrx_word' id='word_1_332' title='bbox 2795 1712 3153 1780; x_wconf 84' lang='lat' dir='ltr'><strong>occupabant.</strong></span> <span class='ocrx_word' id='word_1_333' title='bbox 3209 1714 3344 1768; x_wconf 90' lang='lat' dir='ltr'><strong>Cum</strong></span> <span class='ocrx_word' id='word_1_334' title='bbox 3393 1716 3574 1786; x_wconf 84' lang='lat' dir='ltr'><strong>itaque</strong></span> 
     </span>
    </p>
   </div>
   <div class='ocr_carea' id='block_1_48' title="bbox 2007 1799 3574 1876">
    <p class='ocr_par' dir='ltr' id='par_1_48' title="bbox 2007 1799 3574 1876">
     <span class='ocr_line' id='line_1_48' title="bbox 2007 1799 3574 1876; baseline 0.006 -24"><span class='ocrx_word' id='word_1_335' title='bbox 2007 1799 2158 1869; x_wconf 92' lang='lat' dir='ltr'><strong>prius</strong></span> <span class='ocrx_word' id='word_1_336' title='bbox 2188 1800 2264 1854; x_wconf 91' lang='lat' dir='ltr'><strong>illi</strong></span> <span class='ocrx_word' id='word_1_337' title='bbox 2298 1801 2602 1870; x_wconf 87' lang='lat' dir='ltr'><strong>compressi</strong></span> <span class='ocrx_word' id='word_1_338' title='bbox 2637 1799 2872 1855; x_wconf 82' lang='lat' dir='ltr'><strong>fuissent</strong></span> <span class='ocrx_word' id='word_1_339' title='bbox 2911 1818 3008 1872; x_wconf 90' lang='lat' dir='ltr'><strong>per</strong></span> <span class='ocrx_word' id='word_1_340' title='bbox 3040 1819 3256 1860; x_wconf 89' lang='lat' dir='ltr'><strong>crucem</strong></span> <span class='ocrx_word' id='word_1_341' title='bbox 3309 1806 3428 1876; x_wconf 89' lang='lat' dir='ltr'><strong>ejus</strong></span> <span class='ocrx_word' id='word_1_342' title='bbox 3451 1844 3468 1872; x_wconf 91' lang='lat'><strong>,</strong></span> <span class='ocrx_word' id='word_1_343' title='bbox 3508 1823 3574 1862; x_wconf 86' lang='lat' dir='ltr'><strong>ac</strong></span> 
     </span>
    </p>
   </div>
   <div class='ocr_carea' id='block_1_49' title="bbox 2005 1889 3569 1964">
    <p class='ocr_par' dir='ltr' id='par_1_49' title="bbox 2005 1889 3569 1964">
     <span class='ocr_line' id='line_1_49' title="bbox 2005 1889 3569 1964; baseline 0.004 -22"><span class='ocrx_word' id='word_1_344' title='bbox 2005 1889 2201 1945; x_wconf 86' lang='lat' dir='ltr'><strong>deinde</strong></span> <span class='ocrx_word' id='word_1_345' title='bbox 2251 1889 2498 1959; x_wconf 78' lang='lat' dir='ltr'><strong>abiectus</strong></span> <span class='ocrx_word' id='word_1_346' title='bbox 2550 1890 2621 1945; x_wconf 88' lang='lat' dir='ltr'><strong>sit</strong></span> <span class='ocrx_word' id='word_1_347' title='bbox 2673 1889 2839 1946; x_wconf 88' lang='lat' dir='ltr'><strong>Israel</strong></span> <span class='ocrx_word' id='word_1_348' title='bbox 2885 1901 3176 1962; x_wconf 87' lang='lat' dir='ltr'><strong>postquam</strong></span> <span class='ocrx_word' id='word_1_349' title='bbox 3217 1895 3569 1964; x_wconf 81' lang='lat' dir='ltr'><strong>Evangelium</strong></span> 
     </span>
    </p>
   </div>
   <div class='ocr_carea' id='block_1_50' title="bbox 2005 1982 3572 2054">
    <p class='ocr_par' dir='ltr' id='par_1_50' title="bbox 2005 1982 3572 2054">
     <span class='ocr_line' id='line_1_50' title="bbox 2005 1982 3572 2054; baseline 0.003 -20"><span class='ocrx_word' id='word_1_350' title='bbox 2005 1996 2102 2050; x_wconf 89' lang='lat' dir='ltr'><strong>per</strong></span> <span class='ocrx_word' id='word_1_351' title='bbox 2127 1990 2296 2035; x_wconf 87' lang='lat' dir='ltr'><strong>totam</strong></span> <span class='ocrx_word' id='word_1_352' title='bbox 2323 1991 2522 2036; x_wconf 87' lang='lat' dir='ltr'><strong>terram</strong></span> <span class='ocrx_word' id='word_1_353' title='bbox 2564 1983 2917 2052; x_wconf 78' lang='lat' dir='ltr'><strong>przedicatum</strong></span> <span class='ocrx_word' id='word_1_354' title='bbox 2950 1982 3072 2050; x_wconf 85' lang='lat' dir='ltr'><strong>fuit,</strong></span> <span class='ocrx_word' id='word_1_355' title='bbox 3111 1984 3430 2054; x_wconf 79' lang='lat' dir='ltr'><strong>subjunxit:</strong></span> <span class='ocrx_word' id='word_1_356' title='bbox 3460 1985 3572 2054; x_wconf 85' lang='lat' dir='ltr'><strong>Ego</strong></span> 
     </span>
    </p>
   </div>
   <div class='ocr_carea' id='block_1_51' title="bbox 2004 2071 3571 2142">
    <p class='ocr_par' dir='ltr' id='par_1_51' title="bbox 2004 2071 3571 2142">
     <span class='ocr_line' id='line_1_51' title="bbox 2004 2071 3571 2142; baseline 0.004 -19"><span class='ocrx_word' id='word_1_357' title='bbox 2004 2071 2154 2126; x_wconf 75' lang='lat' dir='ltr'><strong>dixi:</strong></span> <span class='ocrx_word' id='word_1_358' title='bbox 2193 2072 2283 2126; x_wconf 87' lang='lat' dir='ltr'><strong>Dii</strong></span> <span class='ocrx_word' id='word_1_359' title='bbox 2310 2073 2453 2127; x_wconf 90' lang='lat' dir='ltr'><strong>estis.</strong></span> <span class='ocrx_word' id='word_1_360' title='bbox 2489 2071 2583 2126; x_wconf 83' lang='lat' dir='ltr'><strong>Vos</strong></span> <span class='ocrx_word' id='word_1_361' title='bbox 2608 2083 2786 2128; x_wconf 90' lang='lat' dir='ltr'><strong>autem</strong></span> <span class='ocrx_word' id='word_1_362' title='bbox 2817 2076 2955 2127; x_wconf 83' lang='lat' dir='ltr'><strong>sicut</strong></span> <span class='ocrx_word' id='word_1_363' title='bbox 2985 2075 3220 2129; x_wconf 81' lang='lat' dir='ltr'><strong>homines</strong></span> <span class='ocrx_word' id='word_1_364' title='bbox 3252 2078 3571 2142; x_wconf 80' lang='lat' dir='ltr'><strong>moriemini,</strong></span> 
     </span>
    </p>
   </div>
   <div class='ocr_carea' id='block_1_52' title="bbox 2003 2165 3574 2240">
    <p class='ocr_par' dir='ltr' id='par_1_52' title="bbox 2003 2165 3574 2240">
     <span class='ocr_line' id='line_1_52' title="bbox 2003 2165 3574 2240; baseline 0.006 -23"><span class='ocrx_word' id='word_1_365' title='bbox 2003 2173 2052 2217; x_wconf 89' lang='lat' dir='ltr'><strong>et</strong></span> <span class='ocrx_word' id='word_1_366' title='bbox 2087 2165 2224 2218; x_wconf 87' lang='lat' dir='ltr'><strong>sicut</strong></span> <span class='ocrx_word' id='word_1_367' title='bbox 2257 2182 2391 2220; x_wconf 88' lang='lat' dir='ltr'><strong>unus</strong></span> <span class='ocrx_word' id='word_1_368' title='bbox 2418 2167 2481 2220; x_wconf 86' lang='lat' dir='ltr'><strong>de</strong></span> <span class='ocrx_word' id='word_1_369' title='bbox 2503 2167 2829 2236; x_wconf 81' lang='lat' dir='ltr'><strong>principibus</strong></span> <span class='ocrx_word' id='word_1_370' title='bbox 2853 2169 3076 2223; x_wconf 81' lang='lat' dir='ltr'><strong>cadetis.</strong></span> <span class='ocrx_word' id='word_1_371' title='bbox 3107 2169 3172 2224; x_wconf 85' lang='lat' dir='ltr'><strong>Et</strong></span> <span class='ocrx_word' id='word_1_372' title='bbox 3195 2170 3397 2240; x_wconf 87' lang='lat' dir='ltr'><strong>quibus</strong></span> <span class='ocrx_word' id='word_1_373' title='bbox 3426 2170 3574 2240; x_wconf 86' lang='lat' dir='ltr'><strong>prin-</strong></span> 
     </span>
    </p>
   </div>
   <div class='ocr_carea' id='block_1_53' title="bbox 2005 2257 3574 2333">
    <p class='ocr_par' dir='ltr' id='par_1_53' title="bbox 2005 2257 3574 2333">
     <span class='ocr_line' id='line_1_53' title="bbox 2005 2257 3574 2333; baseline 0.004 -24"><span class='ocrx_word' id='word_1_374' title='bbox 2005 2257 2237 2326; x_wconf 90' lang='lat' dir='ltr'><strong>cipibus,</strong></span> <span class='ocrx_word' id='word_1_375' title='bbox 2282 2258 2388 2313; x_wconf 88' lang='lat' dir='ltr'><strong>nisi</strong></span> <span class='ocrx_word' id='word_1_376' title='bbox 2439 2260 2507 2313; x_wconf 90' lang='lat' dir='ltr'><strong>iis</strong></span> <span class='ocrx_word' id='word_1_377' title='bbox 2540 2275 2681 2329; x_wconf 89' lang='lat' dir='ltr'><strong>quos</strong></span> <span class='ocrx_word' id='word_1_378' title='bbox 2728 2260 2892 2330; x_wconf 88' lang='lat' dir='ltr'><strong>paulo</strong></span> <span class='ocrx_word' id='word_1_379' title='bbox 2934 2271 3062 2316; x_wconf 86' lang='lat' dir='ltr'><strong>ante</strong></span> <span class='ocrx_word' id='word_1_380' title='bbox 3119 2261 3446 2332; x_wconf 81' lang='lat' dir='ltr'><strong>signiﬁcavit</strong></span> <span class='ocrx_word' id='word_1_381' title='bbox 3476 2274 3574 2333; x_wconf 84' lang='lat' dir='ltr'><strong>per</strong></span> 
     </span>
    </p>
   </div>
   <div class='ocr_carea' id='block_1_54' title="bbox 2004 2337 2849 2408">
    <p class='ocr_par' dir='ltr' id='par_1_54' title="bbox 2004 2337 2849 2408">
     <span class='ocr_line' id='line_1_54' title="bbox 2004 2337 2849 2408; baseline 0.005 -5"><span class='ocrx_word' id='word_1_382' title='bbox 2004 2359 2279 2405; x_wconf 88' lang='lat' dir='ltr'><strong>commota</strong></span> <span class='ocrx_word' id='word_1_383' title='bbox 2307 2337 2658 2407; x_wconf 87' lang='lat' dir='ltr'><strong>fundamenta</strong></span> <span class='ocrx_word' id='word_1_384' title='bbox 2692 2364 2849 2408; x_wconf 69' lang='lat' dir='ltr'><strong>terrae</strong></span> 
     </span>
    </p>
   </div>
   <div class='ocr_carea' id='block_1_55' title="bbox 2173 2501 3406 2575">
    <p class='ocr_par' dir='ltr' id='par_1_55' title="bbox 2173 2501 3406 2575">
     <span class='ocr_line' id='line_1_55' title="bbox 2173 2501 3406 2575; baseline 0.004 -19"><span class='ocrx_word' id='word_1_385' title='bbox 2173 2503 2224 2556; x_wconf 77' lang='grc'>1.</span> <span class='ocrx_word' id='word_1_386' title='bbox 2264 2501 2543 2562; x_wconf 86' lang='lat' dir='ltr'><strong>Canticum</strong></span> <span class='ocrx_word' id='word_1_387' title='bbox 2575 2504 2855 2560; x_wconf 78' lang='lat' dir='ltr'><strong>PSALMI</strong></span> <span class='ocrx_word' id='word_1_388' title='bbox 2884 2506 3083 2575; x_wconf 85' lang='lat' dir='ltr'><strong>Asaph.</strong></span> <span class='ocrx_word' id='word_1_389' title='bbox 3111 2503 3406 2562; x_wconf 78' lang='lat' dir='ltr'><strong>LXXXII.</strong></span> 
     </span>
    </p>
   </div>
   <div class='ocr_carea' id='block_1_56' title="bbox 2586 2599 2986 2668">
    <p class='ocr_par' dir='ltr' id='par_1_56' title="bbox 2586 2599 2986 2668">
     <span class='ocr_line' id='line_1_56' title="bbox 2586 2599 2986 2668; baseline 0.013 -19"><span class='ocrx_word' id='word_1_390' title='bbox 2586 2599 2986 2668; x_wconf 79' lang='lat' dir='ltr'><strong>Argumentum.</strong></span> 
     </span>
    </p>
   </div>
   <div class='ocr_carea' id='block_1_57' title="bbox 2003 2685 3573 2762">
    <p class='ocr_par' dir='ltr' id='par_1_57' title="bbox 2003 2685 3573 2762">
     <span class='ocr_line' id='line_1_57' title="bbox 2003 2685 3573 2762; baseline 0.003 -20"><span class='ocrx_word' id='word_1_391' title='bbox 2003 2685 2380 2744; x_wconf 90' lang='lat' dir='ltr'><strong>Precationem</strong></span> <span class='ocrx_word' id='word_1_392' title='bbox 2412 2687 2503 2744; x_wconf 88' lang='lat' dir='ltr'><strong>hic</strong></span> <span class='ocrx_word' id='word_1_393' title='bbox 2550 2688 2780 2744; x_wconf 73' lang='lat' dir='ltr'><strong>effundit</strong></span> <span class='ocrx_word' id='word_1_394' title='bbox 2815 2689 2883 2744; x_wconf 88' lang='lat' dir='ltr'><strong>ad</strong></span> <span class='ocrx_word' id='word_1_395' title='bbox 2930 2690 3123 2755; x_wconf 88' lang='lat' dir='ltr'><strong>Deum,</strong></span> <span class='ocrx_word' id='word_1_396' title='bbox 3174 2707 3371 2762; x_wconf 84' lang='lat' dir='ltr'><strong>rogans</strong></span> <span class='ocrx_word' id='word_1_397' title='bbox 3402 2700 3462 2746; x_wconf 90' lang='lat' dir='ltr'><strong>ut</strong></span> <span class='ocrx_word' id='word_1_398' title='bbox 3505 2692 3573 2747; x_wconf 85' lang='lat' dir='ltr'><strong>de</strong></span> 
     </span>
    </p>
   </div>
   <div class='ocr_carea' id='block_1_58' title="bbox 2079 2781 3571 2854">
    <p class='ocr_par' dir='ltr' id='par_1_58' title="bbox 2079 2781 3571 2854">
     <span class='ocr_line' id='line_1_58' title="bbox 2079 2781 3571 2854; baseline 0.002 -19"><span class='ocrx_word' id='word_1_399' title='bbox 2079 2781 2393 2851; x_wconf 82' lang='lat' dir='ltr'><strong>arrogantia</strong></span> <span class='ocrx_word' id='word_1_400' title='bbox 2437 2782 2702 2850; x_wconf 86' lang='lat' dir='ltr'><strong>gentium,</strong></span> <span class='ocrx_word' id='word_1_401' title='bbox 2756 2798 2878 2852; x_wconf 85' lang='lat' dir='ltr'><strong>quae</strong></span> <span class='ocrx_word' id='word_1_402' title='bbox 2923 2798 3049 2837; x_wconf 88' lang='lat' dir='ltr'><strong>cum</strong></span> <span class='ocrx_word' id='word_1_403' title='bbox 3098 2784 3338 2854; x_wconf 83' lang='lat' dir='ltr'><strong>Assyriis</strong></span> <span class='ocrx_word' id='word_1_404' title='bbox 3368 2784 3571 2838; x_wconf 88' lang='lat' dir='ltr'><strong>bellum</strong></span> 
     </span>
    </p>
   </div>
   <div class='ocr_carea' id='block_1_59' title="bbox 2076 2871 3571 2944">
    <p class='ocr_par' dir='ltr' id='par_1_59' title="bbox 2076 2871 3571 2944">
     <span class='ocr_line' id='line_1_59' title="bbox 2076 2871 3571 2944; baseline 0.001 -18"><span class='ocrx_word' id='word_1_405' title='bbox 2076 2882 2357 2941; x_wconf 80' lang='lat' dir='ltr'><strong>gesserant</strong></span> <span class='ocrx_word' id='word_1_406' title='bbox 2410 2873 2674 2928; x_wconf 86' lang='lat' dir='ltr'><strong>adversus</strong></span> <span class='ocrx_word' id='word_1_407' title='bbox 2729 2871 3067 2941; x_wconf 86' lang='lat' dir='ltr'><strong>Jerusalem,</strong></span> <span class='ocrx_word' id='word_1_408' title='bbox 3121 2884 3302 2929; x_wconf 90' lang='lat' dir='ltr'><strong>sumat</strong></span> <span class='ocrx_word' id='word_1_409' title='bbox 3358 2889 3571 2944; x_wconf 66' lang='lat' dir='ltr'><strong>posnas.</strong></span> 
     </span>
    </p>
   </div>
   <div class='ocr_carea' id='block_1_60' title="bbox 441 2957 1900 3064">
    <p class='ocr_par' dir='ltr' id='par_1_60' title="bbox 441 2957 1900 3040">
     <span class='ocr_line' id='line_1_60' title="bbox 441 2957 1900 3040; baseline 0.004 -24"><span class='ocrx_word' id='word_1_410' title='bbox 441 2981 519 3018; x_wconf 82' lang='grc' dir='ltr'><strong>ον.</strong></span> <span class='ocrx_word' id='word_1_411' title='bbox 550 2957 709 3018; x_wconf 76' lang='grc' dir='ltr'>Οὗτοι</span> <span class='ocrx_word' id='word_1_412' title='bbox 736 2966 792 3020; x_wconf 88' lang='grc' dir='ltr'><strong>δὲ</strong></span> <span class='ocrx_word' id='word_1_413' title='bbox 816 2963 956 3038; x_wconf 84' lang='grc' dir='ltr'>ἦσαν</span> <span class='ocrx_word' id='word_1_414' title='bbox 979 2970 1028 3021; x_wconf 89' lang='grc' dir='ltr'><strong>οί</strong></span> <span class='ocrx_word' id='word_1_415' title='bbox 1059 2967 1186 3038; x_wconf 78' lang='grc' dir='ltr'>ἑξῆς</span> <span class='ocrx_word' id='word_1_416' title='bbox 1216 2972 1272 3021; x_wconf 81' lang='grc' dir='ltr'>ἐν</span> <span class='ocrx_word' id='word_1_417' title='bbox 1300 2968 1378 3040; x_wconf 82' lang='grc' dir='ltr'><strong>τῷ</strong></span> <span class='ocrx_word' id='word_1_418' title='bbox 1405 2968 1606 3040; x_wconf 73' lang='grc' dir='ltr'>ψαλμῷ</span> <span class='ocrx_word' id='word_1_419' title='bbox 1636 2969 1900 3040; x_wconf 81' lang='grc' dir='ltr'>δηλούμε·</span> 
     </span>
    </p>
   </div>
   <div class='ocr_carea' id='block_1_61' title="bbox 2016 2957 3569 3064">
    <p class='ocr_par' dir='ltr' id='par_1_61' title="bbox 2076 2962 3569 3035">
     <span class='ocr_line' id='line_1_61' title="bbox 2076 2962 3569 3035; baseline 0 -17"><span class='ocrx_word' id='word_1_420' title='bbox 2076 2963 2168 3018; x_wconf 67' lang='grc' dir='ltr'><strong>Ηω</strong></span> <span class='ocrx_word' id='word_1_421' title='bbox 2198 2972 2380 3018; x_wconf 91' lang='lat' dir='ltr'><strong>autem</strong></span> <span class='ocrx_word' id='word_1_422' title='bbox 2418 2972 2605 3034; x_wconf 79' lang='lat' dir='ltr'><strong>gentes</strong></span> <span class='ocrx_word' id='word_1_423' title='bbox 2645 2962 2876 3020; x_wconf 88' lang='lat' dir='ltr'><strong>inferius</strong></span> <span class='ocrx_word' id='word_1_424' title='bbox 2907 2966 2958 3018; x_wconf 93' lang='lat' dir='ltr'><strong>in</strong></span> <span class='ocrx_word' id='word_1_425' title='bbox 2994 2965 3206 3035; x_wconf 87' lang='lat' dir='ltr'><strong>psalmo</strong></span> <span class='ocrx_word' id='word_1_426' title='bbox 3239 2965 3569 3021; x_wconf 88' lang='lat' dir='ltr'><strong>indicantur.</strong></span> 
     </span>
    </p>
   </div>
   <div class='ocr_carea' id='block_1_62' title="bbox 426 3074 498 3111">
    <p class='ocr_par' dir='ltr' id='par_1_62' title="bbox 426 3074 498 3111">
     <span class='ocr_line' id='line_1_62' title="bbox 426 3074 498 3111; baseline 0.028 -3"><span class='ocrx_word' id='word_1_427' title='bbox 426 3074 498 3111; x_wconf 76' lang='grc' dir='ltr'><strong>οι.</strong></span> 
     </span>
    </p>
   </div>
   <div class='ocr_carea' id='block_1_63' title="bbox 424 3147 1902 3221">
    <p class='ocr_par' dir='ltr' id='par_1_63' title="bbox 424 3147 1902 3221">
     <span class='ocr_line' id='line_1_63' title="bbox 424 3147 1902 3221; baseline 0.001 -19"><span class='ocrx_word' id='word_1_428' title='bbox 424 3152 470 3201; x_wconf 92' lang='lat'><em>0</em></span> <span class='ocrx_word' id='word_1_429' title='bbox 505 3148 669 3215; x_wconf 85' lang='grc' dir='ltr'>Θεὸς,</span> <span class='ocrx_word' id='word_1_430' title='bbox 709 3149 801 3215; x_wconf 85' lang='grc' dir='ltr'><strong>τίς</strong></span> <span class='ocrx_word' id='word_1_431' title='bbox 845 3151 1274 3220; x_wconf 80' lang='grc' dir='ltr'>ὁμοιωθήσεται</span> <span class='ocrx_word' id='word_1_432' title='bbox 1315 3165 1453 3212; x_wconf 85' lang='grc' dir='ltr'>σοι;</span> <span class='ocrx_word' id='word_1_433' title='bbox 1492 3148 1578 3220; x_wconf 81' lang='grc' dir='ltr'>μὴ</span> <span class='ocrx_word' id='word_1_434' title='bbox 1637 3147 1902 3221; x_wconf 68' lang='grc' dir='ltr'>σιγήσῃς</span> 
     </span>
    </p>
   </div>
   <div class='ocr_carea' id='block_1_64' title="bbox 321 3241 1902 3314">
    <p class='ocr_par' dir='ltr' id='par_1_64' title="bbox 321 3241 1902 3314">
     <span class='ocr_line' id='line_1_64' title="bbox 321 3241 1902 3314; baseline 0.001 -20"><span class='ocrx_word' id='word_1_435' title='bbox 321 3241 476 3310; x_wconf 82' lang='grc' dir='ltr'>μηδὲ</span> <span class='ocrx_word' id='word_1_436' title='bbox 506 3243 954 3312; x_wconf 76' lang='grc' dir='ltr'>καταπραΰνῃς,</span> <span class='ocrx_word' id='word_1_437' title='bbox 987 3247 1020 3298; x_wconf 87' lang='grc' dir='ltr'><strong>ό</strong></span> <span class='ocrx_word' id='word_1_438' title='bbox 1050 3245 1213 3310; x_wconf 84' lang='grc' dir='ltr'>Θεός.</span> <span class='ocrx_word' id='word_1_439' title='bbox 1241 3245 1331 3297; x_wconf 77' lang='grc' dir='ltr'>Σοὶ</span> <span class='ocrx_word' id='word_1_440' title='bbox 1363 3244 1482 3314; x_wconf 80' lang='grc' dir='ltr'>μὲν,</span> <span class='ocrx_word' id='word_1_441' title='bbox 1511 3244 1692 3314; x_wconf 73' lang='grc' dir='ltr'>φησὶν,</span> <span class='ocrx_word' id='word_1_442' title='bbox 1729 3245 1902 3307; x_wconf 80' lang='grc' dir='ltr'>οὐδεὶς</span> 
     </span>
    </p>
   </div>
   <div class='ocr_carea' id='block_1_65' title="bbox 325 3333 1902 3406">
    <p class='ocr_par' dir='ltr' id='par_1_65' title="bbox 325 3333 1902 3406">
     <span class='ocr_line' id='line_1_65' title="bbox 325 3333 1902 3406; baseline 0.002 -20"><span class='ocrx_word' id='word_1_443' title='bbox 325 3333 472 3387; x_wconf 73' lang='grc' dir='ltr'>ἐσται</span> <span class='ocrx_word' id='word_1_444' title='bbox 522 3334 708 3404; x_wconf 83' lang='grc' dir='ltr'>ὅμοιος</span> <span class='ocrx_word' id='word_1_445' title='bbox 729 3373 744 3399; x_wconf 94' lang='grc'><strong>,</strong></span> <span class='ocrx_word' id='word_1_446' title='bbox 812 3336 1189 3406; x_wconf 83' lang='grc' dir='ltr'>ἀμνησίκακος</span> <span class='ocrx_word' id='word_1_447' title='bbox 1242 3336 1335 3388; x_wconf 76' lang='grc' dir='ltr'>καὶ</span> <span class='ocrx_word' id='word_1_448' title='bbox 1390 3336 1755 3406; x_wconf 83' lang='grc' dir='ltr'>μακροθυμῶν</span> <span class='ocrx_word' id='word_1_449' title='bbox 1811 3338 1902 3389; x_wconf 74' lang='grc' dir='ltr'><strong>ἐπὶ</strong></span> 
     </span>
    </p>
   </div>
   <div class='ocr_carea' id='block_1_66' title="bbox 327 3427 1902 3502">
    <p class='ocr_par' dir='ltr' id='par_1_66' title="bbox 327 3427 1902 3502">
     <span class='ocr_line' id='line_1_66' title="bbox 327 3427 1902 3502; baseline 0.001 -23"><span class='ocrx_word' id='word_1_450' title='bbox 327 3430 438 3490; x_wconf 85' lang='grc' dir='ltr'>ταῖς</span> <span class='ocrx_word' id='word_1_451' title='bbox 467 3428 709 3493; x_wconf 78' lang='grc' dir='ltr'>ἀδικίαις</span> <span class='ocrx_word' id='word_1_452' title='bbox 729 3445 745 3459; x_wconf 79' lang='grc'><strong><em>⁸</em></strong></span> <span class='ocrx_word' id='word_1_453' title='bbox 775 3427 886 3498; x_wconf 78' lang='grc' dir='ltr'>ἐγὼ</span> <span class='ocrx_word' id='word_1_454' title='bbox 912 3429 969 3483; x_wconf 87' lang='grc' dir='ltr'>δὲ</span> <span class='ocrx_word' id='word_1_455' title='bbox 999 3428 1228 3501; x_wconf 71' lang='grc' dir='ltr'>εὔχομαι</span> <span class='ocrx_word' id='word_1_456' title='bbox 1272 3429 1348 3502; x_wconf 80' lang='grc' dir='ltr'>μὴ</span> <span class='ocrx_word' id='word_1_457' title='bbox 1396 3430 1618 3500; x_wconf 84' lang='grc' dir='ltr'>σιγῆσαι</span> <span class='ocrx_word' id='word_1_458' title='bbox 1647 3429 1739 3482; x_wconf 76' lang='grc' dir='ltr'>ἐπὶ</span> <span class='ocrx_word' id='word_1_459' title='bbox 1781 3431 1902 3491; x_wconf 83' lang='grc' dir='ltr'>ταῖς</span> 
     </span>
    </p>
   </div>
   <div class='ocr_carea' id='block_1_67' title="bbox 325 3521 1900 3594">
    <p class='ocr_par' dir='ltr' id='par_1_67' title="bbox 325 3521 1900 3594">
     <span class='ocr_line' id='line_1_67' title="bbox 325 3521 1900 3594; baseline 0 -22"><span class='ocrx_word' id='word_1_460' title='bbox 325 3521 440 3573; x_wconf 76' lang='grc' dir='ltr'>καθ’</span> <span class='ocrx_word' id='word_1_461' title='bbox 475 3521 638 3592; x_wconf 76' lang='grc' dir='ltr'>ἡμῶν</span> <span class='ocrx_word' id='word_1_462' title='bbox 687 3521 840 3594; x_wconf 77' lang='grc' dir='ltr'>παρὰ</span> <span class='ocrx_word' id='word_1_463' title='bbox 888 3521 996 3576; x_wconf 87' lang='grc' dir='ltr'><strong>τῶν</strong></span> <span class='ocrx_word' id='word_1_464' title='bbox 1059 3521 1267 3594; x_wconf 82' lang='grc' dir='ltr'>ὲχθρῶν</span> <span class='ocrx_word' id='word_1_465' title='bbox 1320 3523 1640 3592; x_wconf 83' lang='grc' dir='ltr'>γενομέναις</span> <span class='ocrx_word' id='word_1_466' title='bbox 1692 3521 1900 3583; x_wconf 85' lang='grc' dir='ltr'>ἀδίκοις</span> 
     </span>
    </p>
   </div>
   <div class='ocr_carea' id='block_1_68' title="bbox 325 3611 556 3679">
    <p class='ocr_par' dir='ltr' id='par_1_68' title="bbox 325 3611 556 3679">
     <span class='ocr_line' id='line_1_68' title="bbox 325 3611 556 3679; baseline 0.022 -17"><span class='ocrx_word' id='word_1_467' title='bbox 325 3611 556 3679; x_wconf 77' lang='grc' dir='ltr'>εφόδοις.</span> 
     </span>
    </p>
   </div>
   <div class='ocr_carea' id='block_1_69' title="bbox 391 3703 1897 3774">
    <p class='ocr_par' dir='ltr' id='par_1_69' title="bbox 391 3703 1897 3774">
     <span class='ocr_line' id='line_1_69' title="bbox 391 3703 1897 3774; baseline 0.001 -18"><span class='ocrx_word' id='word_1_468' title='bbox 391 3704 522 3758; x_wconf 81' lang='grc' dir='ltr'>Ὀτι</span> <span class='ocrx_word' id='word_1_469' title='bbox 558 3703 686 3759; x_wconf 73' lang='grc' dir='ltr'>ἰδοὺ</span> <span class='ocrx_word' id='word_1_470' title='bbox 715 3707 768 3759; x_wconf 86' lang='grc' dir='ltr'>οἱ</span> <span class='ocrx_word' id='word_1_471' title='bbox 799 3705 1002 3774; x_wconf 82' lang='grc' dir='ltr'>ἐχθροί</span> <span class='ocrx_word' id='word_1_472' title='bbox 1032 3719 1149 3758; x_wconf 85' lang='grc' dir='ltr'>σου</span> <span class='ocrx_word' id='word_1_473' title='bbox 1191 3704 1458 3773; x_wconf 78' lang='grc' dir='ltr'>ἤχησαν.</span> <span class='ocrx_word' id='word_1_474' title='bbox 1516 3703 1897 3769; x_wconf 80' lang='grc' dir='ltr'>Ἐξάκουστος,</span> 
     </span>
    </p>
   </div>
   <div class='ocr_carea' id='block_1_70' title="bbox 323 3797 1826 3868">
    <p class='ocr_par' dir='ltr' id='par_1_70' title="bbox 323 3797 1826 3868">
     <span class='ocr_line' id='line_1_70' title="bbox 323 3797 1826 3868; baseline -0.001 -19"><span class='ocrx_word' id='word_1_475' title='bbox 323 3797 501 3866; x_wconf 77' lang='grc' dir='ltr'>φησὶν,</span> <span class='ocrx_word' id='word_1_476' title='bbox 546 3798 580 3868; x_wconf 79' lang='grc' dir='ltr'>ἡ</span> <span class='ocrx_word' id='word_1_477' title='bbox 605 3797 726 3850; x_wconf 87' lang='grc' dir='ltr'>καθ’</span> <span class='ocrx_word' id='word_1_478' title='bbox 754 3797 911 3868; x_wconf 78' lang='grc' dir='ltr'>ἡμῶν</span> <span class='ocrx_word' id='word_1_479' title='bbox 944 3799 1072 3868; x_wconf 87' lang='grc' dir='ltr'>παρ’</span> <span class='ocrx_word' id='word_1_480' title='bbox 1094 3797 1274 3849; x_wconf 79' lang='grc' dir='ltr'>αὐτῶν</span> <span class='ocrx_word' id='word_1_481' title='bbox 1303 3797 1488 3850; x_wconf 80' lang='grc' dir='ltr'>ἀδικία</span> <span class='ocrx_word' id='word_1_482' title='bbox 1513 3797 1826 3867; x_wconf 84' lang='grc' dir='ltr'>γεγένηται.</span> 
     </span>
    </p>
   </div>
   <div class='ocr_carea' id='block_1_71' title="bbox 403 3889 1896 3964">
    <p class='ocr_par' dir='ltr' id='par_1_71' title="bbox 403 3889 1896 3964">
     <span class='ocr_line' id='line_1_71' title="bbox 403 3889 1896 3964; baseline -0.003 -18"><span class='ocrx_word' id='word_1_483' title='bbox 403 3893 824 3964; x_wconf 75' lang='grc' dir='ltr'><strong>Ἐτενήθησαν</strong></span> <span class='ocrx_word' id='word_1_484' title='bbox 867 3895 950 3958; x_wconf 84' lang='grc' dir='ltr'>εὶς</span> <span class='ocrx_word' id='word_1_485' title='bbox 985 3892 1320 3960; x_wconf 71' lang='grc' dir='ltr'>ἀντίληψιν</span> <span class='ocrx_word' id='word_1_486' title='bbox 1368 3890 1494 3955; x_wconf 84' lang='grc' dir='ltr'>τοῖς</span> <span class='ocrx_word' id='word_1_487' title='bbox 1542 3889 1693 3953; x_wconf 76' lang='grc' dir='ltr'>υἱοῖς</span> <span class='ocrx_word' id='word_1_488' title='bbox 1749 3889 1896 3942; x_wconf 85' lang='grc' dir='ltr'>Λώτ.</span> 
     </span>
    </p>
   </div>
   <div class='ocr_carea' id='block_1_72' title="bbox 332 3978 1897 4052">
    <p class='ocr_par' dir='ltr' id='par_1_72' title="bbox 332 3978 1897 4052">
     <span class='ocr_line' id='line_1_72' title="bbox 332 3978 1897 4052; baseline -0.002 -18"><span class='ocrx_word' id='word_1_489' title='bbox 332 3981 740 4046; x_wconf 77' lang='grc' dir='ltr'>Ἀντελὰδοντο,</span> <span class='ocrx_word' id='word_1_490' title='bbox 763 3982 916 4052; x_wconf 74' lang='grc' dir='ltr'>φησὶ,</span> <span class='ocrx_word' id='word_1_491' title='bbox 942 3983 1036 4036; x_wconf 78' lang='grc' dir='ltr'>καὶ</span> <span class='ocrx_word' id='word_1_492' title='bbox 1069 3983 1515 4052; x_wconf 86' lang='grc' dir='ltr'>συνεμαχήσαντο</span> <span class='ocrx_word' id='word_1_493' title='bbox 1545 3982 1624 4042; x_wconf 84' lang='grc' dir='ltr'><strong>είς</strong></span> <span class='ocrx_word' id='word_1_494' title='bbox 1654 3979 1745 4032; x_wconf 81' lang='grc' dir='ltr'><strong>τὸν</strong></span> <span class='ocrx_word' id='word_1_495' title='bbox 1775 3978 1897 4032; x_wconf 87' lang='grc' dir='ltr'>καθ’</span> 
     </span>
    </p>
   </div>
   <div class='ocr_carea' id='block_1_73' title="bbox 319 4071 1900 4146">
    <p class='ocr_par' dir='ltr' id='par_1_73' title="bbox 319 4071 1900 4146">
     <span class='ocr_line' id='line_1_73' title="bbox 319 4071 1900 4146; baseline -0.005 -16"><span class='ocrx_word' id='word_1_496' title='bbox 319 4075 472 4144; x_wconf 79' lang='grc' dir='ltr'>ἡμῶν</span> <span class='ocrx_word' id='word_1_497' title='bbox 494 4074 736 4146; x_wconf 86' lang='grc' dir='ltr'>πόλεμον</span> <span class='ocrx_word' id='word_1_498' title='bbox 753 4076 802 4128; x_wconf 81' lang='grc' dir='ltr'>οἱ</span> <span class='ocrx_word' id='word_1_499' title='bbox 828 4074 1266 4146; x_wconf 83' lang='grc' dir='ltr'>προδηλωθέντες</span> <span class='ocrx_word' id='word_1_500' title='bbox 1293 4075 1405 4136; x_wconf 83' lang='grc' dir='ltr'>τοῖς</span> <span class='ocrx_word' id='word_1_501' title='bbox 1434 4074 1570 4134; x_wconf 85' lang='grc' dir='ltr'>υἱοῖς</span> <span class='ocrx_word' id='word_1_502' title='bbox 1599 4071 1742 4124; x_wconf 84' lang='grc' dir='ltr'>Λώτ.</span> <span class='ocrx_word' id='word_1_503' title='bbox 1780 4071 1900 4123; x_wconf 79' lang='grc' dir='ltr'>Υἱοὶ</span> 
     </span>
    </p>
   </div>
   <div class='ocr_carea' id='block_1_74' title="bbox 317 4162 1899 4236">
    <p class='ocr_par' dir='ltr' id='par_1_74' title="bbox 317 4162 1899 4236">
     <span class='ocr_line' id='line_1_74' title="bbox 317 4162 1899 4236; baseline -0.003 -18"><span class='ocrx_word' id='word_1_504' title='bbox 317 4166 370 4220; x_wconf 84' lang='grc' dir='ltr'>δὲ</span> <span class='ocrx_word' id='word_1_505' title='bbox 395 4168 518 4222; x_wconf 85' lang='grc' dir='ltr'><strong>Λὼτ</strong></span> <span class='ocrx_word' id='word_1_506' title='bbox 561 4167 847 4221; x_wconf 81' lang='grc' dir='ltr'>Μωαϐῖται</span> <span class='ocrx_word' id='word_1_507' title='bbox 874 4166 968 4220; x_wconf 69' lang='grc' dir='ltr'><strong>καὶ</strong></span> <span class='ocrx_word' id='word_1_508' title='bbox 1001 4167 1350 4236; x_wconf 83' lang='grc' dir='ltr'>Ἀμμανῖται.</span> <span class='ocrx_word' id='word_1_509' title='bbox 1413 4162 1691 4216; x_wconf 78' lang='grc' dir='ltr'>Ἐντεῦθεν</span> <span class='ocrx_word' id='word_1_510' title='bbox 1717 4162 1773 4215; x_wconf 83' lang='grc' dir='ltr'><strong>δὲ</strong></span> <span class='ocrx_word' id='word_1_511' title='bbox 1810 4179 1899 4229; x_wconf 88' lang='grc' dir='ltr'>γι-</span> 
     </span>
    </p>
   </div>
   <div class='ocr_carea' id='block_1_75' title="bbox 317 4253 1898 4331">
    <p class='ocr_par' dir='ltr' id='par_1_75' title="bbox 317 4253 1898 4331">
     <span class='ocr_line' id='line_1_75' title="bbox 317 4253 1898 4331; baseline -0.004 -20"><span class='ocrx_word' id='word_1_512' title='bbox 317 4261 626 4331; x_wconf 81' lang='grc' dir='ltr'>νώσκομεν,</span> <span class='ocrx_word' id='word_1_513' title='bbox 661 4261 743 4313; x_wconf 82' lang='grc' dir='ltr'>ὅτι</span> <span class='ocrx_word' id='word_1_514' title='bbox 779 4257 1210 4329; x_wconf 82' lang='grc' dir='ltr'>προσκαλοῦνται</span> <span class='ocrx_word' id='word_1_515' title='bbox 1239 4255 1502 4327; x_wconf 78' lang='grc' dir='ltr'>ἀλλήλους</span> <span class='ocrx_word' id='word_1_516' title='bbox 1549 4255 1597 4306; x_wconf 80' lang='lat' dir='ltr'><strong>oi</strong></span> <span class='ocrx_word' id='word_1_517' title='bbox 1644 4253 1898 4322; x_wconf 87' lang='grc' dir='ltr'>δαίμονες</span> 
     </span>
    </p>
   </div>
   <div class='ocr_carea' id='block_1_76' title="bbox 2071 3142 3573 3214">
    <p class='ocr_par' dir='ltr' id='par_1_76' title="bbox 2071 3142 3573 3214">
     <span class='ocr_line' id='line_1_76' title="bbox 2071 3142 3573 3214; baseline 0 -18"><span class='ocrx_word' id='word_1_518' title='bbox 2071 3142 2125 3196; x_wconf 73' lang='lat'><strong>2.</strong></span> <span class='ocrx_word' id='word_1_519' title='bbox 2158 3142 2318 3208; x_wconf 88' lang='lat' dir='ltr'><strong>Deus,</strong></span> <span class='ocrx_word' id='word_1_520' title='bbox 2354 3144 2471 3214; x_wconf 88' lang='lat' dir='ltr'><strong>quis</strong></span> <span class='ocrx_word' id='word_1_521' title='bbox 2499 3143 2690 3197; x_wconf 78' lang='lat' dir='ltr'><strong>similis</strong></span> <span class='ocrx_word' id='word_1_522' title='bbox 2722 3145 2824 3197; x_wconf 88' lang='lat' dir='ltr'><strong>erit</strong></span> <span class='ocrx_word' id='word_1_523' title='bbox 2873 3144 3007 3196; x_wconf 82' lang='lat' dir='ltr'><strong>tibi?</strong></span> <span class='ocrx_word' id='word_1_524' title='bbox 3064 3160 3127 3196; x_wconf 90' lang='lat' dir='ltr'><strong>ne</strong></span> <span class='ocrx_word' id='word_1_525' title='bbox 3185 3153 3358 3197; x_wconf 85' lang='lat' dir='ltr'><strong>taceas</strong></span> <span class='ocrx_word' id='word_1_526' title='bbox 3411 3159 3573 3214; x_wconf 85' lang='lat' dir='ltr'><strong>neque</strong></span> 
     </span>
    </p>
   </div>
   <div class='ocr_carea' id='block_1_77' title="bbox 2002 3233 3568 3305">
    <p class='ocr_par' dir='ltr' id='par_1_77' title="bbox 2002 3233 3568 3305">
     <span class='ocr_line' id='line_1_77' title="bbox 2002 3233 3568 3305; baseline -0.001 -17"><span class='ocrx_word' id='word_1_527' title='bbox 2002 3237 2372 3303; x_wconf 84' lang='lat' dir='ltr'><strong>compescaris,</strong></span> <span class='ocrx_word' id='word_1_528' title='bbox 2402 3236 2560 3290; x_wconf 87' lang='lat' dir='ltr'><strong>Deus.</strong></span> <span class='ocrx_word' id='word_1_529' title='bbox 2594 3233 2786 3300; x_wconf 86' lang='lat' dir='ltr'><strong>Nemo,</strong></span> <span class='ocrx_word' id='word_1_530' title='bbox 2822 3236 3019 3305; x_wconf 89' lang='lat' dir='ltr'><strong>inquit,</strong></span> <span class='ocrx_word' id='word_1_531' title='bbox 3055 3235 3153 3289; x_wconf 89' lang='lat' dir='ltr'><strong>tibi</strong></span> <span class='ocrx_word' id='word_1_532' title='bbox 3205 3235 3400 3289; x_wconf 91' lang='lat' dir='ltr'><strong>similis</strong></span> <span class='ocrx_word' id='word_1_533' title='bbox 3444 3235 3568 3295; x_wconf 86' lang='lat' dir='ltr'><strong>erit.</strong></span> 
     </span>
    </p>
   </div>
   <div class='ocr_carea' id='block_1_78' title="bbox 2004 3325 3572 3396">
    <p class='ocr_par' dir='ltr' id='par_1_78' title="bbox 2004 3325 3572 3396">
     <span class='ocr_line' id='line_1_78' title="bbox 2004 3325 3572 3396; baseline -0.001 -17"><span class='ocrx_word' id='word_1_534' title='bbox 2004 3326 2291 3381; x_wconf 88' lang='lat' dir='ltr'><strong>immemor</strong></span> <span class='ocrx_word' id='word_1_535' title='bbox 2317 3327 2569 3381; x_wconf 74' lang='lat' dir='ltr'><strong>videlicet</strong></span> <span class='ocrx_word' id='word_1_536' title='bbox 2603 3327 2952 3396; x_wconf 86' lang='lat' dir='ltr'><strong>injuriarum,</strong></span> <span class='ocrx_word' id='word_1_537' title='bbox 2979 3335 3034 3380; x_wconf 91' lang='lat' dir='ltr'><strong>et</strong></span> <span class='ocrx_word' id='word_1_538' title='bbox 3078 3325 3453 3396; x_wconf 60' lang='lat' dir='ltr'><strong>aquanimiter</strong></span> <span class='ocrx_word' id='word_1_539' title='bbox 3489 3335 3572 3379; x_wconf 85' lang='lat' dir='ltr'><strong>to-</strong></span> 
     </span>
    </p>
   </div>
   <div class='ocr_carea' id='block_1_79' title="bbox 2003 3416 3576 3488">
    <p class='ocr_par' dir='ltr' id='par_1_79' title="bbox 2003 3416 3576 3488">
     <span class='ocr_line' id='line_1_79' title="bbox 2003 3416 3576 3488; baseline 0 -18"><span class='ocrx_word' id='word_1_540' title='bbox 2003 3416 2183 3472; x_wconf 86' lang='lat' dir='ltr'><strong>lerans</strong></span> <span class='ocrx_word' id='word_1_541' title='bbox 2205 3417 2544 3487; x_wconf 87' lang='lat' dir='ltr'><strong>iniquitates.</strong></span> <span class='ocrx_word' id='word_1_542' title='bbox 2567 3416 2683 3488; x_wconf 89' lang='lat' dir='ltr'><strong>Ego</strong></span> <span class='ocrx_word' id='word_1_543' title='bbox 2709 3427 2893 3472; x_wconf 88' lang='lat' dir='ltr'><strong>autem</strong></span> <span class='ocrx_word' id='word_1_544' title='bbox 2921 3432 3116 3487; x_wconf 89' lang='lat' dir='ltr'><strong>precor</strong></span> <span class='ocrx_word' id='word_1_545' title='bbox 3150 3427 3210 3472; x_wconf 92' lang='lat' dir='ltr'><strong>ut</strong></span> <span class='ocrx_word' id='word_1_546' title='bbox 3253 3432 3360 3471; x_wconf 90' lang='lat' dir='ltr'><strong>non</strong></span> <span class='ocrx_word' id='word_1_547' title='bbox 3391 3425 3576 3472; x_wconf 78' lang='lat' dir='ltr'><strong>taceas</strong></span> 
     </span>
    </p>
   </div>
   <div class='ocr_carea' id='block_1_80' title="bbox 2002 3508 3573 3579">
    <p class='ocr_par' dir='ltr' id='par_1_80' title="bbox 2002 3508 3573 3579">
     <span class='ocr_line' id='line_1_80' title="bbox 2002 3508 3573 3579; baseline -0.001 -17"><span class='ocrx_word' id='word_1_548' title='bbox 2002 3523 2166 3578; x_wconf 87' lang='lat' dir='ltr'><strong>super</strong></span> <span class='ocrx_word' id='word_1_549' title='bbox 2229 3508 2436 3578; x_wconf 90' lang='lat' dir='ltr'><strong>iniquis</strong></span> <span class='ocrx_word' id='word_1_550' title='bbox 2487 3509 2900 3565; x_wconf 83' lang='lat' dir='ltr'><strong>incursionibus</strong></span> <span class='ocrx_word' id='word_1_551' title='bbox 2953 3508 3325 3574; x_wconf 90' lang='lat' dir='ltr'><strong>inimicorum,</strong></span> <span class='ocrx_word' id='word_1_552' title='bbox 3372 3509 3573 3579; x_wconf 82' lang='lat' dir='ltr'><strong>quibus</strong></span> 
     </span>
    </p>
   </div>
   <div class='ocr_carea' id='block_1_81' title="bbox 2003 3598 2476 3653">
    <p class='ocr_par' dir='ltr' id='par_1_81' title="bbox 2003 3598 2476 3653">
     <span class='ocr_line' id='line_1_81' title="bbox 2003 3598 2476 3653; baseline 0 -2"><span class='ocrx_word' id='word_1_553' title='bbox 2003 3613 2103 3653; x_wconf 91' lang='lat' dir='ltr'><strong>nos</strong></span> <span class='ocrx_word' id='word_1_554' title='bbox 2133 3598 2476 3653; x_wconf 85' lang='lat' dir='ltr'><strong>adoriuntur.</strong></span> 
     </span>
    </p>
   </div>
   <div class='ocr_carea' id='block_1_82' title="bbox 2073 3689 3566 3756">
    <p class='ocr_par' dir='ltr' id='par_1_82' title="bbox 2073 3689 3566 3756">
     <span class='ocr_line' id='line_1_82' title="bbox 2073 3689 3566 3756; baseline 0.003 -14"><span class='ocrx_word' id='word_1_555' title='bbox 2073 3689 2127 3742; x_wconf 77' lang='lat'><strong>5.</strong></span> <span class='ocrx_word' id='word_1_556' title='bbox 2164 3689 2425 3754; x_wconf 85' lang='lat' dir='ltr'><strong>Quoniam</strong></span> <span class='ocrx_word' id='word_1_557' title='bbox 2456 3707 2571 3744; x_wconf 85' lang='lat' dir='ltr'><strong>ecce</strong></span> <span class='ocrx_word' id='word_1_558' title='bbox 2593 3691 2797 3744; x_wconf 87' lang='lat' dir='ltr'><strong>inimici</strong></span> <span class='ocrx_word' id='word_1_559' title='bbox 2824 3691 2901 3744; x_wconf 89' lang='lat' dir='ltr'><strong>tui</strong></span> <span class='ocrx_word' id='word_1_560' title='bbox 2923 3699 3231 3745; x_wconf 86' lang='lat' dir='ltr'><strong>sonuerunt.</strong></span> <span class='ocrx_word' id='word_1_561' title='bbox 3265 3690 3566 3756; x_wconf 85' lang='lat' dir='ltr'><strong>Publicata.</strong></span> 
     </span>
    </p>
   </div>
   <div class='ocr_carea' id='block_1_83' title="bbox 2002 3779 3319 3850">
    <p class='ocr_par' dir='ltr' id='par_1_83' title="bbox 2002 3779 3319 3850">
     <span class='ocr_line' id='line_1_83' title="bbox 2002 3779 3319 3850; baseline 0.003 -18"><span class='ocrx_word' id='word_1_562' title='bbox 2002 3779 2200 3848; x_wconf 90' lang='lat' dir='ltr'><strong>inquit,</strong></span> <span class='ocrx_word' id='word_1_563' title='bbox 2234 3779 2339 3834; x_wconf 88' lang='lat' dir='ltr'><strong>fuit</strong></span> <span class='ocrx_word' id='word_1_564' title='bbox 2365 3796 2555 3834; x_wconf 89' lang='lat' dir='ltr'><strong>eorum</strong></span> <span class='ocrx_word' id='word_1_565' title='bbox 2585 3782 2875 3836; x_wconf 88' lang='lat' dir='ltr'><strong>adversum</strong></span> <span class='ocrx_word' id='word_1_566' title='bbox 2908 3795 3008 3835; x_wconf 92' lang='lat' dir='ltr'><strong>nos</strong></span> <span class='ocrx_word' id='word_1_567' title='bbox 3039 3782 3319 3850; x_wconf 87' lang='lat' dir='ltr'><strong>iniquitas.</strong></span> 
     </span>
    </p>
   </div>
   <div class='ocr_carea' id='block_1_84' title="bbox 2039 3871 3570 3942">
    <p class='ocr_par' dir='ltr' id='par_1_84' title="bbox 2039 3871 3570 3942">
     <span class='ocr_line' id='line_1_84' title="bbox 2039 3871 3570 3942; baseline 0.001 -15"><span class='ocrx_word' id='word_1_568' title='bbox 2039 3892 2053 3900; x_wconf 76' lang='lat'><em>&quot;</em></span> <span class='ocrx_word' id='word_1_569' title='bbox 2074 3874 2126 3927; x_wconf 90' lang='lat'><strong>9.</strong></span> <span class='ocrx_word' id='word_1_570' title='bbox 2160 3873 2318 3927; x_wconf 84' lang='lat' dir='ltr'><strong>Facti</strong></span> <span class='ocrx_word' id='word_1_571' title='bbox 2346 3884 2466 3926; x_wconf 90' lang='lat' dir='ltr'><strong>sunt</strong></span> <span class='ocrx_word' id='word_1_572' title='bbox 2501 3874 2557 3926; x_wconf 86' lang='lat' dir='ltr'><strong>in</strong></span> <span class='ocrx_word' id='word_1_573' title='bbox 2584 3873 2912 3941; x_wconf 84' lang='lat' dir='ltr'><strong>adjutorium</strong></span> <span class='ocrx_word' id='word_1_574' title='bbox 2939 3873 3068 3941; x_wconf 86' lang='lat' dir='ltr'><strong>ﬁliis</strong></span> <span class='ocrx_word' id='word_1_575' title='bbox 3103 3872 3222 3925; x_wconf 83' lang='lat' dir='ltr'><strong>Lat.</strong></span> <span class='ocrx_word' id='word_1_576' title='bbox 3272 3871 3374 3938; x_wconf 88' lang='lat' dir='ltr'><strong>Qui</strong></span> <span class='ocrx_word' id='word_1_577' title='bbox 3411 3889 3570 3942; x_wconf 82' lang='lat' dir='ltr'><strong>supe-</strong></span> 
     </span>
    </p>
   </div>
   <div class='ocr_carea' id='block_1_85' title="bbox 2000 3963 3568 4032">
    <p class='ocr_par' dir='ltr' id='par_1_85' title="bbox 2000 3963 3568 4032">
     <span class='ocr_line' id='line_1_85' title="bbox 2000 3963 3568 4032; baseline -0.001 -14"><span class='ocrx_word' id='word_1_578' title='bbox 2000 3964 2118 4018; x_wconf 90' lang='lat' dir='ltr'><strong>rius</strong></span> <span class='ocrx_word' id='word_1_579' title='bbox 2153 3964 2437 4017; x_wconf 86' lang='lat' dir='ltr'><strong>memorati</strong></span> <span class='ocrx_word' id='word_1_580' title='bbox 2479 3972 2605 4018; x_wconf 88' lang='lat' dir='ltr'><strong>sunt</strong></span> <span class='ocrx_word' id='word_1_581' title='bbox 2650 3963 2914 4016; x_wconf 79' lang='lat' dir='ltr'><strong>auxilium</strong></span> <span class='ocrx_word' id='word_1_582' title='bbox 2955 3971 3010 4017; x_wconf 88' lang='lat' dir='ltr'><strong>et</strong></span> <span class='ocrx_word' id='word_1_583' title='bbox 3061 3978 3218 4032; x_wconf 76' lang='lat' dir='ltr'><strong>opem</strong></span> <span class='ocrx_word' id='word_1_584' title='bbox 3269 3964 3568 4018; x_wconf 85' lang='lat' dir='ltr'><strong>attulerunt</strong></span> 
     </span>
    </p>
   </div>
   <div class='ocr_carea' id='block_1_86' title="bbox 2001 4054 3570 4113">
    <p class='ocr_par' dir='ltr' id='par_1_86' title="bbox 2001 4054 3570 4113">
     <span class='ocr_line' id='line_1_86' title="bbox 2001 4054 3570 4113; baseline 0 -3"><span class='ocrx_word' id='word_1_585' title='bbox 2001 4057 2128 4112; x_wconf 89' lang='lat' dir='ltr'><strong>liliis</strong></span> <span class='ocrx_word' id='word_1_586' title='bbox 2161 4055 2280 4110; x_wconf 86' lang='lat' dir='ltr'><strong>Lnt.</strong></span> <span class='ocrx_word' id='word_1_587' title='bbox 2323 4056 2446 4110; x_wconf 86' lang='lat' dir='ltr'><strong>Filii</strong></span> <span class='ocrx_word' id='word_1_588' title='bbox 2469 4065 2649 4111; x_wconf 85' lang='lat' dir='ltr'><strong>autem</strong></span> <span class='ocrx_word' id='word_1_589' title='bbox 2686 4055 2787 4110; x_wconf 88' lang='lat' dir='ltr'><strong>Lot</strong></span> <span class='ocrx_word' id='word_1_590' title='bbox 2819 4064 2947 4110; x_wconf 90' lang='lat' dir='ltr'><strong>sunt</strong></span> <span class='ocrx_word' id='word_1_591' title='bbox 2975 4054 3220 4109; x_wconf 77' lang='lat' dir='ltr'><strong>Moabitae</strong></span> <span class='ocrx_word' id='word_1_592' title='bbox 3262 4067 3314 4110; x_wconf 89' lang='lat' dir='ltr'><strong>ct</strong></span> <span class='ocrx_word' id='word_1_593' title='bbox 3343 4059 3570 4113; x_wconf 85' lang='lat' dir='ltr'><strong>Ammo-</strong></span> 
     </span>
    </p>
   </div>
   <div class='ocr_carea' id='block_1_87' title="bbox 2000 4147 3569 4218">
    <p class='ocr_par' dir='ltr' id='par_1_87' title="bbox 2000 4147 3569 4218">
     <span class='ocr_line' id='line_1_87' title="bbox 2000 4147 3569 4218; baseline 0 -17"><span class='ocrx_word' id='word_1_594' title='bbox 2000 4149 2146 4203; x_wconf 68' lang='lat' dir='ltr'><strong>nitas.</strong></span> <span class='ocrx_word' id='word_1_595' title='bbox 2204 4147 2342 4202; x_wconf 84' lang='lat' dir='ltr'><strong>Hinc</strong></span> <span class='ocrx_word' id='word_1_596' title='bbox 2403 4157 2584 4202; x_wconf 90' lang='lat' dir='ltr'><strong>autem</strong></span> <span class='ocrx_word' id='word_1_597' title='bbox 2634 4147 3061 4218; x_wconf 85' lang='lat' dir='ltr'><strong>cognoscimus,</strong></span> <span class='ocrx_word' id='word_1_598' title='bbox 3118 4148 3394 4203; x_wconf 81' lang='lat' dir='ltr'><strong>daemones</strong></span> <span class='ocrx_word' id='word_1_599' title='bbox 3448 4164 3569 4204; x_wconf 89' lang='lat' dir='ltr'><strong>sese</strong></span> 
     </span>
    </p>
   </div>
   <div class='ocr_carea' id='block_1_88' title="bbox 2003 4239 3568 4308">
    <p class='ocr_par' dir='ltr' id='par_1_88' title="bbox 2003 4239 3568 4308">
     <span class='ocr_line' id='line_1_88' title="bbox 2003 4239 3568 4308; baseline -0.001 -15"><span class='ocrx_word' id='word_1_600' title='bbox 2003 4250 2194 4294; x_wconf 91' lang='lat' dir='ltr'><strong>mutuo</strong></span> <span class='ocrx_word' id='word_1_601' title='bbox 2223 4253 2523 4308; x_wconf 86' lang='lat' dir='ltr'><strong>provocare</strong></span> <span class='ocrx_word' id='word_1_602' title='bbox 2547 4239 2612 4292; x_wconf 88' lang='lat' dir='ltr'><strong>ad</strong></span> <span class='ocrx_word' id='word_1_603' title='bbox 2649 4239 2944 4306; x_wconf 88' lang='lat' dir='ltr'><strong>perniciem</strong></span> <span class='ocrx_word' id='word_1_604' title='bbox 2976 4239 3193 4304; x_wconf 64' lang='lat' dir='ltr'><strong>animae,</strong></span> <span class='ocrx_word' id='word_1_605' title='bbox 3225 4249 3284 4292; x_wconf 90' lang='lat' dir='ltr'><strong>ut</strong></span> <span class='ocrx_word' id='word_1_606' title='bbox 3316 4255 3416 4293; x_wconf 84' lang='lat' dir='ltr'><strong>nos</strong></span> <span class='ocrx_word' id='word_1_607' title='bbox 3442 4239 3568 4293; x_wconf 80' lang='lat' dir='ltr'><strong>fun-</strong></span> 
     </span>
    </p>
   </div>
   <div class='ocr_carea' id='block_1_89' title="bbox 319 4328 1900 4422">
    <p class='ocr_par' dir='ltr' id='par_1_89' title="bbox 319 4328 1895 4422">
     <span class='ocr_line' id='line_1_89' title="bbox 319 4328 1895 4422; baseline -0.004 -19"><span class='ocrx_word' id='word_1_608' title='bbox 319 4353 398 4407; x_wconf 78' lang='grc' dir='ltr'><strong>ἐπ’</strong></span> <span class='ocrx_word' id='word_1_609' title='bbox 431 4328 690 4420; x_wconf 63' lang='grc' dir='ltr'>ἀπτωλείᾳ</span> <span class='ocrx_word' id='word_1_610' title='bbox 716 4328 912 4421; x_wconf 78' lang='grc' dir='ltr'>ψυχῆς,</span> <span class='ocrx_word' id='word_1_611' title='bbox 949 4349 1322 4422; x_wconf 74' lang='grc' dir='ltr'>πανωλεθρίαν</span> <span class='ocrx_word' id='word_1_612' title='bbox 1349 4350 1481 4418; x_wconf 73' lang='grc' dir='ltr'>ἡμῖν</span> <span class='ocrx_word' id='word_1_613' title='bbox 1510 4347 1738 4414; x_wconf 80' lang='grc' dir='ltr'>ἐπάγειν</span> <span class='ocrx_word' id='word_1_614' title='bbox 1760 4387 1775 4409; x_wconf 91' lang='grc'><strong>,</strong></span> <span class='ocrx_word' id='word_1_615' title='bbox 1803 4345 1895 4398; x_wconf 83' lang='grc' dir='ltr'><strong>καὶ</strong></span> 
     </span>
    </p>
   </div>
   <div class='ocr_carea' id='block_1_90' title="bbox 2016 4328 3569 4422">
    <p class='ocr_par' dir='ltr' id='par_1_90' title="bbox 2016 4328 3569 4402">
     <span class='ocr_line' id='line_1_90' title="bbox 2016 4328 3569 4402; baseline -0.003 -15"><span class='ocrx_word' id='word_1_616' title='bbox 2016 4334 2148 4389; x_wconf 87' lang='lat' dir='ltr'><strong>litus</strong></span> <span class='ocrx_word' id='word_1_617' title='bbox 2173 4331 2420 4400; x_wconf 83' lang='lat' dir='ltr'><strong>perdant,</strong></span> <span class='ocrx_word' id='word_1_618' title='bbox 2455 4339 2510 4402; x_wconf 84' lang='lat' dir='ltr'><strong>ct</strong></span> <span class='ocrx_word' id='word_1_619' title='bbox 2543 4328 2813 4384; x_wconf 86' lang='lat' dir='ltr'><strong>famosum</strong></span> <span class='ocrx_word' id='word_1_620' title='bbox 2847 4330 3000 4384; x_wconf 89' lang='lat' dir='ltr'><strong>illum</strong></span> <span class='ocrx_word' id='word_1_621' title='bbox 3045 4329 3300 4385; x_wconf 83' lang='lat' dir='ltr'><strong>lsraelem</strong></span> <span class='ocrx_word' id='word_1_622' title='bbox 3347 4331 3401 4384; x_wconf 90' lang='lat' dir='ltr'><strong>in</strong></span> <span class='ocrx_word' id='word_1_623' title='bbox 3432 4330 3569 4385; x_wconf 84' lang='lat' dir='ltr'><strong>obli-</strong></span> 
     </span>
    </p>
   </div>
   <div class='ocr_carea' id='block_1_91' title="bbox 316 4433 1892 4517">
    <p class='ocr_par' dir='ltr' id='par_1_91' title="bbox 316 4433 1892 4517">
     <span class='ocr_line' id='line_1_91' title="bbox 316 4433 1892 4517; baseline -0.003 -23"><span class='ocrx_word' id='word_1_624' title='bbox 316 4442 447 4517; x_wconf 80' lang='grc' dir='ltr'>λήθῃ</span> <span class='ocrx_word' id='word_1_625' title='bbox 479 4441 825 4516; x_wconf 76' lang='grc' dir='ltr'>παραδοῦναι</span> <span class='ocrx_word' id='word_1_626' title='bbox 853 4442 943 4494; x_wconf 79' lang='grc' dir='ltr'>τὸν</span> <span class='ocrx_word' id='word_1_627' title='bbox 985 4439 1417 4512; x_wconf 83' lang='grc' dir='ltr'>πολυθρύλλητον</span> <span class='ocrx_word' id='word_1_628' title='bbox 1475 4437 1711 4508; x_wconf 89' lang='grc' dir='ltr'>Ἰσραήλ.</span> <span class='ocrx_word' id='word_1_629' title='bbox 1759 4433 1892 4489; x_wconf 82' lang='grc' dir='ltr'>Εἶτα</span> 
     </span>
    </p>
   </div>
   <div class='ocr_carea' id='block_1_92' title="bbox 319 4528 1890 4606">
    <p class='ocr_par' dir='ltr' id='par_1_92' title="bbox 319 4528 1890 4606">
     <span class='ocr_line' id='line_1_92' title="bbox 319 4528 1890 4606; baseline -0.003 -19"><span class='ocrx_word' id='word_1_630' title='bbox 319 4536 606 4606; x_wconf 84' lang='grc' dir='ltr'>καταλέγει</span> <span class='ocrx_word' id='word_1_631' title='bbox 632 4533 884 4604; x_wconf 81' lang='grc' dir='ltr'>ὁμόρους,</span> <span class='ocrx_word' id='word_1_632' title='bbox 911 4534 1000 4602; x_wconf 79' lang='grc' dir='ltr'><strong>ὑφ’</strong></span> <span class='ocrx_word' id='word_1_633' title='bbox 1032 4528 1106 4587; x_wconf 85' lang='grc' dir='ltr'>ὧν</span> <span class='ocrx_word' id='word_1_634' title='bbox 1133 4531 1526 4602; x_wconf 87' lang='grc' dir='ltr'>συγκληθέντες</span> <span class='ocrx_word' id='word_1_635' title='bbox 1549 4532 1642 4584; x_wconf 70' lang='grc' dir='ltr'>καὶ</span> <span class='ocrx_word' id='word_1_636' title='bbox 1671 4531 1718 4583; x_wconf 80' lang='grc' dir='ltr'>οἱ</span> <span class='ocrx_word' id='word_1_637' title='bbox 1743 4529 1890 4582; x_wconf 83' lang='grc' dir='ltr'>ἄλλοι</span> 
     </span>
    </p>
   </div>
   <div class='ocr_carea' id='block_1_93' title="bbox 320 4629 600 4699">
    <p class='ocr_par' dir='ltr' id='par_1_93' title="bbox 320 4629 600 4699">
     <span class='ocr_line' id='line_1_93' title="bbox 320 4629 600 4699; baseline 0.014 -22"><span class='ocrx_word' id='word_1_638' title='bbox 320 4629 600 4699; x_wconf 83' lang='grc' dir='ltr'>συνῆλθον.</span> 
     </span>
    </p>
   </div>
   <div class='ocr_carea' id='block_1_94' title="bbox 381 4685 1918 4787">
    <p class='ocr_par' dir='ltr' id='par_1_94' title="bbox 381 4685 1918 4787">
     <span class='ocr_line' id='line_1_94' title="bbox 381 4685 1918 4787; baseline -0.003 -16"><span class='ocrx_word' id='word_1_639' title='bbox 381 4685 659 4787; x_wconf 75' lang='grc' dir='ltr'>Ποίησον</span> <span class='ocrx_word' id='word_1_640' title='bbox 689 4717 894 4784; x_wconf 83' lang='grc' dir='ltr'>αὐτοῖς</span> <span class='ocrx_word' id='word_1_641' title='bbox 932 4717 1011 4783; x_wconf 85' lang='grc' dir='ltr'>ὡς</span> <span class='ocrx_word' id='word_1_642' title='bbox 1049 4715 1124 4783; x_wconf 77' lang='grc' dir='ltr'>τῇ</span> <span class='ocrx_word' id='word_1_643' title='bbox 1149 4715 1380 4784; x_wconf 80' lang='grc' dir='ltr'>Μαδιὰμ</span> <span class='ocrx_word' id='word_1_644' title='bbox 1402 4715 1498 4766; x_wconf 77' lang='grc' dir='ltr'>καὶ</span> <span class='ocrx_word' id='word_1_645' title='bbox 1533 4711 1612 4777; x_wconf 81' lang='grc' dir='ltr'>τῷ</span> <span class='ocrx_word' id='word_1_646' title='bbox 1640 4685 1918 4778; x_wconf 55' lang='grc' dir='ltr'>Σισάρα.’</span> 
     </span>
    </p>
   </div>
   <div class='ocr_carea' id='block_1_95' title="bbox 319 4803 1891 4880">
    <p class='ocr_par' dir='ltr' id='par_1_95' title="bbox 319 4803 1891 4880">
     <span class='ocr_line' id='line_1_95' title="bbox 319 4803 1891 4880; baseline -0.005 -18"><span class='ocrx_word' id='word_1_647' title='bbox 319 4810 523 4880; x_wconf 82' lang='grc' dir='ltr'>Ὥσπερ</span> <span class='ocrx_word' id='word_1_648' title='bbox 566 4808 700 4863; x_wconf 79' lang='grc' dir='ltr'>ποτὲ</span> <span class='ocrx_word' id='word_1_649' title='bbox 730 4808 956 4879; x_wconf 85' lang='grc' dir='ltr'>Μαδιάμ</span> <span class='ocrx_word' id='word_1_650' title='bbox 976 4808 1070 4861; x_wconf 76' lang='grc' dir='ltr'><strong>καὶ</strong></span> <span class='ocrx_word' id='word_1_651' title='bbox 1101 4809 1128 4860; x_wconf 93' lang='lat'><strong>6</strong></span> <span class='ocrx_word' id='word_1_652' title='bbox 1149 4805 1374 4876; x_wconf 86' lang='grc' dir='ltr'>Σισάρα,</span> <span class='ocrx_word' id='word_1_653' title='bbox 1404 4804 1484 4856; x_wconf 78' lang='grc' dir='ltr'>ἔτι</span> <span class='ocrx_word' id='word_1_654' title='bbox 1517 4820 1574 4855; x_wconf 86' lang='grc' dir='ltr'><strong>τε</strong></span> <span class='ocrx_word' id='word_1_655' title='bbox 1605 4803 1698 4856; x_wconf 70' lang='grc' dir='ltr'><strong>καὶ</strong></span> <span class='ocrx_word' id='word_1_656' title='bbox 1723 4805 1750 4854; x_wconf 91' lang='grc' dir='ltr'>ὁ</span> <span class='ocrx_word' id='word_1_657' title='bbox 1787 4804 1891 4855; x_wconf 81' lang='grc' dir='ltr'><strong>Ἰα-</strong></span> 
     </span>
    </p>
   </div>
   <div class='ocr_carea' id='block_1_96' title="bbox 317 4892 1891 4966">
    <p class='ocr_par' dir='ltr' id='par_1_96' title="bbox 317 4892 1891 4966">
     <span class='ocr_line' id='line_1_96' title="bbox 317 4892 1891 4966; baseline -0.003 -18"><span class='ocrx_word' id='word_1_658' title='bbox 317 4899 423 4952; x_wconf 77' lang='grc' dir='ltr'>6εὶν</span> <span class='ocrx_word' id='word_1_659' title='bbox 445 4899 849 4965; x_wconf 74' lang='grc' dir='ltr'>ἐξαναστάντες</span> <span class='ocrx_word' id='word_1_660' title='bbox 870 4898 1012 4952; x_wconf 83' lang='grc' dir='ltr'>κατὰ</span> <span class='ocrx_word' id='word_1_661' title='bbox 1035 4895 1128 4949; x_wconf 86' lang='grc' dir='ltr'><strong>τοῦ</strong></span> <span class='ocrx_word' id='word_1_662' title='bbox 1157 4895 1370 4966; x_wconf 84' lang='grc' dir='ltr'>Ἰσραὴλ</span> <span class='ocrx_word' id='word_1_663' title='bbox 1399 4892 1891 4964; x_wconf 77' lang='grc' dir='ltr'>ὲξωλοθρεύθησαν,</span> 
     </span>
    </p>
   </div>
   <div class='ocr_carea' id='block_1_97' title="bbox 315 4983 1891 5062">
    <p class='ocr_par' dir='ltr' id='par_1_97' title="bbox 315 4983 1891 5062">
     <span class='ocr_line' id='line_1_97' title="bbox 315 4983 1891 5062; baseline -0.004 -19"><span class='ocrx_word' id='word_1_664' title='bbox 315 4994 360 5042; x_wconf 78' lang='lat' dir='ltr'><strong>oi</strong></span> <span class='ocrx_word' id='word_1_665' title='bbox 388 4994 485 5061; x_wconf 80' lang='grc' dir='ltr'>μὲν</span> <span class='ocrx_word' id='word_1_666' title='bbox 510 4995 572 5045; x_wconf 82' lang='grc' dir='ltr'>ὲν</span> <span class='ocrx_word' id='word_1_667' title='bbox 602 4989 685 5061; x_wconf 85' lang='grc' dir='ltr'>τῷ</span> <span class='ocrx_word' id='word_1_668' title='bbox 731 4991 1016 5062; x_wconf 82' lang='grc' dir='ltr'>χειμάρρῳ</span> <span class='ocrx_word' id='word_1_669' title='bbox 1055 4987 1295 5050; x_wconf 84' lang='grc' dir='ltr'>Κισσὼν,</span> <span class='ocrx_word' id='word_1_670' title='bbox 1331 4989 1381 5040; x_wconf 81' lang='lat' dir='ltr'><strong>oi</strong></span> <span class='ocrx_word' id='word_1_671' title='bbox 1429 4987 1487 5039; x_wconf 86' lang='grc' dir='ltr'><strong>δὲ</strong></span> <span class='ocrx_word' id='word_1_672' title='bbox 1522 4987 1580 5039; x_wconf 79' lang='grc' dir='ltr'><strong>ἐν</strong></span> <span class='ocrx_word' id='word_1_673' title='bbox 1619 4983 1852 5053; x_wconf 83' lang='grc' dir='ltr'>Ἀενδὼρ</span> <span class='ocrx_word' id='word_1_674' title='bbox 1877 4999 1891 5011; x_wconf 81' lang='lat'><strong><em>°</em></strong></span> 
     </span>
    </p>
   </div>
   <div class='ocr_carea' id='block_1_98' title="bbox 313 5075 1893 5154">
    <p class='ocr_par' dir='ltr' id='par_1_98' title="bbox 313 5075 1893 5154">
     <span class='ocr_line' id='line_1_98' title="bbox 313 5075 1893 5154; baseline -0.004 -20"><span class='ocrx_word' id='word_1_675' title='bbox 313 5085 399 5136; x_wconf 69' lang='grc' dir='ltr'>τὸν</span> <span class='ocrx_word' id='word_1_676' title='bbox 433 5085 601 5138; x_wconf 81' lang='grc' dir='ltr'>αὑτὸν</span> <span class='ocrx_word' id='word_1_677' title='bbox 644 5084 844 5154; x_wconf 84' lang='grc' dir='ltr'>τρόπον</span> <span class='ocrx_word' id='word_1_678' title='bbox 875 5085 970 5137; x_wconf 75' lang='grc' dir='ltr'><strong>καὶ</strong></span> <span class='ocrx_word' id='word_1_679' title='bbox 1005 5085 1052 5136; x_wconf 76' lang='lat' dir='ltr'><strong>oi</strong></span> <span class='ocrx_word' id='word_1_680' title='bbox 1103 5083 1414 5153; x_wconf 71' lang='grc' dir='ltr'>ἐπιθέμενοι</span> <span class='ocrx_word' id='word_1_681' title='bbox 1450 5081 1584 5150; x_wconf 83' lang='grc' dir='ltr'>ἡμῖν</span> <span class='ocrx_word' id='word_1_682' title='bbox 1630 5076 1768 5148; x_wconf 83' lang='grc' dir='ltr'>μετὰ</span> <span class='ocrx_word' id='word_1_683' title='bbox 1799 5075 1893 5129; x_wconf 87' lang='grc' dir='ltr'><strong>τοῦ</strong></span> 
     </span>
    </p>
   </div>
   <div class='ocr_carea' id='block_1_99' title="bbox 328 5167 1894 5248">
    <p class='ocr_par' dir='ltr' id='par_1_99' title="bbox 328 5167 1894 5248">
     <span class='ocr_line' id='line_1_99' title="bbox 328 5167 1894 5248; baseline -0.006 -19"><span class='ocrx_word' id='word_1_684' title='bbox 328 5176 579 5248; x_wconf 77' lang='grc' dir='ltr'>Ἀσσοὺρ,</span> <span class='ocrx_word' id='word_1_685' title='bbox 607 5176 709 5246; x_wconf 81' lang='grc' dir='ltr'><strong>τῆς</strong></span> <span class='ocrx_word' id='word_1_686' title='bbox 739 5175 929 5244; x_wconf 86' lang='grc' dir='ltr'>ὁμοίας</span> <span class='ocrx_word' id='word_1_687' title='bbox 955 5175 1223 5246; x_wconf 82' lang='grc' dir='ltr'>τιμωρίας</span> <span class='ocrx_word' id='word_1_688' title='bbox 1270 5172 1504 5242; x_wconf 84' lang='grc' dir='ltr'>τύχοιεν.</span> <span class='ocrx_word' id='word_1_689' title='bbox 1539 5169 1742 5238; x_wconf 86' lang='grc' dir='ltr'>Σισὰρα</span> <span class='ocrx_word' id='word_1_690' title='bbox 1796 5167 1894 5236; x_wconf 85' lang='grc' dir='ltr'><strong>μὲν</strong></span> 
     </span>
    </p>
   </div>
   <div class='ocr_carea' id='block_1_100' title="bbox 315 5257 1887 5335">
    <p class='ocr_par' dir='ltr' id='par_1_100' title="bbox 315 5257 1887 5335">
     <span class='ocr_line' id='line_1_100' title="bbox 315 5257 1887 5335; baseline -0.004 -19"><span class='ocrx_word' id='word_1_691' title='bbox 315 5266 493 5335; x_wconf 78' lang='grc' dir='ltr'>ἅρχων</span> <span class='ocrx_word' id='word_1_692' title='bbox 521 5267 630 5334; x_wconf 85' lang='grc' dir='ltr'><strong>τῆς</strong></span> <span class='ocrx_word' id='word_1_693' title='bbox 684 5263 984 5333; x_wconf 83' lang='grc' dir='ltr'>δυνάμεως,</span> <span class='ocrx_word' id='word_1_694' title='bbox 1027 5263 1218 5316; x_wconf 69' lang='grc' dir='ltr'>Ἰαὸεὶν</span> <span class='ocrx_word' id='word_1_695' title='bbox 1259 5262 1315 5314; x_wconf 82' lang='grc' dir='ltr'>δὲ</span> <span class='ocrx_word' id='word_1_696' title='bbox 1369 5260 1621 5331; x_wconf 74' lang='grc' dir='ltr'>βασιλεὺς</span> <span class='ocrx_word' id='word_1_697' title='bbox 1649 5257 1887 5312; x_wconf 80' lang='grc' dir='ltr'>Χαναὰν.</span> 
     </span>
    </p>
   </div>
   <div class='ocr_carea' id='block_1_101' title="bbox 317 5350 1890 5426">
    <p class='ocr_par' dir='ltr' id='par_1_101' title="bbox 317 5350 1890 5426">
     <span class='ocr_line' id='line_1_101' title="bbox 317 5350 1890 5426; baseline -0.004 -20"><span class='ocrx_word' id='word_1_698' title='bbox 317 5355 660 5425; x_wconf 83' lang='grc' dir='ltr'>Τροποῦνται</span> <span class='ocrx_word' id='word_1_699' title='bbox 695 5356 753 5406; x_wconf 82' lang='grc' dir='ltr'>ὲν</span> <span class='ocrx_word' id='word_1_700' title='bbox 785 5353 864 5424; x_wconf 81' lang='grc' dir='ltr'>τῷ</span> <span class='ocrx_word' id='word_1_701' title='bbox 894 5355 1178 5426; x_wconf 72' lang='grc' dir='ltr'>χειμάρρῳ</span> <span class='ocrx_word' id='word_1_702' title='bbox 1209 5353 1425 5406; x_wconf 81' lang='grc' dir='ltr'>Κισσὼν</span> <span class='ocrx_word' id='word_1_703' title='bbox 1455 5353 1509 5404; x_wconf 83' lang='grc' dir='ltr'><strong>ἐν</strong></span> <span class='ocrx_word' id='word_1_704' title='bbox 1533 5352 1643 5413; x_wconf 87' lang='grc' dir='ltr'>τοῖς</span> <span class='ocrx_word' id='word_1_705' title='bbox 1661 5350 1890 5418; x_wconf 79' lang='grc' dir='ltr'>Κριταῐς</span> 
     </span>
    </p>
   </div>
   <div class='ocr_carea' id='block_1_102' title="bbox 317 5439 1776 5515">
    <p class='ocr_par' dir='ltr' id='par_1_102' title="bbox 317 5439 1776 5515">
     <span class='ocr_line' id='line_1_102' title="bbox 317 5439 1776 5515; baseline -0.003 -20"><span class='ocrx_word' id='word_1_706' title='bbox 317 5445 370 5495; x_wconf 84' lang='grc' dir='ltr'>ὲν</span> <span class='ocrx_word' id='word_1_707' title='bbox 399 5448 546 5513; x_wconf 76' lang='grc' dir='ltr'>χειρὶ</span> <span class='ocrx_word' id='word_1_708' title='bbox 578 5443 810 5515; x_wconf 78' lang='grc' dir='ltr'>Βαραάκ</span> <span class='ocrx_word' id='word_1_709' title='bbox 838 5445 932 5497; x_wconf 75' lang='grc' dir='ltr'><strong>καὶ</strong></span> <span class='ocrx_word' id='word_1_710' title='bbox 961 5444 1201 5511; x_wconf 72' lang='grc' dir='ltr'>Δεῦόρῤα</span> <span class='ocrx_word' id='word_1_711' title='bbox 1232 5441 1487 5511; x_wconf 77' lang='grc' dir='ltr'>γυναικὸς</span> <span class='ocrx_word' id='word_1_712' title='bbox 1538 5439 1776 5512; x_wconf 82' lang='grc' dir='ltr'>Ἰσραήλ.</span> 
     </span>
    </p>
   </div>
   <div class='ocr_carea' id='block_1_103' title="bbox 355 5624 1355 5695">
    <p class='ocr_par' dir='ltr' id='par_1_103' title="bbox 355 5624 1355 5695">
     <span class='ocr_line' id='line_1_103' title="bbox 355 5624 1355 5695; baseline -0.013 -7"><span class='ocrx_word' id='word_1_713' title='bbox 355 5631 558 5687; x_wconf 79' lang='lat' dir='ltr'><strong>&#39;Joan.</strong></span> <span class='ocrx_word' id='word_1_714' title='bbox 601 5647 702 5695; x_wconf 76' lang='lat' dir='ltr'><strong>xu,</strong></span> <span class='ocrx_word' id='word_1_715' title='bbox 739 5631 828 5685; x_wconf 72' lang='grc' dir='ltr'><strong>ει.</strong></span> <span class='ocrx_word' id='word_1_716' title='bbox 908 5625 1127 5681; x_wconf 76' lang='lat' dir='ltr'><strong>‘Judic.</strong></span> <span class='ocrx_word' id='word_1_717' title='bbox 1170 5643 1238 5692; x_wconf 81' lang='lat' dir='ltr'><strong>tv,</strong></span> <span class='ocrx_word' id='word_1_718' title='bbox 1273 5624 1355 5677; x_wconf 75' lang='grc' dir='ltr'>Η.</span> 
     </span>
    </p>
   </div>
   <div class='ocr_carea' id='block_1_104' title="bbox 2000 4419 3568 4490">
    <p class='ocr_par' dir='ltr' id='par_1_104' title="bbox 2000 4419 3568 4490">
     <span class='ocr_line' id='line_1_104' title="bbox 2000 4419 3568 4490; baseline -0.003 -12"><span class='ocrx_word' id='word_1_719' title='bbox 2000 4426 2216 4478; x_wconf 87' lang='lat' dir='ltr'><strong>vionem</strong></span> <span class='ocrx_word' id='word_1_720' title='bbox 2249 4423 2471 4478; x_wconf 88' lang='lat' dir='ltr'><strong>ducant.</strong></span> <span class='ocrx_word' id='word_1_721' title='bbox 2509 4420 2715 4475; x_wconf 89' lang='lat' dir='ltr'><strong>Deinde</strong></span> <span class='ocrx_word' id='word_1_722' title='bbox 2746 4419 3004 4477; x_wconf 85' lang='lat' dir='ltr'><strong>finitimos</strong></span> <span class='ocrx_word' id='word_1_723' title='bbox 3035 4431 3337 4486; x_wconf 84' lang='lat' dir='ltr'><strong>enumerat,</strong></span> <span class='ocrx_word' id='word_1_724' title='bbox 3387 4438 3415 4474; x_wconf 91' lang='lat' dir='ltr'><strong>a</strong></span> <span class='ocrx_word' id='word_1_725' title='bbox 3446 4422 3568 4490; x_wconf 87' lang='lat' dir='ltr'><strong>qui-</strong></span> 
     </span>
    </p>
   </div>
   <div class='ocr_carea' id='block_1_105' title="bbox 1997 4513 2876 4571">
    <p class='ocr_par' dir='ltr' id='par_1_105' title="bbox 1997 4513 2876 4571">
     <span class='ocr_line' id='line_1_105' title="bbox 1997 4513 2876 4571; baseline -0.005 1"><span class='ocrx_word' id='word_1_726' title='bbox 1997 4517 2100 4571; x_wconf 91' lang='lat' dir='ltr'><strong>bus</strong></span> <span class='ocrx_word' id='word_1_727' title='bbox 2131 4515 2339 4570; x_wconf 89' lang='lat' dir='ltr'><strong>evocati</strong></span> <span class='ocrx_word' id='word_1_728' title='bbox 2367 4513 2459 4568; x_wconf 90' lang='lat' dir='ltr'><strong>alii</strong></span> <span class='ocrx_word' id='word_1_729' title='bbox 2486 4521 2876 4569; x_wconf 84' lang='lat' dir='ltr'><strong>convenerunt.</strong></span> 
     </span>
    </p>
   </div>
   <div class='ocr_carea' id='block_1_106' title="bbox 1996 4690 3566 4757">
    <p class='ocr_par' dir='ltr' id='par_1_106' title="bbox 1996 4690 3566 4757">
     <span class='ocr_line' id='line_1_106' title="bbox 1996 4690 3566 4757; baseline 0 -9"><span class='ocrx_word' id='word_1_730' title='bbox 1996 4700 2016 4711; x_wconf 86' lang='lat'><strong><em>&quot;</em></strong></span> <span class='ocrx_word' id='word_1_731' title='bbox 2074 4693 2160 4749; x_wconf 76' lang='grc'><strong>10.</strong></span> <span class='ocrx_word' id='word_1_732' title='bbox 2195 4694 2306 4748; x_wconf 87' lang='lat' dir='ltr'><strong>Fac</strong></span> <span class='ocrx_word' id='word_1_733' title='bbox 2334 4695 2442 4748; x_wconf 82' lang='lat' dir='ltr'><strong>illis</strong></span> <span class='ocrx_word' id='word_1_734' title='bbox 2477 4695 2612 4750; x_wconf 89' lang='lat' dir='ltr'><strong>sicut</strong></span> <span class='ocrx_word' id='word_1_735' title='bbox 2651 4692 2876 4746; x_wconf 72' lang='lat' dir='ltr'><strong>Madian</strong></span> <span class='ocrx_word' id='word_1_736' title='bbox 2899 4701 2947 4746; x_wconf 89' lang='lat' dir='ltr'><strong>et</strong></span> <span class='ocrx_word' id='word_1_737' title='bbox 2983 4690 3203 4757; x_wconf 59' lang='lat' dir='ltr'><strong>Sisara,</strong></span> <span class='ocrx_word' id='word_1_738' title='bbox 3249 4702 3355 4747; x_wconf 89' lang='lat' dir='ltr'><strong>etc.</strong></span> <span class='ocrx_word' id='word_1_739' title='bbox 3411 4690 3566 4748; x_wconf 81' lang='lat' dir='ltr'><strong>Sicut</strong></span> 
     </span>
    </p>
   </div>
   <div class='ocr_carea' id='block_1_107' title="bbox 1995 4783 3564 4854">
    <p class='ocr_par' dir='ltr' id='par_1_107' title="bbox 1995 4783 3564 4854">
     <span class='ocr_line' id='line_1_107' title="bbox 1995 4783 3564 4854; baseline -0.002 -11"><span class='ocrx_word' id='word_1_740' title='bbox 1995 4792 2124 4845; x_wconf 90' lang='lat' dir='ltr'><strong>olim</strong></span> <span class='ocrx_word' id='word_1_741' title='bbox 2158 4789 2392 4850; x_wconf 83' lang='lat' dir='ltr'><strong>Madian,</strong></span> <span class='ocrx_word' id='word_1_742' title='bbox 2424 4786 2609 4841; x_wconf 89' lang='lat' dir='ltr'><strong>Sisara</strong></span> <span class='ocrx_word' id='word_1_743' title='bbox 2639 4795 2692 4840; x_wconf 89' lang='lat' dir='ltr'><strong>et</strong></span> <span class='ocrx_word' id='word_1_744' title='bbox 2709 4784 2867 4838; x_wconf 75' lang='lat' dir='ltr'><strong>Jabin</strong></span> <span class='ocrx_word' id='word_1_745' title='bbox 2898 4784 3240 4854; x_wconf 78' lang='lat' dir='ltr'><strong>insurgentes</strong></span> <span class='ocrx_word' id='word_1_746' title='bbox 3268 4794 3454 4838; x_wconf 90' lang='lat' dir='ltr'><strong>contra</strong></span> <span class='ocrx_word' id='word_1_747' title='bbox 3483 4783 3564 4840; x_wconf 81' lang='lat' dir='ltr'><strong>ls-</strong></span> 
     </span>
    </p>
   </div>
   <div class='ocr_carea' id='block_1_108' title="bbox 1996 4874 3562 4950">
    <p class='ocr_par' dir='ltr' id='par_1_108' title="bbox 1996 4874 3562 4950">
     <span class='ocr_line' id='line_1_108' title="bbox 1996 4874 3562 4950; baseline -0.008 -12"><span class='ocrx_word' id='word_1_748' title='bbox 1996 4884 2194 4938; x_wconf 87' lang='lat' dir='ltr'><strong>raelem</strong></span> <span class='ocrx_word' id='word_1_749' title='bbox 2241 4882 2629 4950; x_wconf 86' lang='lat' dir='ltr'><strong>disperierunt,</strong></span> <span class='ocrx_word' id='word_1_750' title='bbox 2683 4878 2777 4932; x_wconf 87' lang='lat' dir='ltr'><strong>alii</strong></span> <span class='ocrx_word' id='word_1_751' title='bbox 2830 4878 2884 4930; x_wconf 91' lang='lat' dir='ltr'><strong>in</strong></span> <span class='ocrx_word' id='word_1_752' title='bbox 2938 4886 3179 4932; x_wconf 86' lang='lat' dir='ltr'><strong>torrente</strong></span> <span class='ocrx_word' id='word_1_753' title='bbox 3214 4876 3431 4939; x_wconf 87' lang='lat' dir='ltr'><strong>Cisson,</strong></span> <span class='ocrx_word' id='word_1_754' title='bbox 3470 4874 3562 4928; x_wconf 73' lang='lat' dir='ltr'><strong>alii</strong></span> 
     </span>
    </p>
   </div>
   <div class='ocr_carea' id='block_1_109' title="bbox 1998 4965 3561 5038">
    <p class='ocr_par' dir='ltr' id='par_1_109' title="bbox 1998 4965 3561 5038">
     <span class='ocr_line' id='line_1_109' title="bbox 1998 4965 3561 5038; baseline -0.007 -10"><span class='ocrx_word' id='word_1_755' title='bbox 1998 4975 2052 5028; x_wconf 91' lang='lat' dir='ltr'><strong>in</strong></span> <span class='ocrx_word' id='word_1_756' title='bbox 2083 4973 2304 5038; x_wconf 86' lang='lat' dir='ltr'><strong>Endor;</strong></span> <span class='ocrx_word' id='word_1_757' title='bbox 2336 4971 2526 5026; x_wconf 80' lang='lat' dir='ltr'><strong>eodem</strong></span> <span class='ocrx_word' id='word_1_758' title='bbox 2564 4971 2728 5024; x_wconf 76' lang='lat' dir='ltr'><strong>niodo</strong></span> <span class='ocrx_word' id='word_1_759' title='bbox 2774 4971 2867 5038; x_wconf 92' lang='lat' dir='ltr'><strong>qui</strong></span> <span class='ocrx_word' id='word_1_760' title='bbox 2931 4983 3057 5023; x_wconf 89' lang='lat' dir='ltr'><strong>cum</strong></span> <span class='ocrx_word' id='word_1_761' title='bbox 3101 4969 3274 5022; x_wconf 88' lang='lat' dir='ltr'><strong>Assur</strong></span> <span class='ocrx_word' id='word_1_762' title='bbox 3320 4982 3420 5020; x_wconf 87' lang='lat' dir='ltr'><strong>nos</strong></span> <span class='ocrx_word' id='word_1_763' title='bbox 3462 4965 3561 5018; x_wconf 87' lang='lat' dir='ltr'><strong>ad-</strong></span> 
     </span>
    </p>
   </div>
   <div class='ocr_carea' id='block_1_110' title="bbox 1997 5055 3564 5130">
    <p class='ocr_par' dir='ltr' id='par_1_110' title="bbox 1997 5055 3564 5130">
     <span class='ocr_line' id='line_1_110' title="bbox 1997 5055 3564 5130; baseline -0.007 -11"><span class='ocrx_word' id='word_1_764' title='bbox 1997 5066 2249 5120; x_wconf 91' lang='lat' dir='ltr'><strong>oriuntur</strong></span> <span class='ocrx_word' id='word_1_765' title='bbox 2278 5064 2495 5117; x_wconf 87' lang='lat' dir='ltr'><strong>easdem</strong></span> <span class='ocrx_word' id='word_1_766' title='bbox 2523 5075 2713 5130; x_wconf 76' lang='lat' dir='ltr'><strong>ptenas</strong></span> <span class='ocrx_word' id='word_1_767' title='bbox 2748 5061 2918 5115; x_wconf 89' lang='lat' dir='ltr'><strong>luant.</strong></span> <span class='ocrx_word' id='word_1_768' title='bbox 2960 5058 3143 5115; x_wconf 82' lang='lat' dir='ltr'><strong>Sisara</strong></span> <span class='ocrx_word' id='word_1_769' title='bbox 3161 5059 3272 5112; x_wconf 82' lang='lat' dir='ltr'><strong>dux</strong></span> <span class='ocrx_word' id='word_1_770' title='bbox 3291 5055 3564 5111; x_wconf 82' lang='lat' dir='ltr'><strong>exercitus</strong></span> 
     </span>
    </p>
   </div>
   <div class='ocr_carea' id='block_1_111' title="bbox 1998 5148 3564 5221">
    <p class='ocr_par' dir='ltr' id='par_1_111' title="bbox 1998 5148 3564 5221">
     <span class='ocr_line' id='line_1_111' title="bbox 1998 5148 3564 5221; baseline -0.007 -11"><span class='ocrx_word' id='word_1_771' title='bbox 1998 5169 2115 5210; x_wconf 80' lang='lat' dir='ltr'><strong>erat</strong></span> <span class='ocrx_word' id='word_1_772' title='bbox 2143 5173 2157 5221; x_wconf 93' lang='lat'>;</span> <span class='ocrx_word' id='word_1_773' title='bbox 2186 5154 2345 5210; x_wconf 87' lang='lat' dir='ltr'><strong>Jabin</strong></span> <span class='ocrx_word' id='word_1_774' title='bbox 2373 5164 2554 5210; x_wconf 90' lang='lat' dir='ltr'><strong>autem</strong></span> <span class='ocrx_word' id='word_1_775' title='bbox 2588 5169 2682 5207; x_wconf 85' lang='lat' dir='ltr'><strong>rex</strong></span> <span class='ocrx_word' id='word_1_776' title='bbox 2703 5152 2988 5207; x_wconf 80' lang='lat' dir='ltr'><strong>Chanaan.</strong></span> <span class='ocrx_word' id='word_1_777' title='bbox 3019 5151 3121 5216; x_wconf 85' lang='lat' dir='ltr'><strong>Qui</strong></span> <span class='ocrx_word' id='word_1_778' title='bbox 3152 5150 3204 5202; x_wconf 92' lang='lat' dir='ltr'><strong>in</strong></span> <span class='ocrx_word' id='word_1_779' title='bbox 3239 5148 3418 5216; x_wconf 81' lang='lat' dir='ltr'><strong>fugam</strong></span> <span class='ocrx_word' id='word_1_780' title='bbox 3448 5161 3564 5200; x_wconf 90' lang='lat' dir='ltr'><strong>ver-</strong></span> 
     </span>
    </p>
   </div>
   <div class='ocr_carea' id='block_1_112' title="bbox 2001 5237 3566 5311">
    <p class='ocr_par' dir='ltr' id='par_1_112' title="bbox 2001 5237 3566 5311">
     <span class='ocr_line' id='line_1_112' title="bbox 2001 5237 3566 5311; baseline -0.006 -9"><span class='ocrx_word' id='word_1_781' title='bbox 2001 5257 2188 5303; x_wconf 89' lang='lat' dir='ltr'><strong>tuntur</strong></span> <span class='ocrx_word' id='word_1_782' title='bbox 2251 5248 2306 5301; x_wconf 91' lang='lat' dir='ltr'><strong>in</strong></span> <span class='ocrx_word' id='word_1_783' title='bbox 2361 5255 2600 5302; x_wconf 88' lang='lat' dir='ltr'><strong>torrente</strong></span> <span class='ocrx_word' id='word_1_784' title='bbox 2643 5244 2862 5308; x_wconf 89' lang='lat' dir='ltr'><strong>Cisson,</strong></span> <span class='ocrx_word' id='word_1_785' title='bbox 2915 5244 2982 5298; x_wconf 88' lang='lat' dir='ltr'><strong>de</strong></span> <span class='ocrx_word' id='word_1_786' title='bbox 3040 5256 3147 5311; x_wconf 91' lang='lat' dir='ltr'><strong>qua</strong></span> <span class='ocrx_word' id='word_1_787' title='bbox 3203 5254 3262 5292; x_wconf 84' lang='lat' dir='ltr'><strong>re</strong></span> <span class='ocrx_word' id='word_1_788' title='bbox 3314 5238 3368 5291; x_wconf 92' lang='lat' dir='ltr'><strong>in</strong></span> <span class='ocrx_word' id='word_1_789' title='bbox 3425 5237 3566 5294; x_wconf 87' lang='lat' dir='ltr'><strong>libro</strong></span> 
     </span>
    </p>
   </div>
   <div class='ocr_carea' id='block_1_113' title="bbox 1995 5328 3570 5413">
    <p class='ocr_par' dir='ltr' id='par_1_113' title="bbox 1995 5328 3570 5413">
     <span class='ocr_line' id='line_1_113' title="bbox 1995 5328 3570 5413; baseline -0.004 -18"><span class='ocrx_word' id='word_1_790' title='bbox 1995 5341 2268 5406; x_wconf 78' lang='lat' dir='ltr'><strong>Judicunt,</strong></span> <span class='ocrx_word' id='word_1_791' title='bbox 2303 5337 2485 5413; x_wconf 61' lang='lat' dir='ltr'><strong>{manu</strong></span> <span class='ocrx_word' id='word_1_792' title='bbox 2536 5339 2708 5394; x_wconf 80' lang='lat' dir='ltr'><strong>Barac</strong></span> <span class='ocrx_word' id='word_1_793' title='bbox 2736 5344 2790 5394; x_wconf 87' lang='lat' dir='ltr'><strong>et</strong></span> <span class='ocrx_word' id='word_1_794' title='bbox 2841 5336 3061 5392; x_wconf 70' lang='lat' dir='ltr'><strong>Debora:</strong></span> <span class='ocrx_word' id='word_1_795' title='bbox 3114 5330 3358 5387; x_wconf 83' lang='lat' dir='ltr'><strong>mulieris</strong></span> <span class='ocrx_word' id='word_1_796' title='bbox 3389 5328 3570 5389; x_wconf 69' lang='lat' dir='ltr'><strong>Israe-</strong></span> 
     </span>
    </p>
   </div>
   <div class='ocr_carea' id='block_1_114' title="bbox 1998 5435 2159 5493">
    <p class='ocr_par' dir='ltr' id='par_1_114' title="bbox 1998 5435 2159 5493">
     <span class='ocr_line' id='line_1_114' title="bbox 1998 5435 2159 5493; baseline -0.019 -2"><span class='ocrx_word' id='word_1_797' title='bbox 1998 5439 2104 5493; x_wconf 66' lang='lat' dir='ltr'><strong>lita:</strong></span> <span class='ocrx_word' id='word_1_798' title='bbox 2125 5435 2159 5488; x_wconf 76' lang='grc'>⁸.</span> 
     </span>
    </p>
   </div>
  </div>
