3976 6220
323 209 427 264 1'67

394 323 480 378 ll.
516 321 873 391 Disperierunt
903 320 958 373 irt
979 319 1185 375 Endor.
1222 319 1277 374 ln
1312 319 1584 375 indecenti
1613 320 1752 375 loco.
1786 320 1884 373 En-
1921 325 1963 380 Α

321 417 421 469 dor
470 414 618 469 enim
681 413 1031 467 iudecentiam
1107 412 1402 484 signiﬁcat.
1448 412 1607 466 Facti
1650 422 1775 465 sunt
1832 422 1890 465 ut

319 516 521 558 stercus
552 514 724 558 terra).
747 503 1008 574 lnsepulti
1031 504 1175 558 enim
1197 505 1439 572 jacentes
1466 504 1714 560 dissoluti
1738 511 1888 568 sunt,

318 603 375 650 et
401 596 558 665 quasi
591 604 823 659 stercus,
861 603 1021 649 terrae
1054 595 1297 649 admisti.

393 688 481 742 19..
520 687 662 741 Pone
691 688 950 757 principes
976 703 1158 740 eorum
1186 688 1324 740 sicut
1354 684 1512 740 Oreb.
1558 684 1718 739 Paria
1759 685 1888 739 ldus

323 781 497 848 matis,
525 780 832 844 lsmaelitis,
863 780 1136 844 Moabitis,
1179 781 1443 850 Agarenis
1484 792 1537 835 et
1572 780 1886 834 memoratis

321 888 511 927 eorum
540 874 703 928 sociis
729 873 960 927 immitte
991 877 1133 926 mala
1170 874 1223 925 in
1271 872 1415 927 Oreb
1444 881 1499 926 et
1536 873 1590 925 in
1625 872 1884 941 reliquos.

322 966 594 1036 lpsienim
622 967 750 1021 mali
784 967 922 1021 male
954 966 1252 1036 perierunt.

395 1145 576 1200 14-16.
610 1145 748 1199 Deus
774 1160 940 1211 meus,
969 1159 1099 1212 pone
1125 1143 1242 1196 illos
1276 1153 1333 1197 ut
1366 1152 1557 1198 rotam.
1590 1142 1648 1197 Id
1686 1152 1789 1205 est,
1817 1157 1885 1197 ne

316 1250 575 1293 maneant
615 1238 668 1291 in
701 1238 893 1293 eodem
926 1247 1095 1298 statu,
1134 1236 1229 1291 sed
1257 1237 1311 1290 in
1340 1235 1675 1291 contrarium
1707 1235 1885 1288 revol-

317 1339 532 1383 vantur.
574 1327 722 1383 Sicut
775 1326 1027 1396 stipulam
1074 1338 1198 1381 ante
1246 1328 1436 1396 faciem
1490 1327 1650 1392 venti,
1703 1326 1754 1379 id
1803 1334 1888 1380 est

1135 208 1191 261 3.
1224 205 1599 261 ATHANASII
1638 204 1790 265 OPP.
1832 204 2013 261 PARS
2050 202 2137 258 ιιι.
2176 233 2245 246 --
2281 204 2692 260 ΕΧΕΟΕΤΙΟΑ.

3459 215 3565 266 568

2074 316 2637 385 Ἐξωλοθρεύθησαν
2650 318 2720 371 ἐν
2736 316 2999 386 Ἀενδώρ.
3034 319 3119 373 Ἑν
3140 321 3369 393 ἀσχήμῳ
3390 322 3560 393 τόπῳ.

2003 409 2231 483 Ἀενδὼρ
2285 410 2395 483 γὰρ
2467 411 2739 483 ἀπρέπεια
2796 411 3070 482 δηλοῦται.
3150 414 3565 485 Ἐγενήθησαν

1989 499 2133 554 ὡσεὶ
2160 482 2382 569 κόπρος
2408 499 2485 570 τῇ
2512 499 2607 571 τῇ.
2649 503 2879 570 Ἀταφοι
2924 503 3034 576 γὰρ
3089 482 3357 574 μένοντες
3388 482 3560 559 διελύί

1991 591 2178 662 θησαν,
2203 595 2304 646 καὶ
2325 588 2435 646 οἷόν
2462 610 2547 657 τις
2580 595 2785 665 κόπρος
2810 596 2876 666 τῇ
2898 600 2967 667 γῇ
2998 598 3382 667 συνεμίγησαν.

2058 685 2174 739 Θοῦ
2206 684 2350 751 τοὺς
2404 685 2702 754 ἄρχοντας
2731 686 2928 741 αὐτῶν
2966 689 3046 754 ὠς
3079 689 3185 741 τὸν
3215 688 3407 758 Ὦρήό.
3438 686 3563 744 Τῶν

2001 777 2310 848 Ἰδουμαίων
2329 779 2424 832 καὶ
2453 780 2808 850 Ἰσμαηλιτῶν
2835 783 2930 835 καὶ
2959 782 3263 837 Μωαϐιτῶν
3290 784 3383 837 καὶ
3401 786 3564 853 Ἀγαο

1989 868 2164 941 ρηνῶν
2197 869 2426 924 καὶτῶν
2470 870 2816 942 δηλωθέντων
2857 874 3088 944 ἑταίρων
3138 875 3207 928 τὰ
3243 874 3331 927 ἴσα
3370 874 3562 928 παθεῖν

1987 960 2406 1031 παρασκεύασον
2425 960 2505 1033 τῷ
2543 962 2697 1034 Ὡρὲϐ
2740 965 2973 1027 καὶτοῖς
3025 965 3251 1036 ἑτέροις.
3308 959 3470 1019 Οὗτοι
3503 967 3562 1020 δὲ

1986 1054 2080 1106 καὶ
2109 1053 2269 1106 κακοὶ
2297 1053 2487 1117 κακῶς
2515 1055 2877 1110 ἀπολώλασιν.

1983 1143 2020 1212 εὲ
2064 1141 2118 1195 '0
2144 1145 2287 1210 Θεός
2312 1162 2448 1209 μου,
2484 1144 2591 1199 θοῦ
2623 1145 2845 1212 αὐτοὺς
2875 1147 2956 1211 ὡς
2987 1148 3224 1216 τροχόν.
3273 1146 3560 1212 Τουτέστι,

1984 1233 2074 1304 Μὴ
2105 1234 2338 1305 μείνοιεν
2384 1236 2441 1288 ὲν
2473 1238 2539 1306 τῇ
2571 1234 2708 1306 αὐτῇ
2759 1235 2985 1297 στάσει,
3016 1235 3152 1290 ἀλλὰ
3186 1236 3563 1290 κυλιὲσθωσαν

1984 1324 2064 1387 εἰς
2096 1323 2419 1396 τοῦμπαλιν.
2468 1326 2560 1392 Ὠς
2588 1325 2863 1397 καλάμην
2883 1327 3032 1380 κατὰ
3069 1330 3393 1398 πρόσωπον
3424 1329 3561 1382 ἀγέ-
3620 1392 3631 1398 _

314 1425 601 1479 versatiles
628 1423 775 1487 ﬁent,
817 1431 878 1475 ut
919 1431 1005 1477 est
1040 1437 1222 1475 revera
1267 1421 1467 1491 stipula
1502 1420 1688 1489 spicas.
1734 1419 1885 1474 Sicut

1985 1433 2116 1484 μου.
2147 1417 2434 1471 Τουτέστιν
2479 1418 2781 1490 εὐρίπιστοι
2813 1423 3172 1492 γενήσονται,
3201 1419 3389 1491 ὥσπερ
3422 1420 3560 1490 ἁμέ-

315 1518 451 1588 ignis
498 1518 591 1587 qui
639 1517 898 1571 comburit
944 1515 1152 1570 silvam.
1199 1514 1496 1579 Fruantur,
1534 1512 1733 1584 inquit,
1761 1514 1884 1583 igne

313 1624 475 1678 quem
509 1610 610 1678 ipsi
642 1610 1028 1672 accenderunt,
1074 1618 1238 1679 atque
1266 1608 1382 1677 ipse
1436 1606 1579 1677 ignis
1605 1620 1701 1661 eos
1750 1620 1879 1660 con-

314 1709 517 1763 sumat,
546 1701 691 1755 sicut
728 1710 782 1755 et
830 1699 1103 1755 sensibilis
1152 1700 1295 1769 ignis
1343 1698 1616 1753 comburit
1666 1697 1881 1752 silvam.

315 1795 504 1850 Simiie
534 1804 618 1849 est
644 1804 824 1849 autem
857 1795 985 1849 huic
1014 1796 1199 1850 dic30:
1229 1794 1362 1848 Ecce
1393 1811 1479 1848 vos
1504 1810 1680 1847 omnes
1711 1795 1884 1863 ignem

312 1889 621 1953 accenditis,
667 1889 799 1941 eatis
856 1889 924 1941 ad
968 1887 1142 1942 lumen
1175 1888 1310 1957 ignis
1352 1889 1533 1950 vestri,
1567 1898 1614 1940 et
1652 1887 1885 1956 flamma:

311 1997 470 2050 quant
495 1981 808 2035 accendistis
830 1981 872 2034 ⁷.
900 1978 1049 2034 Sicut
1084 1981 1301 2049 ﬂamma
1326 1980 1630 2033 comburens
1659 1989 1879 2033 montes.

312 2074 665 2128 Paraliolicus
714 2082 798 2128 est
846 2088 1050 2127 sermo.
1106 2072 1612 2139 Quemadmodum,
1657 2072 1879 2140 inquit,

315 2165 458 2235 ignis
491 2164 746 2242 decidens
780 2165 1055 2219 comburit
1085 2176 1297 2219 montes
1322 2206 1335 2230 ,
1369 2165 1444 2218 ita
1490 2164 1883 2219 comburentur

312 2259 389 2312 illi
427 2274 523 2328 per
548 2258 872 2328 supplicium
909 2273 939 2312 a
989 2265 1040 2310 te
1072 2257 1357 2319 intlictum,
1406 2257 1552 2327 quod
1596 2256 1666 2310 ob
1717 2257 1884 2311 velte-

312 2351 574 2407 mentiam
599 2360 653 2407 et
685 2351 1008 2422 gravitatem
1042 2350 1347 2419 tempestati
1372 2349 1728 2419 comparavit.

385 2505 471 2560 i7.
509 2503 678 2574 Imple
735 2503 897 2572 facies
954 2517 1132 2557 eorum
1170 2502 1481 2572 ignominia.
1529 2500 1688 2569 Lapsi
1733 2501 1877 2555 enim

311 2597 515 2667 optatis
542 2598 680 2663 suis,
706 2604 760 2650 et
786 2595 995 2664 pudore
1022 2593 1234 2663 repleti,
1265 2601 1565 2663 agnoscent
1604 2602 1753 2648 tuam
1783 2607 1880 2663 po-

311 2697 583 2745 testatem.
615 2687 685 2742 Et
713 2695 949 2757 quaerent
981 2701 1166 2739 nomen
1208 2694 1377 2751 tuum,
1420 2683 1664 2738 Domine.
1697 2684 1749 2738 Id
1779 2683 1876 2748 ait,

310 2783 438 2851 quia
462 2795 530 2835 ex
557 2780 698 2834 datis
738 2778 915 2847 pmnis
950 2777 1239 2831 utilitatem
1283 2776 1591 2846 percepturi
1633 2784 1780 2830 sunt.
1810 2773 1878 2827 ll-

307 2872 424 2937 lud,
456 2880 713 2942 quaerent,
746 2869 984 2940 positum
1013 2876 1096 2923 est
1125 2882 1245 2937 pro,
1278 2875 1628 2938 cognoscent.

487 3047 534 3101 ι.
574 3045 638 3099 1η
672 3046 849 3115 ﬁnem,
878 3060 972 3112 pro
1000 3042 1375 3107 torcularibus,
1400 3043 1528 3112 ﬁliis
1552 3043 1730 3109 Core,

755 3134 1092 3192 PSALMUS
1120 3134 1453 3191 LXXXIII.

883 3230 1278 3297 Argumentum.

306 3320 545 3376 Rursum
578 3334 678 3389 pro
710 3317 966 3373 Ecclesiis
998 3319 1051 3371 in
1083 3318 1187 3371 hoc
1234 3317 1445 3388 psalmo
1496 3318 1661 3372 verba
1713 3315 1871 3377 facit.

377 3421 432 3464 et
481 3409 659 3479 palam
691 3416 776 3461 est
805 3421 869 3460 ex
918 3421 985 3459 eo
1033 3407 1180 3475 quod
1225 3420 1327 3475 pro
1374 3405 1737 3462 torcularibus
1787 3405 1874 3457 in-

379 3503 672 3557 scribatur.

378 3597 432 3662 2,
465 3597 517 3650 5.
554 3594 726 3660 Quam
759 3593 953 3646 dilecta
984 3591 1327 3645 tabernacula
1366 3601 1478 3653 tua,
1507 3589 1728 3643 Domine
1768 3590 1875 3643 vir-

307 3698 497 3741 tutum.
543 3684 920 3740 Tabernacula
965 3684 1100 3738 dicit
1159 3691 1379 3738 sanctas
1427 3683 1687 3738 ecclesias
1741 3681 1873 3746 Dei,

308 3796 403 3850 per
427 3779 641 3833 diversa
671 3778 789 3831 loca
816 3785 1181 3838 constructas,
1210 3790 1337 3845 erga
1371 3790 1508 3845 quas
1557 3775 1739 3830 studio
1768 3774 1874 3828 ler—

305 3884 395 3927 tur
422 3870 671 3941 religiosa
704 3870 905 3923 anima.
936 3869 1041 3923 Cor
1068 3885 1238 3922 meum
1260 3879 1308 3921 et
1335 3884 1457 3920 caro
1493 3884 1605 3921 mea
1632 3866 1891 3920 exsulta-‘

303 3974 486 4019 verunt
508 3964 562 4017 in
597 3962 764 4017 Deum
795 3963 987 4017 vivum.
1024 3961 1255 4016 Perinde
1303 3969 1384 4015 est
1435 3975 1501 4015 ac
1544 3959 1590 4015 si
1627 3960 1868 4015 diceret:

302 4056 369 4111 Et
401 4071 628 4126 corpore
656 4063 709 4110 et
736 4055 918 4109 anima
953 4068 1040 4107 me
1068 4053 1240 4107 obtuli
1281 4053 1347 4106 ad
1376 4050 1722 4106 serviendum
1761 4049 1872 4105 Deo

300 4149 503 4203 viventi
544 4158 597 4203 et
626 4164 754 4202 vero
778 4147 819 4200 ⁸.
851 4145 981 4201 Illud
1008 4153 1213 4211 autem,
1241 4142 1350 4198 Deo
1385 4143 1610 4207 viventi,
1652 4143 1718 4197 ad
1758 4142 1872 4198 dis-

301 4240 509 4294 crimen
540 4239 810 4292 idolorum
841 4238 1047 4291 dictum
1075 4245 1158 4291 est
1184 4277 1200 4302 ,
1248 4251 1372 4304 qua:
1405 4245 1623 4289 mortua
1661 4243 1790 4289 sunt
1818 4245 1871 4288 et

300 4346 364 4383 ex
401 4329 626 4383 materia
659 4342 820 4382 sensu
855 4334 1074 4382 carente
1113 4324 1428 4381 fabrefacta.

372 4506 425 4559 4.
477 4504 685 4559 Etenim
722 4520 902 4573 passer
937 4503 1134 4557 invenit
1181 4503 1281 4556 sibi
1332 4502 1571 4567 domum,
1600 4512 1650 4556 et
1693 4512 1871 4554 turtur

297 4597 484 4652 nidum
511 4597 614 4650 sibi
645 4595 734 4649 ubi
765 4605 926 4665 portat
968 4596 1139 4663 pullos
1183 4611 1326 4649 suos.
1372 4596 1587 4649 Altaria
1619 4604 1734 4657 tua,
1762 4592 1870 4645 Do-

299 4692 458 4745 mine.
495 4689 689 4745 Passer
725 4689 1007 4743 hominum
1042 4690 1281 4744 animam
1314 4689 1623 4755 adumbrat,
1657 4687 1745 4742 cui
1776 4701 1867 4738 vc-

299 4783 482 4837 uando
517 4781 804 4835 insidiatur
831 4781 1130 4850 spiritualis
1162 4792 1406 4844 venator,
1436 4780 1593 4849 juxta
1625 4777 1678 4830 id
1717 4776 1862 4845 quod

295 4876 498 4930 dictum
522 4882 641 4929 est:
681 4874 873 4927 Anima
903 4884 1084 4927 nostra
1117 4875 1251 4927 sicut
1282 4887 1466 4941 passer
1494 4880 1674 4939 erepta
1695 4877 1772 4922 est
1801 4869 1866 4921 de

297 4966 480 5035 laqueo
504 4964 801 5018 venantium
822 4964 864 5016 ’.
900 4962 1191 5017 Turturem
1227 4974 1407 5016 autem
1436 4972 1594 5014 vocat
1623 4959 1860 5013 animum

296 5075 419 5128 qua;
442 5061 497 5113 in
530 5058 779 5114 castitate
799 5068 853 5111 et
879 5056 1236 5126 temperantia
1267 5062 1536 5109 versatur.
1565 5054 1654 5106 Ait
1700 5051 1865 5122 igitur

295 5162 511 5202 omnem
560 5148 796 5202 animam
847 5146 952 5199 hoc
999 5147 1342 5199 inventuram
1395 5141 1727 5212 perfugium,
1780 5141 1863 5193 in-

296 5254 536 5307 gressum
572 5240 782 5294 scilicet
809 5239 863 5292 in
896 5238 1112 5292 altaria.

368 5605 391 5640 ⁷
417 5605 523 5660 lsa.
560 5623 611 5674 ι,
632 5611 755 5681 νιιέζ
792 5614 813 5644 ⁸
838 5612 997 5668 Hebr.
1023 5630 1098 5678 ιλ,
1132 5613 1217 5667 ll.
1251 5615 1271 5644 ⁹
1292 5614 1435 5669 Psal.
1464 5629 1658 5682 cuin,
1690 5615 1740 5668 7.

1982 1510 2064 1564 λει
2086 1511 2178 1564 καὶ
2206 1512 2238 1581 ἡ
2266 1510 2484 1583 καλάμη
2521 1511 2614 1565 τοῦ
2644 1513 2892 1583 στάχυος.
2937 1511 3094 1566 Ὠσεὶ
3115 1502 3232 1581 ὲτῦρ
3251 1511 3282 1565 ὃ
3311 1512 3561 1583 διαφλέ-

1984 1601 2073 1667 ξει
2093 1600 2338 1671 δρυμόν.
2379 1601 2844 1669 Ἀπολαυέτωσαν,
2871 1603 3025 1674 φησὶ,
3049 1602 3143 1656 τοῦ
3174 1602 3345 1673 πυρὸς
3382 1602 3411 1655 ὃ
3456 1604 3549 1658 αὐ-

1982 1695 2065 1747 τοὶ
2089 1693 2407 1758 ἐξέκαυσαν,
2434 1695 2527 1747 καὶ
2554 1694 2685 1747 αὐτὸ
2715 1693 2776 1748 τὺ
2800 1694 2911 1767 πῦρ
2934 1696 3129 1759 αὐτοὺς
3156 1695 3559 1765 καταφάγεται,

1984 1783 2291 1855 ὡσπερανεὶ
2325 1785 2420 1836 καὶ
2472 1783 2726 1857 αἰσθητὸν
2785 1784 2896 1856 πῦρ
2953 1785 3265 1854 καταφάγει
3328 1784 3555 1857 δρυμόν.

1984 1877 2207 1948 Ὅμοιον
2254 1876 2309 1928 δὲ
2333 1875 2445 1947 τῷο
2482 1875 2632 1930 Ἰδοὺ
2687 1875 2910 1943 πάντες
2956 1876 3129 1946 ὑμεῖς
3176 1876 3295 1944 πῦρ
3338 1877 3556 1937 παίετε,

1983 1969 2308 2036 πορεύεσθε
2333 1967 2413 2033 τῷ
2433 1967 2577 2036 φωτὶ
2601 1967 2707 2021 τοῦ
2724 1968 2911 2035 πυρὸς
2935 1966 3120 2037 ὑμῶν,
3148 1968 3246 2021 καὶ
3282 1966 3360 2036 τῇ
3378 1968 3558 2037 φλογὶ

1980 2054 2020 2130 ᾖ
2041 2059 2422 2123 ὲξεκαύσατε.
2462 2058 2618 2112 Ὡσεὶ
2641 2058 2802 2127 φλὸξ
2823 2060 3197 2114 κατακαῦσαι
3217 2059 3344 2128 ὅρη.
3371 2062 3559 2130 Παρα-

1982 2149 2193 2213 ϐολικὺς
2225 2150 2253 2201 ὁ
2296 2149 2471 2218 λόγος,
2518 2151 2730 2223 Ὥσπερ
2770 2151 2882 2221 πῦρ
2911 2152 3172 2222 ἐμπεσὸν,
3218 2153 3372 2223 φησὶ,
3407 2152 3554 2205 καίει

1979 2240 2102 2312 ὅρη,
2132 2240 2274 2294 οὕτω
2326 2241 2827 2314 κατακαυθήσονται
2870 2242 2974 2295 ὑπὸ
3003 2243 3102 2313 τῆς
3133 2242 3284 2316 παρὰ
3331 2240 3423 2296 σοῦ
3457 2245 3558 2295 ὲπ-

1983 2330 2422 2403 ενεχθησομένης
2447 2333 2627 2396 αὺτοῖς
2646 2333 2932 2406 τιμωρίας,
2951 2335 3139 2405 ἥντινα
3164 2335 3258 2388 καὶ
3286 2335 3554 2405 καταιγίδι

1980 2424 2253 2496 παρέϐαλε
2276 2423 2363 2478 διὰ
2390 2424 2450 2477 τὸ
2482 2426 2708 2496 σφοδρὸν
2743 2427 2833 2479 καὶ
2858 2426 3267 2498 ἐπιτεταμένον.

2044 2514 2378 2583 Πλήρωσον
2409 2516 2480 2570 τὰ
2503 2519 2793 2585 πρόσωπα
2810 2517 3009 2571 αὐτῶν
3027 2519 3283 2588 ἀτιμίας.
3306 2521 3550 2591 Διαμαρ-

1976 2606 2162 2670 τόντες
2196 2606 2305 2678 γὰρ
2335 2601 2408 2660 ὧν
2432 2607 2745 2679 βούλονται,
2794 2608 2886 2662 καὶ
2917 2609 3178 2681 αἰσχύνης
3210 2610 3550 2681 ἐμπλησθὲν-ν

1976 2716 2086 2762 τες,
2112 2697 2503 2768 ὲπιγνώσονταί
2533 2716 2626 2753 σου
2654 2699 2752 2770 τὴν
2790 2699 3037 2771 δύναμιν.
3080 2701 3189 2756 Kal
3220 2699 3548 2770 ζητήσουσι

1975 2790 2042 2844 τὸ
2070 2788 2254 2859 ὄνομά
2275 2805 2414 2856 σου,
2440 2791 2636 2859 Κύριε.
2674 2790 2842 2844 Τοῦτο
2864 2792 3033 2861 λέγει,
3065 2792 3139 2856 ὡς
3182 2791 3331 2845 ἔσται
3363 2793 3550 2856 αὐτοῖς

1980 2885 2046 2936 ὲκ
2071 2883 2181 2938 τῶν
2202 2885 2480 2957 τιμωριῶν
2504 2885 2754 2955 ὠφέλεια.
2770 2885 2861 2951 Τὸ,
2889 2884 3274 2955 ζητήσουσιν,
3291 2885 3410 2940 ἀντὶ
3427 2886 3550 2949 τοῦ,

1976 2973 2295 3041 γνώσονται.

2009 3064 2114 3128 Εὶς
2144 3065 2210 3117 τὸ
2238 3066 2410 3132 τέλος
2437 3064 2589 3133 ὑπὲρ
2616 3065 2736 3119 τῶν
2756 3065 2960 3132 ληνῶν
2996 3066 3122 3132 τοῖς
3158 3066 3310 3133 υἱοῖς
3338 3065 3508 3135 Κορὲ,

2524 3139 2830 3191 ΨΑΛΜΟΣ
2864 3139 3002 3191 III".

2591 3227 2909 3293 Ὺπόθεσις.

1976 3311 2143 3365 Πάλιν
2163 3312 2301 3386 ὑπὲρ
2331 3312 2440 3366 τῶν
2484 3314 2812 3385 Ἐκκλησιῶν
2839 3316 2931 3370 καὶ
2969 3318 3024 3368 ὲν
3056 3316 3228 3388 τούτῳ
3242 3317 3320 3389 τῷ
3347 3316 3552 3390 ψαλμῷ

2046 3407 2276 3457 ποιεῖται
2299 3405 2388 3457 τὸν
2414 3405 2592 3475 λόγον,
2627 3407 2720 3460 καὶ
2746 3407 2901 3479 δῆλον
2936 3410 2999 3461 ἐκ
3027 3408 3120 3461 τοῦ
3144 3410 3286 3480 ὑπὲρ
3315 3408 3423 3463 τῶν
3448 3409 3548 3480 λη-

2047 3493 2152 3547 νῶν
2178 3495 2337 3549 αὐτὸν
2367 3496 2796 3566 ἐπιγεγράφθαι.

2055 3590 2148 3656 Ὡς
2162 3591 2447 3661 ,ἀγαπητὰ
2472 3592 2543 3645 τὰ
2561 3591 2926 3661 σκηνώματά
2949 3607 3086 3659 σου,
3105 3593 3282 3660 Κύριε
3304 3590 3423 3645 τῶν
3447 3592 3546 3648 δυ·

1973 3683 2242 3751 νάμεων]
2266 3683 2605 3755 Σκηνώματὰ
2632 3687 2769 3755 φησι
2787 3686 2884 3749 τὰς
2918 3684 3058 3739 κατὰ
3082 3685 3248 3738 τόπον
3280 3684 3543 3757 ίδρυνθεί-

1975 3793 2073 3840 σας
2093 3776 2255 3844 ἁγίας
2287 3775 2579 3841 ἐκκλησίας
2598 3775 2691 3828 τοῦ
2725 3775 2882 3843 Θεοῦ,
2922 3778 3002 3840 εἰς
3031 3778 3099 3839 ἃς
3127 3778 3222 3830 καὶ
3245 3779 3393 3830 πᾶσα
3425 3776 3548 3831 θεο-

1974 3868 2131 3940 φιλὴς
2179 3868 2561 3933 ὲπισπουδάζει
2610 3867 2775 3939 ψυχή.
2838 3869 2901 3924 Ἡ
2943 3868 3154 3936 καρδία
3202 3886 3321 3938 μου
3353 3870 3451 3923 καὶ
3497 3869 3539 3939 ἠ

1973 3961 2129 4031 σάρξ
2151 3979 2269 4031 μου
2286 3960 2736 4032 ὴγαλλιάσαντο
2764 3962 2852 4027 εἰς
2883 3960 3032 4014 Θεὸν
3068 3959 3269 4021 ζῶντα.
3315 3962 3541 4033 Ὅμοιον

1971 4054 2102 4107 ὡσεὶ
2148 4052 2292 4122 λέγοι
2315 4068 2330 4084 ’
2381 4054 2490 4106 Καὶ
2532 4052 2611 4121 τῷ
2651 4051 2863 4123 σώματι
2894 4053 2988 4106 καὶ
3026 4051 3170 4122 ψυχῇ
3220 4052 3542 4123 παρέστησα

1972 4142 2206 4212 ἐμαυτὸν
2233 4144 2313 4205 εἰς
2344 4142 2406 4194 τὸ
2422 4141 2695 4195 δουλεύειν
2728 4141 2845 4213 Θεῷ
2871 4141 3033 4205 ζῶντι
3061 4142 3155 4195 καὶ
3174 4141 3431 4213 ἀληθινῷ.
3465 4143 3542 4195 Τὸ

1971 4234 2047 4299 δὲ,
2081 4234 2199 4306 Θεῷ
2229 4234 2410 4298 ζῶντι,
2441 4235 2578 4305 πρὸς
2608 4234 3013 4306 ἀντιδιαστολὴν
3059 4234 3167 4288 τῶν
3194 4233 3428 4288 εἰδώλων
3460 4236 3540 4287 εί-

1902 4349 1946 4405 ι)
1975 4343 2134 4397 ρηται
2159 4345 2170 4355 ·
2204 4326 2298 4380 ἅτε
2330 4324 2538 4397 νεκρῶν
2561 4325 2727 4380 ὄντων
2757 4326 2998 4390 ἐκείνων,
3028 4326 3123 4380 καὶ
3147 4324 3208 4391 ἐξ
3241 4325 3372 4398 ὕλης
3403 4326 3543 4396 ἀψύ-

1947 4418 2071 4484 ’χου
2098 4416 2492 4485 τυγχανόντων.

2044 4506 2151 4560 Kal
2170 4508 2279 4575 γὰρ
2302 4507 2621 4575 στρουθίον
2645 4504 2823 4576 εὗρεν
2848 4507 3037 4573 ἐαυτῷ
3051 4508 3263 4573 οὶκίαν,
3290 4507 3387 4561 καὶ
3406 4525 3542 4577 τρυ-

1975 4595 2095 4664 γὼν
2120 4597 2384 4650 νοσσιὰν
2418 4595 2625 4665 ἑαυτῇ,
2653 4593 2724 4653 οὗ
2756 4597 2929 4665 θήσει
2958 4598 3030 4652 τὰ
3056 4597 3279 4660 νοσσία
3297 4595 3534 4664 ἑαυτῆς.

1974 4668 2045 4742 tit
2090 4688 2489 4759 θυσιαστήριά
2545 4704 2661 4744 σου
2686 4730 2701 4754 ,
2742 4691 2936 4758 Κύριε.
2974 4689 3260 4761 Στρουθίαν
3295 4690 3392 4760 μὲν
3436 4690 3538 4761 τὴν

1968 4781 2077 4834 τῶν
2108 4780 2408 4853 ἀνθρώπων
2433 4781 2721 4835 αἰνίττεται
2738 4781 2938 4852 ψυχὴν,
2967 4782 3063 4852 τὴν
3098 4783 3201 4836 ὑπὸ
3221 4781 3314 4836 τοῦ
3342 4781 3535 4850 νοητοῦ

1971 4872 2233 4944 Θηρευτοῦ
2262 4873 2655 4944 ἀγρευομένην,
2680 4873 2821 4927 κατὰ
2839 4873 2900 4927 τὸ
2919 4874 3206 4945 εἰρημένον
3224 4891 3236 4902 ·
3283 4875 3343 4928 Ἠ
3363 4873 3534 4943 ψυχὴ

1968 4961 2138 5031 ἡμῶν
2161 4963 2240 5028 ὡς
2266 4962 2587 5031 στρουθίον
2611 4963 2871 5031 ἐρῤύσθη
2902 4965 2970 5017 ἐκ
3002 4962 3111 5031 τῆς
3138 4962 3388 5033 παγίδος
3418 4963 3539 5016 τῶν

1969 5054 2340 5121 θηρευόντων
2358 5071 2371 5082 ·
2395 5053 2631 5124 τρυγόνα
2657 5053 2714 5105 δὲ
2738 5054 2837 5125 τὴν
2871 5056 2927 5107 ὲν
2956 5055 3146 5125 ἁγνείᾳ
3186 5056 3278 5109 καὶ
3324 5071 3534 5125 σωφρο-

1973 5144 2103 5215 σύνῃ
2158 5142 2405 5208 συζῶσαν
2456 5144 2655 5216 ψυχήν.
2711 5146 2873 5213 Λέγει
2927 5142 3040 5212 οὖν,
3079 5148 3160 5200 ὅτι
3214 5148 3362 5200 πᾶσα
3389 5145 3535 5216 ψυχὴ

1968 5234 2170 5305 ταύτην
2202 5237 2423 5307 εὑρήσει
2456 5236 2793 5307 καταφυγὴν,
2831 5238 2929 5309 τὴν
2954 5241 3033 5303 εἰς
3070 5239 3138 5293 τὰ
3177 5239 3536 5305 Θυσιαστήρςα

1970 5328 2201 5381 εἴσοδονω
