3976 6220
350 441 457 498 569

1360 449 1731 508 EXPOSITIO
1770 452 1835 507 IN
1879 454 2213 515 PSALMUM
2254 458 2544 521 LXXXIV.

3516 475 3619 531 570

427 559 716 626 Μακάριοι
741 563 795 614 οι
830 562 1249 630 κατοικοῦντες
1276 564 1346 618 ἐν
1384 566 1465 634 τῷ
1511 567 1654 634 οἴκῳ
1682 586 1798 625 σου
1819 587 1832 600 ·
1867 573 1920 643 τᾷ

2119 578 2170 630 5.
2204 576 2360 634 Beati
2400 582 2489 651 qui
2532 581 2776 637 habitant
2821 583 2874 637 in
2906 583 3064 639 domo
3094 595 3205 644 tua.
3238 588 3506 645 suirituali
3541 595 3621 647 vi-

357 650 663 721 ἐπουρανίῳ
692 649 956 721 δηλονότι.

427 739 726 809 Μακάριος
776 746 810 798 ὁ
850 743 1008 814 ἀνὴρ
1057 741 1131 802 οὗ
1179 745 1352 802 ἐστιν
1411 751 1737 821 ἀντίληψις
1779 753 1940 819 αὐτῷ

358 836 512 906 παρὰ
564 838 702 891 σοί·
739 838 1064 908 ἀναϐάσεις
1109 842 1180 896 ἐν
1223 841 1300 913 τῇ
1343 845 1557 915 καρδίᾳ
1608 850 1797 903 αὐτοῦ
1851 850 1939 903 δι-

362 928 552 985 έθετο.
612 929 698 995 Ὠς
747 932 1137 1006 ἀντιλήπτορα,
1179 936 1342 1006 φησὶν
1370 977 1385 1001 ,
1434 939 1938 1011 ἐπιγεγραμμένος,

357 1019 591 1089 ἀγαθοὺς
620 1021 915 1093 λογισμοὺς
964 1023 1145 1096 ἑαυτῷ
1195 1025 1316 1079 καθ’
1364 1027 1603 1099 ἑκάστην
1642 1029 1934 1099 οἰκοδομεῖ,

355 1112 607 1177 οὕστινας
639 1115 734 1167 καὶ
753 1114 1048 1181 ἀναϐάσεις
1071 1117 1207 1189 πρὸς
1238 1117 1298 1171 τὸ
1321 1118 1494 1189 παρὸν
1527 1121 1738 1192 εἴρηκε,
1769 1121 1856 1176 διά
1879 1124 1939 1177 τὸ

356 1207 411 1258 ὲν
453 1206 637 1270 αὐτοῖς
668 1209 832 1261 οίονεὶ
862 1208 971 1262 ἀπὸ
997 1209 1105 1264 τῶν
1154 1211 1360 1280 γηΐνων
1389 1212 1653 1267 ἀνάϐασιν
1686 1210 1826 1269 εἶναι
1858 1219 1940 1281 είς

357 1298 670 1370 ἐπουράνια.
719 1302 827 1367 Εἰς
882 1300 999 1369 τὴν
1052 1300 1307 1356 κοιλάδα
1364 1304 1471 1359 τοῦ
1519 1308 1932 1377 κλαυθμῶνος.

357 1390 585 1445 Κοιλάδα
605 1389 700 1444 τοῦ
731 1391 1087 1465 κλαυθμῶνος
1116 1393 1207 1448 τὸν
1239 1394 1433 1467 θνητὸν
1458 1395 1572 1467 βίον
1596 1399 1750 1470 φησί.
1773 1401 1937 1471 Λέγει

354 1479 476 1537 οὖν’
522 1485 612 1539 Ἐν
647 1484 727 1556 τῷ
770 1484 949 1557 θνητῷ
994 1485 1094 1556 βίῳ
1128 1486 1358 1557 πλήσεις
1412 1489 1632 1558 ἀγαθῶν
1660 1490 1935 1564 λογισμῶν

354 1574 545 1638 αὐτοὺς
571 1574 916 1648 καθεκάστην
936 1577 1256 1648 οἰκοδομῶν.
1274 1579 1538 1652 Αἴσθησις
1561 1582 1746 1648 αὐτοῖς
1773 1584 1935 1654 γέγο-

354 1684 437 1719 νεν
464 1667 531 1719 ἐκ
567 1667 668 1738 τῆς
702 1668 803 1740 σῆς
826 1668 1187 1740 ἀντιλήψεως.

418 1759 528 1812 Καὶ
563 1758 675 1828 γὰρ
696 1761 977 1831 εὐλογίας
999 1759 1179 1817 δώσει
1208 1765 1242 1818 ὁ
1292 1766 1628 1834 νομοθετῶν
1650 1785 1664 1797 ο
1722 1770 1933 1837 πορεύ-

353 1872 558 1909 σονται
590 1855 660 1910 ἐκ
688 1855 1001 1929 δυνάμεως
1026 1861 1113 1924 εὶς
1139 1857 1415 1929 δύναμιν.
1458 1860 1736 1933 Ἀμοιϐἀς,
1773 1864 1928 1934 φησὶ,

2045 669 2257 725 tlclicct.

2115 760 2170 822 6,
2200 761 2250 814 7.
2292 761 2484 818 Beatus
2516 765 2595 819 vir
2620 766 2770 833 cujus
2801 776 2878 822 est
2902 769 3168 824 auxilium
3194 771 3287 826 abs
3315 781 3398 826 te:
3437 789 3620 827 ascen—

2043 853 2217 908 siones
2248 854 2307 908 in
2343 856 2500 911 corde
2525 874 2619 911 suo
2653 858 2935 928 disposuit.
2971 860 3071 928 Qui
3108 862 3234 927 sibi,
3271 863 3468 936 inquit,
3520 868 3615 920 ad—

2037 945 2275 1015 jutorem
2306 950 2577 1019 ascripsit,
2623 951 2797 1007 bonas
2829 953 2935 1008 sibi
2973 955 3334 1020 cogitationes
3375 958 3621 1027 quotidie

2043 1037 2304 1106 instituit,
2329 1057 2467 1112 quas
2493 1058 2640 1100 nunc
2670 1047 3022 1103 escensiones
3050 1048 3207 1113 dixit,
3240 1050 3367 1119 quia
3400 1051 3453 1104 in
3484 1052 3618 1121 ipsis

2041 1140 2125 1185 cst
2154 1134 2313 1201 quasi
2341 1149 2606 1191 ascensus
2635 1152 2666 1192 a
2714 1139 2944 1195 terrenis
2988 1140 3057 1195 ad
3086 1140 3350 1196 coelestia.
3381 1142 3447 1197 In
3482 1142 3618 1197 valle

2042 1223 2425 1294 lacrymarum.
2466 1225 2674 1283 Vallem
2705 1229 3072 1302 lacrymarum
3113 1233 3401 1288 mortalem
3447 1234 3612 1288 vitam

2040 1315 2194 1372 dicit.
2234 1316 2322 1372 Ait
2350 1318 2536 1387 igitur,
2566 1320 2619 1375 in
2664 1322 2883 1376 mortali
2917 1323 3027 1378 vita
3062 1323 3298 1393 replebis
3327 1340 3424 1379 eos
3457 1325 3615 1379 bonis

2039 1408 2486 1479 cogitationibus,
2530 1412 2775 1481 quotidie
2822 1414 3113 1469 instituens
3160 1414 3304 1469 illos.
3345 1414 3454 1487 (55)
3483 1412 3615 1482 Qua:

2039 1501 2145 1556 sibi
2175 1516 2240 1556 ex
2273 1510 2367 1557 tuo
2399 1503 2704 1572 patrocinio
2732 1504 3017 1562 advenisse
3054 1506 3194 1561 bona
3221 1516 3512 1563 senserunt

2107 1763 2161 1818 8.
2190 1766 2399 1818 Etenim
2426 1764 2834 1820 benedictionem
2859 1766 3008 1819 dabit
3032 1766 3345 1838 legislator;
3376 1767 3520 1822 ibunt
3548 1768 3611 1823 de

2034 1855 2228 1909 virtute
2254 1855 2309 1908 in
2341 1855 2607 1911 virtutem.
2640 1854 3067 1921 Retributiones,
3097 1858 3294 1927 inquit,
3342 1857 3609 1913 bonarum

351 1946 455 1999 τῶν
472 1945 667 1999 σκαλῶν
690 1946 967 2019 λογισμῶν
989 1949 1151 2003 δώσει
1168 1950 1352 2015 αὐτοῖς
1371 1953 1399 2004 ὁ
1423 1953 1750 2022 νομοθετῶν,
1783 1972 1920 2009 τουτί

2034 1946 2427 2016 cogitationum
2447 1947 2600 2001 dabit
2629 1948 2734 2003 illis
2764 1948 3076 2025 legislator,
3106 1948 3162 2002 id
3193 1958 3280 2005 est
3315 1950 3408 2020 qui
3436 1950 3608 2021 legem

350 2036 492 2091 ἐστιν
523 2040 552 2090 ὁ
579 2038 670 2092 τὸν
694 2039 858 2109 νόμον
877 2040 1063 2104 αὐτοῖς
1087 2042 1190 2111 τῆς
1221 2042 1434 2112 Καινῆς
1462 2042 1716 2108 δεδωκὼς
1742 2045 1934 2118 Διαθή-

350 2145 466 2200 κης.
500 2130 661 2194 Τίνες
683 2131 728 2184 δ’
770 2131 837 2186 ἂν
866 2126 1061 2186 εἷενναί
1094 2133 1353 2203 εὐλογίαι.
1392 2135 1424 2206 ἢ
1457 2135 1518 2190 τὸ
1553 2137 1617 2190 ὲκ
1649 2137 1933 2208 δυνάμεως

348 2221 425 2284 εἰς
457 2220 690 2293 δύναμιν
721 2223 1092 2294 πορευθῆναι;
1123 2226 1284 2296 Λέγει
1315 2227 1372 2280 δὲ
1399 2227 1507 2282 ἀπὸ
1552 2229 1654 2300 τῆς
1698 2230 1930 2284 ἐνταῦθα

345 2311 620 2376 πολιτείας
652 2312 753 2382 τῆς
789 2313 929 2368 κατά
958 2314 1092 2368 Θεόν
1135 2318 1215 2381 εἰς
1251 2317 1351 2390 τὴν
1398 2319 1511 2374 ἄνω
1550 2321 1928 2395 Ἰερουσαλὴμ,

343 2401 467 2455 ἔνθα
500 2404 596 2457 καὶ
627 2403 954 2468 ἀπελθόντες
987 2406 1210 2476 ὄψονται
1244 2408 1336 2463 τὸν
1375 2410 1507 2464 Θεὸν
1544 2410 1727 2476 καθώς
1756 2415 1925 2468 ἐστιν.

409 2493 778 2564 Ἐπίϐλεψον
815 2498 903 2563 εις
942 2489 1271 2566 πρόσωπον
1312 2502 1419 2557 τοῦ
1467 2504 1728 2572 Χριστοῦ
1782 2520 1922 2561 σου.

341 2573 572 2658 Χριστὸν
602 2586 834 2641 ἐνταῦθα
862 2589 954 2642 τὸν
989 2591 1329 2663 κεκλημένον
1369 2593 1499 2650 λαὸν
1541 2597 1624 2661 εἰς
1657 2596 1928 2667 βασίλειον

345 2679 642 2751 ἱεράτευμά
675 2697 829 2753 φησι.

410 2772 530 2825 Ὅτι
560 2772 866 2840 κρείσσων
905 2772 1098 2843 ἡμέρα
1120 2775 1231 2845 μία
1267 2775 1338 2829 ἐν
1386 2777 1519 2843 ταῖς
1561 2779 1777 2845 αὐλαῖς
1806 2793 1926 2836 σου

339 2862 487 2932 ὑπὲρ
515 2862 814 2933 χιλιάδας.
852 2864 1099 2937 Ἡμέραν
1132 2866 1261 2935 μίαν
1289 2866 1399 2920 τῶν
1430 2868 1610 2923 αὐλῶν
1641 2869 1735 2923 τοῦ
1764 2869 1921 2936 Θεοῦ,

338 2955 581 3009 τουτέστι
624 2953 735 3008 τῶν
774 2955 1115 3026 ἐκκλησιῶν,
1163 2956 1262 3028 τὴν
1302 2958 1672 3030 ἀναστάσιμον
1710 2961 1922 3035 ἡμέραν

338 3046 427 3099 τοῦ
456 3047 711 3118 Σωτῆρος
755 3046 1026 3119 ὑποδηλοῖ.
1072 3050 1333 3115 Χιλιάδας
1379 3050 1436 3104 δὲ
1462 3092 1477 3117 ,
1512 3053 1632 3125 ἤτοι
1684 3054 1919 3124 χιλιάδα,

338 3136 475 3193 οὕτω
504 3138 614 3210 γὰρ
648 3138 878 3210 εὓρηται
911 3141 970 3194 ἐν
1000 3144 1065 3213 τῇ
1109 3140 1376 3215 Ἐϐραίων
1400 3143 1589 3217 Γραφῇ
1611 3186 1626 3211 ,
1650 3147 1750 3219 τὴν
1782 3149 1923 3202 κατά

2032 2035 2168 2092 Νονὶ
2197 2037 2530 2093 Testamenti
2555 2039 2703 2094 dedit
2733 2039 2860 2095 illis.
2893 2039 3026 2106 Quae
3064 2050 3245 2095 autem
3275 2040 3478 2095 fuerint
3504 2040 3611 2095 illa:

2032 2129 2461 2199 benedictiones,
2507 2130 2612 2187 nisi
2670 2131 2819 2203 quod
2872 2131 2939 2187 de
2983 2133 3188 2188 virtute
3246 2132 3301 2186 in
3352 2132 3609 2187 virtutem

2031 2221 2201 2275 eant?
2228 2219 2283 2275 Id
2319 2234 2401 2277 est
2439 2223 2509 2278 ab
2537 2224 2641 2277 boc
2672 2224 2799 2278 vitae
2830 2223 3078 2279 instituto
3106 2225 3406 2279 secundum
3437 2224 3608 2279 Deum

2030 2320 2176 2378 acto,
2203 2313 2270 2367 ad
2305 2329 2596 2383 supernam
2627 2312 2956 2381 Jerusalem,
3009 2330 3120 2385 quo
3168 2330 3293 2370 cum
3339 2328 3604 2384 pervene-

2030 2403 2164 2469 rint,
2194 2404 2645 2463 videbnntDeum
2666 2407 2825 2461 sicuti
2854 2421 2958 2462 cst.

2095 2494 2181 2549 10.
2215 2494 2431 2561 Respice
2470 2497 2526 2550 in
2567 2496 2759 2566 facient
2801 2497 3001 2551 Christi
3048 2497 3147 2549 tui.
3201 2494 3479 2549 Christum
3518 2492 3607 2548 llic

2028 2586 2262 2656 appellat
2316 2589 2577 2657 populum
2644 2597 2896 2643 vocatum
2958 2587 3025 2642 ad
3106 2588 3284 2659 regale
3351 2585 3608 2642 sacerdo-

2027 2680 2188 2737 tium.

2101 2775 2188 2829 ll.
2226 2772 2367 2839 Quia
2397 2772 2581 2827 melior
2605 2781 2682 2827 est
2717 2773 2829 2827 dies
2875 2789 2982 2826 una
3017 2773 3073 2826 in
3115 2772 3269 2826 atriis
3313 2772 3418 2825 tuis
3448 2787 3605 2841 super

2027 2866 2225 2921 millia.
2260 2865 2389 2921 Dies
2415 2879 2526 2920 una
2565 2864 2620 2918 in
2648 2864 2805 2920 atriis
2836 2863 3075 2929 Domini,
3119 2862 3173 2918 id
3219 2872 3304 2918 est
3335 2863 3390 2916 in
3427 2863 3605 2917 eccle-

2028 2960 2150 3027 siis,
2179 2958 2322 3026 diem
2349 2957 2766 3013 resurrectionis
2790 2955 3089 3012 Salvatoris
3119 2954 3409 3025 signiﬁcat.
3428 2951 3596 3007 Millia

2025 3066 2177 3119 vero,
2220 3050 2336 3106 sive
2382 3050 2553 3116 mille,
2606 3047 2681 3103 ita
2730 3030 2875 3103 enim
2926 3048 3128 3118 legitur
3165 3048 3219 3102 in
3251 3046 3600 3101 Hebraeorum

2028 3141 2358 3211 Scriptura,
2400 3139 2626 3208 legalem
2681 3137 2886 3193 cultum
2929 3144 3108 3203 vocat,
3161 3136 3255 3207 qui
3304 3150 3402 3205 per
3454 3134 3606 3189 mille

338 3232 496 3301 νόμον
524 3230 786 3302 λατρείαν
819 3232 1005 3304 φησὶν,
1040 3234 1162 3304 ἥτις
1212 3236 1292 3298 είς
1313 3235 1527 3306 χιλιάδα
1559 3238 1695 3291 ὲτῶν
1720 3240 1920 3311 κεκρά-

2034 3245 2198 3285 annos
2226 3230 2590 3300 perseveravit
2616 3244 2776 3284 orsus
2812 3243 2843 3283 a
2887 3226 3221 3297 temporibus
3265 3225 3604 3294 Salomonis,

336 3338 517 3394 τηκεν,
548 3323 831 3395 ἀρξαμένη
863 3324 972 3377 ἀπὸ
1012 3324 1122 3379 τῶν
1172 3327 1265 3380 τοῦ
1307 3328 1651 3399 Σολομῶντος
1690 3331 1918 3401 χρόνων,

338 3414 426 3483 ἀρ’
452 3407 513 3467 οὗ
548 3413 943 3485 τεθεμελίωται
970 3415 1153 3482 ὁθεῖος
1168 3417 1321 3485 ναὸς,
1354 3418 1518 3490 μέχρι
1546 3419 1647 3490 τῆς
1683 3421 1776 3474 τοῦ
1810 3422 1923 3475 Σω-

334 3509 494 3577 τῆρος
516 3506 839 3578 παρουσίας.
855 3503 1263 3572 Δείκνυσινοῦν,
1283 3508 1358 3573 ὡς
1373 3510 1506 3563 πολὺ
1526 3510 1586 3564 τὸ
1606 3511 1791 3583 μεῖξον
1807 3512 1918 3583 (56)

336 3598 428 3669 τῆς
446 3598 811 3669 εὐαγγελικῆς
835 3599 972 3670 πρὸς
992 3598 1090 3670 τὴν
1106 3600 1335 3672 νομικὴν
1360 3600 1636 3675 λατρείαν.
1693 3603 1923 3669 Ἐξελεο

335 3689 528 3759 ξάμην
548 3690 1047 3758 παραριπτεῖσθαι
1076 3693 1147 3747 ἐν
1174 3693 1256 3759 τῷ
1281 3693 1425 3760 οἴκῳ
1465 3695 1572 3750 τοῦ
1604 3696 1752 3751 θεοῦ
1775 3714 1916 3766 μου.

336 3776 452 3833 υἴον
485 3781 563 3845 ὡς
594 3781 814 3852 εἰλέγοι
838 3800 852 3813 ·
887 3784 1100 3856 Μικρός
1136 3801 1220 3848 τις
1244 3785 1585 3858 καὶεύτελὴς
1621 3783 1762 3841 εἶναι
1786 3787 1921 3858 μᾶλ-

333 3872 420 3926 λον
451 3873 518 3929 ἂν
548 3873 842 3946 βουλοίμην
867 3875 975 3930 τῶν
1007 3878 1064 3930 ὲν
1096 3878 1162 3947 τῇ
1210 3876 1504 3949 Ἐκκλησία
1533 3878 1566 3948 ἢ
1615 3877 1786 3948 μέγας
1808 3878 1918 3932 τῶν

333 3967 387 4016 ὲν
413 3965 491 4037 τῷ
521 3965 835 4038 ἁμαρτωλῷ
856 3966 991 4038 λαῷ.
1022 3967 1207 4020 Ταῦτα
1230 3969 1344 4030 τοῖς
1368 3968 1426 4020 ὲν
1454 3966 1733 4021 Βαϐυλῶνι
1759 3969 1919 4040 πρόσο

334 4071 488 4128 φορα,
515 4057 614 4111 καὶ
639 4058 770 4129 ἡμῖν
789 4057 1087 4129 ἐπιτήδεια.
1108 4058 1220 4111 Καὶ
1246 4056 1355 4129 γὰρ
1379 4057 1618 4122 ἐκείνους
1639 4058 1917 4114 ἐδίδασκεν

332 4148 363 4214 ή
396 4149 555 4221 χάρις
603 4148 699 4201 τοῦ
735 4147 1053 4220 Πνεύματος
1091 4148 1166 4220 μὴ
1215 4148 1594 4221 παραϐλέπειν
1642 4149 1737 4203 τοῦ
1768 4149 1914 4205 θείου

329 4241 473 4295 οἴκου
498 4242 601 4313 τὴν
628 4241 885 4314 ἐρημίαν,
931 4242 1027 4296 καὶ
1073 4242 1237 4313 ἡμεῖς
1265 4240 1635 4312 παιδευόμεθα
1676 4244 1805 4306 τοὺς
1836 4241 1916 4314 τῷ

328 4330 444 4401 Θεῷ
474 4331 896 4402 ἀφιερωμένους
927 4332 1131 4401 σηκοὺς
1160 4332 1246 4385 ἀεὶ
1278 4331 1463 4385 ποθεῖν
1490 4332 1584 4386 καὶ
1608 4333 1847 4405 ἀγαπᾷν.

395 4421 611 4489 Κύριος
650 4422 723 4475 οὐ
752 4422 1039 4489 στερήσει
1075 4423 1147 4475 τὰ
1186 4422 1378 4493 ἀγαθὰ
1419 4421 1546 4489 τοῖς
1594 4424 1917 4495 πορευομέ-

331 4529 452 4579 νοις
474 4513 549 4566 ἐν
569 4512 808 4581 ἀκακία.
835 4515 897 4567 Οἱ
928 4512 1036 4585 γὰρ
1064 4513 1268 4584 ταύτην
1294 4514 1508 4585 ἔχοντες
1535 4515 1632 4586 τὴν
1652 4515 1911 4584 διάθεσιν,

2022 3336 2053 3375 a
2092 3336 2201 3391 quo
2242 3319 2530 3375 fundatum
2581 3327 2665 3374 est
2704 3319 2949 3373 divinum
2996 3318 3256 3388 templum
3308 3333 3483 3388 usque
3532 3318 3601 3371 ad

2022 3416 2315 3470 adventum
2363 3411 2686 3468 Salvatoris.
2739 3412 2990 3467 Declarat
3041 3412 3207 3483 igitur
3253 3412 3412 3482 longe
3465 3427 3574 3478 pne

2021 3506 2339 3560 stantiorem
2367 3520 2490 3559 esse
2512 3505 2882 3575 evangelicum
2910 3519 3076 3575 quam
3104 3504 3329 3574 legalem
3367 3504 3602 3559 cultum.

2027 3595 2176 3667 Elegi
2199 3595 2435 3664 abjectus
2465 3612 2575 3650 esse
2601 3596 2657 3648 in
2687 3595 2843 3649 domo
2870 3595 2965 3649 Dei
2992 3597 3112 3659 mei,
3142 3604 3245 3649 etc.
3279 3596 3358 3650 Ac
3383 3594 3429 3650 si
3462 3594 3607 3649 dice~

2020 3698 2140 3744 ret:
2178 3687 2321 3743 Malo
2345 3688 2579 3757 pusillus
2614 3696 2669 3742 et
2716 3688 2840 3743 vilis
2890 3702 3012 3743 esse
3045 3689 3100 3742 in
3137 3687 3399 3751 Ecclesia,
3433 3701 3619 3756 quam.

2019 3786 2327 3849 praepotens
2351 3778 2403 3831 in
2439 3778 2641 3848 populo
2687 3786 2992 3848 peccatore.
3023 3776 3148 3832 Haec
3179 3778 3245 3833 iis
3289 3779 3383 3847 qui
3410 3777 3464 3830 in
3495 3775 3601 3830 Ba-

2020 3868 2219 3939 bylone
2257 3875 2414 3922 erant
2465 3866 2659 3931 utilia,
2713 3876 2770 3922 et
2828 3868 2986 3923 nobis
3039 3867 3393 3937 congruentia
3445 3876 3595 3921 sunt.

2019 3954 2254 4013 Nam'et
2303 3959 2428 4014 illos
2472 3959 2737 4013 edocebat
2769 3961 2942 4030 gratia
2994 3960 3254 4030 Spiritus,
3304 3969 3364 4014 ut
3399 3959 3597 4015 divina:

2016 4051 2216 4106 domus
2249 4050 2560 4105 vastitatem
2587 4064 2655 4104 ne
2683 4049 3026 4119 despicerent
3053 4069 3065 4106 :
3098 4060 3151 4106 et
3186 4066 3287 4107 nos
3313 4050 3599 4105 erudimur

2017 4149 2078 4198 ut
2117 4140 2231 4196 Deo
2269 4156 2426 4197 sacra
2455 4141 2678 4213 ,templa
2725 4157 2938 4211 semper
2984 4145 3325 4211 exoptemus,
3370 4152 3424 4198 et
3469 4141 3599 4197 dili»

2014 4250 2228 4305 gamus.

2092 4430 2179 4496 {2,
2213 4431 2303 4487 15.
2341 4429 2750 4503 οοηιὶηιιε”ζηοη
2785 4434 3015 4503 prioabit
3051 4434 3199 4488 bouis
3227 4450 3313 4489 eos
3344 4437 3436 4505 qui
3472 4450 3590 4490 am-

2016 4521 2201 4576 bulant
2226 4524 2280 4577 in
2317 4524 2636 4579 innocentia.
2676 4523 2812 4579 Nam
2863 4525 2955 4595 qui
2991 4526 3305 4596 bujusmodi
3337 4527 3589 4583 allectum

330 4605 534 4660 τούτων
551 4606 819 4660 ’ἀπάντων
835 4606 1169 4661 ἀπολαύουσι
1193 4606 1303 4661 τῶν
1332 4607 1574 4678 ἀγαθῶν.
1592 4608 1784 4674 Ἔλεος
1803 4610 1913 4681 γάρ

2034 4615 2240 4680 tabent,
2288 4615 2376 4672 bis
2422 4618 2678 4673 omnibus
2711 4618 2872 4673 bonis
2910 4618 3183 4673 fruuntur.
3220 4620 3590 4677 Misericordia

331 4700 390 4752 ἐκ
410 4698 520 4753 τῶν
541 4697 704 4752 θείων
732 4700 1125 4754 ἀναϐλαστάνει
1150 4700 1355 4771 σηκῶν,
1382 4704 1478 4756 καὶ
1505 4703 1672 4775 πολλὴ
1701 4705 1909 4759 ἐκεῖθεν

323 4787 553 4857 ἀφθονος
583 4789 685 4859 τῆς
711 4788 970 4860 ἀληθείας
997 4793 1029 4860 ἡ
1060 4792 1315 4863 χορηγία.
1374 4793 1617 4847 Ἐκεῖθεν
1658 4793 1769 4866 γάρ
1797 4794 1907 4849 τῶν

325 4880 542 4949 ἀγαθῶν
570 4881 857 4953 δογμάτων
879 4882 976 4955 τὴν
996 4883 1345 4939 διδασκαλίαν
1364 4884 1651 4957 δεχόμεθα,
1686 4888 1779 4942 καὶ
1807 4889 1907 4959 χά-

330 4989 408 5040 ριν
434 4974 493 5027 δὲ
527 4973 682 5027 θείαν
711 4976 777 5026 ὲκ
797 4975 906 5028 τῶν
936 4975 1030 5029 τοῦ
1074 4978 1345 5046 παναγίου
1380 4980 1698 5051 Πνεύματος
1744 5000 1910 5055 κρου-

324 5065 424 5117 νῶν
455 5066 769 5137 ἀρυόμεθα·
815 5069 909 5121 καὶ
953 5069 1137 5138 μέντοι
1197 5070 1290 5123 καὶ
1336 5072 1688 5142 περίϐλεπτοι
1729 5074 1912 5128 ἐντεῦ-

324 5157 409 5209 θεν
433 5158 719 5230 γινόμεθα,
775 5160 868 5214 καὶ
913 5159 1034 5213 λίαν
1069 5167 1410 5235 περιφανεῖς,
1458 5166 1553 5219 καὶ
1607 5167 1909 5240 συλλήϐδην

324 5250 512 5313 εἰπεῖν,
541 5252 726 5305 πᾶσαν
746 5251 855 5305 τῶν
886 5251 1109 5321 ἀγαθῶν
1138 5252 1409 5325 δεχόμεθα
1454 5254 1553 5327 τὴν
1587 5258 1906 5321 ἀπόλαυσιν,

322 5343 517 5407 κακίας
554 5343 655 5413 μὲν
686 5342 781 5396 καὶ
806 5344 1071 5414 πονηρίας
1106 5344 1595 5417 ἀπαλλαττόμεθα,
1641 5349 1906 5422 ἁπλότητι

324 5433 377 5486 δὲ
402 5436 496 5489 καὶ
527 5434 759 5506 ἀληθεία
788 5436 957 5506 συζῇν
984 5436 1429 5509 προαιρούμενοι.

426 5526 529 5591 Είς
544 5523 745 5590 τέλος,
770 5523 897 5591 τοῖς
924 5524 1074 5591 υἱοῖς
1113 5528 1294 5595 Κορὲ,
1331 5531 1640 5584 ΨΑΛΜΟΣ
1669 5534 1796 5584 ΠΝ.

948 5616 961 5634 ⁸
974 5617 1281 5683 Υπόθεσις.

321 5704 415 5760 Διά
436 5705 628 5760 τούτου
658 5705 756 5761 τοῦ
778 5706 996 5778 ψαλμοῦ
1027 5708 1127 5779 τὴν
1162 5706 1351 5779 κλῆσιν
1389 5708 1497 5764 τῶν
1528 5709 1696 5765 ἐθνῶν
1729 5711 1897 5781 δηλοῖ,

383 5883 497 5957 (35)
536 5884 720 5943 Locus
744 5883 996 5942 vitiosus.

2017 4708 2162 4763 enim
2193 4725 2257 4764 ex
2288 4709 2486 4765 divinis
2518 4713 2731 4783 templis
2780 4714 2976 4780 oritur,
3028 4723 3192 4783 atque
3239 4715 3462 4786 largiter
3498 4730 3585 4771 ex-

2017 4801 2146 4856 binc
2170 4803 2375 4859 veritas
2406 4807 2801 4874 suppeditatur.
2832 4805 2999 4862 istinc
3025 4807 3170 4861 enim
3200 4822 3457 4863 sanorum
3490 4809 3590 4863 (ιον

2016 4903 2257 4961 gmatum
2288 4893 2592 4948 doctrinam
2626 4896 2947 4965 accipimus,
2980 4905 3035 4951 ct
3083 4896 3324 4952 divinam
3360 4897 3587 4969 gratiam

2015 5000 2083 5039 ex
2138 4986 2762 5056 sanctissimi.Spiritus
2813 4988 3058 5046 fontibus
3118 4990 3422 5045 haurimus.
3472 4989 3586 5044 lato

2012 5076 2210 5131 exinde
2250 5077 2494 5145 prmclari
2535 5080 2837 5150 evadimus,
2873 5092 2927 5137 et
2950 5083 3106 5139 valde
3139 5084 3397 5149 illustres,
3427 5090 3503 5147 et,
3527 5094 3585 5137 ut

2014 5185 2126 5222 uno
2156 5170 2321 5223 verbo
2351 5170 2550 5236 dicam,
2582 5174 2729 5226 omni
2762 5174 3032 5230 bonorum
3069 5176 3222 5245 copia
3251 5174 3504 5239 fruimur,
3532 5187 3586 5231 et

2010 5276 2040 5314 a
2071 5262 2278 5315 malitia
2328 5263 2782 5334 improbitateque
2817 5265 3133 5330 liberamur,
3174 5267 3334 5319 vitam
3382 5267 3578 5337 eligen-

2012 5363 2092 5408 tes
2122 5355 2172 5408 in
2202 5356 2548 5426 simplicitate
2579 5366 2635 5412 et
2663 5359 2887 5413 veritate
2916 5376 3094 5429 agere.

2076 5533 2126 5588 l.
2171 5531 2235 5585 In
2262 5534 2440 5602 ﬁnem,
2474 5534 2601 5607 ﬁliis
2631 5536 2780 5592 Core.
2812 5536 3154 5592 PSALMUS
3191 5537 3431 5595 LXXXI
3450 5539 3507 5595 ν.

2586 5629 2628 5683 Α
2639 5641 2964 5700 rgumentum
2977 5672 2988 5685 .

2001 5714 2106 5773 Per
2142 5719 2288 5773 hunc
2318 5720 2587 5789 psalmum
2625 5721 2962 5777 vocationem
3013 5724 3252 5795 gentium
3283 5725 3557 5797 signiﬁcat.

2075 5891 2184 5964 (56)
2224 5891 2384 5950 Forte
2414 5894 2599 5964 μέσον.
