3976 6220
326 466 424 524 571

1147 461 1204 515 S.
1238 461 1608 519 ATHANASII
1645 463 1797 521 OPP.
1841 462 2025 519 PARS
2064 462 2146 520 Ill.
2192 492 2261 503 —
2300 456 2715 516 EXEGETICA.

3480 459 3587 515 57%

400 596 453 641 et
479 600 855 641 rennssnonem
889 584 959 639 oh
989 598 1144 638 suam
1174 584 1239 638 ad
1271 583 1438 639 Deum
1487 586 1900 641 conversionem
1934 623 1940 641 ε

2073 585 2168 638 καὶ
2188 584 2286 656 τὴν
2319 579 2618 651 γενομένην
2661 578 2846 641 αὐτοῖς
2900 576 2988 631 διὰ
3021 578 3120 649 τῆς
3153 577 3290 650 πρὸς
3331 577 3422 632 τδν
3452 577 3588 633 Θεὸν

400 676 532 746 ipsis
560 690 898 731 concessam.
929 672 1011 727 Ad
1038 673 1153 728 haec
1176 674 1384 729 inducit
1411 673 1696 730 Judaicum
1730 690 1902 744 popu-

400 768 544 829 lum;
569 769 663 838 qui
714 775 837 837 post
877 765 1214 821 vocationem
1248 767 1487 835 gentium
1531 775 1752 837 peccata
1803 782 1901 822 sua

401 861 707 925 conﬁtetur,
739 866 794 914 et
827 868 981 929 rogat
1017 859 1132 928 ipse
1154 873 1375 929 quoque
1401 867 1460 913 ut
1494 874 1590 930 per
1623 859 1902 915 Christum

400 951 832 1008 misericordiam
867 960 1257 1021 consequatur.

401 1046 455 1102 9.
498 1045 848 1113 Benedixisti,
883 1044 1127 1111 Domine,
1155 1051 1350 1098 terram
1392 1053 1558 1097 tuam.
1612 1045 1676 1098 Et
1715 1059 1905 1101 revera

330 1138 477 1194 Deus
499 1147 554 1193 et
586 1136 744 1191 Pater
778 1136 1074 1201 benedixit,
1111 1135 1224 1191 sive
1254 1136 1459 1207 placuit
1491 1136 1594 1206 ipsi
1625 1136 1808 1192 omnia
1850 1137 1908 1191 in

331 1232 552 1289 Christo
607 1230 932 1285 instaurare.
990 1230 1242 1284 Avertisti
1305 1231 1665 1300 captivitatem
1718 1229 1905 1283 Jacob.

331 1323 468 1379 Nam
496 1339 618 1378 cum
647 1321 852 1378 Iudaeis
882 1322 1118 1392 primum
1148 1322 1545 1393 praedicavcrit,
1580 1323 1780 1377 multos
1819 1337 1910 1377 re-

334 1417 505 1473 demit
538 1433 568 1471 a
603 1415 870 1487 spirituali
912 1416 1228 1484 captivitate
1258 1416 1314 1470 in
1345 1429 1509 1485 quam
1535 1414 1755 1468 abducti
1789 1413 1909 1468 fue-

335 1518 481 1566 rant.
530 1509 657 1564 Haec
685 1509 798 1580 (57)
835 1508 1161 1577 signiﬁcavit
1191 1507 1459 1562 Dominus
1507 1514 1633 1577 post
1679 1507 1914 1576 prophe-

336 1604 467 1658 tiam
510 1602 683 1669 lsaim,
718 1619 839 1674 qua:
873 1603 953 1657 sic
989 1602 1154 1658 habet
1186 1619 1200 1657 :
1238 1600 1473 1671 Spiritus
1511 1599 1725 1653 Domini
1758 1616 1914 1668 super

338 1713 438 1761 me,
479 1711 538 1750 eo
591 1694 730 1766 quod
774 1698 984 1748 unxerit
1030 1710 1142 1758 me,
1197 1691 1558 1763 euangelizare
1600 1690 1913 1761 pauperibus

336 1786 481 1839 misit
528 1801 629 1850 me,
660 1783 950 1855 pradicare
997 1783 1216 1854 captivis
1262 1782 1621 1836 remissionem
1663 1790 1712 1834 et
1759 1780 1913 1835 cwcis

337 1878 718 1932 restitutionem
745 1877 942 1931 visus”
964 1919 977 1942 ,
1011 1876 1198 1930 dicens
1225 1893 1238 1928 :
1267 1873 1436 1928 Hodie
1456 1873 1672 1943 impleta
1696 1882 1773 1927 est
1792 1889 1916 1942 pro-

2072 676 2407 748 ἐπιστροφῆς
2430 673 2642 742 ἄφεσιν.
2680 671 2801 725 Ἔτι
2848 687 2909 723 τε
2939 670 3151 739 εἰσάγει
3182 670 3276 723 τὸν
3321 670 3590 725 Ἰουδαίων

2077 767 2205 823 λαὸν
2238 766 2376 838 μετά
2405 764 2502 835 τὴν
2529 762 2640 815 τῶν
2669 756 2840 816 ὲὉνῶν
2861 762 3053 830 κλῆσιν
3100 759 3593 831 ὲξομολογούμενον

2076 860 2162 928 ἐφ’
2210 854 2292 921 οἷς
2318 857 2586 927 ἥμαρτεν,
2620 851 2874 917 ἀξιοῦντα
2925 852 3020 905 καὶ
3052 852 3215 906 αὐτὸν
3241 850 3336 908 τοῦ
3360 850 3448 904 διὰ
3498 848 3592 904 τοῦ

2077 946 2315 1020 Χριστοῦ
2346 947 2528 1011 ὲλὲους
2556 948 2760 1017 τυχεῖν.

2078 1042 2456 1110 Εὐδόκησας,
2490 1042 2685 1108 Κύριε,
2732 1038 2850 1108 τὴν
2888 1036 3006 1107 γῆν
3025 1053 3162 1092 σου.
3190 1037 3301 1091 Καὶ
3319 1036 3428 1108 γὰρ
3456 1035 3592 1110 ἀλη-

2010 1133 2118 1199 θῶς
2146 1133 2438 1205 εὐδόκησεν
2483 1133 2512 1185 ό
2553 1131 2686 1195 Θεὸς
2718 1129 2813 1184 καὶ
2865 1129 3057 1202 Πατὴρ
3108 1127 3595 1197 ἀνακεφαλαιώσα-

2012 1223 2134 1277 σθαι
2168 1220 2238 1276 τὰ
2260 1221 2435 1275 πάντα
2485 1222 2542 1274 ὲν
2606 1220 2685 1292 τῷ
2726 1218 2968 1292 Χριστῷ.
3034 1218 3437 1287 Ἀπέστρεψας
3478 1216 3597 1286 τὴν

2011 1314 2431 1383 αἰχμαλωσίαν
2466 1312 2678 1369 Ἰακώϐ.
2704 1312 2897 1375 Αὐτοῖς
2943 1310 3054 1382 γὰρ
3111 1310 3327 1382 πρῶτον
3355 1307 3599 1381 κηρύξας

2011 1404 2125 1466 τοῖς
2163 1401 2456 1466 Ἰουδαίοις,
2484 1401 2817 1473 λελύτρωται
2847 1401 3075 1464 πολλοὺς
3110 1400 3211 1470 τῆς
3256 1398 3596 1453 καταλαϐού-

2014 1512 2114 1566 σης
2159 1494 2359 1558 αὐτοὺς
2390 1494 2590 1565 νοητῆς
2639 1493 3034 1565 αἱχμαλωσίας.
3086 1493 3384 1565 Ἐδήλωσεν
3430 1492 3598 1546 όΣω-

2011 1587 2114 1659 τὴρ
2158 1586 2299 1658 μετὰ
2333 1588 2432 1659 τὴν
2480 1585 2699 1640 Ἡσαΐου
2746 1585 3115 1659 προφητείαν,
3174 1587 3274 1656 τὴν
3324 1585 3595 1656 φήσασαν·

2012 1678 2255 1747 Πνεῦμα
2283 1677 2507 1747 Κυρίου
2560 1677 2652 1731 ἐπ’
2672 1676 2797 1747 ἐμὲ,
2847 1672 2919 1732 οὗ
2956 1677 3189 1730 εἵνεκεν
3236 1675 3447 1746 ἕχρισέ
3501 1691 3600 1743 με,

2012 1772 2521 1841 εὐαγγελίσασθαι
2549 1769 2809 1840 πτωχοῖς
2842 1767 3192 1824 ἀπέσταλκέ
3217 1785 3312 1837 με,
3347 1768 3604 1837 κηρῦξαι

2013 1858 2410 1931 αἰχμαλώτοις
2459 1858 2709 1929 ἄφεσιν,
2777 1858 2877 1913 καὶ
2924 1856 3177 1928 τυφλοῖς
3246 1856 3601 1928 ἀνάϐλεψιν,

336 1971 514 2039 phetia
545 1969 655 2025 [uec
684 1970 740 2023 in
766 1967 985 2023 auribus
1014 1969 1198 2023 uestris
1218 1968 1280 2021 “.
1319 1965 1437 2037 Ipse
1489 1966 1633 2022 enim
1684 1974 1789 2030 est,
1815 1967 1909 2036 qui

2046 1950 2201 2006 ἱπών·
2233 1949 2505 2021 Σήμερον
2546 1949 2935 2018 πεπλήρωται
2993 1949 3032 2016 ἡ
3097 1948 3427 2018 προφητεία
3450 1948 3603 2017 αὕτη

338 2077 441 2118 nos
476 2077 507 2116 a
539 2062 835 2116 multorum
866 2060 1093 2116 deorum
1119 2074 1350 2115 erroneo
1382 2060 1532 2115 cultu
1568 2069 1620 2115 et
1650 2075 1679 2114 a
1708 2058 1914 2113 daemo-

341 2168 468 2206 num
501 2153 762 2207 servitute
792 2150 1061 2213 liberavit,
1090 2158 1145 2205 et
1171 2158 1393 2205 catenas
1423 2159 1769 2221 peccatorum
1803 2148 1914 2204 sol-

339 2244 435 2298 vit.

413 2330 718 2403 Utrumque
759 2332 849 2388 hic
881 2332 1144 2403 propheta
1188 2332 1454 2404 praedicit,
1484 2332 1722 2389 ﬁliorum
1750 2333 1917 2391 Israel

339 2440 404 2477 ex
439 2421 713 2495 Babylone
735 2423 995 2491 reditum,
1030 2435 1082 2480 et
1118 2425 1347 2482 salutem
1376 2427 1564 2482 mundi
1597 2445 1610 2480 :
1644 2443 1709 2483 ac
1737 2427 1918 2499 dupli-

340 2515 389 2569 «εἰ
418 2515 580 2570 modo
613 2522 785 2570 totum
814 2525 1055 2571 enarrat.
1083 2515 1291 2574 Sensus
1319 2528 1500 2574 autem
1524 2528 1608 2574 est
1637 2536 1652 2571 :
1686 2518 1797 2574 Deo
1828 2535 1921 2574 ac-

341 2617 558 2677 ceptum
607 2617 689 2662 est
734 2622 830 2662 cor
858 2608 1062 2663 bonum
1099 2623 1163 2663 ac
1199 2609 1530 2676 studiosum,
1557 2611 1703 2680 quod
1748 2610 1919 2680 ipsius

344 2709 484 2754 terra
512 2708 617 2763 est,
638 2700 765 2770 quia
790 2700 985 2772 recipit
1007 2700 1128 2771 ejus
1157 2717 1366 2770 semen,
1390 2717 1455 2759 ac
1478 2700 1658 2758 reddit
1679 2692 1917 2763 fructum

342 2789 675 2859 centuplum.

414 2970 471 3027 '5.
510 2969 785 3025 Remisisti
820 2971 1151 3040 iniquitatem
1192 2970 1354 3040 plebis
1392 2979 1514 3026 tum.
1552 2973 1683 3038 Quae
1717 2988 1814 3042 per
1852 2974 1918 3027 li-

346 3065 470 3125 dem
503 3063 570 3119 ad
600 3063 776 3133 ipsum
804 3064 1056 3128 accessit,
1093 3063 1168 3117 ait
1195 3071 1377 3119 autem
1410 3064 1668 3133 populum
1705 3080 1771 3119 ex
1796 3080 1923 3136 gen—

345 3157 492 3213 tibus
520 3167 792 3222 coactum,
824 3156 980 3227 juxta
1014 3155 1145 3210 illud
1182 3171 1212 3210 a
1243 3154 1507 3211 Zacharia
1534 3157 1794 3227 propheta
1823 3157 1920 3212 di-

2016 2046 2087 2099 ἐν
2117 2044 2242 2111 τοῖς
2277 2043 2429 2097 ὠσὶν
2450 2042 2637 2113 ὑμῶν.
2673 2042 2847 2106 Αὐτὸς
2876 2041 2985 2114 γὰρ
3011 2043 3039 2095 ό
3063 2040 3280 2105 παύσας
3330 2040 3605 2095 δουλεύον-

2017 2136 2284 2208 ταςήμᾶς
2312 2135 2563 2206 πολυθέῳ
2597 2133 2773 2206 πλάνῃ
2833 2134 2927 2188 καὶ
2978 2133 3219 2206 δαίμοσι,
3266 2134 3365 2199 τάς
3402 2151 3463 2188 τε
3496 2133 3605 2187 τῶν

2019 2227 2428 2301 ἁμαρτημάτων
2464 2225 2633 2290 λύσας
2663 2226 2866 2301 σειράς.

2100 2320 2409 2391 Ἀμφότερα
2447 2318 2684 2373 ἐνταῦθα
2732 2316 3133 2390 προφητεύεται
3182 2318 3218 2389 ἦ
3246 2336 3306 2372 τε
3356 2319 3464 2374 άπὸ
3494 2323 3601 2375 Βα-

2019 2409 2256 2473 ϐυλῶνος
2285 2408 2393 2463 τῶν
2432 2408 2567 2462 υἱῶν
2607 2407 2828 2480 Ἰσραὴλ
2875 2406 3134 2471 ἐπάνοδος
3163 2409 3260 2461 καὶ
3298 2410 3397 2481 τῆς
3428 2413 3610 2466 οἱκου-

2023 2501 2193 2578 μένης
2221 2500 2484 2571 σωτηρία·
2515 2500 2612 2554 καὶ
2643 2498 2835 2563 διττῶς
2877 2498 2998 2553 ὅλον
3035 2498 3333 2571 ἐξηγεῖται.
3378 2502 3525 2573 Πρὸς
3551 2503 3610 2558 δὲ

2019 2593 2273 2648 διάνοιαν·
2311 2591 2537 2645 Εύδοκεῖ
2568 2589 2773 2663 Κύριος
2803 2592 2902 2663 τὴν
2936 2590 3150 2663 ἀγαθὴν
3178 2591 3272 2646 καὶ
3318 2594 3611 2650 σπουδαίαν

2020 2683 2269 2755 καρδίαν,
2296 2682 2399 2753 γῆν
2457 2680 2622 2735 αὑτοῦ
2676 2682 3072 2752 τυγχάνουσαν,
3132 2682 3219 2736 διὰ
3258 2682 3321 2736 τὸ
3356 2684 3612 2754 δέχεσθαι

2017 2775 2109 2829 τὸν
2157 2774 2355 2845 σπόρον
2407 2773 2499 2826 τὸν
2541 2773 2670 2843 παρ’
2725 2772 2910 2838 αὐτοῦ,
2944 2773 3040 2827 καὶ
3082 2775 3612 2833 ἑκατονταπλασίονα

2020 2869 2409 2939 καρποφορεῖν.

2102 2960 2352 3032 Ἀφῆκας
2419 2961 2524 3027 τὰς
2562 2961 2814 3029 ἀνομίας
2861 2959 2941 3025 τῷ
2994 2958 3122 3025 λαῷ
3166 2976 3303 3015 σου.
3366 2961 3470 3015 Τοῦ
3515 2962 3605 3017 διὰ

2017 3053 2118 3123 τῆς
2166 3053 2402 3117 πίστεως
2432 3051 2726 3124 γενομένου
2783 3052 2948 3107 αὑτοῦ
2980 3052 3131 3106 λαοῦ·
3176 3052 3326 3123 λέγει
3378 3054 3435 3107 δὲ
3460 3054 3520 3108 τὸ
3544 3053 3603 3122 ἐξ

2019 3144 2209 3209 ἐθνῶν,
2268 3145 2409 3200 κατά
2436 3146 2498 3199 τὸ
2525 3146 2814 3218 εἰρημένον
2874 3145 2981 3199 ὑπὸ
3040 3144 3311 3218 Ζαχαρίου
3340 3145 3435 3199 τοῦ
3471 3163 3607 3223 προ-

347 3259 493 3303 ctum
527 3266 542 3303 :
577 3247 645 3302 In
692 3247 787 3302 illa
838 3249 922 3302 die
976 3234 1275 3317 confugient
1311 3246 1381 3301 ad
1429 3245 1715 3302 Dominum
1742 3257 1916 3318 gentes

2040 3238 2217 3309 ρήτουσι
2282 3238 2386 3293 Ἐν
2422 3238 2625 3307 ἐκείνῃ
2655 3236 2728 3306 τῇ
2760 3235 2948 3306 ἡμέρᾳ
2990 3237 3467 3306 καταφεύξονται
3507 3236 3609 3291 ἐπὶ

347 3339 549 3409 multa,
575 3354 623 3393 et
649 3347 804 3393 erunt
835 3340 938 3409 ipsi
963 3340 1019 3393 in
1044 3338 1296 3410 populum
1316 3339 1381 3394 ¹⁹.

420 3486 474 3551 5.
516 3492 766 3551 Converte
799 3512 912 3560 nos,
950 3494 1087 3549 Deus
1131 3495 1386 3549 salutaris
1424 3505 1625 3551 noster.
1659 3494 1927 3566 Depreca-

350 3588 561 3642 tionem
592 3587 751 3645 offert
778 3603 842 3642 ex
877 3602 1113 3657 persona
1136 3588 1319 3657 populi
1353 3586 1687 3655 Judazorum,
1727 3602 1923 3658 rogan-

352 3680 489 3733 tium
517 3686 576 3733 ut
604 3686 659 3733 et
688 3678 794 3749 ipsi
819 3679 1049 3749 gratiam
1083 3688 1515 3751 consequantur.

423 3856 533 3912 8-9.
582 3855 810 3913 Ostende
834 3859 1007 3924 nobis,
1041 3856 1286 3925 Domine,
1315 3859 1733 3914 misericordiam
1757 3871 1925 3913 tuam.

353 3947 489 4003 Cum
522 3947 698 4021 Cyrus
734 3948 1030 4005 Persarum
1058 3966 1176 4017 rex,
1204 3950 1365 4020 juxta
1389 3950 1542 4007 Isaiae
1569 3951 1930 4022 prOphctiam,

353 4042 615 4097 redeundi
656 4050 979 4111 potestatem
1011 4042 1271 4107 dedisset,
1300 4041 1562 4097 festinant
1589 4044 1819 4113 patriam
1854 4058 1934 4097 re-

356 4142 545 4203 petere
587 4149 783 4200 suam,
830 4144 886 4189 et
928 4143 1217 4204 propterea
1260 4132 1431 4194 Deum
1503 4144 1832 4205 precantur,
1877 4144 1935 4190 ut

356 4236 664 4297 promptam
716 4227 849 4297 ipsis
882 4242 979 4296 pro
1006 4227 1297 4281 clementia
1330 4242 1431 4283 sua
1482 4227 1711 4282 salutem
1750 4225 1935 4282 confe-

358 4327 462 4372 rat.
496 4317 792 4383 Citissime,
829 4317 1025 4387 inquit,
1049 4333 1082 4371 o
1108 4315 1356 4383 Domine,
1392 4329 1541 4373 tuam
1593 4317 1750 4372 nobis
1775 4317 1935 4372 boni-

358 4415 523 4461 tatem
556 4406 804 4472 ostende,
839 4415 898 4460 ut
951 4415 1099 4460 tuam
1148 4407 1383 4462 salutem
1429 4422 1856 4479 consequamur,
1884 4416 1937 4462 et

360 4512 425 4551 ex
465 4497 551 4552 bis
599 4497 737 4552 locis
785 4497 1149 4568 commigrare
1195 4499 1496 4568 possimus.
1523 4500 1661 4555 Cum
1702 4499 1783 4555 sic
1810 4515 1938 4569 νιος

364 4589 525 4661 pheta
556 4590 1006 4659 supplicationem
1053 4593 1214 4661 quasi
1247 4606 1314 4646 ex
1345 4591 1563 4649 illorum
1598 4608 1828 4662 persona
1861 4591 1939 4645 of-

365 4678 521 4745 lerat,
561 4678 654 4736 Dei
705 4696 1026 4751 responsum
1078 4681 1277 4751 accipit
1314 4692 1370 4737 et
1399 4681 1478 4737 ait
1511 4702 1524 4737 :
1555 4682 1787 4737 Audiam
1810 4682 1937 4753 quid

362 4770 609 4841 loquatur
638 4775 693 4825 in
740 4788 821 4830 me
867 4770 1127 4831 Dominus
1171 4771 1337 4832 Deus.
1370 4772 1510 4829 Cum
1540 4773 1700 4827 ﬁnem
1728 4773 1937 4844 suppli-

359 4863 520 4919 candi
570 4863 788 4921 fecisset
828 4866 1117 4940 propheta,
1152 4881 1478 4937 responsum
1504 4881 1535 4920 a
1574 4863 1778 4936 Spiritu
1812 4882 1938 4921 cum

364 4954 580 5009 silentio
609 4955 836 5027 excipit.

435 5046 519 5102 10.
575 5045 946 5105 Verumtamen
1001 5065 1158 5120 prope
1214 5051 1453 5104 timentes
1527 5064 1648 5103 eum
1705 5048 1941 5102 salutare

360 5139 547 5199 ipsius.
581 5137 873 5209 Excipicns
924 5141 1189 5212 prOpheta
1239 5156 1567 5211 responsum
1600 5141 1744 5210 quod
1787 5141 1943 5195 audi-

364 5240 518 5284 turus
551 5240 665 5283 erat
697 5245 729 5284 a
762 5228 874 5283 Deo
903 5231 969 5283 de
999 5245 1198 5300 genere
1244 5245 1344 5287 suo
1365 5269 1381 5295 ,
1430 5230 1562 5284 illud
1592 5238 1765 5289 notat.
1796 5230 1942 5300 quod

364 5332 589 5386 paratus
621 5322 693 5375 sit
722 5322 980 5377 omnibus
1011 5337 1180 5394 prope
1210 5322 1427 5388 adesse,
1461 5322 1509 5378 si
1546 5322 1665 5393 ejus
1695 5324 1941 5377 timorem

368 5412 600 5479 :uuplcxi
638 5412 838 5469 fuerint
879 5430 894 5468 ι
927 5414 1206 5484 continget
1234 5421 1416 5469 autem
1448 5414 1515 5469 iis
1538 5415 1633 5485 qni
1663 5414 1752 5468 Dei
1780 5415 1940 5469 timo-

370 5519 480 5555 rem
510 5506 745 5574 amplexi
778 5506 1003 5572 fuerint,
1035 5507 1185 5577 quod
1221 5508 1277 5564 in
1308 5508 1482 5576 gloria
1516 5508 1840 5566 inhabitent.
1877 5505 1942 5559 Ut

1949 3312 1992 3371 (ἶ
2025 3328 2135 3382 τόν
2162 3329 2385 3397 Κύριον
2415 3328 2564 3398 ἔθνη
2616 3328 2837 3392 πολλὰ,
2880 3326 2981 3381 καὶ
3039 3325 3286 3382 ἔσονται
3328 3326 3491 3394 αὐτῷ
3524 3329 3617 3394 εις

2028 3421 2203 3475 λαόν.

2112 3511 2518 3580 Ἐπίστρεψον
2538 3507 2716 3581 ἡμᾶς,
2735 3513 2769 3564 ὁ
2789 3509 2934 3577 Θεὸς
2958 3510 3078 3565 τῶν
3095 3510 3402 3578 σωτηρίων
3425 3507 3617 3577 ἡμῶν.

2044 3599 2328 3661 ,Ἐντεῦθεν
2387 3601 2623 3654 ἱκετείαν
2677 3598 2986 3671 ἀναπέμπει
3056 3602 3122 3653 ὲκ
3176 3597 3468 3670 προσώπου
3520 3597 3618 3650 τοῦ

2038 3691 2165 3745 λαοῦ
2217 3692 2326 3745 τῶν
2389 3691 2678 3761 Ἰουδαίων,
2737 3691 3033 3759 ἀξιούντων
3066 3691 3160 3746 καὶ
3209 3690 3403 3754 αὐτοὺς
3434 3692 3622 3760 τυχεῖν

2038 3787 2137 3856 τῆς
2174 3784 2414 3855 χάριτος.
2679 3868 2683 3872 _
3530 3851 3537 3859 .

2105 3878 2313 3943 Δεῖξον
2339 3876 2504 3947 ἡμῖν,
2531 3876 2730 3944 Κύριε,
2771 3875 2840 3931 τὸ
2897 3876 3071 3942 ἔλεός
3119 3871 3261 3931 σου.
3288 3875 3475 3947 Κύρου
3524 3874 3621 3927 τοῦ

2035 3969 2259 4043 Περσῶν
2321 3967 2753 4039 βασιλεύσαντος,
2790 3968 2932 4023 κατά
2958 3967 3055 4040 τὴν
3092 3967 3185 4021 τοῦ
3228 3968 3449 4022 Ἡσαΐου
3480 3982 3623 4039 προ-

2036 4061 2292 4133 φητείαν,
2358 4059 2652 4124 δεδωκότος
2714 4059 2815 4131 τῆς
2868 4059 3131 4113 ἐπανόδου
3186 4058 3284 4130 τὴν
3349 4058 3620 4123 ἐξουσίαν,

2039 4154 2345 4222 ἐπείγονται
2367 4151 2465 4224 τὴν
2493 4150 2821 4221 ὲνεγκοῦσαν
2854 4150 3205 4214 καταλαϐεῖν.
3238 4150 3338 4204 Διὰ
3374 4150 3439 4221 δὴ
3462 4148 3624 4205 τοῦτο

2036 4247 2125 4299 τὸν
2155 4245 2290 4299 Θεὸν
2339 4243 2661 4311 ἱκετεύουσι,
2696 4247 2922 4315 ταχεῖαν
2968 4246 3152 4308 αὐτοῖς
3197 4243 3285 4297 διὰ
3319 4241 3625 4315 φιλανθρω-

2038 4339 2166 4402 πίας
2199 4339 2502 4408 παρασχεῖν
2541 4336 2835 4409 σωτηρίαν.
2890 4337 3151 4409 Τάχιστα,
3212 4337 3395 4408 φησὶν,
3444 4328 3490 4388 ὦ
3518 4334 3622 4388 Δέ-

2040 4448 2233 4496 σποτα,
2262 4429 2361 4502 τὴν
2392 4431 2491 4501 σὴν
2517 4431 2650 4501 ἡμῖν
2677 4430 2987 4499 ἁγαθότητα
3032 4430 3224 4497 δεῖξον,
3256 4430 3343 4483 ἵνα
3369 4428 3624 4499 τύχωμεν

2037 4523 2137 4594 τῆς
2169 4524 2268 4594 σῆς
2297 4523 2572 4594 σωτηρίας
2592 4522 2809 4593 καὶτῆς
2831 4521 3079 4576 ἐντεῦθεν
3108 4520 3446 4592 ἀπαλλαγῆς.
3463 4519 3623 4574 Οὕτω

2040 4613 2137 4684 τὴν
2168 4611 2498 4676 ἱκετεὶαψὼς
2519 4610 2579 4677 ὲξ
2603 4611 2825 4667 ἐκείνων
2853 4614 2881 4666 ὁ
2904 4613 3187 4684 προφήτης
3217 4609 3622 4683 προσενεγκὼν,

2040 4704 2252 4776 δέχεται
2284 4703 2377 4758 τοῦ
2410 4703 2545 4758 Θεοῦ
2576 4704 2674 4776 τὴν
2695 4703 2985 4777 ἀπόκρισιν
3006 4703 3101 4757 καί
3123 4718 3306 4773 φησιν’
3346 4701 3624 4756 Ἀκούσο-

2034 4814 2142 4866 μαι
2166 4797 2223 4850 τί
2245 4795 2504 4864 λαλήσει
2556 4796 2626 4849 ἐν
2649 4795 2777 4865 ἐμοὶ
2821 4797 3036 4863 Κύριος
3069 4797 3102 4849 ό
3127 4795 3289 4861 Θεός.
3327 4791 3625 4863 Παυσάμε-

2039 4903 2130 4950 νος
2161 4889 2190 4940 ό
2232 4887 2516 4958 προφήτης
2565 4887 2793 4951 ἱκεσίας,
2826 4887 2923 4959 τὴν
2969 4887 3121 4959 παρὰ
3182 4884 3275 4941 τοῦ
3305 4884 3626 4956 Πνεύματος

2041 4980 2330 5051 ἀπόκρισιν
2359 4980 2635 5052 ἐκδέχεται
2661 4981 2899 5035 σιωπῶν.

2114 5070 2288 5139 Πλὴν
2313 5070 2492 5140 ἐγγὺς
2524 5071 2641 5125 τῶν
2690 5071 3073 5142 φοϐουμένων
3104 5072 3291 5127 αὑτὸν
3335 5068 3400 5123 τό
3431 5068 3623 5137 σωτή·

2035 5180 2173 5231 ριον
2224 5163 2434 5217 αὑτοῦ.
2478 5164 2863 5235 Ἑκδεχόμενος
2889 5166 2919 5216 ό
2950 5164 3236 5235 προφήτης
3260 5162 3358 5234 τὴν
3392 5163 3624 5235 ἀπόκρι-

2046 5272 2150 5320 σιν,
2184 5257 2250 5327 ἢν
2276 5254 2579 5326 ἀκούσομαι
2605 5256 2734 5327 περὶ
2781 5253 2875 5308 τοῦ
2925 5255 3117 5325 γένους
3169 5272 3271 5326 μου
3320 5254 3471 5326 παρὰ
3527 5254 3622 5308 τοῦ

2044 5345 2201 5413 Θεοῦ,
2245 5348 2420 5400 ἐκεῖνο
2463 5346 2624 5415 ἔγνω,
2669 5346 2746 5411 ὡς
2790 5348 2955 5401 πᾶσιν
2997 5346 3217 5417 ἕτοιμος
3246 5346 3331 5417 εἴη
3371 5344 3624 5414 γενέσθαι

2045 5441 2230 5508 ἔγγὺς,
2263 5439 2317 5493 εί
2363 5458 2426 5509 γε
2455 5440 2547 5495 τὸν
2586 5439 2752 5494 αὐτοῦ
2806 5439 2970 5513 φόὸον
3022 5438 3368 5505 ιίισπάζοιντο⁸
3408 5437 3625 5510 συμϐή-

2050 5547 2197 5584 σεται
2243 5531 2300 5585 δὲ
2327 5534 2437 5595 τοῖς
2470 5531 2867 5604 ἀσπαζομένοις
2894 5531 2953 5584 τὸ
2998 5533 3057 5585 ὲν
3105 5529 3232 5603 δόξῃ
3257 5527 3624 5600 κακασκηνῶ-

372 5595 624 5653 inhabitet
659 5599 829 5670 gloria
868 5600 924 5654 in
965 5611 1105 5655 terra
1137 5613 1342 5655 nostra.
1373 5600 1470 5659 His
1500 5603 1770 5674 signiﬁcat
1801 5618 1940 5659 ceco-

2050 5640 2157 5677 σαι.
2196 5623 2303 5681 Τοῦ
2354 5595 2815 5694 κατασκηνῶσαι
2861 5624 3050 5690 δόξαν
3078 5623 3148 5678 ἐν
3195 5595 3271 5694 τῇ
3304 5622 3382 5694 γῆ

330 5786 335 5797 τ
444 5771 488 5804 ίο
529 5775 629 5828 lsa.
663 5791 775 5858 L51,
804 5776 855 5830 1.
932 5777 971 5808 ¹¹
1017 5776 1148 5833 Luc.
1182 5795 1254 5847 tv,
1283 5780 1371 5836 2|.
1455 5783 1495 5813 ¹²
1539 5779 1703 5836 Zach.
1741 5795 1798 5846 ιι,
1827 5778 1907 5833 11.

444 5889 557 5960 ('57)
602 5887 724 5946 llaec
757 5889 921 5945 dubia
951 5902 1097 5950 sunt.
