3976 6220
352 429 461 485 373

1380 430 1746 489 EXPOSITIO
1783 430 1849 486 IN
1898 428 2229 490 PSALMUM
2268 431 2531 490 LXXXV.

3500 417 3622 484 "574'

359 541 470 611 Τὴν
507 539 648 611 μετὰ
701 541 902 614 σαρκὸς
949 541 1257 615 οίκονομιαν
1305 544 1399 598 τοῦ
1460 544 1797 615 Μονογενοῦς
1845 544 1932 599 διὰ

2051 549 2275 602 iamiam
2314 546 2585 619 Unigeniti
2641 560 2764 601 cum
2807 559 2989 601 carne.
3022 543 3183 600 Facta
3220 546 3416 615 quippe
3448 546 3603 604 nobis

359 630 561 685 τούτων
597 633 870 703 σημαίνει.
920 633 1109 702 Γέγονε
1139 633 1249 706 γὰρ
1296 636 1431 705 ἡμῖν
1464 635 1617 707 παρὰ
1658 635 1752 688 τοῦ
1798 634 1933 689 Θεοῦ

363 726 454 780 καὶ
504 725 720 800 Πατρδς
764 726 1078 798 δικαιοσύνη
1146 728 1242 781 καὶ⁵
1273 729 1464 801 εἰρήνη
1522 729 1614 782 καὶ
1673 728 1820 792 ἔλεος
1843 727 1935 782 καὶ

365 816 607 889 ἀλήθεια.
662 818 919 890 Ἐλεήσας
952 820 1009 874 δὲ
1052 822 1201 893 ἡμᾶς
1258 822 1464 886 ἐδίδαξε
1511 823 1609 893 τὴν
1653 821 1931 893 ἀλήθειαν

366 911 453 962 καὶ
483 908 590 981 μὴν
615 910 709 964 καὶ
736 911 975 977 δικαίους
1030 912 1329 985 ἀπέφηνεν,
1372 913 1836 981 εἰρηνοποιήσας
1863 911 1936 967 τὰ

363 998 654 1057 κάνταλὲν
678 998 839 1068 αὺτῷ
884 1001 959 1057 τά
981 1020 1047 1057 τε
1073 1005 1143 1058 ἐν
1191 1001 1271 1069 τῷ
1304 1001 1536 1073 οὐρανῷ
1579 1004 1676 1060 καὶ
1710 1004 1782 1060 τὰ
1834 1003 1933 1058 ἐπὶ

362 1086 468 1155 τῆς
497 1085 628 1157 “ﬂic-

432 1181 645 1246 Ἔλεος
698 1179 799 1234 καὶ
827 1181 1079 1249 ἀλήθεια
1134 1181 1551 1252 συνήντησαν.
1606 1184 1802 1254 Σαφῶς
1834 1185 1934 1257 τὴν

360 1271 442 1325 διὰ
467 1271 565 1342 τῆς
589 1271 854 1327 Θεοτόκου
883 1274 975 1328 καὶ
1016 1272 1397 1344 Ἀειπαρθένου
1451 1275 1807 1330 ἀνατείλασαν
1855 1276 1936 1346 τῷ

358 1363 546 1435 κόσμῳ
572 1364 834 1437 κηρύττει
880 1366 1160 1439 ἀλήθειαν.
1192 1368 1363 1431 Αὐτὸς
1403 1368 1513 1439 γάρ
1558 1370 1706 1421 ἐστιν
1735 1369 1768 1440 ἠ
1797 1367 1934 1439 ἀλή-

360 1455 495 1521 θεια,
537 1459 585 1510 εί
623 1458 719 1512 καὶ
779 1458 1067 1530 γεγένηται
1127 1461 1193 1513 ὲκ
1248 1460 1529 1528 γυναικός.
1572 1461 1932 1529 Δικαιοσύνη

359 1548 462 1621 γὰρ
483 1548 583 1603 καί
614 1549 863 1620 ἀλήθεια
926 1552 1343 1622 κατεφίλησιιν
1399 1549 1586 1621 σαφῶς
1615 1552 1705 1605 διὰ
1737 1551 1835 1622 τὴν
1868 1552 1934 1605 ὲκ

354 1641 451 1711 τῆς
491 1641 874 1714 Ἀειπαρθένου
906 1643 1167 1698 Θεοτόκου
1211 1641 1567 1699 ἀνατείλασαν
1617 1643 1694 1715 τῷ
1743 1644 1934 1717 κόσμῳ

357 1731 631 1803 ἀλήθειαν.

421 1824 531 1879 Καὶ
587 1824 943 1895 δικαιοσύνη
998 1827 1066 1881 ἐκ
1146 1827 1257 1883 τοῦ
1315 1825 1578 1895 οὐρανοῦ
1622 1824 1929 1896 διέκυψεν.

2037 648 2119 693 εει
2143 654 2174 692 a
2204 635 2320 707 Deo
2354 647 2408 692 et
2434 636 2594 692 Patre
2612 636 2822 707 justitia
2851 643 2905 690 et
2926 650 3031 705 pax
3061 644 3114 689 et
3147 634 3518 690 misericordia
3553 647 3605 689 et

2036 729 2257 783 veritas.
2286 725 2508 796 Nosque
2536 727 2823 782 miseratus
2848 726 3033 781 docuit
3064 725 3382 794 veritatem;
3411 727 3520 781 imo
3554 738 3606 782 et

2032 819 2209 889 justos
2232 817 2465 873 reddidit
2495 832 2617 886 nos,
2642 817 2927 888 paciﬁcans
2963 816 3142 870 omnia
3181 816 3235 870 in
3283 819 3449 889 seipso
3485 833 3604 889 quia

2035 912 2090 965 in
2130 911 2256 966 caelo
2286 919 2335 966 et
2357 926 2474 982 qua:
2505 909 2564 966 in
2596 919 2733 964 terra
2753 908 2806 967 ".

2034 1173 2071 1211 τί
2113 1174 2201 1229 li.
2243 1172 2609 1227 Misericordia
2642 1183 2688 1228 et
2735 1166 2931 1227 veritas
2967 1162 3298 1226 obviaoerun?
3345 1171 3468 1225 sibi.
3495 1169 3604 1227 Ve-

2034 1265 2251 1321 ritatem
2311 1280 2434 1336 quae
2486 1282 2584 1334 per
2638 1265 2921 1335 Deiparam
2983 1273 3038 1319 et
3081 1279 3293 1333 semper
3331 1263 3605 1334 Virginem

2036 1357 2240 1412 mundo
2270 1364 2460 1412 exorta
2490 1366 2574 1413 est
2600 1366 2785 1427 aperte
2809 1356 3085 1426 praedicat.
3110 1354 3230 1425 ipse
3262 1369 3496 1424 namque
3523 1364 3608 1410 est

2034 1450 2255 1516 veritas,
2285 1448 2499 1505 etiamsi
2529 1463 2595 1504 ex
2622 1448 2848 1504 muliere
2882 1455 3043 1503 natus
3083 1447 3170 1502 sit.
3199 1445 3420 1500 Iustitia
3459 1445 3605 1501 enim

2033 1551 2082 1597 et
2116 1558 2223 1612 paa:
2249 1557 2376 1597 vere
2423 1542 2675 1597 osculata:
2718 1550 2862 1609 sunt,
2896 1556 2993 1612 per
3012 1541 3292 1594 veritatem
3345 1540 3493 1594 illam
3539 1554 3606 1595 ex

2035 1649 2267 1707 semper”
2282 1633 2501 1704 Virgine
2525 1632 2754 1704 Deipara
2784 1633 2985 1687 mundo
3016 1633 3299 1687 orientem.

2106 1817 2196 1873 12.
2238 1816 2304 1871 Et
2350 1816 2570 1886 justitia
2615 1816 2678 1870 de
2734 1814 2862 1869 caelo
2899 1814 3185 1885 prospexit.
3223 1812 3411 1867 Simile
3440 1822 3525 1869 est
3553 1812 3606 1867 id

357 1914 578 1985 Ὅμοιον
599 1915 664 1969 τὸ
696 1890 984 1988 εἰρημένον
1046 1917 1185 1990 πρὸς
1220 1919 1320 1991 τὴν
1357 1890 1654 1990 ΙῘαρθένον·
1693 1890 1932 1987 Πνεῦμα

2051 1908 2180 1979 mod
2210 1909 2277 1963 ad
2303 1907 2582 1979 Virginem
2610 1908 2815 1963 dictum
2844 1906 2945 1961 fuit
2972 1925 2985 1961 :
3010 1904 3240 1976 Spiritus
3270 1914 3484 1959 sanctus
3509 1921 3604 1959 su-

354 2004 522 2074 ᾶτιον
567 2007 959 2061 ἐπελεύσεται
984 2007 1082 2062 ἐπὶ
1116 2008 1210 2074 σὲ,
1238 2008 1334 2063 καὶ
1362 2009 1431 2062 τὰ
1474 2008 1623 2078 ἑξῆς.

425 2092 533 2148 Καὶ
573 2095 685 2163 τὰρ
724 2097 758 2149 ὁ
807 2096 1023 2164 Κύριος
1060 2095 1239 2151 δώσει
1290 2096 1686 2166 χρηστότητα.
1740 2096 1928 2159 Ὀταν,

354 2185 506 2254 φησὶ,
542 2184 666 2238 καθ’
712 2186 1015 2259 ὑπερϐολὴν
1072 2189 1439 2261 χρηστότητος
1487 2186 1771 2259 ἐπιλάμψῃ
1817 2190 1932 2252 τοῖς

352 2276 443 2329 ἐπὶ
473 2275 573 2347 τῆς
597 2276 702 2348 γῆς
733 2278 762 2330 ὁ
793 2277 1017 2348 Κύριος,
1048 2280 1170 2333 τότε
1213 2281 1309 2336 καὶ
1334 2282 1517 2352 ἡμεῖς,
1548 2281 1714 2353 νοητὴ
1753 2281 1930 2354 ὑπάρ-

352 2382 535 2435 χοντες
562 2366 656 2436 γῆ,
696 2367 824 2432 τοὺς
849 2371 1250 2440 πνευματικοὺς
1303 2372 1551 2443 καρποὺς
1579 2368 1931 2445 ἀποδώσομεν

351 2456 447 2529 τῆς
475 2457 840 2531 δικαιοσύνης.

420 2551 776 2620 Δικαιοσύνη
845 2551 1101 2607 ἐνώπιον
1169 2554 1359 2609 αὐτοῦ
1433 2557 1929 2627 προπορεύσεται.

352 2640 553 2704 Εἰπὼν,
582 2641 658 2706 ὡς
684 2641 901 2714 δώσειή
931 2643 1098 2715 νοητὴ
1141 2643 1216 2715 γῆ
1272 2644 1363 2698 τὸν
1406 2645 1641 2717 καρπὸν,
1689 2646 1932 2702 διδάσκει

352 2734 466 2799 πῶς
486 2734 668 2789 δώσει.
695 2735 823 2799 Πῶς
848 2734 905 2789 δὲ
944 2734 1126 2801 δώσει,
1178 2736 1211 2808 ἢ
1243 2738 1370 2791 ὅταν
1412 2737 1577 2792 αὐτοῦ
1615 2737 1711 2793 τοῦ
1762 2742 1931 2812 ἐργα-

351 2823 577 2897 ζομένου
625 2825 686 2879 τὸ
732 2824 936 2894 ἀγαθὸν
964 2825 997 2895 ἡ
1026 2825 1371 2897 δικαιοσύνη,
1419 2828 1797 2901 προϐαδίσασα
1850 2831 1932 2894 είς

352 2918 446 2988 τὴν
466 2917 579 2973 ἀνω
603 2917 842 2988 ἄγουσαν
863 2917 1000 2983 ὁδὸν,
1017 2919 1319 2995 κατευθύνῃ
1342 2920 1437 2976 τοῦ
1458 2922 1628 2995 αὐτὴν
1644 2922 1934 2996 πορευομέ-

350 3024 440 3064 νου
469 3009 540 3064 τὰ
561 3009 717 3081 διαόή
727 3026 902 3082 para;

522 3101 839 3172 Προσευχὴ
886 3102 967 3170 τῷ
1017 3101 1218 3158 Δαυτδ.
1258 3103 1567 3159 nam:
1613 3106 1752 3161 1m.

969 3197 1307 3263 ’Υπόθεσις.

2032 2001 2289 2071 perveniet
2326 2001 2380 2054 in
2409 2000 2531 2069 te“,
2567 2009 2672 2055 etc.

2111 2096 2197 2152 l3.
2240 2094 2448 2149 Etenim
2472 2095 2729 2149 Dominus
2756 2092 2902 2147 dabit
2925 2091 3317 2162 benignitatem.
3343 2087 3501 2151 Cum,
3523 2086 3609 2140 in-

2033 2189 2171 2261 quit,
2220 2187 2291 2243 ob
2338 2203 2608 2244 summam
2642 2185 3055 2258 benignitatem,
3085 2198 3181 2238 eos
3214 2181 3308 2252 qui
3355 2179 3409 2234 in
3460 2189 3607 2233 terra

2032 2290 2160 2338 sunt
2197 2280 2590 2336 illuminaverit
2636 2278 2898 2334 Dominus
2924 2318 2939 2344 ,
2974 2285 3105 2332 tunc
3136 2282 3190 2331 et
3212 2290 3311 2329 nos
3336 2272 3431 2343 qui
3463 2281 3608 2327 terra

2032 2388 2226 2430 sumus
2254 2362 2578 2444 spiritualis,
2606 2370 2919 2442 spirituales
2953 2368 3182 2440 justitiae
3207 2365 3421 2421 fructus
3447 2364 3606 2420 dabi-

2032 2482 2177 2521 IDUS.

2102 2558 2190 2613 14.
2224 2556 2451 2611 Iustitia
2500 2564 2621 2611 ante
2683 2571 2802 2610 eum
2853 2552 3166 2607 ambulabit.
3211 2550 3347 2606 Cum
3381 2547 3608 2603 dixisset

2030 2649 2368 2721 spiritualem
2425 2659 2624 2704 terram
2679 2647 2928 2702 daturam
2980 2660 3101 2700 esse
3130 2643 3367 2698 fructum
3419 2653 3612 2718 suum,

2026 2743 2138 2814 jam
2173 2740 2334 2795 docet
2378 2754 2488 2811 quo
2538 2747 2699 2810 pacto
2749 2737 2945 2793 datura
2980 2736 3072 2793 sit.
3110 2734 3397 2802 Quomodo
3432 2732 3602 2792 dabit.

2031 2834 2135 2890 nisi
2189 2849 2313 2888 cum
2366 2831 2581 2903 justitia
2628 2829 3052 2902 praeambulans,
3083 2844 3306 2901 gressus
3355 2828 3476 2900 ejus
3511 2827 3607 2899 qui

2030 2934 2292 2998 operatur
2330 2925 2532 2980 bonum
2561 2931 2615 2979 et
2648 2922 2851 2978 incedit
2880 2922 2936 2977 in
2963 2922 3046 2977 via
3076 2936 3199 2992 qua:
3234 2935 3454 2977 sursum
3488 2927 3608 2975 ten-

2031 3021 2131 3089 dit,
2165 3020 2220 3075 in
2250 3019 2369 3089 ipsa
2397 3017 2486 3072 via
2519 3014 2818 3072 direxerit?
3443 3021 3449 3027 '

2195 3111 2382 3169 Oratio
2408 3111 2512 3182 ipsi
2549 3109 2743 3163 David.
2782 3103 3126 3163 PSALMUS
3162 3101 3444 3159 LXXXV.

2619 3202 3022 3273 Argumentum.

353 3282 640 3349 Madet;
670 3284 762 3339 διά
781 3285 876 3339 τοῦ
914 3286 1233 3357 Πνεύματος
1258 3257 1326 3341 τὰ
1351 3289 1480 3358 περὶ
1508 3287 1609 3358 τῆς
1628 3288 1931 3360 παρουσίας

2051 3293 2171 3350 Sum
2204 3309 2299 3364 per
2333 3292 2595 3364 Spiritum
2631 3257 2971 3346 illuminatus
2995 3297 3182 3345 nosset
3217 3287 3411 3342 beatus
3438 3282 3608 3339 David

418 3375 510 3431 τοῦ
557 3376 905 3446 Μοναγενοῦς
943 3380 972 3432 ὀ
999 3378 1268 3450 μακάριος
1306 3378 1488 3443 Δαυῒδ,
1546 3380 1641 3436 καὶ
1689 3379 1788 3452 τὴν
1816 3382 1935 3434 too-

420 3466 585 3539 μένην
639 3469 804 3522 παντὶ
864 3469 943 3540 τῷ
996 3468 1392 3539 καταφεύγοντι
1443 3469 1584 3542 πρὸς
1637 3471 1798 3525 αὐτὸν
1826 3471 1933 3525 τῶν

416 3559 827 3631 ἁμαρτημάτων
864 3560 1080 3631 ἄφεσιν,
1136 3562 1360 3627 εἰκότως
1405 3562 1723 3634 ἀναπέμπει
1765 3580 1934 3637 προσ-

418 3652 608 3723 ευχὴν,
661 3652 759 3706 ἕνα
802 3653 898 3707 καὶ
939 3652 1104 3706 αὑτὸν
1141 3653 1309 3719 ἀξιῶν
1352 3654 1644 3727 εὑρεθῆναι
1686 3656 1797 3710 τῶν
1832 3673 1936 3710 σω-

420 3743 663 3815 ζομένων
690 3745 780 3800 διὰ
810 3745 909 3817 τῆς
946 3746 1189 3818 χάριτος.

419 3837 667 3899 Κλῖνον,
715 3837 914 3905 Κύριε,
958 3838 1027 3891 τὸ
1079 3833 1190 3904 οὖς
1254 3854 1370 3892 σου
1432 3838 1535 3892 καὶ
1586 3838 1936 3895 ἐπάκουσόν

348 3944 484 3996 μου.
518 3928 682 3997 Μέγα
724 3931 835 4000 γὰρ
864 3931 940 3993 ὼς
968 3929 1184 4001 ἀληθῶς
1217 3929 1427 3999 ἐφόδιον
1451 3929 1587 4001 πρὸς
1614 3930 1675 3984 τὸ
1709 3930 1935 4002 εὐχόμε-

356 4034 441 4072 νον
472 4019 843 4075 ὲπακούεσθαι
889 4021 923 4091 ἡ
976 4019 1466 4093 ταπεινοφροσύνῃ.
1514 4020 1642 4074 Ὅτι
1701 4021 1936 4092 πτωχὸς

354 4111 449 4164 καὶ
474 4111 666 4181 πένης
700 4111 819 4181 εἰμὶ
846 4112 979 4183 ἐγώ.
1011 4114 1421 4185 Ταπεινοφρονή
1433 4129 1597 4183 ματος
1627 4113 1728 4184 τῆς
1762 4131 1935 4185 προσ-

352 4203 515 4274 ευχῆς
568 4205 632 4258 τὸ
692 4204 996 4277 προοίμιον.
1057 4205 1169 4276 Τῆς
1214 4205 1324 4277 γὰρ
1387 4205 1731 4277 δικαιοσύνης
1770 4206 1935 4277 ἄμφω

349 4295 681 4366 κεκτημένοι
709 4294 800 4349 τὸν
831 4295 1079 4361 πλοῦτον,
1120 4297 1228 4350 ὅτε
1279 4295 1442 4351 Δαυτδ
1483 4297 1579 4351 καὶ
1612 4299 1640 4350 ὁ
1685 4297 1934 4363 Ἐζεκίας

350 4384 486 4454 πρὸς
512 4384 703 4439 τοῦτον
740 4386 838 4457 μὲν
865 4387 966 4458 οὐχ
988 4385 1197 4458 ἐώρων,
1249 4389 1328 4451 εἰς
1372 4387 1429 4441 δὲ
1459 4388 1558 4460 τὴν
1582 4389 1681 4460 τῆς
1719 4387 1933 4458 φύσεως

352 4475 541 4529 ¹ιτενίαν
564 4475 895 4543 ἀπέϐλεπον,
914 4478 1009 4530 καὶ
1028 4477 1120 4531 τὸν
1135 4477 1267 4531 Θεὸν
1297 4478 1653 4551 ἠντιϐόλησαν
1672 4480 1934 4551 οἰκτεῖραι

2104 3401 2227 3457 quae
2268 3385 2562 3441 adventum
2591 3381 2867 3453 Unigeniti
2898 3382 3236 3452 spectabant,
3268 3389 3427 3449 atque
3456 3376 3608 3433 futu-

2104 3492 2223 3534 ram
2271 3476 2528 3531 omnibus
2577 3473 2671 3547 qui
2723 3474 2791 3531 ad
2823 3489 2948 3531 eum
2982 3470 3338 3542 confugerent
3367 3479 3612 3540 peccato-

2108 3584 2229 3622 rum
2267 3566 2672 3634 remissionem,
2696 3565 2821 3637 jure
2849 3564 3153 3620 orationem
3203 3561 3379 3629 oﬂ‘ert,
3407 3577 3609 3632 rogans

2104 3669 2165 3714 ut
2201 3660 2318 3730 ipse
2345 3674 2491 3715 unus
2524 3673 2646 3715 esse
2672 3656 3111 3728 deprehendatur
3154 3671 3344 3710 eorum
3390 3654 3482 3725 qui
3514 3668 3611 3724 per

2105 3751 2336 3824 gratiam
2370 3751 2601 3806 salutem
2634 3757 3063 3819 consequuntur.

2105 3844 2157 3897 1.
2202 3840 2432 3908 Inclina,
2478 3841 2723 3907 Domine,
2766 3856 2949 3894 aurem
2986 3847 3152 3905 tuam,
3182 3847 3231 3892 et
3274 3834 3470 3891 exaudi
3508 3850 3607 3888 me.

2033 3934 2352 4006 Opportuna
2378 3949 2511 3990 sane
2539 3933 2624 3988 via
2654 3943 2714 3988 ut
2749 3932 2874 4003 quis
2902 3931 3248 3994 exaudiatur,
3276 3935 3361 3983 est
3387 3925 3610 3981 humili-

2034 4036 2136 4082 tas.
2167 4024 2436 4090 Quoniam
2468 4025 2618 4090 inops
2648 4030 2697 4077 et
2732 4037 2932 4092 pauper
2971 4036 3087 4074 sum
3111 4035 3224 4090 ego.
3281 4015 3393 4088 (38)
3420 4013 3612 4070 Humi-

2035 4119 2204 4175 litatis
2236 4126 2320 4174 est
2344 4116 2672 4189 prooemium
2700 4114 2755 4168 in
2783 4110 3044 4169 oratione.
3077 4108 3212 4165 Nam
3241 4108 3470 4180 iustitiae
3492 4123 3623 4163 am-

2034 4211 2104 4267 bo
2154 4210 2374 4267 divitias
2418 4208 2761 4280 possidentes
2816 4205 2984 4261 David
3027 4213 3188 4274 atque
3226 4200 3511 4267 Ezechias,
3541 4201 3611 4257 ad

2034 4320 2128 4360 eas
2175 4319 2286 4360 non
2326 4303 2714 4373 respiciebant,
2755 4300 2851 4356 sed
2898 4309 3106 4354 naturae
3132 4295 3371 4367 inopiam
3398 4303 3612 4366 spectas

2034 4396 2199 4462 bant,
2221 4405 2275 4452 et
2308 4395 2421 4451 Deo
2447 4393 2827 4467 supplicabant
2857 4401 2917 4447 ut
2949 4407 3067 4447 eam
3116 4397 3434 4462 paupertate
3477 4388 3611 4445 affe—

2034 4498 2179 4545 ctam
2222 4488 2600 4543 miseraretur.
2643 4484 2776 4543 lllud
2813 4493 2993 4538 autem
3031 4480 3312 4550 :Inclina,
3360 4480 3609 4547 Domine,

350 4566 553 4640 ταύτην
602 4569 844 4657 πτωχείᾳ
897 4569 1348 4641 συνεζευγμένην.
1415 4572 1489 4625 Τὸ
1553 4573 1611 4626 δὲ
1635 4612 1650 4638 ,
1687 4572 1929 4638 Κλῒνον,

2051 4599 2218 4637 mrem
2258 4591 2427 4648 tuam,
2456 4596 2524 4637 ex
2558 4578 2877 4649 metaphora
2911 4576 3145 4648 positum
3193 4582 3298 4643 est,
3347 4576 3505 4646 quasi
3543 4591 3619 4629 ex.

349 4660 545 4727 Κύριε,
578 4660 649 4712 τύ
674 4654 783 4726 οὖς
811 4673 949 4723 σου,
1007 4661 1072 4714 ὲκ
1115 4662 1423 4733 μεταφορᾶς
1471 4661 1715 4716 τέθεικεν
1747 4660 1930 4735 ἀρρώ-

2051 4671 2349 4729 inﬁrmitate
2395 4687 2502 4728 non
2554 4671 2729 4742 possit
2772 4669 2937 4725 altius
2971 4670 3228 4736 clamare,
3257 4676 3311 4724 et
3336 4667 3623 4726 medicum-

352 4767 477 4805 στου
506 4751 654 4815 τινὸς
688 4751 794 4805 ὑπὸ
817 4751 1100 4816 ἀσθενείας
1128 4754 1497 4826 γεγωνότερον
1526 4755 1589 4808 ού
1630 4754 1929 4826 δυναμένου

350 4841 551 4907 λαλεῖν,
583 4842 680 4895 καὶ
725 4842 817 4895 τὸν
845 4843 1030 4916 ἰατρὸν
1063 4842 1408 4916 προσκλίνειν
1468 4843 1546 4916 τῷ
1573 4844 1804 4916 στόματι
1829 4844 1930 4918 τὴν

352 4933 518 5004 ἀκοὴν
548 4930 971 5002 ἀναγκάζοντος.

416 5025 703 5089 Φύλαξον
761 5023 876 5093 τὴν
920 5026 1133 5095 ψυχήν
1189 5043 1338 5096 μου,
1397 5025 1488 5080 ὅτι
1557 5024 1728 5093 ὅσιός
1791 5029 1928 5098 εἶμι.

362 5113 475 5182 Ἀφ’
505 5106 583 5167 ὧν
612 5113 974 5186 κατώρθωσεν
1001 5114 1222 5183 ἀγαθῶν
1265 5115 1672 5188 ὲπακουσθῆναι
1706 5116 1926 5184 ἐξαιτεῖ.

351 5201 559 5256 Σῶσον
599 5203 709 5256 τὸν
732 5202 959 5259 δοῦλόν
987 5218 1124 5270 σου,
1169 5205 1202 5258 ό
1242 5206 1386 5271 Θεός
1435 5222 1586 5274 μου,
1626 5206 1733 5261 τὸν
1762 5207 1933 5262 ἐλπί-

351 5289 520 5352 ζοντα
563 5291 666 5347 ἐπὶ
706 5294 828 5347 σοι.
873 5294 1091 5365 Ἐπειδὴ
1131 5294 1274 5348 ὅσιον
1319 5295 1511 5349 ἑαυτὸν
1543 5296 1928 5369 ἀνηγόρευσεν,

350 5384 441 5437 ὲπὶ
470 5385 534 5439 τὸ
555 5385 810 5439 ταπεινὸν
853 5385 1018 5439 πάλιν
1063 5384 1361 5458 καταφέρει
1394 5385 1486 5441 τὸν
1531 5385 1707 5455 λόγον,
1748 5388 1930 5443 δοῦλον

354 5473 537 5528 ἑαυτὸν
570 5475 1026 5548 ἀπογραφόμενος
1052 5475 1145 5530 τοῦ
1176 5475 1331 5541 Θεοῦ,
1357 5477 1454 5531 καὶ
1491 5476 1578 5530 ἐπ’
1606 5477 1755 5550 αὐτῷ
1786 5480 1930 5550 μόνῳ

355 5563 445 5635 τὴν
474 5565 669 5621 ἐλπίδα
695 5567 797 5638 τῆς
820 5567 1096 5640 σωτηρίας
1128 5567 1271 5641 ἔχειν
1299 5568 1784 5641 ἐπαγγειλάμενος.

392 5716 435 5755 υ
469 5718 683 5777 Coloss.
714 5737 753 5788 ι,
786 5719 877 5775 20.
954 5719 996 5752 ⁸⁸
1033 5719 1166 5777 Luc.
1199 5738 1238 5790 ι,
1271 5722 1359 5777 54.

2037 4772 2194 4838 cogat
2223 4771 2285 4818 ut
2314 4778 2474 4821 aures
2499 4763 2579 4819 ori
2611 4762 2915 4819 admoveat.

2103 5024 2154 5077 2.
2200 5023 2421 5079 Custodi
2452 5024 2687 5076 animum
2728 5040 2916 5091 meam,
2948 5025 3199 5095 quoniam
3227 5034 3438 5078 sanctus
3466 5035 3605 5078 sum.

2033 5113 2114 5170 Ob
2142 5114 2286 5168 bona
2312 5129 2478 5184 opera
2504 5130 2627 5185 quae
2653 5115 2822 5169 edidit
2849 5116 3090 5186 postulat
3114 5114 3358 5170 exaudiri
3388 5127 3466 5167 se.
3483 5111 3608 5167 Sal-

2034 5221 2153 5260 vum
2185 5205 2271 5273 {ac
2303 5221 2506 5261 servum
2552 5215 2721 5273 tuum,
2749 5204 2889 5261 Deus
2924 5222 3090 5270 meus,
3131 5211 3426 5274 sperantem
3455 5202 3511 5256 in
3540 5191 3637 5258 teJ

2034 5293 2328 5364 Postquam
2377 5311 2437 5351 se
2474 5307 2723 5352 sanctum
2774 5312 2896 5352 esse
2941 5296 3097 5359 dixit,
3127 5295 3195 5349 ad
3245 5293 3607 5349 humilitatem

2037 5402 2257 5442 rursum
2298 5401 2605 5442 sermonem
2637 5388 2921 5454 convertit,
2958 5399 3174 5441 servum
3215 5399 3335 5441 sese
3381 5383 3612 5440 Domino

2037 5478 2337 5545 ascribeus,
2370 5487 2535 5549 atque
2568 5494 2717 5552 spem
2753 5479 2943 5536 salutis
2978 5477 3035 5533 in
3079 5476 3230 5532 illum
3261 5485 3473 5533 tantum
3511 5476 3607 5532 lia-

2036 5571 2166 5627 bere
2189 5586 2250 5627 se
2276 5572 2596 5628 testiﬁcatus

426 5834 532 5913 (38)
572 5834 757 5895 Locus
801 5845 1106 5907 suspectus,
1138 5846 1220 5895 est
1264 5839 1320 5894 in
1364 5851 1472 5893 uno
1503 5845 1709 5895 tantum
1741 5842 1923 5900 codice
1961 5841 2183 5900 nomine
2204 5840 2514 5897 Athanasii.
