3946 6222
338 682 467 736 perc
494 671 747 737 voluerit,
782 674 979 730 debere
1023 677 1364 739 incessanter
1396 685 1452 741 in
1494 688 1749 758 precibus
1781 707 1906 748 ver-

336 760 470 815 sari.

405 851 459 906 5.
503 851 764 918 Quoniam
796 866 875 926 tu,
900 858 1143 930 Domine,
1161 867 1339 921 suavis
1363 877 1413 924 et
1437 872 1605 926 mitis.
1623 871 1789 931 Docet
1807 890 1902 933 eos

335 943 427 1011 qui
459 945 525 999 ad
552 945 722 1003 Deum
743 950 1030 1020 accedunt,
1049 962 1111 1010 ut
1131 972 1199 1012 ne
1225 959 1375 1014 anxii
1405 961 1536 1023 sint.
1555 964 1599 1019 si
1627 964 1771 1021 dona
1791 976 1903 1022 tan-

336 1033 501 1102 tisper
519 1035 750 1093 differat.
777 1039 894 1097 Erit
920 1045 1120 1116 quippe
1148 1046 1258 1105 illis
1288 1052 1580 1122 propitius,
1601 1064 1786 1127 utpote
1805 1059 1898 1130 qui

330 1135 645 1183 mansuetus
679 1128 750 1184 sit
778 1139 835 1187 et
864 1132 1015 1191 dives
1046 1136 1100 1191 in
1132 1139 1528 1199 misericordia.

395 1297 449 1354 8.
490 1299 617 1358 Non
645 1299 939 1365 estsimilis
985 1315 1063 1368 tui
1102 1315 1158 1369 in
1184 1317 1310 1387 diis,
1346 1319 1586 1377 Domine.
1627 1321 1766 1380 Deos
1797 1341 1894 1381 vo-

325 1400 412 1445 cat
463 1405 681 1452 sanctos
715 1401 1008 1470 prophetas
1053 1405 1123 1461 ad
1171 1424 1311 1478 quos
1357 1426 1538 1469 sermo
1566 1413 1782 1472 Domini
1810 1417 1893 1474 la-

321 1491 461 1540 ctus.
488 1485 580 1543 Ait
605 1498 784 1546 autem
815 1496 1085 1553 neminem
1112 1501 1498 1572 prophetarum
1536 1511 1780 1577 potuisse
1819 1510 1889 1565 li-

318 1573 511 1632 berare
553 1579 804 1639 homines
835 1599 866 1638 a
894 1597 1140 1656 peccato,
1185 1593 1290 1649 nisi
1346 1596 1523 1652 solum
1572 1598 1885 1668 Dominum,

312 1664 470 1733 juxta
510 1667 566 1722 id
603 1672 750 1740 quod
792 1675 923 1731 alibi
965 1678 1173 1736 dictum
1201 1693 1328 1740 est:
1366 1683 1489 1741 Non
1531 1688 1754 1761 legatus,
1780 1664 1886 1748 non

316 1757 553 1827 angelus,
585 1761 677 1815 sed
706 1763 814 1833 ipse
842 1765 1102 1834 Dominus
1130 1774 1352 1830 saluauit
1386 1793 1481 1833 nos
1500 1779 1564 1833 ¹⁸.

304 2316 458 2358 more
502 2320 599 2360 cor
650 2324 810 2365 suum
857 2313 1119 2372 laatilicari
1168 2334 1329 2389 posse
1355 2323 1582 2391 putavit.
1616 2324 1695 2381 lta
1728 2329 1873 2382 enim

301 2390 429 2447 alibi
466 2410 686 2468 quoque
710 2401 786 2456 ait
805 2402 850 2434 “
879 2422 892 2459 :
928 2404 1167 2462 Laetetur
1193 2426 1284 2464 cor
1314 2390 1661 2482 quaerentium
1690 2417 1874 2473 Domi-

299 2499 443 2551 num,
465 2496 522 2543 ct
547 2488 799 2547 iterum"
824 2509 840 2548 :
868 2494 1070 2552 Memor
1091 2500 1174 2570 fui
1203 2501 1323 2568 Dei,
1340 2516 1390 2559 et
1420 2505 1708 2562 delectatus
1731 2526 1868 2566 sum.

367 2660 452 2718 12.
465 2664 763 2735 Can/itebor
785 2669 902 2737 tibi,
922 2669 1144 2727 Domine
1169 2674 1308 2730 Deus
1326 2692 1493 2744 meus,
1518 2679 1572 2732 in
1592 2688 1694 2733 tote
1714 2681 1870 2735 corde

296 2770 431 2809 meo.
487 2755 689 2814 Mutata
719 2772 942 2832 repente
966 2769 1213 2823 oratione
1244 2768 1298 2823 in
1329 2770 1733 2828 confessionem
1753 2814 1769 2841 ,
1802 2790 1867 2831 eo

294 2846 436 2915 quod
472 2847 738 2906 liberatus
767 2851 935 2907 fuerit
962 2855 1032 2910 ab
1056 2856 1309 2926 inferno,
1359 2876 1584 2917 causam
1618 2866 1868 2921 enuntiat

293 2952 392 2990 cur
419 2941 748 3009 peccaverit,
781 2943 1015 3002 insidias
1044 2948 1340 3005 multorum
1372 2960 1539 3024 atque
1561 2958 1862 3026 potentium

291 3041 729 3090 commemorans
753 3075 768 3099 ,
806 3035 986 3107 iisque
1015 3038 1349 3098 adumbrans
1377 3042 1679 3105 invisibiles
1706 3059 1862 3120 pote-

289 3129 480 3192 states,
508 3139 630 3194 quae
655 3123 829 3182 Deum
860 3137 986 3184 ante
1018 3132 1212 3190 oculos
1243 3149 1353 3191 non
1385 3139 1747 3196 constituunt.
1778 3141 1857 3197 Tu

288 3221 495 3281 autem,
527 3213 779 3287 Domine,
813 3219 911 3287 ait,
942 3225 1269 3280 concessisti
1298 3241 1364 3283 ea
1388 3244 1509 3299 qua:
1536 3230 1761 3288 minime
1782 3233 1855 3289 illi

288 3306 692 3375 exspectabant,
716 3318 807 3365 tua
836 3311 1124 3369 clementia
1149 3316 1386 3375 liberans
1415 3321 1653 3376 animam
1679 3340 1856 3382 meam

288 3409 352 3448 ex
402 3394 617 3473 interno
675 3399 948 3463 inferiori.
1013 3404 1140 3462 Haec
1198 3417 1381 3464 autem
1427 3411 1561 3468 dicit
1603 3413 1857 3473 Christus

285 3469 594 3546 astantibus
623 3492 846 3564 regibus
894 3504 1052 3553 terra:
1083 3508 1138 3555 et
1167 3502 1507 3572 principibus
1547 3508 1753 3566 coactis
1799 3511 1855 3566 iu

286 3593 455 3636 unum
485 3593 677 3640 contra
713 3586 916 3657 ipsum.

357 3671 441 3726 15.
510 3673 651 3739 Quia
705 3680 1074 3739 misericordia
1104 3695 1199 3743 tua
1227 3705 1419 3762 magna
1447 3704 1526 3749 est
1560 3712 1718 3767 super
1750 3715 1849 3756 me.

281 3761 451 3828 Quasi
503 3767 617 3838 jam
650 3783 984 3832 consecutus
1030 3781 1176 3850 quod
1231 3761 1485 3853 precibus
1533 3761 1848 3860 postulavit,

281 3871 537 3928 magnam
572 3860 667 3918 Dei
700 3866 1135 3927 misericordiam
1171 3889 1230 3929 se
1264 3875 1319 3931 in
1370 3881 1565 3936 sazcnla
1597 3882 1850 3941 laudatu-

277 3964 402 4002 rum
430 3951 528 4018 ait,
579 3955 710 4025 quia
745 3974 935 4016 eorum
969 3963 1185 4022 animas
1216 3968 1283 4025 de
1310 3985 1478 4028 manu
1512 3972 1671 4030 inferi
1710 3977 1848 4033 libe-

275 4040 436 4096 ravit.

351 4132 436 4188 14.
474 4133 657 4204 Deus,
714 4141 886 4214 iniqui
938 4145 1341 4208 insurrexerunt
1388 4172 1545 4226 super
1594 4176 1691 4215 me.
1751 4161 1847 4220 His

274 4226 522 4319 ostendit
570 4244 632 4285 se
690 4231 745 4287 in
805 4248 1087 4306 peccatum
1139 4243 1273 4298 illud
1324 4245 1604 4319 delapsum
1655 4251 1843 4313 fuisse.

273 4313 563 4412 Quomodo
591 4330 771 4377 autem
793 4366 807 4387 ,
831 4327 936 4383 nisi
967 4333 1096 4401 quia
1132 4349 1406 4410 synagoga
1448 4313 1847 4412 quaedam°ma-

273 4404 544 4474 lignorum
566 4412 856 4482 spirituum
887 4404 1208 4493 insurrexit,
1238 4404 1296 4483 et
1321 4404 1688 4503 supplantavit
1717 4455 1843 4496 eum

273 4511 343 4551 ne
372 4497 591 4558 virtutis
622 4520 843 4569 cursum
885 4517 1133 4572 teneret?

345 4588 553 4691 i546.
590 4593 665 4691 Et.
684 4609 740 4652 tu
761 4641 776 4664 ,
806 4601 1029 4660 Domine
1062 4608 1204 4667 Deus
1238 4631 1405 4681 meus,
1451 4621 1766 4691 miseratur,
1798 4636 1845 4681 et

273 4680 570 4740 misericors
593 4729 608 4753 ,
642 4674 749 4779 etc.
786 4691 1051 4766 Etiamsi,
1092 4701 1306 4776 inquit,
1345 4709 1754 4785 insurgentibus
1788 4720 1881 4791 in,

270 4785 357 4850 {ne
386 4776 979 4864 malignis—spiritibus,
1010 4792 1064 4848 in
1096 4807 1381 4864 peccatum
1415 4776 1658 4874 dejectus
1696 4825 1841 4877 sum,

267 4877 333 4963 ac
364 4867 626 4963 per—illud
660 4873 713 4929 in
749 4877 1023 4937 infernum
1058 4888 1212 4944 illum
1257 4867 1596 4963 inferiorem,
1661 4902 1755 4956 sed
1783 4867 1839 4957 tu

264 4951 418 5048 ipse,
455 4957 681 5020 Domine
703 5009 718 5033 ,
753 4978 873 5026 tuas
903 4975 1023 5032 illas
1057 4979 1434 5041 miserationes
1465 4987 1520 5042 in
1548 5005 1636 5045 me
1664 4992 1839 5048 ellua-

265 5043 401 5102 dens
430 5049 672 5110 liberasti
701 5061 939 5120 animam
978 5084 1189 5137 meam;
1226 5091 1396 5145 quare
1424 5095 1645 5137 rursum
1679 5086 1840 5141 mise-

262 5137 556 5198 ricordiam
582 5152 819 5217 postulo.
856 5154 1046 5215 Veniet
1064 5172 1244 5221 autem
1276 5169 1413 5225 mihi
1435 5172 1832 5245 misericordia,

261 5242 386 5287 eum
415 5249 500 5288 me
530 5242 807 5308 respicias.

338 5321 422 5377 17.
458 5324 571 5382 Fac
607 5350 807 5390 mecum
836 5340 1046 5410 signum
1080 5346 1135 5400 in
1165 5347 1378 5407 bonum.
1435 5354 1587 5413 Sicut
1613 5360 1743 5415 olim
1780 5363 1835 5417 in

263 5407 499 5514 ‘AEgypto
534 5422 659 5479 tiliis
694 5425 862 5484 lsrael
888 5407 1111 5504 signum
1135 5438 1285 5496 dedit
1317 5407 1834 5514 ῡοηιιὲἶιᾷξξιῇἶῖιοξ

265 5497 700 5574 ltuit-rentumab
741 5525 1193 5594 exterminatore;
1246 5530 1319 5586 ita
1362 5542 1419 5589 et
1462 5536 1565 5591 sibi
1614 5538 1830 5610 signum

1143 379 1200 437 S.
1240 382 1613 444 ATHANASII
1654 388 1806 447 ΟΡΡ.
1845 391 2027 449 PARS
2066 395 2152 452 lll.
2196 429 2266 439 —
2301 399 2715 461 EXEGETICA.

3471 417 3575 473 δῖε

1865 601 1908 655 i-
2007 605 2256 660 Διδάσκει
2285 609 2432 679 ἡμᾶς
2464 611 2493 663 6
2528 611 2704 680 λόγος,
2746 613 2821 677 ὡς
2875 613 2965 667 τὸν
3002 614 3324 687 βουλόμενόν
3350 636 3402 672 τι
3425 622 3575 693 παρὰ

2005 693 2099 747 τοῦ
2125 694 2257 750 Θεοῦ
2274 697 2456 754 λαϐεῖν
2478 701 2703 769 ἀγαθὸν,
2723 703 3063 767 ἀδιάλειπτον
3082 707 3163 760 δεῖ
3174 703 3382 764 εἷναιὲν
3406 729 3573 784 προσ-

2004 787 2211 854 ευχαῖς.

2076 876 2202 930 Ὅτι
2222 878 2324 944 σὺ,
2357 882 2550 949 Κύριε,
2572 886 2839 953 χρηστὸς
2866 886 2963 940 καὶ
3001 886 3286 956 ἐπιεικής.
3319 890 3568 947 Διδάσκει

1998 962 2125 1028 τοὺς
2146 970 2613 1041 προσερχομένους
2644 973 2763 1045 Θεῷ
2811 974 2886 1047 μὴ
2937 977 3182 1050 ἁκηδιᾷν,
3208 981 3256 1032 εἰ
3294 982 3387 1034 καὶ
3432 984 3567 1054 πρὸς

1998 1053 2177 1124 ὀλίγον
2228 1059 2327 1134 τὴν
2375 1061 2520 1117 δόσιν
2569 1064 2947 1122 ἀναϐάλλεται.
2979 1070 3171 1123 Ἔσται
3193 1071 3302 1145 γὰρ
3345 1053 3565 1140 πάντως

1997 1146 2179 1212 αὐτοῖς
2211 1150 2465 1221 ἐπήκοος,
2515 1152 2610 1208 ἁτε
2658 1157 2892 1227 χρηστὸς
2931 1157 3006 1212 ὢν
3053 1163 3148 1215 καὶ
3178 1163 3311 1217 πολὺ
3339 1165 3456 1218 λίαν
3483 1168 3563 1230 εἰς

1994 1236 2143 1302 ἕλεος
2174 1239 2443 1305 πλούσιος.

2065 1331 2187 1384 Οὐκ
2211 1330 2383 1387 ἐστιν
2403 1335 2602 1404 ὅμοιός
2630 1353 2729 1394 σοι
2755 1339 2827 1392 ἐν
2854 1340 3029 1407 θεοῖς,
3058 1344 3254 1412 Κύριε.
3275 1344 3441 1410 Θεοὺς
3462 1348 3561 1418 μὲν

1990 1421 2099 1495 γὰρ
2127 1426 2252 1490 τοὺς
2284 1427 2470 1496 ἁγίους
2498 1433 2781 1504 προφήτας
2835 1435 2990 1505 φησὶ,
3032 1437 3167 1508 πρὸς
3213 1436 3306 1502 οὓς
3333 1440 3361 1493 6
3404 1440 3560 1510 λόγος

1987 1514 2080 1568 τοῦ
2099 1514 2234 1569 Θεοῦ
2266 1518 2498 1587 ἐγένετο.
2527 1522 2688 1592 Λέγει
2713 1524 2791 1594 δὲ,
2825 1527 2905 1581 ὅτι
2937 1527 3109 1593 οὐδεὶς
3128 1528 3236 1584 τῶν
3264 1532 3559 1604 προφητῶν

1987 1604 2261 1670 ἐξελέσθαι
2289 1610 2416 1674 τοὺς
2468 1613 2784 1685 ἀνθρώπους
2822 1618 2921 1691 τῆς
2972 1620 3243 1693 ἁμαρτίας
3274 1622 3489 1694 ἴσχυσεν
3521 1624 3554 1697 ἢ

1987 1694 2148 1765 μόνος
2173 1697 2335 1764 αὐτὸς
2362 1700 2391 1752 6
2417 1701 2640 1775 Κύριος,
2672 1706 2815 1761 κατὰ
2863 1709 2926 1762 τὸ
2976 1711 3264 1783 εἰρημένον
3292 1694 3552 1786 ἀλλαχοῦέ

1986 1791 2068 1843 Οὐ
2100 1791 2387 1861 πρέσϐυς,
2424 1798 2535 1852 οὐκ
2585 1797 2856 1870 ἅγγελος,
2898 1801 3036 1858 ἀλλ’
3076 1804 3259 1870 αὐτὸς
3289 1807 3320 1859 ό
3341 1807 3556 1876 Κύριος

1863 1963 1876 1975 .
1911 1857 1953 1914 Β
1979 1857 2214 1936 ἔσωσεν

1851 2177 1878 2188 ·
1975 2156 2075 2228 τὴν
2103 2157 2324 2230 ἔννομον
2353 2160 2661 2227 ἀσπάζεται
2706 2166 2999 2223 πολιτείαν.
3029 2170 3229 2241 Μήτηρ
3262 2170 3320 2224 δὲ
3356 2175 3553 2244 εὐφρο-

1841 2236 1879 2295 ἱ-
1976 2247 2200 2323 σύνηςή
2228 2251 2449 2325 τοιαύτη
2485 2252 2615 2328 ζωή.
2662 2257 2903 2324 Εἰκότως
2958 2236 3137 2316 τοίνυλθ
3268 2236 3551 2339 aposian

1971 2339 2050 2411 τῷ
2079 2341 2230 2414 φόϐῳ
2251 2343 2348 2416 τὴν
2381 2346 2585 2401 οἰκείαν
2613 2348 2980 2423 εὐφρανθῆναι
3003 2353 3229 2426 καρδίαν
3264 2354 3551 2411 ὑπώπτευ-

1973 2447 2085 2486 σεν.
2120 2432 2278 2489 Οὕτω
2324 2435 2434 2509 γὰρ
2488 2438 2584 2491 καὶ
2629 2439 2862 2512 ἀλλαχοῦ
2916 2460 3099 2514 φησιν·
3142 2445 3548 2516 Εὑφρανθήτω

1969 2522 2183 2591 καρδία
2202 2524 2532 2594 ζητούντων
2577 2531 2685 2585 τὸν
2719 2535 2956 2602 Κύριον·
2987 2539 3083 2592 καὶ
3120 2539 3300 2595 πάλιν·
3339 2540 3549 2611 Ἐμνή-

1967 2618 2129 2685 σθην
2155 2618 2262 2673 τοῦ
2299 2621 2468 2687 Θεοῦ,
2497 2623 2595 2677 καὶ
2625 2625 2985 2697 εὐφράνθην.

2050 2709 2602 2785 Ἐξομολογήσομαι
2653 2733 2774 2783 σοι,
2822 2721 3003 2790 Κύριε
3030 2725 3065 2776 ὁ
3113 2724 3255 2791 Θεός
3275 2742 3415 2794 μου,
3469 2725 3546 2781 ἐν

1966 2798 2079 2870 ὅλῃ
2106 2803 2318 2872 καρδίᾳ
2334 2823 2473 2875 μου.
2525 2809 2861 2866 Μεταὸαλὼν
2892 2813 2991 2886 τὴν
3049 2817 3354 2888 προσευχὴν
3380 2816 3545 2884 εὐθὺς

1964 2894 2046 2957 είς
2069 2894 2476 2970 ἐξομολόγησιν,
2506 2902 2592 2970 ἐφ’
2642 2898 2724 2967 οἷς
2772 2904 3012 2977 ἐρρύσθη
3038 2906 3131 2961 τοῦ
3159 2907 3307 2980 ᾅδου,
3333 2908 3432 2983 τὴν
3457 2912 3546 2966 ai-

1962 2986 2084 3042 τίαν
2112 2988 2511 3063 ὲξαγορεύειδι’
2532 2995 2600 3068 ἢν
2629 2996 2865 3068 ἥμαρτε,
2896 2998 3069 3069 λέγων
3099 3001 3388 3075 ἐπιϐουλὴν
3415 3005 3544 3060 πολ·-

1961 3079 2066 3135 λῶν
2087 3098 2147 3135 τε
2172 3084 2267 3136 καὶ
2299 3086 2593 3156 κραταιῶν,
2624 3090 2989 3162 αἰνιττόμενος
3018 3090 3117 3156 τὰς
3157 3095 3422 3166 ἁορὰτους
3451 3096 3539 3150 δυ-

1886 3193 1929 3252 c
1960 3173 2173 3245 νάμεις,
2211 3175 2287 3247 μὴ
2318 3176 2552 3249 θεμένας
2596 3180 2702 3251 πρὸ
2754 3181 2862 3236 τῶν
2892 3182 3185 3255 ὀφθαλμῶν
3240 3185 3331 3240 τὸν
3383 3186 3538 3243 Θεόν.

1964 3266 2035 3319 Σὺ
2064 3266 2142 3332 δὲ,
2172 3267 2367 3339 Κύριε,
2398 3271 2584 3339 φησὶν,
2615 3272 2759 3344 ἆπερ
2791 3275 2988 3328 ἐκεῖνοι
3030 3275 3103 3347 μὴ
3133 3277 3538 3350 προσεδόκησαν

1964 3359 2365 3433 συνεχώρησας.
2418 3365 2722 3436 ῥυσάμενος
2766 3367 2867 3438 τὴν
2926 3366 3104 3438 ψυχήν
3166 3386 3266 3440 μου
3315 3369 3375 3438 ἐξ
3410 3370 3538 3443 ᾇδου

1961 3452 2274 3507 κατωτὰτου
2300 3454 2682 3530 φιλανθρωπίᾳ
2708 3460 2774 3530 τῇ
2815 3461 2904 3530 σῇ.
2937 3459 3099 3529 Λέγει
3121 3461 3180 3514 δὲ
3215 3460 3386 3516 ταῦτα
3406 3464 3539 3536 Χρι-

1961 3543 2105 3610 στδς,
2137 3546 2532 3618 παραστάντων
2555 3548 2663 3603 τῶν
2697 3548 2961 3618 βασιλέων
3010 3553 3110 3622 τῆς
3136 3549 3260 3623 γῆς,
3289 3555 3382 3608 καὶ
3429 3554 3538 3610 τῶν

1958 3634 2232 3705 ἀρχόντων
2261 3636 2633 3708 συναχθέντων
2670 3640 2763 3693 ἐπὶ
2788 3642 2851 3694 τὸ
2882 3642 3014 3695 αὐτὸ
3043 3646 3163 3697 κατ’
3184 3644 3370 3700 αὐτοῦ.

2031 3723 2159 3777 Ὅτι
2192 3723 2260 3778 τὸ
2295 3726 2470 3792 ἔλεός
2511 3742 2629 3782 σου
2669 3729 2825 3799 μέγα
2868 3728 2963 3784 ἐπ’
3010 3732 3133 3802 ἐμέ.
3179 3733 3266 3798 Ὠς
3324 3735 3424 3808 ἤδη
3457 3737 3539 3801 είς

1958 3812 2131 3885 πέρας
2179 3815 2359 3869 αὐτῶν
2409 3816 2670 3890 ἀχθείσης
2720 3820 2822 3892 τῆς
2874 3822 3206 3895 προσευχῆς,
3267 3824 3329 3878 τὸ
3389 3826 3535 3896 μέγα
3634 3886 3639 3891 ,

1955 3903 2102 3968 ἕλεος
2121 3904 2218 3959 τοῦ
2243 3906 2377 3961 Θεοῦ
2401 3910 2482 3973 είς
2502 3911 2630 3975 τοὺς
2654 3911 2857 3976 αἰῶνας
2878 3914 3112 3970 αἰνέσειν
3144 3917 3326 3987 φησίν·
3360 3917 3444 3971 ὅτι
3469 3917 3534 3991 δὴ

1956 3996 2050 4051 καὶ
2075 3998 2259 4053 αὐτῶν
2286 4001 2351 4054 ἐκ
2385 4001 2566 4074 χειρὸς
2597 4003 2727 4075 ᾅδου
2754 4004 2853 4070 τὰς
2878 4007 3054 4078 ψυχὰς
3083 4007 3473 4081 ἠλευθέρωσεν.

2000 4172 2062 4225 Ὀ
2079 4171 2242 4239 Θεὸς,
2262 4172 2588 4244 παράνομοι
2605 4176 3036 4248 ἐπανέστησαν
3052 4180 3143 4236 ἐπ’
3153 4181 3272 4252 ἐμέ.
3286 4182 3531 4238 Δείκνυσι

1951 4261 2041 4316 διὰ
2063 4262 2288 4327 τούτων,
2306 4264 2383 4329 ὡς
2418 4267 2498 4329 εἰς
2529 4265 2626 4339 τὴν
2657 4268 2932 4342 ἁμαρτίαν
2962 4273 3178 4344 ἐκείνην
3207 4274 3528 4330 κατέπεσεν.

1951 4353 2079 4419 Πῶς
2108 4354 2187 4418 δὲ,
2221 4355 2255 4427 ἢ
2283 4358 2347 4410 ἐκ
2365 4354 2460 4410 τοῦ
2487 4361 2810 4432 συναγωγήν
2849 4378 2972 4416 τινα
3012 4363 3261 4436 πονηρῶν
3287 4366 3529 4438 πνευμάο

1952 4463 2061 4501 των
2086 4448 2464 4522 ἐπαναστῆναι
2526 4451 2620 4506 καὶ
2668 4453 3024 4510 ὐποσκελίσαι
3057 4458 3220 4514 αὐτὸν
3263 4458 3358 4514 τοῦ
3406 4464 3527 4515 κατ’

1876 4534 1920 4589 D
1948 4537 2148 4612 ἀρετὴν
2180 4540 2408 4614 δρόμου;

2018 4632 2128 4686 Καὶ
2187 4632 2290 4700 σὺ,
2341 4636 2518 4710 Κύριε
2566 4639 2600 4692 d
2660 4640 2804 4706 Θεος
2842 4658 2985 4712 μου,
3057 4645 3368 4715 οἰκτίρμων
3424 4647 3520 4701 καὶ

1946 4719 2234 4793 ἐλεήμων.
2265 4724 2328 4777 Εί
2379 4727 2495 4792 καὶ,
2548 4728 2963 4785 ἐπαναστάντων
2996 4751 3085 4805 μοι
3116 4733 3224 4803 τῶν
3272 4736 3524 4807 πονηρῶν

1948 4816 2296 4885 πνευμάτων,
2329 4820 2483 4889 φησι,
2510 4820 2850 4892 κατηνέχθην
2885 4825 2965 4889 εἰς
2995 4827 3289 4899 ἁμαρτίαν,
3313 4831 3408 4884 καὶ
3452 4830 3522 4884 δι’

1944 4905 2116 4977 αὐτῆς
2158 4909 2370 4989 είςθτὸν
2430 4913 2788 4984 προκείμενον
2840 4916 3150 4972 κατώτατον
3197 4920 3349 4992 ᾅδην·
3385 4922 3521 4977 ἀλλὰ

1946 4996 2033 5061 σὺ,
2063 4998 2257 5071 Κύριε,
2287 5001 2468 5071 αὐτὸς,
2502 5007 2629 5071 τοὺς
2671 5008 2904 5073 οἰκείους
2941 5009 3256 5081 οἰκτιρμοὺς
3287 5013 3383 5066 καὶ
3430 5014 3517 5068 ἐπ’

1944 5091 2066 5160 ἐμοὶ
2093 5092 2437 5162 ὲφαπλὼσας,
2468 5099 2685 5171 ἐρῤύσω
2717 5101 2815 5173 τὴν
2839 5100 3014 5173 ψυχήν
3049 5120 3166 5173 μου
3193 5102 3270 5156 διὸ
3294 5103 3385 5157 καὶ
3414 5105 3518 5160 πά-

1941 5179 2024 5235 λιν
2058 5183 2323 5240 ἐλεεῖσθαι
2357 5187 2573 5255 ἐξαιτῶ.
2626 5192 2817 5246 Ἔσται
2867 5192 2925 5246 δέ
2962 5210 3052 5264 μοι
3076 5195 3105 5246 ὀ
3129 5193 3275 5258 ἔλεος
3307 5194 3393 5248 διὰ
3420 5195 3513 5249 τοῦ

1942 5273 2232 5345 ἐπιϐλέψαι
2266 5295 2323 5331 σε
2349 5282 2428 5344 εἰς
2447 5282 2562 5351 ἐμέ.

2010 5367 2278 5435 Ποίησον
2305 5373 2434 5438 μετ’
2456 5372 2603 5443 ἐμοῦ
2630 5375 2885 5444 σημεῖον
2916 5378 3002 5441 εἰς
3022 5375 3263 5445 ἀγαθόν.
3300 5377 3510 5450 ’Ὠσπερ

1939 5454 2106 5508 πάλαι
2155 5458 2212 5510 ὲν
2258 5459 2520 5532 Αἰγύπτῳ
2577 5465 2689 5527 τοῖς
2732 5464 2869 5527 υἱοῖς
2921 5463 3134 5536 Ἰσραὴλ
3173 5468 3396 5536 σημεῖον
3425 5466 3510 5523 δέ-

1934 5545 2106 5601 δωκεν
2138 5550 2166 5602 6
2195 5549 2345 5616 Θεὸς,
2370 5550 2463 5606 τοῦ
2493 5552 2568 5626 μὴ
2615 5553 2934 5627 ἀδικηθῆναι
2978 5554 3176 5619 αὐτοὺς
3223 5557 3375 5630 παρᾶ
3412 5558 3504 5614 τοῦ

343 5765 385 5805 ’⁵
410 5774 515 5834 lsa.
551 5796 747 5845 sum.
780 5792 832 5849 2.
912 5799 954 5830 η
994 5797 1137 5855 Psal.
1172 5816 1279 5861 civ.
1310 5802 1360 5857 3.
1443 5808 1483 5841 "
1526 5807 1671 5866 Psal.
1706 5827 1890 5873 u-xvn.
1918 5816 1974 5873 2.
