3946 6222
256 407 364 462 δη

1308 423 1677 513 EXPOSITIO
1718 430 1785 487 IN
1827 432 2153 494 PSALMUM
2192 440 2496 501 LXXXVII.

3414 461 3521 512 378

270 522 793 630 é}t00953105,-051ta>
816 532 907 585 καὶ
950 533 1099 605 αὐτῷ
1128 540 1349 609 σημεῖον
1388 542 1609 615 δοθῆναι
1632 546 1839 618 ἐξαιτεῖ,

1962 553 2074 610 dari
2110 569 2289 628 rogat,
2319 568 2378 615 ut
2404 575 2502 630 per
2526 560 2661 617 illud
2696 571 2963 629 servetur,
3007 572 3063 621 et
3090 563 3347 623 inimicos
3386 582 3521 628 con-

446 614 516 714 αν
549 620 647 673 καὶ
674 622 915 696 φυλαχθῇ
945 624 1012 678 δι’
1036 628 1223 695 αὑτοῦ,
1254 632 1348 687 καὶ
1370 638 1705 714 καταισχύνῃ
1729 614 1855 707 τοὺς
1910 614 1923 616 ν
1956 646 2167 705 fundat.

276 707 526 783 ἐχθρούς.

457 799 590 868 Τοῖς
615 803 767 870 υἱοῖς
797 808 946 875 Κορὲ
976 812 1285 869 ΨΑΛΜΟΣ
1318 815 1497 887 ᾠδῆς.
1530 820 1672 889 Πςν.

907 904 1236 973 Ὑπόθεσις.

280 983 501 1056 ’ᾼδουσι
530 989 692 1045 πάλιν
714 993 803 1047 τὸν
836 993 1048 1067 ψαλμὸν
1105 999 1295 1054 τοῦτον
1348 1004 1397 1056 oi
1429 1002 1524 1059 reb
1562 1006 1703 1078 Κορὲ
1748 1009 1853 1063 υἱοὶ

345 1079 426 1143 είς
487 1081 588 1153 τὴν
635 1084 978 1159 Ἐκκλησίαν,
1008 1090 1076 1143 δι’
1103 1092 1270 1146 αὐτοῦ
1331 1096 1693 1166 κηρύσσοντες
1745 1100 1852 1153 τῶν

348 1167 522 1224 ἐθνῶν
553 1173 653 1245 τὴν
681 1175 893 1248 κλῆσιν,
955 1181 1050 1235 καὶ
1083 1183 1183 1253 τὴν
1218 1187 1518 1259 γενομένην
1554 1188 1851 1261 ὲπίλαμψιν

347 1264 412 1332 τῇ
466 1263 764 1339 Ἐκκλησία
797 1270 891 1325 τοῦ
923 1274 1258 1343 Μονογενοῦς
1283 1277 1371 1332 διὰ
1402 1279 1499 1348 τῆς
1546 1281 1683 1351 μετὰ
1716 1298 1851 1353 σαρ-

348 1353 441 1417 κὸς
468 1357 799 1430 οἰκονομίας.

348 1447 413 1498 Οἱ
449 1447 703 1517 θεμέλιοι
747 1453 936 1508 αὑτοῦ
990 1457 1060 1511 ἐν
1111 1459 1235 1526 τοῖς
1277 1460 1444 1529 ὄρεσι
1477 1462 1603 1529 τοῖς
1634 1465 1847 1536 ἁγίοις.

271 1536 451 1590 Αὑτοῦ
487 1540 589 1610 μὲν
616 1543 709 1597 τοῦ
739 1544 1031 1616 κληθέντος
1056 1550 1145 1605 διὰ
1175 1552 1273 1623 τῆς
1310 1555 1547 1621 πίστεως
1574 1557 1725 1613 λαοῦ.
1744 1559 1850 1612 -Λέ-

270 1645 359 1724 γει
385 1629 472 1724 δὲ,
502 1633 584 1687 ὅτι
618 1636 677 1701 ἐξ
704 1636 874 1694 ἐθνῶν
897 1639 1022 1707 λαὸς
1050 1645 1445 1720 ἐπῳκοδομήθη
1475 1651 1566 1703 ἐπὶ
1590 1650 1668 1722 τῷ
1697 1650 1852 1724 θεμε·

269 1719 370 1785 λίῳ
404 1722 515 1777 τῶν
550 1726 861 1785 ἀποστόλων
895 1733 989 1787 καὶ
1019 1737 1334 1809 προφητῶν.

358 1812 582 1884 Ἀγαπᾷ
616 1820 833 1889 Κύριος
859 1824 966 1892 τὰς
1018 1828 1217 1896 πύλας
1247 1829 1400 1886 Σιὼν
1453 1834 1605 1903 ὑπὲρ
1650 1834 1846 1890 πάντα

267 1907 343 1961 τὰ
384 1908 744 1981 σκηνώματα
802 1917 1022 1973 Ἰακώϐ.
1089 1922 1269 1987 Πύλας
1307 1923 1445 1978 Σιὼν
1472 1925 1569 1998 τὴν
1612 1928 1843 1997 είσαγω-

266 2001 431 2071 γικὴν
483 2004 580 2057 καὶ
617 2007 930 2081 στοιχειώδη
983 2012 1335 2069 διδασκαλίαν
1373 2018 1475 2087 τῆς
1519 2019 1843 2090 Ἐκκλησίας

268 2096 420 2164 φησί·
459 2097 790 2171 σκηνώματα
812 2101 869 2156 δὲ
892 2103 1083 2158 Ἰακὼό
1104 2104 1199 2178 τὴν
1218 2108 1359 2162 κατὰ
1380 2109 1541 2180 νόμον
1566 2110 1837 2182 λατρείαν.

266 2187 432 2258 Φησὶν
461 2185 557 2244 οὖν
583 2191 659 2254 ὡς
682 2194 1019 2269 αίρετωτέρα
1066 2199 1316 2270 κέκριται
1363 2201 1512 2273 παρὰ
1545 2203 1621 2274 τῷ
1644 2204 1762 2276 Θεῷ
1806 2206 1839 2277 ή

266 2278 593 2353 εὐαγγελικὴ
627 2282 873 2337 πολιτεία
894 2286 995 2356 τῆς
1045 2289 1188 2344 κατὰ
1237 2292 1400 2362 νόμον
1426 2292 1700 2365 λατρείας.

335 2367 760 2441 Δεδοξασμένα
784 2374 1054 2446 ἀλαλήθη
1077 2378 1212 2447 περὶ
1265 2381 1404 2445 σοῦ,
1448 2383 1487 2451 ἠ
1526 2385 1704 2451 πόλις
1733 2385 1841 2440 τοῦ

267 2459 436 2513 Θεοῦ.
484 2461 650 2526 Πόλις
705 2464 807 2535 μὲν
862 2468 1243 2540 ήἘκκλησία.
1292 2472 1429 2526 Ποῖα
1480 2473 1840 2545 δεδοξασμένα

265 2551 496 2625 ἐλαλήθη
519 2557 649 2626 περὶ
701 2557 890 2631 αὐτῆς,
933 2560 966 2632 ἢ
1020 2561 1082 2615 τὸ
1105 2563 1428 2634 κατοικῆσαι
1470 2564 1529 2619 ὲν
1576 2566 1712 2638 αὐτῇ
1747 2567 1838 2623 τὸν

264 2645 564 2719 Μονογενῆ,
595 2650 742 2704 κατὰ
763 2651 824 2706 τὸ
851 2654 1159 2725 εἰρημένον
1180 2650 1325 2711 Ὧδε
1362 2657 1722 2726 κατοικήσω,
1752 2659 1841 2714 ὅτι

264 2740 632 2812 ᾐρετισάμησν
666 2745 861 2815 αὑτήν
875 2763 897 2812 ;

334 2832 771 2904 Πνησθήσομαι
843 2835 1025 2891 Ῥαὰό
1097 2838 1197 2892 καὶ
1269 2839 1642 2907 Βαϐυλῶνος.
1718 2841 1839 2897 Τῶν

264 2924 700 2993 ἐπιστρεφόντων
745 2928 826 2992 είς
870 2927 991 2998 ἐμὲ,
1028 2930 1184 3001 φησι,
1228 2932 1448 3003 μνήμην
1508 2934 1588 2997 εἰς
1637 2933 1840 3003 ἀγαθὸν

265 3017 579 3087 ποιήσομαι,
619 3019 654 3089 ἢ
706 3020 800 3073 καὶ
843 3020 950 3073 τῶν
978 3022 1222 3086 ἐκτόπως
1276 3025 1358 3087 είς
1403 3023 1713 3095 φιληδονίαν
1747 3028 1839 3080 ὲκ-

264 3108 616 3173 κεκλικάτων,
653 3104 875 3166 καὶτῶν
905 3112 1042 3183 ἄταν
1072 3113 1625 3188 εἰδωλολατρούντων.
1656 3116 1840 3172 Ταῦτα

2049 824 2102 881 1.
2136 825 2295 883 Filii:
2326 846 2458 885 gare
2487 828 2829 889 PSALMUS
2859 831 3089 891 Cantici.
3120 834 3440 894 LXXXVI.

2534 925 2931 995 Argumentum.

1952 1007 2106 1064 Hunc
2129 1025 2323 1068 rursus
2345 1012 2613 1083 psalmum
2645 1027 2849 1071 canunt
2879 1016 2974 1071 IIIII
3002 1016 3143 1073 Core
3175 1018 3231 1073 in
3263 1017 3517 1076 Ecclesia:

2021 1104 2282 1173 gratiam,
2318 1108 2657 1162 vocationem
2709 1110 2955 1179 gentium
3008 1100 3404 1180 praedicantes,
3461 1123 3517 1168 et

2024 1196 2443 1253 illustrationem
2486 1200 2763 1271 Unigcniti
2800 1201 2855 1256 in
2888 1200 3130 1273 Ecclesia
3155 1204 3392 1259 futuram
3420 1220 3517 1276 per

2021 1292 2383 1345 meonomiam
2415 1292 2596 1348 carnis

2021 1467 2395 1525 Fundamenta
2422 1470 2537 1541 ejus
2570 1474 2624 1528 in
2654 1473 2917 1529 montibus
2965 1476 3185 1531 sanctis.
3242 1474 3375 1545 Ejus
3407 1476 3514 1532 sci-

1948 1559 2073 1614 licet
2105 1562 2293 1632 populi
2336 1563 2432 1633 qui
2474 1578 2572 1633 per
2606 1565 2765 1620 ﬁdem
2798 1576 3023 1622 vocatus
3055 1578 3158 1622 est.
3209 1568 3300 1623 Ait
3329 1577 3511 1622 autem

1947 1667 2014 1706 ex
2042 1654 2298 1723 gentibus
2328 1654 2653 1711 aediﬁcatum
2689 1656 2859 1712 fuisse
2889 1657 3150 1728 populum
3192 1673 3357 1728 super
3384 1655 3512 1712 fun-

1946 1742 2260 1801 damentum
2290 1748 2660 1817 apostolorum
2690 1758 2745 1803 et
2768 1749 3181 1819 prophetarum.

2014 1834 2071 1888 2.
2095 1834 2286 1906 Diligit
2309 1837 2569 1892 Dominus
2596 1848 2778 1908 portas
2804 1837 2935 1894 Sion
2957 1856 3114 1909 super
3139 1840 3315 1893 omnia
3341 1838 3516 1893 taber-

1945 1928 2136 1983 nacula
2166 1927 2355 1985 Iacob.
2405 1927 2598 1985 Portas
2635 1929 2766 1985 Sion
2803 1930 3068 1986 initialem
3117 1939 3170 1986 et
3213 1930 3516 1986 elementa—-

1944 2037 2056 2076 rem
2091 2021 2349 2078 Ecclesiae
2390 2024 2692 2080 doctrinam
2743 2024 2898 2088 dicit,
2954 2024 3303 2079 tabernacula
3333 2030 3514 2077 autem

1944 2112 2114 2171 Iacob
2151 2113 2378 2185 legalem
2424 2116 2652 2171 cultum.
2713 2116 2806 2172 Ait
2853 2116 3022 2187 igitur
3052 2115 3344 2186 optabilius
3372 2112 3516 2183 apud

1946 2206 2115 2262 Deum
2144 2222 2267 2263 esse
2290 2209 2667 2280 evangelicum
2703 2208 3018 2264 institutum
3052 2207 3209 2278 legali
3238 2207 3406 2264 cultu.

2011 2384 2064 2440 '5.
2099 2381 2344 2440 Gloriosa
2375 2383 2521 2440 dicta
2552 2394 2674 2441 sunt
2704 2385 2768 2440 de
2800 2395 2867 2453 te,
2903 2385 3087 2439 civitas
3128 2382 3242 2439 Dei.
3305 2381 3516 2438 Civitas

1941 2484 2023 2529 cst
2052 2472 2315 2529 Ecclesia.
2366 2475 2626 2541 Quaenam
2657 2475 2892 2546 gloriosa
2938 2476 3082 2530 dicta
3127 2483 3257 2530 sunt
3298 2472 3365 2527 de
3395 2471 3511 2537 illa,

1943 2567 2049 2620 nisi
2083 2566 2227 2637 quod
2273 2565 2327 2620 in
2375 2580 2438 2621 ea
2472 2566 2680 2621 habitet
2711 2564 3036 2636 Unigenitus
3059 2606 3075 2627 ,
3117 2565 3275 2636 juxta
3304 2563 3511 2619 dictum

1941 2656 2074 2712 illud
2102 2675 2117 2711 :
2145 2655 2248 2711 Hic
2273 2654 2520 2711 habitabo
2548 2658 2798 2728 quoniam
2824 2657 2958 2727 elegi
2981 2653 3194 2710 eam"?

2009 2833 2063 2889 4.
2102 2833 2306 2887 Memor
2350 2850 2438 2888 ero
2486 2833 2670 2888 Rahab
2718 2842 2768 2887 et
2814 2832 3123 2902 Babylonis.
3184 2830 3381 2887 Eorum
3413 2833 3510 2902 qui

1940 2930 2007 2985 ad
2032 2945 2118 2985 me
2138 2938 2551 2995 convertuntur,
2578 2928 2672 2995 ait,
2704 2928 3023 2982 memoriam
3054 2926 3122 2981 ad
3150 2926 3355 2981 bonum
3385 2941 3512 2981 con-

1940 3021 2168 3077 servabo
2201 3040 2215 3076 :
2249 3030 2342 3075 aut
2368 3036 2554 3075 eorum
2586 3021 2680 3091 qui
2721 3020 3031 3074 indecenter
3062 3018 3128 3073 ad
3179 3017 3509 3087 voluptatem

1939 3114 2302 3180 declinarunt,
2328 3113 2444 3168 sive
2466 3127 2656 3168 eorum
2680 3113 2773 3182 qui
2794 3109 3110 3166 idololatria:
3128 3108 3282 3162 valde
3306 3105 3507 3161 addicti

262 3199 364 3271 γὰρ
408 3203 542 3272 ἡμῖν
590 3203 829 3273 ἐσήμανε
864 3203 954 3258 διὰ
1001 3205 1103 3275 τῆς
1162 3206 1330 3260 Ῥαὰϐ
1376 3208 1470 3262 καὶ
1500 3208 1834 3272 Βαϐυλῶνος.

1962 3205 2113 3261 'ucre.
2175 3203 2302 3261 Herc
2346 3204 2490 3260 enim
2527 3204 2687 3258 nobis
2722 3202 3050 3273 signiﬁcavit
3092 3216 3188 3271 per
3223 3198 3410 3288 Ralra‘o
3452 3205 3507 3253 et

2364 3295 2401 3308 η
2910 3292 3020 3308 _...
3219 3288 3501 3308 -

263 3291 366 3344 Kal.
407 3291 566 3347 Ἰδοὺ
610 3293 950 3363 ἀλλόφυλοι
1007 3296 1108 3349 καί
1166 3298 1346 3365 Τύρος
1407 3297 1503 3352 καὶ
1543 3298 1694 3364 λαὸς
1720 3297 1839 3351 τῶν

261 3386 571 3441 Αἰθιόπων.
600 3388 851 3442 Διδάσκει
878 3391 1026 3461 ἡμᾶς
1054 3391 1084 3444 6
1129 3388 1287 3457 λόγος
1316 3390 1523 3460 σαφῶς,
1554 3391 1637 3445 ὃτι
1674 3391 1740 3464 δὴ
1772 3394 1838 3446 ὲκ

260 3479 473 3534 πάντων
505 3481 616 3537 τῶν
644 3482 815 3536 ἐθνῶν
848 3484 881 3554 ή
921 3483 1215 3554 Ἐκκλησία
1245 3483 1591 3554 συνέστηκεν.

327 3571 535 3642 Μήτηρ
589 3573 746 3628 Σιὼν
773 3574 913 3643 ἐρεῖν
968 3577 1345 3644 Ἀνθρωπος,
1376 3574 1475 3629 καὶ
1527 3574 1839 3645 ἅνθρωπος

256 3664 547 3734 ἐγεννήθη
570 3667 642 3720 ἐν
668 3666 843 3735 αὐτῇ.
884 3667 1113 3740 Μητέρα
1161 3666 1315 3739 φησι,
1372 3667 1526 3739 δῆλον
1552 3667 1630 3733 δὲ,
1676 3669 1759 3723 ὅτι
1785 3668 1836 3722 oi

260 3756 688 3820 πεπιστευκότες
730 3755 828 3828 τὴν
854 3755 994 3810 Σιὼν
1025 3758 1145 3828 ἦτοι
1174 3757 1276 3828 τὴν
1329 3756 1652 3829 Ἐκκλησίαν
1711 3760 1837 3813 ἐπι-

256 3844 599 3916 γραφόμεθα,
620 3847 677 3899 ὲν
710 3839 792 3920 ᾖδ
820 3846 1123 3919 ἄνθρωπος.
1147 3846 1180 3918 ἦ
1201 3849 1230 3901 6
1260 3846 1421 3913 αὐτὸς
1447 3852 1475 3903 ὁ
1503 3847 1837 3920 θεμελιώσας

255 3936 444 4008 αὐτήν.
490 3932 661 4003 Οὗτος
714 3939 772 3993 δέ
821 3940 970 3993 ἐστιν
1013 3942 1044 3994 6
1103 3942 1397 4013 γενόμενος
1455 3941 1523 3995 δι’
1551 3942 1700 4011 ἡμᾶς
1738 3939 1835 3995 ἄν·

256 4027 494 4100 θρωπος,
527 4032 623 4085 καὶ
658 4031 1128 4102 ἐπαγγελλόμενος
1157 4034 1251 4087 ἐπὶ
1280 4033 1380 4106 τὴν
1434 4032 1641 4105 πέτραν
1675 4031 1839 4103 θεμε-

253 4117 443 4175 λιῶσαι
492 4121 592 4193 τὴν
644 4124 989 4195 Ἐκκλησίαν.

322 4217 546 4284 Κύριος
602 4215 953 4287 διηγήσεται
1007 4217 1079 4272 ἐν
1125 4216 1323 4289 γραφῇ
1363 4215 1531 4272 λαῶν
1579 4216 1678 4271 καὶ
1728 4217 1835 4285 ἁρ-

253 4308 504 4377 χὼιτων.
542 4307 663 4362 Τῶν
694 4308 860 4375 λαῶν,
905 4311 1060 4381 φησὶ,
1106 4311 1199 4365 καὶ
1233 4310 1342 4365 τῶν
1402 4308 1679 4381 ἀρχόντων
1725 4308 1835 4363 τῶν

252 4399 308 4451 ἐν
340 4400 480 4470 αὐτῇ
540 4402 606 4470 τῇ
651 4400 947 4473 Ἐκκλησία
978 4400 1305 4473 γενομένων,
1336 4402 1365 4454 6
1412 4399 1617 4470 Κύριος
1643 4398 1837 4470 διηγή-

254 4506 401 4545 σεται
432 4489 534 4560 τὴν
553 4493 791 4563 γραφήν.
847 4493 958 4547 Καὶ
988 4492 1104 4557 πῶς
1152 4493 1239 4557 ἂν,
1270 4493 1456 4563 φησὶν,
1495 4491 1529 4564 ἢ
1560 4489 1658 4562 τὴν
1693 4491 1831 4543 ἀπο-

1940 3296 2294 3368 Babylonem.
2351 3295 2486 3350 Ecce
2525 3295 2831 3365 alienigena:
2874 3302 2922 3347 et
2977 3292 3147 3363 Tyrus
3183 3302 3230 3344 et
3282 3288 3505 3360 populus

1937 3385 2272 3457 ﬁthiopum.
2360 3383 2547 3439 Palam
2581 3384 2667 3440 IIIS
2696 3384 2876 3439 verbis
2906 3382 3199 3438 edoccmur
3227 3395 3293 3436 ex
3328 3379 3506 3434 omni-

1937 3479 2040 3535 bus
2068 3478 2318 3551 gentibus
2347 3475 2645 3531 Ecclesium
2672 3485 2943 3529 constare.

2008 3569 2060 3624 5.
2096 3569 2271 3624 Mater
2297 3567 2427 3623 Sion
2462 3567 2638 3622 dicet:
2669 3565 2838 3619 Homo
2859 3605 2874 3630 ,
2906 3575 2955 3619 et
2984 3564 3136 3618 homo
3163 3572 3320 3617 natus
3347 3570 3424 3615 est
3450 3560 3507 3614 in

1935 3678 2016 3717 ea.
2045 3659 2272 3715 Matrem
2303 3658 2473 3724 dicit,
2525 3657 2877 3712 manifestum
2925 3665 3105 3709 autem
3136 3660 3221 3709 est
3267 3666 3368 3706 nos
3411 3650 3508 3721 qui

1936 3751 2214 3808 credimus
2248 3749 2300 3805 id
2330 3746 2484 3804 Sioni
2511 3748 2625 3804 sive
2649 3747 2903 3802 Ecclesia:
2929 3745 3284 3814 ascripturos,
3315 3742 3367 3795 in
3398 3757 3507 3811 qua

1935 3853 2019 3901 est
2041 3844 2226 3908 homo,
2260 3842 2374 3897 sive
2396 3840 2442 3897 is
2467 3840 2583 3910 ipse
2609 3839 2702 3909 qui
2733 3837 2976 3892 fundavit
3008 3851 3127 3891 eam
3202 3833 3303 3888 Hic
3324 3841 3505 3887 autem

1934 3948 2014 3991 est
2044 3934 2137 4006 qui
2163 3948 2261 4003 pro
2299 3932 2455 3988 nobis
2488 3931 2654 3985 homo
2677 3927 2852 3983 factus
2880 3936 2998 3992 est,
3023 3935 3077 3981 et
3107 3941 3200 3996 qui
3235 3923 3507 3994 pollicitus

1935 4035 2020 4082 est
2051 4041 2110 4082 se
2134 4040 2298 4096 supra
2326 4032 2536 4094 petram
2570 4021 2962 4076 mditicaturum
2991 4017 3309 4073 Ecclesiam.

2005 4203 2057 4258 6.
2095 4202 2355 4257 Dominus
2388 4198 2626 4259 narrabit
2676 4201 2732 4253 in
2776 4197 3058 4270 scripturis
3103 4195 3415 4268 populorum
3451 4204 3504 4250 et

1935 4297 2254 4366 principum.
2311 4292 2671 4363 Populorum,
2697 4289 2893 4361 inquit,
2917 4298 2969 4344 ct
2996 4288 3301 4360 principum
3329 4285 3423 4357 qui
3448 4282 3503 4367 in

1935 4389 2053 4458 ipsa
2080 4385 2321 4442 Ecclesia
2353 4392 2515 4439 erunt
2555 4383 2879 4453 scripturam
2917 4379 3181 4434 Dominus
3201 4378 3501 4434 enarrabit.

1936 4478 2002 4533 Et
2030 4494 2139 4549 qua
2171 4478 2384 4532 ratione
2416 4474 2571 4540 illud,
2600 4475 2704 4529 nisi
2731 4473 2859 4544 quia
2893 4471 3311 4541 descriptionem
3356 4469 3504 4522 illam

254 4583 468 4654 νραςρὴν
493 4559 602 4655 τὴν
628 4559 926 4655 γενομένην
959 4586 1017 4638 ὲν
1070 4587 1182 4650 τοῖς
1231 4559 1499 4656 οὖρανοῖς,
1518 4559 1625 4654 ’ἢν
1672 4581 1834 4659 αὐτὸς

1962 4592 1989 4628 ιι
2018 4573 2171 4629 caelis
2201 4570 2399 4626 factam
2440 4569 2552 4625 illis
2602 4568 2718 4638 ipse
2757 4565 3003 4621 narrabit
3030 4563 3217 4619 dicens
3242 4562 3284 4594 ¹⁹
3313 4578 3326 4615 :
3358 4559 3504 4614 ϐακε

255 4673 433 4738 αὐτοῖς
462 4673 783 4744 διηγήσεται
810 4675 985 4744 λέγων
1010 4691 1024 4706 ·
1058 4676 1322 4745 Χαίρετε,
1353 4674 1443 4728 ὅτι
1469 4674 1544 4729 τὰ
1570 4671 1833 4742 ὀνόματα

256 4764 420 4833 ὑμῶν
444 4764 676 4837 ἐποὰφη
699 4767 771 4821 ἐν
796 4767 921 4835 τοῖς
944 4767 1259 4837 οὐρανοῒς;

332 4855 429 4922 Ὡς
462 4856 953 4926 εὐφραινομένων
983 4857 1227 4911 πάντων
1258 4858 1298 4927 ἡ
1325 4856 1599 4912 κατοικία
1618 4854 1687 4910 ἐν
1708 4854 1829 4910 σοί.

257 4944 438 5009 Ὅταν,
478 4947 679 5018 φησὶν,
736 4948 794 5001 ἐν
836 4948 919 5001 σοὶ
980 4949 1199 5003 πάντων
1257 4951 1291 5020 η
1344 4948 1598 5004 κατοικία
1636 4946 1745 5001 τῶν
1771 4948 1831 4998 ὲν

254 5041 317 5108 τῇ
349 5039 650 5113 Ἐκκλησία
674 5040 919 5112 γένηται,
951 5041 1074 5096 τότε
1117 5043 1211 5097 καὶ
1257 5041 1593 5113 εὐφροσύνης
1622 5040 1833 5093 ἔσονται

257 5130 501 5204 πλήρεις.

268 5224 396 5293 per,
437 5230 762 5282 ΨΑΛΜΟΥ
786 5228 910 5295 τοῖς
937 5228 1088 5294 υιοῖς
1120 5226 1286 5296 Κορέ.
1332 5229 1437 5294 Εἰς
1459 5215 1632 5294 τέλος
1680 5228 1830 5296 ὑπὲρ

323 5319 552 5373 Μαελὲθ
574 5319 682 5373 τοῦ
726 5319 1140 5389 ἀποκριθῆναι,
1180 5305 1488 5386 συᾶ”ἐσεως
1545 5322 1723 5390 Ἐθὰμ
1750 5318 1830 5385 τῷ

335 5410 704 5479 Ἰσραηλίτῃ.
740 5410 872 5465 IIZ'.

861 5503 876 5523 '
886 5506 1190 5569 Υπόθεσις.

267 5593 348 5648 'Fv
388 5594 566 5667 τούτῳ
603 5612 687 5664 τῳ
755 5592 955 5663 φα).μῷ
999 5594 1028 5647 ὁ
1063 5592 1159 5646 τοῦ
1215 5592 1451 5664 Χριστοῦ
1517 5594 1829 5666 εἰσφέρεται

316 5685 562 5753 θάνατος,
594 5686 658 5740 ὃν
689 5685 829 5756 ὑπὲρ
857 5683 1013 5757 ἡμῶν
1069 5683 1371 5751 ἀνεδέξατο·
1404 5683 1551 5749 ὅπως
1594 5685 1687 5741 καὶ
1718 5689 1830 5750 τοῖς

314 5829 358 5863 ³⁸
411 5828 563 5885 Psal.
594 5842 785 5896 cun,
818 5826 906 5882 Ii.
987 5825 1029 5858 "
1052 5823 1184 5882 Luc.
1222 5841 1277 5894 ι,
1305 5824 1396 5881 20.

1933 4664 2048 4720 dcte
2076 4665 2203 4736 quia
2236 4663 2455 4719 nomina
2496 4669 2670 4715 vestra
2693 4659 2892 4729 scripta
2924 4664 3045 4713 sunt
3080 4656 3134 4710 in
3161 4652 3301 4709 caelis
3323 4654 3350 4710 2

2006 4842 2058 4894 ’1.
2118 4839 2265 4895 Sicut
2304 4838 2603 4894 laztantinm
2651 4836 2884 4890 omnium
2926 4832 3185 4888 habitatio
3217 4843 3293 4886 est
3330 4832 3384 4885 in
3429 4840 3498 4884 te.

1935 4931 2187 4999 Quando,
2224 4932 2334 4994 ait,
2365 4929 2610 4984 omnium
2649 4927 2742 4997 qui
2775 4927 2828 4981 in
2858 4925 3099 4980 Ecclesia
3130 4934 3259 4980 sunt
3292 4922 3503 4977 habita-

1934 5023 2010 5076 tio
2043 5023 2097 5076 in
2129 5030 2181 5076 te
2209 5019 2395 5086 fuerit,
2430 5029 2560 5074 tunc
2587 5017 2770 5072 latitia
2802 5017 2945 5087 pleni
2976 5026 3156 5070 erunt.

1940 5220 1988 5274 1.
2023 5218 2301 5274 Canticum
2333 5213 2629 5272 PSALMI.
2688 5213 2754 5268 In
2791 5214 2948 5284 ﬁnem
3001 5231 3095 5284 pro
3138 5211 3397 5266 Malteletlt
3428 5209 3496 5262 ad

2008 5311 2446 5381 respondendum,
2468 5308 2769 5363 intellectus
2801 5308 2992 5361 Etlzam
3022 5304 3283 5360 Israelita:
3310 5300 3494 5374 [ναις.

2004 5420 2127 5460 cum
2155 5403 2317 5458 Hebr.
2346 5402 2538 5456 Etltam
2576 5401 2890 5474 Ezraltitw].
2920 5398 3125 5453 LXXX
3142 5394 3268 5450 VII.

2517 5495 2556 5547 Α
2571 5505 2916 5564 rgumentum.

1930 5587 1987 5643 In
2018 5591 2120 5644 hoc
2166 5588 2376 5660 psalmo
2419 5586 2621 5643 Christi
2655 5602 2824 5649 mors,
2856 5597 3018 5653 quam
3053 5596 3151 5652 pro
3183 5580 3338 5637 nobis
3371 5598 3492 5639 sus-

2003 5686 2212 5757 cepit,"',
2239 5693 2576 5743 memoratur
2618 5700 2632 5737 :
2669 5691 2729 5738 ut
2766 5689 3051 5752 postquam
3087 5677 3369 5750 spiritibus
3397 5679 3496 5748 qui
