3946 6222
394 431 502 491 579

454 552 504 602 in
540 548 758 604 inferno
794 564 953 604 erant
984 551 1370 620 prmdicasset,
1416 553 1570 608 daret
1601 546 1958 610 resurrectio-
1986 560 2033 616 Α

453 657 599 695 nem.
651 641 822 696 Deﬂet
850 651 1029 698 autem
1064 641 1367 699 Jerusalem
1389 685 1404 711 ,
1435 655 1621 716 utpote
1650 662 1772 717 qua:
1806 648 1956 702 exci-

457 736 675 789 disseta
705 751 799 804 spe
826 735 880 789 in
918 736 1120 806 ipsum.
1154 737 1275 807 Ipsa
1304 748 1485 794 autem
1515 738 1818 795 Jerusalem
1845 741 1960 796 sive

455 827 716 896 populus,
739 829 867 882 olim
895 844 990 884 ceu
1019 831 1239 900 quidam
1267 832 1469 888 chorus
1493 842 1630 899 erat,
1657 835 1958 890 secundum

450 920 593 989 quod
624 922 796 988 portio
821 930 874 975 et
900 937 1022 976 sors
1047 910 1165 991 ejus
1212 925 1664 994 nuncupabatur;
1696 927 1960 996 quamob-

456 1028 570 1065 rem
614 1028 715 1081 pro
750 1012 1018 1069 Maheleth
1053 1016 1350 1086 inscriptus
1382 1027 1465 1073 est
1497 1019 1775 1087 psalmus,
1812 1021 1960 1091 quod

454 1103 674 1168 dicitur,
708 1104 925 1160 choreae
959 1108 1072 1162 sive
1103 1109 1278 1165 chori.
1328 1109 1599 1177 Quoniam
1634 1122 1814 1167 autem
1841 1130 1962 1184 pro-

457 1194 688 1249 fundum
735 1207 819 1252 est
862 1197 1063 1254 Christi
1096 1202 1414 1270 mysterium
1443 1245 1458 1271 ,
1492 1206 1648 1260 valde
1692 1207 1877 1261 subtili
1908 1217 1963 1262 et

461 1290 732 1360 spirituali
766 1303 945 1348 mente
971 1309 1108 1363 opus
1140 1305 1225 1351 est
1253 1297 1321 1352 ad
1356 1299 1485 1354 illud
1511 1301 1958 1371 intelligendum;

462 1398 666 1453 quare,
723 1383 1069 1454 Intellectus,
1120 1389 1457 1446 inscribitur.
1523 1391 1731 1448 Dicitur
1778 1402 1960 1449 autem

452 1476 700 1542 psalmus
730 1475 930 1531 AEman
959 1494 1081 1534 esse
1101 1520 1116 1544 ,
1151 1481 1204 1534 in
1237 1480 1472 1553 [Egypto
1495 1498 1524 1537 a
1549 1483 1731 1556 Moyse
1763 1483 1959 1541 factus.

456 1564 556 1621 Hic
588 1579 770 1623 autem
798 1567 999 1624 [Eman
1034 1588 1201 1642 nepos
1229 1584 1348 1628 erat
1376 1573 1591 1631 lsraelis
1614 1618 1628 1643 ,
1658 1585 1844 1646 utpote
1867 1579 1961 1648 qui

450 1657 808 1802 :leseenderet
839 1677 908 1717 ex
967 1662 1132 1731 Zara,
1183 1666 1278 1737 qui
1313 1676 1432 1723 erat
1483 1668 1629 1726 ﬁlius
1678 1668 1833 1727 Iuda:
1865 1672 1961 1727 ﬁlii

475 1751 688 1802 sraelis.

475 1751 688 1805 sraelis.

452 1840 509 1895 2.
549 1841 766 1899 Domine
826 1845 962 1901 Deus
1011 1851 1203 1904 sumtis
1252 1867 1413 1918 mete,
1479 1857 1533 1907 in
1583 1855 1670 1909 die
1713 1856 1961 1912 clamavi.

388 1928 585 2001 Utpote
605 1933 817 2002 bonus,
854 1952 979 1991 cum
1004 1938 1211 1994 videret
1234 1941 1419 2011 populi
1455 1944 1666 2013 lapsum
1706 1955 1760 2000 et
1800 1947 1961 2002 disci-

387 2023 499 2091 puli
530 2026 822 2094 perniciem
846 2069 863 2094 ,
911 2043 1102 2098 preces
1133 2047 1232 2100 pro
1266 2033 1334 2088 iis
1358 2033 1587 2091 eﬁ‘undit
1613 2036 1679 2090 ad
1719 2035 1959 2104 Patrem,

387 2122 465 2179 ut,
509 2115 876 2186 improbitatis
919 2120 1144 2177 minime
1172 2125 1486 2197 participes,
1518 2128 1747 2185 salutem
1782 2138 1836 2186 et
1857 2130 1961 2201 ipsi

386 2218 478 2274 per
505 2221 629 2262 eum
664 2211 1135 2267 nanciscerentur.

451 2389 507 2444 ι.
550 2390 690 2454 Quia
736 2392 934 2462 repleta
962 2403 1039 2448 est
1080 2395 1236 2449 malis
1276 2398 1457 2451 anima
1509 2415 1645 2454 mea.
1722 2398 1963 2457 Tametsi

386 2478 503 2549 ipse
527 2489 751 2548 peccata
780 2492 965 2538 nostra
994 2471 1237 2554 pertuli't,
1268 2496 1321 2541 et
1346 2502 1443 2557 pro
1470 2488 1626 2544 nobis
1648 2489 1811 2556 dolet,
1839 2491 1965 2561 jure

386 2587 443 2628 se
459 2573 617 2628 malis
646 2575 907 2644 repletum
939 2577 1034 2631 ait.
1089 2576 1153 2632 Et
1183 2580 1292 2632 vita
1323 2596 1437 2634 mea
1460 2581 1665 2651 inferno
1689 2587 1964 2653 appropin-

386 2668 582 2737 quavit.
629 2665 742 2722 Hoc
770 2668 847 2723 ait
875 2670 1002 2739 quia
1034 2686 1129 2739 per
1160 2673 1389 2742 gratiam
1433 2671 1529 2727 Dei
1562 2689 1663 2745 pro
1708 2676 1966 2731 universo

386 2761 587 2816 mundo
616 2762 854 2832 gustavit
892 2774 1147 2818 mortem.

453 2937 507 2994 ὅ.
537 2936 737 2993 Factus
762 2955 880 2993 sum
906 2941 1043 2995 sicut
1067 2940 1221 2995 homo
1247 2941 1361 2997 sine
1384 2942 1653 3012 adjutorio
1678 2943 1816 2997 inter
1836 2960 1972 2998 mor-

385 3040 504 3088 tuos
535 3033 688 3089 liber.
718 3032 882 3089 Solus
905 3033 1065 3090 Jesus
1093 3044 1145 3091 et
1170 3044 1419 3090 mortuus
1444 3045 1527 3092 est
1550 3053 1648 3107 pro
1669 3037 1973 3107 iniquitati-

386 3140 485 3183 nus
509 3129 693 3197 pepuli
722 3127 921 3183 ductus
941 3129 1008 3182 ad
1034 3136 1303 3191 mortem,‘
1311 3129 1467 3198 juxta
1499 3130 1655 3185 Isaiae
1675 3145 1864 3186 vocem
1883 3131 1929 3163 ²⁰
1954 3149 1969 3186 :

387 3226 446 3273 et
468 3228 716 3274 mortuus
738 3234 864 3274 cum
887 3228 1032 3275 esset
1062 3220 1212 3275 solus
1237 3230 1354 3275 erat
1378 3221 1515 3275 liber
1529 3222 1595 3273 ²¹.
1622 3219 1803 3292 Neque
1822 3222 1967 3276 enim

387 3319 665 3378 peccatum
701 3311 936 3366 habebat
962 3312 1108 3380 quod
1139 3315 1314 3382 ipsum
1351 3312 1515 3367 morti
1548 3312 1752 3368 laceret
1791 3314 1965 3368 obno-

388 3401 555 3455 xium.
588 3401 927 3473 Quapropter
950 3404 1146 3459 dixit"
1174 3422 1189 3459 :
1220 3405 1543 3460 Potestatem
1573 3406 1737 3462 habeo
1767 3424 1964 3474 ponen-

387 3492 443 3546 rli
461 3493 695 3547 animam
727 3511 918 3559 meam,
942 3504 990 3550 et
1019 3496 1212 3550 iterum
1229 3507 1539 3567 potestatem
1566 3499 1729 3553 habeo
1751 3516 1962 3554 sumen-

388 3584 444 3639 rli
472 3602 609 3639 eam.

458 3676 512 3731 6.
565 3676 716 3732 Sicut
746 3680 1005 3735 vulnerati
1039 3682 1355 3739 dormientes
1389 3686 1444 3738 in
1474 3684 1750 3754 sepulcris.
1796 3683 1963 3740 Simi-

389 3767 494 3833 lis,
532 3768 743 3839 inquit,
781 3770 956 3826 factus
992 3788 1112 3827 sum
1141 3774 1455 3832 hominibus
1482 3777 1780 3834 vulneratis
1803 3789 1856 3833 et
1881 3778 1965 3848 ja-

387 3860 640 3916 centibus
670 3863 723 3915 in
760 3864 1055 3931 sepulcris,
1102 3865 1193 3935 qui
1227 3881 1350 3920 cum
1381 3876 1532 3921 tuum
1558 3870 1821 3923 auxilium
1854 3885 1962 3925 non

389 3952 765 4021 accepissent,
800 3967 905 4007 non
941 3963 1268 4024 acceperunt
1310 3957 1790 4012 resurrectionem.
1849 3955 1964 4028 Ego

388 4054 569 4100 autem
605 4045 923 4101 vulneratus
955 4062 1099 4111 sum,
1133 4047 1332 4117 inquit,
1368 4058 1589 4118 propter
1616 4057 1837 4118 peccata
1867 4064 1963 4120 po-

387 4137 523 4207 puli,
557 4137 691 4192 etin
729 4138 995 4207 sepulcris
1026 4136 1134 4203 fui,
1170 4139 1265 4193 sed
1299 4155 1407 4194 non
1444 4141 1516 4194 ibi
1543 4142 1805 4206 remansi,
1833 4144 1961 4211 quia

392 4236 448 4282 et
481 4237 608 4297 post
640 4229 1097 4298 vulnerationem,
1126 4239 1179 4286 et
1206 4240 1326 4302 post
1355 4231 1746 4301 depositionem
1780 4233 1834 4286 in
1874 4249 1963 4288 se-

388 4320 613 4388 pulcro,
665 4320 772 4374 mei
826 4321 1141 4377 meministi.
1212 4321 1505 4378 Resurrexi
1553 4326 1698 4381 enim
1757 4325 1964 4381 calcata

389 4418 589 4464 morte.

462 4501 515 4557 8.
560 4500 731 4571 Super
762 4518 842 4556 me
874 4504 1216 4571 conﬁrmatus
1243 4516 1318 4559 est
1345 4507 1495 4575 furor
1527 4516 1668 4562 tuus.
1697 4506 1961 4562 Furorem

1216 434 1272 490 S.
1314 435 1685 494 ATHANASII
1723 437 1872 494 OPP.
1914 436 2094 493 PARS
2132 436 2220 494 Ill.
2255 465 2325 477 --
2361 418 2791 489 EXEGETICA:

3531 433 3637 489 380

2130 554 2189 606 ὲν
2223 551 2350 624 ᾁδου
2381 547 2624 621 κηρύξας
2651 545 2923 616 πνεύμασι
2953 543 3265 615 δωρήσηται
3289 542 3388 613 τὴν
3406 543 3638 598 ἀνάστα·

2130 660 2234 698 σιν.
2276 640 2654 695 Ἀποκλαίεται
2683 637 2740 691 δὲ
2768 637 2863 690 καὶ
2904 635 3005 707 τὴν
3044 634 3415 707 Ἰερουσαλὴμ,
3444 634 3541 689 ἅτε
3571 636 3637 706 δὴ

2129 730 2537 801 ἐκπεσουμένην
2570 728 2669 798 τῆς
2706 727 2788 788 εἰς
2841 723 3003 777 αὐτὸν
3038 721 3272 785 ἐλπίδος.
3312 721 3459 793 Αὕτη
3494 721 3569 774 ιδὲ
3601 724 3636 793 ή

2140 821 2514 896 Ἰερουσαλὴμ,
2572 821 2691 891 ἦτοι
2735 819 2763 870 ὁ
2794 816 2943 881 λαὸς,
2994 814 3161 869 πάλαι
3220 809 3329 866 οἶόν
3360 831 3444 878 τις
3480 814 3640 886 χορὸς

2129 914 2219 991 ἦν,
2259 916 2393 971 καθὸ
2447 914 2542 968 καὶ
2575 913 2732 985 μερὶς
2765 908 2928 965 αὐτοῦ
2975 908 3069 962 καὶ
3119 908 3319 980 κλῆρος
3366 925 3640 980 προσηγο-

2130 1008 2334 1083 ρεύετοο
2360 1006 2439 1060 διὸ
2471 1006 2563 1060 καὶ
2599 1004 2736 1076 πρὸς
2785 1000 2998 1057 Μαελὲθ
3025 1000 3427 1070 ἐπιγέγραπται
3451 1003 3479 1054 ὁ
3505 1000 3643 1071 ψαλσ

2134 1101 2254 1174 μὸς,
2283 1100 2449 1153 ὅέστι
2488 1096 2704 1168 χορείας
2752 1094 2869 1165 ἦτοι
2921 1092 3106 1165 χοροῦ.
3159 1092 3375 1164 Ἐπειδὴ
3416 1092 3472 1146 δὲ
3504 1091 3641 1163 βαθὺ

2129 1193 2190 1247 τὸ
2211 1189 2449 1265 Χριστοῦ
2487 1188 2805 1260 μυστήριον,
2832 1185 2928 1240 καὶ
2979 1185 3098 1239 λίαν
3146 1184 3350 1256 λεπτῆς
3403 1185 3644 1248 διανοίας

2131 1285 2212 1338 δεῖ
2257 1280 2633 1353 πνευματικῆς
2677 1277 2816 1349 πρὸς
2867 1276 2928 1328 τὸ
2977 1275 3215 1330 συνιέναι
3272 1275 3422 1328 αὑτό·
3449 1275 3640 1329 τούτου

2128 1375 2288 1447 χάριν
2317 1372 2628 1436 Συνέσεως
2656 1367 3083 1439 ἐπιγέγραπται.
3141 1367 3378 1435 Λέγεται
3434 1366 3492 1419 δὲ
3542 1364 3642 1420 τοῦ

2132 1467 2310 1539 Αίμὰν
2352 1462 2492 1519 εἶναι
2523 1465 2552 1516 ὁ
2596 1461 2832 1533 ψαλμὸς,
2858 1460 2917 1511 ὲν
2954 1456 3215 1529 Αἰγύπτῳ
3244 1456 3381 1528 πρὸς
3399 1455 3644 1521 Μωσέως

2133 1558 2522 1629 πεποιημένος.
2555 1547 2722 1618 Οὗτος
2755 1552 2811 1604 δὲ
2849 1553 2878 1605 ὁ
2915 1550 3093 1621 Αίμὰν
3132 1550 3243 1622 (59)
3280 1549 3541 1619 ἀπόγονος
3572 1544 3645 1621 ἦν

2133 1650 2229 1706 τοῦ
2271 1648 2509 1722 Ἰσραὴλ,
2547 1648 2641 1702 ἅτε
2664 1645 2885 1713 ἔκγονος
2916 1640 2992 1695 ὢν
3019 1640 3112 1696 τοῦ
3147 1639 3318 1711 Ζαρὰ,
3344 1640 3404 1704 ὃς
3435 1635 3504 1709 ἦν
3528 1640 3645 1705 υίὸς

2130 1741 2224 1796 τοῦ
2259 1741 2446 1807 Ἰούδα,
2480 1739 2577 1793 τοῦ
2617 1736 2730 1792 υἱοῦ
2765 1734 3007 1806 Ἰσραήλ.

2134 1836 2310 1903 Κύριε
2337 1837 2370 1888 ὀ
2402 1832 2545 1899 Θεὸς
2564 1830 2676 1899 τῆς
2709 1829 3008 1897 σωτηρίας
3059 1843 3203 1896 μου,
3250 1822 3477 1894 ἡμέρας
3512 1821 3643 1878 ἐκέ-

2065 1925 2274 1995 κραξα.
2311 1925 2443 1977 "Are
2476 1921 2678 1992 ἀγαθὸς
2732 1919 2829 1987 ὢν,
2881 1916 3036 1981 εἰδὼς
3081 1915 3181 1995 τὴν
3222 1913 3494 1968 ἔκπτωσιν
3547 1911 3644 1966 τοῦ

2060 2015 2191 2071 λαοῦ
2224 2016 2320 2070 καὶ
2351 2014 2449 2086 τὴν
2467 2011 2562 2066 τοῦ
2597 2009 2840 2083 μαθητοῦ
2885 2007 3184 2071 ἀπώλειαν,
3218 2004 3318 2068 τὰς
3358 2003 3499 2075 ὑπὲρ
3548 2003 3647 2058 αύ-

2059 2108 2170 2162 τῶν
2196 2094 2582 2178 ἀναπέμπεται
2611 2102 2748 2176 πρὸς
2783 2101 2875 2155 τὸν
2914 2101 3138 2170 Πατέρα
3160 2098 3347 2169 εὐχάςο
3374 2097 3522 2160 ὅπως
3554 2095 3643 2160 ἂν,

2060 2200 2161 2271 τῆς
2193 2199 2393 2261 κακίας
2436 2197 2511 2268 μὴ
2564 2192 2982 2267 μεταλαϐόντες,
3026 2190 3121 2244 καὶ
3145 2189 3299 2243 αὐτοὶ
3323 2188 3422 2259 τῆς
3451 2187 3518 2241 δι’
3548 2189 3648 2241 αὖ-

2060 2292 2155 2346 τοῦ
2188 2291 2460 2363 σωτηρίας
2488 2288 2720 2360 τύχοιεν.

2137 2382 2267 2436 Ὀτι
2296 2378 2575 2447 ἐπλήσθη
2601 2376 2803 2434 κακῶν
2848 2375 2888 2443 ἠ
2933 2371 3105 2443 ψυχή
3147 2390 3287 2443 μου.
3339 2371 3405 2424 El
3443 2369 3536 2423 καὶ
3559 2381 3650 2421 ac»

2062 2474 2155 2539 τδς
2185 2472 2284 2537 τὰς
2323 2470 2598 2544 ἁμαρτίας
2627 2468 2786 2542 ἡμῶν
2819 2466 3110 2531 ἐϐάστασε,
3167 2466 3262 2520 καὶ
3315 2463 3444 2536 περὶ
3490 2459 3662 2533 ήμῶι.

2063 2569 2338 2631 ὀδυνᾶται,
2396 2565 2620 2629 εἰκότως
2659 2564 2753 2618 καὶ
2814 2562 3003 2618 κακῶν
3052 2558 3438 2633 ἐμπέπλησται
3490 2574 3663 2630 φησι..

2064 2662 2177 2718 Kal
2220 2661 2259 2729 ἡ
2317 2659 2429 2728 ζωή
2477 2676 2598 2730 μου
2648 2656 2729 2724 τῷ
2790 2656 2904 2725 ᾄδῃ
2937 2655 3172 2725 ἤγγισε.
3236 2652 3408 2706 Τοῦτό
3457 2667 3645 2723 φησιν,

2066 2751 2255 2823 ἐπειδὴ
2309 2750 2451 2822 ὑπὲρ
2516 2748 2716 2812 παντὸς
2784 2747 2965 2819 χάριτι
3015 2744 3151 2800 Θεοῦ
3217 2744 3485 2815 ἐγεύσατο
3544 2740 3651 2796 θαα-

2067 2844 2248 2899 νάτου.

2154 2935 2481 3007 Ἐγενήθην
2518 2934 2663 2989 ὡσεὶ
2719 2933 3030 3004 ἄνθρωπος
3071 2932 3401 3001 ἀϐοήθητος
3454 2931 3525 2986 ἐν
3546 2948 3648 2988 rs-

2070 3029 2233 3098 κροῗς
2257 3029 2590 3097 ἐλεύθερος.
2633 3027 2808 3091 Μόνος
2851 3024 3057 3097 Ἰησοῦς
3092 3024 3185 3079 καὶ
3216 3024 3484 3078 ἀπέθανεν
3508 3025 3654 3094 ὑπὲρ

2071 3120 2181 3175 τῶν
2208 3120 2445 3191 ἀνομιῶν
2496 3118 2591 3174 τοῦ
2629 3119 2756 3173 λαοῦ
2804 3119 3071 3189 ἀγόμενος
3100 3120 3181 3183 εἰς
3214 3116 3465 3182 θάνατον,
3506 3117 3649 3171 κατὰ

2070 3211 2169 3282 τὴν
2202 3211 2425 3264 Ἦσαῖου
2452 3211 2655 3281 φωνήνο
2697 3211 2792 3263 καὶ
2828 3210 3023 3280 νεκρὸς
3051 3209 3118 3264 ἂν
3145 3208 3428 3279 ἐλεύθερος
3446 3204 3516 3280 ἦν
3560 3209 3651 3280 μό-

2071 3319 2161 3366 νος
2183 3319 2196 3334 ’
2257 3302 2317 3355 οὐ
2368 3301 2477 3374 γὰρ
2534 3296 2679 3374 εἶχεν
2720 3301 2993 3373 ἁμαρτίαν
3047 3302 3148 3374 τὴν
3195 3285 3422 3372 κάτοχον
3486 3299 3653 3355 αὐτὸν

2070 3396 2329 3450 ποιοῦσαν
2358 3395 2593 3467 θανάτῳ.
2628 3394 2718 3448 Διὸ
2773 3395 2868 3448 καὶ
2914 3394 3122 3465 ἔλεγεν·
3166 3395 3490 3460 Ἐξουσίαν
3531 3394 3651 3466 ἔχω

2071 3490 2256 3546 θεῖναι
2286 3490 2401 3558 τὴν
2435 3490 2652 3561 ψυχήν
2668 3508 2810 3562 μου,
2839 3489 2937 3544 καὶ
2977 3488 3165 3543 πάλιν
3200 3487 3495 3554 ἐξουσίαν
3531 3488 3672 3559 ἔχω.

2069 3577 2279 3635 λαϐεῖν
2304 3581 2515 3659 αὐτήν.

2153 3671 2308 3725 Ὠσεὶ
2336 3672 2684 3742 τραυματίαι
2730 3672 3124 3741 καθεύδοντες
3162 3674 3234 3728 ἐν
3276 3672 3455 3742 τάφῳ.
3502 3672 3650 3742 Παρ-

2070 3765 2276 3835 όμοιος,
2309 3765 2463 3834 φησὶ,
2498 3765 2697 3834 γέγονα
2737 3764 3044 3836 ἀνθρώποις
3091 3765 3676 3839 τετραυματισμένοις

2071 3856 2166 3910 καὶ
2199 3856 2473 3927 κειμένοις
2500 3858 2559 3909 ὲν
2608 3858 2905 3928 μνήμασιν,
2953 3857 3026 3924 οἳ,
3055 3858 3154 3929 τῆς
3198 3860 3296 3930 οῆς
3353 3858 3428 3931 μὴ
3459 3858 3651 3929 τυχόν-

2070 3964 2160 4011 τες
2185 3948 2522 4020 ὲπικουρίας,
2571 3948 2630 4002 οὐ
2693 3951 3055 4020 τετυχήκασιν
3105 3951 3473 4016 ἀναστάσεως.
3512 3949 3657 4019 Ἐγὼ

2069 4039 2128 4092 δὲ
2179 4040 2675 4111 τετραυμάτισμαι,
2749 4041 2903 4113 φησι,
2961 4040 3049 4095 διὰ
3093 4043 3191 4105 τὰς
3241 4043 3517 4114 ἁμαρτίας
3557 4042 3676 4096 τοῦ.

2068 4130 2200 4184 λαοῦ
2224 4170 2238 4196 ,
2271 4131 2366 4185 καὶ
2415 4133 2472 4184 ὲν
2508 4132 2701 4207 τάφοις
2737 4132 2968 4201 γέγονα,
3005 4133 3066 4186 ού
3102 4134 3208 4204 μὴν
3236 4136 3329 4188 καὶ
3353 4135 3654 4206 όιπιέμεινα⁸

2073 4224 2206 4279 διότι
2235 4242 2336 4295 μου
2358 4225 2452 4278 καὶ
2476 4224 2614 4295 μετὰ
2642 4223 2737 4296 τὴν
2777 4222 2981 4296 τρῶσιν
3020 4226 3115 4279 καὶ
3152 4227 3251 4297 τὴν
3285 4227 3341 4279 ἐν
3383 4226 3461 4297 τῷ
3495 4227 3655 4299 τάςῳ

2070 4317 2365 4370 κατάθεσιν
2436 4314 2732 4389 ἐμνήσθης.
2788 4316 3045 4388 Ἀνέστην
3093 4317 3202 4389 γὰρ
3255 4320 3506 4391 πατήσας
3560 4320 3656 4373 τὸν

2069 4407 2317 4464 θάνατον.
3503 4442 3513 4459 ι

2154 4499 2279 4551 Ἐπ’
2304 4496 2410 4567 ἐμὲ
2438 4498 2839 4567 ἐπεστηρίχθη
2870 4501 2903 4552 ὁ
2952 4498 3137 4568 θυμός
3165 4514 3303 4552 σου.
3345 4498 3526 4570 Θυμδν
3559 4499 3655 4553 τοῦ

392 4591 490 4647 Dei
521 4603 678 4648 vocat
709 4594 1146 4650 maledictionem
1187 4601 1378 4656 mortis
1399 4640 1413 4666 ,
1460 4600 1744 4654 hominum
1780 4600 1963 4669 generi

2098 4590 2363 4661 lsoﬁcpqot
2391 4591 2490 4663 τὴν
2523 4591 2905 4662 ἐπενεχθεῖσαν
2953 4590 3030 4662 τῷ
3056 4590 3165 4644 τῶν
3206 4590 3509 4662 ἀνθρώπων
3563 4591 3657 4659 γέ-

390 4682 619 4737 illatam.
651 4681 791 4750 Quia
822 4684 987 4754 igitur
1016 4686 1325 4742 maledictio
1356 4705 1452 4758 pro
1476 4691 1635 4745 nobis
1665 4688 1842 4744 factus
1863 4699 1965 4757 est,

391 4775 515 4829 ideo
548 4773 788 4830 furorem
821 4775 919 4831 Dei
948 4792 1112 4847 super
1137 4793 1197 4834 se
1235 4782 1621 4835 conlirmatum
1654 4781 1808 4837 dicit.

459 4956 530 5011 Et
553 4973 726 5012 omnes
752 4956 945 5027 ﬂuctus
985 4967 1101 5011 tuos
1136 4957 1399 5011 induxiin
1429 4974 1588 5025 super
1610 4975 1708 5013 me.
1745 4957 1969 5016 Fluctus

390 5051 506 5108 sive
530 5049 795 5105 elationes
827 5058 1019 5113 vocat,
1052 5050 1426 5105 vehementem
1475 5066 1691 5121 pmnam
1724 5052 1965 5106 homini-

388 5143 492 5197 bus
513 5139 983 5212 praavarieationis
1011 5154 1181 5196 causa
1212 5138 1493 5196 iullictam.
1526 5138 1810 5211 Signiﬁcat
1840 5141 1967 5196 item

391 5244 647 5290 mortem.
761 5260 777 5280 ο

466 5426 519 5481 9.
578 5425 753 5497 Longe
793 5425 967 5497 fecisti
993 5433 1146 5480 notos
1175 5440 1316 5479 meos
1344 5441 1377 5479 a
1405 5441 1504 5479 me.
1589 5423 1704 5481 Hoc
1738 5424 1812 5479 ait
1838 5426 1969 5496 quia

398 5524 639 5583 tempore
667 5514 941 5585 passionis
963 5529 1158 5570 omnes
1193 5514 1532 5585 reliquerunt
1555 5518 1729 5569 eumﬁ‘
1763 5512 1968 5568 Posue-

400 5614 522 5658 runt
547 5622 628 5660 me
656 5607 1099 5662 abominationcm
1125 5607 1248 5662 sibi.
1305 5605 1439 5662 Vide
1466 5606 1739 5677 quomodo
1770 5607 1967 5660 etiam-

2075 4698 2155 4736 νει
2201 4680 2295 4735 τοῦ
2339 4682 2568 4737 θανάτου
2618 4683 2885 4756 κατάραν.
2956 4681 3172 4755 Ἐπειδὴ
3224 4684 3402 4737 τοίνυν
3433 4683 3659 4752 γέγονεν

2077 4775 2218 4846 ὑπὲρ
2270 4775 2426 4846 ἡμῶν
2483 4776 2718 4851 κατάρα,
2771 4774 2961 4829 τούτου
3005 4776 3165 4848 χάριν
3219 4776 3312 4831 τὸν
3345 4775 3515 4847 θυμὸν
3561 4776 3655 4831 τοῦ

2075 4869 2209 4923 Θεοῦ
2240 4871 2326 4923 ἐπ’
2374 4868 2533 4923 αὐτὸν
2568 4868 2955 4941 ὲπεστηρίχθαι
2976 4871 3127 4942 φησί.

2147 4961 2259 5016 Καὶ
2286 4960 2517 5028 πάντας
2553 4961 2693 5027 τοὺς
2719 4963 3160 5035 μετειυρισμούς
3200 4977 3317 5017 σου
3357 4961 3660 5032 ἐπήγαγες

2074 5055 2167 5106 ἐπ’
2190 5053 2316 5122 ἐμέ.
2351 5053 2777 5125 Μετεωρισμοὺς
2815 5054 2915 5124 τὴν
2965 5053 3101 5125 μετὰ
3163 5053 3521 5125 σφοδρότητος
3555 5054 3657 5106 ἐπ-

2075 5145 2392 5215 ενεχθεῖσαν
2443 5144 2521 5216 τῷ
2551 5144 2661 5197 τῶν
2705 5143 3011 5217 ἀνθρώπων
3052 5146 3196 5216 γένει
3242 5146 3382 5219 ὑπὲρ
3414 5146 3517 5217 τῆς
3557 5163 3660 5199 παο

2080 5235 2358 5305 ραϐάσεως
2391 5234 2547 5306 δίκην
2592 5234 2744 5307 φησί,
2797 5235 3059 5307 Σημαίνει
3107 5236 3164 5291 δὲ
3212 5237 3376 5292 πάλιν
3415 5237 3508 5292 τὸν
3556 5236 3656 5292 ιά-

2074 5344 2251 5381 νατον.

2162 5418 2538 5487 Ἐμάκρυνας
2579 5416 2718 5486 τοὺς
2794 5421 3104 5491 γνωστούς
3161 5437 3279 5490 μου
3323 5420 3426 5473 ἀπ’
3484 5418 3651 5490 ἐμοῦ.

2075 5509 2245 5564 Τοῦτό
2281 5527 2466 5581 φησιν,
2499 5510 2685 5583 ἐπειδὴ
2727 5512 2938 5577 πάντες
2978 5511 3139 5565 αὑτὸν
3195 5510 3486 5566 κατέλιπον
3515 5511 3659 5564 κατὰ.

2073 5605 2164 5658 τὸν
2195 5604 2289 5659 τοῦ
2323 5604 2527 5669 πάθους
2557 5604 2766 5676 καιρόν.
2794 5605 3042 5660 Ἐθεντό
3054 5620 3131 5675 με
3180 5601 3498 5676 ,βδέλυγμα
3520 5598 3663 5659 ἑαυ-
3721 5680 3725 5684 θ

478 5741 525 5775 ⁸⁸
548 5742 655 5796 Isa.
692 5759 809 5809 LIII,
846 5743 899 5798 8.
978 5745 1021 5776 ²¹
1057 5743 1202 5800 Psal.
1237 5758 1484 5811 unm,
1517 5745 1570 5798 6.
1649 5746 1694 5778 ³³
1734 5741 1891 5798 Joan.
1930 5742 2098 5808 x,18.

473 5861 588 5935 (39)
627 5860 718 5919 Sic
764 5861 985 5934 Vulgata
1033 5863 1227 5920 Emau.
1279 5865 1385 5923 Sed
1411 5863 1600 5923 Graeca
1632 5863 1971 5924 Psalmorum
2010 5861 2571 5935 exemplaria,‘E9iu.
