3946 6222
248 473 344 531 381

1303 476 1667 532 EXPOSITIO
1706 475 1772 530 ΙΝ
1811 475 2139 535 PSALMUM
2178 480 2463 544 LXXXVII

3392 487 3503 543 582

249 590 390 657 τοῖς.
420 591 568 661 Ὅρα
602 590 724 653 πῶς
750 591 844 644 καὶ
881 589 1043 661 μέχρι
1072 590 1167 645 νῦν
1207 592 1450 647 Ἰουδαῖοι
1500 594 1563 646 τὸ
1591 593 1820 666 Χριστοῦ

1935 611 2059 650 num
2086 594 2258 652 Judaei
2305 594 2508 651 Christi
2544 611 2742 652 nomen
2786 607 3157 655 exsecrentur.
3244 598 3499 658 Traditus

248 684 417 753 ὄνομα
458 680 857 752 βδελύσσονται.
899 680 1262 752 Παρεδόθην,
1312 683 1413 738 καὶ
1464 686 1574 739 οὐκ
1616 685 1826 750 ἐξεπο-

243 774 530 842 ρευόμην.
566 773 739 826 Τοῦτό
777 790 929 845 φησι,
954 773 1041 827 διὰ
1067 775 1128 828 τὸ
1148 775 1529 832 κατάκλειστον
1558 778 1719 833 αὑτὸν
1738 796 1831 847 γε-

250 865 433 920 νέσθαι
461 866 521 918 ὲν
551 868 619 937 τῇ
649 865 796 936 οίκίᾳ
821 866 913 919 τοῦ
942 867 1407 939 ἀρχισυναγώγου.

322 962 387 1013 Ol
433 959 731 1028 ὀφθαλμοί
775 977 894 1029 μου
939 962 1293 1030 ἠσθένησαν
1320 961 1462 1016 ,ἀπὸ
1510 963 1825 1031 πτωχείας.

262 1051 682 1121 ’Δπεκλαιόμην,
720 1053 903 1122 φησὶν,
934 1053 1073 1125 ὑπὲρ
1112 1054 1205 1107 τοῦ
1257 1053 1409 1119 λαοῦ,
1456 1053 1577 1108 ἰδὼν
1633 1056 1830 1119 αὐτοὺς

250 1144 343 1197 τοῦ
372 1143 515 1197 κατὰ
556 1144 688 1198 Θεὸν
717 1145 943 1200 πλούτου
976 1147 1411 1218 ὲκπεσουμένους
1441 1149 1532 1201 καὶ
1575 1150 1656 1211 είς
1684 1164 1830 1202 πτωο

253 1256 311 1308 χε
322 1239 404 1291 ξαν
433 1239 936 1309 κατενηνεγμένους
966 1240 1221 1312 ἐσχάτην.

334 1327 661 1397 Ἐκέκραξα
690 1329 839 1397 πρὸς
870 1329 965 1393 σὲ,
997 1332 1194 1398 Κύριε,
1222 1331 1374 1398 ὅλην
1420 1329 1535 1399 τὴν
1576 1330 1824 1400 ἡμέραν.

256 1420 390 1474 Ἕνα
441 1421 622 1476 τοίνυν
656 1424 821 1493 πόρον
868 1421 959 1485 δὸς
998 1422 1101 1492 τῆς
1132 1421 1241 1475 τῶν
1271 1422 1457 1475 δεινῶν
1484 1421 1825 1492 ἀπαλλαγῆς.

249 1514 349 1584 τὴν
402 1512 524 1583 σὴν,
553 1513 819 1576 Δέσποτα,
854 1514 1213 1586 προμηθείαν.
1252 1514 1539 1568 Ἐκτείνων
1585 1515 1695 1587 γάρ
1742 1516 1829 1568 ἀεὶ

248 1602 348 1668 τὰς
380 1607 567 1677 χεῖρας
602 1603 866 1657 ἀντιδολῶ
899 1621 977 1658 σε.
1007 1605 1117 1676 Τὴν
1163 1605 1365 1676 πικρὰν
1409 1605 1466 1659 δὲ
1513 1605 1613 1676 τῆς
1652 1605 1828 1675 ψυχῆς

250 1695 444 1767 ὀδύνην
481 1695 640 1749 τοῦτο
675 1695 736 1749 τὸ
769 1696 957 1767 σχῆμα
1004 1696 1326 1767 δηλοῖ.⁹Υπὸ
1377 1695 1485 1769 γὰρ
1516 1698 1613 1766 τῆς
1640 1697 1828 1770 χρείας

248 1788 713 1861 ἀναγκαζόμενος,
734 1788 1049 1843 σπουδαιότε
1058 1790 1148 1861 ρόν
1167 1807 1250 1854 τις
1271 1789 1501 1843 ίκετεύει
1523 1787 1828 1845 τδν’δοῦναι

250 1880 571 1952 δυνάμενον.
1614 1885 1623 1893 ’

1930 704 2070 749 sum,
2098 699 2148 741 et
2177 704 2280 742 non
2307 689 2629 759 egrediebar.
2671 689 2790 745 Hoc
2817 690 2895 745 ait
2920 692 3048 762 quia
3078 692 3371 751 conclusus
3396 693 3502 750 fuit

1930 776 1985 831 in
2015 777 2176 832 domo
2204 778 2467 848 principis
2496 792 2799 849 synagogas.

2006 955 2092 1009 10.
2134 954 2290 1010 Oculi
2347 957 2449 1011 mei
2494 956 2811 1027 languerunt
2861 974 2972 1027 pra:
3006 958 3209 1027 inopia.
3253 957 3500 1028 Flebam,

1928 1046 2126 1116 inquit,
2167 1063 2265 1115 pro
2296 1047 2502 1117 populo
2532 1062 2764 1103 cernens
2794 1063 2889 1103 eos
2917 1064 2945 1103 a
2982 1047 3220 1115 divitiis,
3264 1064 3386 1119 qua:
3412 1063 3501 1105 se-

1933 1139 2172 1193 cundum
2197 1136 2368 1193 Deum
2402 1147 2550 1206 sunt,
2584 1138 2651 1193 ad
2680 1149 2981 1194 extremam
3010 1150 3382 1211 paupertatem
3405 1142 3501 1197 de-

1928 1229 2130 1299 lapsos.

1999 1321 2087 1374 11.
2112 1319 2353 1376 Clamavi
2378 1321 2447 1375 ad
2471 1330 2540 1386 te,
2567 1321 2806 1390 Domine,
2843 1333 2954 1377 tota
2984 1324 3090 1378 die.
3131 1321 3309 1378 Unum
3340 1324 3503 1381 nobis

1928 1410 2132 1466 exitum
2170 1419 2230 1466 ut
2271 1428 2300 1465 a
2331 1412 2487 1466 malis
2516 1411 2813 1467 liberemur
2855 1412 3117 1482 praebeto,
3167 1421 3339 1476 tuam,
3386 1410 3499 1469 Do—

1927 1504 2098 1569 mine,
2121 1502 2543 1573 providentiam.
2575 1502 2711 1558 Nam
2748 1519 2962 1575 semper
2982 1520 3179 1560 manus
3201 1505 3499 1561 extendens

1928 1606 1983 1652 te
2011 1596 2293 1665 deprecor.
2326 1594 2425 1650 Hic
2461 1609 2630 1665 porro
2657 1594 2878 1652 habitus
2905 1596 3162 1651 acerbum
3203 1597 3369 1652 animi
3400 1597 3501 1651 do-

1927 1688 2098 1743 lorem
2134 1687 2358 1743 indicat.
2412 1685 2743 1743 Necessitate
2782 1689 2983 1758 quippe
3026 1697 3245 1745 coaetus
3270 1688 3500 1758 quilibet

1927 1778 2115 1842 homo,
2152 1776 2454 1833 ferventius
2474 1779 2524 1833 ei
2541 1779 2809 1850 supplicat
2829 1779 2924 1850 qui
2950 1780 3004 1835 id
3036 1779 3270 1835 tribuere
3296 1789 3495 1851 potest.

318 1940 417 2041 Mi;
468 1973 594 2039 τοῖς
641 1973 876 2042 νεκροῖς
921 1972 1194 2041 ποιήσεις
1246 1972 1588 2043 θαυμάσια;
1624 1973 1820 2041 Ἰατροι

1998 1972 2084 2027 12.
2116 1970 2373 2043 Nunquid
2402 1972 2624 2027 mortuis
2641 1972 2804 2043 facies
2828 1972 3098 2026 mirabilia
3116 1973 3141 2026 2’
3159 1971 3351 2026 Medici
3379 1988 3499 2026 sns-

250 2063 709 2130 ἁνιιστήσουσι;
733 2065 845 2128 Τὰς
879 2067 1056 2130 αἰτίας
1073 2067 1219 2137 ἡμᾶς
1241 2065 1478 2120 διδάσκει
1499 2066 1600 2137 τῆς
1628 2067 1710 2129 είς
1732 2065 1825 2120 τὸν

250 2155 478 2209 θανατον
532 2154 697 2209 αὐτοῦ
751 2156 1001 2221 καθόδου,
1032 2157 1308 2228 μονονουχὶ
1353 2156 1526 2226 λέγων
1545 2174 1560 2187 ·
1605 2157 1824 2229 Ἐπειδὴ

248 2245 368 2300 οὔτε
414 2250 630 2318 νεκροῖς
683 2248 923 2314 δυνατὸν,
957 2250 1111 2321 φησι,
1148 2250 1478 2322 ποιήσασθαι
1524 2251 1822 2322 θαυμάσια,

248 2338 369 2395 οὔτε
411 2341 620 2411 ἰατροῖς
645 2341 988 2411 ’ἀναστῆσαι,
1038 2342 1123 2395 ῐνα
1166 2340 1663 2413 ὲξομολογήσωνταί
1716 2360 1822 2408 σοι,

249 2431 367 2484 οὔτε
399 2433 507 2502 μὴν
540 2434 589 2485 οί
621 2433 679 2487 ὲν
707 2435 774 2504 τῇ
803 2432 1048 2504 ἀπωλείᾳ
1072 2433 1286 2487 δυνατοὶ¹
1315 2429 1455 2504 ἦσαν
1498 2433 1703 2503 γνῶναί
1729 2450 1823 2488 σου

246 2521 340 2590 τὴν
385 2522 673 2592 άλήθειαψ
713 2522 903 2577 τούτου
949 2524 1128 2595 χάριν,
1154 2518 1199 2577 ὧ
1232 2524 1433 2596 Πάτερ,
1462 2524 1557 2578 καὶ
1604 2528 1716 2589 τοῖς
1766 2526 1825 2579 ὲν

249 2612 371 2682 ᾅδου
402 2613 866 2685 καταλελόγισμαι
886 2631 899 2645 ·
948 2615 1034 2669 ἵνα
1067 2616 1397 2680 ἀναστάντες
1426 2616 1475 2669 οἱ
1508 2617 1565 2669 ὲν
1604 2618 1670 2687 τῇ
1708 2616 1824 2670 ἐπι-

248 2704 554 2779 λελησμένῃ
603 2710 675 2779 γῇ
720 2708 815 2762 καὶ
858 2707 968 2761 τῶν
1019 2707 1339 2780 Θαυμασίων
1378 2725 1474 2763 σου
1502 2711 1697 2780 πεῖραν
1724 2709 1824 2764 λά-

250 2796 411 2860 ϐοιεν,
447 2799 543 2850 καὶ
587 2798 954 2871 διηγήσωνται
998 2802 1049 2853 οἱ
1103 2800 1270 2855 πάλαι
1317 2802 1375 2855 ὲν
1405 2800 1484 2872 τῷ
1513 2801 1694 2855 σκότει
1723 2802 1823 2874 τὴν

248 2886 502 2957 ἀλήθειάν
530 2904 646 2944 σου.

313 2980 410 3047 Μὴ
438 2980 792 3048 διηγήσεται
827 3000 916 3050 τις
954 2984 1025 3037 ἐν
1055 2982 1137 3050 τῷ
1166 2983 1328 3053 τάφῳ
1348 2983 1433 3053 ζτό
1470 2984 1643 3052 ἔλεός
1672 2998 1822 3051 σου;

246 3069 332 3139 Μὴ
356 3070 605 3136 δυνατὸν,
632 3071 785 3143 φησὶ,
803 3072 929 3135 τοὺς
954 3073 1032 3136 εἰς
1052 3072 1199 3126 κόνιν
1225 3071 1572 3137 διαλυθέντας
1597 3075 1823 3146 νεκροὺς

247 3163 337 3215 καὶ
368 3164 431 3216 ὲν
475 3162 555 3233 τῷ
590 3162 738 3232 ζόφῳ
785 3162 878 3216 τοῦ
933 3163 1163 3218 θανάτου
1216 3164 1522 3233 διάγοντας,
1556 3166 1650 3219 καὶ
1681 3165 1820 3238 λήθῃ

1925 2064 2205 2120 citabant?
2241 2062 2354 2120 Nos
2379 2063 2570 2119 edocet
2609 2079 2733 2135 quae
2770 2079 2933 2120 causa
2977 2064 3049 2119 sit
3111 2062 3254 2134 quod
3309 2065 3503 2119 mortis

1924 2169 2170 2229 tempore
2223 2156 2587 2221 descenderit,
2653 2164 2863 2213 tantum
2923 2171 3034 2211 non
3092 2154 3166 2210 ita
3227 2154 3495 2225 loquens:

1924 2250 2217 2319 Quoniam,
2262 2248 2460 2321 inquit,
2493 2261 2671 2319 neque
2701 2247 2906 2303 mortui
2952 2257 3183 2316 possunt
3228 2245 3499 2302 mirabilia

1924 2347 2125 2414 facere,
2158 2360 2335 2417 neque
2364 2343 2560 2400 medici
2590 2342 2856 2399 suscitare
2883 2349 2942 2395 ut
2972 2339 3334 2394 conﬁteantur
3354 2336 3452 2391 tibi
3479 2374 3499 2401 ,

1924 2454 2101 2509 neque
2123 2437 2159 2492 ii
2190 2438 2284 2508 qui
2313 2436 2369 2491 in
2401 2434 2643 2506 pernicie
2674 2440 2829 2489 erant
2872 2445 3035 2486 nosse
3071 2427 3499 2500 poterant‘veri-

1924 2540 2090 2587 tatem
2131 2540 2304 2595 tuam,
2362 2527 2529 2597 hujus
2578 2526 2655 2581 rei
2688 2523 2882 2594 gratia,
2911 2538 2944 2577 o
2987 2521 3181 2586 Pater,
3211 2526 3500 2589 reputatus

1924 2639 2046 2681 sum
2093 2636 2217 2678 cum
2266 2621 2336 2676 iis
2360 2620 2453 2690 qui
2488 2626 2618 2674 sunt
2667 2617 2723 2671 in
2774 2613 3030 2679 inferno;
3066 2620 3129 2667 ιιι
3151 2610 3404 2668 suscitati
3455 2609 3498 2665 ii

1923 2714 2018 2785 qui
2057 2720 2185 2767 sunt
2222 2710 2277 2766 in
2318 2719 2463 2766 terra
2518 2706 2834 2771 oblivionis,
2885 2704 3221 2760 mirabilium
3274 2712 3496 2756 tuorum

1922 2804 2353 2876 experimentum
2406 2801 2696 2871 accipiant,
2746 2808 2801 2853 et
2834 2797 2927 2869 qui
2986 2795 3115 2853 olim
3154 2796 3209 2851 in
3255 2795 3498 2851 tenebris

1922 2904 2079 2955 erant
2099 2904 2355 2953 enarrent
2382 2895 2663 2950 veritatem
2694 2903 2863 2948 tuam.

1996 2990 2084 3044 15.
2116 2987 2374 3059 Nunquid
2395 2986 2664 3041 enarrabit
2695 2984 2889 3055 aliquis
2917 2985 2973 3037 in
3022 2981 3261 3053 sepulcro
3288 2980 3498 3034 miseri-

1922 3081 2159 3136 cordiam
2191 3090 2336 3134 tuam
2357 3080 2382 3134 ?
2403 3077 2544 3133 Num
2579 3086 2777 3149 potest,
2804 3076 3001 3146 inquit,
3034 3076 3170 3142 ﬁeri,
3204 3086 3263 3129 ut
3293 3073 3496 3130 mortui

1924 3172 1978 3227 in
2017 3174 2292 3245 pulverem
2329 3171 2532 3226 redacti
2579 3170 2672 3241 qui
2718 3170 2773 3224 in
2813 3169 3007 3224 umbra
3042 3168 3235 3223 mortis
3268 3167 3493 3237 degunt.

245 3253 725 3325 παραδεδομένους,
757 3255 858 3325 τῆς
888 3258 987 3326 σῆς
1017 3254 1237 3309 ἔσεσθαι
1268 3255 1693 3330 φιλανθρωπίας,
1728 3260 1820 3312 καὶ

1935 3274 1977 3320 at
2012 3265 2273 3320 oblivioni
2296 3264 2477 3319 traditi
2505 3272 2652 3329 sunt,
2677 3271 2782 3317 tua:
2808 3262 2919 3317 sint
2945 3260 3247 3317 clementiae
3271 3259 3497 3330 partici-

242 3346 347 3398 τῶν
375 3347 486 3399 σῶν
507 3345 800 3417 θαυμάτων
829 3347 1027 3411 θεατὰς
1050 3348 1391 3418 καταστῆσαι
1419 3365 1434 3414 ;

311 3442 411 3510 Μὴ
465 3443 882 3511 γνωσθήσεται
925 3445 997 3496 ἐν
1040 3441 1121 3508 τῷ
1163 3444 1363 3497 σκότει
1405 3442 1479 3496 τὰ
1523 3442 1825 3513 θαυμάσιά

244 3547 395 3596 σου;
422 3533 636 3603 Ὠσπερ
675 3535 734 3585 ἐν
777 3534 890 3595 τοῖς
915 3531 1246 3586 ἀπολωλόσιν
1274 3532 1374 3586 οὐκ
1400 3531 1545 3585 ἔστιν
1575 3531 1820 3604 ἀλήθεια,

241 3619 411 3684 οὕτως
457 3622 516 3674 ὲν
560 3624 671 3685 rei;
701 3621 1103 3693 ὲσκοτισμένοις
1133 3622 1235 3675 οὐκ
1264 3620 1377 3675 ἔστι
1407 3622 1705 3694 θαυμάσια.
1741 3624 1819 3694 Γῆ

244 3712 640 3784 ἐπιλελησμένη
670 3714 787 3766 ἐστὶ
811 3712 957 3785 ψυχὴ
990 3712 1182 3785 λογικὴ
1214 3714 1324 3767 τῶν
1346 3713 1442 3768 τοῦ
1469 3715 1624 3783 ἁγίου
1646 3714 1821 3769 Πνεύ-

244 3820 411 3876 ματος
441 3805 640 3875 ὲστερη
651 3805 786 3875 μένη
812 3805 1061 3877 καρπῶν.

309 3899 435 3952 Ἵνα
481 3898 561 3963 τί,
602 3900 799 3968 Κύριε,
838 3898 1091 3965 ἀπωθεῗς
1120 3898 1236 3967 τὴν
1266 3899 1479 3970 ψυχήν
1504 3918 1645 3969 μου,
1672 3900 1820 3954 ἀπο-

242 3990 516 4058 tepescere
545 3988 613 4043 τό
640 3991 963 4057 πρόσωπόν
994 4006 1109 4045 σου
1133 3992 1234 4045 ἀπ’
1255 3992 1432 4061 eam};
1468 3992 1525 4045 ‘O
1563 3992 1658 4061 μὲν
1682 3992 1820 4065 ὑπὲρ

238 4080 329 4133 τοῦ
361 4079 495 4133 λαοῦ
533 4079 892 4151 προσηύχετο,
914 4081 963 4132 oi
990 4080 1044 4133 δὲ
1071 4080 1319 4145 ἀναξίως
1348 4082 1571 4144 ἑαυτοὺς
1595 4081 1695 4152 τῆς
1717 4098 1822 4134 σω-

240 4172 431 4242 τηρίας
479 4171 546 4224 δι’
581 4170 887 4243 ὑπερϐολὴν
941 4172 1140 4236 κακίας
1186 4173 1606 4243 ἀποφαίνονται·
1658 4173 1820 4226 οίονεὶ

244 4278 519 4337 ιπρακτον
572 4262 738 4318 αὐτοῦ
783 4262 881 4336 τὴν
928 4264 1068 4336 ὑπὲρ
1114 4265 1291 4320 αὐτῶν
1344 4265 1707 4330 καθιστῶντες
1732 4266 1820 4319 εὑ-

240 4358 357 4426 χήν-

305 4449 549 4517 Πτωχός
572 4450 689 4517 εἰμι
711 4449 827 4518 ἐγὼ
844 4449 943 4503 καὶ
966 4450 1036 4504 ἐν
1056 4451 1265 4515 κόποις
1284 4450 1353 4504 ἐκ
1374 4452 1655 4519 νεότητός
1674 4469 1814 4521 μου.

241 4543 456 4613 Πτωχὸς
484 4543 584 4612 μὲν
608 4542 698 4593 διὰ
727 4542 787 4592 τὸ
816 4542 1002 4595 δούλου
1030 4542 1214 4596 λαϐεῖν
1249 4545 1462 4614 μορφήν
1479 4561 1493 4574 ο
1528 4545 1587 4597 ἐν
1625 4542 1814 4607 κόποις

1922 3371 2039 3427 pes,
2066 3365 2119 3411 et
2159 3365 2374 3411 tuorum
2408 3355 2738 3410 mirabilium
2766 3351 3178 3424 speculatores?

1995 3448 2085 3504 14.
2123 3445 2379 3519 Nunquid
2434 3457 2811 3517 cognoscentur
2861 3446 2917 3499 in
2958 3442 3183 3498 tenebris
3223 3440 3496 3496 mirabilia

1924 3539 2059 3594 tua?
2100 3538 2566 3605 Quemadmodum
2602 3538 2744 3608 apud
2783 3552 2879 3593 eos
2928 3536 3023 3608 qui
3054 3538 3336 3608 perierunt
3386 3552 3495 3591 non

1922 3639 2006 3686 est
2023 3630 2252 3695 veritas;
2280 3630 2354 3684 ita
2379 3630 2519 3699 apud
2545 3645 2639 3684 eos
2671 3629 2766 3698 qui
2820 3628 2876 3683 in
2923 3628 3164 3684 tenebris
3198 3640 3345 3692 sunt,
3382 3643 3494 3683 non

1922 3729 2051 3777 sunt
2075 3721 2363 3777 mirabilia.
2397 3720 2565 3776 Terra
2588 3721 2898 3787 oblivionis,
2926 3729 3010 3775 est
3034 3720 3214 3775 anima
3247 3721 3493 3774 rationa-

1921 3813 1989 3867 lis
2018 3811 2285 3867 lructibus
2320 3810 2557 3882 Spiritus
2586 3812 2760 3867 sancti
2796 3812 3021 3880 privata.
3284 3870 3287 3873 Α

1994 3903 2080 3957 15.
2126 3902 2343 3972 thuid,
2393 3904 2649 3968 Domine,
2700 3902 2907 3971 repellis
2963 3901 3254 3955 orationem
3300 3916 3491 3959 meam.

1922 3997 2115 4050 avertis
2149 3995 2338 4065 faciem
2369 4004 2514 4047 tuam
2538 4011 2570 4046 a
2602 3994 2725 4047 me?
2754 3993 2851 4048 Ille
2893 3992 3112 4063 quidem
3159 4006 3260 4061 pro
3293 3992 3493 4061 populo

1922 4087 2266 4157 precabatur,
2317 4086 2419 4154 ipsi
2469 4099 2598 4138 vero
2642 4083 2711 4139 ob
2745 4084 3018 4153 ingentem
3073 4082 3336 4136 malitiam
3372 4096 3493 4136 sese

1921 4179 2096 4234 salute
2126 4177 2381 4245 indignos
2414 4175 2669 4241 reddunt,
2704 4174 2781 4228 ita
2814 4183 2873 4228 ut
2898 4173 3018 4243 ejus
3050 4173 3354 4228 orationem
3389 4185 3489 4243 pro

1920 4267 2053 4335 ipsis
2081 4266 2320 4320 oblatam
2348 4264 2504 4335 quasi
2537 4263 2783 4318 inutilem
2813 4261 3066 4317 eﬂiciant.

1994 4442 2081 4497 16.
2123 4441 2340 4513 Pauper
2370 4458 2486 4497 sum
2535 4458 2627 4513 ego
2653 4452 2702 4496 et
2740 4443 2796 4496 in
2841 4441 3111 4496 laboribus
3149 4458 3182 4495 a
3214 4452 3492 4512 Juventute

1919 4554 2056 4592 mea.
2095 4535 2309 4606 Pauper
2332 4536 2551 4606 quidem
2587 4535 2715 4605 quia
2763 4535 2905 4591 servi
2956 4534 3189 4590 formam
3242 4538 3487 4607 accepit;

238 4634 289 4687 δὲ
320 4637 381 4687 ὲκ
409 4637 686 4703 νεότητος,
729 4632 861 4686 διότι
904 4634 968 4686 ὲκ
1015 4633 1343 4703 σπαργάνων
1388 4634 1567 4687 αὐτῶν
1592 4635 1817 4688 ἐπεϐου-

1941 4648 1974 4684 n
2006 4632 2287 4687 laboribus
2326 4642 2507 4686 autem
2559 4645 2589 4684 a
2616 4631 2921 4700 iuventute,
2959 4632 3089 4701 quia
3122 4632 3191 4687 ab
3224 4633 3359 4701 ipsis
3400 4633 3489 4687 in-

239 4726 417 4781 λεύετο
467 4727 622 4799 παρά
671 4743 733 4779 τε
792 4725 1028 4797 Ἡρώδου
1087 4726 1183 4780 καὶ
1236 4725 1345 4780 τῶν
1395 4728 1595 4798 ὁμοίων
1645 4728 1809 4799 αὐτῷ.

251 4819 520 4889 Ὑψωθεὶς
556 4818 626 4872 δέ
654 4816 1055 4886 ἐταπεινώθην
1091 4817 1191 4872 καὶ
1224 4817 1816 4889 ἐξηπορήθην.Ὕψωο

240 4929 318 4965 σιν
347 4913 446 4984 μὲν
475 4912 578 4983 τὴν
623 4912 718 4964 ἐπὶ
763 4908 858 4964 τοῦ
892 4910 1124 4982 σταυροῦ
1169 4910 1353 4964 ἀνοδόν
1386 4927 1540 4981 φησι,
1581 4911 1721 4965 κατὰ
1754 4908 1812 4964 τὸ

239 5006 519 5076 εἰρημένον
548 5001 825 5058 ὑπἀὐτοῦ
843 5019 856 5034 ο
891 5004 1070 5056 Ὅταν
1093 5001 1381 5071 ὑψώσητε
1406 5002 1516 5055 τὸν
1549 5001 1690 5055 Υὶὸν
1704 5002 1811 5056 τοῦ

237 5097 565 5166 ἀνθρώ-του.
610 5096 685 5149 Τὸ
733 5095 810 5159 δὲ,
860 5093 1280 5162 ἐταπεινώθην,
1331 5091 1420 5146 διὰ
1464 5093 1564 5165 τὴν
1619 5093 1811 5164 μέχρις

242 5186 356 5239 ideo
387 5187 618 5241 κάθοδον
651 5184 823 5254 λέγει.

310 5279 426 5331 Ἐπ’
449 5275 560 5346 ἐμὲ
601 5274 860 5343 διῆλθον
904 5278 964 5330 al
1008 5274 1176 5343 ὁρμαί
1205 5291 1344 5328 σου.
1380 5274 1588 5337 Πᾶσαν,
1627 5273 1810 5344 φησιν,

246 5369 485 5441 ἐκίνησας
530 5371 655 5423 κατ’
685 5365 824 5439 ἐμοῦ
852 5368 949 5440 τὴν
976 5368 1143 5439 ὀργήν
1163 5383 1177 5398 ⁸
1224 5367 1319 5421 καὶ
1355 5369 1474 5429 ταῖς
1500 5366 1812 5436 φοϐερωτά-

240 5472 345 5520 ταις
375 5476 441 5529 με
472 5457 805 5531 διετάραξας
830 5458 1140 5529 τιμωρίαις,
1167 5458 1259 5510 καὶ
1297 5457 1521 5521 ταύταις
1558 5457 1809 5529 καθάπερ

241 5545 411 5604 ὕδασιν
438 5551 773 5625 ὑποϐρύχιόν
805 5568 873 5622 με
906 5550 1232 5620 πεποίηκας.

175 5621 236 5671 ’ν’
313 5621 815 5714 Ἐμὰκρυναςήὰπί
834 5642 982 5714 ἐμοῦ
1019 5643 1201 5713 φίλον
1242 5641 1339 5697 καὶ
1386 5643 1652 5713 πλησίον
1701 5643 1799 5699 καὶ

294 5859 341 5897 ⁸³
359 5860 516 5920 Joan.
542 5881 663 5930 vni,
688 5863 780 5919 28.

1917 4725 2225 4790 cunabulis,
2253 4722 2487 4779 Herodis
2515 4733 2570 4778 et
2601 4725 2862 4779 similium
2893 4725 2996 4795 ipsi
3037 4725 3320 4779 hominum
3347 4724 3452 4781 insi
3472 4755 3487 4767 -

1912 4815 2022 4898 (liis
2056 4818 2328 4886 appetitus
2366 4823 2469 4871 est.
2518 4815 2805 4870 Exaltatus
2836 4825 3011 4871 autem
3040 4817 3351 4873 humiliatus
3368 4831 3488 4872 sum

1907 4907 1963 4960 ‘et
2025 4907 2389 4961 conturbatus.
2441 4906 2834 4962 Exaltationem
2888 4907 3021 4962 dicit
3065 4922 3353 4963 ascensum
3416 4906 3485 4961 ad

1912 5013 2129 5053 crucem
2155 5042 2170 5067 ,
2201 4999 2358 5068 juxta
2403 5000 2454 5054 id
2497 4999 2640 5069 quod
2677 4999 2866 5054 abillo
2920 5000 3126 5055 dictum
3181 5009 3264 5055 est
3300 5018 3314 5054 :
3349 4998 3482 5055 Cum

1908 5092 2269 5146 exultaveritis
2305 5090 2353 5143 F
2356 5091 2501 5146 ilium
2536 5091 2764 5145 hominis
2798 5090 2860 5143 ³³.
2892 5088 3027 5145 Illud
3057 5100 3262 5155 autem,
3301 5089 3479 5143 Itami-

1910 5185 2072 5238 liatus
2102 5200 2242 5251 sum,
2272 5183 2341 5240 de
2364 5199 2466 5240 suo
2498 5184 2552 5237 in
2586 5183 2860 5238 infernum
2889 5185 3153 5240 descensu
3185 5184 3280 5237 ait.

1983 5276 2073 5340 l7,
2116 5275 2203 5329 18.
2234 5274 2302 5328 1η
2340 5292 2422 5329 me
2465 5277 2787 5329 transierunt
2818 5278 2915 5331 ira:
2942 5288 3067 5339 tuae,
3102 5285 3207 5329 etc.
3249 5272 3478 5327 Omnem

1909 5368 2071 5432 iram,
2099 5367 2296 5437 inquit,
2325 5368 2615 5423 adversum
2661 5383 2748 5422 me
2775 5368 3062 5431 excitasti;
3104 5374 3158 5418 et
3197 5363 3480 5419 terribilis-

1914 5459 2068 5514 simis
2113 5473 2200 5514 me
2248 5459 2526 5529 suppliciis
2579 5459 2939 5521 conturbasti,
2985 5457 3162 5524 iisque
3191 5471 3290 5511 ceu
3315 5456 3477 5526 aquis

1912 5565 2000 5608 me
2030 5549 2353 5606 demersisu.

1982 5643 2066 5699 19.
2099 5642 2376 5714 Elangasli
2400 5661 2433 5698 a
2462 5661 2542 5700 me
2570 5645 2798 5699 amicum
2822 5652 2872 5698 et
2909 5640 3229 5712 proximum,
3249 5649 3298 5697 et
3320 5646 3473 5699 news
