3946 6222
404 370 513 426 τοι

1251 376 1308 430 S.
1349 377 1718 434 ATHA‘NASH
1759 381 1908 440 OPP.
1950 381 2129 439 PARS
2166 380 2256 435 Ill.
2289 412 2360 421 —-
2392 379 2798 435 EXEGETICA.

3538 383 3646 439 ’584

403 502 544 541 meos
592 503 624 540 a
658 490 891 543 miseria.
942 489 1211 545 Miseriam
1253 503 1409 553 vocat
1442 496 1711 564 paSsionis
1738 492 1970 567 tempus.

2073 497 2212 563 τοὺς
2251 497 2557 566 ⁸γννιιλστούς
2594 514 2712 565 μου
2755 496 2871 550 ἀπὸ
2915 495 3329 564 ταλαιπωρίας.
3360 497 3648 551 Ταλαιπω-

399 579 492 633 Ait
518 579 684 649 igitur
742 589 985 651 tempore
1014 584 1281 651 passionis
1317 587 1525 643 amicos
1567 600 1619 643 et
1659 600 1818 647 notos
1848 593 1973 646 reli-

401 670 589 739 quisse
630 674 831 741 ipsum.
888 672 966 727 Ac
1023 674 1284 743 quoniam
1339 675 1514 745 factus
1547 687 1623 732 est
1662 679 1814 735 Patri
1854 681 1973 737 obe-

401 762 549 817 diem
582 778 746 833 usque
772 764 843 816 ad
872 775 1113 831 mortem,
1150 775 1370 820 mortem
1391 779 1566 822 autem
1588 773 1760 825 crucis
1796 772 1843 804 “
1865 812 1881 837 ,
1915 774 1969 829 in

401 869 565 910 cruce
599 865 780 910 autem
816 857 1037 913 relictus
1066 869 1148 914 est
1175 875 1203 913 a
1236 860 1554 929 discipulis,
1610 863 1730 918 ideo
1753 863 1967 920 Patrem

399 961 561 1001 suum
590 947 879 1020 elongasse
908 952 1115 1006 amicos
1149 960 1203 1006 et
1232 960 1392 1009 notos
1413 954 1563 1010 dicit.

395 1199 446 1254 Ι.
487 1198 825 1258 PSALMUS
869 1205 1161 1259 intellectus
1196 1206 1420 1260 {Et/iam
1469 1205 1734 1262 Israelita:
1782 1207 1964 1280 [νοις.

509 1301 632 1351 cum
663 1286 851 1352 Hebr.,
873 1288 1097 1342 zEtham
1125 1289 1441 1363 Ezrahita'].
1471 1290 1678 1345 LXXX
1695 1290 1858 1346 V111.

986 1373 1385 1444 Argumentum.

388 1457 443 1513 In
483 1462 839 1531 praesentibus
867 1462 1071 1520 Christi
1101 1480 1167 1520 ex
1211 1466 1418 1522 semine
1447 1466 1615 1523 David
1665 1469 1967 1540 generatio-

455 1568 616 1617 nem,
666 1564 721 1610 et
772 1558 892 1627 ejus
928 1574 1178 1627 regnum,
1219 1560 1569 1627 vaticinatur,
1624 1561 1960 1631 insuperque

455 1647 751 1701 salutarem
783 1650 1094 1718 passionem
1129 1666 1292 1720 quam
1329 1666 1426 1721 pro
1474 1652 1634 1707 nobis
1677 1653 1958 1708 sustinuit.

457 1735 768 1794 Intellectus
815 1749 996 1794 autem
1028 1741 1324 1810 inscriptus
1359 1751 1478 1807 est,
1519 1744 1650 1812 quia
1693 1743 1959 1813 spirituali

2077 584 2196 654 ρίαν
2220 582 2311 636 τὸν
2331 582 2426 635 τοῦ
2451 581 2654 645 πάθους
2682 582 2872 654 καιρὸν
2900 585 3317 655 κατασημαίνει.
3345 584 3506 653 Λέγει
3526 583 3641 649 οὖν,

2071 675 2148 738 ὡς
2179 673 2331 746 παρὰ
2372 674 2435 727 τὸ
2467 675 2638 737 πάθος
2673 676 2833 729 αὐτὸν
2861 675 2953 729 καὶ
2983 677 3027 728 οἱ
3063 675 3204 744 φίλοι
3233 677 3326 729 καὶ
3358 679 3405 730 οἱ
3440 677 3643 749 γνώρι-

2074 783 2161 836 μοι
2210 766 2581 835 ἐγκατέλιπον.
2601 768 2816 821 Ἐπειδὴ
2859 767 2916 821 δὲ
2961 767 3205 838 γέγονεν
3249 769 3521 835 ὑπήκοος
3563 769 3645 837 τῷ

2068 860 2251 926 Πατρὶ
2282 858 2457 929 μέχρι
2490 858 2772 924 θανάτου,
2805 859 3064 915 θανάτου
3096 859 3163 913 δὲ
3194 861 3479 929 σταυροῦ,
3508 862 3566 914 ἐν
3587 862 3644 916 δὲ

2068 950 2147 1021 τῷ
2177 951 2393 1022 σταυρῷ
2418 952 2837 1006 καταλέλειπται
2868 951 3019 1021 παρὰ
3046 951 3153 1005 τῶν
3194 952 3450 1023 μαθητῶν
3468 969 3481 982 ’
3518 952 3643 1006 τού-

2067 1058 2160 1095 του
2210 1044 2367 1116 χάριν
2414 1045 2504 1098 τὸν
2551 1045 2769 1115 Πατέρα
2803 1043 2967 1098 αὑτοῦ
3004 1044 3276 1116 μακρῦναι
3299 1046 3425 1108 τοὺς
3456 1046 3642 1114 φίλους

2067 1135 2161 1188 καὶ
2186 1138 2311 1199 τοὺς
2330 1136 2636 1207 γνωρίμους
2663 1136 2829 1206 λέγει.

2147 1230 2245 1281 ΨΑ
2262 1230 2464 1281 ΛΜοΣ
2507 1227 2815 1283 συνέσεως
2866 1226 3046 1297 Αὶθὰμ
3075 1226 3166 1311 ,τῷ
3222 1229 3573 1298 Ἰσραηλίτῃ.

2787 1315 2924 1366 ΠΗ’.

2694 1396 3018 1463 Ὑπόθεσις.

2077 1489 2163 1543 Ἐν
2204 1491 2316 1553 τοῖς
2356 1488 2588 1562 παροῦσι
2628 1489 2725 1560 τὴν
2742 1491 2816 1543 ἐκ
2844 1490 3155 1561 σπέρματος
3185 1488 3347 1543 Δαυῒδ
3382 1490 3639 1562 γέννησιν

2129 1581 2222 1634 τοῦ
2255 1582 2514 1653 Χριστοῦ,
2555 1583 2650 1635 καὶ
2690 1583 2791 1653 τὴν
2844 1582 3118 1652 βασιλείαν
3161 1582 3323 1635 αὐτοῦ
3366 1581 3636 1649 θεσπίζει,

2129 1674 2225 1725 καὶ
2274 1673 2378 1745 μὴν
2421 1674 2517 1727 καὶ
2573 1674 2634 1727 τὸ
2679 1673 2849 1738 πάθος
2895 1674 2955 1726 τὸ
2988 1675 3251 1745 σωτήριον
3284 1674 3312 1728 ὃ
3345 1674 3640 1746 ὑπέμεινεν

2131 1765 2271 1837 ὑπὲρ
2323 1765 2498 1836 ἡμῶν.
2531 1764 2843 1836 Συνέσεως
2874 1766 2931 1819 δὲ
2982 1766 3402 1838 ἐπιγέγραπται,
3450 1768 3636 1839 ἐπειδὴ

454 1839 637 1886 mente
664 1846 802 1901 opus
831 1835 1170 1890 estmaxime
1197 1836 1262 1889 ad
1302 1836 1708 1906 intelligendam
1754 1847 1956 1909 myste-

2126 1835 2495 1929 πνευματικοῦ
2528 1858 2761 1929 μάλιστα
2791 1858 2949 1929 χρεία
2982 1858 3074 1911 νοῦ
3108 1835 3244 1930 προς
3272 1859 3333 1912 τὸ
3364 1863 3555 1931 νοῆσαι
3575 1835 3636 1913 το

453 1920 662 1976 riorum
716 1923 836 1993 ejus
869 1925 1314 1994 profunditatem.
1370 1926 1445 1982 De
1495 1926 1692 1982 Eman
1742 1938 1944 1999 autem,

450 2015 596 2083 quod
637 2023 691 2070 et
733 2017 850 2086 ipse
883 2019 1145 2088 propheta
1191 2018 1378 2084 fuerit,
1427 2019 1483 2074 in
1512 2022 1950 2089 praecedentibus

451 2104 564 2175 jam
596 2119 908 2165 enarratum
945 2120 1048 2167 est.

452 2195 506 2251 2.
542 2196 935 2257 Misericordias
965 2211 1104 2267 tuas,
1144 2201 1390 2267 Domine,
1433 2203 1491 2256 in
1524 2212 1781 2259 wternum
1830 2222 1953 2260 can-

382 2290 522 2344 tabo.
557 2291 622 2346 Et
643 2311 780 2363 quas
810 2296 1211 2352 misericordias
1235 2297 1492 2353 Domini?
1522 2316 1789 2369 quasnam
1822 2317 1947 2372 erga

379 2396 482 2436 nos
510 2382 704 2449 ell‘ecit,
726 2402 863 2456 quas
894 2396 1115 2443 cantare
1144 2390 1482 2445 debeamus?
1512 2392 1770 2445 nimirum
1801 2395 1950 2463 quod

377 2473 717 2543 principatus
758 2487 813 2532 et
858 2488 1155 2547 potestates
1213 2482 1281 2536 de
1312 2483 1488 2537 medio
1540 2484 1844 2547 sustulerit,
1896 2492 1952 2540 et

376 2563 554 2634 ipsum
584 2566 784 2622 diaboli
817 2570 1105 2640 imperium
1143 2592 1155 2627 :
1187 2590 1398 2643 nosque
1429 2575 1741 2631 liberaverit
1769 2593 1798 2631 a
1823 2592 1951 2647 pec-

377 2668 500 2712 cato
522 2668 577 2712 et
606 2671 794 2717 morte.
819 2661 884 2716 In
913 2668 1300 2734 generationem
1342 2677 1394 2720 et
1422 2671 1808 2738 generationem
1847 2688 1948 2725 an-

376 2750 630 2803 nuntiabo
667 2754 936 2807 veritatem
967 2764 1109 2808 tuum
1145 2758 1199 2811 in
1228 2774 1316 2811 ore
1344 2775 1476 2811 meo.
1510 2757 1725 2816 Veritas
1773 2761 1949 2817 Patris

374 2846 462 2893 est
498 2839 687 2900 Filius,
720 2859 881 2913 quem
910 2848 1085 2901 sancti
1119 2848 1170 2900 in
1199 2849 1602 2917 generationem
1640 2861 1694 2907 ct
1722 2869 1949 2922 genera-

375 2929 579 2985 tionem
612 2933 664 2987 in
700 2950 797 2989 ore
825 2946 1038 3005 gestant
1067 2956 1080 2992 :
1112 2953 1290 2994 sermo
1319 2940 1464 2995 enim
1512 2942 1669 3011 quasi
1714 2943 1784 2998 ab
1817 2958 1948 3014 apo-

372 3019 567 3074 stolico
590 3021 758 3077 choro
780 3028 1044 3095 procedit.

443 3113 498 3167 5.
545 3113 809 3180 Quoniam
847 3119 1088 3175 dixisti:
1136 3120 1203 3177 In
1267 3132 1521 3179 (eternum
1578 3126 1945 3181 misericordia

2127 1950 2286 2021 βάθος
2311 1949 2417 2004 τῶν
2443 1951 2610 2004 αὑτοῦ
2635 1952 2967 2023 μυστηρίων.
2985 1952 3064 2006 Τὰ
3087 1953 3141 2006 δὲ
3165 1953 3292 2024 περὶ
3317 1952 3409 2006 τοῦ
3433 1952 3634 2023 Αἰμὰιι,

2124 2043 2199 2106 ὼς
2226 2043 2321 2096 καὶ
2347 2037 2501 2106 οὗτος
2534 2045 2818 2115 προφήτης
2843 2041 2931 2116 ἦν,
2960 2046 3017 2098 ὲν
3050 2047 3161 2110 τοῖς
3190 2044 3520 2118 προλαϐοῦσι
3540 2062 3618 2098 σοι·

2123 2135 2238 2203 φῶς
2261 2135 2626 2207 διηγόρευται.

2130 2226 2204 2279 Τὰ
2228 2226 2369 2295 ἐλέη
2403 2244 2539 2290 σου,
2564 2229 2757 2295 Κύριε,
2780 2232 2864 2295 εἰς
2898 2230 3005 2283 τὸν
3033 2230 3219 2284 αἰῶνα
3244 2230 3483 2299 ᾄσομαι.
3520 2229 3633 2286 Καὶ

2053 2322 2181 2373 ποῖα
2229 2318 2299 2372 τὰ
2345 2319 2466 2390 ὲλέη
2506 2319 2601 2373 τοῦ
2632 2320 2858 2392 Κυρίου,
2885 2320 2921 2374 δι
2960 2322 3259 2392 πεποίηκεν
3290 2325 3369 2386 εἰς
3398 2324 3565 2393 ἡμᾶς,
3595 2324 3633 2378 ἃ.

2052 2412 2145 2466 καὶ
2175 2412 2319 2483 ᾄδειν
2346 2413 2667 2482 ὀφείλομενς
2709 2412 2741 2483 ἢ
2787 2412 2846 2466 τὸ
2885 2413 3130 2468 καθελεῖν
3183 2414 3279 2484 μὲν
3313 2413 3414 2478 τὰς
3456 2415 3631 2486 ἀρχὰς

2053 2505 2146 2558 καὶ
2178 2503 2275 2568 τὰς
2315 2504 2582 2570 ἐξουσίας,
2623 2506 2717 2559 καὶ
2744 2505 2874 2558 αὐτὸ
2906 2505 3000 2558 τοῦ
3031 2505 3272 2559 διαϐόλου
3306 2505 3368 2559 τὸ
3393 2507 3591 2578 κράτος
3610 2524 3625 2538 ⁸

2050 2592 2407 2665 ἐλευθερῶσαι
2439 2593 2493 2646 δὲ
2516 2596 2664 2665 ἡμᾶς
2697 2595 2966 2666 ἁμαρτίας
2994 2596 3087 2649 καὶ
3115 2595 3364 2650 θανάτου.
3408 2599 3514 2663 Εις
3536 2614 3631 2666 τε-

2049 2682 2196 2741 νέὰν
2221 2686 2318 2739 καὶ
2350 2686 2566 2755 γενεὰν
2596 2686 2913 2755 ἀπαγγελῶ
2944 2687 3062 2753 τὴν
3088 2685 3375 2753 ἀλήθειάν
3408 2704 3526 2743 σου
3558 2689 3632 2743 ἐν

2050 2777 2129 2843 τῷ
2157 2778 2407 2847 στόματί
2430 2795 2565 2847 μου.
2586 2778 2833 2849 Ἀλήθεια
2864 2777 2961 2848 μὲν
2982 2776 3075 2831 τοῦ
3102 2778 3311 2849 Πατρδς
3333 2779 3361 2831 ὁ
3394 2778 3544 2841 Υἱὸς,
3565 2779 3628 2832 ὃν

2051 2869 2144 2921 καὶ
2177 2870 2256 2931 εἰς
2285 2867 2477 2936 γενεὰν
2505 2869 2598 2921 καὶ
2632 2869 2825 2936 γενεὰν
2862 2870 2953 2922 ἐπὶ
2983 2869 3244 2939 στόματος
3272 2871 3321 2923 οἱ
3356 2870 3501 2939 ᾰγιοι
3531 2871 3625 2939 φέ-

2051 2973 2266 3027 ρουσιν·
2316 2956 2431 3010 ἐστι
2477 2957 2658 3031 γὰρτὸ
2701 2957 2860 3027 λόγος
2901 2958 2977 3022 ὼς
3004 2957 3112 3012 ἀπὸ
3140 2957 3234 3011 τοῦ
3266 2958 3626 3015 ἀποστολικοῦ

2149 3062 2228 3100 οι).

2149 3062 2228 3100 ου.

2044 3062 2240 3189 χϐῗΟτι
2256 3133 2425 3203 εἶπας
2445 3153 2459 3167 ·
2496 3138 2599 3203 Εὶς
2619 3134 2725 3189 τὸν
2746 3135 2929 3190 αἰῶνα
2950 3138 3122 3203 ἕλεος
3155 3137 3622 3208 οἰκοδομηθήσε-

373 3206 745 3274 αάἱβοαὺὶιιιιο.
808 3210 911 3276 Tu,
945 3214 1138 3283 inquit,
1189 3231 1222 3270 ο
1275 3215 1526 3282 Domine,
1579 3219 1838 3289 dignatus
1884 3235 1944 3276 es

2066 3245 2162 3283 rat.
2178 3230 2248 3282 Σὺ
2258 3269 2271 3293 ,
2285 3223 2329 3282 ὧ
2342 3229 2604 3293 Δέσποτα,
2622 3229 2802 3299 φησὶν,
2821 3228 3242 3297 ἐπαγγείλασθαι
3253 3205 3615 3301 κατῆξίωσας.

370 3297 633 3364 polliceri,
681 3302 734 3356 in
794 3313 1057 3359 aeternum
1114 3307 1548 3363 misericordiam
1606 3326 1856 3381 magnam
1891 3321 1945 3367 et

370 3386 672 3442 mirabilem
726 3393 944 3448 assidue
996 3396 1371 3452 aediﬁcandam
1431 3399 1484 3453 in
1534 3401 1726 3467 ctelis,
1775 3402 1827 3456 id
1861 3412 1945 3458 est

369 3483 804 3550 prmparandam.
837 3486 950 3541 sive
973 3489 1339 3544 excitandam.
1364 3490 1501 3546 Nam
1535 3494 1681 3564 quod
1711 3495 1941 3550 aediﬁca-

368 3578 458 3625 tur
494 3575 898 3642 quodammodo
942 3580 1209 3636 excitatur
1237 3592 1290 3638 et
1318 3584 1566 3654 erigitur.
1619 3585 1716 3642 Est
1757 3596 1940 3642 autem

368 3661 501 3717 illud
543 3665 691 3721 salus
718 3676 773 3722 et
800 3670 971 3738 gratia
1009 3686 1102 3741 per
1129 3673 1409 3730 Christum
1439 3677 1583 3732 data.
1627 3677 1939 3735 Misericor-

367 3751 453 3805 dia
484 3753 701 3822 quidem
739 3756 830 3812 Dei
870 3761 1117 3817 homines
1168 3764 1431 3833 aaditlcat,
1496 3769 1696 3825 veritas
1751 3780 1934 3826 autem

364 3856 633 3913 praeparat
660 3859 877 3905 sanctas
905 3853 1149 3910 virtutes.
1174 3855 1579 3924 Prwparabitur
1604 3861 1796 3916 veritas
1820 3872 1933 3918 tua.

364 3933 829 4001 Quemadmodum
863 3945 1010 4000 salus
1046 3945 1248 4003 Christi
1285 3950 1658 4006 misericordia
1686 3962 1738 4007 et
1762 3954 1932 4022 gratia

361 4036 607 4095 vocatur,
635 4031 708 4085 ita
738 4048 955 4104 quoque
985 4046 1209 4092 vocatur
1234 4042 1454 4105 veritas,
1487 4058 1609 4111 qum
1651 4060 1826 4114 usque
1865 4046 1933 4100 ad

361 4118 548 4184 caelos,
576 4120 672 4187 ait,
699 4124 932 4180 excitata
952 4136 1035 4183 est
1055 4143 1152 4198 per
1167 4131 1487 4202 sanguinem
1514 4175 1529 4201 ,
1560 4136 1677 4191 sive
1706 4137 1761 4191 in
1793 4150 1931 4194 terra

361 4212 476 4267 sive
502 4215 556 4267 in
585 4217 744 4271 caelo.

426 4303 481 4358 4.
515 4305 764 4374 Disposui
791 4321 1158 4369 testamentum
1185 4316 1362 4373 electis
1402 4322 1528 4375 meis
1548 4362 1563 4387 ,
1594 4322 1925 4393 Abrahamo,

2047 3324 2129 3376 ὅτι
2175 3324 2256 3385 εἰς
2296 3323 2388 3375 τὸν
2432 3312 2609 3375 ἀἰῶνα
2643 3319 2906 3392 διηνεκῶς
2939 3320 3086 3385 ἔλεος
3123 3320 3263 3392 μέγα
3289 3322 3383 3376 καὶ
3411 3322 3624 3395 θαυμα-

2048 3414 2171 3468 στὸν
2218 3412 2735 3484 οἰκοδομηθήσεται·
2783 3412 2811 3466 ὃ
2856 3413 2972 3466 ἐστι
3025 3414 3623 3486 κατασκευασθήσεται,

2044 3507 2209 3576 ἤγουν
2241 3505 2615 3576 ἐγερθήσεται.
2636 3504 2709 3557 Τὸ
2738 3503 2846 3576 γὰρ
2873 3504 3320 3576 οἰκοδομούμενον
3348 3506 3624 3577 ἐγείρεταί

2044 3615 2162 3660 πως
2194 3597 2288 3651 καὶ¹
2310 3596 2776 3650 ἀνίσταται.¹Ἐστι
2801 3595 2858 3649 δὲ
2886 3596 3042 3648 τοῦτο
3070 3597 3104 3668 ἡ
3132 3596 3218 3649 διὰ
3250 3597 3485 3668 Χριστοῦ
3514 3614 3622 3650 σω-

2039 3688 2202 3760 τηρία
2225 3689 2319 3743 καὶ
2343 3689 2521 3759 χάρις.
2552 3688 2625 3742 Τὸ
2652 3688 2748 3759 μὲν
2788 3688 2935 3752 ἔλεος
2964 3688 3058 3742 τοῦ
3091 3688 3225 3743 Θεοῦ
3256 3692 3382 3754 τοὺς
3408 3691 3619 3760 ἀνθρώ.

2040 3795 2175 3842 πους
2203 3778 2551 3850 οἱκοδομεῖ,ή
2607 3779 2664 3833 δὲ
2709 3779 2937 3852 ἀλήθεια
2985 3780 3263 3851 έτοιμάζει
3311 3782 3410 3847 τὰς
3456 3783 3619 3852 ἁγίας

2037 3868 2862 3941 δυνάμεις.”Ετοιμασθήσεται
2901 3872 2940 3940 ἠ
2988 3874 3240 3944 ἀλήθειά
3263 3875 3620 3947 σου.”Ωσπερ

2037 3962 2178 4032 ὴδιὰ
2212 3963 2447 4034 Χριστοῦ
2483 3966 2727 4036 σωτηρία
2756 3966 2904 4031 ἕλεος
2947 3967 3041 4020 καὶ
3074 3969 3254 4040 χάρις,
3285 3969 3426 4023 οὕτω
3456 3971 3552 4023 καὶ
3580 3971 3615 4040 ἠ

2035 4052 2259 4124 ἀλήθεια
2297 4054 2457 4109 πάλιν
2493 4056 2758 4119 καλεῖται,
2788 4058 2822 4129 ἦ
2855 4060 2947 4112 καὶ.
2977 4059 3167 4132 μέχρις
3201 4065 3447 4131 οὐρανῶν
3475 4072 3576 4131 εγη

2035 4161 2250 4216 γερται,
2288 4147 2444 4219 φησι,
2471 4147 2562 4201 διὰ
2587 4147 2680 4201 τοῦ
2713 4149 2964 4220 αἵματος,
2994 4151 3103 4204 εἴτε
3146 4152 3241 4204 ἐπὶ
3286 4153 3388 4223 γῆς
3418 4151 3528 4206 εἴτε
3555 4152 3615 4205 ἐν

2033 4237 2270 4308 οὐρανῷ.

2100 4329 2383 4398 Δωθέμην
2428 4328 2721 4400 διαθήκην
2763 4331 2889 4399 τοῖς
2942 4332 3249 4399 ἐκλεκτοῖς
3285 4350 3405 4403 μου
3434 4349 3450 4365 '
3487 4334 3612 4387 ’A6-

358 4393 556 4466 inquit.
586 4408 639 4454 et
661 4399 905 4457 Jacobo:
940 4405 1005 4460 iis
1033 4408 1179 4461 enim
1213 4412 1611 4479 promissiones
1654 4415 1719 4469 de
1767 4415 1928 4471 Chri-

2066 4421 2199 4492 αὰμ,
2225 4393 2376 4492 (snsi,
2395 4424 2490 4477 καὶ
2519 4393 2710 4479 Ἰακῶὸ
2732 4442 2745 4455 ο
2774 4393 2985 4483 τούτοις
3011 4425 3119 4498 γὰρ
3137 4426 3200 4497 δὴ
3322 4426 3447 4497 περὶ
3468 4427 3514 4479 Χ
3522 4443 3606 4498 ρι-

357 4495 442 4540 sto
462 4487 629 4553 dedit,
663 4490 816 4558 juxta
844 4493 894 4548 id
927 4500 1074 4564 quod
1105 4498 1310 4555 dictum
1343 4512 1429 4558 est
1462 4520 1475 4558 :
1517 4504 1585 4558 Et
1621 4505 1927 4562 benedicen-
1958 4553 1970 4610 Ι

359 4586 445 4610 lu.-
474 4580 527 4610 a'n
555 4584 743 4610 ρηιηέ....
776 4593 859 4610 ι..-
898 4604 1065 4610 ---..---
1100 4592 1213 4610 ..νην
1306 4603 1317 4610 .
1484 4597 1528 4610 .-
1610 4597 1624 4610 ι
1770 4600 1781 4610 .
1824 4599 1854 4610 ,ι

2067 4487 2160 4565 τοῧ
2214 4487 2542 4580 ἐπαγγελίας
2598 4512 2798 4567 δέδωκε
2849 4514 2990 4568 κατὰ
3023 4487 3098 4567 ’τό
3139 4487 3452 4586 εἰρημένον’
3487 4487 3598 4570 lia!

356 4586 445 4631 tur
474 4580 527 4632 in
552 4584 743 4637 semine
774 4593 861 4638 tuo
890 4604 1066 4643 omnes
1096 4592 1262 4646 tribus
1298 4603 1452 4651 terra:
1484 4597 1549 4650 ²⁸.
1592 4597 1781 4652 Juravi
1813 4599 1924 4653 Da-
1958 4580 1970 4610 ⁸

2066 4603 2612 4672 νευλογηθήσονται
2640 4605 2710 4658 ἐν
2744 4604 2824 4671 τῷ
2854 4605 3149 4675 σπέρματί
3327 4605 3517 4662 πᾶσαι
3545 4610 3609 4661 ai

354 4669 440 4723 rid
470 4688 615 4727 servo
661 4692 791 4731 meo.
823 4677 888 4732 Et
919 4680 1138 4736 ubinam
1159 4684 1386 4752 juravit,
1426 4689 1530 4743 nisi
1568 4705 1692 4744 cum
1722 4690 1926 4746 diceret

2066 4695 2213 4750 ευλαὶ
2243 4669 2354 4761 τῆς
2399 4693 2771 4765 γῆςῘΩμοσα
2794 4669 2985 4752 ήΔαυῒέ
3003 4669 3083 4763 τῷ
3110 4697 3308 4764 δούλῳ
3332 4715 3472 4767 μου.
3498 4698 3610 4752 Καὶ

352 4760 429 4815 illi
463 4781 477 4818 :
509 4762 577 4817 Et
614 4770 713 4821 erit
747 4782 1025 4842 postquam
1065 4775 1267 4842 impleti
1315 4778 1513 4847 fuerint
1564 4781 1676 4857 dies
1732 4783 1832 4847 tui,
1873 4792 1921 4836 et

2066 4785 2132 4838 οὗ
2167 4784 2380 4856 ὤμοσεν
2407 4760 2471 4856 vi).
2497 4791 2554 4841 ὲν
2585 4760 2660 4859 τῷ
2687 4791 2856 4842 εἰπεῖν
2890 4790 3026 4860 πρὸς
3052 4760 3211 4843 αὐτόν
3233 4808 3246 4820 -
3276 4760 3393 4843 -Καὶ
3432 4790 3607 4844 ἔσται

350 4856 629 4914 dormieris
655 4878 772 4916 cum
805 4867 1045 4934 patribus
1071 4871 1174 4924 tuis
1196 4910 1212 4936 ,
1241 4883 1486 4942 exsurget
1510 4874 1574 4926 de
1594 4856 1806 4929 semine
1831 4885 1920 4931 tuo

2066 4893 2171 4929 ταν
2203 4875 2600 4944 πληρωθῶσιν
2626 4856 2685 4934 αἱ
2712 4856 3089 4949 ιὶμέραινσου,
3130 4880 3224 4934 καὶ
3266 4880 3605 4950 κοιμηθήσῃ

349 4949 506 5016 alius,
531 4953 622 5022 qui
647 4956 746 5008 erit
777 4972 842 5011 ea;
878 4970 1052 5014 ventre
1082 4970 1171 5015 tuo
1198 4980 1215 5016 :
1240 4961 1306 5016 Et
1336 4966 1648 5034 prwparabo
1675 4968 1730 5020 in
1765 4976 1919 5022 teter-

2066 4968 2168 5023 ετὰ
2216 4968 2335 5022 τῶν
2385 4970 2657 5039 πατέρων
2705 4987 2822 5025 σου
2841 4989 2855 5004 ο
2915 4972 3320 5038 ἀναστήσεται
3372 4972 3443 5026 ἐκ
3495 4973 3603 5027 τοῦ

345 5057 470 5098 num
507 5061 720 5114 regnum
773 5050 907 5115 eius.
965 5051 1085 5121 Ipse
1135 5057 1418 5125 wdiﬁcabit
1452 5059 1666 5113 domum
1714 5061 1917 5115 nomini

2068 5060 2362 5131 πέρματός
2401 5078 2518 5117 σου
2563 5063 2770 5129 ἄλλος,
2817 5062 2885 5130 ὃς
2922 5064 3093 5118 ἔσται
3124 5064 3190 5117 ἐκ
3224 5062 3335 5131 τῆς
3367 5064 3604 5131 κοιλίας

345 5148 478 5188 nteo.
513 5132 581 5189 Et
613 5138 1056 5227 erigam‘regnum
1085 5144 1196 5213 ejus
1223 5148 1278 5199 in
1320 5148 1593 5202 steculum.
1656 5148 1766 5220 Ego
1824 5168 1913 5205 ero

2066 5171 2156 5208 ου.
2187 5157 2295 5209 Καὶ
2324 5156 2616 5224 ἑτοιμάσω
2649 5159 2739 5223 εἰς
2779 5156 2886 5211 τὸν
2926 5156 3110 5211 αἰῶνα
3133 5157 3248 5230 τὴν
3271 5158 3604 5222 ,βασιλείαν

343 5222 423 5276 illi
452 5226 505 5278 in
527 5237 752 5296 patrem,
776 5222 971 5300 et—ipse
999 5235 1098 5287 erit
1135 5237 1264 5290 milii
1294 5238 1346 5290 in
1382 5239 1553 5306 ﬁlium
1580 5241 1668 5294 ’θῖ

2066 5247 2219 5301 uror”).
2258 5222 2454 5316 Αὐτὸςζ
2485 5250 2863 5321 οἰκοδομήσει
2889 5247 3056 5305 οἷκον
3077 5222 3158 5315 τῶ
3184 5222 3430 5320 ονόματί
3454 5267 3597 5319 μου.

339 5317 448 5369 Καὶ
477 5318 796 5388 ἀνορθώσω
829 5325 943 5393 τὴν
965 5326 1293 5390 ,βασιλείαν
1321 5333 1506 5387 αὐτοῦ
1532 5336 1619 5399 εὶς
1662 5335 1769 5388 τὸν
1790 5334 1989 5390 αἰῶνα.
2012 5340 2157 5409 Ἐγὼ
2191 5343 2402 5411 ἔσομαι
2444 5343 2603 5408 αὐτῷ
2651 5317 2759 5411 εις*
2785 5345 3031 5414 πατέρα,
3071 5344 3168 5398 καὶ
3205 5317 3388 5409 αὐτὸς
3421 5317 3593 5397 ἔσται

334 5423 437 5475 μοι
458 5412 545 5475 εἰς
565 5413 713 5468 υἱόν.

276 5504 281 5509 ’
411 5502 465 5556 5.
502 5503 902 5575 Conﬁtebuntur
947 5514 1062 5568 ειειί
1106 5517 1375 5573 mirabilia
1431 5530 1544 5575 tua.
1597 5520 1713 5578 Hoc
1736 5522 1813 5577 ait
1835 5525 1905 5578 ob

340 5589 619 5650 Christum
647 5612 857 5671 natum,
893 5616 947 5662 et
973 5608 1119 5678 quod
1147 5611 1325 5680 angeli
1357 5613 1671 5681 pastoribus
1694 5630 1906 5670 annun-

2098 5526 2674 5595 Ἐξομολογήσονται
2694 5542 2748 5581 οι
2775 5534 3015 5596 ουρανοὶ
3039 5545 3111 5584 τα
3135 5500 3436 5599 θαυμαστά
3452 5544 3592 5582 σου.

2013 5617 2183 5670 Τοῦτό
2207 5636 2339 5689 φησι
2367 5618 2454 5673 διὰ
2482 5619 2568 5673 τοῦ
2595 5620 2946 5691 γεννηθέντος
2964 5620 3224 5693 Χριστοῦ,
3252 5622 3346 5677 καὶ
3370 5621 3595 5692 ποιμέσι

412 5799 456 5832 ’⁸
481 5795 715 5875 Philipp.
746 5822 807 5873 ιι,
840 5808 892 5864 8.
967 5810 1012 5844 "
1040 5811 1175 5869 Gen.
1209 5829 1345 5881 ιυι,
1377 5813 1462 5872 l8.
1534 5818 1580 5850 "
1610 5814 1631 5872 Ι
1660 5815 1838 5873 Paral.
1876 5834 2008 5887 xvii,
2048 5818 2222 5873 ll-M.
