3946 6222
229 267 332 321 535

1242 272 1606 330 EXPOSITIO
1637 274 1705 329 IN
1745 276 2075 333 PSALMUM
2119 278 2456 337 LXXXVIII.

3370 287 3478 345 586

226 388 351 450 τοὺς
403 386 671 455 ἀγγέλους
723 389 1166 459 εὐαγγελίζεσθαι
1192 392 1476 462 λέγοντας·
1520 395 1649 450 Ὀτι
1682 395 1790 450 ἐτέ-

1910 399 2159 456 tiaverint
2180 401 2422 456 dicentes
2452 416 2467 452 ι
2511 401 2652 466 Quia
2672 410 2828 456 natus
2851 412 2929 456 est
2955 402 3103 457 nobis
3132 402 3285 457 hodie
3313 403 3473 459 Chri-

225 481 341 547 χθη
366 477 513 547 ἡμῖν
528 477 796 548 σήμερον
808 483 1061 550 Χριστὸς
1075 484 1288 554 Κύριος
1305 485 1377 539 ἐν
1402 485 1574 540 πόλει
1601 486 1800 542 Δαυτδ.

228 571 337 624 Καὶ
363 570 555 644 ἐτέρας
584 570 642 624 δὲ
666 574 995 646 ἐπουρανίου
1019 577 1308 648 στρατείας
1342 577 1547 648 πλῆθος
1578 579 1805 650 ὀφθῆναι

226 660 491 729 λεγόντων
511 678 523 694 ·
555 664 712 729 Δόξα
738 665 808 719 ἐν
835 668 1117 735 ὑψίστοις
1150 667 1292 734 Θεῷ,
1320 669 1419 724 καί
1445 670 1544 724 ἐπὶ
1580 668 1691 741 γῆς
1722 674 1805 725 ει-

217 753 402 824 Mira-

298 848 428 900 Ὅτι
451 846 543 913 τίς
568 847 639 901 ἐν
665 848 949 918 νεφέλαις
985 852 1341 919 ισωθήσεται
1375 851 1455 917 τῷ
1488 852 1714 922 Κυρίῳ;
1741 854 1804 908 El

225 938 318 992 καὶ
345 938 569 1007 γέγονεν
602 939 908 1013 ἄνθρωπος.
943 944 1127 1014 φησιν,
1151 946 1179 998 ὁ
1203 944 1531 1017 Μονογενὴς,
1556 947 1650 1001 καὶ
1679 947 1805 1007 καθ-

224 1031 354 1102 ῆκεν
381 1032 577 1085 ἑαυτὸν
616 1034 697 1098 είς
734 1035 982 1090 ἑκούσιον
1007 1037 1258 1103 κένωσιν,
1288 1039 1380 1092 καὶ
1411 1038 1568 1093 ἔλαϐε
1589 1040 1687 1112 τὴν
1708 1040 1802 1093 τοῦ

224 1123 412 1177 δούλου
446 1126 692 1197 μορφήνι
733 1126 870 1182 ἀλλὰ
920 1130 1014 1183 καὶ
1065 1129 1237 1196 οὕτως
1285 1132 1432 1185 ἐστὶν
1477 1131 1804 1204 ἀσύγκριτος

225 1214 365 1287 ὑπὲρ
386 1216 596 1280 πάντας
622 1218 716 1272 καὶ
742 1219 1023 1291 οὐρανίους
1058 1222 1342 1294 δυνάμειςο
1366 1227 1422 1278 al
1458 1226 1557 1297 μὲν
1581 1226 1690 1299 γὰρ
1723 1230 1804 1281 0i-

226 1304 461 1375 κετικδν,
479 1304 662 1375 ἔχουσι
689 1308 876 1379 τάγμα
894 1326 908 1341 ’
947 1312 977 1363 ὁ
1001 1311 1058 1366 δὲ
1084 1314 1360 1387 Δεσπότης
1393 1315 1503 1369 τῶν
1529 1316 1663 1370 ὅλων
1686 1318 1804 1371 ἐστὶ

226 1398 318 1450 καὶ
344 1396 554 1467 κύριος.
587 1399 748 1454 Ἀλλά
782 1403 888 1475 μὴν
913 1404 1033 1459 οὐδὲ
1063 1406 1133 1460 ἐν
1155 1407 1306 1474 υἱοῖς
1342 1409 1487 1463 Θεοῦ
1514 1410 1697 1480 ὅμοιός
1722 1411 1801 1476 τίς

223 1487 368 1540 ἐστιν
416 1486 590 1559 αὐτῷ.
623 1490 735 1544 Καὶ
777 1492 936 1547 τοῦτο
967 1495 1118 1550 αὐτοὶ
1162 1499 1496 1571 μαρτυροῦσι
1530 1500 1799 1569 λέγοντες,

221 1578 301 1631 ὅτι
341 1580 444 1634 Ἐκ
470 1581 577 1636 τοῦ
598 1582 991 1654 πληρώματος
1008 1590 1191 1645 αὐτοῦ
1218 1590 1441 1660 πάντες
1465 1573 1637 1665 ἡμεῖς
1663 1596 1802 1650 ἐλά-

221 1673 417 1741 ϐομεν.
441 1675 650 1729 Οὐκοῦν
674 1679 702 1731 ό
731 1677 831 1749 μὲν
853 1678 1068 1736 δίδωσιν
1090 1682 1166 1746 ὼς
1190 1682 1342 1751 Θεὸς,
1362 1687 1411 1739 οἱ
1430 1687 1488 1740 δὲ
1511 1687 1797 1743 πλουτοῦσι

220 1765 285 1818 τὰ
309 1768 443 1838 παρ’
473 1767 660 1822 αὐτοῦ.

299 1857 351 1909 '0
380 1858 528 1925 Θεὸς
558 1859 1021 1932 ἐνδοξαζόμενος
1056 1865 1127 1919 ἐν
1147 1867 1352 1938 ,ϐουλῇ
1379 1870 1581 1939 ἁγίων.
1609 1871 1798 1942 μέγας

220 1943 316 1998 καὶ
375 1950 647 2016 φοϐερός.
679 1951 890 2025 ’Ὠσπερ
937 1956 987 2007 οἱ
1042 1956 1287 2011 ἀσύνετοι
1363 1961 1798 2027 σκανδαλίζονται

218 2033 456 2104 ὁρῶντες
490 2038 654 2093 αὐτὸν
683 2043 740 2095 έν
773 2045 840 2114 τῇ
898 2044 993 2099 τοῦ
1036 2045 1218 2102 δούλου
1271 2054 1475 2123 μορφῇ,
1510 2054 1797 2122 ἀκούοντες

216 2124 272 2178 δὲ
293 2126 547 2197 λέγοντος
583 2132 749 2186 αὑτοῦ
775 2151 789 2165 ο
833 2136 981 2207 Ἐγώ
1009 2140 1126 2208 ειμι
1158 2142 1197 2209 ἡ
1232 2141 1481 2209 ἀλήθεια
1498 2161 1511 2174 ·
1537 2147 1652 2213 καὶ,
1675 2147 1797 2217 Πρὸ

216 2221 319 2275 τοῦ
355 2223 603 2294 Ἀϐραὰμ
654 2230 932 2297 γενέσθαι
982 2231 1098 2301 ἐτιὶ)
1144 2236 1261 2303 ειμι
1284 2251 1301 2269 ο
1337 2234 1510 2302 οὕτως
1550 2241 1599 2293 οί
1651 2241 1796 2309 ἅγιοι

216 2313 305 2365 τοῦ
314 2315 519 2384 μπαλιν
553 2316 865 2384 δοξάζουσιν
898 2323 1079 2390 αὑτὸν,
1108 2326 1201 2380 καὶ
1250 2328 1424 2398 μέγαν
1446 2330 1541 2383 καὶ
1568 2332 1796 2404 φοϐερὸν

215 2406 459 2462 καλοῦσι.
479 2411 590 2464 Καὶ
621 2411 781 2466 τοῦτο
805 2414 1014 2470 ἐκεῖθεν
1038 2416 1216 2488 δῆλον,
1249 2422 1313 2474 ὲκ
1342 2420 1435 2474 τοῦ
1459 2422 1551 2477 τὸν
1574 2426 1671 2494 μὲν
1693 2426 1792 2480 Πέ-

214 2513 340 2568 τρον
384 2498 579 2573 ὥσπερ
624 2503 693 2558 ὲκ
745 2505 1010 2577 πόματος
1057 2509 1317 2565 ἁπάντων
1370 2512 1530 2585 βοᾷν·
1572 2516 1655 2569 Σὺ
1682 2515 1794 2572 eid

216 2593 469 2660 Χριστὸς
500 2598 534 2648 ό
576 2597 710 2663 Υιὸς
756 2599 864 2654 τοῦ
913 2602 1060 2655 Θεοῦ
1112 2602 1220 2656 τοῦ
1263 2602 1505 2673 ζῶντοςο
1548 2609 1708 2662 πάλιν
1736 2611 1793 2663 δὲ

214 2686 339 2748 τοὺς
381 2686 630 2750 πάντας·
677 2690 930 2759 Ἀληθῶς
979 2693 1127 2748 Θεοῦ
1169 2695 1302 2762 Υἱὸς
1332 2693 1419 2751 εἷ’
1448 2698 1539 2753 ὅτε
1589 2703 1654 2771 τῇ
1707 2700 1794 2754 θα-

215 2773 385 2848 λάσσῃ
419 2778 517 2831 καὶ
550 2782 664 2842 τοῖς
693 2780 915 2851 ἀνέμοις
943 2783 1296 2857 ἐπετίμησεν.

283 2870 550 2936 Auraon
574 2866 648 2936 εἷ,
682 2873 878 2940 Κύριε,
919 2875 1014 2930 καί
1046 2877 1085 2943 ἡ
1118 2877 1369 2943 ἀλήθειὰ
1425 2896 1541 2934 σου
1589 2883 1793 2949 κύκλῳ

213 2972 354 3014 σου·
405 2962 491 3016 σὺ
521 2962 829 3031 δεσπόζεις
858 2966 964 3020 τοῦ
1005 2967 1260 3038 κράτους
1282 2970 1409 3053 ,τῆς
1450 2974 1787 3043 θαλάσσης.

1906 498 2020 543 stus
2044 489 2300 545 Dominus
2335 491 2387 544 in
2417 490 2626 544 civitate
2676 489 2849 544 David
2875 490 2940 546 ".
2982 488 3048 545 Et
3079 490 3224 561 quod
3249 489 3475 546 alterius

1905 582 2142 636 ccclesiis
2163 582 2434 638 exercitus
2462 581 2753 637 multitudo
2781 581 2896 637 visa
2924 580 3092 636 fuerit
3127 580 3427 639 dicentium
3456 599 3472 637 :

1906 671 2088 728 Gloria
2111 676 2165 728 in
2193 675 2411 730 excelsis
2440 675 2567 742 Deo,
2590 685 2638 730 et
2675 676 2730 729 in
2752 686 2895 729 terra
2917 690 3024 742 pas:
3055 675 3120 730 ³⁸.

1976 869 2027 923 7.
2054 868 2313 935 Quoniam
2341 873 2458 942 quis
2505 872 2560 926 in
2588 872 2814 927 nubibus
2866 876 3163 945 wquabitur
3209 876 3473 931 Domino?

1903 957 2154 1025 Etiamsi,
2187 961 2381 1031 inquit,
2422 959 2746 1035 Unigenitus
2772 963 2951 1022 factus
2984 967 3053 1022 sit
3085 967 3270 1036 homo,
3303 978 3357 1023 et
3378 969 3470 1024 de-

1905 1052 2053 1107 misit
2083 1068 2144 1107 se
2171 1055 2238 1107 ad
2271 1053 2638 1110 voluntariam
2670 1057 3102 1123 evacuationem,
3128 1069 3287 1129 atque
3317 1075 3468 1115 accer-

1903 1146 1980 1214 pit
2008 1145 2148 1200 servi
2176 1145 2428 1213 formam,
2462 1149 2610 1218 atqui
2643 1149 2805 1203 etiam
2838 1149 2917 1205 sic
2961 1160 3046 1206 est
3079 1152 3469 1220 incomparabi-

1902 1237 1990 1303 lis,
2022 1247 2076 1292 et
2104 1252 2293 1294 omnes
2320 1240 2482 1294 etiam
2507 1241 2756 1297 caelestes
2782 1243 3007 1298 virtutes
3037 1244 3330 1299 antecellit.
3361 1242 3469 1298 lllze

1902 1344 2136 1400 namque
2166 1331 2528 1387 domesticum
2558 1340 2612 1387 et
2641 1333 3051 1388 ministerialem
3087 1335 3285 1390 habent
3322 1337 3469 1390 ordi-

1901 1437 2060 1487 nem;
2095 1420 2356 1476 Dominus
2382 1433 2561 1477 autem
2591 1426 2967 1480 universorum
3013 1436 3095 1481 est
3133 1427 3467 1484 dominator.

1902 1512 2015 1567 lmo
2044 1528 2172 1567 vero
2195 1529 2369 1584 neque
2396 1515 2449 1569 in
2479 1516 2606 1584 ﬁliis
2633 1515 2730 1570 Dei
2764 1517 3035 1588 quispiam
3067 1519 3265 1573 similis
3281 1520 3329 1573 ei
3360 1531 3464 1575 est.

1901 1607 1968 1661 Et
1997 1608 2100 1662 hoc
2142 1607 2243 1678 ipsi
2280 1610 2646 1665 testiﬁcantur
2676 1611 2959 1666 dicentes:
3013 1610 3098 1665 Ea:
3143 1613 3467 1681 plenitudine

1899 1697 2012 1766 ejus
2046 1713 2138 1751 nos
2175 1714 2351 1753 omnes
2409 1702 2702 1768 accepimus
2748 1702 2813 1755 ".
2869 1700 2936 1756 Et
2983 1703 3071 1757 ille
3100 1705 3320 1773 quidem
3374 1706 3466 1761 dat

1902 1799 2083 1858 utpote
2117 1788 2282 1856 Deus,
2318 1790 2371 1844 lii
2401 1805 2529 1845 vero
2557 1792 2676 1861 ejus
2709 1792 2867 1847 donis
2893 1793 3091 1849 divites
3130 1804 3275 1849 sunt.

1969 1879 2023 1935 8.
2071 1879 2213 1935 Deus
2244 1881 2334 1952 qui
2383 1882 2716 1952 gloriﬁcatur
2752 1884 2808 1937 in
2868 1883 3088 1938 consilio
3140 1895 3464 1950 sanctorum,

1898 1991 2119 2045 magnus
2162 1985 2211 2030 et
2269 1977 2545 2031 terribilis.
2577 1976 3046 2043 Quemadmodum
3095 1979 3465 2047 imprudentes

1897 2069 2337 2127 scandalizantur
2352 2068 2594 2123 videntes
2617 2083 2741 2123 eum
2764 2069 2817 2123 in
2846 2069 2988 2125 servi
3022 2068 3217 2137 forma,
3248 2073 3466 2126 audien-

1897 2172 2086 2232 tesque
2142 2170 2322 2215 tamen
2374 2175 2499 2215 eum
2531 2160 2835 2214 dicentem:
2879 2159 2992 2230 Ego
3023 2178 3139 2215 sum
3160 2163 3351 2216 veritas
3380 2162 3461 2227 ³⁶;

1895 2262 1994 2311 et:
2046 2253 2341 2323 Antequam
2389 2251 2655 2305 Abraham
2699 2252 2845 2321 ﬁeret
2881 2269 2973 2323 ego
3011 2268 3127 2306 sum
3168 2254 3244 2320 ³¹;
3273 2263 3465 2307 contra

1895 2345 2067 2401 sancti
2098 2344 2423 2414 gloriﬁcant
2453 2360 2602 2410 eum,
2635 2359 3005 2413 magnumque
3054 2359 3117 2399 ac
3164 2344 3461 2400 terribilem

1893 2443 2108 2489 vocant.
2135 2433 2290 2499 Quod
2324 2434 2452 2488 hinc
2480 2434 2659 2502 palam
2687 2443 2790 2500 est,
2834 2437 2978 2503 quod
3023 2434 3218 2490 Petrus
3257 2450 3354 2490 ceu
3393 2454 3461 2491 ex

1893 2527 2137 2581 omnium
2155 2541 2249 2581 ore
2269 2526 2494 2579 clamet:
2523 2524 2598 2578 Tu
2620 2542 2674 2580 es
2690 2524 2930 2580 Christus
2964 2525 3134 2580 Filius
3152 2526 3248 2579 Dei
3269 2526 3373 2580 viri
3390 2527 3458 2593 ”;

1892 2629 2191 2685 onmesque
2228 2630 2447 2670 rursum
2484 2630 2498 2665 :
2536 2611 2659 2667 Vere
2703 2612 2880 2668 Filius
2926 2613 3022 2668 Dei
3054 2629 3108 2668 es
3140 2613 3206 2681 ³⁸,
3241 2615 3461 2684 quando

1890 2721 2043 2763 mare
2067 2715 2121 2763 et
2149 2718 2337 2764 ventos
2365 2706 2683 2778 increpavit.

1959 2903 2127 2971 9,10.
2165 2906 2362 2958 Potens
2400 2919 2475 2969 es,
2520 2901 2764 2969 Domine,
2792 2913 2840 2956 et
2873 2902 3061 2956 veritas
3087 2913 3180 2957 tua
3238 2902 3296 2956 in
3347 2903 3455 2957 cir—

1889 2998 2037 3052 cuitu
2060 3007 2167 3051 tuo.
2204 2996 2282 3051 Tu
2316 2997 2606 3050 dominaris
2636 2997 2887 3064 potestati
2916 2997 3098 3049 maris.
3140 2993 3459 3050 Declaratur

214 3053 495 3108 Δείκνυσιν
521 3057 551 3108 ὁ
573 3055 747 3126 λόγος,
783 3059 859 3124 ὡς
889 3062 1049 3124 αὐτὸς
1075 3063 1103 3114 ὁ
1136 3064 1194 3116 ἐν
1229 3067 1293 3135 τῇ
1317 3064 1411 3119 τοῦ
1441 3065 1627 3120 δούλου
1660 3085 1790 3140 μορ-

1900 3106 2013 3145 eum
2044 3090 2137 3160 qui
2182 3089 2237 3143 in
2266 3089 2440 3143 forma
2487 3087 2629 3144 servi
2660 3089 2772 3152 est',
2823 3088 3071 3141 eumdem
3106 3086 3285 3158 ipsum
3333 3101 3457 3142 esse

214 3149 284 3216 φῇ
312 3148 465 3201 ἐστιν
489 3150 519 3201 ὁ
552 3150 646 3202 καὶ
674 3151 772 3222 τὴν
802 3153 975 3225 ὑγρὰν
1012 3155 1070 3221 ἐξ
1115 3156 1287 3228 ἀρχῆς
1320 3159 1657 3230 παραγαγὼν
1693 3162 1783 3214 οὑ-

212 3238 367 3291 (τίαν⁹
400 3242 499 3293 καὶ
531 3241 693 3307 αὐτός
735 3244 882 3300 ἐστιν
928 3246 958 3299 ὁ
1004 3246 1261 3312 τεθεικὼς
1306 3249 1489 3322 ἄμμον
1529 3253 1674 3324 ὄριον
1715 3256 1780 3326 τῇ

214 3326 474 3403 θαλάσσῃ.
502 3331 597 3386 καὶ
618 3333 855 3405 εἰρηκὼς
884 3337 1020 3409 αὕτῇ
1043 3355 1058 3369 ο
1086 3339 1275 3408 Μέχρι
1297 3343 1510 3397 τούτου
1536 3344 1781 3414 ἐλεύσῃ,

213 3422 304 3475 καὶ
326 3427 443 3492 οὐκ
467 3425 1019 3497 ὐπερϐήσῃ.Ἔδειξε
1039 3431 1095 3485 δὲ
1115 3433 1270 3487 τοῦτο
1298 3436 1539 3508 ὑπάρχον
1563 3438 1779 3511 ἀληθὲς,

213 3517 543 3588 ἐπιτιμήσας
587 3518 684 3573 καὶ
731 3522 798 3591 τῇ
848 3520 1090 3594 θαλάσσῃ
1122 3527 1217 3580 καὶ
1260 3530 1374 3592 τοῖς
1418 3530 1655 3601 ἀνέμοις,
1692 3534 1781 3586 ὅτε

215 3607 344 3677 μετὰ
404 3609 517 3664 τῶν
576 3611 832 3684 μαθητῶν
886 3615 1165 3670 συνέπλεε.
1200 3619 1312 3673 Τὸν
1347 3619 1416 3673 δὲ
1442 3621 1638 3678 σάλον
1665 3623 1783 3679 τῶν

212 3699 490 3769 κυμάτων
522 3702 711 3771 αὐτῆς
735 3704 817 3758 σὺ
851 3709 1301 3775 καταπραΰνεις.
1345 3711 1430 3764 Σὺ
1465 3713 1780 3768 ἐταπείνωο

211 3806 321 3857 σας
352 3793 436 3858 ὡς
467 3795 834 3862 τραυματίαν
880 3797 987 3851 τὸν
1018 3798 1439 3870 ὑπερήφανον.
1480 3802 1652 3867 Αὐτὸς
1671 3804 1780 3878 γάρ

210 3882 350 3937 ἐστιν
379 3885 411 3937 ὁ
448 3883 623 3955 δήσας
650 3886 741 3940 τὸν
773 3886 990 3959 ἰσχυρὸν
1019 3890 1113 3942 καὶ
1150 3890 1243 3943 τὸν
1286 3892 1651 3964 ὑπερήφανον,
1686 3897 1780 3950 καὶ

209 3972 475 4042 δεδωκὼς
490 3978 604 4041 τοῖς
625 3977 791 4031 αὐτοῦ
823 3979 1031 4034 πατεῖν
1054 3980 1253 4036 ἐπάνω
1276 3983 1469 4052 ὄφεων
1494 3985 1593 4040 καὶ
1612 4001 1782 4056 σκορ-

208 4065 355 4118 πίων
376 4065 479 4119 καί
503 4066 605 4119 ἐπὶ
632 4063 840 4122 πᾶσαν
874 4068 988 4138 τὴν
1023 4068 1280 4141 δύναμιν
1310 4071 1418 4126 τοῦ
1445 4074 1685 4144 ἐχθροῦ.

274 4156 375 4208 Σοί
395 4158 558 4210 εἰσιν
593 4159 648 4210 οἱ
677 4159 940 4226 οὐρανοί,
962 4159 1059 4214 καὶ
1086 4161 1169 4231 σή
1195 4162 1365 4217 ἐστιν
1397 4163 1438 4231 ἡ
1468 4162 1780 4240 γῆῙΩσπερ

207 4246 303 4317 τῆς
324 4248 600 4321 θαλάσσης
625 4252 900 4323 Δεσπότης
927 4254 1093 4321 ἐστὶν,
1126 4253 1267 4308 οὕτω
1289 4256 1383 4311 καὶ
1405 4257 1515 4312 τῶν
1537 4259 1778 4331 οὐρανῶν

1885 3180 1977 3249 qui
2005 3179 2285 3233 humidam
2311 3178 2670 3234 substantiam
2694 3177 2986 3246 produxit;
3011 3187 3173 3247 atque
3196 3178 3452 3232 eumdem

1886 3272 2063 3341 ipsum
2094 3285 2213 3325 esse
2240 3270 2332 3340 qui
2365 3269 2546 3339 posuit
2595 3284 2813 3323 arenam
2838 3270 2892 3322 in
2925 3269 3215 3322 terminum
3249 3268 3416 3322 maris

1882 3373 1938 3419 et
1966 3364 2104 3417 dixit
2152 3362 2204 3417 ei
2236 3381 2251 3417 :
2288 3361 2575 3432 Hucusque
2628 3362 2819 3428 venies,
2848 3376 2962 3424 nec
2990 3359 3337 3430 pertransibis
3382 3359 3448 3415 “.

1882 3456 1997 3512 Hoc
2022 3465 2201 3512 autem
2232 3472 2419 3511 verum
2447 3471 2569 3511 esse
2606 3453 3061 3509 commonstravit
3096 3453 3315 3523 quando
3363 3451 3447 3506 in-

1882 3552 2122 3622 crepavit
2176 3565 2328 3605 mare
2354 3559 2409 3605 et
2435 3557 2644 3615 ventos,
2696 3564 2821 3603 cum
2878 3548 3154 3618 navigaret
3182 3562 3290 3601 una
3319 3560 3447 3601 cum

1880 3642 2183 3713 discipulis.
2218 3640 2423 3694 Malunt
2451 3648 2626 3693 autem
2661 3640 2920 3709 ﬂuctuant
2953 3639 3067 3709 ejus
3114 3648 3171 3691 tu
3208 3638 3444 3708 mitigas.

1883 3734 1963 3789 Tu
1986 3733 2282 3787 humiliasti
2304 3733 2440 3785 sicut
2472 3730 2803 3785 vulneratum
2825 3730 3124 3800 superbum.
3144 3728 3265 3799 Ipse
3290 3744 3448 3782 nam-

1880 3840 1985 3895 que
2017 3833 2101 3880 est
2141 3825 2235 3894 qui
2276 3822 2464 3893 ligavit
2495 3821 2688 3877 fortem
2719 3832 2774 3877 et
2798 3820 3092 3891 superbum
3131 3820 3198 3884 ³⁵,
3248 3828 3302 3875 et
3327 3820 3446 3874 suis

1879 3916 2023 3969 dedit
2044 3923 2355 3983 potestatem
2385 3912 2629 3967 calcandi
2659 3929 2814 3982 super
2835 3920 3096 3981 serpentes
3137 3920 3186 3964 et
3211 3910 3442 3978 scorpio.

1878 4025 1989 4072 nes,
2017 4017 2064 4061 et
2096 4022 2253 4077 super
2273 4022 2473 4060 omnem
2502 4007 2742 4060 virtutem
2771 4005 2973 4058 inimici
3002 4004 3067 4057 “.

1949 4095 2038 4157 12.
2070 4094 2158 4149 15.
2187 4092 2285 4147 Tui
2316 4103 2437 4147 sunt
2478 4093 2615 4158 cteli,
2642 4105 2693 4147 et
2716 4101 2809 4146 tua
2833 4101 2910 4146 est
2946 4100 3107 4145 terra.
3146 4087 3299 4144 Sicut
3326 4103 3440 4142 ma-

1878 4190 1956 4241 ris
1975 4196 2059 4242 est
2087 4185 2373 4251 Dominus,
2402 4185 2473 4239 ita
2503 4192 2557 4238 et
2596 4183 2861 4250 caelorum
2892 4193 2945 4238 et
2983 4183 3249 4236 universae
3282 4189 3443 4267 terra:

1878 4279 2146 4334 conditor.
2181 4276 2370 4332 Orbem
2401 4285 2554 4331 terra:
2587 4284 2636 4329 et
2672 4274 3054 4344 plenitudinem
3087 4272 3198 4343 ejus
3231 4282 3287 4326 tu
3317 4273 3441 4342 fun-

209 4343 431 4415 ποιητὴς
477 4344 575 4398 καὶ
615 4347 718 4416 γῆς
758 4346 995 4419 ἀπάσης.
1030 4350 1150 4418 Τὴν
1186 4351 1548 4421 οἰκουμένην
1578 4355 1675 4409 καί
1709 4356 1774 4408 τὸ

1900 4369 2036 4423 lasti.
2069 4368 2380 4439 Aquilonem
2412 4376 2460 4421 et
2486 4382 2628 4421 mare
2656 4343 2712 4419 tu
2743 4366 2954 4421 creasti.
2986 4364 3193 4419 Tltabor
3225 4374 3275 4418 et
3303 4362 3440 4419 Her-

209 4413 491 4504 πλήρωμα
516 4413 709 4507 αὐτῆς·
732 4438 813 4493 σὺ
836 4413 1248 4511 ἐθεμελίωσας.
1284 4413 1396 4497 To'r
1419 4413 1652 4514 ,ϐορρᾶν
1676 4449 1773 4501 καὶ

1900 4477 2020 4516 non.
2054 4413 2213 4517 Hisce
2255 4460 2430 4515 verbis
2465 4470 2703 4530 quatuor
2742 4469 2897 4513 terrae
2938 4468 3119 4528 partes
3149 4456 3441 4528 signiﬁcat,

207 4525 317 4593 τὴν
344 4528 671 4584 θάλασσαν
718 4532 801 4586 σὺ
845 4534 1111 4600 ἔκτισας.
1155 4535 1354 4604 Θαϐὼρ
1397 4537 1499 4591 καί
1533 4538 1773 4607 Ἐρμών.

208 4616 285 4668 Tit
313 4618 553 4691 τέσσαρα
588 4621 729 4692 μέρη
761 4623 856 4694 τῆς
890 4626 1211 4696 οἰκουμένης
1232 4626 1320 4680 διὰ
1340 4626 1546 4681 τούτων
1578 4630 1776 4701 σημαί-

1876 4565 1974 4620 per
2000 4551 2329 4621 aquilonem,
2355 4549 2807 4620 septentrionales
2835 4550 3084 4619 regiones
3109 4563 3124 4614 ;
3151 4563 3248 4617 per
3265 4563 3439 4612 mare,

1875 4644 2258 4699 occidentales.
2309 4643 2456 4697 Mare
2498 4658 2733 4713 namque
2767 4641 3048 4712 Scriptura
3087 4649 3244 4695 vocat
3290 4641 3440 4697 occi-

204 4726 312 4761 νει·
342 4712 430 4766 διά
464 4713 563 4783 μὲν
598 4714 694 4767 τοῦ
725 4714 898 4787 βορρᾶ
924 4717 995 4771 τὰ
1028 4718 1251 4789 ἁρκτῷα
1292 4720 1456 4793 μέρη,
1485 4721 1573 4775 διὰ
1595 4721 1653 4774 δὲ
1674 4722 1772 4792 τῆς

1900 4739 2132 4792 lennem:
2189 4751 2286 4806 per
2341 4744 2578 4792 montem
2638 4712 2909 4800 Ilermon,
2962 4734 3288 4801 meridiem;
3342 4748 3441 4805 per

203 4800 473 4875 (θαλάσσης
495 4804 569 4858 τὰ
612 4805 711 4875 τῆς
749 4809 1002 4879 ἑσπέρας.
1035 4809 1317 4865 Θάλασσαν
1347 4810 1457 4882 γὰρ
1502 4813 1535 4880 ἡ
1582 4812 1770 4883 Γραφὴ

200 4894 298 4962 τὴν
321 4896 560 4967 ἑσπέραν
586 4898 743 4951 καλεῖ
765 4915 781 4929 ·
807 4899 895 4953 διὰ
917 4900 974 4953 δὲ
1006 4901 1102 4954 τοῦ
1142 4901 1355 4973 Ἐρμὼν
1381 4902 1539 4973 ὅρους
1564 4904 1656 4957 τὸν
1681 4904 1771 4958 νό-

202 5001 321 5036 τοψ
351 4985 439 5041 διὰ
461 4988 519 5043 δὲ
538 4989 636 5043 τοῦ
670 4989 866 5062 Θαὸὼρ
893 4992 1052 5064 ὅρους
1078 4994 1238 5049 πάλιν
1269 4994 1364 5066 τὴν
1392 4995 1674 5068 ἀνατολήν.

280 5078 382 5145 Σὸς
407 5084 441 5135 ὁ
465 5081 744 5151 βραχίων
782 5085 933 5153 μετὰ
975 5085 1357 5153 δυναστείας.
1373 5088 1433 5141 Ὀ
1466 5087 1577 5152 σὸς,
1601 5082 1648 5141 ὧ
1677 5088 1773 5141 Δέ-

1873 4828 2111 4893 Tliabor,
2137 4827 2423 4883 orientem.

1945 5088 2029 5143 14.
2058 5087 2230 5142 Tuum
2255 5087 2526 5140 brachium
2551 5102 2670 5140 cum
2693 5087 2946 5155 potentia,
2979 5095 3082 5141 etc.
3118 5083 3316 5149 Tuum,
3350 5082 3435 5136 in-

206 5184 388 5235 σποτα,
418 5170 681 5244 βραχίων,
711 5173 896 5245 φησιν,
923 5175 1249 5247 ὲπιδειχθείη
1290 5178 1403 5241 τοῖς
1447 5179 1580 5231 πᾶσι
1635 5178 1773 5249 μετά

1900 5181 2010 5250 ψη,
2046 5177 2289 5240 Domine,
2326 5178 2612 5233 brachium
2655 5177 2911 5233 omnibus
2955 5176 3271 5232 ostendatur
3306 5187 3434 5227 cum

199 5257 518 5327 δυναστείας.
550 5263 616 5317 El
645 5263 757 5336 γὰρ
776 5265 870 5317 καὶ
888 5264 1109 5334 γέγονεν
1133 5267 1419 5338 ἄνθρωπος
1444 5269 1537 5321 καὶ
1560 5268 1765 5340 πέφηνε

1900 5270 2134 5325 lotentia.
2173 5267 2400 5324 Etiamsi
2437 5269 2585 5324 enim
2623 5268 2790 5325 homo
2822 5267 3000 5324 factus
3032 5267 3121 5330 sit,
3162 5274 3215 5320 et
3235 5264 3434 5321 similis

198 5349 318 5404 καθ’
349 5355 513 5426 ἡμᾶς,
554 5355 679 5409 ἀλλ’
699 5355 948 5429 ἐμφανὴς
972 5358 1205 5430 κατέστη
1227 5361 1261 5431 ἡ
1289 5359 1391 5430 τῆς
1417 5359 1768 5432 μεγαλειότη-

1900 5363 2036 5419 iobis
2082 5361 2431 5432 apparuerit;
2479 5370 2536 5416 at
2577 5361 2860 5433 perspicua
2905 5360 3008 5415 fuit
3040 5353 3445 5426 magnitudinis’

268 5592 309 5624 "
350 5592 480 5653 Luc.
516 5612 582 5663 ll,
619 5594 714 5647 Η.
783 5591 993 5664 ’?_il_)id.
1020 5592 1105 5646 14.
1190 5595 1234 5627 ²⁹
1263 5592 1422 5649 Joan.
1452 5610 1493 5661 ι,
1529 5595 1615 5650 I6.
1699 5592 1790 5647 "J

1900 5622 1924 5649 ι.
1971 5614 2082 5660 xiv,
2112 5598 2168 5653 6.
2216 5598 2225 5613 '
2277 5556 2321 5629 ³¹¹
2352 5596 2513 5655 Joan.
2543 5614 2657 5663 vin,
2698 5599 2788 5654 bs.
2867 5599 2910 5631 ³³
2940 5596 3130 5650 Maztn.
3173 5609 3285 5664 ut,
3337 5595 3425 5654 16.

201 5656 436 5723 ".llattb.
471 5656 587 5735 xiv,
618 5665 715 5720 55.
811 5662 858 5694 ³⁵
882 5660 984 5718 Job
1014 5677 1241 5733 xxxviii,
1274 5664 1361 5719 il.
1418 5656 1685 5720 "'hlattb.
1727 5679 1790 5720 xtl

1900 5666 1939 5722 9.
2007 5656 2211 5723 "Luc.
2247 5684 2302 5733 ι,
2331 5670 2418 5725 19.
