3946 6222
421 178 527 235 387

1261 179 1318 234 S.
1359 177 1731 235 ATHANASH
1770 178 1925 236 OPP.
1960 179 2142 237 PARS
2174 180 2264 238 Ill.
2299 210 2371 225 -—
2400 179 2816 238 EXEGETICA.

3551 182 3659 238 588

421 307 542 363 ejus
571 290 904 363 praestantia.
935 290 1111 362 Atque
1150 292 1204 347 ld
1236 292 1340 348 sibi
1366 295 1481 349 vult
1508 294 1638 350 illud
1667 312 1681 349 :
1711 291 1984 351 Firmetur

2097 314 2175 361 τος
2197 295 2361 351 αὑτοῦ
2396 297 2659 368 ὑπεροχή.
2689 298 2802 351 Καὶ
2832 294 2989 351 τοῦτό
3015 298 3132 351 ἐστι
3158 294 3250 350 τό*
3287 295 3659 367 Κραταιωθήέ-

423 397 610 435 manus
635 391 749 445 tua,
781 378 1047 435 exaltetur
1064 379 1283 436 dextera
1309 391 1421 437 tua.

495 471 584 537 16,
612 471 700 528 17.
722 470 916 527 Beatus
942 471 1165 541 populus
1194 473 1284 541 qui
1303 474 1404 527 scit
1416 473 1816 543 jubilationem.
1840 473 1990 531 Post-

420 578 588 633 quam
639 562 954 633 pradicavit
1008 561 1441 619 incarnationem
1511 562 1810 635 Unigeniti,
1863 565 1991 636 jure

422 656 613 710 beatos
635 653 895 725 praedicat
914 668 1010 709 eos
1032 655 1128 724 qui
1165 655 1269 710 hoc
1294 655 1612 726 mysterium
1643 657 1986 713 edidicerint.

424 745 541 803 Hoc
563 755 741 803 autem
771 755 855 803 est
881 747 1121 801 victoria
1149 746 1394 802 carmina
1417 748 1518 817 ipsi
1538 763 1752 804 canere.
1786 748 1993 804 Jubila-

422 840 502 894 tio
529 841 675 894 enim
719 849 803 895 est
840 839 1119 894 canticum
1164 840 1231 894 de
1263 841 1555 911 prostratis
1599 841 1836 897 inimicis
1876 842 1987 896 edi-

424 938 561 985 tum.
603 930 708 985 Pro
752 930 909 985 nobis
940 932 1084 985 enim
1130 947 1366 1001 pugnam
1397 932 1674 986 commisit
1713 946 1778 987 ac
1797 933 1993 987 devicit

423 1021 763 1077 adversarias
782 1031 1098 1091 potestates.
1121 1023 1363 1089 Domine,
1394 1024 1447 1078 in
1473 1024 1671 1078 lumine
1703 1024 1877 1078 vultus
1915 1025 1993 1079 tui

423 1113 790 1181 ambulabunt,
820 1125 869 1169 et
906 1116 961 1168 iu
1008 1116 1217 1171 nomine
1263 1127 1351 1170 tuo
1375 1116 1729 1170 exsultabunt.
1760 1116 1993 1173 Sanctos

422 1208 699 1280 apostolos
744 1224 873 1263 suos
918 1210 1107 1264 beatos
1167 1210 1446 1279 praedicat,
1498 1211 1627 1277 quia
1673 1208 1895 1263 nomine
1939 1215 1993 1263 et

423 1300 619 1355 virtute
641 1298 763 1370 ejus
789 1300 1055 1370 stupenda
1083 1301 1175 1355 illa
1208 1315 1376 1371 opera
1408 1298 1662 1355 edeb’ant.

492 1476 582 1533 18.
622 1475 689 1532 Et
736 1476 794 1531 in
842 1477 1165 1546 beneplacilo
1212 1486 1303 1532 tuo
1344 1476 1670 1532 exaltabitur
1698 1493 1861 1531 cornu
1901 1492 1995 1531 no-

419 1578 610 1628 strum.
644 1568 854 1625 Cornu
913 1571 1046 1626 dicit
1098 1571 1349 1640 gloriam.
1404 1569 1547 1625 Dicit
1608 1570 1772 1639 igitur
1832 1569 1988 1639 quasi

2088 406 2168 442 τω
2198 390 2233 457 ἡ
2258 388 2386 457 χείρ
2413 404 2529 442 σου
2552 404 2565 419 ⁸
2594 388 2887 457 ὑψωθήτω
2912 389 2950 457 ἡ
2974 387 3141 454 δεξιά
3169 404 3305 443 σου.

2157 478 2459 548 Μακάριος
2490 482 2523 532 ὀ
2550 477 2699 545 λαὸς
2736 481 2769 533 ό
2803 477 3113 548 γινώσκων
3144 478 3515 548 diuturna.
3542 479 3667 548 Κηα

2092 569 2258 642 ρύξας
2295 569 2394 641 τὴν
2440 569 2852 645 ὲνανθρώπὶηνσιν
2903 570 2998 624 τοῦ
3036 568 3393 638 Μονογενοῦς,
3439 568 3664 632 εἰκότως

2093 660 2384 734 μακαρίζει
2432 663 2559 727 τοὺς
2606 662 2670 714 τὸ
2727 661 2890 715 αὐτοῦ
2944 662 3282 733 ἐκμαθόντας
3346 660 3666 734 μυστήριον.

2091 732 2261 807 Τοῦτο
2291 753 2349 806 δέ
2378 755 2496 807 ἐστι
2530 753 2590 807 τὸ
2613 754 2738 818 τοὺς
2763 732 3057 817 ἐπινικίους
3085 754 3229 825 ᾅδειν
3256 751 3423 822 αὐτῷ.
3442 732 3666 804 ’Ἀλαλά-

2090 843 2229 914 γμὸς
2264 843 2375 914 γάρ
2395 844 2543 897 ἐστιν
2570 844 2603 914 ἡ
2635 843 2727 896 ἐπὶ
2748 847 2860 907 τοῖς
2886 842 3141 897 πεσοῦσιν
3161 841 3374 914 ἐχθροῖς
3401 841 3659 913 γινομένη

2090 934 2220 1007 ᾠδή.
2254 934 2602 1005 Παρετάξατο
2643 934 2702 989 δὲ
2746 934 2885 1007 ὑπὲρ
2932 936 3108 1007 ήμῶν,
3139 935 3234 989 καὶ
3273 934 3523 1005 νενίκηκε
3562 932 3669 996 τὰς

2092 1026 2468 1097 ἀντικειμένας
2487 1026 2759 1097 δυνάμεις.
2773 1027 2968 1093 Κύριε,
2994 1027 3063 1080 ἐν
3081 1023 3161 1092 τῷ
3180 1025 3327 1096 φωτί
3352 1024 3458 1078 τοῦ
3479 1024 3667 1092 προὸνο

2090 1117 2254 1171 ώπου
2301 1132 2416 1172 σου
2449 1118 2863 1193 πορεύσονται,
2904 1118 3001 1171 καὶ
3046 1117 3117 1171 ἐν
3158 1114 3240 1182 τῷ
3277 1115 3520 1185 ὀνόματί
3544 1130 3662 1168 σου

2090 1209 2580 1281 ἀγαλλιάσονται.
2606 1211 2743 1274 Τοὺς
2776 1210 2963 1280 ἁγίους
2994 1208 3156 1263 αὑτοῦ
3194 1208 3522 1271 ἀποστόλους
3552 1223 3659 1278 μα-

2092 1303 2305 1374 καρίζει
2327 1344 2341 1367 ,
2376 1304 2456 1356 ὅτι
2480 1303 2545 1375 δὴ
2571 1302 2649 1374 τῷ
2676 1302 2898 1374 ὀνόματι
2922 1301 3085 1356 αὐτοῦ
3110 1302 3204 1355 καὶ
3228 1303 3293 1372 τῇ
3320 1299 3544 1370 δυνάμει
3564 1299 3665 1353 αὐ-

2091 1395 2185 1447 τοῦ
2215 1395 2431 1447 ἐποίουν
2458 1394 2560 1447 ὅσα
2594 1393 2809 1446 ἐποίουν
2832 1391 3129 1464 παράδοξα.

2162 1486 2271 1541 Καὶ
2319 1487 2390 1541 ἐν
2428 1485 2505 1556 τῇ
2543 1485 2786 1554 εὐδοκία
2824 1499 2940 1540 σου
2975 1482 3359 1553 ὑψωθήσεται
3379 1482 3446 1536 τὸ
3485 1481 3665 1551 κέρας

2095 1577 2282 1649 ἡμῶν.
2314 1578 2497 1650 Κέρας
2516 1578 2613 1649 τὴν
2633 1577 2790 1644 δόξαν
2810 1576 2962 1648 φησί.
2992 1575 3154 1645 Λέγει
3180 1570 3291 1641 οὖν,
3310 1574 3386 1638 ὡς
3410 1572 3545 1644 πρὸς
3572 1574 3665 1627 τὸν

418 1660 636 1717 Patrem
689 1662 973 1733 alloquens
1008 1681 1023 1717 :
1055 1661 1325 1728 Quoniam
1385 1661 1480 1718 tibi
1530 1661 1736 1732 placuit
1780 1662 1993 1716 mittere

2097 1670 2311 1740 Πατέρα
2329 1686 2342 1699 ·
2374 1668 2589 1740 Ἐπειδὴ
2612 1669 2675 1722 σὺ
2703 1667 3007 1739 ηὐδόκησας
3038 1664 3350 1719 ἀποστεῖλαι
3376 1663 3467 1716 τὸν
3492 1664 3665 1718 Μονο-

421 1755 792 1827 Unigenitum,
844 1756 964 1810 ideo
1007 1756 1180 1827 gloria
1218 1766 1405 1811 nostra
1447 1754 1680 1811 excitata
1729 1762 1832 1809 est.
1860 1753 1989 1809 Glo-

418 1848 616 1904 rillcati
641 1848 787 1904 enim
825 1862 1017 1903 sumus
1045 1849 1462 1905 conresuscitati
1488 1861 1614 1902 cum
1657 1845 1899 1912 Christo,
1933 1853 1989 1902 et

420 1944 711 2008 regnantes
735 1952 859 1991 cum
884 1936 977 1991 illo
1007 1935 1073 1990 ³⁷.

490 2028 581 2085 20.
614 2028 758 2084 Tunc
803 2029 1008 2083 locutus
1051 2045 1104 2083 es
1148 2028 1203 2081 in
1239 2026 1433 2081 visione
1474 2027 1603 2097 ﬁliis
1647 2029 1771 2082 tuis.
1811 2026 1986 2094 Tunc,

423 2124 562 2192 sive,
593 2124 746 2191 olim,
776 2125 872 2189 ait,
904 2138 1002 2195 per
1026 2122 1262 2178 visiones
1305 2122 1676 2192 propheticas,
1708 2122 1834 2177 (iliis
1859 2124 1986 2190 tuis,

419 2214 489 2272 iis
544 2217 751 2272 scilicet
797 2216 892 2287 qui
957 2216 1025 2271 ad
1073 2216 1311 2271 ﬁliorum
1380 2214 1479 2273 Dei
1538 2217 1886 2286 adoptionem
1935 2225 1989 2272 et

419 2306 741 2377 dignitatem
795 2306 974 2361 vocati
1017 2314 1165 2373 sunt,
1214 2306 1431 2361 locutus
1481 2321 1561 2361 es.
1610 2305 1753 2373 Quid
1805 2317 1987 2362 autem

418 2399 638 2455 locutus
663 2414 723 2455 es
750 2399 854 2454 nisi
891 2397 1022 2453 illud
1051 2416 1066 2453 :
1098 2398 1263 2453 Parui
1292 2398 1619 2469 adjutorium
1647 2400 1706 2454 in
1730 2411 1939 2469 potente
1965 2401 1990 2455 1’

418 2490 655 2547 Perinde
687 2500 869 2546 autem
907 2500 988 2547 est
1017 2506 1082 2547 ac
1108 2492 1154 2547 si
1183 2492 1389 2547 diceret
1423 2511 1436 2545 :
1467 2490 1594 2546 Dedi
1635 2494 1902 2547 auxilium
1934 2494 1989 2548 in

421 2593 642 2655 potente
669 2583 901 2638 inllrmis
925 2594 978 2639 et
1002 2598 1031 2639 a
1061 2584 1275 2637 Satanae
1299 2582 1587 2653 tyrannide
1603 2585 1907 2654 oppressis,
1932 2594 1992 2640 ut

422 2675 776 2747 confugerent
807 2676 875 2730 ad
909 2686 1205 2746 potentem.
1233 2664 1440 2732 Potens
1476 2686 1658 2732 autem
1687 2679 1799 2742 ille,
1828 2695 1990 2749 quem

422 2770 568 2824 dedit
617 2770 777 2824 nobis
816 2768 975 2825 Pater
1018 2769 1087 2823 ad
1128 2769 1413 2837 auxilium,
1467 2770 1720 2827 Christus
1768 2773 1992 2827 omnino

419 2870 539 2925 est;
571 2876 695 2915 nam
721 2869 804 2915 est
832 2860 1097 2916 Dominus
1123 2861 1385 2915 virtutum
1402 2861 1467 2915 ³⁸.
1497 2861 1747 2918 Exaltavi
1772 2865 1990 2919 electum

420 2955 485 3007 de
512 2952 655 3022 plebe
677 2968 812 3007 mea.
846 2950 1030 3007 Inveni
1070 2951 1243 3005 David
1275 2969 1483 3007 servum
1518 2971 1709 3009 meum.
1750 2955 1992 3026 lntellige

419 3044 697 3100 Christum
727 3060 793 3099 ex
828 3045 1035 3100 semine
1061 3042 1252 3109 David,
1279 3045 1372 3114 qui
1399 3045 1603 3101 electus
1637 3038 1862 3103 vocatus
1887 3056 1990 3112 est,

419 3145 635 3208 propter
668 3135 806 3206 quod
853 3144 903 3189 et
945 3134 1086 3190 Deus
1120 3138 1371 3191 exultavit
1394 3136 1547 3191 illum
1582 3137 1648 3190 ³⁹.
1684 3135 1994 3208 lterumque

420 3237 584 3283 vocat
625 3228 775 3282 illum
817 3226 1077 3282 Davidem
1124 3237 1395 3298 quatenus
1442 3244 1509 3284 ex
1571 3230 1781 3285 semine
1824 3230 1994 3286 David

421 3327 541 3373 erat
561 3318 653 3385 ⁵ος
696 3332 914 3373 servum
961 3319 1110 3383 item,
1157 3321 1289 3391 quia
1333 3321 1388 3374 in
1428 3319 1604 3376 forma
1653 3324 1794 3378 servi
1831 3338 1995 3393 appa-

423 3410 534 3464 ruit
569 3410 636 3465 “.
672 3409 799 3464 Oleo
847 3420 1029 3465 sancto
1084 3430 1196 3468 meo
1239 3415 1370 3469 anxi
1395 3431 1536 3470 eum.
1568 3416 1703 3472 Cum
1754 3415 1993 3472 Verbum

423 3512 568 3559 esset
600 3501 760 3569 Deus,
785 3512 945 3562 natus
976 3515 1062 3562 est
1094 3509 1391 3563 secundum
1425 3524 1646 3566 carnem
1665 3525 1734 3566 ex
1767 3510 1995 3566 muliere

423 3605 480 3651 et
512 3597 675 3652 homo
717 3598 937 3668 prodiit,
974 3614 1200 3656 manens
1235 3599 1379 3657 Deus
1401 3611 1461 3658 ut
1501 3613 1657 3659 erat:
1689 3613 1821 3660 tunc
1844 3604 1994 3673 judi-

425 3687 571 3742 cium
605 3702 701 3758 per
745 3695 797 3742 te
850 3689 1144 3759 accipiens,
1199 3703 1547 3762 nuncupatus
1583 3702 1668 3749 est
1712 3693 1989 3753 Christus.

423 3774 562 3831 Nam
595 3792 717 3832 eum
748 3775 985 3833 Verbum
1014 3786 1158 3834 esset
1177 3778 1319 3837 Deus
1340 3790 1396 3837 et
1423 3798 1520 3838 rex
1551 3792 1676 3839 ante
1703 3785 1902 3841 saecula
1924 3786 1991 3850 “,

424 3884 548 3940 quae
568 3878 751 3924 nostra
779 3878 935 3924 erant
959 3868 1061 3925 sibi
1094 3872 1313 3942 propria
1341 3873 1538 3942 elfeeit,
1569 3883 1628 3935 ut
1656 3890 1757 3931 nos
1779 3875 1848 3932 iis
1872 3892 1994 3947 qua:

423 3960 528 4031 ipsi
557 3961 773 4031 propria
801 3970 959 4016 erant
989 3961 1186 4019 divites
1219 3978 1491 4024 essemus.

491 4049 581 4104 22.
630 4049 821 4104 Manus
848 4052 989 4104 enim
1028 4067 1143 4105 mea
1185 4054 1540 4108 auxiliabitur
1581 4057 1650 4111 ei.
1682 4056 1775 4112 Ait
1805 4056 1995 4113 Salva-

421 4145 556 4193 tor:
593 4138 765 4210 Opera
797 4156 914 4210 qua:
952 4140 1095 4195 dedit
1143 4143 1273 4195 mihi
1316 4142 1482 4199 Pater
1523 4155 1582 4200 ut
1625 4147 1844 4216 faciam,
1877 4149 1993 4217 ipsa

424 4244 584 4297 opera
606 4231 964 4300 testiﬁcantur
989 4235 1052 4285 de
1086 4249 1188 4298 me,
1221 4234 1347 4303 quia
1380 4237 1490 4307 ipse
1521 4240 1683 4307 misit
1711 4255 1789 4293 me
1826 4240 1892 4293 ⁸³.
1928 4240 1994 4296 Et

2090 1761 2241 1830 γενῆ,
2276 1759 2465 1813 τούτου
2498 1759 2656 1830 χάριν
2686 1759 2719 1829 ἡ
2751 1757 2877 1823 δόξα
2904 1754 3061 1828 ήμῶν
3092 1754 3458 1825 διεγήγερται.
3517 1749 3664 1804 Ἐδο-

2090 1853 2367 1924 ξὰσθημεν
2400 1851 2510 1923 γὰρ
2556 1848 2968 1923 συνεγερθέντες
3006 1845 3247 1921 Χριστῷ,
3279 1845 3372 1900 καὶ
3400 1843 3669 1916 συμϐασι-

2088 1938 2376 2008 λεύσαντες
2403 1943 2571 2015 αὐτῷ.

2166 2038 2302 2091 Tota
2333 2034 2642 2104 ἐλάλησας
2667 2033 2738 2088 ἐν
2774 2029 2978 2100 ὁράσει
3005 2030 3128 2098 τοῖς
3153 2029 3305 2097 υἱοῖς
3336 2045 3472 2084 σου.
3506 2028 3665 2090 Τότε.

2089 2130 2208 2184 ἀντὶ
2245 2128 2359 2194 τοῦ,
2389 2126 2578 2192 πάλαι,
2607 2128 2763 2197 φησὶ,
2801 2125 2867 2177 δι’
2892 2122 3134 2195 ὁράσεων
3171 2119 3522 2193 προφητικῶν
3555 2119 3670 2180 τοῖς

2090 2224 2225 2286 υἱοῖς
2251 2238 2368 2286 σου,
2403 2220 2553 2289 λέγει
2580 2219 2638 2273 δὲ
2663 2221 2776 2282 τοῖς
2799 2214 3154 2287 κεκλημένοις
3179 2216 3259 2278 είς
3285 2213 3347 2266 τὸ
3366 2212 3463 2280 τῆς
3490 2209 3668 2264 υἱοθε-

2092 2316 2212 2379 σίας
2249 2313 2485 2385 ἁξίωμα,
2521 2311 2804 2383 ἐλάλησας.
2832 2310 2898 2364 Τί
2918 2309 2975 2363 δὲ
3006 2307 3273 2378 ὲλάλησας
3303 2304 3337 2376 ἢ
3370 2303 3431 2357 τό
3450 2320 3465 2334 ·
3509 2302 3669 2357 Ἐθέ-

2083 2425 2212 2477 μην
2235 2405 2526 2473 ,ϐοήθειαν
2551 2405 2647 2458 ἐπὶ
2678 2403 2939 2457 δυνατόν
2949 2416 2968 2465 ;
2996 2400 3220 2471 Ὅμοιον
3249 2397 3308 2451 δὲ
3337 2395 3469 2449 ὡσεὶ
3494 2394 3667 2463 λέγοιο

2090 2499 2328 2563 Δέδωκα,
2365 2496 2517 2568 φησὶ,
2558 2493 2807 2567 βοήθειαν
2845 2492 2938 2545 ἐπὶ
2984 2489 3204 2545 δυνατὸν
3256 2492 3369 2553 τοῖς
3399 2486 3671 2556 [ἀσθενέσι

2091 2592 2186 2645 καὶ
2225 2593 2543 2643 πλεονεκτου
2553 2586 2732 2658 μένοις
2769 2582 2875 2638 ὑπὸ
2899 2581 2992 2636 τοῦ
3025 2582 3259 2645 Σατανᾶ,
3292 2579 3386 2634 τοῦ
3416 2593 3672 2647 καταφυ-

2091 2685 2207 2753 γεῖν
2253 2682 2346 2735 ἐπὶ
2377 2678 2618 2734 δυνατόν.
2636 2678 2692 2730 '0
2718 2676 2775 2728 δέ
2799 2692 2862 2744 γε
2891 2674 3134 2738 δυνατὸς,
3159 2672 3217 2726 ὃν
3257 2666 3487 2725 δέδωκεν
3534 2670 3672 2741 ἡμῖν

2091 2777 2171 2837 εἰς
2201 2772 2447 2844 βοήθειαν
2480 2773 2508 2823 6
2540 2768 2751 2839 Πατὴρ,
2777 2765 3010 2838 Χριστός
3030 2781 3133 2818 που
3164 2764 3375 2826 πάντως
3396 2760 3513 2813 ἐστί
3534 2775 3548 2789 ·
3576 2759 3676 2813 καὶ

2092 2868 2199 2938 γάρ
2247 2868 2360 2918 ἐστι
2405 2862 2685 2934 δυνάμεων
2720 2859 2956 2932 Κύριος·
2987 2859 3231 2927 ’Ὑψωσα
3272 2851 3564 2909 ἐκλεκτὸν
3598 2852 3670 2904 ἐκ

2092 2960 2200 3016 τοῦ
2237 2959 2391 3015 λαοῦ
2426 2975 2566 3027 μου,
2605 2952 2784 3025 εὗρον
2808 2953 2988 3009 Δαυῒδ
3022 2952 3127 3007 τὸν
3152 2950 3377 3006 δοῦλόν
3397 2947 3674 3020 μου.Ἐν-

2093 3053 2201 3107 νόει
2228 3050 2460 3123 Χριστὸν
2507 3049 2598 3101 τὸν
2642 3050 2707 3101 ὲκ
2752 3046 3065 3118 σπέρματος
3094 3043 3275 3108 Δαυῒδ,
3306 3040 3559 3095 ἐκλεκτὸν
3588 3057 3673 3093 κε-

2093 3142 2379 3214 κλημένον,
2405 3140 2497 3195 διὸ
2522 3139 2619 3193 καὶ
2650 3141 2683 3193 ό
2713 3138 2856 3204 Θεὸς
2882 3136 3069 3191 αὑτὸν
3086 3135 3468 3203 ὑπερύψωσε.
3508 3130 3673 3185 Δαυῒδ

2063 3236 2148 3289 νδὲ
2206 3234 2365 3289 πάλιν
2428 3231 2588 3286 αὐτὸν
2636 3228 2909 3300 ὀνομάζει,
2948 3227 3080 3281 καθὸ
3128 3229 3193 3280 ὲκ
3248 3224 3559 3297 σπέρματος
3602 3220 3672 3295 ἦν

2092 3327 2253 3380 Δαυϊδ
2271 3341 2285 3356 °
2322 3324 2417 3380 καὶ
2451 3324 2558 3396 μὴν
2589 3321 2684 3376 καὶ
2706 3320 2911 3385 δοῦλον,
2942 3319 3028 3372 διὰ
3075 3317 3135 3372 τὸ
3174 3320 3231 3371 ὲν
3259 3320 3324 3389 τῇ
3353 3317 3447 3370 τοῦ
3483 3315 3670 3369 δούλου

2095 3417 2274 3488 μορφῇ
2316 3413 2632 3485 πεφηνέναι.
2650 3414 2751 3469 Ἐν
2772 3412 2952 3478 ἐλαίῳ
2985 3409 3129 3480 ἁγίῳ
3162 3426 3282 3479 μου
3313 3409 3526 3477 ἕχρισα
3562 3409 3673 3461 αὐ-

2090 3510 2352 3564 τόν.”οτε
2382 3508 2513 3571 Θεὸς
2536 3501 2605 3578 ἦν
2644 3508 2672 3559 6
2699 3505 2889 3573 Λόγος,
2925 3499 3186 3573 ἐγεννήθη
3222 3503 3365 3554 κατὰ
3394 3498 3573 3570 σάρκα
3605 3499 3673 3552 ὲκ

2091 3599 2363 3670 γυναικὸς,
2386 3600 2482 3653 καὶ
2503 3596 2771 3669 προῆλθεν
2793 3593 3098 3664 ἄνθρωπος,
3127 3592 3300 3662 μένων
3320 3591 3396 3653 ὡς
3415 3586 3484 3661 ἦν
3510 3589 3669 3652 Θεόςσ

2090 3693 2232 3757 τότε,
2267 3691 2364 3763 τὴν
2410 3690 2590 3765 κρίσιν
2615 3672 2705 3743 διὰ
2751 3690 2811 3742 σὲ
2856 3686 3059 3750 λαϐὼν,
3086 3682 3378 3755 ὠνομάσθη
3408 3680 3667 3753 Χριστός.

2091 3783 2222 3848 Θεὸς
2247 3783 2356 3854 γὰρ
2375 3781 2450 3836 ὣν
2477 3785 2505 3836 6
2527 3783 2699 3850 Λόγος
2719 3781 2814 3835 καὶ
2842 3777 3092 3849 βασιλεὺς
3120 3775 3227 3849 πρὸ
3254 3773 3465 3828 αἰώνων
3489 3771 3668 3843 (map-

2091 3894 2220 3949 χων,
2258 3875 2617 3945 ἰδιοποιήσατο
2649 3874 2718 3928 τὰ
2740 3872 3004 3944 ἡμέτερα,
3026 3871 3115 3923 ἵνα
3145 3869 3242 3923 καὶ
3280 3869 3438 3939 ἡμεῖς
3471 3865 3543 3919 τὰ
3568 3866 3672 3919 αὺ-

2091 3969 2184 4024 τοῦ
2209 3968 2620 4040 πλουτήσωμεν.

2172 4061 2235 4116 Ἡ
2254 4060 2364 4131 γὰρ
2406 4059 2535 4129 χείρ
2565 4075 2684 4127 μου
2723 4052 3238 4123 συναντιλήψεται
3271 4047 3448 4116 αὐτῷ.
3466 4049 3524 4103 '0
3553 4049 3672 4102 m-

2091 4151 2194 4225 τὴρ
2220 4151 2426 4221 ἔφασκε
2447 4167 2461 4180 ·
2495 4149 2572 4204 Τὰ
2615 4149 2760 4218 ἔργα
2800 4147 2839 4202 ἁ
2871 4144 3089 4200 δέδωκέ
3110 4144 3210 4213 μοί
3252 4145 3284 4197 ό
3320 4140 3522 4209 Πατὴρ
3569 4140 3672 4193 ἵνα

2092 4244 2344 4313 ποιήσω,
2379 4244 2532 4298 αὐτὰ
2571 4241 2643 4294 τὰ
2689 4241 2832 4310 ἔργα
2875 4235 3161 4309 μαρτυρεῖ
3200 4234 3333 4303 περὶ
3374 4232 3543 4302 ἐμοῦ,
3581 4231 3673 4285 ὅτι

424 4320 660 4376 iterum:
692 4322 735 4374 A
775 4324 968 4392 meipso
1003 4324 1139 4377 nihil
1177 4325 1381 4396 loquor.
1421 4327 1588 4383 Pater
1618 4339 1793 4384 autem
1831 4331 1887 4384 in
1914 4348 1993 4386 me

2097 4334 2277 4400 αὐτός
2316 4350 2393 4403 με
2448 4330 2794 4386 ἀπέσταλκε
2812 4346 2826 4360 ·
2877 4328 2972 4383 καὶ
3018 4326 3178 4382 πάλιν
3201 4341 3219 4359 ο
3266 4323 3380 4379 Ἀπ’
3408 4321 3671 4393 ἐμαυτοῦ

423 4426 637 4464 manens
668 4413 776 4480 ipse
805 4412 935 4481 facit
974 4429 1133 4483 opera
1176 4416 1243 4470 “.
1290 4416 1355 4472 Et
1386 4419 1486 4474 hoc
1528 4421 1706 4490 ipsum
1735 4433 1816 4477 est
1847 4425 1995 4493 quod

425 4516 570 4556 nunc
594 4500 753 4558 Pater
782 4503 848 4557 de
874 4504 968 4558 illo
1002 4505 1136 4561 dicit
1171 4526 1184 4560 :
1222 4507 1415 4564 Manus
1438 4512 1576 4564 enim
1618 4528 1734 4565 mea
1769 4514 1999 4569 auxilia-

426 4592 566 4648 bitur
592 4595 660 4662 ei,
688 4605 739 4649 et
770 4596 1045 4651 brachium
1077 4615 1245 4654 meum
1282 4602 1604 4671 confortabit
1635 4620 1775 4661 eum.

495 4765 585 4820 23.
626 4766 776 4822 Nihil
809 4771 1049 4839 proﬁciet
1080 4774 1326 4830 inimicus
1365 4779 1421 4830 in
1456 4794 1536 4833 ea.
1570 4778 1799 4836 Etiamsi
1845 4784 1997 4839 dixe-

429 4860 532 4941 rint
574 4880 587 4914 :
640 4859 839 4927 Venite,
890 4866 1186 4921 ocridamus
1237 4885 1380 4934 eum,
1420 4880 1468 4924 et
1523 4871 1807 4927 habeamus
1846 4876 1991 4932 nobis

425 4952 784 5007 haereditatem
814 4956 926 5025 ejus
963 4956 1030 5012 η.
1071 4956 1175 5013 Sed
1207 4960 1520 5030 hujusmodi
1555 4964 1842 5021 consilium
1877 4976 1989 5022 tam

422 5041 638 5097 Satanae
662 5060 826 5114 quam
868 5044 1070 5103 Judaeis
1105 5050 1297 5105 inutile
1323 5062 1462 5116 erat,
1506 5064 1561 5108 et
1598 5053 1803 5112 frustra
1825 5060 1992 5114 cessit

422 5136 527 5192 illis
567 5135 798 5193 facinus.
834 5136 1149 5195 Resurrexit
1172 5142 1373 5213 quippe
1404 5144 1655 5201 Salvator
1683 5150 1838 5202 tertia
1875 5150 1987 5217 die,

420 5235 709 5296 postquam
740 5236 968 5283 mortem
1012 5232 1385 5288 conculcasset
1408 5244 1461 5290 et
1503 5237 1793 5306 spoliasset
1819 5238 1988 5294 infer-

422 5330 552 5370 num
580 5335 595 5384 ;
625 5327 674 5373 et
706 5320 951 5375 ascendit
977 5322 1043 5376 ad
1084 5321 1301 5379 Patrem
1346 5336 1402 5382 et
1454 5327 1624 5383 Deum
1668 5334 1761 5400 qui
1812 5341 1898 5387 est
1929 5333 1984 5386 in

423 5408 617 5462 caelis:
659 5419 853 5482 estque
901 5413 956 5467 in
1004 5412 1226 5471 dextera
1271 5417 1451 5474 throni
1503 5422 1895 5493 magnitudinis
1929 5424 1984 5478 in

430 5569 449 5619 i

2095 4424 2263 4482 λαλῶ
2292 4423 2490 4479 οὐδέν.
2506 4424 2569 4477 '0
2609 4422 2679 4476 δὲ
2719 4421 2921 4490 Πατὴρ
2957 4423 2989 4474 d
3025 4420 3095 4473 ἐν
3129 4415 3259 4487 ἐμοὶ
3289 4415 3489 4485 μένων
3516 4413 3675 4466 ποιεῖ

2095 4519 2170 4572 τὰ
2191 4517 2334 4587 ἔργα
2360 4517 2560 4582 αὑτός.
2592 4516 2705 4569 Καὶ
2729 4513 2886 4567 τοῦτό
2910 4515 3057 4565 ἐστιν
3083 4510 3112 4564 ὃ
3138 4510 3286 4578 λέγει
3306 4506 3401 4560 νῦν
3427 4509 3456 4560 6
3481 4505 3671 4575 Πατὴρ

2097 4607 2227 4678 περὶ
2252 4604 2416 4660 αὑτοῦ
2437 4622 2450 4635 ·
2497 4605 2557 4659 Ἠ
2586 4604 2696 4675 γὰρ
2724 4604 2992 4674 χείρμου
3020 4598 3531 4666 συναντιλήψεται
3559 4599 3672 4650 αὺ-

2096 4698 2197 4765 τῷ,
2232 4697 2333 4753 καὶ
2360 4703 2392 4753 ὀ
2415 4697 2687 4766 βραχίων
2715 4713 2834 4766 μου
2865 4693 3219 4762 κατισχύσει
3251 4691 3455 4746 αὐτόν.

2168 4793 2290 4844 Οὐκ
2320 4787 2619 4859 ὠφελήσει
2643 4787 2854 4856 ἐχθρὸς
2884 4786 2954 4838 ὲν
2983 4782 3160 4849 αὐτῷ.
3191 4784 3255 4836 Ei
3281 4783 3372 4836 καὶ
3389 4771 3666 4852 εἰρήκασι·

2094 4881 2290 4944 Δεῦτε,
2331 4879 2770 4947 ἀποκτείνωμεν
2811 4874 3017 4940 αὐτὸν,
3061 4874 3162 4928 καὶ
3197 4871 3439 4942 σχῶμεν
3463 4870 3671 4935 αὐτοῖς

2094 4972 2210 5040 τὴν
2249 4970 2653 5039 κληρονομίαν
2695 4966 2881 5022 αὐτοῦ
2899 4983 2912 4998 ⁸
2942 4967 3054 5020 ἀλλ’
3081 4962 3149 5037 ἦν
3177 4966 3431 5036 ἀνόνητος
3460 4962 3540 5033 τῷ
3568 4962 3675 5014 Σα-

2094 5065 2233 5133 τανᾷ
2275 5063 2370 5116 καὶ
2401 5064 2511 5124 τοῖς
2546 5059 2821 5122 Ἰουδαίοις
2850 5060 2882 5128 ὴ
2916 5056 3129 5127 σκέψις,
3162 5057 3256 5110 καὶ
3286 5057 3364 5118 εἰς
3392 5055 3671 5124 ἄφρακτον

2097 5154 2395 5225 ἐκϐέϐηκεν
2424 5154 2604 5215 αὐτοῖς
2646 5151 2706 5204 τὸ
2755 5149 3080 5220 ἐγχείρημα.
3100 5147 3322 5201 Ἀνεϐίω
3355 5146 3463 5217 γὰρ
3492 5148 3521 5198 6
3551 5146 3640 5198 Σω
3666 5176 3669 5179 ν

2095 5245 2199 5316 τὴρ
2223 5245 2538 5317 τριήμερος,
2565 5243 2815 5313 πατήσας
2851 5241 2941 5295 τὸν
2984 5241 3212 5296 θάνατον
3241 5241 3336 5295 καὶ
3368 5237 3673 5300 σκυλεύσας

2096 5333 2185 5385 τὸν
2224 5331 2384 5402 ᾅδην·
2422 5332 2516 5384 καὶ
2557 5329 2723 5401 ἀνέϐη
2776 5328 2910 5399 πρὸς
2950 5329 3043 5383 τὸν
3089 5332 3147 5383 ὲν
3184 5330 3430 5400 οὐρανοῖς
3451 5325 3675 5396 Πατέρα

2044 5466 2051 5475 .
2092 5424 2187 5476 καὶ
2224 5421 2356 5476 Θεόν
2376 5439 2389 5452 ·
2427 5422 2521 5477 καὶ
2566 5421 2712 5475 ἔστιν
2742 5422 2800 5474 ὲν
2833 5419 2982 5493 δεξιᾷ
3011 5420 3103 5475 τοῦ
3135 5421 3323 5492 θρόνου
3352 5419 3451 5489 τῆς
3495 5433 3670 5489 μεγα-

487 5515 531 5603 ξτ
562 5517 757 5603 Εξρὶιρε.
793 5539 851 5589 ιι,
878 5524 966 5603 6_.‘
998 5526 1042 5559 ³⁸
1067 5525 1208 5603 PsaI.
1247 5544 1402 5595 ιυιιιι,
1451 5531 1537 5603 l0.
1609 5531 1664 5603 ἐξ
1688 5529 1921 5603 ἓςιιίιὶρρ.
1956 5549 2008 5595 ιι,

2098 5574 2112 5586 .
2193 5532 2239 5565 ⁸⁸
2268 5532 2470 5587 Rom.l
2521 5533 2575 5588 3.
2617 5533 2660 5567 δ’
2707 5530 2941 5603 Philipp.
2985 5550 3047 5591 ιι.
3077 5531 3129 5584 7.
3200 5533 3245 5563 ⁸³
3296 5530 3436 5587 Psul.
3472 5543 3668 5594 nutu,

461 5584 518 5641 2.
589 5584 637 5621 "
657 5584 874 5659 Joand.
898 5594 986 5650 56.
1067 5597 1111 5628 “
1139 5584 1435 5664 Joanuxrv,
1468 5600 1560 5654 10.
1623 5601 1668 5632 ⁸⁸
1692 5584 1896 5657 llattl'i.r
1910 5584 2008 5657 ὲωὶῐ
