3946 6222
309 203 413 260 389

1307 198 1667 255 EXPOSITIO
1706 198 1773 253 IN
1811 196 2142 254 PSALMUM
2183 197 2511 252 LXXXVIII.

3440 197 3545 254 590

311 318 553 389 λωσὺνης
603 322 662 374 ὲν
707 318 947 390 ὑψηλοῖς,
993 319 1208 374 πάντων
1254 319 1542 392 κατάρχων
1599 316 1737 390 μετὰ
1782 315 1877 370 τοῦ

2003 317 2232 382 excelsis,
2270 315 2527 370 omnibus
2556 329 2832 384 imperans
2859 329 2983 370 cum
3016 314 3263 384 genitore
3288 327 3409 368 suo.
3437 312 3544 368 Ve-

315 413 439 468 ἰὸεου
484 413 828 483 γεννήτορος.
858 412 1062 466 Οὐκοῦν
1108 413 1306 482 ἀληθὲς
1351 413 1412 466 τὸ
1452 411 1759 484 εἰρημένον,
1795 411 1876 463 ὃτι

317 507 432 559 οὐκ
459 504 760 573 ὠφελήσει
783 504 994 573 ἐχθρὸς
1017 506 1087 558 ἐν
1123 503 1301 570 αὐτῷ.

377 594 486 650 Καὶ
522 598 814 664 συγκόψει)
850 597 966 650 ἀπὸ
1002 597 1108 650 τοῦ
1149 595 1472 665 προσώπου
1513 594 1698 650 αὐτοῦ
1737 593 1878 665 τους

312 688 557 757 ἐχθροὺς
618 689 823 741 αὑτοῦ.
878 689 1272 758 Παραδέδονται
1315 690 1424 760 γὰρ
1469 690 1536 759 τῇ
1592 687 1878 757 Ῥωμαίων

315 781 586 851 στρατείᾳ,
611 780 704 832 καὶ
732 779 1018 832 διολώλασι
1044 779 1344 844 παντελῶς.

378 871 485 926 Καὶ
511 871 550 937 ὴ
576 869 824 936 ἀλήθειά
840 889 958 940 μου
982 872 1078 924 καὶ
1105 871 1169 925 τὸ
1188 871 1359 938 ἔλεός
1375 890 1495 939 μου
1519 872 1648 940 μετ’
1670 867 1876 924 αὑτοῦ.

327 961 603 1033 Ἀλήθειαν
625 961 720 1022 τὴν
741 963 798 1014 ὲν
823 962 1090 1033 πνεύματι
1125 965 1218 1017 καὶ
1241 964 1465 1033 ἀληθεία
1497 962 1750 1034 λατρείαν
1781 978 1882 1030 φη-

317 1058 396 1110 σὶν
419 1097 434 1122 ,
469 1056 535 1126 ἢν
564 1059 890 1127 εἰσηγήσατο
919 1061 1048 1128 ἡμῖν
1075 1061 1102 1112 6
1131 1059 1361 1126 Χριστὸς
1395 1059 1532 1112 κατὰ
1568 1058 1628 1111 τὸ
1661 1056 1882 1127 εἰρημέσ

316 1164 399 1199 νον
443 1147 579 1217 πρὸς
629 1147 726 1216 τὴν
773 1149 829 1200 ὲν
873 1151 936 1218 τῇ
983 1148 1263 1219 Σαμαρείᾳ
1289 1153 1546 1216 γυναῖκα⁹
1573 1149 1816 1216 Πνεῦμα
1850 1154 1883 1206 ὀ

318 1237 475 1304 Θεὸς,
506 1237 604 1290 καί
635 1237 778 1304 τοὺς
819 1238 1314 1306 προσκυνοῦντας
1350 1239 1554 1304 αὑτὸν,
1599 1241 1668 1293 ἐν
1705 1243 1884 1295 πνεύο

314 1340 444 1394 ματι
474 1325 571 1378 καὶ
599 1327 847 1393 ἀληθείᾳ
873 1326 966 1380 δεῖ
995 1329 1379 1395 προσκυνεῖν.
1415 1330 1523 1382 Καὶ
1555 1329 1616 1382 τὸ
1653 1330 1800 1394 ἔλεος
1826 1331 1884 1384 δὲ

314 1416 372 1468 οὐ
403 1416 470 1468 δι’
498 1416 658 1470 ἄλλου
709 1418 1006 1489 πεποίηκεν
1044 1421 1071 1472 6
1115 1419 1245 1483 Θεὸς
1289 1423 1368 1484 εἰς
1415 1423 1564 1491 ἡμᾶς
1604 1421 1753 1492 ῆδιὰ
1790 1423 1885 1476 τοῦ

319 1508 634 1577 μονογενοῦς
663 1509 826 1562 αὑτοῦ
857 1510 1004 1564 Υἰοῦ.
1035 1512 1113 1564 Δι’
1141 1511 1305 1564 αὑτοῦ
1339 1513 1445 1584 γὰρ
1478 1514 1637 1584 μόνον
1667 1515 1760 1568 καὶ
1788 1517 1886 1586 τὴν

316 1598 370 1651 ἐν
401 1598 668 1668 πνεύματι
695 1599 788 1653 καὶ
827 1600 1052 1671 ἀληθείᾳ
1082 1601 1355 1672 ἐμάθομεν
1389 1602 1774 1674 προσκύνησιν,
1795 1604 1887 1656 καί

1979 422 2099 461 rum
2139 407 2321 475 itaque
2359 414 2441 460 est
2473 405 2616 474 quod
2651 403 2887 460 dicitur:
2922 403 3073 458 Nihil
3098 403 3334 474 proficiet
3365 404 3543 457 inimi-

1979 514 2069 552 cus
2102 498 2158 550 in
2189 513 2270 551 eo.

2045 590 2135 644 26.
2179 588 2248 642 Et
2268 587 2537 642 concidam
2567 603 2600 640 a
2628 586 2760 654 facie
2780 586 2944 656 ipsius
2975 585 3216 640 inimicos
3247 589 3382 658 ejus.
3415 587 3549 644 Tra-

1979 680 2076 735 diti
2117 695 2352 749 namque
2384 686 2514 734 sunt
2541 677 2918 733 Romanorum
2949 680 3234 746 exercitui,
3276 691 3330 736 et
3363 683 3548 737 fundi-

1980 779 2068 825 tus
2095 769 2394 840 perierunt.

2047 861 2136 915 25.
2166 861 2235 915 Et
2265 863 2456 915 veritas
2495 876 2611 914 mea
2642 869 2692 913 et
2719 862 3080 914 misericordia
3116 878 3231 916 mea
3261 879 3378 916 cum
3412 864 3548 932 ipso.

1981 952 2275 1008 Veritatem
2305 953 2661 1008 dicitcultum
2705 952 2760 1006 in
2801 953 2994 1022 spiritu
3032 963 3086 1006 et
3114 954 3358 1021 veritate,
3386 970 3551 1024 quem

1984 1046 2194 1100 induxit
2225 1046 2380 1100 nobis
2415 1045 2682 1110 Christus,
2709 1045 2862 1114 juxta
2891 1045 2942 1098 id
2974 1045 3118 1114 quod
3150 1046 3354 1100 dictum
3381 1055 3464 1100 est
3484 1046 3551 1101 ad

1985 1138 2381 1191 Samaritanam
2422 1138 2700 1191 mulierem
2737 1155 2749 1189 :
2793 1135 3025 1206 Spiritus
3063 1148 3140 1190 est
3186 1137 3349 1200 Deus,
3377 1145 3427 1191 et
3462 1141 3552 1207 qui

1983 1227 2208 1279 adorant
2235 1242 2354 1280 eum
2377 1227 2432 1279 in
2458 1227 2649 1296 spiritu
2672 1235 2719 1279 et
2765 1228 2983 1280 veritate
3017 1236 3217 1296 oportet
3246 1227 3468 1280 adorare
3483 1226 3550 1282 ⁸⁸.

1983 1314 2414 1370 Misericordiam
2456 1331 2584 1370 vero
2623 1332 2730 1371 non
2778 1331 2873 1385 per
2916 1317 3084 1371 alium
3130 1317 3288 1371 nobis
3324 1317 3554 1372 contulit

1985 1409 2128 1464 Deus
2169 1424 2331 1478 quam
2365 1423 2462 1478 per
2508 1410 2846 1479 unigenitum
2889 1407 3084 1463 Filium
3121 1425 3302 1464 suum.
3338 1409 3441 1464 Per
3469 1409 3551 1480 ip-

1985 1517 2107 1556 sum
2133 1503 2276 1556 enim
2314 1501 2486 1556 solum
2518 1511 2569 1555 et
2602 1502 2973 1556 adorationem
3006 1504 3059 1556 in
3109 1503 3304 1572 spiritu
3330 1514 3383 1557 et
3414 1503 3555 1558 veri-

1991 1600 2097 1646 tate
2129 1591 2476 1654 edidicimus,
2507 1600 2561 1645 et
2592 1591 3018 1646 misericordiam
3045 1594 3321 1647 consecuti
3341 1609 3553 1659 sumus,

317 1689 752 1760 κατηλεήθημεν,
791 1691 1167 1763 ἀναιρεθέντος
1200 1694 1454 1757 θανάτου,
1501 1695 1595 1748 καὶ
1630 1697 1726 1766 τῆς
1754 1695 1884 1765 φθο-

2003 1683 2162 1737 leleta
2193 1691 2366 1738 morte
2391 1692 2444 1737 et
2467 1685 2814 1752 corruptione
2833 1685 2900 1738 de
2934 1686 3112 1739 medio
3136 1687 3367 1741 sublata.
3399 1685 3468 1740 Et
3501 1687 3556 1739 in

319 1782 413 1852 ρᾶς
458 1782 522 1833 ἐκ
569 1782 734 1851 μέσου
764 1784 1082 1855 γενομένης.
1115 1785 1225 1839 Καὶ
1260 1787 1329 1839 ἐν
1359 1785 1440 1852 τῷ
1485 1787 1730 1856 ὀνόματί
1766 1806 1884 1857 μου

315 1873 697 1940 ὑψωθήσεται
739 1875 805 1928 τὸ
839 1875 1016 1944 κέρας
1051 1877 1256 1933 αὐτοῦ.
1288 1879 1411 1942 Τοῖς
1457 1878 1565 1951 γὰρ
1609 1881 1884 1951 ὀνόμασιν,

316 1959 392 2029 οἷς
433 1966 667 2035 μάλιστα
705 1968 972 2036 πρέπουσι
1015 1969 1091 2040 τῷ
1128 1971 1322 2041 Πατρί,
1363 1972 1458 2024 καὶ
1509 1973 1668 2037 αὐτὸς
1702 1975 1730 2026 ὁ
1763 1973 1888 2037 Υἱὸς

317 2054 625 2119 δοξάζεται·
673 2054 782 2110 οἷόν
833 2057 883 2109 τί
925 2075 1094 2129 φημι·
1143 2059 1274 2123 Θεὸς
1319 2061 1569 2131 ἀληθινὸς
1601 2064 1628 2114 ὀ
1657 2064 1886 2134 Πατήρ’

316 2146 471 2199 τοῦτό
491 2149 722 2202 ἐστικαὶ
752 2150 878 2212 Υἱός
900 2167 913 2181 ο
950 2151 1109 2214 αὐτὸς
1138 2154 1245 2224 γάρ
1272 2155 1417 2208 ἐστιν
1441 2157 1472 2226 ἡ
1501 2154 1754 2226 ἀλήθειαο
1797 2156 1890 2210 καὶ

317 2239 348 2308 ἡ
375 2238 487 2308 ζωὴ
516 2240 656 2293 κατὰ
689 2241 849 2309 φύσιν
885 2244 912 2294 6
942 2244 1131 2318 Πατήρ
1166 2246 1280 2298 ἐστί
1309 2263 1369 2298 τε
1396 2245 1489 2299 καὶ
1530 2247 1888 2318 ὀνομάζεται,

315 2330 471 2384 τοῦτο
512 2331 571 2383 δὲ
612 2333 774 2387 πάλιν
801 2335 895 2388 καὶ
916 2338 944 2388 6
967 2337 1126 2399 Υἱός“
1163 2339 1326 2401 αὐτὸς
1357 2337 1465 2408 γάρ
1499 2355 1662 2410 φησιν
1681 2357 1695 2371 ο
1747 2339 1892 2408 Ἐγώ

316 2426 428 2492 εζαι
451 2427 490 2493 ἡ
517 2425 852 2494 ἀνάστασις
885 2430 980 2483 καὶ
1010 2429 1048 2496 ἠ
1080 2429 1211 2500 ζωή.
1243 2429 1354 2501 (59)
1383 2431 1550 2486 Τοῦτο
1576 2431 1728 2500 ἔλεγε
1755 2433 1892 2503 πρὸς

315 2516 404 2569 τὸν
432 2516 626 2571 ἑαυτοῦ
655 2520 892 2592 Πατέρα,
931 2523 1010 2575 ὅτι
1043 2522 1247 2576 Πάντα
1276 2524 1348 2576 τὰ
1381 2523 1494 2594 ἐμὰ
1515 2524 1597 2578 σά
1617 2525 1770 2591 ἐστι,
1793 2526 1890 2579 καὶ

317 2607 389 2662 τὰ
407 2609 494 2662 σὰ
517 2609 649 2678 ἐμά.

389 2699 499 2752 Καὶ
544 2700 803 2769 θήσομαι
840 2702 910 2755 ἐν
944 2704 1223 2774 θαλάσσῃ
1252 2706 1418 2776 χεῖρα
1445 2707 1650 2761 αὐτοῦ.
1685 2707 1894 2762 Θάλασ-

321 2805 417 2842 σαν
457 2789 576 2859 μὲν,
605 2789 682 2853 ὡς
727 2794 1156 2865 προειρήκαμεν,
1194 2797 1291 2866 τὴν
1337 2797 1394 2850 ἐν
1439 2798 1669 2867 δυσμαῖς
1713 2799 1894 2870 χώραν

320 2882 486 2952 φησί’
525 2883 800 2954 ποταμοὺς
843 2885 900 2941 δὲ
940 2887 1038 2958 τὴν
1081 2888 1252 2959 μέσην
1282 2890 1388 2942 τῶν
1418 2891 1680 2961 ποταμῶν
1724 2892 1892 2960 λέγει,

1992 1776 2198 1828 nomine
2226 1791 2336 1827 meo
2354 1774 2679 1843 excitabitur
2708 1792 2868 1829 cornu
2901 1776 3034 1844 ejus.
3070 1777 3388 1832 Nominibus
3410 1778 3555 1831 enim

1991 1882 2110 1937 qua!
2145 1868 2378 1920 maxime
2415 1865 2560 1919 Patri
2592 1868 2939 1930 conveniunt,
2984 1869 3096 1936 ipse
3135 1883 3355 1937 quoque
3383 1868 3558 1922 Filius

1990 1969 2214 2014 ornatur
2256 1977 2268 2012 :
2314 1959 2545 2028 exempli
2601 1974 2767 2014 causa
2816 1961 2939 2014 dico
2986 1978 2999 2014 :
3057 1959 3200 2014 Deus
3258 1976 3420 2014 verus
3473 1971 3558 2015 est

1990 2049 2183 2115 Pater;
2231 2050 2466 2120 idipsum
2506 2061 2589 2106 est
2623 2049 2792 2106 Filius
2827 2072 2840 2105 :
2877 2052 2992 2121 ipse
3027 2067 3262 2122 namque
3300 2062 3384 2107 est
3411 2053 3556 2107 veri-

1991 2152 2072 2197 tas
2100 2160 2113 2196 :
2141 2151 2195 2196 et
2218 2143 2323 2196 vita
2359 2143 2656 2197 secundum
2707 2151 2956 2198 naturam
2990 2142 3149 2198 Pater
3175 2151 3260 2197 est
3309 2151 3362 2197 et
3394 2157 3560 2198 voca-

1994 2243 2103 2300 tur,
2137 2236 2268 2290 illud
2311 2235 2438 2290 item
2484 2246 2567 2291 est
2607 2235 2778 2292 Filius
2817 2255 2830 2291 :
2875 2238 2989 2306 ipse
3018 2251 3255 2304 namque
3287 2236 3362 2290 ait
3402 2254 3414 2290 :
3447 2234 3560 2306 Ego

1992 2342 2106 2378 sum
2126 2327 2438 2380 resurrectio
2476 2337 2522 2380 et
2556 2328 2680 2382 vita.
2709 2327 2821 2397 (59)
2855 2325 2969 2382 H'oc
2995 2327 3207 2382 dicebat
3245 2325 3333 2381 ille
3362 2327 3429 2380 ad
3458 2325 3563 2380 Pas

1993 2425 2149 2472 trem:
2183 2415 2376 2471 Omnia
2408 2432 2522 2471 mea
2557 2427 2652 2472 tua
2676 2427 2818 2486 sunt,
2859 2427 2907 2472 et
2939 2427 3030 2472 tua
3053 2434 3167 2472 mea
3191 2427 3313 2473 sunt
3343 2415 3409 2472 ".

2063 2717 2155 2772 26.
2215 2717 2286 2772 Et
2311 2735 2502 2788 ponam
2529 2719 2585 2772 in
2609 2721 2744 2773 mari
2768 2737 2977 2773 manum
3010 2719 3144 2790 ejus.
3171 2719 3339 2785 Mare,
3367 2721 3443 2776 uti
3470 2737 3562 2777 suc

1996 2825 2092 2878 pra
2111 2810 2371 2874 diximus,
2408 2811 2796 2866 occidentalem
2843 2812 3118 2882 regionem
3155 2820 3314 2865 vocat
3342 2829 3357 2878 ;
3386 2811 3567 2866 ﬂumi—

1998 2917 2068 2956 na
2110 2917 2238 2956 vero
2295 2900 2740 2971 Mesopotamiam
2794 2902 2907 2956 sive
2959 2903 3221 2957 orientem
3267 2912 3562 2973 nuncupat.

316 2975 436 3046 ἦτοι
482 2976 582 3046 τὴν
626 2975 909 3048 ἀνατολήν.
942 2979 1107 3048 Φησίν
1132 2975 1243 3044 οὖν,
1274 2981 1355 3034 ὅτι
1382 2983 1461 3045 εἰς
1487 2984 1665 3036 πᾶσαν
1700 2983 1798 3054 τὴν
1821 2984 1893 3036 οἱ·

2003 2990 2086 3046 Ait
2106 2991 2288 3062 itaque
2317 3007 2413 3062 per
2444 3007 2660 3046 omnem
2703 3003 2898 3048 terram
2942 2993 3061 3062 ejus
3103 3007 3241 3063 opus
3278 3002 3564 3048 extensum

317 3067 593 3136 κουμένην
623 3069 654 3138 ἠ
686 3066 849 3120 αὑτοῦ
896 3069 1092 3140 πρᾶξις
1129 3073 1507 3142 ὲκταθήσεται.
1554 3074 1662 3127 Καὶ
1707 3074 1776 3127 ἐν
1799 3088 1899 3128 πο-

316 3155 524 3224 ταμοῖς
551 3155 757 3220 δεξιὰν
787 3159 991 3212 αὐτοῦ.
1013 3161 1098 3210 Ἐν
1129 3161 1226 3230 μὲν
1256 3163 1322 3232 τῇ
1355 3162 1594 3234 θαλάσσῃ
1623 3161 1828 3217 τίθεται
1863 3165 1896 3234 ἡ

317 3248 440 3317 χεὶρ
468 3247 563 3298 τοῦ
594 3247 851 3318 Χριστοῦ,
877 3249 933 3301 ὲν
959 3249 1015 3301 δὲ
1048 3252 1158 3313 τοῖς
1187 3256 1448 3323 ποταμοῖς
1475 3256 1508 3324 ἡ
1531 3253 1680 3320 δεξιὰ
1712 3254 1897 3308 αὐτοῦ.

321 3339 465 3410 Πλὴν
500 3339 594 3391 ἐὰν
627 3339 842 3413 θελήσῃ,
876 3342 909 3410 ἡ
944 3340 1186 3394 θάλασσα
1227 3345 1434 3411 γίνεται
1480 3346 1758 3416 ποταμός·
1805 3346 1900 3399 καὶ

321 3432 482 3484 πάλιν
513 3433 543 3482 6
582 3432 843 3502 ποταμὸς,
868 3432 962 3485 ἐὰν
988 3436 1202 3508 τηρήσῃ
1241 3436 1331 3490 τὸν
1363 3441 1426 3490 ὲκ
1453 3438 1551 3508 τῆς
1580 3439 1785 3504 κοιλίας
1813 3441 1904 3494 αὑ-

319 3521 412 3574 τοῦ
451 3521 641 3592 ῥέοντα
677 3523 939 3594 ποταμὸν,
962 3524 1055 3578 τοῦ
1097 3523 1300 3592 ζῶντος
1347 3527 1537 3592 ὕδατος
1561 3531 1770 3598 γίνεται
1805 3530 1902 3585 θά-

323 3627 517 3667 Ᾱασσα.

391 3705 590 3770 Αὐτὸς
636 3705 1057 3764 ἐπικαλέσεται
1101 3725 1206 3779 με’
1259 3710 1461 3779 Πατήρ
1497 3715 1631 3782 ’μου
1688 3710 1746 3768 εἷ
1796 3714 1898 3778 σὺ,

327 3799 468 3864 Θεός
490 3816 634 3866 μου.
670 3799 837 3852 Πάλιν
877 3801 1106 3854 ἐνταῦθα
1144 3803 1502 3873 οἰκονομικῶς
1551 3806 1579 3857 ὁ
1625 3823 1904 3877 σεσαρκω-

325 3889 482 3957 μένος
503 3888 637 3943 Θεὸν
664 3892 856 3944 ἑαυτοῦ
869 3893 958 3945 τὸν
975 3895 1195 3965 Πατέρα
1222 3893 1397 3960 καλεῖ,
1430 3895 1602 3964 λέγων
1627 3913 1640 3926 ·
1663 3898 1908 3965 Πορεύο-

319 3998 424 4047 μαι
451 3983 608 4049 πρὸς
648 3982 756 4036 τὸν
785 3984 1014 4051 Πατέρα
1042 4002 1162 4054 μου
1195 3985 1290 4039 καὶ
1328 3986 1561 4055 Πατέρα
1584 3987 1767 4056 ὑμῶν,
1805 3989 1904 4043 καί

329 4075 473 4127 Θεόν
511 4092 634 4142 μου
667 4075 764 4128 καί
807 4076 952 4129 Θεὸν
979 4077 1240 4146 ὺμῶν.⁶0
1281 4080 1390 4150 γὰρ
1440 4081 1726 4152 προφήτης
1771 4083 1904 4150 φησί

326 4167 452 4236 περὶ
507 4165 694 4233 αὑτοῦ,
722 4167 934 4220 παιδίον
979 4168 1314 4239 γεννώμενον
1359 4173 1732 4241 προφητεύων,
1770 4173 1902 4226 Θεὸν

328 4258 544 4327 ἰσχυρὸν
576 4257 762 4326 ἔλεγεν
796 4260 978 4323 αὐτὸν,
1005 4261 1226 4333 Πατέρα
1255 4263 1348 4316 τοῦ
1378 4264 1660 4333 μέλλοντος
1687 4265 1898 4329 αἰῶνος.

1998 3083 2085 3137 iri.
2112 3082 2180 3136 Et
2204 3085 2255 3136 in
2291 3084 2595 3152 ﬂuminibus
2624 3084 2892 3138 dexteram
2918 3084 3052 3152 ejus.
3079 3086 3137 3138 lu
3170 3084 3306 3138 mari
3346 3084 3568 3154 ponitur

1998 3189 2194 3228 manus
2225 3173 2451 3240 Christi,
2493 3175 2548 3228 in
2575 3174 2889 3230 ﬂuminibus
2927 3184 3109 3230 autem
3153 3175 3374 3231 dextera
3420 3175 3560 3245 ejus.

1999 3265 2199 3321 Verum
2227 3266 2272 3320 si
2299 3266 2444 3330 velit,
2472 3282 2620 3322 mare
2645 3267 2872 3323 efﬁcitur
2897 3267 3096 3323 ﬂumen
3127 3287 3140 3322 :
3174 3277 3228 3323 et
3255 3278 3443 3323 contra
3464 3267 3567 3322 ilu-

2001 3372 2120 3411 men
2150 3357 2195 3410 si
2229 3357 2368 3412 alvei
2407 3359 2492 3414 sui
2529 3375 2725 3430 aquam
2759 3360 3012 3424 retine’at,
3041 3375 3199 3431 aqum
3241 3360 3378 3415 vivae
3403 3376 3563 3415 mare

1999 3449 2244 3504 eﬂicitur.

2069 3711 2160 3765 27.
2208 3709 2329 3777 Ipse
2361 3709 2624 3763 invocabit
2659 3725 2740 3762 me
2773 3725 2791 3762 :
2833 3708 2998 3763 Pater
3037 3726 3180 3764 meus
3219 3727 3273 3764 es
3305 3721 3382 3774 tu,
3427 3711 3568 3767 Deus

2003 3817 2168 3855 meus.
2206 3799 2321 3856 Hoc
2348 3801 2468 3855 loco
2499 3800 2591 3869 qui
2623 3800 2938 3856 incarnatus
2969 3810 3052 3855 est
3078 3817 3174 3871 per
3205 3806 3566 3859 oeconomiam

2004 3893 2174 3947 Deum
2208 3901 2365 3946 vocat
2392 3891 2608 3944 Patrem
2641 3907 2800 3944 suum
2825 3892 3011 3947 dicens
3037 3912 3049 3946 :
3088 3891 3236 3946 Vada
3259 3896 3327 3948 ad
3352 3894 3568 3951 Patrem

2003 4002 2176 4040 meum
2225 3995 2275 4038 et
2320 3984 2539 4037 Patrem
2587 3993 2834 4048 vestrum,
2879 3983 3046 4037 Deum
3097 4001 3265 4037 meum
3315 3995 3364 4040 et
3402 3987 3568 4041 Deum

2003 4088 2231 4132 vestrum
2266 4076 2332 4130 ⁸⁸.
2371 4073 2506 4128 Nam
2553 4076 2815 4144 propheta
2844 4075 2909 4129 de
2942 4076 3035 4130 illo
3065 4076 3326 4144 loquitur,
3352 4094 3474 4133 cum
3505 4079 3571 4134 de

2003 4183 2170 4238 puero
2222 4176 2350 4222 nato
2396 4167 2799 4237 praenuntians,
2864 4170 3032 4222 Deum
3095 4167 3290 4223 fortem
3358 4172 3572 4227 vocavit

2006 4261 2178 4324 illum,
2206 4259 2419 4313 Patrem
2447 4259 2614 4314 futuri
2643 4259 2826 4313 saeculi
2851 4258 2916 4312 δ’.

395 4351 499 4413 Εἰς
530 4349 638 4401 τὸν
660 4349 846 4403 αἰῶνα
870 4352 1117 4419 φυλάξω
1145 4353 1302 4418 αὐτῷ
1334 4355 1400 4407 τὸ
1439 4357 1610 4421 ἔλεός
1648 4375 1767 4425 μου
1809 4358 1893 4410 real

2077 4353 2168 4406 29.
2212 4351 2280 4405 In
2305 4361 2556 4406 wternum
2586 4351 2798 4404 servabo
2837 4351 2920 4404 illi
2956 4352 3374 4406 misericordiam
3403 4370 3570 4408 meam

325 4437 632 4523 deamime
647 4459 784 4509 μου.
815 4442 972 4512 Αὐτῷ
999 4445 1095 4513 μὲν
1123 4445 1200 4515 τῷ
1233 4448 1610 4500 πεπιστευκότι
1641 4447 1710 4500 δι’
1735 4448 1898 4502 αὐτοῦ

471 4534 858 4602 φησιν.Ἕλεος
889 4536 1069 4606 δὲτὴν
1105 4537 1192 4591 διὰ
1233 4539 1469 4602 πίστεως
1500 4539 1691 4608 ἄφεσιν
1731 4540 1898 4608 λέγει.

331 4623 600 4696 Διαθήκην
645 4626 702 4679 δὲ
745 4629 842 4697 τὴν
887 4628 1012 4681 νέαν
1063 4631 1246 4700 φησὶν,
1278 4633 1343 4700 ἣν
1385 4633 1479 4684 καὶ
1508 4632 1704 4702 πιστὴν
1738 4629 1898 4697 εἶναι,

330 4715 446 4766 ἀντὶ
477 4716 610 4779 τῶν,
641 4717 852 4788 ἀσφαλῆ
900 4720 993 4771 καί
1027 4718 1248 4788 βεϐαίαν
1278 4722 1370 4773 καὶ
1403 4722 1686 4791 μένουσαν.
1705 4722 1768 4775 Ἦ
1803 4723 1902 4794 μὲν

331 4805 432 4877 γὰρ
461 4807 651 4879 πρώτη
689 4809 923 4880 διαθήκη
969 4810 1237 4864 πέπαυται
1281 4813 1368 4865 διὰ
1395 4813 1454 4866 τὸ
1482 4814 1651 4884 αὐτῆς
1682 4814 1903 4880 ἀσθενὲς

335 4898 422 4949 καὶ
442 4899 718 4968 ἀνωφελές
738 4916 752 4928 ·
781 4901 932 4954 οὐδὲν
960 4901 1067 4972 γὰρ
1094 4903 1404 4956 ἐτελείωσεν
1427 4906 1456 4957 6
1481 4904 1662 4974 νόμος.

404 5082 504 5134 Καὶ
531 5082 795 5153 θήσομαι
819 5087 906 5150 εἰς
932 5085 1039 5140 τὸν
1063 5086 1247 5141 αἰῶνα
1268 5089 1375 5142 τοῦ
1399 5088 1611 5155 αἰῶνος
1635 5089 1701 5142 τὸ
1727 5089 1910 5158 σπέρ-

331 5189 408 5239 μα
427 5176 628 5230 αὐτοῦ.
660 5177 737 5230 Οὐ
775 5177 1044 5230 παύσεται
1082 5180 1190 5250 γὰρ
1238 5179 1298 5232 τὸ
1339 5180 1677 5251 Χριστιανῶν
1716 5181 1905 5252 ὄνομα,

334 5267 416 5319 καί
447 5270 542 5341 τῆς
568 5269 942 5340 εὐαγγελικῆι,
979 5269 1230 5342 λατρείας
1281 5273 1313 5343 ὴ
1361 5272 1618 5343 δύναμις·
1655 5273 1908 5345 διηνεκὴς

324 5357 370 5412 δὲ
400 5363 598 5433 μᾶλλον
625 5363 790 5417 ἔσται
821 5361 918 5414 καὶ⁵
945 5361 1338 5434 ἁκατάληκτος.

377 5501 615 5562 “iloan.
645 5517 726 5563 Iv,
763 5497 860 5552 24.
905 5498 947 5529 ⁸⁷
979 5497 1137 5554 Joan.
1187 5515 1316 5566 xvu,
1350 5500 1436 5555 10.
1505 5503 1560 5574 ,δ’
1595 5499 1753 5559 Joan.
1793 5518 1882 5570 xx,
1927 5503 2017 5557 17.

363 5621 479 5693 (59)
521 5619 629 5676 ﬂic
656 5613 858 5673 deficit
887 5622 1198 5666 contextus.

2005 4454 2053 4498 et
2085 4453 2454 4498 testamentum
2483 4459 2676 4496 meum.
2722 4443 2828 4512 Ipsi
2874 4443 3081 4498 scilicet
3114 4445 3316 4514 populo
3357 4446 3448 4514 qui
3482 4461 3576 4515 per

2005 4551 2127 4590 eum
2167 4536 2415 4590 credidit.
2442 4534 2871 4589 Misericordiam
2897 4544 3076 4590 autem
3111 4545 3266 4590 vocat
3294 4537 3575 4591 remissio-

2007 4643 2128 4682 nem
2155 4643 2276 4698 quae
2321 4642 2415 4696 per
2460 4627 2618 4679 ﬁdem
2658 4626 2954 4680 olitinetur.
2997 4625 3402 4682 Testamentum
3447 4644 3576 4684 vero

2010 4733 2210 4772 novum
2241 4719 2338 4781 ait,
2366 4719 2510 4788 quod
2542 4717 2698 4771 ﬁdele
2731 4717 2880 4782 dicit,
2913 4719 3116 4773 scilicet
3145 4719 3382 4785 ﬁrmum,
3417 4736 3576 4777 secu-

2009 4826 2129 4864 rum
2160 4821 2213 4864 et
2244 4826 2492 4864 manens.
2518 4809 2652 4863 Nam
2676 4812 2909 4879 primum
2944 4811 3075 4865 illud
3100 4821 3480 4866 testamentum
3507 4815 3576 4868 ob

2009 4901 2380 4955 inﬁrmitatem
2405 4910 2457 4954 et
2483 4901 2832 4954 inutilitatem
2861 4917 3015 4955 suam
3055 4903 3237 4957 desiit.
3258 4903 3404 4956 Nihil
3431 4902 3574 4956 enim

2010 4992 2074 5044 ad
2105 4992 2401 5060 perfectum
2428 4991 2654 5045 deduxit
2675 4992 2780 5046 lex.

2083 5083 2170 5138 50.
2228 5083 2297 5136 Et
2341 5099 2532 5152 ponam
2580 5084 2635 5137 in
2683 5085 2934 5138 saxulum
2983 5085 3166 5137 διτταίὶ
3212 5099 3382 5136 semen
3439 5085 3573 5150 ejus.

2012 5178 2300 5246 Nunquam
2334 5177 2570 5231 cessabit
2611 5178 2754 5231 enim
2794 5176 3232 5232 Christianorum
3273 5190 3492 5240 nomen,
3526 5187 3577 5230 et

2013 5271 2188 5324 virtus
2225 5269 2524 5335 evangelici
2567 5269 2780 5334 cultus;
2822 5270 2933 5325 imo
2976 5268 3158 5338 potius
3192 5274 3450 5336 perpetua
3475 5267 3580 5324 erit

2009 5360 2522 5418 et-interminabilis.

2095 5503 2138 5535 δ’
2177 5501 2278 5558 lsa.
2320 5518 2395 5566 ιι,
2433 5500 2482 5557 6.
