3946 6222
401 220 498 275 591

1249 215 1304 271 S.
1346 215 1716 272 ATHANASII
1755 217 1910 286 QPP.
1950 218 2130 274 PARS
2171 217 2256 274 Ill.
2299 247 2368 259 —-
2403 215 2817 274 EXEGETICA.

3532 222 3640 278 δθί

473 334 562 400 56,
588 333 676 389 37.
721 333 1076 403 Senietjuram
1105 335 1160 387 iu
1186 346 1369 388 sancto
1397 352 1529 400 meo,
1559 337 1603 390 si
1630 336 1797 391 David
1822 354 1963 390 men.
1991 392 1993 399 Α

2137 338 2322 402 Ἀπαξ
2344 337 2550 406 ὤμοσα
2569 337 2638 389 ἐν
2666 336 2746 402 τῷ
2775 336 2921 406 ἁγίῳ
2941 354 3082 406 μου,
3105 339 3157 391 ει
3179 335 3257 402 τῷ
3280 335 3460 392 Δαυῒδ
3490 339 3641 407 ψεύ-

406 431 530 484 tiar.
558 425 745 486 Simile
785 436 868 482 est
907 427 954 481 ei
995 427 1138 497 quod
1172 428 1280 483 alio
1323 429 1442 484 loco
1483 431 1722 485 dicitur:
1754 429 1967 485 Juravit

2082 432 2494 500 γομαι.”ομοιον
2532 429 2609 500 τῷ
2641 428 2875 501 ἀλλαχοῦ
2925 431 3228 501 εἰρημένῳο
3265 431 3482 498 Ὠμοσε
3529 430 3646 484 Κύ-

411 519 661 573 Domiuus
691 518 859 572 David
891 519 1177 583 veritatem,
1213 529 1386 574 etnon
1415 521 1844 590 frustrabitur”.
1875 520 1970 576 Se-

409 630 521 667 men
550 613 660 681 ejus
686 613 739 665 iu
772 621 1022 666 wternum
1047 612 1298 664 manebit.
1333 613 1529 667 Semen
1569 613 1788 668 Davidis
1809 614 1970 668 Chri-

409 713 553 759 stum
577 705 726 765 dicit,
761 704 853 771 qui
894 703 1185 757 secundum
1226 719 1443 758 carnem
1475 720 1538 758 ex
1568 706 1774 760 semine
1799 705 1968 760 David

409 805 570 851 natus
598 804 698 850 est.
731 794 835 860 Qui
868 803 920 848 et
954 796 1004 848 in
1038 807 1298 849 aeternum
1343 796 1602 849 manebit.
1643 793 1761 848 Non
1795 804 1971 864 potest

409 890 610 958 quippe
655 887 770 942 lieri
807 903 931 940 eum
962 888 1066 958 ,qui
1099 888 1239 942 Deus
1279 889 1368 950 sit,
1409 897 1464 942 et
1499 903 1622 941 vere
1653 887 1744 941 Dei
1777 887 1968 952 Filius,

411 995 516 1034 non
554 980 702 1034 onmi
736 981 896 1034 modo
918 995 982 1034 ac
1017 980 1226 1034 ratione
1263 989 1524 1034 mternum
1551 993 1694 1034 esse.

487 1161 574 1216 38.
619 1160 688 1214 Et
729 1161 944 1215 thronus
984 1161 1096 1231 ejus
1135 1164 1270 1215 sicut
1317 1161 1395 1216 sol
1431 1163 1486 1215 in
1529 1170 1802 1231 conspectu
1837 1175 1969 1215 meo.

413 1251 690 1306 Thronum
708 1251 906 1307 Christi
939 1252 1174 1320 intellige
1209 1251 1505 1306 Ecclesiam
1542 1269 1555 1305 :
1586 1251 1638 1304 in
1668 1251 1755 1304 illa
1777 1251 1973 1319 quippe
2026 1270 2046 1296 ο

412 1342 722 1412 requiescit.
754 1340 870 1394 Erit
908 1342 1090 1412 igitur,
1128 1342 1322 1410 inquit,
1357 1341 1593 1395 Ecclesia
1630 1340 1832 1395 Christi
1864 1339 1972 1394 ful-

413 1447 545 1502 gens
572 1440 626 1485 ct
658 1431 972 1486 illuminans
1017 1431 1230 1495 orbem,
1259 1444 1590 1497 manensque
1621 1428 1674 1481 in
1712 1437 1972 1481 aeternum

412 1523 553 1578 sicut
591 1523 670 1577 sol
709 1531 763 1578 et
795 1524 941 1577 luna.
978 1521 1110 1579 Nam
1156 1523 1358 1576 dictum
1399 1521 1528 1574 illud
1572 1519 1643 1573 ita
1673 1533 1730 1572 se
1763 1518 1924 1572 habet
1957 1536 1970 1571 :

412 1613 483 1668 Et
512 1614 728 1672 thronus
757 1615 869 1684 ejus
897 1616 1032 1668 sicut
1069 1614 1148 1667 sol
1173 1616 1228 1667 in
1271 1621 1544 1682 conspectu
1577 1627 1708 1675 utea,
1751 1619 1800 1662 et
1839 1611 1974 1664 sicut

412 1707 536 1760 luna
562 1707 792 1776 perfecta
814 1709 868 1760 in
899 1717 1170 1770 wteruum,
1197 1715 1244 1759 et
1276 1705 1418 1758 testis
1441 1705 1496 1757 in
1526 1701 1653 1756 calo
1681 1701 1874 1770 ﬁdelis.

483 1985 572 2040 59.
614 1986 691 2038 '1u
723 1999 838 2036 vero
863 1985 1102 2052 reputtsti
1121 1991 1169 2035 et
1191 1981 1496 2051 despexisti,
1528 1979 1787 2035 distulisti
1815 1978 1972 2034 Chri-

412 2085 552 2129 stum
578 2086 744 2130 tuum.
785 2073 917 2140 Quae
961 2074 1013 2127 in
1041 2074 1346 2128 veneranda
1392 2088 1556 2127 cruce
1601 2074 1972 2142 contigerunt,

411 2170 553 2224 beati
597 2169 870 2238 pr0phet:e
910 2169 1256 2222 annuutianl.
1305 2165 1498 2220 Dicunt
1539 2166 1724 2235 itaque
1746 2164 1892 2218 Patri
1922 2173 1977 2219 et

416 2259 521 2314 Deo
557 2259 904 2315 :Promisisti
941 2260 994 2313 in
1035 2267 1294 2314 aeternum
1339 2272 1754 2328 permansurum
1791 2271 1973 2312 semen

411 2351 600 2416 David,
630 2364 682 2408 et
717 2354 972 2407 thronum
1008 2351 1126 2420 ejus
1158 2352 1300 2404 sicut
1331 2351 1498 2404 solem
1522 2358 1575 2404 et
1613 2351 1796 2404 lunam
1832 2349 1977 2403 futu-

411 2460 530 2498 rum
565 2461 578 2498 :
613 2444 705 2497 sed
741 2443 980 2512 repulisti
1019 2453 1067 2496 et
1087 2441 1392 2510 despexisti,
1422 2441 1680 2495 distulisti
1707 2440 1976 2494 Christum

410 2547 578 2590 tuum.
605 2537 738 2590 Illud
767 2546 968 2602 autem,
999 2538 1238 2605 repuliin
1272 2545 1321 2589 et
1347 2536 1653 2603 despexisti,
1687 2534 1976 2604 signiﬁcat,

410 2627 594 2696 repelli
623 2639 677 2680 et
713 2627 915 2696 despici
947 2627 1286 2681 concessisti.
1316 2624 1500 2694 Neque
1522 2625 1666 2702 enim
1703 2607 1862 2678 Pater
1893 2641 1978 2678 re-

409 2717 545 2792 pulit
573 2727 625 2771 et
649 2718 890 2787 despexit
913 2719 1187 2787 pr0prium
1217 2716 1413 2769 Filium
1441 2733 1456 2781 ;
1481 2717 1572 2770 scd
1600 2715 1770 2770 Judaai
1795 2715 1978 2785 potius

412 2807 541 2862 illud
573 2817 802 2877 egerunt
834 2823 848 2860 :
892 2818 948 2861 at
985 2807 1283 2862 secundum
1326 2807 1742 2876 permissionem
1793 2805 1887 2860 Dei
1925 2816 1980 2862 et

412 2896 609 2952 Patris.
641 2897 816 2967 Atque
851 2897 980 2950 illud
1028 2905 1108 2952 est
1157 2896 1294 2964 quod
1351 2897 1550 2950 dicitur
1580 2913 1592 2949 :
1627 2895 1729 2960 Qui
1765 2897 1975 2966 proprio

411 2984 555 3042 Filio
589 2967 690 3040 ηοῖι
729 2988 976 3051 vevercit,
1030 2986 1119 3041 sed
1153 3002 1246 3038 aro
1285 2986 1431 3039 nobis
1467 2985 1690 3039 tradidit
1727 2985 1878 3039 illum
1905 2986 1973 3040 ⁸³.

479 3253 569 3309 ιο.
607 3251 856 3313 Evertistt
890 3263 1252 3308 testamentum
1275 3253 1407 3307 sert-i
1437 3253 1535 3306 tui.
1567 3251 1864 3320 Distulisti,
1895 3253 1979 3307 in-

414 3345 554 3413 quit,
602 3345 827 3414 implere
862 3331 1249 3414 promissiones
1277 3360 1398 3414 qua:
1424 3345 1571 3398 illum
1608 3346 1924 3414 spectabant
1956 3362 1970 3400 :

411 3436 614 3490 interea
639 3437 785 3491 enim
813 3439 903 3492 ille
932 3452 1124 3506 passus
1161 3447 1262 3490 est.
1288 3436 1408 3502 Quo
1447 3446 1604 3505 pacto
1645 3446 1825 3491 autem
1855 3438 1974 3492 dis-

409 3529 613 3594 tulerit,
661 3529 732 3583 ita
781 3530 1066 3584 declarat:
1108 3529 1392 3595 Evertisti,
1441 3531 1617 3599 inquit
1644 3571 1658 3595 ,
1694 3539 1976 3582 testamen-

414 3630 523 3672 tum
547 3621 678 3674 servi
709 3621 804 3673 tui.
851 3619 1191 3674 Promiseras
1247 3621 1390 3674 enim
1435 3636 1558 3674 eum
1614 3621 1669 3674 in
1714 3630 1974 3675 aeternum

411 3726 751 3765 mansurum.
806 3710 874 3764 Et
908 3712 1012 3766 hoc
1044 3713 1218 3780 ipsum
1261 3711 1360 3770 fuit
1400 3719 1781 3767 testamentum
1825 3721 1974 3768 tuum

410 3802 477 3857 de
514 3803 622 3856 illo.
664 3802 861 3857 Verum
908 3801 1080 3858 Judazi
1127 3805 1513 3859 cruciﬁxerunt
1537 3821 1660 3859 eum
1685 3848 1700 3872 ,
1738 3814 1790 3860 et
1821 3821 1977 3876 repu-

410 3901 557 3947 tatus
581 3903 663 3948 est
689 3909 812 3948 cum
846 3897 1095 3949 mortuis.
1138 3894 1343 3952 Passus
1377 3904 1480 3960 est,
1517 3897 1734 3967 inquit,
1772 3906 1826 3952 et
1851 3913 1976 3953 cru-

407 3986 603 4040 cilixus
627 3994 729 4040 est.
775 3985 958 4056 Itaque
1004 3989 1235 4042 evertisti
1285 3997 1652 4043 testamentum
1695 3991 1829 4044 servi
1877 3992 1971 4045 tui.

413 4079 719 4150 Profunasti
763 4083 817 4135 in
858 4091 999 4135 terra
1040 4083 1407 4136 sanctuarium
1467 4080 1603 4150 ejus.
1663 4079 1971 4149 Projecisti,

410 4171 503 4235 ait,
541 4173 592 4224 in
624 4181 820 4226 terram
861 4171 1085 4242 gloriam
1119 4171 1236 4240 ejus
1265 4189 1278 4202 ο
1312 4186 1435 4224 nam
1458 4170 1549 4225 ubi
1577 4171 1723 4224 venit
1749 4169 1814 4224 ad
1843 4185 1968 4240 pas—

412 4262 652 4325 sionem,
706 4263 828 4316 vilis
873 4264 1032 4317 homo
1075 4263 1143 4315 ah
1182 4261 1385 4330 iniquis
1428 4259 1629 4314 Judaeis
1669 4261 1974 4314 aestimatus

409 4363 512 4406 est.
542 4351 644 4405 Sed
680 4367 786 4405 non
823 4352 1082 4406 remansit
1111 4361 1364 4404 mortuus
1391 4391 1407 4416 ,
1439 4350 1529 4419 qui
1563 4350 1701 4404 inter
1729 4358 1972 4404 mortuos
2004 4387 2049 4443 υ

412 4444 547 4496 liher
585 4443 717 4508 fuit,
765 4443 918 4512 juxta
965 4441 1246 4512 Prophetas
1279 4456 1467 4496 vocem
1486 4441 1530 4472 5’
1563 4459 1576 4494 :
1614 4456 1789 4509 neque
1834 4440 1972 4494 infa-

413 4537 576 4589 miam
607 4537 767 4589 ullam
799 4536 1100 4605 conspersit
1137 4536 1238 4605 ipsi
1269 4536 1453 4605 passio
1493 4535 1650 4604 ejus;
1690 4535 1799 4588 imo
1842 4551 1970 4590 vero

413 4627 635 4696 gloriam
677 4629 857 4696 potius
903 4627 1140 4696 accepit,
1197 4629 1324 4697 quia
1362 4627 1658 4697 prostravit
1709 4641 1832 4680 eum
1875 4627 1969 4697 qui

413 4719 694 4787 imperium
731 4718 961 4772 habebat
1005 4718 1195 4773 mortis
1223 4718 1291 4782 ⁸³,
1339 4718 1391 4772 id
1440 4727 1523 4772 est
1573 4717 1872 4782 diabolum,
1917 4727 1972 4772 et

412 4804 653 4869 liberavit
703 4805 981 4859 hominum
1027 4821 1219 4874 genus.
1275 4806 1545 4862 (laterum
1589 4823 1651 4861 ea
1683 4822 1804 4875 quae
1843 4819 1972 4862 tunc

411 4894 723 4949 acciderunt
753 4896 1075 4950 annuetiant
1105 4897 1402 4966 prophetae.

482 4987 568 5039 Μ.
608 4985 922 5040 Destruxisti
951 5003 1124 5041 omnes
1149 5005 1288 5056 sepes
1321 4988 1454 5056 ejus.
1502 4987 1669 5057 Sepes
1700 4998 1754 5043 et
1780 4989 1971 5058 ρι’ωεί-

409 5079 495 5130 dia
525 5087 744 5132 sanctos
773 5079 1048 5146 apostolos
1068 5078 1234 5141 dicit,
1265 5081 1357 5148 qui
1385 5120 1398 5143 ,
1428 5080 1518 5134 illo
1554 5081 1814 5135 derelicto
1837 5121 1849 5142 .
1885 5079 1972 5135 lu-

411 5178 600 5235 geruut
632 5184 820 5223 omnes
859 5178 1005 5225 metu
1034 5171 1266 5238 perculsi
1297 5171 1362 5233 “,
1394 5187 1457 5226 ac
1489 5182 1771 5241 propterea
1799 5173 1966 5227 dicit:

411 5259 644 5316 Posuisti
671 5263 919 5330 prcesidia
946 5262 1058 5332 ejus
1086 5263 1434 5332 formidinem.

484 5438 569 5504 42,
604 5439 689 5492 45.
740 5440 1084 5509 Diripuerunt
1131 5458 1249 5495 eum
1427 5442 1739 5514 Lteti/icasti
1790 5462 1964 5500 omnes

2060 539 2192 588 ριος
2220 519 2299 585 τῷ
2330 520 2510 574 Δαυῒδ
2539 521 2843 586 ἀλήθειαν,
2873 522 2968 575 καὶ
2999 524 3068 576 οὐ
3095 521 3180 590 μὴ
3231 521 3528 589 ἀθετήσει.
3570 522 3641 576 Τὸ

2068 615 2303 682 σπέρμα
2344 614 2528 667 αὐτοῦ
2573 616 2660 679 εἰς
2701 615 2808 667 τὸν
2853 613 3037 668 αἰῶνα
3074 613 3262 683 μένει.
3292 616 3522 686 Σπέρμα
3547 615 3640 668 τοῦ

2071 705 2227 758 Δαυῒδ
2257 721 2387 772 φησι
2423 705 2514 757 τὸν
2545 705 2607 757 ὲκ
2644 706 2954 776 σπέρματος
2984 704 3144 759 Δαυῒδ
3171 706 3312 759 κατὰ
3343 706 3520 777 σάρκα
3553 723 3645 776 γε-

2070 797 2396 866 γεννημένον
2419 796 2775 867 Χριστόν.¹“ος
2809 798 2901 850 καὶ
2933 799 3012 860 εἰς
3044 798 3133 850 τὸν
3166 799 3335 851 αἰῶνα
3371 799 3538 869 μένει.
3566 799 3641 852 Οὐ

2071 888 2178 959 γάρ
2219 889 2334 940 ἐστι
2374 887 2480 941 τῶν
2518 887 2899 959 ἐνδεχομένων,
2926 887 3056 940 Θεὸν
3083 888 3210 941 ὅντα
3237 889 3331 942 καὶ
3363 888 3498 941 Θεοῦ
3522 889 3643 942 κατ’

2071 978 2325 1049 ἀλήθειαν
2355 979 2498 1057 Υέ-ὸν,
2531 978 2603 1050 μὴ
2642 980 2817 1050 πάντη
2841 996 2901 1031 τε
2934 981 3030 1033 καὶ
3056 980 3273 1033 πάντων
3321 976 3460 1034 εἶναι
3513 979 3645 1034 αἰώ-

2072 1087 2204 1122 νιον.

2141 1159 2251 1213 Καὶ
2297 1163 2331 1214 ὀ
2373 1162 2586 1228 θρόνος
2614 1160 2798 1214 αὑτοῦ
2829 1161 2908 1226 ὠς
2939 1164 2970 1214 ό
3001 1161 3173 1229 ἣλιος
3201 1161 3476 1216 ἐναντίον
3501 1181 3644 1232 μου.

2072 1252 2270 1323 Θρόνον
2297 1252 2530 1324 Χριστοῦ
2564 1254 2730 1306 ἐννόει
2773 1253 2872 1324 τὴν
2914 1254 3267 1326 Ἐκκλησίανο
3302 1255 3648 1309 έπαναπαύε-

2071 1359 2161 1397 ται
2212 1343 2320 1415 γὰρ
2344 1344 2501 1415 αὐτῇ.
2531 1345 2726 1398 Ἔσται
2751 1341 2863 1410 οὖν,
2900 1347 3084 1418 φησιν,
3121 1348 3153 1417 ἠ
3199 1347 3488 1419 Ἐκκλησία
3515 1348 3651 1420 Χρι-

2076 1434 2197 1488 στοῦ
2235 1437 2724 1508 καταστράπτουσα
2756 1438 2850 1489 καὶ
2882 1436 3189 1506 φωτίζουσα
3224 1437 3322 1508 τὴν
3369 1439 3459 1492 ὑπ’
3482 1439 3650 1510 οὐρα-

2073 1528 2180 1593 νὸν,
2205 1529 2299 1581 καὶ
2315 1528 2547 1599 μένουσα
2573 1529 2836 1600 διηνεκῶς
2870 1530 2981 1601 (40)
3007 1533 3035 1583 ὁ
3051 1531 3200 1601 ἥλιος
3231 1531 3323 1584 καὶ
3359 1533 3391 1603 ἡ
3427 1532 3643 1604 σελήνη.

2075 1617 2148 1670 Τὸ
2177 1617 2284 1689 γὰρ
2309 1619 2468 1690 ῥητὸν
2489 1618 2642 1672 τοῦτο
2659 1619 2800 1672 οὕτω
2829 1620 2960 1691 φησι
2979 1637 2992 1650 ο
3023 1620 3132 1675 Καὶ
3159 1625 3192 1675 o'
3221 1624 3432 1690 θρόνος
3459 1622 3648 1677 αὐτοῦ

2073 1708 2153 1775 ὠς
2191 1711 2224 1763 ὁ
2262 1709 2432 1776 ἥλιος
2461 1710 2738 1762 ἐναντίον
2769 1727 2901 1778 μου,
2934 1711 3030 1764 καὶ
3057 1712 3137 1778 ώς
3168 1713 3206 1780 ή
3247 1712 3478 1780 σελήνη
3508 1730 3648 1766 κατ-

2075 1798 2400 1868 ηρτισμένη
2443 1802 2530 1866 εὶς
2565 1799 2671 1852 τὸν
2695 1798 2899 1864 αἰῶνα,
2936 1800 3031 1853 καὶ
3059 1804 3091 1854 ὀ
3113 1802 3343 1870 μάρτυς
3367 1801 3436 1855 ἐν
3472 1805 3650 1871 οὐρα-

2076 1888 2160 1954 νῷ
2188 1892 2420 1955 πιστός.

2145 1982 2229 2037 Σὺ
2269 1981 2337 2035 δὲ
2373 1981 2590 2036 ἀπώσω
2620 1983 2719 2037 καὶ
2755 1982 3190 2050 ὲξουδένωσας,
3216 1982 3510 2038 ἀνεϐἁλου
3541 1983 3650 2038 τὸν

2075 2074 2328 2142 Χριστόν
2355 2087 2490 2127 σου.
2514 2073 2594 2126 Τά
2616 2073 2992 2145 συμϐεϐηκότα
3022 2075 3112 2127 ἐπὶ
3143 2073 3222 2143 τῷ
3245 2073 3409 2144 τιμίῳ
3433 2072 3650 2145 σταυρῷ

2076 2166 2125 2217 ol
2163 2164 2420 2235 μακάριοι
2466 2165 2739 2235 προφῆται
2773 2181 2924 2232 φασι.
2971 2163 3230 2232 Λέγουσιν
3257 2159 3370 2227 οῦν,
3398 2163 3473 2226 ὡς
3513 2164 3650 2234 πρὸς

2075 2257 2164 2310 τὸν
2193 2257 2410 2328 Πατέρα
2437 2257 2530 2310 καὶ
2553 2255 2703 2309 Θεόν·
2737 2255 3097 2326 Ἐπηγγείλω,
3133 2255 3316 2325 φησὶν,
3347 2255 3428 2308 ὅτι
3456 2255 3536 2318 εις
3559 2253 3650 2308 τὸν

2076 2348 2249 2402 αἰῶνα
2278 2347 2428 2419 μένει
2455 2348 2515 2400 τὸ
2543 2347 2762 2419 σπέρμα
2792 2347 2969 2411 Δανῖδ,
2998 2347 3090 2400 καὶ
3115 2349 3143 2400 ὁ
3173 2347 3358 2419 θρόνος
3385 2344 3548 2399 αὑτοῦ
3573 2345 3651 2410 ὡς

2074 2441 2102 2492 ὁ
2131 2438 2278 2509 ἥλιος
2317 2440 2410 2492 καὶ
2443 2441 2476 2510 ἡ
2521 2438 2750 2510 σελήνηο
2787 2438 2900 2492 ἀλλ’
2923 2437 3142 2492 ἀπώσω
3187 2439 3281 2493 καὶ
3329 2437 3652 2502 ἐξουδένω-

2077 2547 2193 2599 σας
2216 2550 2229 2563 ·
2267 2532 2563 2586 ἀνεϐἀλου
2603 2535 2709 2584 τὸν
2749 2533 3007 2600 Χριστόν
3051 2547 3186 2585 σου.
3223 2531 3294 2584 Τὸ
3322 2531 3400 2594 δὲ,
3430 2529 3651 2585 ἀπώσω

2078 2627 2172 2678 καὶ
2206 2623 2632 2688 ἐξουδένωσας,
2665 2623 2784 2676 ἀντὶ
2821 2622 2936 2687 τοῦ,
2970 2623 3308 2692 ἀπωσθῆναι,
3355 2623 3450 2676 καὶ
3494 2621 3650 2688 ἐξου-

2077 2717 2368 2787 δενωθῆναι
2401 2714 2845 2786 συγκεχώρηκας.
2874 2715 2948 2768 Οὐ
2989 2714 3098 2785 γὰρ
3127 2717 3155 2768 ό
3179 2714 3364 2786 Πατὴρ
3393 2713 3653 2768 ἀπώσατο

2077 2809 2170 2862 καὶ
2220 2807 2537 2875 ὲξουδένωσε
2583 2808 2674 2861 τὸν
2723 2807 2853 2860 ἴδιον
2887 2808 3301 2861 ΥἱόνοἹουδαῖοι
3339 2807 3398 2860 δὲ
3449 2807 3652 2878 μᾶλλον

2075 2899 2233 2953 τοῦτο
2265 2900 2576 2971 πεπράκασι
2600 2915 2615 2930 ·
2653 2898 2789 2968 πλὴν
2819 2901 2960 2952 κατὰ
3009 2898 3349 2971 συγχώρησιν
3390 2899 3483 2952 τοῦ
3513 2899 3650 2953 Θεοῦ

2077 2992 2170 3044 καὶ
2208 2992 2438 3062 Πατρός.
2482 2992 2592 3045 Καὶ
2637 2991 2794 3044 τοῦτό
2835 2995 2952 3044 ἐστι
2990 2991 3052 3045 τὸ
3087 2992 3401 3065 εἰρημένονο
3445 2993 3543 3059 Ὅς
3585 3010 3652 3060 γε

2004 3041 2045 3099 (³
2078 3081 2183 3136 τοῦ
2216 3041 2366 3137 ιδίοὲ
2398 3041 2556 3136 δΥὶοῦ
2603 3083 2714 3136 οὐκ
2758 3081 3070 3151 ἐφείσατο,
3278 3082 3430 3152 ὑπὲρ

2076 3174 2417 3242 παρέδωκεν
2448 3177 2657 3229 αὐτόν.

2143 3267 2562 3336 Κατέστρεψας
2593 3266 2706 3335 τὴν
2742 3266 3035 3334 διαθήκην
3080 3265 3186 3320 τοῦ
3237 3265 3460 3321 δούλου
3507 3283 3647 3322 σου.

2088 3359 2385 3432 ’Υπερέθου
2415 3358 2720 3430 πληρῶσαι.
2744 3358 2896 3428 φησι,
2923 3357 3022 3421 τὰς
3044 3357 3375 3426 ἐπαγγελίας
3396 3357 3492 3420 τάς
3521 3359 3652 3429 περὶ

2075 3449 2237 3504 αὑτοῦ
2254 3467 2266 3480 ο
2296 3449 2527 3503 πέπονθε
2547 3448 2653 3519 γάρ
2681 3447 2903 3520 μεταξύ.
2922 3447 3046 3512 Πῶς
3064 3447 3119 3501 δὲ
3139 3447 3452 3520 ὑπερέθετο,
3469 3448 3647 3518 λέγει·

2073 3541 2496 3610 Κατέστρεψας
2530 3541 2754 3609 φάσκων
2789 3539 2902 3608 τὴν
2948 3539 3238 3608 διαθήκην
3290 3539 3396 3594 τοῦ
3425 3539 3652 3595 δούλου

2075 3645 2210 3684 σου.
2256 3629 2592 3700 Ἐπηγγείλω
2625 3630 2753 3700 γὰρ,
2787 3627 2970 3699 φησὶν,
3005 3629 3084 3681 ὄτι
3115 3629 3194 3692 εἰς
3223 3627 3314 3682 τὸν
3343 3627 3513 3681 αἰῶνα
3549 3628 3651 3699 μέ-

2075 3735 2187 3773 νειο
2223 3721 2317 3773 καὶ
2353 3719 2490 3790 αῦτη
2526 3720 2747 3788 γέγονεν
2784 3721 2815 3789 ἡ
2861 3717 3010 3789 παρά
3045 3717 3138 3772 σοῦ
3176 3720 3304 3788 περὶ
3335 3717 3496 3772 αὑτοῦ
3529 3719 3648 3772 δια-

2076 3810 2235 3882 θήκη.
2304 3810 2440 3863 Ἀλλ⁹
2472 3809 2826 3882 ἐσταύρωσαν
2858 3807 3018 3862 αὐτὸν
3060 3809 3327 3873 Ἰουδαῖοι,
3376 3809 3469 3861 καὶ
3513 3825 3649 3862 κατε

2075 3904 2325 3975 ελογίσθη
2357 3903 2494 3974 μετὰ
2511 3904 2736 3974 νεκρῶν.
2757 3902 2998 3956 Πέπονθε
3016 3901 3144 3972 γὰρ,
3169 3901 3322 3972 φησὶ,
3346 3901 3441 3955 καὶ
3463 3903 3656 3954 ἐσταυο

2077 3995 2222 4068 ρώθη
2243 4013 2256 4026 ·
2279 3995 2472 4049 οὐκοῦν
2503 3993 2912 4063 κατέστρεψας
2933 3993 3047 4061 τὴν
3068 3993 3358 4060 διαθήκην
3383 3991 3489 4046 τοῦ
3511 3992 3651 4046 δούς

2073 4091 2188 4141 λου
2228 4101 2364 4140 σου.
2451 4085 2850 4151 Ἐϐεϐήλωσας
2881 4087 2968 4152 εἷς
2999 4083 3113 4152 τὴν
3143 4083 3260 4153 γῆν
3289 4083 3352 4136 τὸ
3385 4083 3651 4152 ἁγίασμα

2073 4178 2277 4232 αὐτοῦ.
2313 4177 2580 4250 Ἐρῤιψας
2600 4219 2614 4243 ,
2644 4177 2836 4248 φησὶν,
2871 4179 2949 4240 εἰς
2973 4176 3068 4248 τὴν
3095 4175 3199 4246 γῆν
3231 4176 3330 4246 τὴν
3361 4175 3518 4242 δόξαν
3550 4175 3652 4228 αὐ-

2074 4268 2198 4323 τοῦ·
2236 4271 2312 4332 ὡς
2358 4269 2466 4339 γάρ
2497 4265 2630 4340 ἧκεν
2676 4269 2756 4331 εἰς
2804 4269 2864 4322 τὸ
2895 4268 3106 4332 παθεῖν,
3159 4267 3310 4336 ψιλὸς
3366 4266 3650 4339 ἄνθρωπος

2075 4360 2330 4432 ἐνομίσθη
2359 4364 2468 4424 τοῖς
2503 4361 2834 4432 παρανόμοις
2877 4361 3166 4432 Ἰουδαίοις.
3220 4358 3358 4412 Ἀλλ’
3387 4359 3446 4411 οὐ
3475 4360 3650 4430 μεμέη

2077 4469 2207 4522 νηκε
2238 4452 2461 4522 νεκρὸς,
2511 4454 2539 4505 ὁ
2591 4454 2648 4504 ἐν
2677 4456 2887 4523 νεκροῖς
2921 4429 3202 4522 ἐλεύθερος
3231 4450 3372 4504 κατὰ
3413 4451 3511 4522 τὴν
3551 4451 3648 4504 τοῦ

2078 4545 2354 4616 προφήτου
2406 4545 2617 4615 φωνήν·
2652 4544 2775 4598 οὕτε
2830 4543 2936 4615 μὴν
2967 4543 3181 4607 ἀδοξίαν
3213 4542 3331 4595 τινά
3360 4542 3646 4614 προσετρίο

2075 4635 2213 4703 ψατο
2242 4635 2303 4687 τὸ
2335 4635 2503 4698 πάθος
2545 4635 2693 4706 αὑτῷ
2715 4676 2730 4697 ,
2765 4635 2878 4688 ἀλλ’
2909 4633 3165 4702 ἐδοξάσθη
3203 4632 3398 4703 μᾶλλον
3436 4632 3522 4686 διά
3552 4633 3647 4686 τοῦ

2079 4727 2421 4798 καταργῆσαι
2447 4728 2536 4780 τὸν
2566 4727 2625 4781 τὸ
2649 4729 2846 4798 κράτος
2874 4725 3060 4797 ἔχοντα
3093 4725 3186 4779 τοῦ
3217 4725 3464 4789 θανάτου,
3494 4743 3651 4780 τοῦτ-

2078 4818 2192 4871 ἐστι
2247 4818 2338 4871 τὸν
2380 4818 2644 4883 διάϐολον,
2681 4820 2773 4872 καὶ
2805 4817 3180 4888 ,ἐλευθερῶσαι
3207 4818 3314 4870 τῶν
3345 4817 3650 4890 ἀνθρώπων

2077 4908 2137 4961 τὸ
2161 4908 2334 4976 γένος.
2391 4909 2536 4980 Πλὴν
2575 4910 2640 4963 τά
2675 4910 3058 4981 συμϐεϐηκότα
3086 4911 3249 4978 φασὶν
3270 4911 3317 4962 οἱ
3351 4909 3644 4979 προφῆται.

2149 4999 2428 5062 Καθεῖλες
2458 4999 2688 5066 πάντας
2721 4999 2860 5064 τοὺς
2905 5002 3211 5069 φραγμοὺς
3248 4998 3452 5054 αὑτοῦ.
3502 5001 3648 5068 Φρα-

2077 5089 2248 5158 γμοὺς
2280 5089 2442 5142 αὑτοῦ
2475 5091 2570 5143 καὶ
2603 5091 2934 5162 ὀχυρώματα
2955 5093 3080 5155 τοὺς
3105 5093 3291 5161 άγὶους
3319 5091 3649 5154 ἀποστόλους

2078 5180 2263 5247 φησιν,
2293 5179 2342 5232 οἳ
2376 5182 2486 5242 καὶ,
2521 5181 2719 5244 πάντες
2749 5182 2976 5250 ἀφέντες
3008 5184 3169 5236 αὑτὸν
3187 5225 3202 5248 ,
3224 5183 3421 5251 ἔφυγον
3449 5182 3649 5236 δειλιά-

2081 5287 2267 5334 σαντες
2291 5289 2303 5301 ·
2335 5275 2428 5326 καὶ
2450 5273 2537 5326 διὰ
2565 5273 2721 5326 τοῦτό
2747 5291 2908 5345 φησιν
2931 5292 2944 5304 ·
3002 5277 3174 5329 Ἔθου
3197 5276 3268 5328 τὰ
3299 5274 3649 5344 ὀχιψώματα

2078 5363 2262 5415 αὐτοῦ
2287 5363 2532 5418 δειλίαν.

2150 5453 2473 5524 Διήρπαζον
2490 5457 2675 5510 αὐτόν
2705 5495 2713 5506 .
2750 5496 2762 5509 .
2796 5495 2809 5510 .
2841 5498 2854 5510 .
2891 5499 2903 5512 .
2924 5459 3233 5526 ηὔφρανας
3256 5457 3484 5524 πάντας
3507 5455 3647 5524 τοὺς

480 5551 528 5583 ⁸⁸
557 5553 700 5608 Psai.
728 5570 913 5619 cxxxi,
944 5557 1026 5611 Η.
1111 5558 1152 5589 ⁸¹
1194 5557 1346 5612 Rom.
1379 5574 1494 5626 Vlll,
1529 5562 1616 5615 52.
1693 5565 1738 5595 "
1779 5563 1921 5620 Psal.
1950 5581 2200 5638 Lxm'tt,
2238 5571 2288 5624 6.
2368 5573 2412 5604 ⁵³
2459 5571 2620 5625 llehr.
2657 5587 2713 5637 ιι,
2751 5574 2834 5627 Η.
2913 5572 2957 5604 ⁸⁵
2990 5571 3177 5627 Matth.
3224 5589 3370 5639 xum,
3407 5571 3496 5628 56.

483 5641 594 5709 (ιο)
631 5640 974 5700 Desideratur
1003 5647 1099 5711 ὡς.
1134 5645 1293 5705 Eutr.
