3946 6222
316 369 421 426 395

1328 377 1684 439 EXPOSITIO
1725 383 1796 439 IN
1826 384 2161 443 PSALMUM
2199 384 2532 443 LXXXVIII.

3435 390 3541 452 39-5

317 478 801 589 ἐχθροὺς-αὑτοῦ.
859 493 1114 568 Ἔχαιρον
1163 514 1270 570 γαρ
1320 502 1411 555 καὶ
1454 503 1696 559 ἐπέσειον
1734 506 1874 576 αὐτῷ

1984 509 2221 563 inimicos
2247 509 2381 578 ejus.
2416 508 2734 563 Gaudebant
2782 510 2925 565 enim
2960 522 3016 564 et
3048 513 3334 570 movebant
3363 519 3538 589 capita

316 578 411 643 τὰς
436 579 678 648 κεφαλὰς
701 622 716 647 ,
746 582 978 655 ὁρῶντες
1006 586 1166 641 αὐτὸν
1196 590 1286 642 ἐπὶ
1317 588 1471 655 ξύλου
1513 594 1875 664 κρεμάμενον.

398 671 807 757 Ἀπέστρεψας
844 675 958 746 τὴν
981 678 1287 748 ,βοήθειαν
1314 682 1426 751 τῆς
1448 686 1746 753 ῥομφαίας
1776 690 1881 741 αὺ-

317 762 439 818 τοῦ.
484 767 700 839 Ἐπειδὴ
722 768 907 843 άξίους
938 771 1091 836 ὄντας
1124 774 1222 845 τὴν
1252 776 1483 848 ἐσχάτην
1514 778 1668 849 δίκην
1695 780 1876 833 ἀποτῖ-

320 871 406 908 σαι
450 859 575 921 τοὺς
618 860 1038 932 σταυρώσαντας
1066 865 1157 918 τὸν
1209 869 1465 939 μονογενῆ
1496 869 1589 922 τοῦ
1620 871 1751 924 Θεοῦ
1786 873 1880 925 καὶ

317 946 526 1033 Πατρρς
553 949 680 1005 Υίὸν
712 953 773 1006 ού
805 954 1174 1026 τετιμώρηται
1215 962 1552 1033 παραχρῆμα
1571 1004 1585 1027 ,
1634 965 1721 1018 διὰ
1752 967 1881 1019 πολ-

316 1037 409 1109 λὴν
441 1032 848 1113 φιλανθρωπίαν
876 1049 1062 1119 καιρὸν
1092 1050 1377 1120 μετανοίας
1398 1093 1413 1117 ,
1439 1055 1528 1107 τὸν
1554 1056 1641 1109 διά
1691 1056 1881 1127 βαπτί-

321 1147 536 1200 σματος,
572 1136 665 1188 καὶ
696 1138 878 1201 αὐτοῖς
908 1140 1260 1214 χαριζόμενος
1280 1161 1293 1172 ’
1321 1146 1509 1199 τούτου
1560 1149 1715 1219 χάριν
1745 1151 1881 1204 ἀπο-

321 1224 539 1296 στρέψαι
582 1226 795 1297 λέγεται
830 1229 927 1302 τὴν
959 1231 1208 1305 βοήθειαν
1237 1237 1335 1308 τῆς
1385 1240 1654 1310 ῥομφαίας
1693 1241 1878 1296 αὑτοῦ.

318 1314 385 1366 Τὸ
408 1315 488 1379 δὲ,
519 1316 925 1388 ἀπέστρεψας,
959 1324 1107 1389 ἀντὶ,
1142 1326 1393 1397 ἐπέσχες.

380 1406 734 1477 Κατέλυσας
783 1413 900 1466 ἀπὸ
938 1418 1305 1486 καθαρισμοῦ
1338 1420 1542 1473 αὐτοῦ.
1577 1421 1684 1487 Τὸ,
1740 1440 1880 1477 κατ-

315 1497 559 1566 έλυσας,
578 1500 697 1554 ἀντὶ⁸
714 1505 839 1581 τοῦ,
871 1508 1230 1578 κατήνεγκας.
1252 1511 1609 1583 Κατήνεγκας
1637 1510 1749 1579 οὖν,
1778 1534 1880 1586 φη-

318 1592 429 1656 σὶν,
462 1593 581 1664 ἤτοι
608 1597 1023 1667 παρεσκεύασας
1054 1601 1134 1664 εἰς
1164 1600 1224 1654 τὺ
1258 1604 1637 1671 πιστεύεσθαι,
1669 1608 1749 1660 ὅτι
1780 1626 1879 1661 κα-

316 1681 474 1754 θαρός
512 1686 680 1740 ἐστιν.
744 1689 1035 1763 Ἐπενοήθη
1065 1693 1172 1767 γὰρ
1197 1690 1334 1749 εἶναι
1370 1699 1603 1769 πονηρὸς
1626 1740 1640 1763 ,
1685 1700 1776 1753 καὶ
1807 1701 1882 1765 ὡς

316 1777 634 1848 ἁμαρτωλὸς
665 1780 962 1854 κατεκρίθη
989 1822 1003 1845 ,
1052 1782 1150 1836 καὶ
1180 1785 1250 1837 ἐν
1279 1786 1401 1853 τοῖς
1454 1788 1694 1858 ἀνόμοις
1747 1792 1881 1844 ἐλοο

1981 612 2101 663 sua,
2132 598 2376 653 videntes
2402 614 2525 652 eum
2554 600 2606 651 in
2635 599 2780 669 ligno
2819 602 3140 670 pendentem
3159 605 3226 660 ⁵⁸.

2048 690 2138 743 44.
2196 689 2443 744 Avertisti
2487 690 2814 759 adjutorium
2860 693 3026 763 gladii
3075 695 3209 762 eius.
3269 697 3538 763 Quoniam

1978 796 2073 834 eos
2100 782 2190 851 qui
2223 782 2559 852 unigenitum
2590 781 2683 835 Dei
2714 791 2768 837 et
2810 781 2987 840 Patris
3021 784 3217 839 Filium
3253 788 3540 843 crucifixe-

1979 878 2130 934 runt,
2169 880 2412 926 extremo
2448 871 2716 942 supplicio
2745 874 2974 943 dignos,
3025 891 3133 929 non
3173 878 3356 932 statim
3393 879 3540 933 ultus

1980 970 2096 1020 est;
2133 962 2225 1016 sed
2255 978 2350 1032 per
2383 979 2651 1018 summam
2678 964 3014 1020 clementiam
3040 976 3251 1037 tempus
3276 970 3541 1038 poeniten-

1982 1054 2069 1108 tia?
2098 1069 2193 1123 per
2216 1055 2542 1124 baptismum
2569 1056 2713 1110 dedit
2742 1056 2882 1123 illis;
2931 1058 3052 1113 ideo
3098 1058 3230 1114 dicit
3278 1061 3540 1115 avertisse

1981 1146 2307 1213 adjutorium
2334 1148 2637 1219 gladii’ejus
2665 1167 2678 1214 ;
2712 1149 2842 1204 illud
2872 1159 3074 1216 autem,
3105 1153 3364 1218 avertisti,
3395 1153 3540 1208 accie

1980 1238 2124 1309 pitur
2155 1253 2272 1309 pro,
2302 1239 2593 1295 retinuisti.

2052 1416 2142 1471 45.
2176 1412 2501 1471 Destruxisti
2538 1434 2653 1471 eum
2688 1418 2752 1470 ab
2791 1419 3176 1473 emundalione.
3230 1418 3364 1473 Illud
3387 1454 3401 1481 ,
3444 1418 3537 1470 de—

1982 1507 2248 1575 struxisli,
2282 1523 2403 1576 pro,
2435 1507 2698 1577 dejecisti,
2730 1510 2966 1578 positum
2998 1520 3100 1574 est,
3132 1509 3183 1564 id
3213 1516 3317 1577 est,
3357 1510 3536 1579 previ-

1984 1598 2109 1653 disti
2161 1607 2220 1653 ut
2265 1598 2576 1653 crederetur
2617 1614 2807 1668 purus.
2870 1598 3005 1654 Nam
3034 1600 3295 1670 putabant
3331 1601 3534 1654 malum

1982 1705 2122 1754 esse,
2156 1701 2210 1744 et
2241 1690 2396 1760 quasi
2427 1699 2678 1759 peccator
2706 1692 2994 1746 damnatus
3024 1701 3136 1756 est,
3181 1702 3230 1746 et
3277 1692 3412 1746 inter
3435 1693 3537 1746 ini—

1981 1799 2111 1853 quos
2136 1790 2407 1851 reputatus
2437 1782 2505 1837 ’⁸.
2541 1781 2806 1836 Thronum
2831 1783 2941 1852 ejus
2962 1785 3015 1836 in
3048 1792 3243 1836 terram
3270 1783 3533 1838 collisisti.

314 1869 509 1935 γ’σθη.
541 1867 653 1921 Τὸν
668 1871 884 1937 θρόνον
903 1872 1089 1926 αὐτοῦ
1107 1874 1194 1939 εὶς
1213 1874 1327 1943 τὴν
1346 1875 1463 1945 γῆν
1488 1879 1874 1947 κατέρραξας.

1984 1874 2114 1941 Quia
2143 1874 2435 1930 carnaliter
2460 1890 2656 1944 passus
2682 1885 2785 1935 est.
2821 1884 2873 1929 et
2905 1874 3082 1929 factus
3108 1883 3195 1930 est
3220 1875 3362 1930 inter
3390 1890 3538 1929 mor-

324 1956 537 2028 Ἐπειδὴ
572 1961 805 2014 ’πέπονθε
842 1965 1146 2034 σαρκικῶς,
1196 1967 1290 2019 καὶ
1329 1968 1549 2037 γέγονεν
1578 1972 1636 2023 ἐν
1668 1976 1877 2045 νεκροῖς

312 2050 614 2123 ἐλεύθερος·
645 2053 962 2125 νομίσαντες
988 2059 1034 2110 οἱ
1070 2059 1509 2129 σταυρώσαντες,
1564 2062 1645 2116 ὅτι
1676 2081 1877 2118 πεπον-

312 2141 417 2206 θὼς
445 2145 762 2218 συνεστάλη,
788 2147 882 2200 καὶ
914 2148 1187 2203 πέπαυται
1220 2152 1314 2205 τοῦ
1340 2154 1434 2207 καὶ
1452 2154 1591 2219 ὃλως
1616 2151 1754 2211 εἶναι
1783 2156 1877 2211 καὶ

310 2233 698 2305 ὀνομάζεσθαι·
732 2238 818 2291 διὰ
840 2238 995 2292 τοῦτο
1027 2240 1125 2306 τὰς
1148 2243 1256 2295 τῶν
1283 2246 1704 2315 σταυρωσάντων
1747 2250 1876 2303 ὑπο-

310 2324 455 2389 void;
486 2326 831 2400 διερμηνεύει
862 2331 1068 2402 λέγων⁸
1133 2335 1243 2388 Τὸν
1292 2336 1507 2404 θρόνον
1555 2341 1742 2395 αὑτοῦ
1790 2345 1876 2409 εὶς

311 2417 420 2486 τὴν
444 2417 563 2488 γῆν
590 2421 978 2491 κατέρῤαξας.
1273 2482 1277 2488 ,
1318 2433 1330 2443 ⁸
1794 2494 1801 2499 .

380 2511 528 2576 Ἕως
551 2500 715 2579 πότε,
742 2517 938 2585 Κύριε,
966 2518 1313 2590 ἀποστρέφῃ
1344 2524 1431 2588 εἰς
1458 2523 1648 2591 τέλος,
1672 2524 1877 2580 ἐκκαυ-

310 2598 553 2667 θήσεται
583 2603 663 2669 ὡς
692 2603 884 2675 πῦρ¹ή
916 2607 1060 2679 ὀργή
1092 2624 1239 2673 σου;
1267 2609 1542 2677 Τουτέστι,
1574 2614 1752 2686 Μέχρι
1792 2615 1875 2667 τίά

309 2708 395 2756 νος
426 2691 635 2763 ἰσχύσει
674 2693 745 2749 τὰ
775 2696 881 2750 τῶν
935 2698 1199 2755 Ἰουδαίων
1223 2688 1547 2774 τολμήματα
1568 2744 1582 2767 ,
1615 2708 1874 2760 ἐπισπού-

309 2780 572 2846 δαζόντων
615 2784 714 2856 τὴν
761 2786 856 2839 τοῦ
909 2789 1241 2858 Μονογενοῦς
1294 2793 1387 2845 καὶ
1423 2794 1674 2865 Σωτῆρος
1717 2795 1874 2866 ἡμῶν

312 2872 646 2944 σταύρωσινς
707 2875 765 2930 Ὀ
791 2876 848 2930 δὲ
878 2878 1201 2951 Σύμμαχοςο
1265 2883 1411 2947 Ἕως
1448 2885 1639 2951 τίνος,
1674 2888 1871 2955 Κύριε,

308 2962 699 3035 ἀποκρυϐήσῃ
724 2969 810 3035 εὶς
837 2969 1036 3038 τέλος,
1066 2973 1429 3044 play-licenti
1457 2976 1536 3041 ὡς
1571 2976 1689 3045 πῦρ
1715 2980 1747 3031 ό
1775 2982 1873 3032 θυ-

301 3056 416 3123 μός
446 3072 601 3121 σου;
629 3060 804 3131 Μέχρι
834 3063 978 3127 τίνος
999 3104 1014 3125 ,
1049 3066 1203 3136 φησι,
1238 3066 1511 3133 Δέσποτα,
1542 3070 1641 3123 οὐκ
1670 3070 1874 3136 ἐθέλεις

310 3144 437 3256 ἰδεῖν
468 3145 569 3210 τὰς
613 3146 886 3256 ἡμετέρας
910 3153 1099 3218 ὀδύνας
1119 3195 1132 3219 ,
1163 3155 1270 3208 οὐδ’
1305 3159 1563 3231 ἐπιφαίνῃ
1609 3161 1703 3213 καὶ
1728 3160 1872 3226 λύεις
1897 3199 1941 3256 c

307 3237 401 3302 τὰς
429 3242 713 3310 συμφοράς
734 3258 748 3272 ·
772 3243 907 3298 ἀλλὰ
936 3244 1184 3318 καθάπερ
1207 3246 1317 3319 πῦρ
1339 3250 1438 3322 τὴν
1461 3251 1627 3322 ὀργὴν
1652 3255 1716 3323 τῇ
1743 3256 1870 3326 μνή-

310 3346 385 3401 μῃ
413 3331 692 3405 ἡμετέρων
724 3331 1050 3407 ἁμαρτάδων
1082 3340 1354 3408 ἐκκαίεις;

374 3422 685 3492 Μνήσθητι
730 3427 821 3493 τίς
840 3446 959 3496 μου
1005 3430 1044 3498 ἡ
1080 3432 1433 3500 ὑπόστασις.
1510 3436 1625 3489 Ἐπ’
1659 3436 1869 3509 ἀφθαρσ

310 3513 425 3584 σία,
460 3516 596 3585 φησὶ
615 3555 630 3581 ,
663 3513 752 3570 τὸν
784 3518 1067 3592 ἄνθρωπον
1100 3524 1432 3596 πεποίηκας,
1460 3524 1553 3580 καὶ
1580 3531 1700 3581 κατ’
1730 3527 1871 3583 εἰκό-

307 3622 372 3659 να
400 3605 500 3677 τὴν
532 3607 629 3679 σὴν
666 3608 902 3675 ἔπλασας
930 3613 1090 3667 αὐτόν
1111 3631 1122 3643 ·
1182 3614 1316 3669 ἀλλὰ
1343 3617 1563 3686 γέγονεν
1601 3618 1706 3672 ὑπὸ
1741 3620 1870 3690 φθο-

308 3694 405 3765 ράν
437 3696 497 3761 ἐξ
534 3698 770 3770 ἀπάτης,
794 3701 975 3772 φησίν.
999 3703 1204 3759 Οὐκοῦν
1235 3705 1331 3777 τὴν
1359 3704 1663 3780 ἀφθαρσίαν
1692 3711 1870 3775 ἐπίδος

307 3783 392 3839 ἵνα
420 3785 717 3855 σώζωνται,
746 3789 990 3863 καθάπερ
1019 3793 1259 3866 ἐπλάσθη
1293 3795 1351 3849 τὸ
1382 3797 1608 3869 ποίημα.
1685 3797 1697 3807 “
1847 3824 1857 3829 ·

376 3962 474 4029 Τίς
493 3963 667 4018 ἐστιν
692 3964 998 4036 ἅνθρωπος
1022 3969 1090 4036 ὃς
1117 3960 1352 4037 ζήσεται
1384 3975 1479 4028 καὶ
1512 3978 1623 4030 οὐκ
1661 3976 1869 4046 ὄψεται
1970 4001 1976 4007 ε

304 4051 596 4117 mirator;
624 4056 811 4121 Οὐδεὶς
829 4097 843 4122 ,
877 4061 1067 4130 φησὶν,
1099 4060 1220 4115 οὔτε
1238 4062 1468 4118 θανάτου
1485 4067 1746 4137 κρείττων
1774 4086 1867 4137 γε-

303 4142 540 4224 νήσεται,
561 4144 685 4200 οὔτε
711 4149 816 4222 μὴν
836 4150 905 4204 ἐκ
925 4151 1124 4219 χειρὸς
1144 4153 1292 4219 ᾅδου
1317 4154 1431 4224 τὴν
1452 4158 1664 4227 ψυχὴν
1682 4160 1868 4214 αὐτοῦ

297 4234 563 4300 ῥύσεται,
590 4238 640 4290 εί
668 4238 745 4311 μὴ
774 4240 860 4306 σὺ,
884 4243 1066 4312 φησιν,
1091 4239 1134 4297 ὧ
1157 4245 1421 4312 Δέσποτα,
1457 4246 1553 4319 τὴν
1576 4249 1867 4304 ἀνάστασιν

302 4323 517 4395 ἐπιδῷς.
756 4358 763 4362 ~
955 4354 958 4359 ~
1662 4366 1665 4371 η

362 4419 486 4473 Ποῦ
512 4423 633 4474 εισι
660 4420 733 4475 τὰ
773 4421 912 4492 ἐλέη
939 4440 1055 4477 σου
1096 4425 1169 4480 τὰ
1197 4427 1441 4497 ἀρχαῖα,
1471 4430 1685 4498 Κύριος
1743 4431 1866 4503 Ἀρο

1978 1976 2102 2022 tuos
2130 1965 2285 2030 liber,
2324 1965 2426 2019 rati
2466 1966 2559 2036 qui
2586 1965 2978 2020 ‘cruciﬁxet‘unt
3015 1980 3175 2030 eum,
3216 1980 3535 2035 oppressum

1979 2054 2149 2111 fuisse
2172 2071 2269 2126 per
2312 2055 2641 2126 passionem,
2696 2072 2760 2111 ac
2787 2056 3199 2126 omninotinem
3246 2057 3537 2113 exsistendi

1977 2146 2170 2203 fecisse
2200 2163 2301 2202 nec
2326 2149 2465 2203 ultra
2492 2148 2883 2202 nominandum
2919 2147 3066 2202 fore:
3102 2148 3225 2203 ideo
3245 2146 3535 2220 PrOpbeta,

1977 2254 2170 2294 eorum
2214 2239 2305 2309 qui
2339 2239 2728 2294 cruciﬁxerunt
2774 2232 3231 2295 existimationem
3268 2241 3536 2311 interpre-

1979 2335 2121 2383 tatur
2148 2329 2332 2385 dicens
2361 2328 2674 2383 :Thronum
2699 2330 2811 2398 ejus
2838 2329 2892 2383 in
2924 2340 3117 2384 terram
3139 2331 3401 2387 collisisti.

1989 2534 1999 2538 ’
2039 2526 2129 2584 47.
2164 2524 2456 2599 Usquequo,
2487 2525 2740 2593 Domine,
2784 2531 2974 2584 avertis
3000 2532 3057 2584 in
3095 2531 3279 2600 ﬁnem,
3321 2532 3536 2584 exarde-

1974 2630 2081 2675 scet
2124 2622 2259 2675 sicut
2291 2622 2429 2691 ignis
2462 2622 2547 2674 ira
2583 2623 2719 2675 tua?
2777 2621 2832 2677 Id
2861 2631 2962 2686 est,
2998 2620 3292 2692 Usquequo
3317 2621 3534 2677 Iudaeo:

1973 2728 2095 2768 rum
2128 2728 2296 2769 ausus
2337 2714 2737 2784 praevalebunt,
2784 2714 2877 2784 qui
2901 2722 3094 2769 curant
3123 2722 3181 2767 ut
3210 2712 3531 2784 Unigenitus

1973 2812 2028 2858 et
2056 2802 2305 2858 Salvator
2325 2812 2509 2859 noster
2529 2804 2912 2874 crucifigatur?
2933 2802 3291 2875 Symmachus
3312 2811 3491 2857 autem
3516 2821 3527 2858 :

1979 2894 2251 2965 Usquequo
2275 2934 2291 2959 ,
2321 2894 2576 2963 Domine,
2619 2894 2950 2949 absconderis
2997 2896 3053 2948 in
3082 2895 3269 2964 ﬁnem,
3316 2895 3535 2948 exarde-

1972 2997 2077 3041 scet
2110 2996 2167 3041 ut
2193 2988 2329 3058 ignis
2356 2988 2508 3057 furor
2535 2987 3026 3059 tuus?Usquequo,
3059 2987 3255 3057 inquit,
3287 2985 3533 3053 Domine,

1973 3094 2082 3134 non
2109 3079 2193 3135 vis
2225 3079 2493 3149 respicere
2538 3079 2755 3135 dolores
2796 3088 3037 3146 nostros,
3093 3093 3269 3149 neque
3308 3093 3535 3150 appares

1972 3182 2027 3228 et
2053 3173 2201 3227 eruis
2230 3186 2332 3227 nos
2365 3187 2396 3226 a
2423 3172 2858 3238 calamitatibus;
2904 3172 2998 3227 sed
3023 3171 3178 3241 quasi
3224 3170 3366 3241 ignis
3398 3171 3533 3225 iram

1973 3273 2122 3320 tuam
2164 3279 2259 3333 per
2309 3271 2658 3335 peccatorum
2707 3272 3023 3321 nostrorum
3072 3266 3392 3321 memoriam
3444 3282 3534 3321 30‘

1972 3355 2197 3412 cendia?

2038 3446 2129 3502 48.
2177 3445 2469 3503 Memorare
2510 3465 2626 3519 quia
2658 3465 2773 3503 mea
2801 3449 3120 3506 substantia.
3184 3450 3241 3505 In
3288 3451 3538 3506 incorru-

1971 3539 2176 3610 ptione,
2224 3540 2420 3610 inquit,
2468 3541 2743 3597 hominem
2789 3542 3005 3608 fecisti,
3043 3551 3098 3599 et
3146 3544 3212 3599 ad
3243 3544 3534 3614 imaginem

1970 3636 2121 3686 tuam
2165 3629 2413 3689 formasti
2458 3648 2624 3697 eum;
2683 3633 2777 3689 sed
2812 3634 3003 3691 fraude
3051 3632 3453 3690 circumventus
3482 3636 3535 3688 in

1972 3723 2376 3794 corruptionem
2414 3724 2634 3779 decidit.
2681 3723 2868 3796 Itaque
2897 3728 3024 3782 dato
3059 3727 3137 3781 illi
3166 3727 3532 3797 incorruptio-

1972 3830 2117 3881 nem,
2151 3824 2212 3870 ut
2247 3816 2475 3871 salutem
2503 3827 2903 3887 consequatur,
2924 3821 2993 3873 °in
3011 3835 3171 3890 quem
3198 3819 3361 3874 finem
3393 3834 3532 3888 opus

1971 3904 2103 3960 illud
2138 3904 2385 3960 effectum
2421 3915 2523 3960 est.
2558 3934 2565 3943 λ

2043 3996 2131 4051 49.
2166 3996 2297 4061 Quis
2320 4008 2394 4052 est
2418 3997 2570 4050 homo
2596 3999 2685 4067 qui
2709 3998 2840 4051 vivet
2856 4000 2904 4050 et
2931 4004 3031 4049 non
3054 3996 3245 4051 videbit
3272 4008 3487 4053 mortem
3510 4003 3536 4054 ἲ

1972 4083 2164 4153 Nemo,
2199 4087 2412 4156 inquit,
2440 4095 2535 4141 aut
2561 4097 2736 4142 morte
2760 4088 3007 4156 superior
3030 4089 3166 4155 erit,
3197 4097 3291 4143 aut
3316 4090 3535 4145 redime:

1972 4178 2207 4231 animum
2227 4190 2376 4232 suam
2404 4179 2467 4231 de
2498 4195 2656 4233 manu
2686 4178 2878 4249 inferi,
2914 4179 3020 4233 nisi
3045 4186 3104 4233 tu
3124 4220 3141 4249 ,
3184 4181 3380 4251 inquit,
3428 4181 3535 4237 Do-

1972 4270 2137 4337 mine,
2170 4271 2627 4326 resurrectionem
2651 4271 3013 4328 Concesseris.

2039 4429 2129 4484 50.
2165 4427 2264 4483 Ubi
2289 4438 2411 4483 sunt
2436 4430 2812 4484 misericordia:
2847 4439 2952 4484 ture
2984 4430 3235 4501 antique,
3266 4429 3488 4486 Domine
3509 4433 3537 4486 2

301 4513 424 4578 χαῖα
450 4510 576 4584 ἐλέη
606 4510 703 4564 τοῦ
731 4512 887 4575 Θεοῦ,
923 4515 1105 4584 φησιν,
1142 4518 1174 4588 ἡ
1203 4518 1309 4587 πρὸ
1335 4519 1639 4591 καταϐολῆς
1665 4521 1867 4592 κόσμου

1984 4521 2234 4590 Αῃιίιιυιιε
2285 4520 2382 4575 Dei
2439 4521 2846 4577 misericordias
2873 4531 3065 4589 vocat,
3127 4523 3531 4578 renovationem

302 4601 575 4693 ὡρισμένη
608 4604 689 4666 είς
716 4603 1019 4676 ἀφθαρσίαν
1050 4609 1506 4680 ἀναστοιχείωσις.

367 4784 681 4852 Ηνήσθητι
701 4822 719 4848 ,
751 4785 950 4852 Κύριε,
983 4786 1091 4841 τοῦ
1127 4788 1467 4860 ὀνειδισμοῦ
1492 4789 1611 4843 τῶν
1635 4790 1868 4846 δούλων

300 4890 429 4932 σου.
474 4875 695 4947 Ἐπειδὴ
719 4876 1035 4932 ὼνείδισάν
1061 4896 1127 4949 με
1147 4919 1162 4943 ,
1189 4879 1360 4951 Κύριε
1379 4919 1393 4943 ,
1418 4884 1471 4934 οἱ
1497 4884 1695 4952 ἐχθροί
1723 4902 1856 4951 σου,

299 4967 596 5035 φάσκοντες
636 4967 849 5037 ψευδεῖς
888 4964 1154 5033 εἶναιτὰς
1187 4971 1316 5042 περὶ
1359 4970 1492 5042 ἐμοῦ
1533 4978 1645 5038 τοῖς
1694 4975 1869 5030 ἔθνεσι

293 5056 584 5127 δεδομένας
616 5058 977 5126 ἐπαγγελίας
1032 5052 1191 5114 αὗται
1237 5062 1293 5114 δὲ
1330 5058 1469 5133 ἦσαν
1520 5065 1581 5117 τὺ
1628 5067 1864 5137 σωθῆναι

294 5147 448 5212 αὐτὰ,
482 5149 578 5202 καὶ
596 5149 973 5221 ἀπαλλαγῆναι
994 5149 1223 5206 θανάτου
1248 5153 1341 5207 καὶ
1366 5156 1640 5227 ἁμαρτίας
1659 5174 1671 5186 ·
1715 5161 1867 5215 ὠνεί-

292 5237 440 5294 δισαν
472 5241 532 5294 δὲ
570 5241 881 5313 ἀφορῶντες
914 5244 996 5306 εἰς
1042 5244 1133 5297 τδν
1188 5243 1415 5299 θάνατον
1447 5247 1536 5300 τὸν
1577 5248 1738 5319 ἐμόν·
1774 5253 1868 5305 καὶ

294 5331 558 5399 ματαίους
599 5331 772 5395 αὑτάς
803 5328 943 5385 εἶναι
972 5331 1254 5405 ἀπέφηναν
1272 5352 1286 5365 ο
1321 5335 1508 5389 τούτου
1545 5339 1703 5409 χάριν
1731 5341 1865 5395 αἰτῶ

292 5434 373 5474 σοι
396 5422 738 5493 μνησθῆναι·
782 5421 849 5476 τὸ
873 5424 982 5496 γάρ
1047 5423 1435 5496 ἀντάλλαγμα
1479 5428 1584 5482 τοῦ
1608 5432 1864 5498 Χριστοῦ

289 5529 403 5570 σου
428 5514 774 5582 ὠνείδισαν,
807 5516 988 5587 φησίν.
1043 5517 1142 5588 Εῐη
1171 5517 1227 5570 δὲ
1252 5517 1313 5570 τὸ
1331 5519 1680 5592 ἀντάλλαγμα
1700 5521 1863 5575 αὐτοῦ

290 5602 319 5654 ὀ
347 5603 576 5670 θάνατος
610 5605 778 5659 αὐτοῦ
813 5606 904 5658 καὶ
936 5606 995 5659 τὸ
1017 5600 1185 5671 αἷμα,
1213 5607 1273 5660 τὸ
1306 5608 1618 5682 ἀντίλυτρον
1649 5611 1865 5685 δεδομέ-

356 5781 405 5813 ⁸⁸
434 5781 629 5837 Matth.
656 5796 837 5842 xxvn,
865 5782 952 5835 59.
1024 5776 1071 5814 ³⁸
1111 5781 1211 5836 lsa.
1245 5798 1359 5847 Lm,
1389 5787 1472 5839 1‘2.

605 5864 871 5940 Parnm“
919 5879 1035 5939 Gn.
1084 5879 1346 5943 XXVII.

1970 4612 2118 4665 illam
2135 4611 2191 4665 in
2214 4611 2696 4681 incorruptionem,
2716 4623 2840 4667 ante
2869 4612 3059 4667 mundi
3088 4612 3533 4668 constitutionem

1970 4703 2267 4759 definitam.

2043 4798 2134 4851 51.
2166 4797 2369 4851 Memor
2392 4808 2522 4862 esto,
2553 4796 2793 4863 Domine,
2836 4796 3104 4866 opprobrii
3122 4813 3389 4852 servorum
3418 4810 3536 4850 tuo—

1974 4900 2115 4938 rum.
2161 4883 2299 4950 Quia
2338 4885 2512 4948 mihi,
2553 4884 2815 4951 Domine,
2848 4886 3293 4955 exprobrauerunt
3329 4887 3534 4941 inimici

1972 4978 2072 5039 tui,
2099 4975 2342 5033 dicentes
2370 4976 2537 5033 falsas
2573 4992 2696 5033 esse
2721 4978 3132 5048 promissiones
3156 4980 3406 5049 gentibus
3433 4981 3535 5032 da-

1971 5078 2055 5123 tas
2106 5084 2229 5139 qua:
2269 5085 2357 5124 me
2403 5073 2740 5139 spectabant.
2791 5071 2961 5126 Erant
2996 5085 3178 5127 autem
3204 5073 3311 5125 illae
3335 5069 3530 5138 hujus-

1973 5158 2155 5223 modi,
2197 5161 2342 5230 quod
2393 5160 2600 5218 scilicet
2642 5162 2870 5217 salutem
2910 5175 3284 5219 consecutura
3326 5172 3531 5223 essent,

1969 5257 2025 5303 et
2060 5249 2352 5305 liberandae
2391 5266 2423 5305 a
2457 5263 2633 5306 mor-te
2656 5260 2713 5329 φ
2734 5268 2763 5306 a
2788 5263 3028 5322 peccato.
3056 5251 3535 5323 Exprobraveruut

1971 5347 2151 5395 autem
2177 5379 2192 5405 ,
2228 5350 2457 5397 mortem
2489 5359 2663 5399 meam
2711 5346 3085 5415 reSpicientes,
3116 5353 3171 5398 et
3192 5356 3361 5396 vanas
3410 5356 3535 5396 esse

1969 5431 2367 5501 promissiones
2395 5434 2922 5495 illasdeelararunt.
2982 5434 3108 5490 Ideo
3156 5448 3290 5504 rogo
3334 5443 3424 5499 te,
3472 5445 3534 5486 ut

1970 5538 2181 5580 memor
2200 5525 2306 5589 sis;
2326 5541 2475 5594 nam,
2494 5527 2688 5597 inquit,
2704 5526 3141 5595 exprobrauerunt
3162 5524 3532 5579 commutatio-

1969 5629 2084 5670 nem
2116 5612 2316 5671 Christi
2347 5617 2443 5671 tui.
2494 5616 2855 5673 Commutatio
2903 5621 3083 5669 autem
3116 5614 3269 5687 ejus,
3320 5613 3534 5668 videtur

3053 5880 3128 5941 i3
