3946 6222
366 339 471 398 595

1211 331 1265 386 S.
1308 327 1673 386 ATHANASII
1710 325 1861 383 OPP.
1903 320 2203 380 PARSJll.
2243 350 2313 364 -·
2348 321 2760 381 EXEGETICA.

3480 322 3587 381 ,τιθῦ

369 467 490 508 esse
521 464 667 505 mors
693 457 749 504 et
780 446 1003 517 sanguis
1031 445 1233 516 ipsius,
1273 446 1365 515 qui
1411 445 1570 500 datus
1603 450 1687 498 est
1715 442 1768 496 in
1796 454 1923 511 pre-

2055 453 2112 489 ον
2138 435 2236 506 τῆς
2263 435 2355 489 τοῦ
2386 437 2587 507 κόσμου
2613 437 2882 508 σωτηρίας
2900 454 2914 468 ο
2937 435 2964 489 ὃ
2995 440 3087 490 καὶ
3113 436 3390 492 ὠνείδισαν
3412 473 3429 502 ,
3457 437 3589 493 Otto-

370 545 505 599 tium
535 554 635 612 pro
666 538 850 594 mundi
897 536 1091 592 salute.
1136 534 1419 607 Ejusmodi
1462 535 1693 604 pretium
1728 534 1803 587 illi
1828 547 1927 587 ex-

370 634 782 705 probraverunt,
837 627 1095 698 suspicati
1136 642 1261 683 eum
1315 627 1417 681 sub
1457 627 1650 681 mortis
1704 622 1930 694 imperio

370 725 557 780 fuisse.
618 721 722 777 Sed
748 735 856 774 non
889 717 1152 773 remansit
1181 718 1236 772 in
1262 732 1325 772 ea
1358 717 1454 788 qui
1500 724 1583 772 est
1618 715 1759 770 inter
1786 728 1931 767 mor-

370 825 495 870 tuos
525 813 694 877 liber“,
732 810 825 866 sed
866 809 1044 878 potius
1085 808 1240 863 tertia
1267 807 1354 862 die
1384 804 1701 863 resurrexit.
1750 802 1931 870 Quare

373 914 546 961 totum
587 904 838 971 obsignat
874 899 1141 970 psalmum
1168 899 1222 952 in
1254 899 1367 953 hac
1397 897 1559 951 verba
1589 893 1887 951 desinendo
1913 910 1927 946 :

444 995 533 1050 55.
588 992 902 1047 Benedictus
934 990 1189 1044 Dominus
1233 989 1289 1043 in
1321 997 1608 1055 reternum,
1650 987 1766 1057 ﬁat,
1808 986 1929 1056 ﬁat.

373 1085 539 1153 Quasi
565 1085 809 1140 videlicet
833 1083 921 1138 ille
944 1083 1058 1154 jam
1081 1088 1440 1138 resurrexertt
1467 1089 1520 1137 et
1547 1078 1849 1135 ascenderit
1876 1077 1929 1131 in

374 1176 563 1242 caelos,
595 1184 650 1230 et
670 1174 982 1230 benedictus
1010 1173 1208 1236 fuerit,
1240 1172 1295 1227 id
1324 1180 1443 1237 est,
1473 1168 1815 1225 confessione
1842 1183 1932 1223 ce-

379 1268 613 1323 lebratus
645 1266 808 1321 fuerit
840 1266 893 1320 in
923 1265 1119 1320 saecula
1139 1280 1261 1319 cum
1282 1262 1442 1317 Patre
1470 1278 1590 1318 suo.

515 1362 566 1415 1.
612 1359 797 1415 Oratio
830 1358 1029 1429 Moysis
1062 1357 1288 1411 hominis
1319 1355 1439 1410 Dei.
1473 1342 1788 1407 CXXX-IX.

950 1449 1348 1519 Argumentum.

376 1543 547 1611 Hanc,
590 1544 685 1606 ait,
724 1541 1028 1598 orationem
1071 1540 1127 1594 in
1154 1540 1367 1594 arcanis
1394 1536 1747 1604 descripsisse
1779 1533 1931 1606 Moy-

445 1651 573 1697 sen,
626 1644 685 1688 ut
729 1634 821 1705 qui
874 1631 1334 1702 consequentibus
1381 1630 1716 1700 temporibus
1759 1627 1930 1684 futuri

358 1756 363 1757 ί
443 1732 600 1782 erant
642 1732 897 1788 nossent,
941 1722 1217 1792 quomodo
1263 1728 1535 1791 oporteret
1559 1712 1803 1776 conﬁteri
1834 1720 1928 1775 de-

2028 528 2390 601 λαμόάνοντες
2426 529 2586 585 αὐτὸν
2618 528 2984 601 κεκρατῆσθαι
3016 529 3246 600 θανάτῳ.
3321 530 3456 583 Ἀλλ’
3488 532 3590 585 οὐκ

2029 621 2320 692 ἀπέμεινεν
2350 621 2378 673 ὁ
2405 620 2461 672 ἐν
2490 623 2699 690 νεκροῖς
2725 619 3036 691 ἐλεύθεροςο
3071 620 3270 690 ἀνέστη
3298 620 3354 674 δὲ
3391 622 3590 692 μᾶλλον

2030 713 2339 787 τριήμερος.
2371 712 2460 765 Διὸ
2489 713 2581 766 καὶ
2612 712 2989 784 ἐπισφραγίζει
3008 716 3037 768 ό
3069 712 3278 783 ψαλμὺς
3305 713 3401 767 τό⁶

2101 985 2442 1055 Εὐλογητὸς
2468 987 2677 1054 Κύριος
2708 988 2795 1053 εἰς
2831 986 2937 1040 τὸν
2963 987 3147 1041 αἰῶνα
3165 1029 3180 1054 ,
3208 988 3465 1060 γένοιτο,
3492 986 3593 1062 τέ-

2030 1093 2212 1131 roceo.
2264 1076 2348 1140 Ὡς
2372 1075 2697 1139 ἀναστάντος
2725 1076 2826 1147 ἤδη
2860 1077 3023 1130 αὐτοῦ
3054 1079 3146 1132 καὶ
3172 1080 3481 1147 ἀνελθόντος
3514 1085 3600 1148 εἰς

2027 1168 2154 1231 τοὺς
2190 1167 2468 1237 οὐρανοὺς,
2515 1167 2607 1220 καὶ
2635 1167 3047 1237 εὐλογουμένου,
3084 1170 3202 1240 ἤτοι
3247 1170 3600 1242 ἐξομολογουο

2028 1258 2193 1329 μένου
2226 1259 2307 1320 είς
2332 1258 2457 1321 τοὺς
2486 1256 2688 1319 αἰῶνας
2723 1257 2859 1328 μετὰ
2886 1258 2980 1311 τοῦ
3010 1259 3137 1313 ἰδίου
3167 1262 3398 1333 Πατρός.

2064 1345 2379 1417 Προσευχὴ
2409 1346 2704 1413 Μωῦσέως
2728 1347 3038 1419 ἀνθρώπου
3071 1350 3175 1404 τοῦ
3210 1352 3376 1407 Θεοῦ.
3414 1356 3555 1409 118'.

2654 1440 2667 1459 '
2681 1442 2987 1508 Υπόθεσις.

2029 1529 2245 1601 Ταύτην
2263 1572 2277 1597 ,
2306 1531 2469 1602 φησὶ,
2498 1530 2594 1602 τὴν
2628 1532 2931 1604 προσευχὴν
2964 1534 3020 1585 ἐν
3046 1533 3377 1604 ἀπορρήτοις
3402 1535 3598 1604 ἀναγε-

2101 1620 2346 1692 γραφότα
2372 1620 2463 1674 τὸν
2490 1620 2692 1674 Μωσὲα
2736 1621 3099 1693 παραδοῦναι·
3144 1625 3289 1687 ὅπως
3330 1623 3395 1678 ἂν
3423 1623 3599 1696 ἔχοιεν

2102 1713 2151 1765 οῖ
2181 1712 2323 1766 κατά
2353 1712 2576 1784 καιροὺς
2601 1711 2830 1777 εἰδέναι,
2866 1712 2982 1776 πῶς
3007 1713 3086 1766 δεῖ
3113 1714 3310 1778 αὐτοὺς
3349 1714 3599 1785 ἐξομολο-

445 1816 623 1885 lapses
648 1814 702 1868 in
734 1813 1090 1877 calamitates,
1118 1827 1239 1882 qua:
1264 1811 1397 1881 ipsis
1426 1811 1482 1865 in
1503 1811 1762 1866 extremis
1797 1820 1932 1865 tem-

2095 1803 2306 1873 γεῖσθαι
2336 1803 2723 1876 περιπεσόντας
2752 1806 2872 1868 ταῖς
2903 1807 3204 1878 συμφοραῖς
3223 1846 3239 1871 ,
3285 1806 3339 1860 αἳ
3369 1807 3592 1877 γεγόνα-

446 1905 669 1975 poribus
717 1903 1068 1967 acciderunt,
1114 1909 1399 1972 postquam
1443 1900 1676 1956 Domino
1718 1900 1935 1956 inobse-

445 2004 672 2066 quentes
705 1992 924 2049 fuerunt
950 1993 1212 2064 illumque
1253 1993 1587 2049 occiderunt.
1638 1990 1710 2047 Ut
1741 2007 1809 2048 ne
1833 2007 1932 2047 au-

446 2098 553 2146 tem
578 2104 673 2160 per
706 2073 966 2158 temporis
995 2087 1407 2161 diuturnitatem
1454 2086 1714 2142 oblivioni
1753 2085 1934 2142 trade-

445 2190 616 2245 retur,
647 2178 881 2235 Psalmis
909 2179 1112 2234 iuserta
1144 2177 1275 2245 fuit,
1304 2188 1357 2233 et
1370 2177 1494 2247 jure
1519 2184 1642 2248 post
1664 2176 1933 2246 psalmum

446 2271 835 2342 octogesimum
863 2279 1113 2326 octavum
1143 2270 1237 2340 qui
1266 2270 1573 2340 passionem
1612 2267 1827 2324 Domini
1860 2268 1937 2324 si-

448 2362 688 2432 gniﬁcat.

448 2453 707 2517 Domine,
755 2451 1013 2522 refugium
1050 2450 1231 2520 factus
1285 2466 1338 2503 es
1405 2450 1587 2515 nobis,
1635 2466 1669 2503 a
1725 2466 1937 2520 genera-

380 2546 515 2599 tione
541 2545 598 2599 in
625 2543 1027 2613 generationem.
1058 2540 1472 2611 .lmploraturus
1499 2540 1594 2595 Dei
1626 2541 1939 2597 misericor-

379 2634 524 2688 diam
544 2676 560 2701 ,
594 2633 717 2703 jure
743 2633 1071 2703 prooemium
1095 2631 1246 2687 ducit
1269 2646 1299 2685 a
1342 2631 1622 2687 beneﬂciis
1651 2631 1766 2703 jam
1796 2647 1937 2703 saepe

379 2725 481 2780 sibi
512 2725 740 2780 collatis.
777 2721 908 2791 Qua:
936 2731 1116 2779 autem
1138 2724 1402 2779 beneﬁcia
1430 2726 1779 2795 generatione
1807 2742 1938 2783 con-

380 2817 594 2880 tulerit,
646 2817 924 2871 advertere
961 2817 1086 2872 licet
1126 2832 1190 2872 ex
1231 2817 1299 2872 iis
1326 2833 1447 2888 quae
1487 2818 1589 2874 sub
1629 2817 1936 2885 Pharaone,

379 2922 500 2978 quo:
536 2906 638 2962 sub
670 2905 797 2962 Jcsu
819 2947 836 2976 ,
881 2916 935 2963 et
955 2922 1021 2961 ex
1051 2906 1121 2963 iis
1143 2912 1265 2978 quae
1297 2908 1355 2963 in
1382 2907 1660 2981 Babylone
1691 2912 1955 2984 contige-

378 3010 524 3053 Ῑὶυῐιῐ.

447 3089 501 3143 2.
538 3088 853 3156 Priusquam
875 3096 1074 3142 montes
1103 3087 1307 3157 ﬁerent,
1348 3097 1398 3143 et
1421 3089 1740 3159 [armaretur
1770 3083 1930 3150 terra.

379 3180 516 3248 Quia
538 3196 755 3236 carnem
784 3178 998 3235 Domini
1039 3188 1344 3249 spectantes
1363 3220 1379 3247 ,
1414 3196 1627 3236 merum
1653 3183 1930 3240 hominem
1958 3164 2001 3223 (ἶ

379 3288 499 3328 esse
523 3274 799 3342 putabant,
827 3271 1212 3341 dicebantque:
1250 3270 1490 3341 Triginta
1517 3289 1681 3327 annos
1702 3274 1932 3330 nandum

383 3361 535 3416 habes
572 3371 623 3414 et
654 3360 919 3416 Abraham
949 3361 1124 3415 vidisti
1142 3362 1186 3393 "
1213 3361 1236 3416 ?
1273 3360 1340 3416 Et
1368 3362 1472 3417 hoc
1500 3365 1735 3420 maxime
1758 3367 1934 3422 ruinae

380 3466 543 3506 causa
574 3449 676 3505 fuit
699 3451 824 3513 illis,
856 3451 1003 3520 quod
1024 3452 1338 3522 ignorarent
1364 3453 1642 3511 deitatem.
1686 3455 1934 3528 Quapro-

380 3552 499 3614 pter
541 3543 648 3613 jam
680 3542 998 3599 conﬁtentes
1027 3545 1215 3601 dicunt
1250 3561 1374 3602 eum
1403 3556 1527 3603 ante
1567 3550 1748 3604 omnia
1779 3550 1936 3620 opiﬁ-

382 3635 465 3691 cia
483 3633 628 3690 Patri
657 3635 1002 3692 coexsistere.

446 3813 500 3869 5.
535 3812 619 3869 Ne
645 3823 850 3869 avertas
888 3815 1147 3870 hominem
1174 3818 1229 3872 in
1255 3816 1627 3872 humilitatem.
1678 3818 1762 3883 Ab
1811 3818 1938 3874 hinc

380 3899 742 3958 confessionis
784 3903 1069 3960 exordium
1114 3905 1353 3964 ducitur.
1411 3905 1587 3978 Rogat
1637 3917 1820 3963 autem
1877 3916 1938 3964 ut

382 3992 599 4063 quando
640 4001 825 4065 gentes
854 4008 1043 4050 omnes
1071 3995 1138 4050 ad
1176 3996 1536 4068 cognitionem
1566 3997 1809 4055 veritatis
1839 4015 1938 4054 vo-

382 4084 543 4150 cavit,
575 4084 692 4156 ipse
716 4100 932 4157 quoque
962 4095 1328 4144 convertatur.
1363 4086 1443 4142 Tu
1482 4088 1704 4154 dixisti,
1733 4089 1933 4161 inquit,

383 4173 607 4229 Domine
636 4193 650 4229 :
681 4173 1072 4242 Convertimini,
1104 4177 1206 4246 ﬁlii
1234 4188 1579 4234 conuertentes
1600 4220 1617 4247 ,
1654 4188 1706 4235 et
1731 4181 1933 4235 sanabo

382 4266 718 4320 contritiones
746 4276 944 4321 vestras
967 4268 1032 4321 ⁵⁸.
1067 4266 1205 4335 Quia
1237 4269 1399 4339 igitur
1435 4271 1686 4327 conversi
1723 4287 1934 4338 sumus,

380 4373 451 4414 ne
469 4366 753 4415 convertas
776 4373 878 4415 nos
906 4359 963 4414 in
997 4360 1354 4417 humilitatem
1385 4377 1480 4418 seu
1506 4363 1882 4434 abjectionem.

449 4450 504 4504 4.
535 4449 801 4517 Quoniam
829 4451 972 4506 mille
998 4453 1124 4507 anni
1144 4463 1266 4509 ante
1295 4455 1472 4510 oculos
1505 4464 1622 4511 tuos
1643 4496 1657 4523 ,
1689 4456 1931 4523 Domine,

382 4551 486 4597 etc.
514 4540 750 4613 Tempus
771 4543 958 4615 legalis
989 4544 1170 4600 cultus
1200 4545 1440 4612 indicat,
1472 4562 1571 4616 per
1608 4547 1765 4616 cujus
1806 4563 1933 4619 spa-

387 4635 519 4688 tium
553 4634 803 4691 absoluto
823 4635 1061 4691 maxime
1094 4637 1293 4706 templo
1325 4635 1526 4693 ﬂoruit.
1562 4637 1609 4691 A
1631 4637 1936 4709 Salomonis

381 4726 526 4779 enim
555 4725 649 4794 qui
676 4725 897 4782 domum
928 4727 1179 4783 excitavit
1213 4737 1454 4798 tempore
1481 4728 1548 4784 ad
1579 4743 1751 4799 usque
1790 4729 1938 4786 obsi-

382 4816 634 4884 dionem,
677 4833 799 4887 quae
845 4826 967 4888 post
1006 4819 1365 4875 venerabilem
1411 4832 1629 4875 crucem
1687 4821 1933 4891 contigit,

383 4916 768 4981 computantur
811 4911 938 4965 anni
984 4910 1148 4967 mille.
1211 4911 1319 4967 Sed
1348 4910 1474 4976 isti,
1524 4909 1732 4981 inquit,
1788 4912 1936 4967 mille

381 5004 534 5067 anni,
567 5011 626 5057 ut
648 5018 756 5057 una
786 5003 902 5059 dies
930 5002 985 5057 in
1009 5011 1298 5074 conspectu
1349 5009 1445 5057 tuo
1477 5002 1783 5074 computari
1810 5018 1938 5073 pos-

383 5103 545 5159 sunt,
601 5094 713 5148 imo
760 5108 889 5148 vero
930 5093 1143 5149 modica
1171 5093 1280 5149 diei
1310 5107 1458 5165 pars.
1520 5090 1713 5147 Merito
1755 5102 1936 5149 autem

381 5187 529 5242 nocti
567 5193 873 5255 comparat,
915 5194 1125 5256 tempus
1157 5185 1466 5265 chedens
1502 5180 1801 5238 Salvatoris
1844 5184 1940 5238 ad-

382 5286 626 5344 ventum,
647 5277 864 5346 eoquod
898 5276 952 5331 in
977 5278 1213 5334 tenebris
1238 5287 1292 5333 et
1320 5278 1373 5332 iu
1405 5274 1725 5332 confusione
1748 5288 1938 5329 omnes

383 5364 632 5421 tuemines
662 5376 864 5436 essent,
891 5368 1019 5439 quia
1044 5370 1284 5425 nondum
1313 5370 1447 5440 ipsis
1466 5376 1694 5425 exortus
1713 5376 1831 5423 erat
1853 5367 1937 5422 sol

377 5453 620 5522 justitiae.

452 5713 498 5746 "
538 5712 671 5769 Luc.
705 5734 823 5787 vm,
856 5721 946 5777 57.
1013 5723 1060 5755 ⁸⁸
1090 5722 1285 5780 Jerem.
1315 5737 1396 5790 ut,
1425 5723 1511 5779 14.

2107 1913 2188 1949 σιν
2216 1896 2395 1959 αὐτοῖς
2423 1897 2509 1948 ἐπ’
2538 1894 2780 1966 ἐσχάτων
2809 1894 2915 1948 τῶν
2948 1895 3153 1967 χρόνων
3183 1897 3320 1968 μετὰ
3342 1897 3438 1969 τὴν
3459 1899 3601 1953 κατὰ

2102 1987 2196 2041 τοῦ
2218 1989 2419 2061 Κυρίου
2443 1987 2725 2043 ἀπείθειάν
2744 2004 2804 2041 τε
2829 1988 2921 2041 καὶ
2947 1988 3253 2058 μιαιφονίαν
3279 1991 3597 2062 γενομένην.

2102 2081 2286 2143 Ὅπως
2312 2080 2367 2132 δὲ
2389 2081 2462 2151 μὴ
2492 2079 2630 2154 λήθῃ
2652 2079 2927 2152 παραδοθῇ
2958 2080 3036 2152 τῷ
3061 2081 3257 2154 χρόνῳ,
3281 2082 3598 2140 ὲντέτακτάι

2105 2175 2162 2226 ἐν
2186 2174 2297 2235 τοῖς
2326 2174 2572 2243 Ψαλμοῖς
2591 2190 2603 2204 ·
2632 2173 2724 2226 καὶ
2755 2173 2977 2237 εἰκότως
3001 2173 3140 2244 μετά
3160 2174 3250 2230 τὸν
3277 2183 3389 2249 πη’,
3416 2176 3475 2243 ὃς
3504 2181 3604 2235 καὶ

2105 2262 2166 2318 τὸ
2194 2263 2363 2326 πάθος
2389 2262 2482 2317 τοῦ
2508 2263 2711 2336 Κυρίου
2740 2265 3156 2336 κατασημαίνει.

2108 2436 2314 2505 Κύριε,
2352 2433 2663 2504 καταφυγὴ
2702 2432 2991 2503 ἐγενήθης
3019 2433 3161 2504 ἡμῖν
3182 2435 3252 2489 ἐν
3287 2433 3458 2505 γενεᾷ
3501 2437 3602 2491 καὶ

2032 2523 2228 2596 γενεᾷ.
2253 2524 2474 2579 Μέλλων
2494 2522 2866 2578 ἐπικαλεῖσθαι
2886 2523 2976 2577 τὸν
2997 2524 3127 2578 Θεὸν
3154 2527 3234 2588 εἰς
3265 2524 3434 2590 ἔλεον,
3466 2526 3606 2579 εἰκό-

2035 2634 2143 2682 τως
2173 2615 2232 2682 ἐξ
2265 2609 2338 2671 ὧν
2368 2615 2467 2687 ῆδη
2500 2614 2758 2679 πολλάκις
2791 2615 3124 2688 εὐηργέτησε
3158 2618 3299 2670 ποιεῖ
3329 2616 3390 2670 τὸ
3419 2616 3604 2687 προοί-

2039 2725 2177 2780 μιον.
2210 2706 2334 2772 Πῶς
2361 2706 2419 2761 δὲ
2445 2704 2588 2762 κατά
2611 2706 2803 2777 γενεάν
2840 2707 3193 2781 εὐηργέτησε,
3218 2706 3372 2761 τοῦτο
3394 2707 3491 2761 ῖδοι
3514 2725 3602 2771 τις

2035 2798 2115 2863 εἴς
2143 2815 2202 2851 τε
2226 2797 2294 2851 τά
2324 2798 2417 2851 ἐπὶ
2443 2796 2534 2852 τοῦ
2570 2794 2768 2869 Φαραὼ
2797 2797 3106 2867 ἀποόλέψας
3174 2798 3251 2861 εἴς
3295 2814 3355 2852 τε
3393 2796 3463 2863 τά
3508 2797 3604 2851 ἐπὶ

2045 2889 2242 2960 Ἰησοῦ,
2272 2889 2350 2954 είς
2372 2906 2432 2942 τε
2460 2888 2529 2942 τά
2559 2888 2649 2943 ἐπὶ
2679 2887 3012 2953 Βαδυλῶνος.

2106 3088 2227 3157 Πρὸ
2272 3088 2377 3142 τοῦ
2421 3086 2526 3157 ὅρη
2564 3086 2919 3157 γενηθῆναι,
2961 3087 3060 3141 καὶ
3104 3088 3449 3159 πλασθῆναι
3487 3089 3605 3159 τὴν

2033 3181 2169 3251 γῆν.
2241 3181 2456 3252 Ἐπειδὴ
2504 3183 2582 3245 εἰς
2620 3182 2717 3252 τὴν
2750 3180 2927 3252 σάρκα
2973 3181 3205 3252 ὁρῶντες
3234 3181 3328 3235 τοῦ
3371 3182 3601 3254 Κυρίου,

2033 3275 2184 3345 ψιλὸν
2215 3273 2495 3345 ἄνθρωπον
2526 3272 2772 3343 ἐνόμιζον
2809 3271 3056 3342 λέγοντες
3079 3288 3092 3301 ·
3134 3273 3306 3327 Οὔπω
3330 3289 3601 3343 τριακον-

2034 3359 2245 3429 ταετὴς
2272 3359 2541 3431 γέγονας,
2569 3360 2669 3414 καὶ
2707 3360 2961 3429 Ἀϐραὰμ
2986 3360 3286 3430 ἑώρακας;
3316 3362 3426 3416 Καὶ
3449 3363 3604 3417 τοῦτο

2034 3453 2217 3516 αὐτοῖς
2247 3452 2478 3523 μάλιστα
2518 3452 2689 3506 αἴτιον
2738 3452 2836 3524 τῆς
2890 3451 3212 3518 ἐκπτώσεως
3264 3453 3451 3524 γέγονε
3474 3494 3490 3521 ,
3542 3455 3604 3509 τὸ

2035 3545 2250 3613 ἀγνοεῖν
2277 3543 2375 3615 τὴν
2395 3543 2641 3615 θεότητα.
2673 3543 2773 3597 Διά
2802 3543 2959 3599 τοῦτο
2988 3542 3083 3598 νῦν
3106 3544 3600 3617 ἐξομολογούμενοι,

2037 3635 2222 3707 σαφῶς
2252 3636 2414 3691 αὐτὸν
2443 3631 2585 3689 εἶναι
2631 3636 2845 3705 λέγουσι
2892 3635 2983 3691 τὸν
3032 3635 3137 3709 πρὸ
3164 3635 3345 3709 πάσης
3372 3638 3605 3703 κτίσεως

2038 3728 2264 3782 συνόντα
2293 3726 2372 3798 τῷ
2409 3728 2607 3800 Πατρί.

2103 3819 2202 3888 Μὴ
2276 3817 2664 3888 ἀποστρέψῃς
2725 3817 3035 3889 ἄνθρωπον
3090 3821 3176 3885 εὶς
3225 3820 3605 3874 ταπείνωσιν.

2047 3910 2322 3966 Ἐντεῦθεν
2353 3912 2388 3982 ἡ
2421 3909 2824 3981 ἐξομολόγησις.
2887 3910 3052 3975 Ἀξιοῖ
3078 3909 3136 3964 δὲ
3183 3910 3274 3979 ἀφ’
3303 3903 3379 3965 ὧν
3426 3911 3606 3965 πάντα

2034 3999 2103 4055 τά
2134 4000 2260 4072 ἔθνη
2293 4002 2380 4065 είς.
2405 4000 2699 4070 ἐπίγνωσιν
2727 4000 2984 4071 ἀληθείας
3013 4000 3272 4065 ἐκάλεσε,
3320 4002 3414 4056 καὶ
3442 4003 3604 4068 αὐτὸς

2034 4092 2455 4163 ἐπιστραφῆναι.
2492 4092 2564 4145 Σὺ
2599 4089 2776 4155 εἶπας.
2815 4090 3015 4162 φησὶν,
3045 4084 3090 4146 ὦ
3115 4090 3392 4145 Δέσποτα·
3453 4091 3607 4146 Ἐπι-

2034 4180 2350 4251 στρέψατε,
2372 4182 2489 4237 υἱοὶ
2506 4180 2985 4251 ἐπιστρέφοντες,
3003 4181 3102 4235 καὶ
3120 4180 3359 4253 ἰάσομαι
3376 4183 3448 4239 τὰ
3464 4201 3609 4240 συν»

2034 4275 2322 4345 τρίμματα
2349 4274 2533 4344 ὑμῶν.
2593 4274 2806 4345 Ἐπειδὴ
2837 4275 3016 4328 τοίνυν
3049 4274 3493 4348 ἐπεστρέψαμεν,
3527 4277 3603 4349 μὴ

2036 4364 2378 4437 ἀποστρέψῃς
2408 4367 2553 4437 ἡμᾶς
2580 4367 2659 4430 εἰς
2686 4367 3031 4421 ταπείνωσιν.

2113 4456 2240 4509 Ὅτι
2266 4458 2431 4526 χίλια
2457 4456 2560 4526 ἔτη
2588 4458 2659 4512 ἐν
2681 4456 3006 4527 ὀφθαλμοῖς
3037 4472 3186 4523 σου,
3225 4459 3421 4527 Κύριε.
3502 4458 3605 4511 Τὸν

2042 4546 2231 4617 καιρὸν
2259 4547 2356 4617 τῆς
2380 4548 2438 4599 ἐν
2467 4547 2615 4619 νόμῳ
2641 4547 2891 4619 λατρείας
2923 4549 3093 4619 φησὶ,
3136 4547 3255 4603 καθ’
3281 4548 3339 4601 ὃν
3374 4547 3606 4619 μάλιστα

2042 4637 2470 4703 ὲπιτελεσθέντος
2515 4638 2609 4692 τοῦ
2644 4639 2784 4693 θείου
2832 4640 2960 4693 ναοῦ
3002 4639 3253 4713 ῆνθησεν.
3330 4640 3460 4693 Ἀπὸ
3496 4638 3607 4710 γάρ

2042 4728 2383 4799 Σολομῶντος
2412 4728 2503 4783 τοῦ
2530 4730 2621 4784 τὸν
2645 4727 2789 4784 οἶκον
2830 4732 3138 4803 ἐγείραντος
3172 4731 3334 4803 μέχρι
3361 4730 3462 4801 τῆς
3506 4748 3603 4783 πο-

2041 4820 2284 4894 λιορκίας
2309 4822 2406 4892 τῆς
2443 4823 2582 4892 μετά
2608 4823 2701 4877 τὸν
2731 4824 2909 4895 τίμιον
2939 4824 3236 4895 γενομένης
3266 4823 3495 4895 σταυρὸν
3525 4824 3606 4887 εἰς

2039 4910 2195 4966 τοῦτο
2228 4914 2485 4967 συντείνει
2514 4914 2607 4985 ἐτη
2636 4914 2797 4986 χίλια.
2835 4915 2993 4970 Ἀλλά
3016 4914 3207 4981 ταῦτα,
3243 4916 3394 4988 φησι,
3428 4917 3499 4969 τὰ
3524 4915 3607 4986 χί-

2041 5005 2130 5056 λια
2175 5003 2269 5075 ἐτη
2310 5005 2407 5075 μία
2435 5006 2615 5078 ἡμέρα
2646 5006 2915 5078 λογισθείη
2951 5006 3177 5060 ἐνώπιόν
3222 5023 3315 5061 σου
3341 5022 3355 5038 ⁸
3406 5006 3604 5078 μᾶλλον

2047 5098 2144 5167 μὲν
2190 5093 2283 5150 οὖν
2321 5098 2513 5169 μικρὸν
2562 5099 2772 5172 ἡμέρας
2824 5100 3027 5171 μόριον.
3085 5098 3322 5162 Εἰκότως
3363 5098 3419 5151 δὲ
3452 5099 3606 5153 νυκτὶ

2044 5188 2363 5259 παρεικάζει
2389 5190 2478 5242 τὸν
2502 5190 2605 5262 πρὸ
2624 5191 2723 5261 τῆς
2752 5191 3041 5263 ἐπιδημίας
3077 5190 3170 5245 τοῦ
3207 5189 3453 5261 Σωτῆρος
3486 5207 3606 5243 και-

2049 5278 2137 5349 ρόν
2156 5297 2167 5310 ·
2196 5279 2288 5332 ἅτε
2317 5278 2391 5343 ὼς
2416 5283 2474 5333 ἐν
2523 5280 2700 5353 ἀωρίᾳ
2730 5282 2824 5335 καὶ
2854 5283 3108 5354 συγχύσει
3140 5282 3354 5337 πάντων
3384 5279 3603 5351 ἀνθρώ-

2043 5387 2161 5422 πων
2184 5370 2350 5423 ὅντων
2368 5411 2382 5435 ,
2415 5372 2500 5426 διὰ
2531 5372 2591 5427 τὸ
2622 5375 2785 5446 μήπω
2812 5374 2993 5439 αὐτοῖς
3030 5373 3302 5429 ἀνατεῖλαι
3326 5372 3420 5429 τὸν
3456 5373 3606 5445 ἥλιον

2040 5461 2137 5530 τῆς
2162 5463 2521 5535 δικαιοσύνης.
