3946 6222
327 413 422 467 397

337 625 472 678 Ὠσεὶ
499 627 834 700 σαφέστερον
865 631 1016 702 ἔλεγε
1038 651 1051 663 ·
1097 635 1175 688 Τὰ
1213 635 1306 707 ἔτη
1341 639 1518 693 αὐτῶν
1537 683 1550 701 ,
1580 642 1689 695 τῶν
1725 643 1895 715 ἀρνη-

326 717 566 787 σαμένων
615 737 675 772 σε
708 720 984 792 δηλονότι,
1033 728 1091 778 ἐν
1135 727 1471 801 ὲξουθενήσει
1519 734 1668 788 ἔσται
1701 737 1888 808 πολλῇ.

329 811 584 880 Γεγόνασι
609 813 718 886 γὰρ
748 819 1117 890 καταπὰτημα
1145 823 1238 876 καὶ
1267 825 1564 895 ἀνθρώπων
1594 831 1685 883 καὶ
1706 831 1894 902 δαιμό-

322 922 440 969 νων,
478 907 572 959 ἆτε
605 908 694 961 τὸν
719 907 1076 982 λυτρούμενον
1106 915 1199 968 καὶ
1237 917 1476 980 σώζοντα
1506 923 1700 987 αὐτοὺς
1725 925 1891 998 ἀρνη-

324 997 559 1066 σάμενοι.

388 1089 457 1142 Τὸ
486 1091 641 1158 πρωῒ
680 1092 939 1160 ἀνθῆσαι
976 1097 1076 1151 καὶ
1113 1101 1412 1168 παρέλθοι.
1458 1109 1612 1175 Πρωι
1668 1111 1765 1179 μὲν
1795 1112 1888 1165 τὸν

319 1182 498 1252 καιρὸν
531 1185 629 1256 τῆς
656 1187 952 1259 γενομένης
983 1191 1164 1256 αὐτοῖς
1196 1195 1514 1264 ἐπιφανείας
1556 1198 1791 1271 Χριστοῦ
1830 1206 1888 1257 ἐν

317 1271 388 1342 τῷ
418 1273 534 1346 ὄρει
557 1277 688 1330 Σινᾶ
714 1284 1198 1352 κατασημαίνουσι.
1227 1290 1428 1356 Χλόην
1460 1291 1514 1343 δὲ
1539 1294 1636 1362 τὴν
1661 1295 1887 1367 νομικὴν

317 1360 560 1434 λατρείαν
586 1368 752 1437 δηλοῖ,
783 1372 877 1424 ἆτε
902 1375 1096 1446 μικρὸν
1121 1376 1346 1448 ὕστερον
1375 1360 1736 1453 μαραίνεσθαι
1762 1360 1888 1459 μέλ-

316 1454 518 1508 λουσαν.
573 1459 641 1509 Τὸ
667 1458 926 1528 ἑσπέρας
970 1465 1267 1522 ἀποπέσοι
1293 1511 1306 1532 ,
1335 1477 1739 1546 σκληρυνθείη
1763 1454 1881 1533 ’καί

316 1544 646 1615 {maranti}.
684 1549 952 1623 Ἑσπέραν
976 1557 1107 1627 φησὶ
1135 1559 1224 1611 τὸν
1256 1561 1342 1613 ἐπ’
1365 1563 1609 1633 ἐσχάτων
1637 1567 1729 1620 τοῦ
1757 1569 1886 1622 αἰῶ-

313 1653 396 1698 νος
433 1638 625 1708 καιρὸν
648 1679 662 1702 ,
698 1641 818 1694 καθ’
846 1644 904 1696 ὃν
939 1647 1031 1699 καὶ
1062 1648 1330 1718 ἐπέφανεν
1375 1654 1403 1704 ὁ
1451 1655 1791 1729 Μονογενήςο
1825 1661 1885 1713 ἐν

313 1719 352 1792 ᾧ
385 1727 446 1799 δὴ
474 1730 568 1781 καὶ
599 1733 873 1803 παρῆλθεν
902 1737 935 1809 ἠ
969 1739 1066 1808 τῆς
1092 1740 1231 1794 κατὰ
1265 1743 1427 1814 νόμον
1450 1719 1884 1824 λατρεῑίαςανθη-

315 1832 409 1882 σις,
441 1820 574 1892 σκλη
587 1824 838 1893 ρυνθείσα
863 1828 1045 1901 ἀπάτῃ
1077 1832 1172 1902 τῆς
1202 1834 1500 1901 ἀπειθείας.

1363 425 1721 484 ΕΧΡΟΞΙΊΊΟ
1761 429 1826 484 ΙΝ
1864 432 2187 488 PSALMUM
2229 435 2511 492 LXXXlX.

396 535 469 588 Τὰ
497 533 948 608 ἐξουδεηὸματα
978 540 1173 596 αὐτῶν
1204 543 1306 613 ἐτη
1339 546 1582 603 ἔσονται
1613 550 1681 603 τὸ
1723 555 1890 620 πρωΐ.
1920 562 1967 619 Α

3463 457 3568 512 ’598

2064 556 2116 612 5.
2159 558 2291 622 Quae
2333 576 2430 628 pro
2482 560 2649 614 niltito
2694 560 2972 631 habentur,
3023 581 3203 620 eorum
3247 572 3374 626 anni
3416 587 3566 627 erunt

1995 660 2163 699 mane.
2201 646 2365 711 Quasi
2416 649 2656 716 apertius
2698 651 2899 707 diceret
2932 671 2946 708 :
2975 655 3119 710 Anni
3162 673 3350 713 eorum
3391 665 3484 732 qui
3517 675 3568 718 te

1993 736 2433 806 abnegaverunt,
2480 743 2534 794 in
2599 752 2966 813 contemptum
3019 762 3271 817 magnum
3325 754 3561 808 venient.

1994 823 2233 880 Fuerunt
2277 829 2420 882 enim
2467 830 2521 884 in
2564 834 3030 892 conculcationem
3070 848 3125 894 et
3155 841 3468 898 hominibus
3511 858 3565 900 et

1991 918 2349 987 daemonibus,
2383 931 2568 991 utpote
2600 925 2694 995 qui
2727 943 2850 981 eum
2882 930 2975 998 qui
3009 931 3156 1000 ipsos
3194 936 3484 993 redimeret
3508 950 3562 994 ct

1991 1011 2170 1065 salvos
2205 1011 2402 1068 faceret
2435 1017 2838 1088 abnegavcrint.

2059 1103 2112 1156 6.
2157 1103 2313 1159 Mane
2336 1107 2522 1173 ﬂoreat
2546 1119 2594 1161 et
2620 1120 2872 1166 transeat.
2901 1112 3004 1168 Per
3037 1131 3244 1180 vocem,
3276 1135 3449 1186 mane,
3481 1123 3558 1177 si—

1989 1194 2247 1261 gnilit-ant
2304 1207 2514 1266 tempus
2569 1217 2676 1270 quo
2732 1206 2982 1272 apparuit
3034 1207 3141 1262 illis
3202 1209 3465 1268 Dominus
3501 1215 3554 1268 in

1989 1291 2173 1337 monte
2198 1286 2348 1340 Sina.
2375 1287 2553 1342 Herba
2576 1301 2755 1346 autem
2781 1294 3050 1362 signiﬁcat
3071 1297 3294 1364 legalem
3323 1301 3552 1369 cultum,

1989 1383 2174 1444 utpote
2225 1378 2316 1445 qui
2375 1379 2517 1434 haud
2567 1384 2734 1437 multo
2785 1393 3176 1453 postaresccre
3202 1390 3413 1447 debeat.
3451 1389 3551 1448 Ve-

1986 1477 2129 1532 spere
2179 1466 2407 1535 decidat,
2448 1472 2656 1526 induret
2698 1484 2747 1527 et
2800 1488 3045 1530 arescat:
3073 1495 3351 1550 vesperam
3397 1497 3554 1540 vocat

1987 1567 2200 1629 tempus
2254 1561 2308 1614 in
2356 1561 2461 1616 ﬁne
2484 1567 2666 1620 saeculi
2697 1565 2963 1645 futurum,
2997 1586 3106 1640 quo
3138 1575 3387 1643 apparuit
3417 1573 3552 1631 Uni-

1983 1648 2196 1717 genitus
2222 1665 2237 1702 :
2268 1651 2321 1703 in
2347 1667 2456 1722 quo
2480 1657 2791 1722 pertransiit
2816 1657 2917 1714 ﬂos
2945 1659 3132 1730 legalis
3163 1663 3363 1728 cultus,
3397 1664 3550 1720 falla-

1984 1740 2066 1794 cia
2096 1740 2522 1814 inobsequentiaa
2553 1747 2856 1804 induratus.

381 1913 498 1965 Ὅτι
548 1914 906 1986 ὲξελίπομεν
960 1921 1030 1974 ἐν
1085 1923 1161 1993 τῇ
1193 1927 1338 1997 ὀργῇ
1370 1944 1503 2012 σου.
1558 1933 1752 2003 Σαφῶς
1783 1935 1874 2000 τὰς

2051 1935 2103 1988 7.
2147 1936 2287 2002 Quia
2308 1941 2592 2009 defecimus
2623 1944 2677 1998 in
2705 1946 2787 1998 ira
2818 1956 2928 2002 tua.
2961 1947 3162 2020 Aperte
3195 1964 3421 2010 narrant
3460 1970 3554 2012 ca-

310 2003 683 2074 ἐπενεχθείσας
728 2011 910 2074 αὐτοῖς
955 2015 1237 2085 συμφορὰς
1280 2009 1464 2072 antea
1495 2021 1600 2077 ἴδια
1633 2027 1880 2101 ἁμαρτή-

311 2111 447 2164 ματα
473 2096 865 2170 διαγορεύουσι.
898 2105 1007 2157 Καὶ
1041 2107 1313 2174 Ἰουδαίοις
1335 2113 1505 2166 ταῦτα
1525 2155 1537 2177 ,
1585 2117 1675 2170 καὶ
1715 2123 1878 2175 πᾶσιν

307 2185 610 2258 ἀνθρώποις
637 2191 888 2262 ἁρμόδια.
920 2196 1027 2249 Καὶ
1051 2198 1159 2270 γὰρ
1182 2200 1289 2252 τῶν
1311 2202 1611 2274 ἀνθρώπων
1635 2211 1666 2280 ἡ
1695 2212 1875 2282 φύσις,

307 2281 641 2350 παρανομίας
669 2283 888 2338 τίνουσα
914 2287 1087 2354 δίκας,
1111 2290 1389 2365 ὑπεῶήοη
1411 2300 1529 2362 ταῖς
1552 2281 1874 2375 συμφοραῖς,

306 2370 394 2421 καὶ
421 2374 547 2434 ταῖς
580 2375 948 2442 παντοδαπαῖς
981 2382 1365 2454 περικλύζεται
1398 2392 1733 2460 τρικυμίαις.
1768 2397 1877 2450 Καὶ

315 2461 573 2528 Ἰουδαῖοι,
609 2465 697 2519 διὰ
718 2467 815 2539 τὴν
850 2472 1111 2544 πονηρίαν
1142 2476 1241 2546 τῆς
1269 2477 1513 2552 γνώμης,
1542 2483 1642 2554 τῆς
1667 2487 1878 2543 ἐλευθε-

305 2549 421 2618 ρίας
455 2552 734 2617 ἐξέπεσον.

351 2642 548 2706 ,Ἕθου
577 2645 682 2710 τὰς
699 2646 947 2716 ἀνομίας
970 2650 1138 2719 ἡμῶν
1165 2653 1441 2710 ἐναντιον
1466 2675 1601 2715 σου.
1629 2663 1703 2715 Οὐ
1736 2682 1876 2738 παρ-

299 2729 488 2799 ῆλθες,
521 2739 674 2803 φησὶ,
704 2737 801 2800 τὰς
826 2739 1054 2810 ἀνομίας
1080 2743 1112 2812 ἡ
1123 2743 1258 2813 μῶν,
1319 2745 1411 2799 ἅτε
1439 2749 1593 2820 ἡμῶν
1622 2729 1876 2809 ἐπικαλε-

304 2823 548 2892 σαμένων
574 2827 744 2893 αὐτὰς
773 2831 856 2893 είς
881 2831 979 2895 τὰς
1001 2834 1207 2890 ἑαυτῶν
1232 2839 1472 2909 κεφαλὰς
1491 2884 1504 2907 ,
1529 2844 1618 2897 διὰ
1641 2847 1702 2899 τὸ
1723 2849 1875 2920 εἰρη-

299 2913 476 2967 κέναιο
518 2916 588 2969 Τὸ
617 2913 759 2987 αἷμα
790 2922 976 2977 αὐτοῦ
1001 2925 1092 2993 ἐφ’
1123 2927 1280 2996 ἡμᾶς
1309 2931 1407 2985 καί
1435 2933 1533 2986 ἐπὶ
1583 2936 1655 2988 τὰ
1692 2913 1875 2992 τέκνα

299 3005 481 3075 ἡμῶν.
541 3009 602 3062 '0
626 3010 771 3064 αἰὼν
792 3012 958 3082 ἡμῶν
982 3019 1069 3083 εἰς
1087 3022 1392 3090 φωτισμὸν
1415 3026 1521 3079 τοῦ
1549 3028 1872 3095 προσώπου

297 3108 427 3154 σου.
508 3101 654 3154 Ὦσεὶ
698 3103 915 3172 ἔλεγεν·
960 3108 1018 3161 '0
1051 3109 1164 3179 βίος
1194 3113 1352 3183 ἡμῶν
1399 3118 1491 3170 καὶ
1524 3119 1580 3172 αἱ
1633 3122 1691 3173 ἐν
1724 3121 1873 3194 αὐτῷ

295 3193 520 3264 πράξεις
547 3199 779 3269 πονηραὶ
807 3200 1081 3269 φαίνονται
1120 3204 1196 3275 τῷ
1221 3207 1497 3280 προσώπῳ
1527 3228 1641 3268 σου.
1709 3215 1872 3270 Οὐδὲν
1898 3250 1939 3309 C

295 3285 394 3309 --λλ
438 3288 598 3309 .ι--.1η
621 3307 676 3309 -μ
700 3308 709 3309 κ
773 3292 800 3303 ε’
881 3293 894 3309 ο
973 3295 985 3309 ο
1042 3297 1064 3309 ε-
1407 3302 1418 3309 .
1582 3305 1594 3309 -
1650 3305 1663 3309 -
1706 3307 1715 3309 -

295 3285 398 3358 γὰρ
437 3288 712 3360 ἠγνόησας
733 3292 839 3345 τῶν
877 3293 936 3346 ὲν
962 3295 1092 3366 ἡμῖν
1129 3302 1528 3371 πεπραγμένων
1571 3305 1664 3358 ἀπ’
1693 3307 1866 3380 ἀρχῆς

297 3376 455 3449 μέχρι
486 3378 694 3443 τέλους.
1649 3455 1665 3475 ⁸

363 3468 490 3520 Ὅτι
520 3467 711 3522 πᾶσαι
738 3473 799 3524 αἱ
819 3471 1030 3541 ἡμέραι
1056 3474 1225 3544 ἡμῶν
1246 3477 1548 3546 ἐξέλιπον,
1567 3467 1665 3537 καί
1696 3485 1766 3537 έν
1792 3485 1870 3556 τῇ

295 3556 437 3628 ὁρτῇ
480 3575 598 3614 σου
634 3560 1011 3633 ἐξελίπομεν.
1071 3565 1135 3620 Ἡ
1160 3569 1432 3641 ἁμαρτία,
1459 3573 1589 3645 φησὶ
1607 3613 1623 3639 ,
1647 3575 1743 3648 τὴν
1771 3577 1869 3648 σὴν

292 3649 456 3721 ὀργὴν
489 3651 710 3723 ἐκίνησε
758 3655 880 3707 καθ’
910 3657 1066 3727 ἡμῶν
1089 3674 1104 3688 ο
1153 3660 1186 3731 ἡ
1217 3661 1273 3714 δὲ
1301 3661 1437 3734 ὀργὴ
1477 3664 1575 3737 τὴν
1600 3668 1868 3742 τιμωρίαν

292 3742 569 3814 ἐπήγαγεν
593 3761 608 3775 ο
647 3748 679 3814 ἡ
696 3745 761 3828 *δὲ
782 3751 1020 3821 τιμωρία
1043 3751 1141 3816 τὰς
1165 3753 1352 3819 ὀδύνας
1392 3757 1712 3828 ἐπήνεγκεν.
1777 3761 1868 3816 Ἐν

290 3833 498 3900 ὀδύναις
527 3840 634 3908 γὰρ
670 3825 764 3890 τὸν
795 3839 971 3909 ὀλίγον
1002 3843 1158 3914 ἡμῶν
1193 3825 1582 3920 διετελέσαμεν*
1603 3850 1735 3921 βίον.
1791 3855 1869 3909 Τὰ

288 3927 386 3990 ἐτη
421 3926 594 3997 ἡμῶν
626 3929 766 3984 ὡσεί
796 3931 1028 4002 ἀράχνῃ
1061 3935 1374 4004 ἐμελέτων.
1434 3940 1598 3994 Οὐδὲν
1629 3941 1864 4012 βέϐαιον,

290 4019 469 4088 φησὶν,
497 4019 620 4072 οὐδὲ
647 4023 966 4096 στατηρὸνή
1001 4025 1312 4101 ἀνθρωπεία
1339 4031 1496 4100 φύσις
1528 4032 1671 4104 ,ιεχειο
1712 4035 1866 4108 δίκην

288 4110 533 4182 ἀράχνης
562 4111 856 4168 διασπᾶται
896 4118 1115 4188 ῥᾳδίως.

353 4204 426 4256 Δί
451 4201 666 4271 ἡμέραι
685 4201 804 4257 τῶν
827 4205 978 4260 ἑτῶν
998 4208 1166 4276 ἡμῶν
1187 4210 1259 4263 ἐν
1277 4211 1482 4280 αὐτοῖς
1509 4214 1867 4285 ἐϐδομήκον-

285 4307 354 4345 τα
376 4291 510 4362 ἐτη.
581 4294 763 4348 Ἐοικε
796 4295 968 4352 ταῦτα
990 4301 1104 4364 τοῖς
1135 4300 1239 4354 ὑπὸ
1263 4302 1358 4356 τοῦ
1387 4307 1724 4378 πατριάρχου
1758 4310 1862 4362 Ἰα-

286 4381 398 4436 κὼὸ
438 4385 751 4455 εἰρημένοις
771 4404 785 4418 ’
820 4391 892 4443 Al
917 4388 1129 4459 ἡμέραι
1149 4410 1268 4460 μου
1295 4396 1498 4464 μικραὶ
1547 4398 1648 4452 καὶ
1679 4416 1866 4470 πονη-

279 4475 375 4544 ραὶ
394 4477 509 4529 οὐκ
529 4477 803 4545 ἔφθασαν
821 4482 907 4547 εὶς
928 4480 1032 4547 τὰς
1055 4482 1279 4551 ἡμέρας
1298 4485 1417 4539 τῶν
1436 4488 1704 4556 πατέρων
1718 4508 1859 4560 μου.

1981 2027 2251 2086 lamitales
2296 2031 2426 2102 ipsis
2469 2035 2538 2089 ob
2582 2037 2799 2106 propria
2837 2051 3058 2107 peccata
3106 2041 3305 2100 illatas.
3337 2044 3406 2100 Et
3435 2046 3551 2104 haec

1981 2135 2103 2175 cum
2143 2120 2363 2189 Judaeis,
2393 2135 2504 2179 tum
2549 2128 2802 2183 omnibus
2842 2130 3154 2189 hominibus
3194 2138 3545 2192 conveniunt.

1981 2209 2272 2267 Hominum
2329 2218 2528 2286 quippe
2575 2229 2787 2286 natura,
2832 2235 3021 2290 poenas
3069 2225 3205 2281 dans
3247 2228 3550 2299 iniquitatis

1979 2315 2110 2364 suae,
2145 2303 2547 2361 calamitatibus
2570 2309 2815 2378 subjecta
2841 2318 2925 2366 est
2951 2322 3006 2366 et
3025 2314 3343 2373 decumanis
3367 2318 3548 2376 ﬂucti-

1978 2391 2080 2447 bus
2112 2392 2460 2465 demergitur.
2490 2397 2660 2453 Judaei
2691 2415 2814 2456 vero
2859 2403 2930 2458 ob
2976 2407 3172 2461 mentis
3205 2410 3545 2473 malitiarum

1978 2479 2224 2538 libertate
2257 2484 2392 2553 lapsi
2418 2495 2566 2542 sunt.

2045 2679 2098 2734 8.
2142 2677 2376 2738 Posuisti
2425 2685 2729 2757 iniquitates
2785 2703 2992 2750 nostras
3041 2697 3096 2751 in
3123 2711 3398 2770 conspectu
3431 2712 3544 2763 tuo.

1975 2765 2092 2825 Non
2146 2777 2582 2847 praetermisisti,
2634 2781 2850 2854 inquit,
2911 2765 3542 2858 iniquitates-nostras,

1974 2860 2172 2931 quippe
2198 2878 2321 2918 cum
2359 2883 2459 2923 nos
2502 2870 2603 2940 ipsi
2633 2887 2728 2928 eas
2755 2875 2807 2928 in
2834 2877 3009 2947 capita
3037 2889 3223 2936 nostra
3253 2899 3544 2942 revocave-

1973 2949 2166 3016 rimus,
2202 2955 2329 3024 quia
2365 2957 2642 3015 diximus:
2675 2961 2901 3036 Sanguis
2927 2968 3039 3038 ejus
3066 2987 3219 3040 super
3252 2991 3345 3028 nos
3373 2987 3421 3029 et
3453 2994 3544 3031 su-

1971 3055 2064 3109 per
2109 3043 2250 3112 ﬁlios
2292 3051 2574 3106 nostros”.
2609 3051 2874 3110 Saeculum
2907 3073 3142 3115 nostrum
3181 3065 3234 3116 in
3265 3066 3542 3121 illumina-

1975 3133 2111 3188 tione
2141 3137 2315 3190 vultus
2351 3140 2449 3193 tui.
2479 3141 2558 3196 Ac
2590 3143 2634 3198 si
2666 3145 2870 3201 diceret
2903 3147 3065 3205 :Vita
3103 3160 3290 3208 nostra
3325 3163 3380 3210 et
3417 3155 3538 3225 ejus

1973 3239 2158 3293 opera,
2177 3228 2319 3282 mala
2353 3230 2604 3287 videntur
2632 3235 2688 3289 in
2721 3249 3013 3308 conspectu
3036 3251 3150 3296 tuo.
3169 3243 3316 3300 Nihil
3337 3249 3538 3319 quippe

1971 3313 2188 3384 ignoras
2235 3335 2422 3375 eorum
2458 3339 2580 3393 quae
2624 3325 2678 3379 in
2730 3329 2889 3385 nobis
2933 3341 3051 3388 acta
3105 3347 3233 3390 sunt
3271 3337 3341 3392 ab
3379 3338 3537 3395 initio

1971 3423 2146 3478 usque
2169 3411 2237 3466 ad
2269 3413 2452 3468 linem.

2039 3501 2092 3556 9.
2136 3502 2400 3569 Quoniam
2421 3524 2595 3562 omnes
2622 3509 2731 3564 dies
2755 3517 2924 3567 nostri
2955 3515 3278 3585 defecerunt.
3305 3530 3356 3574 et
3377 3522 3431 3575 in
3454 3523 3538 3577 ira

1971 3600 2063 3648 tua
2087 3595 2392 3666 defecimus.
2425 3598 2736 3671 Peccatum,
2772 3603 2970 3675 inquit,
3005 3608 3141 3663 iram
3174 3619 3322 3667 tuam
3347 3614 3540 3669 adver-

1967 3700 2088 3740 sum
2139 3703 2241 3744 nos
2293 3692 2620 3760 concitavit;
2663 3694 2744 3748 ira
2789 3710 2918 3751 vero
2965 3701 3287 3769 supplicium
3321 3705 3535 3775 intulit;

1968 3778 2291 3847 supplicium
2352 3782 2570 3838 dolores
2617 3784 2850 3839 induxit.
2886 3787 2947 3840 In
2999 3787 3284 3848 doloribus
3334 3797 3536 3865 quippe

1967 3869 2240 3924 modicum
2280 3872 2404 3928 vita:
2452 3882 2655 3930 nostrae
2702 3884 2914 3946 tempus
2961 3883 3348 3952 transegimus.
3393 3887 3537 3942 Anni

1967 3961 2134 4013 nostri
2166 3962 2303 4016 sicut
2327 3980 2522 4018 aranea
2552 3966 2961 4023 meditabantur.
2993 3968 3138 4026 Nihil
3171 3973 3412 4039 ﬁrmum,
3448 3977 3538 4032 iu—

1965 4053 2105 4123 quit,
2136 4054 2271 4108 nihil
2299 4056 2491 4112 stabile
2518 4068 2724 4113 natura:
2748 4069 2948 4116 nostra
2975 4063 3120 4119 inest
3150 4082 3166 4119 :
3202 4065 3376 4122 instar
3411 4083 3538 4126 ara-

1965 4158 2081 4198 neae
2110 4145 2264 4200 facile
2292 4146 2634 4218 discerpitur.

2035 4237 2121 4290 10.
2162 4237 2286 4293 Dies
2331 4257 2590 4295 annorum
2634 4254 2930 4299 nostrorum
2954 4247 3013 4301 in
3040 4248 3170 4319 ipsis
3203 4253 3534 4324 septuaginta

1965 4331 2114 4395 anni,
2145 4337 2250 4386 etc.
2283 4329 2474 4387 lsthtec
2501 4333 2701 4389 similia
2736 4345 2864 4390 sunt
2899 4335 2967 4393 iis
2989 4354 3110 4408 quae
3132 4339 3268 4396 dixit
3302 4347 3535 4412 patriar-

1964 4418 2066 4474 cha
2098 4417 2264 4475 Jacob
2294 4443 2308 4474 :
2341 4421 2467 4476 Dies
2501 4425 2600 4478 mei
2623 4427 2779 4494 pauci
2808 4436 2854 4479 et
2887 4429 3036 4495 mali,
3075 4447 3177 4484 non
3197 4448 3532 4500 pervenerunt

1963 4509 2032 4560 ad
2070 4510 2180 4564 dies
2225 4524 2437 4580 patrum
2482 4517 2796 4570 meorum“.
2833 4516 2972 4573 Sunt
3017 4520 3202 4592 itaque
3249 4525 3342 4595 qui
3393 4527 3531 4582 ultra

284 4563 402 4616 Είτὶ
435 4563 537 4634 μὲν
561 4561 655 4618 οὖν
679 4568 728 4620 οἳ
761 4569 855 4622 καὶ
887 4570 1106 4624 πλείονα
1134 4572 1228 4624 τοῦ
1274 4573 1561 4644 εἰρημένου
1594 4579 1862 4632 διαϐιοῦσι

284 4655 500 4685 “Junius-
534 4656 648 4685 ινιθ
678 4661 848 4685 Lua..-
879 4662 964 4685 :_9
1004 4662 1050 4685 ιη
1068 4662 1195 4685 ι---η.
1232 4665 1368 4685 ,ηηρ
1414 4668 1426 4685 1
1561 4667 1624 4685 πῃ
1666 4670 1706 4685 ..ι

2781 4561 2796 4570 .
2834 4561 2972 4573 νυ...
3017 4561 3202 4592 ...μνη
3250 4561 3342 4595 ιι...
3394 4561 3531 4582 unua

1980 4602 2280 4668 praedictum
2313 4615 2525 4674 tempus
2553 4607 2717 4661 vitam
2761 4610 3087 4678 extrahunt;
3134 4613 3228 4668 sed
3264 4615 3317 4668 id
3346 4619 3532 4685 paucis

283 4655 500 4724 χρόνον·
533 4656 648 4709 ἀλλ’
677 4661 851 4712 ἐκεῖνο
876 4662 964 4713 ἐπ’
1001 4662 1196 4732 ὀλίγων
1225 4665 1526 4736 συμϐαίνει.
1561 4667 1636 4722 Τὸ
1661 4670 1718 4722 δὲ
1745 4688 1861 4724 κοιο

281 4747 366 4801 νὺν
390 4748 492 4802 καὶ
519 4748 597 4812 ὡς
620 4751 714 4802 ἐπὶ
737 4751 844 4806 τῶν
872 4753 1139 4809 πλείστων
1183 4756 1418 4826 κρατοῦν
1458 4760 1689 4814 ἐνταῦθα
1719 4762 1862 4816 διδά-

283 4855 419 4895 σκει.
461 4841 677 4913 Ὥσπερ
697 4844 806 4916 γὰρ
825 4845 934 4898 τῶν
959 4847 1205 4918 πρόωρον
1228 4848 1529 4921 δεχομένων
1560 4852 1658 4924 τὴν
1680 4854 1862 4908 τελευ-

278 4932 374 5003 τὴν
396 4933 499 4986 οὐκ
529 4935 824 5006 ἐποιήσατο
845 4940 1066 5010 μνήμην
1083 4978 1097 5005 ,
1129 4941 1270 4994 οὕτω
1298 4960 1405 4995 των
1428 4944 1634 5015 σφόδρα
1675 4947 1862 5017 γερόνο

277 5042 381 5079 των
402 5026 484 5097 τῷ
515 5029 803 5100 μακροϐίῳ
829 5031 1237 5086 καταλέλοιπεν.
1309 5032 1442 5087 Ἀλλ’
1469 5036 1617 5104 ὅμως
1638 5077 1652 5102 ,
1702 5040 1855 5108 φησὶ,

276 5119 424 5172 καὶὸ
455 5119 662 5191 βραχὺς
691 5115 846 5186 οὗτος
889 5124 1079 5195 χρόνος
1117 5125 1310 5198 ὀδύνης
1347 5128 1441 5182 καὶ
1485 5129 1659 5184 πόνων
1689 5130 1860 5201 ἐμπέ-

276 5212 536 5282 πλησται.
579 5215 706 5268 Ὅτι
741 5215 968 5284 ἐπῆλθε
1002 5219 1264 5286 πραότης
1287 5220 1379 5288 ἐφ’
1401 5218 1576 5288 ἡμᾶς,
1606 5220 1704 5272 καὶ
1731 5236 1862 5274 παι-

273 5305 708 5376 δευθησόμεθα.
756 5309 972 5381 Ἐπειδὴ
1000 5312 1190 5381 νεκρός
1214 5329 1297 5376 τις
1324 5312 1416 5364 καὶ
1447 5311 1667 5383 εὐτελὴς
1689 5315 1716 5365 ὁ
1748 5312 1859 5383 βίος

273 5395 452 5465 ἡμῶν,
486 5397 582 5450 καὶ
610 5399 673 5450 οὐ
700 5397 1042 5471 γινώσκομεν
1063 5401 1117 5453 τί
1153 5401 1304 5455 ἔσται
1343 5403 1472 5472 ἡμῖν
1513 5402 1649 5472 μετά
1686 5403 1860 5458 ταῦτα

275 5487 380 5542 ἀπὸ
409 5489 504 5542 τοῦ
538 5491 779 5562 κράτους
821 5507 946 5544 σουο
1005 5492 1192 5548 τούτου
1229 5493 1387 5564 χάριν
1443 5493 1667 5564 πράως,
1704 5496 1857 5566 φησὶ,

277 5579 563 5638 παίδευσον
592 5585 766 5654 ἡμᾶς.
799 5584 874 5637 Τὸ
895 5585 1025 5656 γὰρ,
1060 5587 1357 5654 ἐπῆλθεν,
1383 5586 1512 5638 ἀντὶ
1547 5585 1642 5639 τοῦ
1667 5626 1681 5651 ,
1710 5588 1862 5641 ἐπέλ-

345 5859 392 5892 ⁸⁹
428 5860 624 5918 }latth.
657 5875 832 5928 nvu,
861 5861 950 5916 25.
1003 5864 1073 5938 _°°
1113 5865 1246 5920 Gen.
1283 5881 1448 5936 mu,
1487 5867 1534 5921 9.

1963 4693 2249 4764 contingit.
2268 4695 2368 4750 Hic
2394 4707 2572 4750 autem
2600 4697 2874 4768 signiﬁcat
2896 4701 3042 4770 quod
3071 4703 3233 4774 vulgo
3257 4707 3456 4774 evenit,
3479 4719 3528 4764 et

1963 4781 2015 4835 in
2056 4781 2304 4852 pluribus
2347 4787 2660 4858 contingere
2703 4789 2857 4846 solet.
2889 4789 3352 4857 Quemadmodum
3382 4803 3528 4855 enim

1962 4874 2291 4930 mentionem
2340 4893 2448 4932 non
2502 4878 2632 4933 fecit
2667 4896 2857 4936 eorum
2886 4884 2978 4954 qui
3001 4897 3325 4954 praematura
3357 4903 3528 4946 morte

1958 4966 2253 5032 tolluntur,
2287 4969 2366 5025 sic
2398 4985 2494 5025 eos
2525 4972 2618 5041 qui
2650 4974 2714 5028 ad
2744 4983 3040 5030 extremam
3072 4990 3404 5037 senectutem
3430 4998 3526 5037 ve-

1959 5057 2135 5122 niunt,
2178 5068 2360 5128 utpote
2387 5064 2703 5133 grandaevos
2738 5070 3103 5136 praetermisit.
3129 5073 3406 5135 Attamen,
3438 5075 3524 5126 in-

1958 5150 2095 5219 quit,
2128 5153 2386 5220 perbreve
2409 5155 2540 5210 illud
2560 5164 2800 5227 tempus,
2827 5161 3035 5218 doloris
3059 5169 3112 5217 et
3133 5163 3378 5218 laborum
3412 5165 3522 5233 ple.

1959 5257 2088 5295 num
2123 5253 2222 5298 est.
2253 5243 2517 5308 Quoniam
2549 5253 2840 5316 supervenit
2865 5254 3227 5319 mansuetudo,
3271 5263 3321 5308 et
3363 5260 3512 5311 corri-

1958 5334 2180 5400 piemur.
2214 5333 2481 5401 Quoniam
2517 5355 2616 5395 ceu
2645 5353 2856 5399 mortua
2889 5356 2942 5400 et
2970 5345 3261 5399 admodum
3291 5346 3413 5402 vilis
3441 5359 3519 5402 est

1958 5425 2068 5479 vita
2100 5436 2306 5494 nostra,
2348 5441 2400 5484 et
2444 5430 2759 5501 ignoramus
2801 5436 2930 5506 quid
2969 5436 3124 5490 nobis
3157 5445 3282 5505 post
3315 5438 3430 5494 haec
3459 5443 3520 5496 ab

1960 5519 2188 5588 imperio
2237 5528 2330 5576 tuo
2375 5521 2619 5580 futurum
2652 5527 2758 5594 sit;
2810 5527 2950 5592 ideo,
2981 5527 3178 5597 inquit.
3209 5545 3332 5584 cum
3369 5547 3493 5585 man

1960 5615 2246 5672 suetudine
2287 5617 2501 5688 corripe
2532 5633 2652 5674 nos.
2699 5617 2834 5673 Nam
2872 5619 3023 5687 illud,
3065 5626 3378 5691 supervenit,
3406 5639 3518 5693 pro
