3946 6222
368 208 475 264 405

1209 203 1265 258 S.
1307 203 1680 258 ATllA‘NASll
1720 203 1869 258 OPP.
1901 204 2083 260 PARS
2124 204 2213 261 Ill.
2255 236 2324 247 ——
2363 204 2776 264 EXEGETICA.

3499 206 3607 262 4(ξό

437 326 527 381 15.
551 322 722 395 Super
764 323 999 395 aspidem
1026 332 1077 377 et
1124 324 1431 378 basiliscum
1457 324 1776 380 ambulabis.
1811 324 1927 379 Non

2116 326 2238 381 Ἐπὶ
2260 326 2489 382 ἀσπίδα
2513 327 2611 382 καὶ
2643 326 3015 392 ,ϐασιλίσκον
3030 323 3312 395 ἐπιδήσῃ.
3343 323 3421 379 Οὐ
3444 324 3603 396 μόνον

367 416 565 480 solum,
593 415 790 486 inquit.
826 430 860 468 o
911 416 1077 469 homo
1136 411 1253 476 Dei,
1310 414 1449 469 nihil
1491 416 1619 469 mali
1672 415 1930 486 patieris;

366 509 462 564 sed
483 507 647 562 etiam
673 509 848 577 ipsam
878 507 1167 577 spirituum
1201 507 1598 562 multitudinem
1645 508 1713 564 ad
1773 509 1934 577 pedes

365 614 489 658 tuos
513 600 776 670 dejectam
806 599 1034 667 videbis,
1077 600 1152 654 ita
1179 609 1239 653 ut
1264 615 1388 654 cum
1425 601 1575 655 omni
1604 600 1932 659 conﬁdentia

361 708 552 749 eorum
592 693 771 764 capita
803 692 1002 748 calces.

434 786 523 840 14.
549 784 814 852 Quoniam
849 786 905 839 in
934 793 1015 839 me
1034 786 1261 856 speravit
1291 786 1526 842 {iberabo
1565 787 1931 846 eum.Inducit

362 894 652 949 personam
685 878 778 935 Dei
813 878 1217 949 promittentem
1255 880 1536 949 praemium
1568 881 1715 949 ﬁdei,
1742 883 1933 939 videli-

363 983 449 1029 cet
474 973 726 1029 salutem.
770 972 895 1029 Haec
943 973 1165 1029 demum
1223 975 1300 1028 ait
1360 977 1738 1032 universorum
1763 975 1927 1044 Deus,

359 1065 562 1121 docens
592 1065 778 1135 quisit
831 1065 943 1136 spei
986 1066 1217 1122 fructus.
1276 1064 1542 1124 Liberabo
1585 1069 1729 1124 enim
1778 1084 1925 1137 eum,

358 1155 556 1225 inquit,
587 1173 654 1211 ex
678 1157 956 1226 praedictis
984 1174 1107 1214 cum
1143 1159 1447 1215 visibilibus
1495 1168 1610 1216 tum
1642 1162 1929 1217 invisibili-

356 1249 460 1304 bus
504 1248 935 1315 insidiatoribus,
990 1265 1115 1305 eum
1172 1266 1268 1322 spe
1321 1251 1569 1318 vallabo;
1619 1253 1924 1309 custodiam

356 1356 504 1406 eum,
536 1341 845 1412 loquentem
891 1342 1110 1398 audiam
1162 1352 1218 1399 et
1267 1344 1716 1413 supplicationem
1775 1347 1924 1402 exci-

353 1431 822 1503 piam.’Protegam
844 1450 987 1499 eum,
1005 1434 1252 1504 quoniam
1273 1435 1509 1504 cognovit
1526 1451 1710 1490 nomen
1729 1453 1920 1492 meum.

351 1518 473 1573 Non
517 1519 694 1575 solum
739 1521 809 1574 ab
854 1522 1270 1578 insidiatoribus
1311 1538 1465 1580 meos
1501 1524 1765 1594 liberabo,
1828 1527 1923 1583 sed

351 1610 516 1664 etiam
545 1609 999 1669 interminabilem
1022 1613 1156 1683 ipsis
1179 1614 1345 1669 vitam
1376 1616 1693 1683 concedam,
1724 1627 1779 1675 et
1798 1634 1921 1676 meo

2034 420 2208 484 οὐδὲν,
2227 422 2410 493 φησιν,
2443 422 2733 492 ὑπομενεῖς
2754 420 2945 484 δεινὸν,
2977 414 3022 473 ὦ
3041 418 3293 492 ἄνθρωπε
3321 417 3418 472 τοῦ
3444 418 3602 487 Θεοῦ,

2036 510 2169 567 ἀλλὰ
2198 512 2292 566 καὶ
2320 510 2458 566 αὐτὰ
2495 512 2601 566 τῶν
2650 512 2973 584 πνευμάτων
3007 510 3077 565 τὰ
3119 508 3298 582 πλήθη
3330 509 3435 563 ὑπὸ
3473 510 3603 574 τοὺς

2035 602 2202 666 πόδας
2236 602 2367 666 ἴδοις
2406 602 2815 675 ὲπενηνεγμένα
2862 603 2988 665 τοὺς
3018 601 3175 665 σούς·
3214 600 3290 665 ὡς
3317 601 3412 655 καὶ
3462 601 3602 671 μετὰ

2033 694 2216 765 πάσης
2243 694 2430 759 ἀδείας
2452 694 2552 759 τὰς
2582 694 2761 750 αὐτῶν
2779 695 3039 764 πατήσεις
3059 692 3321 763 κεφαλάς.

2103 788 2230 841 Ὀτι
2245 788 2337 841 ἐπ’
2354 787 2459 857 ἐμὲ
2475 788 2717 857 ἤλπισε,
2733 789 2831 844 καὶ
2844 789 3104 858 ῥύσομαι
3124 787 3326 843 αὐτόν.
3342 785 3598 859 Εἰσφέρει

2028 879 2090 934 τὸ
2110 880 2205 935 τοῦ
2232 880 2366 934 Θεοῦ
2391 881 2700 953 πρόσωπον,
2726 879 2915 952 μισθὸν
2942 880 3045 950 τῆς
3081 877 3314 942 πίστεως
3343 878 3441 950 τὴν
3482 894 3591 931 σω-

2026 973 2224 1043 τηρίαν
2270 972 2751 1044 ἐπαγγελλόμενον.
2782 973 2964 1028 Ταῦτα
3006 971 3192 1027 λοιπὸν
3226 973 3255 1025 6
3296 971 3406 1025 τῶν
3452 970 3590 1025 ὅλων

2027 1065 2130 1138 ἔφη
2168 1064 2319 1129 Θεὸς,
2357 1065 2618 1120 διδάσκων
2642 1066 2726 1129 τίς
2750 1066 2778 1117 6
2825 1066 2922 1137 τῆς
2955 1063 3167 1129 ἐλπίδος
3196 1063 3425 1136 καρπός.
3467 1062 3593 1117 Ῥύο

2026 1172 2188 1227 σομαι
2213 1156 2319 1229 γὰρ
2345 1156 2528 1221 αὐτὸν,
2551 1157 2733 1228 φησὶν,
2751 1160 2817 1211 ἐκ
2844 1156 3272 1228 τῶνείρημένων
3301 1154 3514 1229 ὁρατῶν
3527 1169 3592 1210 τε

2025 1246 2118 1301 καὶ
2142 1246 2387 1319 ἀοράτων
2418 1247 2734 1314 ἐπιϐούλων,
2768 1250 2834 1319 τῇ
2868 1248 2973 1320 ἐμῇ
2995 1247 3170 1302 ἐλπίδι
3218 1246 3593 1320 φραξάμενος·

2023 1336 2110 1392 διὰ
2124 1337 2280 1391 τοῦτο
2305 1336 2469 1392 αὐτὸν
2493 1339 2807 1410 φρουρήσω,
2837 1339 2932 1392 καὶ
2953 1335 3244 1402 καλοῦντος
3267 1338 3593 1409 ἀκούσομαι,

2024 1431 2118 1483 καὶ
2142 1429 2240 1502 τὴν
2261 1429 2442 1502 δέησιν
2469 1428 2711 1502 δέξομαι.
2742 1430 3036 1484 iacendum
3061 1429 3283 1494 αὐτὸν»,
3313 1428 3403 1483 ὅτι
3440 1429 3595 1499 ἔγνω

2022 1518 2090 1573 τὸ
2114 1517 2302 1588 ὄνομά
2319 1537 2458 1589 μου.
2487 1519 2562 1572 Οὐ
2593 1519 2774 1591 μόνον,
2807 1518 2964 1591 φησὶ,
3000 1517 3596 1595 τῶν-ἐπιϐουλευόντων

2021 1611 2147 1673 τοὺς
2170 1609 2408 1682 ἐμαυτοῦ
2435 1609 2688 1682 ῥύσομαι,
2710 1610 2848 1665 ἀλλὰ
2868 1611 2978 1682 γὰρ
3001 1609 3096 1664 καὶ
3113 1611 3215 1682 τὴν
3239 1610 3593 1683 ἀτελεύτητον

324 1702 584 1777 ,δοιιιιοιὶ
613 1704 807 1776 dignos
832 1706 1181 1764 liabebo.Est
1200 1717 1382 1764 autem
1411 1709 1649 1766 salutare
1674 1721 1921 1769 nostrum

2032 1699 2202 1763 ιὺτοίς
2224 1699 2520 1771 χαρίσομαι
2551 1699 2694 1772 ζωήν
2716 1714 2731 1729 ·
2766 1701 2863 1755 καὶ
2907 1699 3014 1772 μὴν
3057 1699 3149 1754 καὶ
3187 1698 3280 1754 τοῦ
3322 1700 3589 1771 σωτηρίου

350 1793 509 1851 Jesus
538 1795 808 1865 Christus,
828 1799 922 1868 qui
948 1814 1049 1856 nos
1072 1801 1140 1856 ad
1162 1817 1365 1859 novum
1395 1812 1669 1860 certamen
1689 1805 1916 1876 inducit,

347 1894 401 1940 et
430 1885 590 1941 eﬁicit
619 1897 679 1944 ut
709 1905 833 1945 cum
864 1891 957 1947 illo
991 1907 1301 1969 regnemus.

422 2070 507 2125 15.
534 2070 803 2127 Clamabit
854 2073 924 2128 ad
966 2090 1048 2129 me
1077 2085 1127 2131 et
1169 2093 1262 2149 ego
1300 2078 1602 2135 exaudiam.
1630 2079 1765 2136 Cum
1800 2096 1913 2137 ma-

343 2178 451 2233 gna
477 2165 676 2220 mentis
705 2180 836 2222 voce
856 2167 1173 2225 clamaverit
1216 2170 1283 2225 ad
1321 2186 1432 2236 me,
1480 2187 1568 2228 me
1617 2173 1915 2230 exaudieno

344 2265 454 2311 tem
514 2266 569 2310 et
622 2269 951 2314 annuentem
1015 2259 1118 2331 ipsi
1186 2262 1438 2333 reperiet.
1492 2262 1716 2335 Semper
1765 2266 1911 2321 enim

343 2351 536 2405 adsum
563 2350 662 2414 illi,
695 2352 749 2406 in
781 2354 975 2422 quavis
1001 2354 1293 2411 occasione
1321 2366 1590 2413 versetur.

415 2442 503 2496 16.
537 2441 888 2514 Lougitudine
909 2446 1116 2502 dierum
1144 2449 1349 2519 replebo
1372 2466 1511 2518 eum,
1563 2461 1613 2506 et
1641 2454 1913 2507 ostendam

341 2531 423 2586 illi
445 2533 682 2588 salutare
718 2551 904 2592 meum.
955 2535 1207 2593 Salutare
1264 2539 1396 2596 illud
1434 2551 1518 2598 est
1564 2543 1681 2613 ipse
1730 2542 1915 2599 Domi-

340 2640 445 2678 nus
480 2632 664 2679 noster
683 2623 842 2682 Jesus
868 2626 1143 2693 Christus,
1177 2632 1271 2700 qui
1323 2647 1422 2688 nos
1482 2633 1536 2687 in
1580 2649 1781 2690 novum
1814 2650 1915 2691 sa:-

339 2713 522 2767 culum
588 2714 835 2781 induxit,
889 2724 946 2771 et
996 2717 1176 2774 eﬁ'ecit
1231 2729 1291 2774 ut
1358 2735 1483 2776 cum
1556 2721 1649 2778 illo
1719 2740 1915 2796 regna-

400 2819 539 2858 mus.

400 2819 413 2855 l
473 2819 487 2855 ι
526 2845 539 2858 .

338 2817 397 2946 ﬂ;
412 2818 798 2951 ιοῗςέιωιυε
820 2896 1014 2951 cantici
1046 2897 1222 2952 David
1256 2901 1313 2953 in
1342 2900 1427 2954 die
1454 2899 1695 2958 Sabbati.
1724 2900 1876 2960 XCI.

915 3049 1318 3119 Argumentum.

337 3131 739 3202 Sabbatismus,
788 3138 904 3195 sive
963 3138 1285 3208 Sabbatum,
1315 3142 1531 3199 videtur
1578 3161 1701 3202 esse
1728 3146 1910 3204 futura

407 3227 718 3290 haereditas.
767 3233 898 3301 quia
957 3232 1175 3292 labores
1250 3235 1479 3307 hujusce
1529 3239 1653 3295 vitae
1695 3240 1912 3311 requies

401 3323 673 3393 excipiet,
725 3325 886 3381 nobis
968 3328 1192 3396 praemia
1249 3339 1435 3385 nostra
1496 3331 1908 3404 accipientibus.

402 3412 615 3469 Laudat
641 3415 805 3485 igitur
839 3415 1075 3473 futuram
1116 3419 1263 3474 illam
1304 3422 1571 3492 requiem.

401 3572 456 3627 2.
484 3572 695 3629 Bonum
718 3583 795 3629 est
826 3576 1068 3645 conﬁteri
1119 3574 1363 3634 Domino.
1391 3577 1605 3637 Laudes
1634 3584 1908 3663 enuntiat,

329 3675 383 3721 et
414 3667 483 3722 iis
521 3668 865 3725 celebrandis
888 3669 977 3726 die
1035 3681 1302 3744 nocteque
1352 3675 1725 3732 indesinenter
1747 3694 1909 3734 vaca-

328 3769 511 3816 turum
542 3775 600 3816 se
650 3762 940 3832 promittit,
985 3780 1085 3834 pro
1145 3767 1310 3835 gestis
1343 3769 1552 3825 scilicet
1606 3768 1902 3839 Unigeniti.

1935 3059 1984 3122 C

2021 1788 2341 1856 καταξιώσω
2372 1790 2466 1845 τοῦ
2500 1789 2760 1861 ἐμαυτοῦ.
2807 1790 2908 1862 Είη
2953 1790 3009 1844 δὲ
3057 1789 3120 1844 τὸ
3149 1791 3412 1863 σωτήριον
3435 1790 3592 1863 ἡμῶν

2030 1882 2237 1955 Ἰησοῦς
2295 1883 2530 1955 Χριστὸς
2554 1924 2569 1948 ,
2625 1884 2655 1936 6
2691 1884 2787 1938 καὶ
2820 1886 2901 1948 εἰς
2943 1884 3035 1938 τὸν
3066 1883 3185 1938 νέον
3226 1885 3373 1956 ἡμᾶς
3404 1883 3592 1953 ἀγῶνα

2016 1975 2272 2045 εἰσάγων,
2299 1977 2396 2031 καὶ
2425 1976 2843 2049 συμϐασιλεύειν
2864 1976 3012 2049 αὐτῷ
3035 1975 3490 2049 παρασκευάζων.

2085 2066 2444 2136 Κεκράξεται
2469 2069 2618 2138 πρὸς
2644 2068 2745 2140 μὲ,
2778 2070 2879 2124 καὶ
2904 2071 3336 2141 ἐπακούσομαι.
3368 2073 3582 2145 Κεκρα·

2013 2156 2126 2228 γὼς
2151 2160 2207 2213 δέ
2245 2162 2312 2231 τῇ
2363 2160 2463 2233 τῆς
2492 2160 2669 2234 ψυχῆς
2704 2161 3081 2235 μεγαλοφωνίᾳ
3112 2163 3250 2234 πρὸς
3307 2164 3444 2235 ἐμὲ,
3489 2165 3592 2217 ὲπ-

2013 2251 2280 2307 ακούοντά
2301 2270 2388 2325 με,
2419 2254 2514 2308 καὶ
2549 2255 2862 2310 ἐπινεύοντα
2896 2256 3043 2326 αὐτῷ
3065 2259 3307 2330 εὑρήσει.
3338 2257 3449 2312 ’Δεὶ
3473 2257 3586 2331 γὰρ

2012 2344 2161 2415 αὐτῷ
2191 2345 2441 2417 πάρειμι,
2470 2345 2573 2403 κᾶν
2595 2350 2654 2401 ἐν
2683 2350 3001 2421 περιστάσει
3026 2351 3287 2423 τυγχάνῃ.

2078 2439 2430 2506 Μακρότητα
2456 2439 2689 2509 ἡμερῶν
2712 2441 3002 2510 ἐμπλήσω
3024 2441 3231 2507 αὐτὸν,
3261 2443 3359 2496 καὶ
3406 2442 3585 2510 δείξω

2011 2525 2171 2593 αὐτῷ
2199 2525 2265 2580 τὸ
2293 2526 2588 2596 σωτήριόν
2618 2547 2757 2599 μου.
2800 2532 2898 2603 Εῐη
2948 2530 3005 2584 δὲ
3037 2529 3195 2585 τοῦτο
3226 2531 3287 2585 τὸ
3320 2532 3588 2604 σωτήριον

2011 2615 2172 2680 αὐτὸς
2208 2616 2239 2669 6
2290 2616 2496 2690 Κύριος
2532 2618 2689 2689 ἡμῶν
2736 2619 2939 2692 Ἰησοῦς
2987 2622 3016 2673 6
3042 2620 3291 2694 Χριστὸς,
3323 2623 3351 2674 6
3385 2622 3479 2674 καὶ
3504 2623 3589 2686 είς

2012 2708 2103 2765 τὸν
2139 2707 2259 2763 νέον
2301 2706 2449 2780 ἡμᾶς
2477 2708 2647 2763 αἰῶνα
2669 2711 2995 2782 εἰσαγαγὼν,
3027 2713 3123 2767 καὶ
3164 2711 3585 2784 συμϐασιλεῦσαι

2012 2798 2159 2871 αὐτῷ
2183 2800 2278 2855 καὶ
2305 2802 2758 2872 παρασκευάζων.

2232 2894 2537 2948 ΨΑΛΜΟΣ
2563 2894 2723 2968 ᾠδῆς
2739 2966 2747 2968 _
2765 2899 2853 2963 είς
2883 2895 3000 2965 τὴν
3020 2898 3249 2968 ἡμέραν
3269 2896 3372 2951 τοῦ

2558 2966 2877 3021 Σαϐϐάτου.
2924 2969 3037 3034 1.,Αο.

2654 3058 2979 3125 Ύπόθεσις.

2029 3151 2087 3203 Ὀ
2116 3149 2491 3221 Σαϐϐατισμὸς
2513 3190 2529 3217 ,
2564 3150 2683 3221 ἦτοι
2706 3149 2769 3204 τὸ
2801 3151 3077 3205 Σάϐϐατον
3097 3193 3112 3218 ,
3148 3151 3233 3224 εἴη
3279 3151 3345 3206 ἂν
3371 3153 3406 3224 ἠ
3456 3152 3586 3224 μέλ-

2082 3241 2245 3295 λουσα
2275 3240 2629 3314 κληρονομία,
2663 3243 2745 3296 ὅτι
2772 3243 2866 3297 καὶ
2907 3244 3209 3307 ἀνάπαυσις
3238 3245 3365 3307 τοὺς
3392 3243 3583 3301 ἐνθάδε

2080 3334 2275 3399 πόνους
2319 3334 2649 3402 διαδέξεται,
2700 3335 2800 3400 τὰς
2843 3335 3073 3407 ἀμοιϐὰς
3130 3337 3289 3409 ἡμῶν
3337 3337 3580 3409 δηλονότι

2080 3422 2525 3495 ἀποληψομένων.
2553 3426 2705 3478 Αἰνεῖ
2723 3420 2816 3479 οὖν
2838 3427 3053 3498 ἐκείνην
3081 3425 3181 3499 τὴν
3211 3428 3580 3501 γενησομένην

2078 3515 2403 3571 ἀνάπαυσιν.

2090 3604 2330 3675 Ἀγαθὸν
2365 3604 2433 3659 τὸ
2477 3605 2965 3677 ἐξομολογεῖσθαι
2994 3607 3077 3675 τῷ
3118 3609 3331 3678 Κυρίῳ.
3365 3608 3580 3664 Δῐνεσιν

2010 3694 2395 3764 προϐάλλεται,
2420 3680 2573 3767 φησὶ,
2601 3697 2695 3751 καὶ
2712 3696 2917 3769 ταύτην
2945 3697 3156 3772 ἡμέρας
3174 3716 3233 3752 τε
3261 3700 3355 3753 καὶ
3384 3699 3582 3762 νυκτὸς

2006 3784 2300 3850 ἀπαύστως
2330 3786 2667 3857 ὑπισχνεῖται
2705 3788 3027 3859 καταλέγειν
3052 3790 3138 3861 ἐφ’
3166 3784 3247 3855 οἷς
3281 3791 3580 3863 πεποίηκεν

326 3851 534 3923 Ecquid
567 3852 693 3909 fecit
720 3855 867 3910 aliud
897 3871 1059 3927 quam
1083 3859 1228 3929 quod
1260 3861 1718 3919 resurrectionem
1748 3866 1907 3922 nobis

2032 3898 2035 3921 ι
2084 3876 2411 3948 Μονογενής.
2453 3851 2563 3931 Καὶ
2587 3877 2641 3930 τί
2687 3851 2985 3951 πεποίηκεν
3039 3851 3241 3952 ἢ’τὴνν
3280 3851 3577 3935 ἀνάστασιν

324 3939 571 4007 paravit?

398 4029 451 4081 5.
482 4029 565 4083 Ad
611 4034 1037 4089 annuntiandum
1087 4049 1238 4092 mane
1285 4041 1703 4096 misericordiam
1733 4053 1899 4102 tuam.

325 4117 409 4173 Ad
437 4124 872 4180 annuntiandum
935 4124 1175 4183 diluculo
1238 4130 1669 4189 misericordiam
1726 4143 1901 4202 tuam,

324 4220 379 4263 et
412 4209 722 4268 ﬁrmitatem
753 4225 902 4272 tuam
937 4220 987 4272 in
1013 4230 1169 4275 nocte

393 4301 449 4357 4.
477 4300 545 4356 In
574 4303 901 4362 decachordo
933 4310 1207 4378 psalterio,
1226 4330 1342 4367 cum
1368 4316 1573 4371 cantico
1596 4318 1652 4372 in
1667 4317 1894 4376 cithara.

1880 4011 1890 4020 .
2006 3968 2136 4037 ἡμῖν
2160 3966 2567 4039 παρεσκεύασεν
2585 3986 2600 4033 ;

2079 4057 2189 4112 Τοῦ
2216 4057 2613 4129 ἀναγγέλλων
2636 4058 2702 4112 τὸ
2732 4060 2882 4127 πρωῒ
2910 4058 2976 4114 τὸ
3005 4060 3178 4127 ἔλεός
3198 4076 3336 4116 σου.
3366 4062 3570 4131 Ἀπαγ-

2001 4147 2211 4215 γέλλειν
2246 4149 2365 4203 κατ’
2393 4147 2585 4221 ὄρθρον
2612 4147 2673 4202 τὸ
2700 4148 2847 4213 ἔλεός
2868 4167 2982 4215 σου,
3010 4151 3104 4205 καὶ
3124 4152 3222 4222 τὴν
3248 4150 3574 4225 βεϐαιότητά

2003 4253 2096 4293 σου
2120 4237 2259 4292 κατὰ
2298 4235 2485 4293 νύκτα.

2085 4329 2187 4384 Ἐν
2213 4327 2555 4399 δεκαχόρδῳ
2583 4330 2912 4400 ψαλτηρίφ,
2924 4331 3053 4399 μετ’
3077 4329 3318 4401 ᾠδῆς-ὲν
3340 4330 3568 4400 κιθάρᾳ.

325 4391 732 4495 Decachordum
770 4400 1086 4468 psalterium
1136 4405 1268 4460 dicit
1299 4422 1522 4478 corpus,
1562 4410 1704 4480 quod
1733 4410 1897 4468 habet

2032 4422 2333 4494 texdxop6ov
2360 4391 2668 4495 ’ᾀᾷλτῆρῖον
2718 4391 2800 4476 abw
2822 4391 2982 4494 σῶμά
3014 4391 3227 4495 φησιν,
3253 4424 3349 4478 ἅτε
3409 4391 3571 4477 πέντε

322 4483 567 4554 quinque
605 4502 822 4556 sensus,
885 4500 940 4546 et
992 4495 1234 4565 quinque
1283 4497 1480 4553 anima:
1514 4501 1890 4570 operationes;

320 4590 419 4644 per
450 4576 694 4649 singulos
730 4581 991 4639 nimirum
1033 4600 1227 4641 sensus
1278 4588 1505 4660 singulae
1547 4600 1672 4646 sunt
1698 4593 1894 4647 animae

319 4671 683 4739 operationes.

391 4761 444 4815 5.
478 4762 617 4828 Quia
679 4764 954 4822 delectasti
1006 4786 1104 4836 me,
1147 4769 1389 4837 Domine,
1428 4773 1486 4827 in
1533 4775 1744 4844 factura
1776 4784 1888 4833 tua.

314 4848 558 4907 Cernens
582 4861 669 4908 tua
695 4856 907 4925 Opiﬁcia
929 4868 983 4914 et
1005 4859 1330 4918 ineﬁ‘abilem
1350 4864 1713 4920 oeconomiam
1739 4874 1886 4921 tuam

313 4943 529 4999 exsulto
553 4955 606 4999 et
646 4949 857 5018 gaudeo
878 4993 893 5016 ,
952 4962 1118 5023 atque
1142 4970 1209 5009 ex
1244 4956 1442 5013 mentis
1464 4958 1737 5029 voluptate
1787 4961 1890 5015 lin-

311 5051 473 5104 guam
504 5037 570 5093 ad
602 5039 833 5111 hymnos
866 5047 1140 5101 canendos
1176 5063 1386 5105 moveo.

382 5129 435 5181 ϐ.
453 5129 626 5196 Quam
651 5135 993 5204 magniﬁcam
1014 5144 1138 5192 Sunt
1174 5156 1333 5206 opera
1359 5153 1472 5211 tua,
1488 5143 1728 5212 Domine,
1742 5159 1842 5204 etc.
1867 5148 1885 5204 ι·

310 5217 427 5289 Ego
450 5222 693 5290 quidem,
709 5226 807 5290 ait,
827 5242 988 5296 opera
1021 5240 1109 5285 tua
1135 5232 1436 5301 celebrans,
1459 5237 1881 5306 profunditatem

311 5311 704 5379 cogitationum
736 5327 951 5373 tuarum
986 5337 1333 5394 summopere
1380 5328 1569 5392 miror,
1613 5331 1802 5386 videns
1818 5347 1879 5385 ea

309 5416 431 5470 qum
459 5404 514 5459 in
546 5411 751 5464 mundo
785 5410 982 5468 fecisti.
1016 5413 1121 5469 Sed
1157 5416 1479 5487 insipientes
1514 5436 1623 5475 non
1678 5423 1878 5480 intellio

309 5507 443 5561 guns
486 5498 905 5564 profunditatem
944 5507 1209 5577 mysterii.

379 5583 433 5639 7.
454 5584 544 5639 Vir
567 5589 814 5660 insipiens
855 5614 959 5651 non
988 5609 1279 5671 cognoscet,
1334 5615 1437 5658 etc.
1476 5602 1653 5660 Variis
1702 5608 1878 5663 modis

304 5671 408 5730 hoc
435 5679 703 5751 enuntiat,
746 5690 1007 5756 quoniam
1064 5693 1157 5765 qui
1205 5705 1383 5753 mente
1410 5707 1643 5769 aegrotus
1693 5712 1776 5757 est
1822 5708 1874 5758 et

1998 4514 2277 4586 αἰσθήσεις
2306 4513 2427 4584 ἔχον
2455 4514 2550 4568 καὶ
2572 4515 2731 4567 πέντε
2762 4516 3041 4588 ἐνεργείας
3084 4515 3262 4586 ψυχῆς
3284 4555 3298 4578 ,
3335 4516 3404 4569 δι’
3435 4516 3570 4569 ἐκά-

1998 4621 2132 4676 στης
2151 4605 2454 4677 αἰσθήσεως
2481 4606 2770 4677 γινομένης
2793 4606 3072 4678 ἐνεργείας
3097 4609 3352 4680 ἑκάστης.

2064 4791 2184 4843 Ὅτι
2215 4789 2520 4860 εὔφρανὰς
2544 4808 2641 4860 με,
2675 4794 2872 4860 Κύριε,
2907 4794 2977 4847 ἐν
3005 4794 3085 4860 τῷ
3115 4793 3398 4866 ποιήματι
3428 4812 3566 4851 σου.

2005 4880 2175 4953 Ὁρῶν
2206 4883 2314 4953 γάρ
2350 4899 2443 4935 σου
2482 4881 2583 4947 τὰς
2618 4884 2979 4957 δημιουργίας
3019 4887 3113 4940 καὶ
3150 4887 3251 4952 τὰς
3293 4889 3570 4961 άρῤήτους

1972 4977 2298 5046 ¹οἰκονομίας
2330 4976 2634 5048 ἁγάλλομαί
2682 4995 2742 5030 τε
2771 4979 2866 5032 καὶ
2908 4980 3184 5052 γάνυμαι,
3233 4982 3326 5036 καὶ
3355 4984 3425 5054 τῇ
3464 4982 3571 5054 τῆς

1987 5065 2165 5137 ψυχῆς
2195 5066 2350 5138 ἡδονῇ
2383 5065 2482 5138 τὴν
2508 5067 2755 5137 γλῶτταν
2786 5071 2865 5132 εἰς
2889 5070 3159 5142 ὑμνῳδίαν
3194 5072 3351 5126 κινῶ.

2070 5158 2166 5222 Ὠς
2191 5158 2564 5227 ἐμεγαλύνθη
2596 5159 2668 5212 τὰ
2693 5160 2837 5230 ἔργα
2863 5177 3000 5226 σου,
3024 5163 3235 5231 Κύριε]
3268 5161 3409 5233 Ἐγὼ
3441 5163 3562 5235 μὲν,

1986 5247 2139 5317 φησί,
2178 5247 2245 5302 τὰ
2295 5248 2362 5301 σὰ
2415 5250 2550 5321 ἔργα
2595 5250 2872 5321 ἀνυμνῶν,
2902 5253 2996 5306 καί
3030 5251 3093 5306 τδ
3120 5253 3282 5323 βάθος
3306 5254 3414 5308 τῶν
3456 5254 3565 5309 σῶν

1985 5338 2256 5409 λογισμῶν
2286 5340 2680 5412 ἐκπλήττομαι,
2712 5334 2870 5407 ὧν,ἐν
2896 5346 2961 5415 τῇ
2989 5344 3270 5416 οἰκονομίᾳ
3297 5347 3559 5415 εἰργάσω.

1997 5430 2135 5489 Ἀλλ’
2164 5434 2212 5484 οἱ
2242 5432 2472 5510 ἄρρονες
2494 5432 2554 5485 οὐ
2584 5432 2797 5489 συνιᾶσι
2822 5432 2916 5487 τοῦ
2945 5434 3244 5505 μυστηρίου
3273 5435 3335 5488 τὸ
3371 5435 3555 5507 βάθος.

2065 5614 2235 5683 Ἀνὴρ
2259 5614 2462 5684 ἄφρων
2484 5619 2555 5670 οὺ
2586 5617 2895 5685 γνώσεται.
2941 5621 3228 5691 Διαφόρως
3263 5623 3439 5679 ταῦτα
3478 5626 3560 5679 εἶ-

1984 5721 2167 5777 ρηκεν,
2202 5706 2282 5762 ὅτι
2310 5709 2339 5761 6
2360 5707 2457 5773 τὰς
2480 5708 2682 5780 φρένας
2709 5711 2878 5766 νοσῶν
2910 5712 3003 5767 καὶ
3030 5712 3301 5781 συνέσεως
3353 5714 3561 5790 ἔρημος
