3946 6222
323 271 425 326 ιηδ

1434 266 1787 323 EXPOSlTlO
1826 266 1892 321 IN
1929 264 2261 323 PSALMUM
2298 264 2457 322 XCII.

3447 265 3552 325 I00

319 387 524 442 τούτων
582 386 733 440 οὐδὲν
782 384 1058 454 γινώσκει,
1097 383 1218 438 οὔτε
1271 387 1375 457 μὴν
1424 385 1715 440 ἀκούσεται
1759 390 1887 457 7:591

2023 384 2345 455 ntelligentia
2378 396 2603 447 vacuus,
2632 380 2765 435 nihil
2810 381 3006 436 horum
3052 380 3347 451 cognoscit,
3376 396 3550 451 neque

322 477 544 533 τούτων.

405 567 508 622 Ἔν
559 566 641 631 τῷ
682 563 986 619 ἀνατεῖλαι
1037 564 1420 633 ἁμαρτωλοὺς
1458 562 1603 617 ὡσεὶ
1650 563 1885 632 χόρτον.

328 660 385 712 0i
411 658 486 728 μὴ
510 656 800 721 συνιέντες,
850 657 982 725 φησὶ
1006 697 1021 721 ,
1055 656 1114 708 τὸ
1151 656 1449 727 μυστήριον
1495 655 1651 727 δίκην
1695 654 1888 725 χόρτου

325 747 554 809 ἔσονται,
589 745 663 817 μὴ
691 744 904 817 ἔχοντες
932 747 990 800 τὸ
1007 745 1168 816 βάθος
1190 746 1406 817 δηλαδὴ,
1431 746 1525 800 καὶ
1554 746 1762 817 ταχέως
1789 762 1889 798 πε-

327 838 541 891 σοῦνται
574 839 666 890 καὶ
695 836 1141 908 ξηρανθήσονται.

392 928 501 982 Καὶ
532 928 916 997 ὑψωθήσεται
935 931 1014 993 ὡς
1027 925 1433 997 μποκέρωτος
1465 926 1529 981 τό
1562 930 1739 996 κέρας
1746 945 1888 997 μου.

327 1019 513 1083 Ὅταν,
560 1020 745 1091 φησὶν,
781 1020 1106 1074 ἀπολοῦνται
1139 1023 1187 1074 oi
1219 1020 1403 1091 ἐχθροὶ
1444 1021 1536 1074 καὶ
1578 1020 1893 1092 διασκορπι-

328 1110 632 1181 σθήσονται,
666 1112 787 1165 τότε
816 1112 881 1182 δὴ
912 1114 1030 1168 τότε
1063 1112 1124 1164 τὸ
1147 1112 1276 1183 ἐμὸν
1302 1112 1488 1183 κέρας,
1528 1111 1802 1166 τουτέστιν
1855 1115 1888 1183 ἠ

327 1202 613 1273 βασιλείαή
634 1203 1031 1274 ἡτοιμασμένη,
1052 1203 1352 1275 περιφανὴς
1371 1205 1677 1275 γενήσεται.
1706 1204 1891 1275 Ἡμεῖς

325 1295 377 1350 δὲ
406 1297 456 1349 oi
489 1296 589 1367 τὴν
640 1296 742 1369 σήν
777 1298 1069 1366 ἐπίγνωσιν
1108 1297 1340 1368 ἔχοντες,
1394 1298 1494 1369 τὴν
1543 1296 1650 1350 τῶν
1683 1296 1893 1369 ἐχθρῶν

327 1404 419 1442 σου
449 1388 747 1443 κατάλυσιν
780 1388 1135 1459 θεασάμενοι,
1178 1389 1546 1462 γαυριάσομεν
1573 1392 1664 1443 ἐπὶ
1690 1391 1771 1444 σοὶ
1800 1390 1894 1443 καὶ

329 1477 469 1550 μέγα
525 1481 866 1552 φρονήσομεν
890 1497 903 1511 ·
962 1480 1057 1535 ἀτε
1112 1481 1176 1552 δὴ
1227 1483 1328 1553 τῆς
1376 1481 1636 1536 πολυθέου
1687 1482 1895 1550 πλάνης

324 1569 752 1641 ἀπηλλαγμένοι,
783 1570 877 1625 καί
907 1587 968 1625 σε
1003 1571 1095 1625 τὸν
1128 1572 1255 1626 ὅντα
1284 1572 1712 1645 προσκυνοῦντες
1741 1572 1891 1626 Θεόν.

326 1661 432 1716 Τὸν
460 1661 574 1734 γὰρ
604 1663 910 1734 μονόκερων
940 1662 1171 1718 ἐνταῦθα
1204 1663 1363 1718 πάλιν
1402 1666 1754 1737 παρήγαγεν,
1809 1664 1895 1717 ἵνα

325 1751 411 1806 διά
449 1752 545 1806 τοῦ
597 1753 713 1818 ἑνὸς
766 1754 993 1826 κέρατος
1040 1756 1131 1809 τὸν
1175 1754 1270 1808 ἕνα
1326 1755 1696 1829 παραδηλώσῃ
1739 1755 1892 1809 Θεόν.
1924 1738 1967 1792 Β

329 1845 540 1916 ’Ὠσπερ
571 1843 682 1916 γὰρ
707 1847 883 1900 ἐκεῖνο
926 1846 985 1899 τὸ
1027 1843 1165 1911 ζῶον
1193 1846 1253 1900 ἓν
1284 1845 1443 1899 ἔλαϐε
1489 1845 1639 1929 παρά
1666 1847 1764 1918 τῆς
1795 1845 1893 1914 φύ-

327 1949 462 1999 εως
510 1934 680 2007 κέρας
708 1952 722 1966 ·
763 1934 907 1989 οὕτω
952 1936 1051 2007 τῆς
1081 1936 1358 2002 εὑσεόείας
1390 1937 1439 1990 οί
1459 1936 1712 2008 τρόφιμοι
1766 1937 1895 2007 μίαν

329 2025 765 2096 προσκυνήσουσι
782 2024 1029 2095 θεότητα.
1052 2024 1165 2079 Καὶ
1189 2026 1253 2079 τὸ
1276 2025 1466 2096 γῆράς
1479 2043 1599 2095 μου
1623 2027 1692 2080 ἐν
1718 2026 1897 2093 ἐλαίῳ

332 2116 509 2170 πίονι.
537 2114 695 2170 Μετά
724 2116 851 2180 τοὺς
883 2116 1098 2182 πόνους,
1135 2116 1318 2188 φησὶν,
1346 2114 1439 2180 οὓς
1468 2117 1742 2189 ὑπομένω,
1775 2118 1896 2171 τότε

329 2199 391 2272 δὴ
428 2202 592 2255 οἱονεὶ
620 2201 785 2273 ἐλαίῳ
829 2204 1106 2275 χρήσομαι
1134 2205 1213 2269 είς
1258 2204 1522 2274 βασίλειον
1564 2206 1894 2278 ἱεράτευμαο

335 2292 426 2346 καὶ
452 2291 612 2345 τοῦτό
652 2309 743 2362 μοι
770 2292 1054 2348 ἐπαιτῶν
1084 2294 1311 2367 μακρῶν
1332 2296 1508 2350 πόνων
1538 2296 1599 2350 τὸ
1632 2297 1822 2369 γέρας.

397 2384 507 2439 Kal
537 2383 777 2440 ἐπεῖδεν
818 2387 1186 2456 ό-ὀφθαλμός
1228 2405 1346 2459 μου
1386 2388 1456 2442 ἐν
1511 2388 1634 2455 τοῖς
1664 2390 1899 2459 ἐχθροῖς

328 2492 462 2543 μου.
495 2475 688 2531 Ἔσται
722 2493 813 2548 μοι
866 2475 1025 2530 τοῦτο
1072 2477 1211 2549 μετὰ
1245 2478 1353 2533 τῶν
1390 2479 1564 2533 ἀλλων
1610 2479 1809 2544 καλῶν,
1838 2480 1899 2532 τὸ

333 2566 522 2638 θεατήν
571 2583 640 2637 με
680 2566 932 2636 γενέσθαι
978 2568 1288 2625 πιπτόντων
1328 2570 1437 2625 τῶν
1463 2569 1761 2625 ὲπιὸούλων
1796 2588 1897 2641 μου

335 2659 430 2730 τῆς
459 2658 659 2732 ψυχῆς·

401 2749 839 2820 Περυτευμένοι
864 2751 934 2805 ἐν
955 2751 1034 2819 τῷ
1061 2754 1203 2817 οἴκῳ
1228 2755 1469 2822 Κυρίου.
1511 2748 1669 2809 Οὗτοι
1691 2754 1768 2819 δὲ,
1799 2771 1901 2824 φη-

339 2842 436 2904 σὶν,
469 2843 518 2894 οἱ
539 2840 752 2905 τούτοις
781 2843 1170 2913 ἀπεικασμένοι
1196 2847 1305 2908 τοῖς
1340 2844 1573 2915 κέδροις,
1602 2844 1901 2915 φυτουργὸν

339 2931 433 3002 μὲν
466 2932 649 3003 ἔχουσι
683 2933 775 2987 τὸν
815 2934 966 3000 Θεὸν,
1011 2935 1335 3006 παράδεισον
1362 2935 1418 2989 δὲ
1443 2936 1533 2989 τὸν
1568 2936 1710 2992 θεῖον
1742 2934 1905 2990 νεών..

1988 476 2264 547 quidpiam
2294 475 2360 531 de
2386 473 2470 529 his
2496 473 2699 529 audiet.

2059 569 2113 625 8.
2146 568 2275 623 Cum
2298 568 2468 622 exorti
2496 566 2694 637 fuerint
2716 575 3009 635 peccatores
3056 565 3417 634 sicut-fenum.
3447 563 3549 631 Qui

1990 671 2098 711 non
2129 654 2435 723 intelligunt
2465 655 2804 726 mysterium,
2833 655 2929 722 ait,
2956 653 3113 725 quasi
3156 652 3339 708 fenum
3367 662 3549 716 erunt,

1992 761 2100 800 non
2146 745 2412 801 habentes
2464 744 2907 815 profunditatem,
2958 759 3024 800 ac
3087 745 3195 801 cito
3239 745 3456 808 cadent,
3499 754 3552 799 et

1988 844 2256 892 arescent.

2062 928 2148 982 ll.
2183 925 2252 980 Et
2304 926 2628 982 exaltabitur
2661 926 2795 981 sicut
2838 927 3104 981 unicornis
3156 942 3319 982 cornu
3361 942 3549 980 meum.

1992 1018 2240 1086 Quando,
2272 1020 2467 1089 inquit,
2497 1021 2749 1091 peribunt
2804 1018 3009 1074 inimici
3063 1028 3118 1074 et
3158 1020 3552 1089 dispergentur,

1994 1123 2123 1169 tunc
2167 1128 2336 1168 cornu
2367 1128 2571 1177 meum,
2632 1112 2878 1168 videlicet
2920 1127 3146 1181 regnum
3174 1119 3554 1182 praeparatum,

1993 1204 2313 1275 praclarum
2353 1204 2474 1258 erit.
2508 1202 2617 1258 Nos
2654 1212 2857 1270 autem,
2908 1204 3004 1273 qui
3031 1212 3122 1258 tua
3150 1219 3340 1258 sumus
3374 1203 3557 1273 cogni-

1992 1294 2141 1350 tione
2193 1295 2464 1360 instructi,
2520 1310 2642 1349 cum
2688 1295 2899 1349 ruinam
2953 1292 3297 1349 inimicorum
3342 1302 3556 1348 tuorum

1992 1387 2311 1451 viderimus,
2327 1385 2683 1455 gloriabimur
2714 1395 2766 1440 et
2788 1386 2954 1440 altum
2989 1385 3266 1455 sapiemus
3292 1384 3349 1439 in
3373 1393 3447 1453 te,
3473 1394 3558 1440 ut-

1994 1488 2118 1551 pote
2146 1494 2178 1534 a
2201 1479 2429 1534 deorum
2458 1478 2757 1533 multorum
2810 1492 2996 1535 errore
3033 1477 3270 1543 liberati,
3304 1486 3358 1533 et
3383 1487 3438 1534 te
3464 1477 3558 1547 qui

1996 1586 2119 1627 rere
2148 1571 2291 1627 Deus
2325 1584 2384 1625 es
2419 1569 2729 1625 adorantes.
2758 1568 2893 1625 Nam
2944 1570 3207 1627 unicornu
3238 1571 3328 1626 hic
3365 1571 3559 1626 iterum

1994 1660 2299 1732 proposuit,
2332 1667 2391 1715 ut
2419 1675 2515 1731 per
2564 1674 2735 1715 unum
2790 1675 2982 1728 cornu,
3014 1674 3182 1714 unum
3235 1659 3569 1730 signiﬁcant

1996 1755 2187 1811 Deum.
2212 1753 2682 1822 Quemadmodum
2718 1752 2862 1808 enim
2896 1752 3028 1808 illud
3058 1752 3278 1817 animal,
3333 1765 3499 1806 unum
3528 1766 3560 1804 a

1996 1856 2191 1902 natura
2239 1861 2410 1902 cornu
2467 1848 2716 1916 accepit;
2748 1845 2829 1900 sic
2871 1845 3075 1900 alumni
3133 1844 3352 1916 pietatis
3396 1859 3575 1898 unam.

1995 1936 2302 1993 adorabunt
2327 1937 2598 1993 deitatem.
2635 1935 2702 1989 Et
2730 1946 2963 1991 senectus
2996 1952 3112 1990 mea
3158 1936 3213 1990 in
3235 1937 3344 1990 oleo
3364 1932 3559 2006 pingui.

1996 2025 2123 2080 Post
2148 2025 2364 2081 labores
2414 2039 2558 2097 quos
2608 2025 2866 2090 sustinui,
2910 2025 3108 2096 inquit,
3157 2034 3285 2080 tunc
3312 2040 3410 2080 ceu
3443 2024 3562 2080 oleo

1996 2127 2118 2172 utar
2152 2118 2219 2172 ad
2247 2118 2426 2189 regale
2485 2117 2887 2184 sacerdotium;
2931 2126 2986 2173 et
3027 2117 3139 2174 hoc
3182 2117 3286 2173 erit
3336 2111 3495 2175 mihL
3510 2116 3563 2171 in

1996 2210 2377 2266 diuturnorum
2406 2209 2650 2265 laborum
2683 2209 2988 2279 praemium.

2069 2364 2156 2419 19..
2216 2363 2285 2419 Et
2333 2364 2555 2434 respexit
2606 2365 2786 2418 oculus
2827 2380 2969 2417 meus
3028 2362 3265 2417 inimicos
3314 2376 3473 2416 meos.
3503 2357 3564 2415 l'd

2000 2458 2131 2514 mihi
2162 2459 2302 2512 inter
2327 2458 2433 2511 alia
2456 2458 2600 2511 bona
2631 2455 3054 2525 computabitur,
3075 2453 3220 2525 quod
3248 2453 3565 2509 cadentibus

2000 2549 2410 2605 insidiatoribus
2439 2548 2633 2602 anima:
2695 2563 2847 2612 mare,
2899 2546 3127 2616 hujusce
3161 2546 3238 2601 rei
3296 2553 3564 2616 spectator

1999 2657 2097 2712 ego
2135 2640 2350 2696 fuerim.

2076 2734 2163 2794 l3,
2196 2732 2282 2786 14.
2308 2730 2550 2789 Plantati
2580 2733 2635 2786 in
2672 2730 2826 2785 domo
2854 2730 3087 2786 Domini.
3119 2728 3207 2796 Hi,
3246 2730 3441 2802 inquit,
3472 2731 3566 2801 qui

2003 2825 2180 2880 eedris
2208 2824 2314 2880 illis
2344 2825 2551 2881 similes
2586 2835 2734 2892 sunt,
2799 2825 3063 2880 cultorem
3112 2824 3314 2880 habent
3365 2823 3565 2888 Deum;

2001 2914 2316 2987 paradisum
2348 2931 2496 2979 vero,
2541 2915 2782 2970 divinum
2840 2914 3120 2985 templum.
3176 2912 3245 2969 In
3286 2914 3440 2969 atriis
3472 2912 3568 2968 Dei

348 3018 439 3071 Ἐν
459 3019 591 3086 ταῖς
626 3020 841 3088 αὐλαῖς
865 3021 972 3076 τοῦ
1001 3004 1149 3078 Θεοῦ
1179 3023 1349 3092 ἡμῶν
1369 3023 1767 3091 ἀνθήσουσιν.
1811 3026 1899 3079 Ἐν

2023 3006 2174 3060 rostri
2201 3006 2564 3075 ﬂorebunt.ln
2613 3006 2863 3076 supernis
2920 3005 3125 3062 scilicet
3174 3004 3581 3071 mansionibus,

335 3113 448 3175 ταῖς
474 3110 587 3167 ἀνω
608 3111 849 3184 δηλονότι
874 3115 1081 3185 μοναῖς,
1105 3115 1170 3180 ἃς
1195 3087 1289 3170 καὶ
1312 3114 1483 3180 αὐλὰς
1508 3087 1645 3171 εἶναι
1672 3115 1771 3170 τοῦ
1794 3118 1899 3170 Κυ-

2023 3114 2137 3168 [uas
2162 3099 2299 3153 atria
2327 3112 2448 3153 esse
2468 3096 2681 3153 Domini
2715 3096 2865 3152 dicit.

341 3202 450 3272 ρίου
478 3203 664 3275 φησίν.

410 3294 539 3348 Ἔτι
568 3294 1102 3365 πληθυνθήσονται
1127 3295 1196 3350 ἐν
1225 3296 1381 3367 γήρᾳ
1422 3298 1583 3352 πίονι
1602 3337 1618 3363 ,
1658 3297 1757 3353 καὶ
1801 3300 1902 3354 εὐ-

339 3386 668 3454 παθοῦντες
695 3387 966 3442 ἔσονται.
997 3387 1091 3453 To,
1123 3388 1517 3454 εὐπαθοῦντες,
1542 3390 1660 3443 ἀντὶ
1691 3388 1807 3453 τοῦ,
1842 3386 1902 3445 εὗ

340 3474 654 3545 πάσχοντες.
700 3475 1114 3546 Ἀποδοθήσεται
1154 3476 1262 3547 γὰρ
1295 3478 1477 3541 αὐτοῖς
1514 3476 1556 3532 ἁ
1601 3480 1905 3550 ὀφθαλμός

342 3566 448 3617 οὐκ
467 3559 608 3629 εἶδε,
643 3564 742 3618 καὶ
765 3560 875 3631 οὖς
897 3568 1008 3619 οὐκ
1030 3562 1316 3633 ἤκουσεν.

412 3655 538 3709 Ὅτι
567 3656 753 3724 εὐθὴς
779 3659 812 3710 d
848 3658 1063 3726 Κύριος
1088 3661 1121 3712 ό
1154 3657 1295 3725 Θεὸς
1324 3658 1510 3728 ἡμῶν.
1566 3659 1816 3713 Ἐπειδὰν
1849 3660 1908 3713 ὲν

340 3749 457 3811 ταῖς
499 3747 613 3801 ἀνω
666 3751 854 3818 μοναῖς
903 3749 1181 3821 γενόμενοι
1232 3751 1545 3805 ἀπολαύωσι
1592 3751 1661 3805 τά
1684 3754 1909 3823 ἡτοιμα-

342 3839 510 3910 σμένα
538 3840 737 3909 ἀγαθὰ,
768 3841 889 3894 τότε
919 3840 982 3913 δὴ
1009 3842 1130 3896 τότε
1162 3844 1257 3897 καὶ
1310 3842 1510 3913 ταύτην
1547 3842 1907 3911 ἀναγγελοῦσι

340 3931 433 4003 τὴν
457 3933 659 4005 φωνὴν,
690 3934 766 3998 ὡς
784 3934 989 4000 δίκαιος
1019 3935 1116 3989 καὶ
1142 3934 1303 4006 εύθὴς
1327 3933 1480 3988 ἔσται
1521 3937 1549 3989 ὁ
1586 3934 1809 4007 Κύριος,
1851 3934 1909 3999 ὃς

342 4024 463 4088 τοὺς
500 4025 602 4094 μὲν
628 4025 976 4096 παρανόμους
1001 4025 1096 4079 καὶ
1124 4025 1340 4089 ἀσεϐεῖς
1369 4024 1523 4096 δίκην
1558 4024 1752 4096 χόρτου
1774 4026 1911 4079 ἀπο-

345 4114 672 4186 ξηρανθῆναι
697 4114 1071 4187 παρεσκεύασε
1096 4133 1109 4146 ·
1144 4116 1271 4179 τοὺς
1294 4114 1351 4168 δὲ
1371 4105 1726 4179 δικαίους’καὶ
1752 4115 1909 4167 εὐσε-

345 4206 455 4270 ϐεῖς
488 4200 577 4260 οἷα
619 4208 844 4279 κέδρους
886 4209 978 4261 καὶ
1009 4207 1254 4277 φοίνικας
1286 4209 1343 4261 ὲν
1374 4209 1493 4271 ταῖς
1515 4206 1638 4261 ιάνω
1672 4205 1911 4277 κατεφύο

344 4312 497 4348 τευσε
533 4299 779 4367 σκηναῖς.
826 4296 1040 4351 Ἀδικία
1072 4298 1183 4351 οὐκ
1209 4297 1339 4351 ἐστι
1378 4296 1529 4368 παρά
1549 4295 1627 4368 τῷ
1652 4296 1790 4369 Θεῷ,
1824 4296 1911 4352 διά

347 4385 405 4437 τὸ
429 4380 566 4440 εἶναι
597 4386 757 4439 αὐτὸν
790 4386 984 4451 κακίας
1009 4385 1371 4441 ἀνεπίδεκτον.

349 4478 442 4543 εἰς
470 4475 589 4544 τὴν
616 4475 842 4545 ἡμέραν
866 4477 973 4531 τοῦ
993 4477 1103 4545 πρὸ
1137 4478 1242 4530 τοῦ
1283 4475 1605 4540 Σαϐϐάτου,
1647 4475 1746 4530 ὅτε
1776 4494 1913 4531 κατ-

479 4567 698 4633 ῴκιστο
733 4571 771 4638 ἡ
808 4569 905 4640 γῆ,
939 4569 1106 4635 αἶνος
1136 4567 1293 4636 ᾠδῆς
1315 4566 1395 4633 τῷ
1423 4568 1623 4623 Δαυτδ.
1659 4569 1774 4635 ιιιΒκ

964 4659 1283 4724 Ὑπόθεσις.

355 4753 451 4817 Εἰς
469 4752 534 4805 τὸ
559 4750 861 4805 Σάϐϐατον
888 4752 945 4803 ὲν
967 4748 1044 4821 τῷ
1070 4748 1390 4821 προλαϐόντι
1436 4747 1635 4819 ψαλμῷ
1659 4748 1912 4819 δηλοῦται

420 4847 451 4915 ή
477 4845 705 4917 δευτέρα
732 4845 1002 4917 παρουσία
1033 4846 1126 4899 τοῦ
1155 4844 1383 4914 Κυρίου,
1432 4844 1552 4899 καθ’
1577 4845 1643 4915 ἥν
1685 4847 1780 4900 καὶ
1813 4846 1910 4917 βα-

421 4936 653 4990 σιλεύσει
703 4938 795 4990 τοῦ
834 4936 954 4990 νέου
989 4936 1183 5000 αἰῶνος
1216 4935 1352 5007 μετά
1378 4934 1484 4989 τῶν
1516 4935 1686 5003 ἁγίων
1724 4935 1910 4991 αὑτοῦ.

418 5028 665 5100 Δηλονὸτι
692 5029 772 5093 τὸ,
808 5026 920 5097 πρὸ
951 5026 1275 5092 Σαϐϐάτου,
1317 5026 1383 5081 ἂν
1410 5026 1496 5098 εἴη
1528 5028 1561 5097 ή
1594 5025 1781 5098 πρώτη
1813 5028 1914 5079 αὐ-

422 5118 512 5173 τοῦ
536 5119 830 5190 παρουσία,
860 5120 948 5172 ὅτε
972 5117 1066 5171 καὶ
1093 5121 1125 5189 ἡ
1153 5118 1224 5188 γῆ
1255 5118 1609 5187 κατῴκισται,
1636 5116 1913 5169 τουτέστιν

422 5210 508 5264 ὅτε
531 5212 564 5281 ή
603 5208 1067 5281 Ἑκκλησίαπάσῃ
1094 5212 1161 5281 τῇ
1187 5207 1477 5280 οἰκουμένῃ
1510 5204 1912 5276 τεθεμελίωται,

421 5299 526 5353 τῶν
546 5300 717 5368 ἁγίων
754 5298 1063 5353 ἀποστόλων
1089 5298 1328 5369 δηλονότι
1369 5297 1463 5351 καὶ
1510 5294 1915 5365 εὐαγγελιστῶν

423 5390 508 5444 τδν
537 5391 665 5463 περὶ
700 5389 1432 5463 Χριστοῦ.καταγγειλάντων
1460 5390 1523 5460 τῇ
1545 5391 1617 5461 γῇ
1644 5387 1823 5456 λόγον.

431 5654 473 5687 ⁸⁸
513 5654 683 5711 lCor.
732 5670 795 5721 ιι,
825 5653 877 5708 9.

2076 3275 2162 3331 15.
2199 3274 2382 3329 Adhuc
2416 3273 2907 3345 multiplicabuntur
2950 3275 3007 3328 in
3035 3281 3241 3327 senecta
3296 3271 3465 3337 uberi,
3519 3280 3570 3327 et

2005 3367 2127 3424 bene
2144 3370 2397 3437 patientes
2424 3376 2596 3422 erunt.
2618 3366 2757 3421 Bene
2778 3367 3062 3437 patientes,
3082 3365 3419 3437 quasidicas,
3434 3364 3572 3421 bene

2004 3459 2319 3515 tolerantes.
2350 3459 2629 3515 Dabuntur
2657 3460 2801 3514 enim
2831 3459 2938 3516 illis
2982 3475 3100 3530 quia
3125 3457 3307 3514 oculus
3350 3474 3457 3513 non
3496 3459 3573 3512 υί-

2005 3553 2105 3617 dit,
2152 3570 2243 3607 nec
2272 3554 2420 3607 auris
2447 3551 2731 3607 audivit“.

2078 3643 2165 3699 16.
2190 3641 2457 3708 Quoniam
2500 3651 2671 3697 rectus
2720 3639 2978 3695 Dominus
3026 3640 3166 3695 Deus
3192 3649 3389 3695 noster.
3418 3636 3573 3695 Post-

2008 3749 2170 3804 quam
2220 3734 2275 3788 in
2341 3732 2589 3804 supernis
2630 3732 3000 3788 mansionibus
3057 3731 3331 3787 constituti
3384 3738 3572 3800 parata

2011 3825 2150 3878 bona
2180 3824 2323 3879 nacti
2350 3822 2572 3886 fuerint,
2607 3821 2750 3876 hanc
2772 3820 3172 3876 annuntiabunt
3199 3834 3410 3886 vocem,
3430 3819 3574 3889 quod

2005 3916 2189 3987 justus
2220 3925 2273 3969 et
2306 3922 2487 3969 rectus
2518 3914 2587 3968 sit
2611 3911 2897 3979 Dominus,
2921 3913 3014 3979 qui
3042 3913 3262 3982 iniquos
3293 3919 3348 3967 et
3375 3911 3573 3982 impios

2013 4021 2110 4061 ceu
2154 4005 2337 4060 fenum
2391 4018 2637 4060 arescere
2674 4002 2833 4071 fecit;
2879 4003 3061 4073 justos
3108 4011 3287 4057 autem
3333 4009 3387 4057 et
3431 4000 3571 4071 pios,

2011 4096 2167 4166 quasi
2201 4095 2395 4150 cedros
2451 4105 2503 4149 et
2534 4094 2773 4164 palmas,
2825 4094 2879 4147 in
2912 4094 3160 4169 supernis
3212 4093 3574 4148 tabernaculis

2013 4187 2297 4258 plantavit.
2342 4185 2410 4239 Et
2437 4202 2537 4241 non
2559 4193 2635 4241 est
2669 4184 2921 4256 iniquitas
2955 4184 3009 4238 in
3043 4181 3171 4252 Deo,
3199 4184 3325 4254 quia
3356 4182 3575 4239 malitias

2012 4295 2180 4351 capax
2208 4295 2318 4334 non
2339 4289 2440 4335 est.

1943 4434 1988 4490 D
2015 4436 2081 4491 In
2118 4436 2255 4491 diem
2299 4443 2419 4490 ante
2459 4433 2768 4497 Sabbatum,
2799 4434 3005 4504 quando
3039 4430 3262 4502 fundata
3296 4439 3373 4485 est
3413 4440 3577 4500 terra,

2317 4527 2436 4581 laus
2484 4526 2676 4580 cantici
2719 4526 2819 4593 ipsi
2846 4518 3037 4589 David,
3077 4520 3263 4577 XCII.

2596 4618 2996 4687 Argumentum.

2012 4707 2070 4762 ln
2096 4708 2415 4779 praecedenti
2437 4708 2647 4779 psalmo
2673 4722 2769 4777 per
2795 4706 2909 4760 haec
2924 4705 3086 4759 verba
3119 4720 3135 4758 :
3177 4702 3242 4756 In
3267 4702 3405 4757 diem
3439 4700 3575 4757 Sab-

2084 4803 2214 4870 bati,
2247 4803 2555 4858 declaratur
2602 4799 2875 4855 secundus
2937 4796 3237 4850 Salvatoris
3290 4796 3573 4860 adventus,

2085 4894 2305 4964 quando
2333 4891 2579 4965 regnabit
2600 4891 2655 4944 in
2687 4904 2887 4944 novum
2914 4887 3171 4943 saeculum
3225 4900 3351 4939 cum
3374 4883 3576 4939 sanctis

2090 4984 2224 5039 suis.
2253 4982 2436 5038 Palam
2470 4991 2648 5036 autem
2679 4989 2761 5035 cst
2794 4979 2946 5044 illud,
2976 4985 3097 5032 ante
3127 4974 3439 5038 Sabbatum,
3482 4973 3576 5026 de-

2088 5074 2305 5145 signare
2358 5048 2768 5145 prioremiejus
2822 5070 3130 5132 advenlum,
3184 5064 3401 5136 quando
3434 5070 3574 5117 terra

2089 5167 2337 5221 habitata
2368 5173 2469 5233 est,
2501 5165 2557 5220 id
2594 5173 2678 5219 est
2709 5161 2928 5233 quando
2949 5157 3190 5215 Ecclesia
3219 5157 3273 5210 in
3302 5161 3417 5208 toto
3440 5152 3573 5207 orbe

2098 5257 2322 5314 fundata
2356 5265 2459 5323 est,
2486 5253 2687 5311 sanctis
2718 5251 2981 5324 apostolis
3014 5258 3067 5305 et
3114 5244 3460 5316 evangelistis
3509 5243 3578 5297 de

2093 5354 2312 5410 Christo
2375 5362 2677 5407 sermonem
2728 5360 2823 5417 per
2873 5350 3042 5398 totum
3118 5338 3305 5393 orbem
3373 5348 3589 5391 renun—.

2092 5443 2368 5503 tiantibus.
