3946 6222
344 231 452 287 10⁸1

358 368 361 373 ·
421 351 473 404 1.
497 348 746 405 Dominus
776 364 1025 424 regnavig
1051 359 1282 412 decorem
1300 361 1511 413 indutus
1527 361 1904 425 est.Quouiam
1937 366 1981 421 Α

354 444 648 498 humanum
674 462 844 514 genus
873 448 1167 505 abscedens
1193 468 1221 505 a
1248 467 1413 521 regno
1444 451 1559 516 Dei,
1598 454 1698 507 sub
1728 463 1909 525 tyran-

354 536 479 590 nide
503 536 717 593 Satanae
747 539 869 603 fuit,
900 543 1021 595 ideo
1048 543 1262 598 advenit
1310 543 1647 615 Unigenitus,
1681 555 1738 600 ut
1774 547 1906 602 illud

353 644 568 683 rursum
600 634 815 701 proprio
844 643 1055 702 sceptro
1080 635 1386 704 subiiceret.
1428 637 1519 693 Dei
1542 648 1719 693 autem
1742 640 1904 694 deco-

352 722 687 792 rem',ipsius
712 708 923 793 generis
967 725 1193 780 salutem
1242 744 1362 782 esse
1390 729 1540 784 dicit.
1595 729 1707 784 Nisi
1760 732 1903 786 enim

353 814 667 868 incarnatus
705 815 931 880 fuisset,
962 829 1237 887 assumpta
1278 829 1471 889 praeter
1494 833 1771 892 peccatum
1808 841 1905 879 na-

353 915 473 959 tura
502 916 706 972 nostra,
736 909 881 963 nulla
917 925 1048 964 sane
1071 912 1229 966 nobis
1263 914 1409 969 salus
1446 914 1656 969 fuisset.
1691 899 1903 985 Oportet

351 999 490 1051 enim
527 1016 644 1052 eum
674 1016 888 1070 regnare
921 1002 1081 1056 donec
1108 1015 1267 1071 ponat
1302 1022 1475 1059 omnes
1503 1009 1743 1061 inimicos
1781 1024 1903 1062 suos

352 1091 446 1142 sub
474 1090 689 1158 pedibus
725 1093 835 1145 suis
864 1094 928 1146 ".
957 1092 1182 1148 Indutus
1208 1105 1284 1149 est
1329 1096 1581 1152 Dominus
1630 1100 1903 1167 fortitudi-

352 1196 465 1233 nem
495 1191 545 1233 et
564 1183 838 1249 ρνιεεὶητιίι
862 1199 933 1236 se.
966 1181 1123 1239 Hisce
1143 1172 1553 1254 reportatam’de
1582 1190 1905 1246 adversariis

352 1273 706 1340 potestatibus
758 1274 1040 1327 victoriam
1097 1276 1252 1331 nobis
1296 1276 1776 1347 signiticat,’quam
1803 1296 1901 1335 ceu

349 1364 677 1419 militaribus
723 1367 891 1420 armis
917 1367 1213 1425 instructus
1236 1371 1434 1425 retulit.
1472 1371 1677 1426 Etenim
1720 1374 1906 1443 ﬁrma;

350 1456 420 1507 rit
447 1454 621 1509 orbem
662 1468 814 1512 terra:
851 1463 937 1528 qni
988 1478 1090 1515 non
1138 1463 1558 1519 commovebitur.
1610 1463 1902 1536 Postquam

350 1546 494 1610 illo=,
549 1551 888 1607 adversarios
929 1554 1137 1609 scilicet
1181 1556 1477 1618 daemones.
1530 1558 1901 1628 proﬂigasset,

349 1639 647 1697 Ecclesiam
701 1646 983 1700 constituit
1035 1663 1198 1717 supra
1249 1658 1494 1717 petram,
1544 1652 1629 1706 cui
1663 1668 1729 1707 ne
1775 1652 1904 1723 ipsa:

348 1734 564 1811 quidem
591 1747 760 1819 porta:
786 1737 941 1794 inferi
971 1742 1355 1822 praevalebunt.

413 2007 468 2063 Ξ.
498 2009 732 2065 Paratus
770 2014 985 2068 thronus
1029 2024 1150 2070 tuus
1182 2034 1246 2072 ea:
1273 2028 1415 2074 tunc.
1453 2020 1567 2078 Hoc
1597 2023 1674 2079 alt
1712 2026 1837 2096 quia
1868 2043 1901 2083 a

344 2102 735 2158 constitutione
756 2107 945 2161 mundi
973 2106 1208 2163 futuram
1236 2126 1331 2179 per
1362 2114 1587 2170 salutem
1615 2116 1785 2186 ipsius
1800 2119 1897 2175 de-

344 2194 556 2249 ﬁnierat
589 2196 866 2252 hominum
888 2201 1099 2270 generis
1120 2196 1367 2259 salutem.
1388 2204 1666 2263 Thronum
1703 2200 1899 2281 quippe

344 2284 419 2346 ait
435 2293 753 2354 potestatem
773 2289 1052 2359 judicandi
1085 2294 1427 2350 adversarios
1448 2308 1667 2354 nostros
1697 2301 1898 2358 ὀπυιο-

343 2388 457 2437 nes.
506 2374 981 2434 Resurrectionem
1033 2391 1213 2438 autem
1262 2386 1532 2456 signiﬁcat
1594 2388 1892 2461 Unigeniti.

340 2460 424 2518 Tu
463 2463 627 2539 igitur
660 2467 794 2537 ipse,
840 2471 937 2534 ait,
970 2469 1219 2537 Domine,
1244 2478 1336 2545 qui
1373 2494 1517 2533 nunc
1546 2481 1613 2534 ad
1641 2460 1758 2535 eam
1783 2499 1896 2537 rem

339 2557 497 2625 quasi
526 2558 578 2611 in
599 2559 841 2628 judiciali
875 2564 1071 2619 throno
1105 2566 1282 2631 sedes,
1320 2570 1660 2639 utjudicium
1694 2575 1899 2632 scilicet

344 2644 491 2711 [cras
520 2659 574 2704 et
603 2665 706 2706 nos
733 2652 994 2723 vindices,
1020 2666 1147 2712 ante
1177 2660 1375 2714 saecula
1403 2660 1566 2720 Deus.

407 2825 459 2879 ὅ.
492 2826 838 2895 Elevavcrunt
870 2835 1113 2902 ﬂumina,
1149 2838 1399 2907 Domine,
1432 2842 1755 2902 elevauerunt
1788 2850 1895 2919 ﬂue

338 2918 481 2970 mina
515 2936 683 2981 vocem
706 2939 876 2979 suam.
910 2925 1158 2983 Flumina
1190 2930 1277 2985 hic
1301 2943 1518 2987 sanctos
1539 2918 1812 3004 apostolos
1842 2946 1895 2993 et

336 3011 696 3079 evangelistas
723 3015 876 3083 dicit,
916 3020 1009 3088 qui
1042 3018 1134 3074 Dei
1172 3020 1471 3078 Ecclesiam
1522 3026 1894 3095 spiritualibus
1920 3053 1962 3110 ο

336 3101 555 3157 ﬂuentis
580 3104 940 3163 lmtilicarunt.
968 3109 1178 3166 Dictum
1213 3130 1446 3183 namque
1462 3115 1565 3172 fuit
1594 3117 1735 3174 illis:
1764 3119 1896 3174 Flu-

335 3195 480 3253 mina
516 3196 580 3249 de
614 3208 786 3263 ventre
813 3202 924 3270 ejus
955 3203 1117 3271 ﬂuent
1147 3223 1297 3276 aqum
1326 3208 1452 3267 viva:
1472 3207 1538 3265 ⁰⁶.

405 3351 456 3405 4.
495 3351 767 3409 Μὶνοὺὶιεε
796 3358 1045 3412 elationes
1078 3362 1259 3414 maris.
1296 3360 1497 3431 Multae,
1546 3364 1742 3436 inquit,
1779 3384 1894 3439 my-

336 3445 610 3513 stagogiaz,
634 3449 914 3503 sententiae
941 3453 1309 3519 apostolorum
1341 3465 1394 3510 et
1434 3458 1890 3526 evangelistarum

333 3532 556 3600 ﬂuenta,
588 3536 865 3594 mirabiles
882 3540 1178 3598 eﬂecerunt
1220 3545 1480 3603 elationes
1526 3552 1715 3606 maris.
1745 3551 1892 3608 Mare

333 3631 514 3677 autem
532 3635 709 3690 vocat,
729 3629 966 3697 gentium
981 3646 1099 3700 quae
1110 3633 1453 3689 crediderunt
1469 3637 1889 3705 multitudinem,

331 3727 561 3781 quarum
591 3717 875 3783 elationes,
901 3720 954 3774 id
981 3732 1065 3776 est
1086 3724 1448 3782 sublimitates
1472 3744 1687 3797 sensus,
1730 3732 1891 3786 mira-

330 3804 466 3860 biles
495 3805 665 3863 fuere.
690 3807 806 3864 Non
836 3813 981 3867 enim
1009 3815 1149 3870 ultra
1176 3832 1339 3887 parva
1365 3829 1416 3875 et
1440 3821 1662 3877 humilia
1685 3823 1750 3879 de
1777 3823 1888 3881 Deo

328 3900 588 3967 sentiunt,
623 3901 718 3957 sed
744 3918 936 3974 magna
961 3914 1014 3976 et
1039 3908 1326 3966 mirabilia.

396 4193 450 4250 5.
493 4193 812 4253 Testimonia
836 4209 928 4255 tua
950 4204 1221 4259 credibilia
1243 4207 1386 4275 facta
1410 4221 1531 4271 sunt
1566 4216 1746 4271 nimis.
1779 4215 1883 4274 Te-

325 4285 579 4339 stimonia
608 4285 740 4342 dicit
766 4292 1036 4358 promissa
1067 4309 1163 4363 per
1192 4308 1411 4354 sanctos
1431 4291 1728 4373 prophetas
1753 4323 1883 4376 gen-

1176 236 1231 292 S.
1275 235 1643 292 ATHANASII
1681 235 1830 290 OPP.
1872 235 2047 292 PARS
2102 236 2189 294 lll.
2225 268 2293 279 —
2330 238 2738 295 EXEGETlCA.

3464 238 3568 297 408

2090 363 2152 415 '0
2171 365 2383 430 Κύριος
2410 364 2824 427 ἐϐασίλευσεν,
2844 361 3201 431 εὐπρέπειαν
3216 361 3561 416 ἐνεδύσατο.

2020 454 2233 526 Ἐπειδὴ
2262 455 2320 507 τὸ
2348 455 2680 526 ἀνθρώπινον
2708 455 2883 524 γένος,
2910 453 3148 509 ἀποστάν
3178 456 3274 525 τῆς
3300 455 3403 508 ὑπὸ
3429 454 3563 508 Θεοῦ

2008 544 2315 614 βασιλείας,
2350 548 2453 600 ὑπὸ
2490 546 2585 618 τὴν
2623 548 2906 618 τυραννίδα
2952 548 3139 614 γέγονε
3191 545 3283 599 τοῦ
3331 547 3560 615 Σατανᾶ,

2003 636 2191 690 τούτου
2222 638 2379 708 χάριν
2430 639 2769 710 ἐπεδήμησεν
2816 640 2844 692 ό
2889 638 3214 710 Μονογενὴς,
3272 640 3360 693 ἵνα
3401 640 3562 694 πάλιν

2006 728 2134 780 αὐτὸ
2164 731 2276 791 τοῖς
2305 729 2454 793 ἰδίοις
2476 730 2715 802 ὑποτάξῃ
2756 732 3074 802 σκήπτροις,
3107 731 3135 783 ὂ
3180 732 3272 784 καὶ
3310 732 3558 800 ἐγένετο⁶

2005 821 2136 873 Θεοῦ
2171 823 2500 892 εὐπρέπειαν
2534 823 2589 876 δὲ
2624 824 2719 894 τὴν
2762 826 3029 896 σωτηρίαν
3069 824 3229 877 αὐτοῦ
3254 825 3347 877 τοῦ
3374 825 3564 893 γένους

2005 914 2185 984 φησίν.
2215 915 2276 966 Εἰ
2314 915 2385 986 μὴ
2418 914 2525 987 γάρ
2561 916 2899 987 σεσάρκωται
2922 959 2937 982 ,
2978 917 3076 986 τὴν
3123 917 3391 988 ἡμετέραν
3439 915 3561 986 δίχα

1952 1050 1976 1058 -
2003 1004 2102 1073 τῆς
2130 1006 2398 1076 ἁμαρτίας
2436 1005 2613 1058 λαϐὼν
2658 1007 2851 1075 φύσιν,
2886 1007 3125 1077 δηλονότι
3172 1008 3270 1060 οὐκ
3319 1006 3385 1060 ἂν
3429 1007 3561 1077 ἡμῖν

2004 1098 2035 1165 ἡ
2084 1098 2323 1167 σωτηρία
2385 1099 2614 1166 ἐγένετο.
2667 1098 2763 1152 Δεῖ
2822 1098 2935 1168 γὰρ
2985 1099 3172 1152 αὑτὸν
3207 1100 3563 1163 ,ϐασιλεύειν

2005 1184 2178 1254 ἄχρις
2213 1185 2283 1243 οὗ
2318 1188 2391 1241 ἂν
2436 1187 2513 1256 θῇ
2544 1188 2769 1254 πάντας
2793 1190 2932 1255 τοὺς
2972 1189 3221 1258 ἐχθροὺς
3271 1189 3388 1243 ὑπὸ
3418 1188 3561 1254 τοὺς

2005 1282 2194 1347 πόδας
2226 1280 2430 1335 αὑτοῦ.
2488 1280 2845 1333 Ἐνεδύσατο
2897 1281 3111 1348 Κύριος
3150 1280 3405 1350 δύναμιν
3460 1280 3560 1333 και

2004 1371 2404 1442 περιεζώσατο.
2445 1371 2541 1424 Διὰ
2570 1372 2772 1425 τούτων
2802 1372 2900 1442 τὴν
2930 1371 3247 1442 καθαίρεσιν
3289 1373 3419 1442 ἡμῖν
3451 1370 3559 1423 τῶν

2004 1464 2391 1535 ἀντικειμένων
2440 1464 2688 1534 σημαίνει
2740 1462 3055 1533 δυνάμεων,
3108 1462 3174 1533 ἢν
3225 1461 3554 1532 πεποίηται,

2006 1556 2191 1627 ὥσπερ
2242 1555 2624 1626 στρατιωτικὸν
2681 1556 2864 1626 σχῆμα
2917 1554 3216 1609 ἀναλαϐών.
3291 1554 3400 1608 Καὶ
3447 1553 3559 1623 γὰρ
3654 1598 3659 1601 .

2005 1646 2327 1715 ἐστερέωσε
2355 1646 2468 1715 τὴν
2498 1648 2870 1716 οἰκουμένην,
2898 1647 3028 1714 ἣτις
3074 1649 3144 1700 οὺ
3187 1646 3558 1715 σαλευθήσε-

1892 1765 1897 1769 ’
1930 1738 1975 1763 ³³
2000 1756 2111 1793 ται.
2148 1738 2414 1804 Ἐκείνους
2435 1739 2761 1812 προανελὼν,
2783 1742 2908 1803 τοὺς
2932 1741 3335 1811 ἀντικειμένους
3369 1739 3555 1811 δηλον-

1999 1831 2080 1885 ότι
2132 1832 2409 1903 δαίμονας,
2443 1832 2666 1905 ἔστησεν
2690 1833 2782 1886 ἐπὶ
2814 1832 3020 1904 πέτραν
3054 1831 3152 1903 τὴν
3212 1831 3551 1903 Ἐκκλησίαν,

1998 1920 2066 1997 ἧς
2092 1924 2209 1978 οὐδὲ
2230 1924 2388 1979 αὐταὶ
2417 1925 2830 1996 κατισχύσουσιν
2858 1926 2914 1978 αἱ
2941 1924 3034 1978 τοῦ
3065 1925 3190 1996 ᾅδου
3222 1924 3408 1978 πύλαι.
3476 1951 3480 1955 <

2007 2032 2013 2041 ‘
2072 2012 2401 2088 ’Ἑτοιμοςδ
2422 2020 2632 2087 θρόνος
2652 2032 2767 2071 σου
2788 2016 2903 2071 ἀπὸ
2930 2016 3079 2070 τότε.
3106 2015 3275 2070 Τοῦτό
3296 2032 3446 2085 φησι,
3469 2014 3555 2069 διὰ

1999 2111 2058 2164 τὸ
2089 2111 2493 2183 προωρίσασθαι
2518 2111 2625 2164 ἀπὸ
2656 2106 2960 2180 καταϐολῆς
2985 2110 3186 2180 κόσμου
3213 2107 3310 2179 τὴν
3331 2106 3423 2160 τοῦ
3461 2107 3555 2160 ἀνο

2000 2201 2270 2273 θρωπίνου
2294 2201 2481 2269 γένους
2507 2199 2776 2271 σωτηρίαν
2803 2200 3065 2270 ἐσομένην
3106 2197 3194 2250 διὰ
3240 2198 3338 2268 τῆς
3382 2213 3556 2268 σωτη-

2001 2293 2120 2363 ρίας
2150 2291 2333 2345 αὑτοῦ.
2368 2291 2565 2362 Θρόνον
2592 2291 2700 2362 γὰρ
2726 2291 2827 2363 τὴν
2855 2293 2936 2353 είς
2966 2291 3026 2343 τὸ
3058 2290 3260 2361 κρίνειν
3295 2288 3419 2351 τοὺς
3440 2286 3554 2341 άδι-

1998 2385 2270 2454 κὴσαντας
2318 2387 2463 2455 ἡμᾶς
2514 2385 2771 2455 δαίμονας
2798 2397 2816 2414 ο
2861 2383 3155 2437 ἀνάστασιν
3199 2381 3255 2434 δὲ
3302 2380 3552 2453 σημαίνει

1996 2474 2089 2526 τοῦ
2114 2474 2466 2543 Μονογενοῦς.
2500 2475 2573 2529 Σὺ
2599 2469 2691 2527 οὖν
2723 2473 2903 2536 αὐτὸς,
2931 2466 3128 2542 φησὶν,¹
3157 2464 3202 2524 ὦ
3222 2470 3492 2532 Δέσποτα,
3521 2470 3551 2531 ό

1997 2565 2089 2618 νῦν
2116 2567 2195 2628 είς
2221 2565 2376 2619 τοῦτο
2406 2564 2588 2636 ὥσπερ
2614 2564 2707 2617 ἐπὶ
2729 2562 3033 2616 δικαστικοῦ
3067 2561 3254 2632 θρόνου
3298 2557 3545 2623 καθίσας,

1998 2659 2076 2720 εἰς
2105 2657 2165 2709 τὸ
2186 2657 2392 2727 κρίνειν
2417 2656 2655 2727 δηλονότι
2683 2656 2777 2709 καὶ
2796 2654 3027 2708 ἐκδικεῖν
3056 2654 3229 2725 ἡμᾶς,
3285 2650 3549 2722 ὑπάρχεις

1997 2751 2024 2801 ὀ
2048 2748 2153 2819 πρὸ
2176 2748 2281 2803 τῶν
2315 2747 2521 2801 αἰώνων
2551 2747 2697 2811 Θεός.
3344 2764 3351 2767 ’

2079 2840 2343 2908 Ἐπῆραν
2370 2842 2423 2893 οἱ
2455 2838 2722 2909 ποταμοὶ,
2753 2840 2948 2907 Κύριε,
2976 2836 3203 2905 ἐπῆραν
3224 2840 3276 2891 οὶ
3300 2830 3551 2903 ποταμοὶ

1997 2932 2196 3001 φωνὰς
2221 2931 2435 2986 αὐτῶν.
2469 2932 2750 3002 Ποταμοὺς
2779 2930 3007 2985 ἐνταῦθα
3036 2930 3161 2991 τοὺς
3199 2926 3384 2997 ἁγίους
3416 2928 3553 2980 ἀποφ

1999 3022 2214 3086 στόλους
2238 3022 2332 3075 καὶ¹
2351 3022 2734 3092 εὐαγγελιστάς
2760 3037 2943 3093 φησιν,
2970 3020 3018 3073 οἳ
3049 3021 3142 3073 καὶ
3170 3018 3267 3090 τὴν
3295 3017 3399 3091 τοῦ.
3416 3017 3550 3072 Θεοῦ

2009 3113 2330 3184 Ἐκκλησίαν
2350 3117 2460 3177 τοῖς
2490 3116 2871 3183 πνευματικοῖς
2900 3111 3276 3182 κατεύφραναν
3295 3110 3549 3180 νάμασιν.

1997 3209 2218 3279 Εἴρηται
2238 3206 2345 3276 γὰρ
2374 3206 2508 3277 πρὸς
2530 3205 2749 3268 αὐτούς·
2786 3205 3041 3274 Ποταμοῖ
3081 3204 3148 3258 ἐκ
3181 3202 3307 3275 τῆςι
3321 3202 3551 3267 κοιλίας

1995 3298 2178 3352 αὑτοῦ
2189 3300 2523 3366 ῥεύσουσιν
2543 3295 2760 3362 ὓδατος
2784 3295 3012 3360 ζῶντος.

2067 3389 2403 3458 Θαυμαστοὶ
2442 3391 2496 3441 οἱ
2531 3387 2913 3457 μετεωρισμοὶ
2955 3386 3063 3455 τῆς
3088 3385 3423 3452 θαλάσσης.
3482 3386 3545 3440 Ai

1995 3480 2202 3544 πολλαὶ,
2252 3480 2416 3551 φησὶ,
2472 3478 2863 3549 μυσταγωγίαι,
2897 3479 2988 3530 καὶ
3037 3476 3105 3529 τὰ
3158 3479 3397 3559 νοήματα
3437 3476 3546 3530 τῶν

1994 3570 2298 3623 ἀποστόλων
2343 3570 2437 3623 καὶ
2495 3569 2889 3638 εὐαγγελιστῶν
2921 3568 3168 3639 νάματα,
3204 3568 3547 3639 θαυμαστοὺς

1993 3658 2255 3731 πεποίηκε
2276 3660 2375 3731 τῆς
2404 3658 2678 3730 θαλάσσης
2703 3659 2826 3721 τοὺς
2868 3656 3291 3728 μετεωρισμούς.
3330 3653 3541 3711 Θάλασέ

1992 3768 2090 3804 σαν
2115 3750 2170 3802 δὲ
2200 3750 2346 3818 λέγει
2372 3749 2478 3802 τῶν
2502 3749 2668 3803 ἐθνῶν
2684 3748 2789 3802 τῶν
2816 3749 3215 3801 πιστευσάντων
3242 3748 3308 3801 τὰ
3342 3748 3540 3821 πλήθη,

1988 3837 2061 3896 ὧν
2092 3844 2184 3897 καὶ
2216 3845 2264 3897 οἱ
2324 3843 2720 3915 μετεωρισμοὶ,
2763 3842 3037 3895 τουτέστιν
3088 3842 3142 3894 αι
3178 3841 3409 3912 ύψώσεις
3449 3840 3542 3895 τοῦ

1990 3936 2350 4007 φρονήματος,
2382 3934 2691 4006 θαυμασταὶ
2714 3934 3015 4002 γεγόνασιν.
3066 3934 3262 3988 Οὐκέτι
3298 3934 3407 4006 γὰρ
3455 3952 3544 4005 μι-

1988 4028 2095 4107 κρὰ
2120 4029 2212 4083 καὶ
2258 4029 2487 4085 ταπεινὰ
2518 4027 2771 4100 φρονοῦσι
2810 4030 2936 4101 περὶ
2964 4028 3118 4093 Θεοῦ,
3168 4027 3300 4082 ἀλλά
3333 4027 3541 4107 μεγάλα

1987 4104 2078 4173 καὶ
2106 4121 2409 4192 θαυμαστά.

2060 4214 2136 4267 Τὰ
2156 4212 2446 4283 μαρτύριά
2489 4230 2604 4267 σου
2623 4211 3042 4280 ἐπιστώθησαν
3073 4213 3327 4283 σφόδρα.
3379 4214 3536 4285 Μαρη

1983 4306 2141 4378 τύρια
2177 4309 2274 4369 τὰς
2296 4305 2624 4375 ἐπαγγελίας
2657 4306 2818 4375 φησιν
2854 4304 2920 4369 ἃς
2964 4305 3052 4359 διά
3077 4305 3184 4357 τῶν
3207 4304 3374 4372 ἁγίων
3406 4320 3538 4375 προς

325 4376 469 4444 tihus
498 4376 658 4445 facta,
680 4397 801 4450 qua:
834 4384 1012 4440 ﬁdelia
1042 4397 1095 4442 et
1127 4388 1281 4447 ﬂrma
1308 4407 1430 4448 esse
1478 4395 1531 4449 in
1566 4398 1877 4456 novissimis
1908 4415 1916 4469 ]

1996 4376 2166 4469 ρητῶν
2196 4401 2305 4462 τοῖς
2334 4397 2539 4453 ἔθνεσιν
2575 4398 2934 4468 ἐπηγγείλατο
2957 4440 2971 4463 ,
3001 4396 3066 4461 ἃς
3106 4397 3200 4451 καὶ
3235 4396 3427 4460 πιστάς
3449 4396 3536 4448 ἐπ’

322 4467 513 4523 diebus
545 4471 800 4535 ostendit,
835 4489 931 4527 sua
966 4480 1249 4544 praesentia
1274 4484 1545 4551 promissa
1579 4489 1871 4558 complens.

321 4558 546 4612 Domum
581 4570 726 4615 tuam
754 4564 1244 4636 decetsanctitudo,
1271 4572 1509 4629 Domine.
1538 4576 1737 4635 Domus
1759 4582 1877 4651 ejus

1982 4492 2222 4562 ἐσχάτων
2247 4490 2554 4559 ἐπεδείξατο
2577 4490 2682 4544 τῶν
2710 4489 2949 4561 ἡμερῶν,
2977 4493 3042 4560 τῇ
3063 4489 3239 4560 οἰκείᾳ
3267 4487 3536 4560 παρουσίᾳ

1980 4586 2125 4656 ἔργῳ
2153 4583 2393 4656 πληρῶν.
2436 4580 2520 4647 Τῷ
2548 4582 2692 4647 οἴκῳ
2716 4599 2830 4635 σου
2868 4581 3076 4648 πρέπει
3114 4579 3394 4649 ἀγίασμα,
3419 4576 3534 4633 Κύ-

320 4646 561 4703 Ecclesia
604 4663 718 4719 est,
758 4656 846 4713 cui
875 4659 1128 4712 convenit
1162 4662 1306 4729 quod
1336 4665 1405 4718 sit
1438 4677 1645 4732 sancta,
1677 4646 1879 4740 quippe

2139 4646 2297 4739 Οἶκος
2350 4675 2445 4745 μὲν
2473 4646 2634 4727 αὑτοῦ
2672 4675 2703 4743 ἡ
2746 4646 3055 4743 Ἐκκλησία,
3093 4646 3289 4742 πρέπει
3316 4669 3360 4722 δ’
3394 4669 3531 4739 αὐτῇ

320 4755 442 4807 quae
484 4756 609 4799 eum
662 4744 1056 4805 inhabitantem
1114 4751 1309 4807 haheat
1334 4756 1425 4823 qui
1459 4757 1607 4813 solus
1654 4771 1877 4817 sanctus

317 4840 436 4898 est;
465 4848 589 4889 cum
610 4843 790 4890 autem
813 4836 867 4890 id
896 4835 1096 4894 factum
1132 4842 1315 4909 fuerit,
1348 4855 1507 4901 nacta
1542 4853 1875 4919 perpetuita-

319 4931 425 4978 tem
457 4925 884 4982 sanctiﬁcatione
898 4988 901 4991 Α
914 4929 1140 4987 fruetur.
1404 4986 1407 4989 .

387 5013 727 5083 PSALHUS
753 5018 946 5084 David,
973 5034 1162 5093 quarta
1195 5025 1559 5083 Sabbalorum.
1580 5030 1802 5091 XCIII.

896 5112 1293 5184 Argumentum.
1790 5108 1799 5118 ’

317 5196 393 5259 De
422 5203 761 5271 providentia
801 5204 890 5259 hic
913 5222 1217 5263 sermonem
1254 5211 1431 5278 habet,
1467 5216 1671 5274 docens
1700 5230 1759 5273 ut
1805 5236 1873 5275 ne

385 5296 531 5348 anxii
597 5296 803 5360 simus,
864 5315 1039 5367 neque
1090 5302 1332 5357 animum
1391 5306 1870 5378 despondeamus,

384 5384 597 5438 etiamsi
636 5387 701 5440 ad
730 5388 1004 5453 quoddam
1039 5393 1298 5460 temporis
1337 5397 1569 5463 spatium
1599 5403 1870 5469 peccanti-

387 5473 487 5531 bus
536 5480 890 5546 prosperitas,
934 5481 1036 5550 piis
1087 5486 1394 5551 persecutio
1441 5490 1668 5545 eveniat.
1728 5490 1872 5546 Nihil

390 5642 485 5709 "1
519 5645 646 5705 Cor.
683 5665 773 5718 xv,
802 5652 889 5708 25.
950 5654 992 5684 °‘
1016 5653 1172 5709 Joan.
1208 5671 1277 5707 vn
1308 5695 1321 5718 ,
1364 5655 1448 5707 53.

1976 4767 2036 4819 τὸ
2066 4767 2196 4833 ἀγία
2218 4766 2377 4828 εἶναι,
2405 4763 2497 4818 ἆτε
2521 4764 2610 4819 τὸν
2634 4764 2791 4834 μόνον
2816 4763 2966 4830 ἆγιον
2984 4761 3181 4831 ἔχουσα
3203 4757 3529 4814 ἐνοικοῦντα*

1976 4857 2195 4913 ἐπειδὰν
2222 4857 2277 4910 δὲ
2307 4856 2461 4909 τοῦτο
2489 4856 2732 4926 γένηται,
2773 4854 2867 4909 καὶ
2902 4852 3254 4938 ἀτελευτήτου
3300 4848 3533 4921 μεταλα-

1976 4952 2142 5005 ϐοῦσα
2168 4952 2459 5006 ἀπολαύσει
2481 4952 2570 5006 τοῦ
2600 4953 2952 5023 ἀγιάσματος.

2087 5045 2390 5097 ΨΑΛΜΟΣ
2416 5042 2494 5108 τῷ
2510 5043 2686 5097 Δαυῒδ
2709 5041 2933 5110 τετράδι
2961 5039 3285 5094 Σαϐϐἀτων.
3312 5039 3420 5114 ιγ.

2593 5136 2913 5198 ’1⁸πόθεσις.

1974 5224 2076 5276 Τὸν
2111 5225 2237 5295 περὶ
2261 5226 2512 5295 προνοίας
2545 5229 2601 5279 ἐν
2624 5224 2795 5295 τούτῳ
2824 5225 3032 5292 εἰσάγει
3066 5223 3239 5291 λόγον,
3262 5221 3527 5276 διδάσκων

2046 5316 2118 5386 μὴ
2169 5315 2441 5370 θλίϐεσθαι
2472 5318 2563 5370 καὶ
2593 5318 2899 5387 ἀδημονεῖν,
2922 5316 3022 5371 κᾶν
3060 5318 3108 5368 εί
3129 5322 3136 5329 '
3160 5315 3294 5386 πρὸς
3339 5316 3523 5387 καιρὸν

2041 5408 2246 5476 γένοιτο
2275 5410 2367 5462 καὶ
2394 5412 2503 5474 τοῖς
2540 5411 2936 5481 ἁμαρτάνουσιν
2973 5408 3260 5479 εὐημερία,
3298 5407 3393 5460 καὶ
3415 5410 3523 5468 τοῖς

2042 5500 2281 5554 εὐσεϐέσι
2312 5501 2566 5571 διωγμός.
2595 5501 2757 5554 Οὐδὲν
2779 5502 2887 5572 γὰρ
2911 5501 3113 5555 τούτων
3145 5496 3403 5560 ὡσαύτως
3431 5495 3521 5576 μέν
