3946 6222
347 264 454 324 ων

1441 269 1806 327 EXPOSITIO
1846 273 1911 327 IN
1948 275 2276 331 PSALMUM
2319 275 2502 333 XCIII.

3464 285 3570 339 ιιο

413 398 515 447 νει,
541 380 678 437 ἀλλά
704 381 1082 453 μεταϐαλεῖται
1102 397 1117 412 ο
1143 383 1255 444 τοῖς
1286 382 1383 452 μὲν
1411 385 1443 453 ή
1471 384 1649 452 θλίψις
1676 387 1757 449 είς
1775 386 1891 439 aldi-

2077 388 2268 445 eorum
2303 392 2502 462 quippe
2529 392 2719 447 eadem
2757 392 3069 447 conditione
3091 403 3291 459 manet,
3321 398 3415 452 sed
3445 416 3566 453 mu-

412 489 522 526 νιον
551 474 850 528 ἀπόλαυσιν
878 473 1095 539 ἀγαθῶν
1113 513 1127 536 ,
1154 477 1265 536 τοῖς
1280 473 1337 527 δὲ
1363 475 1500 543 μετά
1532 477 1591 529 τὸ
1627 477 1814 531 δοκοῦν
1839 479 1906 533 τὰ

411 564 623 636 χρηστά
660 565 740 626 είς
779 565 1164 634 ἀτελευτήτους
1210 564 1417 629 αἰῶνας.
1450 569 1482 638 ή
1528 564 1771 633 κόλασις.
1813 574 1908 624 Τε-

409 654 593 723 τράδα
618 654 681 721 δὲ,
702 654 1017 709 Σαϐϐάτων
1043 656 1442 727 ἐπιγέγραπται
1463 697 1478 723 ,
1532 657 1620 711 διά
1651 660 1713 713 τὸ
1743 661 1800 713 ὲν
1829 662 1906 731 τῷ

408 743 649 813 τετάρτῳ
690 746 851 816 μηνί·
901 744 1022 798 ἀντὶ
1077 744 1186 816 γὰρ
1231 747 1323 799 τοῦ
1359 748 1525 820 μηνὸς
1556 749 1652 820 τὴν
1693 751 1905 821 ἡμέραν

407 833 649 888 τέθεικεν
679 838 737 889 ἐν
838 838 903 906 τῇ
934 834 1028 889 τοῦ
1058 836 1194 889 Θεοῦ
1229 839 1380 892 πόλει
1426 840 1524 912 τὴν
1558 840 1730 913 ἀρχὴν
1756 844 1905 911 γενέ-

408 925 530 979 σθαι
549 925 659 979 τῶν
688 926 1008 999 συμφορῶν,
1041 929 1100 982 ὲν
1150 929 1324 1001 τούτῳ
1363 932 1903 1003 ἐπιστρατευσάντων

406 1013 775 1080 Βαϐυλωνίων,
796 1016 871 1080 ὡς
905 1016 1169 1086 Ἱερεμίας
1199 1019 1421 1091 ἱστορεῖ.

336 1222 342 1257 ς
402 1195 543 1262 Θεὸς
583 1195 948 1264 ἐκδικήσεων
1004 1198 1240 1265 Κύριος,
1275 1201 1307 1251 d
1348 1198 1491 1264 Θεὸς
1533 1197 1902 1263 ἐκδικήσεων

340 1286 842 1354 ἐπαρρησιάσατο.
888 1289 1099 1366 Ὠσπερ
1142 1290 1272 1352 Θεὸς
1303 1290 1601 1360 οἰκτίρμων
1636 1292 1773 1354 ἐστὶ,
1808 1292 1901 1344 καὶ

339 1377 464 1440 Θεὸς
491 1378 905 1449 παρακλήσεων,
937 1380 1077 1433 οὕτω
1099 1381 1191 1433 καὶ
1218 1378 1349 1443 Θεὸς
1380 1379 1733 1451 ὲκδικήσεων.
1790 1381 1902 1433 Καὶ

337 1468 514 1531 πάλιν,
570 1468 729 1522 τοῦτο
760 1470 817 1523 δὲ
846 1471 929 1524 ὲν-
961 1472 1229 1543 προοιμίῳ
1272 1470 1617 1543 παραμυθίαν
1662 1471 1900 1542 μεγάλην

337 1561 437 1622 τοῖς
465 1562 531 1613 ὲκ
551 1559 661 1612 τῶν
695 1560 924 1631 θλίψεων
950 1563 1304 1636 ἀκηδιάσασιν
1331 1562 1790 1636 ἀπεργαζόμενος.
1828 1566 1900 1619 Τὸ

333 1653 388 1706 δὲ
407 1692 422 1715 ,
453 1653 940 1731 ἐπαρρησιάσατο
958 1695 974 1721 ,
994 1655 1113 1726 ,τὴν
1141 1655 1278 1726 μετά
1307 1654 1479 1709 ταῦτα
1501 1655 1593 1708 ἐπὶ
1629 1654 1725 1709 τοῦ
1754 1655 1897 1715 θείου

2080 491 2262 538 tatur:
2296 486 2380 540 liis
2410 486 2650 555 quidem,
2690 486 2938 553 angustia
2966 485 3017 538 in
3055 496 3368 555 perpetuam
3395 490 3566 545 bono-

2078 591 2199 629 rum
2232 578 2667 646 possessionem;
2697 578 2804 632 illis
2827 580 3007 631 antem
3036 593 3134 647 pro
3159 579 3461 649 b'onis'quae
3490 584 3565 636 vi-

2076 668 2344 723 debantur
2372 670 2593 734 habere,
2630 670 2954 739 supplicium
3012 670 3064 724 in
3094 672 3303 727 inﬁnita
3346 675 3561 730 saecula.

2080 757 2284 823 Quarta
2328 768 2505 813 autem
2556 757 2905 813 Sabbatorum
2954 760 3248 829 inscriptus
3286 772 3370 816 est
3418 766 3564 831 psal-

2073 864 2195 903 mus
2219 889 2233 911 ,
2292 848 2419 918 quia
2456 859 2651 918 quarto
2684 864 2873 903 mense
2919 850 3144 919 contigit
3183 852 3303 917 (die
3359 853 3564 907 scilicet

2073 954 2171 1008 pro
2201 954 2386 994 mense
2417 939 2640 1007 posito),
2671 948 2729 992 ut
2756 939 2959 993 civitati
2986 938 3081 993 Dei
3105 941 3317 995 initium
3343 944 3563 998 calami-

2075 1038 2242 1080 tatum
2276 1029 2500 1091 veniret,
2531 1028 2906 1084 obsidentibus
2931 1029 3260 1100 Babyloniis,
3288 1041 3349 1087 ut
3376 1048 3562 1090 narrat

2070 1116 2353 1173 Jeremias.
2888 1132 2891 1137 '
3244 1112 3250 1127 '
3312 1132 3317 1137 ‘
3454 1132 3493 1139 ·’
3596 1188 3601 1195 δ

2000 1250 2005 1257 .
2062 1210 2114 1263 1.
2138 1208 2276 1262 Deus
2301 1210 2558 1263 ultionum
2588 1209 2844 1263 Dominus
2869 1248 2884 1272 ,
2913 1209 3053 1264 Deus
3098 1212 3364 1265 ultionum
3400 1214 3561 1271 libere

1999 1304 2120 1372 egit.
2166 1299 2637 1366 Quemadmodum
2693 1313 2777 1357 est
2825 1302 2967 1358 Deus
3011 1305 3449 1372 miserationum,
3509 1320 3561 1364 et

1999 1393 2143 1449 Deus
2184 1394 2642 1456 consolationum,
2676 1396 2749 1449 ita
2802 1404 2857 1450 et
2913 1394 3056 1450 Deus
3107 1397 3393 1452 ultionum.
3446 1398 3559 1456 Hoc

1999 1493 2180 1539 autem
2213 1485 2267 1539 in
2290 1484 2557 1555 prooemio
2593 1485 3108 1554 positum‘magnam
3138 1488 3558 1546 iis'con‘solatio-

1999 1592 2121 1632 nem
2167 1575 2323 1632 aﬂ‘ert
2362 1577 2456 1646 qui
2487 1576 2539 1629 vi
2589 1576 2954 1630 calamitatum
2997 1577 3050 1631 in
3096 1593 3349 1649 angorem
3385 1583 3558 1651 conji-

1997 1667 2235 1723 ciuntur.
2292 1668 2429 1722 Illud
2457 1671 2637 1722 autem
2676 1687 2689 1722 :
2730 1666 2911 1721 Libera
2958 1668 3083 1737 egit,
3125 1662 3447 1727 sententiam
3500 1673 3556 1726 in

331 1743 675 1817 δικαστηρίου
712 1747 1007 1817 γενομένην
1058 1747 1330 1816 ἀπόφασιν
1367 1745 1509 1800 κατά
1539 1746 1648 1800 τῶν
1688 1747 1891 1801 ἀσεϐῶν

2007 1759 2180 1813 divino
2212 1757 2473 1813 tribunali
2503 1767 2692 1813 contra
2724 1758 2922 1828 impios
2954 1770 3140 1829 postea
3177 1761 3451 1818 ferendam
3480 1764 3555 1820 si-

330 1835 497 1906 δηλοῖ,
535 1830 571 1911 ᾖ
596 1853 755 1908 φησι·
784 1838 1117 1906 Πορεύεσθε
1138 1839 1239 1894 ἀπ’
1284 1837 1451 1907 ἐμοῦ,
1481 1841 1534 1892 οἱ
1566 1839 1893 1909 κατηραμέ-

332 1945 444 1982 νοι.
1000 1976 1005 1981 .
1070 1978 1074 1987 ,
1138 1973 1149 1983 .
1252 1956 1263 1962 ·
1877 1969 1881 1977 .

324 2068 329 2071 ,
406 2019 649 2087 Ἀπόδος
678 2020 1090 2076 ἀνταπόδοσιν
1146 2021 1271 2086 τοῖς
1315 2022 1737 2093 ὑπερηφάνοις.
1785 2023 1891 2076 Εὐ-

327 2110 423 2182 χὴν
452 2110 595 2182 ὑπὲρ
620 2110 729 2164 τῶν
754 2110 1082 2180 θλιϐομένων
1125 2109 1472 2182 ἀναπέμπει,
1502 2111 1683 2168 ,αἰτῶν
1713 2110 1893 2174 αὐτοῖς

327 2202 643 2273 ἐπικουρίαν
672 2202 771 2273 τὴν
807 2202 960 2273 παρά
981 2200 1073 2253 τοῦ
1107 2201 1272 2271 μόνου,
1295 2200 1564 2271 ἰσχύοντος
1594 2201 1747 2255 Θεοῦ.

395 2294 551 2357 Ἕως
577 2292 721 2347 πότε
752 2284 1088 2362 ἁμαρτωλοί
1117 2291 1567 2361 καυχήσονται;
1614 2294 1724 2364 Τὴν
1764 2310 1892 2363 σφο-

323 2385 453 2455 δράν
509 2368 913 2456 ἀμνησικακίαν
957 2384 1052 2437 καὶ
1095 2383 1533 2456 ὑπερόἀλλουσαν
1570 2385 1658 2439 διὰ
1688 2385 1892 2461 τούτων

326 2476 723 2549 κατασημαίνει
752 2477 844 2530 τοῦ
868 2475 1025 2530 Θεοῦ.
1302 2511 1309 2518 ι

394 2569 509 2623 Τὸν
531 2570 688 2623 λαόν
708 2585 845 2633 σου,
889 2569 1098 2637 Κίιριε,
1132 2568 1563 2625 ἐταπείνωσαν.
1603 2570 1696 2632 Εἰς
1732 2570 1891 2641 ζῆλον

321 2660 409 2712 τὸν
439 2659 582 2713 κατά
611 2659 950 2731 τῶνέχθοῷν
983 2659 1235 2731 διεγείρει
1268 2642 1359 2714 τὸν
1381 2660 1532 2725 Θεὸν,
1571 2661 1697 2714 λαὸν
1724 2662 1889 2716 αὑτοῦ

322 2752 411 2804 καὶ
446 2749 811 2822 κληρονομίαν
840 2749 977 2803 εἶναι
1014 2750 1186 2818 λέγων
1229 2749 1327 2823 τὴν
1366 2753 1708 2824 κακουμένην
1740 2754 1890 2825 παρὰ

325 2844 425 2898 τῶν
456 2842 692 2915 ἐχθρῶν.
778 2866 785 2872 ’
860 2869 888 2877 --
1224 2870 1228 2874 Α
1301 2872 1325 2889 ,ι
1406 2894 1413 2900 ,
1494 2896 1503 2904 θ
1564 2874 1571 2882 .

308 2954 315 2984 ;
385 2933 593 3005 Χήραν
622 2933 720 2988 καὶ
746 2934 1010 3003 ὀρφανὸν
1031 2934 1405 2989 ἀπέκτειναν.
1429 2936 1646 2990 Τούτων
1676 2936 1888 3009 εἴρηται

322 3027 354 3099 ή
383 3025 651 3099 ἑρμηνεία
680 3026 737 3078 ὲν
763 3023 840 3096 τῷ
872 3025 1128 3097 ἀνωτέρῳ
1164 3025 1358 3098 στίχῳ,¹
1387 3026 1541 3096 ὅμως.
1568 3023 1886 3095 λεχθήσεται

1994 1847 2230 1919 gniﬁcat,
2249 1862 2355 1918 qua
2381 1848 2458 1902 ait
2490 1863 2503 1899 :
2536 1848 2795 1901 Discedite
2818 1864 2852 1901 a
2882 1865 2982 1913 me,
3014 1849 3281 1905 maledicti
3311 1852 3376 1907 ⁸⁷.

1990 2078 2013 2083 .,
2062 2027 2119 2082 2.
2153 2026 2331 2082 Redde
2359 2027 2754 2081 retributionem
2776 2028 3032 2098 superbis.
3066 2029 3169 2084 Pro
3199 2029 3407 2085 amictis
3431 2046 3555 2100 pre-

1991 2129 2169 2186 catur,
2202 2136 2402 2191 rogans
2426 2135 2508 2176 eis
2543 2121 2807 2175 auxilium
2850 2137 2880 2175 a
2919 2121 3030 2176 Deo
3075 2121 3168 2191 qui
3216 2122 3366 2177 solus
3411 2124 3556 2179 valet

1991 2227 2148 2283 opem
2176 2212 2338 2267 ferre.

1990 2343 1997 2349 -
2064 2306 2117 2360 5.
2152 2307 2417 2377 Usquequo
2459 2317 2754 2375 peccatores
2807 2308 3213 2377 gloriabuntur?
3270 2306 3426 2363 Hisce
3469 2310 3552 2362 in-

1991 2407 2204 2468 gentem
2239 2397 2334 2451 Dei
2383 2398 2745 2453 clementiam
2772 2410 2826 2452 et
2867 2398 3187 2467 injuriarum
3222 2399 3549 2452 oblivionem

1990 2486 2295 2556 signiﬁcat
2434 2516 2439 2521 -
2920 2492 2927 2495 '
2974 2506 2979 2511 δ

2010 2612 2017 2621 .
2063 2576 2117 2630 5.
2161 2576 2425 2647 Populum
2487 2586 2655 2644 tuum,
2714 2577 2954 2643 Domine,
2995 2579 3418 2633 humiliaverunt.
3471 2579 3548 2634 Ad

1990 2670 2127 2724 iram
2163 2670 2423 2724 adversus
2479 2670 2731 2741 inimicos
2788 2670 2957 2724 Deum
3009 2671 3266 2737 concitat,
3300 2670 3429 2725 dum
3474 2674 3552 2724 alt

1980 2749 2248 2831 pepulum
2274 2748 2328 2815 et
2360 2760 2727 2816 haereditatem
2752 2762 2873 2832 ejus
2899 2776 3021 2817 esse
3049 2777 3172 2831 quae
3202 2761 3457 2832 afﬂigitur
3480 2760 3549 2815 ab

1988 2852 2245 2906 inimicis.

1978 2974 1987 2984 ι
2059 2946 2114 3001 6.
2158 2943 2378 2999 Viduam
2401 2953 2453 2998 et
2494 2946 2748 2998 advenam
2792 2944 3185 3013 interfecerunt.
3221 2942 3424 2998 Horum
3466 2944 3551 2997 iu-

1991 3038 2305 3108 terpretatio
2345 3038 2509 3092 allata
2542 3045 2627 3092 est
2666 3039 2722 3091 in
2752 3037 3035 3107 superiori
3083 3052 3268 3104 versu,
3308 3048 3549 3093 attamen

324 3120 410 3172 καὶ
433 3115 613 3182 αὖθις.
644 3118 832 3188 Χήραν
862 3117 1041 3188 ψυχὴν
1085 3119 1181 3171 καὶ
1216 3117 1552 3189 προσήλυτον
1594 3114 1718 3170 νοῦν
1754 3116 1888 3168 ἀπο-

2007 3131 2153 3185 :tiam
2187 3146 2333 3185 nunc
2376 3130 2613 3184 dabitur.
2641 3118 3145 3184 Viduamh‘a‘nimam
3193 3138 3248 3183 et
3283 3130 3548 3184 advenam

320 3210 514 3263 κτείνει
533 3211 563 3263 ὁ
582 3208 768 3272 κακῶς
798 3206 897 3271 τὰς
927 3206 1078 3267 θείας
1102 3204 1334 3279 Γραφάς
1357 3206 1736 3278 ἐξηγούμενος.
1756 3206 1888 3277 ,Ὀρ-

322 3301 479 3371 φανὸς
499 3300 559 3355 δέ
580 3301 697 3354 ἐστι
727 3298 852 3362 νοῦς
876 3299 1240 3370 ἐστερημένος
1264 3299 1516 3370 οὐρανίου
1545 3296 1779 3368 Πατρός.
1840 3328 1863 3353 -.

302 3507 315 3515 “
382 3499 599 3569 Kbptoc
619 3496 891 3567 γινώσκει
913 3496 1053 3563 τοὺς
1073 3496 1499 3567 διαλογισμοὺς
1522 3495 1643 3550 τῶν
1666 3494 1891 3565 ἀνθρώο

320 3604 458 3653 πων,
495 3588 588 3643 ὅτι
624 3587 744 3643 εισὶ
780 3588 1039 3658 μάταιοι.
1077 3587 1201 3651 Πῶς
1236 3586 1345 3659 γὰρ
1390 3586 1488 3640 οῦκ
1521 3588 1629 3639 εἰσι
1667 3586 1889 3657 ματαιό-

317 3699 467 3755 τητος
497 3682 734 3755 πλήρεις
755 3682 811 3735 αἱ
836 3679 1118 3751 αἰσθήσεις
1142 3681 1345 3733 ἐκεῖναι
1365 3719 1379 3745 ,
1412 3681 1467 3732 αἱ
1498 3679 1598 3749 τῆς
1634 3674 1888 3750 προνοίας

317 3777 375 3831 τὸ
400 3776 681 3846 ὠφέλιμον
706 3772 968 3845 ἐξορίζειν
993 3768 1369 3842 ἐπιχειροῦσαι
1394 3764 1488 3824 τοῦ
1517 3770 1710 3841 λόγου;
1814 3796 1819 3803 -

295 3879 299 3883 ’
381 3864 1018 3936 Μακάριοςᾶνθρωπος
1055 3863 1127 3916 ὃν
1167 3862 1263 3917 ἂν·
1291 3863 1644 3929 παιδεύσῃς,
1690 3863 1884 3931 Κύριε.
1965 3882 1971 3905 τ

298 3968 299 3975 ‘
328 3960 547 4013 Ἐκεῖνοι
574 3958 676 4030 μὲν
696 3956 865 4012 ἄθλιοι
883 3957 976 4009 καὶ
996 3950 1258 4020 ταπεινοὶ,
1280 3956 1462 4025 φησὶν,
1484 3956 1532 4007 οί
1557 3955 1655 4026 τὴν
1686 3955 1785 4027 σὴν
1813 3953 1886 4026 μὴ

316 4052 592 4123 δεχόμενοι
618 4048 883 4103 παιδείαν.
907 4048 1182 4118 Μακάριοι
1208 4046 1265 4100 δὲ
1290 4048 1340 4101 ol
1364 4046 1517 4118 παρὰ
1546 4046 1641 4100 σοῦ
1671 4046 1887 4100 παιδευ-

315 4144 510 4210 θέντες,
546 4143 649 4197 καὶ
686 4145 750 4196 ὲκ
774 4140 869 4194 τοῦ
907 4140 1000 4195 σοῦ
1026 4140 1360 4210 διδαχθέντες
1382 4136 1575 4211 νόμον.¹
1596 4132 1756 4193 Οὗτοι
1778 4138 1887 4210 γὰρ

314 4235 374 4307 δὴ
399 4237 490 4290 καὶ
528 4238 595 4288 ὲν
622 4237 745 4298 ταῖς
773 4232 983 4303 θλίψεσι
1032 4231 1397 4303 πραϋνθέντες
1434 4231 1885 4302 κουφισθήσονται

315 4326 414 4380 τῶν
439 4325 707 4398 ἀνιαρῶν,
739 4324 956 4389 εἰδότες,
992 4322 1072 4376 ὅτι
1092 4320 1163 4375 αἱ
1193 4320 1425 4392 θλίψεις
1452 4322 1530 4385 είς
1565 4321 1767 4390 ἀγαθὸν
1793 4338 1885 4374 τε-

312 4417 572 4472 λευτῶσαι
605 4416 945 4488 ὲκϐήσονται.
974 4406 1239 4486 ΔἩμέρας
1272 4413 1513 4485 πονηρὰς
1551 4413 1651 4477 τάς
1673 4414 1883 4485 ἡμέρας

312 4510 405 4582 τῆς
425 4511 666 4582 κρίσεως
694 4508 862 4576 λέγει.
1050 4518 1057 4525 “
1264 4521 1270 4527 θ
1348 4540 1356 4546 .
1490 4543 1497 4549 .
1540 4541 1547 4547 ,
1672 4534 1681 4547 .

313 4691 582 4756 τοσούτου,
618 4692 804 4761 φησιν,
830 4692 876 4742 οἱ
907 4686 1283 4749 παιδευθέντες
1316 4684 1663 4757 θαρροῦντες
1684 4685 1881 4755 ὑπομε-

315 4782 457 4836 νοῦσι
483 4782 586 4846 τὰς
617 4781 844 4851 θλίψεις,
873 4781 1083 4849 μέχρις
1124 4774 1201 4833 ὀὗ
1237 4776 1314 4841 τῷ
1342 4776 1664 4846 ἁμαρτωλῷ
1681 4775 1879 4846 ὠρυγῇ

307 4874 544 4943 βόθρος,
568 4874 871 4937 τουτέστιν,
923 4875 1001 4934 είς
1044 4871 1104 4924 τὸ
1125 4869 1520 4941 ἡτοιμασμένον
1550 4867 1694 4937 αὐτῷ
1724 4868 1883 4921 κολα-

316 4969 526 5037 στήριον
557 4969 587 5021 ὁ
606 4964 926 5036 ἁμαρτωλὸς
955 4963 1163 5034 βαδίσῃ.
1203 4961 1549 5032 Ἀμαρτωλὸν
1569 4960 1626 5013 δὲ
1649 4962 1737 5013 τὸν
1780 4961 1883 5013 Σα·

313 5052 479 5109 τανᾶν
503 5072 696 5127 φησιν,
723 5056 841 5126 ἦτοι
864 5057 1042 5108 πᾶσαν
1073 5050 1448 5124 ἀντικειμένην
1472 5053 1718 5124 δύναμιν.
1766 5092 1771 5096 ι

378 5148 505 5203 Ὅτι
554 5151 671 5202 οὐκ
722 5147 1021 5202 ἀπώσεται
1053 5148 1264 5214 Κύριος
1313 5145 1421 5199 τὸν
1471 5145 1641 5206 λαὸν,
1668 5146 1853 5199 αὐτοῦ
1956 5185 1964 5195 .

312 5238 473 5301 Ϊοῦτο
496 5240 709 5295 ἐκείνου
738 5240 803 5294 ἂν
826 5240 908 5311 εἴη
940 5239 1189 5302 ἀπόδοσις
1223 5235 1316 5301 τοῦ
1355 5228 1739 5309 εἰρημένουὲν
1766 5239 1873 5300 τοῖς

312 5326 562 5399 ἀνωτέρω
582 5344 599 5358 ο
636 5329 748 5382 Τὸν
775 5330 927 5383 λαόν
948 5342 1085 5391 σου,
1114 5329 1308 5394 Κύριε,
1343 5327 1751 5379 ἐταπείνωσαν
1779 5327 1875 5380 καὶ

312 5415 419 5483 τὴν
453 5421 866 5488 κληρονομίαν
905 5435 1019 5474 σου
1057 5418 1389 5472 ἐκάκωσαν.
1438 5416 1548 5470 Καὶ
1583 5415 1697 5485 τὴν
1731 5421 1876 5484 κλη-

308 5510 595 5577 ρονομίαν
616 5511 802 5565 αὐτοῦ
840 5514 949 5565 οὐκ
985 5508 1420 5580 ἐγκαταλείψει.
1453 5505 1622 5560 Τοῦτο
1648 5507 1738 5560 τοῦ
1769 5508 1878 5561 ἅνω

374 5682 415 5720 ’τ
462 5680 659 5737 Matth.
703 5694 826 5742 xxv,
856 5678 944 5738 II.
1024 5678 1068 5709 ⁸⁸
1093 5691 1233 5731 vers.
1266 5676 1316 5729 5.

1912 4471 1959 4527 Ι)

378 4602 531 4665 Ἕως
565 4595 642 4655 οὗ
695 4596 893 4666 ὠρυγῇ
929 4594 1010 4661 τῷ
1043 4593 1365 4665 ἁμαρτωλῷ
1388 4592 1651 4661 βόθρος.
1678 4593 1877 4667 μΜέχρι
1962 4616 1973 4622 ·

1964 4682 2121 4754 ἠυίι,
2151 4683 2243 4753 qui
2262 4681 2587 4736 erudiuntur
2608 4694 2732 4745 cum
2764 4678 2960 4731 Iiducia
2992 4689 3265 4739 aerumnas
3289 4674 3540 4739 tolerant,

1974 3218 2223 3278 mentem
2247 3220 2520 3285 interﬁcit,
2554 3222 2645 3291 qui
2672 3216 2842 3291 prave
2863 3221 3087 3276 divinas
3120 3215 3429 3291 Scripturas
3460 3222 3550 3277 in-

1989 3323 2340 3385 terpretatur.
2374 3313 2623 3384 Pupillus
2653 3322 2835 3369 autem
2872 3322 2955 3369 est
2980 3313 3197 3368 animus
3218 3314 3423 3368 caelesti
3455 3313 3550 3367 Pa-

1986 3416 2069 3462 tre
2095 3408 2358 3476 privatus.
2382 3421 2398 3429 ‘
2574 3442 2579 3447 ο
2625 3420 2631 3427 ·

1972 3526 1979 3534 ι
2059 3498 2146 3551 II.
2176 3497 2431 3551 Dominus
2454 3497 2552 3551 scit
2590 3496 2926 3566 cogitationes
2956 3496 3222 3550 hominum
3241 3536 3255 3560 ,
3299 3498 3549 3567 quoniam

1986 3607 2133 3645 vanw
2159 3600 2299 3644 sunt.
2327 3588 2612 3656 Quomodo
2639 3599 2816 3644 autem
2840 3605 2950 3642 non
2973 3598 3100 3644 sunt
3124 3590 3361 3643 vanitate
3378 3588 3548 3657 plenae

1987 3683 2351 3759 cogitationes
2380 3681 2515 3745 illae;
2532 3696 2654 3750 quae
2692 3672 3043 3750 providentiae
3072 3681 3358 3735 utilitatem
3388 3695 3548 3750 repu-

1986 3775 2137 3829 diare
2157 3773 2376 3828 student
2400 3787 2431 3825 ιι
2453 3772 2742 3826 sermone?
2972 3812 2975 3817 .
3112 3813 3116 3817 .
3184 3812 3203 3824 ..

2054 3867 2144 3921 ιε.
2189 3866 2387 3919 Beatus
2431 3865 2583 3918 homo
2625 3880 2773 3933 quem
2795 3873 2850 3917 tu
2877 3862 3152 3929 erudieris,
3187 3862 3420 3915 Domine.
3441 3858 3544 3923 Hii.

1987 3959 2186 4028 inquit,
2224 3956 2410 4010 miseri
2461 3965 2517 4010 et
2545 3955 2765 4024 abjecti,
2819 3955 3100 4024 quituam
3150 3953 3545 4007 institutionem

1987 4066 2094 4105 non
2125 4047 2440 4103 admittunt.
2465 4045 2612 4100 Beati
2640 4054 2816 4098 autem
2840 4052 2969 4098 sunt
3001 4043 3095 4113 qui
3140 4058 3170 4096 a
3212 4050 3262 4096 te
3285 4042 3545 4102 erudiun-

1965 4151 2097 4206 tur,
2125 4149 2178 4196 et
2201 4155 2270 4195 ex
2295 4148 2385 4195 tua
2412 4138 2869 4209 lege-edocentur.
2907 4137 2987 4190 Illi
3010 4137 3160 4191 enim
3203 4136 3257 4190 in
3287 4136 3545 4192 aerumnis

1987 4230 2599 4287 mansuetiores’eﬂecti
2627 4270 2642 4294 ,
2679 4229 3003 4283 levabantur
3050 4228 3340 4301 molestiis,
3390 4229 3544 4298 gnari

1988 4324 2365 4381 tribulationes
2396 4322 2518 4379 illas
2547 4321 2761 4375 tandem
2792 4322 2846 4374 in
2875 4320 3081 4375 bonum
3117 4334 3389 4375 cessuras.
3421 4318 3545 4374 Dies

1988 4418 2164 4471 malos
2184 4416 2317 4471 dicit
2344 4414 2460 4468 dies
2486 4411 2697 4482 judicii.

2059 4592 2142 4649 I5.
2170 4590 2340 4643 Donec
2359 4588 2596 4655 fodiatur
2613 4584 2875 4654 peccaturi
2905 4582 3071 4651 fovea.
3112 4555 3423 4652 Hucusque,
3464 4583 3544 4636 iu-

1984 4776 2146 4829 donec
2184 4774 2425 4844 fodiatur
2448 4770 2710 4840 peccatori
2739 4768 2968 4838 fovea,id
3000 4778 3103 4830 est,
3141 4767 3315 4821 donec
3344 4765 3413 4819 ad
3450 4765 3543 4819 de-

1986 4875 2230 4938 putatum
2264 4863 2366 4931 ipsi
2415 4860 2740 4930 supplicium
2779 4868 3028 4927 peccator
3068 4860 3309 4914 accedat.
3341 4856 3539 4911 Pecca-
3583 4879 3586 4883 ’

1989 4970 2158 5013 torem
2185 4963 2365 5010 autem
2392 4954 2523 5007 dicit
2565 4952 2845 5014 Satanam,
2874 4951 2987 5005 sive
3039 4965 3255 5005 omnem
3290 4948 3542 5002 adversa-

1987 5051 2122 5103 riam
2145 5053 2487 5116 potestatem.
2703 5090 2711 5100 ,
2795 5072 2819 5083 η
3376 5102 3394 5107 η
3429 5078 3437 5085 .

2050 5139 2135 5195 14.
2167 5136 2319 5205 Quia;
2339 5152 2441 5189 non
2462 5131 2678 5201 repellet
2709 5130 2964 5185 Dominus
3005 5129 3202 5199 plebem
3230 5122 3542 5199 suamJloc

1981 5237 2180 5288 donum
2199 5230 2302 5284 erit
2322 5228 2441 5297 ejus
2459 5228 2525 5281 de
2540 5241 2651 5295 quo
2673 5223 3122 5294 insuperioribus
3144 5220 3404 5294 °"fdictum
3423 5225 3506 5271 est
3523 5234 3536 5271 :

1982 5322 2244 5392 Populum
2271 5329 2438 5383 tuum,
2469 5318 2713 5380 Domine,
2740 5315 3145 5367 Itumiliuverunt
3167 5319 3217 5363 et
3250 5307 3537 5361 haeredita-

1983 5423 2084 5467 tem
2140 5420 2284 5465 tuam
2342 5417 2673 5464 vexaverant.
2720 5406 2790 5459 Et
2835 5402 3191 5459 Itwreditatem
3236 5416 3388 5453 suam
3435 5415 3538 5454 non

1956 5504 2320 5575 -derelinquet.
2362 5503 2476 5560 Iloc
2503 5517 2568 5558 ex
2598 5499 2877 5573 superiore
2898 5506 3062 5551 'versu
3093 5494 3290 5551 pendet
3324 5510 3338 5546 :
3398 5492 3539 5561 Quia
