3946 6222
345 254 447 308 ,ιιι
1179 255 1237 313 S.
1276 256 1648 315 ATHANASII
1685 259 1835 316 OPP.
1876 261 2057 317 PARS
2094 261 2183 316 111.
2224 295 2290 303 -
2326 262 2735 322 EXEGETICA.
3130 304 3135 310 ι
3467 271 3571 326 412

349 385 452 422 non
485 367 693 437 repellet
717 368 975 426 Dominus
1003 372 1201 442 plebem
1235 391 1408 431 suam.
1439 376 1606 443 Quasi
1654 379 1860 434 diceret
1888 398 1903 436 ι

2043 381 2189 452 τίχου
2230 383 2480 453 ἤρτηται,
2513 381 2628 445 τοῦ,
2671 384 2800 435 Ὅτι
2853 385 2963 437 οὐκ
3009 382 3309 439 ἀπώσεται
3361 391 3573 456 Κύριος

348 460 631 519 Custodiet
663 464 919 533 populum
950 479 1110 519 suum
1156 470 1304 522 omni
1357 470 1721 525 tribulationis
1774 480 1912 526 tem-

2041 471 2117 524 ὸν
2149 472 2303 526 λαὸν
2340 472 2547 527 αὐτοῦ.
2604 473 2745 526 Ὢσεὶ
2773 472 2952 541 λέγοιο
2978 474 3242 541 Φυλάξει,
3289 479 3443 548 φησὶ,
3481 479 3574 534 τὸν

348 569 498 622 pore.
524 552 591 608 Et
618 569 684 609 eo
709 571 883 626 usque
915 557 1238 626 gubernabit
1259 569 1313 614 et
1350 561 1598 627 deducet,
1626 562 1802 618 donec
1829 563 1913 617 dl-

2044 560 2134 613 αδν
2173 560 2337 615 αὐτοῦ
2371 561 2548 615 πάντα
2575 562 2675 632 τῆς
2715 562 2943 631 θλίψεως
2972 563 3063 617 τὸν
3095 565 3306 636 καιρόν.
3336 567 3446 620 Καὶ
3482 569 3575 639 μὲ-

348 645 535 700 vinum
568 647 930 702 constituatur
954 648 1217 706 tribunal.
1250 649 1479 726 Quando
1505 662 1685 708 autem
1717 654 1772 708 in
1809 654 1914 710 hoc

2041 668 2101 720 pi
2121 649 2373 705 τοσούτου
2399 649 2808 723 διακυϐερνήσει
2844 654 2935 707 καὶ
2965 654 3345 726 καθοδηγήσει,
3371 657 3476 720 ἓως
3513 659 3577 711 τὸ

350 737 561 805 justitia
606 737 721 793 sive
753 739 1007 796 Christus
1043 742 1271 806 sedebit,
1330 724 1520 800 omlnes
1566 747 1697 801 recti
1751 747 1915 801 corde

2041 745 2155 795 eiov
2186 741 2385 814 καθίσῃ
2422 743 2788 816 δικαστήριον.
2851 747 3099 800 Ἐπειδὰν
3140 747 3197 801 δὲ
3226 724 3316 812 είς
3352 749 3506 804 τοῦτο
3538 754 3574 823 ἡ

353 843 521 897 prope
572 830 750 898 ipsum
806 831 1086 898 accedent,
1113 832 1269 903 juxta
1294 835 1422 889 illud
1455 853 1469 890 :
1501 835 1765 901 Quoniam
1809 837 1913 908 ipsi

353 920 525 974 Deum
550 921 791 975 videbunt
818 924 897 976 “:
930 922 1003 977 ita
1018 924 1165 979 enim
1194 941 1309 981 rem
1336 926 1616 983 declarant
1644 944 1765 999 quae
1787 929 1916 985 sub—

356 1022 678 1082 sequuntur.

425 1196 511 1250 i5.
536 1195 887 1267 Quoadusque
926 1195 1148 1268 iustitia
1175 1209 1508 1255 convertatur
1550 1204 1603 1256 in
1628 1203 1912 1273 judicium.

355 1286 538 1342 Donec
568 1286 825 1344 Christus
850 1288 1063 1358 judicet
1094 1293 1378 1347 mundum.
1412 1291 1531 1359 Ipse
1554 1308 1790 1364 namque
1833 1295 1917 1364 {a-

354 1386 470 1431 ctus
501 1391 576 1433 est
610 1380 758 1434 nobis
787 1382 1046 1450 sapientia
1068 1400 1101 1437 a
1129 1383 1258 1448 Deo,
1278 1385 1512 1454 justitia,
1538 1388 1917 1457 sanctiﬁcatio,

358 1474 638 1542 redemptio
658 1475 702 1506 ⁷⁸
733 1494 747 1531 :
783 1485 832 1530 et
859 1476 1122 1547 judicium
1153 1495 1302 1533 omne
1331 1479 1474 1534 dedit
1498 1481 1583 1537 illi
1612 1480 1776 1536 Pater
1802 1483 1871 1536 τί.

426 1652 514 1707 16.
552 1653 683 1720 Quis
733 1667 1005 1727 consurget
1057 1658 1185 1713 mihi
1239 1659 1487 1715 adversus
1520 1652 1920 1744 malignantes?

2011 839 2322 910 δικαιοσύνη
2354 840 2570 912 καθίσῃ,
2603 842 2844 896 τουτέστι
2886 844 3117 914 Χριστὸς
3143 884 3157 908 ,
3203 844 3402 910 πάντες
3443 845 3579 918 πλη-

2017 931 2128 983 σίον
2161 932 2327 1002 αὐτῆς
2353 933 2671 1002 γενήσονται
2691 936 2740 986 oi
2775 933 2949 998 εὐθεῖς
2980 937 3046 1006 τῇ
3071 935 3296 1007 καρδίᾳ,
3331 936 3471 990 κατά
3491 938 3576 1001 τὸ,

2017 1021 2146 1073 ’Ὅτι
2174 1017 2337 1075 οὗτοι
2365 1020 2474 1074 τὸν
2512 1021 2662 1076 Θεὸν
2687 1022 2958 1091 ὄψονται.
2990 1023 3145 1077 Οὕτω
3176 1023 3283 1096 γὰρ
3320 1024 3471 1098 δηλοῖ
3510 1026 3580 1080 τὰ

2016 1112 2273 1181 ἑπόμενα.

2089 1205 2242 1271 Ἕως
2270 1202 2343 1262 οὗ
2369 1205 2717 1274 δικαιοσύνη
2732 1205 3064 1277 ἐπιστρέψῃ
3085 1208 3172 1274 είς
3196 1208 3416 1276 κρίσιν.
3436 1206 3603 1271 Ἕως¹

2017 1290 2078 1350 οὗ
2102 1298 2130 1350 6
2155 1298 2387 1369 Χριστὸς
2409 1300 2585 1370 κρινεῖ
2609 1297 2706 1369 τὴν
2730 1297 3073 1370 οἰκουμένην.
3102 1297 3276 1363 Αὐτὸς
3303 1297 3412 1369 γὰρ
3438 1298 3582 1368 ἡμῖν

2015 1386 2265 1457 ἐττνήθη
2285 1389 2473 1457 σοφία
2489 1388 2607 1443 ἀπὸ
2628 1388 2797 1454 Θεοῦ,
2820 1388 3169 1460 δικαιοσύνη
3207 1408 3271 1445 τε
3299 1391 3397 1445 καί
3414 1392 3580 1462 ἁγια-

2017 1477 2172 1549 σμὸς
2218 1479 2317 1533 καί
2341 1481 2792 1550 ἀπολύτρωσις·
2823 1482 2923 1536 καὶ
2966 1481 3082 1552 τὴν
3127 1484 3332 1552 κρίσιν
3370 1482 3438 1538 δὲ
3464 1484 3579 1541 πᾶ-

2017 1585 2139 1625 σαν
2173 1569 2332 1637 αὐτῷ
2356 1570 2613 1627 δέδωκεν
2639 1576 2674 1627 ὀ
2696 1571 2917 1641 Πατήρ.

2094 1664 2189 1730 Τίς
2210 1663 2619 1731 ἀναστήσεται
2633 1681 2736 1734 μοι
2762 1664 2861 1718 ἐπὶ
2880 1665 3410 1737 πονηρευομένοιςς
3434 1667 3581 1739 Αὕτη

358 1744 483 1801 llaec
541 1755 625 1801 est.
678 1747 998 1804 afﬂictarum
1040 1766 1165 1805 vox.
1205 1753 1297 1807 Ait
1345 1761 1570 1809 autem:
1609 1734 1915 1820 Quisﬁm‘i‘hi

2041 1753 2123 1807 ’ὧν
2152 1752 2539 1824 θλιεομένωνή
2574 1753 2747 1825 φωνή.
2782 1752 2944 1820 Λέγει
2972 1752 3030 1806 δέ
3054 1771 3068 1784 -
3096 1734 3193 1818 Τιξ
3228 1771 3318 1826 μοι
3357 1734 3584 1827 γένηταὶ

358 1838 644 1893 auxiliator
664 1839 827 1894 fuerit
852 1842 1116 1898 adversus
1135 1858 1231 1899 eos
1251 1843 1345 1913 qui
1374 1844 1511 1900 male
1534 1846 1588 1899 in
1608 1860 1694 1901 me
1714 1847 1922 1917 agunt?

364 1928 621 1999 Deinceps
650 1931 741 1985 ubi
774 1931 1065 2003 derepente
1091 1935 1263 1991 sensit
1294 1935 1420 2005 quis
1476 1937 1771 1992 auxiliator
1826 1939 1919 2004 sit,

358 2019 454 2085 ait,
473 2019 586 2090 jam
611 2022 738 2077 olim
761 2024 1000 2079 animam
1030 2025 1149 2095 ejus
1180 2026 1235 2081 in
1261 2026 1536 2083 infernum
1562 2028 1919 2100 dejiciendam

358 2109 550 2175 fuisse,
574 2114 681 2168 nisi
713 2113 807 2169 Dei
842 2114 1177 2186 adjutorium
1208 2128 1402 2175 nactus
1428 2129 1592 2177 esset.

430 2202 519 2258 18.
553 2201 613 2258 Si
657 2205 891 2258 dicebant
931 2225 946 2261 :
998 2205 1176 2262 Motus
1219 2219 1295 2263 est
1328 2226 1416 2280 pes
1448 2226 1611 2264 meus.
1655 2209 1793 2265 Dum
1837 2209 1921 2265 ai-

358 2290 557 2358 ﬂictus,
621 2294 816 2363 inquit,
871 2296 1243 2365 conspicerem
1303 2312 1391 2350 me
1451 2296 1918 2363 labi,dicebam:

358 2384 591 2450 Quando
646 2400 743 2455 pes
776 2401 932 2443 meus
982 2396 1168 2443 motus
1218 2388 1339 2443 est?
1379 2387 1433 2444 id
1467 2397 1570 2455 est,
1603 2388 1847 2443 excidam
1893 2403 1923 2442 a

359 2486 504 2532 statu
532 2478 625 2533 illo
660 2479 753 2548 qui
789 2479 1086 2539 secundum
1116 2480 1285 2535 Deum
1311 2489 1431 2548 est;
1457 2483 1638 2537 statim
1687 2481 1924 2552 patroci-

359 2566 511 2620 nium
545 2574 600 2621 et
622 2567 1055 2624 misericordiam
1090 2577 1242 2625 tuam
1274 2571 1575 2626 sentiebam
1606 2571 1740 2626 mihi
1771 2572 1926 2626 anxi-

359 2657 601 2714 liantem.

436 2749 522 2803 19.
581 2749 977 2806 Consolationes
1043 2760 1149 2807 tua:
1211 2753 1615 2824 lmtiﬁcaverunt
1690 2757 1926 2810 animam

361 2857 553 2894 meam.
594 2840 713 2897 Non
762 2858 848 2897 me
880 2843 1171 2913 reliquisti,
1221 2847 1318 2910 ait,
1349 2846 1465 2900 sine
1507 2847 1922 2903 consolatione:

365 2934 455 2988 sed
479 2942 608 3003 quot
631 2932 794 2989 habui
826 2933 1227 3001 tribulationes,
1259 2936 1484 2991 totidem
1525 2937 1927 2992 consolationes

362 3034 470 3078 ate
501 3024 707 3094 accepi.
741 3022 873 3089 Quae
901 3023 1037 3079 mihi
1065 3023 1282 3081 dolores
1305 3025 1360 3080 in
1390 3025 1650 3097 gaudium
1681 3042 1928 3083 commu-

364 3124 571 3170 larunt.

430 3207 523 3262 20.
565 3206 821 3278 Nunquid
873 3207 1108 3264 adhaeret
1170 3209 1267 3263 tibi
1301 3210 1449 3265 sedes
1498 3210 1798 3281 iniquitatis
1837 3211 1929 3282 qui

364 3305 519 3374 ﬁngis
548 3303 780 3357 laborem
810 3302 866 3355 in
889 3309 1145 3371 pracepto
1163 3304 1189 3357 ε)
1209 3299 1353 3368 Ideo,
1386 3302 1583 3371 inquit,
1614 3303 1929 3358 consolatus

364 3414 424 3452 cs
447 3411 542 3451 cor
565 3410 746 3449 meum
777 3395 832 3448 in
862 3393 1330 3453 tribulationibus.
1354 3392 1522 3464 Igitur
1558 3410 1666 3450 non
1690 3396 1932 3450 adhaere-

366 3489 447 3541 bit
466 3487 567 3542 tibi
597 3487 827 3541 thronus
852 3485 1179 3555 iniquitatis,
1206 3485 1258 3539 id
1286 3495 1391 3549 est,
1421 3485 1549 3555 quia
1578 3495 1764 3556 utpote
1786 3485 1931 3543 Deus

361 3583 545 3652 justus
582 3579 747 3651 judex
778 3594 838 3634 es
866 3587 920 3633 et
959 3579 1106 3633 nulla
1151 3579 1204 3632 in
1238 3577 1459 3647 judiciis
1513 3579 1622 3633 tuis
1674 3579 1933 3649 iniquitas

365 3675 506 3736 erit,
559 3687 685 3726 nam
724 3671 957 3726 thronus
995 3670 1261 3740 judicium
1294 3669 1566 3740 signiﬁcat
1600 3670 1732 3741 (40).
1763 3669 1931 3726 Secus

367 3776 548 3823 autem
574 3766 665 3821 ille
694 3780 752 3820 se
775 3764 939 3819 habet
972 3764 1064 3834 qui
1099 3763 1254 3833 ﬁngit
1284 3763 1524 3819 laborem
1556 3764 1612 3818 in
1641 3772 1931 3833 praecepto,

369 3858 616 3915 videlicet
636 3856 979 3912 adversarius
1002 3856 1237 3922 damon,
1269 3856 1365 3927 qui
1392 3865 1662 3927 praecepta
1686 3855 1782 3911 Dei
1813 3870 1936 3926 quae

369 3953 505 4008 levia
530 3961 656 4008 sunt
679 3951 861 4021 gravia
888 3949 1075 4013 elticit,
1108 3948 1434 4019 laboresque
1458 3948 1773 4003 hominibus
1799 3963 1936 4017 prae-

368 4046 458 4100 bet
483 4046 538 4100 in
581 4045 649 4100 iis
683 4042 948 4114 agendis,
989 4042 1243 4096 thronum
1304 4040 1609 4110 iniquitatis
1655 4040 1933 4096 diabolum

368 4140 616 4206 vocavit;
659 4138 789 4206 quia
821 4136 1050 4191 thronus
1070 4134 1296 4205 justitiaa
1335 4133 1589 4189 Christus
1624 4133 1824 4204 estqui
1853 4140 1936 4188 est

370 4231 586 4287 diabolo
619 4229 919 4309 oppositus.

440 4410 532 4464 21.
574 4406 643 4461 Et
672 4408 975 4475 sanguinem
1009 4405 1331 4458 innocentem
1363 4402 1800 4458 condemnabunt.
1831 4401 1932 4469 Illi,

375 4499 583 4570 inquit,
636 4496 857 4566 maligni
898 4502 952 4550 et.
997 4494 1292 4549 adversarii
1321 4495 1615 4557 daemones,
1651 4492 1796 4545 omni
1849 4509 1934 4546 ra-

374 4593 522 4647 tione
566 4589 910 4645 conabuntur
949 4585 1082 4655 justi
1125 4585 1362 4639 animam
1404 4583 1560 4653 quasi
1603 4592 1799 4635 venatu
1845 4597 1934 4637 ca-

374 4699 519 4756 pere.
546 4683 651 4738 Sed
678 4696 741 4736 ea
775 4682 841 4736 de
867 4694 1058 4743 causa,
1087 4679 1282 4748 inquit,
1313 4676 1841 4731 condemnabuntur.
1877 4674 1933 4729 id

375 4778 519 4832 enim
548 4773 840 4845 signiﬁcat:
863 4771 929 4825 Et
945 4772 1255 4842 sanguinem
1279 4770 1601 4822 innocentem
1619 4767 1935 4822 condemna-

376 4870 524 4924 bunt.
582 4868 672 4922 Ait
729 4867 871 4922 enim
919 4880 1017 4936 pro
1060 4865 1351 4918 innocente
1397 4862 1660 4932 sanguine
1698 4862 1767 4915 ab
1805 4861 1939 4933 ipsis

377 4961 568 5027 eﬂ‘uso,
596 4962 650 5013 in
677 4959 942 5030 judicium
968 4965 1024 5012 et
1054 4954 1380 5024 supplicium
1409 4952 1700 5008 tradendos
1730 4950 1866 5008 fore.

448 5054 540 5110 22.
600 5052 671 5107 Et
720 5052 893 5122 [actus
937 5057 1018 5103 est
1067 5047 1196 5100 mihi
1229 5046 1502 5099 ‘Dominus
1546 5046 1601 5099 in
1653 5043 1939 5116 refugium.

379 5146 491 5217 Ego
524 5157 702 5201 autem
745 5143 957 5200 Domini
1012 5140 1363 5212 providentiae
1406 5137 1644 5195 fructum
1688 5139 1940 5209 percepi,

379 5248 435 5294 ct
464 5241 577 5311 ipse
606 5239 741 5294 mihi
770 5246 854 5294 est
881 5238 934 5292 in
959 5235 1163 5290 vallum
1191 5233 1483 5288 munitum.

462 5501 504 5535 σε·
538 5502 726 5557 Matth.
763 5519 816 5566 ιο,
850 5502 905 5557 8.
982 5502 1026 5533 7°
1057 5498 1076 5553 I
1106 5499 1232 5554 Cor.
1265 5512 1315 5566 ι,
1354 5499 1442 5553 50.
1515 5498 1557 5530 “
1582 5497 1738 5553 Joan.
1769 5510 1821 5561 ν,
1847 5494 1935 5549 29.

468 5676 576 5744 (40)
608 5678 698 5735 Sic
717 5682 1030 5749 augurando
1070 5681 1249 5736 locum
1279 5679 1534 5735 \itiosum
1564 5679 1844 5735 vertimus.

2024 1844 2309 1915 σύμμαχος
2335 1844 2475 1897 κατά
2502 1840 2612 1896 τῶν
2663 1845 2744 1907 είς
2778 1843 2878 1915 ἐμὲ
2913 1845 3398 1916 πονηρευομένων;
3452 1841 3585 1898 Εἶτα

2021 1934 2308 2006 δεξάμενος
2336 1934 2587 2006 αἴσθησιν
2636 1933 2842 2004 ταχέως
2885 1934 2978 1987 τοῦ
3029 1933 3242 2005 βοηθοῦ,
3277 1934 3460 2006 φησὶν,
3507 1935 3585 1999 ὡς

2023 2028 2190 2084 πάλαι
2218 2028 2284 2082 ἂν
2310 2027 2473 2081 αὑτοῦ
2494 2029 2575 2091 είς
2603 2026 2735 2098 ᾅδην
2764 2026 3011 2098 κατήχθη
3043 2030 3076 2098 ἡ
3104 2026 3271 2098 ψυχὴ,
3312 2028 3361 2080 εἰ
3392 2026 3466 2098 μὴ
3486 2027 3587 2097 τῆς

2023 2121 2173 2193 παρὰ
2191 2120 2325 2174 Θεοῦ
2348 2119 2683 2191 ἀντιλήψεως
2713 2119 2922 2189 ἔτυχεν.

2085 2216 2155 2269 El
2174 2214 2386 2284 ἔλεγον
2404 2228 2417 2242 ⁸
2445 2211 2812 2267 Σεσάλευται
2838 2215 2872 2265 ό
2902 2211 3067 2276 ποῦς
3074 2227 3214 2279 μου.
3242 2208 3585 2279 Θλισόμενος,

2026 2308 2209 2379 φησὶν,
2251 2305 2391 2376 ὁρῶν
2447 2304 2681 2376 ἐμαυτὸν
2721 2301 3124 2366 ὀλισθαίνοντα,
3168 2295 3348 2356 εἷπον·
3393 2301 3528 2354 Πότε
3560 2303 3591 2354 6

2024 2398 2158 2464 ποῦς
2192 2416 2293 2470 μου
2318 2398 2672 2465 σεσάλευται;
2708 2397 2982 2461 τουτέστι,
3021 2393 3123 2464 τῆς
3163 2389 3468 2450 κατιῖΘεδν
3498 2396 3591 2448 ικ-

2026 2490 2294 2562 πεσοῦμαι
2326 2489 2565 2552 στάσεως
2589 2507 2603 2520 ·
2634 2488 2794 2553 εὐθὺς
2817 2489 2916 2561 τὴν
2944 2488 3225 2561 ἀντίληψιν
3243 2486 3416 2542 καὶτὸ
3444 2484 3602 2549 ἔλεός

2027 2601 2121 2637 σου
2145 2581 2390 2654 ᾐσθόμην
2423 2580 2710 2652 ἐπίκουρον
2738 2580 2877 2651 ἐμοί.

2095 2763 2165 2814 Αἱ
2194 2756 2604 2827 παρακλήσεις
2623 2769 2739 2812 σου
2760 2756 3066 2825 εὖφραναν
3086 2755 3199 2824 τὴν
3216 2753 3427 2823 ψυχήν
3446 2770 3589 2823 μου.

2029 2853 2142 2906 υὺκ
2169 2852 2409 2923 ἀφῆκας,
2441 2851 2622 2921 φησιν,
2662 2847 3089 2920 ἀπαραμύθητον
3111 2864 3125 2878 ·
3165 2845 3277 2900 ἀλλ’
3313 2847 3440 2908 ὅσας
3480 2843 3598 2898 θλί-

2025 2944 2147 3013 ψεις
2172 2943 2346 3014 ἔσχον,
2372 2941 2636 3005 τοσαύτας
2669 2942 2763 2996 καὶ
2792 2940 3138 3013 παραμυθίας
3161 2938 3420 3010 ἐδεχόμην
3448 2937 3598 3009 παρά

2031 3035 2144 3088 σοῦ.
2179 3034 2246 3088 A'i
2273 3034 2367 3088 καὶ
2392 3035 2472 3098 είς
2501 3033 2841 3105 εὐφροσύνην
2868 3032 2968 3096 τὰς
2991 3031 3167 3096 λύπας
3192 3029 3562 3103 μετεϐίϐαζον.

2096 3209 2194 3280 Μὴ
2222 3208 2662 3280 συμπροσέστω
2694 3225 2792 3265 σοι
2825 3211 3035 3278 θρόνος
3057 3206 3307 3277 ἀνομίας
3334 3209 3367 3261 ό
3404 3203 3602 3259 πλάσ-

2030 3319 2157 3357 σων
2187 3301 2380 3356 κόπον
2413 3301 2512 3355 ἐπὶ
2544 3300 2995 3370 προστάγματι;
3049 3299 3151 3353 Διὰ
3196 3298 3353 3352 τοῦτο
3373 3337 3389 3362 ,
3443 3298 3597 3368 φησι,

2031 3392 2409 3466 παρεκάλεσάς
2432 3410 2532 3464 μου
2562 3393 2661 3464 τὴν
2677 3392 2901 3465 καρδίαν
2926 3393 3017 3445 ἐπὶ
3044 3394 3166 3455 ταῖς
3190 3390 3452 3461 θλίψεσιν.
3478 3389 3603 3443 Ὅτι

2029 3487 2092 3559 δὴ
2125 3483 2216 3542 οὖν
2245 3488 2306 3540 οὐ
2346 3486 2774 3558 προστεθήσεταί
2812 3503 2895 3539 σοι
2940 3485 3127 3558 θρόνος
3156 3484 3416 3555 ἀνομίας,
3448 3499 3603 3536 τουτ-

2030 3580 2199 3645 ἐστιν,
2224 3581 2308 3633 ὅτι
2343 3580 2551 3642 δίκαιος
2582 3574 2633 3632 εἴ
2658 3579 2850 3649 κριτὴς
2885 3578 2960 3643 ὡς
2996 3577 3157 3642 Θεὸς,
3198 3577 3290 3630 καὶ
3323 3576 3422 3629 οὐκ
3450 3574 3604 3628 ἔσται

2031 3673 2231 3744 ἀνομία
2256 3673 2315 3726 ἐν
2341 3675 2462 3735 ταῖς
2490 3670 2706 3743 κρίσεσι
2733 3686 2825 3723 σου
2847 3689 2860 3701 ·
2885 3672 2913 3724 6
2932 3669 3040 3742 γὰρ
3074 3669 3263 3743 θρόνος
3298 3668 3396 3740 τὴν
3423 3669 3605 3740 κρίσιν

2034 3764 2285 3835 σημαίνει
2306 3780 2319 3794 ο
2354 3763 2543 3836 ὥσπερ
2571 3764 2634 3837 δὴ
2659 3765 2753 3819 καὶ
2786 3765 2916 3836 παρ’
2945 3762 3138 3834 ἐκείνῳ
3168 3762 3245 3833 τῷ
3279 3762 3445 3815 κόπον
3469 3778 3607 3831 συμ-

2033 3854 2325 3908 πλὰσσοντι
2356 3856 2448 3908 ἐπὶ
2477 3856 2836 3928 πρόσταγμαο
2865 3854 2951 3926 εἴη
2971 3855 3015 3908 δ’
3034 3853 3100 3909 ἂν
3125 3847 3279 3917 οὗτος
3314 3855 3343 3906 ό
3373 3852 3609 3906 ἀντικεί-

2036 3962 2196 4017 μενος
2231 3945 2460 4017 δαίμων,
2495 3946 2553 4009 ὃς
2600 3947 2690 4002 καὶ
2729 3946 2970 4018 ἐλαφρὰς
3005 3944 3171 4007 οὔσας
3215 3944 3313 4008 τὰς
3347 3942 3437 3998 τοῦ
3471 3941 3605 3997 Θεοῦ

2033 4037 2254 4101 ἐντολὰς
2288 4037 2511 4108 βαρείας
2536 4040 2697 4103 ποιεῖ,
2734 4039 2934 4101 κόπους
2958 4037 3015 4090 δὲ
3053 4036 3232 4091 αὐτῶν
3264 4039 3377 4100 τοῖς
3400 4033 3609 4108 ἀνθρώ-

2035 4150 2158 4195 ποις
2189 4131 2461 4204 παρέχων.
2515 4132 2712 4203 Θρόνον
2740 4130 2969 4202 ἀνομίας
3011 4130 3260 4201 ὠνόμασε
3292 4130 3383 4183 τὸν
3428 4127 3610 4184 διάῦο-

2035 4223 2126 4277 λον
2141 4241 2154 4254 ’
2190 4221 2377 4293 ἐπειδὴ
2401 4223 2494 4276 καὶ
2517 4222 2704 4295 θρόνος
2723 4222 3068 4294 δικαιοσύνης
3092 4222 3237 4275 ἐστὶν
3278 4222 3307 4275 6
3351 4219 3604 4293 Χριστὸς.

2035 4316 2185 4378 ὅστις
2211 4314 2513 4368 ἀντίκειται
2541 4314 2618 4386 τῷ
2641 4313 2889 4383 διαϐόλῳ.

2106 4406 2214 4459 Καὶ
2236 4401 2379 4474 alga
2402 4404 2598 4460 ἀθῶον
2635 4404 3156 4459 καταδικάσονται.
3195 4397 3384 4469 Οὗτοι,
3421 4402 3604 4475 φησὶν,

2039 4499 2088 4549 οί
2129 4499 2355 4569 πονηροὶ
2390 4498 2486 4551 καὶ
2514 4498 2877 4569 ἀντικείμενοι
2900 4497 3149 4568 δαίμονες
3169 4499 3234 4550 ὲκ
3267 4496 3464 4561 παντὸς
3486 4496 3610 4566 τρό-

2041 4606 2143 4642 που
2193 4588 2289 4659 τὴν
2333 4589 2428 4642 τοῦ
2490 4589 2696 4643 δικαίου
2757 4590 3048 4661 ζητήσουσι
3102 4590 3361 4662 θηρεῦσαι
3412 4590 3608 4661 ψυχήν.

2050 4681 2190 4734 Ἀλλ’
2223 4681 2313 4734 ἐπὶ
2344 4681 2521 4746 τοῦτο,
2553 4683 2705 4753 φησὶ,
2740 4682 3255 4754 κατακριθήσονται.
3306 4683 3475 4737 Τοῦτο
3502 4684 3611 4756 γὰρ

2039 4772 2292 4843 σημαίνει
2314 4788 2327 4800 ⁸
2358 4773 2467 4826 Καὶ
2499 4769 2640 4842 αἷμα
2664 4773 2860 4829 ἀθῶον
2890 4773 3407 4829 καταδικάσονται.
3448 4774 3611 4843 Λέγει

2042 4864 2167 4935 γὰρ,
2191 4862 2266 4927 ὡς
2287 4865 2406 4917 ἀντὶ
2436 4864 2530 4917 τοῦ
2565 4864 2755 4930 ἀθώως
2779 4865 3107 4937 ἐκχεομένου
3135 4870 3264 4941 παρ’
3298 4866 3500 4933 αὐτῶν,
3529 4868 3610 4929 είς

2045 4957 2225 5028 κρίσιν
2255 4957 2349 5009 καὶ
2380 4956 2598 5011 κόλασιν
2619 4959 3106 5029 παραδοθήσονται.

2113 5045 2222 5100 Καὶ
2246 5045 2483 5115 ἐγένετό
2506 5064 2607 5115 μοι
2628 5047 2843 5115 Κύριος
2865 5049 2952 5112 είς
2981 5047 3353 5118 καταφυγήν.
3397 5046 3539 5116 Ἐγὼ
3557 5047 3612 5101 iis

2045 5137 2146 5206 τῆς
2168 5136 2316 5207 παρά
2343 5136 2435 5190 τοῦ
2458 5137 2728 5190 Δεσπότου
2758 5140 3011 5209 προνοίας
3039 5140 3325 5212 ἀπήλαυσα
3346 5180 3360 5206 ,
3393 5140 3487 5195 καὶ
3518 5140 3603 5194 ai:-

2047 5231 2139 5284 τὸν
2170 5229 2277 5300 ἔχω
2298 5229 2579 5302 ⁸περίὸολον
2605 5231 2817 5303 ὀχυρόν.
