3946 6222
332 296 436 354 ιιδ

1463 258 1821 346 ΕΧΡοειτιό
1858 289 1923 343 In
1964 288 2285 341 rsauuuu
2335 289 2510 342 κων.

3455 295 3562 347 414

334 405 511 477 Αἶνος
526 405 689 478 ᾠδῆς
713 407 793 476 τῷ
803 407 998 472 Δαυτδ,
1014 406 1415 476 ἀνεπίγραφος
1430 407 1564 477 παρ’
1589 406 1884 474 Ἑϐραίοις.

2011 400 2139 455 Laus
2164 402 2357 455 cantici
2395 402 2496 466 ipsi
2532 400 2722 463 David.
2756 413 2897 455 caret
2923 402 3261 471 inscriptione
3286 406 3424 473 apud
3452 403 3560 460 He-

902 499 1207 552 ΨΑΛΜΟΣ
1236 498 1345 563 um,

954 608 1277 671 Ὺπόθεσις.

349 723 620 780 Ἐντεῦθεν
651 726 679 778 ό
698 722 807 777 τῶν
834 721 1005 791 ἁγίων
1034 718 1193 792 χορὸς
1224 719 1318 773 καὶ
1346 719 1471 782 τοὺς
1519 715 1761 780 ἀπειθεῖς
1803 714 1896 771 τοῦ

413 816 627 889 Ἰσραὴλ
660 814 1023 887 προτρέπεται
1055 812 1149 865 ἐπὶ
1185 810 1283 882 τὴν
1317 810 1405 863 διὰ
1443 807 1678 881 Χριστοῦ
1723 824 1897 878 σωτη-

405 909 522 982 ρίαν
553 909 725 962 ἐλθεῖν
744 921 758 936 ⁸
785 905 1017 970 δεικνὺς,
1053 904 1128 967 ὡς
1161 901 1549 966 ἐπακούσεται,
1579 902 1627 954 εί
1655 899 1896 972 προσπέ-

402 1017 543 1055 σοιεν
574 997 753 1070 αὐτῷ,
810 997 904 1052 ἆτε
933 995 1094 1059 αὐτὸς
1125 992 1200 1047 ὢν
1230 991 1458 1064 ποιητὴς
1479 1030 1495 1057 ,
1547 992 1642 1045 καὶ
1675 990 1738 1044 τὺ
1767 990 1894 1045 ῐδιον

401 1091 558 1164 ἔργον
585 1088 833 1159 ἀγαπῶν.
877 1088 1199 1158 Είσφέρεται
1226 1085 1283 1139 δὲ
1311 1083 1448 1155 μετὰ
1467 1084 1565 1154 τὴν
1584 1082 1691 1136 τῶν
1724 1081 1891 1151 ἁγίων

284 1194 289 1201 ‘
398 1182 717 1255 παραίνεσιν
748 1180 842 1235 καὶ
868 1176 1033 1234 αὐτοῦ
1064 1177 1157 1232 τοῦ
1187 1176 1343 1245 ἁγίου
1377 1174 1689 1245 Πνεύματος
1726 1175 1893 1246 πρόσ-

396 1290 562 1339 ωπον,
584 1273 766 1336 αὐτοῖς
794 1273 905 1335 τοῖς
960 1268 1210 1324 ἀπειθέσι
1254 1266 1759 1338 παρακελευόμενον
1814 1264 1890 1336 μὴ

394 1366 493 1437 τὴν
521 1365 633 1421 τῶν
671 1362 922 1435 πατέρων
953 1359 1292 1434 μιμήσασθαι
1325 1358 1606 1413 ἀπιστίαν.

394 1478 574 1533 Δεῦτε
606 1475 1099 1546 ἀταλλιασώμεθα
1127 1471 1205 1539 τῷ
1229 1472 1445 1540 Κυρίῳ.
1478 1470 1566 1534 Ὦς
1586 1469 1679 1523 ἐπὶ
1698 1467 1890 1539 ἑορτὴν

328 1569 499 1624 ἐλθεῖν
528 1568 656 1630 τοὺς
688 1565 933 1629 ἀπειθεῖς
968 1562 1452 1634 παρακελεύονται,
1474 1562 1553 1624 είς
1575 1556 1890 1627 ἀγαλλίασιν

325 1661 517 1725 αὐτοὺς
545 1658 858 1722 καλοῦντες,
882 1658 968 1711 ἵνα
996 1655 1085 1710 διὰ
1131 1654 1336 1709 τούτων
1359 1652 1609 1708 πείσωσι.
1651 1647 1891 1706 Ἀλαλὰ-

2366 495 2551 547 ὺνωοε.
2589 491 2928 547 PSALMUS
2957 490 3164 548 XCIV.

2571 605 2611 657 Α
2622 615 2970 674 rgumentum.

1996 715 2091 774 llis
2134 727 2447 773 sanctorum
2494 719 2696 774 chorus
2728 734 2824 774 eos
2866 720 2960 789 qui
2992 720 3258 776 increduli
3308 731 3462 778 erant
3503 727 3559 779 in

2064 811 2263 867 lsraele
2303 810 2624 866 cohortatur
2668 823 2727 865 ut
2771 812 2837 866 ad
2870 813 3098 867 salutem
3150 828 3250 884 per
3278 814 3559 871 Christum

2060 904 2276 958 allatam
2335 904 2632 970 accedant,
2682 903 2964 960 declarans
3007 920 3130 960 eum
3179 907 3560 965 exauditurum

2059 1013 2179 1054 esse
2205 998 2250 1053 si
2275 997 2564 1068 procidant
2586 1007 2711 1054 ante
2741 1000 2917 1063 illum,
2947 1001 3076 1071 quia
3102 1001 3218 1072 ipse
3239 1013 3324 1061 est
3351 1004 3557 1075 opifex,

2070 1102 2343 1160 suumque
2386 1101 2530 1145 amat
2579 1090 2876 1160 opiﬁcium.
2933 1091 3063 1147 Post
3108 1093 3253 1148 illam
3304 1107 3481 1150 autem
3526 1112 3557 1151 a

2060 1177 2265 1233 sanctis
2291 1177 2472 1233 datam
2504 1178 2867 1234 hortationem
2887 1221 2902 1246 ,
2935 1181 3207 1237 inducitur
3239 1183 3356 1253 ipsa
3381 1185 3557 1238 sancti

2059 1265 2295 1336 Spiritus
2317 1281 2576 1337 persona:
2597 1283 2717 1337 quae
2734 1284 2842 1323 non
2860 1270 3359 1341 obtemperantibus
3373 1275 3559 1343 praeci-

2059 1359 2158 1428 pit,
2179 1366 2316 1413 utne
2331 1366 2547 1428 patrum
2568 1374 2793 1414 suorum
2808 1359 3235 1418 incredulitatem
3252 1365 3552 1420 imitentur.

2058 1471 2115 1526 1.
2165 1469 2376 1537 Venite,
2414 1471 2737 1527 exsuttemus
2774 1472 3017 1527 Domino.
3053 1473 3221 1541 Quasi
3257 1475 3323 1531 ad
3355 1476 3555 1533 festum

1989 1564 2247 1620 accedere
2289 1562 2646 1618 cohortantur
2668 1578 2763 1620 eos
2795 1566 2889 1635 qui
2938 1580 3047 1620 non
3098 1567 3553 1637 obtemperarent,

1989 1655 2056 1712 ad
2088 1654 2324 1711 laetitiam
2356 1665 2613 1711 vocantes
2639 1670 2756 1720 eos,
2785 1664 2847 1710 ut
2880 1657 2951 1711 ita
2986 1659 3370 1726 persuadeant.
3393 1656 3552 1713 lubi-

325 1754 517 1824 ξωμεν
537 1749 620 1817 τῷ
639 1749 761 1816 Θεῷ
796 1747 877 1815 τῷ
900 1746 1123 1815 Σωτῆρι
1142 1745 1329 1815 ἡμῶν.
1366 1738 1440 1799 Εὖ
1468 1744 1549 1810 τὸ,
1574 1740 1884 1805 (1.2me-

2011 1764 2154 1802 emus
2191 1746 2295 1802 Deo
2329 1747 2560 1801 salutari
2588 1759 2792 1804 nostro.
2838 1746 3012 1803 Probe
3043 1748 3205 1814 dicit,
3240 1748 3553 1817 jubilemus,

317 1862 460 1916 μεν,
508 1844 655 1913 λέγει
684 1881 700 1907 ,
752 1839 816 1913 δὴ
848 1841 1074 1910 ἥκοντες
1126 1839 1250 1901 τοὺς
1307 1833 1603 1897 ἐπινικίους
1662 1831 1882 1903 ᾇσωμεν

325 1938 543 2010 ὕμνους.
593 1936 650 1989 Ὀ
677 1933 784 2006 γὰρ
815 1931 1126 2001 ἀλαλαγμὸς
1157 1928 1322 2000 ὕμνος
1345 1927 1492 1980 ἐστὶν
1525 1925 1619 1978 ἐπὶ
1664 1939 1884 1976 πεπτω-

321 2030 468 2083 κόσιν
499 2027 731 2098 ἐχθροῖς.
758 2023 1019 2097 Σημαίνει
1048 2022 1106 2076 δὲ
1126 2020 1213 2075 διὰ
1244 2019 1469 2086 τούτων,
1497 2017 1572 2081 ὡς
1609 2016 1709 2080 τὰς
1738 2015 1886 2069 ἀντι-

321 2119 575 2191 κειμένας
603 2118 857 2188 δυνάμεις
874 2114 1187 2186 πολεμήσας
1219 2112 1358 2184 ὑπὲρ
1389 2108 1543 2182 ήμῶν
1573 2111 1602 2163 ό
1628 2107 1882 2181 Χριστὸς,

317 2212 382 2265 ὲκ
409 2209 577 2282 μέσου
610 2207 931 2279 πεποίηκεν.

383 2298 830 2373 Προφθὼνωμεν
848 2299 913 2353 τὸ
947 2299 1269 2368 πρόσωπον
1293 2295 1479 2349 αὐτοῦ
1507 2294 1576 2348 ἐν
1594 2292 1883 2362 ἐξομολοα

316 2390 509 2458 τήσει.
545 2390 689 2442 Ὡσεὶ
709 2389 857 2457 λέγοι
874 2405 890 2421 ο
922 2388 1058 2460 Πρὶν
1076 2388 1156 2451 είς
1182 2385 1362 2458 κρίσιν
1386 2384 1605 2456 καθίσῃ,
1632 2383 1693 2436 τὸ
1713 2381 1883 2453 πρόσ-

318 2500 461 2536 ωπον
485 2482 651 2535 αὐτοῦ
667 2523 682 2547 ,
718 2482 834 2535 ἐστι
865 2481 923 2536 δὲ
946 2483 974 2535 ό
998 2481 1131 2544 υίὸς,
1154 2482 1222 2550 τῇ
1250 2476 1634 2549 ἐξομολογήσει
1682 2474 1885 2547 προλά-

319 2573 523 2644 ϐωμεν,
550 2575 645 2627 καὶ
670 2574 728 2626 εὐ
738 2572 895 2644 μενὲς
918 2573 1100 2635 αὐτοῖς
1122 2572 1570 2640 καταστήσωμεν.
1602 2566 1757 2620 Οὕτω
1775 2564 1884 2638 γὰρ

317 2665 442 2734 ὑμῖν
471 2665 809 2737 συμϐήσεται
833 2667 912 2728 είς
939 2663 1119 2732 ἀγαθὰ
1149 2660 1407 2732 τελευτᾷν
1427 2679 1442 2691 ’
1484 2662 1518 2731 ἡ
1558 2657 1666 2729 γὰρ
1695 2656 1885 2727 ἐξομο-

316 2757 537 2828 λόγησις
562 2757 764 2826 ἀγαθὸν
793 2756 905 2826 ἔχει
938 2756 998 2810 τὸ
1025 2755 1196 2826 πέρας
1214 2771 1227 2784 ·
1264 2753 1359 2807 καὶ
1385 2752 1543 2805 τοῦτο
1571 2750 1721 2821 δηλοῖ
1745 2750 1806 2802 τὸ
1825 2749 1884 2803 ὲν

316 2849 564 2918 Ψαλμοῖς
587 2865 599 2877 ·
633 2848 1045 2917 Ἁλαλάξωμεν
1071 2846 1248 2912 αὐτῷ.

381 2940 490 2995 Καὶ
535 2938 834 3005 ,ϐασιλεὺς
877 2936 1064 3008 μέγας
1109 2937 1208 2991 ἐπὶ
1258 2935 1487 3001 πάντας
1512 2935 1654 3002 τοὺς
1686 2934 1878 3000 θεούς.

1985 1840 2234 1897 videlicet
2258 1840 2533 1896 venientes
2565 1854 2825 1895 canamus
2855 1840 3097 1895 victoriae
3122 1841 3354 1895 cantica.
3403 1838 3558 1894 Juhi-

1985 1930 2120 1986 latio
2158 1931 2337 1996 enim,
2379 1938 2464 1985 est
2502 1930 2737 2000 hymnus
2768 1929 2841 1985 ob
2870 1930 3113 1984 devictos
3140 1929 3324 1985 hostes
3352 1930 3551 1984 editus.

1985 2019 2082 2077 His
2125 2030 2305 2076 autem
2352 2020 2624 2092 signiﬁcat
2670 2020 2947 2075 Christum
2974 2060 2989 2085 ,
3032 2020 3175 2075 bello
3226 2020 3555 2075 adversariis

1983 2113 2339 2187 potestatibus
2363 2127 2461 2183 pro
2491 2113 2649 2168 nobis
2677 2113 2848 2180 illato,
2878 2111 3025 2182 ipsas
3054 2112 3123 2168 de
3157 2110 3337 2166 medio
3370 2121 3557 2168 sustu-

1884 2254 1889 2255 ,
1984 2206 2134 2263 lisse.

2053 2299 2113 2352 ἓ.
2154 2298 2585 2369 Ρνατοοοκρεηιιιε
2612 2296 2799 2369 faciem
2831 2298 2945 2368 ejus
2969 2299 3026 2352 in
3047 2295 3479 2367 eonfessione.Ac
3505 2294 3553 2351 si

1981 2388 2556 2460 diceret:Priusquam
2585 2390 2789 2453 sedeat,
2812 2390 3002 2444 faciem
3037 2390 3156 2458 ejus
3183 2387 3277 2457 qui
3300 2395 3384 2445 est
3411 2386 3555 2440 filius

1983 2482 2330 2539 confessione
2356 2496 2818 2554 prteuccupemus,
2849 2490 2903 2537 et
2923 2483 3211 2552 propitiam
3245 2480 3404 2536 nobis
3433 2479 3554 2533 red-

1981 2573 2196 2631 damus.
2230 2572 2305 2627 ita
2335 2573 2479 2628 enim
2536 2572 2811 2642 continget
2849 2572 3002 2627 vobis
3035 2580 3095 2627 ut
3125 2573 3177 2625 in
3226 2572 3427 2626 bonum
3458 2570 3555 2625 de-

1983 2664 2202 2727 sinatis;
2247 2679 2371 2718 nam
2408 2663 2682 2720 confessio
2710 2665 2912 2719 bonum
2956 2664 3119 2718 habet
3153 2663 3469 2727 terminum,
3498 2669 3553 2716 et

1982 2752 2086 2809 hoc
2115 2754 2290 2824 palam
2324 2754 2455 2809 facit
2485 2755 2615 2811 illud
2646 2758 2698 2810 in
2732 2755 3003 2815 Psalmis.‘
3008 2753 3299 2824 jubitemus
3323 2752 3392 2807 ei.

2058 2930 2110 2986 5.
2156 2928 2225 2983 Et
2256 2947 2349 2985 rea:
2391 2947 2611 3001 magnus
2641 2947 2799 3001 super
2824 2946 2999 2984 omnes
3025 2930 3169 2984 deos.
3205 2928 3422 2985 Scilicet
3453 2942 3549 2983 eos

314 3031 522 3102 Δηλαδὴ
542 3032 668 3094 τοὺς
695 3028 1124 3094 πιστεύσαντας,
1178 3029 1270 3082 καὶ
1310 3025 1499 3098 ὥσπερ
1538 3023 1880 3096 ἀντιμισθίαν

2011 3022 2075 3092 [υἱ
2109 3022 2373 3087 credunt,
2412 3022 2506 3092 qui
2539 3023 2593 3076 in
2625 3023 2927 3078 mercedem
2972 3023 3077 3078 hoc
3107 3020 3389 3078 consecuti
3420 3026 3551 3074 sunt

313 3101 796 3196 rodtouilaxéwa;
821 3124 882 3178 τὸ
901 3124 1090 3195 ὄνομα,
1135 3123 1196 3177 τὸ
1243 3123 1525 3178 καλεῖσθαι
1553 3122 1684 3186 θεοὶ,
1741 3121 1883 3175 κατὰ

2011 3113 2134 3168 ιιόίἰ
2157 3114 2513 3182 appellentur,
2540 3112 2694 3182 juxta
2721 3112 2926 3167 dictum
2954 3112 3083 3167 illud
3114 3132 3127 3166 :
3161 3112 3290 3165 Dedi
3312 3122 3359 3165 te
3382 3110 3549 3165 Deum

314 3217 372 3271 τὸ
396 3218 685 3290 εἰρημένον
705 3235 718 3249 ο
752 3216 899 3272 Θεὸν
919 3214 1145 3271 δέδωκά
1169 3230 1243 3271 σε
1261 3215 1343 3282 τῷ
1368 3214 1596 3284 Φαραώ.
1640 3215 1764 3268 Ἐὰν
1785 3212 1883 3285 τὴν

316 3310 698 3381 ἐξομολόγησιν
730 3310 1204 3382 προσενέγκωμεν,
1258 3309 1443 3380 φησὶν,
1469 3309 1570 3361 οὐκ
1596 3304 1886 3371 ἀποτευξό-

320 3401 488 3471 μεθα·
522 3402 853 3472 οίκτειρήσει
889 3399 997 3471 γὰρ
1029 3400 1104 3463 ὡς
1143 3399 1272 3453 ἴδιον
1300 3398 1464 3453 αὑτοῦ
1498 3398 1646 3452 λαόν.

385 3495 507 3546 ’Ὁτι
536 3491 723 3546 αὐτοῦ
744 3493 913 3546 ἐστιν
934 3494 971 3561 ἡ
995 3491 1297 3546 θάλασσα.
1338 3490 1638 3554 Δείκνυσιν,
1663 3488 1739 3553 ὡς
1783 3490 1882 3542 αὐ-

315 3584 433 3650 τὸς,
477 3583 552 3637 ὢν
593 3584 922 3655 δημιουργὸς
966 3583 1146 3652 πάσης
1192 3582 1423 3645 κτίσεως
1461 3582 1659 3652 ὁρατῆς
1682 3598 1739 3633 τε
1790 3580 1884 3634 καὶ

318 3676 563 3747 ἀοράτου,
586 3675 685 3727 οὐκ
724 3672 788 3727 ἂν
819 3673 1015 3746 παρίδῃ
1040 3672 1103 3726 τὸ
1135 3673 1264 3726 ἴδιον
1301 3671 1511 3743 ποίημα
1545 3675 1881 3744 προσπῖπτον

314 3766 379 3820 δι’
399 3765 693 3837 ὲξομολογή
702 3781 857 3827 σεως.
1496 3756 1507 3767 κ

380 3858 559 3912 Δεῦτε
574 3854 1093 3925 προσκυνήσωμεν
1112 3854 1211 3908 καὶ
1238 3855 1674 3924 προσπέσωμεν
1700 3851 1878 3918 αὐτῷ.

315 3952 421 4005 Καὶ
449 3950 676 4013 ἑαυτοὺς
703 3949 812 4002 τῶν
838 3948 1281 4020 προσκυνούντων
1303 3947 1397 4000 καὶ
1421 3945 1714 4001 κλαιόντων
1745 3939 1882 3997 εἶναί

317 4061 493 4111 φασιν,
525 4043 675 4105 ὅπως
700 4040 764 4095 ἂν
792 4039 1228 4112 προθυμοτέρους
1259 4041 1338 4101 είς
1366 4038 1464 4107 τὴν
1498 4023 1881 4108 ἐξομολόγησιν

316 4128 774 4200 παρασκευάσωσι
800 4127 926 4190 τοὺς
953 4126 1267 4189 ἀκούοντας.

381 4218 649 4288 Σήμερον
679 4218 789 4272 ἐὰν
808 4217 918 4286 τῆς
951 4216 1157 4287 φωνῆς
1183 4216 1369 4271 αὐτοῦ
1408 4216 1730 4283 ἀκούσητε.
1763 4216 1883 4270 Ἐν-

313 4310 495 4363 τεῦθεν
532 4309 922 4380 παραινοῦνται
952 4309 1081 4380 παρ’
1131 4309 1294 4362 αὐτοῦ
1325 4308 1421 4361 τοῦ
1457 4308 1661 4378 Κυρίου
1698 4310 1881 4361 εὐπει-

314 4404 423 4468 θεῖς
454 4400 615 4469 εἴναι,
650 4405 745 4456 καὶ
793 4403 866 4473 μὴ
887 4401 1115 4454 τοιοῦτοι
1139 4395 1239 4455 οἷοι
1271 4401 1329 4453 ἐν
1351 4402 1418 4470 τῇ
1457 4400 1651 4471 ἐρήμῳ
1690 4400 1740 4452 οἱ
1776 4416 1882 4453 πα-

313 4495 465 4565 τέρες
492 4492 669 4546 αὐτῶν
694 4489 1101 4561 ἐπεδείχθησαν.

382 4584 545 4640 Κατὰ
575 4584 690 4652 τὴν
716 4581 944 4652 ἡμέραν
969 4580 1075 4634 τοῦ
1100 4578 1432 4648 πειρασμοῦ
1464 4578 1533 4631 ἐν
1559 4575 1634 4645 τῇ
1660 4575 1875 4646 ἐρήμῳ,

312 4672 379 4731 οὗ
409 4675 738 4746 ἐπειρωτᾶν
770 4691 846 4744 με
892 4672 944 4728 οἱ
987 4671 1235 4739 πατέρες
1255 4669 1438 4739 ὑμῶν.
1493 4668 1878 4741 Ἑξεπείρασαν

313 4766 415 4836 γὰρ
445 4767 538 4819 τὸν
569 4767 700 4819 Θεὸν
732 4764 917 4823 ἄλλοτε
940 4762 1103 4833 ἄλλην
1133 4761 1484 4833 πορευόμενοι
1506 4759 1641 4824 ὁδὸν,
1661 4761 1755 4814 καὶ
1778 4762 1879 4813 οὐκ

313 4858 521 4911 εὐθεῖαν
546 4857 645 4929 τὴν
673 4856 768 4908 τοῦ
796 4854 1021 4926 Κυρίου.

389 4950 487 5014 Ὠς
501 4946 709 5018 ὤμοσα
736 4948 807 5001 ἐν
827 4944 901 5015 τῇ
928 4943 1076 5015 ὀργῇ
1083 4961 1225 5011 μου,
1252 4944 1303 4997 εί
1317 4942 1766 4996 εἰσελεύσονται
1793 4941 1881 5006 εὶς

312 5040 423 5109 τὴν
458 5039 844 5096 κατάπαυσίν
862 5055 1002 5108 μου.
1033 5038 1195 5109 Τρεῖς
1221 5036 1353 5107 ἡμῖν
1373 5036 1401 5087 ό
1423 5034 1579 5101 λόγος
1601 5032 1884 5086 καταπαύ-

314 5150 422 5198 σεες
443 5132 735 5205 σημαίνει·
767 5130 893 5202 μίαν
923 5130 1022 5202 τὴν
1047 5129 1314 5201 σαρκικὴν
1337 5127 1435 5198 τὴν
1462 5124 1557 5179 τοῦ
1581 5124 1881 5187 Σαϐϐάτου,

312 5228 403 5280 καὶ
433 5226 629 5298 ἑτέραν
654 5225 754 5294 τὴν
781 5222 984 5276 εἴσοδον
1008 5220 1107 5292 τὴν
1133 5222 1212 5283 είς
1242 5218 1340 5289 τὴν
1370 5218 1473 5288 γῆν
1514 5217 1613 5286 τῆς
1650 5215 1886 5282 ἐπαγγε-

311 5317 446 5384 λίας,
562 5315 774 5389 Ἰησοῦς
811 5315 1155 5369 κατέπαυσεν
1195 5310 1421 5372 αὐτούς·
1449 5309 1543 5363 καὶ
1570 5308 1757 5379 τρίτην
1788 5305 1885 5376 τὴν

310 5409 649 5481 ἐπουράνιον,
680 5406 750 5477 ἢν
775 5404 868 5458 νῦν
892 5405 1022 5474 ἡμῖν
1046 5405 1075 5457 ό
1106 5402 1261 5477 λόγος
1287 5398 1544 5472 σημαίνει
1565 5414 1578 5428 '
1605 5398 1704 5451 οὐκ
1733 5395 1796 5449 ἂν
1827 5395 1885 5448 δὲ

310 5498 395 5553 ἑτέ
401 5517 502 5574 ρας
521 5500 804 5571 ἐμέμνητο
826 5494 1078 5561 ἐνταῦθα,
1096 5496 1142 5548 εί
1160 5492 1372 5564 ἀληθῶς
1389 5491 1570 5559 ἐκείνη
1600 5487 1887 5560 ὲνῇ’κατά-

412 5699 457 5730 ⁷³
497 5696 673 5753 Exod.
720 5709 818 5759 vn,
862 5693 907 5745 l.

1908 4467 1963 4528 D

1987 3203 2364 3256 Pharaonis".
2412 3201 2470 3257 Si
2520 3203 2919 3259 confessionem
2973 3202 3297 3265 offeramus,
3340 3200 3547 3270 inquit,

1982 3309 2090 3349 non
2118 3309 2213 3363 spe
2236 3294 2483 3348 labemur
2510 3313 2523 3349 :
2558 3310 2684 3348 nam
2721 3310 2824 3349 nos
2853 3304 2907 3348 ut
2932 3294 3211 3364 proprium
3240 3293 3342 3363 ipsi
3372 3306 3548 3362 pOpu-

1982 3384 2093 3439 lum
2126 3384 2495 3439 miserabitur.

2050 3472 2103 3527 5.
2149 3473 2413 3537 Quoniam
2444 3472 2607 3541 ipsius
2655 3482 2733 3526 est
2779 3489 2943 3527 mare.
2998 3470 3244 3528 Ostendit
3271 3483 3394 3524 eum
3424 3484 3549 3524 eum

1981 3565 2053 3620 sit
2083 3564 2264 3635 opifex
2299 3566 2467 3620 totius
2493 3574 2756 3620 creaturae
2790 3565 3017 3619 visibilis
3049 3574 3212 3633 atque
3236 3561 3548 3623 invisibilis,

1982 3672 2259 3726 nunquam
2282 3656 2664 3726 despecturum
2688 3671 2811 3711 esse
2834 3671 2973 3727 Opus
2997 3672 3181 3722 suum,
3199 3654 3243 3709 si
3270 3652 3394 3724 quis
3418 3666 3550 3707 con-

1982 3749 2181 3803 fitendo
2210 3747 2457 3817 procidat
2486 3757 2612 3802 ante
2640 3762 2788 3802 eum.

2056 3838 2111 3893 6.
2162 3836 2362 3900 Venite,
2390 3836 2668 3889 adoremus
2693 3845 2741 3889 et
2770 3835 3107 3905 procidamus
3141 3843 3261 3889 ante
3281 3832 3453 3887 illum.
3478 3833 3549 3887 Se

1982 3947 2048 3987 ex
2081 3930 2425 3986 adorantium
2469 3938 2523 3981 et
2568 3928 2894 3997 plorantium
2933 3942 3158 3982 numero
3186 3941 3306 3980 esse
3330 3925 3545 3989 dicunt,

1982 4033 2043 4077 ut
2070 4021 2345 4076 auditores
2373 4019 2440 4073 ad
2473 4017 2873 4073 confessionem
2899 4020 3262 4088 promptiores
3288 4014 3543 4070 ciliciant.

2052 4212 2106 4269 8.
2148 4210 2320 4266 Hodie
2344 4211 2393 4264 si
2422 4225 2591 4263 uocem
2620 4209 2734 4278 ejus
2763 4207 3058 4261 audieritis.
3083 4205 3178 4261 His
3206 4206 3274 4260 ab
3300 4205 3417 4274 ipso
3439 4202 3548 4258 Do-

1984 4305 2135 4359 mino
2163 4310 2453 4357 monentur
2483 4310 2542 4355 ut
2576 4301 3008 4369 obtemperantes
3040 4298 3170 4361 sint,
3210 4311 3386 4367 neque
3414 4295 3547 4349 tales

1983 4393 2175 4457 quales
2204 4401 2382 4461 patres
2413 4406 2601 4447 eorum
2637 4390 2689 4443 in
2718 4389 2930 4445 deserto
2960 4387 3193 4442 fuerant.

2053 4573 2107 4628 9.
2145 4571 2442 4626 Secundum
2471 4571 2609 4624 diem
2644 4568 2965 4623 tentationis-
2987 4568 3043 4621 in
3074 4568 3296 4630 deserto,
3319 4563 3409 4618 ubi
3437 4573 3549 4618 ten-

1986 4675 2228 4720 taverunt
2260 4681 2339 4718 me
2372 4674 2548 4733 patres
2581 4662 2758 4716 vestri.
2800 4660 3165 4715 Tcntaverunt
3192 4657 3335 4713 enim
3374 4642 3547 4712 Deum

1983 4758 2120 4811 alias
2159 4757 2213 4810 in
2265 4756 2425 4809 aliam
2476 4755 2786 4809 incedentes
2815 4751 2977 4817 viam,
3010 4750 3104 4805 sed
3135 4765 3245 4805 non
3283 4749 3429 4803 illam
3462 4764 3549 4803 re-
3608 4756 3611 4759 '

1983 4857 2124 4902 ctam
2155 4845 2296 4899 viam
2330 4843 2565 4897 Domini.

2056 4937 2143 4990 il.
2164 4934 2311 4989 Sicut
2319 4935 2501 5005 juraei
2527 4934 2582 4987 in
2608 4933 2692 4985 ira
2718 4948 2851 4996 mea,
2872 4931 2916 4984 si
2934 4930 3219 4984 introibant
3246 4928 3298 4981 in
3322 4925 3547 4996 requiem

1983 5045 2174 5084 meam.
2224 5026 2355 5080 Tres
2401 5025 2559 5079 nobis
2618 5023 2825 5093 requiei
2869 5024 3076 5094 species
3120 5019 3545 5090 significantur:

1983 5120 2220 5177 carnalis
2249 5135 2355 5173 una
2388 5133 2509 5187 quae
2539 5126 2621 5171 est
2656 5114 2914 5181 Sabbati;
2963 5114 3127 5167 altera
3155 5120 3239 5165 est
3267 5109 3546 5177 ingressus

1984 5213 2039 5266 in
2091 5220 2290 5265 terram
2340 5208 2740 5279 psomissionis,
2788 5222 2893 5276 qua
2928 5203 3046 5259 illos
3096 5202 3371 5272 quiescere
3420 5196 3547 5251 fecit

1984 5301 2144 5358 Jesus
2174 5299 2355 5366 Nave;
2392 5299 2548 5355 tertia
2592 5299 2851 5364 cmlcstis,
2891 5312 3007 5366 qua:
3053 5294 3141 5349 hic
3181 5293 3292 5361 jam
3322 5289 3545 5345 denota-

1990 5403 2099 5457 tur,
2135 5410 2241 5449 non
2272 5392 2495 5447 alterius
2522 5391 2665 5446 enim
2694 5392 2783 5445 hic
2809 5388 3014 5443 mentio
3041 5393 3141 5449 est,
3174 5398 3219 5438 ει
3248 5392 3428 5437 tamen
3455 5379 3547 5434 illa

1997 5500 2120 5539 wra
2163 5485 2375 5555 requies
2425 5485 2515 5539 sit.
2564 5480 2874 5539 Ostenditur
2915 5480 3095 5547 itaque
3138 5491 3262 5532 vere
3306 5473 3548 5545 requiem
