3946 6222
378 264 507 328 ’415
1235 276 1290 331 S.
1332 279 1703 337 ATHANASII
1745 282 1895 339 OPP.
1937 284 2118 339 PARS
2155 284 2240 339 lli.
2277 316 2347 327 -—
2384 287 2787 344 EXEGETICA.
3500 293 3608 347 Ηο

370 400 525 447 ‘csse
558 406 831 446 recessum
882 407 947 446 ex
985 393 1085 447 hoc
1116 395 1319 449 mundo
1365 404 1418 450 et
1464 396 1850 453 habitationem
1896 400 1950 453 in

2061 416 2270 462 παυσις.
2307 399 2565 470 Δηλοῦται
2618 397 2730 467 οὖν,
2763 402 2836 463 ὼς
2860 401 3071 471 ἀληθῶς
3093 401 3435 465 κατάπαυσις
3467 403 3615 455 ἐστιν

404 484 654 553 supernis
680 479 1075 538 mansionibus.

2061 491 2090 559 ἡ
2118 489 2253 559 μετά
2277 490 2372 560 τὴν
2403 491 2553 563 τοῦδε
2584 492 2676 544 τοῦ
2710 493 2912 562 κόσμου
2952 492 3274 563 ἀπαλλαγὴ,
3326 495 3358 563 ἡ
3402 495 3459 546 ὲν
3494 498 3613 557 ταῖς

2057 579 2167 632 ἄνω
2197 584 2381 649 μοναῐς
2409 582 2741 652 κατοίκησις.
2940 632 2945 636 .

2063 694 2366 744 ΨΑΛΜΟΣ
2388 693 2500 758 L_E'.
2542 693 2677 762 ’ῼδὶι
2717 692 2794 758 τῷ
2830 695 3026 757 Δαυῒδ,
3078 695 3174 749 ὅτε
3204 699 3235 747 ὀ
3273 692 3434 763 οἶκος
3466 698 3612 763 ᾠκο-

2336 785 2560 853 δομήθη
2591 785 2740 853 μετὰ
2767 785 2877 851 τὴν
2898 789 3329 854 αἰχμαλωσίαν.

406 681 452 733 i.
493 675 830 733 PSALMUS
864 676 959 731 XC
975 676 1033 730 γ.
1064 676 1341 731 Canticum
1382 681 1481 747 ipsi
1513 679 1696 733 David.
1734 679 1956 745 Quando

613 770 798 823 domus
829 770 1190 838 ludiﬁcabatur
1218 780 1334 839 post
1364 773 1743 840 captivitatem.

975 881 1363 949 Argumentum

2682 902 3001 967 Ὑπόθεσις.

398 993 460 1048 in
493 992 814 1064 praecedenti
854 992 1059 1061 psalmo
1082 990 1392 1047 ludat-orum
1428 994 1781 1063 abjectionem
1821 998 1955 1051 vati-

372 1086 379 1105 '
473 1087 687 1142 einalus
733 1085 779 1140 si
824 1080 1243 1139 in‘inﬁdelitate
1287 1098 1727 1155 perseverarent,
1763 1090 1815 1141 in
1854 1089 1955 1144 hoc

468 1168 709 1251 gentium
732 1179 1069 1233 vocationem
1094 1179 1318 1244 inducit,
1340 1195 1459 1248 qua:
1487 1190 1609 1249 post
1632 1182 1952 1236 solutionem

370 1272 375 1277 ’
471 1273 767 1343 spiritualis
800 1273 1013 1325 illorum
1044 1272 1374 1339 captivitatis
1418 1272 1559 1327 facta
1600 1284 1703 1339 est,
1737 1275 1956 1344 quando
2036 1298 2041 1305 υ

465 1381 561 1436 per
588 1373 758 1420 totum
787 1365 972 1419 orbem
1011 1363 1252 1419 Ecclesia
1284 1363 1508 1419 fundata
1542 1364 1662 1420 fuit.

1998 1059 2003 1063 .
2034 1082 2037 1087 Ι
2069 1012 2154 1064 Ἐν
2186 1009 2262 1079 τῷ
2290 1012 2395 1081 πρὸ
2420 1011 2605 1063 τούτου
2633 1011 2847 1081 ψαλμῷ,
2885 1011 2981 1083 τὴν
3016 1014 3281 1085 ἀποϐολὴν
3314 1014 3439 1087 ,τῶν
3479 1017 3609 1069 ’ῐου-

2124 1099 2283 1153 δαίων
2317 1100 2596 1165 θεσπίσας,
2648 1104 2700 1155 εἴ
2725 1119 2787 1170 γε
2820 1103 3123 1172 ὲπιμένοιεν
3170 1107 3235 1175 τῇ
3282 1098 3524 1176 ἀπιστίᾳ,
3552 1108 3609 1157 ἐν

2125 1189 2298 1261 τούτῳ
2325 1192 2422 1261 τὴν
2448 1191 2554 1243 τῶν
2585 1191 2750 1244 ἐθνῶν
2772 1193 2962 1262 κλῆσιν
2992 1194 3198 1261 εἰσάγει
3226 1235 3239 1258 ,
3266 1194 3362 1265 τὴν
3383 1186 3611 1266 γενομέ-

2125 1300 2221 1353 νην
2244 1282 2378 1351 μετᾶ
2401 1282 2496 1352 τὴν
2515 1283 2666 1336 λύσιν
2686 1283 2785 1352 τῆς
2804 1285 2995 1355 νοητῆς
3018 1285 3194 1339 αὐτῶν
3216 1278 3606 1356 αἰχμαλωσίας,

2124 1376 2211 1428 ὅτε
2241 1377 2334 1428 καὶ
2361 1377 2480 1429 καθ’
2502 1377 2626 1448 ὅλης
2658 1377 2755 1442 τῆς
2783 1378 3102 1448 οἰκουμένης
3131 1380 3164 1449 ἡ
3202 1378 3491 1449 Ἐκκλησία
3524 1397 3610 1433 τε-

2125 1465 2464 1537 θεμελίωται.

370 1580 377 1592 .
465 1538 521 1603 2,
551 1539 602 1593 5.
650 1538 873 1593 Cantate
907 1538 1127 1593 Domino
1157 1540 1419 1592 canticum
1451 1556 1659 1593 novum.
1684 1539 1951 1609 Apostolis

2128 1559 2345 1627 ’ᾼσατε
2367 1558 2443 1624 τῷ
2471 1559 2661 1627 Kvpkp
2682 1552 2845 1625 ᾆσμα
2863 1560 3089 1613 καινόν.
3131 1561 3254 1624 Τοῖς
3295 1561 3607 1626 ἀποστόλοις

386 1630 547 1699 jubet
579 1628 811 1700 Spiritus
840 1640 1060 1685 sanctus
1080 1669 1096 1695 ,
1125 1639 1185 1685 ut
1214 1634 1488 1685 canticum
1525 1647 1722 1684 novum
1745 1673 1759 1697 ,
1796 1632 1845 1685 id
1873 1642 1951 1687 est

2061 1647 2115 1699 τὸ
2146 1648 2368 1717 Πνεῦμα
2402 1649 2829 1719 παρακελεύεται
2857 1650 2918 1702 τὸ
2942 1651 3124 1704 καινὸν
3149 1648 3328 1722 ᾆσμα,
3360 1652 3602 1705 τουτέστι

399 1721 605 1777 Novum
634 1720 1086 1784 Testamentum,
1114 1722 1363 1791 gentibus
1407 1736 1502 1790 per
1548 1730 1721 1776 totum
1769 1723 1951 1776 orbem

2061 1739 2153 1810 τὴν
2178 1741 2324 1793 Νέαν
2346 1742 2636 1813 Διαθὴκην,
2665 1740 2985 1813 ἐξηγεῖσθαι
3007 1748 3119 1807 τοίς
3305 1749 3481 1800 πᾶσαν
3511 1747 3606 1818 τὴν

394 1814 922 1868 enarrent.-Cantate
948 1814 1166 1866 Domino
1188 1815 1355 1867 omnis
1383 1824 1590 1866 terra...
1627 1813 1951 1867 Annuntiate

2061 1835 2370 1904 οἰκουμένην
2402 1833 2627 1888 ἔθνεσιν.
2668 1837 2887 1905 ’ᾼσατε
2919 1835 2998 1902 τῷ
3029 1838 3243 1904 Κυρίῳ,
3280 1837 3446 1893 πᾶσα
3472 1841 3508 1907 ἡ
3532 1813 3606 1908 ri}

391 1905 461 1957 de
507 1905 591 1959 die
618 1905 669 1957 in
704 1905 840 1957 diem
868 1904 1099 1958 salutare
1128 1905 1261 1973 ejus.
1299 1904 1585 1974 Nunquam
1616 1906 1759 1959 enim
1790 1907 1949 1959 linem

2061 1962 2070 1978 .
2107 1963 2122 1977 .
2161 1961 2173 1978 .
2216 1965 2231 1978 .
2267 1924 2724 1994 Eitarrsdt'é'so’m-z
2746 1926 2971 1996 ἡμέραν
2991 1929 3059 1993 ἐξ
3086 1928 3307 1997 ἡμέρας
3334 1931 3397 1983 τὸ
3419 1904 3609 1998 animi;

399 1996 597 2051 facient
641 1996 708 2051 ad
753 2012 928 2067 usque
985 1998 1505 2052 consummationem
1560 1998 1775 2052 mundi
1816 1996 1951 2051 Novi

2061 2032 2180 2067 οιον
2214 2016 2417 2069 αὐτοῦ.
2442 2017 2515 2067 Οὐ
2545 2016 2651 2087 γὰρ
2683 2018 2977 2072 παύσονται
3004 1996 3162 2090 μέχρι
3185 1996 3489 2085 συντελείας
3521 1996 3609 2075 κό-

365 2087 727 2142 -Testamenti
762 2089 1015 2158 mysteria
1046 2089 1200 2143 nobis
1234 2089 1569 2143 enuntiandi.
1922 2140 1925 2145 .

2061 2122 2189 2174 σμου
2209 2105 2275 2158 τὰ
2290 2107 2386 2175 τῆς
2402 2107 2544 2170 Νέας
2568 2107 2840 2180 Διαθήκης
2857 2111 2984 2180 ἡμῖν
3004 2087 3286 2175 λαλοῦντες
3318 2113 3605 2182 μυστήρια.

468 2182 522 2234 4.
562 2179 824 2245 Quoniam
849 2196 1068 2250 magnus
1096 2181 1351 2233 Dominus
1381 2188 1429 2233 et
1458 2178 1745 2233 laudabilis
1771 2179 1949 2232 nimis.

2125 2197 2250 2248 Ὅτι
2280 2195 2467 2265 μέγας
2496 2178 2833 2265 Κύριοςνκαί
2866 2178 3099 2266 αἰνετός
3148 2178 3390 2270 σφόδρα-
3462 2178 3610 2260 ‘th-

399 2271 614 2337 Docete,
645 2272 852 2342 inquit,
885 2284 1103 2341 gentes,
1142 2272 1344 2326 nam'si
1372 2272 1626 2335 audiant,
1660 2279 1951 2341 agnoscent

2061 2288 2198 2353 ξατε,
2237 2290 2387 2359 φησὶ,
2420 2289 2486 2343 τὰ
2535 2290 2661 2362 ἔθνη
2683 2308 2695 2321 ’
2728 2293 2821 2345 καὶ
2862 2292 2969 2363 γὰρ
3003 2292 3382 2346 ὑπακούσαντα
3440 2294 3609 2361 γνοῖεν

392 2367 516 2433 ejus
561 2366 656 2434 qui
686 2365 1013 2431 przedicatur
1052 2364 1304 2419 deitatem
1337 2372 1392 2419 et
1422 2365 1877 2435 magnitudinem;
1908 2366 1951 2418 si

2061 2380 2155 2432 τοῦ,
2175 2383 2571 2452 κηρυττομένου
2594 2384 2691 2454 τὴν
2724 2382 2951 2453 θεότητα
2982 2385 3075 2436 καὶ
3099 2383 3195 2454 τὴν
3220 2382 3604 2454 μεγαλοσύνην,

395 2454 712 2526 agnoscant,
743 2456 1043 2511 laudabunt
1066 2472 1212 2510 eum.
1250 2455 1521 2510 Terribilis
1555 2465 1631 2510 est
1660 2473 1814 2525 super
1837 2472 1951 2510 om-

2061 2472 2145 2525 m‘:
2165 2472 2357 2539 γνόντα
2390 2474 2754 2527 ἐπαινέσουσι.
2790 2466 3043 2542 Φοϐερόςὲ
3076 2475 3246 2528 ἐστιν
3280 2475 3430 2544 ὑπὲρ
3462 2476 3609 2530 πάν-

396 2566 484 2604 nes
515 2550 657 2605 deos.
701 2549 835 2605 Illud
882 2558 963 2605 est
1005 2550 1300 2603 maximum
1343 2550 1593 2619 gentibus
1637 2550 1703 2603 ad
1738 2548 1951 2603 Domini

2061 2580 2156 2628 τας
2177 2563 2317 2630 τοὺς
2349 2565 2538 2630 θεοὺς.
2562 2565 2731 2617 Τοῦτο
2765 2566 2995 2635 μάλιστα
3018 2566 3083 2619 τά
3116 2566 3242 2635 ἔθνη
3276 2568 3366 2620 ἐπὶ
3394 2567 3484 2620 τὸν
3513 2567 3608 2619 τοῦ

368 2644 646 2698 timerem
681 2642 1115 2708 incitamentum,
1149 2641 1291 2711 quod
1325 2642 1558 2695 viderint
1582 2656 1768 2695 eorum
1798 2641 1950 2706 deos,

398 2744 455 2790 ut
477 2735 764 2799 vocabant,
788 2734 1037 2789 ince‘ndin
1067 2735 1315 2789 traditos.
1350 2733 1627 2788 Noverunt
1654 2734 1799 2788 enim
1831 2734 1953 2791 illos

394 2844 587 2884 omnes
614 2843 722 2882 non
748 2842 869 2882 esse
911 2827 1077 2891 deos,
1110 2826 1205 2880 sed
1247 2826 1533 2880 daenmnia.
1568 2825 1730 2881 Solus
1752 2823 1949 2881 autem

394 2918 658 2972 Dominus
689 2915 988 2971 caelestium
1017 2915 1197 2983 opifex
1221 2922 1325 2969 est.

467 3011 521 3065 5.
576 3009 839 3074 Quoniam
882 3024 1056 3061 omnes
1103 3007 1180 3060 dii
1226 3008 1456 3077 gentium
1504 3007 1782 3063 dwmonia.
1846 3007 1950 3075 Qui

2053 2654 2254 2725 Κυρίου
2282 2656 2441 2723 ερόϐον
2466 2644 2848 2728 προτρέπεται,
2865 2657 2956 2710 τὸν
2986 2659 3305 2729 ἐμπρησμὸν
3332 2658 3610 2727 ἑωρακότα

2036 2749 2194 2803 ’κατά
2219 2751 2327 2804 τῶν
2358 2751 2523 2804 πάλαι
2545 2752 2956 2823 ὀνομαζομένων
2994 2754 3170 2806 αὐτῶν
3210 2752 3361 2807 θεῶν.
3401 2754 3608 2821 Ἔγνω-

2056 2858 2152 2896 σαν
2178 2827 2305 2913 γὰρ,
2333 2842 2406 2906 ὡς
2436 2843 2633 2907 πάντες
2666 2845 2859 2897 ἐκεῖνοι
2882 2846 2980 2897 οὐκ
3015 2840 3152 2914 ἦσαν
3177 2842 3306 2907 θεοὶ,
3336 2843 3469 2898 ἀλλὰ
3495 2844 3611 2897 δαι-

2056 2933 2232 3004 μόνια.
2264 2934 2438 2997 Μόνος
2465 2934 2522 2986 δὲ
2548 2936 2576 2987 ὁ
2597 2934 2799 3005 Κύριος
2825 2934 2932 2987 τῶν
2954 2934 3216 3005 οὐρανίων
3258 2934 3502 3004 ποιητής.

2129 3025 2254 3077 Ὅτι
2276 3025 2495 3092 πάντες
2523 3028 2577 3079 οἱ
2603 3027 2720 3081 θεοὶ
2750 3026 2865 3079 τῶν
2884 3024 3073 3079 ἐθνῶν
3095 3025 3385 3094 δαιμόνια.
3422 3025 3483 3077 Οἱ
3514 3024 3611 3095 μὲν

391 3105 536 3159 enim
564 3102 639 3158 dii
664 3102 1018 3165 vocabantur,
1046 3100 1266 3171 maligni
1301 3099 1575 3155 daemones
1605 3099 1773 3157 fuisse
1804 3116 1951 3157 com-

2061 3116 2160 3186 γὰρ
2187 3116 2507 3187 καλούμενοι
2531 3115 2642 3169 θεοὶ
2661 3116 2910 3187 δαίμονες
2936 3115 3189 3187 ὤφθησαν
3224 3106 3469 3187 πονηροὶ,
3500 3115 3612 3169 ό.δὲ

368 3214 371 3219 ·
395 3198 532 3268 perti
558 3205 685 3252 sunt
711 3213 726 3251 :
756 3205 810 3250 at
839 3195 1093 3248 Dominus
1126 3203 1301 3247 noster
1328 3194 1481 3246 calas
1514 3194 1656 3262 fecit.

466 3289 519 3343 6.
546 3288 912 3344 Sanctimonia
944 3295 992 3339 et
1028 3286 1420 3355 magniﬁcentia
1449 3287 1505 3338 in
1532 3282 1953 3355 sanctiﬁcatione

391 3383 529 3451 ejus.
565 3379 933 3449 Sanctilicatio
959 3380 1078 3448 ejus
1103 3370 1185 3432 est
1212 3379 1477 3442 Ecclesia,
1506 3394 1628 3447 qua:
1669 3388 1721 3433 et
1763 3387 1949 3433 sancta

394 3483 449 3528 et
497 3471 782 3543 magniﬁca
827 3479 930 3526 est.
983 3469 1243 3526 Excelsus
1286 3485 1522 3541 namque
1569 3480 1651 3525 est
1700 3470 1954 3526 Ecclesia:

395 3570 638 3618 ornatus.

467 3655 580 3710 7-9.
607 3655 802 3724 A/j'erte
830 3653 1076 3718 Domino,
1109 3655 1298 3722 patriar
1318 3655 1572 3723 gentium,
1610 3663 1714 3708 etc.
1742 3653 1952 3708 Patrias

396 3757 555 3803 vocat
578 3742 942 3824 Ecclesiarum
983 3744 1301 3815 praefectos,»
1330 3746 1382 3800 id
1412 3753 1522 3817 est,
1550 3746 1870 3800 sacerdotes
1901 3742 1955 3800 et

393 3821 671 3908 praesides.
715 3821 956 3891 Et‘sane
989 3837 1241 3891 convenit
1268 3836 1523 3905 operibus
1567 3836 1729 3891 bonis
1780 3835 1950 3891 Deum

392 3928 718 3999 gloriﬁcare,
767 3937 818 3982 et
863 3927 1027 3996 justis
1055 3925 1331 3981 laboribus
1360 3927 1628 3980 honorare
1664 3927 1835 3989 illum,
1871 3936 1954 3979 at-

391 4033 499 4087 que
539 4017 758 4085 insuper
805 4015 1105 4086 spiritualia
1144 4015 1219 4069 illi
1274 4014 1539 4069 sacrificia
1590 4015 1804 4070 θίγοι-τε.
1853 4014 1950 4070 Of-

395 4108 534 4164 ferre
571 4108 827 4162 nimirum
862 4108 916 4161 in
943 4109 1094 4163 atriis
1135 4107 1341 4162 sanctis
1368 4107 1507 4174 ejus,
1543 4107 1751 4161 scilicet
1779 4109 1832 4161 in
1864 4124 1953 4162 ec-

393 4198 596 4253 clesiis.
649 4196 1046 4251 Commoveatur
1091 4216 1122 4251 a
1162 4184 1295 4267 facie
1333 4199 1446 4267 ejus
1495 4199 1738 4251 universa
1787 4209 1948 4252 terra.

394 4286 657 4341 Futurum
686 4289 831 4341 enim
875 4297 992 4341 erat
1030 4297 1091 4342 ut
1122 4303 1218 4357 per
1242 4303 1456 4344 omnem
1490 4298 1691 4342 terram
1736 4289 1955 4344 audire-

396 4389 482 4433 tur
511 4378 840 4447 pmdicatio,
873 4388 926 4433 et
952 4390 1008 4434 ut
1042 4390 1182 4434 terra
1212 4379 1367 4450 quasi
1395 4396 1424 4434 a
1464 4381 1648 4450 priore
1677 4396 1777 4437 suo
1806 4390 1947 4435 statu

392 4479 836 4525 commoveretur.

366 4550 395 4565 ”
467 4565 552 4615 10.
592 4561 802 4615 Etenim
822 4562 1059 4616 correxit
1085 4561 1258 4615 orbem
1293 4570 1446 4617 terra:
1477 4563 1567 4631 qui
1593 4577 1693 4615 non
1722 4578 1952 4615 comma-

395 4652 611 4707 vebitur.
640 4651 911 4707 Fundavit
944 4653 1087 4708 enim
1125 4652 1418 4708 Ecclesiam
1452 4668 1613 4721 supra
1642 4662 1871 4722 petram,
1900 4663 1952 4707 et

395 4754 564 4817 portae
596 4744 753 4801 inferi
784 4763 893 4802 non
926 4748 1295 4816 praevalebunt
1323 4746 1583 4800 adversus
1614 4761 1754 4799 eam.
1793 4744 1952 4797 ludi"-

394 4838 533 4892 cabit
566 4834 783 4908 populos'
816 4840 870 4892 in
902 4841 1165 4909 (equitate.
1210 4838 1371 4893 Venit
1420 4839 1568 4893 enim
1610 4847 1661 4891 et
1690 4838 1955 4907 judicavit

362 4914 365 4921 Γ
395 4945 616 4986 causam
645 4917 910 4997 nostram,
941 4942 994 4986 et
1023 4932 1300 5001 improbos
1321 4941 1579 5002 tyrannos
1608 4931 1813 4999 exegit,
1843 4930 1949 4983 im-

362 5028 367 5032 ’
396 5036 561 5097 puro}
594 5021 801 5077 scilicet
839 5023 1134 5076 daemones.

357 5110 363 5117 ’
400 5089 407 5090 7
597 5112 864 5168 Lwtentur
907 5113 1022 5166 caeli
1063 5123 1112 5166 et
1160 5112 1384 5165 exsultet
1428 5122 1587 5165 terra.
1618 5111 1752 5166 Cum
1786 5111 1952 5166 totius

396 5205 544 5259 orbis
562 5204 765 5259 bonum
796 5213 1045 5273 ageretur
1075 5204 1323 5258 caelestes
1350 5204 1575 5258 virtutes
1604 5219 1727 5257 cum
1756 5203 1951 5273 gaudio

397 5296 681 5351 dicebant:
715 5294 893 5349 Gloria
923 5294 978 5346 in
1014 5294 1227 5348 excelsis
1270 5294 1372 5348 Deo
1411 5305 1458 5348 et
1487 5295 1540 5348 in
1581 5305 1721 5347 terra
1762 5294 1946 5347 nam".

398 5381 792 5438 Commoveatur
819 5399 963 5437 mare
1007 5391 1053 5437 et
1096 5383 1365 5451 plenitudo
1395 5384 1528 5451 ejus.
1575 5384 1720 5439 Mare
1752 5385 1839 5439 hic
1876 5385 1952 5438 si-

400 5469 616 5537 gniﬁcat
639 5472 883 5541 gentium
926 5471 1341 5540 plenitudinem,
1393 5488 1511 5541 quae
1540 5466 1812 5528 commota
1846 5481 1950 5539 est,

462 5685 507 5721 "
543 5684 675 5743 Luc.
713 5701 775 5753 ιι,
807 5688 893 5746 ﬂ.

2053 3207 2333 3277 ἡμέτερος
2356 3209 2569 3275 Κύριος
2604 3207 2741 3273 τοὺς
2765 3207 3055 3275 οὐρανοὺς
3097 3207 3401 3273 ἐποίησεν.

2028 3312 2033 3317 ο
2090 3338 2095 3343 .
2136 3298 2452 3367 Ἀγιωσύνη
2477 3297 2573 3350 καὶ
2592 3297 3069 3366 μεγαλοπρέπεια
3098 3297 3169 3350 ἐν
3198 3295 3278 3362 τῷ
3298 3294 3613 3367 ἀγιάσματι

2052 3389 2273 3443 aurei).-
2303 3389 2573 3459 Ἀγίασμα
2595 3388 2759 3441 αὑτοῦ
2788 3390 2819 3459 ή
2855 3388 3165 3458 Ἐκκλησία,
3204 3389 3326 3458 ἥτις
3353 3388 3444 3441 καὶ
3481 3387 3613 3455 ἁγία

2053 3478 2167 3529 ἐστὶ
2190 3478 2283 3530 καὶ
2320 3474 2756 3547 μεγαλοπρεπής.
2796 3476 3024 3547 Ὑψηλὸς
3062 3477 3169 3547 γὰρ
3202 3478 3230 3529 ὁ
3282 3476 3484 3547 κόσμος
3514 3476 3613 3545 τῆς

2063 3566 2408 3637 Ἐκκλησίας.

2134 3657 2449 3727 Ἐνέγκατε
2475 3658 2553 3724 τῷ
2571 3660 2782 3726 Κυρίῳ,
2808 3661 2868 3711 αἱ
2889 3658 3123 3726 πατριαί
3143 3657 3259 3711 τῶν
3272 3658 3479 3712 ἐθνῶν.
3503 3658 3615 3710 Πα-

2051 3750 2207 3822 τριάς
2235 3750 2387 3803 καλεῖ
2406 3752 2530 3815 τοὺς
2560 3750 2666 3803 τῶν
2695 3749 3026 3820 Ἐκκλησιῶν
3050 3750 3401 3820 ἡγουμένους,
3435 3749 3615 3819 ἱερέας

2052 3841 2194 3911 φημὶ
2218 3840 2311 3892 καὶ
2345 3840 2659 3911 προέδρους.
2691 3841 2801 3892 Καὶ
2828 3839 3029 3911 πρέπει
3052 3838 3140 3891 διὰ
3163 3837 3272 3890 τῶν
3303 3838 3478 3908 ἔργων
3505 3836 3617 3890 τῶν

1996 3986 1997 3989 η
2027 3923 2270 3999 ’ἀγαθῶν
2300 3929 2542 3995 δοξάζειν
2564 3931 2654 3984 τὸν
2683 3931 2834 3994 Θεὸν,
2876 3932 2970 3983 καὶ
3005 3930 3109 4001 μὴν
3161 3931 3255 3982 καὶ
3299 3931 3465 4001 τιμᾷν
3508 3929 3618 3983 ἀπὸ

2051 4019 2267 4073 δικαίων
2298 4023 2474 4074 πόνων
2504 4020 2702 4087 αὐτῶν,
2735 4019 2815 4071 ἔτι
2846 4035 2910 4086 γε
2948 4019 3053 4089 μὴν
3093 4018 3188 4071 καὶ
3236 4018 3425 4081 θυσίας
3467 4018 3616 4087 αὐτῷ

2050 4109 2335 4181 ἀναφέρειν
2366 4110 2559 4176 νοητὰς
2581 4126 2593 4137 ·
2632 4109 2919 4179 ἀναφέρειν
2954 4108 3010 4160 δὲ
3031 4110 3088 4161 ἐν
3109 4110 3227 4171 ταῖς
3253 4107 3422 4170 θείαις
3451 4106 3615 4161 αὐτοῦ

2051 4199 2257 4263 αὐλαῖς,
2300 4200 2497 4271 δηλαδὴ
2534 4204 2654 4263 ταῖς
2706 4199 3041 4271 ἐκκλησίαις.
3093 4198 3446 4267 Σαλευθήτω
3495 4197 3615 4251 ἀπὸ

2050 4288 2370 4357 προσώπου
2397 4290 2581 4360 αὐτοῦ
2603 4291 2768 4343 πᾶσα
2800 4292 2836 4357 ἡ
2869 4289 2966 4360 γῆ.
3011 4289 3238 4359 Ἔμελλε
3270 4287 3380 4359 γὰρ
3403 4290 3481 4351 εἰς
3513 4291 3615 4342 πᾶ-

2054 4394 2150 4431 σαν
2180 4378 2278 4435 τὴν
2326 4378 2647 4449 οἰκουμένην
2680 4377 3003 4443 ἐξάκουστον
3043 4376 3293 4446 γενέσθαι
3329 4377 3611 4446 κήρυγμα,

1976 4445 2025 4504 D
2054 4471 2150 4523 ml.
2173 4470 2331 4522 οἱονεὶ
2366 4470 2467 4539 τῆς
2483 4445 2781 4540 ’προτέρας
2804 4445 3063 4532 στάσεως
3084 4467 3326 4521 σαλεύειν
3355 4467 3451 4537 τὴν
3483 4445 3609 4537 γῆν.

2120 4560 2230 4614 Καὶ
2251 4562 2360 4629 γὰρ
2387 4560 2730 4628 κατώρθωσε
2751 4560 2863 4628 τὴν
2883 4558 3242 4628 οἰκουμένην
3264 4557 3393 4625 ἥτις
3415 4559 3486 4611 οὐ
3517 4573 3619 4611 σα-

2054 4649 2431 4717 λευθήσεται.
2480 4649 2837 4719 Ἐθεμελίωσε
2867 4650 2974 4719 γὰρ
3015 4649 3107 4701 ἐπὶ
3143 4648 3239 4718 τὴν
3285 4648 3490 4719 πέτραν
3520 4647 3619 4716 τὴν

2070 4742 2414 4812 Ἐκκλησίαν,
2445 4744 2535 4795 καὶ
2563 4741 2726 4794 πύλαι
2750 4741 2875 4812 ᾇδου
2896 4741 2956 4793 οὐ
2981 4740 3393 4809 κατισχύσουσιν
3427 4738 3615 4807 αὐτῆς.

2057 4832 2259 4902 Κρινεῖ
2274 4834 2463 4898 λαοὺς
2489 4835 2558 4886 ἐν
2578 4834 2875 4900 εὐθύτητι.
2914 4829 3084 4885 *Ηλθε
3117 4832 3224 4903 γὰρ
3266 4830 3360 4884 καὶ
3404 4829 3638 4883 ἐδίκασε-

2051 4930 2149 5000 τὴν
2180 4930 2359 5001 κρίσιν
2388 4930 2564 5000 ἡμῶν,
2592 4929 2840 4992 καὶτοὺς
2898 4928 3164 4999 πονηροὺς
3196 4924 3510 4997 ,τυράννους
3536 4923 3621 4988 ἐξ»

2052 5023 2232 5089 έδαλε,
2263 5025 2387 5086 τοὺς
2418 5021 2759 5094 ἀκαθάρτους
2793 5021 2927 5090 φησὶ
2953 5020 3237 5090 δαίμονας.

2120 5114 2661 5183 Εὐφραινέσθωσαν
2689 5118 2740 5167 οἰ
2780 5113 3041 5180 οὐρανοὶ,
3089 5111 3186 5164 καὶ
3234 5107 3621 5179 ἀγαλλιάσθω

2052 5206 2090 5272 ἦ
2126 5206 2222 5274 γῆ.
2270 5206 2391 5259 Ἐπὶ
2417 5214 2523 5277 γὰρ
2550 5208 2616 5277 τῇ
2665 5202 2998 5275 κατορθώσει
3050 5203 3149 5271 τῆς
3198 5198 3524 5269 οἰκουμένης
3563 5199 3619 5250 αἰ

2056 5297 2297 5365 οὐράνιαι
2327 5297 2580 5366 δυνάμεις
2603 5296 2835 5358 ἔφασκον
2865 5294 3150 5364 χαίρουσαι
3170 5308 3183 5320 ·
3213 5290 3367 5353 Δόξα
3389 5289 3459 5341 ἐν
3482 5289 3621 5355 ὑψί-

2057 5402 2224 5452 στοις
2254 5385 2375 5452 Θεῷ
2401 5387 2497 5440 καὶ
2523 5386 2621 5438 ἐπὶ
2650 5384 2759 5456 γῆς
2787 5384 3012 5452 εἰρήνη.
3046 5379 3400 5448 Σαλευθήτω
3444 5380 3483 5446 ἡ
3518 5377 3620 5431 θά-

2054 5476 2260 5529 λασονα
2278 5475 2371 5529 καί
2402 5476 2465 5528 τὸ
2482 5474 2770 5544 πλήρωμα
2789 5470 2996 5542 αὐτῆς.
3020 5470 3305 5525 Θάλασσαν
3331 5471 3388 5523 ὲν
3415 5464 3620 5531 τούτᾳς
