3946 6222
348 357 452 414 M9

1230 358 1286 414 S.
1325 355 1689 411 ATHANASII
1731 351 1880 409 OPP.
1920 346 2098 403 PARS
2134 345 2214 402 lll.
2249 375 2319 387 —
2353 344 2759 403 EXEGETICA.

3456 349 3560 407 49.0

346 474 491 545 ligno
545 476 717 533 aversi
745 476 900 542 estis,
933 488 1108 532 sancti
1143 476 1319 532 effecti
1367 476 1523 533 e5tis.
1570 474 1722 529 Tunc
1756 473 1899 527 enim

2002 470 2062 521 Oi
2115 465 2550 538 ἀποστραφέντες
2600 466 2690 519 τὸν
2751 465 3005 538 πονηρὸν,
3058 465 3195 519 ὅσιοι
3242 464 3555 534 γεγένησθε·

346 566 620 636 continget
647 569 801 623 vobis
834 578 893 623 ut
922 568 1188 624 Dominus
1216 585 1315 624 vos
1363 568 1637 625 custodiat
1665 583 1692 621 a
1727 562 1881 619 mali-

347 670 476 725 gno,
503 657 598 728 qui
631 659 849 730 proprie
872 669 1125 730 peccator
1161 669 1264 715 est.

425 837 513 891 Η.
544 837 661 892 Lua:
693 848 810 893 orta
841 848 919 893 est
933 840 1104 909 justo.
1142 838 1460 909 Evangeliea
1499 836 1769 893 videlicet.
1794 835 1903 890 Ju-

346 933 428 980 sto
457 929 799 993 autem,huic
824 931 1023 999 populo
1056 931 1263 986 scilicet
1287 930 1379 1000 qui
1409 945 1507 1000 per
1534 929 1692 984 ﬁdem
1716 929 1899 998 justus

343 1027 447 1073 est.
479 1017 545 1071 Et
571 1020 726 1074 rectis
757 1021 910 1074 corde
932 1021 1160 1086 lwtitia;
1187 1023 1242 1076 in
1283 1022 1398 1076 haec
1426 1022 1590 1077 verba
1629 1021 1783 1075 rectis
1815 1021 1901 1073 in-

345 1109 794 1178 tcrpungendum,
821 1111 894 1164 ita
927 1117 987 1163 ut
1019 1110 1084 1164 iis
1114 1111 1207 1180 qui
1242 1111 1375 1165 recti
1409 1109 1612 1165 fuerint
1646 1111 1699 1165 in
1737 1110 1899 1165 corde

346 1200 552 1255 oriatur
581 1199 780 1254 laetitia.
826 1199 885 1254 ln
935 1201 1213 1256 communi
1242 1210 1425 1257 autem
1456 1202 1608 1268 illud,
1649 1210 1768 1255 orta
1795 1209 1895 1267 est,

342 1291 738 1361 accipiendum.

646 1378 980 1449 PSALMUS
1005 1381 1107 1451 ipsi
1132 1380 1322 1437 David.
1349 1379 1595 1436 XCVII.

684 1488 687 1489 '
923 1474 1317 1544 Argumentum.

337 1561 437 1620 Hic
472 1580 688 1635 quoque
717 1566 960 1635 psalmus
987 1567 1226 1637 priorem
1258 1566 1474 1621 Domini
1499 1565 1790 1620 adventum
1820 1564 1895 1616 si-

404 1657 642 1726 gniﬁcat,
673 1665 728 1711 et
765 1657 923 1712 [idem
970 1659 1214 1713 omnium
1263 1658 1502 1728 gentium
1553 1671 1678 1727 erga
1714 1656 1889 1723 illum,

407 1759 571 1814 quam
600 1745 839 1800 dediteis
867 1754 927 1801 ut
954 1747 1200 1815 patribus
1243 1748 1357 1802 suis
1384 1747 1660 1816 pollicitus
1692 1745 1887 1801 fuerat.

2003 558 2136 613 Τότε
2161 557 2225 629 δὴ
2268 557 2603 629 συμϐήσεται
2634 558 2759 628 ὑμῖν
2782 559 2874 611 καὶ
2901 557 3000 628 τῆς
3022 556 3264 626 φυλακῆς
3289 556 3388 627 τῆς
3411 556 3562 626 παρὰ

1998 648 2091 702 τοῦ
2118 648 2318 722 Κυρίου
2340 651 2520 718 τυχεῖν
2547 649 2653 703 ἀπὸ
2682 648 2774 704 τοῦ
2826 649 3082 721 πονηροῦ-
3136 642 3289 712 οὗτος
3314 647 3420 720 γὰρ
3459 667 3558 705 κυ-

2001 742 2131 811 ρίως
2155 741 2492 811 ἁμαρτωλός.

2067 829 2196 897 Φῶς
2243 830 2510 887 ἀνέτειλε
2565 829 2646 898 τῷ
2682 831 2908 899 δικαίῳ.
2957 832 3031 884 Τὸ
3074 828 3425 901 εὐαγγελικὺν
3467 831 3559 902 δη-

1998 922 2187 976 λονότι.
2211 925 2421 986 Δικαίῳ
2452 924 2529 987 δὲ,
2548 923 2682 995 τῷδε
2710 925 2900 996 δικαίῳ
2924 923 3037 995 λαῷ
3064 923 3151 977 διὰ
3179 924 3278 994 τῆς
3307 923 3556 987 πίστεως.

1995 1014 2105 1069 Καὶ
2126 1014 2247 1080 τοῖς
2268 1016 2469 1069 εὐθέσι
2489 1014 2563 1084 τῇ
2592 1015 2803 1084 καρδίᾳ
2826 1017 3193 1086 εὐφροσύνη·
3224 1018 3305 1077 εἰς
3323 1014 3406 1079 τὸ,
3436 1015 3558 1082 τοῖς

1994 1102 2255 1166 εὐθέσιν,
2296 1103 2574 1170 ὑποστίξαι
2599 1104 2697 1167 δεῖ,
2722 1105 2820 1179 ,ἵνα
2865 1108 2977 1169 τοῖς
3021 1104 3319 1176 γινομένοις
3347 1104 3558 1160 εὐθέσιν

2000 1196 2058 1247 ὲν
2085 1197 2150 1266 τῇ
2202 1194 2395 1266 καρδίᾳ
2452 1196 2703 1270 ἀνατείλῃ
2735 1197 3059 1269 εὐφροσύνη.
3120 1196 3251 1252 Ἀπὸ
3294 1198 3471 1252 κοινοῦ
3498 1198 3556 1254 δὲ

1996 1284 2075 1351 τὸ,
2097 1284 2390 1348 ἀνατελεῖ,
2438 1283 2688 1355 ληπτέον.

2374 1377 2678 1429 ΨΑΛΜΟΣ
2723 1374 2803 1440 τῷ
2856 1375 3052 1431 Δαυΐδ.
3082 1377 3191 1443 ιιΖν.

2593 1466 2913 1534 Ὑπόθεσις.

1992 1554 2101 1608 Καὶ
2128 1548 2277 1620 οὗτος
2303 1558 2330 1609 6
2370 1555 2580 1627 ψαλμὸς
2632 1556 2727 1628 τὴν
2785 1557 3051 1631 προτέραν
3106 1559 3406 1631 παρουσίαν
3456 1560 3551 1614 τοῦ

2061 1647 2264 1719 Κυρίου
2295 1649 2568 1719 σημαίνει,
2597 1649 2691 1703 καὶ
2710 1649 2808 1721 τὴν
2843 1650 2949 1704 τῶν
2990 1650 3158 1705 ἐθνῶν
3207 1652 3420 1706 πάντων
3473 1656 3553 1717 εἰς

2063 1739 2222 1793 αὐτὸν
2256 1741 2459 1807 πίστιν,
2484 1742 2550 1812 ἢν
2596 1743 2886 1813 ἐποιήσατο
2913 1744 3052 1798 κατὰ
3078 1743 3175 1807 τὰς
3207 1743 3552 1817 ἐπηγγελμέ-

401 1834 478 1890 Ea
503 1837 569 1891 de
593 1852 757 1893 causa
788 1838 876 1892 hic
906 1840 1249 1894 concitantur
1277 1848 1483 1909 gentes,
1510 1847 1570 1893 ut
1599 1854 1723 1894 cum
1745 1839 1893 1909 jubi-

2060 1848 2155 1895 νας
2189 1835 2299 1897 τοῖς
2338 1834 2604 1906 πατράσιν
2647 1834 2997 1903 ἐπαγγελίας.
3026 1834 3124 1889 Διὰ
3151 1835 3308 1890 τοῦτο
3335 1835 3401 1889 τὰ
3426 1835 3551 1906 ἔθνη

403 1926 605 1983 latione
654 1930 893 1984 victoriae
943 1946 1164 1986 carmen
1219 1944 1437 1997 canant,
1493 1930 1641 2003 quod
1701 1947 1890 1988 eorum

403 2034 568 2074 causa
606 2021 809 2075 editum
843 2021 965 2077 fuit.

407 2111 453 2164 i.
491 2110 715 2166 Cautale
732 2112 959 2168 Domino
988 2115 1250 2169 canticum
1275 2131 1482 2182 novum,
1507 2117 1635 2185 quia
1680 2116 1893 2171 mirabi-

333 2202 409 2257 lia
443 2203 585 2274 fecit.
619 2204 866 2261 Mirabile
893 2221 1118 2276 prorsus
1148 2209 1398 2278 estquod
1428 2224 1575 2265 mors
1616 2209 1890 2265 destructa

333 2299 424 2363 sit,
456 2307 511 2353 et
530 2301 674 2371 quod
704 2302 1001 2356 humanum
1027 2319 1198 2373 genus
1222 2304 1493 2358 revixerit.
1522 2303 1759 2359 Salvavit
1788 2305 1892 2360 sibi

332 2390 549 2445 dextera
576 2392 714 2462 ejus.
735 2391 996 2447 Mundum
1032 2394 1176 2449 enim
1208 2395 1355 2450 Patri
1386 2396 1584 2451 obtulit
1610 2394 1884 2461 Christus,

332 2482 426 2552 qui
468 2491 553 2538 est
607 2484 829 2540 dextera
855 2483 1052 2541 Patris.
1081 2484 1200 2542 Non
1237 2486 1381 2542 enim
1432 2487 1676 2543 humano
1700 2489 1891 2560 egebat

333 2574 557 2630 auxilio.

399 2665 454 2719 2.
488 2663 692 2720 Notum
719 2666 844 2736 fecit
881 2665 1137 2721 Dominus
1182 2669 1423 2723 salutare
1467 2685 1641 2724 suum.
1689 2667 1891 2725 Carna-

333 2755 437 2810 lem
485 2756 603 2826 ejus
653 2758 941 2813 adventum
984 2758 1279 2815 salutarem
1336 2761 1543 2817 scilicet
1595 2762 1885 2833 signiﬁcat.

332 2843 490 2899 Juxta
518 2846 651 2901 illud
675 2846 880 2902 dictum
915 2863 946 2902 a
972 2846 1267 2905 Simeone:
1305 2850 1446 2916 Quia
1476 2853 1718 2907 viderunt
1749 2854 1889 2907 oculi

332 2936 434 2990 mei
458 2935 696 2991 salutare
721 2946 871 2991 tuum
897 2938 964 2993 ⁷⁸.
997 2939 1065 2993 In
1099 2953 1372 3010 conspectu
1420 2943 1651 3012 gentium
1692 2942 1889 2997 revela—

331 3029 403 3083 vil
451 3028 724 3098 justitiam
774 3046 947 3086 suam.
996 3031 1182 3102 Ejecto
1235 3032 1443 3089 scilicet
1489 3034 1652 3103 hujus
1702 3034 1885 3090 surculi

2059 1926 2236 1980 πάντα
2255 1925 2539 1991 ἀλαλάζειν
2563 1928 2591 1980 6
2607 1926 2762 1996 λόγος
2780 1927 3140 1999 προτρέπεται
3159 1929 3247 1982 τὸν
3268 1929 3549 1994 ἐπινίκιον,

2059 2017 2117 2071 ὃν
2144 2017 2283 2088 ὑπὲρ
2312 2017 2487 2071 αὐτῶν
2521 2018 2831 2087 πεποίηται.

2064 2108 2285 2178 ’ᾼσατε
2303 2105 2382 2172 τῷ
2409 2108 2602 2177 Κυρίῳ
2629 2103 2792 2178 ᾆσμα
2830 2120 3059 2176 καινὸν,
3104 2110 3192 2163 ὅτι
3240 2111 3553 2182 θαυμαστὰ

1988 2196 2254 2266 ἐποίησε.
2279 2198 2598 2271 Θαυμαστὸν
2620 2200 2729 2270 γὰρ
2780 2201 2993 2272 ἀληθῶς
3037 2202 3098 2255 τὸ
3142 2203 3553 2275 καταργηθῆναι

1990 2287 2236 2355 θάνατον,
2264 2289 2360 2343 καὶ
2392 2290 2686 2346 ἀναϐιῶναι
2724 2293 2885 2347 πάλιν
2911 2293 2970 2348 τὸ
3007 2293 3346 2364 ἀνθρώπινον
3374 2295 3546 2363 γένος.

1994 2380 2261 2435 Ἕσωσεν
2286 2380 2444 2447 αὐτῷ
2471 2383 2509 2451 ἡ
2546 2382 2713 2447 δεξιὰ
2736 2385 2941 2440 αὐτοῦ.
2986 2386 3308 2457 Προσήγαγε
3339 2386 3447 2458 γὰρ
3473 2387 3551 2458 τῷ

1992 2468 2107 2540 ἰδίῳ
2129 2468 2305 2542 Harp}.
2331 2471 2427 2543 τὴν
2449 2471 2539 2525 ὑπ’
2560 2472 2783 2543 οὐρανὸν
2806 2476 2834 2527 6
2852 2475 3106 2546 Χριστὸς,
3149 2476 3208 2539 ὃς
3254 2477 3370 2530 ἐστι
3402 2476 3550 2542 δεξιὰ

1986 2560 2080 2615 τοῦ
2125 2562 2354 2634 Πατρός.
2381 2566 2455 2617 Οὐ
2484 2563 2590 2636 γὰρ
2623 2565 2815 2636 ἐδεήθη
2845 2565 3184 2637 ἀνθρωπίνης
3210 2563 3478 2638 βοηθείας.

2069 2654 2373 2725 Ἐγνώρισε
2397 2658 2609 2725 Κύριος
2637 2658 2703 2711 τὸ
2732 2657 3024 2726 σωτήριον
3049 2659 3251 2713 αὐτοῦ.
3279 2658 3548 2730 Σωτήρων

1986 2740 2150 2801 οὖσαν
2180 2747 2278 2818 τὴν
2306 2747 2566 2820 ἔνσαρκον
2593 2748 2756 2804 αὐτοῦ
2779 2751 3072 2822 παρουσίαν
3106 2752 3376 2823 σημαίνει·
3403 2752 3546 2807 κατὰ

1987 2833 2048 2888 τδ
2066 2836 2347 2907 εἰρημένον
2369 2837 2473 2891 ὑπὸ
2508 2836 2602 2891 τοῦ
2629 2837 2870 2909 Συμεών·
2899 2838 3028 2892 Ὅτι
3056 2835 3218 2893 εἶδον
3244 2841 3297 2892 οἱ
3321 2839 3545 2908 ὀφθαλ-

1981 2925 2086 2995 μοί
2120 2944 2238 2995 μου
2270 2926 2334 2980 τό
2359 2928 2649 2996 σωτήριόν
2670 2944 2806 2983 σου.
2868 2930 3177 2984 Ἐναντίον
3220 2929 3338 2984 τῶν
3361 2929 3550 2984 ἐθνῶν

1986 3015 2343 3085 ἀπεκάλυψε
2397 3018 2513 3085 τὴν
2572 3018 2967 3089 δικαιοσύνην
3018 3020 3221 3075 αὐτοῦ.
3276 3021 3548 3077 Ἐκὸαλὼν

331 3119 596 3191 principe,
618 3120 778 3176 nobis
804 3129 986 3177 autem
1017 3123 1112 3193 qui
1139 3122 1269 3178 olim
1319 3123 1422 3180 sub
1455 3123 1741 3195 tyrannide
1773 3140 1888 3181 era-

2002 3107 2087 3176 ;sév
2112 3107 2204 3160 τὸν
2237 3108 2469 3179 ἄρχοντα
2521 3109 2613 3163 τοῦ
2666 3111 2857 3176 αἰῶνος
2900 3112 3110 3178 τούτου,
3160 3112 3451 3179 δικαιώσας
3489 3116 3548 3169 δὲ

2002 3198 2111 3219 -_.‘._
2143 3197 2298 3219 ..1.Ὶμ-
2342 3217 2396 3219 _,_
2528 3218 2533 3219 ,
2576 3200 2631 3219 At
2803 3203 2816 3219 ρ
2881 3204 2906 3219 ιο

331 3227 456 3267 mus
477 3211 810 3281 justiﬁeatis.

400 3302 454 3357 5,
489 3301 811 3358 Recordatus
848 3313 928 3359 est
963 3305 1341 3361 misericordiae
1369 3322 1501 3362 sum.
1534 3305 1672 3377 Erga
1693 3305 1881 3362 Jacob.

331 3389 584 3448 Promisit
609 3394 754 3448 enim
788 3396 839 3448 ei
870 3394 1111 3451 futurum
1137 3411 1260 3452 esse
1291 3406 1353 3451 ut
1390 3412 1581 3452 omnes
1616 3406 1802 3468 gentes
1830 3398 1887 3452 in

330 3485 538 3540 semine
571 3485 692 3555 ejus
731 3487 1198 3544 benedicerentur.
1258 3488 1512 3545 Viderunt
1549 3507 1726 3545 omnes
1779 3503 1886 3546 ter-

330 3578 461 3631 mini
495 3587 648 3634 terra:
684 3579 920 3634 salutare
964 3580 1063 3636 Dei
1108 3583 1299 3637 nostri.
1356 3580 1573 3638 Nullum
1609 3585 1755 3640 enim
1801 3599 1887 3641 re-

328 3682 494 3739 gnum
522 3683 632 3724 non
667 3671 940 3742 partiCeps
961 3682 1047 3729 est
1078 3676 1231 3745 regni
1253 3674 1478 3731 Christi.

401 3759 455 3825 5,
475 3758 530 3814 6.
562 3759 780 3816 Psallile
812 3761 917 3816 Deo
950 3773 1129 3818 nostro
1157 3766 1214 3818 in
1243 3767 1469 3821 cithara.
1502 3764 1776 3822 Citltaram
1804 3767 1887 3824 di-

328 3851 402 3906 cit
426 3852 767 3909 harmoniam
798 3863 855 3911 et
880 3838 1206 3913 consensum
1235 3861 1429 3916 animat
1458 3875 1580 3916 cum
1631 3876 1880 3932 corpore.

328 3942 395 3999 In
421 3946 559 4001 tubis
590 3946 877 4003 ductilibus
904 3956 955 4003 et
992 3955 1111 4006 vace
1139 3950 1276 4006 tuba
1298 3967 1519 4008 corneae.
1546 3952 1757 4009 Ardens
1800 3962 1886 4008 at-

326 4052 431 4107 que
470 4039 763 4095 vehemens
818 4041 1060 4097 stuiiiunt
1115 4043 1434 4114 evangelicae
1485 4044 1883 4115 prmdicationis

327 4144 423 4200 per
458 4129 619 4186 tubas
659 4131 892 4187 ductiles
920 4132 1226 4204 signiﬁcat;
1262 4151 1359 4205 per
1397 4150 1653 4191 corneam
1698 4145 1878 4192 autem

327 4219 531 4290 regiam
564 4221 902 4291 dignitatem,
929 4224 1058 4293 quia
1103 4240 1172 4281 ex
1206 4241 1375 4282 cornu
1407 4227 1680 4298 ungebam
1705 4243 1879 4300 reges.

327 4307 508 4380 Neque
534 4310 588 4366 id
616 4320 849 4376 tantum.
879 4314 973 4369 sed
1005 4315 1132 4386 quia
1151 4331 1352 4373 cornea
1389 4319 1543 4388 regni
1573 4320 1881 4390 proclama-

326 4401 528 4456 tionem
561 4399 850 4457 faciebant.

1985 3198 2111 3262 τοὺς
2140 3197 2304 3252 πάλαι
2338 3200 2761 3271 τυραννηθέντας
2793 3203 2958 3273 ἡμᾶς.

2066 3287 2369 3359 Ἐμνήσθη
2393 3289 2499 3345 τοῦ
2523 3291 2735 3357 ἐλέους
2755 3293 2959 3347 αὐτοῦ.
3014 3292 3123 3346 Τοῦ
3182 3293 3395 3347 Ἰακώϐ·
3452 3295 3548 3348 καὶ

1983 3377 2092 3450 γὰρ
2123 3380 2181 3431 ὲν
2211 3378 2289 3450 τῷ
2340 3379 2609 3452 σπέρματι
2664 3380 2828 3436 αὐτοῦ
2882 3382 3235 3455 εὐλογηθῆναι
3274 3384 3447 3438 πάντα
3481 3385 3547 3438 τὰ

1983 3468 2109 3541 ἔθνη
2137 3470 2513 3542 ἐπηγγείλατο.
2564 3472 2830 3527 Εἵδοσαν
2867 3473 3062 3528 πάντα
3086 3476 3154 3529 τὰ
3181 3474 3402 3544 πέρατα
3436 3473 3547 3544 τῆς

1983 3558 2095 3630 γῆς
2120 3560 2187 3614 τὸ
2211 3558 2506 3630 σωτήριον
2534 3564 2640 3618 τοῦ
2671 3566 2818 3621 Θεοῦ
2872 3567 3058 3637 ἡμῶν.
3093 3567 3278 3631 Οὐδεὶς
3302 3568 3410 3641 γὰρ
3457 3568 3547 3623 τό-

1983 3667 2083 3715 πος
2112 3651 2375 3723 ἀμέτοχος
2397 3653 2498 3725 τῆς
2520 3653 2789 3725 βασιλείας
2808 3655 2902 3710 τοῦ
2928 3658 3179 3730 Χριστοῦ.

2057 3732 2294 3797 Ψάλατε
2328 3742 2409 3810 τῷ
2442 3744 2562 3811 Θεῷ
2589 3744 2753 3816 ἡμῶν
2776 3748 2846 3801 ἐν
2899 3748 3126 3819 κιθάρᾳ.
3170 3751 3416 3825 Κιθάραν
3446 3753 3546 3825 τὴν

1980 3832 2076 3887 τοῦ
2101 3834 2349 3907 σώματος
2378 3838 2515 3909 πρὸς
2550 3839 2648 3909 τὴν
2692 3838 2867 3912 ψυχὴν
2906 3841 3169 3914 ἁρμονίαν
3203 3846 3356 3918 φησί.
3391 3845 3547 3901 Σάλ-

1982 3923 2124 3995 πιγξ
2127 3942 2185 3979 ιν
2212 3926 2471 3994 ἐλαταῖς,
2504 3928 2601 3981 καί
2623 3928 2793 3998 φωνῇ
2830 3930 3161 4003 σάλπιγγος
3208 3936 3543 4002 κερατίνης,

1982 4016 2056 4070 Τὸ
2094 4018 2486 4090 πεπυρωμένον
2531 4020 2626 4073 καὶ
2669 4021 3024 4093 ἐκτεταμένον
3054 4023 3146 4078 τοῦ
3189 4026 3542 4095 εὐαγγελικοῦ

1980 4108 2332 4182 κηρύγματος
2380 4110 2467 4164 διὰ
2516 4110 2625 4165 τῶν
2667 4111 2867 4166 ὲλατῶν
2912 4114 3224 4185 σαλπίγγων
3271 4115 3541 4189 σημαίνει·

1981 4200 2070 4255 διὰ
2089 4202 2146 4256 δὲ
2172 4201 2278 4256 τῶν
2304 4202 2603 4275 κερατίνων
2644 4205 2706 4259 τὸ
2741 4205 3036 4275 βασιλικὸν,
3069 4208 3201 4261 καθὸ
3240 4209 3319 4279 τῷ
3350 4209 3543 4282 κέρατι

1980 4294 2223 4366 ἐχρίοντο
2263 4295 2313 4349 οἱ
2375 4294 2629 4366 βασιλεῖς.
2691 4298 2766 4351 Οὐ
2811 4299 2967 4370 μόνον
3005 4298 3137 4353 ἀλλὰ
3163 4300 3255 4352 καὶ
3285 4302 3342 4354 ὲν
3382 4316 3544 4373 κεραι-

1981 4386 2103 4460 τίνει
2136 4386 2233 4457 τῆς
2264 4386 2536 4458 βασιλείας
2567 4387 2664 4461 τὴν
2696 4389 3003 4463 ὲκφὼνησιν
3036 4391 3330 4446 ἐποιοῦντο.

393 4493 450 4548 7.
486 4492 761 4548 Moventur
787 4510 930 4550 mare
970 4504 1022 4551 et
1076 4498 1344 4566 plenitudo
1380 4501 1512 4571 ejus.
1553 4500 1699 4557 Mare
1726 4513 1883 4558 vocat

2053 4478 2405 4545 Σαλευθήτω
2426 4481 2465 4549 ἡ
2499 4479 2782 4535 θάλασσα
2810 4482 2907 4536 καὶ
2929 4482 2995 4536 τὸ
3021 4484 3308 4554 πλήρωμα
3330 4483 3538 4552 αὐτῆς.

328 4593 645 4654 praesentem
675 4587 863 4649 vitam,
897 4587 968 4642 ob
995 4590 1321 4646 salsedinem
1355 4603 1409 4647 et
1439 4594 1741 4650 molestiam
1770 4595 1882 4651 sol-

327 4675 668 4731 licitudinum
695 4677 832 4748 ejus.
864 4678 1007 4736 Mota
1041 4681 1224 4752 itaque
1252 4693 1336 4738 est
1368 4699 1399 4739 a
1426 4684 1599 4755 priori
1628 4692 1797 4751 statu,
1825 4686 1880 4740 id

326 4775 409 4822 est
432 4768 501 4822 ab
533 4768 866 4825 idololatria.

395 4944 448 5000 8.
487 4943 743 5006 Flumina
793 4947 1042 5014 plaudent
1077 4965 1238 5004 manu
1285 4951 1466 5006 simul.
1516 4951 1772 5008 Flumina
1806 4952 1882 5008 di-

326 5036 402 5093 cit
422 5045 641 5093 sanctos
671 5039 1054 5110 mysteriorum
1102 5042 1426 5109 initiatores,
1472 5060 1706 5115 quorum
1745 5063 1883 5118 prae-

329 5128 545 5184 dicandi
599 5129 836 5184 studium
865 5131 1071 5186 indicat
1113 5148 1180 5187 eo
1205 5135 1351 5204 quod
1400 5137 1659 5205 plaudunt
1690 5140 1876 5195 simul.

326 5217 531 5292 Montes
577 5223 917 5277 exsultabant
970 5244 1002 5278 a
1039 5237 1315 5296 conspectu
1370 5229 1601 5296 Domini,
1629 5235 1880 5303 quoniam

327 5311 462 5362 venit
482 5310 726 5378 judicare
764 5321 978 5368 terram.
1029 5316 1298 5387 Angelicze
1340 5319 1595 5377 nimirum
1631 5324 1877 5379 virtutes.

327 5396 463 5454 Nam
486 5402 742 5469 gaudium
775 5413 861 5460 est
915 5421 1077 5476 super
1129 5425 1239 5465 uno
1287 5420 1567 5482 peccatore
1617 5407 1883 5484 peniten-

330 5490 466 5546 tiam
492 5503 684 5562 agente
706 5497 773 5550 ".

404 5710 449 5743 "
489 5710 622 5765 Luc.
652 5728 710 5779 tt,
736 5714 821 5769 30.
897 5719 944 5751 "
990 5719 1120 5779 Luc.
1156 5739 1244 5787 xv,
1276 5724 1323 5777 7.

1983 4564 2266 4620 Θάλασσαν
2306 4567 2397 4621 τὸν
2446 4568 2560 4638 βίον
2609 4566 2701 4624 τὸν
2741 4570 2982 4643 παρόντα
3034 4572 3305 4643 σημαίνει,
3350 4572 3439 4625 διὰ
3481 4571 3543 4624 τὸ

1983 4656 2223 4729 ἁλμυρὸν
2242 4657 2350 4712 τῶν
2382 4661 2439 4713 ὲν
2469 4658 2617 4731 αὐτῷ
2669 4662 2980 4733 φροντίδων.
3013 4664 3307 4735 Κεκίνηται
3337 4659 3429 4717 οὖν
3476 4665 3542 4717 ὲκ

1984 4747 2084 4817 τῆς
2137 4749 2404 4821 προτέρας
2476 4750 2743 4816 στάσεως,
2804 4751 3049 4805 τουτέστι
3101 4752 3202 4824 τῆς
3260 4747 3541 4807 εἰδωλολα-

1985 4837 2190 4908 τρείας.

2055 4929 2315 4999 Ποταμοὶ
2355 4930 2723 5000 κροτήσουσι
2772 4934 2920 5005 χειρὶ
2961 4935 3057 4989 ἐπὶ
3085 4933 3153 4988 τὸ
3182 4935 3348 4989 αὐτό.
3373 4935 3546 4990 Πατα-

1990 5020 2123 5090 μοὺς
2141 5021 2268 5084 τοὺς
2289 5020 2475 5090 ἁγίους
2505 5019 2641 5078 εἷναί
2668 5044 2800 5098 φησι
2834 5027 3242 5097 μυσταγωγοὺς,
3270 5020 3344 5081 ὧν
3363 5029 3458 5080 καὶ
3484 5027 3545 5080 τὺ

1986 5111 2266 5167 σπουδαῖον
2300 5112 2391 5167 τοῦ
2415 5115 2764 5187 κηρύγματος
2801 5118 2888 5173 διὰ
2933 5119 3025 5174 τοῦ
3047 5120 3138 5173 ἐπὶ
3166 5119 3226 5173 τὸ
3257 5119 3385 5173 αὐτὸ
3415 5136 3544 5190 κρο-

1984 5204 2094 5255 τεῖν
2149 5204 2417 5274 σημαίνει.
2473 5207 2550 5261 Τὰ
2600 5207 2704 5277 ὄρη
2744 5210 3225 5278 ἀταλλιάσονται,
3276 5209 3364 5263 ὅτι
3414 5209 3545 5277 ἣκει

1985 5295 2178 5362 κρῖναι
2205 5294 2319 5361 τὴν
2346 5295 2479 5367 γῆν.
2538 5298 2604 5351 Ai
2661 5301 2946 5368 ἀγγελικαὶ
2984 5301 3222 5373 δηλονότι
3268 5301 3544 5365 δυνάμεις.

1986 5383 2146 5455 Χαρὰ
2173 5386 2281 5458 γὰρ
2307 5387 2516 5456 γίνεται
2542 5390 2633 5444 ἐπὶ
2655 5393 2737 5446 ἐνὶ
2768 5392 3073 5465 ἀμαρτωλῷ
3097 5389 3461 5465 μιτανοοῦνι..
