3946 6222
317 345 412 400 621

696 464 998 516 ΨΑΑΜΟΣ
1040 462 1116 526 τῷ
1165 463 1360 516 Δαυΐδ.
1393 465 1513 531 ιμ’.

942 554 1263 620 ’Υπόθεσις.

320 645 424 699 Καὶ
453 638 607 706 οὗτος
638 643 734 714 τὴν
764 644 996 715 Χριστοῦ
1047 644 1320 715 βασιλείαν
1373 647 1624 716 σημαίνει
1653 647 1746 701 καὶ
1780 649 1879 717 τὴν

693 736 800 788 τῶν
847 736 1143 807 ἀρχιερέων
1184 736 1487 790 αὐθάδειαν.

397 827 449 878 Ὀ
503 827 718 894 Κύριος
766 827 1180 893 ἐϐασίλευσεν,
1231 828 1659 897 ὀργιζὲσθωσαν
1719 832 1873 885 λαοί.

331 917 386 971 ’0
405 919 636 989 Χριστός
671 921 816 970 ἐστιν
841 913 900 973 οὗ
947 918 1044 990 τὴν
1083 918 1355 988 βασιλείαν
1393 921 1452 973 ού
1490 923 1876 994 παραδέχονται

331 1007 570 1059 Ἰουδαῖοι
596 1007 957 1078 ὀργιζόμενοι.
1001 1009 1061 1061 '0
1094 1009 1427 1078 καθήμενος
1474 1012 1573 1064 ἐπὶ
1613 1012 1732 1067 τῶν
1777 1031 1875 1082 χε-

317 1099 545 1166 ρουεὶμ,
581 1099 929 1166 σωῖευοήτω
961 1101 998 1168 ἠ
1032 1101 1128 1170 γῆ.
1174 1103 1344 1166 Αὐτὸς
1402 1103 1507 1177 γὰρ
1551 1100 1700 1169 οὗτος
1729 1109 1757 1160 ὁ
1787 1108 1878 1176 βα-

320 1191 574 1243 σιλεύσων
599 1192 683 1244 ἐπ’
714 1192 956 1262 ἐσχάτων
999 1193 1108 1246 τῶν
1135 1193 1342 1264 χρόνων
1371 1195 1476 1248 τῶν
1506 1197 1598 1248 ἐπὶ
1647 1197 1745 1266 τῆς
1775 1199 1877 1269 γῆς

319 1285 481 1343 ἐστιν,
531 1282 560 1334 ό
582 1283 808 1347 καὶτοῖς
831 1286 1091 1356 χερουὸὶμ
1120 1286 1500 1357 ἐποχούμενος,
1552 1290 1640 1357 ὑφ’
1673 1284 1732 1344 οὗ
1783 1293 1876 1344 καὶ

318 1371 578 1442 ἐσαλεύθη
622 1376 654 1443 ἡ
690 1373 782 1443 γῆ.
812 1376 976 1444 Φησὶν
1011 1372 1123 1428 οὖν·
1157 1377 1226 1431 Σὺ
1248 1375 1296 1430 εἷ
1322 1379 1408 1433 ἐπὶ
1454 1379 1560 1432 τῶν
1592 1382 1872 1452 χερουῶμ,

317 1467 342 1515 ὁ
383 1466 476 1516 καὶ
514 1465 612 1534 τὴν
660 1466 749 1517 ἐπὶ
795 1466 950 1536 κακῷ
988 1469 1174 1522 στάσιν
1235 1472 1598 1541 μετακινήσας
1629 1473 1728 1542 τῆς
1750 1475 1870 1543 γῆς,

319 1554 550 1621 γεγονὼς
583 1556 702 1609 καθ’
731 1559 894 1627 ἡμᾶς.
925 1559 1119 1614 Στάσιν
1149 1557 1242 1615 οὖν
1287 1562 1433 1630 λέγει
1463 1564 1560 1634 τὴν
1591 1564 1684 1634 τῆς
1719 1566 1872 1619 εἰδω-

316 1641 646 1715 λολατρείας.

378 1737 594 1802 Κύριος
615 1737 680 1789 ἐν
720 1737 872 1791 Σιὼν
916 1739 1120 1808 μέγας.
1152 1740 1288 1795 Σιὼν
1312 1744 1459 1795 ἐστιν
1488 1746 1520 1814 ἡ
1557 1744 1870 1815 Ἐκκλησία,

1319 348 1682 404 EXPOSITIO
1721 348 1785 403 IN
1827 350 2148 407 PSALMUM
2190 353 2418 410 XCVIII.

3433 361 3536 416 422

2267 465 2602 522 PSALMUS
2638 468 2740 535 ipsi
2773 469 2960 522 David.
2998 465 3273 522 XCVIII.

2555 560 2956 630 Argumentum.

1977 646 2044 702 Et
2081 647 2166 702 hic
2192 663 2410 719 quoque
2461 653 2704 720 psalmus
2737 653 2940 708 Christi
2979 668 3202 722 regnum
3244 652 3533 722 signiﬁcat,

2051 748 2210 808 atque
2235 741 2537 812 principum
2563 745 2903 798 sacerdotum
2940 745 3330 815 arrogantiam.

2049 831 2098 884 I.
2128 833 2384 890 Dominus
2437 839 2686 906 regnavit,
2715 839 3018 891 irascantur
3060 841 3258 908 populi.
3287 839 3534 895 Christus

1977 932 2060 976 est
2082 923 2237 992 cujus
2269 940 2490 996 regnum
2525 926 2692 982 Judaei
2740 928 2864 981 irati
2918 944 3025 982 non
3081 931 3373 999 accipiunt.
3431 929 3534 996 Qui

1977 1012 2117 1067 sedet
2143 1031 2299 1084 super
2343 1018 2629 1081 cherubim,
2675 1031 2940 1073 moveatur
2969 1031 3125 1073 terra.
3160 1021 3210 1075 Is
3248 1023 3391 1078 enim
3422 1022 3534 1091 ipse

1976 1113 2058 1159 est
2087 1106 2178 1175 qui
2207 1107 2261 1160 in
2297 1109 2610 1164 novissimis
2646 1113 2983 1180 temporibus
3005 1114 3249 1181 regnabit
3282 1114 3335 1167 in
3367 1123 3532 1174 terra.

1975 1195 2068 1264 qui
2099 1210 2260 1266 super
2295 1198 2577 1254 cherubim
2611 1202 2843 1268 vehitur,
2893 1212 2947 1258 et
2989 1205 3090 1258 sub
3122 1220 3231 1275 quo
3271 1214 3417 1260 mota
3452 1217 3534 1262 est

1978 1292 2138 1338 terra.
2170 1285 2260 1338 Ait
2313 1286 2517 1356 igitur:
2560 1287 2639 1344 Tu
2687 1306 2746 1344 es
2789 1306 2952 1360 super
3005 1295 3310 1359 cherubim,
3350 1296 3443 1365 qui
3475 1305 3530 1350 et

1974 1376 2176 1430 malum
2205 1386 2361 1430 terrae
2394 1388 2595 1434 statum
2627 1385 2995 1450 commutasti,
3033 1400 3156 1438 cum
3193 1386 3258 1440 ad
3289 1395 3528 1441 nostram

1975 1464 2386 1520 similitudinem
2421 1467 2595 1525 factus
2624 1485 2702 1525 es.
2731 1471 2804 1526 De
2833 1482 2976 1527 statu
3005 1474 3325 1530 idololatriae
3350 1477 3531 1546 loqui—

1975 1563 2082 1608 tur.

2043 1728 2097 1781 2.
2139 1727 2395 1785 Dominus
2421 1733 2477 1786 in
2516 1733 2645 1788 Sion
2678 1752 2921 1806 magnus.
2950 1737 3080 1793 Sion
3133 1748 3215 1796 est
3266 1741 3529 1810 Ecclesia,

317 1828 372 1878 ἐν
449 1827 725 1892 δοξάζεται
759 1832 850 1884 καὶ
881 1831 1104 1900 ὑψοῦται
1137 1835 1386 1905 Χριστὸς,
1446 1835 1585 1890 κατὰ
1611 1837 1671 1890 τὸ
1718 1841 1866 1911 εἰρη-

1981 1817 2025 1870 in
2048 1834 2152 1888 qua
2181 1821 2517 1890 gloriﬁcatur
2543 1834 2598 1880 et
2625 1829 2895 1882 exaltatur
2923 1830 3196 1895 Christus,
3247 1835 3401 1903 juxta
3448 1839 3532 1890 di-

318 1920 503 1988 μένον·
550 1921 799 1989 ’Υψώσω
853 1938 947 1989 σε,
993 1928 1026 1978 ό
1094 1927 1234 1990 Θεός
1277 1945 1430 1994 μου,
1490 1931 1523 1980 ὀ
1552 1929 1872 1998 ’,βασιλεύς

313 2025 440 2076 μου.
907 2083 909 2086 γ

392 2097 1083 2169 Ἐξομολογησάσθωσαν
1127 2103 1206 2170 τῷ
1239 2107 1480 2175 ὀνόματί
1504 2123 1620 2162 σου
1671 2109 1750 2176 τῷ
1769 2130 1871 2182 με-

314 2188 490 2256 γάλῳ.
525 2191 682 2259 Μέγα
712 2191 870 2246 αὐτοῦ
905 2193 964 2246 τὸ
1011 2195 1179 2267 ὄνομα
1216 2199 1296 2262 τὸ,
1345 2200 1566 2272 Ἰησοῦς,
1611 2203 1746 2256 καθὸ
1777 2206 1870 2259 καὶ

314 2281 548 2350 σωτηρία
587 2282 715 2336 λαοῦ
744 2285 1120 2355 ἑρμηνεύεται.
1149 2290 1306 2357 Μέγα
1333 2292 1491 2345 πάλιν
1533 2294 1593 2347 τὸ
1615 2295 1781 2366 ὄνομα
1809 2296 1870 2350 τὸ

311 2369 445 2438 ὑπὲρ
497 2372 603 2423 πᾶν
648 2370 836 2442 ὄνομα,
962 2375 1141 2445 μέλλει
1175 2379 1386 2449 κάμψαι
1423 2383 1527 2435 πᾶν
1565 2385 1712 2452 γόνυ,
1776 2386 1870 2439 καὶ

312 2461 457 2513 πᾶσα
502 2460 952 2534 ἐξομολογήσεται
1003 2466 1241 2534 γλῶσσα,
1275 2471 1356 2524 ὅτι
1402 2473 1604 2544 Κύριος
1664 2476 1869 2546 Ἰησοῦς

309 2551 557 2621 Χριστός.
594 2555 720 2606 Ὅτι
771 2557 1023 2625 φοϐερὸν
1081 2561 1174 2614 καὶ
1224 2561 1395 2632 ἅγιόν
1429 2565 1580 2620 ἐστι.
1639 2568 1868 2640 Φοϐερδν

309 2642 406 2711 μὲν
435 2644 574 2697 κατά
599 2646 705 2699 τῶν
737 2647 1100 2719 ὀργιζομένων
1133 2651 1274 2705 λαῶν
1331 2656 1424 2708 καὶ
1468 2657 1541 2728 μὴ
1576 2660 1866 2730 προσδεχο-

309 2731 483 2801 μένων
517 2734 681 2788 αύτοῦ
713 2737 809 2808 τὴν
839 2737 1130 2808 βασιλείαν
1164 2742 1317 2812 ἆγιον
1343 2744 1400 2810 δὲ
1445 2750 1556 2812 τοῖς
1583 2751 1870 2804 πιστεύου-

308 2839 388 2876 σιν
413 2825 494 2887 εἰς
527 2827 706 2880 αὐτόν.
736 2828 847 2883 Καὶ
901 2832 1035 2900 τιμὴ
1074 2834 1380 2903 βασιλέως
1421 2840 1623 2906 κρίσιν
1649 2842 1866 2911 ἀγαπᾷ.

318 2912 532 2986 Ἐπειδὴ
582 2919 614 2988 ή
640 2919 771 2989 τιμὴ
826 2921 942 2992 ἦτοι
991 2926 1023 2994 ἠ
1072 2924 1196 2992 δόξα
1225 2926 1318 2981 τοῦ
1369 2929 1631 2998 βασιλέως
1682 2936 1870 3009 ἀγαπᾷ

305 3005 399 3075 τὴν
427 3006 790 3079 δικαιοσύνην,
815 3013 934 3082 ἣτις
956 3013 1042 3068 διὰ
1089 3017 1188 3088 τῆς
1220 3019 1451 3090 κρίσεως
1488 3005 1863 3096 ἑρμηνεύεταιζ

305 3095 490 3149 τούτου
518 3098 675 3170 χάριν
701 3104 809 3164 τοῖς
839 3105 935 3173 μὲν
964 3106 1288 3179 ἀπειθήσασι
1322 3111 1382 3164 τὸ
1419 3095 1741 3189 πρόσταγμα
1773 3121 1868 3172 αύ-

1971 1919 2118 1964 ctum
2157 1912 2322 1968 illud:
2365 1913 2626 1971 Exaltabo
2658 1927 2724 1983 te,
2751 1920 2890 1974 Deus
2921 1937 3084 1988 meus,
3111 1939 3203 1978 rex
3241 1942 3382 1981 meus
3411 1930 3482 1983 ".

2040 2088 2092 2150 5,
2132 2089 2186 2143 4.
2229 2087 2597 2160 Confiteantur
2636 2099 2840 2152 nomini
2887 2109 2978 2153 tuo
3030 2117 3244 2172 magno,
3288 2112 3392 2159 etc.
3421 2104 3534 2164 Ma-

1974 2194 2138 2248 gnum
2161 2190 2245 2235 est
2274 2198 2470 2238 nomen
2497 2185 2617 2255 ejus
2641 2187 2792 2255 illud,
2819 2187 3002 2258 Iesus,
3023 2193 3148 2262 quia
3178 2195 3326 2251 salus
3349 2198 3532 2266 populi

1970 2269 2262 2341 signiﬁcat.
2295 2272 2548 2345 Magnum
2574 2294 2766 2335 rursus
2793 2298 2989 2337 nomen
3020 2283 3148 2338 illud
3172 2287 3317 2355 quod
3341 2297 3426 2342 est
3448 2306 3534 2343 su-

1969 2375 2063 2428 per
2080 2377 2238 2418 omne
2256 2381 2472 2432 nomen,
2491 2369 2576 2422 cui
2599 2373 2914 2427 curvabitur
2929 2389 3089 2429 omne
3108 2391 3266 2447 genu,
3286 2387 3338 2432 et
3354 2381 3532 2434 omnis

1969 2453 2154 2524 lingua
2173 2457 2535 2526 conﬁtebitur,
2560 2461 2685 2530 quia
2709 2462 2972 2520 Dominus
2995 2465 3154 2522 Jesus
3189 2469 3440 2526 Christus
3461 2473 3527 2536 ⁷⁸,

1969 2553 2072 2600 etc.
2104 2545 2364 2613 Quoniam
2391 2553 2620 2607 terribile
2649 2564 2699 2607 et
2733 2565 2975 2610 sanctum
3005 2569 3104 2614 est.
3139 2559 3406 2619 Tcrribile
3435 2564 3533 2619 ad-

1970 2652 2159 2692 versus
2184 2649 2369 2709 gentes
2408 2643 2572 2699 iratas
2605 2661 2728 2715 quae
2772 2663 2880 2702 non
2931 2663 3252 2722 receperunt
3279 2656 3398 2725 ejus
3442 2673 3531 2712 re-

1970 2744 2169 2798 gnum;
2211 2741 2459 2788 sanctum
2486 2746 2667 2792 autem
2698 2741 3044 2800 credentibus
3077 2746 3132 2800 in
3163 2763 3309 2802 eum.
3337 2747 3408 2803 Et
3437 2751 3530 2802 ho-

1970 2837 2067 2874 uor
2100 2825 2230 2894 regis
2250 2825 2513 2894 judicium
2541 2830 2736 2900 diligit.
2782 2832 3050 2900 Quoniam
3083 2839 3258 2894 honor
3293 2856 3388 2896 seu
3423 2842 3532 2912 glo-

1969 2915 2048 2968 ria
2078 2916 2220 2984 regis
2247 2917 2516 2985 justitiam
2544 2921 2740 2992 diligit,
2773 2941 2894 2994 qua:
2926 2943 3022 2996 per
3061 2930 3327 2999 judicium
3378 2934 3534 2988 intel-

1969 3004 2186 3074 ligitur;
2221 3008 2341 3064 ideo
2392 3010 2876 3084 inobsequentibus
2916 3021 3228 3078 mandatum
3280 3025 3398 3094 ejus
3429 3035 3530 3081 ter-

1969 3095 2126 3150 ribile
2151 3108 2250 3163 est,
2283 3111 2531 3157 sanctum
2571 3115 2753 3162 autem
2783 3112 3128 3169 credentibus
3163 3116 3216 3169 in
3262 3133 3408 3172 eum.
3448 3117 3526 3172 Tu

305 3186 395 3239 τοῦ
421 3187 671 3260 φοϐερὸν,
697 3194 808 3254 τοῖς
831 3172 890 3245 δὲ
917 3172 1278 3253 ὑπακούουσιν
1307 3172 1480 3270 ἆγιονί
1516 3205 1599 3259 Σὺ
1628 3172 1866 3277 όὶτοίμα-

1981 3187 2177 3245 parasti
2205 3189 2533 3246 directiones.
2571 3192 2627 3248 In
2649 3195 2863 3267 justitia
2891 3203 3035 3257 enim
3067 3204 3412 3275 judicaturus
3446 3227 3528 3269 est

305 3292 417 3343 σας
436 3283 785 3350 εὐθύτητος.
823 3285 908 3339 Ἐν
939 3288 1246 3363 δικαιοσύνῃ
1296 3294 1403 3364 γὰρ
1455 3297 1636 3367 μέλλει
1665 3301 1868 3373 κρίνειν

305 3370 398 3441 τὴν
418 3374 762 3446 οἰκουμένην.

385 3461 645 3530 ’Υψοῦτε
683 3468 903 3535 Κύριον
931 3471 1038 3525 τὸν
1063 3472 1213 3528 Θεόν
1249 3475 1436 3545 ἡμῶν.
1486 3480 1543 3534 '0
1575 3482 1773 3554 ὑψηλὸς
1793 3487 1868 3550 ὠς

304 3550 432 3616 Θεὸς
466 3555 560 3607 καὶ
594 3557 699 3610 ὑπὸ
727 3560 892 3624 πόδας
923 3561 1060 3633 ἔχων
1103 3568 1280 3620 πᾶσαν
1313 3569 1408 3640 τὴν
1443 3550 1630 3626 κτίσιν
1647 3550 1867 3645 γέγονεν

304 3643 586 3713 ἀτρέπτως
615 3648 918 3721 ἄνθρωπος.
973 3653 1172 3710 Τοῦτον
1222 3653 1334 3722 οὖν,
1397 3665 1548 3732 φησι,
1597 3643 1687 3721 τὸν
1713 3643 1865 3737 γενό-

307 3751 460 3803 μενον
509 3737 792 3808 ἀτρέπτως
840 3744 1122 3816 ἄνθρωπον
1156 3747 1374 3818 ὑψοῦτε,
1440 3759 1866 3824 προσκυνοῦντες

303 3825 460 3879 αὑτὸν
497 3830 596 3898 μιᾷ
622 3834 983 3906 προσκυνήσει
1011 3837 1149 3907 μετά
1173 3839 1271 3909 τῆς
1298 3840 1433 3904 ἰδίας
1467 3847 1682 3916 σαρκός.

369 3983 629 4051 Μωῦσῆς
661 3986 758 4038 καὶ
796 3988 1009 4056 Ἀαρὼν
1056 3991 1127 4044 ἐν
1173 3992 1297 4058 τοῖς
1348 3996 1611 4062 ἱερεῦσιν
1654 4001 1861 4056 αὐτοῦ.

303 4063 488 4135 Οὗτος,
525 4076 709 4144 φησιν,
743 4079 772 4130 ὁ
804 4078 918 4141 νῦν,
951 4080 1085 4133 καθὸ
1113 4081 1354 4151 πέφυκεν
1377 4085 1678 4156 ἄνθρωπος,
1713 4091 1863 4161 βασι-

301 4159 492 4226 λεύσας
517 4163 625 4218 τῶν
665 4166 757 4219 ἐπὶ
798 4169 899 4239 γῆς
925 4165 1012 4241 ἦν’
1042 4171 1100 4224 ὃν
1149 4175 1243 4226 καὶ
1276 4175 1439 4229 πάλαι
1479 4159 1722 4252 Μωῡσῆς
1770 4186 1862 4238 καὶ

311 4251 521 4323 ’Λαρὼν
543 4255 636 4306 καὶ
661 4257 914 4328 Σαμουὴλ
965 4260 1346 4321 ἐπεκαλοῦντο.
1401 4266 1582 4320 Εἰπὼν
1627 4265 1738 4337 οὖν,
1780 4272 1860 4325 ὅτι

301 4346 696 4410 Προσκυνεῖτε
723 4347 802 4414 τῷ
827 4351 1150 4421 ὑποποδίῳ,
1186 4355 1280 4408 καὶ
1309 4357 1404 4428 τὴν
1453 4359 1858 4432 ὲνανθρὼτωσιν

1970 3277 2175 3330 orbem.

2039 3457 2092 3511 5.
2129 3455 2379 3516 Exaltate
2407 3461 2691 3520 Dominum
2721 3466 2888 3521 Deum
2917 3480 3176 3527 nostrum.
3220 3472 3324 3540 Qui
3348 3481 3528 3532 excel-

1969 3561 2064 3602 sus
2091 3557 2175 3604 est
2201 3558 2387 3621 utpote
2419 3552 2582 3620 Deus,
2629 3566 2684 3612 et
2729 3561 2833 3615 sub
2871 3564 3033 3632 pedes
3097 3565 3257 3621 habet
3308 3583 3524 3626 omnem

1968 3649 2299 3708 creaturam,
2340 3643 2456 3699 sine
2478 3649 2776 3704 mutatione
2811 3650 2987 3708 factus
3023 3665 3107 3710 est
3140 3659 3324 3715 homo.
3369 3661 3527 3716 Hunc

1967 3728 2168 3800 itaque,
2217 3733 2314 3798 ait,
2364 3736 2458 3804 qui
2487 3739 2605 3792 sine
2648 3744 2949 3798 mutatione
2992 3743 3169 3804 factus
3216 3761 3298 3805 est
3340 3755 3525 3820 homo,

1967 3823 2226 3888 exaltate,
2260 3825 2549 3886 adorantes
2577 3846 2701 3885 eum
2738 3849 2846 3888 una
2887 3836 3202 3894 adoratione
3253 3859 3377 3898 cum
3418 3862 3518 3902 sua

1963 3924 2146 3966 carne.

2034 4001 2329 4090 6.‘Moyses
2358 4015 2408 4060 et
2437 4010 2613 4062 Aaron
2643 4012 2700 4064 in
2735 4015 3090 4072 sacerdotibus
3117 4019 3253 4079 eius.
3289 4021 3412 4090 H—ic,
3442 4026 3524 4079 in-

1962 4081 2115 4159 quit,‘
2132 4095 2224 4162 qui
2264 4110 2410 4151 nunc
2439 4107 2708 4166 quatenus
2746 4102 2909 4158 homo
2953 4104 3129 4164 factus
3154 4119 3240 4166 est
3278 4081 3525 4183 regnavit

1963 4183 2015 4236 in
2044 4193 2279 4250 terrena,
2318 4189 2364 4243 is
2390 4189 2504 4258 ipse
2535 4200 2652 4246 erat
2684 4208 2843 4262 quem
2870 4195 2996 4249 olim
3020 4197 3232 4271 Moyses
3257 4213 3310 4258 et
3339 4205 3522 4260 Aaron

1959 4281 2013 4325 et
2033 4272 2250 4330 Samuel
2278 4276 2621 4334 invocabant.
2648 4279 2939 4352 Postquam
2960 4285 3096 4342 dixit
3126 4290 3308 4360 itaque
3333 4313 3346 4348 :
3379 4293 3523 4349 Ado-

1961 4373 2076 4418 rate
2104 4367 2385 4422 scabellum
2407 4369 2600 4439 pedum
2620 4373 2734 4442 ejus
2752 4374 2887 4446 (4i),
2910 4387 3071 4448 atque
3093 4381 3521 4441 incarnationem

299 4435 388 4487 καὶ
413 4436 515 4509 τὴν
548 4438 854 4510 οἰκονομίαν
904 4442 1166 4514 κηρύξας,
1224 4445 1382 4500 πάλιν
1433 4449 1858 4522 ἀσφαλιζόμενος

1981 4458 2427 4530 economiamque
2448 4464 2778 4532 praedicavit,
2802 4481 3020 4524 rursum
3040 4485 3139 4526 nos
3169 4473 3522 4539 conﬁrmans,

297 4528 462 4596 ἡμᾶς,
513 4527 608 4599 τὴν
650 4529 875 4602 θεότητα
948 4535 1201 4606 σημαίνει
1243 4537 1330 4591 διὰ
1389 4539 1479 4592 τοῦ
1539 4541 1863 4613 δηλωθέντος

1981 4547 2303 4605 Iivinitatem
2339 4527 2715 4622 per-montem
2743 4558 2894 4612 illum
2924 4561 3189 4631 signiﬁcat
3217 4582 3232 4618 :
3262 4567 3523 4621 remansit

296 4617 468 4687 ὅρους.
526 4620 818 4694 Μεμένηκε
850 4624 957 4696 γάρ
1002 4627 1152 4692 Θεὸς,
1206 4631 1255 4682 εξ
1306 4631 1399 4684 καὶ
1445 4633 1602 4687 ἔλαϐε
1634 4636 1732 4708 τὴν
1763 4641 1857 4692 τοῦ

193 4780 198 4783 δ
296 4709 477 4762 δούλου
515 4712 726 4784 μορφὴν
747 4713 834 4767 διὰ
865 4715 961 4786 τὴν
988 4717 1145 4788 ἡμῶν
1175 4722 1466 4792 σωτηρίαν.

362 4805 538 4870 Κύριε
563 4807 597 4858 ό
637 4806 778 4873 Θεὸς
807 4808 994 4877 ἡμῶν,
1020 4809 1100 4863 σὺ
1138 4811 1485 4881 ἐπήκουσας
1525 4820 1762 4885 αὐτούς.
1794 4822 1856 4874 ΕΞ

297 4894 385 4946 καὶ
409 4893 594 4961 ἔδοξάν
647 4914 698 4949 τι
731 4898 1062 4969 ἁμαρτάνειν
1111 4900 1184 4964 ὡς
1213 4903 1504 4974 ἄνθρωποι,
1553 4908 1613 4959 ού
1643 4909 1858 4980 παρεώ-

298 5003 486 5054 ρακας,
517 4989 699 5059 φησίν.
752 4991 1034 5062 Ἠλέγχετο
1073 4990 1164 5048 οὖν
1210 4997 1300 5049 ἐπὶ
1328 4996 1422 5050 τοῦ
1453 4998 1652 5070 μόσχου
1681 5004 1860 5074 ἁμαρ-

295 5078 462 5132 τάνων
510 5081 718 5152 Ἀαρὼν
749 5085 840 5137 καὶ
867 5086 1106 5157 Μωῦσῆς
1141 5088 1233 5140 ἐπὶ
1253 5089 1345 5142 τοῦ
1398 5089 1589 5156 ὓδατος
1635 5095 1734 5164 τῆς
1763 5097 1856 5148 ἀν-

293 5171 546 5240 τιλογίας.

361 5263 471 5318 Καὶ
493 5267 884 5334 προσκυνεῖτε
920 5271 1006 5335 εις
1031 5269 1164 5338 ὄρος
1213 5271 1382 5349 ἅγιον
1417 5276 1622 5333 αὐτοῦ.
1659 5278 1730 5330 Ἢ
1756 5278 1852 5350 τὴν

295 5355 383 5410 ἐπὶ
430 5358 534 5428 γῆς
581 5359 614 5428 ἢ
678 5359 777 5430 τὴν
827 5362 1143 5432 ἐπουράνιον
1205 5363 1555 5437 Ἰερουσαλήμ
1611 5370 1854 5440 φησιν-ἢ

294 5444 411 5514 ὅρος
435 5449 596 5502 πάλιν
646 5451 809 5503 αὑτὸν
845 5454 1058 5523 νοητέον
1109 5454 1200 5507 τὸν
1249 5457 1546 5528 Μονογενῆ,
1596 5461 1734 5513 κατά
1763 5462 1849 5513 τό·

307 5535 545 5610 Ἐτμήθη
575 5545 747 5607 λίθος
770 5542 837 5606 ἐξ
864 5543 1035 5610 ὄρους
1061 5545 1203 5599 ἄνευ
1241 5547 1466 5616 χειρῶν.

357 5656 401 5687 ⁷⁷
427 5656 569 5711 Psal.
606 5672 790 5721 cxuv,
825 5657 877 5709 1.
947 5659 991 5689 ⁷⁸
1019 5658 1247 5730 Philipp.
1280 5680 1337 5728 ιι,
1368 5664 1453 5728 I0,
1497 5666 1577 5720 II.

357 5750 466 5813 HI.)
497 5749 625 5806 Haac
653 5749 930 5813 pertinent
961 5752 1026 5804 ad
1056 5768 1269 5807 versum
1302 5757 1353 5810 9.

1965 4637 2163 4708 quippe
2187 4639 2351 4704 Deus,
2379 4644 2596 4698 etiamsi
2625 4657 2846 4717 propter
2878 4659 3118 4706 nostram
3143 4654 3372 4710 salutem
3410 4671 3526 4712 car—

1966 4745 2088 4784 nem
2115 4737 2492 4803 assumpserit.

2038 4821 2092 4877 8.
2127 4824 2350 4879 Domine
2374 4826 2512 4881 Deus
2544 4839 2735 4897 noster,
2764 4843 2820 4886 tu
2840 4834 3156 4890 exaudiebat;
3179 4853 3286 4892 eos.
3320 4837 3529 4892 Etiam--

1965 4914 2008 4967 si
2041 4913 2094 4968 in
2125 4917 2307 4986 aliquo
2354 4934 2578 4988 peccare
2610 4923 2709 4977 visi
2743 4934 2870 4979 sunt
2909 4935 3091 4996 utpote
3127 4929 3374 4984 homines
3401 4969 3416 4994 ,
3466 4941 3525 4982 tu

1971 5017 2147 5060 tamen
2178 5025 2283 5063 non
2309 5015 2679 5082 contempsisti
2715 5031 2828 5072 eos.
2860 5017 3068 5074 Peccali
3111 5022 3290 5090 itaque
3330 5038 3520 5090 argue—

1964 5097 2124 5150 batur
2145 5099 2324 5155 Aaron
2351 5103 2420 5156 ob
2451 5104 2675 5158 vitulum
2697 5145 2712 5166 ,
2741 5118 2792 5160 et
2813 5107 3023 5179 Moyses
3059 5119 3276 5179 prepter
3323 5124 3523 5178 aquam

1963 5190 2422 5248 contradictionis.

2034 5279 2086 5334 9.
2121 5281 2188 5334 Et
2217 5284 2432 5338 adorate
2469 5288 2521 5339 in
2552 5299 2721 5343 monte
2749 5301 2930 5344 sancto
2957 5293 3086 5362 ejus.
3114 5291 3220 5344 Aut
3253 5300 3518 5346 terrenam

1965 5381 2058 5426 aut
2091 5376 2364 5432 cmlestem
2413 5377 2713 5436 Jerusalem
2747 5384 2878 5438 dicit
2910 5402 2922 5436 :
2959 5392 3052 5436 aut
3101 5399 3319 5437 rursum
3356 5400 3517 5438 mon-

1963 5469 2068 5515 tem
2100 5464 2394 5538 intclligerc
2422 5485 2712 5539 possumus
2735 5472 3078 5542 Unigenitum
3104 5513 3118 5538 ,
3143 5473 3299 5542 juxta
3327 5475 3462 5530 illud
3500 5495 3512 5529 :

1961 5554 2188 5613 Excisa:
2212 5571 2286 5614 est
2318 5561 2454 5632 lapis
2488 5567 2549 5620 de
2580 5575 2750 5620 monte
2776 5568 2886 5620 sine
2911 5567 3148 5622 manibus
3161 5571 3226 5625 ⁷³.

1656 5669 1700 5699 ⁷⁹
1740 5668 1874 5723 Dan.
1934 5685 1992 5737 ιι,
2035 5673 2119 5726 Si.
