3946 6222
361 356 468 415 ιιι

945 564 1264 631 Argumenta.
1272 578 1340 615 nt.

366 652 421 705 In
454 654 558 707 hoc
582 639 790 722 psalmo
811 668 906 707 eos
932 655 1024 721 qui
1050 654 1162 721 jam
1190 642 1536 706 adcesserant
1559 649 1625 704 ad
1653 650 1809 704 fidem
1842 638 1954 703 ad?

438 742 678 797 hortatio
709 743 1005 812 alloquitur
1031 781 1045 805 ,
1093 750 1152 796 ut
1178 743 1470 812 gratiarum
1504 742 1743 796 actiones
1767 740 1832 795 de
1864 741 1930 795 iis

441 850 562 903 qua:
603 843 749 904 gesta
783 846 910 887 sunt
940 833 1190 888 oﬂ’erant.
1245 833 1532 888 Confessio
1559 835 1702 888 enim
1737 834 1840 887 hoc
1875 833 1927 887 in

442 922 585 987 luco,
615 924 911 992 gratiarum
944 926 1211 978 actionem
1241 939 1364 978 cum
1396 925 1557 980 laude
1584 925 1928 995 conjunctam

441 1005 728 1083 signiﬁcat.
1250 1038 1253 1041 λ
1311 1048 1317 1053 ~
1368 1036 1371 1037 ν

434 1105 489 1158 2.
515 1105 750 1159 Jubilate
786 1105 911 1172 Deo,
932 1106 1099 1159 omnis
1136 1114 1299 1162 terra.
1334 1105 1661 1177 Redemptos
1687 1110 1839 1179 jubet
1861 1111 1936 1165 vi-

372 1198 555 1252 ctoriae
576 1183 792 1252 carmen
818 1214 1030 1252 canere.
1056 1198 1337 1267 Redempti
1352 1201 1550 1270 quippe
1573 1212 1726 1256 erant
1747 1217 1935 1258 omnes

372 1283 640 1345 homines.
719 1288 942 1344 Terram
1001 1300 1179 1345 autem
1238 1301 1398 1345 vocat
1424 1292 1728 1347 habitantes
1766 1293 1820 1346 in
1848 1308 1931 1348 ea.

374 1379 571 1435 Servite
587 1381 810 1434 Domino
835 1383 887 1435 in
912 1383 1120 1436 Iaztitia.
1153 1382 1442 1437 Hominum
1462 1385 1693 1439 servitus
1713 1384 1934 1439 noxium

372 1472 624 1525 timorem
667 1473 860 1538 elIicit,
916 1472 1129 1527 Domini
1166 1483 1344 1527 autem
1401 1475 1630 1530 servitus
1685 1475 1933 1530 timorem

375 1573 606 1637 castum,
656 1580 719 1619 ex
749 1580 857 1635 quo
885 1566 1079 1620 anima:
1103 1567 1350 1620 oboritur
1378 1567 1583 1621 lmtitia.
1623 1565 1849 1621 Introite
1879 1568 1935 1621 in

377 1666 650 1724 conspectu
674 1655 786 1724 eius
817 1658 871 1710 in
904 1657 1280 1711 exsultatione;
1330 1657 1429 1724 Qui
1457 1659 1567 1727 jam
1601 1658 1937 1728 jubilationis

377 1746 615 1802 laetitiam
651 1757 830 1802 mente
862 1750 1142 1818 percepit,
1198 1749 1285 1803 hic
1313 1749 1471 1818 quasi
1520 1761 1669 1804 stans
1704 1750 1758 1803 in
1809 1766 1939 1804 con-

1203 351 1261 405 S.
1304 347 1676 404 ATHANASII
1714 348 1868 405 OPP.
1909 348 2092 403 PARS
2129 346 2216 400 lll.
2260 376 2326 385 -—
2365 342 2772 399 EXEGETICA.

533 470 584 523 1.
652 464 987 523 Ρεειιιηιετ
1014 468 1073 520 'in
1120 466 1514 534 confessionem.
1546 466 1751 521 XCIX.
1951 473 1995 526 Α

3478 334 3589 390 ιει

2266 463 2569 516 ΨΑΛΜΟΣ
2593 461 2679 524 είς
2709 457 3162 527 ἐξομολόγησιν.
3207 455 3321 523 ιβ’.

2645 550 2658 568 ⁸
2671 551 2975 612 Υπόθεσις.

2044 648 2130 699 Ἑν
2155 645 2326 715 τούτῳ
2344 641 2418 714 τῷ
2440 641 2637 712 ψαλμῷ
2662 643 2771 702 τοῖς
2803 639 2900 709 ήδη
2930 636 3284 709 προσελθοῦσι
3317 638 3382 708 τῇ
3411 635 3594 688 πίστει

2105 737 2422 809 παραίνεσιν
2452 733 2712 804 εἰσφέρει,
2736 727 2983 800 ὑπὲρτοῦ
3009 728 3295 799 ἀναφέρειν
3324 727 3461 798 ὑπὲρ
3485 726 3594 779 τῶν

2102 829 2200 899 ήδη
2228 825 2602 896 γεγενημένων
2634 820 2999 893 εὐχαριστίας.
3044 822 3107 872 Ἦ
3136 819 3244 890 γὰρ
3273 817 3597 888 ἐξομολόγη-

2106 934 2189 980 σις
2214 919 2270 969 ὲν
2296 914 2466 985 τούτῳ
2494 913 2591 982 τὴν
2649 910 2763 982 μετ’
2797 909 3054 972 αἰνέσεως
3102 907 3450 980 εὐχαριστίαν
3502 923 3598 976 ση-

2108 1007 2305 1078 μαίνει.
2520 1054 2525 1059 .

2118 1096 2480 1162 Ἀλαλάξατε
2506 1095 2585 1162 τῷ
2612 1096 2753 1160 Θεῷ,
2798 1093 2965 1149 πᾶσα
2989 1093 3025 1160 ἡ
3055 1089 3151 1161 τῆ.
3194 1090 3296 1143 Τὸν
3335 1087 3595 1142 ἐπινίκιον

2036 1191 2159 1253 τοὺς
2186 1189 2618 1261 λελυτρωμένους
2646 1188 2789 1259 ᾄδειν
2838 1184 3283 1256 παρακελεύεται.
3337 1176 3516 1233 Ἦσαν
3539 1179 3596 1232 δὲ

2036 1283 2086 1335 οἱ
2114 1282 2503 1353 λελυτρωμένοι
2533 1281 2676 1334 διπαν
2708 1280 2768 1333 τὸ
2790 1278 2897 1332 τῶν
2942 1274 3242 1348 ἀνθρώπων
3277 1273 3451 1341 γένος.
3472 1272 3526 1323 ·Γ
3530 1271 3597 1341 ῆν

2038 1375 2157 1447 γὰρ
2175 1377 2299 1439 τοὺς
2321 1374 2701 1438 κατοικοῦντας
2729 1373 2829 1444 τὴν
2877 1373 2978 1441 γῆν
3026 1369 3198 1424 καλεῖ.
3227 1368 3600 1421 Δουλεύσατε

2038 1468 2119 1533 τῷ
2144 1467 2336 1535 Κυρίῳ
2360 1467 2429 1520 ἐν
2451 1463 2825 1535 εὐφροσύνῃ.
2865 1463 2930 1517 Ἦ
2948 1461 3004 1514 δὲ
3025 1459 3131 1514 τῶν
3165 1458 3462 1530 ἀνθρώπων
3491 1457 3602 1511 δου-

2039 1559 2157 1613 λεία
2186 1558 2346 1628 φόϐον
2379 1554 2707 1629 φθοροποιὸν
2726 1556 2961 1624 ἐμποιεῖ,
2988 1554 3021 1623 ή
3046 1552 3102 1605 δὲ
3128 1550 3220 1604 τοῦ
3246 1550 3449 1622 Κυρίου
3477 1549 3599 1602 ὅου-ι

2040 1651 2156 1704 λεία
2201 1650 2358 1719 φόϐον
2379 1648 2560 1717 ἁγνὸν,
2596 1646 2655 1711 ἐξ
2685 1640 2745 1699 οὗ
2777 1645 2983 1713 γίνεται
3010 1646 3074 1713 τῇ
3102 1642 3244 1712 ψυχῇ
3276 1639 3596 1709 εὐφροσύνη.

2036 1738 2351 1792 Εὶσέλθετε
2381 1735 2635 1790 ἐνώπιον
2674 1733 2858 1787 αὑτοῦ
2900 1733 2970 1787 ἐν
2998 1729 3467 1801 ἀγαλλιάσει.ίο
3501 1730 3599 1800 ἤδη

379 1847 566 1909 spectu
593 1837 796 1894 Christi
830 1817 1270 1910 gaudiogaudet,
1303 1817 1357 1895 et
1391 1841 1495 1896 hoc
1519 1852 1603 1897 est
1628 1843 1937 1898 exsultatio.

2059 1828 2131 1881 τοῦ
2164 1825 2472 1898 ἀλαλαγμοῦ
2509 1826 2607 1896 τὴν
2637 1825 2717 1887 εἰς
2742 1822 2868 1876 νοῦν
2896 1823 3190 1892 δεξάμενος
3231 1819 3588 1890 εὐφροσύνην,

451 2123 505 2176 5.
539 2121 737 2177 Scitote
762 2125 1008 2193 quoniam
1049 2125 1305 2179 Dominus
1335 2124 1442 2195 ipse
1470 2136 1545 2181 est
1576 2124 1715 2182 Deus
1750 2114 1942 2183 noster.

384 2213 483 2270 Hic
513 2214 796 2281 Dominus,
844 2218 1047 2287 inquit,
1076 2217 1167 2287 qui
1201 2219 1420 2288 proprio
1466 2219 1727 2289 sanguine
1776 2227 1942 2275 totam

382 2308 610 2361 redemit
633 2316 853 2376 terram,
879 2310 991 2377 ipse
1018 2316 1101 2363 est
1127 2318 1330 2364 nostrae
1356 2309 1579 2364 factura:
1599 2309 1798 2379 opifex.
1824 2308 1941 2365 Non

382 2398 524 2452 enim
553 2414 620 2454 ex
666 2399 823 2453 nobis
855 2400 987 2469 ipsis
1013 2402 1349 2465 exstitimus,
1383 2401 1476 2455 sed
1509 2416 1647 2471 opus
1681 2417 1941 2455 manuum

385 2488 504 2557 ejus
529 2502 740 2546 sumus.
768 2488 1110 2560 Quapropter
1129 2500 1182 2545 et
1201 2493 1432 2562 populus
1454 2490 1580 2562 ejus
1602 2502 1654 2547 et
1676 2509 1803 2549 oves
1827 2493 1946 2564 ejus

383 2594 593 2646 sumus,
626 2581 699 2635 ita
731 2591 790 2636 ut
817 2582 905 2635 ille
932 2582 1151 2652 quidem
1182 2583 1413 2653 populus
1443 2576 1547 2649 sit,
1580 2584 1672 2654 qui
1701 2586 1943 2639 rationa-

388 2671 546 2725 bilior
567 2680 680 2740 est;
709 2688 837 2728 oves
863 2682 1066 2738 autem,
1097 2674 1189 2743 qui
1222 2676 1274 2728 in
1310 2675 1498 2730 ordine
1524 2676 1947 2730 irrationabilio-

386 2776 509 2815 rum
545 2764 894 2827 consistunt,
947 2780 1123 2834 neque
1175 2768 1602 2836 experimentum
1658 2768 1944 2837 quodpiam

386 2851 554 2907 divini
600 2854 799 2923 eloquii
834 2854 1066 2921 habent,
1094 2857 1250 2927 juxta
1297 2858 1499 2913 dictum
1536 2861 1668 2914 illud
1705 2880 1719 2915 :
1756 2861 1948 2918 Erravi

383 2945 520 2999 sicut
555 2947 662 2999 oris
692 2962 806 3016 qua:
837 2948 1075 3015 periit”.

452 3036 507 3089 4.
538 3033 650 3089 Nos
683 3045 854 3089 autem
900 3037 1122 3105 populus
1154 3036 1266 3106 ejus
1314 3047 1363 3092 et
1398 3054 1512 3093 oves
1555 3056 1764 3110 pascuae
1809 3041 1944 3111 ejus.

2041 1912 2195 1983 οὗτος
2224 1916 2682 1988 ὥσπερ.ἐνώπιον
2711 1916 2994 1986 ἱστάμενος
3050 1913 3144 1966 τοῦ
3194 1910 3430 1984 Χριστοῦ
3465 1910 3606 1982 χαρᾷ

2043 2012 2240 2084 χαίρει,
2266 2008 2539 2111 καὶῂτοῦτό
2568 2009 2714 2062 ἐστιν
2746 2005 3083 2075 ἀγαλλίασις.
3492 2048 3495 2049 ,

2112 2101 2312 2157 Γνῶτε
2360 2092 2432 2154 Ἲτι
2463 2102 2679 2168 Κύριος
2721 2100 2903 2164 αὐτός
2945 2098 3116 2151 ἐστιν
3156 2098 3189 2150 ό
3235 2094 3380 2162 Θεὸς
3415 2092 3603 2163 ἡμῶν.

2084 2190 2226 2259 ῦτος,
2280 2195 2461 2266 claim,
2515 2196 2545 2248 ὁ
2574 2192 2777 2265 Κύριος
2821 2193 2850 2244 ὁ
2902 2189 2979 2262 τῷ
3014 2189 3129 2259 ἰδίῳ
3170 2188 3362 2259 αἵματι
3428 2189 3607 2241 πᾶσαν

2042 2287 2453 2360 λυτρωσάμενος
2483 2286 2581 2359 τὴν
2609 2286 2733 2355 γῆν,
2782 2283 2942 2346 αὐτός
2986 2283 3133 2334 ἐστιν
3166 2280 3194 2332 ὁ
3226 2280 3320 2333 καὶ
3350 2277 3443 2332 τοῦ
3471 2280 3609 2350 ἡμε-

2040 2382 2199 2452 τέρου
2225 2380 2522 2450 ποιήματος
2543 2376 2888 2449 δημιουργός.
2906 2368 2981 2427 Οὐ
3006 2366 3454 2445 γὰραύτομάτως
3488 2387 3610 2423 συν-

2043 2471 2301 2542 έστημεν,
2358 2469 2493 2524 ἀλλὰ
2519 2468 2625 2522 τῶν
2650 2468 2846 2539 χειρῶν
2890 2462 3050 2519 αὐτοῦ
3099 2462 3283 2533 ἔργονε
3313 2460 3496 2531 ἐσμέν.
3521 2459 3611 2513 Διὸ

2044 2567 2139 2620 καὶ
2160 2566 2286 2630 λαὸς
2306 2562 2466 2618 αὐτοῦ
2499 2562 2592 2616 καὶ
2640 2560 2887 2633 πρόϐατα
2936 2556 3099 2613 αὐτοῦ
3146 2554 3503 2626 τυγχάνομεν·
3536 2552 3611 2614 ὡς

2044 2652 2327 2729 εἶναι’μὲν’
2357 2658 2385 2709 ὁ
2420 2655 2545 2718 λαὸς
2586 2653 2964 2724 λογικώτερος,
3023 2648 3266 2721 πρόϐατα
3301 2647 3357 2700 δὲ
3411 2647 3459 2699 οί
3513 2644 3611 2716 τὴν

2044 2749 2385 2819 ἀλογωτέραν
2425 2745 2576 2812 τάξιν
2604 2734 2909 2815 ἐπέχοντες,
2940 2740 3035 2794 καὶ
3090 2738 3163 2809 μὴ
3218 2739 3274 2789 ἐν
3316 2736 3477 2806 πείρᾳ
3500 2733 3609 2786 τῶν

2046 2840 2201 2894 θείων
2224 2839 2373 2903 ὄντες
2404 2838 2618 2907 λογίων,
2655 2835 2797 2889 κατὰ
2820 2834 2881 2887 τὸ
2901 2830 3203 2905 εἰρημένονο
3233 2825 3615 2911 Ἑπλανήθηνέ

2046 2931 2126 2997 ὡς
2151 2930 2447 2998 πρόϐατον
2475 2926 2812 2991 ἀπολωλός.
2838 2960 2844 2965 -
2990 2957 2995 2961 -
3266 2952 3271 2955 -
3397 2971 3402 2975 ,

2070 3040 2076 3046 .
2134 3020 2335 3090 Ἡμεῖς
2394 3017 2462 3072 δὲ
2517 3017 2664 3082 λαός
2725 3013 2930 3080 αὐτοῦ,
2964 3012 3061 3066 καὶ
3114 3010 3381 3079 πρόϐατα
3421 3005 3613 3077 νομῆς

383 3126 489 3194 Alii
521 3120 649 3181 sunt
675 3133 732 3180 ut
760 3099 991 3197 populus
1018 3099 1282 3199 ejus,vqui
1315 3130 1523 3185 scilicet
1543 3099 1948 3200 praestantiores

2059 3112 2254 3168 αὐτοῦ.
2285 3110 2469 3164 Ἀλλοι
2503 3109 2597 3180 μὲν
2630 3108 2705 3170 ὼς
2749 3105 2875 3168 λαὸς
2932 3102 3116 3162 αὐτοῦ,
3162 3104 3209 3155 οἱ
3242 3101 3539 3172 κρείττους·
3564 3099 3613 3149 οἱ

387 3227 550 3284 sunt;
584 3204 674 3273 alii
705 3229 763 3273 ut
784 3235 912 3274 oves
937 3210 1151 3290 pascuae
1173 3221 1312 3290 ejus,
1349 3221 1441 3291 qui
1473 3204 1527 3274 in
1549 3218 1804 3278 infe‘riOre
1830 3238 1952 3292 gra-

2059 3206 2106 3258 5ὲ
2130 3206 2205 3268 ὡς
2228 3202 2472 3276 πρόϐατα
2496 3203 2664 3271 νομῆς
2714 3196 2898 3260 αὐτοῦ,
2945 3198 2993 3248 οἱ
3026 3192 3444 3263 ὑποϐεϐηκότες.
3470 3191 3614 3260 Πλὴν

388 3310 459 3362 du
491 3310 763 3366 incedunt.
796 3311 1085 3376 Caeterum,
1105 3328 1229 3366 cum
1263 3314 1507 3367 omnium
1532 3312 1673 3369 Deus
1700 3308 1952 3370 et‘factor

389 3397 481 3462 sit,
511 3413 698 3454 omnes
725 3411 882 3454 vocat
917 3410 971 3454 et
996 3401 1245 3470 proprios
1271 3402 1374 3456 sibi
1400 3401 1580 3457 elIicit.
1613 3401 1746 3456 Nam
1775 3404 1953 3458 homi-

388 3505 486 3544 nes
513 3490 833 3559 etjumenta
875 3492 1045 3547 salvat
1072 3491 1337 3548 Dominus
1356 3493 1432 3561 9‘;
1476 3495 1598 3550 illos
1630 3494 1845 3565 quidem
1895 3507 1955 3550 ut

387 3572 648 3652 populum
676 3598 835 3636 suum
855 3624 869 3649 ,
908 3584 1006 3639 hos
1038 3600 1168 3639 vero
1200 3594 1257 3640 ut
1282 3602 1412 3641 oves
1438 3580 1655 3657 pascuae
1693 3603 1824 3643 suae.
1856 3586 1949 3642 In-

392 3676 549 3728 troite
574 3685 753 3745 portas
777 3676 887 3745 ejus
913 3679 964 3731 in
1001 3679 1342 3747 confessione.
1389 3678 1580 3735 Portas
1612 3678 1826 3734 Domini
1853 3679 1956 3736 Ec-

390 3767 612 3820 clesiam
669 3782 789 3837 quae
845 3769 900 3821 in
944 3778 1091 3847 terra
1123 3778 1206 3824 est
1232 3780 1427 3837 vocat,
1464 3771 1518 3824 in
1567 3786 1673 3840 qua
1707 3772 1954 3827 conﬁteri

392 3862 671 3927 oportet,‘
707 3874 771 3913 ac
821 3859 1153 3915 denuntiatis
1187 3871 1345 3917 antea
1393 3864 1661 3933 peccatis,
1696 3863 1955 3920 benelicia

393 3950 553 4006 nobis
582 3952 773 4007 collata
804 3968 1082 4007 enarrare.

697 4114 726 4124 Η
754 4039 867 4111 Ipsi
902 4042 1091 4097 David.
1146 4038 1485 4100 PSALMUS
1535 4043 1596 4099 ϐ.

718 4118 726 4139 ³
982 4135 1375 4207 Argumentum.
1427 4201 1433 4207 ι

392 4220 451 4276 ln
487 4223 589 4278 hoc
614 4226 823 4293 psalmo
854 4225 1149 4295 perfectum
1181 4229 1339 4283 nobis
1371 4218 1643 4286 hominem
1673 4211 1958 4297 describit,

455 4316 550 4383 qui
575 4315 1071 4395 secunduth-um
1100 4321 1266 4375 vitam
1294 4322 1547 4382 instituit.
1572 4323 1832 4392 docetque
1854 4339 1957 4380 nos

460 4403 758 4473 quod'ritae
790 4422 958 4474 genus
981 4406 1229 4478 amplecti
1257 4411 1485 4466 debeant
1514 4411 1569 4476 ii,
1605 4412 1696 4481 qui
1729 4427 1951 4483 regnum

458 4496 719 4550 cmlorum
749 4496 972 4567 adipisci
1000 4509 1271 4569 exoptant.
1576 4504 1581 4512 ³
1681 4563 1685 4567 ,

461 4585 514 4640 1.
539 4584 963 4642 Misericordiam
984 4598 1032 4643 et
1057 4590 1309 4651 iudicium
1332 4592 1549 4643 cantabo
1573 4590 1687 4654 tibi,
1712 4590 1948 4645 Domine.

392 4674 532 4730 Cum
559 4691 621 4730 ea
652 4694 774 4747 quae
804 4677 917 4733 scio
947 4690 998 4733 te
1030 4679 1189 4735 nobis
1209 4681 1504 4736 contulisse
1529 4680 1783 4735 beneﬁcia
1813 4697 1954 4736 sem-

391 4768 557 4837 perin
584 4785 679 4823 ore.
702 4770 896 4836 feram,
919 4771 1136 4825 dabitur
1165 4772 1451 4841 judicium,
1470 4781 1523 4825 et
1539 4787 1668 4826 sane
1688 4758 1953 4841 judicium

388 4858 621 4927 justum.
681 4858 1005 4916 Justiﬁcavit
1035 4863 1182 4917 enim
1217 4878 1436 4918 causam
1479 4870 1723 4916 nostram
1762 4865 1959 4935 adverj

358 4950 363 4953 ’
392 4965 489 5006 sus
516 4952 767 5007 inimicos
801 4960 1038 5008 nOstros.
1173 4941 1176 4945 ’
1791 4946 1796 4951 ’

406 5042 409 5045 ’
458 5042 516 5107 2,
546 5044 599 5097 '5.
630 5043 869 5096 Psallam
909 5056 953 5096 et
1010 5043 1298 5115 intelligam
1351 5045 1409 5097 in
1460 5042 1545 5096 via
1586 5041 1949 5096 immaculata.

388 5120 662 5201 Psallam,
696 5134 903 5204 inquit,
933 5136 1200 5205 hymnum,
1242 5151 1305 5189 ac
1335 5135 1380 5190 si
1428 5136 1632 5189 diceret
1671 5136 1948 5205 apertius:

388 5224 507 5280 Non
534 5226 919 5297 ﬁnemfaciam
952 5228 1183 5298 hymnos
1213 5228 1444 5302 canendi
1466 5269 1480 5295 ,
1510 5237 1564 5282 et
1600 5227 1741 5282 viam
1776 5242 1950 5280 meam

390 5332 601 5385 semper
655 5319 1059 5373 immaculatam
1091 5319 1457 5384 conservabo,
1488 5327 1665 5381 tuum,
1698 5332 1731 5370 ο
1765 5314 1951 5369 Domi-

390 5422 477 5473 ne,
511 5392 1166 5480 adventum'exspectans.
1192 5410 1414 5480 Oportet
1441 5411 1583 5464 enim
1610 5417 1829 5478 paratos
1849 5422 1949 5461 nos

391 5512 510 5555 esse
539 5501 604 5553 ad
639 5500 857 5557 Domini
910 5519 1213 5558 accessum.
1270 5501 1499 5556 Tantam
1540 5510 1719 5554 autem
1755 5499 1842 5554 hic
1864 5498 1949 5551 vir

390 5590 653 5647 mirabilis
684 5596 970 5651 puritatem
1005 5594 1285 5651 obtinebat
1361 5603 1420 5648 ut
1446 5609 1571 5647 cum
1602 5591 1798 5647 ﬁducia
1837 5591 1947 5646 cla-

478 5785 525 5817 ”
568 5786 713 5843 Psal.
761 5807 949 5861 cum,
1005 5794 1127 5848 176.
1204 5792 1245 5823 ⁸¹
1294 5789 1438 5845 Psal.
1482 5802 1645 5847 xxxv,
1676 5787 1728 5841 8.

2050 3298 2204 3361 ἀλλὰ,
2238 3290 2619 3357 πάντων,Θεὸς
2672 3294 2745 3366 ὢν
2781 3292 2874 3345 καὶ
2926 3288 3172 3358 ποιητὴς,
3228 3286 3433 3347 πάντας
3463 3282 3616 3337 καλεῖ

2050 3390 2143 3442 καὶ
2175 3369 2547 3454 ἐξοικειοῦται.
2601 3381 2941 3455 Ἀνθρώπους
2985 3377 3093 3449 γὰρ
3140 3378 3233 3431 καὶ
3261 3377 3428 3447 κτήνη
3457 3372 3616 3436 σώζει

2050 3481 2198 3544 Θεός·
2229 3476 2353 3542 τοὺς
2384 3477 2481 3547 μὲν
2508 3475 2583 3538 ὡς
2625 3473 2750 3526 λαὸν
2784 3469 2970 3532 αὑτοῦ,
3028 3469 3096 3522 τὰ
3140 3468 3196 3521 δὲ
3245 3466 3321 3529 ὼς
3374 3463 3617 3535 πρόϐατα

2051 3572 2221 3643 νομῆς
2254 3569 2436 3624 αὐτοῦ.
2474 3565 2790 3621 Είσέλθετε
2820 3565 2906 3628 εἷς
2928 3562 3028 3627 τὰς
3083 3560 3274 3624 πύλας
3325 3555 3510 3610 αὐτοῦ
3549 3555 3619 3608 ἐν

2051 3659 2499 3731 ἐξομολογήσει.
2538 3655 2717 3718 Πύλας
2753 3654 2847 3708 τοῦ
2885 3652 3090 3722 Κυρίου
3117 3651 3213 3722 τὴν
3240 3648 3330 3702 ἐπὶ
3359 3647 3463 3717 γῆς
3501 3646 3620 3699 Ἐκ-

2053 3755 2280 3827 κλησίαν
2323 3754 2507 3824 φησιν,
2535 3743 2655 3824 ἐνῇ
2712 3745 3148 3819 ἐξομολογεῖσθαι
3190 3744 3290 3809 δεῖ,
3339 3742 3433 3795 ac:
3480 3739 3617 3811 πρό-

2050 3864 2206 3918 τερον
2248 3843 2695 3913 ἐξαγγέλλοντες
2733 3841 2801 3893 τὰ
2849 3838 3242 3909 ἁμαρτήματα,
3290 3833 3389 3897 τάς
3428 3848 3489 3886 τε
3540 3835 3621 3896 είς

2053 3939 2199 4009 ἡμᾶς
2221 3935 2516 4007 γενομένας
2542 3930 2869 4004 ἀφηγεῖσθαι
2895 3928 3229 4000 εὐεργεσίας.

2432 4024 2514 4091 Τῷ
2547 4022 2745 4078 Δαυΐδ.
2812 4022 3122 4075 mmo:
3156 4018 3238 4072 P’.

2657 4113 2989 4177 ’Υπόθεσις.
3190 4174 3195 4182 Δ
3268 4110 3273 4115 ’

2065 4213 2153 4265 Ἐν
2185 4210 2355 4281 τούτῳ
2393 4209 2472 4280 τῷ
2504 4207 2703 4279 ψαλμῷ
2751 4206 2841 4258 τὸν
2884 4202 3090 4257 τέλειον
3134 4201 3265 4272 ἡμῖν
3309 4194 3619 4272 διαγράφει,

2069 4306 2073 4311 ’
2120 4305 2210 4358 τὸν
2248 4302 2420 4357 ,κατὰ
2484 4300 2614 4353 Θεὸν
2669 4296 3117 4365 πολιτευόμενον,
3157 4292 3421 4345 διδάσκων
3476 4292 3623 4361 ἡμᾶς

2069 4382 2075 4390 ’
2122 4394 2277 4447 ποίαν
2304 4394 2382 4447 δεῖ
2410 4391 2692 4462 πολιτείαν,
2711 4386 3045 4458 ἐπιτηδεύειν
3071 4385 3193 4447 τοὺς
3226 4381 3622 4454 ἐπιθυμοῦντας

2120 4488 2218 4556 τῆς
2247 4484 2353 4539 τῶν
2379 4483 2617 4554 οὐρανῶν
2649 4479 2919 4552 βασιλείας
2941 4479 3234 4546 ἐπιτυχεῖν.
3482 4472 3487 4477 ’

2128 4580 2339 4632 ’Ἐλεογ
2363 4577 2457 4630 καὶ
2482 4576 2683 4643 κρίσιν
2711 4570 2933 4647 ᾄσομαι
2984 4584 3106 4635 σοι,
3165 4568 3361 4636 Κύριε.
3414 4563 3618 4624 Ταῦτα,

2061 4669 2241 4740 φησιν,
2300 4667 2392 4719 ἐπὶ
2442 4666 2705 4737 στόματος
2755 4662 2933 4734 φέρων
2986 4658 3271 4724 διαπαντὸς
3301 4659 3337 4712 ἃ
3397 4653 3516 4711 οἶδ).
3543 4658 3622 4718 εἰς

2058 4763 2203 4833 ἡμᾶς
2240 4759 2674 4832 κατορθωθέντα,
2711 4755 2995 4827 δοθήσεται
3038 4750 3247 4824 κρίσις,
3280 4750 3557 4803 τουτέστιν
3586 4751 3618 4816 ἡ

2056 4851 2438 4923 δικαιοκρισία.
2482 4847 2794 4903 Ἑδικαίωσε
2828 4845 2935 4917 γὰρ
2963 4845 3025 4897 ἐκ
3070 4844 3176 4898 τῶν
3221 4840 3428 4912 ἐχθρῶν
3463 4839 3622 4912 ήμῶν

2054 4942 2150 5014 τὴν
2175 4943 2326 5012 δίκην
2350 4941 2523 5013 μῶν.

2130 5032 2310 5087 Ψαλῶ
2360 5031 2459 5085 καὶ
2504 5029 2753 5095 συνήσω
2794 5028 2862 5080 ἐν
2889 5024 3005 5089 ὀδῷ
3047 5024 3279 5095 ἀμώμῳ.
3329 5021 3420 5087 Τὸ,
3448 5020 3624 5090 ψαλῶ

2051 5125 2158 5179 τὸν
2187 5126 2395 5193 ὕμνον,
2435 5124 2617 5194 φησὶν,
2666 5121 2797 5173 ὡσεὶ
2826 5118 2970 5187 λέγοι
3007 5114 3331 5187 σαφέστερον
3358 5131 3371 5144 ’
3411 5112 3623 5184 Ὑμνῶν

2057 5219 2120 5270 ού
2170 5218 2445 5287 παύσομαι
2507 5216 2600 5267 καὶ
2663 5212 2760 5284 τὴν
2807 5211 2944 5282 ἐμὴν
3006 5210 3123 5263 ὁδὸν
3189 5206 3622 5279 παρασκευάζων

2053 5308 2303 5378 ἄμωμον,
2331 5307 2427 5377 τὴν
2453 5305 2569 5375 σὴν,
2600 5298 2645 5357 ὧ
2671 5303 2934 5366 Δέσποτα,
2959 5299 3259 5372 παρουσίαν
3290 5297 3620 5370 προσδοκῶν.

2054 5401 2144 5451 Δεῖ
2168 5399 2277 5470 γὰρ
2300 5396 2761 5469 ηὐτρεπισμένους
2821 5397 2970 5466 ἡμᾶς
3015 5388 3154 5446 εἶναι
3213 5391 3352 5463 πρὸς
3396 5390 3494 5462 τὴν
3531 5388 3623 5443 τοῦ

2054 5490 2259 5564 Κυρίου
2290 5489 2491 5561 ἄφιξιν.
2551 5487 2829 5559 Τοσαύτην
2876 5485 2984 5559 γὰρ
3021 5488 3048 5540 ὁ
3097 5483 3508 5554 θαυμαζόμενος
3534 5470 3625 5533 οῦ-

2054 5602 2146 5649 τος
2165 5585 2303 5657 ἀνὴρ
2331 5584 2595 5654 ἐκτήσατο
2632 5579 2996 5651 καθαρότητα,
3034 5578 3109 5640 ὡς
3151 5572 3293 5646 μετὰ
3317 5570 3627 5644 παρρησίας
