3946 6222
274 307 380 364 895
1400 305 1764 364 EXPOSITIO
1800 306 1870 362 IN
1911 305 2239 363 PSALMUH
2278 303 2362 363 Cl.
3403 308 3510 365 ιιι

279 423 470 493 βοῆσαι
506 418 641 491 πρὸς
667 418 759 473 τὸν
799 418 948 473 Θεόν·
981 419 1128 474 Πότε
1166 418 1334 487 ἣξεις
1366 419 1516 491 πρὸς
1549 419 1664 490 ne;
1705 421 1849 476 Ἄπι

2008 431 2123 477 aret
2148 421 2213 475 ad
2249 419 2417 475 Deum
2451 438 2463 473 :
2501 418 2725 484 Quando
2756 421 2922 474 venies
2953 419 3021 472 ad
3060 421 3177 474 me!
3208 434 3272 474 ac
3298 420 3345 475 si
3369 421 3519 478 dice-

278 512 391 573 τοῦ.
422 511 689 584 Εὑπρεπῆ
716 528 797 565 σοι
830 512 896 565 τὰ
922 511 1165 581 βασίλεια
1216 511 1547 584 κατέστησα,
1583 511 1734 567 ποΘῶ
1759 530 1851 566 σου

2002 518 2035 564 ιι
2075 530 2086 565 :
2123 509 2346 580 Regiam
2379 509 2476 563 tibi
2523 519 2838 564 exornatam
2886 524 2952 563 ac
2994 509 3272 563 decentem
3308 512 3519 580 paravi,

279 605 375 672 τὴν
399 602 722 673 παρουσίαν,
763 595 808 655 ὦ
833 603 1096 669 Δέσποτα,
1135 602 1415 676 ίμείρομαί
1456 621 1546 658 σου
1598 604 1698 674 τῆς
1735 606 1855 657 ἐπι-

2002 615 2103 654 tam
2137 607 2334 669 empto
2368 598 2736 669 praesentiam,
2771 613 2804 650 o
2830 597 3089 663 Domine,
3132 608 3283 654 tuum
3317 600 3519 654 adven-

282 693 526 762 φανείας·
554 692 690 747 ἀλλὰ
711 693 799 758 δὸς
825 694 887 747 τὸ
920 693 1270 766 ποθούμενον.
1328 696 1762 765 Διεπορευόμην
1786 697 1856 749 ἐν

2002 708 2068 746 nn
2100 700 2315 761 expeto,
2346 700 2586 762 optatum
2617 690 2874 746 concede.
2903 689 3345 745 Perambulabam
3364 694 3419 746 in
3445 691 3521 746 in-

274 783 501 861 νὰκακίςι
536 783 782 852 καρδίας
823 802 942 854 μου
985 786 1056 838 ἐν
1101 785 1270 855 μέσῳ
1329 786 1434 839 τοῦ
1488 786 1658 840 οἴκου
1710 803 1852 856 μου.

284 873 508 938 Οὐδένα,
537 872 721 946 φησὶν,
747 875 902 946 ἔσχον
948 875 1136 929 ἄδικον
1180 877 1527 931 συνοικοῦντα
1576 876 1855 948 λογισμόν·

285 964 395 1018 ἀλλ’
419 964 558 1030 ὅλως
592 966 813 1038 ἐμαυτῷ
848 967 986 1038 μετὰ
1020 968 1392 1041 καθαρότητος
1443 968 1854 1041 διεπορευόμην.

286 1056 617 1123 Ποιοῦντας
645 1057 1005 1126 παραϐάσεις
1030 1060 1312 1130 ἐμίσησα.
1349 1062 1441 1114 Δεῖ
1458 1062 1567 1133 γὰρ
1600 1062 1673 1134 μὴ
1701 1062 1860 1133 μόνον

286 1148 584 1219 ἀπέχεσθαι
608 1149 716 1204 τῶν
766 1150 1040 1223 πονηρῶν,
1082 1152 1217 1207 ἀλλὰ
1246 1155 1491 1220 καὶτοὺς
1515 1154 1583 1210 τὰ
1636 1155 1861 1209 τοιαῦτα

1955 785 2198 839 nocentia
2222 783 2394 838 cordis
2419 783 2520 836 mei
2540 784 2594 836 in
2625 781 2794 836 medio
2824 782 3011 837 domus
3038 798 3192 850 meae,
3236 792 3341 838 etc.
3389 781 3524 838 Nul-

1957 874 2086 938 l'am,
2109 873 2305 944 inquit,
2337 872 2595 942 injustam
2621 871 3010 942 cogitationem
3037 888 3249 928 mecum
3276 874 3525 929 habitare

1958 967 2344 1033 concedeham,
2377 965 2469 1019 sed
2497 980 2620 1019 cum
2645 966 2878 1035 puritate
2900 964 3269 1019 ambulabam.
3297 964 3524 1021 Facien-

1961 1070 2035 1115 tes
2069 1058 2526 1129 praevaricationes
2561 1056 2718 1110 adiri.
2774 1053 3002 1127 Oportet
3029 1056 3172 1110 enim
3204 1071 3313 1110 non
3348 1057 3526 1112 solum

1961 1152 2234 1209 abstinere
2261 1166 2293 1205 a
2322 1149 2480 1206 malis
2501 1188 2515 1214 ,
2558 1149 2653 1206 sed
2684 1150 2848 1205 etiam
2887 1148 3128 1204 aversari
3173 1163 3270 1204 eos
3312 1149 3406 1218 qui
3437 1149 3528 1203 illa

288 1240 574 1304 ποιοῦντας
599 1242 1057 1313 ἀποστρέφεσθαι.

2002 1251 2148 1316 gum.

355 1334 478 1386 οὐκ
541 1333 846 1403 ἐκολλήθη
899 1352 1001 1403 μοι
1063 1335 1276 1407 καρδία
1337 1337 1596 1407 σκαμὸή.
1638 1337 1719 1390 Τὰ
1768 1334 1861 1389 τοῦ

2032 1336 2087 1391 4.
2116 1333 2239 1389 Νοη
2272 1335 2492 1388 adluesit
2521 1335 2650 1388 mihi
2682 1350 2772 1388 cor
2802 1350 3043 1404 pratum.
3092 1334 3299 1389 Diaboli
3348 1334 3532 1389 consi-

289 1420 531 1474 διαϐόλου
585 1421 925 1495 βουλεύματα
950 1464 965 1487 ,
1027 1426 1122 1479 ἅτε
1188 1426 1354 1499 μηδὲν
1433 1427 1589 1490 εὺθὲς
1649 1425 1862 1497 ἔχοντα,

2007 1444 2037 1484 a
2060 1470 2077 1496 ,
2108 1436 2292 1498 utpote
2312 1443 2433 1496 quae
2463 1427 2596 1483 recti
2628 1427 2763 1481 nihil
2792 1428 3045 1493 habeant,
3094 1441 3258 1497 prava
3297 1436 3426 1481 sunt
3477 1435 3532 1480 ct

293 1511 513 1584 σκαμᾶὶ
534 1512 593 1567 τέ
623 1515 729 1568 είσί
762 1516 856 1569 καὶ
894 1516 1318 1588 διεστραμμένα,
1354 1517 1498 1590 ἅπερ
1527 1517 1778 1571 οὐδέποτε
1807 1518 1864 1570 ὲν

2002 1530 2240 1581 erversa,
2267 1531 2388 1586 qua:
2409 1530 2687 1585 nunquam
2739 1516 2793 1569 in
2821 1517 2986 1571 corde
3006 1516 3220 1572 admisi.
3250 1514 3533 1569 Declinavi-

292 1603 354 1673 τῇ
380 1603 578 1674 καρδίᾳ
598 1604 956 1676 είσδέδεγμαι.
1013 1607 1431 1673 Ἐκκλίνοντος
1470 1607 1571 1662 ἀπ’
1594 1607 1739 1678 ἐμοῦ
1759 1606 1867 1661 τοῦ

2002 1624 2071 1664 em
2097 1624 2129 1661 a
2156 1624 2237 1661 me
2265 1605 2555 1677 malignum
2600 1623 2703 1662 non
2743 1607 3130 1677 cognoscebam.
3187 1605 3264 1661 Ita
3286 1649 3301 1671 ,
3335 1607 3533 1677 inquit,

294 1694 557 1763 πονηροῦ
599 1698 710 1750 οὐκ
733 1697 1082 1766 ἐγίνωσκον.
1124 1698 1299 1763 Οὕτω,
1350 1700 1538 1771 φησὶν,
1588 1700 1646 1753 ὲν
1693 1699 1867 1754 οὐδενὶ

2002 1700 2123 1754 ibili
2147 1696 2408 1753 faciebam
2435 1698 2730 1768 malignos,
2757 1706 2816 1752 ut
2840 1701 3030 1752 eorum
3060 1698 3175 1752 sive
3195 1696 3534 1767 praesentiam

299 1785 449 1856 μέρει
510 1785 810 1858 ἐποιούμην
848 1788 973 1852 τοὺς
1003 1791 1290 1860 πονηροὺς,
1348 1789 1425 1854 ὡς
1478 1791 1570 1843 καὶ
1593 1789 1690 1860 τὴν
1739 1807 1872 1860 παρ·

2003 1793 2087 1846 ive
2121 1792 2424 1846 absentiam
2450 1790 2780 1861 ignorarem.
2817 1790 2998 1856 Quare
3025 1790 3439 1844 abscedentibus
3471 1788 3537 1841 il-

296 1876 482 1929 ουσίαν
526 1879 620 1931 καὶ
662 1879 761 1949 τὴν
815 1878 1083 1934 ἀπουσίαν
1133 1880 1311 1934 αὐτῶν
1362 1881 1595 1951 ἀγνοεῖν·
1645 1881 1726 1934 διὸ
1775 1881 1869 1935 καὶ

2002 1879 2041 1934 is
2062 1892 2172 1932 non
2201 1878 2618 1948 cognoscebam,
2648 1892 2712 1932 ac
2735 1879 2989 1932 similiter
3012 1878 3225 1932 etiamsi
3245 1885 3538 1947 praesentes

301 1968 644 2040 ἁπαιρόντων
691 1956 792 2024 οὐκ
838 1973 1152 2040 ἐγίνωσκον,
1187 1973 1379 2028 οὐκοῦν
1428 1976 1549 2029 οὐδὲ
1589 1977 1870 2047 παρόντων

2005 1976 2175 2031 ssent,
2212 1966 2265 2021 id
2295 1967 2636 2037 ignorabam.
2702 1967 2897 2023 Mentis
2924 1976 3104 2023 autem
3135 1968 3188 2022 in
3219 1966 3330 2023 Deo
3364 1969 3540 2022 consi-

301 2058 347 2108 εί
376 2058 628 2129 παρῆσαν
652 2060 962 2128 ἐγίνωσκον.
995 2062 1221 2134 Γνώμης
1245 2064 1301 2117 δὲ
1334 2064 1606 2130 ἀπόδειξις
1660 2067 1874 2119 ἀνακει-

304 2149 468 2221 μένης
504 2149 622 2222 Θεῷ
652 2152 712 2205 τὸ
731 2152 839 2205 τῶν
868 2154 1018 2208 κάτω
1049 2155 1249 2226 μηδένα
1286 2156 1553 2211 ποιεῖσθαι
1605 2158 1760 2227 λόγον
1787 2159 1874 2213 διὰ

302 2242 397 2312 τὴν
420 2241 627 2296 ἄνωθεν
663 2247 938 2317 προσοχὴν

374 2331 489 2386 Τὸν
513 2336 973 2391 καταλαλοῦντα
1005 2336 1194 2407 λάθρα
1230 2338 1335 2395 τοῦ
1376 2342 1644 2410 πλησίον
1664 2344 1873 2409 αὐτοῦ,

305 2424 517 2479 τοῦτον
551 2425 890 2491 ἐξεδίωκον.
925 2429 1037 2494 Τὰς
1074 2430 1132 2484 δὲ
1176 2431 1350 2503 λάθρα
1405 2433 1693 2504 γινομένας
1743 2452 1874 2489 κατ-

306 2518 533 2590 ηγορίας
552 2520 611 2573 οὐ
636 2521 960 2593 προσιέμην,
992 2522 1127 2579 ἀλλὰ
1163 2524 1288 2588 τοὺς
1321 2525 1476 2579 τοῦτο
1507 2526 1640 2597 δρᾷν
1673 2544 1876 2600 πειρω-

311 2612 501 2680 μένους
563 2611 874 2684 ὲξήλαυνον.
958 2615 1350 2685 Ὑπερηςράνῳ
1427 2617 1712 2687 ὀφθαλμῷ
1776 2619 1876 2673 καὶ

307 2699 598 2767 ἀπλήστῳ
628 2702 861 2772 καρδίῃ,
890 2705 1079 2770 τούτῳ
1100 2707 1173 2759 οὐ
1208 2705 1569 2775 συνήσθιον.
1605 2706 1742 2761 Οὔτε
1773 2708 1877 2781 μὴν

307 2794 428 2856 τοὺς
476 2792 763 2867 ἀλαζονείᾳ
794 2796 891 2851 καὶ
932 2795 1215 2869 πλεονεξίᾳ
1241 2799 1557 2870 χρωμένους
1581 2802 1879 2872 ἐποιούμην

310 2883 611 2947 συσσίτους.

378 2979 440 3030 Ol
469 2978 767 3048 ὀφθαλμοί
789 2996 911 3048 μου
967 2980 1065 3034 ἐπὶ
1128 2981 1270 3048 τοὺς
1301 2982 1556 3049 πιστοὺς
1618 2982 1727 3053 τῆς
1768 2983 1881 3054 τῆς

309 3069 412 3124 τοῦ
442 3071 862 3141 συγκαθῆσθαι
885 3073 1107 3140 αὐτοὺς
1127 3078 1255 3145 μετ’
1290 3077 1458 3145 ἐμοῦ.
1499 3078 1795 3150 Συνεδρίων
1822 3079 1882 3133 δέ

313 3179 399 3232 μοι
455 3163 549 3215 καὶ
582 3162 775 3233 βουλῆς
806 3164 1125 3220 ἐκοινώνουν
1153 3168 1203 3220 οἱ
1250 3168 1428 3222 πίστει
1488 3170 1870 3241 κοσμούμενοι,

311 3256 402 3307 καὶ
435 3256 566 3326 περὶ
598 3255 792 3309 πολλοῦ
812 3257 880 3310 τὰ
900 3256 1018 3310 Θεία
1049 3259 1379 3330 ποιούμενοι.
1414 3261 1477 3315 Οἱ
1516 3260 1575 3314 δὲ
1606 3263 1681 3334 μὴ
1707 3262 1878 3327 οὕτως

310 3344 658 3415 διακείμενοι,
693 3345 830 3399 ἀλλὰ
848 3347 1101 3402 τάναντία
1136 3350 1455 3420 φρονοῦντες
1506 3354 1881 3425 ὑπερηφανείᾳ

311 3435 449 3505 λέγω
478 3439 574 3491 καὶ
604 3439 787 3510 ἀδικίᾳ
822 3442 917 3495 καὶ
947 3441 1315 3510 ἐξουδενώσει,
1372 3445 1562 3516 πόρρω
1608 3445 1880 3499 ἀπέϐαλον

312 3529 401 3582 ἀπ’
434 3530 592 3601 ἐμοῦ,
617 3531 757 3586 ὥστε
787 3534 861 3606 μὴ
908 3536 1042 3606 ὁρᾷν
1068 3536 1284 3600 αὐτούς.

378 3623 486 3688 Είς
504 3622 613 3689 τὰς
634 3625 855 3693 πρωίας
885 3625 1238 3682 ἀπέκτεινον
1265 3628 1496 3695 πάντας
1524 3630 1666 3696 τοὺς
1699 3631 1883 3700 ἀμαρ-

310 3713 539 3781 τωλοὺς
561 3713 676 3784 τῆς
701 3716 832 3786 γῆς.
876 3717 1256 3791 ’Δμαρτωλούς
1284 3738 1415 3791 φησι
1461 3723 1587 3785 τοὺς
1615 3725 1882 3794 πονηροὺς

311 3800 621 3875 λογισμούς,
650 3805 744 3871 οὓς
766 3811 881 3872 ταῖς
904 3809 1152 3875 έωθιναῖς
1179 3816 1506 3883 προσευχαῖς
1527 3815 1619 3866 καὶ
1650 3817 1714 3885 τῇ
1747 3814 1884 3884 πρὸς

311 3896 441 3951 Θεὸν
470 3898 767 3971 προσεδρίᾳ
790 3901 1032 3967 ἐκόλαζε.
1071 3904 1179 3958 Τοῦ
1219 3904 1645 3972 έξολοθρεῦσαι
1689 3906 1758 3959 ἐκ
1781 3907 1885 3959 πό·-

313 3994 463 4057 λεως
518 3994 743 4061 Κυρίου
797 3994 1028 4063 πάντας
1089 3996 1230 4061 τοὺς
1286 3996 1709 4067 ἐργαζομένους
1770 3996 1888 4065 τὴν

316 4082 589 4151 ἀνομίαν.
627 4084 786 4139 Πόλιν
818 4088 1025 4158 Κυρίου
1050 4089 1147 4159 τὴν
1171 4089 1334 4157 ἁγίαν
1364 4090 1499 4160 φησὶ
1520 4089 1714 4161 ψυχὴν,
1744 4090 1886 4144 κατὰ

314 4172 374 4225 τὸ
403 4174 716 4245 εἰρημένον·
749 4177 1167 4249 Δεδοξασμένα
1201 4181 1468 4249 ἐλαλήθη
1490 4181 1623 4249 περὶ
1656 4180 1792 4246 σοῦ,
1846 4181 1887 4249 η

317 4266 492 4332 πόλις
520 4266 626 4320 τοῦ
654 4267 821 4323 Θεοῦ.

319 4360 634 4429 Προσευχὴ
658 4359 740 4426 τῷ
770 4360 1000 4431 πτωχῷ,
1042 4358 1187 4443 ὅταν
1230 4361 1552 4432 ἀκηδιάσῃ,
1591 4364 1691 4417 καὶ
1718 4364 1893 4421 ἐναν-

420 4452 553 4505 τίον
576 4453 797 4522 Κυρίου
822 4452 1006 4523 ἐκχέῃ
1038 4453 1153 4522 τὴν
1181 4452 1395 4521 δέησιν
1420 4453 1626 4510 αὑτοῦ.
1650 4459 1783 4511 PA'.

945 4545 959 4565 '
970 4547 1277 4611 Υπόθεσις.

1975 2060 2168 2115 stentis
2212 2069 2592 2131 argumentum
2623 2068 2738 2124 est,
2770 2070 3014 2116 terrenas
3040 2076 3131 2116 res
3160 2060 3296 2116 nihil
3324 2073 3539 2125 curare,

1975 2152 2046 2206 ob
2074 2152 2314 2207 studium
2341 2153 2666 2207 caelestium.

2050 2350 2105 2405 5.
2149 2349 2521 2403 Detrahentem
2544 2351 3011 2419 secretoproximo
3043 2366 3168 2415 suo,
3210 2349 3346 2403 hunc
3371 2364 3546 2418 perse-

1976 2439 2193 2513 quebar.
2246 2441 2639 2495 Accusationes
2684 2444 2896 2495 occulte
2942 2440 3114 2495 factas
3138 2455 3247 2494 non
3290 2439 3545 2494 admitto—

1979 2535 2126 2597 bam,
2164 2533 2276 2586 imo
2300 2547 2430 2586 vero
2459 2547 2554 2586 eos
2584 2532 2676 2602 qui
2703 2532 2829 2587 huic
2864 2532 2941 2586 rei
2970 2532 3174 2586 dabant
3196 2544 3415 2601 operam
3444 2546 3544 2586 ex-

1980 2625 2264 2695 pellebam.
2292 2622 2524 2692 Superbo
2548 2623 2699 2677 oculo
2714 2636 2759 2676 et
2782 2622 3075 2677 insatiabili
3101 2622 3277 2687 corde,
3306 2638 3424 2675 cum
3448 2621 3545 2676 hoc

1983 2734 2087 2772 non
2112 2720 2349 2772 edebam.
2386 2715 2747 2787 Nequaquam
2779 2730 2876 2772 eos
2898 2716 2991 2786 qui
3018 2715 3324 2786 arrogantia
3365 2724 3420 2769 et
3453 2728 3548 2799 su:-

1982 2809 2169 2881 perbia
2194 2808 2498 2875 tumebant,
2524 2806 2782 2863 convivas
2809 2807 3180 2863 admittebam.

2053 3001 2108 3058 6.
2145 3000 2299 3056 Oculi
2337 2999 2441 3053 mei
2477 2997 2546 3052 ad
2577 2998 2757 3068 ﬁdeles
2783 3007 2938 3052 teme
2984 3006 3039 3050 ut
3081 2996 3295 3051 sedeant
3324 3012 3546 3052 mecum.

1983 3092 2290 3149 Consessus
2323 3100 2485 3160 atque
2531 3089 2748 3145 consilii
2796 3103 3013 3163 mecum
3065 3087 3354 3157 participes
3395 3096 3554 3143 erant

1985 3184 2080 3255 qui
2112 3184 2218 3239 ﬁde
2248 3191 2405 3238 erant
2453 3183 2668 3247 ornati,
2717 3190 2772 3237 et
2818 3181 2999 3237 divina
3038 3181 3218 3251 magni
3252 3179 3549 3237 faciebant.

1979 3275 2089 3332 Eos
2125 3284 2308 3329 autem
2336 3274 2429 3343 qui
2453 3289 2563 3328 non
2603 3273 2680 3327 ita
2710 3272 2884 3327 affecti
2908 3279 3099 3338 erant,
3146 3272 3241 3326 sed
3278 3272 3554 3327 contraria

1980 3368 2277 3423 sentientes
2302 3365 2568 3436 superbiae
2589 3405 2606 3433 ,
2636 3353 2919 3431 iniustitiae
2959 3372 3013 3417 et
3040 3362 3409 3417 humiliationi
3458 3363 3557 3417 da-

1981 3459 2114 3513 bant
2139 3471 2380 3529 operam,
2408 3456 2567 3526 longe
2589 3470 2621 3510 a
2646 3470 2735 3510 me
2755 3455 3061 3525 exigebam,
3087 3453 3162 3508 ita
3191 3463 3254 3509 ut
3289 3468 3359 3509 ne
3382 3453 3557 3523 respi-

1979 3565 2158 3606 cerem
2188 3548 2409 3620 quidem
2452 3548 2598 3603 illos.

2008 3703 2014 3709 ,
2052 3641 2106 3696 8.
2142 3639 2211 3694 1n
2242 3639 2500 3693 matutino
2520 3639 2898 3708 interﬁciebam
2927 3653 3103 3691 omnes
3129 3647 3425 3707 peccatores
3454 3647 3558 3691 ter-

1983 3750 2078 3788 rce.
2132 3732 2452 3787 Peccatores
2481 3741 2641 3785 vocat
2665 3731 2836 3784 malas
2861 3730 3238 3799 cogitationes,
3269 3743 3407 3798 quas
3431 3743 3558 3783 cum

1984 3823 2270 3878 matutinis
2296 3822 2666 3885 orationibus,
2697 3835 2814 3874 tum
2842 3822 2896 3874 in
2926 3820 3022 3875 Dei
3054 3821 3346 3891 praesentia
3374 3820 3560 3875 consi-

1986 3914 2179 3970 stendo
2203 3914 2522 3983 castigabat.
2552 3911 2615 3967 Ut
2638 3912 2992 3982 disperderem
3021 3914 3085 3965 de
3113 3913 3320 3965 ciuitate
3342 3910 3559 3964 Domini

1987 4023 2161 4062 omnes
2189 4015 2459 4074 operante:
2479 4005 2833 4075 iniquitatem.
2859 4003 3147 4059 Civitatem
3177 4003 3395 4058 Domini
3428 4017 3559 4057 san-

1987 4108 2129 4154 ctam
2154 4097 2285 4152 dicit
2330 4096 2600 4162 animam,
2625 4096 2780 4164 juxta
2807 4096 3013 4149 dictum
3042 4094 3175 4149 illud
3196 4095 3243 4129 "
3272 4110 3285 4145 :
3316 4091 3560 4148 Gloriosa

1989 4191 2134 4244 dicta
2164 4198 2284 4242 sunt
2313 4187 2378 4241 de
2401 4198 2470 4252 te,
2499 4186 2682 4239 civitas
2716 4184 2836 4238 Dei.

1994 4369 2049 4422 i.
2102 4363 2286 4421 Oratio
2326 4364 2570 4432 pauperis
2601 4378 2720 4415 cum
2767 4363 2957 4415 anxius
2998 4359 3196 4429 fuerit,
3247 4365 3298 4411 et
3345 4357 3402 4411 in
3433 4372 3560 4410 con-

1926 4494 1970 4549 D
2067 4465 2243 4529 specta
2271 4454 2488 4509 Domini
2509 4453 2753 4523 eﬁ'uderit
2780 4468 2983 4523 precem
3009 4467 3182 4506 suam.
3217 4449 3313 4505 Cl.

2581 4546 2982 4616 Argumentum.

300 4616 389 4688 πο
414 4636 558 4691 κατὰ
581 4634 715 4689 Θεὸν
743 4638 976 4708 πτωχὸς,
998 4637 1275 4690 τουτέστιν
1299 4640 1328 4690 ὁ
1350 4638 1460 4691 τῶν
1487 4637 1778 4709 προφητῶν
1807 4656 1880 4709 χο-

2002 4641 2105 4708 Qui
2135 4656 2338 4713 pauper
2368 4638 2665 4696 secundum
2697 4636 2870 4692 Deum
2900 4645 3019 4703 est,
3073 4635 3128 4691 id
3154 4643 3239 4690 est
3276 4633 3567 4704 prOpheta-

392 4726 506 4798 ρδς,
536 4727 564 4779 ὁ
611 4725 787 4793 λύπης
819 4723 1248 4796 πεπληρωμένος
1295 4726 1387 4779 ἐπὶ
1421 4729 1486 4796 τῇ
1533 4725 1627 4779 τοῦ
1679 4725 1894 4797 πρώτου

387 4814 520 4869 λαοῦ
554 4819 929 4888 καταστροφῇ,
992 4816 1352 4887 προσέρχεται
1404 4815 1484 4886 τῷ
1535 4815 1726 4888 Κυρίῳ
1754 4816 1894 4887 ὑπὲρ

390 4907 580 4974 αὐτοῦ,
608 4906 705 4962 τοῦ
726 4906 856 4961 λαοῦ
877 4907 1136 4978 δηλονότι,
1160 4906 1497 4977 ἀναπέμπων
1521 4906 1732 4978 δεήσεις
1757 4905 1896 4977 μετὰ

390 5002 647 5074 νηστείας
673 5002 769 5055 καὶ
804 4999 1074 5073 δακρύων,
1103 5001 1251 5063 ὅπως
1282 4999 1348 5054 ἂν
1382 4999 1479 5053 καὶ
1504 4998 1667 5061 αὐτὸς
1693 5000 1892 5051 οἰκτει-

394 5093 532 5165 ρηθῇ
558 5094 587 5146 ὀ
608 5091 758 5156 λαός.
784 5092 1060 5164 Κηρύττει
1084 5092 1142 5146 δὲ
1170 5093 1266 5147 καὶ
1293 5092 1394 5163 τὴν
1424 5090 1532 5144 τῶν
1566 5090 1736 5144 ἐθνῶν
1761 5089 1894 5161 κλῆ-

396 5199 502 5247 σιν,
533 5182 633 5255 τὴν
653 5184 954 5254 γενομένην
986 5185 1045 5236 ὲν
1069 5186 1134 5255 τῇ
1187 5181 1479 5254 ἐπιφανείᾳ
1522 5180 1617 5236 τοῦ
1646 5180 1894 5252 Σωτῆρος

394 5272 551 5345 ἡμῶν
588 5272 764 5344 Ἰησοῦ
795 5271 1054 5345 Χριστοῦ.

395 5364 593 5432 Κύριε,
640 5363 1011 5417 εἰσάκουσον
1060 5361 1171 5431 τῆς
1227 5358 1575 5432 προσευχῆς
1625 5378 1765 5431 μου.
1819 5360 1900 5414 Τὰ

324 5455 613 5526 συμϐάντα
678 5454 759 5525 τῷ
819 5454 935 5524 λαῷ
990 5455 1399 5516 ,οἰκειοποιεῐται
1466 5454 1495 5505 6
1565 5453 1902 5524 προφητικὸς

322 5548 503 5620 χορός.

407 5729 448 5760 ⁸³
476 5732 624 5789 Psal.
663 5743 864 5784 sum
884 5766 901 5791 ,
928 5725 981 5778 3.

655 5826 929 5888 PATIOL.
960 5819 1077 5879 Gn.
1104 5816 1364 5879 XXVII.

2071 4750 2194 4789 rum
2223 4733 2445 4798 chorus,
2475 4732 2713 4802 repletus
2734 4730 2922 4785 dolore
2940 4729 3011 4785 ob
3037 4729 3239 4799 prioris
3268 4727 3453 4797 populi
3478 4740 3568 4780 ex-

2073 4824 2276 4879 cidium
2302 4864 2318 4888 ,
2352 4823 2419 4877 ad
2446 4821 2738 4876 Dominum
2786 4820 3033 4885 accedit,
3071 4834 3172 4890 pro
3220 4819 3338 4888 ipso
3368 4817 3568 4887 populo

2073 4930 2259 4986 preces
2290 4913 2572 4969 eﬂ‘undens
2598 4928 2722 4967 cum
2744 4913 2957 4983 jejunio
2981 4920 3036 4967 et
3058 4911 3335 4982 lacrymis,
3368 4918 3425 4962 ut
3451 4907 3568 4975 ipse

2069 5004 2304 5075 populus
2332 5002 2753 5058 misericorditer
2789 5001 3115 5072 excipiatur.
3142 4998 3409 5055 Prasdicat
3435 4995 3566 5047 item

2072 5096 2163 5150 hic
2213 5093 2458 5164 psalmus
2506 5093 2847 5148 vocationem
2895 5091 3173 5162 gentium,
3232 5090 3286 5142 in
3332 5085 3567 5140 adventu

2074 5183 2373 5239 Salvatoris
2397 5183 2567 5239 nostri
2599 5180 2727 5237 Jesu
2768 5179 2973 5237 Christi
3002 5181 3241 5236 futuram

2073 5359 2127 5414 2.
2162 5357 2417 5424 Domine,
2443 5358 2639 5412 exaudi
2666 5358 2959 5412 orationem
2988 5368 3178 5409 meam.
3217 5352 3349 5418 Qua
3369 5350 3566 5420 populo

2007 5451 2349 5522 contigerunt
2398 5450 2502 5506 sibi
2554 5451 2710 5519 quasi
2768 5447 2985 5519 propria
3044 5443 3272 5499 ascribit
3334 5442 3563 5514 pronheu

2006 5543 2147 5598 ticus
2177 5542 2394 5596 chorus.

3288 5796 3363 5858 14
