3946 6222
433 340 538 399 ιει

1284 342 1342 396 8.
1383 341 1753 399 ATHANASII
1791 340 1941 397 OPP.
1976 342 2154 398 PARS
2190 341 2279 399 lll.
2313 371 2383 385 —-—
2410 338 2818 400 EXEGETICA.

3556 349 3661 405 £28

498 462 552 513 4.
572 459 720 528 ,ριιίιι
748 458 1041 527 defecerunt
1075 459 1210 512 sicut
1248 458 1423 527 fumus
1454 461 1562 513 dies
1609 461 1742 525 mei,
1792 469 1839 513 et
1867 476 1986 515 ossa

2159 460 2287 513 Ὅτι
2307 459 2588 524 ἐξέλιπον
2631 460 2773 514 ὡσεὶ
2803 458 3031 526 καπνὸς
3063 461 3122 512 αὶ
3154 459 3360 528 ἡμέραι
3379 478 3520 529 μου,
3558 465 3658 518 καὶ

429 568 545 606 mea
571 552 704 605 sicut
757 551 1005 604 cremium
1046 560 1320 604 aruerunt.
1394 549 1599 605 Horum
1656 551 1770 620 jam
1818 554 1991 607 multo

2094 551 2166 604 τὰ
2198 549 2348 606 ὀστᾶ
2372 570 2490 621 μου
2514 551 2656 605 ὡσεὶ
2688 552 2938 622 φρύγιον
2967 554 3454 621 συνεφρύγησαν.
3477 554 3661 609 Ταῦτα

429 655 551 698 ante
576 644 950 711 interpretatio
980 641 1108 696 data
1142 651 1328 705 est,~at
1352 657 1570 696 rursum
1593 642 1822 697 dicetur.
1853 642 1989 699 Tota

428 734 597 789 virtus
629 749 815 789 eorum
841 749 945 803 .per
982 749 1145 803 quam
1189 735 1519 789 consistebat
1548 736 1730 789 cultus
1778 735 1987 805 legalis,

427 826 597 880 fracta
626 834 708 880 est
735 832 788 877 et
822 823 999 892 periit.
1035 822 1201 875 Erant
1230 833 1410 877 autem
1462 823 1559 877 illa
1602 824 1985 890 sacerdotium,

429 919 721 988 templum.
772 914 1039 970 sacrificia
1085 928 1497 982 armentorum,
1547 916 1775 972 libertas
1805 918 1987 987 populi

425 1010 540 1066 suis
567 1009 777 1079 legibus
810 1006 1045 1063 vivendi.

493 1187 544 1239 7.
568 1183 774 1238 'Factus
802 1199 918 1236 sum
953 1183 1088 1237 sicut
1139 1184 1443 1251 nycticoraa:
1465 1182 1523 1234 in
1557 1182 1846 1238 domicilio.
1870 1180 1985 1238 Hoc

419 1279 550 1334 dicit
602 1278 672 1332 ob
726 1277 977 1332 tenebras
1040 1291 1161 1346 quas
1221 1277 1480 1346 populum
1542 1276 1982 1346 interceperunt;

419 1368 700 1440 ignorabat
730 1368 874 1422 enim
905 1367 1094 1422 Deum.
1149 1365 1290 1433 Quid
1338 1377 1517 1422 autem
1560 1369 1840 1438 proprium
1884 1386 1982 1440 ny-

419 1460 694 1525 cticoraci,
732 1460 836 1514 nisi
870 1468 932 1513 ut
961 1459 1158 1514 clamet
1189 1468 1366 1522 nocte,
1396 1461 1750 1529 quamobrem
1788 1460 1981 1530 hujus-

410 1554 563 1609 modi
592 1553 912 1608 vocabulum
944 1552 1169 1607 sortitus
1193 1552 1308 1606 est?
1326 1552 1593 1618 Quoniam
1622 1553 1786 1623 igitur
1812 1561 1978 1607 totam

408 1655 628 1701 noctem
665 1644 936 1714 precando
969 1645 1321 1716 transigebat,
1346 1659 1467 1701 sese
1498 1644 1627 1715 jure
1651 1644 1979 1715 nycticoraci

405 1735 646 1791 'conl‘ert.

482 1828 535 1883 8.
599 1828 824 1900 Vigilavi
864 1836 914 1883 et
946 1828 1121 1899 factus
1149 1843 1266 1882 sum
1306 1828 1444 1881 sicut
1487 1843 1670 1896 passer
1705 1825 1980 1881 solitarius
2011 1804 2055 1861 Β

414 1921 469 1973 in
502 1927 655 1975 tecto.
710 1920 841 1989 Ego,
892 1920 1089 1989 inquit,
1124 1920 1217 1988 qui
1264 1927 1505 1988 tempore
1536 1918 1743 1988 peccati
1786 1924 1981 1987 captus

412 2026 522 2064 non
561 2009 637 2064 l'ui
658 2051 673 2077 ,
696 2024 870 2079 usque
902 2010 1037 2063 adeo
1066 2009 1354 2063 derelictus
1386 2024 1529 2074 sum,
1567 2018 1629 2062 ut
1650 2008 1855 2076 passeri
1887 2006 1981 2061 uni

409 2100 605 2156 similis
626 2101 749 2156 sim.
774 2100 960 2155 Tantas
981 2110 1109 2155 sunt
1138 2101 1283 2155 enim
1308 2101 1576 2171 myriades
1606 2110 1977 2169 peccatorum,

416 2202 472 2246 ut
499 2193 709 2248 etiamsi
749 2193 967 2263 plurimi
997 2192 1226 2247 salutem
1263 2198 1691 2261 consequantur,
1728 2206 1871 2246 unus
1899 2199 1981 2245 ta-

413 2298 556 2348 men,
586 2288 665 2336 tot
695 2280 1028 2352 myriadibus
1052 2279 1375 2348 comparati,
1401 2279 1710 2332 vidcantur.

481 2374 536 2430 9.
598 2372 730 2427 Tota
774 2372 861 2426 die
890 2372 1281 2442 exprobrabant
1313 2370 1443 2424 mihi
1478 2369 1686 2422 inimici
1717 2367 1837 2421 mei.
1880 2364 1978 2421 Ri-

409 2466 622 2522 diculus
651 2465 727 2520 fui
754 2465 988 2520 inimicis
1016 2465 1151 2519 meis
1183 2484 1195 2518 :
1237 2472 1290 2519 et
1318 2462 1410 2532 qui
1444 2463 1573 2516 olim
1599 2461 1733 2515 mihi
1765 2459 1977 2514 invide-

410 2558 559 2623 bant,
607 2559 866 2612 adversus
917 2571 1066 2612 meas
1094 2555 1432 2611 calamitates
1470 2554 1678 2624 jurant,
1724 2560 1979 2622 rogantes

408 2666 477 2704 ne
500 2650 603 2705 sibi
650 2650 802 2719 paria
838 2649 1176 2718 contingant.
1213 2647 1348 2701 Illud
1380 2654 1583 2713 autem,
1624 2661 1745 2699 cum
1784 2645 1975 2711 cinere,

407 2741 690 2796 consimile
719 2750 803 2794 est
846 2738 1247 2809 septuagesimo
1290 2753 1435 2792 nono
1463 2737 1672 2806 psalmo
1701 2754 1714 2791 :
1761 2734 1976 2790 Cibabis

408 2851 501 2887 nos
555 2849 689 2903 pane
721 2832 1080 2902 lacrumarum
1135 2830 1201 2884 ⁸³.
1257 2828 1413 2895 Quod
1475 2830 1521 2884 si
1564 2828 1670 2883 cibi
1727 2827 1975 2883 sumendi

409 2939 622 2996 tempus
679 2925 866 2979 dolore
915 2923 1137 2992 plenum
1189 2920 1314 2986 fuit,
1363 2920 1452 2973 vix
1495 2919 1642 2974 aliud
1684 2919 1973 2988 quodpiam

408 3027 619 3086 tempus
667 3015 825 3070 malis
870 3028 1104 3068 vacuum
1137 3011 1262 3066 erit.
1299 3009 1370 3063 Et
1416 3011 1508 3079 qui
1548 3008 1841 3063 laudabant
1893 3025 1973 3063 me

404 3110 683 3163 aduersum
707 3122 787 3160 me
810 3105 1086 3175 jurabant.
1134 3102 1199 3157 Et
1228 3101 1414 3167 amici,
1460 3102 1656 3171 inquit,
1703 3101 1798 3171 qui
1842 3099 1974 3153 olim

404 3200 697 3255 laudabant
728 3214 833 3264 me,
888 3212 1039 3252 meas
1090 3196 1431 3251 calamitates
1487 3194 1540 3248 in
1588 3192 1972 3263 jusjurandum

405 3291 736 3344 adhibebant
777 3289 1060 3345 dicentes:
1096 3286 1255 3342 Absit
1302 3296 1360 3341 ut
1398 3287 1525 3342 talia
1575 3287 1751 3357 patiar
1792 3284 1974 3355 qualia

404 3381 574 3436 Israel
613 3382 627 3434 !

474 3470 557 3525 Ιθ.
622 3469 763 3535 Quia
788 3472 1013 3525 cinerem
1048 3481 1301 3540 tanquam
1340 3487 1529 3541 panem
1560 3467 1968 3525 manducabam.

403 3559 513 3614 Aut
540 3561 876 3616 calamitates
910 3561 1238 3631 captivitatis
1287 3561 1576 3632 signiﬁcat,
1602 3571 1696 3614 aut
1726 3559 1973 3614 alﬂictio-

402 3668 526 3708 nem
558 3668 667 3723 qua
696 3668 754 3709 se
778 3653 1144 3722 macerabant,
1188 3663 1249 3709 ut
1272 3657 1506 3725 populus
1535 3653 1969 3710 misericordiam

401 3755 849 3817 consequeretur.

474 3838 562 3892 ll.
621 3837 762 3903 Quia
792 3837 997 3893 elevans
1037 3837 1260 3892 allisisti
1287 3853 1389 3892 me.
1433 3835 1596 3891 Solus
1627 3832 1790 3890 israel
1820 3833 1967 3889 enim

398 3946 465 3985 ex
494 3922 749 3986 omnibus
788 3930 1040 4000 gentibus
1069 3929 1318 3985 excelsus
1351 3935 1488 3996 erat,
1530 3926 1731 3997 quippe
1758 3926 1850 3996 qui
1877 3940 1969 3980 so-

399 4022 486 4079 lus
518 4024 769 4079 notitiam
797 4025 910 4078 veri
938 4022 1031 4077 Dei
1064 4022 1307 4077 haberet.

469 4113 558 4167 12.
615 4113 740 4166 Dies
793 4114 897 4169 mei
957 4113 1093 4166 sicut
1128 4112 1316 4166 umbra
1378 4111 1789 4165 declinaverunt.
1837 4107 1965 4165 Dies

398 4216 529 4257 suos
557 4201 634 4255 ait
663 4210 969 4256 transactos
994 4203 1048 4255 in
1074 4202 1233 4273 legali
1259 4201 1430 4267 cultu,
1454 4203 1549 4272 qui
1585 4212 1810 4257 vocatur
1841 4217 1965 4256 um-

398 4292 497 4346 bra
531 4290 836 4347 futurorum
868 4293 1160 4348 bonorum.
1207 4293 1279 4347 Et
1313 4310 1404 4364 ego
1440 4295 1576 4348 sicut
1600 4295 1778 4363 fenum
1818 4294 1960 4346 arui.

397 4380 557 4446 illud,
587 4398 702 4453 ego,
727 4383 963 4452 positum
1003 4392 1089 4437 est
1129 4399 1249 4453 pro,
1276 4385 1521 4454 populus,
1554 4400 1704 4450 nam,
1737 4392 1797 4439 ut
1825 4384 1959 4448 dixi,

2097 638 2195 709 μὲν
2234 639 2577 711 ὑπεράνωθεν
2630 641 2727 711 τὴν
2778 641 3070 712 ἑρμηνείαν
3123 640 3330 705 ἔλαϐον,
3363 641 3661 713 ῥηθήσεται

2089 731 2146 785 δὲ
2180 733 2273 785 καὶ
2300 729 2478 797 αὖθις.
2501 735 2659 788 Πᾶσα
2692 733 2802 804 γὰρ
2851 734 3079 804 δύναμις
3111 733 3310 796 αὐτῶν,
3341 734 3409 788 δι’
3445 730 3512 806 ἧς
3538 751 3661 789 συν-

2091 828 2334 896 ειστήκει
2373 826 2438 879 τὰ
2492 825 2592 895 τῆς
2619 826 2759 880 κατά
2777 826 2937 896 νόμον
2965 825 3240 895 λατρείας,
3275 825 3537 897 διεφθάρη
3564 827 3659 881 καὶ

2089 916 2382 969 ἀπόλωλεν.
2414 912 2522 969 Ἦν
2565 916 2621 969 δὲ
2650 916 2821 969 ταῦτα
2874 917 2906 986 ἡ
2970 914 3366 987 ἀρχιερωσύνη,
3420 917 3448 967 ὁ
3507 915 3654 981 ναὸς,

2087 1007 2145 1058 αἱ
2192 1006 2278 1058 διά
2325 1006 2432 1060 τῶν
2490 1005 2820 1077 θρεμμάτων
2873 1005 3076 1071 θυσίαι,
3128 1007 3160 1075 ή
3208 1002 3499 1074 αὑτονομία
3559 1002 3655 1056 τοῦ

2085 1098 2290 1163 ἔθνους.

2168 1192 2485 1261 Ἐγενήθην
2511 1191 2652 1244 ὡσεὶ
2686 1188 3043 1258 νυκτικόραξ
3066 1190 3137 1242 ὲν
3156 1186 3459 1254 οὶκοπέδῳ.
3488 1185 3656 1240 Τοῦτό

2086 1301 2217 1355 φησι
2255 1284 2341 1337 διὰ
2365 1283 2454 1336 τὸν
2482 1283 2844 1354 κατειληφότα
2877 1283 3063 1335 σκότον
3095 1281 3184 1334 τὸν
3215 1281 3361 1334 λαόψ
3385 1279 3655 1349 ἀγνωσίαν

2083 1375 2191 1445 γὰρ
2218 1373 2342 1444 ἔσχε
2366 1373 2523 1428 Θεοῦ.
2570 1375 2635 1426 Τί
2662 1374 2716 1426 δὲ
2751 1372 2845 1426 τοῦ
2890 1371 3280 1443 νυκτικόρακος
3332 1369 3446 1423 ἀλλ’
3482 1370 3514 1440 ἢ
3558 1367 3650 1422 τοῦ

2087 1466 2214 1538 eos»;
2240 1465 2380 1520 κατά
2399 1466 2498 1530 τὰς
2529 1466 2731 1529 νύκτας
2771 1465 2919 1528 ἴδιον,
2950 1464 3070 1518 ὅθεν
3099 1462 3302 1533 ταύτην
3345 1460 3443 1532 τὴν
3484 1476 3652 1531 προσ-

2083 1558 2308 1630 ηγορίαν
2351 1557 2577 1628 ἕλαχεν;
2647 1557 2864 1627 Ἐπειδὴ
2908 1556 3087 1609 τοίνυν
3143 1553 3430 1623 παννύχιον
3483 1551 3652 1605 ἐποίει

2083 1648 2537 1720 προσευχόμενος,
2596 1649 2908 1716 ἀναγκαίως
2968 1646 3158 1701 ἑαυτὸν
3191 1642 3527 1716 παραϐάλλει
3574 1641 3655 1712 τῷ

2079 1738 2458 1810 νυκτικόρακι.

2164 1830 2552 1900 Ἠπρύπνησα
2581 1831 2680 1885 καὶ
2707 1831 2997 1901 ἐγενόμην
3042 1829 3122 1895 ὡς
3186 1828 3503 1896 στρουθίον
3541 1843 3648 1897 μο-

2080 1922 2257 1984 νάζον
2282 1924 2380 1978 ἐπὶ
2431 1923 2669 1993 δώματι.
2734 1921 2893 1991 Ἐγὼ,
2936 1923 3119 1993 φησὶν,
3177 1924 3205 1975 ὁ
3263 1921 3441 1993 μὴτῷ
3478 1918 3650 1992 καιρῷ

2078 2017 2178 2087 τῆς
2205 2016 2476 2086 ἁμαρτίας
2503 2015 2956 2087 κατειλημμένος,
2987 2014 3238 2068 τοσοῦτον
3268 2012 3646 2084 κατελείφθην,

2079 2108 2153 2171 ὡς
2208 2109 2302 2161 καὶ
2351 2108 2431 2161 ἐνὶ
2483 2107 2716 2160 ἐοικέναι
2771 2106 3054 2177 στρουθίῳ·
3085 2106 3193 2159 ἀπὸ
3237 2104 3344 2177 γὰρ
3374 2105 3647 2176 μυριάδων

2076 2196 2365 2262 τοσούτων,
2392 2199 2440 2249 εἰ
2468 2197 2560 2250 καὶ
2584 2196 2801 2259 πλείους
2831 2192 2970 2267 ἦσαν
3022 2198 3071 2249 οί
3122 2195 3436 2266 σωζόμενοι,
3476 2196 3557 2248 ἑνὶ
3582 2195 3649 2248 ἂν

2078 2287 2444 2358 παρεϐάλοντο
2472 2289 2546 2351 ὼς
2582 2287 2715 2358 πρὸς
2742 2287 2838 2349 τὰς
2869 2286 3155 2359 μυριάδας.

2149 2379 2343 2445 Ὅλην
2366 2376 2480 2445 τὴν
2504 2377 2732 2445 ἡμέραν
2768 2376 3064 2437 ὠνείδιζόν
3088 2394 3164 2447 με
3192 2379 3246 2431 οἱ
3274 2378 3477 2447 ἐχθροί
3505 2395 3642 2447 μου.

2077 2469 2490 2539 Καταγέλαστος
2524 2470 2791 2540 ἐγενόμην
2828 2472 2944 2531 τοῖς
2991 2470 3330 2540 δυσμενέσιν·
3390 2472 3439 2524 οἱ
3463 2471 3521 2524 δὲ
3543 2471 3647 2525 πά-

2074 2561 2164 2614 λαι
2205 2578 2271 2631 με
2317 2559 2603 2632 ζηλοῦντες
2655 2561 2796 2615 κατά
2824 2561 2934 2614 τῶν
2967 2560 3114 2632 ἐμῶν
3145 2561 3401 2632 ὀμνύουσι
3437 2579 3645 2632 συμφο-

2079 2653 2207 2724 ρῶν,
2230 2652 2509 2723 εὐχόμενοι
2537 2654 2612 2725 μὴ
2644 2652 2735 2708 ἴσα
2761 2653 2969 2707 παθεῖν.
2993 2655 3066 2707 Τὸ
3096 2654 3172 2720 δὲ,
3206 2671 3354 2723 μετα
3387 2653 3642 2718 σποδοῦ,

2074 2746 2206 2799 αὐτὸ
2233 2745 2609 2817 παραπλήσιον
2668 2745 2746 2816 τῷ
2783 2746 3166 2818 ἑϐδομηκοστῷ
3198 2747 3396 2816 ἐννάτῳ
3423 2746 3640 2817 ψαλμῷο

2080 2835 2328 2904 Ψωμιεῒς
2366 2834 2522 2905 ἡμᾶς
2554 2835 2708 2905 ἄρτῳ
2725 2836 3016 2905 δακρύων.
3060 2838 3123 2890 Ei
3154 2836 3210 2889 δὲ
3240 2838 3268 2888 ό
3310 2838 3406 2905 τῆς
3439 2836 3646 2907 τροφῆς

2074 2927 2263 2998 καιρὸς
2319 2927 2511 2997 ὀδύνης
2566 2928 2777 3000 ὑπῆρχε
2813 2929 3027 2999 μεστὸς,
3078 2929 3238 3001 σχολῇ
3293 2932 3344 2997 γ’
3377 2928 3441 2983 ἂν
3490 2929 3645 2991 ἄλλος

2072 3020 2386 3090 ἀπήλλακτο
2437 3020 2664 3086 πάθους.
2715 3022 2826 3076 Καὶ
2871 3025 2925 3075 οἱ
2973 3023 3361 3089 ἐπαινοῦντές
3394 3039 3471 3092 με
3516 3023 3643 3076 κατ’

2075 3108 2217 3179 ἐμοῦ
2242 3110 2495 3180 ὤμνυον.
2531 3112 2636 3166 Καὶ
2662 3113 2712 3164 οἱ
2743 3112 2905 3182 φίλοι,
2944 3114 3126 3183 φησὶν,
3151 3114 3199 3166 οἱ
3247 3114 3411 3167 πάλαι
3434 3112 3644 3184 θαυμά-

2077 3200 2260 3265 ζοντές
2296 3220 2386 3273 με,
2415 3204 2576 3274 ὅρκον
2631 3204 2909 3257 ἐποιοῦντο
2932 3205 3028 3267 τὰς
3064 3204 3202 3275 ἐμὰς
3233 3204 3535 3275 συμφοράς,
3559 3203 3644 3256 λέ-

2073 3309 2278 3362 γοντες·
2310 3294 2402 3365 Μὴ
2439 3295 2507 3350 τὰ
2534 3294 2670 3348 αὐτά
2689 3293 2764 3364 τῷ
2803 3294 3017 3367 Ἰσραὴλ
3045 3293 3305 3364 πάθοιμιί

2142 3474 2261 3527 Ὅτι
2281 3473 2516 3527 σποδὸν
2538 3475 2679 3528 ὡσεὶ
2707 3473 2885 3542 ἄρτον
2911 3476 3154 3544 ἔφαγον.
3188 3474 3258 3526 Ἢ
3289 3472 3388 3534 τὰς
3433 3487 3640 3541 συμφο-

2076 3563 2175 3635 ρὰς
2199 3563 2300 3626 τὰς
2329 3566 2386 3617 ὲν
2413 3567 2478 3635 τῇ
2526 3565 2868 3636 αἰχμαλωσίᾳ
2902 3566 3173 3636 σημαίνει,
3206 3564 3239 3635 ἢ
3274 3563 3372 3634 τὴν
3400 3561 3644 3616 κακοπά⁸

2071 3655 2224 3711 θειαν
2268 3656 2336 3728 ἣν
2399 3658 2678 3712 ἐποιοῦντο
2732 3659 2872 3730 ὑπὲρ
2931 3658 3025 3711 τοῦ
3089 3656 3492 3728 οίκτειρηθῆναι
3551 3654 3644 3709 τὸν

2070 3750 2218 3802 λαόν.

2143 3841 2271 3894 Ὅτι
2300 3840 2524 3909 ἐπάρας
2552 3839 2916 3909 κατέρῤαξάς
2938 3858 3032 3909 με.
3061 3842 3236 3904 Μόνος
3264 3841 3372 3913 γὰρ
3393 3841 3452 3906 ἐξ
3479 3842 3644 3896 ἀπάν-

2068 3949 2174 3986 των
2201 3929 2309 3986 τῶν
2339 3931 2507 3985 ὲθνῶν
2541 3932 2742 4003 ὑψηλὸς
2783 3928 2851 4002 ἦν
2882 3933 2911 3984 ό
2964 3932 3090 3996 λαὸς
3134 3932 3366 4004 Ἰσραὴλ,
3414 3933 3508 3986 ἆτε
3548 3932 3645 3986 καὶ

2071 4025 2232 4094 μόνος
2257 4023 2460 4092 γνῶσιν
2487 4023 2625 4094 ἔχων
2648 4023 2742 4076 τοῦ
2771 4022 3023 4094 ἀληθινοῦ
3053 4023 3186 4077 Θεοῦ

2135 4118 2206 4169 Al
2238 4115 2448 4185 ἡμέραι
2470 4133 2588 4185 μου
2611 4117 2753 4171 ὡσεὶ
2802 4117 2944 4171 σκιὰ
2991 4117 3340 4185 ἐκλίθησαν.
3398 4117 3639 4188 Ἡμέρας

2066 4204 2231 4259 αὐτοῦ
2264 4207 2361 4277 τῆς
2398 4206 2632 4276 νομικῆς
2681 4206 2937 4277 λατρείας
2999 4203 3137 4261 εἷναί
3171 4225 3355 4279 φησιν,
3396 4209 3517 4278 ἥτις
3548 4208 3642 4261 καὶ

2067 4297 2193 4350 σκιά
2217 4298 2322 4351 τῶν
2351 4297 2648 4368 μελλόντων
2676 4298 2892 4367 ἀγαθῶν
2934 4298 3278 4369 ὀνομάζεται.
3305 4300 3474 4370 Κάγὼ
3497 4299 3642 4353 ὡσεὶ

2065 4391 2278 4458 χόρτος
2306 4389 2663 4460 ἐξηράνθην.
2696 4391 2787 4455 Τὸ,
2847 4390 2981 4460 ἐγὼ,
3024 4391 3144 4444 ἀντὶ
3197 4392 3314 4455 τοῦ,
3375 4394 3407 4444 ό
3467 4393 3640 4457 λαός.

399 4473 580 4527 omnia
627 4489 749 4543 qua:
795 4474 863 4528 ad
914 4476 1173 4545 populum
1229 4478 1500 4547 pertinent
1533 4477 1691 4547 quasi
1742 4476 1963 4547 propria

2087 4482 2481 4534 )ixetomteirat
2501 4481 2628 4553 γὰρ,
2658 4480 2733 4544 ὡς
2773 4480 2928 4552 ἔφην,
2962 4482 3137 4536 πάντα
3168 4482 3237 4536 τά
3261 4482 3352 4535 τοῦ
3381 4481 3531 4537 λαοῦ.

399 4564 503 4619 sibi
537 4565 806 4619 attribuit.

471 4654 559 4709 i5.
613 4654 877 4721 Quoniam
910 4657 1220 4726 placuerunt
1258 4661 1421 4714 servis
1453 4660 1557 4713 tuis
1590 4660 1792 4728 lapides
1829 4660 1967 4730 ejus,

396 4756 449 4801 et
492 4757 647 4802 terra
688 4749 802 4817 ejus
850 4750 1257 4808 miserebantur.
1291 4751 1522 4821 Lapides
1560 4761 1720 4808 vocat
1748 4767 1843 4808 eos
1873 4754 1968 4823 qui

397 4848 522 4908 post
565 4846 1020 4896 resurrectionem
1075 4842 1432 4900 crediderunt
1475 4845 1532 4899 in
1577 4845 1883 4913 Christum,
1916 4856 1970 4901 et

399 4928 528 4986 lacti
562 4939 690 4985 sunt
725 4930 931 5001 lapides
972 4934 1168 5000 sancti,
1225 4935 1528 4990 secundum
1568 4934 1850 4991 Zachariae
1872 4950 1970 4991 vo-

397 5036 516 5075 cem
547 5039 561 5077 Ξ
587 5036 774 5078 SCI‘VOS
800 5032 981 5079 autem
999 5032 1155 5079 νοοοι
1169 5034 1388 5080 sanctos
1413 5026 1708 5095 apostolos,
1733 5041 1967 5097 quorum

397 5127 560 5179 opera
590 5113 683 5183 qui
724 5115 1072 5170 crediderunt
1099 5117 1152 5170 in
1181 5115 1460 5172 Christum
1493 5118 1628 5173 salvi
1658 5117 1788 5175 facti
1818 5128 1964 5176 sunt.

400 5198 624 5255 Terram
668 5212 870 5266 autem,
902 5204 1150 5273 populos,
1202 5208 1296 5275 qui
1339 5207 1518 5263 adhuc
1551 5217 1766 5265 terreno
1817 5224 1969 5265 more

400 5291 610 5355 vivunt,
639 5304 692 5347 et
743 5295 921 5350 adhuc
964 5312 1070 5350 non
1124 5298 1374 5361 credunt,
1421 5314 1560 5369 quos
1610 5301 1966 5356 commisera-

404 5379 550 5436 tione
577 5382 773 5453 dignos
813 5387 909 5441 ait.
944 5384 1247 5442 Servantur
1275 5397 1455 5444 autem
1504 5391 1745 5461 reliquias
1776 5392 1843 5446 ad
1866 5408 1966 5447 no-

405 5474 689 5529 vissimum
715 5494 890 5548 usque
908 5479 1075 5547 diem;
1098 5480 1203 5549 ipsi
1229 5482 1374 5537 enim
1403 5497 1499 5553 per
1526 5482 1698 5539 Eliam
1730 5484 1966 5556 prophe-

396 5569 513 5616 tam
543 5566 775 5623 salutem
800 5584 1225 5643 consequentur.

467 5716 515 5748 ³³
554 5716 700 5774 Psal.
737 5738 929 5792 Lntx,
970 5728 1024 5785 6.

2143 4659 2270 4711 Ὀτι
2316 4658 2666 4726 ηὐδόκησαν
2719 4661 2775 4712 οι
2824 4657 3034 4713 δοῦλοι
3081 4674 3197 4713 σου
3218 4660 3376 4726 ’τοὺς
3429 4662 3639 4728 λίθους

2069 4750 2279 4820 αὐτῆς,
2306 4753 2404 4805 καὶ
2432 4751 2537 4805 τόν
2563 4751 2716 4821 χοῦν
2732 4750 2924 4819 αὐτῆς
2952 4752 3416 4821 οἱκτειρήσουσι.
3444 4753 3639 4818 Λίθους

2073 4843 2171 4913 μὲν
2211 4844 2337 4907 τοὺς
2392 4843 2786 4906 πιστεύσαντας
2817 4845 2897 4906 είς
2937 4845 3172 4914 Χριστὸν
3210 4846 3346 4915 μετὰ
3377 4848 3475 4915 τὴν
3506 4846 3639 4901 ἀνά-

2070 4936 2257 4990 στασίν
2282 4953 2434 5008 φησι,
2465 4936 2558 4990 καὶ
2580 4937 2901 5008 γενομένους
2925 4937 3106 5002 λίθους
3131 4939 3339 5007 ἁγίους,
3372 4940 3510 4993 κατὰ
3540 4938 3639 5011 τὴν

2069 5027 2339 5100 Ζαχαρίου
2369 5030 2572 5101 φωνήν·
2597 5028 2815 5094 δούλους
2839 5029 2895 5082 δὲ
2940 5031 3066 5094 τοὺς
3096 5031 3283 5099 ἁγίους
3309 5032 3640 5095 ἀποστόλους

2070 5122 2222 5192 φησὶ,
2252 5122 2318 5175 δι’
2346 5117 2421 5177 ὧν
2450 5122 2731 5195 ἐσώθησαν
2755 5126 2803 5177 οἱ
2824 5124 3211 5188 πιστεύσαντες
3255 5127 3335 5188 εἰς
3382 5126 3635 5197 Χριστόν.

2067 5213 2211 5265 Χοῦν
2236 5212 2293 5264 δὲ
2322 5214 2446 5277 τοὺς
2463 5213 2646 5278 λαοὺς,
2676 5215 2801 5279 τοὺς
2830 5215 2911 5269 ἔτι
2934 5215 3257 5287 χοῖκώτερον
3289 5216 3515 5281 ζῶντας,
3543 5216 3638 5269 καὶ

2067 5302 2147 5356 ἐτι
2180 5303 2274 5356 νῦν
2303 5304 2681 5368 ἀπιστοῦντας,
2713 5307 2806 5358 καὶ
2837 5307 3032 5370 αὐτοὺς
3059 5307 3114 5361 δὲ
3146 5309 3443 5379 οἰκτιρμῶν
3473 5326 3637 5379 φησιν

2068 5395 2250 5460 ἀξίους
2278 5392 2438 5450 εἶναι.
2471 5396 2726 5466 Τηρείται
2755 5398 2862 5470 γὰρ
2913 5402 2992 5462 είς
3020 5400 3118 5471 τὴν
3163 5400 3396 5471 ἐσχάτην
3424 5402 3637 5472 ἡμέραν

2065 5486 2127 5540 τὸ
2153 5487 2420 5556 λείψανονο
2455 5488 2789 5560 σωθήσονται
2835 5490 2943 5564 γὰρ
2975 5492 3070 5545 καὶ
3121 5492 3273 5545 αὐτοὶ
3330 5490 3418 5546 διὰ
3458 5493 3635 5546 Ἠλίου

2065 5577 2158 5630 τοῦ
2190 5581 2484 5651 προφήτου.
