3946 6222
288 387 390 447 ιὲθ

1415 390 1779 448 EXPOSITIO
1812 390 1879 446 IN
1917 391 2251 450 PSALMUM
2289 391 2376 448 Cl.

3426 374 3528 450 43’0

358 503 463 558 Kal
494 504 941 573 φοϐηθήσονται
978 505 1050 561 τὰ
1072 504 1216 573 ἔθνη
1256 462 1325 559 τὸ
1375 505 1561 575 ὄνομα
1609 507 1851 575 Κυρίου.

2032 506 2116 561 16.
2182 506 2249 560 Et
2306 507 2556 560 timebunt
2590 516 2762 576 gentes
2807 522 2994 562 nomen
3048 506 3280 561 Domini.
3330 509 3527 565 Merito

293 596 526 657 Εἰκότως
554 597 757 666 μεταξὺ
786 598 877 650 τοῦ
910 597 1193 666 εὐδοκῆσαι
1246 597 1371 660 τοὺς
1400 596 1579 660 λίθους
1604 596 1698 650 τοῦ
1727 614 1858 669 προ-

291 687 444 757 τέρου
474 686 606 740 λαοῦ
641 688 750 739 τῶν
775 687 941 741 ἐθνῶν
972 688 1324 742 ἐπισυνάπτει
1358 689 1456 759 τὴν
1499 687 1712 759 κλῆσιν.
1747 690 1858 743 Καὶ

296 776 510 844 πάντες
539 781 595 832 οἱ
634 779 916 847 βασιλεῖς
939 779 1046 848 τῆς
1098 780 1211 851 τῆς
1251 781 1365 849 τὴν
1396 780 1583 845 δόξαν
1614 798 1748 835 σου.
1797 783 1859 834 Οἱ

293 868 529 938 βασιλεῖς
583 870 703 923 ἀντὶ
732 871 847 936 τοῦ,
885 875 939 926 al
987 872 1270 943 βασιλεῖαι.
1308 873 1381 925 Οὐ
1417 872 1526 945 γάρ
1558 875 1672 926 ἐστι
1707 872 1858 941 βασι-

292 956 404 1009 λεία
432 957 554 1009 οὐδὲ
583 957 732 1021 ἔθνος
762 960 791 1012 ὃ
819 960 892 1031 μὴ
924 964 1218 1033 προσκυνεῖ
1266 960 1362 1033 τὴν
1408 962 1565 1026 δόξαν
1592 961 1816 1033 Κυρίου.

360 1049 487 1102 Ὀτι
519 1049 897 1119 οἰκοδομήσει
952 1054 1162 1121 Κύριος
1212 1053 1327 1122 τὴν
1381 1054 1552 1110 Σιών.
1603 1055 1857 1107 Τουτέστι
1945 1101 1953 1108 .

289 1139 384 1211 τὴν
417 1140 761 1212 Ἐκκλησίαν.

368 1234 733 1302 Ἐπέόλεψεν
758 1234 856 1287 ἐπὶ
889 1234 1003 1303 τὴν
1026 1237 1373 1306 προσευχὴν
1401 1238 1518 1291 τῶν
1541 1238 1852 1293 ταπεινῶν.

295 1323 512 1393 Ἔλεγον
562 1325 670 1396 γὰρ
700 1327 749 1378 oi
782 1327 1007 1391 ἑαυτοὺς
1030 1330 1407 1394 ταπεινοῦντες
1436 1332 1859 1403 προσευχόμενοι

293 1415 580 1485 προφῆται.
616 1416 726 1468 Καὶ
759 1416 844 1481 σὺ,
897 1418 1068 1489 Κύριε
1106 1422 1134 1473 ὁ
1168 1420 1298 1485 Θεὸς
1344 1422 1576 1494 Ἰσραὴλ,
1624 1425 1857 1495 πρόσχες

287 1503 377 1558 τοῦ
398 1506 796 1574 ἐπισκέψασθαι
834 1510 1009 1565 πάντα
1032 1512 1099 1566 τὰ
1124 1512 1271 1584 ἔθνη.

353 1597 649 1666 Γραφήτω
673 1601 822 1669 αὕτη
865 1605 954 1669 εἰς
986 1605 1197 1672 γενεὰν
1244 1606 1472 1674 ἑτέραν.
1517 1608 1583 1660 Ἡ
1625 1607 1714 1664 διὰ
1762 1606 1857 1662 τοῦ

287 1685 499 1758 ψαλμοῦ
528 1693 827 1763 προσευχὴ,
856 1693 949 1745 καὶ
981 1696 1013 1765 ἡ
1043 1696 1169 1765 περὶ
1216 1696 1322 1749 τῶν
1347 1696 1515 1751 ἐθνῶν
1560 1698 1859 1767 ἐπαγγελία

287 1783 756 1856 προφητευομένη,
790 1786 1043 1858 καθάπερ
1064 1789 1121 1840 ὲν
1156 1788 1325 1860 στήλῃ
1366 1789 1677 1844 τυπωθεῖσα
1714 1790 1856 1844 δέδο-

288 1887 373 1925 ται
433 1876 550 1936 τοῖς
616 1876 909 1942 Ἰουδαίοις,
973 1880 1052 1942 είς
1108 1879 1170 1932 τὸ
1220 1880 1574 1949 φυλάττεσθαι
1619 1882 1699 1954 τῷ
1749 1885 1854 1955 νέῳ

299 1962 510 2034 Ἰσραὴλ
534 1965 630 2019 καὶ
654 1970 720 2038 τῇ
750 1969 891 2023 κατὰ
909 1970 1140 2041 Χριστὸν
1160 1974 1339 2043 γενεᾷ.
1371 1974 1480 2027 Καὶ
1507 1974 1657 2041 λαὸς
1677 1978 1710 2029 ό
1739 1994 1856 2030 κτι-

286 2053 524 2124 ζόμενος
554 2058 779 2113 αἰνέσει
808 2060 915 2113 τὸν
934 2064 1172 2131 Κύριον.

376 2151 479 2202 Οτι
507 2148 805 2219 ἐξέκυψεν
838 2153 907 2217 ἐξ
940 2154 1139 2223 ὕψους
1162 2157 1333 2225 ἁγίου
1363 2159 1567 2213 αὐτοῦ.
1615 2159 1726 2231 Τὴν
1770 2164 1855 2215 αἰ-

284 2237 400 2292 τίαν
423 2240 557 2309 ἡμῖν
583 2241 681 2312 τῆς
705 2242 950 2314 κλήσεως
969 2245 1079 2299 τῶν
1102 2246 1269 2302 ἐθνῶν
1291 2249 1670 2318 παρατίθεται.
1703 2252 1851 2324 Αὕτη

282 2333 337 2387 δέ
366 2336 514 2388 ἐστιν
544 2337 581 2407 ἡ
631 2338 922 2407 ἐπιφάνεια
952 2340 1046 2392 τοῦ
1080 2342 1330 2414 Σωτῆρος
1385 2343 1545 2415 ἡμῶν
1592 2345 1852 2418 Χριστοῦ,

280 2425 344 2495 ἢν
364 2426 589 2496 ἐποίησε
617 2428 800 2492 κλίνας
821 2430 1102 2501 οὐρανούς.

351 2518 462 2572 Τοῦ
491 2519 750 2574 ἀκοῦσαι
769 2521 877 2575 τὸν
899 2524 1238 2593 στεναγμόν
1257 2523 1376 2579 τῶν
1406 2527 1848 2598 πεπεδημένων.

279 2608 384 2662 Καὶ
420 2610 564 2674 τίνες
589 2614 637 2664 οί
666 2613 1062 2684 πεπεδημένοι,
1119 2616 1152 2688 ἢ
1191 2616 1284 2680 οὓς
1322 2621 1528 2689 σειραῖς
1582 2621 1854 2693 ἁμαρτίας

279 2698 532 2770 ἔσφιγξεν
556 2705 585 2756 ό
608 2705 895 2773 μισόκαλος
915 2707 1156 2778 δαίμων;
1190 2708 1298 2762 Τοῦ
1321 2709 1508 2763 λῦσαι
1526 2710 1668 2777 τοὺς
1685 2712 1854 2779 υἱοὺς

277 2790 392 2845 τῶν
415 2795 928 2864 τεθανατωμένων.
990 2799 1052 2851 Οί
1089 2799 1198 2851 υἱοὶ
1242 2799 1352 2853 τῶν
1398 2801 1853 2876 τεθανατωμένων

278 2877 383 2936 εἷεν
404 2882 474 2937 ἂν
506 2886 555 2937 οί
588 2885 647 2949 ἐξ
669 2886 858 2952 ἐθνῶν,
893 2888 1070 2960 καθὴν
1103 2889 1373 2944 ἀπέθανον
1404 2895 1452 2945 oi
1494 2895 1727 2967 πατέρες
1753 2897 1852 2949 αὐ-

275 2974 379 3027 τῶν
405 2977 527 3038 ταῖς
560 2976 719 3039 ἰδίαις
751 2978 1048 3050 ἁμαρτίαις
1080 2980 1589 3053 είδωλολατροῦντες
1608 2984 1708 3039 ἔτι.

346 3072 460 3127 Τοῦ
486 3073 831 3143 ἀναγγεῖλαι
881 3076 952 3129 ἐν
982 3076 1135 3130 Σιὼν
1162 3077 1228 3131 τὸ
1272 3077 1457 3147 ὄνομα
1497 3082 1702 3136 αὑτοῦ.
1744 3084 1853 3136 Καὶ

1962 597 2089 652 dum
2121 598 2336 667 placent
2385 597 2590 666 lapides
2619 598 2815 667 prioris
2838 598 3025 669 populi
3073 599 3353 668 subjungit
3391 615 3524 669 gen-

1964 687 2096 741 tium
2152 688 2509 743 vocationem.
2567 686 2635 741 Et
2687 705 2861 743 omnes
2910 706 3051 760 reges
3106 701 3257 745 terra:
3300 691 3528 762 gloriam

1962 788 2128 833 tuam.
2187 777 2360 848 Reges
2391 780 2627 846 positum
2658 794 2759 848 pro
2790 794 2975 849 regna.
3028 777 3145 833 Non
3201 786 3284 834 est
3328 780 3528 850 quippe

1959 885 2183 940 regnum
2227 885 2401 940 neque
2431 886 2563 941 gens
2590 886 2711 940 quae
2756 887 2863 924 non
2910 871 3098 925 adoret
3131 872 3359 942 gloriam
3414 873 3524 927 Do-

1960 963 2115 1017 mini.

2037 1055 2129 1109 i7.
2187 1055 2324 1121 Quia
2371 1056 2652 1125 ludiﬁcabit
2696 1055 2953 1109 Dominus
2983 1054 3131 1111 Sion.
3182 1055 3240 1111 Id
3276 1064 3382 1123 est,
3422 1055 3528 1112 Ec-

1962 1144 2204 1200 clesiam.

1960 1230 1963 1231 ⁷
2033 1237 2120 1293 18.
2192 1237 2428 1309 Respexit
2471 1241 2526 1292 in
2570 1241 2861 1294 orationem
2914 1237 3216 1295 humilium.
3262 1238 3527 1295 Dicebant

1960 1330 2157 1400 quippe
2192 1332 2468 1400 prophetae
2494 1331 2622 1385 dum
2648 1332 2852 1386 orando
2892 1346 3013 1387 sese
3042 1331 3418 1386 humiliarent.
3454 1330 3524 1383 Et

1959 1430 2036 1486 tu,
2071 1419 2290 1475 Domine
2320 1419 2456 1474 Deus
2489 1419 2682 1486 Israel,
2718 1422 2949 1489 intende,
2995 1422 3064 1475 ad
3087 1423 3383 1477 visitandas
3411 1438 3526 1475 om-

1960 1528 2049 1567 nes
2073 1523 2247 1582 gentes
2274 1511 2343 1566 ⁸⁸.

2030 1604 2120 1660 £9.
2178 1603 2454 1659 Scribatur
2495 1604 2605 1659 haec
2648 1606 2704 1658 in
2735 1605 3066 1676 generatione
3094 1605 3285 1659 altera.
3334 1602 3522 1659 Oratio

1960 1696 2170 1751 scilicet
2192 1711 2314 1767 qua:
2338 1696 2393 1751 in
2418 1697 2628 1767 psalmo
2656 1696 2968 1761 eﬂunditur,
2997 1710 3051 1753 et
3073 1697 3362 1765 promissio
3393 1711 3526 1767 gen-

1960 1788 2106 1842 tibus
2135 1788 2449 1858 prophetice
2497 1788 2663 1857 facta,
2719 1790 2878 1858 quasi
2916 1790 2970 1844 in
3026 1790 3186 1861 cippo
3248 1789 3524 1858 insculpta

1959 1881 2155 1936 tradita
2188 1890 2271 1937 est
2313 1881 2535 1948 Judaeis,
2595 1891 2656 1935 ut
2694 1891 3005 1938 servaretur
3038 1883 3181 1936 πονο
3220 1883 3409 1938 lsraeli
3468 1889 3525 1938 et

1953 1972 2273 2028 Christianae
2322 1972 2679 2042 generationi.
2718 1971 2788 2027 Et
2839 1974 3062 2044 populus
3109 1976 3201 2044 qui
3257 1975 3524 2029 creabitur

1952 2063 2198 2117 laudabit
2220 2061 2526 2116 Dominum.

2023 2154 2114 2210 20.
2189 2154 2333 2221 Quia
2359 2154 2629 2224 prospexit
2669 2155 2734 2208 de
2773 2156 2975 2209 excelso
3016 2166 3199 2211 sancto
3229 2173 3345 2211 suo.
3381 2157 3526 2211 Cau-

1954 2260 2071 2300 sam
2094 2244 2254 2300 nobis
2282 2244 2825 2313 apponitvocationis
2857 2247 3120 2316 gentium.
3161 2245 3288 2302 Haec
3313 2255 3397 2302 est
3423 2263 3523 2302 au—

1954 2345 2061 2390 tem
2087 2336 2349 2390 adventus
2373 2332 2674 2388 Salvatoris
2705 2336 2881 2391 nostri
2914 2336 3139 2401 Christi,
3191 2337 3409 2406 quando
3436 2337 3523 2391 in-

1953 2428 2176 2484 clinavit
2202 2429 2391 2484 caelos.

2021 2520 2113 2574 2i.
2173 2519 2242 2575 Ut
2287 2522 2494 2575 audiret
2531 2520 2786 2592 gemitum
2830 2520 3264 2587 compeditorum.
3315 2517 3520 2587 Ecqui-

1953 2626 2078 2668 nam
2130 2613 2442 2682 compediti,
2474 2613 2579 2668 nisi
2612 2628 2752 2683 quos
2778 2611 2986 2669 catenis
3015 2611 3223 2681 peccati
3249 2611 3524 2665 constrin-

1953 2703 2029 2774 git
2070 2702 2337 2758 honorum
2374 2718 2502 2758 osor
2543 2703 2788 2759 damon?
2828 2701 2894 2756 Ut
2939 2701 3155 2756 solveret
3185 2700 3326 2770 ﬁlios
3357 2701 3521 2754 inter-

1951 2806 2267 2864 emptorum.
2315 2795 2438 2851 Filii
2502 2797 2949 2865 interemptorum
3002 2793 3206 2849 fuerint
3251 2792 3519 2863 gentiles,

1954 2896 2186 2959 quorum
2250 2899 2431 2959 patres
2497 2890 2552 2943 in
2612 2888 2847 2959 propriis
2906 2885 3147 2957 peccatis
3221 2884 3521 2941 idololatraa

1952 2982 2223 3037 obierunt.

2021 3072 2111 3126 22.
2178 3070 2247 3126 Ut
2275 3062 2585 3126 annuntient
2615 3072 2674 3125 in
2700 3068 2831 3125 Sion
2880 3085 3065 3124 nomen
3108 3068 3242 3138 ejus.
3282 3065 3350 3121 Et
3388 3067 3519 3121 illud

276 3163 428 3217 τοῦτό
457 3181 593 3235 φησι
618 3167 718 3235 τῆς
743 3166 967 3221 καθόδου
999 3167 1191 3233 αἴτιον,
1207 3170 1355 3233 ὅπως
1380 3174 1412 3242 ἡ
1455 3173 1746 3244 Ἐκκλησία
1766 3178 1851 3231 ἀν-

1965 3181 2182 3238 quoque
2213 3167 2289 3221 ait
2329 3173 2414 3221 est
2444 3166 2741 3248 descensus
2790 3178 2977 3226 causa,
3029 3170 3090 3216 ut
3117 3160 3359 3216 Ecclesia
3402 3159 3524 3214 edi-

274 3259 460 3326 υμνείν
488 3256 710 3328 μάθοιεν
740 3259 802 3311 τὸ
844 3258 1015 3331 ὅνομα
1068 3260 1255 3314 αὐτοῦ.
1302 3261 1449 3332 Αὕτη
1491 3265 1598 3335 γάρ
1627 3268 1772 3320 ἐστιν
1817 3270 1851 3340 ἡ

1964 3267 2129 3316 sceret
2158 3257 2375 3328 hymnis
2418 3255 2693 3311 celebrare
2739 3268 2938 3308 nomen
2971 3252 3112 3322 ejus.
3154 3250 3276 3321 Ipsa
3317 3251 3524 3321 quippe

278 3342 433 3399 Σιών.

357 3439 460 3491 Ἐν
482 3438 566 3504 τῷ
591 3440 1072 3512 ἐπισυναχθῆναι
1095 3444 1286 3511 λαοὺς
1311 3444 1409 3499 ὲπῒ
1436 3444 1502 3499 τὸ
1526 3449 1693 3503 αὐτό.
1734 3450 1853 3506 Τῶν

276 3531 444 3587 ἐθνῶν
493 3535 800 3606 ἑωρακότες
855 3537 944 3591 διὰ
988 3537 1082 3591 τοῦ
1134 3537 1442 3610 πνεύματος
1487 3540 1585 3612 τὴν
1636 3543 1729 3595 ἐπὶ
1761 3544 1853 3597 τὸν

275 3622 477 3695 Κύριον
509 3626 830 3698 συναγωγὴν
876 3629 926 3680 οἱ
971 3628 1266 3699 προφῆται,
1331 3630 1709 3699 παρεκάλεσαν
1760 3632 1852 3685 καὶ

275 3716 425 3771 αὐτοὶ
447 3717 854 3788 καταξιωθῆναι
875 3718 1080 3789 ταύτης
1119 3720 1219 3790 τῆς
1275 3720 1549 3790 μακαρίας
1594 3720 1721 3784 θέας
1756 3723 1850 3775 καὶ

273 3805 371 3878 τῆς
392 3808 507 3862 τῶν
533 3810 873 3882 πραγμάτων
902 3810 1198 3874 ἐκϐάσεως.

351 3900 668 3968 Ἀπεκρίθη
715 3898 876 3965 αὐτῷ
934 3901 1006 3953 ἐν
1070 3900 1188 3966 ὀδῷ
1250 3901 1465 3970 ίσχύος
1513 3900 1718 3955 αὐτοῦ.
1789 3902 1848 3955 '0

273 3993 613 4064 προφητικὸς
637 3994 796 4064 χορὸς
831 3993 930 4064 μέν
977 3996 1122 4047 ἐστιν
1178 3995 1207 4045 ό
1254 3994 1700 4064 ἀποκρινόμενος,
1730 3994 1847 4065 ἦτοι

275 4083 493 4154 ἐρωτῶν
530 4084 623 4139 τὸν
657 4085 809 4139 Θεόν.
857 4085 1004 4140 Ὀδδν
1068 4084 1248 4155 ἰσχύος
1294 4082 1460 4138 αὑτοῦ
1488 4084 1586 4155 τὴν
1621 4085 1713 4136 ἐπὶ
1743 4085 1846 4155 γῆς

274 4177 577 4248 παρουσίαν
610 4176 795 4247 φησίν.
833 4172 1004 4231 ’Ἦλθε
1041 4177 1150 4249 γὰρ
1174 4178 1262 4231 ἵνα
1302 4178 1441 4250 δήσῃ
1483 4180 1574 4231 τὸν
1606 4179 1842 4250 ἰσχυρόν.

280 4267 394 4335 Τὴν
419 4268 741 4338 ὀλιγότητα
775 4268 894 4323 τῶν
924 4267 1160 4340 ἡμερῶν
1179 4288 1299 4340 μου
1328 4269 1685 4341 aram-sutor
1720 4288 1841 4340 μοι.

272 4350 394 4421 Οἷός
422 4358 563 4422 ἐστι,
617 4358 800 4428 φησὶν,
834 4358 863 4410 ὁ
912 4358 1177 4430 ἡμέτερος
1219 4357 1331 4428 βίος
1381 4360 1698 4428 ἁνάγγειλόν
1731 4378 1840 4430 μοι.

1954 3349 2631 3499 Βδέἓωιίιίιεοηυιξιιίεηιίο
2670 3437 2892 3508 populos
2935 3439 2989 3491 in
3011 3453 3194 3490 unum.
3220 3434 3362 3491 Cum
3393 3449 3524 3505 pro-

1953 3535 2129 3605 phetae
2157 3549 2254 3603 per
2278 3532 2530 3602 spiritum
2584 3529 2833 3585 viderent
2872 3526 3351 3598 congregationem
3382 3541 3520 3595 gen-

1952 3628 2090 3684 tium
2137 3625 2205 3680 ad
2234 3624 2534 3683 Christum,
2588 3628 2853 3692 rogarunt
2885 3626 3025 3674 utet
3059 3618 3166 3689 ipsi
3220 3616 3327 3672 hoc
3373 3614 3521 3671 felici

1951 3715 2263 3786 spectaculo
2311 3713 2647 3776 fruerentur,
2700 3719 2754 3765 et
2803 3724 2987 3764 rerum
3041 3708 3212 3763 exitu.

2017 3896 2110 3949 24.
2159 3892 2443 3964 Respondit
2480 3892 2528 3945 ei
2554 3892 2611 3945 in
2641 3891 2726 3943 via
2763 3891 2971 3943 virtutis
3004 3904 3133 3942 sum.
3163 3871 3519 3955 Propheticus

1949 3989 2149 4044 chorus
2178 3995 2262 4041 est
2284 3985 2374 4055 qui
2405 3982 2714 4053 respondet,
2756 3982 2896 4041 idem
2934 3980 3049 4049 ipse
3086 3979 3182 4048 qui
3224 3978 3519 4046 interrogat

1948 4083 2139 4138 Deum.
2172 4079 2328 4134 Viam
2361 4077 2579 4138 virtutis
2631 4090 2765 4141 suae,
2823 4088 2982 4128 suum
3034 4072 3088 4126 in
3136 4079 3278 4124 terra
3311 4068 3516 4123 adven-

1949 4184 2062 4229 tum
2111 4180 2284 4227 vocat.
2335 4168 2498 4223 Venit
2532 4165 2735 4236 quippe
2769 4171 2829 4217 ut
2859 4163 3053 4232 ligaret
3104 4158 3325 4215 fortem.
3362 4155 3514 4211 Pau-

1945 4269 2159 4321 citatem
2210 4263 2416 4317 dierum
2463 4274 2695 4314 meorum
2731 4257 2921 4310 nuntia
2957 4254 3108 4308 mihi.
3168 4251 3355 4317 Qualis
3407 4249 3514 4314 sit,

1945 4357 2142 4429 inquit,
2175 4356 2286 4410 vita
2324 4362 2510 4409 nostra
2550 4350 2816 4405 annuntia
2855 4346 3010 4401 mihi.
3050 4344 3384 4399 Precabatur
3413 4356 3517 4396 au-

277 4447 483 4519 Ηῦχετο
533 4448 645 4519 γὰρ
680 4450 807 4503 ἰδεῖν
844 4452 891 4504 εἰ
925 4450 1117 4520 φθάσει
1162 4453 1242 4514 είς
1265 4450 1479 4513 ἐκείνας
1502 4451 1600 4514 τὰς
1631 4451 1843 4522 ἡμέρας

1968 4467 2052 4506 em
2080 4459 2142 4506 ut
2181 4447 2510 4503 indicaretur
2555 4442 2683 4504 sibi,
2727 4454 2860 4494 num
2889 4438 2956 4492 ad
3004 4451 3100 4491 eas
3137 4435 3253 4489 dies
3283 4448 3517 4522 perven-

274 4541 307 4610 ή
354 4539 471 4611 ζωὴ
499 4539 689 4603 αὑτοῦ,
736 4540 858 4595 καθ’
884 4540 950 4604 ἃς
1006 4540 1228 4611 ἔμελλεν
1282 4541 1706 4614 ἐνανθρωπήσας
1746 4521 1845 4596 ἐπὶ

1964 4557 2067 4597 .ura
2096 4541 2208 4595 vita
2238 4537 2357 4606 ejus
2382 4542 2548 4598 esset,
2592 4532 2792 4603 quibus
2839 4527 3085 4583 futurum
3129 4535 3248 4580 erat
3277 4533 3338 4579 ut
3381 4521 3519 4579 Uni-

276 4631 373 4703 τῆς
400 4631 688 4702 φαίνεσθαι
719 4635 750 4686 ό
794 4634 1122 4705 Μονογενής.

336 4723 436 4792 Μὴ
466 4723 777 4794 ἀναγάγῃς
805 4742 882 4795 με
900 4725 970 4779 ἐν
990 4725 1197 4795 ἡμίσει
1220 4724 1457 4796 ἡμερῶν
1474 4743 1612 4795 μου.
1636 4725 1844 4794 Ἦμισυ

274 4814 377 4870 τῶν
401 4816 629 4888 ἡμερῶν
658 4817 824 4871 αὐτοῦ
854 4818 972 4888 ἦτοι
1019 4817 1120 4888 τῆς
1156 4818 1298 4888 ζωῆς
1353 4818 1415 4870 τὸ
1441 4817 1578 4880 τέως
1611 4818 1669 4869 ἐν
1709 4815 1844 4868 θεω-

279 4909 367 4980 ρίᾳ
389 4908 645 4977 γενέσθαι
703 4910 802 4980 τῆς
854 4910 1175 4978 ἐπιφανείας
1232 4909 1416 4980 φησίν.
1489 4906 1700 4979 Ηῦχετο
1750 4902 1844 4961 οὖν

274 5000 623 5073 πληρωθῆναι
648 5000 811 5054 αὐτοῦ
839 5000 931 5055 τὸν
967 5000 1086 5054 ὅλον
1120 5000 1333 5072 χρόνονο
1368 5000 1462 5054 καὶ
1521 5002 1571 5053 εί
1622 4995 1732 5053 οἶόν
1783 5015 1842 5052 τε

271 5091 682 5163 παρεκταθῆναι
709 5091 806 5162 τὴν
837 5090 982 5163 ζωὴν
1015 5091 1202 5157 αὑτοῦ,
1226 5092 1375 5155 ὅπως
1420 5088 1486 5144 ἂν
1536 5091 1632 5145 καὶ
1675 5089 1845 5160 αὐτῆς

271 5186 365 5255 τῆς
390 5186 503 5239 τῶν
531 5185 872 5255 πραγμάτων
893 5183 1168 5246 ἐκϐάσεως
1195 5181 1519 5254 καταξιωθῇ.
1555 5181 1711 5237 Οὕτω
1735 5180 1841 5253 γὰρ

271 5278 335 5331 ἂν
366 5279 594 5352 εμελλεν
619 5281 655 5350 ἡ
690 5279 838 5332 πᾶσα
873 5277 1035 5332 αὐτοῦ
1089 5276 1201 5348 ζωὴ
1232 5273 1590 5348 πληροῦσθαι.
1636 5275 1731 5328 Ἐν
1752 5290 1846 5343 τε·

270 5371 376 5439 γεᾷ
398 5372 625 5441 γενεῶν
641 5371 718 5426 τὰ
743 5369 847 5437 ἐτη
876 5386 1013 5424 σου.
1047 5370 1213 5432 Γνοὺς
1242 5372 1273 5422 ό
1308 5366 1643 5439 προφητικδς
1684 5365 1844 5437 χορὸς

270 5462 355 5517 διὰ
380 5463 479 5516 τοῦ
526 5461 862 5531 πνεύματος,
914 5459 1109 5523 ὼςούκ
1146 5458 1212 5513 ἂν
1260 5456 1456 5527 φθάσοι
1504 5458 1584 5519 είς
1637 5456 1697 5509 τὸ
1734 5454 1842 5507 τῶν

272 5554 612 5625 πραγμάτιον
631 5550 828 5622 πέρας,
855 5549 1036 5620 φησιν’
1079 5548 1219 5617 Ἐγὼ
1242 5548 1297 5600 δέ
1322 5547 1727 5618 κοιμηθήσομαι
1747 5545 1842 5599 ἅτε

272 5646 458 5718 θνητὸς
482 5645 581 5702 ὤν’
616 5645 687 5698 σὺ
732 5642 790 5696 δὲ
821 5644 995 5715 μόνος,
1021 5635 1065 5695 ὦ
1093 5642 1354 5705 Δέσποτα,
1400 5639 1493 5693 καί¹
1525 5639 1605 5701 είς
1632 5637 1845 5700 ἐκείνας

346 5804 391 5837 ³⁵
442 5802 591 5861 Psal.
643 5816 771 5858 ινι.
804 5801 858 5856 8.

1946 4633 2160 4706 genitus
2193 4629 2359 4685 homo
2390 4625 2567 4681 factus
2600 4628 2883 4693 appareret
2917 4619 2970 4703 in
2994 4626 3162 4672 terra.

2014 4723 2106 4779 25.
2161 4719 2243 4775 Ne
2295 4734 2497 4773 revoces
2540 4731 2622 4770 me
2671 4711 2965 4767 indimidio
3011 4709 3217 4762 dierum
3258 4722 3516 4761 meorum.

1947 4814 2242 4870 Dimidium
2284 4811 2495 4866 dierum
2523 4807 2643 4877 ejus
2682 4806 2799 4860 sive
2844 4803 2968 4856 vitae
2998 4800 3141 4869 ejus,
3172 4809 3333 4854 vocat
3382 4797 3517 4852 illud

1945 4906 2090 4977 quod
2145 4902 2513 4959 intercedebat
2558 4907 2770 4968 tempus
2814 4895 2988 4949 donec
3031 4891 3323 4947 adventum
3367 4888 3518 4942 vide-

1945 5005 2088 5052 rent.
2149 4995 2328 5064 Rogat
2371 4992 2552 5062 jigitur
2608 4999 2668 5043 ut
2740 4985 3030 5056 impleatur
3085 4992 3257 5037 totum
3303 4990 3515 5048 tempus

1947 5100 2108 5142 suum
2140 5102 2155 5138 :
2184 5092 2240 5138 et
2288 5082 2335 5137 si
2376 5081 2494 5136 ﬁeri
2538 5078 2732 5150 possit,
2764 5077 3097 5148 producatur
3142 5074 3254 5128 vita
3299 5084 3420 5134 sua,
3456 5077 3517 5121 ut

1944 5177 2125 5247 ipsum
2153 5187 2334 5229 rerum
2379 5172 2588 5226 exitum
2626 5169 2810 5224 videre
2869 5168 3064 5238 dignus
3116 5164 3399 5220 habeatur.
3433 5158 3515 5214 Ita

1941 5267 2091 5322 enim
2144 5263 2390 5319 futurum
2437 5269 2557 5317 erat
2596 5269 2659 5316 ut
2687 5260 3004 5330 impleretur
3048 5264 3156 5310 tota
3210 5253 3321 5307 vita
3372 5252 3511 5321 ejus.
3590 5272 3598 5295 ε

1945 5358 2011 5414 In
2043 5357 2428 5429 generationem
2460 5364 2511 5410 et
2559 5353 2947 5425 generationem
2994 5348 3121 5402 anni
3158 5347 3255 5400 tui.
3298 5343 3516 5399 Gnarus

1945 5452 2294 5522 propheticus
2317 5449 2520 5504 chorus
2542 5462 2638 5518 per
2668 5445 2939 5516 spiritum,
2982 5454 3091 5494 non
3125 5445 3512 5509 perventurum

1946 5558 2008 5599 se
2048 5542 2114 5597 ad
2162 5542 2424 5597 harumce
2468 5555 2652 5596 rerum
2694 5539 2879 5601 ﬁnem,
2919 5533 3038 5587 ait:
3094 5530 3209 5600 Ego
3256 5542 3387 5584 vero
3415 5530 3516 5584 ob-

1945 5635 2213 5691 dormiam
2247 5643 2435 5705 utpote
2478 5630 2757 5696 mortalis;
2788 5637 2846 5684 tu
2890 5633 3072 5681 autem
3101 5623 3274 5691 solus,
3326 5637 3362 5677 ο
3404 5620 3514 5676 Do-
