3946 6222
416 351 516 408 151

1251 345 1310 404 S.
1353 346 1731 403 ATHANASII
1770 345 1923 403 OPP.
1967 345 2156 403 PARS
2193 345 2279 403 Ill.
2318 376 2389 431 -τ-
2427 346 2837 405 EXEGETICA.

3539 351 3651 409 εις

411 471 579 533 mine,
615 479 787 538 usque
819 464 888 521 ad
936 465 1058 521 illas
1098 465 1473 538 generationes
1516 479 1838 535 permanes,
1886 472 2008 528 ιιι-⁴

2096 466 2263 530 ιένεις
2292 464 2391 529 τὰς
2417 464 2629 535 γενεὰς,
2666 466 2760 520 ἅτε
2793 465 2857 536 δὴ
2888 464 2982 518 καί
3020 466 3083 519 σὺ
3113 464 3271 529 αὐτὸς
3306 464 3382 531 ὡς
3415 465 3572 539 Θεὸς,
3615 467 3651 524 ὁ

408 570 536 633 pote
565 559 710 616 Deus
736 558 828 630 qui
860 559 1029 615 caalos
1054 558 1123 613 ab
1152 558 1309 614 initio
1336 557 1535 614 fecisti.

482 649 573 714 26,
626 648 716 703 27.
785 646 899 719 Ipsi
926 647 1188 718 peribunt,
1240 656 1297 701 tu
1338 658 1514 701 autem
1558 662 1851 717 permanes.
1896 646 1976 703 'l‘u

414 741 587 806 solus,
615 739 812 810 inquit,
851 754 885 794 ο
924 737 1169 806 Domine,
1208 737 1563 793 aeternitatem
1607 745 1793 808 utpote
1836 736 1978 792 Deus

414 835 621 889 habes:
667 833 789 889 θεοιί
824 846 954 887 vero
1003 831 1105 887 etsi
1152 845 1407 902 magnum
1455 840 1511 886 et
1556 830 1817 885 eximium
1869 829 1980 884 sint

413 924 707 992 opiﬁcium,
749 930 988 977 attamen
1023 929 1078 976 et
1105 920 1210 991 ipsi
1238 904 1975 991 corruptionitsubjicientur.

413 1012 705 1081 Corruptio
732 1022 913 1066 autem
961 1011 1079 1066 haec
1126 1011 1231 1066 erit
1277 1010 1385 1066 illis
1417 1010 1473 1065 in
1522 1010 1974 1066 renovationem:

414 1106 698 1160 volventur
736 1105 881 1161 enim
926 1104 983 1159 in
1023 1104 1304 1160 meliorem
1359 1102 1593 1160 formam
1630 1104 1974 1159 commutati.

481 1196 552 1254 28
572 1237 589 1263 ,
638 1195 727 1250 29.
789 1194 923 1250 Filii
949 1212 1216 1251 servorum
1240 1204 1447 1250 tuorum
1475 1194 1806 1250 habitabant.
1838 1193 1976 1249 Nam

354 1276 357 1279 ’
410 1303 535 1343 cum
566 1288 690 1351 caeli
723 1289 917 1343 mutati
957 1287 1178 1355 fuerint,
1212 1297 1264 1343 et
1309 1295 1570 1342 renovata
1622 1286 1790 1343 fuerit
1833 1301 1978 1343 crea-

413 1389 558 1447 tura,
590 1389 720 1435 tunc
743 1379 798 1434 in
826 1379 1047 1435 aeternis
1099 1379 1465 1435 tabernaculis
1501 1379 1786 1435 constituti
1815 1387 1978 1434 erunt

413 1471 508 1525 ﬁlii
534 1486 813 1527 servorum
856 1454 1095 1537 tuorum;
1133 1470 1171 1524 ii
1212 1481 1391 1525 autem
1425 1478 1553 1525 sunt
1589 1469 1684 1540 qui
1724 1484 1821 1539 per
1850 1484 1977 1525 san-

410 1573 532 1617 ctos
555 1561 831 1632 apostolos
859 1560 1228 1628 crediderunt,
1256 1570 1304 1616 et
1335 1576 1509 1616 semen
1548 1576 1731 1615 eorum
1777 1561 1835 1613 in
1883 1576 1979 1614 sa:-

400 1652 586 1711 .culum
610 1653 886 1725 dirigetur.
917 1650 1112 1707 Semen
1152 1660 1463 1708 sanctorum
1495 1652 1864 1723 apostolorum
1893 1659 1979 1706 est

2082 557 2325 621 καὶτοὺς
2351 557 2613 627 οὐρανοὺς
2641 554 2957 627 πεποιηκὼς
2990 555 3050 620 ἐξ
3068 555 3261 628 ἀρχῆς.

2147 648 2327 703 Αὐτοὶ
2363 648 2751 713 ἀπολοῦνται,
2779 647 2858 701 σὺ
2890 646 2958 700 δὲ
2989 645 3308 716 διαμένεις.
3360 648 3431 701 Σὺ
3468 647 3648 719 μόνος,

2079 733 2334 811 φησὶν,’ὧ
2361 739 2622 803 Δέσποτα,
2668 739 2730 793 τὸ
2780 737 2948 792 ἀΐδιον
2980 736 3074 791 ἅτε
3133 737 3264 801 Θεὸς
3308 736 3468 809 ἔχεις·
3514 739 3652 796 οίδδ

2078 831 2318 903 οὐρανοὶ,
2354 830 2403 883 εί
2457 830 2552 883 καὶ
2587 830 2729 901 μέγα
2782 847 2833 882 τι
2882 830 2977 883 καὶ
3021 827 3293 900 ἐξαίρετον
3348 829 3651 901 ὑπάρχουσι

2080 924 2305 993 κτίσμα,
2335 922 2449 976 ἀλλ’
2473 923 2620 993 ὅμως
2644 923 2737 976 καὶ
2764 923 2919 976 αὐτοὶ
2957 922 3419 993 ὑποδληθήσονται
3451 922 3644 995 φθορᾷ.

2091 1014 2154 1068 Ἦ
2181 1014 2238 1068 δὲ
2268 1014 2444 1088 φθορά
2467 1014 2606 1085 αὕτη
2634 1016 2918 1086 γενήσεται
2937 1014 3117 1077 αὐτοῖς
3136 1015 3214 1077 είς
3239 1014 3643 1084 ἀνακαινισμόν·

2078 1106 2451 1177 ἑλιχθήσονται
2476 1104 2584 1177 γὰρ
2610 1106 2691 1169 εἰς
2722 1104 2925 1176 βέλτιον
2956 1104 3139 1175 σχῆμα
3171 1102 3646 1174 μεταϐαλλόμενοι.

2152 1200 2216 1251 Οἱ
2252 1196 2369 1250 υἱοὶ
2403 1194 2523 1249 τῶν
2582 1195 2816 1250 δούλων
2865 1208 2981 1249 σου
3046 1193 3645 1261 κατασκηνώσουσιν.

2080 1289 2247 1343 Ὅταν
2283 1287 2391 1361 γὰρ
2436 1286 2811 1360 ἑλιχθήσονται
2857 1289 2904 1340 οἱ
2953 1285 3191 1357 οὐρανοὶ,
3225 1286 3320 1338 καὶ
3369 1284 3529 1356 καινὴ
3553 1284 3647 1354 γέ-

2077 1396 2234 1449 νηται
2259 1378 2435 1442 κτίσις
2452 1417 2465 1442 ,
2488 1376 2609 1430 τότε
2630 1376 2695 1448 δὴ
2717 1376 2839 1430 τότε
2876 1379 2935 1429 ὲν
2963 1378 3082 1439 ταῖς
3126 1372 3365 1438 αἰωνίοις
3420 1374 3651 1443 σκηναῖς

2076 1470 2355 1542 γενόμενοι
2385 1471 2439 1523 οἱ
2460 1468 2568 1524 τῶν
2595 1468 2702 1524 σῶν
2731 1469 2929 1523 δούλων
2951 1467 3076 1522 υίοί·
3110 1461 3254 1522 οὗτοι
3285 1466 3329 1520 δ’
3357 1464 3423 1520 ἂν
3446 1461 3556 1519 εἷεν
3597 1468 3646 1520 οἱ

2074 1564 2162 1619 διὰ
2181 1562 2289 1616 τῶν
2309 1562 2479 1633 ἀγίων
2505 1561 2667 1616 αὐτοῦ
2697 1560 3005 1614 ἀποστόλων
3046 1558 3490 1621 πεπιστευκότες.
3538 1556 3650 1610 Καὶ

2075 1656 2143 1710 τὸ
2184 1656 2421 1726 σπέρμα
2452 1655 2650 1711 αὐτῶν
2673 1656 2759 1720 είς
2795 1652 2903 1707 τόν
2951 1650 3135 1706 αἰῶνα
3174 1649 3649 1714 κατευθυνθήσε-

411 1743 719 1814 evangelica
747 1751 802 1799 et
848 1742 1102 1799 salutaris
1147 1742 1481 1812 praedicatio,
1524 1756 1646 1813 quae
1693 1748 1880 1796 manet
1906 1740 1974 1802 in

2096 1765 2188 1817 rat.
2231 1749 2461 1821 Σπέρμα
2482 1749 2589 1803 τῶν
2615 1749 2785 1818 ἁγίων
2828 1745 3141 1801 ἀποστόλων
3187 1742 3248 1799 τὸ
3295 1741 3649 1811 εὐαγγελικὸν

402 1836 691 1892 saeculum.

730 2033 1066 2093 PSAL-MUS
1112 2035 1213 2102 ipsi
1271 2033 1465 2087 David.
1531 2030 1660 2089 CII.

1004 2127 1397 2198 Argumentum.

413 2221 598 2278 Novus
657 2221 890 2293 populus
935 2236 1003 2276 ex
1050 2220 1303 2291 gentibus
1344 2227 1590 2283 coactus,
1640 2216 1868 2273 docetur
1923 2217 1980 2272 in

499 2316 606 2370 hoc
636 2314 847 2385 psalmo
902 2314 1070 2369 Deum
1120 2311 1336 2381 hymnis
1386 2311 1687 2378 celebrare,
1724 2310 1819 2381 qui
1864 2299 1983 2365 ma-

494 2423 601 2479 gna
631 2407 735 2478 ipsi
760 2406 1021 2463 beneﬁcia
1061 2406 1307 2462 contulit.
1340 2404 1481 2460 Sunt
1520 2411 1703 2459 autem
1741 2417 1827 2469 ea,
1856 2416 1983 2472 pec-

2005 1818 2052 1878 B
2080 1840 2174 1894 καὶ
2201 1818 2464 1914 σωτήριον
2520 1842 2802 1912 κήρυγμα,
2859 1841 2996 1911 ὅπερ
3052 1840 3133 1902 είς
3188 1838 3280 1892 τὸν
3317 1836 3491 1890 αἰῶνα
3534 1834 3648 1888 δια-

2079 1930 2252 2000 μένει.

2469 2048 2777 2100 ΨΑΛΜΟΣ
2812 2042 2892 2109 τῷ
2919 2041 3119 2097 Δαυΐδ.
3149 2043 3280 2095 PB'.

2690 2136 2702 2155 '
2718 2136 3028 2200 Υπόθεσις.

2089 2231 2148 2283 '0
2169 2229 2287 2293 νέος
2313 2228 2374 2295 ἐξ
2402 2228 2569 2283 ἐθνῶν
2596 2227 2725 2291 λαὸς
2777 2229 2835 2282 ὲν
2862 2226 3038 2298 τούτῳ
3065 2225 3373 2280 διδάσκεται
3394 2223 3651 2293 ἀνυμνεῐν

2149 2320 2239 2375 τὸν
2285 2321 2416 2374 Θεὸν
2461 2320 2552 2375 τὸν
2590 2320 2659 2375 τά
2713 2318 2922 2389 μεγάλα
2980 2315 3406 2389 εὐηργετηκότα.
3466 2313 3651 2367 Ταῦτα

2150 2413 2207 2466 δέ
2236 2415 2350 2466 ἐστι
2393 2411 2464 2466 τά
2492 2413 2903 2484 εὐεργετήματα
2930 2411 2965 2481 ἦ
2994 2426 3054 2462 τε
3084 2409 3182 2481 τῆς
3208 2405 3479 2479 ἀμαρτίας
3508 2404 3652 2460 ἀναί-

484 2499 592 2553 cati
617 2498 915 2554 destructio
944 2505 999 2553 et
1023 2496 1443 2553 resurrectionis
1474 2495 1671 2567 gloria.

404 2624 409 2629 η
486 2592 539 2646 1.
586 2590 845 2657 Benedic,
888 2591 1070 2645 anima
1109 2606 1262 2659 mea,
1306 2588 1557 2647 Domino.
1591 2588 1713 2661 Ipse
1750 2603 1871 2646 sese
1914 2587 1982 2643 ad

2146 2597 2414 2665 Εὺλόγει,
2453 2597 2493 2663 ἡ
2539 2594 2707 2665 ψυχή
2736 2612 2876 2663 μου,
2912 2592 3019 2646 τὸν
3051 2592 3288 2657 Κύριον.
3325 2587 3496 2650 Αὐτὸς
3522 2587 3653 2639 tau-

410 2685 682 2756 hymnum
721 2684 942 2749 excitat,
1000 2682 1268 2753 optimum
1325 2682 1430 2738 sibi
1472 2681 1540 2738 ad
1617 2682 1849 2739 salutem
1890 2694 1981 2735 re-

2096 2686 2176 2740 τὸν
2199 2686 2292 2740 ὲπὶ
2319 2686 2409 2739 τὸν
2441 2685 2607 2757 ὕμνον
2628 2685 2903 2756 διεγείρει,
2933 2683 3094 2738 καλὸν
3138 2679 3323 2735 ἑαυτοῦ
3347 2679 3447 2749 τῆς
3473 2694 3652 2750 σωτη-

414 2776 655 2832 medium
684 2790 1162 2846 esse,~proponens,
1202 2774 1523 2831 benedicere
1560 2772 1751 2830 Deum.
1788 2771 1868 2826 Ex
1915 2784 1982 2826 eo

2096 2778 2204 2848 pia;
2233 2777 2524 2849 φάρμακον
2551 2776 2648 2848 τὴν
2678 2776 2758 2840 εἰς
2781 2776 2912 2829 Θεὸν
2934 2773 3180 2843 εὐλογίαν
3202 2768 3651 2843 προϐαλλόμενος.

408 2878 597 2925 autem
623 2867 769 2939 quod
812 2867 955 2922 Deus
999 2867 1355 2923 miseraturus
1395 2865 1655 2939 populum
1700 2872 1866 2929 esset,
1916 2862 1983 2918 de

2096 2871 2211 2940 Ἐφ’
2238 2865 2320 2934 οἷς
2346 2871 2403 2924 δὲ
2430 2870 2562 2934 Θεὸς
2592 2868 2682 2923 τὸν
2707 2868 2832 2922 λαὸν
2874 2866 3105 2939 ἤμελλεν
3136 2866 3303 2919 ἐλεεῖν
3339 2861 3657 2934 δικαιοσύνῃ

416 2960 625 3031 iustitia
670 2974 767 3014 sua
824 2959 880 3013 in
919 2957 1219 3029 iudicando
1260 2957 1548 3023 laudatur;
1596 2965 1783 3027 utpote
1823 2953 1982 3026 quia

2096 2962 2358 3028 Ξοξάζεται
2397 2965 2642 3035 κριτικῇ,
2679 2960 2884 3032 φθορᾶς
2928 2976 2990 3013 τε
3033 2957 3385 3013 ἀπαλλάττων
3419 2954 3514 3008 καὶ
3559 2951 3656 3023 βα-

417 3048 772 3120 corruptione
799 3047 990 3103 liberet
1020 3056 1076 3103 et
1103 3060 1331 3119 regnum
1360 3047 1624 3102 caelorum
1655 3046 1780 3112 det;
1814 3044 1891 3100 ita
1922 3052 1983 3099 ut

2096 3055 2287 3109 ςιλείαν
2331 3055 2504 3116 διδοὺς
2554 3052 2820 3125 οὐρανῶν*
2874 3051 2949 3115 ὡς
3009 3051 3103 3106 καὶ
3147 3050 3310 3103 πᾶσιν
3363 3046 3656 3117 ἁρμόττειν

404 3155 655 3212 praesens
709 3140 944 3211 hymnus
997 3140 1253 3195 omnibus
1309 3139 1615 3196 conveniat.
1666 3137 1738 3192 Et
1803 3135 1983 3191 omnia

2096 3146 2178 3199 τὸν
2200 3146 2559 3218 προκείμενον
2590 3144 2777 3216 ὕμνον.
2830 3145 2939 3199 Kal
2981 3144 3176 3198 πάντα
3226 3141 3299 3195 τὰ
3334 3140 3507 3204 ἐντός
3537 3154 3657 3207 μου

414 3247 535 3303 quae
566 3232 710 3285 intra
748 3246 830 3284 me
859 3238 982 3284 sunt
1006 3229 1208 3283 nomini
1234 3238 1419 3283 sancto
1453 3229 1593 3298 ejus.
1636 3225 1740 3282 Per
1764 3242 1829 3281 ea
1864 3240 1989 3297 qua:

2096 3237 2153 3292 τὸ
2180 3237 2365 3307 ὄνομα
2402 3237 2467 3291 τὸ
2508 3237 2678 3307 ἄτιον
2697 3238 2901 3292 αὐτοῦ.
2918 3235 3017 3290 Διά
3044 3235 3154 3290 τῶν
3185 3233 3333 3296 ἐντὸς
3356 3232 3416 3285 τὸ
3443 3229 3504 3295 ἐξ
3530 3228 3658 3299 ὅλης

2154 2521 2301 2577 ρεσις
2330 2505 2423 2559 καὶ
2447 2505 2545 2575 τῆς
2570 2504 2914 2567 ἀναστάσεως
2934 2501 2998 2555 τὸ
3024 2500 3301 2572 καύχημα.

418 3324 560 3378 intra
605 3332 748 3385 sunt,
780 3320 1053 3393 signiﬁcat
1114 3319 1282 3375 Deum
1322 3336 1388 3375 ex
1414 3329 1529 3376 toto
1561 3319 1746 3386 corde,
1775 3334 1844 3375 ex
1878 3326 1987 3373 tota

422 3414 638 3479 virtute,
668 3422 723 3467 et
751 3428 819 3467 ex
852 3419 965 3468 tota
1002 3418 1184 3466 mente
1212 3410 1574 3465 invocandum
1596 3424 1739 3465 esse.

511 3503 568 3557 2.
634 3502 898 3569 Benedic,
952 3502 1132 3555 anima
1176 3516 1327 3567 mea,
1385 3499 1629 3554 Domino.
1672 3498 1989 3554 Perseverat

344 3624 347 3635 ι
418 3609 541 3651 sese
563 3594 905 3650 exhortando
933 3592 1002 3648 ad
1030 3593 1333 3648 cauendum
1350 3592 1603 3663 hymnos,
1621 3590 1791 3662 probe
1808 3591 1989 3646 sciens

420 3688 471 3741 id
523 3702 646 3743 esse
676 3686 837 3742 ofﬁcii
879 3686 964 3742 sui
1011 3700 1111 3756 pro
1152 3684 1366 3756 magnis
1397 3684 1634 3754 acceptis
1684 3682 1983 3739 beneﬁciis.

417 3778 551 3834 Nam
583 3778 676 3849 qui
704 3777 1014 3833 divinorum
1056 3776 1441 3831 beneﬁciorum
1483 3774 1824 3839 recordatur,
1850 3789 1985 3827 nun-

417 3886 582 3943 quam
638 3869 801 3925 ﬁnem
865 3868 1027 3924 faciet
1071 3867 1237 3939 hujus
1280 3867 1467 3939 hymni
1519 3866 1864 3923 concincndi.
1916 3865 1986 3920 Et

417 3965 527 4020 noli
548 3962 785 4018 oblivisci
813 3978 988 4017 omnes
1035 3962 1406 4016 retributiones
1444 3960 1579 4029 ejus.
1632 3959 1741 4015 Pro
1776 3959 1987 4032 magnis

418 4058 564 4112 enim
595 4055 832 4128 peccatis
863 4055 1067 4111 nostris
1107 4054 1363 4109 retribuit
1409 4054 1569 4110 nobis
1615 4051 1990 4108 mansuetudi-

419 4162 566 4214 nem,
605 4145 1078 4213 misericordiam,
1115 4145 1513 4204 miserationes.
1554 4143 1687 4212 Quae
1740 4144 1988 4201 oblivisci

419 4255 531 4295 non
566 4246 795 4309 oportet.

488 4332 543 4396 5,
570 4330 623 4383 4.
650 4330 754 4395 Qui
805 4332 1129 4400 propitiatur
1185 4333 1422 4385 omnibus
1459 4329 1823 4399 iniquitatibus
1850 4330 1985 4393 tuis,

421 4433 524 4477 etc.
549 4420 644 4477 Ha:
672 4431 799 4478 sunt
820 4423 1208 4477 retributiones
1229 4423 1321 4478 Dei
1355 4422 1511 4477 nobis
1539 4422 1784 4487 collatae;
1812 4420 1989 4491 primo

2087 3328 2335 3400 καρδίας,
2374 3329 2469 3383 καὶ
2500 3328 2560 3394 ἐξ
2588 3329 2715 3399 ὅλης
2748 3330 2847 3399 τῆς
2902 3327 3105 3397 ἰσχύος,
3152 3325 3247 3379 καὶ
3279 3324 3339 3390 εξ
3388 3322 3517 3392 ὅλης
3543 3321 3658 3375 δια-

2088 3421 2235 3486 νοίας
2263 3422 2353 3476 τὸν
2376 3422 2508 3476 Θεὸν
2530 3421 2903 3475 ἐπικαλεῖσθαι
2929 3420 3095 3489 δηλοῖ.

2161 3512 2432 3582 Εὺλότει,
2467 3514 2506 3581 ἠ
2533 3512 2701 3582 ψυχή
2725 3530 2865 3582 μου,
2889 3510 2994 3564 τὸν
3029 3510 3270 3577 Κύριον.
3308 3503 3660 3575 Ἐνδιατρίόει

2086 3606 2153 3674 τῇ
2192 3603 2322 3675 περὶ
2366 3604 2459 3657 τὸν
2490 3602 2658 3675 ὕμνον
2706 3603 2899 3657 ἑαυτοῦ
2957 3602 3259 3673 προτροπῇ,
3308 3596 3463 3660 εἰδὼς
3502 3595 3659 3649 τοῦτο

2089 3696 2209 3749 ἀντὶ
2251 3696 2361 3749 τῶν
2416 3697 2665 3767 μεγάλων
2714 3697 2878 3751 αὐτοῦ
2935 3694 3259 3767 εὐεργεσιῶν
3318 3691 3511 3746 ἑαυτὸν
3563 3689 3661 3742 ἑπ-

2087 3787 2464 3856 οφείλοντα.⁹0
2492 3788 2600 3860 γὰρ
2632 3788 2740 3843 τῶν
2770 3788 2929 3841 θείων
2958 3784 3288 3857 εὐεργεσιῶν
3316 3782 3659 3855 μεμνημένος

2087 3880 2149 3932 οὐ
2196 3878 2458 3934 παύσεται
2531 3879 2690 3933 τοῦτο
2736 3879 2940 3950 ὑμνῶν.
2973 3879 3085 3932 Kal
3131 3876 3217 3947 μὴ
3256 3874 3661 3930 ἐπιλανθάνου

2088 3968 2291 4036 πάσας
2315 3969 2422 4037 τὰς
2457 3968 2891 4034 ἀνταποδόσεις
2914 3967 3118 4022 αὐτοῦ.
3158 3965 3528 4020 Ἀνταπέδωκε
3553 3964 3661 4035 γὰρ

2087 4063 2220 4132 ἡμῖν
2257 4062 2377 4115 ἀντὶ
2406 4060 2514 4114 τῶν
2540 4060 2789 4132 μεγάλων
2850 4059 3262 4131 ἁμαρτημάτων
3311 4050 3385 4110 ὧν
3418 4056 3662 4129 ἡμάρτο-

2092 4170 2211 4224 μεν,
2263 4152 2626 4224 χρηστότητα,
2677 4151 2847 4216 ἔλεον,
2908 4149 3244 4222 οἰκτιρμούς.
3301 4143 3403 4202 ’Ὧν
3454 4147 3536 4202 δεῖ
3583 4148 3663 4220 μὴ

2089 4244 2558 4300 ἐπιλανθάνεσθαι.

2165 4334 2275 4387 Ἡδν
2301 4334 2724 4389 εὐτλατεύοντα
2762 4331 2990 4417 πόρναις
3028 4330 3157 4397 ταῖς
3206 4331 3482 4401 ἀνομίαις
3520 4344 3656 4383 σου.

2089 4419 2262 4479 Αὗταί
2289 4427 2425 4479 εἰσιν
2457 4427 2516 4479 αἱ
2559 4427 2685 4498 περὶ
2723 4424 2879 4497 ἡμῶν
2920 4424 3306 4488 ἀνταποδόσεις
3336 4422 3431 4475 τοῦ
3476 4419 3612 4474 Θεοῦ
3644 4438 3659 4450 ο

412 4514 569 4584 quod
586 4514 908 4584 propitiatus
923 4515 996 4569 sit
1024 4514 1262 4584 peccatis
1286 4514 1527 4580 nostris;
1552 4511 1815 4576 secundo,
1841 4512 1987 4581 quod

2096 4517 2171 4570 ’ότι
2203 4516 2419 4588 πρῶτον
2460 4516 2560 4587 μὲν
2590 4515 2815 4586 ἱλασμὸν
2841 4514 3003 4585 ἔθηκε
3035 4513 3141 4568 τῶν
3164 4512 3449 4584 ἡμετέρων
3477 4512 3660 4581 ἀμαρ-

424 4606 766 4662 inﬁrinitates
791 4616 1009 4662 nostras
1030 4606 1337 4673 sanaverit;
1362 4605 1543 4672 tertio,
1568 4605 1715 4677 quod
1732 4604 1799 4660 de
1826 4606 1989 4661 inter-

424 4700 504 4753 itu
552 4698 840 4754 redemerit
880 4699 1046 4753 vitam
1098 4706 1369 4762 nostram,
1415 4712 1542 4752 cum
1590 4705 1875 4766 peccatum
1924 4696 1991 4752 de

422 4788 602 4844 medio
623 4790 874 4856 sustulit;
904 4799 1127 4860 quarto,
1152 4789 1298 4859 quod
1323 4788 1543 4858 propria
1577 4802 1712 4843 usus
1755 4786 1993 4842 clemen-

424 4882 520 4945 tia,
544 4880 920 4936 misericordia
940 4890 994 4936 ct
1021 4879 1488 4946 miserationibus,
1515 4893 1619 4934 nos
1643 4877 1993 4933 coronavcrit

426 4973 738 5044 adoptionis
780 4975 981 5043 gratia;
1027 4974 1244 5044 quinto,
1268 4972 1414 5043 quod
1459 4971 1836 5043 spiritualibus
1889 4986 1991 5027 nos

424 5065 585 5120 bonis
620 5065 922 5135 repleverit,
947 5080 1066 5121 sese
1094 5065 1251 5120 nobis
1277 5066 1488 5121 donans
1514 5080 1710 5135 panem
1740 5066 1884 5121 vitae.

500 5237 553 5290 5.
579 5235 928 5291 Renovabitur
950 5246 1008 5290 ut
1029 5239 1222 5308 aquin
1230 5240 1480 5308 juventus
1512 5248 1625 5295 tua.
1645 5239 1755 5296 Deo
1787 5256 1882 5310 per
1908 5254 1995 5294 re-

425 5326 830 5394 generationem
860 5327 1201 5396 juventutem
1232 5338 1475 5385 nostram
1501 5333 1664 5400 quasi
1692 5330 1889 5400 aquila:
1909 5344 1991 5385 re-

427 5430 683 5474 novante.
731 5418 1172 5477 Resurrectionis
1217 5424 1446 5493 gratiam
1493 5423 1652 5479 nobis
1700 5422 1989 5494 significat.

426 5508 638 5577 Aquila
677 5522 857 5568 autem
884 5528 981 5569 eos
1016 5514 1110 5583 qui
1144 5515 1387 5569 renovati
1424 5524 1552 5570 sunt
1577 5522 1875 5585 comparat,
1904 5514 1992 5568 avi

426 5597 674 5652 omnium
696 5603 932 5658 maxime
960 5603 1289 5670 altivolanti,
1322 5602 1502 5673 regiae,
1526 5611 1723 5674 etquae.
1755 5602 1870 5660 sola
1899 5617 1993 5672 po—

427 5691 537 5740 test
556 5686 738 5743 radios
766 5691 897 5747 solis
917 5692 1145 5748 ﬁrmiter
1168 5693 1502 5764 conspicere.

2092 4609 2254 4661 τιῶν·
2285 4608 2536 4679 δεύτερον
2564 4609 2623 4661 δὲ
2654 4608 2754 4671 τὰς
2779 4607 3052 4677 ἡμετέρας
3096 4605 3379 4667 ἀσθενείας
3425 4604 3615 4657 ἰάσατο
3642 4616 3658 4630 ⁸

2092 4702 2273 4774 τρίτον
2300 4703 2363 4755 ὲκ
2394 4702 2600 4773 φθορᾶς
2628 4702 2782 4773 ἡμῶν
2825 4701 2922 4772 τὴν
2962 4699 3105 4769 ζωὴν
3149 4695 3514 4768 ἐλυτρώσατο,
3570 4696 3664 4748 ἁν-

2093 4793 2227 4847 ελὼν
2244 4793 2342 4865 τὴν
2360 4793 2654 4865 ἁμαρτίαν,
2680 4793 2936 4864 τέταρτον
2961 4791 3138 4861 οἰκείᾳ
3161 4787 3537 4859 φιλανθρωπία
3566 4786 3662 4839 καὶ

2040 4946 2047 4951 κ
2094 4886 2231 4955 ἐλέῳ
2276 4886 2372 4940 καὶ
2421 4888 2723 4957 οίκτιρμοῖς
2766 4884 3044 4957 χρώμενος
3091 4881 3465 4950 ἐστεφάνωσεν
3515 4879 3662 4950 ἡμᾶς

2091 4974 2170 5046 τῷ
2202 4975 2302 5046 τῆς
2342 4974 2612 5038 υἱοθεσίας
2643 4968 2973 5047 χαρίσματι·
3003 4972 3248 5042 πέμπτον
3280 4970 3386 5025 τῶν
3420 4984 3662 5039 πνευμα-

2091 5065 2261 5120 τικῶν
2294 5066 2441 5136 ἡμᾶς
2471 5064 2770 5135 ἐνέπλησεν
2808 5062 3049 5133 ἀγαθῶν,
3102 5061 3291 5116 ἑαυτὸν
3320 5061 3450 5131 ἡμῖν
3498 5059 3661 5130 ἄρτον

2093 5156 2221 5210 ὂντα
2248 5156 2392 5227 ζωῆς
2418 5156 2712 5220 ἐπιδιδούς.

2178 5247 2764 5315 Ἀνακαινισθήσεται
2809 5246 2889 5313 ὠς
2943 5243 3120 5299 ἀετοῦ
3167 5244 3207 5311 ἡ
3254 5239 3469 5309 νεότης
3520 5256 3656 5295 σου.

2093 5340 2200 5393 Τοῦ
2256 5339 2391 5394 Θεοῦ
2448 5340 2539 5393 διὰ
2598 5339 2697 5410 τῆς
2755 5337 3171 5408 παλιγγενεσίας
3225 5332 3662 5397 ἀνακαινίζοντος

2092 5434 2252 5504 ἡμῶν
2301 5434 2377 5497 ὠς
2408 5432 2569 5487 ἀετοῦ
2602 5434 2703 5505 τὴν
2734 5434 2987 5505 νεότητα..
3034 5431 3108 5485 Τὸ
3158 5431 3257 5499 τῆς
3312 5426 3662 5486 ἀναστάσεως

2093 5524 2224 5591 ἡμῖν
2255 5521 2655 5591 κατασημαίνει
2680 5522 2947 5593 χάρισμα.
2987 5520 3151 5589 Ἀετῴ
3187 5518 3242 5571 δὲ
3274 5519 3400 5581 τοὺς
3437 5516 3661 5569 ἀνακαι-

2094 5610 2383 5679 νουμένους
2415 5611 2768 5681 παρείκασεν,
2792 5612 3018 5683 ὀρνίθων
3040 5611 3294 5664 ἁπάντων
3321 5608 3435 5662 δντι
3463 5605 3663 5676 ὑψηλόν

2095 5702 2412 5773 πετεστάτῳ
2441 5704 2535 5756 καὶ
2589 5701 3015 5773 βασιλικωτάτῳ,
3076 5703 3169 5755 καὶ
3220 5703 3341 5763 ταῖς
3365 5698 3460 5753 τοῦ
3512 5696 3658 5768 ἡλίου

2098 5796 2487 5871 μαρμαρνγαῖς
2517 5794 2663 5865 μόνῳ
2690 5793 2954 5865 λαμπρῶς
2988 5791 3309 5856 ἐνατενίζειν
3340 5788 3645 5867 Structus“...
