3946 6222
378 316 485 374 455

1225 311 1285 366 S.
1325 310 1695 367 ATHANASII
1731 311 1884 368 OPP.
1929 310 2108 367 PARS
2143 308 2225 365 Ill.
2271 338 2337 349 —-
2376 304 2776 363 EXEGETICA

3498 300 3609 360 436

441 424 522 481 dit
547 424 615 480 ad
639 421 797 480 tidem
820 424 1007 480 docuit
1025 424 1256 496 hymnos
1279 423 1473 479 oﬂ‘erre
1498 423 1644 490 Deo;
1673 424 1759 479 his
1785 424 1941 480 docet

2114 423 2180 492 τῇ
2216 420 2395 474 πίστει
2427 418 2554 471 λαὸν
2580 416 2706 479 τοὺς
2753 413 2952 484 ὕμνους
2995 392 3288 480 ἀῖἱφὲρειν
3332 404 3411 479 τῷ
3462 407 3605 479 Θεῷ,
3699 412 3708 421 ’

441 525 496 572 et
523 517 761 571 declarat
803 525 1005 585 quanta
1036 515 1106 569 sit
1151 528 1239 569 res
1274 514 1395 583 ejus
1430 528 1555 583 erga
1585 527 1778 569 omnes
1807 528 1937 584 pro-

440 609 706 664 videntia.
736 608 875 674 Quia
902 621 1011 662 non
1036 606 1197 661 modo
1244 605 1550 661 caelestium
1587 613 1641 660 et
1667 603 1940 660 aeriorum

437 706 836 779 providentiam
885 704 1054 775 gerit,
1102 703 1196 758 sed
1253 702 1419 757 etiam
1452 709 1805 783 ~terrenorum
1853 704 1941 758 vel

437 798 876 853 tcnuissimornm
895 814 909 863 ;
926 795 998 849 ita
1016 803 1074 849 ut
1096 808 1162 849 ne
1177 792 1438 848 vilissima
1451 792 1668 863 quidem
1690 793 1942 848 animalia

446 889 698 960 negligat,
729 887 822 942 sed
854 885 1016 941 etiam
1046 898 1236 939 eorum
1267 898 1457 939 curam
1486 892 1658 954 gerat.

418 1062 685 1129 'Benedic,
712 1064 891 1116 anima
924 1079 1063 1127 mea,
1098 1059 1345 1114 Domino.
1374 1057 1544 1114 Docet
1569 1058 1804 1113 animam
1833 1058 1942 1114 Deo

370 1154 441 1208 ob
471 1169 723 1223 magnam
755 1152 1151 1221 providentiam
1185 1152 1307 1222 ejus
1340 1151 1677 1216 benedicere,
1713 1151 1855 1206 sicut
1884 1151 1943 1206 in

370 1249 692 1316 praecedenti
728 1248 796 1303 de
843 1248 1161 1304 liberatione
1194 1264 1224 1301 a
1250 1247 1508 1318 peccatis.
1540 1246 1759 1301 Domine
1800 1246 1942 1300 Deus

370 1356 536 1404 meus,
579 1341 951 1410 magniﬁcatus
988 1356 1042 1393 es
1095 1338 1428 1394 vehementer.
1459 1338 1540 1392 Ad
1575 1351 1723 1393 tuam
1762 1339 1943 1408 provi-

371 1430 607 1486 dentiam
637 1432 1006 1501 respicientes,
1039 1445 1073 1485 ο
1104 1430 1352 1494 Domine,
1381 1431 1627 1500 ejusdem
1664 1432 1945 1500 providen-

373 1521 462 1576 tiae
481 1529 587 1575 tua:
609 1522 978 1590 prtestantiam
1000 1520 1413 1591 magniﬁcamus
1434 1528 1655 1590 stupore
1682 1520 1941 1589 perculsi-

2112 512 2198 567 διά
2225 511 2333 565 τῶν
2364 515 2646 583 παρόντων
2681 506 2939 569 διδάσκει,
2972 502 3066 557 καὶ
3090 503 3189 572 τῆς
3219 500 3360 556 κατά
3390 501 3609 554 πάντων

2116 604 2371 676 προνοίας
2396 599 2563 656 αὕτοῦ
2585 601 2708 653 ὅσον
2748 598 2808 651 τὸ
2844 598 3035 668 χρῆμα
3065 594 3355 648 δείκνυσιν.
3391 594 3512 646 Ὅτι
3545 592 3607 646 οὕ

2118 697 2276 768 μόνον
2324 693 2431 749 τῶν
2475 690 2808 762 ἐπουρανίων
2838 690 2933 743 καὶ
2977 687 3175 759 ἀερίων
3215 685 3421 739 τίθεται
3476 685 3607 757 πρό-

2110 804 2278 854 νοιαν,
2309 785 2446 840 ἀλλὰ
2471 784 2579 855 γὰρ
2606 784 2697 837 καὶ
2725 783 2832 836 τῶν
2862 781 3118 849 ἐπιγείων
3153 781 3246 833 καὶ
3278 779 3387 832 τῶν
3415 780 3473 832 ἐν
3508 779 3606 832 αὐ-

2116 883 2227 944 τοῖς
2253 878 2630 951 σμικροτάτων
2660 893 2673 905 ο
2707 875 2781 939 ὼς
2818 873 2951 945 μηδὲ
2973 873 3078 927 τῶν
3105 872 3244 925 πάνυ
3292 869 3607 924 εὐτελεστά-

2114 989 2221 1026 των
2267 969 2420 1034 ζώων
2471 967 2713 1039 ἀμελεῖν,
2745 965 2879 1019 ἀλλά
2904 963 3221 1017 καὶτούτων
3254 964 3521 1033 προνοεῖν.

2107 1064 2378 1131 Εὺλόγει,
2406 1062 2444 1128 ἠ
2470 1058 2639 1128 ψυχή
2665 1076 2804 1126 μου,
2836 1056 2942 1110 τὸν
2967 1057 3203 1123 Κύριον.
3238 1054 3486 1107 Διδάσκει
3514 1054 3609 1108 καὶ

2042 1154 2134 1206 ἐπὶ
2158 1154 2223 1223 τῇ
2261 1150 2471 1223 μεγάλῃ
2504 1147 2727 1222 προνοίᾳ
2755 1146 2848 1200 τοῦ
2894 1146 3028 1199 Θεοῦ
3072 1144 3309 1213 εὐλογεῖν
3342 1147 3405 1215 τῇ
3461 1144 3606 1216 ψυχῇ

2042 1243 2130 1296 τὸν
2152 1241 2304 1307 Θεὸν,
2341 1241 2529 1310 ὥσπερ
2575 1238 2670 1292 καὶ
2695 1239 2786 1290 ἐπὶ
2816 1237 2893 1308 τῷ
2932 1236 3253 1308 προλαϐόντι
3279 1236 3370 1287 ἐπὶ
3393 1238 3458 1306 τῇ
3501 1235 3608 1288 τῶν

2051 1334 2464 1405 ἁμαρτημάτων
2502 1331 2812 1401 ἀπαλλαγῇ.
2860 1330 3036 1396 Κύριε
3064 1331 3096 1382 ό
3147 1329 3291 1394 Θεός
3310 1345 3454 1396 μου,
3477 1327 3609 1399 ἐμε-

2043 1428 2345 1499 γαλύνθης
2376 1423 2629 1493 σφόδρα.
2670 1420 3002 1491 Ἀφορῶντες
3025 1421 3105 1483 είς
3140 1420 3238 1490 τὴν
3272 1418 3373 1489 σὴν
3397 1418 3610 1490 πρόνοι-

2045 1537 2132 1583 αν,
2173 1513 2218 1572 ὦ
2250 1519 2516 1581 Δέσποτα,
2569 1515 2939 1588 μεγαλύνομεν
2984 1514 3080 1584 τῆς
3111 1514 3208 1584 σῆς
3255 1510 3506 1583 προνοίας
3546 1509 3612 1564 τί)

370 1612 450 1667 Ita
470 1614 613 1667 enim
649 1623 889 1668 nostram
927 1611 1321 1668 confessionem
1382 1622 1436 1667 et
1467 1612 1738 1679 decorem,
1777 1612 1830 1667 id
1865 1621 1950 1668 est

2062 1607 2274 1677 ιέγεθος
2321 1607 2764 1677 ἐκπληττόμενοι.
2827 1603 2982 1658 υῦτω
3030 1602 3139 1672 γὰρ
3184 1601 3282 1673 τὴν
3333 1601 3608 1672 ἡμετέραν

372 1704 587 1758 laudem
619 1718 744 1758 cum
768 1702 1165 1772 gloriﬁcatione
1210 1702 1388 1758 induit
1415 1717 1513 1756 ceu
1547 1701 1819 1773 quoddam
1850 1716 1944 1757 ve-

2062 1697 2431 1769 ιξομολόγησιν
2474 1698 2568 1750 καὶ
2620 1696 2951 1766 εὐπρέπειαν
2978 1734 2993 1759 ,
3045 1692 3293 1745 τουτέστι
3330 1692 3420 1744 τὸν
3464 1691 3610 1761 μετά

372 1795 713 1849 stimentum.
1967 1793 2012 1848 B
2037 1789 2342 1858 δοξολογίας
2364 1785 2532 1851 αἶνον,
2560 1788 2751 1859 ὥσπερ
2776 1805 2828 1839 τι
2856 1784 3190 1858 περιϐόλαιον
3228 1783 3603 1854 ἀμφιέννυσιν.

439 1886 496 1941 2.
534 1887 774 1939 Amictus
818 1885 1013 1940 lumine
1055 1887 1192 1940 sicut
1233 1886 1558 1939 vestimento.
1600 1884 1645 1935 A
1675 1882 1943 1954 spirituali

2128 1881 2633 1948 Ἁναϐαλλόμενος
2688 1878 2815 1947 φῶς
2878 1878 2957 1943 ὡς
3013 1874 3264 1945 ἱμάτιον.
3331 1874 3464 1927 Ἀπὸ
3513 1874 3608 1928 τοῦ

370 1975 578 2029 lumine
627 1975 888 2045 hymnum
935 1976 1148 2030 orditur
1195 1975 1319 2044 ipsi.
1362 1973 1433 2028 Ut
1472 1983 1651 2028 autem
1690 1974 1797 2027 alio
1824 1972 1943 2027 loco

2062 1971 2330 2042 νοουμένου
2362 1971 2538 2040 φωτὸς
2571 1971 2796 2041 ἄρχεται
2825 1968 2918 2022 τὸν
2947 1968 3113 2038 ὕμνον
3160 1965 3485 2020 ἀναπλέκειν
3513 1968 3612 2018 αὕ-

371 2065 570 2118 dicitur
604 2063 779 2118 lucem
822 2064 1069 2121 habitare
1109 2065 1578 2129 iuaccessibilem,
1629 2064 1720 2119 hic
1752 2063 1943 2119 eodem

2173 2065 2381 2135 ’Ὠσπερ
2408 2064 2463 2116 δὲ
2493 2065 2550 2116 ἐν
2583 2064 2751 2133 ἑτέρῳ
2781 2062 3024 2115 λέλεκται
3061 2059 3174 2128 φῶς
3206 2060 3372 2112 οἰκεῖν
3408 2059 3610 2141 ἀπρόσ-

370 2155 579 2210 lumine
603 2155 839 2211 amictus
863 2156 1087 2212 dicitur.

448 2331 502 2387 5.
540 2331 836 2387 Extendens
867 2333 1052 2387 caelum
1075 2335 1214 2389 sicut
1244 2334 1453 2403 pellem.
1493 2333 1807 2389 Secundum
1842 2334 1950 2393 hoc

371 2423 724 2492 providentia:
740 2439 876 2495 opus
894 2426 1237 2495 proponitur,
1253 2426 1396 2496 quod
1414 2441 1581 2480 manu
1597 2426 1820 2481 artificis
1836 2441 1950 2481 coe-

369 2517 484 2570 lum
499 2517 654 2587 quasi
670 2517 935 2587 quoddam
948 2532 1246 2587 expansum
1261 2512 1722 2572 extendatur.Una
1735 2531 1950 2587 quoque

370 2611 604 2666 formam
632 2610 870 2665 declarat
911 2620 1073 2680 atque
1102 2609 1417 2665 facilitatem
1464 2609 1696 2678 opiﬁcis.
1738 2608 1948 2676 Quem-

372 2697 666 2751 admodum
698 2698 840 2752 cnim
875 2698 1079 2752 homini
1110 2695 1267 2754 facile
1290 2709 1372 2753 est
1402 2698 1593 2768 pellem
1621 2700 1910 2754 extendere
1931 2740 1947 2759 .

372 2787 450 2843 ita
480 2796 534 2843 et
556 2788 665 2843 Duo
695 2790 891 2844 coelum
924 2790 1163 2844 nondum
1187 2791 1456 2845 exsistcns
1478 2790 1732 2845 condere.
1775 2789 1948 2844 Simul

373 2880 519 2935 aliud
540 2881 887 2936 adumbravit
917 2882 1149 2937 sublime
1174 2883 1491 2951 cogitatum,
1523 2882 1669 2952 quod
1693 2885 1761 2937 ad
1787 2883 1945 2937 aliam

374 2972 541 3026 vitam
577 2973 678 3027 iter
707 2972 1082 3040 instituamus,
1109 2983 1162 3028 et
1199 2975 1486 3044 praesentia
1514 2974 1624 3028 sint
1650 2974 1843 3027 umbra
1866 2974 1949 3027 lu-

373 3073 644 3131 turorum,
671 3079 735 3119 ac
769 3065 1013 3120 nondum
1047 3065 1114 3120 ad
1147 3066 1308 3136 adyta
1332 3064 1822 3135 penetraverimus,
1852 3065 1943 3119 sed

372 3153 554 3209 adhuc
595 3155 650 3208 in
684 3157 938 3224 praesenti
975 3156 1106 3219 vita,
1142 3172 1242 3212 ceu
1279 3156 1334 3210 in
1385 3171 1546 3211 scena
1586 3158 1780 3212 simus.
1810 3155 1945 3211 Nam
1974 3159 2016 3215 C

374 3260 537 3299 scena
573 3260 763 3301 eorum
794 3257 877 3302 est
910 3263 1031 3318 quae
1065 3248 1370 3303 solvuntur.
1406 3246 1475 3300 Et
1505 3258 1622 3319 post
1647 3237 1839 3318 pauca:
1866 3248 1943 3304 Ita

375 3336 430 3391 in
473 3339 612 3392 ccelo
658 3348 994 3396 commutato
1020 3342 1166 3396 aliud
1203 3342 1305 3397 erit
1349 3342 1473 3397 vita;
1500 3351 1553 3396 et
1585 3343 1746 3397 sortis
1776 3358 1945 3412 genus

372 3429 630 3495 praesenti
674 3429 890 3484 melius.
934 3431 1048 3485 Erit
1083 3431 1228 3485 enim
1256 3433 1454 3487 coelum
1489 3447 1690 3486 novum
1722 3442 1775 3486 et
1801 3443 1944 3488 terra

375 3533 538 3573 nova.
571 3518 677 3574 Sed
706 3521 992 3579 audiamus
1020 3538 1270 3593 quaenam
1302 3524 1368 3579 de
1396 3524 1536 3580 coelo
1567 3525 1843 3594 propheta:
1859 3525 1943 3579 di—

374 3620 522 3677 cant,
546 3621 608 3666 ut
627 3627 723 3667 ora
743 3612 1058 3670 obturemus
1084 3630 1274 3669 eorum
1303 3616 1396 3684 qui
1421 3629 1671 3683 magnam
1699 3617 1749 3669 in
1778 3616 1945 3671 barba

375 3705 761 3760 conﬁdentiam
799 3708 1018 3772 habent,
1050 3710 1144 3778 qui
1197 3724 1318 3780 qua;
1367 3724 1488 3765 sese
1541 3710 1681 3764 ultro
1713 3709 1947 3764 olferunt

376 3798 548 3852 menti
577 3798 885 3869 loquentes,
913 3801 1099 3855 dicunt
1119 3801 1281 3867 etiam
1300 3803 1402 3857 sub
1427 3812 1566 3857 terra
1590 3803 1784 3857 ccelnm
1803 3819 1944 3868 esse,

377 3898 568 3945 contra
593 3906 731 3961 quos
765 3901 916 3947 stans
952 3891 1221 3963 Pmpbeta
1249 3893 1498 3949 dicebat:
1526 3893 1823 3948 Exlendens
1848 3912 1948 3948 cae-

378 3980 485 4036 lum
514 3985 650 4037 sicut
681 3982 887 4053 pellent.
918 3983 1082 4039 Pellis
1107 4001 1214 4039 non
1248 3994 1331 4041 est
1354 3986 1560 4056 sphaera
1594 3986 1860 4056 quaedam,
1886 3997 1948 4042 ut

376 4085 654 4143 nngantur
686 4073 820 4143 ipsi;
850 4074 943 4129 sed
987 4075 1162 4130 solum
1198 4074 1583 4145 hemisphaerio
1632 4076 1844 4130 cuidam
1875 4076 1949 4130 si-

377 4166 525 4222 milis
546 4175 650 4224 est.
696 4165 850 4233 Quod
888 4167 1028 4223 alius
1065 4168 1324 4237 propheta
1351 4167 1596 4222 dicebat:
1627 4166 1733 4233 Qui
1763 4169 1947 4222 statuit

376 4266 435 4308 ut
474 4257 732 4325 fornicem
768 4256 975 4322 caelum,
1003 4266 1054 4310 et
1094 4257 1324 4311 extendit
1356 4265 1414 4310 ut
1443 4256 1837 4311 tabernaculum
1877 4258 1947 4310 ad

378 4347 726 4402 habitandum
756 4351 814 4403 in
843 4358 987 4402 terra
1009 4349 1073 4404 '°.
1108 4348 1174 4402 Et
1205 4364 1422 4403 rursum
1450 4366 1463 4403 :
1501 4347 1624 4402 Non
1655 4359 1825 4413 nutat,
1856 4347 1947 4402 sed

378 4448 484 4492 stat
509 4439 648 4508 ﬁxus
671 4439 738 4494 ⁸⁷.
761 4439 837 4494 Ita
865 4441 996 4496 dicit
1017 4442 1276 4512 propheta
1299 4460 1312 4495 :
1335 4442 1440 4507 Qui
1467 4441 1586 4510 ﬁxit
1611 4440 1816 4493 caelum.
1841 4437 1946 4493 Te-

2047 2175 2176 2223 ιτον,
2213 2155 2446 2210 ἐνταῦθα
2495 2154 2625 2208 αὐτὸ
2661 2153 2821 2207 τοῦτο
2859 2153 2918 2207 τὸ
2949 2151 3062 2223 φῶς
3088 2149 3483 2206 ἀναϐάλλεσθαι
3524 2149 3616 2203 λέ-

2044 2267 2219 2318 γεται.

2127 2342 2440 2396 Ἕκτείνων
2459 2339 2565 2393 τὸν
2596 2338 2858 2406 οὐρανὸν
2881 2337 3026 2391 ὡσεὶ
3076 2336 3297 2405 δέῤῥιν.
3350 2332 3610 2403 Δεύτερον

2045 2434 2205 2487 τοῦτο
2224 2432 2480 2505 προνοίας
2502 2430 2708 2484 τίθεται
2724 2430 2903 2502 ἔργον,
2921 2430 2980 2482 τὸ
2995 2427 3329 2482 ἐκτείνεσθαι
3345 2427 3435 2490 τὸν
3451 2426 3612 2496 οὐρα-

2047 2529 2135 2581 νὸν
2158 2525 2344 2596 ὥσπερ
2362 2542 2416 2577 τι
2451 2523 2663 2594 ἕκταμα
2686 2525 2742 2575 ἐν
2769 2522 2927 2593 χερσὶ
2941 2521 3203 2591 τεχνίτου.
3238 2518 3402 2591 Ὀμοῦ
3430 2519 3524 2571 καὶ
3552 2518 3614 2570 τὸ

2051 2622 2234 2690 σχῆμα
2252 2617 2561 2688 παρέστησε
2583 2614 2676 2668 καὶ
2698 2615 2795 2683 τὴν
2814 2612 3062 2666 εὐκολίαν
3077 2611 3168 2664 τοῦ
3188 2611 3249 2682 δη
3260 2610 3487 2681 μιουργή
3496 2625 3614 2661 σανα

2046 2734 2157 2780 τος.
2193 2715 2458 2783 Καθάπερ
2500 2710 2610 2781 γὰρ
2632 2705 2905 2777 ἀνθρώπῳ
2939 2703 3115 2775 ρᾁιον
3145 2704 3377 2755 ἐκτεῖναι
3404 2698 3615 2770 δέρριν,

2047 2808 2187 2862 οὕτω
2210 2806 2302 2860 καὶ
2329 2804 2405 2875 τῷ
2433 2801 2551 2872 Θεῷ
2583 2801 2674 2853 τὸν
2703 2799 2803 2851 οὐκ
2823 2798 2949 2849 ὄντα
2973 2794 3189 2864 ποιῆσαι
3206 2789 3616 2862 capturi-31.19:.

2048 2902 2105 2956 δὲ
2131 2901 2221 2955 καί
2250 2918 2301 2953 τι
2332 2900 2515 2969 ’έτερον
2538 2893 2754 2966 ᾐνίξατο
2787 2890 2962 2959 νόημα
2989 2887 3208 2958 ὑψηλὸν,
3234 2885 3313 2937 ὅτι
3344 2883 3478 2954 πρὸς
3497 2882 3618 2935 ἓτε-

2050 3010 2141 3065 ρον
2174 2990 2284 3061 βίον
2308 2983 2689 3057 όδεύομεν,καὶ
2721 2982 2790 3035 τὰ
2813 2980 3054 3052 παρόντα
3094 2977 3219 3030 σκιὰ
3242 2975 3349 3028 τῶν
3394 2972 3614 3065 μελλόνο

2049 3064 2175 3147 των,
2216 3082 2311 3136 καὶ
2355 3080 2567 3133 οὐδέπω
2610 3077 2746 3147 πρὸς
2784 3074 2852 3127 τὰ
2881 3072 3046 3126 ἄδυτα
3078 3067 3472 3139 ἀφικνούμεθα,
3500 3064 3619 3119 ἀλλ’

2051 3177 2130 3229 έτι
2166 3177 2222 3227 ἐν
2246 3175 2415 3244 σκηνῇ
2460 3172 2626 3241 ἐσμεν
2658 3167 2736 3238 τῷ
2765 3165 2992 3237 παρόντι
3028 3164 3148 3233 βίῳ.
3191 3163 3255 3214 Ἣ
3298 3160 3408 3231 γὰρ
3441 3159 3616 3230 σκηνὴ

2050 3267 2158 3320 τῶν
2181 3265 2474 3331 λυομένων.
2500 3261 2609 3317 Καὶ
2632 3260 2758 3330 μετ’
2786 3259 2978 3327 (Mirm
3007 3257 3160 3310 Οὕτω
3197 3255 3292 3307 καὶ
3317 3251 3410 3306 τοῦ
3456 3253 3615 3323 οὐρα-

2052 3358 2143 3412 νοῦ
2172 3357 2265 3411 τοῦ
2300 3353 2699 3424 ἀλλασσομένου
2729 3351 2915 3422 ἕτερος
2943 3348 3096 3400 ἔσται
3125 3347 3323 3416 τρόπος
3359 3344 3503 3413 ζωῆς
3526 3342 3619 3395 καὶ

2051 3446 2203 3517 λῆξις
2230 3444 2329 3514 τῆς
2348 3443 2628 3515 παρούσης
2663 3440 2918 3511 ἀμείνων.
2957 3439 3148 3511 Ἔσται
3179 3435 3288 3506 γὰρ
3328 3436 3356 3487 ὁ
3393 3432 3622 3503 οὐρανὸς

2053 3536 2238 3598 καινὸς
2264 3536 2359 3587 καὶ⁴
2387 3534 2420 3603 ὴ
2444 3531 2515 3602 γῆ
2544 3532 2728 3601 καινή.
2776 3529 2915 3582 Ἀλλ’
2961 3524 3319 3596 ἀκουσὼμεθα
3342 3524 3442 3577 ὅσα
3492 3520 3621 3593 περὶ

2053 3621 2287 3695 οὐρανοῦ
2324 3621 2574 3690 λέγουσιν
2599 3620 2650 3672 οἱ
2677 3619 2972 3690 προφῆται,
3021 3617 3106 3669 ἴνα
3136 3616 3205 3669 τὰ
3232 3613 3472 3683 στόματα
3511 3611 3621 3665 τῶν

2056 3717 2146 3769 ἐπὶ
2161 3713 2239 3785 τῷ
2259 3712 2479 3781 πώγωνι
2510 3712 2651 3783 μέγα
2677 3708 3010 3780 φρονούντων
3037 3705 3404 3777 ἐμφράξωμεν
3425 3722 3440 3736 ο
3471 3703 3521 3757 οἳ
3550 3701 3623 3756 τὰ

2054 3806 2347 3860 ἐπελθόντα
2392 3804 2773 3874 φθεγξάμενοι,
2812 3801 2907 3855 καὶ
2950 3800 3053 3852 ὑπὸ
3081 3801 3182 3869 γῆν
3214 3797 3443 3868 οὐρανὸν
3479 3792 3621 3849 εἶναι

2054 3900 2299 3968 λέγουσι’
2333 3896 2468 3966 πρὸς
2493 3896 2585 3959 οὕς
2607 3896 2890 3965 ἱστάμενος
2917 3894 2945 3945 ὁ
2967 3893 3251 3963 προφήτης
3277 3891 3449 3957 ἐλεγεο
3493 3890 3623 3943 Ἑκ-

2055 3991 2264 4043 τείνων
2310 3987 2417 4041 τὸν
2458 3986 2718 4054 οὐρανὸν
2765 3983 2908 4038 ὡσεὶ
2960 3983 3178 4051 δέρῤιν.
3231 3983 3295 4034 Ἡ
3340 3981 3520 4052 δέρρις
3557 3979 3621 4033 οὕ

2057 4079 2259 4150 σφαῖρά
2279 4079 2362 4142 τίς
2388 4079 2504 4131 ἐστι
2532 4077 2673 4130 κατὰ
2694 4075 2792 4147 τὴν
2818 4076 3040 4128 ἐκείνων
3088 4074 3151 4144 λη
3160 4072 3354 4144 ρωδίαν
3375 4087 3390 4102 ·
3425 4071 3542 4125 ἀλλ’
3571 4072 3622 4125 εί

2059 4171 2132 4243 μὴ
2163 4171 2369 4241 κυκλίῳ
2399 4170 2506 4222 τινὶ
2533 4168 2627 4223 καὶ
2653 4165 2995 4239 ἡμισφαιρίῳ
3037 4165 3377 4237 προσέοικεν.
3444 4163 3620 4235 Ὅπερ

2054 4256 2148 4313 οὖν
2194 4260 2377 4331 ἔτερος
2431 4258 2714 4329 προφήτης
2768 4255 2944 4328 δηλῶν
3002 4255 3184 4324 ἔλεγεν
3206 4272 3221 4284 ·
3281 4255 3342 4307 '0
3384 4252 3621 4319 στήσας

2054 4352 2134 4417 ὡς
2163 4350 2436 4418 καμάραν
2455 4350 2564 4402 τὸν
2591 4349 2871 4416 οὐρανὸν,
2895 4348 2994 4401 καὶ
3034 4348 3333 4413 διατείνας
3356 4348 3436 4412 ὡς
3475 4361 3620 4413 σκη-

2054 4442 2173 4510 νὴν
2197 4441 2494 4495 κατοικεῖν
2514 4440 2614 4494 ἐπὶ
2639 4440 2748 4508 τῆς
2767 4440 2899 4510 γῆς.
2940 4441 3049 4492 Καὶ
3083 4439 3263 4501 πάλιν,
3294 4439 3375 4491 ὅτι
3411 4440 3494 4491 Οὐ
3519 4450 3622 4489 πε-

378 4533 752 4602 nuitatemqne
772 4533 892 4603 ejus
922 4533 988 4587 ad
1017 4549 1291 4589 summum
1321 4548 1498 4603 usque
1525 4534 1809 4589 declarans
1827 4533 1903 4585 ait
1932 4547 1946 4585 :

2062 4533 2364 4595 οιδονεῖται
2388 4551 2402 4565 ·
2436 4534 2572 4589 ἀλλ’
2610 4533 2829 4600 ἕστηκε
2875 4530 3174 4602 πεπηγώς.
3217 4529 3371 4584 Οὕτω
3396 4528 3560 4600 φησὶν
3591 4530 3621 4582 ό

379 4623 581 4678 Caelum
629 4627 762 4680 sicut
808 4626 984 4696 fumus
1030 4627 1301 4695 ﬁrmatum
1355 4635 1452 4681 est.
1499 4627 1604 4691 Qui
1652 4626 1772 4695 tegit
1796 4625 1947 4694 aquis

2062 4629 2355 4700 προφήτης,
2400 4626 2462 4680 '0
2485 4625 2685 4694 πήξας
2710 4625 2817 4678 τὸν
2836 4625 3118 4691 οὐρανόν.
3164 4622 3277 4676 Καὶ
3302 4623 3401 4692 τὴν
3430 4619 3622 4674 λεπτό-

378 4717 657 4785 superiora
694 4717 827 4785 ejus.
870 4716 1120 4773 Ostendit
1159 4731 1267 4772 non
1300 4726 1503 4772 temere
1548 4731 1812 4786 aquarum
1843 4715 1952 4772 fre-

2062 4737 2189 4791 ιητα
2215 4720 2270 4773 δέ
2292 4720 2456 4774 αὐτοῦ
2483 4720 2583 4790 τὴν
2615 4721 2695 4781 εἰς
2728 4717 2895 4788 ἄκρον
2925 4714 3204 4786 παριστῶν
3234 4714 3437 4782 ἔλεγεν,
3461 4714 3539 4766 ὅτι
3557 4713 3619 4764 ὀ

378 4808 658 4876 quentiam
710 4810 766 4864 in
822 4825 947 4865 aere
1010 4809 1385 4871 circumferri,
1444 4807 1539 4864 sed
1591 4808 1764 4878 ipsum
1832 4823 1948 4862 rem

2062 4811 2307 4879 οὐρανὸς
2337 4812 2481 4867 ὡσεὶ
2504 4810 2734 4876 καπνὸς
2755 4808 3104 4878 ἐστερεώθη.
3155 4808 3210 4859 Ὀ
3243 4804 3539 4877 στεγάζων
3551 4804 3621 4857 ἐν

378 4914 538 4969 agere
580 4901 923 4972 providentia
955 4902 1214 4972 quadam,
1251 4901 1326 4955 ita
1363 4908 1423 4954 ut
1450 4900 1677 4954 nubium
1722 4900 1949 4955 concin-

378 4988 551 5043 nitate
572 5000 626 5044 et
644 4989 914 5060 positione
930 4991 1217 5046 videantur
1243 4991 1349 5060 tegi
1367 4989 1631 5044 canorum
1655 4996 1856 5058 partes.

2053 4902 2233 4957 ὕδασι
2259 4905 2331 4959 τὰ
2354 4903 2592 4972 ὑπερῷα
2620 4902 2806 4957 αὑτοῦ
2824 4920 2838 4933 ο
2870 4901 3159 4963 δείκνυσιν,
3184 4900 3258 4961 ὡς
3284 4899 3383 4951 οὐκ
3411 4897 3534 4967 εἰκῆ
3553 4896 3621 4949 τά

2055 4995 2162 5047 τῶν
2187 4996 2395 5050 ὑδάτων
2424 4996 2743 5065 συστήματα
2768 4997 2826 5047 ἐν
2850 4994 2972 5067 ἀέρι
3020 4992 3376 5063 περιφέρεται
3398 5005 3412 5021 ⁸
3460 4988 3619 5050 αὐτὸς

378 5081 488 5153 γὰρ
541 5081 645 5152 ίδίᾳ
698 5083 925 5154 προνοίᾳ
956 5081 1079 5151 ἄγει
1120 5081 1183 5134 τὸ
1230 5082 1483 5153 πρᾶγμα,
1526 5080 1603 5144 ὡς
1650 5081 1745 5134 καὶ
1785 5080 1961 5135 δοκεῖν
2025 5083 2353 5155 ὲστεγάσθαι
2407 5091 2473 5160 τῇ
2504 5087 2614 5141 τῶν
2644 5086 2819 5155 νεφῶν
2846 5085 3144 5158 εὐαρμονίᾳ
3189 5083 3259 5137 τὰ
3321 5081 3448 5154 περὶ
3512 5080 3621 5153 τῷν

376 5174 622 5241 οὐρανῶν
651 5174 813 5246 μέρη.

456 5268 509 5321 4.
535 5266 640 5332 Qui
670 5267 818 5336 ponit
856 5267 1043 5321 nubem
1077 5282 1354 5322 ascensum
1388 5281 1562 5320 suum.
1588 5263 1754 5330 Quasi
1789 5278 1947 5332 aper-

381 5358 491 5412 tius
526 5359 771 5413 diceret:
799 5356 902 5424 Qui
948 5358 1014 5413 ad
1060 5358 1208 5427 ipsas
1238 5371 1412 5426 usque
1450 5355 1624 5409 nubes
1665 5354 1951 5424 providen-

2159 5268 2257 5318 Οτι
2288 5265 2410 5331 θεὶς
2437 5263 2588 5333 νέφη
2640 5262 2756 5331 τὴν
2789 5262 3070 5317 ἐπίϐασιν
3102 5260 3309 5315 αυτοῦ.
3346 5259 3487 5311 Ὠσεὶ
3521 5274 3619 5310 σα-

2058 5355 2316 5427 φέστερον
2342 5355 2540 5420 ἔδειξεν
2561 5371 2573 5384 ·
2617 5355 2674 5407 ’0
2705 5355 2800 5408 καὶ
2837 5354 2994 5424 μέχρι
3031 5352 3139 5405 τῶν
3174 5349 3408 5418 νεφελῶν
3441 5347 3618 5402 αὐτῶν

382 5448 513 5499 tiam
547 5450 818 5516 extendit;
855 5463 1147 5504 ascensum
1176 5447 1324 5501 enim
1349 5458 1448 5514 pro
1488 5443 1825 5515 providentia
1863 5457 1952 5512 po-

2062 5446 2124 5499 τά
2145 5447 2243 5514 τῆς
2262 5445 2514 5519 προνοίας
2531 5444 2803 5497 ἐκτείνων.
2838 5444 2948 5513 Τὴν
2968 5442 3076 5513 γάρ
3105 5441 3356 5495 ἐπίϐασιν
3377 5438 3498 5492 ἀντὶ
3522 5438 3619 5508 τῆς

385 5539 512 5593 suit.
544 5539 648 5602 Qui
675 5541 913 5594 ambulat
963 5556 1118 5610 super
1159 5554 1351 5609 pennas
1385 5546 1678 5591 ventorum.
1704 5534 1953 5590 Declarat

2062 5535 2319 5604 προνοίας
2375 5534 2631 5591 τέθεικεν.
2685 5536 2745 5589 Ὀ
2778 5531 3113 5603 περιπατῶν
3167 5530 3264 5585 ἐπὶ
3314 5530 3619 5600 πτερύγων

453 5729 500 5763 ¹⁶
532 5733 638 5788 lsa.
669 5751 758 5800 τι,
795 5737 883 5793 ‘22.
962 5741 1005 5771 ⁸⁷
1037 5739 1138 5795 lsa.
1174 5756 1247 5806 Li,
1287 5738 1338 5795 6.
