3946 6222
290 324 388 382 157

1422 311 1778 371 ΕΧΡΟΞΙΤΙΟ
1818 310 1888 365 ιΝ
1925 309 2257 366 PSALMUM
2295 307 2431 365 Cll].

3411 294 3519 355 ιεε

290 437 542 508 ἀνέμων.
601 433 901 494 Δείκνυαιν,
933 432 1011 496 ὼς
1063 431 1183 485 οὑδὲ
1216 431 1250 500 ἡ
1300 428 1408 483 τῶν
1446 429 1660 499 ἀνέμων
1709 425 1850 496 φορὰ

1966 440 2063 480 non
2106 434 2309 479 temere
2352 422 2482 477 ferri
2518 430 2800 476 ventorum
2848 417 3145 486 impetum;
3188 415 3281 471 sed
3339 418 3517 487 ipsum

288 529 406 599 εἰκῆ
439 527 663 598 φέρεται
685 543 699 556 ·
731 525 844 580 ἀλλ’
876 524 1037 588 αὑτός
1083 528 1230 578 ἐστιν
1270 523 1458 595 ὥσπερ
1507 538 1588 586 τις
1640 519 1852 590 ἡνίοχος

1951 530 2071 570 esse
2093 515 2251 584 quasi
2280 514 2527 585 aurigam
2557 511 2868 582 quemdam,
2891 508 3035 577 quod
3063 506 3320 561 ascendat
3357 520 3519 579 super

289 619 464 675 αὐτῶν
513 617 827 688 γινόμενος,
891 615 980 669 διὰ
1023 614 1116 669 τοῦ
1163 618 1284 679 ταῖς
1327 613 1507 668 αὐτῶν
1555 609 1853 665 ὲπιύαίνειν

1966 620 2156 659 iennas
2180 603 2324 674 ejus.

290 712 568 783 πτέρυξιν.

366 805 432 858 '0
474 802 664 857 ποιῶν
695 802 837 865 τοὺς
887 800 1179 871 ἀγγέλους
1212 799 1399 855 αὐτοῦ
1429 797 1753 865 πνεύματα.
1792 794 1852 846 '0

289 897 544 966 κούφους,
572 896 726 966 φησὶ,
756 896 849 949 xui.
877 895 1198 966 μεταρσίους
1224 894 1347 956 τοὺς
1374 889 1635 959 ἀγγέλους
1663 888 1848 942 ποιῶν.

290 989 395 1042 Kal
424 987 567 1052 τοὺς
592 987 972 1055 λειτουργοὺς
1013 984 1197 1040 αὐτοῦ
1226 985 1346 1052 πῦρ
1391 981 1632 1051 solerem
1669 978 1853 1042 Οὕτως

289 1074 394 1132 εἶδε
422 1077 666 1149 Μωῦσῆς
692 1079 751 1131 ὲν
788 1077 921 1149 πυρὶ
954 1076 1148 1145 φλογὸς
1197 1075 1287 1129 τὸν
1336 1073 1563 1141 ἄγγελον
1593 1070 1853 1124 λαλοῦντα

289 1188 454 1241 αυτῳ.

366 1263 428 1315 '0
449 1261 743 1332 θεμελιῶν
764 1262 879 1331 τὴν
908 1262 1027 1334 γῆν
1055 1262 1153 1316 ἐπὶ
1175 1261 1291 1330 τὴν
1316 1259 1672 1329 ἀσφάλειαν.
1700 1252 1868 1310 Μετὰ.

288 1354 345 1407 τὸ
369 1355 542 1420 δεῖξαι
573 1354 670 1426 τὴν
718 1356 775 1411 ὲν
815 1355 894 1426 τῷ
925 1355 1136 1428 οὐρανῷ
1176 1355 1431 1426 πρόνοιαν
1457 1350 1550 1405 τοῦ
1592 1350 1852 1418 δημιουρ-

288 1443 404 1513 τοῦ,
439 1445 656 1515 πρόεισι
681 1446 774 1499 καὶ
802 1446 929 1515 περὶ
962 1444 1069 1498 τῶν
1102 1446 1162 1498 ὲν
1195 1447 1260 1516 τῇ
1284 1446 1355 1513 γῇ
1382 1441 1637 1512 πρόνοιαν
1664 1434 1851 1491 αὑτοῦ.

288 1536 426 1590 Αὐτὸ
456 1536 617 1590 τοῦτο
658 1537 753 1602 τὸ,
795 1536 1022 1609 στερεὰν
1077 1535 1248 1607 αὐτὴν
1292 1530 1455 1589 οὖσαν
1506 1533 1600 1587 καὶ
1634 1530 1854 1601 βαρεῖαν

292 1629 375 1696 ἐφ’
402 1630 579 1699 ὑγρᾶς
615 1627 941 1699 ἑδρασθῆναι
968 1627 1176 1692 οὐσίας.

212 1729 217 1733 ’
362 1718 662 1785 Ἇὸυσσος
697 1721 779 1785 ὡς
831 1720 1061 1790 ἱμάτιον
1108 1720 1177 1773 τὸ
1224 1718 1601 1786 περιϐόλαιον
1643 1710 1848 1767 αὐτοῦ.

287 1807 456 1860 Δύτοῦ
483 1809 583 1878 μὲν
614 1809 706 1862 τοῦ
733 1810 832 1880 τῆς
864 1811 968 1880 γῆς
998 1807 1262 1878 στοιχείου
1296 1804 1447 1877 φησί.
1480 1804 1643 1870 Λέγει
1671 1802 1747 1865 δὲ,
1771 1801 1851 1853 ὅτι

287 1896 472 1969 ὥσπερ
500 1900 704 1969 ἱματίῳ
732 1899 1020 1971 περιέϐαλε
1039 1901 1107 1968 τῇ
1137 1897 1358 1968 ἁϐύσσῳ
1390 1895 1490 1967 τὴν
1510 1896 1631 1964 γῆν,
1654 1891 1851 1958 ἔξωθεν

288 1991 467 2043 πᾶσαν
484 1989 833 2061 περικυκλῶν
854 1989 1028 2042 ὕδατι.
1046 1989 1176 2043 Ἐπὶ
1197 1987 1317 2042 τῶν
1327 1985 1510 2055 ὀρέων
1522 1982 1854 2049 στήσονται

287 2078 495 2144 ὕδατα,
529 2097 591 2135 κ.
609 2096 661 2133 τ.
688 2078 739 2133 λ.
776 2080 863 2142 Ὠς
892 2080 1015 2151 ὅρη,
1060 2080 1213 2151 φησι,
1248 2079 1317 2133 τὰ
1346 2078 1449 2147 τῆς
1478 2075 1716 2131 ἀϐύσσου
1762 2076 1856 2125 ἀν-

289 2170 542 2223 ιστῶνται
570 2170 736 2224 ὕδατα
767 2171 1067 2242 ὑψούμενα,
1104 2172 1198 2225 καὶ
1226 2170 1388 2224 οἱονεὶ
1403 2168 1726 2222 ἀπειλοῦντα
1753 2181 1853 2218 κα-

286 2256 555 2310 τακλῦσαι
598 2258 699 2328 τὴν
726 2258 861 2328 γῆν·
899 2246 1035 2313 ἀλλὰ
1061 2258 1138 2329 τῷ
1185 2258 1262 2329 σῷ
1286 2257 1514 2329 νεύματι
1548 2257 1643 2310 καὶ
1688 2257 1753 2326 τῇ
1786 2256 1853 2325 σῇ

284 2345 533 2416 δυνάμει,
559 2348 679 2419 ἥτις
705 2348 801 2402 καὶ
831 2348 919 2401 διὰ
946 2349 1047 2419 τῆς
1088 2349 1314 2421 βροντῆς
1346 2348 1686 2419 σημαίνεται,
1725 2346 1854 2398 ἀνα-

286 2437 545 2509 χωροῦσι,
578 2440 742 2510 φησίν
765 2458 779 2471 ·
809 2440 841 2511 ἢ
875 2442 1017 2511 τάχα
1042 2443 1135 2495 καὶ
1165 2442 1261 2506 τὰς
1302 2441 1529 2513 βροντὰς
1562 2440 1649 2495 διὰ
1698 2438 1856 2492 τοῦτο

288 2530 615 2601 γεγενῆσθαι
637 2549 790 2604 φησι.
816 2533 952 2605 πρὸς
981 2533 1041 2586 τὸ
1070 2532 1233 2603 φόϐον
1268 2532 1391 2586 τινὰ
1427 2530 1724 2602 λαμϐάνειν
1750 2529 1856 2583 ἀπὸ

287 2622 391 2675 τῶν
422 2625 724 2695 γινομένων
763 2626 863 2695 τῆς
907 2626 1146 2681 ἀϐύσσου
1172 2626 1241 2680 τὰ
1272 2625 1458 2680 ὕδατα.
1487 2627 1551 2679 Et
1584 2624 1640 2678 δὲ
1674 2625 1856 2677 ἐκεῖνα

287 2714 441 2769 τοῦτο
473 2718 759 2788 ὑπομένει,
800 2718 982 2790 πολλῷ
1028 2719 1191 2775 πλέον
1221 2720 1283 2773 τὸ
1321 2717 1559 2773 τοιοῦτον
1587 2718 1667 2770 δεῖ
1711 2717 1856 2786 ἡμᾶς

290 2807 499 2863 παθεῖν.

366 2902 826 2957 Ἀναϐαινουσιν
867 2904 973 2972 ὅρη
1024 2903 1125 2958 καὶ
1181 2904 1609 2957 καταϐαίνουσι
1660 2900 1861 2956 πεδία.

300 2992 629 3063 Ὑψούμενα,
662 2995 812 3066 φησὶ,
842 2995 911 3049 τὰ
933 2995 1101 3049 ὕδατα
1123 2994 1512 3067 παρεικασθείη
1537 2994 1602 3048 ἂν
1627 2994 1808 3065 ὄρεσιν
1839 3009 1855 3025 °

2024 785 2076 840 5.
2121 785 2225 850 Qui
2268 785 2399 855 facit
2441 782 2651 852 angelos
2685 796 2807 834 suos
2841 778 3082 846 spiritus.
3127 774 3231 841 Qui
3273 771 3516 843 angelos,

1953 877 2147 947 inquit,
2192 877 2336 933 leves
2369 884 2422 930 et
2469 873 2731 930 sublimes
2778 868 2926 923 facit.
2974 866 3039 920 Et
3090 866 3357 920 ministros
3395 878 3519 916 suos

1952 966 2122 1037 ignem
2164 977 2419 1020 urentem.
2461 963 2538 1018 lla
2578 961 2713 1016 vidit
2756 959 2966 1030 Moyses
2998 958 3052 1012 in
3097 956 3314 1010 ﬂamma
3377 953 3518 1023 ignis

1953 1058 2202 1127 angelum
2234 1058 2337 1113 sibi
2364 1060 2696 1127 loquentem.

2026 1252 2131 1319 Qui
2181 1251 2424 1322 fundavit
2498 1258 2694 1303 terram
2744 1261 2900 1315 super
2948 1242 3290 1297 stabilitatem
3347 1252 3518 1292 suam.

1953 1342 2252 1413 Postquam
2279 1339 2515 1396 ostendit
2539 1335 2842 1392 conditoris
2864 1334 2919 1388 in
2944 1333 3083 1389 coelo
3100 1328 3518 1402 providentiam,

1953 1434 2302 1505 progreditur
2356 1431 2423 1484 ad
2478 1427 2870 1499 providentiam
2928 1424 3049 1493 ejus
3103 1436 3231 1490 erga
3285 1428 3517 1473 terrena.

1953 1525 2110 1594 Quod
2136 1526 2290 1579 ﬁrma
2331 1523 2428 1577 illa
2448 1531 2503 1576 et
2536 1520 2716 1591 gravis
2743 1533 2866 1574 cum
2900 1516 2991 1579 sit,
3026 1515 3082 1568 in
3113 1511 3335 1567 humida
3388 1509 3520 1563 sub-

1955 1617 2153 1674 snantia
2180 1615 2404 1670 fundata
2435 1613 2618 1666 fuerit.

2026 1709 2080 1773 6,
2120 1709 2170 1761 7.
2201 1707 2431 1778 Abyssus
2455 1708 2589 1760 sicut
2618 1706 2979 1758 vestimentum
3000 1699 3225 1752 amictus
3249 1696 3386 1766 ejus,
3417 1692 3522 1747 elc-

1955 1803 2122 1857 menti
2150 1802 2360 1857 scilicet
2390 1800 2614 1856 terreni.
2662 1799 2751 1851 Ait
2780 1797 2963 1867 igitur,
2993 1794 3191 1864 abysso
3220 1805 3320 1844 ceu
3348 1787 3518 1843 vesti-

1954 1903 2138 1947 mento
2168 1890 2597 1946 circumdedisse
2628 1898 2850 1950 terram,
2886 1895 3053 1939 totam
3092 1880 3331 1938 exterius
3361 1877 3516 1948 aquis

1954 1984 2222 2039 ambiens.
2256 1981 2426 2052 Super
2464 1991 2663 2035 montes
2707 1978 2920 2033 stabunt
2967 1989 3138 2045 aqua,
3186 1980 3292 2026 etc.
3322 1970 3521 2041 Abyssi

1954 2092 2130 2147 aqua),
2155 2077 2250 2143 ait,
2291 2076 2466 2130 instar
2500 2073 2767 2129 montium
2799 2070 3061 2126 sublimes
3107 2066 3414 2134 insurgunt,
3465 2072 3520 2114 et

1954 2169 2112 2239 quasi
2141 2170 2467 2239 minitantur
2499 2168 2845 2235 submergere
2890 2173 3113 2226 terram,
3154 2159 3247 2215 sed
3297 2165 3428 2210 nutu
3465 2163 3519 2207 et

1954 2268 2221 2329 potestate
2254 2270 2367 2325 tua,
2397 2274 2519 2329 quae
2558 2272 2655 2329 per
2707 2255 2914 2311 tonitru
2959 2252 3315 2322 signiﬁcatur,
3369 2259 3518 2305 rece-

1954 2352 2130 2407 dunt:
2163 2360 2257 2406 aut
2280 2351 2514 2405 fortasse
2542 2351 2663 2404 ideo
2695 2347 2937 2402 tonitrua
2967 2343 3083 2398 ﬁeri
3122 2341 3216 2407 ait,
3250 2346 3311 2393 ut
3335 2352 3400 2392 ex
3426 2350 3517 2406 ge-

1956 2444 2057 2499 stis
2090 2443 2255 2498 rebus
2284 2443 2481 2497 timore
2512 2440 2746 2511 quodam
2800 2437 3104 2493 aﬂiciantur
3130 2447 3283 2501 aquae
3314 2429 3514 2500 abyssi.

1956 2532 2112 2600 Quod
2152 2536 2198 2590 si
2231 2535 2283 2589 id
2318 2535 2424 2588 illis
2458 2533 2693 2598 eveniat,
2743 2530 2915 2587 multo
2940 2525 3114 2599 magis
3157 2522 3333 2580 simile
3361 2520 3519 2580 nobis

1957 2627 2271 2697 contingere
2295 2641 2519 2681 necesse
2541 2634 2642 2680 est.

2029 2887 2083 2953 8,
2112 2886 2166 2940 9.
2197 2882 2498 2939 Ascendunt
2525 2890 2727 2936 montes
2764 2888 2814 2934 et
2848 2880 3162 2934 descendunt
3190 2878 3385 2948 campi.
3416 2877 3523 2931 Ex-

1959 2979 2163 3042 altataa,
2203 2978 2299 3042 ait,
2333 2991 2489 3046 aquae
2511 2977 2636 3047 jure
2665 2973 2947 3028 montibus
2978 2980 3382 3043 comparentur,
3429 2971 3523 3026 sed

286 3082 400 3135 ἀλλ’
434 3083 751 3152 ἁπλούμενα
785 3082 945 3138 πάλιν
977 3084 1082 3137 ὑπὸ
1105 3082 1198 3136 τοῦ
1229 3082 1322 3137 σοῦ
1354 3063 1540 3152 φόϐου,
1562 3063 1725 3136 οἱονεὶ
1757 3099 1856 3137 πε-

1966 3071 2183 3133 sedatae,
2212 3068 2412 3138 inquit,
2440 3084 2537 3138 per
2569 3066 2821 3121 timorem
2862 3073 3042 3128 tuum,
3088 3063 3246 3134 quasi
3298 3077 3524 3132 campus

284 3173 405 3239 διας
444 3176 538 3229 καὶ
574 3175 751 3247 ὁμαλὴ
791 3177 1001 3244 γίνεται
1035 3176 1128 3247 γῆ.
1173 3174 1568 3246 Ἐθεμελιωσας
1608 3175 1718 3247 γὰρ
1759 3176 1857 3229 αὐ·
1895 3192 1902 3201 '

285 3269 397 3331 ⁴τοῖς
419 3267 584 3321 τόπον
612 3267 672 3321 ὃν
692 3269 791 3339 οὐχ
805 3263 916 3321 οἷόν
936 3286 997 3322 τε
1012 3267 1358 3340 ὑπερϐαίνειν
1378 3268 1535 3322 αὑτά.
1564 3270 1673 3323 Καὶ
1699 3268 1856 3323 τοῦτό

288 3357 424 3418 ἐστι,
454 3358 548 3410 τό·
606 3358 808 3427 Ὅριον
851 3358 992 3413 ἔθου
1040 3359 1072 3412 ὃ
1115 3360 1188 3413 οὐ
1237 3360 1734 3427 παρελεύσονται.
1764 3359 1857 3412 Διὸ

287 3447 407 3503 οὐδὲ
429 3448 720 3503 ὲπικλῦσαι
740 3451 991 3505 δύνανται
1018 3453 1118 3522 τὴν
1144 3453 1267 3524 γῆν.
1296 3454 1516 3523 ’Ὅμοιον
1539 3451 1595 3504 δὲ
1630 3452 1692 3505 τὸ
1718 3452 1857 3522 πρὸς

291 3539 384 3611 τὴν
410 3539 683 3595 θάλασσαν
714 3543 1006 3614 εἰρημένον
1040 3543 1129 3597 διὰ
1164 3544 1259 3598 τοῦ
1301 3544 1582 3614 προφήτου
1608 3558 1623 3575 ⁸
1667 3543 1857 3613 Μέχρι

291 3633 500 3686 τούτου
525 3632 755 3702 στήσῃ,
789 3635 887 3689 καὶ
909 3637 1023 3705 οὐχ
1046 3637 1381 3706 ὑπερϐήσῃ.
1418 3638 1570 3692 Ἀλλ’
1589 3636 1660 3691 ἐν
1679 3650 1857 3691 σεαυ-

290 3725 366 3794 τῇ
395 3727 906 3796 συντριϐήσονταί
936 3743 1053 3784 σου
1082 3732 1155 3785 τὰ
1181 3733 1431 3799 κύματα.

371 3817 504 3871 Ἀνὰ
525 3818 724 3888 μέσον
777 3818 895 3872 τῶν
944 3819 1127 3888 ὀρέων
1180 3820 1592 3875 διελεύσονται
1644 3820 1853 3875 ὕδατα.

291 3908 444 3963 Κατὰ
476 3911 644 3981 μέρος
687 3909 981 3980 δοξολογῶν
1035 3912 1327 3983 ἐπέρχεται
1372 3915 1439 3983 τῇ
1476 3913 1720 3983 προνοίᾳ,
1763 3912 1857 3964 καὶ

288 3996 385 4068 τὴν
430 3999 569 4068 μετὰ
613 4000 804 4069 σοφίας
853 4000 1196 4072 τεθαύμακεν
1241 4000 1574 4071 ἀγαθότητα,
1617 4001 1711 4053 καὶ
1757 4003 1856 4071 τῆς

290 4088 395 4142 τῶν
428 4089 642 4158 ἀλόγων
673 4090 827 4155 ζώων
850 4092 1270 4163 πεφροντικότος
1290 4092 1552 4162 διαμονῆς
1584 4090 1676 4143 τοῦ
1697 4089 1852 4144 Θεοῦ’

292 4181 519 4252 ποιήσας
571 4180 682 4253 γὰρ
719 4181 880 4244 αὐτὰ,
912 4184 1008 4237 καὶ
1054 4184 1243 4255 τρέφει
1270 4184 1366 4236 καὶ
1397 4181 1625 4247 ποτίζει.
1670 4182 1761 4235 Διὸ
1789 4181 1859 4235 τὰ

292 4272 388 4344 Em
414 4271 617 4344 τεμὼν,
651 4273 882 4345 πάροδον
920 4276 1033 4338 τοῖς
1065 4274 1249 4329 ὕδασιν
1278 4274 1622 4346 ἐτεκτήνατο.

1959 3174 2013 3219 et
2051 3173 2210 3217 terrae
2240 3162 2497 3231 planities
2525 3160 2851 3216 efﬁciuntur.
2876 3156 3138 3213 Fundasti
3161 3155 3359 3226 quippe
3390 3154 3523 3225 ipsis

1959 3258 2164 3323 locum,
2192 3271 2355 3326 quem
2386 3252 2733 3325 prmtergrcdi
2760 3267 2868 3306 non
2898 3261 3148 3320 possunt.
3189 3249 3365 3317 Atque
3392 3246 3523 3299 illud

1957 3359 2043 3405 est
2095 3348 2247 3418 quod
2297 3346 2546 3402 dicitur:
2599 3342 2905 3399 Terminum
2961 3339 3181 3410 posuisti
3219 3353 3369 3409 quem
3421 3350 3527 3389 non

1961 3441 2442 3512 transgredientur.
2482 3437 2662 3504 Quare
2700 3433 2966 3489 inundare
3006 3439 3202 3485 terram
3242 3442 3349 3483 non
3402 3442 3527 3496 pos-

1959 3542 2109 3589 sunt.
2154 3531 2345 3586 Simile
2373 3541 2552 3585 autem
2583 3528 2715 3582 illud
2751 3534 2834 3580 est
2861 3523 3007 3594 quod
3038 3522 3175 3577 mari
3223 3521 3355 3575 dicit
3400 3535 3525 3589 pro-

1958 3628 2164 3695 pheta:
2205 3625 2475 3678 Hactenus
2504 3621 2691 3684 stabis,
2716 3633 2878 3688 neque
2903 3614 3188 3670 transilies.
3236 3611 3339 3668 Sed
3379 3613 3431 3666 in
3477 3623 3523 3664 te

1958 3720 2073 3788 ipso
2106 3729 2439 3773 conterentur
2467 3716 2661 3785 ﬂuctus
2688 3714 2765 3766 tui
2789 3712 2870 3766 ⁸⁸..

2030 3810 2118 3865 10.
2148 3810 2297 3865 Inter
2332 3809 2562 3862 medium
2617 3805 2872 3858 montium
2919 3799 3311 3872 pertransibunt
3353 3812 3522 3867 aqua.

1959 3903 2367 3959 Providentiam
2404 3899 2645 3955 celebrat
2670 3895 2981 3951 minutatim
3010 3901 3158 3964 gesta
3188 3890 3306 3959 ejus
3344 3902 3529 3955 perse-

1959 4008 2156 4065 quens,
2199 3992 2411 4049 scilicet
2436 3989 2735 4045 bonitatem
2777 3986 2897 4055 ejus
2931 3998 3053 4038 cum
3092 3979 3356 4049 sapientia
3398 3993 3528 4032 con-

1957 4089 2203 4158 junctam
2247 4084 2497 4148 miratur,
2564 4094 2774 4135 necnon
2816 4073 3274 4147 perseverantiam
3333 4069 3425 4125 Dei
3470 4070 3527 4123 in

1959 4178 2219 4236 curandis
2245 4176 2428 4233 brutis
2477 4171 2882 4229 animantibus:
2916 4183 3042 4222 nam
3089 4174 3375 4235 postquam
3409 4162 3527 4230 ipsa

1960 4271 2236 4338 condidit,
2289 4268 2479 4324 eadem
2530 4264 2703 4319 nutrit
2746 4272 2800 4317 et
2855 4267 3022 4332 potat.
3081 4257 3261 4325 Quare
3314 4263 3526 4308 montes

1962 4365 2235 4431 scindens,
2269 4360 2427 4432 aquis
2454 4358 2743 4413 transitum
2772 4354 3073 4410 fabricatus
3106 4359 3209 4406 est.

356 4442 645 4503 Ποτιοῦσι
672 4447 869 4502 πάντα
894 4449 969 4504 τὰ
995 4450 1168 4518 θηρία
1204 4449 1309 4504 τοῦ
1334 4448 1541 4519 ἀγροῦ.
1577 4447 1732 4502 Οὕτω
1760 4449 1853 4502 καὶ

2032 4460 2124 4514 Η.
2157 4456 2429 4511 Potabunt
2453 4467 2630 4507 omnes
2672 4449 2849 4503 bestia:
2875 4447 3012 4517 agri.
3059 4447 3136 4499 ita
3185 4442 3361 4498 brutis
3411 4440 3530 4495 ani—

293 4538 396 4592 τῶν
418 4539 628 4608 ἀλόγων
662 4537 816 4603 ζώων
844 4542 940 4595 καὶ
988 4541 1233 4613 ἑρπετῶν
1262 4542 1357 4597 καὶ
1384 4541 1588 4614 θηρίων
1618 4545 1854 4613 προνοεῖ,

294 4632 366 4695 ὡς
394 4634 491 4687 καὶ
522 4633 732 4697 τούτοις
763 4635 826 4688 τὸ
854 4635 990 4706 πρὸς
1018 4634 1162 4706 ζωὴν
1185 4636 1455 4706 χρήσιμον
1485 4636 1854 4706 ἐπιχορηγεῖν.

297 4723 733 4791 Προσδέξονται
753 4724 993 4794 ὄναγροι
1015 4727 1104 4790 εὶς
1123 4725 1310 4794 δίψαν
1331 4725 1548 4780 αὐτῶν.
1573 4726 1681 4779 Καὶ
1701 4723 1857 4778 τοῦτο

295 4813 387 4884 τῆς
412 4814 512 4884 σῆς
552 4815 809 4886 προνοίας
849 4815 995 4869 ἐστὶν
1024 4815 1202 4889 ἔργον,
1236 4816 1301 4869 τὸ
1340 4816 1415 4888 μὴ
1450 4817 1611 4887 μόνον
1639 4816 1726 4871 διὰ
1758 4816 1857 4881 τὰς

298 4906 414 4976 περὶ
434 4906 772 4978 χειμάρρους
799 4905 946 4978 ὧρας
977 4908 1034 4960 ὲν
1064 4909 1184 4972 ταῖς
1214 4907 1454 4980 φάραγξι
1476 4909 1569 4962 καὶ
1601 4910 1713 4972 τοῖς
1733 4906 1863 4961 θάλ-

297 5010 452 5049 πουσι
499 4997 690 5062 τόποις
723 4996 1175 5061 ὓδαταηδίδοσθσι,
1203 4998 1337 5052 ἀλλὰ
1356 4999 1465 5071 γὰρ
1491 4998 1586 5052 καὶ
1626 4998 1729 5052 ἀνὰ
1765 4998 1858 5069 μέ-

299 5099 383 5138 σον
403 5086 510 5141 τῶν
539 5087 734 5159 ὀρέων,
765 5088 912 5150 ὅπως
940 5086 1008 5142 ἂν
1037 5087 1377 5159 τῶνάγρίων
1402 5086 1559 5153 ζώων,
1579 5088 1648 5141 τὰ
1673 5088 1861 5159 ἥμερα

295 5174 740 5249 ὃιαδράσκωνται,
776 5179 834 5232 ὲν
854 5178 972 5251 ῶρᾳ
1001 5179 1496 5235 διαναπαύσωνται.

361 5269 617 5332 Ποτίζων
666 5270 774 5338 ὄρη
813 5270 882 5324 ἐκ
912 5270 1032 5325 τῶν
1074 5270 1358 5340 ὑπερῴων
1401 5271 1608 5327 αὑτοῦ.
1643 5272 1857 5336 Ποτίζει

297 5356 397 5430 γὰρ
425 5358 525 5431 ὅρη
560 5360 662 5414 καὶ
705 5360 864 5413 πεδία
906 5362 1005 5415 οὐκ
1056 5362 1163 5416 ἀπὸ
1210 5364 1317 5416 τῶν
1361 5364 1418 5416 ὲν
1453 5367 1573 5426 ταῖς
1618 5362 1858 5435 φάραγξι

295 5449 497 5520 πηγῶν,
532 5451 567 5521 ἦ
619 5450 731 5504 τῶν
767 5452 1079 5522 φερομένων
1105 5453 1246 5506 κατὰ
1277 5453 1383 5523 γῆς
1414 5453 1695 5524 ποταμῶν,
1741 5454 1856 5507 ἀλλ’

296 5538 491 5595 ἄνωθεν
515 5544 645 5606 τοὺς
677 5542 974 5613 αὐτάρκεις
1021 5543 1270 5615 χορηγῶν
1303 5545 1509 5608 ὑετούς.
1549 5544 1683 5600 Ἀπὸ
1717 5561 1858 5612 καρ-

365 5718 411 5764 ⁸³
427 5718 529 5779 Job
574 5739 813 5783 xxxviii,
864 5722 936 5776 Η.

1960 4548 2239 4607 mantibus
2288 4554 2398 4601 tam
2447 4542 2733 4614 reptilibus
2786 4554 2950 4609 quam
3001 4536 3135 4592 feris
3166 4534 3435 4603 providet,
3471 4541 3530 4587 ut

1958 4643 2093 4715 ipsis
2134 4639 2442 4696 necessaria
2474 4637 2541 4690 ad
2577 4635 2744 4689 vitam
2776 4630 3099 4702 suppeditet.
3137 4625 3528 4694 Exspectabam

1959 4733 2149 4803 onagri
2175 4733 2228 4785 in
2253 4731 2344 4785 siti
2374 4744 2495 4782 sua.
2525 4725 2593 4780 Et
2620 4724 2750 4779 illud
2783 4736 3002 4793 quoque
3039 4719 3392 4790 providentia:
3428 4729 3528 4774 tuae

1959 4841 2098 4897 opus
2125 4833 2231 4890 est,
2261 4835 2322 4878 ut
2347 4836 2456 4876 non
2490 4820 2665 4873 solum
2698 4817 2765 4872 ad
2795 4815 3046 4871 decorem
3073 4812 3281 4867 circum
3327 4818 3545 4863 torreo-7

1961 4929 2043 4974 tes
2064 4929 2228 4987 atque
2258 4916 2315 4970 in
2346 4913 2582 4968 vallibus
2623 4926 2687 4965 ac
2727 4907 3032 4964 virentibus
3064 4904 3201 4960 locis
3245 4916 3400 4972 aquae
3429 4901 3526 4956 da-

1959 5020 2400 5077 rentur;verum
2440 5007 2603 5062 etiam
2646 5003 2788 5058 inter
2829 4999 3069 5056 medium
3097 4995 3385 5058 montium,
3417 5006 3528 5061 quo

1958 5106 2255 5173 agrestium
2312 5098 2672 5154 animantium
2723 5092 3092 5149 mansuetiora
3126 5085 3441 5156 confugiant
3473 5092 3528 5137 et

1959 5195 2013 5248 in
2045 5192 2294 5263 specioso
2324 5191 2446 5244 loco
2472 5188 2777 5259 quiescant.

2034 5286 2121 5340 l5.
2162 5284 2362 5354 Bigans
2389 5291 2592 5336 montes
2631 5280 2695 5334 de
2734 5276 3088 5348 superioribus
3117 5272 3247 5324 suis.
3283 5268 3441 5338 [ligat
3468 5282 3527 5319 e-

1959 5378 2073 5432 nim
2099 5382 2316 5430 montes
2344 5383 2399 5428 et
2424 5385 2667 5440 campos,
2692 5383 2802 5423 non
2830 5383 2894 5420 ex
2926 5362 3169 5418 fontibus
3189 5357 3281 5427 qui
3313 5356 3365 5409 in
3393 5369 3527 5408 cou-

1956 5467 2196 5523 vallibus
2224 5473 2370 5529 sunt,
2403 5471 2498 5519 aut
2529 5478 2595 5518 ex
2623 5459 2942 5516 ﬂuminibus
2971 5455 3025 5508 in
3053 5463 3201 5505 terra
3245 5445 3518 5503 mananti-

1957 5561 2082 5629 bus,
2111 5556 2206 5617 sed
2255 5558 2487 5627 desuper
2520 5553 2858 5610 abundantes
2899 5544 3256 5616 suppeditans
3290 5540 3527 5612 pluvias.
