3946 6222
403 292 507 349 459

404 519 669 573 aquarum
701 504 911 574 copiam
942 504 1108 569 dedit,
1149 505 1223 559 ita
1252 514 1305 560 et
1348 505 1661 562 alimentum
1711 523 1779 562 ex
1821 515 1965 564 terra

405 596 637 666 paravit.

477 687 566 752 M,
606 687 695 743 15.
751 685 1056 743 Producens
1100 688 1278 757 fenum
1317 689 1613 759 jumentis,
1652 699 1703 744 et
1753 689 1963 745 herbam

404 780 644 833 servituti
707 778 999 834 hominum.
1071 774 1397 835 Servitutem
1460 780 1743 837 hominum
1806 787 1963 835 vocat

405 879 691 926 mansueta
728 870 1005 937 animalia,
1039 881 1100 925 ut
1128 880 1257 928 sunt
1284 872 1402 938 bos,
1435 872 1624 928 asinus
1664 880 1719 927 et
1743 873 1959 927 similia.

407 961 474 1017 Ut
507 963 701 1016 educas
723 979 910 1031 panem
937 964 1001 1021 dc
1042 974 1205 1018 terra.
1253 963 1398 1030 Ideo,
1444 964 1642 1035 inquit,
1685 966 1961 1036 jumento-

401 1069 524 1110 rum
556 1069 742 1108 curam
775 1054 1034 1120 habuisti,
1080 1065 1140 1109 ut
1169 1057 1453 1112 arantibus
1495 1056 1603 1111 illis
1655 1058 1963 1112 necessaria

402 1146 470 1198 ad
517 1146 721 1199 victum
758 1145 1121 1202 inveniamus.
1166 1144 1348 1202 Nostri
1390 1148 1535 1204 enim
1569 1150 1738 1221 gratia
1776 1150 1961 1203 omnia

401 1236 494 1290 illa
519 1235 780 1291 beneﬁcia
810 1235 1039 1292 confert.

475 1328 564 1391 16,
599 1328 686 1385 17.
738 1328 1139 1394 Saturabuntur
1185 1330 1331 1401 ligna
1378 1331 1570 1401 campi.
1624 1329 1869 1388 Declarat
1898 1346 1961 1385 ea

400 1437 522 1491 quae
563 1421 615 1475 in
653 1422 805 1477 silvis
842 1428 1091 1492 vegetant
1116 1422 1280 1494 ligna,
1306 1422 1456 1491 verbi
1504 1423 1696 1494 gratia,
1748 1424 1958 1487 cedrus,

400 1521 457 1566 et
483 1521 696 1577 caetera,
726 1513 847 1581 ejus
883 1522 1014 1568 nutu
1043 1513 1287 1585 augenda
1321 1512 1457 1569 fore.
1489 1513 1654 1569 Facta
1704 1522 1829 1570 sunt
1860 1529 1960 1567 au-

399 1612 508 1659 tem
545 1604 635 1659 illa
668 1615 723 1658 et
751 1612 968 1675 propter
992 1605 1098 1659 alia
1140 1606 1411 1676 quaedam,
1466 1621 1700 1674 quorum
1745 1605 1959 1676 experi-

401 1705 645 1751 mentum
686 1697 952 1753 habemus
976 1738 991 1763 ,
1038 1707 1094 1753 et
1131 1698 1199 1753 ad
1234 1698 1393 1754 nidos
1427 1713 1732 1768 passerum.
1774 1696 1959 1752 Erodii

1242 297 1298 353 S.
1339 297 1714 355 ATHANASH
1751 300 1900 356 OPP.
1940 301 2122 359 PARS
2160 302 2250 358 Ill.
2285 333 2357 347 --
2393 304 2802 363 EXEGETICA.

408 412 480 466 he
525 412 702 482 fructu
748 428 962 482 operum
1010 420 1217 467 tuorum
1261 414 1547 469 satiabitur
1586 425 1747 471 terra.
1812 415 1966 472 Sicut

2067 418 2183 474 ποῦ
2206 418 2327 474 τῶν
2352 420 2542 491 ἔργων
2568 437 2699 485 σου,
2714 421 3187 492 χορτασθήσεται
3211 424 3248 492 ἠ
3278 422 3374 493 τῆ.
3415 424 3624 496 Ὥσπερ
3726 453 3730 456 ι

3520 307 3629 364 ιιι)

2065 506 2173 559 τῶν
2202 506 2408 561 ὑδάτων
2435 507 2632 563 δέδωκε
2664 508 2762 581 τὴν
2808 510 3071 582 χορηγίαν
3098 551 3112 576 ,
3160 510 3333 576 οὕτως
3374 513 3465 566 καὶ
3516 514 3624 568 ἀπὸ

2064 595 2166 665 γῆς
2192 595 2483 665 τρέφεσθαι
2516 598 2942 664 παρεσκεύασεν.

2144 688 2199 740 ’0
2235 688 2653 754 ἐξανατέλλων
2678 693 2895 760 χόρτον
2923 691 3048 758 τοῖς
3073 691 3338 759 κτήνεσι,
3366 695 3461 763 καί
3482 696 3625 765 χλό-

2064 796 2143 846 ην
2160 778 2235 848 τῇ
2261 779 2505 848 δουλείᾳ
2520 781 2639 835 τῶν
2658 781 2997 852 ἀνθρώπων.
3019 783 3268 838 Δουλείαν
3287 785 3393 838 τῶν
3416 786 3512 839 ἀνθ
3518 786 3624 858 ρώ-

2065 889 2181 924 πων
2210 873 2279 927 τὰ
2305 874 2488 944 ἥμερα
2512 873 2618 928 τῶν
2641 875 2849 947 κτηνῶν
2879 892 3061 947 φησιν,
3085 871 3196 929 οἷον
3227 876 3352 946 βοῦς
3382 878 3473 931 καὶ
3503 878 3622 942 δνος

2063 963 2250 1019 καὶτὰ
2280 965 2459 1035 ὃμοια.
2495 964 2605 1019 Τοῦ
2647 965 2958 1037 ἐξαγαγεῖν
3000 966 3181 1035 ἄρτον
3224 968 3292 1022 ἐκ
3336 967 3443 1036 τῆς
3485 968 3617 1039 γῆς.

2062 1052 2158 1105 Διὰ
2186 1053 2361 1117 τοῦτο,
2410 1054 2593 1123 φησιν,
2633 1056 2956 1127 ἐφρόντισας
3005 1056 3112 1110 τῶν
3170 1056 3400 1127 κτηνῶν,
3437 1058 3521 1110 ἵνα
3553 1058 3619 1111 δι’

2062 1145 2242 1198 αὐτῶν
2268 1146 2656 1217 γεωργούντων
2681 1146 2747 1199 τὰ
2778 1147 2914 1216 πρὸς
2945 1146 3088 1219 ζωὴν
3117 1146 3386 1218 εὕρωμεν.
3438 1149 3622 1205 Πάντα

2061 1229 2169 1300 γὰρ
2205 1230 2387 1284 ἐκεῖνα
2412 1231 2570 1302 ἡμῶν
2599 1231 2758 1304 χάριν
2783 1234 3075 1305 εὐεργετεῖ.

2132 1320 2611 1388 Χορτασθήσεται
2646 1324 2718 1378 τὰ
2747 1323 2903 1388 ξύλα
2943 1325 3049 1379 τοῦ
3102 1326 3330 1381 πεδίου.
3373 1329 3620 1382 Ast-4qu:

2061 1410 2155 1461 καὶ
2181 1408 2251 1461 τὰ
2277 1409 2337 1461 ἐν
2365 1409 2555 1481 δρυμῷ
2585 1410 2816 1479 αὔξοντα
2840 1411 2990 1478 ξύλα,
3023 1408 3133 1467 οἷον
3171 1416 3394 1487 κὲδρους
3423 1418 3514 1470 καὶ
3549 1419 3619 1471 τὰ

2060 1497 2240 1569 ἕτερα,
2267 1501 2379 1563 τοῖς
2405 1499 2570 1552 αὐτοῦ
2593 1499 2853 1572 νεύμασιν
2885 1501 3300 1576 αύξηθήσονται.
3335 1506 3530 1574 Γέγονε
3563 1505 3620 1559 δέ

2061 1590 2233 1645 ταῦτα
2261 1592 2355 1647 καὶ
2402 1592 2470 1646 δι’
2514 1593 2676 1667 ἔτερα
2715 1595 2812 1666 μὲν
2839 1596 3087 1661 πλεῖστα,
3121 1591 3197 1652 ὧν
3240 1598 3336 1652 καὶ
3371 1600 3468 1671 τὴν
3501 1603 3619 1654 πεῖ-

2066 1697 2164 1752 ραν
2193 1680 2407 1753 ἔχομεν,
2441 1682 2537 1737 καὶ
2576 1683 2683 1739 τῶν
2710 1684 3002 1756 στρουθίων
3033 1686 3091 1739 δέ
3128 1689 3208 1751 εἰς
3245 1688 3455 1751 καλιάς.
3512 1690 3619 1745 Τοῦ

400 1789 590 1843 domus
619 1788 730 1842 dua;
757 1798 835 1844 est
876 1805 1077 1844 eorum.
1131 1788 1377 1860 Ipsorum
1422 1805 1702 1860 passerum
1744 1790 1819 1844 ait
1859 1791 1959 1844 du—

2067 1771 2302 1840 ἐρωδιοῦ
2332 1774 2371 1841 ἠ
2402 1775 2563 1828 οὶκία
2604 1775 2829 1845 ἡγεῖται
2877 1776 3093 1830 αὐτῶν.
3138 1778 3326 1831 Δύτῶν
3374 1780 3473 1850 μὲν
3512 1779 3619 1835 τῶν

402 1893 521 1934 cem
551 1895 673 1935 esse
724 1894 819 1935 seu
861 1889 1120 1950 praestare
1151 1880 1286 1950 ipsis
1337 1879 1513 1935 erodii
1563 1880 1775 1934 nidum.
1824 1879 1961 1946 Quia

400 1969 590 2024 electis
616 1969 873 2023 arborum
914 1970 1254 2034 celsissimis,
1305 1970 1358 2024 in
1404 1970 1675 2026 abietibus
1717 1971 1961 2025 omnium

400 2058 719 2114 editissimis
750 2069 809 2114 ut
835 2059 1131 2130 plurimum
1167 2058 1471 2115 nidiﬁcant.

474 2232 560 2287 18.
594 2230 798 2287 Montes
820 2231 1010 2287 excelsi
1044 2233 1230 2288 cervis.
1264 2232 1453 2288 Cervis
1479 2247 1719 2303 quoque,
1768 2233 1863 2299 ait,
1907 2232 1964 2287 in

401 2323 673 2396 refugium
715 2335 929 2380 montes
961 2326 1129 2393 dedit,
1154 2334 1213 2380 ut
1256 2340 1322 2380 eo
1364 2325 1718 2395 confugerent
1754 2340 1785 2379 a
1817 2324 1964 2379 fero-

399 2417 642 2474 cioribus
696 2419 1088 2474 animantibus.
1149 2418 1314 2474 Petra
1365 2419 1625 2489 refugium
1658 2418 1959 2473 herinaciis.

401 2510 869 2578 Quemadmodum
904 2511 1081 2566 cervis
1127 2521 1342 2567 montes
1394 2510 1546 2565 dedit
1591 2510 1659 2565 ad
1688 2510 1917 2567 salutem
1944 2551 1960 2577 ,

406 2602 484 2657 ita
512 2611 567 2657 et
598 2617 850 2658 recessus
877 2605 1157 2673 petrarum
1189 2602 1484 2658 herinaciis
1529 2603 1645 2672 sive
1692 2602 1964 2658 cuniculis

402 2693 568 2750 dedit.
602 2693 782 2761 Quare
811 2693 1243 2750 incolumitatem
1274 2695 1421 2750 nacti
1471 2695 1571 2762 illi,
1626 2704 1684 2751 ut
1712 2695 1963 2765 superius

402 2785 610 2840 dictum
647 2795 765 2839 est:
793 2784 871 2839 De
898 2786 1067 2840 medio
1103 2794 1374 2855 petrarum
1403 2786 1606 2841 dabunt
1634 2802 1799 2843 voces.
1827 2785 1964 2841 Lau-

399 2878 522 2934 dem
555 2877 806 2933 videlicet
831 2878 1023 2934 dantes
1054 2880 1292 2934 servanti
1323 2880 1491 2949 ipsos.

470 3037 558 3092 l9.
599 3034 747 3090 Fecit
785 3038 967 3091 lunam
1010 3037 1067 3091 in
1096 3047 1350 3107 tempora.
1388 3037 1640 3093 Recurrit
1672 3037 1864 3093 iterum
1894 3038 1962 3093 ad

2063 1863 2356 1936 στρουθίων
2384 1866 2632 1937 ἡγεῖσθαί
2676 1884 2838 1939 φησιν
2864 1869 2983 1939 ήτοι
3016 1870 3115 1941 τὴν
3140 1870 3331 1924 καλιὰν
3360 1869 3455 1925 τοῦ
3485 1872 3621 1942 ἐρω-

2060 1953 2198 2019 διοῦ,
2222 1955 2311 2010 διὰ
2338 1955 2399 2010 τὸ
2428 1957 2495 2011 τὰ
2524 1957 2833 2030 ὑψηλότατα
2872 1959 2980 2012 τῶν
3008 1959 3236 2031 δένδρων
3274 1961 3623 2033 καταλαμϐά-

2061 2064 2217 2101 νοντα
2239 2049 2535 2103 νεοττεύειν
2565 2050 2640 2115 ὡς
2683 2052 2884 2105 ἐπίπαν
2920 2053 2980 2105 ἐν
3014 2051 3229 2116 ἐλάταις
3269 2055 3389 2118 ταῖς
3434 2052 3622 2108 πασῶν

2062 2136 2424 2210 ύψηλοτάταις
2452 2140 2562 2194 τῶν
2589 2142 2822 2214 δένδρων

2134 2232 2280 2300 Ὄρη
2303 2231 2375 2285 τὰ
2398 2232 2609 2301 ὑψηλὰ
2632 2233 2761 2300 ταῖς
2783 2234 3048 2304 ἐλάφοις.
3082 2235 3194 2291 Καὶ
3224 2237 3344 2299 ταῖς
3382 2234 3618 2304 ἐλάφοις,

2062 2324 2214 2394 φησὶ,
2248 2322 2445 2377 δέδωκε
2488 2324 2556 2378 τὰ
2604 2326 2705 2397 ὅρη
2752 2326 3071 2399 καταφυγὴν
3119 2328 3211 2380 ἐπὶ
3256 2327 3319 2381 τὸ
3365 2327 3621 2395 ἐκφυγεῖν

2056 2414 2168 2469 τῶν
2210 2414 2361 2480 ζώων
2396 2415 2466 2469 τὰ
2512 2416 2842 2489 ἀγριώτερα.
2906 2417 3100 2487 Πέτρα
3144 2416 3452 2488 καταφυγὴ
3497 2417 3621 2483 τοῖς

2060 2507 2334 2577 λαγωοῖς.
2388 2508 2600 2581 Ὠσπερ
2644 2509 2712 2563 τὰ
2761 2509 2859 2582 ὅρη
2901 2512 2980 2574 εἰς
3020 2509 3290 2580 σωτηρίαν
3343 2512 3463 2574 ταῖς
3501 2508 3622 2562 ἐλά-

2060 2614 2181 2666 φοις
2222 2596 2520 2662 ἀπέδωκεν,
2568 2596 2740 2661 οὕτως
2768 2598 2862 2651 καὶ
2905 2597 3005 2662 τὰς
3038 2597 3352 2662 καταδύσεις
3382 2598 3490 2652 τῶν
3518 2615 3619 2652 πε-

2058 2687 2202 2760 τρῶν
2258 2689 2371 2752 τοῖς
2407 2688 2656 2757 λαγωοῖς.
2718 2690 2808 2743 Διὸ
2850 2689 2915 2760 δὴ
2963 2689 3058 2743 καὶ
3103 2690 3257 2746 αὐτοὶ
3297 2691 3362 2742 ἐκ
3410 2688 3620 2743 τούτων

2062 2779 2355 2852 σωζόμενοι
2385 2781 2442 2835 ἐν
2470 2783 2583 2845 τοῖς
2604 2782 2778 2835 ὀπίσω
2809 2781 2994 2851 ἔλεγον
3020 2782 3081 2836 τό
3107 2798 3123 2812 ·
3161 2782 3256 2835 Ἐκ
3276 2781 3469 2849 μέσου
3497 2779 3622 2834 τῶν

2061 2871 2296 2943 πετρῶν
2322 2871 2592 2926 δώσουσι
2645 2871 2867 2942 φωνάς.
2908 2871 3194 2938 Αίνοῦντες
3226 2872 3482 2944 ,δηλονότι
3528 2872 3621 2925 τὸν

2061 2963 2319 3028 σώζοντα.

2141 3058 2416 3126 Ἐποίησε
2446 3055 2719 3124 σελήνην
2758 3059 2845 3123 εἰς
2871 3057 3131 3127 καιρούς.
3176 3056 3486 3128 Ἀνατρέχει
3515 3055 3620 3110 πά-

394 3130 797 3202 providentiam
829 3147 951 3202 qua:
995 3132 1050 3186 in
1081 3133 1233 3188 cmlis
1280 3142 1521 3203 apparet.
1551 3132 1617 3188 Et
1656 3134 1726 3189 ob
1756 3135 1957 3189 nullam
1985 3124 2027 3181 C
2060 3149 2140 3201 λιν
2181 3150 2274 3202 ἐπὶ
2299 3124 2396 3220 τὴν
2428 3151 2485 3201 ἐν
2514 3150 2628 3212 τοῖς
2659 3148 2906 3221 οὐρανοῖς
2949 3124 3223 3221 ἀράνοιαν,
3260 3124 3352 3202 Δι’-
3376 3124 3527 3202 οἰδὲν
3561 3147 3621 3201 δὲ

397 3223 560 3279 aliam
590 3238 812 3279 causam
849 3224 1045 3279 factam
1070 3239 1194 3281 esse
1222 3225 1408 3279 lunam
1448 3224 1598 3289 dicit,
1628 3225 1735 3281 nisi
1760 3226 1829 3281 ad
1863 3242 1961 3281 nu-

399 3331 611 3370 merum
665 3325 718 3371 et
747 3316 1154 3372 distinctionem
1186 3320 1459 3372 mensium
1511 3326 1672 3388 atque
1720 3319 1956 3376 dierum.

403 3405 496 3462 Sol
526 3409 759 3478 cognovit
789 3423 1034 3462 occasum
1057 3425 1229 3465 suum.
1258 3408 1452 3466 Divino
1477 3419 1531 3466 et
1558 3411 1677 3481 ipse
1704 3411 1960 3468 mandato

397 3498 800 3567 obtemperans.
850 3491 857 3499 ’

475 3586 563 3644 20.
602 3586 841 3642 Posuisti
870 3590 1106 3646 tenebras
1128 3598 1177 3645 et
1208 3591 1355 3659 facta
1377 3604 1452 3647 est
1478 3610 1603 3649 nox.
1633 3592 1749 3651 Hoc
1779 3595 1875 3659 ait,
1902 3604 1961 3650 ut

398 3695 468 3734 ne
520 3679 686 3735 alium
714 3678 845 3746 diei,
900 3681 1068 3736 alium
1115 3683 1296 3739 noctis
1347 3684 1595 3755 opiﬁcem
1640 3700 1762 3742 esse
1808 3686 1958 3742 arbi-

398 3782 535 3828 trem
542 3788 571 3827 υ
579 3789 625 3826 Γ.

466 3865 556 3922 95.
587 3864 771 3920 Exibit
804 3867 958 3921 homo
989 3867 1058 3921 ad
1101 3885 1229 3938 opus
1272 3886 1449 3925 suum.
1484 3868 1746 3925 Homines
1799 3883 1960 3928 nocte

394 3957 831 4027 impediebantur
887 3960 1182 4029 quominus
1232 3976 1330 4030 per
1383 3962 1500 4017 vias
1560 3964 1626 4016 ad
1675 3963 1955 4018 colendam

396 4057 595 4103 terram
624 4059 926 4120 pergerent.
963 4050 1069 4106 Sed
1101 4051 1213 4121 jam
1248 4062 1380 4109 eunt
1432 4055 1720 4125 quaesitum
1753 4069 1958 4121 escam,

395 4141 657 4210 quoniam
690 4157 799 4196 non
842 4143 951 4197 illis
996 4153 1139 4199 terra
1182 4144 1437 4215 producit
1476 4145 1661 4201 fenum
1708 4155 1803 4202 aut
1831 4149 1956 4202 ber—

394 4233 544 4288 bam.

461 4323 555 4389 24,
590 4324 681 4379 25.
716 4325 891 4391 Quam
936 4328 1277 4396 magniﬁcam
1325 4338 1448 4384 sunt
1474 4346 1644 4400 .opera
1692 4339 1804 4396 tua,
1848 4331 1959 4386 Do-

394 4415 551 4469 mine.
583 4413 882 4484 Postquam
910 4433 1216 4473 sermonem
1248 4421 1314 4475 de
1344 4423 1682 4490 providentia
1712 4424 1955 4493 comple-

393 4506 491 4573 vit,
517 4507 583 4561 ad
613 4506 996 4564 celebrandum
1024 4524 1148 4564 eum
1175 4511 1268 4581 qui
1296 4513 1396 4567 ista
1428 4514 1797 4583 condiditjam
1825 4530 1957 4571 con-

393 4599 647 4665 vertitur,
693 4599 821 4654 hinc
865 4600 1091 4657 auribus
1132 4604 1375 4672 requiem
1403 4621 1622 4675 parans.
1654 4605 1857 4662 Deinde
1889 4608 1955 4663 ad

394 4691 560 4746 aliam
591 4693 942 4761 providentiae
964 4707 1172 4764 partem
1199 4699 1564 4769 progreditur,
1600 4699 1839 4755 humidae
1867 4716 1959 4755 na-

395 4791 534 4837 tura)
580 4784 868 4839 transitum
915 4799 1220 4842 enarrans:
1270 4804 1393 4857 qua:
1444 4805 1723 4859 nunquam
1768 4791 1959 4861 hujus-

397 4873 544 4928 modi
567 4871 779 4942 fuisset,
812 4874 917 4930 nisi
945 4874 1038 4932 Dei
1064 4878 1398 4947 providentia
1421 4881 1717 4949 gubernata
1739 4880 1954 4938 fuisset.

400 4965 593 5020 Omnia
622 4965 681 5018 in
702 4966 967 5035 sapientia
995 4968 1188 5037 fecisti.
1237 4969 1481 5026 Mirabile
1523 4973 1628 5027 hoc
1655 4981 1757 5039 est,
1809 4984 1869 5030 ut
1902 4988 1958 5032 et

397 5058 805 5129 sapientia,qua
828 5059 935 5116 hoc
956 5060 1166 5118 eﬂ‘ecit:
1196 5071 1282 5119 est
1307 5066 1452 5120 enim
1469 5066 1720 5124 Christus
1740 5068 1835 5126 Dei
1850 5071 1958 5125 vir-

397 5155 487 5203 tus
513 5158 567 5203 et
605 5147 701 5204 Dei
723 5150 1009 5220 sapientia.

463 5239 557 5293 26.
587 5239 757 5295 Draco
801 5242 899 5296 iste
942 5258 1093 5313 quem
1134 5245 1379 5313 formasti
1420 5248 1489 5302 ad
1529 5248 1857 5305 illudendum
1884 5253 1952 5309 ei.

399 5324 694 5399 Postquam
751 5332 820 5389 de
877 5335 1016 5389 mari
1074 5337 1240 5393 verba
1295 5337 1423 5405 fecit
1465 5341 1721 5398 draconis
1773 5342 1959 5413 injecit

398 5424 757 5490 memoriam,
800 5441 924 5482 eum
967 5427 1120 5483 nulla
1157 5429 1261 5485 alia
1307 5430 1375 5485 de
1424 5446 1605 5487 causa»
1633 5433 1958 5503 productum

400 5509 553 5566 aiens
580 5528 742 5584 quam
765 5525 826 5571 ut
854 5517 1194 5574 illuderetur.
1214 5519 1279 5574 Et
1295 5521 1418 5591 jure
1441 5522 1658 5593 quidem
1704 5522 1773 5577 de
1819 5523 1957 5579 mari

399 5600 819 5680 loquens‘hujus
862 5609 1131 5679 meminit,
1182 5612 1311 5682 quia
1345 5622 1458 5669 tota
1488 5615 1596 5670 vita
1627 5625 1810 5673 nostra
1858 5633 1957 5673 ceu

1986 4470 2033 4527 D

2059 3241 2245 3312 ἕτερον
2271 3241 2597 3312 γεγενῆσθαι
2614 3240 2713 3311 τὴν
2735 3239 2962 3312 σελήνην
2978 3241 3194 3313 φησὶνῆ
3227 3240 3365 3312 πρὸς
3392 3239 3622 3312 ἀριθμὸν

2057 3332 2153 3385 καὶ
2177 3332 2464 3401 διάγνωσιν
2503 3331 2685 3402 μηνῶν
2705 3349 2764 3385 τε
2788 3331 2883 3385 καὶ
2901 3331 3145 3403 ἡμερῶν.
3170 3332 3233 3384 '0
3269 3330 3442 3397 ἥλιος
3471 3330 3623 3398 ἔγνω

2058 3420 2173 3491 τὴν
2189 3421 2369 3475 δύσιν
2382 3421 2588 3475 αὑτοῦ.
2606 3419 2744 3492 Θείῳ
2761 3420 2852 3475 καὶ
2866 3421 3029 3485 αὐτὸς
3042 3420 3421 3492 προστάγματι
3438 3418 3622 3473 πειθό·

2063 3525 2242 3581 μενος.

2130 3600 2314 3655 ’Ἔθου
2342 3599 2562 3665 σκότος
2601 3599 2698 3653 καὶ
2749 3598 2984 3668 ἐγένετο
3028 3598 3165 3664 νύξ.
3219 3596 3389 3652 Τοῦτό
3435 3614 3617 3669 φησιν,

2060 3689 2148 3746 ἵνα
2183 3689 2257 3763 μὴ
2285 3689 2442 3745 ἄλλον
2466 3690 2794 3762 δημιουργὸν
2824 3691 2922 3761 τῆς
2951 3690 3180 3762 ἡμέρας,
3218 3690 3312 3743 καὶ
3338 3689 3492 3744 ἄλλον
3521 3691 3620 3760 τῆς

2059 3779 2251 3842 νυκτὸς
2281 3777 2620 3849 λογισώμεθα
2652 3776 2812 3835 εἶναι.

2142 3870 2557 3935 Ἐξελεύσεται
2600 3871 2908 3939 ἅνθρωπος
2943 3870 3042 3924 ἐπὶ
3090 3870 3158 3925 τό
3192 3870 3370 3940 ἔργον
3411 3870 3618 3924 αὐτοῦ.

2058 3960 2121 4011 Ol
2148 3957 2422 4028 ἄνθρωποι
2446 3959 2642 4025 ἐξιέναι
2663 3945 2724 4012 τε
2750 3960 2884 4029 πρὸς
2904 3959 3058 4023 ὁδοὺς
3091 3960 3183 4013 καὶ
3215 3960 3317 4030 γῆς
3359 3960 3618 4031 ἐργασίαν

2061 4049 2382 4103 ἐκωλύοντο.
2418 4050 2594 4104 Τανῦν
2633 4050 2689 4103 δὲ
2733 4051 2926 4115 νυκτὸς
2955 4051 3122 4117 ἔξεισι
3157 4051 3444 4121 ζητοῦντες
3478 4051 3619 4122 βρῶ-

2060 4158 2144 4195 σιν
2166 4142 2316 4216 παρὰ
2345 4143 2481 4197 Θεοῦ
2508 4161 2521 4173 ·
2554 4145 2673 4197 ἐπεὶ
2706 4145 2781 4215 μὴ
2808 4145 2902 4198 καὶ
2926 4145 3108 4208 αὐτοῖς
3129 4145 3455 4210 ἐξανέτειλεν
3482 4149 3515 4216 ή
3546 4147 3615 4216 γῆ

2058 4237 2249 4307 χόρτον
2285 4236 2318 4307 ἢ
2344 4236 2526 4307 χλόην.
3506 4248 3511 4255 ’

2141 4329 2237 4393 Ὠς
2265 4328 2637 4397 ἐμεγαλύνθη
2662 4328 2732 4382 τὰ
2761 4328 2906 4398 ἔργα
2932 4344 3069 4393 σου,
3099 4328 3295 4397 Κύριε.
3337 4326 3440 4380 Τὸν
3492 4327 3617 4397 περὶ

2059 4419 2157 4490 τῆς
2183 4419 2439 4491 προνοίας
2466 4418 2746 4485 διεξελθὼν
2767 4419 2945 4489 λόγον,
2976 4420 3068 4472 ἐπὶ
3091 4418 3258 4490 ὖμνον
3284 4417 3377 4471 τοῦ
3401 4416 3618 4470 κτίσαν-

2057 4524 2146 4572 τος
2186 4507 2278 4561 τὸν
2311 4507 2466 4576 λόγον
2508 4507 2791 4579 μετέϐαλε,
2815 4507 3157 4562 διαναπαύων
3179 4506 3365 4581 ὥσπερ
3387 4505 3474 4560 διὰ
3496 4504 3619 4558 τού-

2057 4616 2149 4653 του
2198 4599 2298 4671 τὴν
2335 4600 2525 4669 ἀκοήν.
2572 4595 2707 4653 Εἶτα
2753 4599 2914 4653 πάλιν
2956 4600 3041 4669 ἐφ’
3070 4598 3254 4670 ἓτερον
3310 4598 3474 4668 μέρος
3518 4596 3617 4666 τῆς

2061 4691 2312 4763 προνοίας
2360 4690 2596 4763 ἔρχεται,
2632 4692 2732 4763 τὴν
2765 4692 2821 4744 ἐν
2840 4693 2905 4763 τῇ
2938 4691 3082 4761 ὑγρᾷ
3107 4689 3329 4762 πορείαν
3358 4688 3618 4757 ἀναγγέλ-

2056 4780 2163 4834 λων
2199 4781 2330 4850 ήμῖν
2354 4796 2368 4811 ο
2419 4780 2541 4851 ἥτις
2584 4779 2683 4833 οὐκ
2726 4778 2792 4833 ἂν
2820 4778 3037 4848 ἐγένετό
3073 4796 3225 4843 ποτε,
3276 4778 3351 4849 μὴ
3388 4779 3487 4848 τῆς
3522 4777 3613 4831 τοῦ

2056 4869 2191 4923 Θεοῦ
2221 4871 2278 4923 ἐν
2329 4869 2477 4941 αὐτῷ
2512 4868 2946 4942 διακυϐερνώσης
2975 4868 3247 4941 προνοίας.
3271 4865 3501 4923 -Πὰντα
3547 4869 3617 4923 ἐν

2056 4963 2242 5033 σοφίᾳ
2271 4962 2582 5030 ἐποίησας.
2614 4962 2997 5034 Θαυμαστικδν
3021 4962 3085 5033 δὴ
3111 4961 3192 5029 τὸ,
3213 4960 3289 5025 ὡς
3325 4960 3421 5014 καὶ
3455 4961 3615 5029 σοφία

2056 5049 2178 5130 ἐνῇ
2213 5056 2390 5110 πάντα
2417 5056 2672 5127 ἐποίησεν
2712 5055 2741 5106 ὁ
2788 5054 3029 5127 Κύριοςο
3070 5053 3185 5107 ἐστι
3233 5051 3342 5125 γὰρ
3385 5053 3614 5123 Χριστὸς

2056 5145 2190 5200 Θεοῦ
2212 5146 2441 5218 δύναμις
2464 5148 2560 5200 καλ¹
2588 5145 2724 5200 Θεοῦ
2753 5146 2933 5216 σοφία.

2117 5237 2354 5304 Δράκων
2378 5233 2552 5303 οὗτος
2565 5237 2638 5291 ὃν
2655 5239 2927 5304 ἔπλασας
2946 5236 3242 5308 ἐμπαίζειν
3263 5235 3442 5301 αὐτῷ.
3466 5237 3613 5307 Παρ-

2056 5325 2277 5381 ενέὃαλε
2327 5327 2406 5398 τῷ
2431 5328 2533 5398 τῆς
2564 5327 2829 5399 θαλάττης
2862 5328 3003 5399 λόγῳ
3040 5327 3138 5400 τὴν
3179 5328 3308 5399 περὶ
3349 5325 3446 5380 τοῦ
3486 5325 3617 5397 δρά-

2056 5433 2241 5481 κοντος
2269 5418 2490 5490 μνήμην
2514 5418 2839 5490 γεγενῆσθαι
2858 5437 2872 5451 ο
2905 5419 2974 5471 δι’
3027 5420 3180 5473 οὐδὲν
3221 5420 3406 5490 ἕτερον
3438 5420 3616 5490 φήσας

2056 5506 2333 5579 παρῆχθαι
2358 5508 2596 5579 αὐτὸν.ἢ
2632 5510 2714 5572 εἰς
2734 5508 2796 5563 τὸ
2823 5508 3269 5573 καταπαίζεσθαι.
3322 5508 3434 5561 Καὶ
3470 5507 3616 5561 εἰκό-

2058 5615 2164 5662 τως
2197 5599 2254 5654 ἐν
2277 5597 2355 5669 τῷ
2386 5598 2514 5670 περὶ
2542 5599 2640 5671 τῆς
2680 5598 2952 5670 θαλάσσης
2979 5598 3122 5671 λόγῳ
3151 5598 3340 5653 τούτου
3378 5594 3619 5669 ἐμνημό-
