3946 6222
280 324 377 383 ιιι

1394 314 1761 374 Ειροειτῐο
1800 314 1869 371 IN
1906 318 2242 377 PSALMUM
2280 317 2410 375 CIV.

3401 310 3514 371 N9

283 457 503 496 νευσεν⁸
550 440 648 496 ατε
679 439 742 512 δὴ
774 441 864 494 καὶ
893 436 988 492 τοῦ
1038 435 1154 507 βίου
1199 434 1401 499 παντὸς
1437 434 1530 488 τοῦ
1580 432 1852 505 ἡμετέρου

1998 437 2203 492 uzedam
2229 437 2449 505 salsugo
2473 442 2577 500 est,
2603 430 2846 502 undique
2866 429 3091 502 agitata,
3113 438 3167 485 et
3188 429 3519 485 immanibus

287 533 530 607 ἁλμυροῦ
552 550 699 597 τινος
729 533 912 595 ὄντος,
957 531 1052 585 καὶ
1097 526 1433 599 πανταχόθεν
1475 526 1851 598 ριπιζομένου,

291 631 380 682 καὶ
418 627 659 699 κύμασιν
689 625 901 698 ἀγρίοις
930 621 1412 693 συγκλονουμένου.

358 717 565 774 Πάντα
596 716 748 785 πρὸς
780 715 854 769 σὲ
878 710 1319 782 προσδοκῶσιν.
1349 709 1471 763 Εἴτε
1514 708 1623 781 γὰρ
1646 707 1855 780 ἄνθρω-

294 808 402 879 ποι,
431 813 541 867 είτε
572 809 724 875 ζώων
758 807 964 880 ἀγρίων
1000 805 1210 874 ἀγέλαι,
1236 803 1346 857 εἴτε
1369 802 1602 873 κτηνῶν,
1629 799 1739 853 είτε
1759 801 1851 870 ἑρ-

296 905 490 965 πετῶν,
522 901 696 962 ἄλλως
716 901 818 955 οὐκ
846 899 912 952 ἂν
945 898 1202 969 τραφεῖεν
1232 893 1307 966 μὴ
1336 891 1499 947 αὑτοῦ
1524 891 1592 946 τὰ
1628 888 1851 960 ζωαρκῆ

292 994 672 1067 χορηγοῦντος.

372 1082 730 1148 Ἀντανελεῖς
766 1081 833 1135 τὸ
872 1080 1105 1150 πνεῦμα
1133 1076 1351 1139 αὐτῶν,
1402 1075 1500 1129 καὶ
1539 1075 1856 1143 ἐκλείψου-

293 1196 412 1235 σιν.
442 1177 693 1231 Δείκνυσι
717 1175 805 1231 διὰ
823 1174 1045 1239 τούτων,
1076 1172 1151 1236 ὼς
1179 1169 1340 1234 αὐτός
1387 1170 1535 1222 ὲστιν
1564 1170 1594 1222 ό
1634 1167 1729 1221 καὶ
1761 1167 1856 1221 θα-

292 1272 451 1325 νάτου
472 1269 568 1322 καὶ
596 1266 740 1338 ζωῆς
768 1265 1052 1335 δεσπότης.
1572 1310 1581 1319 ,

355 1359 850 1431 Εὐφρανθήσεται
879 1359 1093 1426 Κύριος
1127 1355 1226 1410 ἐπὶ
1259 1353 1383 1419 τοῖς
1422 1351 1616 1423 ἔργοις
1648 1350 1854 1405 αὐτοῦ.

295 1455 401 1509 Καὶ
430 1456 583 1506 ποῖον
616 1453 677 1504 τὸ
703 1450 862 1523 ἔργον
895 1447 1093 1512 αὐτοῦ;
1131 1448 1201 1501 '0
1248 1446 1541 1518 εἰργάσατο
1576 1444 1855 1498 ἀνακαινί-

297 1561 391 1609 ea;
421 1542 523 1615 τὴν
557 1541 833 1612 ἡμετέραν
866 1539 1045 1609 φύσιν.
1093 1536 1352 1609 Σημαίνει
1387 1535 1492 1607 γὰρ
1532 1534 1622 1588 διὰ
1655 1533 1857 1587 τούτων

293 1638 389 1708 τὴν
413 1633 683 1707 ἐσομένην
709 1633 820 1688 τῶν
866 1631 1169 1702 ἀνθρώπων
1215 1627 1564 1697 θεογνωσίαν,
1596 1627 1684 1679 ὅτε
1726 1624 1859 1688 Θεὸς

1959 536 2226 583 commota
2257 526 2532 582 ﬂuctibus.

2029 704 2120 771 ‘27,
2141 703 2232 758 28.
2260 700 2453 758 Omnia
2475 717 2507 753 a
2537 708 2584 753 te
2612 703 2930 767 exspectant.
2950 693 3084 749 Nam
3108 694 3221 749 sive
3247 692 3517 757 homines,

1959 795 2073 852 sive
2113 794 2408 865 agrestium
2454 788 2793 852 animalium,
2837 787 2951 841 sive
2988 784 3383 854 jumentorum,
3409 781 3522 836 sive

1962 886 2234 957 reptilium
2277 898 2497 955 greges,
2518 881 2590 935 ali
2639 892 2983 948 nequaquam
3018 885 3248 946 possunt
3295 872 3402 927 nisi
3453 871 3522 927 ad

1959 980 2164 1036 victum
2190 974 2502 1031 necessaria
2526 974 2642 1042 ipse
2668 968 2992 1040 suppeditet.

2030 1071 2120 1124 29.
2150 1066 2367 1136 Auferes
2394 1064 2641 1133 spiritum
2667 1074 2846 1115 eorum
2870 1069 2917 1111 et
2941 1056 3206 1126 deﬁcient.
3234 1052 3328 1107 llis
3349 1060 3524 1108 osten-

1959 1161 2041 1217 dit
2062 1160 2238 1229 ipsum
2263 1170 2385 1212 esse
2406 1153 2598 1208 mortis
2632 1164 2697 1205 ac
2728 1148 2851 1202 vitae
2874 1146 3177 1201 dominum.

2034 1340 2124 1397 5i.
2150 1336 2447 1393 Laetabitur
2472 1332 2727 1388 Dominus
2757 1330 2814 1383 in
2847 1326 3090 1397 operibus
3127 1323 3258 1378 suis.
3307 1318 3527 1389 Ecquod

1962 1433 2082 1503 ejus
2102 1428 2282 1501 opus?
2308 1426 2465 1494 Quod
2495 1424 2623 1480 fecit
2658 1435 2929 1476 renovans
2951 1425 3224 1472 naturam.
3255 1410 3352 1466 llis
3378 1410 3525 1464 enim

1966 1501 2239 1594 signiﬁcat
2270 1518 2517 1573 notitiam
2543 1515 2637 1570 Dei
2661 1512 2979 1568 hominibus
3022 1509 3283 1569 futuram,
3307 1501 3525 1573 quando

1966 1589 2110 1667 Deus
2132 1610 2426 1675 laetabitur,
2454 1624 2562 1663 non
2592 1615 2799 1660 tantum
2825 1600 2971 1672 quod
2995 1601 3109 1670 ipse
3130 1595 3406 1660 adoretur,
3431 1589 3526 1650 sed

297 1697 753 1799 είίφρανθήσεται,
794 1723 854 1777 οὗ
910 1697 1402 1794 προσκυνούμενος,
1451 1717 1589 1773 ἀλλὰ
1617 1715 1861 1787 σωζομέ-

1998 1706 2113 1776 _uod
2144 1703 2375 1759 salutem
2410 1706 2598 1754 nactos
2627 1697 2826 1753 videat.
2882 1762 2887 1767 ο

296 1836 414 1880 νους
433 1816 600 1889 ὁρῶν.
820 1867 827 1876 ,

375 1911 440 1963 ’Θ
471 1907 807 1962 ἐπιϐλέπων
867 1906 966 1960 ἐπὶ
1018 1905 1134 1973 τὴν
1162 1902 1279 1975 γῆν
1329 1903 1427 1956 καί
1460 1899 1645 1955 ποιῶν
1669 1897 1864 1967 αὐτὴν

298 2002 547 2072 τρέμειν.
586 1999 699 2071 Τὴν
738 1999 964 2055 καθόλου
988 1999 1167 2069 κρίσιν
1195 1993 1571 2057 ἐπισυνάπτει,
1598 1993 1631 2064 ἢ
1655 1993 1748 2045 καὶ
1776 1990 1867 2060 φό-

297 2094 388 2148 ϐον
409 2091 634 2163 παρέξει
662 2093 797 2146 πᾶσι
830 2093 942 2154 τοῖς
972 2090 1065 2143 ἐπὶ
1088 2089 1213 2160 γῆς.
1261 2090 1337 2143 Οὐ
1376 2087 1485 2159 γάρ
1529 2086 1676 2138 ἐστιν
1710 2087 1739 2138 ό
1790 2082 1863 2155 μὴ

296 2183 544 2247 δεδοικὼς
585 2186 762 2237 έκεῖνο
792 2183 854 2236 τὸ
904 2183 1129 2255 φρικτὸν
1173 2182 1268 2235 καὶ
1302 2180 1444 2235 θετον
1489 2179 1860 2248 δικαστήριον.

308 2278 367 2330 Ὀ
386 2276 721 2345 ἁπτόμενος
759 2274 877 2328 τῶν
913 2274 1115 2343 ὀρέων,
1153 2273 1253 2328 καί
1292 2270 1690 2332 καπνίζονται.
1723 2270 1861 2340 Ὄρη

297 2371 391 2434 τὰς
441 2368 825 2439 ἀντικειμένας
873 2366 1129 2437 δυνάμεις
1154 2365 1336 2437 φησιν,
1363 2364 1429 2427 ἃς
1465 2363 1562 2417 καὶ
1605 2361 1865 2429 ὲγκαύσει

299 2461 436 2517 κατὰ
483 2459 597 2513 τὸν.
626 2459 729 2529 τῆς
775 2458 1012 2530 κρίσεως
1041 2456 1251 2526 καιρὸν,
1301 2449 1362 2510 οὗ
1396 2454 1491 2508 καὶ
1541 2449 1807 2522 σύμϐολον
1835 2451 1869 2505 ό

298 2551 522 2615 καπνός.

301 2644 315 2656 ”
374 2641 685 2710 Ἠδυνθείη
716 2637 876 2718 αὐτῷ
919 2640 960 2708 ἡ
991 2637 1241 2708 διαλογὴ
1278 2653 1418 2707 μου.
1460 2636 1713 2707 Διαλογὴ,
1745 2632 1866 2688 ἀντὶ

280 2734 411 2799 τοῦ,
431 2737 465 2807 ἡ
482 2732 680 2803 ἐκλογή
712 2747 835 2802 μου.
862 2728 1025 2798 Λέγει
1053 2729 1110 2783 δὲ
1129 2730 1266 2800 ὅπερ
1291 2727 1589 2794 ἐξελέξατο,
1617 2728 1683 2781 τὸ
1703 2728 1864 2798 μόνον

297 2826 469 2883 θέλειν
498 2826 688 2896 ὑμνεῖν
715 2823 806 2876 τὸν
831 2820 986 2886 Θεὸν,
1013 2819 1042 2874 ὃ
1061 2821 1155 2874 καὶ
1185 2820 1374 2890 ἀρέσει
1398 2818 1548 2890 αὐτῷ
1566 2818 1644 2890 τῷ
1669 2820 1868 2890 ὑμνου-

302 2919 467 2990 μένῳ.

378 3008 723 3065 Ἐκλίποιεν
749 3001 1085 3074 ἁμαρτωλοὶ
1110 3001 1228 3057 ἀπὸ
1254 2999 1366 3069 τῆς
1388 2997 1517 3070 τῆς.
1555 2998 1642 3052 Ἐν
1674 2996 1869 3068 ἐκείνῳ

298 3099 539 3170 δηλονότι
588 3096 667 3168 τῷ
711 3094 908 3168 καιρῷ.
966 3092 1312 3147 Ἀκούσονται
1360 3091 1467 3161 γάρ
1488 3107 1502 3121 ο
1536 3090 1868 3159 Πορεύεσθε

299 3191 396 3245 ἀπ’
420 3189 591 3259 ἐμοῦ,
620 3184 1036 3256 κατηραμένοι,
1089 3185 1176 3248 εὶς
1221 3182 1287 3235 τὸ
1324 3181 1442 3249 πῦρ
1494 3178 1560 3233 τὸ
1607 3178 1865 3242 αἰώνιον,

300 3283 366 3337 τὸ
400 3279 850 3351 ἡτοιμασμένον
883 3275 963 3342 τῷ
994 3275 1251 3338 διαϐόλῳ
1289 3270 1389 3326 καί
1433 3269 1558 3336 τοῖς
1595 3269 1869 3339 ἀγγέλοις

301 3374 508 3431 αὐτοῦ.
562 3374 673 3427 Καὶ
716 3370 924 3440 ἄνομοι
967 3365 1122 3421 ὥστε
1168 3363 1254 3435 μὴ
1292 3361 1585 3430 ὑπάρχειν
1626 3360 1867 3424 αὐτούς.

317 3470 402 3523 Ἐν
432 3468 503 3538 τῇ
552 3463 662 3519 τῶν
707 3460 1072 3531 εὐλογοῦντων
1099 3458 1190 3511 τὸν
1227 3452 1360 3508 Θεὸν
1402 3451 1642 3523 δηλονότι
1694 3449 1870 3523 μερίδι

305 3557 661 3627 ἔκλείψουσιν.
694 3554 968 3623 Εὐλόγει,
1013 3552 1053 3619 ἡ
1099 3545 1269 3618 ψυχή
1314 3563 1455 3617 μου,
1495 3545 1605 3598 τὸν
1630 3545 1867 3611 Κύριον.

303 3651 471 3715 Αὐτὸς
502 3650 609 3720 γὰρ
641 3649 735 3702 καὶ
766 3646 861 3701 τοῦ
895 3644 1003 3699 τῶν
1032 3639 1284 3714 πονηρῶν
1319 3638 1620 3709 ἀποστήσει
1645 3636 1871 3708 κλήρου,

306 3746 397 3798 καὶ
416 3741 511 3796 τοῦ
544 3740 654 3795 τῶν
683 3739 850 3809 ἁγίων
886 3734 1166 3802 ἀξιοῦσθαι
1197 3735 1361 3787 ποιεῖ.

828 3832 1199 3900 mamma.
1230 3831 1354 3883 ΡΑο.

930 3924 1253 3988 Ὑπόθεσις.

310 4025 464 4079 Ἔστι
487 4022 546 4077 δὲ
573 4021 653 4084 τὸ,
683 4017 993 4090 ἀλληλούῖα,
1025 4010 1172 4077 αἶνος
1197 4010 1275 4083 τῷ
1294 4010 1530 4082 ἀοράτῳ.
1563 4007 1793 4075 Λέγεται
1819 4006 1876 4060 δὲ

375 4116 501 4177 τοὺς
528 4111 791 4180 ἀγγέλους
837 4107 1011 4177 ταύτῃ
1062 4107 1128 4176 τῇ
1188 4104 1338 4173 φωνῇ
1391 4101 1560 4154 αἰνεῖν
1594 4098 1687 4151 τὸν
1720 4095 1873 4161 Θεὸν,

377 4206 565 4277 ὥσπερ
593 4203 663 4257 τὰ
687 4200 950 4275 χερουόὶμ
975 4199 1069 4252 τό*
1101 4198 1309 4265 Ἄγιος.
1343 4194 1528 4262 ἅγιος,
1559 4191 1733 4259 ἅγιος.
1767 4188 1878 4241 Καὶ

378 4299 534 4354 τοῦτο
591 4298 737 4366 ἅγιοι
797 4287 1210 4365 παραδεδώκασι
1272 4284 1506 4356 πατέρες
1532 4323 1547 4349 ,
1622 4281 1877 4351 αὐτήκοοι

383 4391 686 4462 γενόμενοι,
710 4386 898 4455 ὥσπερ
924 4383 1148 4444 Ἡσαΐας
1175 4378 1281 4432 τῶν
1303 4375 1498 4448 σεραφί
1506 4393 1562 4446 μ.
1586 4373 1879 4443 Διαιρεῖται

382 4486 438 4538 δὲ
480 4483 544 4537 τὺ
573 4479 885 4551 ξὰλληλούῖα
931 4474 1126 4539 οὕτως,
1178 4472 1276 4537 an,
1321 4470 1473 4535 Θεὸς,
1506 4468 1610 4536 ﬁl,
1636 4465 1874 4537 ἰσχυρὸς,
1906 4479 1958 4539 ι)

383 4577 536 4640 οὖτα,
566 4572 843 4646 κραταιός.

396 4665 884 4737 Ἐξομολοτεῖσθε
910 4660 988 4727 τῷ
1017 4658 1227 4727 Κυρίῳ,
1270 4655 1367 4709 καὶ
1411 4649 1791 4707 ἐπικαλεῖσθε
1818 4648 1885 4703 τὸ

317 4758 499 4831 ὄνομα
528 4757 735 4821 αὐτοῦ,
764 4751 1157 4823 ἀπαγγείλατε
1177 4749 1245 4802 ἐν
1270 4745 1394 4811 τοῖς
1417 4745 1617 4798 ἔθνεσι
1645 4740 1718 4795 τὰ
1744 4741 1887 4809 ἔργα
1990 4738 2022 4826 ξι

318 4829 521 4903 αὑτοῦ.
570 4847 658 4900 Ἐν
682 4844 854 4915 τούτῳ
878 4841 957 4913 τῷ
983 4836 1183 4910 ψαλμῷ
1211 4835 1534 4908 προστάττει
1567 4833 1681 4895 τοῖς
1705 4829 1881 4899 ἁγίοις

318 4939 632 5002 ἀποστόλοις
647 4933 708 4992 τὸ
727 4934 951 5005 Πνεῦμα
970 4932 1031 4986 τὸ
1057 4932 1210 4999 ἆγιον
1234 4927 1312 4999 τῷ
1333 4926 1393 4990 ἐξ
1424 4923 1591 4979 ἐθνῶν
1615 4922 1729 4994 λαῷ
1745 4939 1881 4990 φαν-

319 5032 443 5104 ερὰς
458 5031 683 5102 ποιῆσαι
702 5028 881 5090 πάσας
908 5024 1007 5088 τὰς
1028 5017 1485 5093 θαυματουργίας,
1502 5016 1568 5080 ἃς
1589 5014 1879 5086 πεποίηται

319 5126 408 5178 ἐπὶ
434 5123 533 5195 τῆς
558 5118 862 5193 παρουσίας
891 5114 1056 5170 αὐτοῦ
1080 5114 1110 5166 ὁ
1137 5112 1361 5184 Κύριος.

399 5218 776 5277 Ἐπαινεῗσθε
820 5217 891 5271 ἐν
946 5214 1027 5282 τῷ
1063 5213 1304 5282 ὀνόματι
1360 5206 1441 5276 τῷ
1483 5207 1630 5277 ἁγίῳ
1671 5201 1879 5258 αὐτοῦ.

327 5315 582 5377 Ἐπαινος
608 5310 720 5384 γὰρ
749 5311 842 5364 καὶ
871 5308 1001 5375 δόξα
1018 5308 1130 5370 τοῖς
1154 5305 1253 5374 τὴν
1276 5300 1477 5374 ἀρετὴν
1494 5297 1589 5353 τοῦ
1611 5294 1744 5351 Θεοῦ
1765 5295 1850 5367 διη
1868 5324 1882 5337 ι

2043 1883 2131 1938 32.
2168 1882 2274 1947 Qui
2299 1878 2507 1948 respicit
2538 1884 2734 1930 terram
2754 1882 2805 1927 et
2829 1870 2958 1941 facit
2991 1883 3107 1922 eam
3134 1875 3367 1918 tremere.
3392 1858 3529 1914 Uni-

1966 1975 2176 2031 versale
2200 1972 2467 2043 judicium
2513 1965 2814 2035 subjungit,
2847 1963 2991 2032 quod
3017 1956 3248 2013 terrenis
3276 1951 3530 2007 omnibus

1967 2077 2226 2122 terrorem
2256 2061 2497 2117 incutiet.
2526 2058 2696 2113 Nemo
2735 2056 2881 2111 enim
2909 2064 2992 2109 est
3021 2051 3152 2122 quin
3186 2048 3375 2103 timeat
3400 2044 3530 2098 hor-

1964 2158 2192 2213 reudum
2218 2154 2350 2208 illud
2379 2168 2445 2207 ac
2473 2150 2720 2206 divinum
2749 2144 3008 2202 tribunal.
3047 2141 3153 2207 Qui
3178 2138 3347 2208 tangit
3379 2149 3529 2188 mon-

1968 2259 2044 2304 tes
2088 2257 2138 2303 et
2173 2247 2454 2317 fumigant.
2499 2242 2713 2296 Montes
2748 2234 3088 2294 adversaries
3124 2230 3257 2285 dicit
3291 2234 3530 2299 potesta-

1967 2352 2071 2408 tes,
2110 2315 2249 2409 quas
2276 2315 2523 2404 tempore
2545 2330 2742 2403 judieii
2771 2328 3091 2390 comburet,
3133 2321 3289 2391 cujus
3311 2315 3531 2389 symbo-

1965 2432 2080 2487 lum
2111 2439 2195 2486 est
2218 2430 2426 2483 fumus.

2037 2613 2127 2668 54.
2158 2607 2470 2665 Iucundum
2495 2603 2567 2656 sit
2606 2600 2654 2653 ei
2691 2598 2952 2667 eloquium
2993 2606 3186 2644 meum.
3221 2558 3531 2654 Eloquium,

1966 2706 2021 2761 id
2047 2712 2131 2759 est
2175 2699 2370 2757 electio
2402 2708 2544 2749 mea.
2602 2691 2693 2745 Ait
2729 2698 2912 2742 autem
2959 2683 3090 2754 quid
3124 2679 3252 2735 illud
3287 2678 3359 2733 sit
3387 2673 3533 2745 quod

1967 2790 2214 2861 elegerit,
2255 2783 2508 2839 videlicet
2537 2779 2717 2835 solum
2766 2775 2936 2830 Deum
2987 2770 3205 2843 hymnis
3240 2766 3533 2831 celebrare,

1968 2882 2115 2955 quod
2140 2880 2243 2950 ipsi
2278 2876 2372 2945 qui
2398 2872 2706 2929 celebratur
2739 2874 3022 2936 acceptum
3052 2863 3182 2918 erit.

2039 2973 2129 3027 55.
2160 2936 2429 3039 Deﬁciunt
2478 2970 2777 3033 peccatores
2809 2974 2841 3009 a
2877 2966 3040 3009 terra.
3095 2954 3150 3006 In
3201 2950 3295 3005 illo
3331 2936 3538 3004 scilicet

1970 3076 2231 3133 tempore.
2252 3058 2487 3113 Audient
2510 3053 2654 3109 enim
2679 3052 2807 3105 illud
2826 3070 2839 3104 :
2858 3046 3117 3101 Discedite
3139 3061 3173 3097 a
3195 3059 3294 3109 me,
3318 3039 3540 3095 maledi-

1974 3129 2156 3220 cti,-in
2186 3154 2370 3223 ignem
2408 3155 2682 3209 externum,
2716 3150 2964 3213 paratum
3000 3134 3211 3189 diabolo
3257 3141 3305 3187 et
3339 3129 3537 3201 angeli:

1974 3216 2089 3316 ejus
2112 3220 2189 3297 ⁸³..
2217 3216 2285 3295 Et
2318 3237 2488 3308 iniqui
2516 3236 2594 3288 ita
2620 3242 2678 3286 ut
2709 3246 2813 3285 non
2845 3229 2973 3283 sint.
3008 3223 3067 3277 ln
3103 3219 3351 3292 partibus
3389 3216 3538 3271 scili-

1977 3306 2063 3395 cet
2092 3349 2282 3392 eorum
2314 3306 2418 3401 qui
2442 3328 2553 3383 Deo
2584 3323 2916 3381 benedicunt
2941 3331 3049 3372 non
3084 3318 3264 3371 erunt.
3294 3306 3539 3373 Benedic,

1977 3430 2160 3492 anima
2211 3441 2350 3492 mea,
2384 3422 2632 3477 Domino.
2663 3416 2783 3488 Ipse
2814 3413 2960 3470 enim
3000 3417 3057 3464 et
3104 3422 3137 3463 a
3180 3403 3543 3473 malignorum

1976 3528 2125 3577 sorte
2155 3514 2430 3572 amovebit
2459 3513 2602 3578 illos,
2647 3519 2702 3565 et
2733 3515 3051 3564 sanctorum
3091 3500 3339 3573 partibus
3372 3492 3545 3552 ascri-

1977 3615 2107 3671 bere
2143 3608 2477 3682 dignabitur.

2534 3776 2786 3832 Alleluia.
2817 3770 2969 3829 CIV.

2560 3872 2960 3940 Argumentum.

1983 3970 2218 4029 Alleluia
2252 3964 2551 4038 signiﬁcat,
2583 3963 2707 4018 laus
2760 3955 3040 4013 invisibili.
3074 3950 3338 4006 Dicuntur
3364 3953 3544 4000 autem

2052 4059 2229 4131 angeli
2267 4034 2370 4112 hac
2403 4069 2535 4109 voce
2568 4051 2793 4106 laudare
2821 4047 3015 4110 Deum,
3057 4042 3223 4097 veluti
3262 4034 3544 4094 cherubim

2054 4125 2227 4208 illud:
2264 4169 2282 4202 ι
2311 4147 2569 4209 Sanctus,
2604 4142 2862 4205 Sanctus,
2887 4139 3121 4193 Sanctus
3143 4132 3210 4187 ”.
3251 4149 3271 4183 ι
3326 4125 3482 4194 Quod
3513 4139 3546 4178 a

2055 4244 2260 4302 sanctis
2279 4239 2534 4295 Patribus
2564 4234 2658 4305 qui
2690 4233 2807 4287 haec
2844 4230 2948 4299 ipsi
2978 4226 3265 4282 audierant
3289 4219 3545 4274 traditum

2056 4346 2161 4404 est,
2194 4345 2254 4389 ut
2281 4332 2454 4387 Isaias
2487 4325 2760 4395 seraphim
2810 4320 3036 4376 audivit.
3088 4313 3318 4370 Alleluia
3368 4319 3547 4363 autem

2056 4403 2446 4489 sicrdividitur,
2479 4420 2556 4486 al,
2584 4417 2752 4480 Deus,
2789 4414 2859 4480 el,
2891 4410 3070 4473 fortis,
3108 4407 3222 4471 uia,
3268 4403 3547 4459 robustus.

2025 4716 2305 4774 nnuntiate
2335 4686 2474 4765 inter
2494 4716 2668 4780 gentes
2714 4718 2872 4772 opera
2903 4698 3040 4769 ejus.
3088 4692 3145 4747 In
3193 4691 3299 4746 hoc
3342 4686 3553 4757 psalmo

1984 4810 2142 4882 jubet
2170 4803 2435 4876 apostolis
2468 4777 2708 4870 Spiritus
2731 4804 2954 4850 sanctus
2985 4798 3045 4844 ut
3072 4784 3310 4857 gentium
3353 4777 3551 4882 populo

1991 4867 2346 4959 manifesteut
2375 4867 2647 4949 mirabilia
2674 4900 2838 4958 opera
2866 4881 3050 4939 omnia
3090 4886 3212 4948 quae
3254 4871 3422 4930 edidit
3452 4867 3553 4923 Do-

1993 4994 2178 5050 minus
2204 4991 2263 5046 in
2295 4988 2529 5044 adventu
2568 4996 2690 5039 suo.

2062 5186 2119 5254 3,
2145 5185 2200 5240 4.
2233 5179 2558 5237 Laudamini
2581 5180 2639 5233 in
2663 5175 2874 5232 nomine
2916 5178 3100 5227 sancto
3145 5165 3280 5235 ejus.
3322 5157 3467 5254 La-lls
3492 5167 3551 5207 e-
3590 5209 3605 5219 ,

1990 5278 2108 5334 nim
2136 5284 2192 5333 et
2221 5274 2395 5346 gloria
2423 5272 2490 5328 iis
2515 5270 2612 5341 qui
2655 5269 2907 5323 virtutem
2949 5261 3042 5316 Dei
3072 5260 3348 5314 enarrant.
3384 5245 3552 5300 Laete-

1992 5381 2080 5427 tur
2129 5386 2221 5425 car
2272 5367 2622 5439 querentium
2663 5360 2969 5415 Dominum.
3019 5352 3185 5407 Docet
3229 5349 3431 5415 quanta
3480 5353 3549 5395 ex

323 5407 630 5479 γουμένοις.
677 5398 1080 5471 Εὑφρανθήτω
1135 5395 1347 5465 καρδία
1395 5391 1726 5462 ζητούντων
1779 5386 1886 5440 τὸν

1988 5436 2339 5524 confessione
2361 5458 2570 5516 utilitas
2598 5450 2838 5511 accedat.
2883 5445 3017 5502 Nam
3057 5441 3126 5509 si,
3160 5436 3366 5509 inquit,
3397 5446 3546 5504 quae-

326 5476 557 5565 Κύριον.
598 5493 773 5549 Πόσον
801 5490 862 5545 τὺ
893 5491 959 5545 ὲκ
980 5488 1075 5543 τοῦ
1107 5481 1542 5557 ἐξομολογεῖσθαι
1570 5478 1759 5550 δφελος
1802 5476 1886 5547 γί-

396 5748 657 5807 "llatth.
725 5764 854 5815 xxv,
910 5747 995 5802 il.
1067 5744 1236 5801 '-'lsa.
1272 5756 1348 5814 vt,
1387 5744 1440 5800 5.
