  <div class='ocr_page' id='page_1' title='image "/cluster/home/n/w/nwhite01/storage/ocr_20150623/27/mdp.39015007065769/241.png"; bbox 0 0 3946 6222; ppageno 0'>
   <div class='ocr_carea' id='block_1_1' title="bbox 429 292 537 349">
    <p class='ocr_par' dir='ltr' id='par_1_1' title="bbox 429 292 537 349">
     <span class='ocr_line' id='line_1_1' title="bbox 429 292 537 349; baseline -0.009 0"><span class='ocrx_word' id='word_1_1' title='bbox 429 292 537 349; x_wconf 69' lang='grc' dir='ltr'><strong>4·ιό</strong></span> 
     </span>
    </p>
   </div>
   <div class='ocr_carea' id='block_1_2' title="bbox 1275 294 2837 357">
    <p class='ocr_par' dir='ltr' id='par_1_2' title="bbox 1275 294 2837 357">
     <span class='ocr_line' id='line_1_2' title="bbox 1275 294 2837 357; baseline 0.004 -8"><span class='ocrx_word' id='word_1_2' title='bbox 1275 294 1334 350; x_wconf 87' lang='lat' dir='ltr'><strong>S.</strong></span> <span class='ocrx_word' id='word_1_3' title='bbox 1377 295 1746 354; x_wconf 73' lang='lat' dir='ltr'><strong>ATHANASll</strong></span> <span class='ocrx_word' id='word_1_4' title='bbox 1785 297 1932 355; x_wconf 87' lang='lat' dir='ltr'><strong>OPP.</strong></span> <span class='ocrx_word' id='word_1_5' title='bbox 1976 299 2157 356; x_wconf 83' lang='lat' dir='ltr'><strong>PARS</strong></span> <span class='ocrx_word' id='word_1_6' title='bbox 2194 297 2281 354; x_wconf 85' lang='lat' dir='ltr'><strong>lll.</strong></span> <span class='ocrx_word' id='word_1_7' title='bbox 2322 330 2390 340; x_wconf 92' lang='lat'><strong>-—</strong></span> <span class='ocrx_word' id='word_1_8' title='bbox 2426 295 2837 357; x_wconf 80' lang='lat' dir='ltr'><strong>EXEGETICA.</strong></span> 
     </span>
    </p>
   </div>
   <div class='ocr_carea' id='block_1_3' title="bbox 3546 314 3653 370">
    <p class='ocr_par' dir='ltr' id='par_1_3' title="bbox 3546 314 3653 370">
     <span class='ocr_line' id='line_1_3' title="bbox 3546 314 3653 370; baseline 0.009 -1"><span class='ocrx_word' id='word_1_9' title='bbox 3546 314 3653 370; x_wconf 67' lang='grc'><strong>444</strong></span> 
     </span>
    </p>
   </div>
   <div class='ocr_carea' id='block_1_4' title="bbox 428 407 1986 491">
    <p class='ocr_par' dir='ltr' id='par_1_4' title="bbox 428 407 1986 478">
     <span class='ocr_line' id='line_1_4' title="bbox 428 407 1986 478; baseline 0.003 -16"><span class='ocrx_word' id='word_1_10' title='bbox 428 415 565 463; x_wconf 86' lang='lat' dir='ltr'><strong>ratls</strong></span> <span class='ocrx_word' id='word_1_11' title='bbox 591 422 738 473; x_wconf 90' lang='lat' dir='ltr'><strong>cum,</strong></span> <span class='ocrx_word' id='word_1_12' title='bbox 763 407 1042 478; x_wconf 75' lang='lat' dir='ltr'><strong>continget</strong></span> <span class='ocrx_word' id='word_1_13' title='bbox 1079 407 1235 463; x_wconf 84' lang='lat' dir='ltr'><strong>vobis</strong></span> <span class='ocrx_word' id='word_1_14' title='bbox 1274 409 1460 464; x_wconf 66' lang='lat' dir='ltr'><strong>laetitia</strong></span> <span class='ocrx_word' id='word_1_15' title='bbox 1495 411 1551 465; x_wconf 91' lang='lat' dir='ltr'><strong>in</strong></span> <span class='ocrx_word' id='word_1_16' title='bbox 1587 420 1789 477; x_wconf 85' lang='lat' dir='ltr'><strong>mente,</strong></span> <span class='ocrx_word' id='word_1_17' title='bbox 1834 419 1889 465; x_wconf 92' lang='lat' dir='ltr'><strong>et</strong></span> <span class='ocrx_word' id='word_1_18' title='bbox 1930 421 1986 466; x_wconf 90' lang='lat' dir='ltr'><strong>ut</strong></span> 
     </span>
    </p>
   </div>
   <div class='ocr_carea' id='block_1_5' title="bbox 2086 407 3654 491">
    <p class='ocr_par' dir='ltr' id='par_1_5' title="bbox 2087 410 3654 491">
     <span class='ocr_line' id='line_1_5' title="bbox 2087 410 3654 491; baseline 0.006 -27"><span class='ocrx_word' id='word_1_19' title='bbox 2087 427 2235 465; x_wconf 88' lang='grc' dir='ltr'><strong>νεται</strong></span> <span class='ocrx_word' id='word_1_20' title='bbox 2265 410 2522 466; x_wconf 83' lang='grc' dir='ltr'><strong>διδάσκει.</strong></span> <span class='ocrx_word' id='word_1_21' title='bbox 2553 413 2617 465; x_wconf 83' lang='grc' dir='ltr'><strong>Εἰ</strong></span> <span class='ocrx_word' id='word_1_22' title='bbox 2642 413 2750 484; x_wconf 86' lang='grc' dir='ltr'><strong>γὰρ</strong></span> <span class='ocrx_word' id='word_1_23' title='bbox 2771 411 3062 485; x_wconf 77' lang='grc' dir='ltr'><strong>ζητήσητε,</strong></span> <span class='ocrx_word' id='word_1_24' title='bbox 3093 415 3277 486; x_wconf 56' lang='grc' dir='ltr'><strong>φησιν,</strong></span> <span class='ocrx_word' id='word_1_25' title='bbox 3301 415 3482 481; x_wconf 73' lang='grc' dir='ltr'><strong>αὐτὸν,</strong></span> <span class='ocrx_word' id='word_1_26' title='bbox 3515 436 3654 491; x_wconf 76' lang='grc' dir='ltr'><strong>συμο</strong></span> 
     </span>
    </p>
   </div>
   <div class='ocr_carea' id='block_1_6' title="bbox 430 499 1646 571">
    <p class='ocr_par' dir='ltr' id='par_1_6' title="bbox 430 499 1646 571">
     <span class='ocr_line' id='line_1_6' title="bbox 430 499 1646 571; baseline 0.002 -17"><span class='ocrx_word' id='word_1_27' title='bbox 430 499 716 554; x_wconf 88' lang='lat' dir='ltr'><strong>roboretur</strong></span> <span class='ocrx_word' id='word_1_28' title='bbox 736 514 800 554; x_wconf 89' lang='lat' dir='ltr'><strong>ac</strong></span> <span class='ocrx_word' id='word_1_29' title='bbox 829 500 1163 570; x_wconf 83' lang='lat' dir='ltr'><strong>gloriﬁcetur</strong></span> <span class='ocrx_word' id='word_1_30' title='bbox 1185 509 1349 571; x_wconf 91' lang='lat' dir='ltr'><strong>caput</strong></span> <span class='ocrx_word' id='word_1_31' title='bbox 1376 513 1646 558; x_wconf 88' lang='lat' dir='ltr'><strong>nostrum.</strong></span> 
     </span>
    </p>
   </div>
   <div class='ocr_carea' id='block_1_7' title="bbox 498 776 1988 856">
    <p class='ocr_par' dir='ltr' id='par_1_7' title="bbox 498 776 1988 856">
     <span class='ocr_line' id='line_1_7' title="bbox 498 776 1988 856; baseline 0.006 -22"><span class='ocrx_word' id='word_1_32' title='bbox 498 778 552 834; x_wconf 82' lang='lat'><strong>5.</strong></span> <span class='ocrx_word' id='word_1_33' title='bbox 584 776 845 834; x_wconf 78' lang='lat' dir='ltr'><strong>Memento</strong></span> <span class='ocrx_word' id='word_1_34' title='bbox 873 776 1202 834; x_wconf 85' lang='lat' dir='ltr'><strong>mirabilium</strong></span> <span class='ocrx_word' id='word_1_35' title='bbox 1235 778 1348 847; x_wconf 87' lang='lat' dir='ltr'><strong>ejus</strong></span> <span class='ocrx_word' id='word_1_36' title='bbox 1373 796 1490 849; x_wconf 75' lang='lat' dir='ltr'><strong>qua:</strong></span> <span class='ocrx_word' id='word_1_37' title='bbox 1516 781 1660 851; x_wconf 82' lang='lat' dir='ltr'><strong>fecit.</strong></span> <span class='ocrx_word' id='word_1_38' title='bbox 1697 782 1988 856; x_wconf 88' lang='lat' dir='ltr'><strong>Signorum</strong></span> 
     </span>
    </p>
   </div>
   <div class='ocr_carea' id='block_1_8' title="bbox 426 871 1989 944">
    <p class='ocr_par' dir='ltr' id='par_1_8' title="bbox 426 871 1989 944">
     <span class='ocr_line' id='line_1_8' title="bbox 426 871 1989 944; baseline 0.008 -19"><span class='ocrx_word' id='word_1_39' title='bbox 426 885 623 940; x_wconf 85' lang='lat' dir='ltr'><strong>nempe</strong></span> <span class='ocrx_word' id='word_1_40' title='bbox 672 887 795 941; x_wconf 84' lang='lat' dir='ltr'><strong>quae</strong></span> <span class='ocrx_word' id='word_1_41' title='bbox 827 871 882 926; x_wconf 93' lang='lat' dir='ltr'><strong>in</strong></span> <span class='ocrx_word' id='word_1_42' title='bbox 939 874 1176 929; x_wconf 87' lang='lat' dir='ltr'><strong>adventu</strong></span> <span class='ocrx_word' id='word_1_43' title='bbox 1232 891 1334 931; x_wconf 90' lang='lat' dir='ltr'><strong>suo</strong></span> <span class='ocrx_word' id='word_1_44' title='bbox 1381 877 1571 944; x_wconf 84' lang='lat' dir='ltr'><strong>edidit,</strong></span> <span class='ocrx_word' id='word_1_45' title='bbox 1603 879 1720 935; x_wconf 90' lang='lat' dir='ltr'><strong>sive</strong></span> <span class='ocrx_word' id='word_1_46' title='bbox 1753 881 1808 933; x_wconf 89' lang='lat' dir='ltr'><strong>in</strong></span> <span class='ocrx_word' id='word_1_47' title='bbox 1838 878 1989 937; x_wconf 78' lang='lat' dir='ltr'><strong>Novo</strong></span> 
     </span>
    </p>
   </div>
   <div class='ocr_carea' id='block_1_9' title="bbox 427 960 1988 1044">
    <p class='ocr_par' dir='ltr' id='par_1_9' title="bbox 427 960 1988 1044">
     <span class='ocr_line' id='line_1_9' title="bbox 427 960 1988 1044; baseline 0.008 -27"><span class='ocrx_word' id='word_1_48' title='bbox 427 960 795 1031; x_wconf 78' lang='lat' dir='ltr'><strong>Testamento,</strong></span> <span class='ocrx_word' id='word_1_49' title='bbox 833 965 947 1035; x_wconf 86' lang='lat' dir='ltr'><strong>sive</strong></span> <span class='ocrx_word' id='word_1_50' title='bbox 971 967 1026 1020; x_wconf 92' lang='lat' dir='ltr'><strong>in</strong></span> <span class='ocrx_word' id='word_1_51' title='bbox 1070 966 1252 1024; x_wconf 82' lang='lat' dir='ltr'><strong>Veteri</strong></span> <span class='ocrx_word' id='word_1_52' title='bbox 1285 971 1428 1033; x_wconf 86' lang='lat' dir='ltr'><strong>apud</strong></span> <span class='ocrx_word' id='word_1_53' title='bbox 1469 970 1688 1043; x_wconf 84' lang='lat' dir='ltr'><strong>Moysen</strong></span> <span class='ocrx_word' id='word_1_54' title='bbox 1713 982 1768 1028; x_wconf 90' lang='lat' dir='ltr'><strong>et</strong></span> <span class='ocrx_word' id='word_1_55' title='bbox 1793 975 1988 1044; x_wconf 87' lang='lat' dir='ltr'><strong>priscis</strong></span> 
     </span>
    </p>
   </div>
   <div class='ocr_carea' id='block_1_10' title="bbox 424 1055 1990 1132">
    <p class='ocr_par' dir='ltr' id='par_1_10' title="bbox 424 1055 1990 1132">
     <span class='ocr_line' id='line_1_10' title="bbox 424 1055 1990 1132; baseline 0.01 -24"><span class='ocrx_word' id='word_1_56' title='bbox 424 1055 532 1110; x_wconf 86' lang='lat' dir='ltr'><strong>illis</strong></span> <span class='ocrx_word' id='word_1_57' title='bbox 557 1058 779 1111; x_wconf 83' lang='lat' dir='ltr'><strong>sanctis.</strong></span> <span class='ocrx_word' id='word_1_58' title='bbox 813 1057 979 1114; x_wconf 86' lang='lat' dir='ltr'><strong>Multa</strong></span> <span class='ocrx_word' id='word_1_59' title='bbox 1002 1061 1202 1131; x_wconf 91' lang='lat' dir='ltr'><strong>quippe</strong></span> <span class='ocrx_word' id='word_1_60' title='bbox 1224 1070 1278 1117; x_wconf 90' lang='lat' dir='ltr'><strong>et</strong></span> <span class='ocrx_word' id='word_1_61' title='bbox 1304 1061 1381 1116; x_wconf 89' lang='lat' dir='ltr'><strong>illi</strong></span> <span class='ocrx_word' id='word_1_62' title='bbox 1412 1078 1509 1132; x_wconf 89' lang='lat' dir='ltr'><strong>per</strong></span> <span class='ocrx_word' id='word_1_63' title='bbox 1537 1063 1735 1120; x_wconf 88' lang='lat' dir='ltr'><strong>Filium</strong></span> <span class='ocrx_word' id='word_1_64' title='bbox 1765 1066 1857 1121; x_wconf 92' lang='lat' dir='ltr'><strong>Dei</strong></span> <span class='ocrx_word' id='word_1_65' title='bbox 1888 1069 1990 1123; x_wconf 76' lang='lat' dir='ltr'><strong>nii-</strong></span> 
     </span>
    </p>
   </div>
   <div class='ocr_carea' id='block_1_11' title="bbox 423 1146 1990 1225">
    <p class='ocr_par' dir='ltr' id='par_1_11' title="bbox 423 1146 1990 1225">
     <span class='ocr_line' id='line_1_11' title="bbox 423 1146 1990 1225; baseline 0.01 -25"><span class='ocrx_word' id='word_1_66' title='bbox 423 1147 617 1201; x_wconf 85' lang='lat' dir='ltr'><strong>rabilia</strong></span> <span class='ocrx_word' id='word_1_67' title='bbox 651 1146 917 1204; x_wconf 87' lang='lat' dir='ltr'><strong>fecerunt.</strong></span> <span class='ocrx_word' id='word_1_68' title='bbox 953 1150 1078 1205; x_wconf 61' lang='lat' dir='ltr'><strong>Haec</strong></span> <span class='ocrx_word' id='word_1_69' title='bbox 1110 1152 1363 1222; x_wconf 79' lang='lat' dir='ltr'><strong>gentibus</strong></span> <span class='ocrx_word' id='word_1_70' title='bbox 1390 1153 1529 1209; x_wconf 90' lang='lat' dir='ltr'><strong>tradi</strong></span> <span class='ocrx_word' id='word_1_71' title='bbox 1572 1156 1728 1225; x_wconf 88' lang='lat' dir='ltr'><strong>jubet</strong></span> <span class='ocrx_word' id='word_1_72' title='bbox 1780 1159 1850 1213; x_wconf 84' lang='lat' dir='ltr'><strong>ab</strong></span> <span class='ocrx_word' id='word_1_73' title='bbox 1895 1175 1990 1215; x_wconf 92' lang='lat' dir='ltr'><strong>eo-</strong></span> 
     </span>
    </p>
   </div>
   <div class='ocr_carea' id='block_1_12' title="bbox 422 1242 1987 1316">
    <p class='ocr_par' dir='ltr' id='par_1_12' title="bbox 422 1242 1987 1316">
     <span class='ocr_line' id='line_1_12' title="bbox 422 1242 1987 1316; baseline 0.009 -22"><span class='ocrx_word' id='word_1_74' title='bbox 422 1255 545 1294; x_wconf 89' lang='lat' dir='ltr'><strong>rum</strong></span> <span class='ocrx_word' id='word_1_75' title='bbox 573 1242 936 1309; x_wconf 61' lang='lat' dir='ltr'><strong>praeconibus,</strong></span> <span class='ocrx_word' id='word_1_76' title='bbox 967 1259 1075 1298; x_wconf 89' lang='lat' dir='ltr'><strong>una</strong></span> <span class='ocrx_word' id='word_1_77' title='bbox 1102 1259 1226 1299; x_wconf 89' lang='lat' dir='ltr'><strong>cum</strong></span> <span class='ocrx_word' id='word_1_78' title='bbox 1259 1246 1325 1301; x_wconf 90' lang='lat' dir='ltr'><strong>iis</strong></span> <span class='ocrx_word' id='word_1_79' title='bbox 1359 1261 1481 1316; x_wconf 69' lang='lat' dir='ltr'><strong>quae</strong></span> <span class='ocrx_word' id='word_1_80' title='bbox 1511 1247 1567 1302; x_wconf 91' lang='lat' dir='ltr'><strong>in</strong></span> <span class='ocrx_word' id='word_1_81' title='bbox 1610 1247 1764 1306; x_wconf 88' lang='lat' dir='ltr'><strong>Novo</strong></span> <span class='ocrx_word' id='word_1_82' title='bbox 1800 1250 1987 1307; x_wconf 83' lang='lat' dir='ltr'><strong>Testa-</strong></span> 
     </span>
    </p>
   </div>
   <div class='ocr_carea' id='block_1_13' title="bbox 422 1331 1989 1413">
    <p class='ocr_par' dir='ltr' id='par_1_13' title="bbox 422 1331 1989 1413">
     <span class='ocr_line' id='line_1_13' title="bbox 422 1331 1989 1413; baseline 0.011 -30"><span class='ocrx_word' id='word_1_83' title='bbox 422 1336 605 1385; x_wconf 90' lang='lat' dir='ltr'><strong>mento</strong></span> <span class='ocrx_word' id='word_1_84' title='bbox 633 1346 664 1385; x_wconf 91' lang='lat' dir='ltr'><strong>a</strong></span> <span class='ocrx_word' id='word_1_85' title='bbox 699 1331 980 1389; x_wconf 88' lang='lat' dir='ltr'><strong>Salvatore</strong></span> <span class='ocrx_word' id='word_1_86' title='bbox 1022 1333 1166 1390; x_wconf 84' lang='lat' dir='ltr'><strong>facta</strong></span> <span class='ocrx_word' id='word_1_87' title='bbox 1214 1345 1391 1392; x_wconf 88' lang='lat' dir='ltr'><strong>sunt:</strong></span> <span class='ocrx_word' id='word_1_88' title='bbox 1431 1346 1484 1393; x_wconf 90' lang='lat' dir='ltr'><strong>et</strong></span> <span class='ocrx_word' id='word_1_89' title='bbox 1528 1340 1691 1397; x_wconf 89' lang='lat' dir='ltr'><strong>simul</strong></span> <span class='ocrx_word' id='word_1_90' title='bbox 1731 1359 1989 1413; x_wconf 86' lang='lat' dir='ltr'><strong>quaecun-</strong></span> 
     </span>
    </p>
   </div>
   <div class='ocr_carea' id='block_1_14' title="bbox 422 1421 1988 1503">
    <p class='ocr_par' dir='ltr' id='par_1_14' title="bbox 422 1421 1988 1503">
     <span class='ocr_line' id='line_1_14' title="bbox 422 1421 1988 1503; baseline 0.009 -29"><span class='ocrx_word' id='word_1_91' title='bbox 422 1434 529 1490; x_wconf 83' lang='lat' dir='ltr'><strong>que</strong></span> <span class='ocrx_word' id='word_1_92' title='bbox 550 1435 611 1475; x_wconf 92' lang='lat' dir='ltr'><strong>os</strong></span> <span class='ocrx_word' id='word_1_93' title='bbox 642 1421 787 1476; x_wconf 89' lang='lat' dir='ltr'><strong>illius</strong></span> <span class='ocrx_word' id='word_1_94' title='bbox 811 1422 1099 1492; x_wconf 86' lang='lat' dir='ltr'><strong>judicavit,</strong></span> <span class='ocrx_word' id='word_1_95' title='bbox 1130 1440 1253 1479; x_wconf 91' lang='lat' dir='ltr'><strong>cum</strong></span> <span class='ocrx_word' id='word_1_96' title='bbox 1307 1440 1405 1494; x_wconf 87' lang='lat' dir='ltr'><strong>per</strong></span> <span class='ocrx_word' id='word_1_97' title='bbox 1442 1435 1678 1485; x_wconf 86' lang='lat' dir='ltr'><strong>veterem</strong></span> <span class='ocrx_word' id='word_1_98' title='bbox 1731 1440 1846 1487; x_wconf 94' lang='lat' dir='ltr'><strong>tum</strong></span> <span class='ocrx_word' id='word_1_99' title='bbox 1891 1449 1988 1503; x_wconf 89' lang='lat' dir='ltr'><strong>per</strong></span> 
     </span>
    </p>
   </div>
   <div class='ocr_carea' id='block_1_15' title="bbox 302 1510 1987 1594">
    <p class='ocr_par' dir='ltr' id='par_1_15' title="bbox 302 1510 1987 1594">
     <span class='ocr_line' id='line_1_15' title="bbox 302 1510 1987 1594; baseline 0.01 -31"><span class='ocrx_word' id='word_1_100' title='bbox 302 1560 307 1563; x_wconf 40' lang='grc' dir='ltr'>ι</span> <span class='ocrx_word' id='word_1_101' title='bbox 421 1525 619 1565; x_wconf 89' lang='lat' dir='ltr'><strong>novam</strong></span> <span class='ocrx_word' id='word_1_102' title='bbox 644 1510 1007 1581; x_wconf 85' lang='lat' dir='ltr'><strong>Scripturam.</strong></span> <span class='ocrx_word' id='word_1_103' title='bbox 1039 1513 1254 1583; x_wconf 85' lang='lat' dir='ltr'><strong>Jubete,</strong></span> <span class='ocrx_word' id='word_1_104' title='bbox 1288 1520 1486 1591; x_wconf 88' lang='lat' dir='ltr'><strong>inquit,</strong></span> <span class='ocrx_word' id='word_1_105' title='bbox 1517 1523 1635 1576; x_wconf 65' lang='lat' dir='ltr'><strong>haec</strong></span> <span class='ocrx_word' id='word_1_106' title='bbox 1670 1537 1768 1577; x_wconf 91' lang='lat' dir='ltr'><strong>eeu</strong></span> <span class='ocrx_word' id='word_1_107' title='bbox 1809 1526 1987 1594; x_wconf 87' lang='lat' dir='ltr'><strong>regias</strong></span> 
     </span>
    </p>
   </div>
   <div class='ocr_carea' id='block_1_16' title="bbox 420 1594 1981 1682">
    <p class='ocr_par' dir='ltr' id='par_1_16' title="bbox 420 1594 1981 1682">
     <span class='ocr_line' id='line_1_16' title="bbox 420 1594 1981 1682; baseline 0.013 -33"><span class='ocrx_word' id='word_1_108' title='bbox 420 1594 568 1662; x_wconf 75' lang='lat' dir='ltr'><strong>leges</strong></span> <span class='ocrx_word' id='word_1_109' title='bbox 590 1600 879 1655; x_wconf 87' lang='lat' dir='ltr'><strong>custodiri.</strong></span> <span class='ocrx_word' id='word_1_110' title='bbox 916 1601 1175 1674; x_wconf 77' lang='lat' dir='ltr'><strong>Prodigia</strong></span> <span class='ocrx_word' id='word_1_111' title='bbox 1207 1606 1321 1676; x_wconf 90' lang='lat' dir='ltr'><strong>ejus</strong></span> <span class='ocrx_word' id='word_1_112' title='bbox 1369 1619 1419 1664; x_wconf 90' lang='lat' dir='ltr'><strong>et</strong></span> <span class='ocrx_word' id='word_1_113' title='bbox 1453 1610 1664 1680; x_wconf 87' lang='lat' dir='ltr'><strong>judicia</strong></span> <span class='ocrx_word' id='word_1_114' title='bbox 1710 1617 1818 1667; x_wconf 77' lang='lat' dir='ltr'><strong>oris</strong></span> <span class='ocrx_word' id='word_1_115' title='bbox 1848 1614 1981 1682; x_wconf 83' lang='lat' dir='ltr'><strong>ejus.</strong></span> 
     </span>
    </p>
   </div>
   <div class='ocr_carea' id='block_1_17' title="bbox 419 1683 1987 1768">
    <p class='ocr_par' dir='ltr' id='par_1_17' title="bbox 419 1683 1987 1768">
     <span class='ocr_line' id='line_1_17' title="bbox 419 1683 1987 1768; baseline 0.015 -31"><span class='ocrx_word' id='word_1_116' title='bbox 419 1683 696 1756; x_wconf 81' lang='lat' dir='ltr'><strong>Prodigia,</strong></span> <span class='ocrx_word' id='word_1_117' title='bbox 721 1688 987 1745; x_wconf 88' lang='lat' dir='ltr'><strong>miracula</strong></span> <span class='ocrx_word' id='word_1_118' title='bbox 1016 1693 1227 1750; x_wconf 87' lang='lat' dir='ltr'><strong>scilicet</strong></span> <span class='ocrx_word' id='word_1_119' title='bbox 1267 1698 1335 1752; x_wconf 92' lang='lat' dir='ltr'><strong>ab</strong></span> <span class='ocrx_word' id='word_1_120' title='bbox 1368 1698 1487 1768; x_wconf 90' lang='lat' dir='ltr'><strong>ipso</strong></span> <span class='ocrx_word' id='word_1_121' title='bbox 1512 1702 1678 1768; x_wconf 89' lang='lat' dir='ltr'><strong>edita,</strong></span> <span class='ocrx_word' id='word_1_122' title='bbox 1710 1712 1771 1757; x_wconf 93' lang='lat' dir='ltr'><strong>ut</strong></span> <span class='ocrx_word' id='word_1_123' title='bbox 1794 1705 1987 1760; x_wconf 85' lang='lat' dir='ltr'><strong>ambu-</strong></span> 
     </span>
    </p>
   </div>
   <div class='ocr_carea' id='block_1_18' title="bbox 420 1777 1982 1866">
    <p class='ocr_par' dir='ltr' id='par_1_18' title="bbox 420 1777 1982 1866">
     <span class='ocr_line' id='line_1_18' title="bbox 420 1777 1982 1866; baseline 0.015 -35"><span class='ocrx_word' id='word_1_124' title='bbox 420 1777 535 1833; x_wconf 87' lang='lat' dir='ltr'><strong>lare</strong></span> <span class='ocrx_word' id='word_1_125' title='bbox 567 1796 731 1849; x_wconf 86' lang='lat' dir='ltr'><strong>supra</strong></span> <span class='ocrx_word' id='word_1_126' title='bbox 764 1799 934 1851; x_wconf 89' lang='lat' dir='ltr'><strong>mare,</strong></span> <span class='ocrx_word' id='word_1_127' title='bbox 987 1796 1266 1843; x_wconf 88' lang='lat' dir='ltr'><strong>mortuum</strong></span> <span class='ocrx_word' id='word_1_128' title='bbox 1322 1793 1592 1850; x_wconf 81' lang='lat' dir='ltr'><strong>suscitare</strong></span> <span class='ocrx_word' id='word_1_129' title='bbox 1641 1803 1693 1850; x_wconf 86' lang='lat' dir='ltr'><strong>et</strong></span> <span class='ocrx_word' id='word_1_130' title='bbox 1753 1806 1982 1866; x_wconf 71' lang='lat' dir='ltr'><strong>caetera;</strong></span> 
     </span>
    </p>
   </div>
   <div class='ocr_carea' id='block_1_19' title="bbox 415 1868 1982 1959">
    <p class='ocr_par' dir='ltr' id='par_1_19' title="bbox 415 1868 1982 1959">
     <span class='ocr_line' id='line_1_19' title="bbox 415 1868 1982 1959; baseline 0.014 -37"><span class='ocrx_word' id='word_1_131' title='bbox 415 1868 622 1938; x_wconf 88' lang='lat' dir='ltr'><strong>judicia</strong></span> <span class='ocrx_word' id='word_1_132' title='bbox 653 1882 831 1926; x_wconf 85' lang='lat' dir='ltr'><strong>autem</strong></span> <span class='ocrx_word' id='word_1_133' title='bbox 875 1876 988 1931; x_wconf 90' lang='lat' dir='ltr'><strong>oris</strong></span> <span class='ocrx_word' id='word_1_134' title='bbox 1037 1880 1178 1949; x_wconf 87' lang='lat' dir='ltr'><strong>ejus,</strong></span> <span class='ocrx_word' id='word_1_135' title='bbox 1222 1883 1384 1937; x_wconf 85' lang='lat' dir='ltr'><strong>verba</strong></span> <span class='ocrx_word' id='word_1_136' title='bbox 1410 1900 1533 1959; x_wconf 68' lang='lat' dir='ltr'><strong>quae</strong></span> <span class='ocrx_word' id='word_1_137' title='bbox 1582 1886 1807 1953; x_wconf 81' lang='lat' dir='ltr'><strong>diceret,</strong></span> <span class='ocrx_word' id='word_1_138' title='bbox 1859 1905 1982 1944; x_wconf 88' lang='lat' dir='ltr'><strong>cum</strong></span> 
     </span>
    </p>
   </div>
   <div class='ocr_carea' id='block_1_20' title="bbox 421 1957 1983 2045">
    <p class='ocr_par' dir='ltr' id='par_1_20' title="bbox 421 1957 1983 2045">
     <span class='ocr_line' id='line_1_20' title="bbox 421 1957 1983 2045; baseline 0.017 -35"><span class='ocrx_word' id='word_1_139' title='bbox 421 1957 666 2027; x_wconf 86' lang='lat' dir='ltr'><strong>impuros</strong></span> <span class='ocrx_word' id='word_1_140' title='bbox 697 1962 973 2021; x_wconf 81' lang='lat' dir='ltr'><strong>daemones</strong></span> <span class='ocrx_word' id='word_1_141' title='bbox 992 1970 1216 2037; x_wconf 87' lang='lat' dir='ltr'><strong>pelleret</strong></span> <span class='ocrx_word' id='word_1_142' title='bbox 1243 1973 1311 2028; x_wconf 89' lang='lat' dir='ltr'><strong>ab</strong></span> <span class='ocrx_word' id='word_1_143' title='bbox 1343 1957 1684 2045; x_wconf 87' lang='lat' dir='ltr'><strong>hominibus,</strong></span> <span class='ocrx_word' id='word_1_144' title='bbox 1709 1988 1805 2035; x_wconf 89' lang='lat' dir='ltr'><strong>aut</strong></span> <span class='ocrx_word' id='word_1_145' title='bbox 1846 1979 1983 2037; x_wconf 83' lang='lat' dir='ltr'><strong>Novi</strong></span> 
     </span>
    </p>
   </div>
   <div class='ocr_carea' id='block_1_21' title="bbox 422 2046 1049 2113">
    <p class='ocr_par' dir='ltr' id='par_1_21' title="bbox 422 2046 1049 2113">
     <span class='ocr_line' id='line_1_21' title="bbox 422 2046 1049 2113; baseline 0.019 -11"><span class='ocrx_word' id='word_1_146' title='bbox 422 2046 753 2108; x_wconf 86' lang='lat' dir='ltr'><strong>Testamenti</strong></span> <span class='ocrx_word' id='word_1_147' title='bbox 776 2058 1049 2113; x_wconf 88' lang='lat' dir='ltr'><strong>mandata.</strong></span> 
     </span>
    </p>
   </div>
   <div class='ocr_carea' id='block_1_22' title="bbox 489 2295 1986 2378">
    <p class='ocr_par' dir='ltr' id='par_1_22' title="bbox 489 2295 1986 2378">
     <span class='ocr_line' id='line_1_22' title="bbox 489 2295 1986 2378; baseline 0.014 -30"><span class='ocrx_word' id='word_1_148' title='bbox 489 2295 542 2349; x_wconf 83' lang='lat'><strong>6.</strong></span> <span class='ocrx_word' id='word_1_149' title='bbox 579 2295 765 2352; x_wconf 83' lang='lat' dir='ltr'><strong>Semen</strong></span> <span class='ocrx_word' id='word_1_150' title='bbox 819 2299 1089 2355; x_wconf 76' lang='lat' dir='ltr'><strong>Abraham</strong></span> <span class='ocrx_word' id='word_1_151' title='bbox 1137 2307 1273 2361; x_wconf 82' lang='lat' dir='ltr'><strong>servi</strong></span> <span class='ocrx_word' id='word_1_152' title='bbox 1303 2308 1438 2376; x_wconf 90' lang='lat' dir='ltr'><strong>ejus,</strong></span> <span class='ocrx_word' id='word_1_153' title='bbox 1473 2310 1577 2378; x_wconf 82' lang='lat' dir='ltr'><strong>ﬁlii</strong></span> <span class='ocrx_word' id='word_1_154' title='bbox 1625 2311 1793 2367; x_wconf 71' lang='lat' dir='ltr'><strong>Iacob</strong></span> <span class='ocrx_word' id='word_1_155' title='bbox 1832 2314 1986 2369; x_wconf 88' lang='lat' dir='ltr'><strong>electi</strong></span> 
     </span>
    </p>
   </div>
   <div class='ocr_carea' id='block_1_23' title="bbox 415 2385 1983 2475">
    <p class='ocr_par' dir='ltr' id='par_1_23' title="bbox 415 2385 1983 2475">
     <span class='ocr_line' id='line_1_23' title="bbox 415 2385 1983 2475; baseline 0.016 -37"><span class='ocrx_word' id='word_1_156' title='bbox 415 2385 551 2454; x_wconf 86' lang='lat' dir='ltr'><strong>ejus.</strong></span> <span class='ocrx_word' id='word_1_157' title='bbox 581 2387 751 2454; x_wconf 84' lang='lat' dir='ltr'><strong>Quasi</strong></span> <span class='ocrx_word' id='word_1_158' title='bbox 791 2392 856 2446; x_wconf 88' lang='lat' dir='ltr'><strong>ad</strong></span> <span class='ocrx_word' id='word_1_159' title='bbox 885 2396 1158 2462; x_wconf 89' lang='lat' dir='ltr'><strong>apostolos</strong></span> <span class='ocrx_word' id='word_1_160' title='bbox 1185 2398 1366 2455; x_wconf 89' lang='lat' dir='ltr'><strong>adhuc</strong></span> <span class='ocrx_word' id='word_1_161' title='bbox 1396 2417 1578 2458; x_wconf 91' lang='lat' dir='ltr'><strong>sermo</strong></span> <span class='ocrx_word' id='word_1_162' title='bbox 1611 2405 1885 2475; x_wconf 80' lang='lat' dir='ltr'><strong>dirigitur,</strong></span> <span class='ocrx_word' id='word_1_163' title='bbox 1922 2416 1983 2463; x_wconf 88' lang='lat' dir='ltr'><strong>ut</strong></span> 
     </span>
    </p>
   </div>
   <div class='ocr_carea' id='block_1_24' title="bbox 412 2475 1981 2553">
    <p class='ocr_par' dir='ltr' id='par_1_24' title="bbox 412 2475 1981 2553">
     <span class='ocr_line' id='line_1_24' title="bbox 412 2475 1981 2553; baseline 0.014 -23"><span class='ocrx_word' id='word_1_164' title='bbox 412 2475 533 2532; x_wconf 76' lang='lat' dir='ltr'><strong>haec</strong></span> <span class='ocrx_word' id='word_1_165' title='bbox 572 2480 644 2534; x_wconf 89' lang='lat' dir='ltr'><strong>sit</strong></span> <span class='ocrx_word' id='word_1_166' title='bbox 673 2486 970 2539; x_wconf 88' lang='lat' dir='ltr'><strong>sententia:</strong></span> <span class='ocrx_word' id='word_1_167' title='bbox 1013 2486 1180 2552; x_wconf 85' lang='lat' dir='ltr'><strong>Quasi</strong></span> <span class='ocrx_word' id='word_1_168' title='bbox 1225 2505 1410 2546; x_wconf 89' lang='lat' dir='ltr'><strong>semen</strong></span> <span class='ocrx_word' id='word_1_169' title='bbox 1462 2495 1695 2550; x_wconf 66' lang='lat' dir='ltr'><strong>Abrahae</strong></span> <span class='ocrx_word' id='word_1_170' title='bbox 1731 2505 1786 2551; x_wconf 90' lang='lat' dir='ltr'><strong>et</strong></span> <span class='ocrx_word' id='word_1_171' title='bbox 1836 2498 1981 2553; x_wconf 85' lang='lat' dir='ltr'><strong>servi</strong></span> 
     </span>
    </p>
   </div>
   <div class='ocr_carea' id='block_1_25' title="bbox 412 2567 1984 2656">
    <p class='ocr_par' dir='ltr' id='par_1_25' title="bbox 412 2567 1984 2656">
     <span class='ocr_line' id='line_1_25' title="bbox 412 2567 1984 2656; baseline 0.015 -35"><span class='ocrx_word' id='word_1_172' title='bbox 412 2567 553 2636; x_wconf 84' lang='lat' dir='ltr'><strong>ejus,</strong></span> <span class='ocrx_word' id='word_1_173' title='bbox 583 2578 638 2624; x_wconf 91' lang='lat' dir='ltr'><strong>et</strong></span> <span class='ocrx_word' id='word_1_174' title='bbox 670 2570 764 2625; x_wconf 81' lang='lat' dir='ltr'><strong>ﬁlii</strong></span> <span class='ocrx_word' id='word_1_175' title='bbox 795 2571 964 2629; x_wconf 84' lang='lat' dir='ltr'><strong>Jacob</strong></span> <span class='ocrx_word' id='word_1_176' title='bbox 996 2584 1051 2630; x_wconf 92' lang='lat' dir='ltr'><strong>et</strong></span> <span class='ocrx_word' id='word_1_177' title='bbox 1073 2578 1231 2633; x_wconf 90' lang='lat' dir='ltr'><strong>electi</strong></span> <span class='ocrx_word' id='word_1_178' title='bbox 1257 2580 1409 2650; x_wconf 89' lang='lat' dir='ltr'><strong>ejus:</strong></span> <span class='ocrx_word' id='word_1_179' title='bbox 1444 2582 1465 2652; x_wconf 89' lang='lat'>(</span> <span class='ocrx_word' id='word_1_180' title='bbox 1488 2583 1604 2653; x_wconf 90' lang='lat' dir='ltr'><strong>ipse</strong></span> <span class='ocrx_word' id='word_1_181' title='bbox 1649 2600 1885 2656; x_wconf 89' lang='lat' dir='ltr'><strong>namque</strong></span> <span class='ocrx_word' id='word_1_182' title='bbox 1924 2604 1984 2643; x_wconf 91' lang='lat' dir='ltr'><strong>e-</strong></span> 
     </span>
    </p>
   </div>
   <div class='ocr_carea' id='block_1_26' title="bbox 411 2658 1982 2749">
    <p class='ocr_par' dir='ltr' id='par_1_26' title="bbox 411 2658 1982 2749">
     <span class='ocr_line' id='line_1_26' title="bbox 411 2658 1982 2749; baseline 0.012 -35"><span class='ocrx_word' id='word_1_183' title='bbox 411 2658 545 2731; x_wconf 89' lang='lat' dir='ltr'><strong>legit</strong></span> <span class='ocrx_word' id='word_1_184' title='bbox 574 2663 716 2730; x_wconf 91' lang='lat' dir='ltr'><strong>illos,</strong></span> <span class='ocrx_word' id='word_1_185' title='bbox 738 2665 757 2734; x_wconf 93' lang='lat'>)</span> <span class='ocrx_word' id='word_1_186' title='bbox 783 2668 1107 2726; x_wconf 89' lang='lat' dir='ltr'><strong>annuntiate</strong></span> <span class='ocrx_word' id='word_1_187' title='bbox 1151 2670 1207 2725; x_wconf 89' lang='lat' dir='ltr'><strong>in</strong></span> <span class='ocrx_word' id='word_1_188' title='bbox 1244 2674 1533 2744; x_wconf 78' lang='lat' dir='ltr'><strong>gentibus,</strong></span> <span class='ocrx_word' id='word_1_189' title='bbox 1578 2677 1723 2747; x_wconf 89' lang='lat' dir='ltr'><strong>quod</strong></span> <span class='ocrx_word' id='word_1_190' title='bbox 1759 2678 1877 2749; x_wconf 87' lang='lat' dir='ltr'><strong>ipse</strong></span> <span class='ocrx_word' id='word_1_191' title='bbox 1910 2679 1982 2734; x_wconf 90' lang='lat' dir='ltr'><strong>sit</strong></span> 
     </span>
    </p>
   </div>
   <div class='ocr_carea' id='block_1_27' title="bbox 412 2749 1083 2818">
    <p class='ocr_par' dir='ltr' id='par_1_27' title="bbox 412 2749 1083 2818">
     <span class='ocr_line' id='line_1_27' title="bbox 412 2749 1083 2818; baseline 0.016 -13"><span class='ocrx_word' id='word_1_192' title='bbox 412 2749 677 2810; x_wconf 88' lang='lat' dir='ltr'><strong>Dominus</strong></span> <span class='ocrx_word' id='word_1_193' title='bbox 701 2755 845 2812; x_wconf 90' lang='lat' dir='ltr'><strong>Deus</strong></span> <span class='ocrx_word' id='word_1_194' title='bbox 878 2768 1083 2818; x_wconf 89' lang='lat' dir='ltr'><strong>noster.</strong></span> 
     </span>
    </p>
   </div>
   <div class='ocr_carea' id='block_1_28' title="bbox 483 2934 1979 3020">
    <p class='ocr_par' dir='ltr' id='par_1_28' title="bbox 483 2934 1979 3020">
     <span class='ocr_line' id='line_1_28' title="bbox 483 2934 1979 3020; baseline 0.012 -32"><span class='ocrx_word' id='word_1_195' title='bbox 483 2934 571 2990; x_wconf 83' lang='grc'><strong>15.</strong></span> <span class='ocrx_word' id='word_1_196' title='bbox 606 2935 675 2989; x_wconf 87' lang='lat' dir='ltr'><strong>Et</strong></span> <span class='ocrx_word' id='word_1_197' title='bbox 696 2942 1115 3007; x_wconf 83' lang='lat' dir='ltr'><strong>pertransierunt</strong></span> <span class='ocrx_word' id='word_1_198' title='bbox 1143 2943 1207 2996; x_wconf 88' lang='lat' dir='ltr'><strong>de</strong></span> <span class='ocrx_word' id='word_1_199' title='bbox 1231 2952 1379 3014; x_wconf 86' lang='lat' dir='ltr'><strong>gente</strong></span> <span class='ocrx_word' id='word_1_200' title='bbox 1405 2947 1458 3001; x_wconf 86' lang='lat' dir='ltr'><strong>in</strong></span> <span class='ocrx_word' id='word_1_201' title='bbox 1484 2956 1706 3016; x_wconf 80' lang='lat' dir='ltr'><strong>gentem.</strong></span> <span class='ocrx_word' id='word_1_202' title='bbox 1744 2948 1788 3003; x_wconf 82' lang='grc' dir='ltr'><strong>Δ</strong></span> <span class='ocrx_word' id='word_1_203' title='bbox 1818 2959 1979 3020; x_wconf 83' lang='lat' dir='ltr'><strong>gente</strong></span> 
     </span>
    </p>
   </div>
   <div class='ocr_carea' id='block_1_29' title="bbox 407 3025 1296 3100">
    <p class='ocr_par' dir='ltr' id='par_1_29' title="bbox 407 3025 1296 3100">
     <span class='ocr_line' id='line_1_29' title="bbox 407 3025 1296 3100; baseline 0.009 -19"><span class='ocrx_word' id='word_1_204' title='bbox 407 3025 832 3100; x_wconf 83' lang='lat' dir='ltr'><strong>Babyloniorum</strong></span> <span class='ocrx_word' id='word_1_205' title='bbox 857 3034 923 3088; x_wconf 89' lang='lat' dir='ltr'><strong>ad</strong></span> <span class='ocrx_word' id='word_1_206' title='bbox 958 3033 1296 3093; x_wconf 74' lang='lat' dir='ltr'><strong>Palaestinos.</strong></span> 
     </span>
    </p>
   </div>
   <div class='ocr_carea' id='block_1_30' title="bbox 477 3120 1973 3198">
    <p class='ocr_par' dir='ltr' id='par_1_30' title="bbox 477 3120 1973 3198">
     <span class='ocr_line' id='line_1_30' title="bbox 477 3120 1973 3198; baseline 0.01 -24"><span class='ocrx_word' id='word_1_207' title='bbox 477 3121 565 3175; x_wconf 75' lang='lat' dir='ltr'><strong>M.</strong></span> <span class='ocrx_word' id='word_1_208' title='bbox 596 3120 667 3174; x_wconf 86' lang='lat' dir='ltr'><strong>Et</strong></span> <span class='ocrx_word' id='word_1_209' title='bbox 705 3125 963 3195; x_wconf 82' lang='lat' dir='ltr'><strong>corripuit</strong></span> <span class='ocrx_word' id='word_1_210' title='bbox 1002 3141 1096 3195; x_wconf 87' lang='lat' dir='ltr'><strong>pro</strong></span> <span class='ocrx_word' id='word_1_211' title='bbox 1126 3127 1201 3181; x_wconf 89' lang='lat' dir='ltr'><strong>eis</strong></span> <span class='ocrx_word' id='word_1_212' title='bbox 1247 3145 1409 3198; x_wconf 87' lang='lat' dir='ltr'><strong>reges.</strong></span> <span class='ocrx_word' id='word_1_213' title='bbox 1448 3129 1859 3187; x_wconf 80' lang='lat' dir='ltr'><strong>Abimelechum</strong></span> <span class='ocrx_word' id='word_1_214' title='bbox 1901 3147 1973 3190; x_wconf 84' lang='lat' dir='ltr'><strong>on</strong></span> 
     </span>
    </p>
   </div>
   <div class='ocr_carea' id='block_1_31' title="bbox 406 3211 1431 3289">
    <p class='ocr_par' dir='ltr' id='par_1_31' title="bbox 406 3211 1431 3289">
     <span class='ocr_line' id='line_1_31' title="bbox 406 3211 1431 3289; baseline 0.011 -24"><span class='ocrx_word' id='word_1_215' title='bbox 406 3211 526 3282; x_wconf 72' lang='lat' dir='ltr'><strong>ejus</strong></span> <span class='ocrx_word' id='word_1_216' title='bbox 552 3228 679 3285; x_wconf 85' lang='lat' dir='ltr'><strong>erga</strong></span> <span class='ocrx_word' id='word_1_217' title='bbox 707 3214 900 3271; x_wconf 87' lang='lat' dir='ltr'><strong>Saram</strong></span> <span class='ocrx_word' id='word_1_218' title='bbox 937 3217 1431 3289; x_wconf 87' lang='lat' dir='ltr'><strong>intemperantiam.</strong></span> 
     </span>
    </p>
   </div>
   <div class='ocr_carea' id='block_1_32' title="bbox 478 3305 1974 3380">
    <p class='ocr_par' dir='ltr' id='par_1_32' title="bbox 478 3305 1974 3380">
     <span class='ocr_line' id='line_1_32' title="bbox 478 3305 1974 3380; baseline 0.011 -22"><span class='ocrx_word' id='word_1_219' title='bbox 478 3305 567 3359; x_wconf 82' lang='grc'><strong>15.</strong></span> <span class='ocrx_word' id='word_1_220' title='bbox 603 3305 788 3362; x_wconf 86' lang='lat' dir='ltr'><strong>Nolite</strong></span> <span class='ocrx_word' id='word_1_221' title='bbox 820 3318 1031 3380; x_wconf 80' lang='lat' dir='ltr'><strong>tangere</strong></span> <span class='ocrx_word' id='word_1_222' title='bbox 1073 3311 1298 3367; x_wconf 83' lang='lat' dir='ltr'><strong>christos</strong></span> <span class='ocrx_word' id='word_1_223' title='bbox 1337 3329 1498 3369; x_wconf 88' lang='lat' dir='ltr'><strong>meos.</strong></span> <span class='ocrx_word' id='word_1_224' title='bbox 1531 3314 1735 3373; x_wconf 88' lang='lat' dir='ltr'><strong>Christi</strong></span> <span class='ocrx_word' id='word_1_225' title='bbox 1770 3334 1974 3373; x_wconf 82' lang='lat' dir='ltr'><strong>vocan-</strong></span> 
     </span>
    </p>
   </div>
   <div class='ocr_carea' id='block_1_33' title="bbox 403 3398 1967 3475">
    <p class='ocr_par' dir='ltr' id='par_1_33' title="bbox 403 3398 1967 3475">
     <span class='ocr_line' id='line_1_33' title="bbox 403 3398 1967 3475; baseline 0.008 -22"><span class='ocrx_word' id='word_1_226' title='bbox 403 3407 495 3453; x_wconf 85' lang='lat' dir='ltr'><strong>tur</strong></span> <span class='ocrx_word' id='word_1_227' title='bbox 520 3398 793 3455; x_wconf 83' lang='lat' dir='ltr'><strong>Abraham</strong></span> <span class='ocrx_word' id='word_1_228' title='bbox 822 3417 947 3457; x_wconf 88' lang='lat' dir='ltr'><strong>cum</strong></span> <span class='ocrx_word' id='word_1_229' title='bbox 972 3404 1109 3471; x_wconf 88' lang='lat' dir='ltr'><strong>suis,</strong></span> <span class='ocrx_word' id='word_1_230' title='bbox 1138 3406 1264 3475; x_wconf 87' lang='lat' dir='ltr'><strong>quia</strong></span> <span class='ocrx_word' id='word_1_231' title='bbox 1296 3406 1353 3461; x_wconf 90' lang='lat' dir='ltr'><strong>in</strong></span> <span class='ocrx_word' id='word_1_232' title='bbox 1384 3406 1696 3465; x_wconf 87' lang='lat' dir='ltr'><strong>visionibus</strong></span> <span class='ocrx_word' id='word_1_233' title='bbox 1743 3410 1839 3464; x_wconf 84' lang='lat' dir='ltr'><strong>lilii</strong></span> <span class='ocrx_word' id='word_1_234' title='bbox 1872 3410 1967 3466; x_wconf 93' lang='lat' dir='ltr'><strong>Dei</strong></span> 
     </span>
    </p>
   </div>
   <div class='ocr_carea' id='block_1_34' title="bbox 402 3492 1252 3564">
    <p class='ocr_par' dir='ltr' id='par_1_34' title="bbox 402 3492 1252 3564">
     <span class='ocr_line' id='line_1_34' title="bbox 402 3492 1252 3564; baseline 0.009 -20"><span class='ocrx_word' id='word_1_235' title='bbox 402 3500 700 3560; x_wconf 83' lang='lat' dir='ltr'><strong>conspectu</strong></span> <span class='ocrx_word' id='word_1_236' title='bbox 725 3492 873 3564; x_wconf 88' lang='lat' dir='ltr'><strong>digni</strong></span> <span class='ocrx_word' id='word_1_237' title='bbox 899 3495 1067 3550; x_wconf 87' lang='lat' dir='ltr'><strong>habiti</strong></span> <span class='ocrx_word' id='word_1_238' title='bbox 1100 3506 1252 3553; x_wconf 89' lang='lat' dir='ltr'><strong>sunt.</strong></span> 
     </span>
    </p>
   </div>
   <div class='ocr_carea' id='block_1_35' title="bbox 474 3581 1964 3660">
    <p class='ocr_par' dir='ltr' id='par_1_35' title="bbox 474 3581 1964 3660">
     <span class='ocr_line' id='line_1_35' title="bbox 474 3581 1964 3660; baseline 0.009 -24"><span class='ocrx_word' id='word_1_239' title='bbox 474 3581 563 3637; x_wconf 87' lang='grc'><strong>16.</strong></span> <span class='ocrx_word' id='word_1_240' title='bbox 597 3583 662 3637; x_wconf 86' lang='lat' dir='ltr'><strong>Et</strong></span> <span class='ocrx_word' id='word_1_241' title='bbox 686 3587 887 3640; x_wconf 83' lang='lat' dir='ltr'><strong>vocavit</strong></span> <span class='ocrx_word' id='word_1_242' title='bbox 919 3587 1115 3656; x_wconf 83' lang='lat' dir='ltr'><strong>famem</strong></span> <span class='ocrx_word' id='word_1_243' title='bbox 1141 3606 1299 3660; x_wconf 88' lang='lat' dir='ltr'><strong>super</strong></span> <span class='ocrx_word' id='word_1_244' title='bbox 1342 3599 1556 3650; x_wconf 87' lang='lat' dir='ltr'><strong>terram.</strong></span> <span class='ocrx_word' id='word_1_245' title='bbox 1596 3592 1700 3648; x_wconf 89' lang='lat' dir='ltr'><strong>Per</strong></span> <span class='ocrx_word' id='word_1_246' title='bbox 1736 3607 1964 3650; x_wconf 72' lang='lat' dir='ltr'><strong>mcono-</strong></span> 
     </span>
    </p>
   </div>
   <div class='ocr_carea' id='block_1_36' title="bbox 400 3674 1965 3752">
    <p class='ocr_par' dir='ltr' id='par_1_36' title="bbox 400 3674 1965 3752">
     <span class='ocr_line' id='line_1_36' title="bbox 400 3674 1965 3752; baseline 0.01 -23"><span class='ocrx_word' id='word_1_247' title='bbox 400 3674 567 3729; x_wconf 89' lang='lat' dir='ltr'><strong>miam</strong></span> <span class='ocrx_word' id='word_1_248' title='bbox 600 3675 796 3732; x_wconf 81' lang='lat' dir='ltr'><strong>famem</strong></span> <span class='ocrx_word' id='word_1_249' title='bbox 843 3678 1076 3749; x_wconf 84' lang='lat' dir='ltr'><strong>induxit,</strong></span> <span class='ocrx_word' id='word_1_250' title='bbox 1126 3691 1187 3736; x_wconf 92' lang='lat' dir='ltr'><strong>ut</strong></span> <span class='ocrx_word' id='word_1_251' title='bbox 1212 3683 1331 3752; x_wconf 88' lang='lat' dir='ltr'><strong>ejus</strong></span> <span class='ocrx_word' id='word_1_252' title='bbox 1380 3700 1545 3739; x_wconf 82' lang='lat' dir='ltr'><strong>causa</strong></span> <span class='ocrx_word' id='word_1_253' title='bbox 1574 3686 1965 3743; x_wconf 77' lang='lat' dir='ltr'><strong>descendentes</strong></span> 
     </span>
    </p>
   </div>
   <div class='ocr_carea' id='block_1_37' title="bbox 399 3764 1967 3844">
    <p class='ocr_par' dir='ltr' id='par_1_37' title="bbox 399 3764 1967 3844">
     <span class='ocr_line' id='line_1_37' title="bbox 399 3764 1967 3844; baseline 0.008 -24"><span class='ocrx_word' id='word_1_254' title='bbox 399 3766 456 3820; x_wconf 87' lang='lat' dir='ltr'><strong>in</strong></span> <span class='ocrx_word' id='word_1_255' title='bbox 482 3764 773 3838; x_wconf 65' lang='lat' dir='ltr'><strong>Egyptum</strong></span> <span class='ocrx_word' id='word_1_256' title='bbox 813 3777 975 3840; x_wconf 90' lang='lat' dir='ltr'><strong>atque</strong></span> <span class='ocrx_word' id='word_1_257' title='bbox 1002 3773 1148 3828; x_wconf 87' lang='lat' dir='ltr'><strong>aucti</strong></span> <span class='ocrx_word' id='word_1_258' title='bbox 1176 3781 1376 3828; x_wconf 85' lang='lat' dir='ltr'><strong>terram</strong></span> <span class='ocrx_word' id='word_1_259' title='bbox 1406 3776 1789 3844; x_wconf 88' lang='lat' dir='ltr'><strong>promissionis</strong></span> <span class='ocrx_word' id='word_1_260' title='bbox 1821 3779 1967 3833; x_wconf 88' lang='lat' dir='ltr'><strong>acci-</strong></span> 
     </span>
    </p>
   </div>
   <div class='ocr_carea' id='block_1_38' title="bbox 396 3848 1963 3935">
    <p class='ocr_par' dir='ltr' id='par_1_38' title="bbox 396 3848 1963 3935">
     <span class='ocr_line' id='line_1_38' title="bbox 396 3848 1963 3935; baseline 0.01 -24"><span class='ocrx_word' id='word_1_261' title='bbox 396 3868 610 3927; x_wconf 88' lang='lat' dir='ltr'><strong>perent.</strong></span> <span class='ocrx_word' id='word_1_262' title='bbox 654 3848 818 3915; x_wconf 79' lang='lat' dir='ltr'><strong>omne</strong></span> <span class='ocrx_word' id='word_1_263' title='bbox 869 3861 1266 3929; x_wconf 79' lang='lat' dir='ltr'><strong>ﬁrmamentum</strong></span> <span class='ocrx_word' id='word_1_264' title='bbox 1319 3867 1473 3935; x_wconf 85' lang='lat' dir='ltr'><strong>panis</strong></span> <span class='ocrx_word' id='word_1_265' title='bbox 1501 3868 1763 3922; x_wconf 84' lang='lat' dir='ltr'><strong>contrivit.</strong></span> <span class='ocrx_word' id='word_1_266' title='bbox 1794 3868 1851 3924; x_wconf 91' lang='lat' dir='ltr'><strong>ld</strong></span> <span class='ocrx_word' id='word_1_267' title='bbox 1896 3886 1963 3926; x_wconf 83' lang='lat' dir='ltr'><strong>ex</strong></span> 
     </span>
    </p>
   </div>
   <div class='ocr_carea' id='block_1_39' title="bbox 395 3946 1955 4025">
    <p class='ocr_par' dir='ltr' id='par_1_39' title="bbox 395 3946 1955 4025">
     <span class='ocr_line' id='line_1_39' title="bbox 395 3946 1955 4025; baseline 0.01 -25"><span class='ocrx_word' id='word_1_268' title='bbox 395 3947 478 4000; x_wconf 89' lang='lat' dir='ltr'><strong>ira</strong></span> <span class='ocrx_word' id='word_1_269' title='bbox 512 3946 607 4002; x_wconf 87' lang='lat' dir='ltr'><strong>Dei</strong></span> <span class='ocrx_word' id='word_1_270' title='bbox 634 3958 877 4020; x_wconf 87' lang='lat' dir='ltr'><strong>tempore</strong></span> <span class='ocrx_word' id='word_1_271' title='bbox 931 3949 1096 4007; x_wconf 82' lang='lat' dir='ltr'><strong>famis</strong></span> <span class='ocrx_word' id='word_1_272' title='bbox 1142 3955 1460 4025; x_wconf 90' lang='lat' dir='ltr'><strong>contingere</strong></span> <span class='ocrx_word' id='word_1_273' title='bbox 1487 3957 1642 4024; x_wconf 89' lang='lat' dir='ltr'><strong>solet,</strong></span> <span class='ocrx_word' id='word_1_274' title='bbox 1685 3966 1746 4013; x_wconf 90' lang='lat' dir='ltr'><strong>ut</strong></span> <span class='ocrx_word' id='word_1_275' title='bbox 1769 3972 1955 4015; x_wconf 86' lang='lat' dir='ltr'><strong>come-</strong></span> 
     </span>
    </p>
   </div>
   <div class='ocr_carea' id='block_1_40' title="bbox 395 4039 1483 4114">
    <p class='ocr_par' dir='ltr' id='par_1_40' title="bbox 395 4039 1483 4114">
     <span class='ocr_line' id='line_1_40' title="bbox 395 4039 1483 4114; baseline 0.007 -21"><span class='ocrx_word' id='word_1_276' title='bbox 395 4039 584 4095; x_wconf 88' lang='lat' dir='ltr'><strong>dentes</strong></span> <span class='ocrx_word' id='word_1_277' title='bbox 604 4041 856 4098; x_wconf 88' lang='lat' dir='ltr'><strong>homines</strong></span> <span class='ocrx_word' id='word_1_278' title='bbox 876 4057 986 4097; x_wconf 91' lang='lat' dir='ltr'><strong>non</strong></span> <span class='ocrx_word' id='word_1_279' title='bbox 1013 4042 1299 4099; x_wconf 80' lang='lat' dir='ltr'><strong>ﬁrmentur</strong></span> <span class='ocrx_word' id='word_1_280' title='bbox 1321 4045 1483 4114; x_wconf 50' lang='lat' dir='ltr'><strong>cibo,</strong></span> 
     </span>
    </p>
   </div>
   <div class='ocr_carea' id='block_1_41' title="bbox 465 4237 1962 4314">
    <p class='ocr_par' dir='ltr' id='par_1_41' title="bbox 465 4237 1962 4314">
     <span class='ocr_line' id='line_1_41' title="bbox 465 4237 1962 4314; baseline 0.006 -22"><span class='ocrx_word' id='word_1_281' title='bbox 465 4238 550 4292; x_wconf 88' lang='grc'><strong>18.</strong></span> <span class='ocrx_word' id='word_1_282' title='bbox 585 4237 762 4292; x_wconf 80' lang='lat' dir='ltr'><strong>Donec</strong></span> <span class='ocrx_word' id='word_1_283' title='bbox 783 4240 974 4294; x_wconf 82' lang='lat' dir='ltr'><strong>ueniret</strong></span> <span class='ocrx_word' id='word_1_284' title='bbox 1006 4241 1215 4295; x_wconf 83' lang='lat' dir='ltr'><strong>verbum</strong></span> <span class='ocrx_word' id='word_1_285' title='bbox 1239 4242 1374 4311; x_wconf 86' lang='lat' dir='ltr'><strong>ejus.</strong></span> <span class='ocrx_word' id='word_1_286' title='bbox 1420 4241 1479 4297; x_wconf 90' lang='lat' dir='ltr'><strong>ld</strong></span> <span class='ocrx_word' id='word_1_287' title='bbox 1520 4254 1603 4298; x_wconf 89' lang='lat' dir='ltr'><strong>est</strong></span> <span class='ocrx_word' id='word_1_288' title='bbox 1648 4244 1962 4314; x_wconf 64' lang='lat' dir='ltr'><strong>prmdictio-</strong></span> 
     </span>
    </p>
   </div>
   <div class='ocr_carea' id='block_1_42' title="bbox 391 4331 1960 4407">
    <p class='ocr_par' dir='ltr' id='par_1_42' title="bbox 391 4331 1960 4407">
     <span class='ocr_line' id='line_1_42' title="bbox 391 4331 1960 4407; baseline 0.005 -23"><span class='ocrx_word' id='word_1_289' title='bbox 391 4344 491 4384; x_wconf 84' lang='lat' dir='ltr'><strong>nes</strong></span> <span class='ocrx_word' id='word_1_290' title='bbox 525 4331 885 4385; x_wconf 87' lang='lat' dir='ltr'><strong>somniorum.</strong></span> <span class='ocrx_word' id='word_1_291' title='bbox 929 4331 1020 4385; x_wconf 84' lang='lat' dir='ltr'><strong>Ait</strong></span> <span class='ocrx_word' id='word_1_292' title='bbox 1055 4332 1219 4403; x_wconf 86' lang='lat' dir='ltr'><strong>igitur</strong></span> <span class='ocrx_word' id='word_1_293' title='bbox 1273 4334 1535 4390; x_wconf 85' lang='lat' dir='ltr'><strong>hactenus</strong></span> <span class='ocrx_word' id='word_1_294' title='bbox 1564 4338 1705 4390; x_wconf 81' lang='lat' dir='ltr'><strong>mala</strong></span> <span class='ocrx_word' id='word_1_295' title='bbox 1737 4352 1960 4407; x_wconf 90' lang='lat' dir='ltr'><strong>perpes-</strong></span> 
     </span>
    </p>
   </div>
   <div class='ocr_carea' id='block_1_43' title="bbox 2093 502 3654 585">
    <p class='ocr_par' dir='ltr' id='par_1_43' title="bbox 2093 502 3654 585">
     <span class='ocr_line' id='line_1_43' title="bbox 2093 502 3654 585; baseline 0.008 -31"><span class='ocrx_word' id='word_1_296' title='bbox 2093 502 2318 573; x_wconf 83' lang='grc' dir='ltr'><strong>ϐήσεται</strong></span> <span class='ocrx_word' id='word_1_297' title='bbox 2343 503 2471 575; x_wconf 83' lang='grc' dir='ltr'><strong>ὑμῖν</strong></span> <span class='ocrx_word' id='word_1_298' title='bbox 2500 505 2594 557; x_wconf 78' lang='grc' dir='ltr'><strong>καὶ</strong></span> <span class='ocrx_word' id='word_1_299' title='bbox 2619 506 2654 585; x_wconf 70' lang='grc' dir='ltr'><strong>η</strong></span> <span class='ocrx_word' id='word_1_300' title='bbox 2693 505 2822 576; x_wconf 85' lang='grc' dir='ltr'><strong>περὶ</strong></span> <span class='ocrx_word' id='word_1_301' title='bbox 2845 505 2935 559; x_wconf 76' lang='grc' dir='ltr'><strong>τὸν</strong></span> <span class='ocrx_word' id='word_1_302' title='bbox 2965 504 3090 559; x_wconf 92' lang='grc' dir='ltr'><strong>νοῦν</strong></span> <span class='ocrx_word' id='word_1_303' title='bbox 3124 508 3452 581; x_wconf 79' lang='grc' dir='ltr'><strong>εὐφροσύνη,</strong></span> <span class='ocrx_word' id='word_1_304' title='bbox 3480 512 3572 564; x_wconf 74' lang='grc' dir='ltr'>καὶ</span> <span class='ocrx_word' id='word_1_305' title='bbox 3592 513 3654 567; x_wconf 84' lang='grc' dir='ltr'><strong>τὸ</strong></span> 
     </span>
    </p>
   </div>
   <div class='ocr_carea' id='block_1_44' title="bbox 2087 594 3655 674">
    <p class='ocr_par' dir='ltr' id='par_1_44' title="bbox 2087 594 3655 674">
     <span class='ocr_line' id='line_1_44' title="bbox 2087 594 3655 674; baseline 0.009 -28"><span class='ocrx_word' id='word_1_306' title='bbox 2087 594 2492 667; x_wconf 81' lang='grc' dir='ltr'><strong>κραταιωθῆναι</strong></span> <span class='ocrx_word' id='word_1_307' title='bbox 2551 597 2645 649; x_wconf 76' lang='grc' dir='ltr'><strong>καὶ</strong></span> <span class='ocrx_word' id='word_1_308' title='bbox 2704 597 3025 669; x_wconf 68' lang='grc' dir='ltr'><strong>δοξασθῆναι</strong></span> <span class='ocrx_word' id='word_1_309' title='bbox 3075 600 3174 671; x_wconf 83' lang='grc' dir='ltr'><strong>τὴν</strong></span> <span class='ocrx_word' id='word_1_310' title='bbox 3235 603 3509 674; x_wconf 74' lang='grc' dir='ltr'><strong>ἡμετέραν</strong></span> <span class='ocrx_word' id='word_1_311' title='bbox 3565 622 3655 660; x_wconf 86' lang='grc' dir='ltr'><strong>κε-</strong></span> 
     </span>
    </p>
   </div>
   <div class='ocr_carea' id='block_1_45' title="bbox 2091 684 2287 756">
    <p class='ocr_par' dir='ltr' id='par_1_45' title="bbox 2091 684 2287 756">
     <span class='ocr_line' id='line_1_45' title="bbox 2091 684 2287 756; baseline 0.005 -18"><span class='ocrx_word' id='word_1_312' title='bbox 2091 684 2287 756; x_wconf 82' lang='grc' dir='ltr'><strong>φαλήν.</strong></span> 
     </span>
    </p>
   </div>
   <div class='ocr_carea' id='block_1_46' title="bbox 2158 773 3650 851">
    <p class='ocr_par' dir='ltr' id='par_1_46' title="bbox 2158 773 3650 851">
     <span class='ocr_line' id='line_1_46' title="bbox 2158 773 3650 851; baseline 0.007 -23"><span class='ocrx_word' id='word_1_313' title='bbox 2158 774 2469 844; x_wconf 80' lang='grc' dir='ltr'><strong>Μνήσθητι</strong></span> <span class='ocrx_word' id='word_1_314' title='bbox 2492 776 2611 831; x_wconf 83' lang='grc' dir='ltr'><strong>τῶν</strong></span> <span class='ocrx_word' id='word_1_315' title='bbox 2642 779 2988 847; x_wconf 83' lang='grc' dir='ltr'><strong>θαυμασίων</strong></span> <span class='ocrx_word' id='word_1_316' title='bbox 3009 778 3195 834; x_wconf 86' lang='grc' dir='ltr'><strong>αὐτοῦ</strong></span> <span class='ocrx_word' id='word_1_317' title='bbox 3224 773 3311 837; x_wconf 83' lang='grc' dir='ltr'><strong>ὧν</strong></span> <span class='ocrx_word' id='word_1_318' title='bbox 3339 782 3650 851; x_wconf 75' lang='grc' dir='ltr'><strong>ἐποίησεν.</strong></span> 
     </span>
    </p>
   </div>
   <div class='ocr_carea' id='block_1_47' title="bbox 2087 858 3648 943">
    <p class='ocr_par' dir='ltr' id='par_1_47' title="bbox 2087 858 3648 943">
     <span class='ocr_line' id='line_1_47' title="bbox 2087 858 3648 943; baseline 0.006 -26"><span class='ocrx_word' id='word_1_319' title='bbox 2087 858 2190 917; x_wconf 82' lang='grc' dir='ltr'><strong>Ὧν</strong></span> <span class='ocrx_word' id='word_1_320' title='bbox 2222 866 2518 936; x_wconf 88' lang='grc' dir='ltr'><strong>πεποίηται</strong></span> <span class='ocrx_word' id='word_1_321' title='bbox 2559 866 2706 935; x_wconf 85' lang='grc' dir='ltr'><strong>λέγει</strong></span> <span class='ocrx_word' id='word_1_322' title='bbox 2750 868 2809 920; x_wconf 82' lang='grc' dir='ltr'><strong>ὲν</strong></span> <span class='ocrx_word' id='word_1_323' title='bbox 2856 871 2923 939; x_wconf 86' lang='grc' dir='ltr'><strong>τῇ</strong></span> <span class='ocrx_word' id='word_1_324' title='bbox 2971 870 3242 942; x_wconf 78' lang='grc' dir='ltr'>παρουσίᾳ</span> <span class='ocrx_word' id='word_1_325' title='bbox 3291 870 3648 943; x_wconf 82' lang='grc' dir='ltr'><strong>θεοσημειῶν,</strong></span> 
     </span>
    </p>
   </div>
   <div class='ocr_carea' id='block_1_48' title="bbox 2088 954 3652 1034">
    <p class='ocr_par' dir='ltr' id='par_1_48' title="bbox 2088 954 3652 1034">
     <span class='ocr_line' id='line_1_48' title="bbox 2088 954 3652 1034; baseline 0.007 -26"><span class='ocrx_word' id='word_1_326' title='bbox 2088 954 2199 1009; x_wconf 82' lang='grc' dir='ltr'><strong>εἴτε</strong></span> <span class='ocrx_word' id='word_1_327' title='bbox 2225 956 2332 1009; x_wconf 85' lang='grc' dir='ltr'><strong>τῶν</strong></span> <span class='ocrx_word' id='word_1_328' title='bbox 2357 957 2415 1009; x_wconf 86' lang='grc' dir='ltr'>ὲν</span> <span class='ocrx_word' id='word_1_329' title='bbox 2443 959 2507 1028; x_wconf 82' lang='grc' dir='ltr'><strong>τῇ</strong></span> <span class='ocrx_word' id='word_1_330' title='bbox 2535 959 2709 1029; x_wconf 83' lang='grc' dir='ltr'><strong>Καινῇ</strong></span> <span class='ocrx_word' id='word_1_331' title='bbox 2742 960 3007 1033; x_wconf 78' lang='grc' dir='ltr'><strong>Διαθήκῃ,</strong></span> <span class='ocrx_word' id='word_1_332' title='bbox 3056 963 3166 1015; x_wconf 83' lang='grc' dir='ltr'><strong>εἴτε</strong></span> <span class='ocrx_word' id='word_1_333' title='bbox 3213 962 3319 1016; x_wconf 85' lang='grc' dir='ltr'>τῶν</span> <span class='ocrx_word' id='word_1_334' title='bbox 3347 964 3404 1016; x_wconf 82' lang='grc' dir='ltr'><strong>ἐν</strong></span> <span class='ocrx_word' id='word_1_335' title='bbox 3429 967 3496 1034; x_wconf 81' lang='grc' dir='ltr'><strong>τῇ</strong></span> <span class='ocrx_word' id='word_1_336' title='bbox 3538 965 3652 1019; x_wconf 89' lang='grc' dir='ltr'><strong>Πα-</strong></span> 
     </span>
    </p>
   </div>
   <div class='ocr_carea' id='block_1_49' title="bbox 2088 1047 3650 1124">
    <p class='ocr_par' dir='ltr' id='par_1_49' title="bbox 2088 1047 3650 1124">
     <span class='ocr_line' id='line_1_49' title="bbox 2088 1047 3650 1124; baseline 0.007 -25"><span class='ocrx_word' id='word_1_337' title='bbox 2088 1047 2214 1118; x_wconf 81' lang='grc' dir='ltr'><strong>λαιᾷ</strong></span> <span class='ocrx_word' id='word_1_338' title='bbox 2242 1047 2390 1117; x_wconf 84' lang='grc' dir='ltr'><strong>παρὰ</strong></span> <span class='ocrx_word' id='word_1_339' title='bbox 2417 1050 2623 1119; x_wconf 73' lang='grc' dir='ltr'><strong>Μωῡσῇ</strong></span> <span class='ocrx_word' id='word_1_340' title='bbox 2656 1051 2748 1103; x_wconf 79' lang='grc' dir='ltr'>καὶ</span> <span class='ocrx_word' id='word_1_341' title='bbox 2776 1053 2888 1113; x_wconf 89' lang='grc' dir='ltr'><strong>τοῖς</strong></span> <span class='ocrx_word' id='word_1_342' title='bbox 2922 1052 3184 1124; x_wconf 89' lang='grc' dir='ltr'><strong>πρότερον</strong></span> <span class='ocrx_word' id='word_1_343' title='bbox 3226 1054 3423 1122; x_wconf 82' lang='grc' dir='ltr'><strong>ἁγίοις.</strong></span> <span class='ocrx_word' id='word_1_344' title='bbox 3471 1055 3650 1110; x_wconf 88' lang='grc' dir='ltr'><strong>Πολλά</strong></span> 
     </span>
    </p>
   </div>
   <div class='ocr_carea' id='block_1_50' title="bbox 2088 1136 3647 1212">
    <p class='ocr_par' dir='ltr' id='par_1_50' title="bbox 2088 1136 3647 1212">
     <span class='ocr_line' id='line_1_50' title="bbox 2088 1136 3647 1212; baseline 0.006 -21"><span class='ocrx_word' id='word_1_345' title='bbox 2088 1139 2197 1209; x_wconf 82' lang='grc' dir='ltr'><strong>γὰρ</strong></span> <span class='ocrx_word' id='word_1_346' title='bbox 2231 1138 2754 1212; x_wconf 83' lang='grc' dir='ltr'><strong>ἐθαυματούργησαν</strong></span> <span class='ocrx_word' id='word_1_347' title='bbox 2801 1144 2896 1196; x_wconf 81' lang='grc' dir='ltr'>καὶ</span> <span class='ocrx_word' id='word_1_348' title='bbox 2951 1136 3094 1197; x_wconf 78' lang='grc' dir='ltr'><strong>οῦτοι</strong></span> <span class='ocrx_word' id='word_1_349' title='bbox 3135 1145 3221 1198; x_wconf 80' lang='grc' dir='ltr'><strong>διὰ</strong></span> <span class='ocrx_word' id='word_1_350' title='bbox 3257 1145 3349 1202; x_wconf 84' lang='grc' dir='ltr'><strong>τοῦ</strong></span> <span class='ocrx_word' id='word_1_351' title='bbox 3391 1146 3520 1200; x_wconf 72' lang='grc' dir='ltr'><strong>Υἰοῧ</strong></span> <span class='ocrx_word' id='word_1_352' title='bbox 3556 1147 3647 1201; x_wconf 89' lang='grc' dir='ltr'><strong>τοῦ</strong></span> 
     </span>
    </p>
   </div>
   <div class='ocr_carea' id='block_1_51' title="bbox 2089 1229 3646 1312">
    <p class='ocr_par' dir='ltr' id='par_1_51' title="bbox 2089 1229 3646 1312">
     <span class='ocr_line' id='line_1_51' title="bbox 2089 1229 3646 1312; baseline 0.006 -29"><span class='ocrx_word' id='word_1_353' title='bbox 2089 1229 2245 1285; x_wconf 84' lang='grc' dir='ltr'><strong>Θεοῦ.</strong></span> <span class='ocrx_word' id='word_1_354' title='bbox 2275 1230 2459 1312; x_wconf 73' lang='grc' dir='ltr'><strong>Ταῦτα</strong></span> <span class='ocrx_word' id='word_1_355' title='bbox 2487 1234 2600 1295; x_wconf 86' lang='grc' dir='ltr'><strong>τοῖς</strong></span> <span class='ocrx_word' id='word_1_356' title='bbox 2634 1231 2842 1286; x_wconf 76' lang='grc' dir='ltr'>ἔθνεσιν</span> <span class='ocrx_word' id='word_1_357' title='bbox 2881 1232 2957 1298; x_wconf 79' lang='grc' dir='ltr'><strong>ὡς</strong></span> <span class='ocrx_word' id='word_1_358' title='bbox 3011 1236 3263 1303; x_wconf 87' lang='grc' dir='ltr'><strong>ἀγνοοῦσι</strong></span> <span class='ocrx_word' id='word_1_359' title='bbox 3317 1237 3646 1309; x_wconf 80' lang='grc' dir='ltr'><strong>παραδοῦναι</strong></span> 
     </span>
    </p>
   </div>
   <div class='ocr_carea' id='block_1_52' title="bbox 2087 1323 3645 1403">
    <p class='ocr_par' dir='ltr' id='par_1_52' title="bbox 2087 1323 3645 1403">
     <span class='ocr_line' id='line_1_52' title="bbox 2087 1323 3645 1403; baseline 0.005 -29"><span class='ocrx_word' id='word_1_360' title='bbox 2087 1323 2299 1376; x_wconf 84' lang='grc' dir='ltr'><strong>κελεύει</strong></span> <span class='ocrx_word' id='word_1_361' title='bbox 2338 1324 2463 1387; x_wconf 81' lang='grc' dir='ltr'><strong>τοὺς</strong></span> <span class='ocrx_word' id='word_1_362' title='bbox 2492 1323 2670 1379; x_wconf 82' lang='grc' dir='ltr'>αὐτῶν</span> <span class='ocrx_word' id='word_1_363' title='bbox 2714 1326 2960 1398; x_wconf 86' lang='grc' dir='ltr'><strong>κήρυκας</strong></span> <span class='ocrx_word' id='word_1_364' title='bbox 2987 1328 3123 1397; x_wconf 84' lang='grc' dir='ltr'><strong>πρὸς</strong></span> <span class='ocrx_word' id='word_1_365' title='bbox 3151 1331 3262 1392; x_wconf 77' lang='grc' dir='ltr'><strong>τοῖς</strong></span> <span class='ocrx_word' id='word_1_366' title='bbox 3287 1331 3343 1383; x_wconf 80' lang='grc' dir='ltr'><strong>ὲν</strong></span> <span class='ocrx_word' id='word_1_367' title='bbox 3370 1332 3437 1401; x_wconf 83' lang='grc' dir='ltr'><strong>τῇ</strong></span> <span class='ocrx_word' id='word_1_368' title='bbox 3470 1331 3645 1403; x_wconf 81' lang='grc' dir='ltr'><strong>Καινῇ</strong></span> 
     </span>
    </p>
   </div>
   <div class='ocr_carea' id='block_1_53' title="bbox 2088 1412 3648 1493">
    <p class='ocr_par' dir='ltr' id='par_1_53' title="bbox 2088 1412 3648 1493">
     <span class='ocr_line' id='line_1_53' title="bbox 2088 1412 3648 1493; baseline 0.006 -27"><span class='ocrx_word' id='word_1_369' title='bbox 2088 1412 2237 1481; x_wconf 86' lang='grc' dir='ltr'><strong>παρὰ</strong></span> <span class='ocrx_word' id='word_1_370' title='bbox 2265 1412 2359 1467; x_wconf 90' lang='grc' dir='ltr'><strong>τοῦ</strong></span> <span class='ocrx_word' id='word_1_371' title='bbox 2396 1414 2647 1485; x_wconf 81' lang='grc' dir='ltr'><strong>Σωτῆρος</strong></span> <span class='ocrx_word' id='word_1_372' title='bbox 2693 1416 3100 1487; x_wconf 84' lang='grc' dir='ltr'><strong>γεγενημένοις,</strong></span> <span class='ocrx_word' id='word_1_373' title='bbox 3147 1418 3245 1472; x_wconf 83' lang='grc' dir='ltr'><strong>ὅσα</strong></span> <span class='ocrx_word' id='word_1_374' title='bbox 3284 1437 3345 1472; x_wconf 91' lang='grc' dir='ltr'><strong>τε</strong></span> <span class='ocrx_word' id='word_1_375' title='bbox 3393 1421 3648 1493; x_wconf 83' lang='grc' dir='ltr'><strong>κέκρικεν</strong></span> 
     </span>
    </p>
   </div>
   <div class='ocr_carea' id='block_1_54' title="bbox 2088 1507 3643 1585">
    <p class='ocr_par' dir='ltr' id='par_1_54' title="bbox 2088 1507 3643 1585">
     <span class='ocr_line' id='line_1_54' title="bbox 2088 1507 3643 1585; baseline 0.005 -23"><span class='ocrx_word' id='word_1_376' title='bbox 2088 1507 2251 1562; x_wconf 80' lang='grc' dir='ltr'><strong>αὐτοῦ</strong></span> <span class='ocrx_word' id='word_1_377' title='bbox 2284 1507 2347 1560; x_wconf 78' lang='grc' dir='ltr'><strong>τὸ</strong></span> <span class='ocrx_word' id='word_1_378' title='bbox 2393 1509 2565 1579; x_wconf 81' lang='grc' dir='ltr'><strong>στόμα</strong></span> <span class='ocrx_word' id='word_1_379' title='bbox 2608 1509 2697 1563; x_wconf 85' lang='grc' dir='ltr'><strong>διά</strong></span> <span class='ocrx_word' id='word_1_380' title='bbox 2738 1527 2797 1562; x_wconf 90' lang='grc' dir='ltr'><strong>τε</strong></span> <span class='ocrx_word' id='word_1_381' title='bbox 2841 1512 2940 1583; x_wconf 86' lang='grc' dir='ltr'><strong>τῆς</strong></span> <span class='ocrx_word' id='word_1_382' title='bbox 2983 1512 3227 1576; x_wconf 83' lang='grc' dir='ltr'><strong>Παλαιᾶς</strong></span> <span class='ocrx_word' id='word_1_383' title='bbox 3277 1514 3376 1566; x_wconf 67' lang='grc' dir='ltr'>καὶ</span> <span class='ocrx_word' id='word_1_384' title='bbox 3415 1515 3643 1585; x_wconf 77' lang='grc' dir='ltr'><strong>Καινῆς.</strong></span> 
     </span>
    </p>
   </div>
   <div class='ocr_carea' id='block_1_55' title="bbox 2098 1599 3647 1673">
    <p class='ocr_par' dir='ltr' id='par_1_55' title="bbox 2098 1599 3647 1673">
     <span class='ocr_line' id='line_1_55' title="bbox 2098 1599 3647 1673; baseline 0.006 -20"><span class='ocrx_word' id='word_1_385' title='bbox 2098 1599 2185 1663; x_wconf 85' lang='grc' dir='ltr'><strong>Ὧς</strong></span> <span class='ocrx_word' id='word_1_386' title='bbox 2233 1599 2299 1653; x_wconf 85' lang='grc' dir='ltr'>ἂν</span> <span class='ocrx_word' id='word_1_387' title='bbox 2346 1600 2658 1671; x_wconf 83' lang='grc' dir='ltr'><strong>βασιλικοὺς</strong></span> <span class='ocrx_word' id='word_1_388' title='bbox 2701 1602 2897 1673; x_wconf 90' lang='grc' dir='ltr'><strong>νόμους</strong></span> <span class='ocrx_word' id='word_1_389' title='bbox 2936 1603 3163 1673; x_wconf 79' lang='grc' dir='ltr'><strong>φυλάξαι</strong></span> <span class='ocrx_word' id='word_1_390' title='bbox 3205 1605 3513 1661; x_wconf 72' lang='grc' dir='ltr'><strong>κελεύσατε.</strong></span> <span class='ocrx_word' id='word_1_391' title='bbox 3572 1610 3647 1663; x_wconf 80' lang='grc' dir='ltr'><strong>Τὰ</strong></span> 
     </span>
    </p>
   </div>
   <div class='ocr_carea' id='block_1_56' title="bbox 2085 1688 3648 1766">
    <p class='ocr_par' dir='ltr' id='par_1_56' title="bbox 2085 1688 3648 1766">
     <span class='ocr_line' id='line_1_56' title="bbox 2085 1688 3648 1766; baseline 0.006 -23"><span class='ocrx_word' id='word_1_392' title='bbox 2085 1688 2297 1757; x_wconf 82' lang='grc' dir='ltr'><strong>τέρατα</strong></span> <span class='ocrx_word' id='word_1_393' title='bbox 2318 1692 2501 1746; x_wconf 85' lang='grc' dir='ltr'><strong>αὐτοῦ</strong></span> <span class='ocrx_word' id='word_1_394' title='bbox 2535 1693 2633 1746; x_wconf 79' lang='grc' dir='ltr'><strong>καὶ</strong></span> <span class='ocrx_word' id='word_1_395' title='bbox 2665 1694 2739 1747; x_wconf 84' lang='grc' dir='ltr'><strong>τὰ</strong></span> <span class='ocrx_word' id='word_1_396' title='bbox 2782 1695 3035 1763; x_wconf 80' lang='grc' dir='ltr'><strong>κρίματα</strong></span> <span class='ocrx_word' id='word_1_397' title='bbox 3061 1695 3167 1749; x_wconf 85' lang='grc' dir='ltr'><strong>τοῦ</strong></span> <span class='ocrx_word' id='word_1_398' title='bbox 3203 1698 3497 1766; x_wconf 86' lang='grc' dir='ltr'><strong>στόματος</strong></span> <span class='ocrx_word' id='word_1_399' title='bbox 3542 1700 3648 1753; x_wconf 86' lang='grc' dir='ltr'><strong>αὐ-</strong></span> 
     </span>
    </p>
   </div>
   <div class='ocr_carea' id='block_1_57' title="bbox 2015 1759 3647 1858">
    <p class='ocr_par' dir='ltr' id='par_1_57' title="bbox 2015 1759 3647 1858">
     <span class='ocr_line' id='line_1_57' title="bbox 2015 1759 3647 1858; baseline 0.008 -26"><span class='ocrx_word' id='word_1_400' title='bbox 2015 1759 2061 1814; x_wconf 79' lang='lat' dir='ltr'><strong>B</strong></span> <span class='ocrx_word' id='word_1_401' title='bbox 2086 1780 2214 1834; x_wconf 86' lang='grc' dir='ltr'><strong>τοῦ.</strong></span> <span class='ocrx_word' id='word_1_402' title='bbox 2238 1781 2282 1833; x_wconf 92' lang='grc' dir='ltr'>Τ</span> <span class='ocrx_word' id='word_1_403' title='bbox 2285 1780 2451 1853; x_wconf 89' lang='grc' dir='ltr'><strong>έρατα</strong></span> <span class='ocrx_word' id='word_1_404' title='bbox 2474 1783 2571 1852; x_wconf 83' lang='grc' dir='ltr'><strong>μὲν</strong></span> <span class='ocrx_word' id='word_1_405' title='bbox 2603 1783 2673 1837; x_wconf 81' lang='grc' dir='ltr'><strong>τὰ</strong></span> <span class='ocrx_word' id='word_1_406' title='bbox 2700 1759 3042 1857; x_wconf 79' lang='grc' dir='ltr'><strong>γεγενημένα</strong></span> <span class='ocrx_word' id='word_1_407' title='bbox 3067 1759 3336 1858; x_wconf 68' lang='grc' dir='ltr'><strong>θαύματα,</strong></span> <span class='ocrx_word' id='word_1_408' title='bbox 3364 1791 3439 1854; x_wconf 86' lang='grc' dir='ltr'><strong>ὡς</strong></span> <span class='ocrx_word' id='word_1_409' title='bbox 3554 1809 3647 1846; x_wconf 84' lang='grc' dir='ltr'><strong>πε-</strong></span> 
     </span>
    </p>
   </div>
   <div class='ocr_carea' id='block_1_58' title="bbox 2088 1870 3647 1954">
    <p class='ocr_par' dir='ltr' id='par_1_58' title="bbox 2088 1870 3647 1954">
     <span class='ocr_line' id='line_1_58' title="bbox 2088 1870 3647 1954; baseline 0.01 -32"><span class='ocrx_word' id='word_1_410' title='bbox 2088 1870 2383 1941; x_wconf 78' lang='grc' dir='ltr'><strong>ριπατῆσαι</strong></span> <span class='ocrx_word' id='word_1_411' title='bbox 2415 1874 2505 1926; x_wconf 75' lang='grc' dir='ltr'><strong>ἐπὶ</strong></span> <span class='ocrx_word' id='word_1_412' title='bbox 2550 1874 2651 1944; x_wconf 89' lang='grc' dir='ltr'><strong>τῆς</strong></span> <span class='ocrx_word' id='word_1_413' title='bbox 2683 1874 2978 1947; x_wconf 83' lang='grc' dir='ltr'><strong>θαλάσσης,</strong></span> <span class='ocrx_word' id='word_1_414' title='bbox 3024 1879 3119 1931; x_wconf 75' lang='grc' dir='ltr'><strong>καὶ</strong></span> <span class='ocrx_word' id='word_1_415' title='bbox 3170 1881 3362 1950; x_wconf 81' lang='grc' dir='ltr'><strong>νεκρὸν</strong></span> <span class='ocrx_word' id='word_1_416' title='bbox 3410 1883 3647 1954; x_wconf 85' lang='grc' dir='ltr'><strong>ἀναστῆ-</strong></span> 
     </span>
    </p>
   </div>
   <div class='ocr_carea' id='block_1_59' title="bbox 2087 1961 3644 2042">
    <p class='ocr_par' dir='ltr' id='par_1_59' title="bbox 2087 1961 3644 2042">
     <span class='ocr_line' id='line_1_59' title="bbox 2087 1961 3644 2042; baseline 0.011 -31"><span class='ocrx_word' id='word_1_417' title='bbox 2087 1976 2197 2024; x_wconf 91' lang='grc' dir='ltr'><strong>σαι,</strong></span> <span class='ocrx_word' id='word_1_418' title='bbox 2226 1962 2318 2015; x_wconf 77' lang='grc' dir='ltr'>καὶ</span> <span class='ocrx_word' id='word_1_419' title='bbox 2360 1961 2430 2015; x_wconf 79' lang='grc' dir='ltr'><strong>τὰ</strong></span> <span class='ocrx_word' id='word_1_420' title='bbox 2460 1962 2649 2017; x_wconf 87' lang='grc' dir='ltr'><strong>λοιπά·</strong></span> <span class='ocrx_word' id='word_1_421' title='bbox 2682 1964 2926 2035; x_wconf 88' lang='grc' dir='ltr'><strong>κρίματα</strong></span> <span class='ocrx_word' id='word_1_422' title='bbox 2963 1968 3019 2021; x_wconf 89' lang='grc' dir='ltr'><strong>δὲ</strong></span> <span class='ocrx_word' id='word_1_423' title='bbox 3053 1970 3145 2022; x_wconf 87' lang='grc' dir='ltr'><strong>τοῦ</strong></span> <span class='ocrx_word' id='word_1_424' title='bbox 3189 1970 3454 2042; x_wconf 86' lang='grc' dir='ltr'><strong>στόματος</strong></span> <span class='ocrx_word' id='word_1_425' title='bbox 3481 1972 3644 2028; x_wconf 82' lang='grc' dir='ltr'><strong>αὐτοῦ</strong></span> 
     </span>
    </p>
   </div>
   <div class='ocr_carea' id='block_1_60' title="bbox 2082 2046 3645 2133">
    <p class='ocr_par' dir='ltr' id='par_1_60' title="bbox 2082 2046 3645 2133">
     <span class='ocr_line' id='line_1_60' title="bbox 2082 2046 3645 2133; baseline 0.013 -36"><span class='ocrx_word' id='word_1_426' title='bbox 2082 2047 2206 2109; x_wconf 78' lang='grc' dir='ltr'><strong>τοὺς</strong></span> <span class='ocrx_word' id='word_1_427' title='bbox 2252 2046 2439 2116; x_wconf 86' lang='grc' dir='ltr'><strong>λόγους</strong></span> <span class='ocrx_word' id='word_1_428' title='bbox 2491 2049 2584 2114; x_wconf 81' lang='grc' dir='ltr'><strong>οὓς</strong></span> <span class='ocrx_word' id='word_1_429' title='bbox 2619 2050 2805 2121; x_wconf 79' lang='grc' dir='ltr'><strong>ἔλεγεν</strong></span> <span class='ocrx_word' id='word_1_430' title='bbox 2824 2093 2839 2118; x_wconf 90' lang='grc'><strong>,</strong></span> <span class='ocrx_word' id='word_1_431' title='bbox 2889 2053 3122 2109; x_wconf 82' lang='grc' dir='ltr'>ἐλαύνων</span> <span class='ocrx_word' id='word_1_432' title='bbox 3184 2057 3293 2112; x_wconf 84' lang='grc' dir='ltr'><strong>τῶν</strong></span> <span class='ocrx_word' id='word_1_433' title='bbox 3347 2060 3645 2133; x_wconf 83' lang='grc' dir='ltr'><strong>ἀνθρώπων</strong></span> 
     </span>
    </p>
   </div>
   <div class='ocr_carea' id='block_1_61' title="bbox 2081 2137 3644 2223">
    <p class='ocr_par' dir='ltr' id='par_1_61' title="bbox 2081 2137 3644 2223">
     <span class='ocr_line' id='line_1_61' title="bbox 2081 2137 3644 2223; baseline 0.012 -35"><span class='ocrx_word' id='word_1_434' title='bbox 2081 2137 2206 2201; x_wconf 84' lang='grc' dir='ltr'><strong>τοὺς</strong></span> <span class='ocrx_word' id='word_1_435' title='bbox 2235 2138 2575 2211; x_wconf 84' lang='grc' dir='ltr'><strong>ἀκαθάρτους</strong></span> <span class='ocrx_word' id='word_1_436' title='bbox 2601 2141 2857 2213; x_wconf 87' lang='grc' dir='ltr'><strong>δαίμονας</strong></span> <span class='ocrx_word' id='word_1_437' title='bbox 2876 2162 2888 2174; x_wconf 79' lang='grc'><em>’</em></span> <span class='ocrx_word' id='word_1_438' title='bbox 2925 2145 2956 2216; x_wconf 84' lang='grc' dir='ltr'>ἢ</span> <span class='ocrx_word' id='word_1_439' title='bbox 2994 2147 3086 2200; x_wconf 83' lang='grc' dir='ltr'><strong>καὶ</strong></span> <span class='ocrx_word' id='word_1_440' title='bbox 3130 2147 3229 2211; x_wconf 80' lang='grc' dir='ltr'><strong>τὰς</strong></span> <span class='ocrx_word' id='word_1_441' title='bbox 3282 2150 3500 2216; x_wconf 80' lang='grc' dir='ltr'><strong>ἐντολὰς</strong></span> <span class='ocrx_word' id='word_1_442' title='bbox 3544 2153 3644 2223; x_wconf 87' lang='grc' dir='ltr'><strong>τῆς</strong></span> 
     </span>
    </p>
   </div>
   <div class='ocr_carea' id='block_1_62' title="bbox 2082 2229 2615 2305">
    <p class='ocr_par' dir='ltr' id='par_1_62' title="bbox 2082 2229 2615 2305">
     <span class='ocr_line' id='line_1_62' title="bbox 2082 2229 2615 2305; baseline 0.011 -22"><span class='ocrx_word' id='word_1_443' title='bbox 2082 2229 2291 2300; x_wconf 83' lang='grc' dir='ltr'><strong>Καινῆς</strong></span> <span class='ocrx_word' id='word_1_444' title='bbox 2319 2232 2615 2305; x_wconf 86' lang='grc' dir='ltr'><strong>Διαθήκης.</strong></span> 
     </span>
    </p>
   </div>
   <div class='ocr_carea' id='block_1_63' title="bbox 2150 2321 3647 2397">
    <p class='ocr_par' dir='ltr' id='par_1_63' title="bbox 2150 2321 3647 2397">
     <span class='ocr_line' id='line_1_63' title="bbox 2150 2321 3647 2397; baseline 0.011 -23"><span class='ocrx_word' id='word_1_445' title='bbox 2150 2321 2391 2392; x_wconf 82' lang='grc' dir='ltr'><strong>Σπέρμα</strong></span> <span class='ocrx_word' id='word_1_446' title='bbox 2445 2326 2689 2397; x_wconf 76' lang='grc' dir='ltr'><strong>Ἀϐραὰμ</strong></span> <span class='ocrx_word' id='word_1_447' title='bbox 2737 2328 2945 2384; x_wconf 83' lang='grc' dir='ltr'><strong>δοῦλοι</strong></span> <span class='ocrx_word' id='word_1_448' title='bbox 2976 2330 3183 2395; x_wconf 82' lang='grc' dir='ltr'><strong>αὑτοῦ,</strong></span> <span class='ocrx_word' id='word_1_449' title='bbox 3241 2332 3379 2387; x_wconf 84' lang='grc' dir='ltr'><strong>Υίοῦ</strong></span> <span class='ocrx_word' id='word_1_450' title='bbox 3447 2335 3647 2391; x_wconf 80' lang='grc' dir='ltr'><strong>Ἰακὼὸ</strong></span> 
     </span>
    </p>
   </div>
   <div class='ocr_carea' id='block_1_64' title="bbox 2081 2413 3642 2494">
    <p class='ocr_par' dir='ltr' id='par_1_64' title="bbox 2081 2413 3642 2494">
     <span class='ocr_line' id='line_1_64' title="bbox 2081 2413 3642 2494; baseline 0.011 -27"><span class='ocrx_word' id='word_1_451' title='bbox 2081 2413 2370 2470; x_wconf 82' lang='grc' dir='ltr'><strong>ἐκλεκτοῦ</strong></span> <span class='ocrx_word' id='word_1_452' title='bbox 2409 2418 2618 2472; x_wconf 84' lang='grc' dir='ltr'><strong>αὑτοῦ.</strong></span> <span class='ocrx_word' id='word_1_453' title='bbox 2678 2421 2800 2474; x_wconf 89' lang='grc' dir='ltr'><strong>Ἔτι</strong></span> <span class='ocrx_word' id='word_1_454' title='bbox 2830 2422 2905 2485; x_wconf 85' lang='grc' dir='ltr'><strong>ὡς</strong></span> <span class='ocrx_word' id='word_1_455' title='bbox 2926 2422 3062 2494; x_wconf 82' lang='grc' dir='ltr'><strong>πρὸς</strong></span> <span class='ocrx_word' id='word_1_456' title='bbox 3085 2424 3212 2487; x_wconf 84' lang='grc' dir='ltr'><strong>τοὺς</strong></span> <span class='ocrx_word' id='word_1_457' title='bbox 3240 2426 3567 2492; x_wconf 81' lang='grc' dir='ltr'><strong>ἀποστόλους</strong></span> <span class='ocrx_word' id='word_1_458' title='bbox 3610 2429 3642 2484; x_wconf 81' lang='grc' dir='ltr'><strong><em>ὁ</em></strong></span> 
     </span>
    </p>
   </div>
   <div class='ocr_carea' id='block_1_65' title="bbox 2080 2500 3643 2589">
    <p class='ocr_par' dir='ltr' id='par_1_65' title="bbox 2080 2500 3643 2589">
     <span class='ocr_line' id='line_1_65' title="bbox 2080 2500 3643 2589; baseline 0.011 -35"><span class='ocrx_word' id='word_1_459' title='bbox 2080 2500 2254 2572; x_wconf 89' lang='grc' dir='ltr'><strong>λόγος,</strong></span> <span class='ocrx_word' id='word_1_460' title='bbox 2288 2504 2375 2558; x_wconf 81' lang='grc' dir='ltr'><strong>ἵνα</strong></span> <span class='ocrx_word' id='word_1_461' title='bbox 2458 2524 2472 2537; x_wconf 76' lang='grc' dir='ltr'><strong><em>ο</em></strong></span> <span class='ocrx_word' id='word_1_462' title='bbox 2517 2505 2605 2571; x_wconf 85' lang='grc' dir='ltr'><strong>Ὠς</strong></span> <span class='ocrx_word' id='word_1_463' title='bbox 2637 2509 2857 2582; x_wconf 82' lang='grc' dir='ltr'><strong>σπέρμα</strong></span> <span class='ocrx_word' id='word_1_464' title='bbox 2910 2510 3007 2581; x_wconf 86' lang='grc' dir='ltr'><strong>μὲν</strong></span> <span class='ocrx_word' id='word_1_465' title='bbox 3037 2511 3189 2577; x_wconf 76' lang='grc' dir='ltr'><strong>ὅντες</strong></span> <span class='ocrx_word' id='word_1_466' title='bbox 3235 2513 3329 2566; x_wconf 89' lang='grc' dir='ltr'><strong>τοῦ</strong></span> <span class='ocrx_word' id='word_1_467' title='bbox 3394 2515 3643 2589; x_wconf 70' lang='grc' dir='ltr'><strong>Ἀϐραὰμ</strong></span> 
     </span>
    </p>
   </div>
   <div class='ocr_carea' id='block_1_66' title="bbox 2080 2594 3641 2667">
    <p class='ocr_par' dir='ltr' id='par_1_66' title="bbox 2080 2594 3641 2667">
     <span class='ocr_line' id='line_1_66' title="bbox 2080 2594 3641 2667; baseline 0.009 -20"><span class='ocrx_word' id='word_1_468' title='bbox 2080 2596 2174 2648; x_wconf 78' lang='grc' dir='ltr'><strong>καὶ</strong></span> <span class='ocrx_word' id='word_1_469' title='bbox 2196 2594 2369 2649; x_wconf 89' lang='grc' dir='ltr'><strong>δοῦλοι</strong></span> <span class='ocrx_word' id='word_1_470' title='bbox 2396 2596 2580 2663; x_wconf 83' lang='grc' dir='ltr'><strong>αὐτοῦ,</strong></span> <span class='ocrx_word' id='word_1_471' title='bbox 2612 2601 2704 2654; x_wconf 73' lang='grc' dir='ltr'>καὶ</span> <span class='ocrx_word' id='word_1_472' title='bbox 2744 2602 2849 2654; x_wconf 77' lang='grc' dir='ltr'><strong>υίοὶ</strong></span> <span class='ocrx_word' id='word_1_473' title='bbox 2878 2602 3027 2667; x_wconf 78' lang='grc' dir='ltr'><strong>ὄντες</strong></span> <span class='ocrx_word' id='word_1_474' title='bbox 3055 2603 3147 2656; x_wconf 92' lang='grc' dir='ltr'><strong>τοῦ</strong></span> <span class='ocrx_word' id='word_1_475' title='bbox 3182 2603 3374 2658; x_wconf 85' lang='grc' dir='ltr'>Ἰακὼϐ</span> <span class='ocrx_word' id='word_1_476' title='bbox 3421 2608 3514 2659; x_wconf 71' lang='grc' dir='ltr'><strong>καὶ</strong></span> <span class='ocrx_word' id='word_1_477' title='bbox 3550 2608 3641 2662; x_wconf 65' lang='lat' dir='ltr'><strong>inc-</strong></span> 
     </span>
    </p>
   </div>
   <div class='ocr_carea' id='block_1_67' title="bbox 2077 2686 3640 2768">
    <p class='ocr_par' dir='ltr' id='par_1_67' title="bbox 2077 2686 3640 2768">
     <span class='ocr_line' id='line_1_67' title="bbox 2077 2686 3640 2768; baseline 0.008 -29"><span class='ocrx_word' id='word_1_478' title='bbox 2077 2686 2256 2740; x_wconf 75' lang='grc' dir='ltr'><strong>λεκτοὶ</strong></span> <span class='ocrx_word' id='word_1_479' title='bbox 2276 2688 2438 2742; x_wconf 81' lang='grc' dir='ltr'><strong>αὐτοῦ</strong></span> <span class='ocrx_word' id='word_1_480' title='bbox 2484 2689 2685 2763; x_wconf 80' lang='grc' dir='ltr'><strong>(αὐτὸς</strong></span> <span class='ocrx_word' id='word_1_481' title='bbox 2727 2692 2834 2764; x_wconf 81' lang='grc' dir='ltr'><strong>γὰρ</strong></span> <span class='ocrx_word' id='word_1_482' title='bbox 2876 2694 3075 2759; x_wconf 81' lang='grc' dir='ltr'><strong>αὐτοὺς</strong></span> <span class='ocrx_word' id='word_1_483' title='bbox 3101 2694 3432 2767; x_wconf 77' lang='grc' dir='ltr'><strong>ἐξελέξατο),</strong></span> <span class='ocrx_word' id='word_1_484' title='bbox 3466 2698 3640 2768; x_wconf 76' lang='grc' dir='ltr'><strong>ἀπαγ-</strong></span> 
     </span>
    </p>
   </div>
   <div class='ocr_carea' id='block_1_68' title="bbox 2076 2776 3659 2859">
    <p class='ocr_par' dir='ltr' id='par_1_68' title="bbox 2076 2776 3659 2859">
     <span class='ocr_line' id='line_1_68' title="bbox 2076 2776 3659 2859; baseline 0.011 -31"><span class='ocrx_word' id='word_1_485' title='bbox 2076 2777 2290 2847; x_wconf 84' lang='grc' dir='ltr'><strong>γείλατε</strong></span> <span class='ocrx_word' id='word_1_486' title='bbox 2313 2780 2370 2835; x_wconf 84' lang='grc' dir='ltr'><strong>ὲν</strong></span> <span class='ocrx_word' id='word_1_487' title='bbox 2404 2784 2516 2844; x_wconf 86' lang='grc' dir='ltr'><strong>τοῖς</strong></span> <span class='ocrx_word' id='word_1_488' title='bbox 2542 2782 2771 2850; x_wconf 80' lang='grc' dir='ltr'><strong>ἔθνεσιν,</strong></span> <span class='ocrx_word' id='word_1_489' title='bbox 2801 2786 2878 2849; x_wconf 82' lang='grc' dir='ltr'><strong>ὠς</strong></span> <span class='ocrx_word' id='word_1_490' title='bbox 2905 2787 3065 2850; x_wconf 77' lang='grc' dir='ltr'><strong>αὐτός</strong></span> <span class='ocrx_word' id='word_1_491' title='bbox 3093 2788 3208 2841; x_wconf 75' lang='grc' dir='ltr'><strong>ἔστι</strong></span> <span class='ocrx_word' id='word_1_492' title='bbox 3233 2788 3433 2859; x_wconf 87' lang='grc' dir='ltr'><strong>Κύριος</strong></span> <span class='ocrx_word' id='word_1_493' title='bbox 3457 2789 3487 2842; x_wconf 77' lang='grc' dir='ltr'><strong>ὁ</strong></span> <span class='ocrx_word' id='word_1_494' title='bbox 3504 2776 3659 2856; x_wconf 63' lang='grc' dir='ltr'><strong>θεος</strong></span> 
     </span>
    </p>
   </div>
   <div class='ocr_carea' id='block_1_69' title="bbox 2077 2870 2254 2940">
    <p class='ocr_par' dir='ltr' id='par_1_69' title="bbox 2077 2870 2254 2940">
     <span class='ocr_line' id='line_1_69' title="bbox 2077 2870 2254 2940; baseline 0.023 -19"><span class='ocrx_word' id='word_1_495' title='bbox 2077 2870 2254 2940; x_wconf 84' lang='grc' dir='ltr'><strong>ήμῶν.</strong></span> 
     </span>
    </p>
   </div>
   <div class='ocr_carea' id='block_1_70' title="bbox 2144 2959 3636 3036">
    <p class='ocr_par' dir='ltr' id='par_1_70' title="bbox 2144 2959 3636 3036">
     <span class='ocr_line' id='line_1_70' title="bbox 2144 2959 3636 3036; baseline 0.008 -24"><span class='ocrx_word' id='word_1_496' title='bbox 2144 2960 2256 3013; x_wconf 79' lang='grc' dir='ltr'><strong>Καὶ</strong></span> <span class='ocrx_word' id='word_1_497' title='bbox 2281 2959 2531 3029; x_wconf 77' lang='grc' dir='ltr'><strong>διῆλθον</strong></span> <span class='ocrx_word' id='word_1_498' title='bbox 2565 2963 2634 3029; x_wconf 80' lang='grc' dir='ltr'><strong>ἐξ</strong></span> <span class='ocrx_word' id='word_1_499' title='bbox 2658 2964 2871 3032; x_wconf 77' lang='grc' dir='ltr'><strong>ἔθνους</strong></span> <span class='ocrx_word' id='word_1_500' title='bbox 2898 2968 2984 3033; x_wconf 81' lang='grc' dir='ltr'><strong>εἰς</strong></span> <span class='ocrx_word' id='word_1_501' title='bbox 3011 2968 3205 3036; x_wconf 80' lang='grc' dir='ltr'><strong>ἔθνος.</strong></span> <span class='ocrx_word' id='word_1_502' title='bbox 3241 2968 3372 3023; x_wconf 82' lang='grc' dir='ltr'><strong>Ἀπὸ</strong></span> <span class='ocrx_word' id='word_1_503' title='bbox 3402 2969 3496 3023; x_wconf 78' lang='grc' dir='ltr'><strong>τοῦ</strong></span> <span class='ocrx_word' id='word_1_504' title='bbox 3532 2970 3636 3024; x_wconf 83' lang='grc' dir='ltr'><strong>Βα-</strong></span> 
     </span>
    </p>
   </div>
   <div class='ocr_carea' id='block_1_71' title="bbox 1998 3051 3147 3154">
    <p class='ocr_par' dir='ltr' id='par_1_71' title="bbox 1998 3051 3147 3154">
     <span class='ocr_line' id='line_1_71' title="bbox 1998 3051 3147 3154; baseline 0.01 -51"><span class='ocrx_word' id='word_1_505' title='bbox 1998 3097 2040 3154; x_wconf 73' lang='lat' dir='ltr'>c</span> <span class='ocrx_word' id='word_1_506' title='bbox 2075 3051 2346 3106; x_wconf 88' lang='grc' dir='ltr'><strong>ϐυλωνίων</strong></span> <span class='ocrx_word' id='word_1_507' title='bbox 2368 3054 2552 3120; x_wconf 78' lang='grc' dir='ltr'><strong>ἔθνους</strong></span> <span class='ocrx_word' id='word_1_508' title='bbox 2570 3060 2650 3121; x_wconf 83' lang='grc' dir='ltr'><strong>είς</strong></span> <span class='ocrx_word' id='word_1_509' title='bbox 2671 3058 2731 3111; x_wconf 82' lang='grc' dir='ltr'>τὸ</span> <span class='ocrx_word' id='word_1_510' title='bbox 2758 3059 3147 3115; x_wconf 80' lang='grc' dir='ltr'><strong>Παλαιστίνων.</strong></span> 
     </span>
    </p>
   </div>
   <div class='ocr_carea' id='block_1_72' title="bbox 2143 3144 3632 3221">
    <p class='ocr_par' dir='ltr' id='par_1_72' title="bbox 2143 3144 3632 3221">
     <span class='ocr_line' id='line_1_72' title="bbox 2143 3144 3632 3221; baseline 0.011 -24"><span class='ocrx_word' id='word_1_511' title='bbox 2143 3144 2255 3198; x_wconf 81' lang='grc' dir='ltr'><strong>Καὶ</strong></span> <span class='ocrx_word' id='word_1_512' title='bbox 2293 3144 2555 3215; x_wconf 75' lang='grc' dir='ltr'><strong>ἤλεγξεν</strong></span> <span class='ocrx_word' id='word_1_513' title='bbox 2596 3149 2748 3219; x_wconf 84' lang='grc' dir='ltr'><strong>ὑπὲρ</strong></span> <span class='ocrx_word' id='word_1_514' title='bbox 2789 3151 2988 3205; x_wconf 79' lang='grc' dir='ltr'><strong>αὐτῶν</strong></span> <span class='ocrx_word' id='word_1_515' title='bbox 3009 3153 3307 3221; x_wconf 77' lang='grc' dir='ltr'><strong>βασιλεῖς.</strong></span> <span class='ocrx_word' id='word_1_516' title='bbox 3347 3157 3450 3212; x_wconf 82' lang='grc' dir='ltr'>Τὸν</span> <span class='ocrx_word' id='word_1_517' title='bbox 3491 3158 3632 3214; x_wconf 79' lang='grc' dir='ltr'><strong>Ἀϐι-</strong></span> 
     </span>
    </p>
   </div>
   <div class='ocr_carea' id='block_1_73' title="bbox 2073 3236 3199 3316">
    <p class='ocr_par' dir='ltr' id='par_1_73' title="bbox 2073 3236 3199 3316">
     <span class='ocr_line' id='line_1_73' title="bbox 2073 3236 3199 3316; baseline 0.01 -27"><span class='ocrx_word' id='word_1_518' title='bbox 2073 3236 2239 3309; x_wconf 88' lang='grc' dir='ltr'><strong>μέλεχ</strong></span> <span class='ocrx_word' id='word_1_519' title='bbox 2263 3239 2392 3310; x_wconf 73' lang='grc' dir='ltr'><strong>περὶ</strong></span> <span class='ocrx_word' id='word_1_520' title='bbox 2415 3240 2517 3310; x_wconf 87' lang='grc' dir='ltr'><strong>τῆς</strong></span> <span class='ocrx_word' id='word_1_521' title='bbox 2549 3241 2629 3305; x_wconf 87' lang='grc' dir='ltr'><strong>είς</strong></span> <span class='ocrx_word' id='word_1_522' title='bbox 2655 3243 2871 3314; x_wconf 72' lang='grc' dir='ltr'><strong>Σάρραν</strong></span> <span class='ocrx_word' id='word_1_523' title='bbox 2892 3245 3199 3316; x_wconf 78' lang='grc' dir='ltr'><strong>παροινίας.</strong></span> 
     </span>
    </p>
   </div>
   <div class='ocr_carea' id='block_1_74' title="bbox 2137 3328 3633 3415">
    <p class='ocr_par' dir='ltr' id='par_1_74' title="bbox 2137 3328 3633 3415">
     <span class='ocr_line' id='line_1_74' title="bbox 2137 3328 3633 3415; baseline 0.01 -33"><span class='ocrx_word' id='word_1_524' title='bbox 2137 3328 2235 3397; x_wconf 84' lang='grc' dir='ltr'><strong>Μὴ</strong></span> <span class='ocrx_word' id='word_1_525' title='bbox 2250 3329 2489 3398; x_wconf 59' lang='lat' dir='ltr'><strong>amcos</strong></span> <span class='ocrx_word' id='word_1_526' title='bbox 2504 3331 2623 3386; x_wconf 82' lang='grc' dir='ltr'><strong>τῶν</strong></span> <span class='ocrx_word' id='word_1_527' title='bbox 2640 3335 2904 3402; x_wconf 81' lang='grc' dir='ltr'><strong>χριστῶν</strong></span> <span class='ocrx_word' id='word_1_528' title='bbox 2916 3354 3053 3405; x_wconf 86' lang='grc' dir='ltr'><strong>μου.</strong></span> <span class='ocrx_word' id='word_1_529' title='bbox 3076 3338 3302 3409; x_wconf 79' lang='grc' dir='ltr'><strong>Χριστοὶ</strong></span> <span class='ocrx_word' id='word_1_530' title='bbox 3324 3340 3418 3394; x_wconf 82' lang='grc' dir='ltr'><strong>καὶ</strong></span> <span class='ocrx_word' id='word_1_531' title='bbox 3440 3343 3633 3415; x_wconf 75' lang='grc' dir='ltr'><strong>οἱπερὶ</strong></span> 
     </span>
    </p>
   </div>
   <div class='ocr_carea' id='block_1_75' title="bbox 2067 3417 3632 3503">
    <p class='ocr_par' dir='ltr' id='par_1_75' title="bbox 2067 3417 3632 3503">
     <span class='ocr_line' id='line_1_75' title="bbox 2067 3417 3632 3503; baseline 0.011 -31"><span class='ocrx_word' id='word_1_532' title='bbox 2067 3417 2156 3472; x_wconf 83' lang='grc' dir='ltr'>τὸν</span> <span class='ocrx_word' id='word_1_533' title='bbox 2200 3419 2468 3492; x_wconf 78' lang='grc' dir='ltr'><strong>Ἀϐραὰμ,</strong></span> <span class='ocrx_word' id='word_1_534' title='bbox 2498 3422 2588 3476; x_wconf 72' lang='grc' dir='ltr'><strong>διὰ</strong></span> <span class='ocrx_word' id='word_1_535' title='bbox 2617 3423 2678 3477; x_wconf 85' lang='grc' dir='ltr'><strong>τὸ</strong></span> <span class='ocrx_word' id='word_1_536' title='bbox 2696 3424 2794 3496; x_wconf 86' lang='grc' dir='ltr'><strong>τῆς</strong></span> <span class='ocrx_word' id='word_1_537' title='bbox 2816 3424 2907 3478; x_wconf 90' lang='grc' dir='ltr'><strong>τοῦ</strong></span> <span class='ocrx_word' id='word_1_538' title='bbox 2939 3426 3072 3481; x_wconf 83' lang='grc' dir='ltr'><strong>Θεοῦ</strong></span> <span class='ocrx_word' id='word_1_539' title='bbox 3106 3429 3282 3499; x_wconf 85' lang='grc' dir='ltr'><strong>Λόγου</strong></span> <span class='ocrx_word' id='word_1_540' title='bbox 3313 3434 3632 3503; x_wconf 76' lang='grc' dir='ltr'><strong>ἐπιφανείας</strong></span> 
     </span>
    </p>
   </div>
   <div class='ocr_carea' id='block_1_76' title="bbox 2072 3510 2729 3585">
    <p class='ocr_par' dir='ltr' id='par_1_76' title="bbox 2072 3510 2729 3585">
     <span class='ocr_line' id='line_1_76' title="bbox 2072 3510 2729 3585; baseline 0.009 -21"><span class='ocrx_word' id='word_1_541' title='bbox 2072 3510 2327 3581; x_wconf 71' lang='grc' dir='ltr'><strong>ἠξιῶσθαι</strong></span> <span class='ocrx_word' id='word_1_542' title='bbox 2354 3513 2412 3566; x_wconf 82' lang='grc' dir='ltr'>ἐν</span> <span class='ocrx_word' id='word_1_543' title='bbox 2439 3514 2729 3585; x_wconf 55' lang='lat' dir='ltr'><strong>opacas-tv;</strong></span> 
     </span>
    </p>
   </div>
   <div class='ocr_carea' id='block_1_77' title="bbox 2136 3602 3630 3685">
    <p class='ocr_par' dir='ltr' id='par_1_77' title="bbox 2136 3602 3630 3685">
     <span class='ocr_line' id='line_1_77' title="bbox 2136 3602 3630 3685; baseline 0.01 -30"><span class='ocrx_word' id='word_1_544' title='bbox 2136 3602 2246 3656; x_wconf 86' lang='lat' dir='ltr'><strong>Kal</strong></span> <span class='ocrx_word' id='word_1_545' title='bbox 2271 3602 2529 3658; x_wconf 81' lang='grc' dir='ltr'><strong>ἐκάλεσε</strong></span> <span class='ocrx_word' id='word_1_546' title='bbox 2573 3605 2753 3675; x_wconf 82' lang='grc' dir='ltr'><strong>λιμὸν</strong></span> <span class='ocrx_word' id='word_1_547' title='bbox 2793 3607 2891 3661; x_wconf 79' lang='grc' dir='ltr'><strong>ἐπὶ</strong></span> <span class='ocrx_word' id='word_1_548' title='bbox 2934 3607 3049 3677; x_wconf 77' lang='grc' dir='ltr'><strong>τὴν</strong></span> <span class='ocrx_word' id='word_1_549' title='bbox 3097 3610 3231 3681; x_wconf 78' lang='grc' dir='ltr'><strong>γῆν.</strong></span> <span class='ocrx_word' id='word_1_550' title='bbox 3263 3614 3630 3685; x_wconf 82' lang='grc' dir='ltr'><strong>Οίκονομικῶς</strong></span> 
     </span>
    </p>
   </div>
   <div class='ocr_carea' id='block_1_78' title="bbox 2064 3691 3627 3768">
    <p class='ocr_par' dir='ltr' id='par_1_78' title="bbox 2064 3691 3627 3768">
     <span class='ocr_line' id='line_1_78' title="bbox 2064 3691 3627 3768; baseline 0.01 -24"><span class='ocrx_word' id='word_1_551' title='bbox 2064 3691 2287 3764; x_wconf 79' lang='grc' dir='ltr'><strong>ἐποίησε</strong></span> <span class='ocrx_word' id='word_1_552' title='bbox 2331 3693 2585 3762; x_wconf 87' lang='grc' dir='ltr'><strong>γενέσθαι</strong></span> <span class='ocrx_word' id='word_1_553' title='bbox 2630 3695 2721 3749; x_wconf 77' lang='grc' dir='ltr'><strong>τὸν</strong></span> <span class='ocrx_word' id='word_1_554' title='bbox 2768 3696 2945 3768; x_wconf 82' lang='grc' dir='ltr'><strong>λιμὸν,</strong></span> <span class='ocrx_word' id='word_1_555' title='bbox 2986 3699 3092 3765; x_wconf 83' lang='grc' dir='ltr'><strong>ἵνα,</strong></span> <span class='ocrx_word' id='word_1_556' title='bbox 3127 3701 3192 3754; x_wconf 86' lang='grc' dir='ltr'><strong>δι’</strong></span> <span class='ocrx_word' id='word_1_557' title='bbox 3224 3702 3385 3757; x_wconf 84' lang='grc' dir='ltr'><strong>αὐτὸν</strong></span> <span class='ocrx_word' id='word_1_558' title='bbox 3432 3705 3627 3758; x_wconf 86' lang='grc' dir='ltr'><strong>κατελ-</strong></span> 
     </span>
    </p>
   </div>
   <div class='ocr_carea' id='block_1_79' title="bbox 2063 3782 3629 3865">
    <p class='ocr_par' dir='ltr' id='par_1_79' title="bbox 2063 3782 3629 3865">
     <span class='ocr_line' id='line_1_79' title="bbox 2063 3782 3629 3865; baseline 0.009 -29"><span class='ocrx_word' id='word_1_559' title='bbox 2063 3782 2247 3848; x_wconf 81' lang='grc' dir='ltr'><strong>θόντες</strong></span> <span class='ocrx_word' id='word_1_560' title='bbox 2290 3786 2370 3848; x_wconf 84' lang='grc' dir='ltr'><strong>είς</strong></span> <span class='ocrx_word' id='word_1_561' title='bbox 2411 3785 2683 3854; x_wconf 72' lang='grc' dir='ltr'><strong>Αἴγυπτον</strong></span> <span class='ocrx_word' id='word_1_562' title='bbox 2712 3788 2807 3841; x_wconf 81' lang='grc' dir='ltr'><strong>καὶ</strong></span> <span class='ocrx_word' id='word_1_563' title='bbox 2833 3789 3173 3859; x_wconf 78' lang='grc' dir='ltr'><strong>αὐξηθέντες,</strong></span> <span class='ocrx_word' id='word_1_564' title='bbox 3209 3792 3306 3864; x_wconf 83' lang='grc' dir='ltr'><strong>τὴν</strong></span> <span class='ocrx_word' id='word_1_565' title='bbox 3344 3796 3444 3865; x_wconf 86' lang='grc' dir='ltr'><strong>γῆν</strong></span> <span class='ocrx_word' id='word_1_566' title='bbox 3496 3797 3629 3849; x_wconf 82' lang='grc' dir='ltr'><strong>ἀπο-</strong></span> 
     </span>
    </p>
   </div>
   <div class='ocr_carea' id='block_1_80' title="bbox 2062 3872 3625 3950">
    <p class='ocr_par' dir='ltr' id='par_1_80' title="bbox 2062 3872 3625 3950">
     <span class='ocr_line' id='line_1_80' title="bbox 2062 3872 3625 3950; baseline 0.01 -25"><span class='ocrx_word' id='word_1_567' title='bbox 2062 3872 2266 3927; x_wconf 85' lang='grc' dir='ltr'><strong>λάϐωσι</strong></span> <span class='ocrx_word' id='word_1_568' title='bbox 2304 3875 2403 3944; x_wconf 90' lang='grc' dir='ltr'><strong>τῆς</strong></span> <span class='ocrx_word' id='word_1_569' title='bbox 2426 3875 2775 3945; x_wconf 73' lang='grc' dir='ltr'><strong>ἐπαγγελίας.</strong></span> <span class='ocrx_word' id='word_1_570' title='bbox 2805 3876 2933 3932; x_wconf 78' lang='grc' dir='ltr'><strong>Πᾶν</strong></span> <span class='ocrx_word' id='word_1_571' title='bbox 2960 3878 3254 3950; x_wconf 75' lang='grc' dir='ltr'><strong>στήριγμα</strong></span> <span class='ocrx_word' id='word_1_572' title='bbox 3270 3881 3451 3950; x_wconf 75' lang='grc' dir='ltr'><strong>ἄρτου</strong></span> <span class='ocrx_word' id='word_1_573' title='bbox 3475 3900 3625 3939; x_wconf 81' lang='grc' dir='ltr'><strong>συν-</strong></span> 
     </span>
    </p>
   </div>
   <div class='ocr_carea' id='block_1_81' title="bbox 2060 3964 3625 4045">
    <p class='ocr_par' dir='ltr' id='par_1_81' title="bbox 2060 3964 3625 4045">
     <span class='ocr_line' id='line_1_81' title="bbox 2060 3964 3625 4045; baseline 0.008 -28"><span class='ocrx_word' id='word_1_574' title='bbox 2060 3964 2284 4033; x_wconf 77' lang='grc' dir='ltr'><strong>έτριψε.</strong></span> <span class='ocrx_word' id='word_1_575' title='bbox 2335 3964 2503 4020; x_wconf 87' lang='grc' dir='ltr'><strong>Τοῦτο</strong></span> <span class='ocrx_word' id='word_1_576' title='bbox 2559 3969 2677 4021; x_wconf 86' lang='grc' dir='ltr'>κατ’</span> <span class='ocrx_word' id='word_1_577' title='bbox 2704 3968 2871 4040; x_wconf 84' lang='grc' dir='ltr'><strong>ὀργὴν</strong></span> <span class='ocrx_word' id='word_1_578' title='bbox 2892 3969 3027 4022; x_wconf 86' lang='grc' dir='ltr'><strong>Θεοῦ</strong></span> <span class='ocrx_word' id='word_1_579' title='bbox 3056 3972 3114 4024; x_wconf 84' lang='grc' dir='ltr'><strong>ὲν</strong></span> <span class='ocrx_word' id='word_1_580' title='bbox 3145 3975 3256 4037; x_wconf 87' lang='grc' dir='ltr'><strong>τοῖς</strong></span> <span class='ocrx_word' id='word_1_581' title='bbox 3275 3972 3451 4045; x_wconf 86' lang='grc' dir='ltr'><strong>λιμοῖς</strong></span> <span class='ocrx_word' id='word_1_582' title='bbox 3472 3977 3625 4030; x_wconf 76' lang='grc' dir='ltr'><strong>εἴωθε</strong></span> 
     </span>
    </p>
   </div>
   <div class='ocr_carea' id='block_1_82' title="bbox 2063 4058 3625 4137">
    <p class='ocr_par' dir='ltr' id='par_1_82' title="bbox 2063 4058 3625 4137">
     <span class='ocr_line' id='line_1_82' title="bbox 2063 4058 3625 4137; baseline 0.008 -29"><span class='ocrx_word' id='word_1_583' title='bbox 2063 4058 2422 4127; x_wconf 85' lang='grc' dir='ltr'><strong>συμϐαίνειν,</strong></span> <span class='ocrx_word' id='word_1_584' title='bbox 2489 4059 2548 4114; x_wconf 80' lang='grc' dir='ltr'>τὸ</span> <span class='ocrx_word' id='word_1_585' title='bbox 2607 4060 2683 4131; x_wconf 88' lang='grc' dir='ltr'><strong>μὴ</strong></span> <span class='ocrx_word' id='word_1_586' title='bbox 2740 4061 3089 4133; x_wconf 74' lang='grc' dir='ltr'><strong>στηρίζεσθαι</strong></span> <span class='ocrx_word' id='word_1_587' title='bbox 3135 4064 3259 4128; x_wconf 73' lang='grc' dir='ltr'><strong>τοὺς</strong></span> <span class='ocrx_word' id='word_1_588' title='bbox 3311 4065 3625 4137; x_wconf 80' lang='grc' dir='ltr'><strong>ἀνθρώπους</strong></span> 
     </span>
    </p>
   </div>
   <div class='ocr_carea' id='block_1_83' title="bbox 2060 4145 2361 4213">
    <p class='ocr_par' dir='ltr' id='par_1_83' title="bbox 2060 4145 2361 4213">
     <span class='ocr_line' id='line_1_83' title="bbox 2060 4145 2361 4213; baseline 0.013 -12"><span class='ocrx_word' id='word_1_589' title='bbox 2060 4145 2361 4213; x_wconf 69' lang='grc' dir='ltr'><strong>ἐσθίοντας.</strong></span> 
     </span>
    </p>
   </div>
   <div class='ocr_carea' id='block_1_84' title="bbox 2131 4240 3624 4315">
    <p class='ocr_par' dir='ltr' id='par_1_84' title="bbox 2131 4240 3624 4315">
     <span class='ocr_line' id='line_1_84' title="bbox 2131 4240 3624 4315; baseline 0.005 -19"><span class='ocrx_word' id='word_1_590' title='bbox 2131 4243 2317 4309; x_wconf 80' lang='grc' dir='ltr'><strong>Μέχρι</strong></span> <span class='ocrx_word' id='word_1_591' title='bbox 2341 4240 2448 4295; x_wconf 82' lang='grc' dir='ltr'><strong>τοῦ</strong></span> <span class='ocrx_word' id='word_1_592' title='bbox 2492 4241 2692 4297; x_wconf 80' lang='grc' dir='ltr'><strong>ἐλθεῖν</strong></span> <span class='ocrx_word' id='word_1_593' title='bbox 2718 4244 2826 4298; x_wconf 79' lang='grc' dir='ltr'><strong>τὸν</strong></span> <span class='ocrx_word' id='word_1_594' title='bbox 2855 4246 3041 4315; x_wconf 77' lang='grc' dir='ltr'><strong>λόγον</strong></span> <span class='ocrx_word' id='word_1_595' title='bbox 3085 4247 3290 4302; x_wconf 82' lang='grc' dir='ltr'><strong>αὐτοῦ.</strong></span> <span class='ocrx_word' id='word_1_596' title='bbox 3333 4247 3413 4301; x_wconf 86' lang='grc' dir='ltr'><strong>Τὰ</strong></span> <span class='ocrx_word' id='word_1_597' title='bbox 3439 4250 3624 4303; x_wconf 81' lang='grc' dir='ltr'><strong>ἀποτε-</strong></span> 
     </span>
    </p>
   </div>
   <div class='ocr_carea' id='block_1_85' title="bbox 2060 4332 3620 4412">
    <p class='ocr_par' dir='ltr' id='par_1_85' title="bbox 2060 4332 3620 4412">
     <span class='ocr_line' id='line_1_85' title="bbox 2060 4332 3620 4412; baseline 0.004 -26"><span class='ocrx_word' id='word_1_598' title='bbox 2060 4332 2305 4404; x_wconf 81' lang='grc' dir='ltr'><strong>λέσματα</strong></span> <span class='ocrx_word' id='word_1_599' title='bbox 2353 4333 2460 4387; x_wconf 86' lang='grc' dir='ltr'><strong>τῶν</strong></span> <span class='ocrx_word' id='word_1_600' title='bbox 2492 4335 2756 4389; x_wconf 83' lang='grc' dir='ltr'><strong>ἐνυπνίων</strong></span> <span class='ocrx_word' id='word_1_601' title='bbox 2805 4339 2957 4407; x_wconf 88' lang='grc' dir='ltr'><strong>φησί.</strong></span> <span class='ocrx_word' id='word_1_602' title='bbox 2995 4339 3158 4408; x_wconf 86' lang='grc' dir='ltr'><strong>Λέγει</strong></span> <span class='ocrx_word' id='word_1_603' title='bbox 3192 4335 3304 4403; x_wconf 82' lang='grc' dir='ltr'><strong>οῦν,</strong></span> <span class='ocrx_word' id='word_1_604' title='bbox 3346 4340 3428 4393; x_wconf 79' lang='grc' dir='ltr'><strong>ὅτι</strong></span> <span class='ocrx_word' id='word_1_605' title='bbox 3462 4341 3620 4412; x_wconf 83' lang='grc' dir='ltr'><strong>μέχρι</strong></span> 
     </span>
    </p>
   </div>
   <div class='ocr_carea' id='block_1_86' title="bbox 391 4422 1986 4502">
    <p class='ocr_par' dir='ltr' id='par_1_86' title="bbox 391 4422 1986 4500">
     <span class='ocr_line' id='line_1_86' title="bbox 391 4422 1986 4500; baseline 0.005 -24"><span class='ocrx_word' id='word_1_606' title='bbox 391 4436 513 4476; x_wconf 83' lang='lat' dir='ltr'><strong>sum</strong></span> <span class='ocrx_word' id='word_1_607' title='bbox 548 4436 690 4486; x_wconf 89' lang='lat' dir='ltr'><strong>esse,</strong></span> <span class='ocrx_word' id='word_1_608' title='bbox 709 4429 872 4492; x_wconf 89' lang='lat' dir='ltr'><strong>atque</strong></span> <span class='ocrx_word' id='word_1_609' title='bbox 900 4422 1093 4492; x_wconf 89' lang='lat' dir='ltr'><strong>capitis</strong></span> <span class='ocrx_word' id='word_1_610' title='bbox 1116 4424 1416 4492; x_wconf 87' lang='lat' dir='ltr'><strong>periculum</strong></span> <span class='ocrx_word' id='word_1_611' title='bbox 1448 4426 1751 4494; x_wconf 85' lang='lat' dir='ltr'><strong>deﬂevisse,</strong></span> <span class='ocrx_word' id='word_1_612' title='bbox 1781 4430 1955 4483; x_wconf 86' lang='lat' dir='ltr'><strong>donec</strong></span> <span class='ocrx_word' id='word_1_613' title='bbox 1984 4494 1986 4500; x_wconf 32' lang='grc' dir='ltr'>ι</span> 
     </span>
    </p>
   </div>
   <div class='ocr_carea' id='block_1_87' title="bbox 2086 4422 3614 4502">
    <p class='ocr_par' dir='ltr' id='par_1_87' title="bbox 2086 4424 3614 4501">
     <span class='ocr_line' id='line_1_87' title="bbox 2086 4424 3614 4501; baseline 0.005 -23"><span class='ocrx_word' id='word_1_614' title='bbox 2086 4424 2246 4478; x_wconf 85' lang='grc' dir='ltr'><strong>ὀύτου</strong></span> <span class='ocrx_word' id='word_1_615' title='bbox 2282 4426 2660 4497; x_wconf 82' lang='grc' dir='ltr'><strong>ὲκακοπάθησε</strong></span> <span class='ocrx_word' id='word_1_616' title='bbox 2681 4428 2771 4482; x_wconf 80' lang='grc' dir='ltr'><strong>τὸν</strong></span> <span class='ocrx_word' id='word_1_617' title='bbox 2802 4430 2941 4501; x_wconf 84' lang='grc' dir='ltr'><strong>ὑπὲρ</strong></span> <span class='ocrx_word' id='word_1_618' title='bbox 2973 4430 3148 4501; x_wconf 77' lang='grc' dir='ltr'><strong>ψυχῆς</strong></span> <span class='ocrx_word' id='word_1_619' title='bbox 3180 4431 3364 4500; x_wconf 85' lang='grc' dir='ltr'><strong>ἀγῶνα</strong></span> <span class='ocrx_word' id='word_1_620' title='bbox 3393 4431 3614 4500; x_wconf 84' lang='grc' dir='ltr'><strong>κλαίων,</strong></span> 
     </span>
    </p>
   </div>
   <div class='ocr_carea' id='block_1_88' title="bbox 390 4513 1918 4588">
    <p class='ocr_par' dir='ltr' id='par_1_88' title="bbox 390 4513 1918 4588">
     <span class='ocr_line' id='line_1_88' title="bbox 390 4513 1918 4588; baseline 0.006 -22"><span class='ocrx_word' id='word_1_621' title='bbox 390 4521 604 4582; x_wconf 87' lang='lat' dir='ltr'><strong>tempus</strong></span> <span class='ocrx_word' id='word_1_622' title='bbox 634 4513 886 4581; x_wconf 88' lang='lat' dir='ltr'><strong>accessit,</strong></span> <span class='ocrx_word' id='word_1_623' title='bbox 917 4522 978 4568; x_wconf 89' lang='lat' dir='ltr'><strong>ut</strong></span> <span class='ocrx_word' id='word_1_624' title='bbox 1000 4513 1118 4570; x_wconf 88' lang='lat' dir='ltr'><strong>visa</strong></span> <span class='ocrx_word' id='word_1_625' title='bbox 1142 4529 1241 4584; x_wconf 87' lang='lat' dir='ltr'><strong>per</strong></span> <span class='ocrx_word' id='word_1_626' title='bbox 1269 4531 1523 4571; x_wconf 89' lang='lat' dir='ltr'><strong>somnum</strong></span> <span class='ocrx_word' id='word_1_627' title='bbox 1546 4518 1918 4588; x_wconf 88' lang='lat' dir='ltr'><strong>implerentur.</strong></span> 
     </span>
    </p>
   </div>
   <div class='ocr_carea' id='block_1_89' title="bbox 456 4682 1950 4762">
    <p class='ocr_par' dir='ltr' id='par_1_89' title="bbox 456 4682 1950 4762">
     <span class='ocr_line' id='line_1_89' title="bbox 456 4682 1950 4762; baseline 0.007 -24"><span class='ocrx_word' id='word_1_628' title='bbox 456 4684 549 4738; x_wconf 71' lang='lat'><strong>22.</strong></span> <span class='ocrx_word' id='word_1_629' title='bbox 582 4682 652 4739; x_wconf 85' lang='lat' dir='ltr'><strong>Ut</strong></span> <span class='ocrx_word' id='word_1_630' title='bbox 684 4687 916 4740; x_wconf 87' lang='lat' dir='ltr'><strong>erudiret</strong></span> <span class='ocrx_word' id='word_1_631' title='bbox 962 4689 1223 4759; x_wconf 78' lang='lat' dir='ltr'><strong>principes</strong></span> <span class='ocrx_word' id='word_1_632' title='bbox 1269 4691 1384 4760; x_wconf 87' lang='lat' dir='ltr'><strong>ejus</strong></span> <span class='ocrx_word' id='word_1_633' title='bbox 1423 4692 1560 4746; x_wconf 84' lang='lat' dir='ltr'><strong>sicut</strong></span> <span class='ocrx_word' id='word_1_634' title='bbox 1594 4693 1950 4762; x_wconf 82' lang='lat' dir='ltr'><strong>semetipsum.</strong></span> 
     </span>
    </p>
   </div>
   <div class='ocr_carea' id='block_1_90' title="bbox 387 4777 1949 4854">
    <p class='ocr_par' dir='ltr' id='par_1_90' title="bbox 387 4777 1949 4854">
     <span class='ocr_line' id='line_1_90' title="bbox 387 4777 1949 4854; baseline 0.004 -21"><span class='ocrx_word' id='word_1_635' title='bbox 387 4777 576 4833; x_wconf 90' lang='lat' dir='ltr'><strong>Simile</strong></span> <span class='ocrx_word' id='word_1_636' title='bbox 605 4787 688 4833; x_wconf 91' lang='lat' dir='ltr'><strong>est</strong></span> <span class='ocrx_word' id='word_1_637' title='bbox 711 4779 841 4834; x_wconf 88' lang='lat' dir='ltr'><strong>illud</strong></span> <span class='ocrx_word' id='word_1_638' title='bbox 877 4798 891 4834; x_wconf 89' lang='lat'><strong>:</strong></span> <span class='ocrx_word' id='word_1_639' title='bbox 929 4779 1121 4834; x_wconf 85' lang='lat' dir='ltr'><strong>Nonne</strong></span> <span class='ocrx_word' id='word_1_640' title='bbox 1160 4798 1253 4850; x_wconf 89' lang='lat' dir='ltr'><strong>per</strong></span> <span class='ocrx_word' id='word_1_641' title='bbox 1285 4782 1455 4836; x_wconf 87' lang='lat' dir='ltr'><strong>Deum</strong></span> <span class='ocrx_word' id='word_1_642' title='bbox 1496 4786 1631 4839; x_wconf 83' lang='lat' dir='ltr'><strong>venit</strong></span> <span class='ocrx_word' id='word_1_643' title='bbox 1666 4786 1949 4854; x_wconf 71' lang='lat' dir='ltr'><strong>explicatio</strong></span> 
     </span>
    </p>
   </div>
   <div class='ocr_carea' id='block_1_91' title="bbox 380 4869 1945 4946">
    <p class='ocr_par' dir='ltr' id='par_1_91' title="bbox 380 4869 1945 4946">
     <span class='ocr_line' id='line_1_91' title="bbox 380 4869 1945 4946; baseline 0.006 -22"><span class='ocrx_word' id='word_1_644' title='bbox 380 4870 609 4924; x_wconf 78' lang='lat' dir='ltr'><strong>eorum?</strong></span> <span class='ocrx_word' id='word_1_645' title='bbox 662 4869 780 4924; x_wconf 86' lang='lat' dir='ltr'><strong>Non</strong></span> <span class='ocrx_word' id='word_1_646' title='bbox 819 4872 963 4926; x_wconf 90' lang='lat' dir='ltr'><strong>enim</strong></span> <span class='ocrx_word' id='word_1_647' title='bbox 1020 4874 1231 4929; x_wconf 87' lang='lat' dir='ltr'><strong>somnia</strong></span> <span class='ocrx_word' id='word_1_648' title='bbox 1259 4872 1564 4930; x_wconf 84' lang='lat' dir='ltr'><strong>Pharaonis</strong></span> <span class='ocrx_word' id='word_1_649' title='bbox 1599 4877 1945 4946; x_wconf 81' lang='lat' dir='ltr'><strong>explicasset,</strong></span> 
     </span>
    </p>
   </div>
   <div class='ocr_carea' id='block_1_92' title="bbox 266 4954 1755 5039">
    <p class='ocr_par' dir='ltr' id='par_1_92' title="bbox 266 4954 1755 5039">
     <span class='ocr_line' id='line_1_92' title="bbox 266 4954 1755 5039; baseline 0.007 -25"><span class='ocrx_word' id='word_1_650' title='bbox 266 4954 276 4987; x_wconf 53' lang='grc' dir='ltr'><strong>π’</strong></span> <span class='ocrx_word' id='word_1_651' title='bbox 378 4961 486 5016; x_wconf 88' lang='lat' dir='ltr'><strong>nisi</strong></span> <span class='ocrx_word' id='word_1_652' title='bbox 517 4960 662 5017; x_wconf 90' lang='lat' dir='ltr'><strong>Deus</strong></span> <span class='ocrx_word' id='word_1_653' title='bbox 687 4961 928 5019; x_wconf 89' lang='lat' dir='ltr'><strong>dedisset</strong></span> <span class='ocrx_word' id='word_1_654' title='bbox 959 4965 1062 5034; x_wconf 90' lang='lat' dir='ltr'><strong>ipsi</strong></span> <span class='ocrx_word' id='word_1_655' title='bbox 1096 4980 1286 5021; x_wconf 89' lang='lat' dir='ltr'><strong>eorum</strong></span> <span class='ocrx_word' id='word_1_656' title='bbox 1317 4967 1755 5039; x_wconf 87' lang='lat' dir='ltr'><strong>intelligentiam.</strong></span> 
     </span>
    </p>
   </div>
   <div class='ocr_carea' id='block_1_93' title="bbox 443 5161 1950 5239">
    <p class='ocr_par' dir='ltr' id='par_1_93' title="bbox 443 5161 1950 5239">
     <span class='ocr_line' id='line_1_93' title="bbox 443 5161 1950 5239; baseline 0.009 -23"><span class='ocrx_word' id='word_1_657' title='bbox 443 5163 534 5217; x_wconf 77' lang='lat'><strong>2&#39;5.</strong></span> <span class='ocrx_word' id='word_1_658' title='bbox 576 5161 645 5217; x_wconf 85' lang='lat' dir='ltr'><strong>Et</strong></span> <span class='ocrx_word' id='word_1_659' title='bbox 676 5165 895 5219; x_wconf 83' lang='lat' dir='ltr'><strong>intravit</strong></span> <span class='ocrx_word' id='word_1_660' title='bbox 942 5165 1116 5221; x_wconf 85' lang='lat' dir='ltr'><strong>Israel</strong></span> <span class='ocrx_word' id='word_1_661' title='bbox 1143 5169 1198 5222; x_wconf 85' lang='lat' dir='ltr'><strong>in</strong></span> <span class='ocrx_word' id='word_1_662' title='bbox 1238 5169 1550 5239; x_wconf 77' lang='lat' dir='ltr'><strong>AEgyptum,</strong></span> <span class='ocrx_word' id='word_1_663' title='bbox 1578 5183 1629 5228; x_wconf 86' lang='lat' dir='ltr'><strong>et</strong></span> <span class='ocrx_word' id='word_1_664' title='bbox 1659 5172 1826 5229; x_wconf 81' lang='lat' dir='ltr'><strong>Jacob</strong></span> <span class='ocrx_word' id='word_1_665' title='bbox 1860 5193 1950 5230; x_wconf 85' lang='lat' dir='ltr'><strong>ac-</strong></span> 
     </span>
    </p>
   </div>
   <div class='ocr_carea' id='block_1_94' title="bbox 376 5254 1942 5331">
    <p class='ocr_par' dir='ltr' id='par_1_94' title="bbox 376 5254 1942 5331">
     <span class='ocr_line' id='line_1_94' title="bbox 376 5254 1942 5331; baseline 0.01 -25"><span class='ocrx_word' id='word_1_666' title='bbox 376 5254 493 5307; x_wconf 82' lang='lat' dir='ltr'><strong>cola</strong></span> <span class='ocrx_word' id='word_1_667' title='bbox 525 5256 624 5323; x_wconf 85' lang='lat' dir='ltr'><strong>fuit</strong></span> <span class='ocrx_word' id='word_1_668' title='bbox 655 5259 710 5310; x_wconf 87' lang='lat' dir='ltr'><strong>in</strong></span> <span class='ocrx_word' id='word_1_669' title='bbox 738 5266 879 5312; x_wconf 89' lang='lat' dir='ltr'><strong>terra</strong></span> <span class='ocrx_word' id='word_1_670' title='bbox 925 5257 1113 5315; x_wconf 72' lang='lat' dir='ltr'><strong>Citam.</strong></span> <span class='ocrx_word' id='word_1_671' title='bbox 1156 5260 1280 5315; x_wconf 91' lang='lat' dir='ltr'><strong>Filii</strong></span> <span class='ocrx_word' id='word_1_672' title='bbox 1323 5261 1456 5327; x_wconf 89' lang='lat' dir='ltr'><strong>Noe,</strong></span> <span class='ocrx_word' id='word_1_673' title='bbox 1506 5263 1653 5331; x_wconf 90' lang='lat' dir='ltr'><strong>Sem,</strong></span> <span class='ocrx_word' id='word_1_674' title='bbox 1685 5266 1854 5321; x_wconf 84' lang='lat' dir='ltr'><strong>Cham</strong></span> <span class='ocrx_word' id='word_1_675' title='bbox 1886 5279 1942 5322; x_wconf 87' lang='lat' dir='ltr'><strong>et</strong></span> 
     </span>
    </p>
   </div>
   <div class='ocr_carea' id='block_1_95' title="bbox 2065 4512 3617 4593">
    <p class='ocr_par' dir='ltr' id='par_1_95' title="bbox 2065 4512 3617 4593">
     <span class='ocr_line' id='line_1_95' title="bbox 2065 4512 3617 4593; baseline 0.006 -28"><span class='ocrx_word' id='word_1_676' title='bbox 2065 4512 2169 4575; x_wconf 80' lang='grc' dir='ltr'><strong>ἕως</strong></span> <span class='ocrx_word' id='word_1_677' title='bbox 2197 4513 2226 4564; x_wconf 87' lang='grc' dir='ltr'><strong>ό</strong></span> <span class='ocrx_word' id='word_1_678' title='bbox 2271 4512 2376 4566; x_wconf 85' lang='grc' dir='ltr'><strong>τῶν</strong></span> <span class='ocrx_word' id='word_1_679' title='bbox 2426 4514 2689 4569; x_wconf 78' lang='grc' dir='ltr'><strong>ἐνυπνίων</strong></span> <span class='ocrx_word' id='word_1_680' title='bbox 2722 4517 2911 4589; x_wconf 86' lang='grc' dir='ltr'><strong>καιρὸς</strong></span> <span class='ocrx_word' id='word_1_681' title='bbox 2959 4518 3157 4589; x_wconf 72' lang='grc' dir='ltr'><strong>ἐπῆλθε</strong></span> <span class='ocrx_word' id='word_1_682' title='bbox 3200 4519 3292 4572; x_wconf 89' lang='grc' dir='ltr'><strong>τοῦ</strong></span> <span class='ocrx_word' id='word_1_683' title='bbox 3334 4521 3617 4593; x_wconf 78' lang='grc' dir='ltr'><strong>πληρῶσαι</strong></span> 
     </span>
    </p>
   </div>
   <div class='ocr_carea' id='block_1_96' title="bbox 2062 4605 2222 4658">
    <p class='ocr_par' dir='ltr' id='par_1_96' title="bbox 2062 4605 2222 4658">
     <span class='ocr_line' id='line_1_96' title="bbox 2062 4605 2222 4658; baseline 0.006 -1"><span class='ocrx_word' id='word_1_684' title='bbox 2062 4605 2222 4658; x_wconf 83' lang='grc' dir='ltr'><strong>αὐτά.</strong></span> 
     </span>
    </p>
   </div>
   <div class='ocr_carea' id='block_1_97' title="bbox 2136 4695 3617 4768">
    <p class='ocr_par' dir='ltr' id='par_1_97' title="bbox 2136 4695 3617 4768">
     <span class='ocr_line' id='line_1_97' title="bbox 2136 4695 3617 4768; baseline 0.005 -19"><span class='ocrx_word' id='word_1_685' title='bbox 2136 4696 2247 4749; x_wconf 88' lang='grc' dir='ltr'><strong>Τοῦ</strong></span> <span class='ocrx_word' id='word_1_686' title='bbox 2294 4695 2610 4750; x_wconf 79' lang='grc' dir='ltr'><strong>παιδεῦσαι</strong></span> <span class='ocrx_word' id='word_1_687' title='bbox 2650 4696 2792 4763; x_wconf 82' lang='grc' dir='ltr'><strong>τοὺς</strong></span> <span class='ocrx_word' id='word_1_688' title='bbox 2843 4697 3135 4767; x_wconf 74' lang='grc' dir='ltr'><strong>ἄρχοντας</strong></span> <span class='ocrx_word' id='word_1_689' title='bbox 3166 4700 3350 4755; x_wconf 84' lang='grc' dir='ltr'><strong>αὐτοῦ</strong></span> <span class='ocrx_word' id='word_1_690' title='bbox 3372 4702 3454 4768; x_wconf 83' lang='grc' dir='ltr'><strong>ὡς</strong></span> <span class='ocrx_word' id='word_1_691' title='bbox 3483 4703 3617 4757; x_wconf 84' lang='grc' dir='ltr'><strong>ἐαυ-</strong></span> 
     </span>
    </p>
   </div>
   <div class='ocr_carea' id='block_1_98' title="bbox 2058 4788 3615 4863">
    <p class='ocr_par' dir='ltr' id='par_1_98' title="bbox 2058 4788 3615 4863">
     <span class='ocr_line' id='line_1_98' title="bbox 2058 4788 3615 4863; baseline 0.004 -21"><span class='ocrx_word' id='word_1_692' title='bbox 2058 4788 2183 4842; x_wconf 83' lang='grc' dir='ltr'><strong>τόν.</strong></span> <span class='ocrx_word' id='word_1_693' title='bbox 2222 4789 2442 4858; x_wconf 85' lang='grc' dir='ltr'><strong>Ὅμοιον</strong></span> <span class='ocrx_word' id='word_1_694' title='bbox 2467 4789 2528 4842; x_wconf 89' lang='grc' dir='ltr'><strong>τό</strong></span> <span class='ocrx_word' id='word_1_695' title='bbox 2546 4804 2562 4819; x_wconf 71' lang='grc'><strong>⁸</strong></span> <span class='ocrx_word' id='word_1_696' title='bbox 2601 4789 2746 4860; x_wconf 78' lang='grc' dir='ltr'><strong>Οὐχὶ</strong></span> <span class='ocrx_word' id='word_1_697' title='bbox 2768 4790 2864 4844; x_wconf 77' lang='grc' dir='ltr'><strong>διὰ</strong></span> <span class='ocrx_word' id='word_1_698' title='bbox 2886 4790 2991 4846; x_wconf 86' lang='grc' dir='ltr'><strong>τοῦ</strong></span> <span class='ocrx_word' id='word_1_699' title='bbox 3026 4792 3171 4847; x_wconf 83' lang='grc' dir='ltr'><strong>Θεοῦ</strong></span> <span class='ocrx_word' id='word_1_700' title='bbox 3192 4795 3231 4861; x_wconf 77' lang='grc' dir='ltr'>ἡ</span> <span class='ocrx_word' id='word_1_701' title='bbox 3252 4792 3615 4863; x_wconf 60' lang='grc' dir='ltr'><strong>διασάςςησις</strong></span> 
     </span>
    </p>
   </div>
   <div class='ocr_carea' id='block_1_99' title="bbox 2056 4878 3614 4958">
    <p class='ocr_par' dir='ltr' id='par_1_99' title="bbox 2056 4878 3614 4958">
     <span class='ocr_line' id='line_1_99' title="bbox 2056 4878 3614 4958; baseline 0.006 -25"><span class='ocrx_word' id='word_1_702' title='bbox 2056 4878 2255 4934; x_wconf 81' lang='grc' dir='ltr'><strong>αὐτῶν</strong></span> <span class='ocrx_word' id='word_1_703' title='bbox 2285 4883 2495 4946; x_wconf 75' lang='grc' dir='ltr'><strong>ἐστιν;</strong></span> <span class='ocrx_word' id='word_1_704' title='bbox 2530 4884 2604 4936; x_wconf 73' lang='grc' dir='ltr'><strong>Οὐ</strong></span> <span class='ocrx_word' id='word_1_705' title='bbox 2644 4882 2753 4954; x_wconf 86' lang='grc' dir='ltr'><strong>γὰρ</strong></span> <span class='ocrx_word' id='word_1_706' title='bbox 2791 4883 2944 4938; x_wconf 76' lang='grc' dir='ltr'><strong>ἔλυσε</strong></span> <span class='ocrx_word' id='word_1_707' title='bbox 2984 4885 3110 4949; x_wconf 80' lang='grc' dir='ltr'><strong>τοὺς</strong></span> <span class='ocrx_word' id='word_1_708' title='bbox 3150 4886 3389 4957; x_wconf 80' lang='grc' dir='ltr'><strong>ὀνείρους</strong></span> <span class='ocrx_word' id='word_1_709' title='bbox 3410 4887 3486 4958; x_wconf 82' lang='grc' dir='ltr'><strong>τῷ</strong></span> <span class='ocrx_word' id='word_1_710' title='bbox 3510 4889 3614 4942; x_wconf 66' lang='grc' dir='ltr'><strong>Φα-</strong></span> 
     </span>
    </p>
   </div>
   <div class='ocr_carea' id='block_1_100' title="bbox 2061 4971 3610 5047">
    <p class='ocr_par' dir='ltr' id='par_1_100' title="bbox 2061 4971 3610 5047">
     <span class='ocr_line' id='line_1_100' title="bbox 2061 4971 3610 5047; baseline 0.006 -22"><span class='ocrx_word' id='word_1_711' title='bbox 2061 4971 2194 5042; x_wconf 85' lang='grc' dir='ltr'><strong>ραὼ,</strong></span> <span class='ocrx_word' id='word_1_712' title='bbox 2220 4972 2297 5044; x_wconf 85' lang='grc' dir='ltr'><strong>μὴ</strong></span> <span class='ocrx_word' id='word_1_713' title='bbox 2318 4972 2412 5027; x_wconf 89' lang='grc' dir='ltr'><strong>τοῦ</strong></span> <span class='ocrx_word' id='word_1_714' title='bbox 2448 4973 2580 5026; x_wconf 83' lang='grc' dir='ltr'><strong>Θεοῦ</strong></span> <span class='ocrx_word' id='word_1_715' title='bbox 2618 4975 2986 5047; x_wconf 86' lang='grc' dir='ltr'><strong>παρασχόντος</strong></span> <span class='ocrx_word' id='word_1_716' title='bbox 3012 4977 3071 5030; x_wconf 85' lang='grc' dir='ltr'><strong>τὸ</strong></span> <span class='ocrx_word' id='word_1_717' title='bbox 3094 4976 3350 5032; x_wconf 88' lang='grc' dir='ltr'><strong>δύνασθαι</strong></span> <span class='ocrx_word' id='word_1_718' title='bbox 3377 4979 3610 5035; x_wconf 82' lang='grc' dir='ltr'><strong>συνιέναι</strong></span> 
     </span>
    </p>
   </div>
   <div class='ocr_carea' id='block_1_101' title="bbox 2055 5064 2271 5127">
    <p class='ocr_par' dir='ltr' id='par_1_101' title="bbox 2055 5064 2271 5127">
     <span class='ocr_line' id='line_1_101' title="bbox 2055 5064 2271 5127; baseline 0.009 -11"><span class='ocrx_word' id='word_1_719' title='bbox 2055 5064 2271 5127; x_wconf 81' lang='grc' dir='ltr'><strong>αὐτούς.</strong></span> 
     </span>
    </p>
   </div>
   <div class='ocr_carea' id='block_1_102' title="bbox 2123 5172 3614 5249">
    <p class='ocr_par' dir='ltr' id='par_1_102' title="bbox 2123 5172 3614 5249">
     <span class='ocr_line' id='line_1_102' title="bbox 2123 5172 3614 5249; baseline 0.005 -21"><span class='ocrx_word' id='word_1_720' title='bbox 2123 5175 2231 5228; x_wconf 79' lang='grc' dir='ltr'><strong>Καὶ</strong></span> <span class='ocrx_word' id='word_1_721' title='bbox 2259 5172 2547 5243; x_wconf 75' lang='grc' dir='ltr'><strong>εἰσῆλθεν</strong></span> <span class='ocrx_word' id='word_1_722' title='bbox 2574 5176 2808 5245; x_wconf 80' lang='grc' dir='ltr'><strong>Ἰσραὴλ</strong></span> <span class='ocrx_word' id='word_1_723' title='bbox 2832 5179 3251 5249; x_wconf 78' lang='grc' dir='ltr'><strong>εὶς-Αἴγυπτον,</strong></span> <span class='ocrx_word' id='word_1_724' title='bbox 3282 5180 3378 5234; x_wconf 76' lang='grc' dir='ltr'><strong>καὶ</strong></span> <span class='ocrx_word' id='word_1_725' title='bbox 3415 5182 3614 5235; x_wconf 83' lang='grc' dir='ltr'><strong>Ἰακὼὸ</strong></span> 
     </span>
    </p>
   </div>
   <div class='ocr_carea' id='block_1_103' title="bbox 2051 5265 3601 5342">
    <p class='ocr_par' dir='ltr' id='par_1_103' title="bbox 2051 5265 3601 5342">
     <span class='ocr_line' id='line_1_103' title="bbox 2051 5265 3601 5342; baseline 0.005 -23"><span class='ocrx_word' id='word_1_726' title='bbox 2051 5265 2405 5334; x_wconf 80' lang='grc' dir='ltr'><strong>παρῴκησεν</strong></span> <span class='ocrx_word' id='word_1_727' title='bbox 2429 5267 2588 5337; x_wconf 76' lang='grc' dir='ltr'><strong>ἐνγῇ</strong></span> <span class='ocrx_word' id='word_1_728' title='bbox 2601 5268 2747 5336; x_wconf 83' lang='grc' dir='ltr'><strong>Χάμ.</strong></span> <span class='ocrx_word' id='word_1_729' title='bbox 2768 5270 2887 5322; x_wconf 83' lang='grc' dir='ltr'>Υἱοὶ</span> <span class='ocrx_word' id='word_1_730' title='bbox 2907 5270 3050 5333; x_wconf 84' lang='grc' dir='ltr'><strong>Νῶε,</strong></span> <span class='ocrx_word' id='word_1_731' title='bbox 3079 5271 3219 5341; x_wconf 82' lang='grc' dir='ltr'><strong>Σὴμ,</strong></span> <span class='ocrx_word' id='word_1_732' title='bbox 3236 5271 3385 5341; x_wconf 84' lang='grc' dir='ltr'><strong>Χὰμ,</strong></span> <span class='ocrx_word' id='word_1_733' title='bbox 3405 5271 3601 5342; x_wconf 84' lang='grc' dir='ltr'><strong>Ἰάφετ·</strong></span> 
     </span>
    </p>
   </div>
   <div class='ocr_carea' id='block_1_104' title="bbox 374 5343 1986 5430">
    <p class='ocr_par' dir='ltr' id='par_1_104' title="bbox 374 5343 1937 5430">
     <span class='ocr_line' id='line_1_104' title="bbox 374 5343 1937 5430; baseline 0.012 -31"><span class='ocrx_word' id='word_1_734' title='bbox 374 5343 587 5414; x_wconf 74' lang='lat' dir='ltr'><strong>Japhet.</strong></span> <span class='ocrx_word' id='word_1_735' title='bbox 622 5348 815 5406; x_wconf 88' lang='lat' dir='ltr'><strong>Chami</strong></span> <span class='ocrx_word' id='word_1_736' title='bbox 858 5361 1037 5407; x_wconf 89' lang='lat' dir='ltr'><strong>autem</strong></span> <span class='ocrx_word' id='word_1_737' title='bbox 1089 5352 1234 5409; x_wconf 84' lang='lat' dir='ltr'><strong>ﬁlius</strong></span> <span class='ocrx_word' id='word_1_738' title='bbox 1288 5364 1406 5410; x_wconf 85' lang='lat' dir='ltr'><strong>erat</strong></span> <span class='ocrx_word' id='word_1_739' title='bbox 1449 5356 1733 5414; x_wconf 88' lang='lat' dir='ltr'><strong>Chanaan.</strong></span> <span class='ocrx_word' id='word_1_740' title='bbox 1768 5360 1937 5430; x_wconf 87' lang='lat' dir='ltr'><strong>Cujus</strong></span> 
     </span>
    </p>
   </div>
   <div class='ocr_carea' id='block_1_105' title="bbox 2086 5343 3605 5430">
    <p class='ocr_par' dir='ltr' id='par_1_105' title="bbox 2086 5354 3605 5429">
     <span class='ocr_line' id='line_1_105' title="bbox 2086 5354 3605 5429; baseline 0.005 -23"><span class='ocrx_word' id='word_1_741' title='bbox 2086 5354 2138 5407; x_wconf 88' lang='grc' dir='ltr'><strong>οῦ</strong></span> <span class='ocrx_word' id='word_1_742' title='bbox 2155 5355 2210 5407; x_wconf 82' lang='grc' dir='ltr'>δὲ</span> <span class='ocrx_word' id='word_1_743' title='bbox 2232 5356 2361 5426; x_wconf 84' lang='grc' dir='ltr'><strong>Χὰμ</strong></span> <span class='ocrx_word' id='word_1_744' title='bbox 2390 5359 2517 5418; x_wconf 81' lang='grc' dir='ltr'><strong>παῖς</strong></span> <span class='ocrx_word' id='word_1_745' title='bbox 2540 5357 2776 5410; x_wconf 75' lang='grc' dir='ltr'><strong>Χαναὰν.</strong></span> <span class='ocrx_word' id='word_1_746' title='bbox 2814 5357 3012 5412; x_wconf 82' lang='grc' dir='ltr'><strong>Τούτου</strong></span> <span class='ocrx_word' id='word_1_747' title='bbox 3030 5358 3089 5411; x_wconf 73' lang='grc' dir='ltr'><strong>δὲ</strong></span> <span class='ocrx_word' id='word_1_748' title='bbox 3104 5356 3394 5429; x_wconf 81' lang='grc' dir='ltr'><strong>Μεστραῒμ</strong></span> <span class='ocrx_word' id='word_1_749' title='bbox 3432 5360 3605 5429; x_wconf 78' lang='grc' dir='ltr'><strong>ἑρμη-</strong></span> 
     </span>
    </p>
   </div>
   <div class='ocr_carea' id='block_1_106' title="bbox 378 5434 1933 5521">
    <p class='ocr_par' dir='ltr' id='par_1_106' title="bbox 378 5434 1933 5521">
     <span class='ocr_line' id='line_1_106' title="bbox 378 5434 1933 5521; baseline 0.014 -34"><span class='ocrx_word' id='word_1_750' title='bbox 378 5434 522 5490; x_wconf 84' lang='lat' dir='ltr'><strong>ﬁlius</strong></span> <span class='ocrx_word' id='word_1_751' title='bbox 549 5437 824 5496; x_wconf 79' lang='lat' dir='ltr'><strong>Mestraim</strong></span> <span class='ocrx_word' id='word_1_752' title='bbox 859 5443 1248 5514; x_wconf 76' lang='lat' dir='ltr'><strong>interpretatur</strong></span> <span class='ocrx_word' id='word_1_753' title='bbox 1287 5446 1576 5519; x_wconf 68' lang='lat' dir='ltr'><strong>Egyptus,</strong></span> <span class='ocrx_word' id='word_1_754' title='bbox 1626 5466 1655 5504; x_wconf 91' lang='lat' dir='ltr'><strong>a</strong></span> <span class='ocrx_word' id='word_1_755' title='bbox 1691 5466 1801 5521; x_wconf 89' lang='lat' dir='ltr'><strong>quo</strong></span> <span class='ocrx_word' id='word_1_756' title='bbox 1830 5468 1933 5508; x_wconf 90' lang='lat' dir='ltr'><strong>no-</strong></span> 
     </span>
    </p>
   </div>
   <div class='ocr_carea' id='block_1_107' title="bbox 2047 5443 3602 5519">
    <p class='ocr_par' dir='ltr' id='par_1_107' title="bbox 2047 5443 3602 5519">
     <span class='ocr_line' id='line_1_107' title="bbox 2047 5443 3602 5519; baseline -0.001 -18"><span class='ocrx_word' id='word_1_757' title='bbox 2047 5447 2263 5501; x_wconf 80' lang='grc' dir='ltr'><strong>νεύεται</strong></span> <span class='ocrx_word' id='word_1_758' title='bbox 2304 5447 2596 5514; x_wconf 80' lang='grc' dir='ltr'><strong>Αἴγυπτος,</strong></span> <span class='ocrx_word' id='word_1_759' title='bbox 2628 5448 2721 5517; x_wconf 78' lang='grc' dir='ltr'><strong>ἀφ’</strong></span> <span class='ocrx_word' id='word_1_760' title='bbox 2752 5443 2812 5503; x_wconf 79' lang='grc' dir='ltr'>οὗ</span> <span class='ocrx_word' id='word_1_761' title='bbox 2843 5449 2937 5501; x_wconf 73' lang='grc' dir='ltr'><strong>καὶ</strong></span> <span class='ocrx_word' id='word_1_762' title='bbox 2978 5450 3012 5519; x_wconf 80' lang='grc' dir='ltr'><strong>ἡ</strong></span> <span class='ocrx_word' id='word_1_763' title='bbox 3061 5447 3232 5519; x_wconf 88' lang='grc' dir='ltr'><strong>χώρα.</strong></span> <span class='ocrx_word' id='word_1_764' title='bbox 3273 5449 3401 5500; x_wconf 85' lang='grc' dir='ltr'><strong>Ὅτε</strong></span> <span class='ocrx_word' id='word_1_765' title='bbox 3426 5449 3602 5501; x_wconf 81' lang='grc' dir='ltr'><strong>τοίνυν</strong></span> 
     </span>
    </p>
   </div>
   <div class='ocr_carea' id='block_1_108' title="bbox 375 5529 1986 5610">
    <p class='ocr_par' dir='ltr' id='par_1_108' title="bbox 375 5529 1930 5608">
     <span class='ocr_line' id='line_1_108' title="bbox 375 5529 1930 5608; baseline 0.014 -30"><span class='ocrx_word' id='word_1_766' title='bbox 375 5539 500 5580; x_wconf 86' lang='lat' dir='ltr'><strong>men</strong></span> <span class='ocrx_word' id='word_1_767' title='bbox 527 5529 676 5597; x_wconf 87' lang='lat' dir='ltr'><strong>regio</strong></span> <span class='ocrx_word' id='word_1_768' title='bbox 700 5534 928 5603; x_wconf 85' lang='lat' dir='ltr'><strong>accepit.</strong></span> <span class='ocrx_word' id='word_1_769' title='bbox 963 5534 1191 5602; x_wconf 85' lang='lat' dir='ltr'><strong>Quando</strong></span> <span class='ocrx_word' id='word_1_770' title='bbox 1221 5537 1384 5608; x_wconf 89' lang='lat' dir='ltr'><strong>igitur</strong></span> <span class='ocrx_word' id='word_1_771' title='bbox 1415 5540 1642 5596; x_wconf 88' lang='lat' dir='ltr'><strong>intravit</strong></span> <span class='ocrx_word' id='word_1_772' title='bbox 1676 5541 1847 5599; x_wconf 84' lang='lat' dir='ltr'><strong>Jacob</strong></span> <span class='ocrx_word' id='word_1_773' title='bbox 1877 5545 1930 5599; x_wconf 90' lang='lat' dir='ltr'><strong>in</strong></span> 
     </span>
    </p>
   </div>
   <div class='ocr_carea' id='block_1_109' title="bbox 2086 5529 3599 5610">
    <p class='ocr_par' dir='ltr' id='par_1_109' title="bbox 2086 5534 3599 5610">
     <span class='ocr_line' id='line_1_109' title="bbox 2086 5534 3599 5610; baseline 0.001 -21"><span class='ocrx_word' id='word_1_774' title='bbox 2086 5536 2292 5606; x_wconf 66' lang='grc' dir='ltr'><strong>ἐσῆλθεν</strong></span> <span class='ocrx_word' id='word_1_775' title='bbox 2348 5536 2540 5591; x_wconf 86' lang='grc' dir='ltr'><strong>Ἰακὼϐ</strong></span> <span class='ocrx_word' id='word_1_776' title='bbox 2588 5541 2666 5603; x_wconf 86' lang='grc' dir='ltr'><strong>είς</strong></span> <span class='ocrx_word' id='word_1_777' title='bbox 2710 5538 2984 5608; x_wconf 74' lang='grc' dir='ltr'><strong>Αἴγυπτον</strong></span> <span class='ocrx_word' id='word_1_778' title='bbox 3029 5541 3171 5603; x_wconf 80' lang='grc' dir='ltr'><strong>εἰκὸς</strong></span> <span class='ocrx_word' id='word_1_779' title='bbox 3218 5534 3286 5610; x_wconf 79' lang='grc' dir='ltr'><strong>ἦν</strong></span> <span class='ocrx_word' id='word_1_780' title='bbox 3333 5539 3424 5592; x_wconf 83' lang='grc' dir='ltr'><strong>τὸν</strong></span> <span class='ocrx_word' id='word_1_781' title='bbox 3473 5537 3599 5608; x_wconf 80' lang='grc' dir='ltr'><strong>Χὰμ</strong></span> 
     </span>
    </p>
   </div>
   <div class='ocr_carea' id='block_1_110' title="bbox 373 5612 1932 5690">
    <p class='ocr_par' dir='ltr' id='par_1_110' title="bbox 373 5612 1932 5690">
     <span class='ocr_line' id='line_1_110' title="bbox 373 5612 1932 5690; baseline 0.016 -24"><span class='ocrx_word' id='word_1_782' title='bbox 373 5612 685 5685; x_wconf 66' lang='lat' dir='ltr'><strong>Egyptum,</strong></span> <span class='ocrx_word' id='word_1_783' title='bbox 708 5624 1001 5681; x_wconf 87' lang='lat' dir='ltr'><strong>verisimile</strong></span> <span class='ocrx_word' id='word_1_784' title='bbox 1022 5638 1107 5683; x_wconf 90' lang='lat' dir='ltr'><strong>est</strong></span> <span class='ocrx_word' id='word_1_785' title='bbox 1123 5629 1293 5684; x_wconf 87' lang='lat' dir='ltr'><strong>Cham</strong></span> <span class='ocrx_word' id='word_1_786' title='bbox 1318 5645 1478 5685; x_wconf 89' lang='lat' dir='ltr'><strong>avum</strong></span> <span class='ocrx_word' id='word_1_787' title='bbox 1504 5631 1800 5689; x_wconf 85' lang='lat' dir='ltr'><strong>Mestraimi</strong></span> <span class='ocrx_word' id='word_1_788' title='bbox 1836 5636 1932 5690; x_wconf 88' lang='lat' dir='ltr'><strong>ha-</strong></span> 
     </span>
    </p>
   </div>
   <div class='ocr_carea' id='block_1_111' title="bbox 2045 5627 3600 5702">
    <p class='ocr_par' dir='ltr' id='par_1_111' title="bbox 2045 5627 3600 5702">
     <span class='ocr_line' id='line_1_111' title="bbox 2045 5627 3600 5702; baseline 0.002 -22"><span class='ocrx_word' id='word_1_789' title='bbox 2045 5628 2263 5681; x_wconf 84' lang='grc' dir='ltr'><strong>πάππον</strong></span> <span class='ocrx_word' id='word_1_790' title='bbox 2292 5628 2419 5682; x_wconf 75' lang='grc' dir='ltr'>ὄντα</span> <span class='ocrx_word' id='word_1_791' title='bbox 2440 5627 2534 5681; x_wconf 88' lang='grc' dir='ltr'><strong>τοῦ</strong></span> <span class='ocrx_word' id='word_1_792' title='bbox 2563 5629 2851 5702; x_wconf 80' lang='grc' dir='ltr'><strong>Μεστραῒμ</strong></span> <span class='ocrx_word' id='word_1_793' title='bbox 2894 5633 2951 5684; x_wconf 80' lang='grc' dir='ltr'><strong>ὲν</strong></span> <span class='ocrx_word' id='word_1_794' title='bbox 2982 5630 3245 5702; x_wconf 80' lang='grc' dir='ltr'><strong>Αἰγύπτῳ</strong></span> <span class='ocrx_word' id='word_1_795' title='bbox 3287 5631 3600 5702; x_wconf 78' lang='grc' dir='ltr'>κατῳκηκέ-</span> 
     </span>
    </p>
   </div>
   <div class='ocr_carea' id='block_1_112' title="bbox 374 5701 1986 5803">
    <p class='ocr_par' dir='ltr' id='par_1_112' title="bbox 374 5701 1967 5803">
     <span class='ocr_line' id='line_1_112' title="bbox 374 5701 1967 5803; baseline 0.016 -47"><span class='ocrx_word' id='word_1_796' title='bbox 374 5701 577 5760; x_wconf 79' lang='lat' dir='ltr'><strong>bitasse</strong></span> <span class='ocrx_word' id='word_1_797' title='bbox 612 5706 666 5761; x_wconf 90' lang='lat' dir='ltr'><strong>in</strong></span> <span class='ocrx_word' id='word_1_798' title='bbox 718 5709 1425 5802; x_wconf 36' lang='lat' dir='ltr'><strong>£3ypto,_§hanaan_o-in_</strong></span> <span class='ocrx_word' id='word_1_799' title='bbox 1452 5719 1747 5803; x_wconf 56' lang='lat' dir='ltr'><strong>Palmstjna</strong></span> <span class='ocrx_word' id='word_1_800' title='bbox 1776 5724 1928 5803; x_wconf 79' lang='lat' dir='ltr'><strong>habi-</strong></span> <span class='ocrx_word' id='word_1_801' title='bbox 1964 5796 1967 5799; x_wconf 14' lang='grc' dir='ltr'><em>Α</em></span> 
     </span>
    </p>
   </div>
   <div class='ocr_carea' id='block_1_113' title="bbox 2086 5701 3597 5803">
    <p class='ocr_par' dir='ltr' id='par_1_113' title="bbox 2086 5701 3597 5792">
     <span class='ocr_line' id='line_1_113' title="bbox 2086 5701 3597 5792; baseline 0.001 -20"><span class='ocrx_word' id='word_1_802' title='bbox 2086 5737 2148 5788; x_wconf 79' lang='grc' dir='ltr'><strong>ιι,</strong></span> <span class='ocrx_word' id='word_1_803' title='bbox 2179 5718 2272 5772; x_wconf 83' lang='grc' dir='ltr'><strong>τοῦ</strong></span> <span class='ocrx_word' id='word_1_804' title='bbox 2303 5718 2518 5776; x_wconf 76' lang='grc' dir='ltr'>Χάναὰν</span> <span class='ocrx_word' id='word_1_805' title='bbox 2544 5719 2633 5773; x_wconf 75' lang='grc' dir='ltr'><strong>ἐπὶ</strong></span> <span class='ocrx_word' id='word_1_806' title='bbox 2661 5701 2757 5791; x_wconf 81' lang='grc' dir='ltr'><strong>τῆς</strong></span> <span class='ocrx_word' id='word_1_807' title='bbox 2795 5701 3154 5792; x_wconf 75' lang='grc' dir='ltr'><strong>Παλαιστίνης</strong></span> <span class='ocrx_word' id='word_1_808' title='bbox 3176 5701 3470 5785; x_wconf 83' lang='grc' dir='ltr'><strong>οίκοῦντος.</strong></span> <span class='ocrx_word' id='word_1_809' title='bbox 3500 5721 3597 5774; x_wconf 73' lang='grc' dir='ltr'><strong>Διὰ</strong></span> 
     </span>
    </p>
   </div>
  </div>
