3946 6222
406 285 513 345 «ιιτ

1255 282 1311 337 S.
1352 277 1721 336 ATHANASH
1757 275 1907 335 OPP.
1943 271 2127 330 PARS
2164 271 2251 329 Ill.
2280 302 2360 326 .—
2392 267 2800 327 EXEGETICA.

3529 262 3634 317 ιιε

407 394 622 476 faciunt
641 401 939 473 justitiam,
969 401 1065 478 qui
1091 402 1238 473 quod
1263 402 1475 472 justum
1509 407 1593 455 est
1631 411 1794 469 opere
1817 410 1974 452 exse-

2080 383 2231 446 Οὗτοι
2249 388 2356 462 γάρ
2379 387 2681 450 ἀκολούθως
2696 385 2789 440 καὶ
2811 381 3046 450 ποιηταί
3065 378 3454 445 δικαιοσύνης
3475 381 3631 441 εἰσιν,

406 507 677 568 quuntur.

482 588 539 644 4.
574 588 837 643 Memento
879 586 1069 652 nostri,
1128 584 1370 651 Domine,
1405 585 1461 639 in
1513 581 1832 653 beneplacito
1882 597 1970 650 po-

408 679 524 747 puli
557 679 654 733 tui.
685 677 900 733 Abhinc
941 674 1215 730 inducitur
1240 688 1471 744 persona
1496 670 1828 733 Judaaorum,
1854 683 1978 738 pre-

404 772 657 828 cantium
689 781 750 825 ut
775 777 1056 827 consortes
1093 770 1203 824 sint
1231 766 1423 822 salutis
1461 764 1712 836 gentibus
1737 761 1893 817 datte.

376 958 379 978 ξ
486 944 574 1000 Η.
612 942 829 1013 Operuit
852 959 989 1012 aqua
1017 941 1328 994 tribulantes
1355 956 1464 993 eos.
1493 936 1841 992 Tribulantes
1862 935 1972 990 sci-

410 1036 560 1101 licet,
590 1049 714 1088 nam
748 1037 1058 1103 promiscua
1093 1035 1250 1085 turba
1288 1046 1409 1101 qua:
1437 1046 1563 1085 cum
1586 1030 1718 1098 ipsis
1737 1028 1973 1100 egredie-

409 1126 594 1191 batur,
624 1142 729 1180 non
760 1125 1134 1180 tribulantium
1166 1124 1257 1179 sed
1297 1124 1630 1179 credentium
1659 1130 1796 1176 erat.

483 1215 575 1278 ΓΞ,
612 1213 697 1269 15.
738 1213 801 1268 Et
832 1214 1161 1267 crediderunt
1191 1213 1342 1267 verbo
1370 1212 1506 1281 ejus,
1541 1220 1591 1265 et
1625 1209 1971 1264 laudauerunt

2079 481 2454 544 ἐπιτελοῦντες
2481 479 2625 550 ἔργῳ
2645 477 2707 530 τὸ
2732 476 2954 530 δίκαιον.

2143 571 2459 640 Μνήσθητι
2506 567 2677 639 ἡμῶν
2702 609 2717 634 ,
2771 568 2965 635 Κύριε,
3014 565 3084 619 ἐν
3131 561 3205 632 τῇ
3239 562 3479 629 εὐδοκία
3528 561 3633 614 τοῦ

2075 663 2227 717 λαοῦ
2261 678 2399 719 σου.
2442 659 2720 714 Ἐντεῦθεν
2760 660 2821 712 τὸ
2865 656 2970 710 τῶν
3031 655 3295 709 Ἰουδαίων
3342 655 3630 725 πρόσωπον

2078 753 2354 822 εἰσάγεται
2385 792 2400 816 ,
2446 750 2755 821 εὐχομένων
2790 745 3113 819 μεταλαϐεῖν
3156 744 3255 815 τῆς
3289 745 3402 807 τοῖς
3455 742 3631 795 ἔθνεσι

2072 842 2351 914 διδομένης
2381 841 2672 913 σωτηρίας.

2068 967 2072 971 ‹
2157 933 2497 1002 Ἐκάλυψεν
2525 932 2681 1000 ὕδωρ
2726 930 2866 996 τοὺς
2909 931 3223 994 θλίϐοντας
3258 926 3496 992 αὐτούς.
3525 929 3630 996 Δη-

2071 1024 2200 1095 λαδὴ
2223 1025 2331 1078 τῶν
2360 1023 2646 1077 θλιϐόντων
2669 1038 2683 1052 ’
2713 1026 2741 1077 ὁ
2768 1022 2874 1094 γάρ
2900 1019 3223 1087 συνεξελθὼν
3252 1019 3535 1089 ὲπίμικτος
3563 1019 3626 1070 οὐ

2069 1115 2177 1170 τῶν
2202 1115 2487 1169 θλιϐόντων
2521 1110 2610 1185 ἦν,
2639 1113 2778 1167 ἀλλά
2805 1113 2913 1166 τῶν
2948 1111 3371 1166 πιστευσάντων.

2137 1207 2246 1263 Kal
2269 1208 2642 1261 ἐπίστευσαν
2664 1203 2744 1270 τῷ
2774 1207 2934 1274 λόγῳ
2964 1204 3170 1267 αὐτοῦ,
3202 1203 3301 1256 καὶ
3326 1197 3490 1274 ᾖσαν
3512 1201 3627 1268 τὴν

404 1305 625 1360 laudem
656 1306 790 1375 ejus.
822 1303 958 1358 Nam
998 1321 1120 1360 cum
1165 1312 1382 1374 propter
1422 1302 1717 1357 bonitatem
1752 1300 1969 1356 Domini

2080 1299 2304 1353 αἴνεσιν
2327 1299 2534 1352 αὐτοῦ.
2576 1301 2652 1351 Δι’
2679 1298 2988 1367 ἀγαθότητα
3018 1295 3127 1366 γὰρ
3165 1294 3256 1348 τοῦ
3288 1294 3423 1347 θεοῦ
3466 1311 3627 1365 προσ-

402 1396 578 1452 additi
608 1394 839 1452 fuissent
870 1395 1065 1450 ﬂuctus
1113 1397 1166 1449 in
1217 1395 1354 1449 mari
1394 1391 1599 1460 Rubro,
1624 1393 1805 1448 statim
1852 1408 1969 1447 cre-

362 1479 596 1553 ldentes
657 1488 930 1542 canticum
984 1488 1303 1542 cecinerunt
1363 1486 1417 1538 in
1471 1484 1657 1539 Exodo
1706 1482 1963 1553 positum.

357 1551 370 1598 ί
408 1577 674 1649 Deinceps
699 1594 828 1633 vero
862 1579 1046 1633 omnia
1075 1577 1330 1633 oblivioni
1360 1551 1722 1631 tradiderunt.
1748 1574 1817 1628 Et
1848 1573 1965 1626 lau-

2066 1392 2328 1446 τεθέντων
2358 1390 2587 1444 καὶτῶν
2636 1391 2694 1443 ἐν
2734 1392 2800 1461 τῇ
2845 1387 3087 1458 θαλάσσῃ
3128 1386 3415 1456 κυμάτων,
3449 1402 3626 1457 παρα-

2067 1483 2256 1555 χρῆμα
2285 1483 2382 1552 μὲν
2417 1481 2821 1545 πιστεύσαντες,
2862 1476 3000 1553 ᾖσαν
3042 1479 3197 1553 αὐτῷ
3225 1479 3323 1551 τὴν
3353 1478 3496 1550 ᾠδὴν
3526 1480 3625 1551 τὴν

2067 1577 2124 1628 ὲν
2166 1574 2358 1645 Ἐξόδῳ
2383 1572 2644 1644 κειμένην
2670 1590 2685 1604 ·
2713 1569 2832 1627 εἶτα
2880 1572 3056 1625 πάντα
3083 1572 3405 1642 παρέδωκαν
3463 1570 3620 1643 λήθῃ.

398 1670 658 1724 daterunt
694 1669 903 1724 laudem
937 1670 1070 1735 eius.
1109 1667 1338 1735 Quando
1376 1669 1597 1722 exibant
1644 1666 1967 1722 choreutriae

2080 1666 2174 1719 Kal
2217 1660 2385 1736 ᾖσαν
2428 1664 2543 1733 τὴν
2586 1664 2822 1720 αἵνεσιν
2865 1664 3072 1717 αὐτοῦ.
3126 1664 3252 1716 Ὅτε
3299 1662 3518 1734 ἐξῆλθον
3569 1665 3623 1715 at

407 1774 530 1813 cum
574 1757 738 1813 Maria
804 1760 1046 1814 dicentes
1093 1778 1106 1814 :
1155 1760 1439 1815 Cantemus
1473 1758 1718 1823 Domino,
1741 1757 1966 1828 gloriose

2080 1735 2384 1829 ίορεύουσαι
2443 1754 2581 1825 μετά
2619 1754 2851 1827 Μαριὰμ
2891 1754 3144 1822 λέγουσαι
3176 1771 3190 1784 ·
3236 1755 3509 1824 ’.ᾼσωμεν
3545 1770 3625 1819 τῳ

398 1849 541 1901 enim
570 1850 939 1919 magnificatus
972 1859 1048 1904 est
1076 1851 1141 1905 ⁸³.

472 1937 562 1991 14.
591 1937 662 1992 Et
685 1948 1017 1993 tentaverunt
1043 1939 1209 1993 Deum
1243 1940 1298 1993 in
1335 1940 1615 2009 inaquoso.
1662 1938 1818 2001 Illud,
1860 1946 1969 1992 len-

2067 1847 2264 1914 Κυρίῳ
2283 1862 2298 1876 ’
2331 1844 2589 1910 ἐνδόξως
2607 1846 2717 1915 γὰρ
2748 1844 3124 1910 δεδόξασται.

2135 1937 2245 1992 Kal
2272 1936 2602 2005 ἐπείρασαν
2624 1937 2732 1990 τόν
2758 1936 2906 1990 Θεὸν
2941 1937 3011 1990 ἐν
3033 1937 3285 2004 ἀνύδρῳ.
3315 1935 3389 1989 Τὸ
3417 1935 3494 2002 δὲ,
3525 1934 3623 1989 καί

405 2028 646 2083 laverunt
684 2030 849 2084 Deum
874 2032 927 2083 in
951 2032 1229 2100 inaquoso,
1256 2030 1526 2101 signiﬁcat
1561 2050 1573 2085 :
1615 2030 1965 2085 irritaverunt

2080 2029 2389 2097 ἐπείρασαν
2407 2029 2515 2082 τὸν
2539 2027 2685 2082 Θεὸν
2718 2028 2790 2082 ἐν
2836 2028 3071 2096 ἀνύδρῳ
3094 2045 3108 2060 ο
3136 2027 3488 2100 ωρὼργισαν
3516 2028 3623 2100 γάρ

400 2135 530 2175 eum
560 2122 741 2176 statim
773 2131 897 2193 post
921 2124 1204 2178 transitum
1229 2124 1394 2177 maris
1418 2123 1606 2178 Rubri.
1714 2169 1724 2183 κ

465 2212 556 2268 20.
602 2211 672 2266 Et
716 2222 1048 2267 mutaverunt
1091 2215 1315 2285 gloriam
1362 2232 1512 2269 suam
1565 2216 1617 2268 in
1651 2214 1961 2268 similitudi-

2064 2120 2225 2175 αὐτὸν
2244 2120 2445 2183 εὐθέως
2472 2120 2610 2190 μετά
2630 2120 2730 2190 τὴν
2773 2118 3039 2191 Ἐρυθρὰν
3061 2119 3355 2174 θάλασσαν.

2138 2210 2245 2264 Kal
2274 2209 2620 2276 ἠλλάξαντο
2640 2209 2756 2278 τὴν
2782 2209 2969 2274 δόξαν
2997 2210 3184 2264 αὐτοῦ
3220 2211 3291 2264 ἐν
3314 2210 3624 2283 ὁμοιώματι

398 2320 519 2357 nem
571 2304 722 2358 uituli
772 2306 1088 2359 comedentis
1145 2309 1342 2375 fenum.
1411 2305 1594 2361 Gloria
1654 2305 1784 2375 ipsis
1844 2313 1962 2361 erat

2080 2300 2296 2368 κόσχου
2325 2300 2638 2365 ἐσθίοντος
2665 2303 2900 2368 χόρτον.
2924 2298 3060 2363 Δόξα
3080 2295 3147 2371 ἦν
3179 2300 3362 2365 αὐτοῖς
3395 2302 3424 2353 ό
3468 2301 3620 2365 Θεὸς,

398 2390 565 2458 Deus,
594 2409 701 2463 quo
729 2394 959 2450 dimisso
988 2395 1349 2450 adoraverunt
1369 2396 1618 2450 vitulum.

477 2484 569 2541 25.
601 2483 662 2541 Si
692 2503 797 2540 non
844 2486 1053 2557 Moyses
1099 2487 1292 2542 electus
1333 2489 1445 2551 eius
1481 2488 1705 2542 stetisset
1733 2490 1790 2542 in
1836 2504 1963 2543 con-

394 2577 677 2648 fractione.
714 2577 945 2645 Quando
977 2578 1113 2633 dixit
1144 2598 1158 2633 :
1192 2577 1253 2634 Si
1280 2580 1505 2634 dimittis
1536 2589 1842 2649 peccatum,
1872 2581 1960 2635 di-

2061 2389 2121 2442 δν
2154 2391 2382 2460 ἀφέντες
2415 2389 2825 2461 προσεκύνησαν
2852 2389 2929 2461 τῷ
2963 2391 3167 2462 μόσχῳ.

2128 2481 2198 2534 El
2218 2481 2304 2550 μὴ
2335 2480 2596 2551 Μωῦσῆς
2627 2484 2661 2535 ό
2687 2481 2966 2548 ἐκλεκτὸς
2989 2481 3139 2550 ἔστη
3163 2482 3234 2536 ἐν
3260 2480 3334 2551 τῇ
3355 2483 3617 2551 θραύσει.

2061 2567 2188 2622 Ὅτε
2230 2564 2381 2622 εἶπεν
2401 2587 2414 2600 ·
2453 2572 2521 2624 El
2542 2567 2660 2639 μὲν
2692 2569 2866 2639 ἀφεῖς
2894 2569 3098 2637 αὐτοῖς
3150 2570 3265 2639 τὴν
3307 2572 3618 2649 ἁμαρτίαν,

394 2669 546 2724 mitte
567 2685 587 2724 :
617 2672 663 2724 si
694 2686 799 2725 non
823 2670 1070 2738 dimittis,
1089 2670 1201 2725 dele
1221 2688 1301 2726 me
1329 2674 1392 2727 de
1416 2671 1550 2725 libro
1579 2681 1666 2726 tuo
1689 2671 1785 2725 hoc
1804 2688 1956 2743 quem

2080 2658 2208 2729 ῑφες
2233 2676 2248 2692 ⁸
2280 2663 2333 2714 εί
2379 2660 2448 2714 δὲ
2484 2660 2593 2730 μὴ,
2633 2661 2786 2730 κάμὲ
2823 2661 3233 2731 ἐξάλειψονέκ
3261 2660 3368 2731 τῆς
3397 2662 3619 2726 ,ϐίϐλον

394 2760 658 2828 scripsisti
687 2757 754 2814 ".

475 2846 568 2901 24.
600 2846 671 2901 Et
700 2865 795 2918 pro
839 2850 1006 2904 nihilo
1052 2847 1346 2904 habuerunt
1386 2861 1582 2904 terram
1623 2849 1952 2904 desiderabi-

356 2935 518 3014 'lem.
549 2934 752 3004 Quinta
776 2942 1053 2994 accusatio
1089 2941 1205 2996 haec
1227 2950 1332 3004 est,
1359 2951 1481 3010 post
1523 2940 1681 3006 alias,
1711 2942 1778 2995 de
1814 2940 1952 2996 mari

391 3026 584 3084 Rubro
604 3030 829 3096 scilicet,
850 3032 917 3087 de
948 3032 1182 3095 deserto,
1200 3032 1267 3087 de
1289 3031 1472 3103 Moyse
1506 3032 1574 3087 ad
1606 3033 1740 3086 iram
1771 3034 1954 3088 conci-

2058 2764 2174 2805 σου
2198 2752 2417 2819 ταύτης
2447 2747 2522 2823 ἧς
2548 2752 2814 2822 ἔγραψας

2128 2841 2237 2895 Kal
2254 2841 2674 2907 ἐξουδένωσαν
2688 2842 2805 2913 γῆν
2833 2842 3218 2912 ἐπιθυμητήν.
3249 2842 3503 2914 Πέμπτον
3535 2842 3621 2913 ἔγ-

2057 2930 2243 3002 κλημα
2274 2932 2431 2984 τοῦτο
2465 2929 2602 3002 μετά
2647 2931 2745 3001 τὴν
2804 2930 3088 3002 Ἐρυθρὰν,
3140 2931 3234 2985 καὶ
3263 2930 3363 3001 τὴν
3391 2930 3614 3002 ἔρημον,

2058 3024 2152 3075 καὶ
2182 3022 2282 3093 τὴν
2308 3024 2387 3086 εἰς
2415 3022 2654 3093 Μωῦσῆν
2689 3021 2996 3093 παροινίαν,
3046 3022 3140 3075 καὶ
3167 3021 3257 3074 τὸν
3292 3022 3490 3092 μόσχον
3527 3022 3618 3076 τὸν

389 3125 531 3185 tato,
558 3120 624 3175 de
656 3083 829 3176 vituld
866 3123 923 3176 in
970 3122 1205 3176 Choreb.
1252 3083 1475 3177 Reversi
1506 3137 1741 3192 namque
1765 3123 1955 3193 explo-

2080 3129 2114 3164 ,v
2157 3083 2380 3182 Χωρήϐ.
2421 3083 2833 3175 ζΕπανελθόντες
2865 3083 3054 3183 γὰροί
3088 3083 3466 3177 κατάσκοποι,
3520 3128 3619 3164 κα-

322 3252 333 3263 .
388 3222 626 3278 ratores,
652 3213 791 3267 male
828 3213 1109 3283 loquentes
1134 3214 1200 3267 de
1226 3222 1389 3276 terra,
1414 3214 1548 3268 alios
1580 3229 1763 3268 secum
1791 3217 1955 3271 abdu-

2055 3202 2165 3268 κῶς
2190 3202 2434 3272 λέγοντες
2462 3205 2557 3275 τὴν
2591 3203 2714 3274 γῆν,
2747 3203 2841 3256 καὶ
2866 3205 2991 3267 τοὺς
3029 3203 3221 3267 ἄλλους
3244 3203 3611 3275 ἀπέστρεψαν,

389 3312 612 3371 xerunt,
646 3313 872 3374 excepto
896 3303 1023 3360 Jesu
1055 3301 1164 3360 lilio
1200 3302 1369 3371 Nave,
1405 3312 1459 3359 et
1498 3305 1698 3362 Cbalcb
1733 3307 1843 3361 lilio
1880 3305 1957 3361 le-

2080 3295 2219 3366 [ωρὶς
2253 3294 2424 3367 Ἰησοῦ
2452 3293 2544 3347 τοῦ
2574 3295 2726 3365 Ναυῆ
2755 3295 2850 3348 καὶ
2870 3293 3049 3347 Χαλὲϐ
3079 3294 3172 3347 τοῦ
3206 3295 3449 3366 Ἰεφωνῆ.

391 3394 594 3464 pbone.

462 3484 552 3537 25.
574 3483 641 3540 Et
659 3496 1113 3542 murmuraverunt
1133 3491 1190 3542 in
1206 3490 1558 3545 tabernaculis
1574 3490 1953 3557 suingnando

391 3576 603 3630 reversi
658 3577 1027 3647 exploratores
1078 3592 1315 3636 mentem
1372 3582 1554 3653 populi
1620 3592 1949 3637 averterunt.

462 3752 552 3806 28.
587 3752 658 3808 Et
687 3755 888 3809 initiati
925 3766 1048 3811 sunt
1071 3755 1406 3828 Beelphegor.
1461 3756 1576 3813 Hoc
1635 3758 1836 3813 idolum
1868 3768 1953 3815 est

388 3845 848 3913 Ammonitarum,
881 3847 1026 3917 quod
1057 3856 1285 3903 vocatur
1325 3864 1357 3902 a
1407 3847 1610 3905 Graecis
1659 3848 1947 3907 Saturnus.
1984 3881 1991 3888 -

459 3935 547 3992 30.
571 3935 641 3990 Et
669 3939 815 3992 stetit
835 3937 1055 3994 Pliinees
1079 3948 1129 3994 et
1174 3940 1422 4011 placavit.
1485 3940 1715 4008 Quando
1747 3942 1953 3998 Modia-

390 4026 615 4082 nitidem
647 4040 774 4083 cum
825 4032 1043 4085 moecho
1073 4032 1292 4087 occidit.
1328 4031 1600 4088 Docemur
1649 4042 1830 4089 autem
1863 4035 1949 4091 his

390 4120 580 4189 quanti
608 4120 678 4176 sit
711 4120 853 4191 apud
876 4119 1046 4178 Deum
1071 4124 1157 4178 vel
1188 4124 1351 4179 unius
1385 4124 1482 4179 viri
1514 4124 1705 4196 pietas.

460 4289 548 4345 59.
583 4290 652 4345 Et
688 4292 937 4362 fornicati
964 4306 1085 4349 sunt
1110 4298 1166 4351 in
1183 4297 1638 4354 adinventionibus
1659 4301 1790 4355 suis.
1825 4299 1949 4356 Haec

389 4380 854 4473 docentJudicum
885 4396 938 4441 et
961 4385 1268 4456 Regnorum
1293 4391 1433 4452 libri,
1465 4394 1608 4462 quod
1635 4394 1813 4448 traditi
1838 4395 1947 4449 sint
1976 4419 2020 4473 ι)

391 4471 526 4527 alias
553 4474 674 4531 aliis
700 4478 933 4546 populis,
960 4480 1308 4548 Ammonitis,
1356 4481 1690 4549 Amaleeitis,
1741 4483 1945 4540 Modia-

280 4600 303 4665 ,ἦ
390 4560 542 4630 nitis,
566 4560 906 4638 alienigenis,
932 4582 998 4623 eo
1032 4570 1196 4624 modo
1226 4571 1435 4627 scilicet
1464 4575 1737 4645 castigati.

455 4735 545 4790 41.
571 4736 640 4791 Et
664 4738 924 4795 dominati
949 4751 1072 4796 sunt
1119 4757 1303 4796 eorum
1346 4745 1435 4813 qui
1459 4744 1681 4798 oderunt
1705 4761 1812 4799 eos.
1847 4745 1951 4801 Ba-

389 4825 598 4897 bylonii
631 4835 687 4883 et
711 4830 918 4901 Assyrii
941 4830 1211 4887 dominati
1240 4822 1371 4888 sunt
1404 4832 1670 4890 lsraelitis
1698 4836 1770 4890 ob
1796 4836 1948 4906 ipso-

391 4932 512 4973 rum
544 4918 871 4988 impietates.

457 5008 550 5064 42.
574 5008 727 5078 Swpe
747 5009 984 5065 liberavit
1004 5029 1113 5067 eos.
1146 5013 1260 5083 Ipsi
1283 5021 1462 5068 autem
1501 5017 1947 5072 eaacerbauerunt

389 5114 509 5151 eum
532 5099 590 5153 in
611 5101 833 5154 consilio
880 5117 996 5158 suo.
1028 5101 1122 5158 Ille
1175 5118 1276 5174 pro
1325 5105 1511 5159 innata
1555 5122 1655 5162 sua
1687 5122 1819 5178 erga
1851 5110 1950 5163 ho-

391 5191 568 5247 mines
591 5193 876 5250 clementia
906 5203 1226 5252 mansuetus
1257 5197 1364 5253 illis
1385 5207 1522 5262 erat,
1544 5199 1621 5253 illi
1649 5214 1778 5255 vero
1796 5215 1949 5254 corn-

391 5283 658 5351 pellebant
701 5300 827 5341 eum
878 5295 940 5341 ut
985 5288 1216 5344 acerbus
1250 5297 1396 5344 esset
1426 5290 1581 5360 ipsis.
1609 5289 1676 5346 Et
1723 5306 1943 5346 rursum

393 5372 619 5430 saivavit
651 5392 774 5431 eum
804 5386 991 5448 utpote
1013 5376 1291 5434 Salvator.
1316 5379 1395 5434 llli
1425 5390 1606 5436 autem
1635 5381 1937 5452 perierunt,

394 5477 512 5517 sese
572 5468 829 5535 operibus
880 5468 1202 5538 perniciosis
1274 5472 1662 5541 coplicantes
1687 5513 1703 5540 ,
1772 5473 1949 5530 donec

393 5567 516 5607 cum
546 5571 608 5609 ea
636 5561 835 5629 saepius
864 5561 1206 5633 repetiissent
1242 5562 1456 5631 penitus
1492 5565 1789 5623 interirent.
1815 5567 1948 5625 Illud

432 5648 479 5682 ”
503 5647 674 5706 Exod.
700 5655 861 5719 ΠΛ.
944 5657 992 5691 ⁸⁸
1022 5655 1193 5714 Exod.
1228 5673 1399 5725 xxx",
1426 5658 1515 5726 51,
1550 5659 1639 5714 32.

2120 3470 2230 3524 Καὶ
2253 3472 2589 3542 ἐγόγγυσαν
2606 3472 2675 3525 ἐν
2696 3471 2820 3539 τοῖς
2848 3473 3241 3544 σκηνώμασιν
3262 3477 3611 3533 αὐτῶν.”οτε

2050 3564 2099 3615 ol
2131 3564 2462 3617 κατάσκοποι
2494 3562 2736 3627 ἐλθόντες
2766 3563 3083 3637 διέστρεψαν
3113 3567 3210 3639 τὴν
3253 3567 3476 3640 γνώμην
3517 3570 3626 3623 τοῦ·

2047 3652 2201 3709 λαοῦ.

2120 3746 2227 3801 Καὶ
2260 3746 2670 3815 ἐτελέσθησαν
2694 3748 2774 3814 τῷ
2800 3748 3162 3819 Βεελφεγώρ.
3198 3750 3426 3805 Εἴδωλον
3455 3752 3613 3806 τοῦτο

2062 3838 2427 3910 Ἀμμανιτῶν,
2465 3838 2793 3911 καλούμενον
2820 3844 2948 3914 παρ’
2979 3842 3203 3913 Ἕλλησι
3236 3845 3460 3915 Κρόνος,

2117 3929 2228 3984 Kal
2260 3930 2407 3999 ἔστη
2440 3929 2644 3998 Φινεὲς
2670 3932 2767 3986 καὶ
2794 3932 3272 3998 ἐξιλάσαταὌτε
3307 3938 3481 3991 ἀνεῖλε
3514 3939 3613 4010 τὴν

2048 4019 2364 4074 Μαδιανῖτιν
2395 4023 2529 4092 μετά
2560 4024 2654 4077 τοῦ
2684 4025 3092 4095 πορνεύσαντος.
3117 4027 3362 4081 Διδάσκει
3386 4028 3441 4082 δὲ
3467 4031 3611 4101 ἡμᾶς

2047 4112 2077 4164 ό
2123 4109 2277 4180 λόγος
2323 4113 2485 4167 πόσον
2527 4113 2747 4169 δύναται
2797 4117 2915 4180 ἑνὸς
2965 4117 3155 4188 ἀνδρὸς
3198 4117 3447 4173 εὐσέϐεια
3479 4120 3612 4192 πρὸς

2048 4202 2198 4255 Θεόν.

2117 4292 2224 4345 Kal
2247 4292 2620 4362 ἐπόρνευσαν
2655 4296 2725 4350 ἐν
2756 4296 2877 4363 τοῖς
2902 4297 3365 4368 ἐπιτηδεύμασιν
3392 4300 3607 4356 αὐτῶν.

2049 4380 2229 4434 Ταῦτα
2251 4381 2554 4435 διδάσκουσι
2571 4384 2787 4453 Κριτῶν
2806 4402 2866 4438 τε
2901 4387 2993 4440 καὶ
3018 4387 3309 4442 Βασιλειῶν
3334 4390 3389 4442 αἱ
3418 4388 3610 4459 βίϐλοι,

2052 4474 2128 4536 ὡς
2153 4474 2524 4546 παρεδόθησαν
2554 4476 2740 4531 ἄλλοτε
2769 4477 2962 4542 ἄλλοις.
2993 4480 3328 4546 Μωαϐίταις,
3346 4479 3611 4553 ’Ᾱμμανί-

2044 4581 2186 4629 ταις,
2228 4566 2639 4638 Ἀμαληκίταις,
2659 4571 3031 4635 Μαδιαναίοις,
3070 4573 3487 4647 ἀλλοφύλοις,τῇ
3512 4592 3613 4630 πα-

2049 4657 2260 4728 ραδόσει
2293 4660 2687 4731 παιδευόμενοι.

2118 4749 2228 4805 Kal
2269 4751 2628 4820 ἐκυρίευσαν
2673 4753 2892 4820 αὐτοὺς
2931 4759 2984 4809 ol
3017 4756 3339 4823 μισοῦντες
3370 4757 3607 4822 αὐτούς.

2049 4841 2375 4897 Βαϐυλώνιοι
2405 4844 2500 4897 καὶ
2535 4844 2805 4916 Ἀσσύριοι
2836 4847 3170 4919 ἐπεκράτουν
3193 4851 3307 4913 τοῖς
3349 4848 3611 4921 Ἰσραηλί-

2045 4951 2165 4998 ταις
2197 4934 2284 4988 διά
2312 4933 2412 4998 τὰς
2443 4935 2788 5007 παρανομίας
2816 4937 3012 4996 αὐτῶν.

2113 5024 2415 5093 Πολλάκις
2455 5028 2749 5096 ἐρῤύσατο
2784 5030 3023 5097 αὐτούς.
3064 5031 3244 5085 Αὐτοὶ
3274 5030 3343 5085 δὲ
3369 5033 3612 5101 παρεπί-

2044 5132 2271 5184 κραναν
2294 5116 2479 5172 αὑτὸν
2518 5118 2589 5172 ἐν
2624 5117 2699 5187 τῇ
2725 5118 2931 5189 ,Βουλῇ
2972 5120 3189 5177 αὐτῶν.
3208 5122 3265 5176 ⁸0
3297 5123 3396 5190 μὲν
3417 5119 3486 5195 ἦν
3516 5124 3614 5177 αύ-

2046 5209 2158 5271 τοῖς
2191 5209 2255 5260 ὲκ
2282 5207 2688 5280 φιλανθρωπίας
2718 5211 2940 5279 γλυκὺς,
2969 5212 3018 5264 ol
3061 5212 3120 5266 δὲ
3162 5212 3358 5284 πικρὸν
3403 5214 3613 5277 ἑαυτοῖς

2048 5297 2356 5368 ἠνάγκαζον
2401 5299 2701 5369 φαίνεσθαι.
2748 5301 2858 5355 Καὶ
2901 5302 3059 5356 πάλιν
3104 5301 3303 5356 ἔσωσεν
3336 5304 3498 5357 αὑτὸν
3526 5298 3612 5357 οἷα

2053 5387 2243 5460 Σωτήρ
2262 5406 2275 5419 ·
2309 5391 2359 5442 oi
2387 5389 2445 5442 δὲ
2467 5387 2743 5443 ἀπώλοντο
2766 5389 2949 5463 ἔργοις
2978 5390 3251 5454 ἀπωλείας
3276 5391 3501 5455 ἑαυτοὺς
3520 5408 3615 5444 πε-

2059 5479 2427 5551 ριπείραντες·
2459 5480 2617 5552 μέχρι
2645 5480 2904 5545 πολλάκις
2937 5481 3134 5546 αὐτοὺς
3161 5480 3438 5545 ποιοῦντες
3463 5482 3615 5545 τέλος

2054 5568 2348 5628 ἀπώλοντο.
2374 5569 2445 5624 Τὸ
2493 5570 2568 5639 δὲ,
2612 5571 2950 5639 πλεονάκις,
2995 5572 3177 5643 ὅμοιον
3220 5572 3328 5644 τῷο
3350 5569 3615 5639 Ποσάκις
