3946 6222
280 380 382 436 ιιο

1422 363 1788 421 EXPOSITIO
1826 364 1895 420 1N
1931 363 2262 423 ΡεΑιΜωι
2300 365 2431 422 ενι.

3399 370 3508 426 ιεο

279 490 550 560 ἠθέλησα
566 482 1028 556 ἐπισυναγαγεῖν
1054 482 1127 537 τὰ
1152 482 1332 537 τέκνα
1355 495 1506 548 σου;
1536 481 1597 536 τὸ
1620 482 1678 537 δέ
1696 497 1709 512 ·
1732 481 1842 537 Καὶ

1977 491 2143 549 utem,
2177 500 2335 555 stepe,
2372 483 2552 539 simile
2577 492 2661 539 est
2684 482 2800 539 illi:
2859 480 3077 548 Quoties
3105 481 3248 538 voiui
3285 500 3503 556 congre-

279 578 758 647 ἐταπεινώθησαν
788 576 859 629 ἐν
893 573 1020 639 ταῖς
1045 573 1319 643 ἀνομίαις
1350 572 1566 640 αὐτῶν,
1598 572 1698 644 τῷ,
1723 575 1845 629 Οὐκ

281 670 637 739 ἠθελήσατε.
655 668 904 736 Ἐπάγων
934 668 1041 738 γάρ
1072 663 1169 738 τὴν
1200 665 1469 729 παιδείαν,
1516 663 1678 719 πάλιν
1713 681 1844 735 μετ-

282 760 446 814 εδίδου
468 757 877 830 φιλανθρωπίας
899 773 913 786 ·
931 758 980 810 oi
999 755 1055 808 δὲ
1077 755 1237 811 αὐτὸν
1257 758 1367 819 τοῖς
1390 754 1666 827 πολεμίοις
1685 753 1845 825 iuui-

282 852 457 906 δοντο.

349 941 458 996 Kal
509 939 730 995 ἔδωκεν
776 940 995 1006 αὐτοὺς
1041 940 1129 1005 είς
1181 936 1515 1007 οῖκτιρμοὺς
1570 936 1849 991 ἐναντιον

283 1030 522 1085 πάντων
572 1029 690 1083 τῶν
735 1028 1347 1099 αὶχμαλωτευσάντων
1392 1029 1633 1093 αὐτούς.
1679 1026 1848 1081 Τοῦτό

286 1140 413 1194 φησι
444 1121 536 1176 διὰ
573 1121 757 1193 Κῦρον
785 1121 877 1175 τὸν
913 1120 1257 1174 ἀπολύσαντα
1299 1120 1495 1183 αὐτοὺς
1522 1118 1621 1189 τῆς
1648 1120 1849 1189 αἰχμα-

283 1214 503 1277 λωσίας,
542 1214 637 1266 καὶ
657 1215 878 1285 Δαρεῖον
909 1212 1002 1266 καὶ
1031 1210 1407 1282 Ἀρταξέρξην,
1436 1210 1561 1274 τοὺς
1595 1211 1691 1264 καὶ
1721 1210 1850 1281 χρή·

288 1320 428 1376 ματα
455 1303 644 1367 δόντας
670 1305 751 1367 είς
782 1304 880 1375 τὴν
903 1303 1185 1374 οἰκοδομὴν
1214 1302 1308 1356 τοῦ
1335 1300 1484 1357 ναοῦ.

806 1397 1173 1463 mansueta.
1207 1397 1348 1461 Pq'.

364 1485 847 1556 Ἐ’ξομολογεῖσθε
892 1485 972 1552 τῷ
1007 1486 1218 1555 Κυρίῳ,
1251 1484 1343 1539 ὅτι
1384 1484 1668 1554 χρηστός.
1697 1484 1853 1538 Μετὰ

286 1575 379 1649 τὴν
410 1576 681 1648 ἀποὸολὴν
712 1577 806 1630 τοῦ
843 1577 1107 1631 Ἰουδαίων
1134 1577 1263 1631 λαοῦ
1296 1578 1517 1643 εἰκότως
1536 1579 1633 1651 τὴν
1663 1578 1851 1650 κλῆσιν

287 1667 389 1721 τῶν
411 1666 580 1720 ἐθνῶν
604 1668 1017 1740 κατασημαίνει,
1039 1669 1139 1740 τὴν
1164 1669 1459 1741 γενομένην
1486 1670 1574 1725 διὰ
1599 1670 1706 1724 τῶν
1728 1671 1855 1723 ἀπο-

289 1760 507 1813 στόλων.
543 1759 635 1813 Διδ
667 1760 761 1814 καὶ
790 1762 955 1814 αἰνεῖν
983 1761 1307 1831 προστάττει
1328 1761 1418 1815 τὸν
1450 1762 1603 1827 Θεὸν,
1640 1761 1734 1817 καὶ
1768 1762 1855 1829 ἐξ·

286 1853 657 1925 ομολογεῖσθαι
688 1851 838 1923 αὐτῷ
863 1852 954 1905 ἐπὶ
979 1850 1056 1922 τῷ
1089 1852 1307 1923 μεγάλῳ
1330 1852 1491 1907 αὐτοῦ
1518 1853 1672 1924 ἐλέῳ.

366 1945 499 1999 Ἀπὸ
533 1942 843 1999 ἀνατολῶν
869 1942 970 1996 καί
994 1941 1261 2012 δυσμῶν,
1282 1942 1381 1997 καί
1398 1943 1592 2013 ,ϐορῤᾶ
1618 1944 1715 1998 καί
1753 1946 1853 1998 θα-

286 2036 549 2106 λάσσης.
585 2037 693 2089 Καὶ
719 2035 861 2098 τίνες
890 2036 952 2088 ὲκ
977 2034 1085 2089 τῶν
1106 2035 1381 2109 τεσσάρων
1408 2037 1505 2106 τῆς
1533 2035 1854 2108 οἰκουμένης

288 2129 565 2202 κλιμάτων
613 2128 965 2199 συναχθέντες
1006 2127 1040 2199 ἢ
1084 2129 1261 2182 πάντα
1292 2128 1360 2181 τά
1402 2126 1526 2200 ἔθνη
1575 2127 1645 2182 τὰ
1687 2129 1854 2183 πάλαι

286 2221 466 2293 ἔρημα
493 2220 800 2284 θεοσεὸείας
824 2217 1177 2289 τυγχάνοντα,
1204 2220 1298 2273 καὶ
1322 2219 1454 2289 μηδὲ
1476 2219 1674 2283 νοτίδος
1705 2219 1854 2283 Θείας

289 2311 677 2384 μεταλαϐόντα,
710 2310 822 2366 ἀλλ’
855 2313 912 2364 ὲν
943 2309 1121 2381 πολλῷ
1148 2311 1289 2381 δίψει
1312 2314 1675 2383 τυγχάνοντας

364 2402 532 2457 Ὀδύν
560 2406 792 2467 πόλεως
814 2401 1266 2469 κατοικητηρίου
1290 2404 1402 2472 οὐχ
1426 2399 1625 2471 εὗρον.
1651 2402 1725 2455 Οὐ
1747 2401 1855 2473 γὰρ

287 2487 352 2565 ἦν
384 2494 567 2557 αὐτοῖς
594 2492 837 2546 πολιτεία
857 2489 1370 2565 χρηστὴ,ἁλλ’ἦσαν
1389 2496 1447 2548 ὲν
1468 2494 1642 2566 πλάνῃ
1665 2493 1851 2566 πολλῇ.

353 2676 684 2742 Πεινῶντες
729 2675 828 2729 καί
877 2674 1189 2744 διψῶντες,
1238 2676 1277 2743 ἡ
1327 2675 1496 2745 ψυχὴ
1543 2676 1745 2731 αὐτῶν
1788 2679 1858 2731 ἐν

288 2765 491 2833 αὐτοῖς
526 2764 858 2833 ἐξέλειπεν.
890 2764 1024 2819 οὐδὲ
1048 2765 1158 2835 γὰρ
1187 2759 1329 2835 εἶχον
1356 2765 1517 2837 ἄρτον
1545 2766 1638 2818 τὸν
1672 2767 1859 2838 στηρί-

290 2859 450 2921 ζοντα
476 2856 704 2929 καρδίαν
735 2856 1017 2928 ἀνθρώπου
1038 2874 1052 2888 ’
1083 2856 1283 2910 οὐδὲτὸ
1313 2856 1454 2929 ὕδωρ
1479 2858 1541 2911 τὸ
1566 2856 1691 2923 ζῶν,
1730 2859 1858 2930 περὶ

289 2943 350 3001 οἷ)
375 2949 654 3003 λέλεκται·
691 2948 745 3001 Ὀ
772 2948 962 3001 πίνων
987 2948 1055 3002 ἐκ
1085 2947 1192 3002 τοῦ
1214 2947 1432 3014 ὕδατος
1451 2943 1524 3004 οὗ
1544 2947 1660 3019 ἐγὼ
1685 2947 1857 3004 δώσω

286 3038 470 3105 αὐτῷ,
503 3040 577 3093 οὐ
598 3037 685 3108 μὴ
712 3038 960 3108 διψήσει
989 3040 1078 3105 είς
1096 3037 1205 3093 τὸν
1234 3037 1439 3093 αἰῶνα.

359 3132 470 3230 καὶ
507 3130 823 3230 οἶκῖήγησεν
869 3131 1090 3230 αὐτοὺς
1141 3133 1230 3196 εις
1277 3130 1420 3187 ὁδὸν
1464 3130 1718 3188 εὐθεῖαν.
1748 3130 1858 3203 Τὴν
1884 3171 1927 3230 c

291 3223 368 3287 εἰς
413 3223 607 3278 ἑαυτὸν
660 3223 841 3276 πίστιν
868 3223 1086 3295 δηλαδή.
1111 3223 1281 3288 Αὐτὸς
1311 3223 1419 3294 γὰρ
1451 3223 1637 3291 ἔλεγεν
1657 3242 1669 3255 ·
1712 3223 1860 3293 Ἐγώ

290 3314 405 3383 sip:
437 3314 478 3382 ἡ
508 3313 667 3379 ὁδός.
709 3313 819 3367 Τοῦ
845 3313 1212 3383 πορευθῆναι
1238 3316 1326 3381 είς
1369 3316 1553 3369 πόλιν
1583 3331 1858 3383 κατοικη-

292 3404 518 3470 τηρίου.
568 3400 678 3472 Τὴν
723 3402 1048 3474 Ἐκκλησίαν
1098 3403 1280 3473 φησιν,
1328 3403 1363 3474 ἢ
1397 3403 1496 3475 τὴν
1541 3404 1861 3476 ἐπουράνιον

305 3493 617 3565 Ἰερουσαλή
627 3511 686 3564 μ.

373 3582 1062 3655 Ἐξομολογησάσθωσαν
1111 3582 1191 3649 τῷ
1226 3586 1422 3652 Κυρίῳ
1461 3584 1535 3639 τὰ
1576 3583 1717 3652 sua
1753 3586 1862 3638 ab-

296 3675 466 3731 τοῦ...
502 3675 592 3728 ὅτι
624 3676 912 3744 ἐχόρτασε
935 3675 1148 3745 ψυχὴν
1179 3676 1381 3741 κενήν.
1423 3676 1534 3729 Καὶ
1571 3676 1656 3740 τίς
1682 3676 1862 3747 ἐκείνη

297 3769 330 3838 ἡ
360 3767 527 3837 ψυχὴ,
553 3765 587 3837 ἢ
613 3767 835 3843 ἐκείνων
864 3766 993 3836 περὶ
1015 3760 1090 3819 ὧν
1120 3765 1363 3820 λέλεκται
1383 3782 1396 3796 ·
1420 3765 1748 3832 Πεινῶντες
1766 3766 1863 3819 καί

294 3857 609 3926 διψῶντες,
648 3858 687 3926 ἡ
716 3858 886 3925 ψυχὴ
913 3855 1110 3910 αὐτῶν
1149 3857 1219 3910 ἐν
1268 3856 1469 3923 αὐτοῖς
1514 3856 1824 3920 ἐξέλειπεν
1845 3873 1865 3921 ;

296 3949 401 4002 Καὶ
459 3946 675 4016 ψυχὴν
717 3948 1018 4002 πεινῶσαν
1062 3944 1403 4013 ἐνέπλησεν
1451 3944 1705 4013 ἀγαθῶν.
1758 3944 1866 3997 Τοῦ

298 4038 488 4110 νοητοῦ
522 4040 688 4110 ἄρτου
712 4036 976 4108 δηλονότι.
1740 4094 1743 4095 ν

364 4131 749 4201 Καθημένους
776 4131 846 4184 ἐν
869 4130 1071 4182 σκότει
1098 4129 1197 4182 καὶ
1225 4127 1371 4197 σκιᾷ
1406 4128 1685 4183 θανάτου.
1704 4128 1868 4182 Σκιὰν

299 4221 529 4276 θανάτου
557 4223 656 4274 οὐκ
702 4221 767 4274 ἂν
804 4220 1068 4290 ἁμάρτοις
1103 4221 1278 4290 λέγων
1305 4220 1404 4292 τὴν
1430 4219 1871 4291 είδωλολατρείαν

298 4315 392 4369 καὶ
421 4314 522 4378 τὰς
547 4315 605 4367 ὲν
637 4312 887 4383 ἀθεότητι
915 4312 1174 4383 πράξεις·
1206 4304 1367 4366 αὗται
1393 4312 1502 4382 γάρ
1524 4313 1663 4365 εἰσιν
1680 4313 1735 4365 at
1765 4328 1872 4382 χω-

301 4403 546 4477 ρίζουσαι
592 4406 737 4475 ἡμᾶς
782 4405 880 4475 τῆς
926 4403 1179 4475 ἀληθινῆς
1228 4402 1499 4472 ζωῆς.Ἐν
1546 4400 1772 4464 ταύταις
1814 4400 1872 4454 δὲ

1940 589 2066 643 gare
2084 574 2222 643 ﬁlios
2243 583 2358 629 tuos
2392 574 2473 627 "7
2494 572 2630 629 lllud
2660 583 2876 629 autem:
2904 572 2973 628 Et
3008 573 3283 628 humiliati
3299 590 3417 629 sun.
3446 580 3503 628 in

1942 667 2308 736 iniquitatibus
2335 668 2469 733 suis,
2506 666 2586 719 illi
2632 684 2647 720 :
2695 664 2767 719 Et
2812 664 3059 721 noluistis
3085 665 3153 719 ".
3187 664 3326 721 Cum
3357 666 3509 721 enim

1944 758 2354 828 castigationem
2411 757 2753 822 immisisset,
2810 772 3031 812 rursum
3077 755 3509 812 misericorditer

1944 863 2068 905 cum
2099 848 2208 903 illis
2241 848 2455 919 agebat,
2484 847 2586 918 ipsi
2617 862 2746 901 vero
2765 846 2991 902 adversa
3021 846 3421 901 retribuebant.
3526 861 3535 921 ι

2014 940 2103 996 46.
2138 940 2205 994 Et
2232 941 2376 995 dedit
2403 956 2489 995 eos
2506 941 2560 993 in
2591 938 2983 993 misericordias
3017 938 3070 991 in
3094 945 3371 1007 conspectu
3387 951 3505 990 om-

1947 1034 2090 1087 nium
2121 1034 2209 1103 qui
2239 1041 2479 1102 ceperant
2503 1030 2745 1086 eos.lioc
2790 1031 2867 1086 ait
2904 1040 3123 1100 propter
3151 1028 3377 1100 Cyrum,
3410 1029 3507 1099 qui

1947 1124 2154 1180 dimisit
2178 1138 2273 1180 eos
2294 1139 2361 1179 ex
2386 1124 2721 1195 captivitate,
2752 1130 2804 1179 et
2831 1121 3053 1177 Darium
3086 1121 3511 1178 etArtaxerxem

1948 1215 2042 1284 qui
2078 1214 2334 1284 pecunias
2364 1222 2655 1285 erogaruut
2686 1212 2754 1268 ad
2787 1212 3252 1269 constructionem
3294 1211 3511 1282 templi.

2511 1395 2767 1450 Alleluia.
2796 1393 2835 1449 C
2850 1392 2947 1448 VI.

2023 1488 2137 1543 1-2.
2169 1485 2501 1557 Conﬁtemini
2531 1485 2757 1540 Domino
2771 1485 3017 1557 quoniam
3039 1483 3229 1537 bonus.
3250 1480 3383 1537 Post
3413 1480 3513 1536 ab-

1948 1579 2241 1651 jectionem
2296 1577 2509 1634 Judaici
2556 1577 2772 1648 populi,
2838 1583 3141 1646 opportune
3170 1575 3514 1629 vocationem

1951 1670 2191 1742 gentium
2244 1685 2341 1739 per
2409 1668 2682 1738 apostolos
2735 1665 2935 1722 factam
3011 1665 3274 1720 declarat.
3329 1661 3514 1728 Quare
3563 1694 3566 1697 λ

1949 1763 2104 1833 jubet
2140 1762 2364 1816 laudare
2396 1760 2563 1815 Deum
2608 1769 2663 1815 et
2719 1757 2967 1814 conﬁteri
3016 1757 3092 1812 illi
3124 1757 3195 1811 ob
3250 1769 3509 1825 magnam

1956 1856 2128 1927 ipsius
2157 1852 2612 1909 misericordiam.
3447 1863 3451 1866 ·

2021 1948 2076 2002 5.
2118 1946 2152 1999 Α
2182 1946 2308 1999 satis
2333 1955 2454 1999 ortu
2483 1952 2533 1998 et
2587 1959 2799 2007 occasu,
2855 1941 2919 1995 ab
2971 1941 3214 2013 aquilone
3269 1948 3319 1995 et
3343 1940 3504 1993 mari.

1954 2038 2256 2109 Ecquinam
2316 2052 2382 2093 ex
2434 2043 2671 2107 quatuor
2711 2043 2871 2090 terra:
2903 2034 3164 2089 lateribus
3203 2030 3517 2104 congregati

1955 2140 2083 2188 sunt
2110 2130 2217 2185 nisi
2242 2144 2433 2185 omnes
2457 2134 2665 2199 gentes,
2697 2142 2821 2198 qua:
2877 2126 3009 2182 olim
3052 2125 3254 2196 pietate
3294 2133 3349 2179 et
3378 2124 3513 2181 reli-

1954 2226 2111 2294 gione
2137 2238 2319 2279 vacuae
2363 2228 2539 2288 erant,
2579 2229 2633 2276 et
2669 2235 2739 2275 ne
2794 2218 2991 2274 stillam
3021 2218 3241 2288 quidem
3270 2217 3514 2273 divinam

1956 2314 2305 2384 accipientes,
2330 2311 2424 2372 sed
2444 2310 2650 2380 ingenti
2674 2309 2764 2365 siti
2787 2307 3034 2364 albiclae?

2024 2405 2079 2458 ι.
2119 2402 2272 2457 Viam
2300 2402 2533 2456 civitatis
2566 2400 2859 2454 habitaculi
2884 2414 2988 2453 non
3033 2400 3300 2453 inuenerit!
3314 2405 3355 2452 t.
3398 2395 3523 2452 Eon

1953 2506 2072 2553 erat
2095 2496 2175 2552 eis
2207 2497 2496 2555 honestum
2525 2494 2839 2549 institutum
2892 2491 3038 2557 vitae,
3078 2491 3174 2546 sed
3218 2505 3415 2561 magno
3458 2489 3519 2543 in

1954 2606 2139 2647 errore
2168 2588 2546 2645 versabantur.

2029 2682 2080 2738 5.
2114 2680 2417 2735 Esurientes
2442 2687 2493 2732 et
2542 2678 2797 2740 sitientes,
2827 2675 3009 2728 anima
3069 2689 3251 2728 eorum
3285 2674 3342 2728 in
3388 2674 3525 2743 ipsis

1956 2775 2165 2845 defecit.
2187 2771 2375 2842 Neque
2399 2770 2545 2826 enim
2580 2767 2851 2823 habebant
2882 2782 3076 2836 panem
3109 2764 3525 2822 conﬁrmantem

1955 2879 2053 2919 cor
2075 2862 2348 2918 hominis:
2378 2873 2554 2928 neque
2585 2871 2785 2927 aquam
2839 2857 3013 2911 vivam
3059 2856 3128 2910 de
3152 2871 3261 2925 qua
3305 2856 3517 2912 dictum

1956 2961 2072 3007 est:
2103 2951 2208 3016 Qui
2237 2949 2369 3004 bibit
2390 2964 2455 3003 ea:
2488 2963 2624 3018 aqua
2674 2962 2832 3017 quam
2878 2963 2972 3017 ego
3016 2946 3152 3001 dabo
3182 2948 3253 3012 ei,
3300 2964 3406 3004 non
3448 2950 3528 3004 si-

1958 3042 2052 3094 tiet
2074 3040 2132 3094 in
2162 3046 2415 3094 ceternum
2459 3037 2526 3091 "’.

2031 3131 2084 3189 7.
2117 3130 2187 3187 Et
2212 3130 2431 3187 deduxit
2452 3145 2542 3187 eos
2575 3131 2629 3186 in
2655 3131 2795 3186 viam
2822 3137 3043 3186 rectam.
3072 3128 3260 3187 Fidem
3309 3129 3526 3188 scilicet

1960 3224 2015 3278 in
2047 3223 2249 3293 ipsum.
2288 3223 2409 3293 Ipse
2448 3237 2687 3292 namque
2727 3221 2894 3276 dixit:
2932 3220 3042 3291 Ego
3074 3237 3193 3275 sum
3233 3222 3321 3275 aia
3348 3220 3414 3273 ³⁸.
3451 3219 3525 3276 Ut

1957 3316 2094 3370 irent
2117 3317 2173 3369 in
2199 3316 2462 3368 ciuitatem
2486 3312 2855 3369 habitationis.
2891 3311 3191 3368 Ecclesiam
3229 3310 3399 3379 dicit,
3431 3321 3527 3367 aut

1958 3411 2232 3462 caelestem
2263 3405 2588 3462 Jerusalem.

2030 3587 2148 3643 8-9.
2174 3585 2539 3657 Conﬁteantttr
2563 3585 2785 3639 Domino
2802 3584 3180 3639 misericordia:
3191 3599 3377 3654 ejus...
3402 3584 3531 3655 quia

1961 3683 2175 3736 satiavit
2205 3685 2442 3734 animam
2471 3682 2702 3733 inanem.
2744 3677 3005 3745 Quanam
3051 3677 3147 3731 illa
3178 3678 3388 3739 anima,
3418 3677 3530 3733 nisi

1961 3788 2147 3829 eorum
2173 3772 2242 3827 de
2267 3772 2468 3840 quibus
2490 3770 2696 3825 dictum
2722 3778 2839 3824 est:
2864 3768 3174 3823 Esurientes
3208 3777 3260 3822 et
3292 3769 3533 3823 sitientes

1965 3866 2144 3918 anima
2181 3878 2362 3917 eorum
2378 3863 2431 3914 in
2460 3862 2592 3930 ipsis
2615 3859 2845 3929 defecit?
2867 3857 2936 3912 Et
2963 3860 3197 3912 animam
3217 3858 3531 3912 esurientem

1965 3957 2176 4012 satiavit
2204 3955 2373 4020 bonis,
2403 3951 2674 4023 spirituali
2697 3950 2951 4004 videlicet
2991 3962 3154 4017 pane.

2054 4125 2141 4179 10.
2175 4121 2418 4177 Sedentes
2464 4122 2521 4175 in
2574 4120 2795 4174 tenebris
2824 4127 2873 4172 et
2919 4116 3108 4171 umbra
3144 4117 3351 4171 mortis.
3400 4113 3534 4172 Um-

1968 4216 2121 4273 bram
2156 4214 2350 4269 mortis
2366 4213 2413 4268 si
2441 4211 2592 4267 dicas
2620 4225 2739 4266 esse
2763 4208 3124 4265 idololatriam
3171 4215 3225 4263 et
3279 4207 3531 4278 impieta-

1969 4312 2040 4366 tis
2074 4322 2277 4378 opera,
2320 4318 2664 4375 nequaquam
2723 4317 2754 4356 a
2800 4314 2933 4356 vero
2991 4299 3350 4355 aberraveris.
3400 4298 3536 4368 Ipsae

1970 4414 2207 4470 namque
2230 4406 2360 4454 sunt
2391 4411 2513 4465 quae
2542 4407 2642 4448 nos
2672 4402 2927 4462 separant
2953 4407 2984 4446 a
3018 4406 3146 4447 vera
3174 4392 3307 4446 vita.
3334 4389 3391 4445 In
3420 4391 3535 4446 his-

300 4493 439 4567 ἦμεν
471 4495 753 4569 πρότερον,
780 4494 868 4547 διὰ
899 4494 960 4547 τὸ
998 4493 1451 4565 παραπικραίνειν
1479 4494 1570 4547 τὸν
1599 4492 1752 4558 Θεὸν,
1780 4492 1862 4547 xui

1973 4509 2035 4549 ce
2060 4491 2411 4547 versabamur
2447 4489 2620 4557 prius,
2656 4486 2784 4556 quia
2834 4483 3297 4540 exacerbabamus
3340 4483 3533 4548 Deum,

302 4588 395 4658 τὴν
434 4587 627 4658 βουλὴν
658 4586 751 4639 τοῦ
767 4585 1018 4655 Ὑψίστου
1048 4585 1387 4657 παροξύνειν.
1414 4585 1542 4638 Δέον
1562 4583 1670 4657 γὰρ
1694 4585 1758 4637 ὲκ
1784 4599 1874 4654 μευ

302 4680 493 4745 γέθονς
518 4678 611 4732 καὶ
635 4677 894 4748 καλλονῆς
916 4677 1226 4747 κτισμάτων
1250 4676 1338 4728 τὸν
1371 4674 1744 4746 γενεσιουργὸν
1764 4673 1872 4727 τῶν

302 4770 435 4824 ὅλων
467 4770 710 4842 θεωρεῖν,
741 4771 836 4823 καὶ
857 4770 958 4841 τὴν
986 4768 1155 4823 ἀΐδιον
1183 4767 1346 4820 αὐτοῦ
1369 4766 1598 4838 δύναμιν
1621 4766 1715 4821 καὶ
1741 4764 1877 4819 θειό-

305 4880 439 4934 τητα
485 4862 594 4917 ἀπὸ
649 4862 879 4924 κτίσεως
912 4860 1118 4930 κόσμου
1146 4861 1318 4910 νοεῖν·
1345 4858 1503 4927 ἡμεῖς
1542 4852 1629 4909 οἷα
1662 4855 1872 4924 τυφλοὶ,

307 4955 361 5007 ὲν
390 4954 568 5025 σκότῳ
599 4955 692 5008 καὶ
720 4955 847 5025 σκιᾷ
879 4953 1106 5008 θανάτου
1137 4951 1435 5019 διάγοντες,
1464 4949 1557 5003 καὶ
1598 4949 1698 5014 τὰς
1732 4950 1875 5018 λογι-

309 5049 406 5112 κᾶς
429 5049 528 5119 τῆς
565 5047 741 5118 ψυχῆς
785 5045 1041 5116 δυνάμεις
1071 5042 1430 5113 πεπεδημένοι
1476 5042 1567 5095 καὶ
1615 5058 1876 5112 πεπηρω-

313 5139 476 5210 μένοι,
505 5139 903 5210 ὲνηλλάττομεν
930 5136 1027 5207 τὴν
1051 5135 1207 5200 δόξαν
1231 5133 1324 5187 τοῦ
1353 5133 1627 5204 ἀφθάρτου
1657 5133 1789 5187 Θεοῦ
1817 5134 1875 5188 ὲν

308 5232 605 5301 ὁμοιώματι
635 5231 843 5288 εἰκόνος
880 5227 1120 5299 φθαρτοῦ
1151 5224 1460 5295 ἀνθρώπου,
1497 5227 1588 5280 καὶ
1614 5228 1875 5280 πετεινῶν

310 5321 397 5372 καὶ
443 5319 810 5391 τετραπόδων.
839 5316 1293 5385 Πεπεδημένους
1351 5316 1422 5369 ἐν
1470 5316 1729 5385 πτωχείᾳ
1776 5317 1875 5370 καὶ

310 5409 542 5481 σιδήρῳ.
574 5413 709 5475 Ταῖς
758 5411 961 5481 σειραῖς
1004 5408 1109 5462 τῶν
1152 5408 1296 5461 ίδίων
1340 5408 1623 5479 ἁμαρτιῶν
1648 5408 1878 5474 ἕκαστος

314 5504 614 5573 σφίγγεται,
644 5503 846 5565 παντὸς
873 5501 1163 5571 πτωχεύων
1193 5499 1398 5568 ἀγαθοῦ
1434 5501 1527 5554 καὶ
1554 5501 1742 5556 καλοῦ.

370 5791 417 5825 ’⁸
437 5791 570 5849 Luc.
600 5806 730 5853 xm,
757 5789 846 5844 54.

1973 4593 2024 4639 et
2047 4581 2334 4638 consilium
2383 4578 2646 4634 Altissimi
2702 4576 3073 4632 irritabamus.
3126 4573 3351 4644 Oportet
3378 4573 3527 4629 enim

1972 4687 2040 4727 ex
2062 4668 2431 4741 magnitudine
2454 4676 2511 4721 et
2534 4665 2941 4736 pulchritudine
2981 4671 3381 4726 creaturarum,
3409 4662 3534 4717 uni-

1974 4777 2258 4818 versorum
2310 4760 2562 4830 opiﬁcem
2613 4756 2991 4827 contemplari,
3042 4763 3096 4811 et
3146 4756 3534 4826 sempiternam

1972 4857 2091 4927 ejus
2112 4856 2368 4911 virtutem
2391 4868 2457 4909 ac
2487 4852 2826 4907 divinitatem
2866 4866 2900 4905 a
2927 4860 3179 4906 creatura
3210 4850 3399 4905 mundi
3445 4850 3535 4904 in-

1979 4948 2243 5018 telligere.
2301 4944 2416 5002 Nos
2452 4953 2638 5014 utpote
2689 4944 2819 4999 caeci
2865 4943 2920 4998 in
2965 4944 3205 4999 tenebris
3244 4951 3298 4998 et
3340 4943 3536 4996 umbra

1980 5039 2174 5095 mortis
2202 5039 2484 5108 degentes,
2517 5044 2571 5090 et
2588 5034 2937 5091 facultatibus
2959 5036 3155 5089 animae
3176 5033 3535 5088 rationalibus

1979 5130 2255 5202 praepediti
2287 5138 2342 5184 et
2392 5127 2668 5192 obdurati,
2711 5126 3124 5180 immutavimus
3168 5123 3397 5195 gloriam
3450 5123 3537 5175 in-

1982 5220 2352 5291 corruptibilis
2380 5218 2497 5287 Dei,
2526 5219 2582 5273 in
2613 5219 3027 5274 similitudinem
3056 5215 3311 5284 imaginis
3359 5214 3536 5268 homi-

1980 5314 2070 5368 nis
2097 5311 2468 5381 corruptibilis
2527 5318 2581 5365 et
2608 5310 2947 5374 volntilium,
2981 5316 3037 5363 et
3097 5305 3529 5375 quadrupedum.

1992 5402 2205 5458 Vinctos
2238 5402 2294 5454 in
2326 5401 2666 5455 mendicitate
2708 5409 2758 5455 et
2812 5400 2974 5469 ferro.
3009 5395 3231 5453 Catenis
3288 5396 3537 5466 proprioo

1982 5509 2104 5548 rum
2135 5500 2480 5562 peccatorum
2522 5490 2898 5560 unusquisque
2922 5484 3338 5557 constringitur,
3378 5486 3542 5558 inope

1983 5598 2161 5640 omnis
2188 5582 2320 5639 boni
2342 5591 2397 5639 et
2443 5583 2678 5639 honesti.

924 5791 970 5822 "
998 5790 1128 5845 ibid.
1199 5790 1245 5823 ’⁷
1278 5788 1436 5844 Joan.
1479 5803 1550 5853 tv,
1587 5787 1672 5841 15.
1761 5786 1807 5820 ’⁸
1828 5782 1986 5841 Joan.
2016 5801 2125 5854 xn',
2150 5783 2201 5839 6.
