3946 6222
407 381 511 438 ιόἰ

480 499 566 552 Η.
610 495 749 561 Quia
796 501 1229 550 exacerbaverunt
1292 493 1498 562 eloquia
1557 492 1676 545 Dei.
1724 489 1971 543 Divinam
2002 495 2049 551 Α

411 594 582 662 legam
612 591 918 644 nullatenus
945 588 1312 650 admittentes,
1343 588 1438 639 sed
1485 585 1824 654 sapientibus
1875 585 1976 636 ltu-

409 685 496 752 jus
519 682 702 736 saaculi
726 696 848 736 sese
883 678 1244 732 instituendos
1278 674 1652 730 tradentes.Et
1697 674 1977 727 consilium

413 773 678 826 Altissimi
739 773 1104 824 irritaverant.
1159 768 1441 833 Quodnam
1502 776 1619 820 erat
1691 766 1976 820 consilium

411 860 705 925 Altissimi,
742 859 847 913 nisi
885 857 1030 927 quod
1075 857 1202 910 velit
1237 856 1352 925 ipse
1387 871 1561 908 omnes
1586 855 1818 908 homines
1863 853 1977 907 sal-

411 969 499 1005 vos
515 952 652 1019 ﬁeri,
674 960 722 1003 et
748 950 815 1002 ad
833 950 1150 1018 agnitionem
1173 949 1406 1000 veritatis
1431 948 1600 1000 venire
1618 946 1699 998 9°?

1285 377 1339 432 S.
1383 375 1754 431 ATHA'NASII
1789 374 1938 430 OPP.
1979 373 2158 428 PARS
2197 372 2284 428 Ill.
2328 404 2398 414 —-
2434 370 2843 428 EXEGETICA.

3532 368 3638 427 452

2149 491 2275 542 Ὅτι
2304 463 2749 555 παρεπίκραναν
2789 486 2861 538 τὰ
2907 487 3079 554 λόγια
3120 487 3431 538 τού-η’Θεου.
3473 485 3645 538 Οὐδα-

2083 580 2196 651 μῶς
2220 580 2310 633 τὸν
2337 579 2476 632 θεῖον
2504 579 2928 648 παραδεχόμενοι
2959 579 3138 647 νόμον,
3169 577 3304 630 ἀλλὰ
3323 579 3434 640 τοῖς
3458 581 3642 646 σοφοῖς

2078 672 2169 725 τοῦ
2221 672 2413 733 αἰῶνος
2464 669 2650 722 τούτου
2700 670 3060 740 προνέμοντες
3103 666 3344 730 ἑαυτούς.
3381 667 3488 720 Καὶ
3529 667 3642 734 τὴν

2073 762 2314 828 βουλὴν
2349 760 2454 813 τοῦ
2501 760 2777 826 Ὑψίστου
2815 757 3191 825 παρώξυναν.
3222 757 3331 810 Καὶ
3364 757 3489 809 ποία
3514 753 3581 828 ἦν
3605 760 3639 828 ή

2080 853 2239 925 βουλὴ
2271 852 2362 904 τοῦ
2411 851 2683 918 Ὑψίστου,
2707 851 2740 921 ἢ
2767 851 2827 902 τὸ
2861 850 3031 902 θέλειν
3067 848 3227 901 αὑτὸν
3264 847 3490 913 πάντας
3534 850 3640 902 ἀν-

2078 939 2346 1011 θρώπους
2389 939 2690 1003 σώζεσθαι,
2732 938 2830 992 καὶ
2875 941 2962 1005 εὶς
3004 938 3327 1007 ἐπίγνωσιν
3361 939 3642 1005 ἀληθείας

1977 1027 1982 1038 ’
2077 1031 2274 1086 ἐλθεῖν
2290 1049 2309 1095 ;

485 1129 568 1181 19..
598 1127 862 1198 Inﬁrmati
884 1136 1027 1192 sunt,
1061 1143 1150 1180 nec
1173 1127 1275 1196 fuit
1321 1127 1411 1196 qui
1463 1125 1759 1194 adjuvaret.
1808 1122 1980 1178 Nemo

410 1220 554 1272 enim
577 1227 784 1288 poterat
811 1229 1096 1289 peccatum
1125 1220 1431 1273 destruere.

484 1309 573 1362 15.
619 1309 685 1360 Et
735 1310 800 1362 de
851 1309 1251 1363 necessitatibus
1315 1325 1495 1362 eorum
1558 1307 1804 1360 liberavit
1865 1323 1976 1360 eos.

411 1399 737 1469 Ecqueenam
775 1401 946 1468 major
970 1400 1287 1464 necessitas,
1323 1414 1486 1468 quam
1540 1407 1600 1452 ut
1654 1399 1778 1468 quis
1818 1399 1979 1452 mali-

411 1507 641 1560 gnorum
681 1492 967 1560 spirituum
997 1508 1186 1546 servus
1221 1492 1313 1556 sit,
1343 1493 1395 1544 in
1420 1491 1726 1561 ignorantia
1757 1490 1976 1557 mentis,

411 1584 581 1637 animi
607 1583 973 1647 mendicitate,
998 1591 1052 1638 et
1077 1591 1396 1652 paupertate
1444 1598 1541 1652 per
1593 1582 1853 1636 malitiam
1891 1583 1979 1635 in-

411 1675 575 1730 ducta
595 1676 621 1728 ?

483 1765 569 1821 14.
601 1765 669 1818 Et
707 1766 914 1820 vincula
951 1783 1132 1819 eorum
1190 1766 1432 1826 disrupit.
1497 1762 1652 1830 Illud,
1709 1763 1963 1833 disrapit,

409 1857 741 1924 repentinam
775 1857 974 1923 peccati
999 1855 1421 1909 destructionem
1455 1854 1677 1908 indicat.

484 1948 666 2002 15-16.
728 1946 1096 2016 Conﬁteantur
1149 1947 1374 2000 Domino
1426 1946 1800 2001 misericordia
1838 1945 1971 2014 ejus.

410 2039 608 2093 Eadem
641 2040 754 2107 ipsa
789 2040 855 2094 de
885 2039 1158 2093 beneﬁciis
1187 2039 1306 2106 ejus
1335 2039 1543 2108 repetit.
1567 2038 1705 2103 Quia
1733 2037 1976 2091 contrivit

408 2140 590 2200 portas
620 2147 802 2185 cereas.
867 2129 1196 2184 Descensum
1236 2127 1532 2183 Salvatoris
1575 2129 1641 2183 ad
1699 2127 1975 2183 infernum

410 2217 712 2286 signiﬁcat,
783 2231 893 2286 quo
925 2233 1046 2271 cum
1102 2217 1467 2286 pervenisset,
1537 2227 1722 2286 portas
1778 2216 1976 2271 interni

409 2309 643 2378 aperuit,
679 2308 808 2360 olim
837 2309 1071 2361 vinculis
1098 2308 1504 2369 insolubilibus,
1541 2307 1796 2361 omnibus
1828 2308 1976 2361 clau-

411 2411 518 2450 sas.
565 2395 680 2448 Non
708 2397 854 2450 enim
910 2396 1143 2450 facultas
1182 2406 1299 2450 erat
1330 2396 1639 2451 volentibus
1703 2405 1977 2466 retrogre-

410 2485 462 2537 di
496 2502 510 2547 ;
541 2485 632 2539 sed
671 2485 785 2552 ipse
814 2484 951 2538 dixit
971 2486 1036 2539 iis
1064 2487 1150 2553 qui
1182 2485 1342 2537 evincti
1387 2493 1548 2538 sunt:
1593 2483 1767 2545 Exite.
1820 2499 1870 2539 et
1902 2487 1972 2539 iis

410 2578 500 2646 qui
531 2579 586 2629 in
623 2577 842 2630 tenebris
866 2593 884 2630 :
909 2576 1227 2630 Revelamini
1254 2577 1293 2630 ί.

484 2665 570 2719 18.
611 2665 830 2720 Omnem
856 2682 1032 2719 escam
1064 2665 1371 2719 abominata
1399 2675 1477 2720 est
1529 2668 1709 2720 anima
1771 2682 1973 2720 eorum.

411 2757 530 2811 Non
553 2758 695 2810 enim
719 2759 907 2811 aderat
934 2757 1160 2811 verbum
1193 2756 1342 2826 quod
1375 2767 1560 2826 posset
1592 2774 1684 2813 eos
1713 2759 1973 2814 enutrirc.

411 2845 590 2901 Portae
621 2856 800 2901 autem
830 2848 1024 2902 mortis
1060 2857 1186 2902 sunt
1212 2859 1432 2918 peccata
1479 2864 1600 2918 quae
1627 2849 1694 2904 ad
1745 2859 1976 2904 mortem

412 2940 642 2993 ducunt.

483 3029 570 3083 2‘2.
597 3029 664 3084 Et
687 3031 983 3101 sacriﬁcent
1011 3033 1060 3086 ei
1073 3033 1396 3101 sacri/icium
1427 3033 1621 3088 laudis.
1647 3033 1726 3089 Ad
1757 3044 1976 3090 sanctos

412 3122 686 3190 apostolos
719 3137 1024 3178 sermonem
1057 3111 1365 3188 convertit;
1407 3125 1510 3193 ipsi
1562 3140 1798 3194 namque
1850 3133 1979 3179 sunt

412 3213 506 3281 qui
540 3215 797 3282 mysteria
851 3213 987 3269 Novi
1018 3213 1351 3270 Testamenti
1406 3217 1562 3272 nobis
1615 3217 1974 3272 tradiderunt.

483 3384 570 3438 33.
604 3383 788 3437 Posuit
810 3384 1032 3452 ﬂumina
1067 3387 1120 3439 in
1143 3388 1430 3443 desertum.
1483 3386 1792 3442 Iudaeorum
1828 3389 1982 3443 volu-

411 3473 521 3529 bile
549 3490 613 3528 ac
645 3475 950 3542 improbum
980 3492 1148 3546 genus
1177 3477 1328 3531 dicit.
1368 3476 1504 3531 Nam
1565 3494 1660 3534 eos
1706 3480 1797 3549 qui
1851 3481 1979 3534 olim

414 3561 558 3617 fame
586 3563 957 3629 tabescebant,
991 3573 1045 3620 et
1082 3566 1348 3634 spirituali
1386 3567 1509 3621 cibo
1543 3577 1764 3636 egentes
1793 3578 1976 3637 erant,

411 3663 635 3724 prOpter
663 3671 728 3710 ea
754 3656 978 3710 ﬂumina
1008 3658 1318 3712 collocavit.

486 3747 576 3802 54.
614 3747 829 3801 Terram
852 3748 1183 3816 fructiferam
1211 3752 1266 3804 in
1292 3751 1631 3821 salsuginem.
1660 3750 1976 3807 Iudaeorum

413 3850 743 3904 synagogam
773 3836 968 3905 inquit.
1008 3836 1178 3892 Erant
1218 3839 1490 3896 diemones
1517 3841 1850 3897 habitatores
1882 3851 1983 3896 ter-

411 3939 560 3978 renae
585 3925 839 3990 civitatis,
874 3941 1034 3994 quem
1061 3925 1300 3981 fructum
1330 3929 1578 3998 impietas
1609 3930 1832 3987 ferebat.
1849 3931 1980 3986 Eam

411 4023 591 4068 autem
634 4015 982 4069 exsiccarunt
1025 4016 1124 4085 ipsi
1169 4019 1400 4086 apostoli
1444 4021 1555 4074 sale
1606 4021 1886 4089 doctrinas,
1915 4023 1982 4078 de

411 4104 611 4172 quibus
643 4105 719 4158 ait
745 4121 759 4157 :
800 4103 901 4158 Vos
921 4107 1045 4160 estis
1078 4105 1161 4160 sal
1190 4110 1404 4163 terra”.

485 4292 580 4346 55.
620 4293 806 4348 Posuit
827 4296 1090 4349 desertum
1113 4300 1169 4351 in
1192 4310 1382 4368 stagna
1409 4317 1685 4370 aquarum.
1715 4302 1980 4373 Populum

415 4383 667 4453 gentilem
717 4385 1014 4454 signiﬁcat,
1050 4403 1175 4440 nam
1214 4391 1502 4445 commista
1543 4404 1627 4447 est
1674 4395 1978 4463 prophetia,

2163 1121 2544 1189 Ἠσθένησαν,
2577 1119 2675 1173 καὶ
2705 1122 2814 1173 οὐκ
2841 1115 2919 1190 ἦν
2941 1122 2972 1174 ὀ
2991 1119 3250 1187 βοηθῶν.
3271 1119 3345 1172 Οὐ
3365 1117 3471 1191 γὰρ
3493 1118 3642 1189 ἴσχυέ

2077 1232 2159 1277 τις
2188 1215 2284 1284 τῆς
2311 1214 2581 1285 ἁμαρτίας
2611 1212 2940 1284 ποιήσασθαι
2973 1212 3072 1281 τὴν
3096 1212 3396 1282 ἀναίρεσιν.

2146 1307 2254 1358 Καὶ
2304 1306 2371 1358 ἐκ
2412 1305 2529 1358 τῶν
2560 1303 2836 1374 ἀναγκῶν
2876 1304 3071 1357 αὐτῶν
3115 1303 3350 1356 ἔσωσεν
3399 1303 3639 1369 αὐτούς.

2079 1397 2173 1460 Τίς
2217 1397 2324 1467 γὰρ
2376 1398 2573 1468 μείζων
2621 1401 2830 1468 ἀνάγκη
2866 1395 2958 1449 τοῦ
2999 1395 3346 1448 δεδουλῶσθαι
3375 1395 3642 1464 πνεύμασι

2079 1492 2329 1559 πονηροῖς
2367 1490 2422 1544 ἐν
2459 1490 2648 1563 ἀγνοίᾳ
2682 1490 2838 1556 Θεοῦ,
2888 1491 2983 1544 καὶ
3037 1489 3276 1560 πτωχείᾳ
3327 1488 3521 1560 ψυχῆς,
3548 1487 3642 1543 καὶ

2079 1577 2238 1650 πενίᾳ
2269 1581 2466 1642 κακίας
2481 1597 2496 1645 ;

2149 1772 2252 1826 Kal
2272 1772 2413 1839 τοὺς
2431 1773 2689 1845 δεσμοὺς
2707 1773 2905 1828 αὐτῶν
2920 1773 3207 1843 διέρρηξε.
3227 1773 3318 1836 Τὸ,
3346 1773 3638 1842 διέρῤηξε,

2074 1863 2171 1934 τὴν
2203 1857 2399 1934 ἁθρόαν
2421 1863 2520 1933 τῆς
2546 1863 2817 1934 ἁμαρτίας
2836 1864 3152 1935 καθαίρεσιν
3182 1865 3609 1918 καταδείκνυσιν.

2155 1953 2840 2023 Ἐξομολογνησάσθωσαν
2854 1954 2934 2020 τῷ
2953 1957 3142 2023 Κυρίῳ
3171 1955 3240 2007 τὰ
3267 1955 3408 2022 ἑλὲη
3436 1957 3639 2011 αὐτοῦ.

2074 2044 2154 2099 Τὰ
2188 2045 2327 2099 αὐτὰ
2353 2045 2600 2116 δεύτερον
2637 2041 2786 2099 εἶπεν
2828 2045 2919 2097 ἐπὶ
2953 2049 3071 2108 ταῖς
3093 2046 3432 2114 εὐεργεσίαις
3457 2045 3638 2099 αὑτοῦ.

2078 2137 2195 2188 Ὅτι
2213 2135 2536 2204 συνέτριψε
2561 2135 2757 2200 πύλας
2785 2133 3036 2204 χαλκᾶς.
3061 2133 3168 2203 Τὴν
3193 2134 3381 2204 μέχρις
3407 2133 3528 2203 ᾅδου
3549 2132 3642 2186 τοῦ

2076 2227 2324 2299 Σωτῆρος
2371 2227 2593 2281 κάθοδον
2637 2227 2908 2297 σημαίνει,
2943 2227 3007 2295 ἣν
3036 2226 3419 2296 ποιησάμενος,
3452 2225 3646 2277 ἀνεπέ-

2073 2336 2204 2372 τασε
2247 2317 2340 2371 τοῦ
2386 2319 2508 2390 ᾅδου
2542 2318 2639 2382 τὰς
2685 2299 2879 2382 πύλας,
2907 2317 3070 2372 πάλαι
3108 2317 3323 2387 δεσμοῖς
3353 2317 3644 2388 ἀρρήκτοις

2075 2409 2462 2480 κεκλεισμένας
2502 2412 2684 2463 πᾶσιν.
2722 2411 2796 2462 Οὐ
2833 2410 2941 2480 γὰρ
2965 2407 3032 2478 ἦν
3060 2409 3494 2481 παλινδρομῆσαι
3528 2407 3646 2476 βου-

2075 2499 2319 2570 λομένοις
2336 2517 2349 2529 ·
2379 2500 2492 2553 ἀλλ’
2517 2499 2676 2562 αὐτὸς
2706 2499 2893 2570 εἴρηκε
2918 2499 3040 2564 τοῖς
3055 2500 3126 2550 ἐν
3143 2497 3386 2566 δεσμοῖς
3409 2513 3423 2527 ⁵
3454 2493 3646 2559 Ἐξέλ-

2076 2591 2231 2654 θατε,
2265 2588 2362 2643 καὶ
2396 2589 2520 2657 τοῖς
2553 2589 2619 2643 ἐν
2648 2589 2725 2654 τῷ
2750 2590 2981 2642 σκότειο
3024 2589 3512 2654 Ἀνακαλύφθητε.

2147 2678 2275 2735 Πᾶν
2317 2680 2529 2748 ,βρῶμα
2579 2679 2940 2744 ἐϐδελύξατο
2996 2680 3035 2746 ἠ
3085 2678 3253 2747 ψυχὴ
3298 2677 3513 2730 αὐτῶν.
3564 2677 3642 2729 Οὐ

2077 2769 2186 2840 γὰρ
2225 2766 2293 2839 ἦν
2326 2772 2354 2821 ὁ
2379 2770 2687 2840 διατρέφειν
2712 2771 2906 2832 αὐτοὺς
2949 2769 3240 2840 δυνάμενος
3269 2769 3442 2836 λόγος.
3471 2766 3644 2820 Πύλαι

2075 2860 2131 2914 δὲ
2159 2861 2386 2915 θανάτου
2417 2865 2470 2916 αἱ
2500 2862 2759 2935 φέρουσαι
2795 2863 2930 2934 πρὸς
2961 2862 3188 2916 θάνατον
3218 2862 3499 2932 ἁμαρτίαι.

2145 3041 2252 3095 Kal
2305 3041 2665 3094 θυσάτωσαν
2720 3041 2880 3106 αὑτῷ
2929 3043 3182 3096 θυσίαννε
3205 3041 3509 3107 αἰνέσεως.
3528 3041 3647 3094 Ἐπὶ

2003 3158 2046 3215 c
2078 3131 2202 3194 τοὺς
2241 3131 2426 3199 ἁγίους
2469 3130 2794 3194 ἀποστόλους
2837 3133 3127 3204 μεταφέρει
3158 3133 3248 3185 τὸν
3278 3133 3433 3200 λόγον
3454 3151 3467 3162 ·
3495 3133 3646 3185 αὐτοὶ

2079 3224 2186 3294 γάρ
2215 3225 2348 3275 εἰσιν
2394 3225 2441 3274 οἱ
2475 3222 2544 3275 τὰ
2576 3225 2847 3295 μυστήρια
2869 3225 2967 3295 τῆς
2997 3225 3203 3294 Καινῆς
3248 3225 3518 3295 Διαθήκης
3551 3242 3648 3277 παρ

2081 3313 2331 3384 ραδόντες
2364 3315 2514 3384 ἡμῖν.

2152 3407 2352 3459 Ἔθετο
2399 3405 2702 3474 ποταμοὺς
2737 3408 2822 3472 εὶς
2847 3409 3084 3475 ἔρημον.
3127 3408 3198 3460 Τὸ
3238 3406 3348 3459 τῶν
3384 3407 3646 3460 Ἰουδαίων

2078 3493 2301 3566 εῠρυτον
2331 3496 2584 3567 ἀδόκιμον
2618 3497 2771 3565 γένος
2817 3499 2968 3568 φησι.
3002 3499 3138 3561 Τοὺς
3166 3497 3275 3569 γὰρ
3310 3498 3475 3552 πάλαι
3505 3499 3646 3568 λιμῷ

2077 3585 2410 3656 τηκομένους
2448 3586 2540 3638 καὶ
2587 3587 2687 3655 τῆς
2729 3588 3100 3659 πνευματικῆς
3135 3588 3339 3658 τροφῆς
3364 3587 3556 3650 ἐνδεεῖς
3589 3591 3645 3640 ὲν

2078 3675 2302 3737 ἐκείνοις
2331 3675 2600 3744 κατῴκισε
2628 3679 2740 3740 τοῖς
2771 3681 3054 3748 ποταμοῖς.

2146 3764 2279 3834 Γῆν
2321 3768 2700 3836 καρποφόρον
2724 3770 2810 3834 εὶς
2845 3769 3061 3837 ἅλμην.
3089 3768 3197 3839 Τὴν
3234 3767 3342 3820 τῶν
3385 3769 3645 3822 Ἰουδαίων

2079 3856 2211 3926 φησι
2251 3853 2775 3926 συναγωγήνῘΗσαν
2823 3858 2931 3928 γὰρ
2975 3859 3024 3910 οἱ
3080 3857 3329 3927 δαίμονες
3367 3860 3646 3929 οἰκήτορες

2077 3944 2175 4014 τῆς
2209 3945 2403 4014 γηῒνης
2441 3931 2748 4010 πολιτείαςο
2791 3947 3152 4018 ἐκαρποφόρει
3181 3947 3236 3999 δὲ
3261 3947 3429 4018 αὐτὴν
3461 3951 3493 4018 ἡ
3526 3951 3641 4003 ἁσέο

2079 4032 2218 4085 ὕεια.
2237 4033 2536 4104 Ἐξήραναν
2561 4034 2612 4086 δὲ
2644 4036 2812 4106 αὐτὴν
2843 4038 2891 4087 οἱ
2919 4037 3205 4089 ἀπόστολοι
3247 4036 3324 4106 τῷ
3369 4036 3525 4091 ἅλατι
3549 4039 3646 4112 τῆς

2079 4124 2441 4189 διδασκαλίας,
2477 4128 2602 4197 περὶ
2639 4119 2713 4181 ὧν
2755 4144 2949 4198 φησιν·
2998 4128 3178 4198 Ὑμεῖς
3211 4127 3348 4181 ἐστε
3391 4129 3458 4182 τὸ
3496 4130 3646 4197 ἅλας

2079 4215 2190 4283 τῆς
2219 4214 2346 4284 γῆςο

2154 4307 2354 4360 Ἕθετὸ
2387 4305 2608 4376 ἔρημον
2632 4311 2719 4374 εὶς
2743 4311 2960 4378 λίμνας
2992 4311 3243 4369 ὑδάτων.
3267 4316 3368 4370 Τὸν
3397 4316 3453 4382 ἐξ
3480 4314 3644 4368 ἐθνῶν

2079 4398 2420 4468 διασημαίνει
2452 4399 2576 4452 λαόν
2600 4417 2613 4430 ·
2652 4400 2952 4472 σύμμικτος
2989 4404 3096 4474 γὰρ
3133 4407 3165 4474 ἡ
3192 4409 3514 4480 προφητεία,
3538 4407 3644 4460 τῶν

414 4471 647 4526 duorum
677 4473 1001 4540 populorum
1033 4473 1214 4531 ferens
1249 4493 1561 4546 personam.
1595 4479 1744 4536 Illius
1768 4484 1978 4538 scilicet

2098 4489 2171 4541 ἱύο
2201 4488 2342 4542 λαῶν
2369 4491 2695 4562 εἰσφέρουσα.
2722 4471 2782 4545 τὸ
2811 4471 3126 4563 πρόσωπον·
3149 4471 3248 4551 τού
3395 4500 3492 4567 τὴν
3521 4502 3646 4553 ἀπο-

416 4560 797 4629 abjectionem,
827 4561 990 4631 huius
1014 4563 1493 4621 introductionem.

495 4650 584 4704 36.
611 4651 679 4704 Et
703 4654 1086 4706 constituerunt
1109 4656 1346 4710 civitates
1369 4657 1735 4713 habitationis.
1768 4659 1975 4717 Bonam

414 4739 664 4795 videlicet
690 4753 744 4796 et
763 4744 1037 4799 caelestem
1069 4746 1193 4801 vitae
1220 4748 1507 4802 rationem.

490 4833 580 4887 57.
617 4832 681 4886 Et
709 4837 982 4890 seminavit
1016 4855 1171 4908 agros
1203 4849 1251 4892 et
1286 4840 1544 4908 plantavit
1571 4841 1767 4896 vineas.
1801 4841 1978 4912 Agros

413 4923 685 4996 intelliges
718 4927 788 4981 ab
820 4927 1132 4998 hujusmodi
1178 4931 1362 4986 dicto:
1399 4931 1549 4986 Exiit
1593 4935 1682 5004 qui
1727 4936 1974 5003 seminat,

412 5015 674 5069 seminare
695 5032 869 5071 semen
895 5035 1046 5072 suum
1071 5020 1126 5073 ³ι
1157 5021 1346 5076 vineas
1381 5031 1561 5077 autem
1604 5023 1895 5089 Ec‘clesias.
1918 5035 1978 5081 ut

413 5104 618 5161 dictum
647 5114 768 5160 est:
809 5105 983 5162 Vinea:
1015 5109 1327 5178 ﬂoruerunt,
1357 5113 1566 5166 odorem
1596 5113 1851 5168 dederunt
1867 5116 1910 5169 ⁸.

487 5294 576 5348 '58.
610 5293 681 5348 Et
719 5297 962 5364 jumenta
1011 5313 1192 5350 eorum
1240 5314 1343 5350 non
1391 5299 1690 5354 minoravit.
1725 5299 1976 5356 Iumenta

415 5393 572 5438 vocat
589 5401 683 5440 eos
700 5387 794 5454 qui
819 5387 1304 5441 irrationabiliores
1329 5396 1457 5441 sunt
1489 5389 1540 5441 in
1565 5387 1803 5444 Ecclesia
1821 5389 1974 5458 juxta

415 5473 548 5530 illud
575 5494 588 5529 :
615 5475 687 5530 Ut
701 5478 997 5546 jumentum
1029 5480 1200 5548 factus
1227 5497 1344 5533 sum
1367 5481 1506 5546 apud
1543 5484 1661 5549 te';
1696 5491 1770 5546 et,
1798 5481 1978 5536 Homi-

416 5579 506 5618 nes
531 5575 580 5618 et
594 5567 836 5634 jumenta
857 5571 1105 5636 salvabis,
1139 5571 1360 5624 Domine
1387 5572 1431 5627 ‘.

487 5699 532 5730 ’³
565 5698 583 5750 Ι
607 5697 746 5754 Tim.
773 5718 830 5765 ιι,
856 5705 910 5759 ι.

415 5766 438 5799 ⁸
460 5765 602 5820 Psal.
638 5784 799 5838 xxxv,
829 5772 903 5827 7.-
969 5776 982 5782 “

1003 5707 1027 5737 ·¹
1055 5707 1158 5763 lsa.
1191 5723 1339 5775 xm,
1364 5708 1418 5763 9.
1498 5710 1529 5779 ξ
1557 5707 1742 5763 Matth.
1775 5711 1935 5775 v.15.

2098 5711 2253 5798 lattb.
2290 5731 2409 5784 xm,
2439 5717 2491 5771 ὅ.
2544 5789 2554 5794 _
2589 5719 2609 5750 ⁵
2635 5718 2790 5775 Cant.
2823 5737 2881 5790 ιι,
2912 5721 2998 5775 15.

2078 4579 2259 4650 ὅολὴν,
2291 4580 2383 4632 τοῦ
2414 4581 2470 4633 δὲ
2497 4582 2593 4652 τὴν
2623 4583 2890 4654 εἰσϐολήν.

2147 4671 2256 4724 Καὶ
2280 4673 2740 4739 συνεστήσαντο
2767 4678 2976 4744 πόλεις
3005 4683 3397 4748 κατοικεσίας.
3416 4684 3642 4756 ’Δγαθὴν

2076 4761 2316 4834 δηλονότι
2350 4765 2443 4817 καὶ
2471 4766 2720 4837 οὐράνιον
2752 4768 3026 4824 πολιτείαν

2147 4855 2255 4908 Kal
2299 4855 2580 4925 ἔσπειρεν
2621 4859 2842 4927 ἀγροὺς
2881 4862 2979 4914 καὶ
3014 4863 3346 4932 ἐφύτευσεν
3368 4868 3640 4936 ἀμπελῶ-

2076 4965 2205 5015 νας.
2223 4951 2455 5020 Νοήσεις
2470 4953 2595 5014 τοὺς
2617 4953 2819 5024 ἀγροὺς
2837 4955 2944 5008 ἀπὸ
2964 4955 3056 5008 τοῦ
3083 4959 3362 5030 εἰρηκότος
3380 4978 3395 4992 ο
3440 4962 3636 5030 Ἐξῆλο

2079 5042 2181 5093 θεν
2229 5043 2261 5093 ό
2289 5041 2553 5108 σπείρων
2595 5041 2701 5095 τοῦ
2738 5043 2975 5110 σπεῖραι
3022 5046 3129 5099 τὸν
3178 5049 3408 5116 σπόρον
3435 5052 3638 5104 αὐτοῦ’

2061 5131 2202 5192 ποὺς
2251 5129 2308 5182 δὲ
2351 5129 2676 5204 ἀμπελῶνας
2714 5131 2812 5196 τὰς
2845 5135 3183 5207 Ἐκκλησίας,
3217 5140 3352 5194 καθὸ
3393 5144 3635 5212 εἴρηται·

2078 5224 2149 5274 Al
2174 5220 2424 5290 ἄμπελοι
2462 5223 2812 5290 ἐκύπρισαν,
2843 5226 3074 5281 ἔδωκαν
3105 5231 3318 5298 ὀσμήν.

2147 5307 2261 5362 Kal
2303 5310 2375 5363 τὰ
2413 5309 2602 5380 κτήνη
2647 5312 2843 5366 αὐτῶν
2875 5319 2986 5369 οὐκ
3027 5319 3404 5386 ἐσμίκρυνεν.
3452 5323 3634 5391 Κτήνη

2078 5399 2202 5462 τοὺς
2235 5400 2599 5471 ἀλογωτέρους
2628 5404 2725 5473 τῆς
2766 5406 3086 5476 Ἐκκλησίας
3115 5411 3266 5479 φησὶ,
3301 5411 3441 5465 κατὰ
3465 5413 3527 5465 τὸ
3560 5414 3630 5466 εί-

2085 5507 2148 5560 ρη
2158 5491 2312 5559 μένον
2337 5507 2349 5520 ·
2378 5490 2696 5561 Κτηνώὸης
2715 5496 3005 5564 ἐγενήθην
3031 5500 3187 5567 παρὰ
3211 5501 3360 5556 ,σοῦ’
3394 5505 3508 5565 καὶ,
3525 5505 3614 5557 Ἂν

2081 5579 2345 5647 θρώπους
2381 5583 2476 5637 καὶ
2506 5585 2695 5654 κτήνη
2718 5586 2954 5654 σώσεις,
2991 5587 3183 5659 Κύριε.

3104 5724 3125 5755 ⁵
3153 5722 3297 5779 Psal.
3345 5739 3516 5795 Lxxn,
3541 5725 3625 5780 9.3.
