3946 6222
324 378 428 436 lii?)

1433 370 1796 428 EXPOSITIO
1835 369 1905 425 IN
1942 367 2273 426 PSALIIUM
2310 365 2474 424 CVII.

3471 367 3580 424 £54

402 492 512 547 Καὶ
554 491 968 562 (inurbanum.
1016 491 1079 545 Οί
1135 492 1192 543 ὲν
1236 489 1312 560 τῷ
1363 489 1610 560 προτέρῳ
1668 484 1907 558 δηλονότι

2081 484 2171 539 59.
2208 483 2279 537 Et
2299 486 2456 553 pauci
2503 483 2634 554 facti
2678 494 2820 538 sunt.
2843 482 2949 550 Qui
2975 484 3029 538 in
3058 483 3226 554 priori
3251 484 3460 540 scilicet
3489 502 3582 556 po-

336 604 462 642 Ααω.

414 679 698 749 Ἐξεχύθη
761 676 1155 742 ἐξουδένωσις
1217 675 1310 729 ἐπ’
1338 674 1634 744 ἄρχοντας
1687 668 1902 724 αὐτῶν.

336 775 474 836 τοὺς
506 773 863 843 Γραμματείς
912 769 1004 822 καὶ
1039 769 1365 841 Φαρισαίους
1391 767 1543 837 φησί.
1575 765 1685 819 Καὶ
1714 761 1904 817 ἐπλά-

332 878 523 929 νησεν
546 860 769 926 αὐτοὺς
795 861 865 912 ὲν
884 859 1096 926 ἀϐάτῳ,
1127 861 1239 927 οὐχ
1267 857 1401 923 ὀδῷ.
1438 856 1749 910 Πλανῶνται
1773 853 1904 923 γὰρ,

334 954 515 1025 φησὶν,
540 954 905 1022 ἀγνοήσαντες
928 952 1017 1004 τὸν
1052 951 1273 1005 εἰπόντα
1289 968 1300 981 ·
1340 948 1485 1019 Ἑγὼ
1506 951 1620 1018 ειμι
1646 948 1684 1015 ἡ
1709 945 1864 1010 ὁδός.

404 1044 515 1099 Καὶ
544 1042 839 1112 ἐϐοήθησε
866 1043 1075 1112 πένητι
1101 1044 1171 1097 ἐν
1196 1044 1475 1112 πτωχείᾳ.
1517 1042 1627 1096 Kal
1649 1041 1732 1105 τίς
1759 1044 1786 1093 ὀ
1811 1041 1907 1093 πέ-

330 1150 448 1205 νης,
492 1133 525 1203 ἢ
562 1134 770 1196 ἐκεῖνος
802 1134 928 1204 περὶ
970 1125 1031 1185 οὗ
1062 1131 1307 1204 εἴρηταιο
1340 1130 1625 1199 Μακάριοι
1662 1134 1716 1184 al
1752 1143 1905 1184 πτω-

328 1225 425 1295 χοί
459 1221 542 1289 τῷ
565 1225 894 1293 πνεύματι;
915 1223 1029 1276 Καὶ
1052 1223 1219 1278 ἔθετο
1245 1225 1325 1288 ὡς
1345 1224 1610 1290 πρόϐατα
1634 1221 1902 1291 πατριάς.

342 1315 524 1378 ’ίδίας,
558 1315 743 1385 φησὶν,
778 1313 1057 1383 ἐλογίσατο
1080 1314 1178 1377 τὰς
1223 1318 1287 1369 ὲκ
1327 1314 1434 1367 τῶν
1470 1314 1709 1386 πατριῶν
1737 1314 1907 1368 ἁπάν-

328 1425 440 1462 των
473 1407 844 1477 συναγομένας
873 1407 1091 1476 ἀγέλας.

403 1502 687 1569 Ὄψονται
716 1500 910 1566 εὐθεῖς
937 1500 1035 1553 καὶ
1060 1500 1598 1569 εὐφρανθήσονται.
1628 1499 1739 1552 Καὶ
1763 1498 1909 1564 τίνες

328 1595 377 1645 οί
421 1590 623 1658 εὐθεῖς,
665 1593 699 1665 ἢ
734 1594 862 1664 περὶ
908 1585 982 1647 ὧν
1016 1592 1262 1662 είρηται’
1312 1592 1369 1644 Ὑ
1361 1590 1493 1660 μῶν
1528 1592 1595 1646 δὲ
1632 1591 1911 1663 μακάριοι

328 1686 383 1736 οἱ
419 1684 739 1753 ὀφθαλμοὶ,
788 1683 877 1737 ὅτι
921 1683 1290 1748 βλέπουσιν.
1331 1681 1444 1736 Καὶ
1476 1681 1644 1737 πᾶσα
1693 1685 1910 1753 ἀνομία

2012 577 2142 646 pulo
2162 585 2336 630 erant.

2083 668 2174 722 40.
2202 665 2394 736 E/fusa
2425 674 2501 720 est
2537 668 2854 738 contemptio
2889 683 3043 736 super
3081 669 3340 737 principes
3377 684 3580 725 eorum.

2015 757 2236 814 Scrihas
2251 769 2304 814 et
2321 758 2626 816 Pharisaeos
2647 761 2799 816 dicit.
2821 759 2888 813 Et
2905 777 3083 815 errare
3098 761 3217 831 fecit
3238 778 3325 815 eos
3348 763 3401 815 in
3418 765 3579 828 invio,

2011 861 2059 905 et
2104 867 2205 904 non
2240 852 2293 904 in
2336 854 2440 906 via.
2471 850 2669 906 Errant
2703 853 2886 916 enim,
2915 852 3111 923 inquit,
3153 854 3282 924 quia
3329 855 3585 924 ignorant

2011 956 2134 997 eum
2158 944 2251 1014 qui
2284 944 2421 998 dixit
2454 963 2485 999 ει
2504 943 2616 1015 Ego
2642 962 2759 999 sum
2792 947 2878 999 via
2899 945 2939 999 ".

2012 1037 2022 1045 '
2084 1036 2173 1089 Μ.
2206 1035 2273 1089 Et
2296 1037 2500 1106 adjuvit
2524 1054 2805 1108 pauperem
2829 1040 2884 1093 in
2908 1041 3107 1110 inopia.
3135 1039 3334 1111 Ecquis
3356 1057 3582 1112 pauper,

2014 1123 2119 1178 nisi
2172 1125 2240 1180 de
2286 1142 2396 1196 quo
2439 1128 2644 1182 dictum
2675 1137 2789 1184 est:
2838 1129 2991 1184 Beati
3023 1147 3276 1201 pauperes
3302 1135 3491 1203 spiritu
3516 1133 3583 1187 ‘Y

2014 1213 2080 1268 Et
2115 1218 2288 1285 posuit
2314 1220 2448 1272 sicut
2493 1236 2610 1275 oves
2651 1221 2906 1290 familias.
2940 1222 3219 1293 Proprios,
3247 1226 3444 1295 inquit,
3479 1225 3584 1285 sibi

2012 1305 2347 1361 existimavit
2370 1323 2560 1379 greges
2585 1324 2651 1363 ex
2683 1310 2938 1365 omnibus
2978 1311 3200 1369 familiis
3236 1326 3479 1372 coactos.

2086 1491 2175 1547 42.
2222 1492 2480 1551 Videbunt
2516 1501 2643 1553 recti
2681 1507 2731 1554 et
2775 1500 3119 1558 laetabuntur.
3155 1503 3456 1575 Ecquinam
3491 1524 3582 1565 re-

2014 1586 2087 1640 cti
2124 1587 2231 1641 nisi
2266 1589 2334 1643 de
2372 1590 2572 1659 quibus
2598 1593 2803 1648 dictum
2852 1604 2939 1651 est
2971 1614 2984 1650 :
3015 1595 3189 1651 Vestri
3230 1609 3406 1654 autem
3443 1604 3583 1659 oculi

2017 1676 2154 1732 beati
2189 1680 2316 1749 quia
2358 1682 2531 1737 vident
2565 1683 2607 1737 ’.
2634 1681 2702 1736 Et
2730 1687 2899 1739 omnis
2928 1688 3180 1758 iniquitas
3224 1691 3476 1760 oppilabit
3524 1711 3583 1748 as

327 1769 618 1843 eugepdlfet
646 1773 713 1828 τὸ
751 1776 943 1845 στόμα
974 1772 1185 1843 αὐτῆς.
1224 1773 1366 1840 Θεὸς
1397 1777 1430 1827 d
1463 1773 1724 1842 δικαιῶν,
1750 1777 1841 1843 τίς
1877 1780 1907 1831 d

2026 1785 2169 1823 suum
2194 1772 2259 1825 “.
2294 1771 2431 1826 Deus
2452 1774 2543 1843 qui
2569 1774 2848 1844 iustiﬁcat,
2873 1779 2990 1847 quis
3010 1788 3088 1832 est
3110 1782 3200 1851 qui
3224 1782 3527 1838 condemnet
3545 1785 3570 1837 ?

328 1865 704 1931 κατακρίτων
717 1905 732 1929 ,

624 1956 762 2027 per.
800 1959 1117 2012 ΨΑΑΜοΥ
1141 1956 1220 2023 τῷ
1248 1957 1448 2011 Δαυῖδ.
1488 1960 1616 2012 ΡΖτ.

964 2047 1293 2113 ’Υπόθεσις.

329 2137 437 2191 Kal
469 2137 529 2191 ἒν
572 2138 747 2209 τούτῳ
793 2142 826 2212 ἡ
875 2142 1142 2210 παρουσία
1165 2141 1259 2195 τοῦ
1288 2143 1490 2215 Κυρίου
1517 2147 1550 2215 ἡ
1579 2144 1658 2207 είς
1683 2146 1750 2198 τὰ
1781 2142 1910 2217 ἔθνη

397 2230 663 2303 γενομένη
693 2232 1186 2306 κηρύττεται.Ἤδη
1229 2235 1287 2290 δὲ
1320 2238 1534 2291 πάντων
1572 2236 1681 2290 τῶν
1715 2237 1911 2308 στίχων

396 2320 509 2375 τῶν
551 2324 609 2374 ἐν
638 2322 716 2393 τῷ
744 2325 972 2396 παρόντι
1002 2325 1201 2398 ψαλμῷ
1246 2328 1304 2381 ὲν
1337 2332 1448 2392 τοῖς
1473 2329 1648 2383 ὀπίσω
1678 2329 1912 2400 ψαλμοῖς

399 2415 872 2487 ἑρμηνευομένων,
902 2420 1155 2490 περιττὸν
1188 2419 1253 2474 ἂν
1278 2422 1363 2492 εἴη
1397 2422 1558 2476 πάλιν
1590 2424 1703 2486 τοῖς
1727 2421 1911 2483 αὐτοῖς

398 2507 706 2577 χρήσασθαι
731 2511 812 2574 είς
839 2511 1133 2582 ἑρμηνείαν
1161 2512 1268 2567 τῶν
1304 2515 1696 2586 προκειμένων.

410 2598 643 2670 Ἑτοίμη
672 2603 709 2671 ἠ
739 2604 951 2671 καρδία
980 2622 1121 2675 μου,
1162 2610 1196 2660 ὁ
1225 2608 1388 2674 Θεός.
1414 2609 1523 2661 Καὶ
1552 2609 1609 2660 ἐν
1635 2606 1809 2678 τούτῳ
1831 2604 1910 2676 τῷ

333 2691 527 2765 ψαλμῷ
556 2696 590 2765 ὴ
626 2696 897 2767 παρουσία
940 2696 1032 2750 τοῦ
1080 2699 1287 2770 Κυρίου
1318 2703 1351 2769 ἡ
1380 2703 1460 2764 είς
1498 2698 1568 2753 τὰ
1604 2698 1732 2770 ἔθνη
1759 2716 1911 2767 γενο-

336 2785 465 2855 μένη
505 2785 1006 2858 κηρύττεται.Ἤδη
1050 2789 1108 2841 δὲ
1156 2788 1265 2843 τῶν
1317 2790 1513 2861 στίχων
1564 2790 1766 2844 τούτων
1810 2791 1910 2862 τὴν

334 2877 626 2947 ἑρμηνείαν
652 2879 709 2931 ὲν
739 2878 817 2949 τῷ
847 2878 920 2932 νθ¹
944 2878 1141 2952 ψαλμῷ
1172 2880 1516 2953 τεθείκαμεν.

240 3034 256 3047 _
410 2968 797 3038 Ἐξεγέρθητρ,
831 2970 871 3038 ἠ
901 2969 1051 3034 δόξα
1072 2989 1214 3040 μου.
1255 2971 1394 3038 Δόξα
1424 2972 1480 3026 δὲ
1509 2970 1674 3025 αὑτοῦ
1707 2974 1740 3044 ή
1785 2972 1913 3027 θεω-

336 3061 531 3133 ρητικὴ
581 3063 676 3115 καὶ
720 3063 998 3135 πρακτικὴ
1050 3062 1181 3129 ἕξις,
1209 3064 1331 3118 καθ’
1366 3064 1432 3136 ἣν
1475 3065 1744 3119 διάκειται
1776 3065 1912 3137 πρὸς

332 3154 427 3226 τὴν
459 3153 660 3227 ἠθικὴν
688 3158 783 3210 καὶ
814 3157 1198 3228 διακονητικὴν
1223 3157 1447 3230 ἀρετήν.

401 3246 533 3299 ὀτι
565 3246 721 3316 μέγα
761 3247 962 3300 ἐπάνω
1004 3247 1125 3300 τῶν
1152 3245 1425 3315 οὐρανῶν
1465 3246 1534 3300 τὸ
1568 3247 1737 3311 ἔλεός
1769 3260 1907 3301 σευ.

333 3337 593 3392 Τοσοῦτόν
643 3354 738 3391 σου
788 3337 850 3391 τὸ
896 3337 1063 3402 ἔλεος,
1098 3339 1174 3401 ὡς
1216 3337 1567 3410 ὑπερϐαίνειν
1590 3336 1727 3408 ὕψος
1750 3336 1911 3410 οὐρά-

332 3446 459 3494 νιον,
498 3431 594 3483 καὶ
628 3428 901 3500 πανταχοῦ
948 3429 1250 3502 διᾴττουσιν
1295 3431 1353 3485 αἱ
1383 3431 1482 3502 τῆς
1529 3431 1627 3502 σῆς
1655 3429 1912 3501 ἀληθείας

330 3521 564 3584 ἀκτῖνες,
591 3520 885 3592 προφητῶν
938 3522 1031 3573 καὶ
1076 3519 1391 3574 ἀποστόλων
1442 3521 1538 3574 καὶ
1578 3518 1911 3574 διδασκάλων

330 3614 446 3675 ταῖς
478 3612 696 3682 ἐκείνης
736 3611 947 3683 ῥανίσιν
973 3612 1308 3684 ἀρδευόντων
1338 3611 1437 3683 τὴν
1462 3613 1584 3683 γῆν.

414 3703 700 3774 ’Υψώθητι
722 3703 822 3757 ἐπὶ
849 3703 991 3770 τοὺς
1010 3702 1325 3771 οὐρανοὺς,
1350 3705 1383 3756 ό
1411 3704 1574 3769 Θεός.
1593 3702 1712 3755 Ἀπ’
1737 3701 1912 3773 ἀρχῆς

335 3797 491 3869 μέχρι
533 3796 635 3866 τῆς
674 3795 954 3865 παρούσης
982 3794 1181 3862 λέξεως
1207 3795 1236 3847 ὁ
1262 3794 1424 3858 αὐτός
1466 3796 1581 3847 ἐστι
1613 3793 1689 3864 τῷ
1723 3810 1914 3864 πεντη-

331 3888 506 3960 κοστῷ
536 3888 681 3959 ἕκτῳ
700 3887 918 3959 ψαλμῷ,
943 3887 1038 3941 καὶ
1061 3887 1169 3942 ἀπὸ
1191 3886 1395 3957 ταύτης
1427 3886 1589 3958 μέχρι
1620 3885 1805 3949 τέλους
1833 3884 1912 3956 τῷ

331 3979 681 4053 πντηκοστῷ
711 3981 934 4051 ὲννάτῳ.
961 3980 1068 4034 Καὶ
1097 3979 1309 4052 εἴρηται
1335 3978 1404 4032 τὰ
1426 3977 1628 4032 εἰκότα.

412 4161 829 4232 Ὑψωθήσομαι
857 4160 957 4214 καὶ
984 4157 1256 4230 διαμεριῶ
1282 4158 1514 4227 Σίκιμα.
1543 4153 1623 4209 Τὰ
1646 4153 1753 4208 τῶν
1782 4154 1913 4207 Ἰου-

334 4256 493 4309 δαίων
524 4256 757 4326 ἕγκριτα
791 4255 884 4308 καὶ
915 4253 1169 4325 ἐξαίρετα
1200 4249 1535 4322 διαμερίζειν
1575 4250 1687 4312 τοῖς
1735 4246 1912 4301 ἔθνεσι

335 4350 424 4402 καὶ
465 4350 547 4412 είς
585 4345 954 4419 κληρονομίαν
995 4346 1360 4415 καταμετρείν
1405 4339 1544 4413 μετὰ
1587 4340 1761 4411 χαρᾶς
1812 4339 1912 4391 ὑπ-

335 4441 644 4511 έσχεταὩς
678 4440 787 4512 γὰρ
820 4437 1022 4507 ἀγαθὸς
1070 4437 1254 4508 πατὴρ
1282 4436 1462 4507 χαίρει
1495 4432 1724 4496 πολλοὺς
1764 4431 1913 4494 υἱοὺς

2183 1950 2224 2004 Ι.
2251 1949 2527 2004 Canticum
2552 1949 2826 2006 PSALMI
2865 1953 2967 2021 ipsi
2996 1953 3187 2009 David.
3218 1953 3260 2010 C
3276 1953 3406 2009 VII.

2591 2040 3000 2112 Argumentum.

2008 2126 2065 2182 ln
2096 2129 2203 2185 hoc
2226 2145 2446 2202 quoque
2470 2132 2685 2202 psalmo
2711 2134 2981 2191 adventus
3011 2135 3231 2192 Domini
3282 2139 3350 2194 ad
3394 2149 3582 2211 gentes

2081 2219 2430 2288 praedicatur.
2491 2218 2631 2274 Cum
2689 2232 2874 2277 autem
2922 2239 3120 2280 versus
3173 2242 3365 2283 omnes
3417 2229 3587 2301 hujus

2080 2312 2279 2381 psalmi
2325 2313 2381 2367 in
2426 2315 2859 2383 praecedentibus
2910 2318 3167 2388 explicati
3214 2319 3437 2389 fuerint,
3489 2340 3585 2379 su-

2078 2420 2472 2474 pervacaneum
2508 2417 2654 2463 esset
2682 2409 2877 2465 iisdem
2907 2410 3042 2480 ipsis
3072 2412 3151 2466 uti
3173 2411 3242 2467 ad
3264 2412 3476 2469 horum‘
3496 2417 3584 2471 iu-

2010 2506 2019 2531 '~
2081 2497 2522 2564 terpretationem
2536 2538 2550 2551 .

2082 2586 2137 2642 2.
2180 2587 2440 2643 Paratum
2483 2606 2575 2643 cor
2634 2606 2827 2659 meum,
2880 2591 3045 2648 Deus.
3099 2593 3158 2649 ln
3217 2597 3323 2653 hoc
3365 2614 3586 2670 quoque

2009 2681 2220 2750 psalmo
2248 2680 2513 2737 adventus
2540 2681 2755 2737 Domini
2786 2682 2853 2737 ad
2882 2694 3069 2755 gentes
3096 2689 3442 2757 praedicatur.
3474 2689 3582 2746 Ho-

2011 2786 2133 2825 rum
2188 2787 2318 2826 vero
2365 2774 2785 2842 explicationem
2834 2775 2893 2829 in
2940 2777 3396 2850 quinquagesimo
3437 2797 3585 2837 nono

2010 2864 2223 2933 psalmo
2255 2865 2559 2920 attulimus.

2082 2956 2137 3010 5.
2154 2954 2416 3028 Exsurge,
2441 2957 2611 3028 gloria
2630 2975 2766 3013 mea.
2787 2959 2972 3016 Gloria
2995 2971 3176 3017 autem
3196 2964 3315 3034 ejus
3328 2974 3411 3021 est
3423 2965 3583 3021 habi-

2013 3056 2103 3101 tus
2121 3048 2524 3119 contemplandi
2549 3060 2603 3103 et
2631 3051 2848 3122 agendi,
2872 3054 3172 3107 secundum
3200 3069 3361 3123 quem
3378 3056 3444 3110 ad
3468 3071 3585 3112 mo-

2016 3141 2183 3195 ralem
2218 3149 2274 3195 et
2310 3140 2837 3197 administratoriam
2865 3144 3117 3199 virtutem
3145 3156 3227 3199 est
3253 3162 3581 3216 propensus.

2225 3191 2270 3195 --
2313 3191 2837 3197 “__----_--m---_._
2877 3191 3117 3199 .-η-η-.-
3150 3191 3226 3199 ---
3254 3191 3579 3216 ,μην-.-.μη

1938 3191 1979 3250 C
2079 3231 2134 3288 5.
2169 3231 2310 3297 Quia
2349 3250 2540 3305 magna
2568 3246 2643 3289 est
2674 3253 2832 3305 super
2864 3236 3021 3291 calas
3058 3238 3425 3293 misericordia
3467 3249 3579 3294 tua.

2012 3323 2184 3380 Tanta
2204 3334 2289 3380 est
2314 3326 2691 3383 misericordia
2722 3337 2836 3395 tua,
2861 3339 2922 3385 ut
2948 3331 3211 3386 caelorum
3242 3334 3584 3389 altitudinem

2011 3426 2327 3488 exsuperet,
2357 3427 2413 3474 et
2447 3421 2650 3491 ubique
2674 3423 2991 3478 transiliunt
3020 3425 3267 3481 veritatis
3287 3433 3393 3480 tua:
3419 3427 3584 3492 radii,

2011 3511 2317 3580 prophetis,
2369 3513 2634 3581 apostolis
2679 3522 2737 3570 et
2776 3515 3057 3586 magisuis
3092 3523 3295 3571 terram
3337 3531 3434 3587 per
3461 3517 3584 3588 ejus

2013 3603 2189 3657 stillas
2220 3603 2598 3674 irrigantibus.

2084 3695 2138 3750 6.
2172 3694 2428 3751 Exaltare
2455 3714 2611 3768 super
2635 3699 2813 3765 caios,
2840 3699 3002 3755 Deus.
3030 3700 3114 3755 Ab
3140 3700 3297 3756 initio
3328 3701 3395 3755 ad
3436 3701 3584 3759 hunc

2011 3802 2231 3842 versum
2274 3803 2450 3858 usque
2487 3790 2627 3845 idem
2667 3800 2752 3859 est
2794 3791 2884 3846 hic
2930 3792 3176 3861 psalmus
3219 3786 3585 3862 atque'quin-

2012 3880 2361 3948 quagesimus
2379 3888 2584 3947 sextus,
2603 3881 2672 3935 ab
2688 3882 2791 3936 hoc
2806 3891 2987 3937 autem
3006 3896 3163 3939 versu
3180 3883 3248 3937 ad
3263 3883 3426 3938 ﬁnem
3441 3884 3584 3939 idem

2013 3979 2177 4039 atque
2198 3971 2684 4042 quinquagesimus
2721 3987 2920 4029 nonus.
2948 3973 3017 4029 Et
3049 3973 3164 4045 jam
3197 3990 3320 4046 quae
3357 3990 3583 4047 compe.

2013 4064 2197 4118 tebant
2227 4063 2370 4119 dicta
2409 4072 2555 4120 sunt.

2080 4158 2134 4213 8.
2172 4156 2473 4211 Exaltabor
2504 4165 2561 4211 et
2595 4156 2830 4211 dividam
2874 4154 3137 4212 Sichima.
3192 4156 3472 4213 Promittit
3520 4173 3584 4216 se

2012 4249 2321 4306 Judaerum
2352 4249 2797 4319 praestantissima
2821 4257 2876 4304 et
2912 4249 3307 4319 pretiosissima
3329 4250 3580 4320 gentibus

2014 4343 2318 4399 divisurum
2353 4343 2488 4397 etin
2533 4341 2902 4397 haereditatem
2949 4341 3393 4397 distributurum.
3441 4340 3581 4399 Nam

2014 4444 2198 4506 utpote
2218 4435 2393 4490 bonus
2422 4443 2594 4506 pater,
2628 4434 2768 4489 ﬁlios
2796 4434 2997 4489 multos
3031 4450 3155 4489 cum
3180 4436 3378 4505 gaudio
3403 4436 3583 4492 susci-

336 4532 767 4605 προσλαμϐἀνων
801 4532 895 4586 καὶ
934 4530 1231 4602 κτώμενος.
1274 4526 1621 4600 Συμϐολικῶς
1657 4526 1714 4580 δὲ
1742 4525 1907 4579 ταῦτα

2026 4527 2095 4596 pit
2121 4535 2176 4583 et
2202 4527 2464 4598 possidet.
2497 4524 2625 4582 Haec
2667 4541 2833 4598 porro
2866 4527 3113 4597 ﬁgurate,
3149 4535 3204 4583 et
3226 4541 3322 4598 per
3347 4529 3582 4598 aenigma

336 4627 425 4680 Ital
464 4625 537 4678 δι’
561 4625 880 4700 αἰνίγματος
925 4622 1292 4693 αἰνιττόμενος
1318 4620 1629 4690 φθέγγεται.
1649 4617 1772 4671 Ἐπὶ
1805 4616 1914 4688 γὰρ

333 4723 397 4791 τῇ
441 4719 653 4774 κοιλάδι
696 4717 805 4771 τῶν
853 4716 1020 4770 ἐθνῶν
1047 4712 1243 4787 χωρίον
1281 4711 1439 4764 τοῦτο
1479 4712 1578 4783 τῆς
1615 4710 1784 4780 Σιχὲμ
1813 4709 1908 4761 καὶ

336 4814 532 4886 Σίκιμα
563 4813 862 4884 λεγομένης
897 4811 1210 4882 ἐτύγχανεν.
1230 4810 1287 4862 '0
1331 4805 1547 4873 Ἰακὼϐ,
1577 4807 1642 4858 ὲκ
1667 4805 1910 4859 Μεσοπο-

333 4912 529 4984 ταμίας
554 4910 761 4973 ἀναϐὰς
809 4907 948 4980 μετὰ
993 4906 1103 4960 τῶν
1146 4905 1372 4968 τέκνων,
1400 4900 1615 4972 ᾤκησεν
1652 4897 1781 4951 ἔνθα
1808 4894 1906 4967 τὴν

333 5005 486 5057 Δείνα
515 5000 789 5071 θυγατέρα
808 4998 901 5052 τοῦ
946 4996 1139 5050 Ἰακὼό
1185 4994 1369 5064 Ἐμὼρ
1403 4992 1432 5043 ὁ
1461 4990 1577 5053 υἱὸς
1602 4987 1696 5042 τοῦ
1740 4987 1908 5058 Σιχὲμ

334 5094 601 5167 ἐρασθεὶς,
630 5093 846 5165 ἥρπασε
881 5082 975 5145 καὶ
1002 5088 1275 5161 ἔφθειρεν.
1307 5085 1370 5138 Ol
1415 5081 1525 5153 γὰρ
1573 5079 1665 5134 τοῦ
1714 5076 1905 5131 Ἰακὼϐ

335 5186 517 5249 παῖδες
555 5184 717 5239 αὐτὸν
744 5181 881 5254 μετὰ
911 5179 1110 5242 παντὸς
1133 5174 1262 5230 λαοῦ
1292 5168 1637 5240 κατέσφαξαν
1665 5168 1907 5239 ἀπαντή-

335 5297 545 5343 σαντες.
573 5277 732 5332 Οὕτω
778 5275 849 5329 τὰ
892 5273 1111 5345 Σίχιμα,
1144 5268 1253 5323 τῶν
1304 5264 1518 5338 σκηνῶν
1553 5261 1756 5326 κοιλὰς,
1785 5261 1905 5315 κτί-

336 5388 512 5443 σματα
539 5370 637 5425 τοῦ
668 5367 1004 5441 πατριάρχου
1032 5360 1415 5433 γέγονε.Τοῦτο
1435 5357 1611 5411 τοίνυν
1630 5354 1691 5407 τὸ
1710 5353 1906 5425 χωρίον

338 5464 569 5536 μερίζων
613 5459 811 5516 Ἰακὼϐ
859 5461 971 5520 τοῖς
1018 5454 1194 5518 παισὶ,
1248 5452 1339 5505 τὸν
1388 5449 1588 5519 κλῆρον
1629 5445 1905 5516 ἐξαίρετον

343 5556 533 5629 Ἰωσήφ
561 5556 864 5622 ἀπένειμεν
884 5566 897 5580 ·
934 5547 1118 5616 ἐπειδὴ
1148 5548 1260 5607 τοῖς
1285 5542 1529 5609 ἀδελφοῖς
1558 5539 1677 5597 νέος
1702 5536 1776 5589 ὢν
1807 5536 1906 5590 οὐκ

329 5649 596 5703 ικοινώνει
647 5645 747 5699 τοῦ
791 5641 1085 5715 δράματος.
1119 5638 1228 5690 Καὶ
1256 5634 1444 5687 τούτου
1487 5631 1647 5702 χάριν
1675 5645 1907 5699 καταμε-

2019 4630 2183 4691 atque
2210 4620 2444 4676 obscure
2474 4620 2738 4692 loquitur.
2773 4619 2833 4674 In
2871 4620 3014 4675 valle
3042 4634 3277 4691 namque
3312 4623 3588 4692 gentium,

2010 4710 2167 4767 locus
2198 4710 2307 4774 hic,
2340 4709 2558 4766 Sichem
2592 4721 2687 4766 aut
2716 4710 2959 4766 Sicliima
2988 4711 3126 4766 situs
3165 4721 3280 4767 erat
3311 4728 3325 4767 :
3367 4712 3423 4766 in
3469 4726 3582 4781 quo

2009 4801 2180 4858 Jacoh
2212 4818 2336 4858 cum
2373 4818 2441 4857 ex
2482 4802 2871 4874 Mesopotamia
2899 4804 3254 4869 ascendisset,
3287 4818 3413 4857 cum
3450 4801 3581 4859 ﬁliis

2011 4897 2128 4952 suis
2162 4896 2443 4952 habitavit.
2472 4895 2575 4951 Ubi
2608 4895 2800 4951 Dinam
2826 4895 3016 4952 Jacobi
3045 4896 3213 4951 tiliam
3241 4895 3408 4951 Emor
3433 4893 3579 4950 ﬁlius

2015 4988 2255 5054 Sichem,
2272 4988 2463 5059 puella;
2487 4987 2888 5059 pulchritudine
2913 4997 3125 5059 captus,
3148 4988 3329 5059 rapuit
3347 4998 3401 5042 et
3420 4985 3580 5040 vitia-

2011 5075 2107 5129 vit.
2143 5073 2281 5128 Tum
2305 5075 2401 5129 lilii
2427 5074 2595 5130 Jacob
2627 5091 2751 5131 eum
2782 5091 2906 5130 cum
2941 5077 3090 5131 omni
3118 5077 3318 5146 populo
3353 5088 3452 5129 suo
3477 5073 3579 5127 ob-

2012 5175 2353 5221 truncarunt.
2385 5164 2465 5221 ιω
2496 5165 2758 5232 Sichima,
2789 5167 3052 5224 convallis
3078 5166 3572 5229 tabernaculorum,

2012 5259 2081 5314 ad
2132 5258 2539 5330 possessionem
2600 5260 2923 5329 patriarcha:
2977 5260 3229 5316 devoluta
3263 5265 3363 5313 est.
3415 5257 3576 5312 Hune

2012 5351 2199 5420 itaque
2230 5351 2409 5405 locum
2431 5349 2600 5405 Jacoh
2623 5366 2746 5407 cum
2768 5359 2966 5406 terram
2997 5350 3122 5406 ﬁliis
3150 5350 3263 5404 suis
3287 5347 3573 5413 divideret,

2007 5443 2527 5513 quasiprzecipuam
2573 5452 2775 5499 sortem
2818 5440 3054 5512 Josepho
3094 5439 3243 5495 dedit
3282 5439 3448 5510 :quia
3482 5438 3577 5509 juu

2005 5536 2162 5591 venis
2238 5551 2363 5589 cum
2438 5546 2621 5604 esset,
2684 5534 2954 5606 ejusmodi
3022 5532 3283 5589 facinoris
3345 5543 3574 5590 consone

2004 5644 2128 5685 cum
2198 5626 2459 5684 fratribus
2523 5643 2633 5687 non
2703 5626 2914 5684 fuisset.
2962 5622 3196 5695 Ideoque
3248 5638 3310 5681 se
3364 5622 3574 5682 divisse-

389 5765 410 5796 ⁷
439 5765 598 5820 Joan.
625 5776 737 5829 xiv,
757 5757 815 5812 6.
854 5828 858 5831 _
895 5754 919 5788 ⁸
941 5751 1129 5807 Matth.
1156 5767 1211 5820 v,
1246 5748 1300 5804 '5.
1375 5749 1396 5780 ’
1424 5745 1611 5803 Matth.
1643 5760 1764 5812 χιιι,
1800 5744 1889 5798 16.
1969 5743 2010 5775 ³ο
2034 5740 2195 5798 Rom.
2227 5754 2345 5804 vm,
2388 5738 2478 5793 55.
