3946 6222
424 287 535 344 455

1256 286 1315 342 S.
1353 284 1724 342 ATHANA’SII
1763 282 1914 340 OPP.
1956 281 2136 338 PARS
2173 282 2261 340 Ill.
2299 314 2370 325 —-
2408 282 2832 372 EXEGETICA.

3553 284 3664 345 I56

423 415 546 455 rum
577 409 632 453 et
651 396 1092 464 distributnrum,
1139 406 1200 452 ut
1226 398 1660 468 praestantiorem
1695 396 1842 450 illam
1866 392 1991 449 novi

2112 397 2244 466 τρεῖν
2293 396 2388 450 καὶ
2433 395 2674 468 μερίζειν
2712 396 3128 466 ἐπαγγέλλεται·
3159 396 3246 451 ῐνα
3266 396 3365 469 τὴν
3394 396 3672 471 ἐξαίρετον

423 493 623 563 Ioseph
659 489 863 547 Christi
892 491 1260 546 haereditatem
1303 494 1531 563 ﬁgurate
1560 490 1831 560 intelligas
1856 502 1991 557 gen-

425 587 573 643 tibus
593 583 939 639 dividendam
964 598 1106 638 esse.

605 672 646 728 l.
679 670 745 727 In
775 674 952 743 ﬁnem,
984 669 1323 727 PSALMUS
1351 667 1539 723 David.
1571 663 1793 721 CVIII.

1010 766 1413 836 Argumentum.

423 856 668 913 Praesens
698 856 942 927 psalmus
986 858 1271 927 passiones
1297 853 1503 909 Christi
1536 850 1827 923 signiﬁcat,
1863 865 1992 904 nec-

490 965 599 1005 non
632 949 896 1019 supplicia
932 949 999 1004 de
1037 947 1174 1003 Juda
1213 957 1267 1002 et
1313 947 1382 1001 dc
1424 944 1624 1016 populo
1646 942 1874 998 Iudaico
1896 957 1992 996 su-

493 1041 706 1096 menda.
730 1040 1078 1110 Quaecunque
1108 1054 1270 1108 porro
1289 1039 1342 1092 in
1378 1038 1483 1091 hoc
1509 1034 1721 1105 psalmo
1750 1031 1990 1102 optando

489 1132 767 1199 dicuntur,
791 1132 1103 1202 prOphetice
1123 1130 1307 1185 omnia
1334 1129 1477 1184 dicta
1508 1127 1680 1182 fuisse
1706 1124 1989 1180 sciendum

488 1234 593 1280 est.
631 1223 700 1280 Ut
736 1240 860 1280 cum
903 1224 1033 1286 dicit
1065 1242 1079 1278 :
1111 1222 1363 1276 Diabolus
1399 1229 1501 1275 stet
1538 1236 1572 1273 a
1617 1218 1816 1272 dextris
1850 1215 1986 1281 eius,

489 1316 712 1386 perinde
737 1329 820 1371 est
839 1330 903 1370 ac
932 1316 979 1370 si
998 1315 1202 1369 diceret
1233 1334 1245 1366 :
1280 1311 1477 1368 Stabit.
1509 1309 1628 1365 Non
1659 1310 1808 1365 enim
1837 1316 1990 1378 optat

489 1417 550 1463 ut
583 1409 636 1464 id
678 1409 926 1475 eveniat;
962 1407 1059 1463 sed
1094 1421 1216 1477 quae
1253 1407 1372 1474 ejus
1412 1402 1778 1474 improbitatis
1821 1414 1985 1456 causa

489 1510 752 1556 eventura
797 1501 931 1556 sint
956 1500 1070 1571 ipse
1109 1498 1439 1569 praenuntiat
1476 1514 1490 1551 :
1531 1495 1676 1566 quod
1713 1494 1878 1550 etiam
1921 1491 1988 1545 de

485 1594 611 1650 aliis
659 1594 910 1650 similiter
962 1592 1274 1647 dicendum.
1328 1588 1579 1645 Habeant
1630 1586 1732 1654 illi,
1788 1585 1985 1655 inquit,

486 1686 934 1750 Calumniatores,
953 1683 1047 1752 qui
1072 1698 1178 1737 non
1203 1681 1500 1737 abscedant
1524 1679 1592 1734 ab
1616 1678 1717 1734 eis.
1736 1675 1794 1731 Si
1822 1689 1986 1746 porro

476 1776 815 1845 jadicentur,
853 1775 921 1829 ab
962 1775 1070 1830 illis
1115 1774 1462 1828 damnentur.
1499 1770 1614 1825 lmo
1656 1771 1824 1824 etiam
1860 1767 1904 1821 si
1936 1775 1989 1821 te
2018 1745 2060 1800 Β

492 1866 546 1920 in
573 1876 818 1935 tempore
849 1865 1115 1936 angustia:
1143 1863 1534 1929 invocaverint,
1560 1862 1612 1916 id
1639 1861 1747 1915 illis
1779 1859 1833 1913 in
1862 1872 1986 1928 pec-

480 1964 667 2012 catum
693 1964 1055 2025 computetur,
1079 1962 1330 2009 revocata
1352 1962 1703 2023 peccatorum
1739 1950 1981 2021 ipsorum

487 2047 773 2102 memoria.
819 2048 946 2102 Dies
985 2062 1176 2102 eorum
1227 2043 1504 2111 abbrevia,
1540 2051 1601 2098 ut
1629 2042 1764 2113 ipsis
1805 2040 1986 2095 adhuc

483 2138 792 2193 viventibus
841 2153 906 2192 ac
950 2138 1280 2202 videntibus,
1318 2136 1634 2205 dignitatem
1677 2133 1825 2196 illam
1876 2146 1985 2201 qua

486 2244 764 2299 nunquam
808 2244 941 2287 ,vere
985 2230 1142 2300 potiti
1183 2238 1314 2287 sunt
1355 2228 1495 2284 alter
1528 2225 1728 2296 rapiat.
1779 2222 1985 2278 Deinde

480 2336 628 2391 .psos
659 2321 784 2377 tolle
800 2322 869 2376 de
896 2320 1099 2386 medio,
1126 2321 1201 2377 ita
1241 2330 1300 2376 ut
1339 2320 1581 2390 ipsorum
1612 2315 1893 2372 calamitas
1916 2314 1985 2368 ad

476 2428 668 2471 eorum
699 2421 948 2483 posteros
980 2413 1344 2480 devolvatur;
1389 2423 1444 2469 et
1489 2411 1585 2466 lilii
1628 2424 1823 2466 eorum
1869 2405 1985 2462 sint

482 2504 734 2574 orphani,
770 2512 825 2560 et
858 2519 994 2560 uxor
1038 2520 1231 2561 eorum
1272 2504 1538 2561 viduitate
1576 2500 1886 2572 alliigatur;
1919 2511 1984 2553 ac

479 2593 576 2648 ﬁlii
604 2594 656 2649 vi
694 2595 951 2664 pertracti
978 2603 1143 2664 atque
1174 2595 1392 2665 raptati,
1425 2593 1493 2648 de
1517 2602 1735 2663 patrum
1763 2587 1983 2645 sceleri—

480 2686 586 2741 bus
614 2701 801 2754 ptenas
833 2687 1007 2742 luant.
1850 2686 1855 2694 ’

479 2777 535 2832 2.
585 2776 750 2843 Deus,
786 2777 999 2832 laudem
1038 2790 1209 2830 meam
1243 2789 1305 2827 ne
1334 2778 1582 2827 tacueris.
1624 2773 1684 2828 In
1719 2771 1982 2832 Ecclesiis

407 2866 616 2924 Christi
641 2877 1123 2939 quantumcunque
1146 2881 1242 2937 per
1258 2866 1448 2921 orbem
1479 2864 1913 2935 multiplicantur
1928 2873 1985 2921 et

407 2960 745 3026 cxoriantur,
789 2959 974 3015 laudat
1025 2958 1169 3014 Deus
1207 2956 1404 3012 Filium
1449 2971 1632 3012 suum.
1676 2957 1766 3012 Ait
1816 2957 1983 3029 igitur

407 3051 560 3107 Patri
593 3068 695 3109 suo
734 3051 987 3107 Christus
1020 3070 1033 3108 :
1070 3049 1296 3105 Etiamsi
1331 3047 1499 3103 Judas
1530 3062 1658 3103 cum
1691 3063 1778 3103 me
1810 3050 1981 3104 tradi-

407 3144 486 3201 dit
513 3147 659 3201 visus
688 3146 789 3200 sibi
830 3144 992 3200 fuerit
1016 3143 1278 3214 impedire
1310 3141 1528 3196 laudem
1564 3154 1741 3195 meam
1776 3158 1791 3207 ;
1825 3152 1882 3197 at
1920 3151 1977 3197 tu

408 3250 496 3290 me
534 3236 772 3302 laudato,
804 3235 1101 3305 deitatique
1152 3248 1287 3288 mea:
1340 3232 1518 3303 praebe
1570 3231 1975 3299 testimonium,

408 3339 572 3393 quam
598 3325 727 3394 quia
756 3340 864 3380 non
899 3326 1128 3380 credidit
1151 3324 1342 3390 ludas,
1365 3340 1452 3379 mc
1478 3323 1716 3379 tradidit.
1750 3323 1890 3390 Quia
1917 3343 1975 3382 os

404 3417 697 3486 peccatoris
734 3425 780 3471 et
804 3432 860 3470 os
886 3414 1057 3469 dolosi
1095 3432 1252 3487 super
1273 3433 1353 3470 me
1385 3425 1626 3486 apertum
1660 3425 1758 3470 est.
1788 3415 1983 3472 Pecca-

409 3507 560 3574 toris,
589 3507 797 3563 scilicet
823 3507 1027 3561 diaboli
1053 3525 1068 3574 ;
1099 3509 1217 3578 ipse
1244 3523 1481 3577 namque
1499 3515 1750 3578 peccator
1786 3507 1978 3563 adver-

404 3612 502 3653 sus
539 3598 820 3653 veritatem
868 3616 881 3652 :
922 3598 1095 3652 dolosi
1141 3605 1344 3664 autem,
1371 3596 1524 3654 Judae
1553 3614 1785 3670 nempe;
1813 3601 1976 3657 ambo

398 3687 769 3743 enim'contra
792 3686 1069 3743 Christum
1099 3686 1267 3742 locuti
1296 3696 1442 3742 sunt.

475 3778 529 3845 5,
558 3778 613 3838 4.
635 3777 686 3832 5'.
713 3777 819 3832 Pro
842 3794 901 3833 eo
921 3787 978 3832 ut
994 3794 1074 3832 me
1089 3779 1365 3849 diligerent
1388 3757 1728 3834 detrahebant
1751 3780 1970 3834 mihi....

398 3877 453 3923 et
481 3879 764 3940 posuerunt
785 3869 1060 3924 adversum
1081 3885 1162 3923 me
1185 3869 1329 3923 mala
1356 3885 1451 3939 pro
1479 3869 1649 3934 bonis,
1681 3867 1975 3925 etc.Verba

403 3962 510 4015 alia
540 3961 746 4016 amoris
773 3970 920 4025 sunt,
951 3961 1058 4015 alia
1088 3960 1222 4026 odii,
1283 3961 1392 4016 alia
1424 3961 1492 4016 ad
1525 3969 1780 4019 neutrum
1805 3962 1974 4032 pet-ti-

404 4063 552 4107 nent.
577 4051 917 4107 Adulabatur
934 4068 1171 4122 namque
1197 4053 1289 4107 ille
1316 4067 1415 4108 ceu
1442 4054 1784 4125 magistrum,
1808 4062 1974 4124 atque

402 4143 544 4197 dolis
572 4144 623 4197 id
657 4145 1017 4199 contendebat
1041 4153 1103 4199 ut
1125 4145 1447 4215 magistrum
1470 4145 1743 4214 proderet.

476 4232 528 4286 6.
567 4233 839 4288 Constitue
864 4251 1021 4305 super
1054 4251 1174 4289 eum
1196 4243 1543 4304 peccatorem.
1585 4233 1851 4290 Peccator
1888 4245 1972 4291 est

404 4325 520 4394 ipse
545 4325 753 4394 peccati
788 4324 1040 4380 inventor
1080 4324 1331 4380 Satanas.
1362 4323 1505 4380 Illud
1535 4334 1740 4393 autem,
1771 4327 1969 4379 consti-

2093 485 2185 539 τοῦ
2219 486 2338 541 νέου
2379 486 2574 560 Ἰωσὴφ
2620 488 2715 542 τοῦ
2767 487 3004 560 Χριστοῦ
3040 488 3404 560 κληρονομίαν
3452 490 3671 562 μερίζε-

2095 576 2217 629 σθαι
2249 577 2591 648 συμϐολικῶς
2616 581 2816 652 νοήσῃς
2848 582 2961 643 τοῖς
2987 579 3217 636 ἔθνεσιν.

2241 672 2346 737 Εὶς
2374 672 2442 725 τὸ
2473 671 2668 739 τέλος,
2699 674 3008 727 ΨΑΛΜΟΣ
3037 672 3117 738 τῷ
3143 673 3344 729 Δαυΐδ.
3385 676 3516 731 PH'.

2274 809 2285 819 .
2721 765 3041 830 Ὑπόθεσις.

2102 851 2161 905 Ὀ
2191 851 2380 924 παρὼν
2411 854 2621 926 ψαλμὸς
2652 855 2721 909 τὰ
2754 855 2898 927 πάθη
2931 854 3024 909 τοῦ
3061 854 3297 928 Χριστοῦ
3325 860 3667 930 κατασημαί-

2162 962 2264 1009 νει,
2306 946 2405 1009 τάς
2445 963 2504 999 τε
2529 947 2792 1018 ἐσομένας
2816 947 3084 1019 τιμωρίας
3112 949 3253 1002 κατά
3274 966 3333 1002 τε
3362 947 3455 1002 τοῦ
3501 949 3669 1005 Ἰούδα

2159 1039 2253 1091 καὶ
2274 1039 2437 1093 αὐτοῦ
2467 1040 2561 1092 τοῦ
2601 1038 2863 1094 Ἰουδαίων
2892 1039 3190 1093 λαοῦ.”οσα
3211 1040 3267 1094 δὲ
3288 1041 3555 1106 εὐκτικῶς
3572 1043 3666 1103 λέ-

2159 1126 2345 1182 λεκται
2365 1130 2422 1183 ἐν
2447 1129 2523 1200 τῷ
2541 1128 2762 1200 ψαλμῷ,
2790 1130 2983 1194 ἰστέον,
3005 1130 3087 1183 ὅτι
3110 1132 3465 1202 προφητικῶς
3488 1133 3667 1187 πάντα

2157 1220 2390 1290 εἴρηται.
2418 1216 2541 1275 Οἴον
2565 1223 2692 1276 ὅταν
2717 1221 2889 1290 λέγει’
2926 1222 3210 1289 Διάϐολος
3239 1222 3438 1291 στήτω
3465 1224 3534 1279 ἐκ
3565 1226 3663 1280 δερ⁸

2159 1309 2305 1376 ξιῶν
2338 1313 2546 1378 αὐτοῦ,
2585 1313 2707 1368 ἀντὶ
2751 1314 2866 1378 τοῦ,
2895 1314 3205 1383 στήσεται,
3241 1314 3406 1384 λέγει.
3436 1317 3510 1370 Ob
3556 1317 3666 1390 γὰρ

2159 1402 2380 1475 εὔχεται
2406 1405 2564 1458 τοῦτο
2586 1405 2836 1474 γενέσθαι
2856 1421 2868 1437 ³
2901 1405 3016 1459 ἀλλ’
3043 1406 3072 1459 ὃ
3101 1406 3253 1478 μέλει
3282 1406 3552 1479 συμϐῆναι
3579 1407 3664 1464 διὰ

2157 1495 2253 1566 τὴν
2281 1495 2487 1549 ἐκείνου
2511 1497 2710 1549 κακίαν
2733 1494 2890 1550 τοῦτο
2915 1495 3301 1569 προαγορεύει·
3327 1497 3422 1550 καὶ
3446 1498 3665 1554 ἐπὶτῶν

2157 1585 2332 1640 ἄλλων
2362 1587 2419 1641 δὲ
2447 1586 2965 1653 ῶσαύτως.Ἔξοιεν,
3000 1588 3153 1658 φησὶ,
3200 1588 3292 1641 καί¹
3340 1583 3483 1643 οῦτοι
3539 1588 3664 1654 τοὺς

2156 1675 2560 1742 διαϐάλλοντας,
2589 1678 2682 1731 καὶ
2717 1676 2790 1749 μὴ
2835 1678 3127 1731 ἀποσταῖεν
3153 1677 3349 1732 αὐτῶν.
3375 1679 3439 1733 Εἰ
3464 1680 3521 1734 δὲ
3551 1681 3663 1751 κρί-

2156 1786 2349 1832 νοιντο,
2402 1769 2539 1841 πρὸς
2585 1768 2781 1832 αὐτοὺς
2830 1768 3229 1840 κατακριθεῖεν.
3257 1769 3418 1823 Ἀλλά
3473 1770 3565 1824 καὶ
3611 1772 3662 1824 εί

2156 1861 2550 1915 ἐπεκαλέσαντό
2583 1878 2664 1926 σε,
2688 1861 2872 1933 φησὶν,
2897 1861 2955 1914 ἐν
2975 1860 3052 1932 τῷ
3072 1861 3248 1933 καιρῷ
3273 1863 3372 1933 τῆς
3394 1863 3658 1933 ἀνάγκης,

2155 1953 2236 2015 είς
2266 1951 2542 2023 ἁμαρτίαν
2571 1953 2755 2016 αὐτοῖς
2786 1951 3084 2023 λογισθείη,
3119 1954 3339 2024 μνήμης
3366 1954 3660 2024 γενομένης

2153 2040 2227 2098 ὧν
2261 2045 2527 2116 ἥμαρτον.
2564 2044 2804 2117 Σύντεμε
2844 2045 2901 2098 δὲ
2945 2045 3043 2110 τὰς
3071 2045 3282 2118 ἡμέρας
3317 2046 3515 2112 αὐτῶν,
3550 2048 3657 2109 ἵνα,

2152 2132 2368 2200 ζώντων
2414 2136 2508 2188 καὶ
2552 2134 2802 2206 ὁρώντων
2853 2133 3053 2197 αὐτῶν,
3083 2135 3183 2204 τὴν
3230 2133 3405 2199 ἀξίαν,
3434 2136 3499 2207 ἣν
3537 2135 3657 2189 ούδέ

2149 2225 2318 2290 ὅντως
2342 2226 2643 2298 ὠνήσαντο,
2671 2228 2857 2299 ἕτερος
2882 2226 3444 2298 ἀφαρπάσῃ.Ἐπειτα
3475 2226 3532 2280 δὲ
3565 2228 3659 2280 καὶ

2148 2317 2345 2382 αὐτοὺς
2375 2317 2550 2379 ἄνελε,
2577 2318 2653 2382 ὠς
2680 2318 2926 2390 διαϐῆναι
2966 2320 3065 2390 τὴν
3095 2319 3377 2392 συμφορὰν
3419 2322 3497 2385 είς
3528 2322 3658 2382 τοὺς

2151 2408 2212 2477 ἐξ
2252 2408 2472 2465 ἐκείνων
2491 2426 2504 2441 ·
2532 2408 2673 2463 ὥστε
2702 2410 3081 2482 ὸρφανωθῆναι
3116 2412 3214 2483 μὲν
3252 2412 3376 2475 τοὺς
3399 2413 3546 2476 υἱοὺς
3570 2414 3665 2466 αύ-

2151 2498 2283 2563 τῶν,
2313 2499 2511 2571 χηρείᾳ
2542 2500 2599 2554 δὲ
2625 2499 2912 2571 ἐκδοθῆναι
2939 2501 3038 2573 τὴν
3067 2503 3300 2570 γυναῖκα
3319 2519 3332 2531 ·
3366 2501 3505 2555 ὥστε
3532 2505 3661 2566 τοὺς

2152 2590 2299 2654 υἱοὺς
2327 2590 2676 2662 βιαζομένους
2702 2591 2799 2645 καὶ
2843 2593 3175 2664 συρομένους
3203 2594 3342 2665 ὑπὲρ
3390 2594 3661 2665 πατρῴων

2152 2685 2635 2756 παρανομημάτων
2661 2684 2817 2750 δίκας
2849 2685 3085 2755 ὑφέξειν.

2169 2773 2229 2828 Ὀ
2262 2773 2427 2841 Θεὸς,
2461 2774 2575 2842 τὴν
2599 2770 2849 2830 αἴνεσίῆ
2871 2793 2988 2845 μου
3033 2775 3118 2846 μὴ
3162 2775 3658 2847 παρασιωπήσῃς.

2082 2858 2249 2917 Ὅσον
2281 2865 2337 2918 αί
2384 2864 2703 2935 Ἐκκλησίαι
2725 2864 2962 2937 Χριστοῦ
2994 2866 3321 2921 συνεστῶσιν
3351 2866 3407 2919 ai
3438 2867 3663 2920 ἀνατέλ-

2081 2955 2267 3008 λουσαι
2301 2953 2596 3024 πανταχοῦ,
2635 2955 2777 3009 αἰνεῖ
2819 2956 2848 3008 ό
2899 2954 3033 3019 Θεὸς
3065 2956 3123 3009 ἐν
3157 2956 3346 3019 αὑταῖς
3386 2954 3479 3010 τὸν
3508 2955 3655 3009 Υἱόν.

2081 3045 2243 3115 Λέγει
2269 3041 2360 3100 οῦν
2385 3048 2414 3100 ό
2438 3046 2673 3117 Χριστὸς
2697 3045 2836 3116 πρὸς
2866 3045 2956 3099 τὸν
2973 3045 3200 3118 Πατέρα
3219 3061 3232 3075 ’
3271 3047 3334 3100 Εἰ
3358 3047 3454 3100 καὶ
3483 3046 3662 3118 προδι-

2084 3135 2207 3199 δούς
2257 3152 2324 3207 με
2359 3137 2388 3189 ὁ
2431 3133 2647 3200 Ἰούδας,
2680 3134 2820 3201 δόξει
2848 3135 3156 3207 ἐμποδίζειν
3200 3135 3291 3189 τὸν
3322 3131 3468 3189 αῐνόν
3515 3153 3616 3206 μου
3640 3154 3654 3168 ⁸

2083 3226 2256 3291 οὕτως
2286 3228 2344 3281 δέ
2384 3226 2593 3281 αῖνεσόν
2630 3245 2717 3300 με,
2753 3227 3046 3299 μαρτυρῶν
3076 3244 3177 3298 μου
3220 3230 3287 3298 τῇ
3330 3226 3561 3297 θεότητι,
3591 3226 3661 3298 ἢν

2087 3320 2161 3393 μὴ
2209 3321 2504 3385 πιστεύσας
2551 3322 2609 3374 ἐν
2659 3322 2780 3392 ἐμοὶ
2818 3321 3033 3385 Ἰούδας,
3078 3320 3383 3392 προδέδωκέ
3435 3320 3659 3390 με.ὐτι

2083 3415 2277 3483 στόμα
2305 3413 2655 3483 ἀμαρτωλοῦ
2689 3412 2786 3468 καὶ
2812 3414 3003 3482 στόμα
3027 3413 3236 3466 δολίου
3259 3413 3350 3466 ἐπ’
3366 3412 3470 3482 ἐμὲ
3492 3413 3657 3482 ἠνοί-

2082 3509 2217 3574 χθη,
2235 3504 2601 3575 Ἅμαρτωλοῦ
2643 3504 2737 3558 τοῦ
2778 3503 3020 3557 διαϐόλου
3040 3520 3055 3535 ο
3084 3503 3246 3567 αὐτὸς
3276 3504 3383 3576 γὰρ
3410 3504 3658 3574 ἀμαρτω-

2081 3598 2171 3662 λὸς
2192 3598 2328 3670 πρὸς
2346 3596 2624 3668 ἀλήθειαν·
2651 3596 2858 3652 δολίου
2880 3595 2974 3650 τοῦ
2989 3594 3176 3649 Ἰούδα·
3204 3594 3369 3666 ἄμφω
3390 3594 3494 3667 γὰρ
3515 3595 3657 3649 κατά

2080 3686 2173 3741 τοῦ
2200 3686 2435 3759 Χριστοῦ
2461 3685 2749 3757 ἐλάλησαν.

2163 3779 2310 3834 Ἀντὶ
2341 3777 2448 3832 τοῦ
2493 3774 2732 3848 ἀγαπᾷν
2771 3793 2847 3846 με
2897 3775 3285 3830 ἐνδιέϐαλλόν
3324 3792 3421 3844 με.
3444 3814 3459 3828 .
3488 3815 3502 3829 .
3553 3775 3653 3831 καί

2079 3869 2282 3924 ἔθεντο
2307 3870 2434 3923 κατ’
2447 3866 2593 3938 ἐμοῦ
2620 3867 2773 3921 κακὰ
2798 3866 2929 3922 ἀντὶ
2945 3866 3199 3937 ἀγαθῶν,
3215 3885 3268 3920 κ.
3285 3885 3333 3920 τ.
3349 3866 3398 3918 λ.
3418 3866 3538 3919 Τῶν
3571 3865 3630 3919 λό

2079 3979 2191 4031 γων
2215 3963 2264 4015 οἱ
2287 3962 2384 4031 μέν
2397 3962 2532 4013 εἰσιν
2550 3959 2792 4028 ἀγάπης,
2809 3962 2858 4013 οἱ
2878 3960 2933 4013 δὲ
2954 3959 3164 4031 μίσους,
3180 3961 3228 4012 οἱ
3252 3958 3310 4012 δὲ
3332 3957 3653 4032 ούδἛτέρως

2078 4053 2310 4125 ἔχοντες.
2331 4051 2650 4106 Ἐκολάκευε
2676 4051 2785 4122 γὰρ
2814 4052 2889 4114 ὡς
2921 4050 3259 4114 διδάσκαλον,
3290 4051 3385 4104 καὶ
3414 4049 3494 4120 τῷ
3518 4050 3655 4120 δόλῳ

2077 4145 2151 4208 ὡς
2181 4144 2352 4198 ἐδόκει
2381 4142 2680 4213 ἠγωνίζετο
2711 4145 2790 4207 εἰς
2818 4143 3103 4214 προδοσίαν
3131 4142 3224 4196 τοῦ
3257 4142 3598 4196 διδασκάλου.

2144 4234 2546 4303 Κατάστησον
2590 4235 2683 4288 ἐπ’
2709 4234 2896 4287 αὐτὸν
2922 4234 3290 4303 ἁμαρτωλόν.
3308 4233 3651 4305 Ἀμαρτωλὸς

2078 4327 2175 4397 μὲν
2204 4325 2368 4390 αὐτὸς
2398 4327 2427 4379 ὁ
2450 4326 2546 4396 τῆς
2574 4325 2845 4397 ἁμαρτίας
2872 4326 3100 4398 εὑρετὴς
3127 4328 3154 4379 ό
3179 4326 3422 4389 Σατανᾶς
3440 4344 3453 4355 ·
3484 4325 3547 4379 τὸ
3569 4326 3646 4391 δὲ,

404 4425 512 4481 tue,
547 4417 784 4485 positum
821 4424 906 4470 est
940 4430 1061 4486 pro,
1100 4413 1348 4469 futurum
1382 4423 1465 4471 est
1495 4425 1555 4468 ut
1580 4416 1966 4471 constituatur.
1998 4443 1999 4493 ξ

2113 4416 2480 4484 ατάστησον,
2510 4418 2629 4471 ἀντὶ
2654 4417 2769 4481 τοῦ,
2802 4417 2986 4488 μέλλει
3018 4415 3392 4470 καθίστασθαι.
3411 4417 3653 4471 Ἐπάὐ-

404 4508 575 4577 Super
617 4523 757 4572 eum,
803 4523 968 4579 super
1005 4522 1166 4577 quem
1211 4507 1317 4562 nisi
1360 4507 1694 4576 proditorem
1727 4505 1971 4561 Iudam?

404 4596 475 4652 Et
501 4596 742 4652 diabolus
767 4606 867 4651 stet
896 4614 931 4650 a
966 4595 1165 4651 dextris
1190 4595 1327 4665 ejus.
1362 4593 1420 4648 In
1449 4593 1715 4649 Zacharia
1749 4608 1972 4663 quoque

402 4685 663 4752 scriptum
707 4693 791 4738 est
822 4684 864 4714 “
898 4703 911 4738 :
943 4682 1014 4737 Et
1058 4685 1285 4737 ostendit
1324 4683 1456 4736 mihi
1495 4683 1755 4736 Dominus
1783 4683 1969 4736 Jesum

399 4772 725 4829 sacerdotem
773 4791 1054 4845 magnum,
1110 4784 1340 4829 stantem
1393 4784 1516 4828 ante
1562 4774 1751 4843 faciem
1798 4772 1970 4843 angeli

401 4865 648 4930 Domini,
688 4877 736 4920 et
761 4867 999 4922 diabolus
1028 4867 1205 4920 stabat
1240 4884 1273 4920 a
1305 4866 1503 4920 dextris
1534 4866 1672 4936 ejus,
1705 4873 1763 4919 ut
1788 4867 1972 4920 adver-

398 4970 609 5013 saretur
637 4959 758 5029 ipsi.
787 4957 905 5013 Non
936 4961 1257 5013 adversatur
1288 4966 1472 5012 autem
1498 4957 1676 5013 Iudae.

473 5046 523 5102 7.
550 5045 681 5103 Cum
701 5047 983 5117 judicatur
1020 5054 1171 5100 exeat
1211 5046 1608 5100 condemnatus.
1658 5044 1719 5100 in
1761 5045 1966 5114 futuro,

402 5140 599 5212 inquit,
632 5141 889 5195 tribunali
921 5140 1125 5194 nullam
1157 5139 1379 5194 habebit
1416 5137 1752 5194 defensionis
1797 5141 1969 5194 ratio-

401 5247 546 5286 nem.
580 5230 650 5285 Et
683 5233 854 5285 oratio
875 5230 989 5300 ejus
1023 5231 1120 5301 ﬁat
1147 5231 1204 5285 in
1241 5238 1533 5299 peccatum.
1567 5228 1799 5296 Quidam
1838 5240 1970 5284 sunt

399 5336 633 5390 quorum
655 5323 740 5378 vel
763 5323 880 5393 ipsa
898 5322 1072 5378 oratio
1093 5323 1147 5377 in
1172 5329 1455 5392 peccatum
1472 5321 1676 5388 evadit,
1692 5333 1771 5389 ut,
1792 5336 1968 5377 exem-

401 5412 473 5479 pli
494 5428 682 5480 causa,
709 5415 1014 5484 gentilium,
1045 5414 1139 5485 qui
1170 5413 1330 5470 idolis
1357 5413 1444 5469 vel
1483 5422 1748 5471 creaturae
1778 5429 1969 5485 preces

400 5501 677 5570 fundunt;
711 5515 765 5561 et
805 5506 1117 5563 Judaeornm
1158 5505 1256 5577 qui
1293 5505 1466 5563 Deum
1512 5506 1736 5577 quidem
1782 5515 1966 5575 orant,
2018 5554 2031 5568 .

488 5675 513 5710 ¹
550 5675 711 5733 Zach.
739 5697 818 5738 ιιι.
846 5686 889 5740 i.

2070 4509 2178 4564 τὸν
2204 4511 2260 4563 δὲ
2287 4509 2409 4564 τίνα
2447 4509 2482 4581 ἢ
2523 4510 2614 4563 τὸν
2654 4510 2917 4581 προδότην
2962 4508 3195 4573 Ἰούδαν;
3230 4511 3341 4562 Καὶ
3369 4509 3647 4575 διάϐολος

2071 4600 2269 4669 στήτω
2313 4599 2383 4653 ἐκ
2428 4597 2643 4662 δεξιῶν
2672 4599 2878 4652 αὐτοῦ.
2917 4598 3024 4651 Καὶ
3075 4600 3131 4650 ἐν
3178 4597 3254 4669 τῷ
3303 4596 3549 4668 Ζαχαρία
3588 4598 3646 4650 δέ

2072 4703 2234 4758 φησι’
2279 4686 2391 4740 Καὶ
2438 4685 2630 4751 ἐδειξέ
2670 4703 2772 4756 μοι
2815 4689 3030 4756 Κύριος
3068 4685 3302 4755 Ἰησοῦν
3344 4688 3452 4741 τὸν
3491 4686 3647 4755 ἱερέα

2070 4777 2177 4831 τόν
2200 4776 2414 4847 μέγαν,
2442 4776 2651 4830 ἑστῶτα
2691 4777 2795 4848 πρὸ
2825 4776 3113 4848 προσώπου
3145 4777 3375 4847 ἀγγέλου
3414 4778 3643 4852 Κυρίου,

2070 4868 2164 4920 καὶ
2190 4867 2432 4932 διάϐολος
2461 4871 2700 4940 εἱστήκει
2747 4872 2812 4922 ἐκ
2855 4868 3040 4934 δεξιῶν
3069 4869 3252 4934 αὐτοῦ,
3290 4869 3381 4923 τοῦ
3410 4871 3643 4924 ἀντικεῖ-

2073 4957 2194 5011 σθαι
2220 4960 2391 5031 αύτῷ.
2424 4960 2535 5013 Ούκ
2562 4961 2941 5014 ἀντίκειταιδέ
2975 4960 3052 5031 τῷ
3088 4960 3275 5034 Ἰούδᾳ.

2076 5072 2100 5095 σι
2152 5051 2249 5105 Ἑν
2281 5049 2361 5117 τῷ
2407 5052 2716 5119 κρίνεσθαι
2755 5051 2940 5105 αὑτὸν
2980 5051 3214 5117 ἐξέλθοι
3256 5048 3637 5119 καταδεδικα-

2069 5140 2418 5212 σμένος-,Ἐν
2469 5141 2547 5214 τῷ
2597 5142 2863 5214 μέλλοντι,
2897 5144 3051 5213 φησὶ,
3087 5142 3421 5213 δικαστηρίῳ
3452 5141 3637 5195 οὐδένα

2069 5235 2179 5301 ἕξει
2223 5233 2380 5304 λόγον
2420 5234 2734 5303 ἀπολογίας.
2768 5236 2876 5290 Καὶ
2919 5235 2958 5302 ἡ
3004 5233 3312 5303 προσευχὴ
3342 5231 3531 5287 αὑτοῦ
3554 5248 3638 5302 τε·

2069 5324 2262 5379 νέσθω
2284 5326 2371 5390 είς
2400 5323 2712 5393 ἁμαρτίαν.
2743 5326 2862 5379 Είσί
2883 5342 3024 5389 τινες
3041 5319 3115 5379 ὧν
3137 5323 3274 5395 αὑτὴ
3301 5324 3334 5395 ἡ
3362 5322 3635 5395 προσευχὴ

2069 5418 2148 5480 είς
2186 5415 2460 5487 ἁμαρτίαν
2492 5414 2719 5483 γίνεται,
2750 5416 2825 5480 ὡς
2864 5416 3030 5468 ἐθνῶν
3064 5413 3517 5485 προσευχομένων
3556 5413 3633 5463 εί-

2069 5505 2311 5576 δώλοις.ῆ
2336 5508 2402 5578 τῇ
2431 5505 2637 5559 κτίσει·
2666 5506 2758 5559 καὶ
2799 5505 3064 5560 Ἰουδαίων
3094 5505 3153 5557 ού
3185 5503 3272 5556 διὰ
3305 5501 3480 5572 Ἰησοῦ
3501 5498 3634 5574 Χρι-
