3946 6222
300 360 412 419 45⁸1

1422 360 1780 419 EXPOSITIO
1817 362 1883 417 1N
1921 362 2252 425 PSALMUM
2290 368 2470 427 CVIII.

3433 381 3536 437 458

315 479 443 536 στοῦ
477 479 928 564 προσευχομένων
958 477 1033 550 τῷ
1228 478 1318 532 καὶ
1343 480 1628 551 αίρετικῶν
1653 480 1880 551 εὐχομέ-

1987 482 2078 537 sed
2108 500 2215 538 non
2244 501 2338 555 per
2355 484 2537 542 Jesum
2563 484 2885 554 Christum;
2918 503 3125 545 necnon
3156 491 3537 554 haereticorum

321 592 426 628 νων
458 571 582 642 Θεῷ
606 573 709 625 οὐκ
726 571 837 624 δντι
855 588 867 601 ·
894 572 985 623 καὶ
1004 571 1447 642 προσευχομένων
1472 572 1527 625 δὲ
1555 575 1693 643 μετὰ
1716 574 1883 646 ὀργῆς

325 667 416 720 καὶ
445 663 531 718 διὰ
555 661 904 734 λογισμῶν,ἣ
934 662 1199 733 διψυχίας,
1222 665 1255 735 ἡ
1283 664 1554 736 προσευχὴ
1576 665 1782 735 γίνεται
1806 668 1882 732 είς

329 755 612 830 ἁμαρτίαν.

390 845 830 916 Γενηθήτωσαν
860 848 918 898 αἱ
954 845 1162 915 ἡμέραι
1192 844 1377 900 αὑτοῦ
1423 847 1635 918 ὀλίγαι.
1669 848 1884 915 Εὐθέως

324 938 430 1010 γὰρ
461 937 597 1010 μετὰ
623 937 721 1009 τὴν
745 937 1029 1009 προδοσίαν
1056 937 1259 1011 ἀγχόνῃ
1291 939 1476 993 ἑαυτὸν
1504 942 1884 1014 μεταχειρίσας

323 1020 631 1102 amttam,
659 1030 749 1083 καὶ
779 1031 877 1084 οὐκ
909 1030 1101 1100 ἐφάνη.
1139 1029 1248 1084 Καὶ
1270 1030 1384 1098 τὴν
1410 1032 1752 1102 ἐπισκοπὴν
1775 1037 1883 1089 αὐ-

322 1122 429 1175 τοῦ
459 1119 632 1174 λάϐοι
663 1118 880 1187 ἕτερος.
920 1120 1057 1191 Περὶ
1085 1118 1178 1172 τοῦ
1209 1119 1450 1174 Ματθίου
1486 1122 1647 1192 φησίν
1666 1137 1680 1151 ο
1724 1124 1882 1190 αὐτὸς

320 1214 431 1282 γὰρ
448 1210 699 1282 ἐλογίσθη
720 1213 799 1275 είς
814 1210 1152 1282 δικαιοσύνην
1180 1214 1259 1278 είς
1288 1212 1377 1266 τὸν
1402 1214 1600 1285 κλῆρον
1627 1214 1734 1268 τῶν
1756 1219 1886 1271 ἁπο-

321 1302 543 1357 στόλων.

386 1392 824 1462 Γενηθήτωοθαν
847 1395 900 1446 οἱ
929 1391 1045 1447 υἱοὶ
1069 1393 1252 1448 αὐτοῦ
1278 1394 1544 1463 ὀρφανοί.
1577 1395 1698 1449 Υίοὶ
1725 1396 1773 1448 οί
1799 1394 1885 1448 λο-

316 1485 505 1557 γισμοὶ
532 1484 695 1538 αὑτοῦ
715 1501 728 1514 ·
756 1484 979 1554 ὀρφανοὶ
1012 1484 1119 1555 γὰρ
1150 1483 1394 1552 ἐγένοντο
1420 1486 1525 1539 ἀπὸ
1547 1485 1646 1556 τῆς
1667 1486 1884 1557 χάριτος

316 1576 410 1630 τοῦ
454 1575 712 1648 Χριστοῦ.
756 1575 895 1646 Γυνὴ
925 1574 980 1627 δέ
1005 1577 1037 1645 ἡ
1068 1573 1213 1646 ψυχὴ
1252 1575 1415 1629 αὑτοῦ
1435 1593 1447 1607 ·
1490 1578 1748 1647 ἐχήρευσε
1776 1576 1882 1648 γὰρ

320 1670 410 1723 καὶ
437 1669 576 1739 αὐτὴ
607 1667 911 1721 ἐκπεσοῦσα
933 1666 1039 1720 ἀπὺ
1074 1667 1167 1720 τοῦ
1194 1668 1427 1738 Χριστοῦ
1462 1667 1548 1721 διὰ
1576 1668 1672 1740 τῆς
1702 1685 1879 1738 παρα-

316 1760 528 1829 νομίας.
564 1760 957 1826 Σαλευόμενοι
982 1755 1528 1825 μεταναστήτωοαν
1551 1759 1605 1810 οὶ
1630 1757 1745 1810 υἱοὶ
1774 1760 1880 1811 αὺ-

316 1850 421 1904 τοῦ
469 1848 570 1903 καὶ
609 1847 1123 1915 ἐπαιτησὰτωσαν.
1157 1850 1219 1901 Ol.
1252 1849 1360 1920 γὰρ
1406 1849 1651 1918 λογισμοὶ
1694 1848 1877 1914 αὐτοῦ,
1914 1832 1954 1887 Β

314 1939 406 2005 οὓς
453 1939 663 2010 ἔφαμεν
712 1933 848 1993 εἶναι
900 1940 1070 2003 υἱοὺς,
1105 1940 1437 2011 μετανάσται
1468 1942 1741 2012 γενόμενοι
1772 1942 1880 1995 ἀπὸ

254 2058 257 2061 ·
313 2031 405 2087 τοῦ
430 2029 691 2101 Χριστοῦ,
727 2032 806 2094 είς
833 2029 929 2101 τὴν
953 2029 1310 2102 φιλαργυρίαν
1340 2034 1495 2103 χεῖρα
1518 2030 1782 2097 ἐξέτειναν
1801 2035 1879 2097 εἰς

312 2120 376 2177 ἰδ
400 2120 684 2194 ἀργύριον,
715 2120 788 2184 ὡς
810 2120 1004 2184 ἐνδεεῖς
1033 2122 1125 2175 καὶ
1155 2124 1463 2193 προσαῖται.

393 2214 820 2282 Ἀναμνησθείη
865 2214 904 2281 ἡ
951 2213 1203 2282 ἁμαρτία
1244 2211 1361 2265 τῶν
1393 2212 1660 2282 πατέρων
1695 2212 1878 2266 αὐτοῦ

311 2302 516 2357 ἔναντι
545 2305 788 2372 Κυρίου.
816 2303 988 2357 Αὑτοῦ
1030 2304 1125 2358 τοῦ
1171 2304 1329 2357 λαοῦ·
1379 2305 1636 2358 συνάπτει
1669 2302 1776 2374 γὰρ
1800 2302 1878 2374 τῷ

313 2396 545 2467 προδότῃ
578 2395 669 2448 τὸν
700 2395 1011 2466 παράνομον
1040 2396 1187 2451 λαόν.
1206 2396 1456 2468 Ἀνομίαν
1480 2396 1536 2449 δέ
1559 2396 1666 2449 τῶν
1710 2396 1876 2449 πατέ-

313 2502 421 2558 ρων
446 2484 597 2555 λέγει
626 2485 688 2538 τὸ
719 2487 1031 2540 ἀποκτεῖναι
1059 2489 1183 2551 τοὺς
1211 2489 1514 2560 προφήτας,
1545 2487 1683 2541 κατὰ
1708 2488 1768 2541 τὸ
1799 2490 1877 2541 εί-

312 2579 548 2651 ρημένον
593 2578 699 2631 ὑπὸ
746 2577 853 2632 τοῦ
882 2578 1086 2651 Κυρίου
1108 2597 1120 2610 ·
1149 2579 1231 2633 ὄτι
1264 2580 1371 2633 πᾶν
1399 2574 1536 2651 αἷμα
1562 2580 1765 2635 δίκαιον
1788 2583 1879 2635 ἐκ-

311 2672 606 2742 χυνόμενον
653 2669 761 2723 ἀπὸ
798 2669 891 2724 τοῦ
921 2668 1083 2723 ’Λόελ
1107 2669 1210 2733 ἓως
1241 2671 1505 2742 Ζαχαρίου
1543 2670 1637 2724 τοῦ
1667 2673 1879 2743 προφή-

309 2776 399 2812 του
444 2758 859 2831 ἐκδικηθήσεται
906 2761 1013 2814 ἀπὸ
1060 2762 1159 2833 τῆς
1200 2763 1391 2830 γενεᾶς
1436 2761 1655 2834 ταύτης.
1696 2765 1805 2817 Καὶ
1838 2765 1876 2833 ἠ

310 2849 565 2918 ἁμαρτία
599 2850 710 2918 τῆς
744 2850 971 2920 μητρὸς
1002 2850 1186 2905 αὐτοῦ
1208 2851 1293 2922 μὴ
1325 2852 1722 2922 ἐξαλειφθείη.
1753 2855 1876 2925 Μη-

310 2942 442 3013 τέρα
488 2942 585 2996 τοῦ
628 2943 917 3008 δυσσεϐοῦς
961 2943 1088 2998 λαοῦ
1118 2946 1217 3016 τὴν
1250 2945 1490 3016 πονηρὰν
1514 2946 1726 3016 ἐκείνην
1752 2947 1876 3018 νοή-

314 3052 422 3100 σεις
448 3034 793 3107 συναγωγὴν,
842 3035 939 3107 τὴν
985 3035 1240 3101 πολλάκις
1266 3037 1759 3110 παραπικράνασαν
1786 3038 1876 3092 τὸν

309 3127 455 3181 Θεόν.

1983 575 2075 644 qui
2101 573 2267 631 Deum
2288 593 2398 632 non
2416 593 2541 632 vere
2570 577 2915 635 cxsistentem
2941 593 3099 638 orant
3130 602 3143 638 :
3184 586 3310 642 item
3338 603 3529 644 eorum

1982 666 2235 735 quicum
2286 669 2366 723 ira
2412 677 2467 724 et
2513 670 2936 739 cogitationibus
2974 675 3184 742 alienis,
3232 680 3317 733 vel
3349 681 3531 737 animo

1982 751 2181 822 duplici
2218 765 2529 825 precantur,
2565 759 2737 813 oratio
2765 760 2823 814 lit
2856 762 2909 816 iu
2942 774 3244 833 peccaturo.

2053 846 2107 899 8.
2148 845 2313 901 Fiant
2353 850 2462 903 dies
2515 849 2628 916 eius
2686 853 2862 919 pauci.
2902 853 3037 909 Nam
3081 859 3263 914 statim
3300 877 3331 915 a
3356 864 3540 933 prodi—

1984 935 2150 1001 tione,
2178 938 2371 1008 laqueo
2397 954 2454 994 se
2483 941 2783 1009 praefocans
2826 945 3051 1011 interiit,
3086 963 3187 1004 nec
3220 951 3359 1006 ultra
3390 954 3543 1008 visus

1983 1033 2085 1080 est.
2113 1025 2183 1080 Et
2205 1031 2560 1099 episcopatum
2604 1031 2719 1102 ejus
2761 1037 2985 1105 accipiat
3018 1038 3171 1093 aiter.
3203 1039 3279 1095 De
3320 1042 3543 1099 Matthia

1985 1117 2247 1187 loquitur,
2273 1121 2367 1189 qui
2404 1123 2469 1175 ad
2497 1127 2870 1193 apostolorum
2902 1129 3106 1184 clerum
3125 1131 3353 1201 justitiae
3376 1151 3541 1192 causa

1982 1211 2209 1267 allectus
2239 1223 2338 1268 est.

2055 1386 2229 1453 9,10.
2272 1389 2438 1445 Fiant
2486 1394 2588 1463 ﬁlii
2632 1397 2744 1464 ejus
2790 1399 3029 1461 orphani.
3080 1400 3200 1455 Filii
3260 1413 3389 1459 sunt
3425 1407 3543 1476 ejus

1982 1480 2335 1548 cogitationes
2364 1503 2376 1538 :
2406 1487 2634 1556 orphani
2671 1505 2906 1560 namque
2937 1494 3110 1562 gratia
3134 1494 3338 1550 Christi
3370 1495 3538 1550 fuere.

1984 1568 2134 1626 Uxor
2178 1585 2382 1643 autem,
2417 1577 2538 1647 ejus
2575 1588 2659 1633 est
2702 1581 2904 1648 anima,
2939 1599 3063 1637 nam
3108 1594 3161 1638 et
3215 1588 3330 1655 ipsa
3379 1588 3544 1642 vidua

1982 1662 2083 1718 fuit
2108 1664 2257 1736 lapsa
2297 1684 2328 1722 a
2363 1668 2581 1727 Christo
2608 1687 2703 1741 per
2740 1675 3083 1743 iniquitatem
3118 1693 3295 1733 suam.
3334 1677 3547 1743 Nutan-

1984 1763 2057 1809 tes
2079 1759 2469 1827 transferantur
2493 1762 2595 1830 ﬁlii
2629 1763 2740 1832 ejus
2764 1778 2810 1819 et
2836 1767 3145 1822 mendicent.
3178 1768 3545 1839 Cogitationes

1981 1846 2124 1915 enim
2158 1848 2299 1917 ejus,
2330 1866 2470 1920 quas
2499 1867 2622 1907 esse
2660 1854 2804 1909 tilios
2824 1856 2944 1924 ejus
2968 1856 3231 1924 diximus,
3261 1874 3290 1912 a
3322 1858 3542 1914 Christo

1980 1948 2222 2003 remotae,
2258 1954 2369 2009 pra:
2406 1943 2633 1998 avaritia
2669 1944 2735 1998 ad
2775 1947 3059 2014 pecuniam
3104 1963 3327 2002 manum
3348 1957 3539 2005 exten-

1979 2031 2196 2099 derunt,
2223 2042 2283 2088 ut
2309 2035 2463 2105 egeni
2498 2043 2552 2089 et
2591 2036 2845 2091 mendici.

2046 2213 2133 2266 14.
2168 2210 2235 2267 In
2255 2217 2562 2269 memoriam
2592 2217 2770 2271 redeat
2805 2219 3058 2288 iniquitas
3089 2228 3300 2288 patrum
3329 2220 3440 2285 eius
3480 2222 3537 2275 in

1980 2313 2262 2372 conspectu
2283 2302 2519 2359 Domini.
2540 2304 2733 2376 Populi
2765 2308 2934 2377 ipsius
2962 2309 3208 2363 videlicet
3232 2326 3247 2375 ;
3274 2310 3541 2379 proditori

1979 2407 2214 2462 namque
2245 2395 2713 2464 praavaricatorem
2738 2398 2996 2467 pupulum
3024 2399 3288 2470 adjungit.
3325 2399 3534 2470 lniqui-

1977 2492 2143 2540 tatem
2174 2494 2353 2540 autem
2383 2495 2598 2556 patrum
2624 2488 2774 2552 dicit,
2803 2489 2948 2558 quod
2982 2490 3282 2545 occiderint
3304 2494 3538 2562 prophe—

1978 2582 2086 2639 tas,
2114 2574 2267 2645 juxta
2293 2575 2424 2630 illud
2447 2577 2662 2632 Domini
2693 2579 2896 2634 dictum
2925 2581 2988 2646 ¹²,
3018 2581 3162 2651 quod
3190 2583 3397 2638 scilicet
3420 2598 3539 2638 om-

1978 2665 2065 2720 nis
2090 2666 2372 2736 sanguinis
2396 2667 2530 2737 justi
2559 2669 2714 2726 effusi
2736 2673 2806 2726 ab
2842 2672 3008 2728 Ahele
3040 2690 3211 2744 usque
3239 2673 3305 2728 ad
3333 2674 3539 2729 Zacha-

1977 2756 2115 2810 riam
2142 2758 2459 2829 prophetam
2491 2775 2650 2830 poena
2683 2762 2945 2817 sumenda
2977 2763 3048 2817 sit
3073 2764 3142 2818 ab
3169 2765 3270 2820 hac
3310 2780 3538 2833 genera-

1977 2848 2146 2903 tione.
2181 2846 2248 2902 Et
2270 2861 2538 2919 peccatum
2562 2853 2749 2906 matris
2777 2853 2891 2923 ejus
2912 2869 3014 2907 non
3031 2855 3291 2911 deleatur.
3309 2854 3534 2912 Matrem

1977 2939 2128 3010 impii
2150 2942 2354 3011 populi,
2376 2941 2679 3013 improbam
2706 2944 2851 2998 illam
2883 2942 3221 3017 Synagogam
3247 2924 3536 3020 intellig‘as,

1977 3046 2098 3102 qua:
2124 3032 2445 3104 plerumque
2473 3033 2640 3090 Deum
2664 3037 3024 3107 exasperavit.
3548 3026 3551 3029 ’

378 3218 701 3287 Γενηθήτω
732 3220 1006 3274 ἐναντίον
1024 3221 1242 3289 Κυρίου
1262 3219 1615 3287 διαπαντός-ο
1645 3222 1744 3277 καὶ
1782 3220 1877 3287 ἐξ·

2050 3215 2137 3270 15.
2182 3214 2305 3269 Fiat
2334 3226 2518 3270 contra
2548 3215 2831 3271 Dominum
2866 3235 3066 3289 semper
3096 3229 3144 3274 et
3175 3221 3435 3291 dispereo!
3475 3223 3541 3277 de

308 3298 689 3379 ὀλοθρευθεὼι
711 3311 777 3365 ἐκ
799 3309 910 3380 γῆς
936 3311 1001 3364 τὸ
1021 3312 1420 3383 μνημόσυνον
1459 3312 1674 3369 αὐτῶν.
1714 3315 1874 3380 Ὅσα,

310 3400 472 3471 φησιν
492 3440 508 3464 ,
539 3401 844 3473 ἐτόλμησαν
876 3402 962 3456 ἀεὶ
987 3401 1256 3473 Θεώμενος
1287 3404 1316 3455 6
1347 3401 1476 3466 Θεὸς
1502 3404 1755 3476 οὐδεμιᾶς
1782 3405 1878 3457 αύ-

308 3490 401 3545 τοῦ
431 3491 658 3557 ἀξιώσει
692 3491 936 3562 φειδοῦς·
985 3493 1061 3556 ὡς
1094 3493 1221 3563 περὶ
1251 3492 1465 3556 πάντων
1497 3494 1554 3547 δέ
1597 3494 1703 3548 τῶν
1745 3498 1877 3566 ὴπι-

312 3583 610 3653 στηκότων.
660 3583 771 3636 Καὶ
797 3585 858 3636 οὐ
893 3584 1051 3654 μόνον
1079 3582 1251 3651 λέγων
1293 3583 1490 3637 Ἰούδαν
1510 3623 1526 3648 ,
1554 3585 1621 3637 τὸ
1648 3587 1878 3655 μνημό-

307 3690 507 3727 συνον
530 3672 751 3740 αὐτῶν,
782 3673 884 3745 ἔφη
920 3673 1312 3745 πληθυντικῶς.
1351 3675 1540 3743 Λέγοις
1587 3677 1632 3729 δ’
1680 3676 1746 3729 ἂν
1785 3677 1878 3731 καὶ

309 3763 483 3827 ἄλλως
508 3764 752 3835 πατέρας
782 3764 950 3818 Ἰούδα
969 3765 1093 3828 τοὺς
1114 3765 1254 3818 κατὰ
1269 3764 1555 3836 προδοσίαν
1574 3766 1734 3819 αὐτὸν
1755 3783 1879 3835 γεν-

308 3857 597 3927 νήσαντας.
627 3847 785 3910 Οὗτοι
806 3855 850 3909 δ’
874 3855 941 3910 ἂν
970 3853 1079 3911 εἶεν
1102 3857 1151 3909 οί
1174 3855 1261 3909 διὰ
1282 3855 1390 3908 τῶν
1417 3856 1692 3927 ἀργυρίων
1716 3858 1877 3912 αὑτὸν

308 3948 785 4019 παρορμήσαντες.
820 3947 930 4001 Καὶ
958 3948 1173 4019 πρῶτος
1198 3949 1227 4000 6
1254 3947 1501 4018 ἐμϐαλὼν
1526 3949 1623 4020 τὴν
1651 3948 1876 4020 καρδίαν

309 4039 475 4092 αὑτοῦ
503 4041 769 4104 Σατανᾶς,
786 4040 944 4093 καὶοὶ
969 4038 1178 4110 ἔχοντες
1210 4039 1398 4109 σοφίαν
1427 4038 1612 4093 τούτου
1634 4040 1727 4093 τοῦ
1751 4040 1878 4094 αἱῶ-

309 4149 397 4195 νος
422 4133 707 4204 ἄρχοντες,
732 4132 858 4202 περὶ
882 4124 954 4184 ὧν
976 4133 1004 4184 6
1028 4131 1237 4196 Παῦλος
1262 4149 1424 4204 φησιν
1444 4148 1459 4162 ο
1474 4134 1542 4185 El
1566 4133 1675 4203 γὰρ
1695 4133 1875 4203 ἔγνω-

311 4238 452 4285 σαν,
484 4223 557 4276 οὐ
579 4223 799 4298 Κύριον
830 4221 939 4291 τῆς
970 4222 1154 4290 δόξης
1186 4224 1592 4291 ἐσταύρωσαν.
1648 4225 1756 4279 Καὶ
1782 4224 1878 4290 ἐξ-

313 4313 689 4381 ολοθρευθείη
714 4314 783 4366 ἐκ
806 4312 917 4383 τῆς
940 4313 1004 4366 τὸ
1023 4316 1419 4383 μνημόσυνον
1438 4314 1640 4368 αὐτοῦ.
1656 4314 1728 4367 Τὸ
1743 4332 1877 4386 μνη-

320 4401 543 4472 μόσυνον
570 4400 737 4455 αὑτοῦ
765 4399 859 4455 τοῦ
888 4400 1066 4475 ,Ἰούδα
1100 4402 1261 4473 φησίν
1281 4420 1294 4432 ·
1324 4403 1357 4474 ἢ
1401 4404 1493 4456 καὶ
1522 4402 1694 4466 ἄλλως
1712 4441 1727 4466 ,
1768 4403 1876 4456 τῶν

319 4492 589 4563 ἀρχόντων
642 4492 863 4546 ἐκείνων
909 4492 1017 4547 τῶν
1074 4492 1213 4546 κατὰ
1258 4493 1493 4564 Χριστοῦ
1546 4492 1870 4548 συστάντων.

1980 3314 2124 3361 terra
2161 3308 2411 3362 memoria
2457 3324 2658 3364 eorum.
2718 3309 2883 3374 Cum,
2933 3312 3127 3379 inquit,
3180 3311 3322 3369 Deus
3356 3317 3541 3370 omnia

1977 3398 2096 3468 ejus
2125 3396 2368 3454 facinora
2394 3414 2608 3470 semper
2638 3399 2864 3467 viderit,
2905 3401 3212 3458 nullatenus
3256 3405 3543 3460 miserabi-

1976 3496 2068 3544 tur
2095 3505 2241 3556 eum,
2277 3491 2501 3560 perinde
2526 3500 2686 3561 atque
2709 3506 2899 3548 omnes
2925 3494 3017 3563 qui
3043 3510 3148 3548 nou
3170 3494 3537 3552 crediderunt.

1976 3577 2164 3649 Neque
2192 3580 2336 3633 enim
2369 3581 2435 3635 de
2468 3581 2584 3636 solo
2611 3579 2750 3636 Juda
2783 3582 3043 3651 loquitur,
3080 3600 3201 3639 cum
3236 3586 3535 3655 pluraliter,

1978 3671 2233 3724 memoria
2282 3687 2483 3736 eorum,
2532 3671 2766 3728 dicatur.
2816 3673 2936 3727 Alio
3003 3675 3162 3729 modo
3206 3676 3312 3730 dici
3364 3688 3541 3747 potest

1977 3772 2159 3832 patres
2192 3761 2344 3818 Iudae
2389 3763 2640 3830 indicari,
2678 3765 2771 3833 qui
2807 3766 2872 3819 ad
2922 3763 3282 3835 proditionem
3328 3785 3532 3839 genuc-

1977 3860 2107 3907 runt
2133 3851 2306 3905 illum.
2359 3849 2426 3904 Hi
2478 3860 2659 3905 autem
2695 3851 2917 3919 fuerint,
2972 3855 3064 3924 qui
3111 3872 3206 3924 per
3251 3867 3539 3927 argenteos

1977 3940 2333 4011 perpulerunt
2372 3939 2547 3993 illum.
2581 3940 2647 3993 Et
2678 3940 2886 4009 primus
2933 3943 3123 3996 eorum
3176 3942 3404 3999 Satanas
3432 3958 3536 4013 εει,

1977 4033 2073 4102 qui
2110 4031 2337 4086 immisit
2366 4031 2422 4084 in
2453 4045 2547 4085 cor
2564 4031 2704 4100 ejus,
2732 4046 2942 4086 necnon
2980 4034 3248 4103 principes
3273 4036 3538 4105 sapientia

1977 4122 2188 4193 praediti
2216 4121 2444 4191 hujusce
2465 4123 2676 4188 mundi,
2700 4124 2766 4178 de
2787 4124 2986 4190 quibus
3014 4123 3091 4177 ait
3115 4123 3316 4180 Paulus
3347 4144 3362 4180 :
3394 4124 3539 4179 Nam

1977 4215 2024 4267 si
2054 4215 2435 4284 cognovissent,
2470 4232 2736 4287 nunquam
2777 4216 3060 4271 Dominum
3108 4219 3293 4287 gloria:
3330 4219 3541 4288 cruciﬁ-

1975 4311 2180 4360 xissent
2199 4305 2264 4360 “.
2292 4304 2363 4359 Et
2393 4307 2657 4376 dispereat
2678 4306 2741 4361 de
2761 4318 2900 4361 terra
2922 4309 3172 4362 memoria
3200 4325 3397 4363 eorum.
3429 4309 3543 4365 Me-

1978 4397 2152 4452 moria
2201 4394 2355 4452 Juda:
2401 4398 2646 4462 scilicet;
2707 4408 2802 4453 aut
2846 4399 2953 4453 alio
3002 4400 3184 4464 modo,
3234 4401 3540 4471 principum

1978 4504 2167 4544 eorum
2208 4489 2302 4559 qui
2348 4489 2608 4545 adversus
2652 4490 2930 4545 Christum
2962 4505 3071 4544 uua
3114 4501 3399 4548 steterunt.
3431 4492 3539 4549 Ne~

319 4582 447 4638 osse
489 4583 601 4656 γὰρ
650 4584 870 4656 σπέρμα
913 4583 1087 4639 αὐτῶν
1145 4584 1355 4655 ἔμεινεν
1402 4586 1481 4649 εἰς
1539 4585 1875 4656 μνημόσυνον

1987 4596 2088 4651 que
2139 4582 2285 4636 enim
2318 4596 2502 4636 semen
2546 4597 2735 4636 eorum
2790 4583 3051 4637 remansit
3099 4583 3165 4638 ad
3220 4587 3542 4645 memoriam

319 4674 509 4730 αὐτῶν.

396 4765 540 4821 ‘Arﬂ‘
560 4760 651 4820 ὧν
672 4767 784 4820 οὐκ
805 4765 1075 4836 ἐμνήσθη
1099 4764 1341 4835 ποιῆσαι
1365 4765 1554 4832 ἕλεος.
1606 4766 1679 4820 Τὸ
1706 4767 1872 4831 ἕλεος.

319 4857 498 4927 φησιν,
523 4857 623 4909 οὐκ
649 4856 879 4927 ἠθέλησε
907 4854 1158 4920 δέξασθαι
1181 4856 1208 4909 ὅ
1239 4855 1464 4910 δέδωκεν
1488 4857 1516 4908 6
1550 4855 1737 4927 Πατὴρ
1763 4860 1874 4920 τοῖς

319 4944 638 5016 ἀνθρώποις,
669 4945 765 4999 καὶ
787 4945 924 5016 πρὸς
949 4950 1061 5010 τοῖς
1090 4948 1272 5009 αὐτοῖς
1293 4948 1403 5009 τοῖς
1425 4944 1723 4999 ἀπολωλόσι
1744 4964 1876 5017 προ-

320 5032 499 5099 εάτοις
527 5034 623 5089 τοῦ
665 5034 902 5107 Ἰσραήλ.
934 5035 1006 5088 T6
1027 5034 1165 5107 γὰρ,
1198 5036 1448 5107 ποιῆσαι,
1479 5035 1598 5088 ἀντὶ
1625 5032 1719 5087 τοῦ
1741 5076 1755 5102 ,
1786 5034 1873 5087 δέ·

321 5127 502 5191 ξασθαι
518 5168 535 5193 ,
573 5127 838 5181 τέθεικεν.

382 5221 488 5275 Καὶ
517 5210 877 5293 κατεδίωξεν
899 5220 1208 5290 ἄνθρωπον
1240 5218 1465 5284 πένητα
1495 5216 1591 5270 καὶ
1615 5217 1871 5285 πτωχόν.

317 5308 479 5366 Αὐτόν
500 5330 636 5384 φησι
660 5313 753 5366 τὸν
772 5312 993 5384 Κύριον,
1015 5311 1079 5378 ὃς
1098 5310 1435 5378 ἐπτώχευσε
1458 5309 1749 5374 πλούσιος
1770 5305 1873 5372 ὢν,

318 5400 387 5455 Ir‘
418 5404 589 5473 ἡμεῖς
630 5402 708 5470 τῇ
745 5402 931 5458 αὐτοῦ
961 5402 1217 5471 πτωχείᾳ
1261 5399 1710 5468 πλουτήσωμεν.
1764 5397 1874 5452 Καὶ

316 5494 830 5567 naturaruwa
850 5491 926 5563 τῇ
954 5493 1165 5563 καρδίᾳ
1192 5491 1297 5546 τοῦ
1325 5489 1677 5546 θανατῶσαι.
1731 5488 1876 5543 ’Δντὶ

371 5741 624 5799 “Matth.
655 5692 817 5819 nui,
851 5737 941 5794 55.
1018 5735 1248 5792 "iCor.
1282 5752 1342 5801 ιι,
1369 5736 1422 5793 8.
1497 5737 1542 5769 ³⁸
1567 5734 1609 5790 ll
1642 5733 1768 5789 Cor.
1802 5748 1921 5800 vm,
1951 5730 2003 5786 9.

640 5834 915 5896 PATROL.
948 5832 1064 5896 GR.
1098 5830 1362 5893 XXVII.

1979 4687 2189 4727 eorum.

2054 4763 2142 4818 16.
2177 4762 2285 4817 Pro
2316 4780 2375 4818 eo
2413 4763 2552 4835 quod
2580 4780 2682 4817 non
2711 4772 2788 4817 est
2826 4765 3129 4820 recordatus
3169 4765 3342 4832 facere
3386 4767 3545 4822 mise-

1987 4854 2295 4908 ricordiam.
2321 4852 2528 4918 Noluit,
2557 4854 2753 4923 inquit,
2795 4854 3226 4910 misericordiam
3274 4857 3540 4926 accipere,

1981 4961 2144 5015 quam
2171 4945 2320 5000 dedit
2352 4943 2513 4999 Pater
2557 4944 2894 5012 hominibus,
2943 4955 2996 5000 et
3033 4947 3166 5017 ipsis
3199 4949 3390 5001 ovibus
3423 4962 3544 5016 qua:

1980 5036 2255 5105 perierant
2281 5049 2351 5089 ex
2383 5033 2569 5089 lsrael.
2617 5031 2777 5100 Nam,
2814 5033 3010 5103 facere,
3061 5036 3153 5090 hic
3194 5037 3431 5107 positum
3463 5043 3551 5108 est

1979 5141 2100 5197 pro.
2136 5125 2402 5194 accipere.

2051 5217 2138 5270 17.
2174 5215 2242 5271 Et
2286 5224 2584 5286 persecutus
2610 5223 2686 5270 est
2718 5215 2979 5271 hominem
3022 5218 3222 5286 inopem
3271 5226 3319 5269 et
3346 5216 3540 5269 mendi-

1982 5324 2119 5363 cum.
2149 5306 2330 5378 Ipsum
2379 5308 2456 5361 ait
2485 5305 2799 5372 Dominum,
2852 5308 2941 5378 qui
2991 5307 3162 5375 factus
3220 5315 3295 5360 est
3345 5322 3543 5377 pauper

1982 5417 2101 5455 cum
2129 5399 2270 5453 dives
2300 5407 2449 5464 esset,
2482 5408 2539 5452 ut
2576 5414 2668 5452 nos
2719 5398 2831 5467 ejus
2856 5398 3035 5465 inopia
3078 5397 3446 5452 ditesceremus
3477 5397 3542 5454 "'.

1984 5490 2053 5547 Et
2086 5501 2451 5563 tompunctum
2476 5491 2630 5546 corde
2654 5490 2991 5559 morti/icore.
3024 5487 3081 5551 Id
3105 5496 3208 5556 est,
3232 5490 3501 5547 dolentem
3524 5508 3541 5562 ;

3168 5798 3259 5884 ἰδ
