3946 6222
442 334 551 405 ιεςε

1269 339 1326 395 S.
1365 339 1734 396 ATHANASll
1780 339 1929 398 OPP.
1967 342 2148 398 PARS
2188 341 2277 398 Ill.
2320 374 2389 385 —
2424 341 2813 404 EXEGETICA

3553 346 3657 406 ιθο

442 462 658 522 dolebat
692 446 837 519 enim
865 461 1051 517 videns
1075 474 1265 516 eorum
1293 460 1608 530 perniciem.
1645 458 1805 516 Hune.
1834 461 1994 534 igitur

2102 461 2195 516 τοῦ
2215 502 2230 527 ,
2253 461 2589 533 λυπούμενον
2606 478 2622 492 ·
2664 457 2921 515 ’ἐλυπεῖτο
2943 457 3052 530 γὰρ
3082 455 3222 531 ὁρῶν
3248 456 3423 513 αὐτῶν
3444 459 3542 532 τὴν
3563 463 3668 516 ἀπ-

440 560 533 631 qui
564 567 785 630 propter
816 570 910 613 eos
941 553 1156 609 dolebat
1185 555 1254 609 ad
1277 563 1507 610 mortem
1537 554 1871 624 quaerebant.

514 741 692 805 18,19.
710 740 779 795 Et
793 738 977 794 dilexit
993 735 1505 794 maledictionem....
1521 749 1569 793 et
1588 738 1764 792 induit
1779 738 2000 793 maledi-

434 808 668 889 ctionem‘
702 834 838 887 sicut
871 831 1249 886 vestimentum.
1295 829 1546 897 Quando,
1592 829 1788 900 inquit,
1835 830 1997 885 linem

435 926 694 980 facientes
726 939 812 977 me
838 922 1213 987 benedicendi,
1257 922 1588 977 maledicunt
1633 922 1763 976 mihi
1812 922 1996 992 quoti-

433 1020 520 1073 die
550 1036 562 1072 :
602 1018 653 1072 id
692 1031 926 1086 namque
959 1016 1028 1069 ad
1055 1017 1198 1069 hunc
1232 1029 1405 1085 usque
1428 1015 1570 1069 diem
1597 1012 1766 1069 Judaei
1795 1024 1994 1085 agunt;

434 1110 556 1165 ideo
591 1110 775 1164 omnia
813 1108 1064 1178 superius
1097 1118 1396 1163 memorata
1431 1108 1682 1163 evenient
1728 1107 1882 1177 ipsis.
1924 1105 1994 1161 Et

432 1204 645 1257 intravit
698 1204 832 1257 sicut
877 1217 1014 1274 aqua
1066 1203 1120 1256 in
1176 1202 1430 1256 interiora
1488 1201 1621 1270 ejus.
1661 1198 1780 1255 Non
1834 1199 1995 1255 modo

433 1296 578 1350 enim
606 1294 848 1349 exterius
881 1295 973 1348 sed
996 1294 1157 1349 etiam
1199 1293 1427 1348 interius
1462 1292 1872 1347 circumsistunt
1896 1305 1994 1345 uos

433 1388 575 1441 mala
610 1386 949 1441 inundantia.
1001 1384 1071 1440 Et
1109 1387 1244 1438 sicut
1294 1385 1461 1440 oleum
1504 1386 1557 1438 in
1596 1384 1797 1438 ossibus
1829 1382 1988 1465 .ejus.

430 1477 619 1534 Oleum
642 1480 784 1533 enim
810 1478 973 1533 habet
1002 1477 1248 1533 stabilem
1292 1477 1686 1531 humiditatem.
1725 1475 1991 1530 Malorum

431 1556 597 1640 porro
628 1571 914 1626 colluviem
941 1570 1092 1625 dicit.
1119 1569 1395 1638 Siquidem
1426 1584 1566 1638 aqua
1594 1568 1990 1622 vehementiam

427 1663 690 1730 denotat;
729 1663 906 1717 oleum
928 1670 1109 1716 autem
1144 1661 1515 1716 stabilitatem.
1557 1659 1767 1725 Quibus
1815 1659 1991 1730 inquit

429 1754 597 1827 malis;
642 1753 800 1824 quasi
843 1752 1167 1808 vestimento
1214 1753 1510 1822 operiatur,
1565 1758 1620 1805 et
1661 1749 1817 1821 quasi
1852 1765 1987 1804 zona

428 1840 812 1915 praecingatur.
1504 1850 1508 1856 “

436 1934 439 1937 ’
498 1936 587 1991 20.
626 1934 740 1989 Hoc
785 1952 912 2005 opus
957 1952 1137 1989 eorum
1191 1935 1279 2005 qui
1330 1934 1611 1989 detrahunt
1665 1933 1795 1987 mihi
1846 1932 1986 2003 apud

428 2008 736 2092 Dominum,
765 2036 815 2080 et
850 2027 939 2095 qui
969 2026 1258 2097 loquuntur
1301 2024 1445 2079 mala
1475 2027 1723 2080 adversus
1754 2027 1986 2078 animam

427 2135 619 2173 meam.
656 2116 769 2173 Hos
789 2117 1088 2188 percipient
1115 2116 1323 2172 fructus
1349 2117 1440 2186 qui
1476 2117 1661 2171 odium
1696 2116 1981 2172 adversum

427 2196 529 2283 me,
554 2192 932 2280 susceperunt,
966 2219 1020 2264 et
1040 2208 1284 2279 proditor
1322 2209 1415 2279 qui
1441 2222 1630 2264 eorum
1669 2207 1986 2263 administer

425 2300 549 2358 fuit;
595 2301 733 2356 Cum
771 2302 915 2357 enim
950 2316 1076 2356 eum
1114 2299 1226 2355 Deo
1266 2300 1637 2356 adversarium
1677 2314 1741 2354 ac
1774 2314 1982 2369 praeva-

423 2395 711 2449 ricatorem
753 2401 1030 2461 vocarent,
1064 2392 1190 2463 jure
1244 2392 1362 2447 ait:
1394 2390 1499 2457 Qui
1534 2391 1814 2445 detrahunt
1854 2391 1983 2445 mihi

418 2474 560 2555 apud
586 2481 892 2538 Dominum.
1196 2490 1197 2493 ‘

425 2565 437 2575 ’
490 2572 583 2632 ειξ
614 2576 685 2631 Et
718 2585 797 2645 tu,
846 2576 1089 2642 Domine,
1130 2574 1373 2642 Domine,
1416 2576 1505 2645 fac
1544 2591 1744 2630 mecum
1770 2585 1982 2646 propter

414 2655 813 2724 nonzen‘tuum.
867 2666 995 2723 Haec
1044 2668 1173 2722 item
1209 2668 1471 2724 Dominus
1499 2667 1753 2723 Christus
1782 2682 1980 2723 secun-

414 2744 991 2834 dunihumanitatem
1024 2760 1290 2829 loquitur.
1324 2758 1573 2815 Humana
1605 2761 1750 2814 enim
1798 2760 1979 2815 omnia

412 2834 609 2920 praeter
652 2861 929 2920 peccatum
962 2851 1225 2922 implevit.
1271 2849 1441 2907 Natus
1471 2853 1616 2906 enim
1660 2861 1743 2908 est
1778 2868 1976 2908 secun-

412 2941 543 2995 dum
569 2940 783 2996 natura:
809 2941 1002 3013 legem.
1034 2940 1195 2998 Nasci
1222 2942 1367 2996 enim
1397 2957 1464 2996 ex
1496 2942 1745 3009 muliere,
1782 2942 1835 2997 id
1868 2943 1975 2997 hu-

410 3044 588 3086 mana:
616 3040 826 3087 natura:
854 3042 971 3100 est;
1003 3049 1167 3105 supra
1188 3034 1480 3089 humanam
1512 3042 1693 3088 autem
1720 3044 1974 3089 naturam

409 3123 705 3195 est,_nasci
737 3137 804 3178 ex
841 3123 1070 3192 virgine.
1101 3124 1337 3181 Admisit
1365 3139 1577 3195 pannos
1604 3136 1659 3180 et
1683 3124 1971 3180 circumci-

410 3192 644 3280 sionem,
678 3228 889 3271 necnon
921 3213 1077 3270 lactis
1107 3215 1424 3271 alimentum
1452 3235 1464 3270 :
1509 3216 1715 3272 hostias
1751 3217 1968 3285 obtulit,

405 3290 694 3371 jejuuavit,
735 3304 981 3370 esurivit,
1031 3306 1223 3367 sitivit,
1270 3307 1449 3362 lassus
1489 3305 1630 3373 fuit;
1677 3306 1750 3361 ita
1780 3306 1872 3361 diu
1905 3323 1970 3363 o-

409 3409 564 3450 rasse
604 3395 753 3449 illum
778 3397 833 3450 in
863 3397 1035 3453 sacris
1065 3395 1370 3469 Evangeliis
1397 3400 1658 3470 scriptum
1688 3410 1790 3455 est.
1823 3401 1971 3455 Pari-

409 3497 602 3556 terque
641 3503 787 3543 nunc
824 3489 1063 3545 humano
1121 3506 1275 3546 more
1304 3491 1548 3546 divinum
1593 3492 1845 3562 implorat
1867 3509 1969 3548 au-

406 3577 618 3631 xilium.
652 3631 656 3635 .
1967 3587 1970 3589 Α

418 3670 421 3673 ’
476 3669 565 3725 2‘2.
598 3668 790 3724 Libera
819 3686 898 3724 me
926 3671 1049 3740 quia
1071 3687 1260 3742 egenus
1278 3682 1326 3726 et
1346 3689 1545 3743 pauper
1564 3690 1655 3745 ego
1681 3690 1819 3729 sum.
1855 3671 1970 3731 Hoc

403 3762 473 3816 ab
506 3762 625 3831 ipso
656 3763 710 3817 iu
734 3764 905 3818 sacris
932 3762 1239 3835 Erangeliis
1273 3766 1472 3821 dictum
1504 3768 1832 3823 invenimus.
1864 3767 1969 3823 Ac-

403 3869 661 3909 cessurus
685 3854 828 3909 enim
861 3855 924 3909 ad
954 3857 1265 3924 passionem
1300 3858 1378 3911 ait
1403 3877 1415 3911 :
1456 3856 1615 3912 Nunc
1643 3861 1823 3914 anima
1853 3877 1967 3915 mea

402 3947 614 4005 turbata
648 3957 746 4003 est.
767 3939 841 4002 Et
868 3950 994 4019 quid
1030 3950 1204 4003 dicam
1232 3952 1256 4002 .9
1285 3951 1466 4017 Pater,
1496 3952 1640 4007 salva
1673 3971 1751 4008 me
1779 3971 1844 4008 ex
1868 3956 1966 4009 Itac

399 4040 549 4095 liora.
578 4039 751 4107 Abba,
783 4050 1058 4111 propterea
1093 4043 1206 4096 veni
1230 4042 1284 4095 in
1315 4043 1449 4097 Izauc
1479 4044 1664 4097 harant
1689 4046 1752 4100 “’.

414 4204 418 4207 Δ
467 4212 557 4271 25.
598 4212 747 4268 Sicut
778 4215 965 4267 umbra
1005 4230 1122 4268 cum
1157 4216 1388 4270 declinat
1428 4216 1639 4271 ablatus
1665 4235 1798 4271 sum.
1834 4216 1965 4273 Pcr-

399 4301 526 4356 inde
554 4313 726 4375 atque
768 4304 961 4358 umbra
999 4306 1300 4373 declinans,
1353 4309 1516 4364 linem
1558 4310 1682 4364 vita;
1731 4311 1912 4365 inveni
1946 4330 1960 4366 :

397 4392 491 4447 sed
519 4401 571 4445 et
600 4393 776 4446 ἱιιειιιι·
803 4394 1140 4450 locustarum
1168 4412 1199 4450 a
1230 4408 1391 4453 vento
1423 4400 1848 4471 circumquaque
1875 4417 1964 4456 ra—

2099 554 2309 609 ώλειαν.
2333 554 2532 610 Τοῦτον
2561 550 2652 609 οὖν
2677 554 2770 608 τὸν
2797 553 2864 607 δι’
2880 552 3072 616 αὐτοὺς
3094 550 3424 623 λυπούμενον
3446 552 3664 609 ἐδίωκον

2099 646 2421 702 θανατῶσαι.

2179 739 2288 793 Καὶ
2307 739 2584 810 ἠγάπησε
2611 740 2876 809 κατάραν
2911 778 2927 795 .
2955 781 2968 794 .
2999 782 3012 796 .
3039 780 3055 795 .
3083 778 3097 793 .
3126 780 3139 793 .
3170 778 3184 793 .
3217 739 3314 793 καὶ
3338 740 3665 795 ἐνεδύσατο

2095 829 2363 898 κατάραν
2392 832 2531 885 ὡσεὶ
2565 831 2814 902 ἱμάτιον.
2858 834 3096 904 Ἐπειδὴ,
3126 835 3288 904 φησὶν
3307 875 3321 898 ,
3349 835 3574 903 ἀφέντες
3604 834 3664 888 τὸ

2095 921 2334 990 εὐλογεῖν
2354 923 2472 993 ἐμὲ,
2502 923 2621 977 καθ’
2647 925 2883 997 ἑκάστην
2908 927 3121 997 ἡμέραν
3143 927 3485 995 καταρῶνται
3506 949 3518 961 ο
3542 909 3654 979 τοῦ·

2044 1023 2056 1039 '
2094 1030 2155 1065 το
2177 1011 2284 1083 γὰρ
2313 1012 2471 1083 μέχρι
2497 1015 2596 1084 τῆς
2616 1016 2854 1087 σήμερον
2890 1016 3158 1083 Ἰουδαίων
3180 1016 3363 1080 παῖδες
3390 1016 3659 1070 ποιοῦσινο

2092 1103 2281 1156 τούτου
2312 1104 2469 1176 χάριν
2495 1105 2672 1158 πάντα
2700 1108 2881 1171 αὐτοῖς
2911 1109 2977 1161 τὰ
3011 1109 3412 1181 προλελεγμένα
3442 1110 3663 1181 γενήσε-

2093 1210 2201 1247 ται.
2244 1195 2353 1249 Καὶ
2386 1194 2673 1265 εἰσῆλθεν
2698 1199 2839 1253 ὡσεὶ
2873 1199 3028 1268 ὕδωρ
3060 1204 3147 1267 είς
3183 1202 3253 1255 τὰ
3289 1200 3508 1269 ἔγκατα
3552 1204 3659 1256 αὺ-

2092 1286 2221 1340 τοῦ.
2249 1288 2321 1339 υὺ
2342 1288 2449 1357 γὰρ
2471 1287 2666 1351 ἔξωθεν
2691 1291 2870 1361 μόνον,
2889 1291 3023 1346 ἀλλὰ
3047 1294 3139 1345 καὶ
3158 1291 3362 1345 ἔνδοθεν
3392 1292 3661 1364 περίκειν-

2090 1393 2179 1430 ται
2208 1377 2278 1431 τὰ
2300 1382 2442 1433 κακά
2473 1380 2881 1452 περικλύζοντα.
2916 1385 3023 1438 Καὶ
3049 1384 3191 1437 ὡσεὶ
3212 1385 3416 1439 ἔλαιον
3447 1386 3515 1439 ἐν
3535 1385 3658 1454 τοῖς

2092 1469 2325 1536 ὀστέοις
2361 1473 2565 1528 αὐτοῦ.
2630 1474 2799 1529 Τοῦτο
2826 1476 2935 1547 γὰρ
2968 1476 3079 1547 ἔχει
3118 1477 3338 1548 μόνιμον
3365 1478 3462 1549 τὴν
3496 1479 3656 1551 ὑγρό-

2089 1578 2246 1630 τητα.
2279 1564 2455 1637 Φοράν
2480 1565 2538 1619 δέ
2570 1583 2701 1638 φησι
2731 1569 3061 1644 κακῶν,τοῦ
3098 1570 3195 1639 μὲν
3227 1570 3415 1633 ὓδατος
3439 1572 3500 1624 τὸ
3526 1587 3657 1640 σφο-

2087 1650 2211 1723 δρὸν
2236 1654 2549 1725 δηλοῦντος,
2593 1656 2686 1709 τοῦ
2715 1657 2772 1710 δὲ
2802 1658 2980 1712 ἐλαίου
3009 1660 3067 1713 τὸ
3088 1660 3342 1730 μόνιμον.
3413 1661 3530 1730 Ὑφ’
3559 1655 3654 1729 ὧν,

2091 1743 2245 1814 φησὶ,
2273 1746 2366 1799 καὶ
2397 1747 2472 1812 ὡς
2500 1750 2558 1803 ἐν
2582 1749 2768 1822 ἐσθῆτι
2800 1749 3174 1819 καλυπτέσθω,
3195 1752 3288 1804 καὶ
3314 1752 3390 1818 ὡς
3417 1752 3653 1828 ζωστῆρι

2018 1828 2062 1884 Β
2092 1838 2424 1905 σφιγγέσθω.
2484 1872 2487 1879 -

2163 1930 2343 1983 Τοῦτο
2390 1931 2457 1985 τὸ
2500 1932 2679 2004 ἔργον
2700 1934 2819 1989 τῶν
2845 1934 3356 1991 ἐνδιαϐαλλόντων
3395 1938 3491 1991 καί
3538 1936 3656 1991 τῶν

2086 2022 2435 2077 λαλούντων
2456 2026 2687 2093 πονηρὰ
2713 2025 2823 2094 τῆς
2851 2024 3058 2095 ψυχῆς
3077 2046 3216 2097 μου.
3265 2028 3497 2092 Τούτους
3521 2046 3650 2100 τρυο

2084 2114 2310 2183 γήσουσι
2342 2115 2467 2177 τοὺς
2496 2116 2740 2186 καρποὺς
2764 2117 2812 2168 οί
2841 2115 2902 2168 τὸ
2931 2116 3066 2188 πρὸς
3097 2118 3195 2188 ἐμὲ
3226 2120 3379 2189 μῖσος
3401 2104 3654 2183 ἀναδεξά-

2088 2221 2256 2275 μενοι,
2284 2205 2377 2260 καὶ
2403 2206 2431 2259 ὁ
2460 2205 2666 2270 τούτοις
2698 2207 3052 2279 ὑπουργήσας
3078 2208 3366 2280 προδότης.
3431 2209 3648 2281 Ἐπειδὴ

2082 2295 2191 2367 γὰρ
2222 2296 2464 2350 ἀντίθεον
2496 2298 2658 2353 αὐτὸν
2689 2299 2783 2353 καὶ
2809 2299 3120 2370 παράνομον
3152 2301 3396 2366 ἐκάλουν,
3430 2303 3652 2366 εἰκότως

2081 2383 2202 2441 εἷπε
2222 2404 2235 2419 °
2276 2388 2399 2445 Τῶν
2421 2389 2932 2445 ἐνδιαϐαλλόντων
2948 2408 3026 2461 με
3058 2393 3216 2461 παρὰ
3237 2396 3476 2462 Κυρίου.

2147 2571 2256 2625 Καὶ
2290 2570 2392 2636 σὺ,
2423 2573 2630 2640 Κύριε,
2667 2576 2871 2642 Κύριε,
2907 2575 3167 2643 ποίησον
3190 2577 3315 2646 μετ’
3340 2578 3486 2647 ἐμοῦ
3515 2578 3647 2634 ἔνε-

2079 2678 2185 2715 κεν
2202 2662 2309 2716 τοῦ
2333 2664 2624 2733 ὀνόματός
2645 2681 2781 2721 σου.
2806 2666 2916 2719 Καὶ
2934 2667 3105 2721 ταῦτα
3129 2668 3475 2741 ἀνθρωπίνως
3496 2671 3648 2743 εἰρη-

2078 2770 2172 2808 κεν
2210 2754 2238 2806 ὁ
2266 2756 2543 2827 Δεσπότης
2568 2757 2818 2828 Χριστός.
2870 2746 3061 2811 Πάντα
3103 2759 3212 2832 γὰρ
3240 2760 3307 2814 τὰ
3332 2761 3646 2833 ἀνθρώπινα

2077 2842 2215 2915 πλὴν
2247 2844 2519 2915 ἁμαρτίας
2546 2845 2927 2918 πεπλήρωκεν.
2985 2849 3207 2921 Ἐτέχθη
3251 2852 3358 2923 γὰρ
3384 2851 3523 2905 κατὰ
3553 2852 3643 2906 νό-

2078 2952 2178 3006 μον
2208 2935 2440 3005 φύσεως.
2475 2936 2547 2989 Τὸ
2575 2937 2672 3008 μὲν
2700 2938 2808 3008 γὰρ
2842 2940 2906 2991 ἐκ
2933 2941 3213 3007 γυναικὸς,
3245 2942 3344 3013 τῆς
3369 2942 3643 3011 ἀνθρωπί-

2074 3044 2172 3099 νης
2199 3028 2411 3098 φύσεως
2431 3047 2444 3060 ·
2476 3029 2615 3100 ὑπὲρ
2634 3029 2837 3101 ταύτην
2863 3032 2940 3096 δέ,
2971 3035 3036 3086 ἐκ
3059 3033 3353 3106 Παρθένου.
3399 3035 3645 3102 Ἐδέξατο

2079 3120 2369 3192 σπάργανα
2398 3121 2491 3174 καὶ
2519 3121 2821 3192 περιτομὴν
2843 3162 2857 3187 ,
2897 3124 2991 3176 καὶ
3017 3123 3112 3195 τὴν
3144 3128 3209 3179 ἐκ
3228 3126 3498 3194 γάλακτος
3518 3144 3644 3199 τρο-

2076 3213 2183 3283 φην
2205 3229 2218 3242 ·
2246 3213 2340 3265 καὶ
2363 3211 2551 3276 θυσίας
2580 3212 2888 3283 ἐξήνεγκεν,
2918 3216 3224 3286 ἐνήστευσε,
3252 3217 3345 3270 καὶ
3364 3218 3640 3289 ἐπείνησε,

2074 3304 2168 3357 καὶ
2197 3303 2435 3373 ἐδίψησε,
2461 3305 2555 3358 καὶ
2588 3305 2876 3358 ἐκοπίασεν
2892 3324 2905 3336 ·
2927 3306 3068 3360 οὕτω
3089 3310 3182 3362 καὶ
3212 3311 3642 3381 προσευχόμενος

2073 3394 2132 3447 ἐν
2176 3398 2288 3458 τοῖς
2324 3396 2501 3464 ἁγίοις
2528 3396 2877 3464 Εὐαγγελίοις
2912 3396 3172 3470 διηνεκῶς
3209 3401 3637 3473 ἀναγέγραπται.

2070 3486 2185 3540 Καὶ
2216 3486 2450 3540 ἐνταῦθα
2481 3487 2838 3561 ἀνθρωπίνως
2853 3491 2952 3562 τὴν
2982 3490 3129 3546 θείαν
3156 3493 3495 3548 ἐπικαλεῖται
3523 3494 3643 3565 βοή-
3664 3544 3676 3556 ,

2073 3578 2240 3632 θειαν.

2152 3670 2366 3725 Ῥῦσαί
2390 3688 2466 3740 με
2490 3710 2505 3736 ,
2563 3672 2651 3725 ὅτι
2690 3673 2925 3741 πτωχὸς
2975 3674 3073 3728 καὶ
3122 3675 3310 3744 πένης
3356 3675 3475 3746 εἰμὶ
3504 3676 3635 3746 ἐγώ.

2070 3761 2239 3816 Τοῦτο
2266 3763 2358 3815 καὶ
2388 3763 2478 3816 ὑπ’
2527 3764 2694 3817 αὐτοῦ
2723 3766 2780 3817 ἐν
2808 3768 2919 3828 τοῖς
2948 3767 3110 3836 ἱεροῖς
3130 3767 3478 3837 Εὐαγγελίοις
3502 3768 3640 3840 εὑρί-

2071 3868 2271 3924 σκομεν
2303 3855 2607 3926 εἰρημένον.
2653 3855 2879 3911 Μέλλων
2910 3857 3018 3930 γὰρ
3048 3859 3324 3929 προσιέναι
3362 3861 3441 3932 τῷ
3480 3861 3637 3915 πάθει

2070 3941 2190 3998 εἷπε
2209 3962 2223 3975 ο
2257 3944 2388 3999 Νῦν
2415 3947 2453 4013 ἠ
2486 3945 2655 4016 ψυχή
2683 3965 2801 4015 μου
2831 3949 3196 4017 τετάρακται.
3226 3954 3335 4007 Καὶ
3370 3955 3429 4007 τί
3450 3956 3638 4017 size);

2067 4036 2278 4104 Πάτερ,
2307 4037 2516 4092 σῶσόν
2536 4055 2612 4108 με
2628 4039 2697 4092 ἐκ
2726 4040 2836 4109 τῆς
2865 4043 3020 4113 ὥρας
3042 4048 3279 4113 ταύτης.
3318 4048 3509 4114 Ἀϐϐά,
3541 4048 3638 4105 διὰ

2067 4131 2242 4185 τοῦτο
2268 4130 2539 4197 ἐλήλυθα
2569 4133 2656 4198 είς
2682 4132 2798 4201 τὴν
2827 4133 2986 4202 ὥραν
3022 4139 3264 4206 ταύτην.

2147 4224 2308 4277 Ὡσεὶ
2330 4224 2471 4277 σκιὰ
2491 4223 2562 4276 ἐν
2584 4223 2663 4289 τῷ
2688 4225 2958 4281 ἐκκλῖναι
2984 4228 3178 4297 αὐτὴν
3201 4230 3631 4301 ἀντανῃρέθην.

2065 4316 2201 4386 Σκιᾷ
2229 4314 2471 4387 κλιθείσῃ
2498 4316 2894 4387 παραπλησίως
2918 4318 3183 4392 ἐδεξάμην
3206 4321 3296 4374 τοῦ
3329 4323 3442 4392 βίου
3465 4324 3525 4377 τὸ
3544 4324 3633 4378 τέ-

2065 4406 2154 4470 λος
2173 4425 2186 4437 ’
2213 4404 2348 4460 ἀλλὰ
2370 4407 2462 4460 καὶ⁵
2483 4405 2638 4479 δίκην
2660 4411 3103 4481 περιφερομένων
3128 4413 3219 4465 ὑπ’
3240 4413 3456 4484 ἀνέμων
3477 4415 3606 4486 ἁκρί
3618 4444 3634 4457 ι

400 4493 639 4552 ptarum,
669 4487 834 4539 vitam
870 4489 976 4559 egi,
1032 4504 1140 4543 non
1188 4494 1399 4560 urbem,
1443 4509 1550 4548 non
1598 4496 1799 4561 vicum,
1850 4512 1994 4570 non;

2089 4503 2168 4550 ῑων
2199 4497 2473 4551 διετέλεσα
2500 4500 2560 4551 οὐ
2595 4498 2748 4553 πόλιν
2781 4498 2939 4570 ἔχων,
2967 4502 3025 4553 ού
3057 4500 3279 4573 κώμην,
3303 4505 3404 4557 οὐκ
3432 4505 3629 4572 οἰκίαν,

405 4575 629 4630 domum
677 4576 902 4643 habens,
941 4579 1074 4634 alias
1099 4580 1167 4635 ad
1210 4582 1316 4638 alia
1363 4584 1484 4639 loca
1526 4592 1580 4640 et
1627 4587 1695 4640 ad
1748 4597 1960 4643 montes

396 4668 783 4737 commigrans,
808 4670 1079 4729 interdum
1100 4673 1170 4729 ad
1193 4674 1467 4729 desertum
1498 4692 1815 4736 accurrens.

468 4754 557 4811 25.
603 4755 854 4812 Viderunt
885 4777 963 4815 me
984 4771 1039 4816 ει
1071 4774 1337 4817 moverunt
1359 4766 1540 4834 capita
1570 4782 1688 4821 sua.
1734 4765 1846 4823 Hoc
1883 4769 1959 4825 ait

394 4848 523 4918 quia
549 4847 679 4903 dum
706 4850 765 4904 in
797 4866 959 4907 cruce
997 4863 1163 4922 esset,
1205 4856 1494 4911 movebant
1526 4858 1700 4926 capita
1751 4875 1869 4926 sua,
1903 4871 1958 4917 et

391 4942 682 4997 dicebant:
737 4942 801 4996 ui
841 4941 1148 5013 Qtemplum
1210 4948 1413 5016 solvis,
1475 4950 1688 5006 salvum
1742 4950 1829 5007 {ac
1878 4962 1958 5008 te-

389 5037 684 5106 metipsum
714 5038 777 5089 '°.
1172 5036 1179 5042 ’
1380 5036 1383 5041 ’

460 5129 548 5184 27.
579 5129 647 5183 Et
679 5132 850 5185 sciant
879 5134 1004 5203 quia
1040 5150 1228 5187 manus
1271 5142 1362 5187 tua
1401 5134 1531 5191 lucc.
1565 5132 1759 5192 Manus
1799 5150 1958 5192 voca“.

390 5237 528 5291 opus
564 5223 698 5278 illud
731 5239 841 5294 quo
876 5239 1081 5280 seseex
1118 5226 1349 5281 mortuis
1378 5227 1654 5282 excitavit.

458 5392 549 5448 28.
576 5396 893 5455 Maledicent
924 5400 1025 5464 illi,
1059 5411 1109 5454 et
1139 5410 1194 5455 tu
1227 5401 1529 5467 benedices;
1558 5404 1648 5475 qu‘i
1678 5405 1957 5473 insurgunt

390 5480 443 5531 in
463 5499 542 5536 me
564 5487 976 5554 confundantur.
996 5488 1130 5543 Nam
1154 5491 1361 5559 pudore
1386 5490 1562 5546 allecti
1588 5500 1716 5546 sunt
1736 5506 1952 5558 omnes,

388 5570 535 5636 quod
564 5585 672 5626 non
700 5587 844 5632 esset
872 5578 1011 5647 ipsis,
1035 5580 1314 5644 sacerdos,
1339 5596 1441 5637 nec
1464 5581 1820 5651 sacriﬁcium,
1851 5597 1954 5641 nec

499 5726 545 5757 "
562 5725 716 5787 Joan.
758 5750 855 5804 xu,
895 5736 986 5794 27.
1020 5810 1023 5814 ι
1063 5741 1107 5775 ¹⁶
1127 5739 1314 5798 Matth.
1341 5758 1509 5811 xxvu,
1543 5743 1641 5800 ιιο.

2065 4587 2249 4642 ἄλλοτε
2282 4588 2339 4641 δὲ
2370 4588 2599 4659 ἀλλαχοῦ
2631 4590 2725 4641 καὶ
2751 4589 2831 4652 είς
2859 4589 2959 4661 ὅρη
3001 4591 3369 4661 μεταϐαίνων,
3398 4593 3509 4647 ἔσθ’
3543 4596 3631 4650 ὅτι

2064 4678 2159 4732 καὶ
2188 4678 2396 4750 τρέχων
2424 4680 2503 4743 είς
2536 4678 2632 4751 ἒρη
2642 4696 2757 4749 μον.
3409 4742 3413 4746 ς

2134 4768 2400 4825 Εἵδοσάν
2441 4786 2514 4839 με
2564 4770 2663 4824 καὶ
2694 4769 3041 4827 ἐσάλευσαν
3092 4775 3362 4843 κεφαλὰς
3410 4774 3628 4831 αὐτῶν.

2064 4859 2233 4913 Τοῦτό
2267 4876 2400 4930 φησι
2442 4860 2528 4914 διὰ
2562 4861 2624 4914 τὸ
2655 4862 2746 4915 ἐπὶ
2787 4861 2867 4934 τῷ
2911 4863 3128 4935 σταυρῷ
3152 4865 3264 4919 ὄντι
3291 4865 3439 4937 αὑτῷ
3460 4869 3630 4921 κινεῖν

2062 4947 2162 5010 τὰς
2185 4947 2447 5016 κεφαλὰς,
2479 4948 2573 5001 καὶ
2595 4948 2775 5019 λέγειν
2798 4966 2811 4980 ·
2848 4952 2908 5004 '0
2937 4951 3219 5006 καταλύων
3247 4954 3337 5006 τὸν
3359 4954 3506 5019 ναὸν,
3536 4955 3633 5008 σῶ-

2065 5055 2157 5091 σον
2193 5038 2441 5092 σεαυτόν.

2132 5131 2244 5184 Καὶ
2291 5129 2613 5201 γνώτωσαν
2634 5173 2649 5198 ,
2686 5132 2775 5187 ὅτι
2802 5135 2841 5203 ἠ
2874 5135 3003 5204 χείρ
3038 5150 3156 5189 σου
3188 5137 3365 5207 αὕτη.
3430 5138 3631 5211 Χεῖρας

2062 5222 2299 5277 ἐνταῦθα
2322 5221 2418 5294 τὴν
2443 5224 2640 5295 πρᾶξίν
2674 5242 2836 5298 φησιν
2857 5267 2870 5293 ,
2907 5229 2975 5298 ἥν
3002 5228 3296 5301 εἰργάσατο
3320 5230 3630 5302 ἀναστήσας

2062 5314 2250 5367 ἐαυτὸν
2281 5316 2346 5367 ἐκ
2372 5313 2600 5387 νεκρῶν.

2132 5404 2581 5473 Καταράσονται
2630 5408 2831 5473 αὐτοὶ,
2887 5408 3098 5464 καὶσὺ
3129 5410 3520 5479 εὐλογήσας,
3575 5414 3632 5468 οι

2059 5495 2523 5566 ἐπανιστάμενοι
2540 5515 2642 5566 μοι
2666 5499 3184 5569 αἱσχυνθήτωσαν.
3237 5502 3630 5576 Κατῃσχύνθη-

2062 5600 2168 5641 σαν
2189 5584 2297 5658 γὰρ
2319 5586 2574 5674 ἀπαντες,
2598 5589 2696 5645 οὐκ
2718 5590 2869 5656 ὄντος
2889 5592 3070 5658 αὐτοῖς
3090 5594 3299 5666 ἱερέως,
3319 5595 3441 5650 οὐδὲ
3464 5594 3629 5665 οὔσης
