3946 6222
308 420 403 480 ιδι

1423 421 1787 483 EXPOSITIO
1824 424 1897 481 1N
1935 422 2265 481 PSALMUM
2302 423 2435 482 CIX.

3429 436 3537 494 462

308 539 497 604 θυσίας
523 579 541 605 ,
582 539 708 594 οὔτε
737 542 1000 612 ίερατείας
1024 583 1039 608 ,
1084 542 1203 596 οὔτε
1234 542 1412 613 λογίου
1437 585 1452 609 ,
1485 545 1624 599 κατὰ
1649 546 1749 618 τὴν
1781 547 1866 601 τοῦ

1976 550 2165 615 altare,
2228 563 2329 605 nec
2378 546 2764 616 sacerdotium,
2816 562 3003 620 neque
3052 548 3338 617 rationale,
3380 552 3535 624 juxta

307 632 586 704 προφήτου
614 634 815 705 φωνήν.
890 632 951 686 Ὀ
980 632 1047 687 δὲ
1075 634 1294 702 δοῦλός
1323 651 1439 691 σου
1469 637 1875 707 εὐφρανθήσε-

308 736 416 773 ται.
443 720 583 773 Οὐδὲ
612 721 769 774 τοῦτο
794 723 938 793 ἡμᾶς
962 721 1023 775 τὸ
1051 723 1198 795 ῥῆμα
1222 723 1403 779 λαϐεῖν
1429 727 1508 789 είς
1532 726 1724 798 ἑτέραν
1753 728 1875 780 ὑπό-

308 811 454 865 θεσιν
487 812 790 881 ἀναγκάσει
809 829 823 844 ο
879 813 1091 867 Παύλου
1121 814 1366 883 λέγοντος
1391 835 1406 847 ’
1463 817 1626 872 Ἀλλ’
1658 818 1875 872 ἑαυτὸν

305 900 565 958 ἐκένωσε
610 904 856 974 μορφὴν
908 906 1132 961 δούλου
1188 906 1416 962 λαϐών·
1469 911 1563 963 καὶ
1618 910 1868 963 Ἡσαΐου·

310 995 507 1061 Οὕτως
533 995 697 1066 λέγει
724 998 938 1066 Κύριος
974 1001 1006 1052 ό
1038 998 1279 1065 πλάσας
1302 1017 1379 1068 με
1416 1002 1485 1053 ἐν
1508 1001 1703 1067 κοιλίᾳ
1731 1001 1873 1056 δοῦ-

306 1089 418 1140 λον
444 1087 637 1153 ἑαυτῷ
655 1104 667 1118 ⁸
713 1090 805 1142 καὶ
835 1090 994 1153 αὐτὸς
1020 1090 1075 1143 δέ
1104 1107 1266 1161 φησιν
1299 1092 1355 1143 ἐν
1387 1091 1734 1160 Εύαγγελίοις
1753 1133 1767 1156 ,
1796 1094 1873 1157 ὡς

320 1175 379 1229 ‘0
431 1176 569 1242 Υἱὸς
599 1177 703 1231 τοῦ
748 1176 1059 1247 ἀνθρώ-του
1093 1181 1204 1234 οὐκ
1234 1176 1382 1251 ἦλθε
1422 1180 1868 1252 διακονηθῆναι,

305 1267 465 1322 ἀλλὰ
492 1266 870 1337 διακονῆσαι.

384 1358 895 1416 Ἐνδυσάσθωσαν
933 1364 987 1416 cl
1028 1361 1516 1430 ἐνδιαϐάλλοντές
1554 1382 1634 1434 με
1674 1366 1872 1434 Mp0-

303 1447 445 1516 τήν.
478 1450 618 1505 Ποία
643 1451 746 1523 γάρ
771 1453 869 1505 οὐκ
896 1452 1042 1505 ἔστιν
1074 1453 1345 1519 Ἰουδαίοις
1370 1456 1634 1528 αἰσχύνης
1661 1457 1741 1511 Τά
1771 1457 1871 1528 μὲν

303 1541 434 1610 ἅγια
461 1540 533 1595 τὰ
555 1542 763 1598 ἑαυτῶν
790 1542 988 1614 ὁρῶσιν
1014 1547 1077 1598 ἐκ
1101 1544 1313 1615 βάθρων
1339 1548 1685 1618 ὴφανίσμένα
1705 1564 1717 1577 ·
1746 1548 1871 1601 τοῦ·

302 1629 359 1683 τιό
390 1646 451 1682 τε
489 1630 586 1683 τοῦ
622 1633 753 1703 παρ’
785 1632 962 1686 αὐτῶν
988 1634 1376 1705 άτιμασθέντος
1400 1638 1495 1689 καὶ
1527 1638 1868 1710 σταυρωθέν-

299 1736 389 1783 τος
409 1722 878 1794 προσκυνούμενον
895 1724 1081 1795 μνῆμα
1097 1740 1108 1753 “
1134 1726 1338 1790 καὶτὰς
1355 1728 1553 1801 Ἐκκλη
1562 1730 1681 1793 σίας
1705 1731 1866 1785 αὐτοῦ

302 1811 579 1882 πανταχοῦ
632 1812 883 1868 τοσοῦτον
932 1815 1271 1881 ἐπιδιδούσας
1305 1818 1387 1883 ἐῖς
1435 1836 1495 1872 τε
1538 1820 1741 1893 πλῆθος
1774 1823 1867 1877 καὶ

300 1899 475 1965 δόξαν.

383 1993 928 2067 Ἐξομολογήσομαι
954 1997 1033 2064 τῷ
1057 2000 1251 2069 Κυρίῳ
1271 1999 1506 2070 σφόδρα
1526 2002 1596 2056 ἐν
1624 2002 1704 2069 τῷ
1727 2006 1868 2059 στό-

295 2084 439 2153 ματι
462 2102 604 2155 μου.
647 2085 711 2140 Ἦ
756 2087 1138 2161 ἐξομολόγησις
1164 2090 1260 2162 τὴν
1288 2092 1635 2163 εὐχαριστίαν
1669 2095 1868 2166 σημαί-

299 2193 399 2241 νει,
427 2176 497 2248 ἠν
524 2179 755 2231 ποιεῖται
776 2177 868 2247 διὰ
890 2179 997 2234 τῶν
1020 2179 1186 2235 ἐθνῶν
1214 2184 1244 2235 δ
1270 2182 1418 2248 Υἱός.
1468 2186 1578 2239 Καὶ
1609 2186 1679 2239 ἐν
1699 2186 1867 2255 μέσῳ

296 2267 548 2322 πολλῶν
558 2269 780 2325 αινέσω
797 2273 1001 2329 αὐτόν.
1020 2272 1120 2326 Διὰ
1136 2273 1244 2346 γὰρ
1266 2276 1363 2346 τῆς
1389 2275 1711 2348 Ἐκκλησίας
1729 2282 1868 2335 alvei

295 2357 385 2411 τὸν
414 2358 659 2431 Πατέρα.

855 2454 1162 2509 ΨΑΛΜΟΣ
1204 2458 1316 2511 PO"

365 2535 559 2594 Εἶπεν
588 2543 624 2594 ό
660 2543 879 2610 Κύριος
910 2543 990 2611 τῷ
1018 2546 1213 2615 Κυρίῳ
1244 2566 1363 2617 μου
1382 2566 1398 2582 ο
1434 2550 1629 2606 Κάθου
1660 2552 1729 2605 ὲκ
1768 2551 1863 2606 δε-

298 2627 445 2693 ξιῶν
481 2647 625 2699 μου.
682 2632 792 2704 Τὴν
843 2634 986 2687 κατὰ
1019 2636 1197 2707 σάρκα
1245 2638 1495 2711 γέννησιν
1524 2640 1616 2695 τοῦ
1656 2644 1861 2715 Κυρίου

292 2719 381 2774 διὰ
407 2719 519 2774 τῶν
552 2722 834 2796 παρόντων
882 2728 1276 2798 κατασημαίνει
1296 2769 1314 2795 ,
1340 2732 1432 2785 καὶ
1461 2733 1552 2787 τὸν
1583 2735 1864 2805 εὐαγγελι-

295 2813 388 2867 κδν
415 2813 595 2887 αὐτοῦ
625 2814 813 2884 λόγον,
859 2817 948 2873 τὸν
978 2820 1194 2874 πάντων
1225 2808 1723 2896 κατακυριεύσαντᾶ
1753 2828 1863 2884 τῶν

295 2905 488 2971 ἐθνῶν,
523 2908 618 2961 καὶ
649 2909 747 2980 τὴν
776 2911 856 2974 είς
873 2911 1133 2983 οὐρανοὺς
1156 2913 1321 2968 αὑτοῦ
1341 2916 1546 2983 ἄνοδον,
1568 2915 1635 2991 ἦς
1660 2920 1862 2993 κατάρ-

295 3011 449 3066 χεται
476 2999 505 3050 ὁ
532 2997 745 3068 ψαλμὺς
771 2999 943 3069 λέγων
962 3016 976 3030 ο
1010 2999 1195 3057 Εἶπεν
1238 3007 1273 3057 ό
1323 3007 1537 3075 Κύριος
1567 3006 1646 3074 τῷ
1666 3012 1860 3078 Κυρίῳ

287 3105 437 3157 μου⁸
473 3089 671 3146 Κάθου
707 3092 776 3146 ἐκ
807 3093 1020 3157 δεξιῶν
1048 3114 1187 3165 μου.

365 3182 518 3277 ⁸’ξῖως
546 3183 623 3239 ἂν
650 3184 731 3239 θῶ
762 3185 903 3252 τοὺς
940 3187 1190 3277 ἐχθρούς
1230 3203 1346 3246 σου
1370 3194 1703 3250 ὑποπόδιον
1743 3197 1862 3252 τῶν
1887 3218 1931 3277 C

294 3272 498 3329 ποδῶν
522 3291 660 3330 σου.
709 3276 819 3330 Καὶ
850 3277 994 3341 τίνες
1024 3277 1089 3332 ἂν
1120 3274 1228 3332 εἷεν
1251 3281 1302 3334 οἱ
1328 3283 1514 3355 ἐχθροὶ
1545 3287 1573 3338 ὁ
1615 3286 1861 3343 Ἀπόστοο

292 3361 382 3426 λος
411 3362 566 3433 δηλοῖ
597 3363 734 3430 βοῶν
748 3379 764 3395 ο
799 3366 975 3420 Ὅταν
1007 3368 1353 3440 καταργήσῃ
1396 3372 1504 3440 τὰς
1535 3374 1724 3445 ἀρχὰς
1762 3379 1858 3433 καὶ

291 3453 399 3518 τὰς
428 3452 737 3520 ἐξουσίας,
765 3453 863 3507 καὶ
887 3454 1028 3521 τοὺς
1055 3458 1537 3532 κοσμοκράτορας
1555 3502 1570 3529 ,
1602 3465 1861 3536 ἔσχατος

292 3543 505 3613 ἐχθρὸς
532 3544 905 3615 καταργεῖται
935 3549 970 3601 ό
989 3546 1273 3617 ’θάνατος.

369 3634 619 3690 Ῥάΰδον
647 3634 953 3705 δυνάμεως
981 3637 1380 3702 ἐξαποστελεῖ
1416 3660 1516 3698 σοι
1540 3648 1754 3715 Κύριος
1790 3648 1860 3704 ἐκ

294 3723 464 3781 Σιών.
518 3726 633 3780 ,Τὸν
660 3725 1012 3796 εὐαγγελικόν
1042 3747 1174 3801 φησι
1201 3730 1356 3801 λόγον
1396 3734 1487 3787 τὸν
1520 3736 1863 3810 ἀπεσταλμέ-

293 3835 399 3883 νον,
430 3817 490 3882 ὃς
518 3818 614 3872 καὶ
645 3819 860 3872 πάντων
891 3819 998 3875 τῶν
1028 3820 1237 3893 ὲχθρῶν
1269 3824 1606 3895 ἐκυρίευσεν.

358 3905 525 3960 Μετὰ
552 3904 669 3963 σοῦ
693 3906 732 3972 ἠ
766 3906 923 3977 ἀρχὴ
953 3907 1024 3962 ἐν
1044 3909 1234 3979 ἡμέρᾳ
1259 3910 1370 3978 τῆς
1390 3912 1697 3987 δυνάμειὶιι
1720 3931 1859 3972 σου.

296 3997 369 4055 *Η
396 3999 486 4054 τὸν
520 3999 714 4070 καιρὸν
742 4000 840 4071 τῆς
871 4001 1105 4072 κρίσεως
1130 4002 1217 4057 διὰ
1245 4004 1446 4060 τούτων
1475 4010 1728 4079 σημαίνει
1752 4051 1767 4076 ,
1802 4012 1861 4067 ὲν

291 4081 335 4155 ᾧ
356 4089 584 4160 δυνάμει
611 4089 735 4162 θείᾳ
758 4091 967 4156 πάντας
994 4095 1170 4167 κρινεῖ
1194 4093 1362 4149 ἐλθὼν
1388 4098 1527 4168 μετὰ.
1558 4099 1668 4153 τῶν
1693 4101 1861 4170 ἁγίων

292 4190 539 4259 ἀγγέλων
558 4191 756 4248 αὐτοῦ’
784 4193 818 4264 ἢ
851 4192 943 4249 τὸν
975 4193 1165 4265 καιρὸν
1198 4193 1300 4265 τῆς
1331 4194 1636 4265 γεννήσεως
1669 4192 1858 4260 αὑτοῦ,

291 4279 408 4350 ἦτις
433 4281 530 4334 καὶ
548 4281 729 4353 ἡμέρα
757 4282 1038 4349 δυνάμεως
1067 4283 1550 4357 προσαγορεύεται.
1583 4284 1738 4343 Μετὰ
1764 4284 1860 4343 σοῦ

289 4369 398 4443 γὰρ
429 4369 588 4425 ἔσται
621 4374 654 4443 ἡ
688 4373 850 4444 ἀρχή.
890 4373 1314 4441 Κατεξουσιάζει
1347 4374 1455 4446 γὰρ
1490 4374 1597 4431 τῶν
1627 4374 1785 4439 ὅλων,
1812 4377 1861 4428 εί

292 4461 385 4516 καὶ
423 4462 649 4531 γέγονεν
699 4463 1004 4537 ἄνθρωπος.
1052 4467 1153 4521 Ἐν
1180 4466 1309 4532 ταῖς
1337 4467 1716 4536 λαμπρότησι
1744 4464 1863 4520 τῶν

291 4551 476 4623 ἁγίων
492 4569 630 4608 σου.
658 4554 731 4608 Τδ
754 4554 833 4619 δὲ,
868 4557 964 4609 Ἐν
982 4555 1111 4623 ταῖς
1137 4558 1516 4627 λαμπρότησι
1535 4556 1653 4617 τῶν
1680 4558 1863 4627 ἁγίων
1896 4557 1940 4613 D

292 4655 438 4707 σου,
469 4642 624 4697 οὐδὲν
653 4644 837 4717 ἕτερον
866 4644 900 4715 ἢ
933 4646 1032 4710 τὰς
1062 4643 1279 4719 χορείας
1308 4648 1522 4711 ὲκείνας
1547 4647 1656 4701 τῶν
1689 4649 1861 4718 ἁγίων

293 4732 541 4802 ἀγγέλων
575 4735 709 4805 ἡμῖν
754 4737 1188 4809 κατασημαίνει,
1237 4738 1336 4802 τὰς
1368 4737 1520 4811 παρὰ
1564 4740 1663 4814 τὴν
1692 4737 1865 4794 νύκτα

294 4824 507 4895 ἰκείνην
535 4825 658 4879 καθ’
704 4826 772 4898 ἢν
796 4827 1058 4899 ἐγεννήθη
1091 4830 1120 4881 ὁ
1151 4830 1386 4901 Χριστὸς
1418 4828 1657 4900 βοώσας”
1712 4830 1869 4895 Δόξα

290 4932 358 4969 er
376 4916 664 4984 ὑψίστοις
690 4916 812 4983 Θεῷ
836 4918 936 4972 καὶ
956 4918 1055 4973 ἐπὶ
1081 4918 1196 4988 m’c
1219 4918 1450 4987 εἰρήνη.
1495 4920 1589 4972 Ἐκ
1611 4920 1869 4988 γαστρὸς

291 5005 403 5075 πρὸ
436 5007 750 5077 ἑωσφόρον
786 5009 1086 5078 ἐγέννησα
1115 5026 1210 5071 σε.
1257 5010 1398 5085 Ὅρα
1422 5009 1538 5076 πῶς
1575 5009 1863 5071 οἰκειοῦται

291 5097 388 5166 τὴν
414 5096 558 5155 κατὰ
585 5098 765 5169 σάρκα
780 5097 1042 5175 ,γέννησιν
1085 5099 1181 5154 τοῦ
1209 5098 1547 5173 Μονογενοῢς
1575 5101 1605 5153 ὀ
1649 5100 1860 5171 Πατήρ.

290 5187 428 5259 φησι
457 5189 569 5261 γὰρ
595 5190 627 5244 ὁ
647 5191 838 5265 Πατὴρ
866 5192 1004 5263 πρὸς
1030 5192 1120 5253 τὸν
1145 5191 1272 5249 Υίόν
1288 5209 1304 5224 υ
1337 5192 1452 5266 Πρὸ
1476 5191 1584 5263 γὰρ
1605 5191 1698 5245 τοῦ
1728 5193 1864 5263 ὁρω-

296 5279 465 5349 μένου
485 5282 695 5354 κόσμου
722 5282 911 5339 τούτου
941 5284 1037 5340 καὶ
1062 5284 1314 5354 διαυγοῦς
1340 5284 1518 5354 φωτὸς
1540 5285 1861 5355 γεννήσεως,

292 5367 401 5436 ἑγὼ
424 5356 735 5444 γεγέννηᾶιά
761 5389 840 5431 σε.
856 5374 971 5446 Οὐχ
994 5375 1077 5431 ὅτι
1104 5377 1345 5445 γαστέρα
1362 5373 1476 5446 ἔχει
1503 5375 1533 5428 ὁ
1557 5374 1688 5439 Θεός
1705 5391 1719 5404 ·
1749 5372 1864 5433 ἀλλ’

294 5456 477 5532 ιπειῆ
506 5460 580 5520 τὰ
608 5462 807 5534 γνήσια
827 5501 842 5527 ,
874 5465 968 5520 καὶ
1009 5464 1070 5524 οὐ
1098 5464 1261 5531 νόθα,
1293 5465 1359 5525 ὲκ
1385 5464 1620 5536 γαστρὸς
1650 5480 1862 5542 πρωτο-

291 5550 483 5612 ςηαιων
513 5552 851 5623 πεφύκασιν.

359 5642 582 5715 Ὠμοσε
628 5646 877 5715 Κύριος,
908 5646 1004 5700 καὶ
1050 5646 1122 5702 οὐ
1150 5640 1153 5641 ⁷
1165 5646 1735 5717 μεταμεληθήσεται.
1819 5647 1862 5699 O

1977 641 2257 712 Prophetas
2284 656 2490 696 vocem.
2529 638 2718 695 Seruus
2746 650 2921 695 autem
2953 651 3075 696 tuus
3104 642 3391 697 (celabitur.
3426 645 3535 702 Ne-

1975 747 2081 803 que
2111 731 2215 787 boc
2243 732 2446 788 dictum
2491 734 2560 786 a'd
2605 732 2752 787 aliud
2805 743 3187 803 argumentum
3239 735 3537 792 transferre

1974 837 2197 878 necesse
2225 823 2382 879 nobis
2416 831 2500 879 est
2531 840 2546 889 ;
2587 838 2710 876 cum
2743 822 2945 879 Paulus
2977 824 3121 879 dicat
3148 843 3162 879 :
3199 824 3304 882 Sed
3342 836 3533 879 semet-

1974 913 2147 984 ipsum
2199 915 2489 968 exinanivit
2561 914 2788 983 formam
2843 921 2981 970 servi
3043 917 3304 987 accipiens
3347 917 3423 983 ιτς
3478 924 3535 971 et

1976 1002 2141 1061 Isaias
2166 1024 2180 1060 :
2218 1004 2309 1060 Sic
2334 1005 2465 1061 dicit
2497 1005 2753 1060 Dominus
2780 1009 2871 1078 qui
2898 1007 3145 1076 formavit
3172 1024 3252 1062 me
3290 1023 3355 1061 ea:
3382 1016 3538 1061 utero

1972 1110 2175 1148 servum
2203 1096 2303 1150 sibi
2327 1096 2370 1128 ¹⁸
2395 1114 2411 1151 ι
2432 1104 2485 1150 et
2517 1096 2634 1166 ipse
2657 1098 2710 1150 in
2741 1096 3049 1168 Evangeliis
3086 1099 3163 1153 ait
3189 1119 3201 1152 :
3239 1096 3415 1154 Filius
3443 1099 3533 1152 Iw-

1972 1187 2131 1239 minis
2166 1202 2269 1240 non
2298 1188 2434 1240 venit
2463 1188 2781 1254 ministrari,
2822 1188 2911 1243 sed
2929 1191 3231 1244 ministrare
3253 1191 3318 1243 ι’.

2040 1360 2131 1416 29.
2155 1360 2459 1417 Induantur
2479 1365 2569 1433 qui
2598 1364 2880 1419 detrahunt
2904 1366 3032 1420 mihi
3060 1366 3277 1435 pudore.
3307 1364 3528 1437 Ecquod

1975 1466 2085 1506 non
2119 1462 2203 1508 est
2240 1452 2443 1510 Judaeis
2476 1454 2700 1524 pudoris
2744 1458 2959 1527 genus?
2988 1456 3185 1512 Sancta
3219 1472 3318 1513 sua
3344 1457 3533 1513 vident

1928 1535 1933 1538 ’
1971 1559 2002 1597 a
2031 1543 2399 1601 fundamentis
2444 1547 2667 1603 diruta:
2703 1549 3228 1618 sepulcrum‘autem
3275 1549 3394 1618 ejus
3435 1551 3531 1620 qui

1971 1636 2039 1689 ab
2065 1635 2197 1705 ipsis
2222 1636 2499 1707 despectui
2530 1638 2748 1694 habitus
2772 1656 2837 1694 ac
2854 1640 3146 1696 cruciﬁxus
3165 1650 3249 1696 est
3275 1640 3529 1697 adorari:

1969 1724 2349 1801 Ecelesiasque
2372 1729 2492 1799 ejus
2521 1731 2721 1802 ubique
2759 1740 3026 1787 terrarum
3059 1741 3269 1788 tantum
3297 1748 3527 1790 numero

1969 1826 2021 1873 et
2054 1818 2225 1889 gloria
2255 1820 2464 1889 augeri.

2040 1991 2130 2046 30.
2167 1991 2467 2063 Conﬁtebor
2493 1994 2721 2050 Domino
2760 1996 2914 2051 nimis
2940 1998 2995 2051 in
3027 2013 3115 2051 ore
3141 2013 3273 2053 meo.
3301 1995 3528 2052 Confes-

1968 2082 2051 2139 sio
2074 2085 2371 2154 gratiarum
2404 2086 2672 2142 actionem
2702 2088 2992 2158 signiﬁcat,
3022 2104 3186 2159 quam
3218 2103 3313 2158 per
3335 2097 3525 2160 gentes

1967 2171 2138 2228 Fiiius
2178 2173 2372 2229 reddit.
2404 2173 2476 2229 Et
2506 2176 2562 2229 in
2609 2177 2778 2230 medio
2810 2179 3100 2232 multorum
3130 2178 3356 2233 laudabo
3384 2195 3523 2235 eum.

1965 2262 2069 2319 Per
2108 2262 2404 2342 Ecclesiam
2433 2282 2669 2338 namque
2690 2267 2903 2323 Patrem
2931 2270 3138 2326 laudat.
3212 2290 3216 2294 Α

2481 2444 2816 2501 PSALMUS
2846 2446 2999 2501 CIX.

2036 2534 2088 2590 ί.
2113 2534 2264 2590 Dixit
2308 2535 2563 2590 Dominus
2619 2536 2847 2592 Domino
2892 2554 3004 2592 meo
3027 2555 3045 2592 :
3073 2537 3205 2594 Sede
3240 2539 3522 2594 ademtis

1964 2626 2112 2681 meis.
2149 2623 2311 2682 Hisce
2331 2625 2514 2681 verbis
2547 2627 2947 2697 generationem
2976 2628 3192 2684 Domini
3218 2630 3522 2685 secundum

1963 2732 2185 2773 carnem
2246 2716 2536 2788 signiﬁcat,
2588 2727 2642 2772 et
2687 2718 3058 2788 evangelicum
3103 2719 3221 2790 ejus
3270 2720 3520 2787 verbum,

1962 2806 2109 2878 quod
2152 2806 2406 2862 omnibus
2440 2806 2691 2877 gentibus
2719 2807 3073 2863 dominatur:
3106 2817 3161 2864 et
3181 2809 3302 2879 ejus
3328 2823 3526 2865 ascen-

1962 2911 2083 2952 sum
2134 2896 2191 2950 in
2246 2894 2454 2961 caelos,
2501 2910 2661 2965 quem
2693 2903 2911 2950 enarrat
2958 2895 3202 2967 psalmus
3246 2895 3520 2957 dicendo:

1967 2984 2113 3040 Dixit
2137 2985 2393 3041 Dominus
2429 2983 2654 3039 Domino
2679 3000 2789 3040 meo
2809 3001 2827 3038 :
2859 2984 2990 3040 Sede
3014 3002 3047 3040 a
3084 2986 3283 3045 dextris
3312 2987 3461 3043 meis.

2034 3155 2209 3212 Donec
2229 3174 2421 3229 ponam
2449 3159 2695 3215 inimicos
2722 3169 2837 3215 tuos
2860 3159 3146 3216 scabellum
3172 3161 3360 3230 pedum
3401 3170 3523 3216 tuo.

1965 3263 2119 3325 rum.
2148 3249 2598 3320 Quinamhostes
2628 3253 2740 3309 sint
2783 3253 3024 3309 declarat
3054 3253 3347 3324 Apostolus
3394 3269 3520 3311 cum

1962 3340 2200 3395 clamat:
2232 3339 2367 3396 Cum
2388 3344 2712 3398 evacuaverit
2747 3344 3100 3414 principatum
3139 3353 3190 3399 et
3240 3353 3522 3414 potestates

1961 3440 2012 3484 et
2046 3440 2271 3486 rectores
2304 3433 2508 3501 mundi,
2541 3434 2827 3488 nouissima
2860 3434 3095 3489 omnium
3130 3434 3348 3487 inimica
3380 3448 3523 3491 mors

1965 3518 2262 3575 destruetur
2287 3522 2354 3577 '°.

2032 3611 2090 3666 2.
2136 3610 2350 3683 Virgam
2390 3617 2603 3670 uirtutis
2626 3627 2730 3672 tua:
2769 3617 2967 3670 emittet
3005 3614 3266 3669 Dominus
3288 3630 3354 3669 ea:
3370 3612 3518 3670 Sion.

1961 3700 2345 3774 Evangelicum
2374 3705 2507 3761 dicit
2534 3706 2779 3773 verbum,
2809 3705 2957 3776 quod
2990 3704 3252 3760 emissum
3286 3705 3522 3762 inimicis

1965 3796 2221 3852 omnibus
2243 3796 2579 3852 dominatum
2618 3808 2721 3853 est.

2032 3886 2087 3941 3.
2122 3885 2312 3941 Tecum
2342 3888 2661 3958 principium
2686 3887 2743 3941 in
2779 3887 2867 3941 die
2897 3885 3109 3940 uirtutis
3152 3894 3277 3940 tua.
3318 3881 3416 3945 llis
3447 3884 3524 3940 si-

1965 3978 2185 4049 gniﬁcat
2211 3987 2306 4033 aut
2328 3978 2520 4047 judicii
2560 3986 2792 4048 tempus,
2817 3991 2925 4047 quo
2958 3977 3158 4031 virtute
3184 3974 3365 4030 divina
3389 3989 3524 4028 om—

1964 4081 2062 4122 nes
2102 4065 2367 4137 judicabit
2415 4066 2642 4122 veniens
2704 4079 2828 4120 cum
2865 4062 3068 4120 sanctis
3115 4062 3322 4133 angelis
3369 4063 3519 4122 suis:

1964 4164 2060 4211 aut
2088 4165 2299 4226 tempus
2326 4155 2691 4227 generationis
2724 4155 2893 4220 illius,
2924 4168 3047 4223 quae
3078 4153 3244 4207 etiam
3281 4152 3398 4206 dies
3420 4150 3524 4204 vir-

1963 4248 2096 4303 tutis
2122 4246 2442 4317 appellatur.
2478 4244 2680 4301 Tecum
2710 4243 2852 4299 enim
2879 4243 2983 4297 erit
3009 4240 3361 4312 principium.
3384 4236 3524 4297 Nam

1963 4338 2278 4395 dominatur
2315 4336 2588 4393 universis
2633 4334 2846 4391 etiamsi
2892 4333 3071 4389 factus
3119 4333 3192 4389 sit
3235 4332 3419 4387 homo.
3456 4329 3527 4391 In

1964 4429 2325 4498 splendoribus
2358 4437 2906 4483 sanctarumtuorum.
2943 4422 3076 4481 Illud
3104 4442 3117 4477 :
3147 4421 3216 4483 In
3238 4421 3528 4492 splendori-

1968 4520 2062 4574 bus
2090 4529 2396 4574 sanctorum
2429 4529 2677 4581 tuorum“
2702 4516 2840 4570 nihil
2867 4515 3012 4571 aliud
3053 4513 3326 4585 signiﬁcat
3357 4528 3524 4584 quam

1965 4612 2192 4667 choreas
2216 4611 2341 4666 illas
2372 4617 2689 4665 sanctorum
2722 4607 3063 4677 angelorum,
3096 4605 3395 4665 clamantes
3416 4620 3526 4674 qua

1963 4713 2123 4759 nocte
2152 4712 2317 4758 natus
2369 4701 2622 4756 Christus
2651 4707 2773 4755 est:
2805 4696 2987 4753 Gloria
3029 4697 3087 4750 in
3127 4694 3347 4751 excelsis
3378 4692 3487 4748 Deo
3507 4732 3523 4753 .

1963 4805 2015 4850 et
2047 4797 2104 4849 in
2123 4804 2267 4849 terra
2284 4808 2390 4864 pax
2411 4794 2479 4847 ”.
2510 4790 2595 4846 Ea:
2631 4801 2780 4845 utero
2812 4799 2930 4851 ante
2960 4786 3241 4855 luciferum
3272 4786 3427 4856 genui
3453 4796 3524 4841 te.

1966 4884 2103 4941 Vide
2131 4900 2241 4955 quo
2268 4892 2427 4955 pacto
2473 4881 2636 4936 Pater
2667 4876 2946 4950 Unigeniti
2998 4876 3402 4948 generationem
3448 4889 3533 4930 ses

1942 4975 2206 5031 cundum
2263 4988 2479 5029 carnem
2531 4971 2638 5027 sibi
2685 4973 2959 5042 propriam
3015 4968 3199 5024 efﬁcit.
3257 4968 3348 5022 Ait
3378 4966 3525 5025 enim

1965 5064 2222 5121 Pater'ad
2249 5055 2447 5119 Filium
2474 5082 2488 5118 :
2517 5063 2657 5118 Ante
2682 5062 2944 5117 mundum
2976 5061 3122 5115 hunc
3146 5059 3441 5124 visibilem,
3474 5069 3530 5113 es

1967 5156 2309 5227 splendidum
2343 5157 2527 5211 lumen
2556 5169 2658 5225 ego
2681 5162 2734 5209 te
2762 5150 3081 5224 genui.Non
3111 5149 3257 5221 quod
3284 5158 3529 5202 ventrem

1965 5248 2111 5305 Deus
2133 5247 2331 5303 habeat
2355 5264 2370 5313 ;
2395 5246 2489 5301 sed
2519 5245 2654 5314 quia
2678 5259 2959 5315 germana,
2987 5252 3040 5299 et
3072 5255 3179 5297 non
3214 5237 3423 5308 spuria,
3461 5252 3525 5291 ex

1965 5349 2153 5397 ventre
2184 5337 2629 5409 primogenitum
2657 5336 2791 5395 oriri
2815 5336 3010 5393 solent.

2034 5644 2089 5698 4.
2124 5642 2333 5698 Iuravit
2372 5641 2625 5697 Dominus
2656 5649 2704 5695 et
2742 5656 2846 5694 non
2889 5637 3331 5712 panitebigeum.
3373 5633 3533 5702 Jun-

334 5820 402 5905 ξ’
424 5821 772 5897 Pbillpp._u,
797 5823 851 5881 τ.
898 5823 1101 5897 λειω.
1132 5823 1282 5895 nix,
1319 5824 1409 5899 l5._
1452 5824 1495 5859 ¹⁹
1516 5821 1704 5881 latth.
1737 5836 1831 5890 ιι,
1865 5829 1866 5841 ‘

2022 5817 2073 5900 ξ’
2105 5815 2126 5874 ι
2157 5817 2284 5879 Cor.
2328 5831 2416 5887 xv,
2457 5815 2547 5873 26.
2622 5818 2665 5852 ἰ
2705 5814 2838 5875 Luc.
2891 5831 2955 5884 ιι,
2989 5816 3078 5877 14.
