3946 6222
433 377 539 435 463

1271 377 1328 435 S.
1369 377 1739 435 ATHANASII
1775 377 1927 434 OPP.
1975 377 2153 433 PARS
2191 378 2279 434 Ill.
2320 408 2390 419 —
2429 378 2838 436 EXEGETICA.

3547 386 3652 442 434

434 509 677 556 mentum
708 499 825 566 Dei,
859 506 941 555 est
966 499 1187 555 verbum
1219 500 1359 570 ejus,
1393 502 1535 572 quod
1569 501 1845 556 auditores
1876 516 1990 553 cer-

2093 501 2254 570 ὅρκος
2295 499 2389 552 τοῦ
2422 499 2555 553 Θεοῦ
2610 502 2639 553 6
2674 500 2831 568 λόγος
2879 500 3038 553 αὐτοῦ
3082 501 3234 565 ἐστι,
3298 500 3654 573 πληροφορῶν

435 591 601 646 tiores
624 587 778 655 facit,
810 598 865 643 et
892 587 1051 645 ﬁdem
1082 590 1280 659 cuique
1299 590 1411 656 dat,
1439 606 1557 658 quae
1580 588 1694 660 ipse
1724 590 1992 659 promittit

434 698 499 738 ac
517 682 761 752 loquitur
793 680 1015 735 omnino
1042 677 1224 735 futura
1255 696 1395 736 esse.
1442 680 1559 735 Non
1587 681 1731 735 enim
1767 681 1991 751 perinde

433 786 595 847 atque
622 776 786 831 homo
824 774 964 830 Deus
1016 775 1201 844 jurat;
1251 779 1345 832 sed
1390 777 1612 832 verbum
1664 778 1783 847 ejus
1832 775 1991 831 nobis

432 868 608 922 instar
635 865 932 937 juramenti
962 873 1046 920 est
1074 864 1143 919 ad
1176 865 1454 921 veritatem
1482 883 1497 932 ;
1538 866 1794 920 nimirum
1832 881 1992 921 omne

430 957 656 1012 verbum
687 955 806 1025 ejus
840 956 946 1009 tale
978 964 1064 1011 est
1095 964 1155 1010 ut
1186 973 1463 1026 nunquam
1501 957 1759 1026 pmuiteat
1792 957 1987 1026 ipsum,

434 1048 639 1117 quippe
672 1061 795 1101 cum
825 1046 1084 1115 promissi
1128 1046 1853 1122 juramentu-tirmati(idem
1893 1047 1990 1101 ha-

429 1138 574 1192 beat.
602 1135 681 1191 Tu
711 1151 764 1190 es
805 1136 1049 1190 sacerdos
1075 1136 1129 1190 in
1156 1147 1407 1191 wternum
1428 1138 1709 1191 secundum
1756 1138 1990 1192 ordinem

429 1228 793 1285 Melchisedec.
840 1224 979 1292 Quia
1016 1242 1124 1282 non
1163 1229 1283 1283 oleo
1321 1226 1675 1282 Melchisedec
1715 1228 1783 1282 ad
1817 1243 1991 1284 sacer-

426 1320 633 1376 dotium
688 1330 885 1375 unctus
929 1329 1035 1384 est,
1097 1320 1553 1390 quemadmodum
1590 1320 1770 1375 Aaron
1803 1361 1819 1387 ,
1860 1323 1987 1391 quia

426 1424 536 1465 non
572 1420 825 1467 cruentas
855 1411 1053 1466 obtulit
1088 1410 1328 1477 hostias;
1360 1412 1484 1481 auia
1531 1412 1769 1481 gentium
1811 1415 1993 1483 ponti-

425 1501 514 1556 fex
555 1511 692 1567 erat,
748 1510 803 1558 et
843 1503 972 1573 quia
1008 1517 1104 1574 per
1145 1517 1338 1573 panem
1383 1510 1437 1559 et
1484 1503 1670 1559 vinum
1715 1504 1993 1562 benedixit

423 1591 754 1651 Abrahamo.

495 1684 550 1740 5.
581 1683 841 1739 Dominus
866 1701 900 1739 a
927 1684 1127 1738 dextris
1152 1684 1255 1738 tuis
1284 1682 1533 1754 confregit
1561 1684 1617 1736 in
1645 1683 1730 1737 die
1754 1684 1851 1739 ira:
1879 1699 1988 1739 sua:

423 1790 586 1846 reges.
616 1775 767 1830 Diem
799 1776 910 1841 irae,
939 1775 1131 1845 judicii
1164 1784 1375 1844 tempus
1409 1790 1530 1831 esse
1552 1775 1705 1841 dicit,
1735 1791 1846 1846 quo
1888 1777 1986 1832 bo-

422 1866 598 1923 mines
635 1867 730 1937 qui
754 1867 882 1921 olim
922 1882 990 1922 ex
1038 1866 1252 1922 fallacia
1301 1867 1609 1921 daemonum
1659 1868 1979 1937 regnabant,

421 1956 746 2028 confringet,
776 1957 919 2012 intra
945 1957 1200 2028 abyssum
1225 1957 1558 2014 concludens
1587 1958 1758 2029 ipsos.

487 2133 543 2188 6.
571 2131 843 2188 Judicabit
865 2134 921 2188 in
948 2131 1273 2198 nationibus,
1303 2130 1539 2202 implebit
1557 2132 1758 2186 ruinas.
1790 2130 1979 2188 Natio-

419 2239 537 2291 nes,
569 2224 765 2293 inquit,
798 2225 1137 2293 impurorum
1169 2223 1473 2277 daemonum
1498 2222 1729 2292 puniens
1765 2221 1817 2276 in
1842 2231 1981 2276 tem-

417 2329 550 2385 pore
569 2313 783 2384 judicii,
808 2315 982 2369 ruinis
1011 2315 1199 2384 plenas
1225 2313 1491 2378 ostendet,
1516 2313 1568 2366 id
1591 2321 1674 2367 est
1721 2312 1897 2382 poenis
1921 2312 1978 2367 in

414 2401 765 2457 inferioribus
793 2402 1037 2472 partibus
1064 2410 1221 2456 terra:
1245 2401 1567 2471 inlligeudis.
1594 2398 1978 2470 Couguassabit

414 2496 589 2565 capita
615 2496 671 2550 in
696 2503 836 2548 terra
866 2495 1172 2549 multorum.
1206 2492 1395 2548 Simile
1416 2493 1562 2556 illud
1586 2502 1670 2548 est
1695 2494 1838 2547 dicto
1870 2491 1978 2547 Do-

414 2586 550 2640 mini
591 2601 687 2656 per
714 2584 906 2642 Isaiam
933 2604 947 2640 :
979 2585 1046 2640 Et
1085 2584 1249 2655 dejeci
1295 2584 1602 2656 sanguinem
1646 2583 1882 2653 ipsorum
1919 2584 1975 2637 in

415 2686 613 2730 terram
634 2676 702 2731 “.

483 2768 536 2823 7.
560 2767 637 2820 De
662 2774 884 2821 torrente
906 2767 962 2820 in
989 2767 1072 2819 uia
1107 2764 1262 2820 bibet.
1290 2763 1607 2821 Torrentem
1635 2773 1792 2820 vocat
1830 2762 1977 2819 Scri-

411 2867 570 2929 ptura
594 2858 965 2912 tentatiouem.
982 2855 1136 2911 Viam
1155 2865 1334 2911 autem
1356 2856 1489 2912 dicit
1509 2857 1829 2912 descensum
1855 2856 1973 2927 ejus

413 2951 469 3004 in
494 2959 716 3015 terram,
753 2952 808 3005 in
832 2965 939 3020 qua
970 2963 1166 3020 passus
1192 2957 1277 3004 est
1299 2949 1391 3018 qui
1430 2964 1525 3019 per
1559 2957 1853 3004 torrentem
1879 2949 1974 3003 de-

412 3042 639 3099 scendit.
675 3041 960 3111 Propterea
981 3040 1230 3095 exattabit
1250 3049 1426 3109 caput.
1469 3037 1782 3112 Propterea,
1805 3055 1972 3110 quare

2088 592 2215 653 τοὺς
2267 591 2561 655 ἀκούοντας
2582 632 2597 656 ,
2621 592 2735 645 ’καὶ
2783 591 2962 644 πίστιν
3010 591 3221 661 ἑκάστῳ
3254 592 3538 663 παρέχων,
3570 593 3653 648 ὅτι

2088 681 2117 734 ὃ
2148 682 2478 753 ἐπήγγελται
2510 683 2602 735 καὶ
2630 682 2797 746 λαλεῖ,
2832 683 3046 746 πάντως
3074 684 3376 753 γενήσεται.
3439 684 3511 737 Οὐ
3544 685 3651 756 γὰρ

2089 773 2165 836 ὠς
2192 774 2470 845 ἄνθρωπος
2518 775 2706 845 ὀμνύει
2752 776 2915 839 Θεός·
2949 775 3061 829 ἀλλ’
3092 776 3220 846 ἡμῖν
3246 777 3274 827 ὁ
3300 775 3454 843 λόγος
3487 776 3649 828 αὐτοῦ

2089 862 2209 916 ἀντὶ
2242 864 2405 935 ὅρκου
2438 865 2574 937 πρὸς
2605 866 2860 938 ἀλήθειαν
2883 865 3120 936 γίνεται,
3151 867 3226 929 ὡς
3254 865 3344 919 τοῦ
3375 868 3651 937 ἀμεταμέ-

2088 953 2246 1024 λήτου
2292 954 2490 1019 παντὸς
2521 958 2806 1028 ἐσομένου,
2841 957 2981 1011 κατὰ
3008 958 3104 1029 τὴν
3138 957 3465 1026 ἐπαγγελίαν
3489 942 3648 1029 ὅρκου

2087 1045 2461 1115 τυγχάνοντος.
2523 1048 2606 1103 Σὺ
2635 1049 2825 1117 ἱερεὺς
2871 1050 2957 1115 εὶς
2990 1049 3095 1103 τὸν
3125 1047 3307 1102 αἰῶνα
3347 1048 3496 1101 κατὰ
3537 1047 3650 1115 τὴν

2088 1135 2260 1200 τάξιν
2286 1137 2675 1206 Μελχισεδέκ.
2706 1128 2914 1193 Ὅτιού
2948 1140 3014 1192 δι’
3038 1139 3216 1193 ἐλαίου
3244 1139 3322 1202 εἰς
3353 1138 3647 1211 ἱερωσύνην

2088 1226 2311 1299 ὲχρίσθη
2354 1229 2382 1280 ὁ
2429 1228 2759 1299 Μελχισεδὲκ
2778 1270 2793 1296 ,
2839 1230 2914 1293 ὡς
2954 1230 3159 1302 Ἀαρών
3182 1246 3195 1260 ·
3229 1231 3323 1284 καὶ
3354 1230 3435 1283 ὅτι
3462 1231 3521 1283 οὐ
3550 1229 3647 1294 τὰς

2086 1312 2151 1366 δι’
2180 1316 2423 1386 αἱμάτων
2456 1320 2770 1389 προσήγαγε
2821 1318 3042 1383 θυσίας’
3082 1319 3177 1373 καὶ
3219 1320 3299 1373 ὅτι
3340 1319 3447 1373 τῶν
3479 1319 3645 1374 ἐθνῶν

2084 1400 2151 1475 ἦν
2174 1406 2495 1478 ἀρχιερεὺς⁴
2540 1411 2633 1465 καὶ
2663 1411 2745 1465 ὅτι
2783 1409 2848 1464 δι’
2880 1411 3043 1483 άρτου
3075 1411 3169 1466 καὶ
3198 1411 3341 1466 οἴνου
3377 1410 3645 1483 ηὐλόγησε

2084 1494 2176 1548 τὸν
2210 1494 2478 1569 Ἀϐραάμ.

2156 1652 2371 1720 Κύριος
2397 1652 2466 1707 ἐκ
2513 1652 2724 1720 δεξιῶν
2754 1670 2869 1710 σου
2926 1656 3307 1712 συνέθλασεν
3346 1656 3417 1710 ἐν
3456 1655 3643 1726 ἡμέρᾳ

2087 1739 2269 1811 ὀργῆς
2291 1743 2475 1796 αὑτοῦ
2499 1744 2796 1812 βασιλεῖς.
2833 1747 3076 1818 Ἦμέραν
3104 1747 3269 1819 ὀργῆς
3289 1746 3380 1799 τὸν
3403 1747 3499 1818 τῆς
3522 1747 3641 1818 κρί-

2011 1837 2057 1893 Β
2085 1847 2221 1895 σεως
2248 1834 2436 1905 καιρόν
2470 1852 2633 1905 φησιν
2652 1877 2668 1902 ,
2713 1839 2771 1890 ὲν
2864 1840 2989 1902 τοὺς
3027 1837 3191 1892 πάλαι
3222 1837 3641 1908 βασιλεύσαντας

2082 1922 2142 1989 ὲξ
2168 1924 2383 1996 ἀπάτης
2411 1927 2517 1980 τῶν
2538 1928 2805 1999 δαιμόνων
2833 1930 3149 2003 ἀνθρώπους
3185 1930 3526 2003 συνθραύσει,
3559 1931 3640 1994 είς

2079 2014 2177 2086 τὴν
2204 2016 2436 2072 ἄϐυσσον
2461 2018 2753 2091 καθείρξας
2785 2022 2999 2085 αὐτούς.

2149 2108 2432 2176 Κρινεῖὲν
2455 2110 2580 2178 τοῖς
2608 2111 2812 2166 ἔθνεσι
2833 2154 2848 2178 ,
2876 2113 3177 2183 πληρώσει
3202 2112 3497 2183 πτώματα.
3556 2112 3639 2168 Τά

2079 2196 2228 2270 ἔθνη,
2261 2200 2412 2271 φησὶ,
2436 2201 2544 2255 τῶν
2569 2202 2892 2276 ἀκαθάρτων
2913 2204 3180 2275 δαιμόνων
3208 2207 3264 2259 ἐν
3287 2204 3366 2276 τῷ
3394 2205 3493 2275 τῆς
3520 2205 3637 2276 κρί-

2081 2306 2218 2353 σεως
2262 2290 2437 2363 καιρῷ
2478 2292 2752 2358 κολάζων,
2803 2296 3107 2366 πτωμάτων
3135 2295 3401 2361 ἀποδείξει
3433 2295 3631 2367 πλήρη,

2075 2380 2319 2435 τουτέστι
2341 2383 2439 2453 τῆς
2464 2386 2542 2448 εἰς
2563 2385 2628 2437 τὰ
2650 2385 2929 2458 κατώτερα
2951 2386 3087 2458 μέρη
3106 2387 3205 2457 τῆς
3224 2388 3326 2458 γῆς
3345 2386 3629 2457 τιμωρίας.

2075 2472 2409 2528 Συνθλάσει
2433 2475 2697 2545 κεφαλὰς
2717 2476 2812 2530 ἐπὶ
2853 2477 2963 2547 γῆς
2986 2477 3250 2535 πολλῶν.
3305 2478 3527 2550 Ὅμοιον
3556 2476 3635 2549 τῷ

2075 2566 2347 2638 εἰρημένῳ
2385 2568 2515 2640 παρ’
2549 2569 2710 2624 αὑτοῦ
2741 2570 2828 2624 διὰ
2869 2571 3117 2624 Ἡσαΐου·
3151 2571 3262 2626 Καὶ
3303 2572 3636 2642 κατήγαγον

2074 2654 2140 2709 τὸ
2171 2652 2312 2727 αἷμα
2331 2659 2537 2712 αὐτῶν·
2555 2662 2641 2727 εἰς
2672 2660 2786 2729 τὴν
2810 2659 2946 2732 γῆν.

2157 2747 2257 2803 Ἐκ
2288 2747 2604 2817 χειμάρρου
2625 2749 2694 2802 ἐν
2713 2748 2828 2814 ὀδῷ
2856 2749 3068 2802 πίεται.
3099 2748 3404 2820 Χείμαρρον
3428 2749 3462 2818 ὴ
3490 2748 3634 2819 Γρα-

2074 2838 2147 2908 φὴ
2175 2838 2267 2893 τὸν
2300 2841 2600 2911 πειρασμόν
2629 2857 2811 2912 φησιν.
2848 2841 2991 2895 Ὀδὸν
3020 2841 3077 2895 δὲ
3102 2842 3199 2912 τὴν
3226 2842 3364 2896 κατὰ
3399 2840 3503 2911 γῆν
3532 2841 3632 2895 αὑ-

2070 2928 2165 2982 τοῦ
2199 2930 2420 3004 πορείαν
2448 2933 2723 3004 σημαίνει,
2749 2933 2806 2985 ἐν
2833 2927 2866 3007 ᾖ
2893 2933 2952 2985 τὸ
2979 2932 3150 2996 πάθος
3174 2932 3460 3002 ὑπέμεινεν
3486 2931 3515 2984 ὃ
3539 2932 3633 2986 καὶ

2069 3019 2158 3075 διὰ
2190 3021 2282 3074 τοῦ
2320 3024 2621 3095 χειμάρρου
2654 3024 2996 3096 κατέρχεται.
3047 3024 3149 3078 Διὰ
3185 3023 3361 3079 τοῦτο
3398 3023 3629 3093 ὑψώσει

411 3131 517 3187 nisi
540 3130 665 3201 quia
697 3146 891 3201 passus
914 3139 997 3185 est
1018 3130 1070 3183 in
1094 3145 1260 3186 carne
1284 3130 1307 3184 ?
1340 3129 1529 3187 Simile
1557 3139 1737 3185 autem
1767 3138 1851 3185 est
1886 3129 1970 3184 di-

2077 3111 2364 3181 κεφαλήν.
2423 3112 2523 3166 Διὰ
2566 3112 2757 3176 τοῦτο,
2801 3115 2951 3168 ποῖον
2997 3113 3119 3185 ἢτδ
3159 3112 3350 3167 παθεῖν
3380 3113 3540 3167 αὑτὸν
3570 3113 3627 3167 ἐν

410 3231 558 3277 ctum
584 3222 717 3277 illud
747 3240 760 3276 :
786 3221 1103 3275 Humiliavit
1145 3222 1476 3292 semetipsum
1527 3221 1698 3290 factus
1727 3220 1966 3276 obediens

2077 3201 2269 3274 σαρκί;
2302 3203 2526 3273 Ὅμοιον
2560 3203 2617 3257 δὲ
2645 3204 2707 3257 τὸ
2733 3204 3040 3275 εἰρημένον,
3065 3203 3153 3268 τὸ,
3200 3205 3631 3259 Ἐταπεινωσεν

408 3329 571 3384 usque
603 3313 671 3366 ad
700 3322 917 3366 mortem
946 3312 1013 3367 ”.

792 3398 1033 3455 PSALM
1042 3399 1130 3456 US
1166 3399 1283 3457 CX.
1316 3401 1568 3456 Alleluia.

480 3491 533 3547 Ι.
559 3490 864 3561 Conﬁtebor
897 3493 1010 3559 tibi,
1042 3493 1277 3558 Domine,
1310 3493 1365 3547 in
1397 3504 1503 3546 toto
1536 3492 1692 3547 corde
1727 3506 1859 3547 meo.
1886 3489 1967 3547 Ex

407 3597 642 3653 persona
688 3582 1063 3652 apostolorum
1101 3597 1341 3651 praesens
1379 3583 1625 3651 psalmus
1668 3581 1963 3647 inducitur,

405 3674 780 3729 enarrantium
821 3682 1025 3743 quanta
1062 3681 1118 3728 et
1154 3673 1337 3743 qualia
1362 3672 1514 3729 fuere
1559 3673 1615 3727 in
1662 3672 1965 3728 (economia

412 3762 712 3819 Salvatoris
736 3778 921 3834 opera.
956 3762 1081 3819 Haec
1115 3771 1295 3818 autem
1324 3763 1522 3818 docent
1560 3778 1759 3818 novum
1801 3778 1966 3833 popu-

404 3853 539 3916 lum,
572 3854 735 3909 simul
758 3853 961 3925 gratias
982 3863 1229 3924 agentem
1253 3854 1319 3909 de
1348 3854 1522 3909 salute
1554 3868 1675 3918 sua,
1706 3854 1965 3923 quamob-

402 3959 519 3999 rem
546 3943 776 3999 Alleluia
810 3943 1104 4014 inscriptus
1128 3952 1231 3999 est.
1270 3942 1339 3997 In
1379 3944 1600 3997 consilio
1630 3951 1885 3998 rectorum
1912 3952 1962 3998 et

401 4038 819 4107 congregatione.
863 4034 1165 4092 Consilium
1211 4045 1481 4092 rectorum
1512 4036 1642 4092 dicit
1679 4051 1833 4092 novas
1862 4035 1962 4107 Sy-

402 4142 627 4198 nagogte
684 4127 967 4197 pOpulum,
1010 4127 1078 4182 ad
1118 4126 1476 4183 diﬂ'erentiam
1523 4128 1707 4196 populi
1762 4128 1960 4183 veteris

406 4218 728 4288 Synagogaa.
762 4217 857 4272 llla
887 4219 1086 4288 quippe
1118 4226 1265 4275 recta
1306 4234 1415 4274 non
1460 4227 1564 4286 est,
1612 4227 1796 4290 utpote
1839 4234 1961 4291 quas

401 4320 619 4375 semper
647 4307 813 4363 corde
839 4309 1122 4363 erraverit.

470 4396 527 4451 2.
562 4396 761 4467 Magna
800 4414 957 4469 opera
991 4398 1244 4453 Domini:
1281 4400 1542 4471 exquisita
1578 4401 1633 4455 in
1665 4416 1839 4456 omnes
1878 4417 1959 4456 vo-

2067 3292 2285 3349 ἑαυτὸν
2312 3296 2630 3365 γενόμενος
2653 3297 2919 3365 ὑπήκοος
2943 3295 3117 3366 μέχρι
3142 3296 3419 3351 θανάτου.

2422 3387 2727 3441 ΨΑΑΜοΣ
2752 3389 2855 3441 pr.
2909 3388 3281 3454 Ἀλληλούτα.

2149 3472 2696 3545 Ἐξομολογήονομαί
2721 3489 2853 3540 σοι,
2912 3476 3118 3543 Κύριε,
3163 3475 3232 3528 ἐν
3262 3473 3376 3543 ὅλῃ
3418 3473 3628 3543 καρδίᾳ

2059 3581 2199 3634 μου.
2252 3566 2346 3620 Ἐκ
2375 3564 2664 3639 προσώπου
2701 3566 2808 3620 τῶν
2836 3567 3145 3621 ἀποστόλων
3172 3567 3200 3618 6
3233 3564 3422 3637 παρὼν
3444 3565 3625 3634 είσφέ·

2069 3675 2217 3729 ρεται
2239 3658 2471 3729 ψαλμὸς,
2498 3659 2864 3729 διηγουμένων
2889 3658 2989 3711 ὅσα
3021 3656 3112 3711 τοῦ
3140 3657 3387 3728 Σωτῆρος
3420 3656 3513 3711 καὶ
3539 3652 3629 3709 οἷα

2064 3750 2258 3819 γέγονε
2306 3750 2405 3821 τῆς
2425 3750 2734 3821 οἰκονομίας
2755 3749 2824 3803 τὰ
2851 3749 3004 3821 ἔργα.
3036 3749 3352 3803 Διδάσκουσι
3377 3748 3434 3802 δὲ
3454 3747 3626 3802 ταῦτα

2062 3842 2157 3894 καὶ
2199 3841 2289 3895 τὸν
2313 3841 2431 3895 νέον
2454 3842 2598 3907 λαὸν,
2635 3841 2749 3911 ἅμα
2771 3840 3216 3912 εὐχαριστοῦντες
3241 3842 3332 3893 ἐπὶ
3359 3841 3424 3910 τῇ
3449 3839 3625 3893 αὐτῶν

2064 3931 2327 4002 σωτηρίᾳ·
2344 3930 2422 3983 διὸ
2435 3930 2530 3985 καὶ
2558 3930 2910 3997 Ἀλληλούτα
2933 3931 3348 4001 ἐπιγέγραπται.
3366 3929 3463 3982 Ἐν
3479 3929 3627 3994 ,ϐου-

2060 4020 2143 4090 λῇ
2172 4021 2393 4075 εὐθέων
2417 4021 2512 4075 καί
2536 4018 2875 4090 συναγωγῇ.
2919 4020 3120 4091 Βουλὴν
3142 4020 3343 4073 εὐθέων
3372 4014 3493 4072 εἷπε
3532 4019 3624 4073 τὸν

2058 4113 2158 4184 τῆς
2189 4112 2314 4176 νέας
2342 4112 2662 4181 συναγωγῆς
2687 4110 2813 4165 λαὸν
2845 4113 2981 4183 πρὸς
3007 4112 3107 4183 τὴν
3134 4112 3231 4183 τῆς
3255 4111 3486 4174 παλαιᾶς
3511 4110 3625 4186 δια-

2060 4205 2272 4277 στολήν.
2337 4205 2549 4278 Ἐκείνη
2578 4204 2686 4277 γὰρ
2709 4205 2808 4258 οὐκ
2832 4200 2900 4276 ἦν
2929 4205 3143 4272 εὐθεῖα,
3175 4204 3272 4259 ἆτε
3296 4204 3383 4258 ἀεὶ
3408 4204 3625 4260 πλανω-

2061 4297 2195 4369 μένη
2228 4300 2293 4367 τῇ
2329 4296 2545 4368 καρδίᾳ.

2124 4388 2370 4459 Μεγάλα
2391 4387 2465 4442 τὰ
2486 4387 2626 4458 ἔργα
2650 4387 2891 4456 Κυρίου,
2915 4386 3305 4457 ἑξεζητημένα
3324 4388 3411 4452 εις
3428 4384 3624 4441 πάντα

398 4486 623 4545 luntates
657 4489 792 4559 ejus.
837 4490 895 4547 In
928 4506 1199 4564 synagoga
1230 4500 1501 4547 rectorum
1532 4509 1723 4550 omnes
1758 4494 1952 4550 volun-
1984 4493 1990 4548 l

2077 4479 2129 4534 rd
2155 4479 2458 4550 θελήματα
2484 4477 2689 4534 αὐτοῦ.
2757 4479 2845 4532 Ἐν
2869 4482 2936 4550 τῇ
2964 4478 3070 4532 τῶν
3104 4476 3301 4531 εὺθέων
3333 4477 3620 4547 συναγωγῇ

397 4591 537 4637 tates
587 4580 806 4638 Domini
861 4585 1153 4655 exquisita.
1199 4592 1344 4640 sunt.
1380 4583 1598 4639 Nullum
1648 4586 1791 4640 enim
1837 4586 1956 4655 ejus

403 4680 799 4740 praeceptorum
831 4681 914 4728 est
938 4673 1083 4743 quod
1115 4687 1224 4729 non
1255 4674 1498 4744 requirat
1525 4682 1579 4729 et
1619 4673 1841 4744 impleat
1869 4690 1956 4747 sy-

396 4773 603 4830 nagoga
635 4770 928 4829 rectorum,
974 4777 1196 4832 semper
1224 4762 1680 4827 scilicetstudens
1721 4764 1841 4834 ejus
1866 4778 1956 4819 vo-

394 4850 656 4906 luntatem
687 4852 933 4922 implere.

462 4940 516 4995 5.
548 4939 820 5010 Confessio
853 4951 904 4996 et
928 4941 1319 5012 magniﬁcentia
1349 4958 1477 5011 opus
1504 4943 1637 5012 ejus.
1666 4941 1840 5014 Opera
1870 4945 1953 5001 di-

388 5033 466 5087 cit
493 5028 719 5103 eaquae
770 5034 825 5088 in
857 5034 1161 5089 meonomia
1213 5049 1311 5090 sua
1342 5033 1589 5103 perfecit.
1637 5032 1952 5092 Laudentur

387 5121 480 5179 illa
528 5133 718 5194 utpote
761 5139 883 5194 quae
940 5124 1222 5196 magniﬁca
1270 5125 1399 5178 siut.
1447 5124 1516 5177 Et
1567 5125 1783 5196 justitia
1835 5128 1950 5197 ejus

387 5225 561 5268 manet
613 5215 669 5268 in
737 5216 1011 5271 saeculum.
1060 5214 1335 5271 Justitiam
1387 5215 1519 5271 dicit
1580 5218 1949 5287 evangelicum

386 5304 611 5357 verbum
644 5322 659 5359 :
691 5303 820 5374 quia
846 5303 1101 5359 omnibus
1125 5303 1403 5374 aequaliter
1434 5302 1745 5358 hominibus
1798 5304 1948 5359 salu-

385 5397 493 5442 tem
527 5393 828 5460 proposuit.
1692 5410 1695 5415 '

452 5480 508 5533 4.
539 5480 839 5537 Misericors
863 5493 913 5538 et
943 5484 1217 5537 miseralor
1249 5482 1527 5539 Dominus.
1567 5482 1707 5539 Olim
1741 5483 1945 5553 promi-

385 5567 456 5623 sit
482 5583 579 5639 per
626 5574 918 5644 prophetas
949 5588 1099 5639 suos,
1134 5588 1194 5629 se
1234 5574 1290 5627 in
1335 5583 1579 5645 tempore
1624 5574 1946 5632 oeconomia:

445 5768 497 5803 ³¹
518 5765 621 5823 in.
650 5785 838 5841 nxtv,
861 5772 917 5829 7.
991 5774 1035 5808 ”
1054 5771 1287 5843 Philipp.
1319 5787 1381 5843 ιι,
1424 5771 1480 5829 8.

2056 4572 2231 4627 πάντα
2256 4570 2324 4625 τὰ
2354 4570 2632 4643 θελήματα
2652 4569 2746 4623 τοῦ
2771 4569 2906 4624 Θεοῦ
2941 4571 3077 4623 εἰσιν
3107 4567 3496 4640 ὲξεζητημένα.
3541 4568 3619 4620 Οὐ

2053 4664 2161 4736 γάρ
2194 4664 2312 4716 ὲστι
2346 4661 2455 4715 τῶν
2496 4663 2627 4733 παρ’
2663 4660 2825 4716 αὐτοῦ
2876 4661 3175 4731 δεδομένων
3220 4659 3448 4714 ἐντολῶν
3476 4658 3508 4712 6
3539 4657 3620 4729 μὴ

2053 4754 2272 4825 ἐκζητεῖ
2298 4756 2392 4807 καὶ
2430 4754 2687 4827 κατορθοῖ
2721 4757 2755 4825 ἡ
2794 4752 2902 4807 τῶν
2934 4751 3134 4805 εὐθέων
3167 4750 3453 4821 συναγωγὴ
3474 4789 3491 4815 ,
3520 4748 3618 4804 τοῦ

2050 4845 2217 4900 αὐτοῦ
2246 4845 2454 4918 θέλημα
2477 4844 2769 4909 διαπαντὸς
2800 4842 3171 4907 σπουδάζουσα
3197 4841 3480 4897 ἐπιτελεῖν.

2132 4936 2593 5008 Ἐξομολόγησις
2651 4934 2751 4989 καί
2801 4931 3281 5004 μεγαλοπρέπεια
3326 4931 3390 4985 τὸ
3440 4931 3620 5000 ἔργον

2046 5029 2252 5083 αὐτοῦ.
2280 5029 2456 5099 Ἔργα
2482 5027 2643 5097 φησὶν
2672 5026 2811 5096 άπερ
2838 5027 2896 5078 ὲν
2922 5026 2987 5095 τῇ
3021 5022 3300 5095 οἰκονομίᾳ
3327 5021 3619 5092 διεπράξα-

2047 5139 2127 5175 το.
2164 5118 2463 5192 Ὑμνείσθω
2503 5118 2598 5173 ἆτε
2625 5115 3011 5190 μεγαλοπρεπῆ
3051 5115 3377 5187 ὑπάρχοντα.
3430 5112 3543 5167 Kal
3571 5111 3614 5179 ἠ

2045 5211 2396 5279 δικαιοσύνη
2424 5208 2609 5264 αὑτοῦ
2627 5208 2793 5278 μένει
2823 5210 2908 5274 εἰς
2939 5208 3045 5260 τὸν
3076 5204 3282 5260 αἰῶνα.
3330 5204 3619 5257 Δικαιοσύ-

2049 5318 2145 5372 νην
2169 5301 2257 5353 τὸν
2284 5298 2631 5377 εὐαγγελικὸν
2653 5297 2809 5366 λόγον
2837 5297 2997 5368 φησιν
3015 5311 3029 5328 ο
3055 5296 3137 5349 ὅτι
3164 5295 3228 5367 δὴ
3251 5297 3335 5348 ἐπ’
3366 5295 3487 5365 ίσης
3508 5295 3616 5348 πᾶ-

2053 5410 2135 5447 σιν
2166 5391 2469 5463 ἀνθρώποις
2502 5391 2598 5461 τὴν
2623 5389 2894 5461 σωτηρίαν
2922 5386 3247 5460 προῦθηκεν.

2132 5481 2433 5551 Ἐλεήμων
2458 5480 2557 5534 καὶ
2592 5481 2905 5549 οἰκτίρμων
2934 5480 2969 5534 ό
3005 5480 3239 5547 Κύριος.
3300 5477 3474 5533 Πάλαι
3511 5476 3616 5547 μὶν

2049 5572 2408 5648 ἐπηγγείλατο
2430 5571 2517 5628 διὰ
2532 5570 2641 5628 τῶν
2671 5570 2962 5644 προφητῶν
2991 5569 3237 5645 αὑτοῦιὲν
3260 5568 3339 5641 τῷ
3354 5569 3453 5642 τῆς
3475 5570 3617 5627 0le-
