3946 6222
311 338 412 406 ιόδ

1413 365 1775 424 EXPOSITIO
1812 369 1882 425 IN
1918 369 2251 432 PSALMUM
2289 377 2451 435 CXH.

3450 390 3553 446 666

314 467 505 539 νομίας
532 470 715 541 καιρῷ
740 472 982 544 ποιήσειν
1007 474 1285 548 θαυμάσια
1305 497 1319 510 ’
1345 481 1414 536 τὰ
1434 485 1572 539 αὐτὰ
1597 488 1780 543 ἐκεῖνα
1806 491 1876 544 ὲκι

360 558 418 579 Χ..
467 557 554 579 Αῗ-.
602 558 723 579 λιιιε
758 578 761 579 ,
997 566 1019 579 ο
1101 565 1141 579 δι
1186 563 1216 579 1-
1301 569 1321 579 -
1381 573 1393 579 -
1598 575 1620 579 .-
1848 578 1851 579 ,

1997 494 2263 554 mirabilia
2301 499 2589 570 facturum,
2621 504 2920 576 eademque
2953 506 3068 577 ipsa
3102 506 3323 579 implere
3361 510 3553 565 voluit.

320 557 555 629 πληροῦν
601 558 870 631 ἠθέλησε’
930 566 1051 618 ποῖα
1096 565 1152 619 δὲ
1184 563 1253 638 ἦν
1298 569 1334 623 ἃ
1377 573 1765 644 ἐπηγγείλατο,
1827 578 1885 649 ἢ.

320 651 456 704 Τότε
507 650 972 719 ἀνοιχθήσοντιιι
1015 657 1305 727 ὀφθαλμοὶ
1338 664 1618 732 τυφλῶν,
1675 669 1768 721 καὶ
1819 668 1888 723 τὰ

314 739 477 794 λοιπά
523 740 633 794 τῶν
684 744 955 813 σημείων;
987 748 1048 801 οὐ
1094 750 1201 823 μὴν
1234 751 1368 807 ἀλλὰ
1420 757 1510 809 καὶ
1557 757 1665 811 τῶν
1717 759 1886 813 ὲθνῶν

313 832 572 886 ἁπάντων
599 835 633 904 ἡ
664 835 877 906 κλῆσις,
902 839 967 910 ἣν
993 841 1085 892 καὶ
1114 841 1254 914 λόγῳ
1289 846 1554 918 καὶηέργῳ
1580 850 1882 906 ἐπετέλεσε.

318 922 553 992 Τρυφήν
576 924 761 980 ἔδωκε
792 928 916 995 τοῖς
940 932 1331 1000 φοϐουμένοις
1370 938 1574 992 αὐτόν.
1631 940 1731 994 Τὸν
1762 959 1886 1014 νοη-

308 1015 403 1068 τὸν
426 1015 593 1087 ἄρτον
626 1018 781 1089 φησὶ,
812 1019 901 1074 τὸν
927 1023 985 1089 ἐξ
1019 1023 1260 1095 οὐρανῶν
1293 1029 1619 1086 καταϐάντα.

381 1107 808 1177 Μνησθήσεται
858 1114 947 1179 εἰς
978 1114 1087 1167 τόν
1117 1116 1303 1172 αἰῶνα
1350 1118 1640 1189 διαθήκης
1674 1125 1878 1180 αὐτοῦ.

305 1198 584 1269 Διαθὴκης
605 1201 702 1270 τῆς
731 1203 866 1273 πρὸς
892 1204 982 1258 τὸν
1016 1207 1293 1281 Ἀϐραάμ·
1320 1212 1401 1264 ὅτι
1423 1214 1883 1285 Εὐλογηθήσον-

305 1302 405 1343 ται
433 1289 505 1343 ἐν
527 1292 628 1345 σοὶ
660 1292 857 1347 πάντα
884 1294 956 1350 τὰ
986 1296 1153 1367 ἔθνη.
1215 1302 1423 1372 Ἰσχὺν
1449 1305 1637 1375 ἔργων
1671 1309 1875 1363 αὐτοῦ.

318 1380 380 1432 Ὁ
407 1382 783 1450 ἀποστολικὺς,
812 1387 964 1456 φησὶ,
988 1390 1146 1461 χορὸς
1171 1391 1247 1462 τῷ
1272 1393 1521 1465 κληθέντι
1546 1397 1679 1467 πρὸς
1702 1397 1879 1451 πίστιν

303 1469 422 1541 λαῷ
472 1472 573 1544 τὴν
624 1475 776 1545 ἰσχὺν
808 1476 914 1530 τῶν
948 1478 1124 1551 ἔργων
1156 1483 1444 1555 ἀνήγγειλε
1473 1486 1568 1539 τοῦ
1604 1489 1838 1561 Χριστοῦ
1861 1507 1874 1520 ⁸

302 1564 427 1618 ἀντὶ
456 1566 551 1619 τοῦ
570 1584 585 1597 ·
636 1569 789 1624 Δὺτά
815 1571 887 1625 τά
915 1572 1050 1646 ἔργα
1075 1575 1112 1631 ἃ
1150 1578 1235 1631 ἀεὶ
1267 1578 1554 1651 ἐργάζεται
1583 1584 1641 1635 ὲν
1670 1587 1736 1656 τῇ
1774 1583 1878 1656 ἰδίᾳ

302 1657 471 1726 ἰσχύϊ.

315 1749 701 1821 Ἀνιληλούϊα.
735 1755 850 1826 Τῆς
878 1758 1248 1832 ἐπιστροφῆς
1275 1765 1539 1836 Ἀγγαίου
1563 1767 1662 1823 καὶ
1688 1771 1877 1840 Ζαχα-

753 1848 913 1915 ρίου.
943 1852 1243 1909 ΨΑΛΜΟΣ
1263 1859 1425 1912 PIA'.

380 1933 675 2025 Μακάριος
721 1941 755 1992 ὁ
805 1941 963 2011 ἀνὴρ
1002 1947 1035 1998 d
1064 1948 1433 2017 φοϐούμενος
1474 1952 1583 2005 τὸν
1625 1954 1882 2025 Κύριον,

297 2021 373 2073 ἐν·
428 2023 559 2090 ταῖς
612 2026 892 2095 ἐντολαῖς
932 2033 1121 2087 αὐτοῦ
1159 2037 1400 2106 θελήσει
1462 2040 1715 2109 σφόδρα.
1793 2021 1884 2096 Ἐν

304 2113 484 2205 τούτῳ
507 2117 817 2175 διδάσκεται
846 2124 875 2175 6
902 2125 1257 2194 άποστολικὸς
1288 2131 1467 2204 χορὸς,
1501 2133 1575 2196 ὡς
1602 2136 1634 2205 ἡ
1664 2134 1771 2188 τῶν
1800 2135 1885 2188 ὲν-

297 2202 468 2259 τολῶν
484 2207 851 2281 ὲκπλήρωσις,
873 2215 1172 2288 μακαρίους
1191 2220 1316 2283 τοὺς
1333 2202 1727 2293 ἐργαζομένους
1751 2224 1883 2277 ἀπο-

300 2296 598 2363 φαίνουσα,
623 2301 834 2370 ἀγαθὰς
857 2307 1180 2377 προσδοκίας
1204 2311 1283 2374 είς
1319 2311 1409 2365 τὸν
1433 2313 1691 2384 μέλλοντα
1710 2315 1881 2370 αἰῶνα

307 2388 627 2459 παρέχεται.

378 2481 661 2538 Δυνατὸν
698 2485 770 2539 ἐν
817 2486 893 2556 τῇ
939 2487 1017 2558 γῇ
1047 2489 1217 2547 ἔσται
1266 2493 1333 2547 τὸ
1387 2497 1624 2568 σπέρμα
1670 2500 1878 2558 αὐτοῦ.

294 2573 527 2664 Σπέρμα
562 2575 663 2640 τὰς
693 2578 901 2649 ἀγαθὰς
929 2585 1156 2658 πράξεις
1181 2587 1344 2657 φησὶν
1368 2627 1384 2652 ,
1421 2589 1478 2643 αϊ
1514 2591 1609 2644 καὶ
1652 2592 1878 2664 δύναμιν

292 2662 888 2743 ’ἐξουσιοπνευματικὴν
920 2676 999 2738 εἰς
1017 2675 1233 2747 ἐκείνην
1265 2677 1363 2750 τὴν
1396 2681 1618 2751 πραέων
1650 2683 1773 2754 γῆν,
1791 2662 1878 2748 εἰς

291 2755 359 2808 τὸ
388 2756 684 2813 ἀπολαϐεῖν
711 2763 909 2828 αὐτοὺς
935 2759 1009 2820 ὧν
1035 2769 1360 2839 εἰργάσαντο
1387 2770 1486 2835 τὰς
1512 2773 1766 2843 ἀμοιϐάς.

368 2847 524 2913 Δόξα
553 2851 652 2905 καὶ
686 2854 951 2923 πλοῦτος
970 2857 1040 2911 ἐν
1066 2858 1147 2924 τῷ
1168 2861 1313 2928 οἴκῳ
1342 2863 1547 2917 αὐτοῦ.
1590 2865 1699 2918 Καὶ
1729 2867 1762 2937 ἡ
1788 2864 1869 2919 66-

294 2938 364 3005 ξα
398 2943 492 2995 καὶ
517 2943 547 2995 6
578 2944 805 3011 πλοῦτος
833 2948 907 3020 μὴ
937 2950 1046 3005 τῶν
1077 2953 1502 3024 παρερχομένων
1545 2956 1840 3026 λογιζέσθω
1858 2975 1871 2988 '

293 3030 451 3084 οὐδὲν
478 3032 590 3105 γὰρ
621 3035 807 3107 ὅμοιον
844 3039 995 3112 παρά
1021 3044 1133 3106 τοῖς
1161 3044 1337 3112 ἁγίοις
1365 3045 1698 3116 εὑρίσκεται.

381 3122 794 3188 Ἐξανέτειλεν
835 3131 906 3183 ἐν
945 3133 1148 3187 σκότει
1178 3134 1304 3202 φῶς
1340 3134 1463 3202 τοῖς
1493 3136 1716 3192 εὐθέσι.
1776 3138 1875 3193 Διὰ

1995 585 2251 652 Quaenam
2296 607 2426 647 vero
2465 595 2735 663 promisit,
2779 596 2883 651 nisi
2913 613 3018 652 ea:
3074 596 3217 652 Tunc
3259 599 3556 667 aperientur

1992 679 2132 732 oculi
2159 697 2413 737 ca’coram
2440 685 2506 750 “,
2534 696 2588 741 et
2615 687 2821 757 reliqua
2851 687 3003 761 signa
3031 689 3056 744 τ
3083 690 3193 745 imo
3225 705 3352 745 vero
3380 688 3555 759 ipsam

1992 770 2231 838 gentium
2267 776 2511 829 omnium
2542 778 2905 845 vocationem,
2936 794 3098 849 quam
3127 779 3294 834 verbo
3320 788 3373 834 et
3393 796 3556 848 opere

1991 862 2250 933 implevit.
2300 865 2493 922 Escam
2541 869 2685 922 dedit
2732 870 3033 924 timentibus
3078 887 3150 925 se.
3206 870 3553 942 Spiritualem

1988 969 2181 1025 panem
2210 956 2363 1019 dicit.
2398 960 2506 1030 qui
2524 959 2592 1015 de
2630 960 2788 1016 caelis
2825 960 3126 1017 descendit.

2058 1134 2109 1190 5.
2141 1133 2341 1190 Memor
2379 1139 2476 1191 erit
2502 1138 2558 1191 in
2602 1139 2853 1193 steculum
2886 1141 3182 1195 testamenti
3209 1141 3315 1195 sui.
3365 1138 3554 1194 Testa-

1987 1227 2154 1281 menti
2190 1227 2397 1283 scilicet
2433 1245 2557 1284 cum
2594 1230 2904 1285 Abrahamo
2932 1231 3115 1301 pacti:
3149 1230 3217 1285 In
3255 1242 3303 1285 te
3341 1229 3548 1284 benedi-

1986 1328 2165 1372 eentur
2191 1336 2364 1375 omnes
2412 1331 2587 1391 gentes
2613 1324 2678 1377 ³⁸.
2747 1322 3001 1379 Virtutem
3044 1338 3258 1393 operum
3311 1337 3547 1378 suorum.

1983 1408 2333 1477 Apostolicus
2365 1409 2585 1480 chorus,
2614 1413 2809 1483 inquit,
2838 1415 3039 1485 populo
3055 1415 3119 1469 ad
3145 1414 3305 1469 ﬁdem
3329 1421 3544 1480 vocato,

1983 1497 2236 1553 virtutem
2279 1514 2502 1570 operum
2558 1502 2760 1559 Christi
2815 1505 3176 1571 annuntiavit,
3208 1504 3417 1561 scilicet
3480 1521 3547 1561 ea

1981 1590 2100 1662 ipsa
2136 1606 2300 1663 opera
2331 1610 2453 1665 qua:
2486 1596 2700 1666 propria
2738 1596 2937 1653 virtute
2968 1613 3181 1668 semper
3210 1606 3488 1668 operatur.

2154 1762 2409 1819 Alleluia.
2429 1763 2757 1820 Reversionis
2785 1765 2966 1837 Aggtei
2997 1775 3046 1822 et
3079 1766 3381 1822 Zachariae.

2498 1855 2835 1925 PSALMUS
2879 1855 3028 1913 CXI.

2056 1944 2106 2001 1.
2132 1946 2329 2002 Beatus
2349 1948 2430 2003 vir
2452 1949 2541 2015 qui
2566 1949 2712 2002 timet
2737 1949 3045 2016 Dominum,
3062 1951 3117 2004 in
3140 1950 3402 2005 mandatis
3429 1949 3543 2020 ejus

1982 2037 2116 2092 volet
2164 2040 2341 2094 nimis.
2402 2039 2462 2094 1n
2499 2040 2603 2095 hoc
2653 2041 2879 2096 docetur
2927 2040 3257 2111 apostolicus
3295 2040 3495 2096 chorus
3525 2080 3541 2106 ,

1982 2129 2361 2185 mandatorum
2391 2130 2850 2197 observationem,
2882 2131 3073 2188 beatos
3099 2147 3192 2188 eos
3218 2130 3426 2189 elIicere
3450 2131 3544 2201 qui

1981 2218 2073 2275 illa
2126 2236 2286 2290 opere
2321 2221 2612 2291 complent,
2660 2231 2715 2278 et
2767 2222 2968 2279 bonam
3001 2237 3151 2294 spem
3193 2222 3261 2277 ad
3296 2220 3543 2277 futurum

1979 2310 2239 2366 saeculum
2269 2312 2529 2382 praebere.

2047 2482 2101 2539 2.
2141 2483 2336 2540 Potens
2369 2486 2421 2540 in
2454 2493 2595 2540 terra
2641 2487 2745 2540 erit
2784 2502 2955 2541 semen
2994 2487 3126 2556 ejus.
3180 2483 3374 2540 Semen
3407 2483 3539 2541 dicit

1975 2575 2117 2630 bona
2148 2592 2336 2647 opera,
2368 2593 2488 2649 quae
2514 2579 2770 2633 virtutem
2805 2577 3082 2632 habebunt
3111 2576 3444 2647 spiritualem
3480 2575 3537 2630 in

1976 2664 2068 2719 illa
2093 2674 2509 2721 mansuetorum
2540 2674 2706 2735 terra,
2734 2666 2808 2721 ita
2837 2674 2898 2720 ut
2929 2666 3233 2722 mercedem
3260 2665 3384 2721 istic
3411 2680 3537 2736 ope—

1976 2773 2095 2812 rum
2123 2758 2410 2827 accipiant.

2044 2847 2099 2902 '5.
2131 2846 2312 2903 Gloria
2343 2862 2389 2904 et
2420 2850 2615 2906 divitia
2643 2851 2696 2904 in
2730 2850 2885 2904 domo
2909 2850 3045 2920 ejus.
3078 2848 3260 2906 Gloria
3302 2858 3357 2904 et
3399 2849 3536 2904 divi—

1975 2938 2062 2993 tia:
2093 2939 2197 2995 illae
2237 2956 2304 2995 ne
2331 2942 2709 2997 existimentur
2736 2942 2896 2997 ﬂuxa:
2928 2950 2983 2996 et
3014 2942 3341 2998 transitoria:
3368 2957 3490 3015 esse
3516 2960 3533 3010 ;

1973 3029 2106 3084 nihil
2138 3031 2336 3101 quippe
2358 3032 2532 3088 simile
2566 3033 2621 3087 in
2652 3034 2857 3089 sanctis
2891 3032 3173 3102 reperitur.
3385 3097 3443 3111 η

2042 3120 2097 3174 4.
2127 3120 2389 3176 Exortum
2413 3132 2489 3177 est
2531 3125 2587 3177 in
2619 3124 2841 3178 tenebris
2880 3124 3055 3177 lumen
3086 3123 3260 3177 rectis.
3294 3120 3398 3177 Per
3436 3110 3537 3176 co-

291 3214 398 3285 τῆς
423 3186 682 3284 γνώσεως
714 3221 808 3274 καὶ
830 3220 932 3292 τῆς
961 3186 1326 3290 διδασκαλίας.
1348 3186 1358 3188 ἡ
1378 3186 1475 3290 Iri;
1739 3186 1875 3283 tit—t6:

1995 3212 2274 3282 gnitionem
2313 3222 2367 3267 et
2414 3230 2512 3286 per
2556 3215 2879 3269 doctrinam.
2918 3213 3074 3280 Quod
3106 3222 3283 3268 autem
3319 3213 3533 3280 lumen,

294 3306 543 3373 στολικδς
586 3310 747 3382 χορὸς
777 3313 805 3365 6
839 3313 936 3385 τὴν
962 3313 1233 3383 ἀγνωσίαν
1261 3317 1519 3384 ἐξελάσας
1567 3319 1677 3375 τῶν
1708 3321 1877 3377 ἐθνῶν

300 3394 393 3448 διὰ
424 3397 520 3467 τοῦ
552 3400 908 3470 εὐαγγελικοῦ
942 3405 1326 3478 κηρύγματος;

371 3488 768 3558 Οἰκονομήσει
801 3492 945 3560 τοὺς
974 3496 1194 3564 λόγους
1218 3496 1405 3552 αὐτοῦ
1440 3498 1511 3552 ἐν
1535 3499 1748 3568 κρίσει.
1799 3502 1875 3556 Οὐ

294 3574 382 3628 δεῖ
407 3576 514 3648 γὰρ
544 3578 732 3644 ἁπλῶς
765 3582 857 3635 καὶ
887 3583 1126 3656 ἀκρίτως
1157 3573 1293 3640 πᾶσι
1334 3587 1614 3659 προθεῖναι
1646 3591 1741 3662 τῆς
1777 3609 1877 3663 μυ-

296 3670 610 3738 σταγωγίας
644 3671 737 3726 τὸν
763 3672 939 3743 λόγον.
976 3676 1087 3730 Καὶ
1116 3676 1275 3731 τοῦτο
1298 3674 1366 3751 ἦν
1398 3679 1426 3733 ὃ
1454 3677 1607 3734 εἶπεν
1634 3683 1819 3747 αὐτοῖς
1846 3685 1876 3736 6

294 3758 505 3831 Κύριος
526 3780 540 3793 ’
573 3762 672 3831 Μὴ
695 3765 921 3828 βάλετε
944 3767 1016 3821 τὰ
1039 3768 1175 3841 ἅγια
1200 3770 1319 3835 τοῖς
1343 3773 1548 3826 κυσίν.

385 3854 524 3908 Ἀπὸ
572 3855 762 3925 ἀκοῆς
807 3858 1073 3928 πονηρᾶς
1102 3863 1173 3916 οὐ
1214 3863 1637 3932 φοϐηθήσεται.
1713 3865 1875 3921 Οὐδὲν

291 3944 409 4016 γὰρ
439 3945 579 4016 πρὸς
610 3948 735 4011 τοὺς
767 3949 952 4017 ἁγίους
979 3951 1087 4005 τῶν
1112 3952 1487 4025 κολαζομένων
1512 3958 1539 4009 6
1566 3955 1747 4025 φόϐος.
1847 3970 1875 4023 ιε

381 4035 793 4106 Ἐσκόρπισεν,
814 4040 996 4096 ἔδωκε
1024 4043 1148 4110 τοῖς
1172 4044 1411 4111 πένησι.
1464 4046 1708 4119 Πένητας
1743 4049 1874 4102 κάν-

292 4126 471 4181 ταῦθα
502 4130 631 4194 τοὺς
658 4130 854 4196 ἐνδεεῖς
882 4134 1095 4205 νοήσεις
1116 4134 1211 4189 τοῦ
1252 4135 1397 4190 θείου
1422 4136 1579 4207 λόγου
1599 4178 1614 4204 ,
1644 4138 1715 4191 τὰ
1742 4138 1870 4211 ἔθνη

293 4219 542 4292 δηλονότι
564 4237 579 4251 ⁸
611 4221 659 4274 οἶ
697 4224 958 4295 γεωργῶν
991 4225 1144 4297 δίκην
1174 4226 1268 4281 τὸν
1294 4228 1481 4300 νοητὸν
1505 4230 1873 4302 κατέσπειραν

293 4310 476 4380 λόγον.
499 4312 664 4368 Οὐδὲν
685 4314 794 4386 γάρ
812 4315 1009 4370 κωλύει
1028 4318 1122 4371 καὶ
1147 4318 1430 4392 ἱστορικῶς
1446 4320 1578 4374 αὐτὸ
1595 4321 1869 4390 δέξασθαι.

306 4401 381 4456 Ἠ
414 4402 768 4473 δικαιοσύνη
794 4407 980 4462 αὑτοῦ
995 4407 1163 4477 μένει
1183 4411 1271 4475 εἰς
1293 4410 1399 4464 τὸν
1425 4406 1629 4477 αἰῶνα,
1659 4412 1757 4465 καὶ
1805 4412 1873 4466 τὰ

1975 3305 2082 3361 nisi
2113 3304 2438 3375 apostolicus
2464 3305 2683 3373 chorus,
2717 3307 2810 3376 qui
2852 3323 2948 3377 per
2984 3305 3360 3376 evangelicam
3398 3318 3537 3374 prs:-

1978 3397 2307 3453 dicationem
2339 3397 2699 3468 ignorantiam
2726 3414 2756 3452 a
2785 3399 3036 3470 gentibus
3063 3395 3396 3454 eliminavit?

2044 3488 2100 3545 5.
2154 3490 2406 3560 Disponet
2439 3506 2702 3545 sermones
2738 3507 2858 3546 suos
2890 3491 2945 3545 in
2980 3490 3207 3561 judicio.
3258 3487 3378 3544 Non
3436 3502 3538 3558 par

1975 3588 2062 3637 est
2091 3580 2237 3637 enim
2268 3590 2472 3636 temere
2501 3590 2556 3636 et
2584 3581 2985 3642 inconsiderate
3029 3581 3287 3637 omnibus
3339 3588 3538 3650 myste-

1977 3672 2185 3727 riorum
2214 3673 2376 3727 verba
2404 3687 2725 3743 proponere.
2758 3672 2825 3727 Et
2851 3673 2952 3728 hoc
2987 3684 3106 3728 erat
3140 3671 3281 3743 quod
3325 3670 3541 3725 dicebat

1868 3783 1872 3797 ι
1974 3763 2082 3817 illis
2109 3761 2372 3819 Dominus
2405 3782 2418 3817 :
2450 3762 2630 3818 Nolite
2654 3765 2910 3834 projicere
2939 3773 3128 3819 sancta
3160 3762 3376 3818 canibus
3395 3763 3463 3817 “.

2042 3853 2099 3908 7.
2127 3853 2204 3907 Ab
2234 3854 2503 3908 auditione
2525 3854 2668 3908 mala
2695 3870 2799 3908 non
2830 3854 3050 3909 timebit.
3092 3854 3306 3909 Sanctis
3354 3853 3536 3910 nullus

1973 3944 2117 4000 inest
2145 3946 2310 4000 timor
2339 3945 2602 4015 supplicia
2642 3945 2969 4001 videntibus.

2042 4039 2096 4095 9.
2130 4039 2405 4110 Dispersit,
2434 4039 2574 4095 dedit
2600 4039 3217 4110 pauperibus.Pauperes
3247 4038 3408 4094 etiam
3448 4038 3536 4095 hic

1973 4129 2243 4199 intelligas
2270 4142 2470 4198 egenos
2500 4128 2667 4183 divini
2706 4129 2879 4196 verbi,
2921 4128 3127 4184 scilicet
3155 4138 3341 4199 gentes
3369 4146 3382 4181 :
3413 4144 3544 4198 quae

1971 4220 2336 4293 agricolarum
2384 4235 2537 4276 more
2580 4219 2859 4290 spirituale
2898 4220 3123 4274 verbum
3170 4219 3530 4273 seminarunt.

1970 4313 2117 4369 Nihil
2153 4313 2299 4370 enim
2342 4322 2509 4379 vetat,
2557 4312 2851 4383 quominus
2881 4312 2996 4367 haec
3045 4311 3303 4367 historice
3338 4311 3538 4367 intelli-

1972 4415 2185 4478 gantur.
2217 4403 2440 4459 'Justitia
2463 4403 2575 4474 ejus
2603 4410 2779 4457 manet
2808 4403 2864 4457 in
2906 4402 3155 4458 steculum
3187 4400 3390 4468 saeculi,
3430 4409 3535 4459 etc.

297 4493 447 4564 ἑξῆς.
517 4493 625 4548 Τοῦ
672 4493 1044 4569 διανείμαντος
1111 4498 1351 4571 δηλονότι
1396 4500 1488 4554 τὸν
1524 4500 1872 4570 εὐαγγελικὺν

1995 4497 2110 4568 Ejus
2161 4496 2369 4552 scilicet
2412 4496 2506 4567 qui
2550 4495 2923 4566 evangelicum
2971 4508 3276 4550 sermonem
3322 4492 3541 4565 dispen-

297 4584 477 4655 λόγον.

381 4676 758 4746 Ἀμαρτωλὸς
785 4678 993 4747 ὄψεται
1026 4681 1123 4735 καὶ
1170 4681 1606 4752 ὀρτισθήσεται.
1673 4685 1870 4757 Ἀμαρι

295 4766 470 4821 τωλδν
507 4767 601 4821 τὸν
630 4767 875 4823 διάϐολόν
919 4788 1112 4843 φησιν,
1158 4773 1218 4837 ὃς
1261 4774 1355 4827 καὶ
1405 4775 1725 4846 σωζομένων
1764 4777 1874 4832 τῶν

296 4857 470 4912 ἐθνῶν
502 4860 871 4932 ἀγανακτήσει
895 4900 911 4927 ,
945 4862 1040 4917 ἆτε
1072 4865 1171 4936 τὴν
1221 4865 1436 4921 πάντων
1479 4866 1710 4939 διψήσας
1770 4869 1874 4923 ἀπ-

295 4949 519 5008 ὡλειαν.

620 5048 934 5102 ΨΑΛΜΟΣ
965 5049 1129 5105 PIB'.
1170 5049 1549 5119 Ἀλληλούτα.

910 5138 924 5157 '
935 5140 1241 5207 Υπόθεσις.

306 5226 404 5282 Ἐν
430 5226 602 5300 τούτῳ
634 5227 945 5284 διδάσκεται
977 5232 1005 5284 6
1035 5231 1152 5296 νέος
1176 5230 1303 5296 λαὸς
1329 5231 1664 5286 ἀδιάλειπτον
1702 5231 1872 5304 ὕμνον

368 5320 705 5393 πρρσφέρειν
760 5319 840 5391 τῷ
889 5320 1318 5395 λυτρωσαμένῳ·
1372 5323 1487 5395 ἅμα
1512 5323 1570 5377 δὲ
1618 5324 1711 5378 καὶ
1761 5324 1870 5378 τῶν

363 5410 529 5465 ἐθνῶν
562 5411 821 5466 ἁπάντων
851 5414 1242 5485 κατασημαίνει
1267 5414 1364 5487 τὴν
1401 5415 1611 5486 κλῆσιν.

363 5503 608 5571 Αἰνεῖτε,
635 5503 870 5570 παῖδες,
923 5503 1031 5559 τὸν
1054 5507 1273 5575 Κύριον
1294 5546 1310 5572 ,
1343 5506 1566 5566 αὶνεῖτε,
1586 5505 1653 5560 τὸ
1684 5505 1868 5575 ὄνομα

291 5595 400 5652 τοῦ
418 5598 667 5667 Κυρίου.
704 5595 1027 5650 Διδάσκεται
1054 5598 1086 5650 ὁ
1106 5596 1224 5661 νέος
1247 5598 1393 5664 λαὸς,
1425 5598 1520 5663 ὡς,
1568 5599 1617 5651 εἰ
1645 5596 1739 5652 καὶ
1777 5599 1869 5651 ἀν·-

364 5777 529 5837 “lsa.
553 5793 726 5849 xxxv,
762 5776 819 5832 5.
893 5776 938 5808 "
960 5764 1095 5832 Gen.
1130 5792 1266 5844 nn,
1305 5776 1358 5833 3.
1429 5775 1681 5865 'fMatth.
1709 5776 1873 5844 vn,6.

1977 4598 2082 4645 sat.

2049 4684 2136 4739 10.
2199 4683 2456 4739 Peccator
2503 4682 2694 4738 videbit
2743 4691 2795 4737 et
2858 4683 3137 4738 irascetur.
3192 4679 3538 4737 Peccatorem

1976 4775 2067 4830 hic
2094 4775 2372 4830 diabolum
2408 4782 2588 4842 vocat,
2642 4773 2737 4843 qui
2787 4774 3039 4843 gentibus
3069 4773 3299 4828 salutem
3348 4788 3540 4829 conse—

1977 4865 2272 4937 quentibus
2307 4867 2596 4934 irascetur,
2630 4872 2817 4935 utpote
2843 4864 2938 4936 qui
2964 4866 3209 4920 omnium
3238 4866 3537 4936 perniciem

1976 4953 2142 5010 sitiat.
2342 5023 2346 5033 ι

2337 5042 2579 5110 PSALM
2589 5042 2676 5099 US
2706 5041 2889 5099 CXII.
2919 5043 3171 5102 Alleluia.

2558 5133 2954 5206 Argumentum.

1974 5224 2032 5280 In
2060 5226 2164 5281 hoc
2195 5225 2420 5280 docetur
2454 5240 2627 5281 novus
2656 5226 2909 5296 populus,
2942 5225 3203 5297 hymnum
3249 5222 3533 5279 incessan-

2044 5326 2126 5372 ter
2157 5316 2438 5371 liberatori
2492 5315 2775 5386 prolerre:
2833 5325 2993 5388 atque
3043 5332 3152 5372 una
3197 5314 3533 5387 signiﬁcatur

2045 5407 2289 5462 omnium
2321 5407 2565 5479 gentium
2606 5408 2838 5462 vocatio.

2046 5499 2094 5551 l.
2127 5498 2389 5564 Laudate,
2418 5500 2589 5568 pueri,
2626 5499 2928 5561 Dominum,
2956 5495 3171 5550 laudate
3199 5511 3385 5550 nomen
3425 5494 3534 5550 Bo-

1975 5589 2121 5646 mini.
2167 5588 2403 5647 Docetur
2431 5603 2630 5664 .novus
2692 5588 2921 5660 populus
2941 5625 2966 5654 ,t
3016 5585 3543 5661 etiamsiinominns.

2082 5870 2130 5899 .41
