3946 6222
339 277 446 337 to?
1189 277 1244 333 s.
1285 272 1656 331 ATHANASII
1692 250 1843 329 opp.
1883 271 2061 327 rans
2096 266 2186 324 tu.
2223 283 2291 308 ---
2329 268 2735 326 meamea.
3460 263 3565 321 tos

342 402 530 450 noster
570 399 885 462 assumptus
932 376 1009 447 sit
1048 390 1101 444 in
1144 389 1363 447 dextera
1414 389 1607 452 Patris,
1667 395 1899 442 attamen
1930 393 1969 447 Α

2087 383 2211 454 ξφθη
2227 386 2255 438 ὁ
2279 382 2482 455 Κύριος
2505 382 2684 455 ἡμῶν,
2713 382 2806 437 καὶ
2826 380 2968 435 ἔστιν
2991 381 3048 433 ἐν
3061 378 3207 450 δεξιᾷ
3226 377 3319 432 τοῦ
3335 375 3572 450 natm,

345 487 508 539 etiam
542 499 690 539 nunc
721 485 932 554 plenam
972 497 1092 538 esse
1125 497 1339 538 omnem
1372 488 1571 538 terram
1602 463 1655 535 et
1685 478 1789 534 frui
1823 479 1905 531 vi-

2087 476 2123 527 λ’
2151 471 2243 528 οὖν
2268 476 2362 528 καὶ
2391 474 2561 539 οὕτως
2590 476 2800 546 πλήρης
2832 473 2947 528 ἐστὶ
2976 474 3122 526 πᾶσα
3143 472 3179 542 ἡ
3195 469 3415 541 γῆλκαὶ
3440 470 3577 522 ἀπο-

349 576 602 631 sitatione
634 577 773 644 ejus.

2087 565 2163 620 ύει
2191 566 2289 637 τῆς
2320 567 2624 637 ἐπισκοπῆς
2655 565 2840 620 αὐτοῦ.

422 666 474 719 7.
512 665 791 720 Suscitans
833 681 865 718 a
902 674 1044 717 terra
1091 663 1316 733 inopem.
1349 661 1609 717 Videlicet
1669 659 1908 733 gentium

2092 653 2155 711 Ὅ
2191 658 2432 730 ἐγείρων
2483 656 2600 712 ἀπὸ
2654 654 2765 728 γῆς
2828 655 3082 726 πτωχόν.
3140 652 3242 707 Τὸν
3293 650 3399 705 τῶν
3413 649 3579 705 ἐθνῶν

350 757 631 828 papulttm.

2087 750 2250 804 λονότι
2283 748 2428 806 λαόν.

426 850 478 905 9.
515 847 618 912 Qui
672 846 910 900 habitare
966 846 1096 915 facit
1128 846 1358 901 sterilem
1380 845 1437 898 in
1482 842 1656 898 domo.
1706 838 1916 896 Sterilis

2095 836 2160 895 ⁸0
2178 838 2517 902 κατοικίζων
2534 840 2780 908 στείραν
2805 839 2874 893 ἐν
2892 839 3053 904 οίκῳ.
3081 833 3278 910 Στείρα
3301 837 3397 907 μὲν
3418 837 3452 906 ή
3473 835 3583 889 τῶν

355 937 459 993 fuit
491 937 730 1009 gentium
762 936 1074 1002 multitudo,
1098 948 1219 1005 quze
1252 935 1447 989 domus
1474 930 1575 986 fuit
1598 930 1914 1001 spiritualis,

2087 931 2186 986 νῶν
2233 932 2441 1003 πληθὺς
2465 971 2481 995 ,
2528 932 2649 1002 ἥτις
2680 932 2773 984 καὶ
2803 927 2949 993 οἶκος
2979 926 3168 998 γέγονε
3199 928 3583 999 πνευματικὸς,

244 1048 267 1061 ’-
358 1038 546 1098 utpote
578 1042 700 1096 quae
730 1025 1020 1081 Dominum
1066 1025 1459 1079 inhabitantem
1494 1022 1762 1078 habuerit.
1796 1020 1921 1074 Fuit

2087 1042 2117 1077 ε
2144 1025 2234 1078 τὸν
2264 1024 2467 1097 Κύριον
2496 1024 2698 1078 ἐνοικον
2725 1023 2941 1095 ἔχουσα.
3003 1021 3197 1090 Γέγονε
3232 1020 3290 1074 δὲ
3321 1020 3417 1073 καὶ
3453 1017 3583 1073 πολε

359 1120 524 1173 etiam
555 1117 849 1172 multorum
883 1116 1118 1171 ﬁliorum
1155 1124 1329 1170 mater
1378 1129 1501 1171 cum
1536 1113 1739 1169 laetitia.
1786 1110 1921 1165 Nam

2087 1134 2127 1169 IV
2155 1115 2357 1169 τέκνων
2386 1117 2564 1188 μήτηρ
2593 1115 2706 1186 μετ’
2733 1112 3086 1185 εὐφροσύνης.
3125 1110 3330 1182 Ἐσώθη
3355 1110 3473 1181 γὰρ.
3492 1111 3589 1162 αύ-

362 1209 457 1263 tilii
483 1208 603 1278 ejus
635 1223 730 1277 per
753 1206 909 1261 tidem
945 1208 997 1260 in
1022 1205 1301 1262 Christum
1332 1207 1561 1261 salutem
1607 1204 1751 1259 nacti
1775 1210 1920 1257 sunt.

2094 1225 2121 1271 ς
2148 1208 2215 1262 τὰ
2238 1207 2402 1261 τέκνα
2421 1206 2508 1261 διὰ
2532 1207 2632 1277 τῆς
2654 1206 2887 1269 πίστεως
2911 1205 3009 1276 τῆς
3035 1205 3115 1269 εἰς
3150 1201 3401 1276 Χριστόν.
3433 1202 3588 1270 Ἔχει

363 1296 478 1354 Hoc
507 1307 685 1352 autem
716 1297 1005 1352 discrimen
1030 1306 1112 1352 est
1141 1297 1280 1350 inter
1315 1309 1433 1350 eam
1478 1307 1531 1349 et
1564 1292 1923 1365 Synagogam,
1954 1292 1960 1303 '

2111 1316 2230 1352 τινα
2269 1299 2362 1352 καὶ
2390 1296 2789 1368 ἀντιδιαστολὴν
2838 1296 2970 1367 πρὸς
2993 1295 3091 1366 τὴν
3122 1291 3439 1364 συναγωγὴν
3461 1330 3477 1354 ,
3506 1291 3588 1344 ὅτι

364 1390 510 1459 quod
557 1389 840 1461 Synagoga
873 1389 940 1444 de
976 1388 1105 1444 tiliis
1147 1389 1325 1444 laetata
1370 1402 1479 1442 non
1522 1386 1708 1451 fuerit,
1745 1393 1929 1457 utpote

2087 1391 2208 1461 ιείνη
2238 1390 2337 1442 οὐκ
2363 1388 2639 1459 εὐφράνθη
2671 1388 2761 1440 ἐπὶ
2803 1388 2915 1450 τοῖς
2938 1385 3146 1450 τέκνοις
3164 1425 3179 1450 ,
3223 1385 3319 1439 ἅτε
3348 1381 3590 1453 ἀπωλείᾳ

367 1481 625 1551 perniciei
662 1481 898 1536 traditis.

2087 1500 2104 1533 ι
2112 1482 2501 1554 ραδεδομένοις.

722 1634 1060 1694 PSALMUS
1085 1637 1300 1694 CXIII.
1338 1638 1589 1693 Alleluia.

2356 1633 2655 1689 ΨᾹΛΜΟΣ
2685 1632 2805 1686 PII"
2817 1638 2850 1683 ’.
2931 1629 3299 1685 Ἁλληλούτα.

1963 1746 2008 1800 Β

957 1795 1355 1864 Argumentum.
1966 1791 1969 1800 ¹

2655 1786 2668 1807 ’
2681 1788 2987 1853 Υπόθεσις.

376 1927 434 1984 In
464 1928 569 1986 hoc
602 1930 729 1985 item
788 1929 997 1999 psalmo
1030 1899 1270 1998 gentium
1317 1927 1532 1981 vocatio
1579 1921 1936 1994 signiﬁcatur.

2090 1928 2148 1985 αὶ
2178 1928 2235 1983 ἐν
2266 1927 2439 1998 τούτῳ
2481 1928 2515 1997 ἡ
2556 1924 2743 1995 κλῆσις
2785 1922 2891 1976 τῶν
2920 1919 3089 1975 ἐθνῶν
3115 1916 3597 1990 κατασημαίνετιη.

446 2021 529 2074 Ad
556 2021 691 2081 haec,
722 2018 970 2076 doctrina
994 2019 1059 2073 ad
1094 2028 1190 2074 eos
1209 2018 1304 2088 qui
1339 2017 1569 2072 salutem
1595 2025 1940 2081 consequun-

446 2120 577 2176 tur;
613 2110 760 2181 quod
785 2120 939 2166 vetus
988 2117 1392 2173 testamentum,
1441 2106 1535 2161 Dei
1582 2118 1702 2160 esse
1744 2091 1943 2172 cognb—

448 2209 623 2264 scant,
656 2208 711 2254 et
742 2200 1027 2269 pristinam
1061 2199 1207 2253 illam
1243 2200 1471 2252 salutem
1514 2193 1700 2265 populi
1734 2207 1800 2246 ex
1830 2190 1941 2246 cir-

450 2291 805 2360 cumcisione,
834 2307 929 2361 per
959 2290 1246 2346 Dominum
1276 2289 1472 2344 factam
1509 2300 1648 2341 esse.

456 2383 510 2436 1.
543 2380 610 2435 1η
635 2382 780 2435 exitu
805 2380 980 2437 Israel
1012 2381 1075 2435 de
1094 2379 1418 2450 ngypto....
1448 2374 1621 2429 Facta
1644 2382 1718 2428 est
1753 2371 1947 2426 Judaza

2109 2017 2433 2072 Διδασκαλίαι
2458 2031 2517 2067 τε
2543 2012 2679 2084 πρὸς
2708 2009 2864 2064 τοῦτο
2888 2009 3069 2072 αὐτοῖς
3116 2009 3228 2070 τοῖς
3281 2005 3604 2076 σωζομένοις

2111 2109 2204 2161 ἐπὶ
2245 2106 2321 2177 τῷ
2353 2102 2447 2160 καὶ
2477 2103 2574 2174 τὴν
2600 2099 2842 2156 Παλαιὰν
2873 2099 3065 2152 εἰδέναι
3103 2097 3406 2168 Διαθήκην,
3440 2090 3606 2149 οὖσαν

2111 2197 2246 2253 Θεοῦ
2267 2239 2282 2262 ,
2313 2197 2407 2251 καὶ
2431 2195 2528 2266 τὴν
2558 2191 2828 2264 προτέραν
2875 2188 3141 2261 σωτηρίαν
3170 2186 3262 2241 τοῦ
3295 2189 3359 2241 ἐκ
3394 2203 3605 2260 περιτο-

2118 2291 2224 2363 μῆς
2255 2285 2383 2342 λαοῦ
2401 2329 2415 2354 ,
2449 2283 2536 2339 διὰ
2560 2283 2654 2337 τοῦ
2679 2280 2883 2354 Κυρίου
2911 2278 3300 2351 γεγενημένην.
3552 2330 3563 2341 _

2127 2385 2223 2435 Ἐν
2244 2378 2430 2446 ἐξόδῳ
2463 2374 2706 2444 Ἰσραήλ
2732 2415 2745 2429 .
2770 2413 2784 2427 .
2809 2410 2825 2428 .
2852 2412 2868 2426 .
2895 2412 2908 2424 .
2937 2411 2950 2425 .
2977 2410 2991 2425 .
3016 2411 3031 2425 .
3058 2410 3072 2425 .
3098 2369 3431 2446 ..Ἐτενήθη
3471 2368 3579 2422 ‘Iov

383 2471 735 2543 sanctiﬁcatio
756 2473 890 2543 ejus.
917 2472 1077 2536 Cum,
1106 2442 1302 2543 inquit,
1326 2470 1586 2525 liberatus
1611 2477 1695 2523 est
1717 2464 1947 2537 populus

2087 2475 2186 2530 ala
2221 2442 2482 2541 ἁγίασῂα
2514 2442 2720 2521 αυτοῦ.
2776 2460 2905 2517 Ὅτε
2924 2502 2940 2526 ,
2978 2442 3174 2533 φησιν,
3203 2459 3486 2531 ἀπηλλάγη
3510 2458 3609 2528 τῆς

387 2582 419 2619 a
448 2566 710 2621 servitute
738 2562 1114 2637 Egyptiorum
1140 2583 1155 2630 ;
1185 2572 1316 2619 tunc
1344 2561 1529 2617 Judtra
1557 2558 1695 2615 facta
1725 2567 1809 2612 est
1830 2571 1952 2611 san-

387 2660 649 2716 ettticatio
681 2656 822 2728 eius.
864 2654 983 2713 Non
1016 2658 1072 2712 in
1109 2659 1287 2714 solum
1339 2665 1519 2710 autem
1562 2652 1813 2708 lsraelem
1844 2648 1948 2703 im-

2047 2567 2156 2622 τῶν
2207 2560 2518 2633 Αἰγυπτίων
2565 2556 2839 2619 δουλείας⁶
2870 2554 2992 2607 τότε
3025 2555 3058 2623 ή
3102 2551 3323 2605 Ἰουδαία
3365 2550 3614 2619 ἁγίασμα

2049 2651 2213 2708 αὐτοῦ
2244 2649 2486 2718 γέγονεν.
2550 2645 2663 2699 Οὐκ
2704 2641 2866 2697 αὐτοῦ
2910 2640 2967 2694 δὲ
3008 2638 3221 2711 Ἰσραὴλ
3263 2634 3393 2710 ἦρξε
3424 2637 3609 2708 μόνου,

389 2751 623 2822 paravit,
676 2726 766 2806 sed
815 2750 952 2820 jam,
1003 2750 1117 2816 ait,
1171 2747 1425 2803 omnibus
1479 2744 1729 2817 gentibus
1781 2742 1951 2812 gratia

2089 2738 2188 2793 λλὰ
2218 2735 2311 2793 νῦν
2331 2777 2346 2800 ,
2374 2734 2536 2807 φησιν
2555 2772 2569 2796 ,
2596 2734 2676 2795 εἰς
2709 2731 2888 2785 πάντα
2911 2728 2978 2783 τὰ
2999 2728 3125 2800 ἔθνη
3155 2728 3190 2799 ἡ
3214 2727 3370 2799 χάρις
3389 2726 3609 2780 δίδοται.

393 2844 571 2897 datur.

465 2932 519 2985 4.
562 2931 763 2985 Montes
793 2931 1183 2986 exsultaverunt
1212 2935 1270 2982 ut
1298 2929 1511 2983 arietes.
1541 2925 1677 2981 Cum
1707 2923 1850 2979 Deus
1899 2922 1952 2977 in

2125 2912 2208 2969 Τὰ
2238 2913 2344 2982 ὅρη
2390 2912 2763 2978 ἐσκίρτησαν
2793 2905 2934 2960 ὡσεὶ
2964 2904 3134 2974 κριοί.
3203 2903 3308 2957 Τοῦ
3353 2899 3487 2956 Θεοῦ
3516 2901 3622 2964 τὰς

396 3022 530 3092 ipsis
552 3023 827 3078 montibus
847 3030 1145 3093 appareret,
1164 3021 1319 3092 quasi
1340 3017 1682 3075 exsultabant
1704 3016 1771 3072 de
1791 3014 1957 3072 Israe-

2087 3006 2374 3075 πιφανείας
2404 3006 2461 3056 ἐν
2485 3003 2666 3064 αὐτοῖς
2686 2999 3029 3070 ποιουμένου,
3057 2996 3217 3050 οἱονεὶ
3242 2994 3504 3065 ἐσκίρτων
3527 2993 3622 3045 ἐπὶ

398 3115 467 3171 iis
499 3119 691 3173 salute.

472 3208 526 3263 5.
557 3209 696 3274 Quid
721 3217 796 3261 est
829 3205 947 3273 tibi,
980 3222 1145 3263 mare.
1168 3201 1310 3275 quod
1353 3203 1557 3272 fugisti,
1590 3212 1637 3257 et
1679 3212 1735 3255 tu
1756 3199 1957 3255 Iorda-

403 3301 507 3364 nis,
534 3302 657 3370 quia
686 3315 957 3355 conversus
989 3315 1042 3352 es
1070 3309 1355 3352 retrorsum
1381 3294 1406 3348 7
1444 3293 1709 3361 Quoniam
1751 3294 1843 3348 illa
1893 3293 1961 3346 ir-

402 3392 743 3448 rationabilia
764 3401 818 3446 et
837 3390 1132 3445 inanimata
1154 3394 1329 3455 erant,
1358 3386 1475 3456 ipse
1502 3400 1691 3440 eorum
1725 3384 1840 3439 vice
1873 3396 1960 3437 re-

406 3485 656 3556 spondet.

479 3576 529 3631 7.
570 3576 608 3629 Α
660 3576 795 3647 facie
829 3574 1045 3630 Domini
1074 3585 1213 3628 mota
1241 3583 1313 3628 est
1349 3583 1506 3636 terra,
1546 3578 1651 3626 etc.
1695 3564 1820 3624 Haec
1849 3567 1964 3621 sin-

407 3667 548 3738 gula,
577 3666 673 3733 ait,
696 3665 765 3721 ob
784 3665 1156 3721 advenientem
1202 3663 1489 3717 Dominum
1514 3660 1654 3716 facta
1678 3667 1823 3716 sunt.
1855 3658 1969 3712 Hac

407 3758 474 3812 de
502 3771 666 3812 causa
690 3755 792 3810 fuit
823 3765 981 3811 terrae
1011 3755 1307 3811 commotio
1328 3760 1383 3807 et
1408 3752 1603 3809 divisio
1630 3751 1818 3805 maris.
1848 3749 1969 3818 Ipse

407 3864 643 3919 namque
663 3848 911 3904 sterilem
955 3856 1185 3918 petram,
1236 3861 1302 3902 ac
1344 3844 1675 3900 humiditate
1701 3843 1848 3898 omni
1882 3857 1970 3896 va-

409 3953 592 4004 cuam,
623 3954 747 4009 quae
785 3954 854 3993 ne
886 3938 1207 3994 incisionem
1240 3936 1459 4007 quidem
1499 3935 1570 3990 oh
1598 3933 1853 3989 duritiem
1883 3932 1972 3987 ad-

412 4029 679 4092 mittebat,
728 4043 992 4099 aquarum
1042 4028 1197 4098 capia
1243 4025 1550 4089 inundavit,
1591 4024 1867 4094 iussitque
1913 4030 1974 4076 ut

412 4119 542 4174 hinc
562 4120 798 4189 copiosae
826 4134 1090 4189 aquarum
1124 4117 1490 4189 scaturigines
1517 4122 1856 4170 emanarent.
1886 4111 1976 4167 Ni-

412 4209 492 4263 ltil
538 4209 725 4279 igitur,
774 4210 869 4277 ait,
901 4210 1100 4264 mirum
1137 4208 1357 4264 evenit:
1402 4207 1569 4277 jussit
1610 4206 1754 4261 enim
1795 4204 1975 4275 opifex

413 4307 467 4354 et
500 4298 733 4355 divisum
756 4310 839 4354 est
875 4314 1047 4364 mare,
1095 4315 1160 4354 ac
1201 4309 1475 4370 praerupta
1507 4306 1658 4368 petra
1693 4297 1977 4352 scaturivit

417 4396 655 4462 aquam:
698 4392 896 4446 caelum
929 4406 1126 4445 manna
1156 4392 1541 4461 suppeditavit,
1583 4391 1740 4446 venti'
1768 4396 1979 4460 ortygo—

418 4495 645 4541 metram
682 4490 1166 4555 congregaverant,
1196 4493 1250 4538 et
1275 4483 1479 4553 reliqua
1511 4482 1694 4538 omnia
1727 4481 1843 4551 ipso
1875 4496 1975 4536 an-

420 4584 620 4632 nuente
651 4574 791 4631 facta
832 4585 980 4631 sunt.

438 4754 443 4757 ’
492 4759 533 4817 Ι.
574 4758 695 4813 Νοη
736 4758 905 4824 nobis,
938 4756 1175 4824 Domine,
1202 4774 1304 4811 non
1341 4756 1512 4824 nobis,
1543 4755 1633 4810 sed
1668 4755 1866 4809 nomini
1889 4764 1973 4810 tuo

420 4852 493 4908 da
533 4853 774 4924 gloriam.
818 4849 1042 4905 Videtur
1077 4850 1400 4905 adumbrare
1441 4849 1651 4918 lapsum
1688 4847 1873 4918 populi
1911 4861 1979 4903 ex

421 4943 842 5001 circumcisione
874 4941 1320 5012 iorationemque
1352 4940 1485 5011 ipsis
1515 4939 1727 4994 tradere
1752 4938 1818 4993 ad
1849 4953 1982 4993 eon-

420 5035 739 5099 fessionem,
781 5041 967 5105 utpote
997 5034 1090 5104 qui
1125 5034 1362 5089 divinam
1401 5032 1657 5086 virtutem
1695 5030 1981 5100 inspectri-

422 5144 538 5183 cem
567 5142 632 5182 ac
658 5126 1024 5197 providentem
1052 5125 1191 5179 ultra
1220 5140 1326 5178 non
1350 5124 1601 5179 habeant.
1624 5121 1785 5177 Docet
1804 5129 1981 5174 autem

422 5235 517 5274 eos
539 5220 717 5273 dicere
749 5236 763 5272 :
790 5215 900 5272 Nos
929 5216 1149 5286 quidem
1194 5214 1401 5285 indigni
1438 5214 1608 5284 gratia
1641 5226 1834 5266 sumus
1874 5224 1982 5279 qua

423 5321 609 5379 gentes
656 5324 846 5363 omnes
875 5308 1052 5378 dignae
1087 5306 1287 5361 habita!
1330 5314 1477 5359 sunt.
1527 5301 1727 5358 Verum
1767 5308 1984 5371 propter

424 5416 622 5456 nomen
657 5410 835 5458 tuum.
878 5398 1025 5470 quod
1068 5398 1136 5452 ab
1169 5396 1324 5452 initio
1368 5396 1677 5450 invocatum
1710 5399 1793 5447 est
1824 5404 2008 5464 super.

427 5507 549 5556 nos,
573 5491 703 5546 illud
730 5509 881 5564 agas.
907 5491 1012 5546 Sed
1040 5506 1108 5545 ne
1123 5489 1279 5544 nobis
1297 5487 1523 5557 justitire
1542 5495 1648 5541 tuae
1672 5482 1985 5539 retributio-

427 5594 552 5633 nem
578 5578 815 5647 dederis,
838 5590 891 5635 tu
922 5581 1017 5649 qui
1037 5595 1164 5636 vere
1180 5578 1325 5636 Deus
1341 5593 1421 5643 es,
1445 5585 1501 5633 et
1527 5590 1637 5631 non
1659 5574 1800 5632 sicut
1817 5571 1955 5628 idola
1971 5610 1988 5637 ,

428 5678 761 5740 quapropter
789 5672 1103 5742 subiungit:

1983 3078 2025 3135 θ
2056 3100 2122 3170 τῇ
2152 3096 2246 3151 τοῦ
2293 3094 2507 3166 Ἰσραὴλ
2541 3093 2802 3164 σωτηρίᾳ.

2134 3191 2194 3244 Τί
2219 3188 2321 3243 σοί
2344 3187 2496 3250 ἐστι,
2525 3183 2823 3246 θάλασσα,
2845 3181 2935 3235 ὅτι
2963 3180 3200 3250 ἔφυγες,
3225 3176 3322 3231 καὶ
3347 3175 3450 3239 σὺ,
3478 3175 3625 3242 Ἰορσι

2059 3282 2233 3348 δάν-η,
2268 3279 2356 3332 ὅτι
2392 3276 2694 3345 ἐστράφης
2718 3276 2805 3341 εις
2831 3273 2903 3327 τὰ
2945 3272 3172 3335 datam;
3214 3268 3429 3339 Ἐπειδὴ
3456 3267 3623 3333 ἄλογα

2060 3372 2127 3446 ἦν
2158 3375 2341 3427 ἐκεῖνα
2376 3372 2470 3425 καλ⁵
2493 3369 2695 3439 ἄψυχα,
2723 3367 2883 3430 αὐτὸς
2908 3367 3140 3419 ποιεῖται
3162 3364 3296 3434 ὑπὲρ
3326 3361 3503 3416 αὐτῶν
3525 3360 3624 3433 τὴν

2063 3463 2372 3533 ἀπόκρισιν.
3056 3508 3057 3513 η

2148 3554 2291 3608 Ἀπὸ
2320 3550 2641 3622 προσώπου
2677 3548 2898 3617 Κυρίου
2927 3546 3223 3612 ἐσαλεύθη
3259 3544 3297 3611 ἡ
3330 3542 3426 3614 γῆ.
3459 3538 3630 3595 Τοῦτο

2065 3647 2312 3710 ἕκαστον,
2334 3644 2488 3716 φησὶ,
2505 3643 2593 3697 διὰ
2611 3643 2701 3695 τὸν
2725 3640 3052 3709 ἐπιφανέντα
3083 3640 3370 3708 γεγένηται
3402 3634 3626 3707 Κύριον.

2068 3736 2283 3807 Ταύτην
2312 3735 2490 3789 αἰτίαν
2517 3733 2615 3805 τῆς
2643 3733 2747 3803 γῆς
2774 3733 2802 3785 ὁ
2826 3730 3012 3794 κλόνος
3046 3731 3136 3783 καὶ
3167 3731 3200 3799 ἡ
3232 3729 3328 3799 τῆς
3357 3726 3631 3795 θαλάσσης

2069 3827 2351 3898 διαίρεσις.
2388 3823 2557 3887 Αὐτὸς
2589 3821 2698 3893 γὰρ
2722 3821 2814 3875 καὶ
2841 3821 2938 3891 τὴν
2962 3819 3154 3887 ἄγονον
3180 3818 3383 3889 πέτραν
3404 3815 3501 3888 τὴν
3531 3814 3634 3869 πά-

2074 3935 2175 3989 σης
2222 3916 2446 3988 ἰκμάδος
2492 3913 2859 3985 ἐστερημένην
2884 3952 2898 3975 ,
2953 3912 3045 3966 καὶ
3076 3910 3210 3982 μηδέ
3262 3908 3433 3980 τομῆς
3461 3906 3549 3960 διὰ
3574 3905 3635 3958 τὸ

2073 4007 2384 4080 στερέμνιον
2424 4005 2789 4076 ἀνεχομένην,
2845 4005 2911 4073 τῇ
2957 4000 3252 4074 προσχύσει
3290 3999 3399 4052 τῶν
3428 3997 3634 4052 ὑδάτων

2074 4078 2376 4164 ἐπέκλυσε,
2431 4099 2611 4169 πηγὰς
2636 4095 2840 4150 ἐκεῖθεν
2863 4095 3069 4149 ὑδάτων
3090 4092 3353 4164 ἀφθόνους
3380 4078 3655 4160 ἀναδοθῆον

2075 4210 2162 4247 ναι
2190 4191 2472 4253 κελεύσας.
2507 4188 2675 4242 Οὑδέν
2696 4183 2788 4242 οὖν
2806 4226 2821 4251 ,
2852 4187 2984 4257 φησι
3003 4226 3018 4251 ,
3050 4182 3357 4254 θαυμαστὸν
3386 4172 3638 4251 ⁸γεγένη-

2075 4303 2192 4341 ταιο
2226 4279 2524 4356 προσέταξε
2552 4278 2660 4351 γὰρ
2689 4280 2718 4331 ὁ
2751 4274 2998 4347 ποιητὴς,
3025 4274 3118 4328 καὶ
3141 4271 3361 4344 διῃρέθη
3385 4269 3446 4322 τὺ
3474 4267 3637 4323 πέλα-

2079 4395 2174 4448 γος
2197 4420 2211 4443 ,
2244 4374 2337 4428 καὶ
2361 4375 2395 4443 ἡ
2423 4370 2726 4442 ἀκρότομος
2754 4365 2943 4421 ἐϐλυσε
2971 4364 3143 4442 πέτρα
3164 4403 3180 4428 ,
3225 4361 3319 4417 καὶ
3359 4358 3641 4433 ὁμούρανδς

2083 4468 2390 4541 ἐχορήγησε
2447 4461 2677 4534 μόινναἸ
2719 4458 2768 4512 oi
2829 4457 3016 4526 ἄνεμοι
3071 4453 3171 4524 τὴν
3229 4450 3641 4525 ὀρτυγομήτραν

2087 4560 2476 4632 συνήθροισαν·
2527 4552 2623 4607 καὶ
2673 4550 2840 4605 τᾶλλα
2888 4547 3065 4602 πάντα
3118 4543 3279 4598 αύτοῦ
3355 4541 3642 4613 γεγένηται

2080 4652 2389 4713 νεύσαντος.

2150 4743 2247 4812 Μὴ
2292 4739 2456 4811 ἡμῖν,
2489 4732 2684 4806 Κύριε,
2710 4733 2796 4804 μὴ
2837 4729 3001 4801 ἡμῖν,
3029 4729 3167 4783 ἀλλ’
3191 4724 3231 4796 ἣ
3278 4724 3359 4791 τῷ
3403 4720 3648 4793 ὀνόματί

2085 4852 2199 4892 σου
2250 4833 2356 4899 δὸς
2399 4828 2827 4896 δόξαν.”Εοικεν
2854 4817 3181 4877 αἰνίττεσθαι
3208 4814 3300 4870 τοῦ
3340 4816 3406 4868 ἐκ
3431 4827 3646 4885 περιτο-

2089 4928 2197 5000 μῆς
2217 4923 2347 4980 λαοῦ
2371 4922 2471 4994 τὴν
2500 4919 2814 4974 ἀπόπτωσιν
2830 4931 2845 4945 ο
2863 4912 3029 4984 εὐχήν
3051 4927 3111 4964 τε
3130 4907 3337 4969 τούτοις
3365 4902 3649 5000 παραδιδό·

2086 4992 2171 5073 ναι
2203 5015 2336 5089 πρὸς
2358 4992 2760 5082 ὲξὸμολόγησιῆ
2793 5005 2868 5067 ὡς
2912 5001 3106 5073 μηκέτι
3131 4999 3228 5070 τὴν
3250 4992 3649 5089 ἐπισκοποῦσαν

2083 5085 2454 5176 θείαντέχουσι
2504 5101 2750 5169 δύναμιν.
2785 5093 3033 5149 Διδάσκει
3079 5090 3144 5162 δὴ
3178 5089 3355 5156 λέγειν
3384 5086 3460 5149 ὡς
3490 5085 3651 5176 ἡμεῖς

2089 5201 2184 5273 μὲν
2207 5174 2412 5263 ἀνάξιοι
2438 5195 2536 5266 τῆς
2564 5191 2784 5264 χάριτος
2802 5185 2871 5263 ἦς
2903 5187 3047 5242 ἅπαν
3074 5183 3224 5246 ἔθνος
3244 5180 3490 5273 ἠξίωταέ

2082 5263 2171 5343 διὰ
2195 5288 2256 5342 τὸ
2284 5286 2374 5340 σὺν
2404 5263 2573 5354 ὄνομ
2605 5280 2825 5350 ποίησον
2848 5276 2907 5331 τὸ
2938 5275 2995 5342 ἐξ
3042 5274 3214 5346 ἀρχῆς
3244 5263 3534 5337 ἐπικληθὲν
3566 5263 3649 5330 ἐφ’

2092 5379 2411 5454 ήμᾶς.Ἀλλ’
2441 5353 2509 5430 ού
2545 5371 2885 5441 δικαιοσύνης
2926 5367 3096 5430 διδοὺς
3139 5362 3390 5435 ἀμοιϐὰς,
3420 5355 3552 5454 Diog
3577 5353 3653 5408 ὢν

2095 5451 2363 5547 ἀληθινὸς,
2392 5469 2502 5526 ἀλλ’
2535 5467 2630 5527 οὐγ
2658 5460 2744 5520 οἷα
2776 5461 2855 5515 τὰ
2881 5459 3102 5531 εἴδωλα)
3137 5457 3325 5528 διόπερ
3356 5451 3649 5524 ἐπήγαγεν

2123 5720 2146 5762 -‘;
2173 5731 2260 5772 ,ιιι
2316 5718 2362 5763 αἱ.
