3946 6222
220 402 225 405 1
303 313 405 379 189

1274 321 1282 327 ·
1390 303 1755 385 uxrosmo
1792 327 1860 385 lN
1897 328 2228 388 PSALMUM
2266 328 2452 390 cxuv.

3436 332 3542 389 470

380 435 456 495 Τὰ
494 436 717 493 eram
759 436 875 492 τῶν
913 431 1102 493 ἐθνῶν
1143 438 1425 510 ἀργύριον
1464 443 1562 496 καὶ
1598 444 1875 512 χρυσίον,

2050 445 2105 499 4.
2136 442 2436 499 Simulaera
2469 443 2698 514 gentium
2733 449 3005 513 argentum
3038 449 3088 496 et
3129 458 3342 507 aurum,
3382 460 3543 513 opera

312 529 449 599 ἐρτα
482 525 694 596 χειρῶν
716 526 1053 596 ἀνθρώπων.
1085 529 1256 584 Τινῶν
1281 531 1386 586 τῶν
1408 532 1753 604 ἀντιγράφων
1774 537 1874 608 ἁρ-

312 621 408 691 χὴν
431 618 542 688 ἔχει
570 617 748 672 ταῦτα
776 619 961 691 ἐτέρου
993 619 1229 692 ψαλμοῦ,
1260 621 1332 686 ὡς
1367 617 1506 677 εἶναι
1539 624 1724 677 τοῦτον
1749 626 1878 678 ἐκαο

310 708 495 763 τοστὸν
536 710 1138 781 τεσσαρεσκαιδέκατον.
1157 712 1345 782 Ἡμεῖς
1377 713 1453 778 δὲ,
1488 713 1566 785 τῷ
1608 714 1878 785 Ἐϐραῖκῷ

313 802 677 873 παρεπέμενοι
710 803 883 874 μέρει,
921 798 1059 857 εἶναι
1084 804 1252 858 ταῦτα
1280 804 1541 876 τιθέμεθα
1566 806 1659 860 τοῦ
1691 809 1879 861 ἑκατο-

315 893 437 947 στού
466 893 927 964 τρισκαιδεκάτου.
961 896 1312 950 Παιδεύονται
1339 898 1447 969 γὰρ
1491 900 1537 951 0i
1586 899 1771 963 παῖδες
1797 892 1878 963 οἷς

311 986 491 1053 ἔλεγεν
514 1002 528 1015 ·
565 986 808 1048 Αἰνεῖτε,
837 987 1062 1053 παῖδες,
1090 990 1337 1057 Κύριον·
1372 991 1645 1045 τουτέστιν
1690 993 1717 1044 ὁ
1761 991 1879 1055 νέος

311 1073 454 1138 λαός.
499 1074 654 1128 Πεῖον
678 1074 879 1147 Κύριον
913 1078 1182 1148 προσῆκόν
1209 1080 1355 1134 ἐστιν
1382 1081 1581 1146 αἰνεῖν;
1616 1082 1785 1135 Αὐτὸν
1813 1082 1877 1153 δὴ

310 1165 398 1219 τὸν
425 1167 518 1218 ἐπὶ
553 1166 662 1219 τῶν
702 1167 760 1232 ἐξ
799 1169 1072 1237 Αἰγύπτου
1095 1171 1327 1226 τοσαῦτα
1353 1175 1876 1245 τερατουργήσαντα,

317 1256 452 1327 μετὰ
480 1255 577 1309 τοῦ
612 1256 802 1328 μαθεῖν
825 1260 997 1313 ὁποῖοί
1024 1278 1168 1324 τινες
1193 1258 1333 1334 ἦσαν
1379 1263 1430 1315 οἱ
1469 1262 1638 1316 πάλαι
1676 1265 1880 1318 τούτων

312 1347 438 1402 θεοί.
480 1346 563 1401 Ta
589 1348 698 1420 γὰρ
725 1348 918 1403 εἴδωλα
944 1351 1006 1404 οὐ
1040 1352 1198 1422 μόνον
1240 1353 1391 1407 οὐδὲν
1431 1349 1575 1424 εἶχον
1598 1355 1780 1424 ὅμοιον
1803 1351 1881 1423 τῷ

314 1439 825 1512 παραδοξοποιοῦντι
870 1441 1008 1513 Θεῷ,
1039 1443 1152 1497 ἀλλ’
1176 1443 1297 1497 οὐδὲ
1348 1447 1458 1508 τοῖς
1497 1445 1602 1498 τῶν
1625 1445 1896 1517 ἐμψύχων-

313 1530 583 1599 ὲσχὰτοις,
611 1524 693 1594 οἷς
739 1531 1039 1604 αἰσθήσεως
1079 1534 1315 1606 μετέχει.
1344 1536 1588 1590 Κάκεῖνα
1622 1536 1719 1608 μὲν
1746 1536 1883 1608 ἔργα

314 1620 468 1683 Θεοῦ,
497 1620 671 1675 ταῦτα
692 1621 747 1675 δὲ
771 1623 965 1694 τέχνης
988 1625 1083 1679 ἀνθ
1093 1625 1308 1697 ρώπων.
1336 1628 1685 1683 Διδάσκονται
1712 1628 1769 1682 δὲ
1793 1627 1881 1680 λέ-

315 1729 457 1783 γειν·
498 1716 714 1784 Ὅμοιοι
751 1716 956 1785 αὐτοῖς
993 1717 1277 1789 γένοιντο.
1302 1720 1415 1774 Οὐκ
1442 1719 1745 1793 ἀνθρώποις
1780 1724 1880 1775 ὲπ-

315 1803 606 1877 αρώμενοι.
636 1785 1073 1879 Μανθάνομεννδὲ
1096 1805 1204 1863 οἷον
1229 1811 1291 1865 τὸ
1321 1812 1419 1883 τῆς
1449 1785 1880 1884 εἰδωλολατρείας
1912 1785 1955 1844 Β

316 1895 462 1961 τέλος
491 1897 797 1953 ἀπόκειται.
831 1900 893 1952 Ol
920 1900 1025 1972 γὰρ
1051 1901 1384 1973 ἀναισθήτως
1414 1903 1767 1974 ὲπανέχοντες
1795 1904 1885 1957 οὐ·

311 1984 400 2041 εὲν
432 1987 612 2041 αὐτῶν
636 1989 778 2043 κατὰ
801 1990 1022 2063 γνώμην
1050 1991 1354 2049 διοίσουσιν.
1374 1993 1649 2065 Τοσαύτην
1681 1993 1883 2067 βλάὸην

319 2079 497 2143 αὐτοῖς
516 2080 616 2151 τῆς
630 2082 1045 2155 ἑμφωλευούσης
1058 2084 1375 2157 δαιμονικῆς
1391 2086 1668 2159 ἐνεργείας
1698 2087 1887 2142 ποιού-

321 2179 437 2237 σης.

387 2366 615 2437 Ὅμοιοι
663 2369 867 2437 αὐτοῖς
916 2368 1185 2441 γένοιντο
1234 2375 1289 2427 ol
1344 2373 1658 2443 ποιοῦντες
1710 2374 1882 2431 αὐτά.

320 2457 571 2512 Ἔσονται
605 2459 776 2524 οὕτως
809 2461 1186 2533 ἀπολλύμενοι,
1222 2464 1300 2529 ὡς
1328 2464 1397 2519 τά
1423 2467 1682 2538 χρήματα
1718 2469 1813 2523 καὶ
1836 2469 1888 2523 οἱ

317 2547 732 2622 θησαυρίζοντες
763 2553 935 2608 αύτά.’

387 2635 563 2707 Οἶκος
604 2641 851 2710 Ἰσραὴλ
886 2642 1148 2712 ἤλπισεν
1180 2644 1281 2698 ἐπὶ
1322 2644 1561 2714 Κύριον.
1595 2646 1777 2701 Ταῦτα
1819 2647 1889 2703 τά

315 2727 437 2804 [Evr]
484 2733 670 2802 φασιν,
735 2734 838 2799 ὅτι,
900 2737 1088 2808 ὥσπερ
1142 2737 1309 2792 πάλαι
1363 2737 1726 2793 πιστεύσαντα
1796 2740 1888 2795 τὸν

327 2817 538 2894 Ἰσραὴλ
561 2822 782 2890 εαωσεν,
817 2825 956 2881 οὕτω
977 2829 1071 2882 καλ⁵
1090 2827 1185 2881 νῦν
1226 2827 1296 2881 τὰ
1321 2827 1447 2901 ἔθνη
1480 2829 1660 2886 σώσει.
1695 2835 1759 2886 Ol
1779 2831 1888 2904 γὰρ

313 2915 667 2983 φοϐούμενοι
715 2915 824 2970 τὸν
866 2916 1107 2986 Κύριον,
1138 2918 1206 2973 τὰ
1232 2919 1358 2990 ἔθνη
1390 2916 1501 2975 εἶεν
1530 2921 1613 2978 ἀν.
1632 2922 1887 2990 ’Υπεξαι-

316 3005 578 3076 ρουμένου
603 3007 713 3079 γὰρ
740 3007 833 3061 τοῦ
855 3008 1002 3063 οἴκου
1038 3010 1271 3082 Ἰσραὴλ,
1293 3011 1534 3065 τουτέστι
1567 3013 1768 3078 παντὸς
1792 3014 1887 3067 τοῦ

314 3095 574 3168 πλήθους,
610 3101 706 3153 καὶ
734 3099 829 3153 τοῦ
853 3100 1003 3155 οἴκου
1039 3100 1247 3174 Ἀαρὼν
1278 3102 1374 3157 καὶ
1409 3102 1504 3156 τοῦ
1537 3103 1685 3159 οίκου
1718 3106 1883 3159 Λευῖ’
1915 3141 1958 3200 c

312 3186 464 3251 τίνας
495 3188 716 3262 ἑτέρους
756 3187 892 3245 εἶναι
924 3192 1205 3264 συμϐαίνει
1243 3196 1368 3258 τοὺς
1405 3195 1770 3266 φοϐουμένους
1796 3196 1891 3251 τὸν

314 3277 538 3351 Κύριον,
568 3280 600 3351 ἥ
630 3281 718 3334 τὸν
748 3281 805 3349 ἐξ
838 3283 1005 3338 ἐθνῶν
1034 3284 1195 3348 λαόνς

378 3372 678 3439 Προσθείη
727 3370 942 3441 Κύριος
979 3374 1072 3443 ἐφ’
1106 3374 1281 3445 ἡμᾶς,
1310 3375 1402 3445 ἐφ’
1435 3376 1593 3447 ἡμᾶς
1642 3378 1740 3432 καὶ
1787 3380 1888 3434 ἐπὶ

312 3462 452 3529 ¹τοὺς
480 3464 652 3530 υἱοὺς
674 3464 860 3535 ἡμῶν.
900 3467 1070 3532 Αὐτὸς
1102 3470 1209 3544 γάρ
1236 3472 1379 3523 ἐστιν
1423 3465 1483 3526 οὗ
1530 3472 1654 3531 τοὺς
1694 3472 1892 3543 νόμους

314 3555 795 3626 φυλάττομεν.”’1να
822 3558 931 3631 γὰρ
966 3560 1040 3633 μὴ
1062 3562 1256 3635 νομίσῃ
1284 3581 1368 3627 τις
1390 3562 1547 3617 ἄλλου
1571 3565 1717 3629 τινὸς
1748 3562 1891 3620 εἶναι

312 3648 407 3719 τὴν
428 3646 516 3700 διά
542 3649 819 3714 Μωῡςέως
848 3653 1187 3722 νομοθεσίαν,
1210 3654 1317 3725 πρὸ
1343 3654 1441 3725 τῆς
1467 3654 1669 3709 τούτων
1689 3656 1888 3721 δόσεως

311 3734 380 3788 τά
428 3736 558 3807 περὶ
590 3738 690 3809 τῆς
723 3741 1080 3809 κοσμοποιίας
1104 3744 1389 3814 παρέδωκε
1412 3760 1425 3774 ·
1453 3744 1518 3797 δι’
1539 3739 1607 3816 ἧς
1635 3746 1729 3800 ἕνα
1755 3747 1891 3803 Θεὸν

312 3821 450 3880 εἶναι
477 3827 740 3895 διδάσκει,
768 3832 835 3885 τά
868 3833 925 3887 δὲ
952 3832 1113 3888 λοιπά
1139 3836 1363 3906 γενητὰ.

386 3922 509 3990 Οὐχ
566 3924 621 3976 οἱ
673 3926 873 3993 νεκροὶ
915 3926 1232 3982 αὶνέσουσι
1274 3943 1377 3992 σε,
1418 3930 1615 3999 Κύριε.
1643 3931 1889 4003 Νεκροὺς

315 4011 468 4067 καλεῖ
491 4015 619 4079 τοὺς
650 4016 757 4069 τῶν
787 4016 1051 4088 δαιμόνων
1086 4019 1446 4091 θεραπευτὰς,
1472 4024 1598 4086 τοὺς
1626 4022 1700 4094 μὴ
1732 4022 1888 4092 ἔχον-ι

1979 551 2230 590 manuum
2271 536 2558 590 hominum.
2606 533 2663 588 In
2694 533 3042 605 'quibusdam
3072 532 3498 603 ,exemplaribus
3521 574 3540 603 ,

1978 626 2093 681 haec
2114 635 2242 681 sunt
2273 626 2485 680 initium
2519 626 2743 681 alterius
2770 625 2988 696 psalmi,
3021 624 3095 680 ita
3118 633 3178 679 ut
3208 624 3298 679 hic
3324 626 3395 679 sit
3415 640 3544 680 ceu-

1978 718 2206 772 tesimus
2251 718 2496 773 decimus
2537 725 2786 787 quartus.
2835 715 2947 772 Nos
2983 726 3164 772 autem
3208 715 3539 772 Hebraicum

1978 821 2286 881 sequentes,
2320 815 2435 869 haec
2462 824 2670 886 partem
2700 832 2821 871 esse
2850 815 3142 871 statuimus
3177 814 3373 885 psalmi
3418 828 3549 869 con-
3600 848 3612 877 ε

1978 901 2156 955 tesimi
2185 904 2379 958 decimi
2417 905 2580 960 tertii.
2614 904 2887 960 Docentur
2909 907 3052 959 enim
3081 906 3233 974 pueri
3256 904 3456 973 quibus
3472 903 3548 958 di-

1977 995 2060 1048 xit
2094 994 2394 1065 :Laudate,
2428 998 2615 1067 pueri,
2669 999 2949 1052 Dominum
2988 998 3032 1030 ’⁷
3070 1014 3084 1063 ;
3118 997 3171 1051 id
3220 1006 3325 1059 est,
3366 1012 3547 1051 novus

1978 1086 2234 1156 pepulus.
2294 1086 2531 1157 Ecquem
2591 1088 2883 1143 Dominum
2945 1087 3170 1143 laudare
3234 1088 3493 1141 convenit
3518 1087 3564 1157 ἰδ⁸
3647 1100 3675 1118 ο

1978 1144 2160 1247 ipsum
2189 1194 2339 1242 sane,
2371 1144 2465 1249 qui
2493 1181 2548 1234 in
2577 1179 2862 1251 Egyptios
2893 1188 3043 1235 tanta
3074 1178 3318 1251 prodigia
3353 1144 3564 1251 edidit:

1981 1276 2266 1333 postquam
2318 1267 2619 1322 didicerunt
2670 1269 2861 1338 quales
2907 1267 3109 1323 fuerint
3144 1268 3275 1323 olim
3325 1268 3548 1323 illorum

1979 1353 2075 1409 dii.
2113 1352 2262 1410 ldola
2287 1356 2433 1411 enim
2468 1356 2665 1412 nedum
2690 1358 2987 1428 quidquam
3019 1358 3195 1413 simile
3221 1358 3332 1413 Deo
3355 1358 3547 1427 prodi-

1982 1446 2068 1516 gia
2100 1448 2350 1516 operanti
2382 1448 2665 1513 haberent,
2696 1464 2764 1504 ne
2806 1450 3010 1505 inlimis
3048 1450 3269 1519 quidem
3300 1448 3552 1505 animali-

1982 1537 2084 1594 bus
2114 1540 2315 1609 quibus
2345 1556 2539 1596 sensus
2583 1551 2667 1597 est
2697 1541 2998 1612 quidpiam,
3030 1544 3182 1611 paria
3210 1550 3385 1596 erant.
3412 1538 3549 1596 Nam

1984 1633 2073 1688 illa
2099 1633 2318 1703 quidem
2350 1642 2478 1690 sunt
2512 1632 2606 1687 Dei
2636 1649 2824 1703 opera.
2858 1634 2974 1688 lucc
3011 1644 3193 1689 autem
3217 1633 3384 1698 idola,
3413 1634 3551 1688 artis

1985 1723 2236 1778 humanae
2263 1743 2277 1777 :
2308 1725 2576 1779 docentur
2609 1734 2793 1779 autem
2827 1724 3007 1780 dicere
3046 1742 3062 1778 :
3099 1723 3312 1779 Similes
3347 1724 3457 1778 illis
3484 1724 3551 1794 ﬁ-

1985 1826 2097 1869 ant.
2126 1813 2246 1869 Non
2278 1815 2422 1885 quod
2450 1815 2769 1870 hominibus
2797 1815 2951 1869 ~mala
2992 1822 3301 1884 precentur.
3338 1812 3551 1868 Ediscio

1985 1922 2108 1963 mus
2136 1916 2316 1963 autem
2359 1909 2455 1979 qui
2483 1907 2609 1963 linis
2648 1907 2972 1963 idololatriae
3002 1908 3289 1977 deputatus
3325 1907 3415 1961 sit.
3451 1902 3555 1972 Qul

1986 1997 2133 2051 enim
2167 1997 2324 2068 quasi
2353 2013 2518 2053 sensu
2540 2007 2790 2054 carerent
2812 1997 2975 2053 idolis
3007 1997 3250 2051 animum
3274 1994 3553 2059 adhibent,

1986 2085 2125 2140 nihil
2161 2086 2230 2142 ab
2267 2086 2349 2143 eis
2379 2086 2683 2143 secundum
2730 2096 2973 2143 mentem
3004 2086 3278 2141 diﬂ‘crunt.
3321 2085 3555 2139 Tantum

1988 2176 2198 2233 scilicet
2223 2178 2358 2248 ipsis
2384 2179 2697 2235 uocumenti
2738 2178 2973 2235 alierum
2996 2177 3306 2234 damouum
3346 2176 3451 2231 illae
3478 2176 3557 2230 la—

1984 2268 2206 2324 titantes
2239 2270 2470 2328 insidiae.
3436 2290 3440 2295 '

2055 2359 2108 2415 8.
2139 2359 2349 2417 Similes
2389 2364 2496 2418 illis
2548 2364 2683 2433 ﬁant
2723 2364 2813 2432 qui
2857 2362 3059 2431 faciunt
3106 2377 3189 2416 ca.
3228 2359 3462 2414 Perinde
3500 2358 3556 2413 in

1987 2454 2287 2525 perniciem
2330 2456 2507 2522 ibunt,
2544 2464 2709 2527 atque
2731 2456 2930 2511 divitiae
2963 2464 3019 2511 et
3049 2454 3085 2508 ii
3124 2455 3219 2523 qui
3253 2452 3557 2508 recondunt

1987 2553 2137 2612 illas.

1996 2676 1997 2681 η
2056 2646 2111 2701 9.
2152 2644 2350 2699 Domus
2379 2640 2554 2695 Israel
2585 2642 2807 2710 speravit
2833 2639 2890 2693 in
2913 2637 3160 2705 Domino,
3186 2645 3292 2692 etc.
3320 2634 3447 2691 Haec
3473 2635 3559 2690 die

1988 2745 2120 2792 cunt
2148 2744 2337 2806 gentes
2371 2753 2385 2789 :
2410 2733 2556 2806 quod
2584 2733 2794 2788 scilicet
2814 2730 3273 2802 quemadmodum
3291 2728 3421 2783 olim
3442 2742 3558 2783 cre-

1986 2830 2197 2886 dentem
2234 2828 2401 2884 Israel
2442 2828 2651 2882 salvum
2693 2824 2863 2892 fecit;
2907 2824 2983 2879 ita
3029 2830 3084 2877 et
3116 2836 3281 2877 nunc.
3307 2819 3559 2888 gentibus

1987 2924 2216 2978 salutem
2255 2922 2475 2976 tribuet.
2512 2917 2648 2974 Nam
2682 2920 2770 2991 qui
2797 2919 2976 2972 timent
3022 2914 3325 2979 Dominum,
3355 2914 3392 2967 ii
3423 2927 3558 2983 gen-

1989 3020 2071 3067 tes
2102 3011 2326 3066 fuerint.
2359 3009 2583 3065 Sublata
2611 3010 2811 3080 quippe
2839 3009 3004 3062 domo
3026 3006 3209 3070 Israel,
3235 3005 3287 3060 id
3306 3016 3390 3060 est
3407 3002 3558 3058 omni

1989 3100 2358 3166 multitudine,
2405 3108 2459 3153 et
2503 3098 2668 3154 domo
2709 3098 2891 3152 Aaron
2936 3107 3100 3166 atque
3134 3094 3263 3150 Levi
3299 3093 3432 3163 ;qui
3463 3092 3556 3147 alii

1989 3207 2110 3247 esse
2136 3191 2349 3262 possint
2367 3190 2460 3261 qui
2492 3191 2685 3246 timent
2716 3189 3027 3255 Dominum,
3062 3187 3169 3243 nisi
3210 3185 3427 3259 gentilis
3454 3198 3557 3254 ρος

1989 3284 2171 3355 pilus.

1998 3411 2002 3415 -
2062 3377 2148 3430 14.
2184 3375 2420 3444 Adjiciat
2451 3373 2706 3428 Dominus
2735 3389 2890 3443 super
2927 3390 3039 3439 nos,
3072 3388 3226 3441 super
3264 3387 3356 3425 nos
3384 3380 3433 3424 et
3468 3386 3560 3424 su-

1987 3483 2080 3537 per
2100 3465 2239 3535 ﬁlios
2271 3475 2496 3519 nostros.
2544 3462 2662 3533 Ipse
2697 3477 2934 3532 namque
2957 3469 3042 3517 est
3079 3460 3238 3530 cujus
3282 3459 3428 3530 leges
3458 3459 3559 3513 ob-

1990 3573 2290 3615 servamus.
2341 3555 2422 3613 Ne
2471 3556 2673 3628 cogitet
2725 3556 2870 3611 enim
2917 3555 3190 3625 quispiam
3238 3553 3382 3608 alius
3436 3566 3560 3607 esse

1988 3651 2160 3721 legem
2201 3649 2404 3720 Moysis
2441 3666 2456 3716 ;
2489 3657 2616 3703 ante
2642 3648 2810 3717 leges,
2844 3646 3033 3701 mundi
3070 3645 3404 3700 creationem
3447 3654 3558 3699 tra-

1989 3742 2124 3797 didit
2158 3760 2172 3796 :
2201 3756 2298 3811 per
2339 3754 2504 3810 quam
2536 3739 2696 3794 docet
2735 3753 2907 3793 unum
2947 3751 3071 3793 esse
3111 3736 3306 3802 Deum,
3346 3735 3558 3807 reliqua

1987 3849 2117 3888 vero
2150 3832 2317 3888 facta.
2394 3868 2397 3869 ν

1996 3955 2001 3966 -
2058 3925 2148 3979 17.
2188 3924 2310 3979 Non
2353 3925 2550 3977 mortui
2584 3921 2873 3976 laudabunt
2915 3928 2983 3984 te,
3030 3918 3270 3973 Domine.
3312 3915 3556 3972 Mortuus

1986 4020 2157 4070 vocat
2175 4014 2485 4069 daamonum
2528 4012 2788 4075 cultores,
2818 4011 2912 4081 qui
2937 4024 3045 4068 non
3074 4009 3276 4065 habent
3302 4010 3357 4063 in
3386 4022 3446 4063 se
3471 4005 3556 4060 vi-

315 4120 408 4171 τας
432 4109 490 4161 ἐν
516 4109 699 4173 αὐτοῖς
727 4111 827 4182 τὴν
855 4111 1020 4184 ζωὴν,
1047 4114 1292 4169 τουτέστι
1320 4116 1419 4188 τὴν
1449 4116 1647 4184 γνῶσιν
1669 4115 1761 4170 τοῦ
1794 4117 1884 4188 μόε

1994 4116 2121 4174 tam,
2154 4106 2208 4162 id
2234 4115 2317 4162 est
2355 4105 2527 4161 solius
2549 4103 2645 4159 Dei
2679 4101 3067 4175 cognitionem.

315 4214 406 4253 νου
434 4198 592 4253 Θεοῦ.

654 4293 1028 4364 Ἀλληλούτα.
1062 4301 1370 4354 mmo:
1398 4301 1557 4355 PIA'.

944 4390 1265 4458 Ὑπόθεσις.

2235 4320 2240 4325 ο
2354 4288 2597 4348 Alleluia.
2635 4283 2974 4343 PSALMUS
3000 4281 3205 4339 CXIV.

2224 4406 2229 4415 ί
2569 4384 2609 4437 Α
2620 4391 2973 4453 rgumentum.

329 4474 413 4530 Ἑν
438 4474 613 4547 τούτῳ
632 4476 819 4545 ἀγῶνα
842 4477 950 4533 τῶν
967 4480 1065 4552 τὴν
1084 4482 1441 4554 εὐαγγελικὴν
1464 4483 1737 4538 πολιτείαν
1762 4501 1884 4556 μετ-

1994 4477 2048 4534 lu
2086 4479 2189 4535 hoc
2221 4475 2493 4548 signiﬁcat
2527 4485 2804 4531 certamen
2833 4486 3025 4528 eorum
3056 4468 3150 4541 qui
3187 4465 3559 4538 evangelicum

382 4566 693 4638 ερχομένων
724 4570 998 4640 σημαίνει,
1032 4573 1126 4627 καὶ
1149 4572 1247 4644 τὴν
1277 4575 1417 4628 κατά
1439 4574 1570 4629 Θεὸν
1599 4574 1777 4629 αὐτῶν
1808 4575 1888 4629 νι-

380 4676 504 4732 κην,
540 4662 637 4715 καὶ
666 4660 755 4715 τὸν
785 4663 1037 4734 ἐσόμενον
1068 4666 1208 4749 ὑπὲρ
1248 4667 1356 4723 τῶν
1393 4668 1569 4723 πόνων
1602 4669 1882 4737 στέφανον.

391 4750 721 4821 Ἠγάπησα,
748 4753 837 4807 ὅτι
866 4758 1281 4813 εὶσακούσεται
1304 4761 1518 4827 Κύριος
1543 4759 1654 4828 τῆς
1680 4759 1886 4829 φωνῆς

315 4844 421 4913 τῆς
450 4847 716 4915 δεήσεώς
737 4867 877 4919 μου.
912 4851 1022 4904 Καὶ
1050 4850 1489 4922 τίναοὴγάπησε;
1539 4850 1743 4923 Κύριον
1791 4850 1885 4906 τὸν

316 4937 442 4992 Θεὸν
487 4939 550 5005 ἐξ
593 4941 722 5012 ὅλης
754 4942 1000 5014 καρδίας,
1034 4942 1128 4996 καὶ
1162 4943 1221 5009 ἐξ
1251 4944 1378 5016 ὅλης
1415 4943 1669 5008 διανοίας,
1702 4943 1795 4997 καὶ
1823 4941 1885 5006 ἐξ

316 5030 437 5105 δλῆς
478 5032 693 5104 ἰσχύος·
745 5034 840 5087 καὶ
891 5034 990 5105 τῆς
1029 5035 1248 5107 ἀγάπης
1294 5035 1482 5108 μισθὸν
1530 5036 1743 5103 ἐδέξατο
1784 5037 1885 5106 τὴν

317 5125 574 5197 ὑπακοήν.

382 5214 489 5269 Kal
526 5215 600 5269 ὲν
644 5215 776 5283 ταῖς
819 5216 1069 5286 ⁴ιἰμέραις
1105 5237 1224 5288 μου
1269 5220 1719 5290 ἐπικαῖέσομαι.
1773 5220 1884 5274 Καὶ

316 5303 491 5368 ποίαις
522 5306 783 5378 ἡμέραις,
812 5306 861 5380 ἦ
882 5312 998 5372 ταῖς
1025 5308 1119 5363 τοῦ
1145 5310 1374 5379 ἀγῶνος,
1399 5311 1487 5364 ὅτε
1515 5310 1884 5365 ἐκινδύνευσεν

315 5395 472 5448 αΰτοῦ
502 5398 536 5468 ἡ
570 5397 759 5467 ψυχή;

382 5484 716 5554 Περιέσχω·
756 5503 834 5555 με
880 5487 1088 5556 ὠδῖνες
1129 5490 1404 5547 θανάτου.
1436 5491 1547 5565 Τὴν
1583 5492 1885 5566 ὑπερϐολὴν

315 5575 713 5646 κατασημαίνει
740 5576 847 5631 τῶν
874 5576 1122 5649 θλίψεων,
1161 5582 1269 5638 τῶν
1297 5583 1598 5664 γενομένων
1623 5584 1771 5657 αὐτῷ
1795 5584 1884 5639 διά

385 5750 424 5806 ³⁷
462 5748 614 5807 Psal.
647 5765 783 5815 exn,
814 5750 868 5807 l.

2064 4571 2191 4628 vitae
2225 4569 2532 4625 institutum
2581 4566 2812 4638 ingressi
2861 4571 3010 4627 sunt,
3055 4574 3356 4630 eorumque
3391 4558 3564 4615 victo-

2061 4663 2203 4718 riam
2233 4658 2332 4714 Dei
2364 4667 2499 4713 nutu
2543 4664 2895 4728 reportatam,
2918 4662 2974 4710 et
3002 4652 3245 4715 futuram
3275 4664 3376 4721 pro
3405 4647 3561 4705 labo-

2062 4755 2217 4809 ribus
2248 4766 2529 4808 coronam.

2059 4846 2263 4912 Dilexi,
2295 4845 2545 4915 quoniam
2573 4842 2816 4896 exaudiet
2843 4839 3099 4895 Dominus
3121 4852 3293 4894 vacem
3309 4834 3563 4891 orationis

1990 4953 2138 4993 meae.
2187 4936 2428 5007 Ecquem
2475 4935 2665 4993 dilexit
2693 4935 2723 4989 ἓ
2761 4932 3071 4990 Dominum.
3115 4930 3287 4986 Deum
3335 4944 3400 4982 ex
3446 4935 3563 4981 toto

1990 5030 2153 5086 corde
2194 5037 2250 5083 et
2275 5043 2342 5083 ex
2385 5035 2497 5081 tota
2528 5034 2728 5091 mente,
2760 5033 2817 5081 et
2859 5040 2929 5079 ex
2973 5032 3089 5079 tota
3119 5023 3316 5077 virtute
3348 5035 3365 5086 ;
3413 5028 3467 5073 et
3503 5018 3561 5072 in

1992 5121 2303 5177 dilectionis
2331 5120 2617 5189 praemium
2646 5117 2927 5175 exaudivit
2955 5117 3110 5172 illum
3148 5114 3314 5168 Deus.

2057 5214 2113 5269 2.
2147 5213 2218 5268 Et
2242 5215 2300 5267 in
2336 5212 2519 5267 diebus
2549 5214 2678 5267 meis
2706 5210 2979 5267 invocabo.
3013 5210 3097 5266 Et
3118 5209 3174 5262 in
3206 5189 3408 5276 quibus
3442 5202 3560 5256 die-

1988 5310 2092 5366 bus
2122 5325 2138 5374 ;
2166 5308 2272 5365 nisi
2312 5308 2365 5362 in
2408 5307 2603 5363 diebus
2631 5306 2951 5373 certaminis
2984 5320 3108 5361 cum
3143 5302 3264 5373 ejus
3292 5298 3475 5353 anima
3504 5298 3560 5353 il

1986 5400 2229 5471 periculo
2254 5397 2623 5454 versabatur?

1985 5521 2012 5551 ιι
2056 5491 2111 5546 '5.
2148 5488 2615 5545 Circumdederunt
2642 5504 2724 5543 me
2760 5485 2965 5541 dolores
3008 5480 3212 5536 mortis.
3261 5477 3558 5535 Vehemen-

1992 5581 2121 5638 tiam
2154 5579 2427 5654 signiﬁcat
2455 5579 2829 5648 aﬂlictionum,
2863 5591 2986 5649 qua
3016 5574 3119 5647 ipsi
3144 5572 3363 5648 pietatis
3387 5585 3558 5629 causa

3567 5107 3587 5159 ³.
