3946 6222
410 309 509 366 HI

1255 303 1313 361 S.
1352 301 1722 359 ATHANASII
1759 298 1911 359 OPP.
1951 296 2131 356 PARS
2165 300 2254 358 lll.
2293 334 2359 345 -
2396 303 2806 365 EXEGETZCA.

3520 304 3627 364 472

407 428 738 490 acciderunt,
766 439 927 496 quam
957 424 1319 480 calamitatem
1350 434 1407 481 et
1436 426 1654 481 dolores
1681 426 1894 488 mortis,
1914 431 1968 478 et

2066 425 2162 497 τὴν
2193 426 2489 493 εὐσέϐειαν,
2516 430 2582 502 ἢν
2614 433 2706 484 καὶ
2734 431 2925 496 ὠδῖνας
2968 430 3193 486 θανάτου
3236 429 3328 483 καὶ
3352 426 3626 497 κινδύνους

405 519 644 573 nericula
672 517 890 583 inferni,
939 526 995 572 et
1025 515 1371 571 adlictionem
1415 526 1472 572 et
1515 516 1760 572 dolorem
1787 526 1964 574 vocat.

407 610 513 664 Sed
544 624 610 664 eo
636 610 778 679 quod
824 608 1159 664 invocaverit
1188 607 1355 662 Deum
1401 609 1470 663 iis
1515 609 1770 664 omnibus
1808 624 1970 680 supc-

407 701 518 755 rior
558 702 748 756 evasit.
802 700 980 767 Quare
1008 701 1061 753 in
1109 701 1386 770 prooemiis
1429 701 1640 756 dicebat
1686 720 1699 756 :
1757 701 1956 767 Dilexi,

405 793 651 862 quoniam
675 793 917 845 exaudiet
948 791 1203 845 Dominus
1230 809 1401 846 uocem
1430 794 1687 847 orationis
1714 810 1861 848 mem.

472 882 527 935 4.
567 881 612 938 0
649 883 886 947 Domine,
915 882 1080 936 libera
1111 885 1345 937 animam
1370 901 1557 938 meam.
1606 883 1969 957 Singulariter

405 974 689 1043 superius:
717 973 783 1025 Et
809 975 861 1027 in
876 974 1055 1029 diebus
1082 976 1210 1030 meis
1235 977 1485 1031 invocavi.
1505 977 1623 1031 Jam
1657 993 1784 1033 vero
1809 978 1968 1033 docet

292 1084 311 1093 “
402 1081 524 1137 quae
554 1068 625 1121 sit
661 1067 949 1121 invocatio.
984 1066 1307 1137 Ecquaenam
1353 1069 1439 1122 illa
1469 1079 1571 1135 est,
1615 1070 1717 1125 nisi
1750 1071 1841 1126 illa
1872 1090 1884 1125 :
1917 1071 1962 1126 0

401 1159 647 1229 Domine,
681 1160 845 1215 libera
885 1164 1117 1217 animam
1154 1179 1324 1216 meam
1345 1163 1384 1216 Ῥ
1430 1161 1555 1218 Haec
1604 1172 1783 1220 autem
1829 1164 1966 1218 dixit

404 1266 607 1318 gnarus
652 1267 798 1317 eum,
848 1261 1035 1323 utpote
1096 1252 1532 1315 misericordem,
1577 1253 1962 1307 exauditurum

401 1359 540 1398 esse.
560 1342 625 1397 Et
666 1344 801 1398 Deus
832 1355 1007 1399 noster
1027 1346 1316 1400 miseretur.
1339 1344 1451 1415 (42)
1477 1343 1844 1400 Misericordia
1880 1353 1963 1399 est

403 1434 585 1503 passio
627 1449 814 1489 eorum
872 1436 965 1506 qui
1019 1436 1497 1492 commiseratione
1549 1437 1777 1507 permoti
1835 1445 1965 1492 sunt

404 1542 531 1595 erga
577 1541 674 1581 eos
718 1527 810 1597 qui
857 1529 1060 1583 amissa
1107 1529 1337 1598 pristina
1382 1528 1645 1600 dignitate
1692 1529 1958 1584 bumiliati

404 1623 549 1670 sunt.
582 1615 717 1681 Quia
751 1617 918 1686 igitur
939 1633 1038 1672 nos
1072 1634 1137 1674 ex
1173 1620 1449 1674 nobilibus
1494 1619 1758 1690 ignobiles
1786 1621 1963 1675 evasi-

403 1723 547 1775 mus,
588 1710 786 1765 amissa
816 1710 1054 1779 paradisi
1085 1712 1556 1779 commoratione;
1592 1711 1782 1767 videns
1817 1710 1961 1766 Deus

403 1800 590 1868 quales
622 1815 688 1855 ex
731 1802 983 1871 qualibus
1013 1802 1306 1867 evasimus,
1338 1802 1624 1858 miseratur
1668 1817 1788 1857 nos.
1824 1800 1959 1857 Nam

400 1903 506 1943 vox
532 1890 916 1947 misericordia:
931 1892 1199 1948 Adamum
1228 1895 1574 1964 compellavit
1605 1894 1828 1951 dicens:
1864 1894 1962 1950 Ubi

402 1995 454 2033 es
495 1978 541 2011 ’³
568 1980 590 2031 ‘3
634 1981 876 2035 videlicet
904 2000 917 2035 :
945 1983 1085 2037 unde
1105 1992 1158 2037 et
1180 1999 1290 2053 quo
1326 1984 1581 2053 delapsus
1612 1999 1671 2039 es
1700 1984 1724 2037 ?

469 2070 523 2125 6.
569 2069 878 2125 Custodiens
919 2070 1164 2142 parvulos
1197 2072 1477 2127 Dominus.
1521 2072 1783 2128 Parvulos
1831 2072 1963 2127 dicit

400 2176 496 2217 eos
523 2163 613 2231 qui
634 2179 729 2232 per
750 2164 1012 2232 Spiritum
1053 2173 1301 2219 sanctum
1339 2166 1392 2219 in
1416 2163 1634 2219 Christo
1660 2165 1961 2234 regenerati

404 2261 532 2306 sunt
562 2270 576 2307 :
609 2253 702 2323 qui
728 2255 1027 2308 secundum
1055 2253 1187 2310 Jesu
1213 2253 1415 2310 Christi
1456 2265 1810 2325 praeceptum,
1837 2269 1962 2325 par-

401 2342 508 2395 vuli
542 2352 688 2407 sunt,
715 2345 837 2413 quia
872 2344 1082 2399 scilicet
1110 2345 1360 2400 conversi
1387 2353 1517 2400 sunt
1547 2354 1601 2400 et
1624 2344 1801 2400 effecti
1833 2353 1961 2400 sunt

403 2435 547 2489 sicut
589 2436 819 2504 parvuli.
847 2433 954 2491 Eos
985 2434 1248 2491 Dominus
1290 2435 1527 2491 custodit
1561 2453 1576 2501 ;
1625 2449 1800 2505 neque
1839 2450 1962 2505 per-

402 2527 569 2582 mittit
609 2528 676 2581 ab
700 2526 937 2582 inimicis
964 2528 1284 2598 oppugnari,
1315 2527 1443 2597 quia
1479 2527 1719 2583 nondum
1749 2536 1961 2597 tempus

396 2618 732 2674 certaminis.
765 2619 939 2690 (Alius
968 2619 1174 2688 codex.)
1195 2617 1460 2674 Parvulos
1498 2620 1642 2674 enim
1671 2628 1829 2674 vocat
1866 2634 1959 2674 eos

398 2709 490 2777 qui
519 2724 614 2779 per
645 2709 907 2779 Spiritum
948 2719 1198 2765 sanctum
1230 2711 1285 2765 in
1318 2711 1540 2767 Christo
1579 2708 1709 2766 Jesu
1746 2725 1962 2781 regene-

401 2800 504 2853 rati
534 2808 681 2854 sunt.
726 2798 793 2853 Et
835 2801 988 2869 juxta
1037 2800 1340 2869 simplicem
1377 2800 1647 2855 sermonis
1677 2816 1858 2868 usum,
1904 2801 1960 2857 in

401 2900 557 2945 utero
583 2890 698 2960 ipse
722 2889 954 2947 infantes
981 2892 1222 2947 custodit
1250 2910 1264 2946 :
1301 2907 1365 2948 ac
1392 2893 1447 2946 in
1478 2907 1543 2947 eo
1565 2893 1688 2948 loco
1721 2902 1827 2947 tam
1869 2908 1961 2946 an-

401 2988 579 3051 gusto,
611 2989 866 3053 tantaque
898 2982 1216 3038 humiditate
1240 2984 1421 3053 pleno,
1450 2984 1542 3039 ubi
1578 2999 1678 3039 nec
1710 2983 1958 3039 movendi

399 3088 501 3127 nec
528 3074 831 3143 respirandi
860 3072 1110 3140 facultas,
1141 3075 1365 3145 impedit
1388 3090 1457 3129 ne
1486 3077 1867 3145 praelocentur,
1885 3084 1961 3129 at-
1984 3103 2028 3163 ο

397 3180 505 3234 que
536 3174 744 3220 motum
766 3174 820 3221 et
849 3181 1028 3221 escam
1055 3166 1267 3232 tribuit,
1302 3166 1661 3237 prohibetque
1688 3182 1755 3221 ne
1779 3182 1844 3222 ex
1870 3166 1960 3221 iri-

400 3270 528 3324 gore
548 3257 983 3327 exstinguantur,
1018 3259 1235 3326 quando
1274 3274 1341 3312 ex
1375 3259 1554 3313 calore
1584 3263 1755 3313 vulva:
1784 3259 1837 3313 in
1874 3259 1959 3314 lo~

404 3360 529 3398 cum
560 3360 683 3399 aere
712 3355 766 3400 et
793 3356 953 3401 vento
974 3347 1366 3403 circumfusum
1390 3358 1692 3403 transeunt.
1710 3349 1820 3403 Aut
1841 3351 1954 3404 sic:

401 3437 660 3502 quoniam
699 3434 1019 3491 humiliatus
1063 3451 1183 3490 sum
1213 3437 1353 3492 sicut
1384 3438 1664 3507 parvulus,
1701 3446 1751 3494 et
1798 3438 1957 3508 quasi

401 3523 582 3579 infans
627 3526 841 3595 suscepi
870 3542 1096 3597 regnum
1121 3528 1407 3594 caelorum,
1441 3529 1532 3600 qui
1564 3530 1798 3585 custodit
1832 3546 1958 3600 par-

401 3615 556 3669 vulos
583 3614 844 3672 Dominus
867 3620 1093 3673 salvavit
1134 3636 1239 3675 me.
1282 3620 1403 3674 Alio
1447 3620 1575 3675 item
1604 3622 1766 3676 modo
1804 3639 1818 3675 :
1862 3636 1958 3677 eos

399 3705 662 3775 quijuxta
690 3721 1010 3778 praeceptum
1050 3709 1177 3766 Jesu
1202 3710 1404 3767 Christi
1442 3714 1689 3768 conversi
1716 3712 1959 3768 eﬂiciun-

401 3806 489 3851 tur
516 3806 574 3851 ut
594 3800 822 3867 parvuli,
849 3800 963 3870 ipse
986 3800 1251 3857 Dominus
1280 3803 1518 3857 custodit
1543 3822 1556 3858 :
1595 3813 1648 3859 et
1672 3806 1799 3874 quia
1825 3820 1957 3859 non-

399 3890 527 3942 dum
567 3897 778 3959 tempus
821 3890 944 3945 belli
982 3900 1087 3958 est,
1137 3892 1331 3947 tentari
1375 3908 1483 3947 non
1515 3894 1665 3949 sinit.
1699 3894 1803 3949 Sed
1846 3909 1953 3959 me,

402 3989 586 4049 utpote
609 3982 701 4050 qui
734 3978 919 4050 pueris
946 3982 1105 4052 longe
1145 3982 1338 4038 fortior
1355 3998 1554 4047 essem,
1587 3985 1798 4055 magnis
1833 4000 1956 4041 cer-

399 4072 694 4127 taminibus
739 4073 1050 4139 humiliaus,
1094 4073 1565 4146 inexpugnabilem
1609 4086 1788 4133 tamen
1824 4093 1955 4134 cou-

399 4165 651 4219 servavit.

465 4253 517 4308 7.
551 4255 878 4321 Convertere,
910 4259 1091 4312 anima
1121 4274 1257 4324 mea,
1286 4258 1340 4312 in
1375 4261 1602 4331 requiem
1643 4269 1809 4315 tuam.
1855 4259 1957 4317 Re-

398 4342 579 4411 quiem
609 4346 727 4413 ejus
754 4346 886 4400 dicit
918 4362 1182 4417 supernas
1223 4349 1555 4415 mansiones,
1586 4367 1725 4421 quas
1750 4353 1806 4407 in
1833 4369 1953 4408 cer-

2069 516 2215 588 ᾇιδου,
2247 518 2339 571 καὶ
2368 519 2542 590 θλίψιν
2588 522 2679 574 καὶ
2717 521 2905 592 ὀδύνην
2931 518 3386 575 ἀποκαλεῖ.Ἀλλά
3413 519 3503 574 διὰ
3529 519 3626 575 τοῦ

2069 610 2437 666 ἐπικαλεῖσθαι
2486 611 2574 666 τὸν
2620 612 2751 668 Θεδν
2795 613 3116 686 ὑψηλότερος
3164 612 3368 666 τούτων
3415 612 3623 683 γέγονε,

2068 701 2216 773 φησι.
2258 702 2346 756 Διδ
2389 704 2481 757 καὶ
2517 705 2576 757 ὲν
2603 704 2902 775 προοιμίοις
2928 704 3136 772 ἔλεγεν·
3181 703 3501 774 Ἠγάπησα,
3535 703 3625 758 ὅτι

2066 794 2478 848 εἰσακούσεται
2507 796 2717 863 Κύριος
2746 794 2855 864 τῆς
2884 795 3089 865 φωνῆς
3123 793 3383 863 δεήσεώς
3402 813 3541 864 μου.

2134 879 2209 939 Ὦ
2230 887 2421 953 Κύριε,
2442 886 2626 954 ῥῦσαι
2658 885 2773 956 τὴν
2795 886 3004 956 ψυχήν
3029 904 3166 956 μου.
3183 885 3405 949 Ἐνικῶς
3426 884 3626 939 ἀνωτέ-

2069 993 2178 1048 ρω,
2210 978 2291 1031 ὅτι
2322 976 2432 1031 Kal
2466 977 2922 1048 ἑπεκαλεσάμην
2950 979 3019 1031 ἐν
3049 977 3177 1043 ταῖς
3202 975 3444 1045 ἡμέραις
3482 992 3620 1045 μου.

2065 1067 2167 1130 Τίς
2202 1068 2235 1138 ή
2279 1068 2561 1139 ἐπίκλησις
2603 1067 2857 1123 διδάσκει.
2885 1068 2994 1123 Kal.
3042 1067 3169 1121 ποία
3211 1066 3434 1137 αὖτη,ἢ
3468 1061 3619 1129 τὸ,Ὦ

2065 1156 2117 1211 Κ
2122 1160 2262 1226 opus,
2278 1159 2464 1227 ῥῦσαι
2490 1159 2604 1228 τὴν
2619 1161 2830 1231 ψυχήν
2849 1177 2966 1230 μου
2989 1176 3007 1224 ;
3029 1156 3163 1213 Εἷπε
3182 1158 3240 1212 63:
3258 1156 3430 1212 ταῦτα
3448 1155 3620 1220 εἰδὼς,

2063 1247 2139 1311 ώς
2165 1247 2411 1318 ἐλεήμων
2454 1249 2830 1303 ἐπακούσεται.
2862 1248 2975 1307 Καὶ
3004 1252 3036 1303 ό
3070 1248 3212 1315 Θεὸς
3250 1247 3420 1317 ἡμῶν
3446 1247 3619 1301 ἐλεεῖ.

2068 1341 2253 1407 Ἔλεός
2279 1346 2394 1398 ἐστι
2432 1342 2601 1406 πάθος
2626 1344 2720 1396 ὲπὶ
2753 1344 2877 1406 τοὺς
2903 1344 3030 1412 παρ’
3051 1341 3206 1405 ἀξίαν
3227 1340 3620 1411 τεταπεινωμέ-

2063 1451 2187 1498 νους
2241 1433 2392 1505 παρά
2438 1434 2545 1488 τῶν
2605 1433 2903 1505 συμπαθῶς
2948 1432 3272 1503 τεθειμένων
3321 1432 3615 1503 γινόμενον.

2075 1526 2226 1579 Ἐπεὶ
2265 1523 2357 1580 οὖν
2412 1528 2506 1580 καὶ
2553 1528 2712 1597 ἡμεῖς
2742 1526 2801 1593 ἐξ
2829 1525 3053 1591 ἐνδόξων
3084 1524 3381 1595 γεγόναμεν
3424 1524 3616 1591 ἄδοξοι,

2060 1616 2161 1685 τῆς
2191 1619 2247 1670 ὲν
2275 1616 2349 1687 τῷ
2384 1617 2687 1689 παραδείσῳ
2716 1616 2989 1685 διαγωγῆς
3009 1616 3348 1679 ἐκπεσόντες,
3373 1610 3475 1669 οἷοι
3503 1615 3619 1671 ἀνθ’

2062 1705 2186 1758 οἴων
2216 1707 2514 1778 γεγόναμεν
2542 1707 2682 1779 ὁρῶν
2715 1708 2863 1778 ἡμᾶς
2888 1708 2916 1759 6
2954 1706 3104 1771 Θεὸς,
3132 1706 3288 1761 ἐλεεῖ.
3306 1706 3486 1759 Ἐλέου
3512 1706 3629 1778 γὰρ’

2062 1796 2368 1850 ἀνεκαλεῖτο
2390 1796 2539 1867 φωνὴ
2566 1796 2654 1851 τὸν
2688 1797 2880 1868 ’Δδάμο
2907 1798 3029 1852 Ποῦ
3057 1793 3149 1861 ei;
3175 1796 3328 1868 δῆλον
3350 1797 3432 1863 τὸ,
3451 1797 3620 1851 Πόθεν

2064 1891 2155 1942 ποῖ
2178 1888 2469 1954 πέπτωκας
2492 1906 2506 1955 ;

2131 2061 2469 2118 Φυλάσσων
2498 2065 2569 2119 τὰ
2599 2064 2784 2131 νήπια
2811 2068 2845 2120 ὁ
2873 2062 3105 2135 Κύριος.
3129 2063 3319 2136 Νήπιά
3336 2080 3471 2136 φησι
3494 2064 3621 2127 τοὺς

2059 2155 2145 2209 διὰ
2172 2156 2310 2211 Πνεύ
2319 2174 2486 2227 ματος
2505 2157 2657 2226 ἁγίου
2686 2160 2742 2211 ὲν
2767 2157 2983 2230 Χριστῷ
2997 2156 3471 2225 ἀναγεννηθέντας,
3493 2156 3619 2218 τοὺς

2063 2246 2200 2300 κατὰ
2234 2247 2331 2318 τὴν
2377 2248 2549 2318 Ἰησοῦ
2577 2246 2789 2319 ἐντολὴν
2808 2248 3029 2318 νηπίους
3052 2248 3230 2310 ὄντας,
3261 2246 3340 2317 τῷ
3367 2245 3616 2317 ἐπιστρέ-

2061 2338 2189 2406 φθαι
2220 2340 2239 2359 ⁸
2261 2338 2359 2391 καὶ·
2382 2338 2661 2406 γεγονέναι
2684 2337 2758 2402 ώς
2788 2338 2856 2392 τὰ
2899 2338 3102 2392 παιδία.
3132 2338 3333 2401 Αὐτοὺς
3359 2339 3387 2391 6
3418 2336 3619 2408 Κύριος

2060 2428 2339 2498 φυλάσσει,
2360 2430 2457 2483 οὐκ
2480 2430 2581 2483 ἐῶν
2606 2428 2924 2502 προσϐαλεῖν
2952 2430 3134 2493 αὐτοῖς
3160 2429 3285 2492 τοὺς
3305 2428 3615 2499 πολεμίους,

2058 2520 2136 2591 τῷ
2165 2522 2328 2593 μήπω
2355 2523 2538 2595 καιρὸν
2564 2522 2705 2592 ἔχειν
2736 2522 2961 2591 ἀγῶνος.
2993 2523 3179 2593 Νήπια
3202 2521 3310 2592 γάρ
3339 2526 3477 2591 φησι
3493 2521 3618 2586 τοὺς

2058 2611 2145 2666 διὰ
2177 2612 2488 2683 Πνεύματος
2514 2614 2665 2682 ἁγίου
2694 2616 2751 2666 ὲν
2778 2613 2996 2687 Χριστῷ
3038 2614 3210 2685 Ἰησοῦ
3235 2610 3618 2682 ἁναγεννηθέν-

2056 2720 2177 2776 τας.
2217 2706 2327 2757 Kal
2358 2703 2497 2758 κατά
2535 2705 2627 2757 τὸν
2659 2705 2860 2759 ἁπλοῦν
2900 2704 3008 2776 γὰρ
3036 2703 3210 2772 λόγον,
3240 2703 3397 2766 αὐτὸς
3419 2704 3478 2754 ὲν
3513 2702 3619 2772 μή·

2057 2771 2164 2868 τρα
2191 2796 2445 2865 φυλάττει
2474 2796 2543 2851 τὰ
2583 2796 2785 2868 βρέφη·
2815 2798 2871 2849 ὲν
2977 2771 3072 2867 ’τῷ
3101 2771 3249 2866 μόρῳ
3284 2790 3497 2865 σμικρῷ
3519 2771 3616 2846 καὶ

2057 2883 2324 2957 τοσαύτης
2358 2885 2651 2958 ὑγρότητος
2680 2885 2889 2957 πλήρης
2920 2887 3013 2939 καὶ
3048 2886 3181 2955 μήτε
3203 2883 3465 2937 κινεῖσθαι
3493 2883 3616 2953 μήτ’

2058 2980 2313 3032 ἀναπνεῖν
2339 2976 2717 3048 συγχωροῦντα
2742 2976 2962 3031 κωλύων
2988 2976 3372 3046 ἀποπνιγῆναι,
3416 2974 3511 3026 καὶ
3536 2972 3619 3026 κί-

2059 3085 2213 3139 νησιν
2245 3067 2416 3131 διδοὺς
2453 3068 2545 3120 καὶ
2585 3066 2809 3139 τροφήν,
2845 3067 2937 3120 καὶ
2963 3064 3365 3137 περιψυχόμενα
3396 3061 3618 3116 κωλύων

2059 3159 2365 3225 ἀποθανεῖν,
2397 3158 2613 3213 ἐπειδὰν
2656 3159 2721 3212 ὲκ
2756 3158 2854 3228 τῆς
2877 3160 2934 3211 ὲν
2975 3159 3153 3229 μήτρᾳ.
3184 3156 3513 3228 θερμότητος
3539 3154 3616 3217 είς

2057 3252 2198 3322 ἀήθη
2227 3252 2387 3305 τόπον
2413 3250 2760 3323 προέλθοι.”Η
2794 3251 2886 3303 καὶ
2911 3250 3080 3312 οὕτως
3098 3265 3111 3278 ·
3155 3247 3371 3319 Ἐπειδὴ
3400 3249 3617 3300 ἐταπει-

2058 3341 2232 3412 νώθην
2262 3342 2337 3406 ὡς
2366 3344 2573 3413 νήπιον,
2606 3342 2701 3395 καὶ
2726 3342 2800 3406 ὡς
2830 3341 3037 3395 παιδίον
3064 3339 3328 3410 ἐδεξάμην
3349 3338 3446 3409 τὴν
3469 3337 3614 3407 βασι-

2057 3433 2206 3486 λείαν
2249 3433 2357 3485 τῶν
2404 3432 2666 3504 οὐρανῶν,
2702 3434 2731 3485 6
2782 3432 3065 3501 φυλάσσων
3108 3430 3175 3484 τὰ
3214 3432 3383 3501 νήπια
3420 3429 3616 3502 Κύριος

2057 3524 2226 3578 ἔσωσὲ
2261 3542 2348 3597 με.
2380 3526 2490 3578 Kal.
2521 3523 2719 3587 ἄλλως·
2751 3523 2888 3588 Τοὺς
2922 3522 3062 3577 κατά
3088 3521 3183 3593 τὴν
3215 3521 3430 3591 ἐντολὴν
3445 3519 3615 3590 Ἰησοῦ

2056 3617 2430 3688 νηπιάξοντας,
2451 3618 2511 3671 τὸ
2534 3617 2869 3689 στραφέντας
2898 3615 2990 3669 καὶ
3011 3614 3086 3679 ὡς
3114 3614 3296 3667 παιδία
3318 3612 3613 3683 γεγονέναι,

2056 3711 2217 3774 αὐτὸς
2244 3713 2272 3763 6
2294 3709 2493 3780 Κύριος
2518 3709 2797 3779 φυλάσσει,
2823 3708 2882 3760 τὸ
2906 3708 3069 3778 μήπω
3094 3705 3282 3778 καιρὸν
3308 3705 3447 3775 ἐχειν
3468 3704 3615 3772 ἀγῶ-

2056 3819 2165 3866 νος,
2201 3802 2559 3872 ἀπειράστους
2588 3799 2786 3871 τηρῶν.
2806 3798 2940 3851 Ἀλλ’
2972 3799 3089 3868 ἐμὲ,
3116 3797 3189 3860 ὼς
3212 3795 3616 3869 ὑπεραναδεὸη-

2055 3893 2188 3945 κότα
2213 3894 2337 3955 τοὺς
2364 3892 2575 3954 παῖδας,
2614 3890 2700 3945 διά
2736 3890 2983 3961 μεγάλων
3005 3886 3340 3951 ταπεινώσας
3367 3884 3611 3955 ἀγώνων,

2055 3982 2489 4054 ἀκαταγώνιστον
2516 3983 2662 4054 ὅμως
2698 3982 2980 4053 ἐτήρησεν.

2136 4272 2544 4341 Ἐπίστρεψον,
2573 4272 2612 4339 ἡ
2646 4267 2813 4339 ψυχή
2841 4285 2978 4338 μου,
3012 4269 3099 4334 είς
3130 4264 3243 4335 τὴν
3273 4259 3615 4319 ἀνάπαυσιν

2051 4379 2187 4419 σου.
2206 4363 2527 4417 Ἀνάπαυσιν
2560 4359 2721 4415 αὐτοῦ
2752 4360 2849 4423 τὰς
2877 4358 2988 4413 ἀνω
3009 4358 3153 4426 λέγει
3177 4355 3361 4428 μονὰς,
3388 4352 3454 4416 ἃς
3479 4352 3613 4405 ἀπο-

398 4434 662 4488 taminum
696 4437 975 4505 praemium
1020 4440 1385 4496 nanciscetur.
1419 4440 1654 4514 Requies
1682 4444 1809 4501 item
1836 4447 1977 4505 ani-1

2065 4454 2278 4525 λήψεται
2312 4452 2419 4505 τῶν
2455 4449 2679 4520 ἀγώνων
2721 4451 2800 4513 εἰς
2829 4445 3531 4519 ἀντιμισθίαν.Ἀνάπαυσις
3562 4441 3611 4494 δ’

362 4550 369 4561 ι
397 4540 501 4579 mae
524 4535 608 4580 est
638 4529 986 4598 temperantia
1025 4547 1056 4586 a
1095 4534 1351 4600 peccatis.

474 4617 530 4682 8,
559 4620 612 4674 9.
643 4620 783 4685 Quia
802 4623 993 4691 eripuit
1014 4625 1248 4680 animam
1270 4643 1437 4682 meam
1464 4626 1527 4682 de
1548 4641 1733 4696 morte,
1755 4638 1859 4686 etc.
1880 4629 1957 4687 De

398 4721 573 4767 morte
601 4716 828 4782 peccati,
859 4715 1057 4786 inquit,
1092 4718 1146 4771 in
1176 4733 1340 4788 quam
1378 4728 1626 4777 metuens
1648 4737 1715 4776 ne
1746 4722 1958 4778 decide-

397 4810 501 4869 ret,
550 4804 967 4876 collacrymandi
1012 4808 1174 4862 ﬁnem
1206 4824 1315 4864 non
1359 4809 1612 4877 faciebat,
1659 4827 1858 4883 rogans
1899 4823 1959 4870 ut

395 4894 569 4964 ipsam
608 4894 842 4966 effugere
876 4899 1081 4954 liceret.
1117 4899 1479 4966 Quamobrem
1517 4902 1636 4972 eius
1682 4904 1866 4973 pedes,
1902 4906 1954 4961 id

395 4997 480 5042 est
539 5004 764 5058 gressus
809 4990 1025 5056 animae,
1069 4992 1211 5061 apud
1259 4991 1427 5048 Deum
1471 4993 1613 5049 ﬁrmi
1664 5007 1953 5062 steterunt,

397 5080 545 5133 omni
591 5079 745 5149 lapsu
776 5080 929 5136 liberi
970 5091 1025 5137 et
1068 5084 1394 5153 superiores.
1444 5084 1734 5158 Regiouem
1778 5099 1954 5146 autem

396 5169 642 5226 vivorum
699 5182 859 5229 vocat
899 5174 1172 5231 ccelestem
1223 5175 1559 5243 Jerusalem,
1605 5180 1661 5235 in
1702 5198 1808 5251 qua
1860 5184 1954 5253 qui

397 5265 695 5319 secundum
749 5264 918 5321 Deum
981 5278 1372 5339 pugnaverunt,
1435 5280 1618 5341 utpote
1671 5272 1953 5330 fortissimi

397 5352 652 5420 victores,
677 5358 901 5413 audient
922 5358 1053 5414 illud
1082 5378 1095 5414 :
1120 5358 1283 5430 Euge,
1307 5377 1447 5417 serve
1469 5364 1595 5418 bone
1620 5374 1667 5419 et
1686 5364 1860 5434 ﬁdelis
1884 5367 1950 5420 ”.

473 5575 517 5604 ²¹¹
554 5572 688 5632 Gen.
718 5593 797 5645 ιιι,
841 5580 894 5634 9.
974 5581 1019 5613 ”
1057 5579 1250 5637 Matth.
1283 5598 1405 5650 xxv,
1445 5582 1535 5639 2|.

473 5682 581 5751 (£2)
615 5682 672 5739 In
705 5684 835 5759 Reg.
865 5691 900 5745 2
938 5674 1049 5748 hinc
1083 5693 1337 5751 dicuntur
1368 5692 1579 5756 Didymi

2052 4541 2124 4601 αὖ
2162 4543 2318 4598 πάλιν
2342 4543 2438 4613 τῆς
2466 4541 2640 4614 ψυχῆς
2673 4542 2708 4613 ή
2738 4540 2845 4594 τῶν
2884 4539 3291 4611 ἁμαρτημάτων
3321 4536 3522 4606 ἀποχή.

2130 4636 2255 4689 Ὅτι
2280 4633 2539 4699 ἐξείλετο
2567 4632 2681 4701 τὴν
2711 4630 2920 4699 ψυχήν
2949 4647 3068 4698 μου
3104 4629 3173 4682 ἐκ
3202 4626 3476 4682 θανάτου.
3505 4625 3611 4679 8a-

2058 4727 2217 4781 νάτου
2254 4725 2352 4796 τῆς
2386 4723 2655 4797 ἁμαρτίας
2694 4722 2880 4792 φησίν·
2921 4721 2979 4776 ὃν
3021 4721 3114 4773 καὶ
3143 4718 3389 4783 δεδοικὼς
3421 4720 3611 4791 μήπως

2059 4816 2169 4891 ἆρα
2194 4820 2272 4883 είς
2315 4818 2476 4871 αὐτὸν
2506 4814 2831 4887 κατηνέχθη,
2859 4814 2918 4868 οὑ
2951 4813 3182 4867 διέλειπε
3212 4811 3481 4882 δακρύων,
3514 4809 3613 4882 τὴν

2058 4911 2117 4977 ἐξ
2143 4909 2305 4967 αὐτοῦ
2348 4908 2522 4980 φυγὴν
2558 4906 2742 4971 αἰτῶν,
2771 4901 2831 4961 οὗ
2858 4905 2921 4977 δὴ
2960 4906 3118 4977 χάριν
3148 4905 3240 4959 καὶ
3262 4905 3311 4957 oi
3338 4903 3492 4966 πόδες
3518 4902 3611 4956 ait.

2056 5002 2170 5066 τοῦ,
2203 5001 2445 5055 τουτέστι
2488 4999 2557 5053 τὰ
2587 4999 2893 5069 διαδήματα
2919 4997 3018 5067 τῆς
3048 4996 3246 5067 ψυχῆς,
3270 4995 3327 5048 ἐν
3370 4997 3436 5067 τῇ
3473 4992 3614 5048 κατά

2057 5094 2188 5147 Θεὸν
2237 5093 2467 5163 ἔστησαν
2512 5091 2716 5154 στάσει,
2752 5090 2949 5153 παντὸς
2974 5088 3184 5143 ὀλίσθου
3214 5089 3488 5161 κρείττους
3523 5105 3613 5159 γε-

2057 5186 2288 5256 νόμενοι.
2322 5182 2516 5255 Χώραν
2559 5183 2617 5235 δὲ
2646 5181 2858 5247 ζώντων
2883 5180 2977 5252 τὴν
3008 5181 3323 5251 ὲπουράνιόν
3347 5198 3478 5252 φησι
3516 5181 3609 5233 Ἰε-

2060 5273 2358 5347 ρουσαλὴμ,
2390 5274 2446 5325 ὲν
2540 5273 2590 5324 οἱ
2621 5272 2762 5325 κατά
2793 5272 2925 5327 Θεὸν
2951 5272 3343 5344 ἀγωνισάμενοι
3380 5271 3455 5335 ὡς
3496 5270 3612 5341 ἄρι-

2061 5382 2174 5419 στοι
2206 5364 2484 5434 νικηφόροι
2512 5360 2829 5417 ἀκούσονται
2856 5363 2934 5431 τὸ,
2964 5361 3072 5430 Εὖ,
3107 5363 3287 5420 δοῦλε
3308 5363 3489 5434 ἀγαθὲ
3513 5360 3609 5417 και

2059 5455 2251 5515 πιστέ.

2122 5702 2141 5726 ⁶
2173 5699 2254 5755 Au
2289 5699 2695 5775 ἐπεστράφθαιῖ
2718 5701 2872 5756 Enn.
