3946 6222
300 298 402 354 475

375 490 757 564 Ἐπίστευσα,
796 500 886 555 διὸ
929 501 1224 572 ἐλάλησα.
1264 506 1514 578 Είρηκώς
1532 524 1546 538 ’
1582 508 1862 563 Ἐπίστευ-

299 603 381 653 σα,
412 586 494 642 διὸ
525 587 785 661 ἐλάλησα,
820 591 894 655 ὡς
927 593 1293 667 εὐαρεστήσας
1313 596 1390 667 τῷ
1420 599 1630 670 Κυρίῳ,
1660 599 1718 652 ἐν
1742 603 1860 664 ταῖς

296 677 405 731 ἀνω
431 681 872 751 παραγενόμενος
897 686 1102 753 μοναίς,
1131 687 1294 758 φησίν
1314 704 1329 718 ·
1354 687 1430 752 ὡς
1457 689 1556 743 οὐκ
1578 690 1643 743 ἂν
1674 690 1860 744 τοῦτον

298 767 598 842 προσέφερε
631 770 721 823 τὸν
749 771 921 842 λόγον,
955 777 1004 828 εί
1053 776 1127 850 μὴ
1175 776 1453 850 θαρρήσας
1495 775 1565 851 ἦν
1601 783 1721 846 ταῖς
1765 781 1860 836 τοῦ

297 855 426 910 θεοῦ
462 859 810 927 ἐπαγγελίαις
827 879 840 892 ·
870 865 927 916 ai
954 864 1011 917 δὲ
1036 860 1174 936 ἦσαν
1202 866 1383 931 ἐλέους
1412 868 1672 939 γέμουσαι
1692 887 1705 902 ο
1735 873 1863 924 Μαου-

300 947 483 1017 κάριοι
515 953 568 1003 οί
604 952 915 1020 κλαίοντες
933 954 1067 1020 νῦν,
1098 956 1187 1009 ὅτι
1205 958 1777 1031 αὑτοὶχαρήσονται.
1796 963 1861 1016 El

300 1039 349 1093 δὲ
379 1040 607 1111 πλήρεις
635 1037 774 1114 ἦσαν
802 1046 852 1097 οἱ
899 1045 1164 1118 ὀφθαλμοὶ
1191 1049 1459 1122 δακρύων,
1496 1050 1731 1122 δηλονότι
1761 1053 1863 1123 τὴν

298 1130 610 1199 ἁταλλίασιν
640 1136 696 1187 ὲν
724 1136 960 1201 ὲκείναις
984 1138 1350 1211 ἀπολήψονται
1381 1144 1498 1205 ταῖς
1529 1147 1733 1213 μοναῖς.
1751 1144 1861 1215 Τὴν

212 1237 217 1240 ’
297 1222 345 1274 δὲ
401 1222 546 1290 λέξιν
590 1225 794 1298 ταύτην
850 1230 1147 1301 προσφέρει
1188 1232 1492 1303 Κορινθίοις
1548 1236 1576 1287 ὁ
1630 1234 1857 1299 Παῦλος,

301 1313 593 1382 Ἔχοντες,
623 1317 811 1384 εἰπὼν,
851 1320 919 1373 τὸ
966 1321 1113 1376 αὐτὸ
1167 1322 1402 1393 πνεῦμα
1442 1320 1553 1392 τῆς
1582 1325 1856 1391 πίστεως,

297 1405 439 1459 κατὰ
480 1406 567 1471 τὸ,
596 1410 972 1477 Ἐπίστευσα,
1006 1412 1097 1477 διρ
1148 1412 1445 1484 ἐλάλησα.
1479 1414 1704 1484 Καρδίᾳ
1748 1416 1859 1486 γὰρ

297 1499 630 1552 πιστεύεται
670 1503 758 1565 εὶς
802 1502 1227 1573 δικαιοσύνην-⁸
1255 1506 1505 1575 στόματι
1542 1506 1611 1559 δὲ
1648 1509 1860 1575 ὁμολο-

300 1588 472 1657 γεῖται
516 1594 605 1658 είς
645 1596 969 1662 σωτηρίαν·
1012 1595 1111 1650 καὶ
1144 1597 1315 1666 ἡμεῖς
1357 1599 1738 1667 πιστεύομεν,
1767 1598 1857 1653 διὸ

299 1681 388 1734 καὶ
432 1683 758 1752 λαλοῦμεν.
804 1685 1030 1757 Πνεῦμα
1081 1686 1312 1750 πίστεως
1358 1686 1552 1756 λέγων,
1596 1687 1714 1758 ἦτοι
1760 1686 1858 1758 τὴν

1442 298 1807 360 EXPOSITIO
1850 300 1915 357 IN
1954 299 2284 361 PSALMUM
2319 302 2475 362 CXV.

633 408 943 464 ΨΑΑΜοΣ
977 412 1136 467 PI‘E'.
1155 409 1523 482 Ἀλληλούτα.
1881 424 1929 481 Α

2335 416 2582 474 PSALM
2594 416 2683 473 US
2722 412 2890 473 CXV.
2912 416 3177 474 Alleluia.'

2034 506 2116 561 10.
2159 506 2373 561 Credidi
2398 515 2609 576 propter
2638 505 2775 576 quod
2804 503 3008 559 locutus
3045 519 3181 559 sum.
3222 501 3517 575 Postquam

1956 599 2094 654 dixit
2139 598 2404 653 :Credidi
2460 609 2679 669 propter
2727 595 2873 668 quod
2928 596 3140 651 locutus
3187 610 3332 659 sum,
3383 611 3518 651 cum

1958 687 2190 743 Domino
2224 688 2535 759 placuisset,
2580 689 2635 743 in
2671 686 2922 758 supernis
2962 686 3338 742 mansionibus
3382 701 3519 741 con-

1959 783 2200 845 stitutus,
2223 780 2298 833 ait
2331 797 2343 833 :
2380 795 2439 835 se
2473 795 2749 850 nunquam
2793 778 2979 834 isthazc
3020 778 3357 848 prolaturum
3388 766 3517 833 fuis-

1958 887 2049 936 se,
2102 871 2215 931 nisi
2277 870 2371 927 Dei
2429 870 2883 942 promissionibus
2945 870 3302 935 conﬁdisset;
3362 876 3520 924 erant

1957 975 2134 1020 autem
2173 966 2278 1022 illa:
2323 963 2703 1021 misericordia
2747 964 2937 1034 plenae,
2970 964 3197 1029 scilicet,
3230 961 3384 1016 Beati
3424 960 3517 1032 qui

1958 1074 2095 1112 nunc
2125 1059 2248 1127 [ient
2277 1059 2521 1128 quoniam
2546 1057 2648 1127 ipsi
2678 1055 2973 1126 gaudebunt
3003 1055 3071 1110 ³⁸.
3108 1053 3264 1121 Quod
3285 1054 3330 1109 si
3369 1053 3516 1108 oculi

1957 1147 2211 1220 lacrymis
2231 1147 2384 1204 luere
2415 1148 2580 1218 pleni,
2605 1147 2859 1219 gaudium
2884 1161 3016 1202 sane
3045 1146 3098 1200 in
3129 1146 3238 1200 illis
3280 1144 3517 1200 mansio-

1957 1240 2119 1295 nibus
2146 1241 2446 1311 percepturi
2476 1248 2623 1296 sunt.
2655 1238 2771 1295 Hoc
2790 1254 2953 1310 porro
2978 1239 3183 1293 dictum
3214 1236 3515 1292 Corinthiis

1962 1328 2167 1398 profert
2187 1328 2430 1385 Paulus:
2481 1328 2781 1391 Habentes,
2835 1328 2931 1391 ait,
2982 1324 3218 1381 eumdem
3266 1324 3516 1393 spiritum

1958 1420 2103 1489 ﬁdei,
2163 1421 2446 1475 secundum
2483 1420 2618 1475 illud
2646 1436 2665 1474 :
2700 1418 2935 1484 Credidi,
2962 1425 3172 1487 prspter
3206 1415 3345 1486 quod
3368 1413 3517 1468 locu-

1959 1522 2040 1566 tus
2065 1528 2200 1566 sum.
2226 1510 2394 1567 Corde
2407 1512 2543 1567 enim
2569 1511 2803 1565 creditur
2828 1510 2898 1564 ad
2916 1510 3185 1579 justitiam
3202 1523 3221 1562 :
3238 1523 3325 1561 ore
3342 1515 3516 1560 autem

1956 1604 2208 1672 confessio
2245 1603 2302 1672 ﬁt
2349 1603 2418 1657 ad
2450 1603 2718 1669 salutem;
2748 1612 2797 1656 et
2840 1618 2933 1655 nos
2986 1601 3266 1663 credimus,
3303 1607 3518 1666 propter

1956 1694 2093 1765 quod
2119 1704 2170 1750 et
2192 1695 2451 1766 loquimur
2475 1695 2541 1749 ⁸¹.
2558 1693 2695 1750 Cum
2724 1705 2903 1749 autem
2927 1692 3178 1763 spiritum
3203 1688 3327 1744 ﬁdei
3357 1688 3509 1754 dicit,

299 1772 401 1837 ἕξιν
432 1775 532 1845 τὴν
562 1776 656 1829 ἀπ’
680 1777 849 1849 αὐτῆς
880 1780 1254 1851 ἐγγενομένην,
1288 1781 1404 1852 ἢτὸ
1428 1781 1856 1854 ἐπιχορηγούμε-

1968 1791 2050 1836 aut
2075 1782 2314 1853 ejusdem
2354 1783 2477 1858 ﬁdei
2515 1783 2759 1839 habitum
2796 1781 3068 1852 intelligit,
3121 1786 3216 1834 aut
3259 1776 3514 1847 spiritum

299 1880 380 1919 νον
408 1867 473 1919 ὲκ
505 1866 640 1921 Θεοῦ
664 1868 743 1939 τῷ
772 1870 952 1925 πίστιν
974 1871 1149 1942 ἔχοντι
1174 1872 1408 1944 πνεῦμα.
1431 1874 1647 1945 Συνᾴδει
1675 1873 1731 1927 δὲ
1752 1873 1852 1945 τῷ*

310 1951 681 2022 Ἐπίστευσα,
709 1956 799 2010 διὸ
825 1958 1121 2027 ἐλάλησα,
1138 1960 1376 2016 τοιοῦτον
1391 1962 1486 2016 καὶ
1508 1963 1586 2015 τόσ
1621 1961 1759 2016 Ἐὰν
1768 1961 1853 2031 μὴ

299 2045 675 2113 πιστεύσητε,
704 2047 830 2101 οὐδ’
856 2050 927 2102 οὐ
962 2047 1049 2117 μὴ
1085 2048 1338 2118 συνῆτε.
1370 2050 1590 2122 Πρῶτον
1616 2050 1856 2104 πιστεύει

297 2151 394 2200 τις,
433 2131 553 2189 εἶτα
583 2142 776 2203 συνιεῖ,
798 2142 890 2194 καὶ
916 2141 1053 2211 μετά
1073 2140 1243 2195 ταῦτα
1267 2141 1571 2196 λαλεῖ.’⁹οτε
1596 2141 1674 2207 δὲ,
1700 2141 1856 2213 φησὶ,

300 2226 588 2291 πιστεύσας
608 2228 845 2300 ἐλάλησα
868 2230 1098 2301 μεγάλα,
1127 2232 1247 2285 τότε
1285 2233 1447 2304 μηδὲν
1480 2232 1712 2303 ἐμαυτὸν
1735 2231 1859 2286 ἰδὼν

297 2316 691 2389 ἐταπεινώθην
715 2323 1254 2391 σφόδραῦΤοιοῦτον
1281 2325 1342 2377 τὸ
1370 2324 1460 2377 τοῦ
1499 2324 1742 2378 Ἰωάννου
1769 2341 1861 2377 πε-

300 2410 347 2478 ρὶ
368 2409 463 2463 τοῦ
495 2412 669 2482 Ἰησοῦ
689 2432 701 2443 ·
733 2414 991 2468 Ἐκεῖνον
1019 2415 1108 2469 δεῖ
1137 2416 1439 2483 αὐξάνειν,
1469 2415 1574 2485 ἐμὲ
1597 2414 1665 2468 δὲ
1687 2416 1858 2470 ἐλατ-

297 2501 555 2566 τρῦσθαι.
575 2505 896 2559 Ἡλαττοῦτο
941 2507 1069 2577 γάρ,
1116 2507 1215 2561 οὐκ
1258 2506 1544 2561 ἀποϐαλών
1589 2524 1639 2560 τι
1687 2502 1854 2578 οὗπερ

298 2588 401 2662 εἶχε
436 2594 698 2664 μεγέθους
721 2614 732 2625 ·
763 2596 1183 2669 ἀντιπαραθέσει
1215 2599 1272 2652 δὲ
1298 2600 1396 2670 τῆς
1428 2598 1549 2651 καθ’
1588 2597 1857 2669 ὑπεροχὴν

298 2682 524 2751 Χριστοῦ
546 2684 887 2761 διδασκαλίας
910 2689 1003 2740 καὶ
1030 2687 1317 2750 πολιτείας.
1338 2686 1492 2741 Οὕτω
1512 2686 1605 2740 νῦν
1627 2687 1706 2749 τὸ,
1730 2687 1858 2740 ὲτα-
1887 2718 1893 2723 -

296 2773 605 2842 πεινώθην,
640 2777 700 2827 οὐ
736 2777 875 2831 κατὰ
907 2776 1072 2847 ὕψους
1117 2777 1403 2848 ἀφαίρεσιν
1451 2772 1624 2841 εἶπεν,
1653 2775 1765 2830 ἀλλ’
1792 2778 1856 2829 ὲκ

296 2864 385 2935 τῆς
413 2864 661 2935 μείζονος
691 2867 723 2937 ἢ
748 2867 867 2921 καθ’
896 2869 1083 2923 ἑαυτὸν
1113 2868 1363 2940 θεωρίας.

296 2957 581 3024 quamdam
649 2961 982 3017 celsitudinis
1030 2979 1142 3019 suae
1185 2961 1568 3018 detractionem
1632 2959 1897 3031 intelligit,

298 3045 453 3102 done.

1955 1889 2021 1929 ex
2048 1874 2157 1930 Deo
2180 1874 2228 1929 ei
2260 1876 2352 1945 qui
2401 1874 2558 1929 tidem
2587 1874 2768 1940 habet,
2805 1874 3011 1929 datum.
3048 1869 3298 1926 Concinit
3337 1874 3516 1922 autem

1956 1966 2087 2023 huic
2110 1967 2251 2023 dicto
2283 1985 2298 2021 :
2332 1965 2544 2021 Credidi
2573 1975 2783 2037 propter
2809 1964 2947 2036 quod
2979 1964 3185 2018 locutus
3220 1976 3357 2023 sum,
3384 1955 3516 2013 illud

1957 2068 2171 2123 quoque
2190 2054 2392 2109 dictum
2425 2073 2438 2109 :
2479 2053 2602 2110 Nisi
2629 2054 2977 2116 credideritis,
2998 2068 3101 2106 non
3124 2048 3425 2120 intelligetis
3447 2046 3515 2097 ⁸⁸.

1958 2142 2198 2199 Primum
2225 2146 2349 2215 quis
2382 2146 2573 2212 credit,
2600 2157 2785 2216 postea
2820 2144 3090 2214 intelligit,
3118 2158 3182 2198 ac
3213 2140 3408 2197 deinde
3436 2139 3520 2194 lo-

1959 2235 2162 2304 quitur.
2224 2236 2361 2291 Cum
2422 2246 2627 2303 autem,
2679 2238 2876 2308 inquit,
2936 2243 3226 2306 postquam
3286 2229 3516 2295 credidi,

1962 2339 2155 2395 magna
2186 2324 2401 2382 locutus
2426 2342 2568 2393 sum,
2602 2336 2731 2383 tunc
2771 2327 2961 2381 videns
2994 2340 3081 2380 me
3120 2323 3251 2379 nihil
3279 2321 3524 2378 esse/hu-

1959 2415 2199 2470 miliatus
2244 2432 2362 2470 sum
2406 2419 2583 2471 nimis.
2637 2418 2827 2473 Simile
2875 2425 2959 2473 est
2994 2415 3134 2470 illud
3175 2411 3401 2469 Joannis
3452 2410 3520 2464 de

1959 2504 2085 2561 Jesu
2133 2507 2404 2577 loquentis
2445 2527 2458 2562 :
2504 2508 2667 2563 Illum
2709 2515 2907 2576 oportet
2948 2521 3192 2571 crescere,
3238 2518 3318 2557 me
3346 2511 3521 2555 autem

1959 2597 2146 2650 minui.
2183 2598 2227 2629 ³³
2259 2597 2598 2655 Minuehatur
2636 2599 2778 2653 enim
2827 2613 2933 2651 non
2977 2595 3120 2665 quod
3143 2593 3223 2648 vel
3247 2591 3518 2647 tantillum

1961 2684 2488 2756 nmgnitudinis‘suae
2527 2690 2795 2744 amitteret
2826 2706 2840 2756 ;
2876 2688 2971 2744 sed
3008 2689 3063 2742 in
3104 2683 3523 2755 comparatione

1958 2778 2425 2836 excellentissima:
2448 2781 2651 2835 Christi
2683 2779 2948 2835 doctrinae
2968 2793 3033 2833 ac
3064 2772 3516 2833 conversationis.

1958 2866 2035 2923 lta
2055 2886 2272 2941 quoque
2288 2889 2432 2928 nunc
2449 2872 2920 2939 illud,humiliatus
2937 2888 3073 2937 sum,
3093 2885 3198 2925 non
3218 2866 3518 2924 secundum

1956 2965 2074 3021 sed.
2101 2981 2167 3020 ex
2209 2967 2402 3037 majori
2441 2984 2603 3038 quam
2650 2983 2750 3038 pro
2809 2967 3064 3023 facultate
3107 2965 3225 3036 ejus
3276 2961 3525 3033 specula.

369 3136 518 3210 Ἐγὼ
550 3138 620 3194 δὲ
643 3136 782 3195 εἶπα
804 3142 872 3196 ἐν
904 3141 979 3212 τῇ
1007 3142 1291 3198 ἐκστάσει
1315 3161 1435 3213 μου
1457 3160 1472 3174 ο
1498 3141 1619 3209 Πᾶς
1649 3141 1863 3211 ἄνθρω-

2032 3141 2117 3195 ll.
2161 3138 2273 3210 Ego
2313 3139 2424 3194 dixi
2453 3139 2506 3192 in
2547 3153 2761 3193 excessu
2800 3154 2912 3192 meo
2937 3154 2956 3191 :
2982 3136 3165 3193 Omnis
3194 3136 3346 3189 homo
3375 3150 3520 3188 men-

296 3243 400 3295 πος
439 3232 721 3300 ψεύστης
775 3233 1090 3305 Γενόμενος,
1140 3235 1324 3305 φησὶν,
1372 3234 1512 3304 ὑπὲρ
1557 3233 1859 3304 ἄνθρωπον,

298 3321 465 3375 πάντα
488 3327 560 3376 τὰ
583 3323 899 3396 ἀνθρώπινα
920 3325 1257 3397 ἐξηυτέλισα.
1276 3324 1339 3377 Ἡ
1362 3325 1471 3397 γὰρ
1495 3324 1743 3389 ἔκστασις
1765 3325 1862 3394 τὴν

280 3410 574 3498 ,ἀλλοίωσιν
604 3415 876 3485 σημαίνει.
902 3416 1174 3489 Εἰρηκὼς,
1204 3418 1388 3487 φησὶν,
1416 3415 1492 3479 ὡς
1521 3415 1862 3484 Εὐαρεστή-

297 3519 376 3556 σω
401 3503 624 3574 Κυρίῳ,
656 3502 773 3560 εἶτα
814 3506 989 3570 εἰδὼς,
1028 3507 1103 3570 ὡς
1135 3507 1243 3571 πᾶς
1274 3505 1557 3576 ἄνθρωπος
1585 3504 1821 3576 ψεύστης
1845 3522 1859 3536 ·

243 3644 249 3652 .
298 3592 541 3666 λογισμοὶ
588 3595 697 3668 γὰρ
737 3597 1034 3670 ἀνθρώπων
1082 3598 1273 3651 δόλιον
1306 3596 1497 3651 τούτου
1540 3597 1698 3670 χάριν
1742 3597 1865 3651 ἐτα-

300 3686 508 3741 πείνουν
557 3687 750 3743 ἑαυτὸν
794 3690 888 3742 καὶ
940 3688 1394 3760 ἐσκληραγὼγουν
1442 3693 1560 3753 ταῖς
1619 3706 1864 3744 κακοπα-

297 3771 475 3840 θείαις,
526 3777 721 3847 μήπως
745 3778 842 3847 τῆς
864 3778 1117 3849 τοιαύτης
1142 3778 1359 3831 ὲκπέσω
1394 3779 1655 3841 στάσεως.

366 3869 564 3937 Τίμιος
605 3869 881 3923 ἐναντίον
920 3868 1143 3939 Κυρίου
1178 3873 1211 3924 ό
1252 3869 1503 3936 θάνατος
1542 3868 1662 3923 τῶν
1684 3870 1869 3924 ὁσίων

298 3960 706 4030 αὑτοῦ.Ἂλλη,
745 3962 927 4032 φησὶν,
967 3963 1066 4015 οὐκ
1107 3962 1259 4015 ἔσται
1295 3964 1427 4033 ἡμῖν
1460 3962 1660 4033 ἀμοιϐὴ
1689 3956 1763 4015 ὧν
1794 3963 1870 4015 είς

298 4048 541 4122 λήφαμεν
578 4052 730 4123 παρά
761 4052 915 4117 Θεοῦ,
944 4054 976 4124 ἢ
1020 4053 1160 4124 ὑπὲρ
1181 4052 1345 4107 αὑτοῦ
1372 4055 1658 4124 ὑπομεῖναι
1698 4052 1868 4106 θάνα-

299 4151 399 4207 τον,
427 4145 520 4197 καὶ
549 4143 728 4217 ταύτῃ
760 4145 1039 4215 μιμεῖσθαι
1072 4145 1161 4198 τὸν
1203 4144 1409 4198 ἑαυτῶν
1437 4145 1731 4216 Δεσπότην.
1764 4138 1869 4198 Οὗ-

297 4250 377 4298 τος
422 4235 477 4290 δὲ
525 4236 593 4308 δὴ
643 4237 672 4289 ὁ
710 4236 938 4299 θάνατος
977 4235 1211 4290 καὶτῶν
1245 4235 1452 4308 σφόδρα
1492 4236 1688 4309 τιμίων
1718 4236 1869 4291 ἔσται

276 4326 443 4407 ’παρά
469 4326 618 4398 Θεῷ.

359 4412 426 4471 Ὦ
457 4417 667 4487 Κύριε,
710 4417 822 4487 ἐγὼ
863 4417 1082 4484 δοῦλος
1112 4418 1225 4483 σὸς
1249 4418 1347 4472 καὶ
1384 4418 1514 4485 υίὸς
1540 4417 1652 4488 τῆς
1675 4419 1869 4474 παιδί-

1960 3233 2084 3286 duas.
2110 3230 2282 3302 Supra
2307 3230 2578 3285 hominem
2604 3231 2848 3293 eﬂ'ectus,
2866 3228 3060 3299 inquit,
3083 3227 3263 3282 omnia
3286 3226 3523 3281 humana

1960 3307 2086 3379 vilia
2117 3333 2201 3401 .et'
2229 3323 2438 3392 abiecta
2469 3336 2591 3377 esse
2616 3322 2766 3375 duxi.
2796 3319 2929 3373 Nam
2974 3333 3229 3375 excessus
3270 3318 3523 3371 immuta-

1964 3418 2162 3470 tionem
2193 3414 2479 3485 signiﬁcat.
2510 3411 2799 3483 Postquam
2833 3411 3098 3474 dixeram,
3141 3408 3317 3477 inquit
3349 3425 3363 3464 :
3396 3405 3525 3460 Pla-

1962 3507 2082 3561 cebo
2116 3506 2358 3571 Domino,
2389 3505 2583 3560 deinde
2610 3504 2800 3559 videns
2830 3516 3046 3557 omnem
3075 3501 3345 3555 hominem
3374 3512 3527 3554 men-

1962 3597 2150 3653 dacem
2193 3612 2314 3652 esse
2356 3614 2370 3650 :
2416 3611 2540 3649 nam
2587 3594 2944 3665 cogitationes
2993 3592 3273 3646 hominum
3327 3590 3527 3645 dolosa:

1964 3699 2130 3754 sunt;
2162 3688 2281 3743 ideo
2306 3687 2683 3756 memetipsum
2731 3684 3107 3747 humiliabam,
3141 3692 3193 3737 et
3226 3696 3313 3736 me
3349 3694 3528 3735 mace-

1964 3779 2266 3834 rationibus
2294 3777 2614 3847 aﬂligeham,
2650 3791 2714 3830 ne
2750 3776 2820 3829 ab
2844 3775 2935 3827 illo
2960 3781 3102 3828 statu
3132 3772 3416 3826 dilaberer.

2038 3867 2123 3921 15.
2168 3866 2410 3921 Pretiosa
2430 3869 2483 3918 in
2516 3874 2790 3935 conspectu
2817 3864 3027 3917 Domini
3051 3878 3190 3915 mors
3224 3856 3547 3914 sanctorum‘

1964 3959 2098 4028 ejus.
2126 3957 2266 4023 Alia,
2293 3955 2489 4026 inquit,
2525 3956 2828 4025 retributio,
2859 3953 3012 4007 nobis
3043 3968 3146 4006 non
3180 3951 3282 4005 erit
3304 3965 3405 4020 pro
3428 3951 3525 4004 bo-

1968 4050 2054 4105 nis
2097 4064 2216 4120 quae
2264 4048 2573 4117 accepimus
2605 4064 2635 4101 a
2664 4046 2792 4111 Deo,
2825 4045 2926 4100 nisi
2957 4044 3101 4114 quod
3134 4059 3229 4113 pro
3262 4043 3354 4097 illo
3382 4057 3529 4097 mora

1967 4151 2074 4197 tem
2099 4141 2488 4206 sustineamus,
2518 4146 2679 4208 atque
2711 4137 2783 4191 ita
2812 4136 3100 4191 Dominum
3128 4142 3371 4188 nostrum
3405 4132 3528 4186 imi-

1968 4242 2164 4287 temur.
2192 4229 2319 4286 Haec
2367 4236 2545 4285 autem
2593 4244 2741 4283 mors
2785 4228 2936 4282 valde
2979 4226 3216 4297 pretiosa
3255 4225 3359 4280 erit
3385 4224 3527 4297 apud

1970 4321 2160 4378 Deum.
3496 4328 3497 4331 “

2045 4415 2127 4470 l6.
2173 4414 2217 4471 0
2239 4414 2475 4476 Domine,
2491 4428 2583 4483 ego
2604 4426 2778 4465 servus
2803 4418 2921 4463 tuus
2944 4417 2992 4462 et
3012 4407 3155 4477 ﬁlius
3171 4405 3379 4461 ancilla:
3399 4414 3522 4462 tute.

300 4520 445 4575 σχης
477 4486 624 4562 σου.
659 4486 883 4578 Θαρρὦ
930 4506 1112 4560 δοῦλον
1160 4508 1348 4561 ἑαυτὸν
1399 4504 1534 4563 εἷναί
1567 4486 1696 4580 φησι
1733 4510 1864 4564 κατὰ

1974 4508 2106 4564 Cum
2152 4507 2344 4561 ﬁducia
2395 4519 2514 4560 sese
2545 4516 2760 4559 servum
2793 4499 2942 4566 dicit,
2973 4498 3266 4553 secundum
3299 4496 3529 4566 Aposto-

299 4598 383 4650 τὸν
410 4597 720 4653 ἀπόστολον
741 4614 755 4630 ’
785 4599 1073 4668 παιδίσκης
1100 4599 1159 4652 δὲ
1177 4600 1311 4666 υἱὸν,
1343 4601 1441 4671 τῆς
1464 4601 1730 4672 προτέρας
1755 4603 1869 4655 εἱσ-

300 4692 515 4762 αγωγῆς
546 4692 657 4760 τῆς
683 4688 771 4743 διᾶ
796 4691 962 4761 νόμου
992 4692 1176 4762 φησίν.

328 4832 333 4837 .
360 4782 692 4852 Δώρρηξας
740 4781 882 4848 τοὺς
929 4781 1190 4852 δεσμούς
1227 4800 1368 4852 μου.
1396 4782 1505 4836 Καὶ
1545 4784 1689 4848 τίνες
1712 4785 1761 4838 oi
1790 4784 1875 4838 δε-

304 4873 423 4942 σμοὶ
446 4874 481 4946 ἢ
506 4876 558 4927 οἱ
588 4872 699 4943 τῆς
725 4873 1016 4944 ἁμαρτίας,
1045 4872 1185 4927 κατὰ
1208 4874 1270 4926 τὸ
1297 4874 1581 4946 εἰρημένον
1601 4892 1614 4905 ·
1647 4874 1875 4944 Σειραῖς

302 4963 405 5033 τὰρ
469 4964 700 5020 ἑαυτοῦ
742 4962 1037 5034 ἁμαρτιῶν
1083 4965 1337 5030 ἕκαστος
1376 4966 1718 5035 σφίγγεταις
1772 4966 1874 5021 Σοὶ

305 5056 461 5109 θύσω
490 5056 721 5110 θυσίαν
746 5053 1046 5121 αἰνέσεως.
1062 5055 1149 5119 Ὠς
1196 5055 1265 5109 ὲν
1300 5059 1545 5128 προκοπῇ
1590 5057 1873 5127 γενόμενος

306 5146 396 5210 τὰς
435 5149 539 5219 μὲν
580 5146 654 5200 δι’
687 5146 934 5217 αἱμάτων
981 5150 1341 5219 παραιτεῖται,
1371 5147 1467 5212 τάς
1512 5147 1569 5202 δὲ
1620 5150 1875 5213 αἰνέσεως

308 5238 571 5292 ἐπιτελεῖν
598 5235 1035 5307 ἐπαγγέλλεται..
1120 5284 1123 5287 ,

376 5330 487 5394 Τὰς
513 5328 709 5399 εὐχάς
746 5346 865 5398 μου
902 5328 985 5396 τῷ
1014 5329 1207 5399 Κυρίῳ
1230 5329 1536 5386 ἀποδώσω.
1561 5331 1739 5403 Εὐχάς
1778 5332 1874 5395 τὰς

1974 4598 2084 4653 lum
2115 4615 2129 4651 :
2164 4595 2373 4651 ancillae
2412 4602 2588 4648 autem
2615 4591 2812 4657 ﬁlimn,
2837 4589 3066 4660 loquens
3094 4586 3162 4642 de
3206 4585 3385 4657 priore
3426 4583 3531 4639 ini-

1975 4686 2195 4741 tiatione
2220 4698 2318 4754 per
2347 4683 2518 4752 legem
2548 4682 2708 4736 facta.

2048 4777 2135 4831 17.
2176 4774 2439 4844 Dirupisti
2487 4772 2694 4828 uincula
2737 4785 2873 4824 mea.
2904 4767 2972 4822 Et
3006 4781 3128 4837 quae
3156 4765 3388 4830 vincula,
3422 4765 3528 4821 nisi

1977 4867 2201 4937 peccati,
2228 4866 2382 4935 juxta
2406 4864 2608 4919 dictum
2642 4862 2813 4917 illud:
2857 4858 3088 4914 Vinculis
3126 4858 3263 4912 enim
3293 4865 3527 4926 peccato-
3558 4873 3562 4877 ·

1978 4977 2095 5012 rum
2120 4973 2334 5012 suorum
2359 4956 2708 5026 unusquisque
2729 4952 3102 5023 constringitur
3116 4949 3186 5002 “1’
3213 4948 3326 5003 Tibi
3363 4949 3529 5001 sacri-

1975 5051 2142 5121 ﬁcabo
2192 5049 2418 5103 hostiam
2456 5045 2648 5099 laudis.
2688 5043 2853 5111 Quasi
2884 5044 2937 5096 in
2969 5040 3210 5113 profectu
3240 5047 3293 5093 et
3328 5036 3532 5105 majore

1975 5140 2319 5212 perfectione,
2350 5137 2611 5194 sacriﬁcia
2642 5151 2738 5205 per
2761 5134 3076 5205 sanguinem
3099 5137 3329 5194 recusat,
3361 5126 3530 5181 sacri~

1977 5233 2097 5287 licia
2133 5245 2263 5286 vero
2295 5229 2467 5285 laudis
2497 5228 2801 5285 oblaturum
2829 5242 2887 5282 se
2910 5222 3194 5296 promittit.

2046 5324 2133 5378 l7.
2185 5322 2315 5376 Vota
2348 5339 2462 5376 mea
2486 5322 2710 5376 Domino
2743 5320 2978 5375 reddam.
3014 5317 3169 5380 Vota,
3196 5312 3249 5367 id
3287 5319 3370 5366 est
3402 5325 3529 5381 pro-

311 5406 643 5491 ὶπαγγελίας
678 5421 829 5492 φησί.
857 5421 921 5473 Τί
950 5421 1005 5474 δὲ
1036 5421 1415 5492 ἐπηγγείλατο,
1449 5423 1506 5492 ἢ,
1532 5421 1594 5474 τὸ
1619 5421 1864 5493 ποτήριον

1978 5416 2285 5472 missiones.
2310 5413 2450 5480 Quid
2491 5422 2671 5469 autem
2699 5411 2966 5483 promisit,
3001 5408 3104 5462 nisi
3134 5405 3275 5476 quod
3309 5412 3530 5474 accepto

310 5510 398 5571 τοῦ
420 5512 632 5585 Κυρίου
668 5510 868 5577 λαϐὼν,
898 5511 1268 5567 ἐπικαλεῖσθαι
1297 5512 1461 5567 αὑτοῦ
1484 5513 1546 5566 τὸ
1573 5512 1740 5584 ὄνομα
1759 5530 1787 5583 ;ν
1809 5514 1864 5566 Ὃ

1980 5509 2146 5566 calice
2170 5506 2404 5576 Domini,
2429 5506 2774 5563 invocaturus
2800 5510 2943 5561 esset
2964 5513 3161 5556 nomen
3194 5498 3343 5570 eius?
3370 5494 3525 5565 Quod

385 5686 430 5719 ³⁸
455 5685 653 5742 Matth.
684 5703 737 5751 ν,
762 5687 812 5742 5.
890 5686 1000 5757 ἰδιῐ
1025 5688 1147 5745 Cor.
1185 5703 1257 5755 Iv,
1297 5684 1384 5758 1'5;
1418 5685 1572 5743 Rom.
1609 5703 1662 5754 Χ,
1699 5683 1781 5743 lo.
1826 5686 1864 5719 ³¹

1968 5701 2009 5746 ι,
2037 5700 2135 5751 vn,
2156 5682 2235 5741 9.~
2280 5682 2325 5717 "
2361 5680 2515 5738 Joan.
2541 5694 2628 5743 ιιι.
2658 5680 2712 5736 5.
2788 5675 3026 5731 uProv.
3058 5687 3112 5739 ν,
3151 5672 3242 5729 22.
