3946 6222
352 268 459 332 s75

1228 269 1292 326 Β.
1327 268 1700 326 ΑΤΒΑΝΑειι
1734 267 1888 327 ΟΡΡ.
1928 268 2107 324 PARS
2143 267 2231 323 Ill.
2269 297 2341 308 —
2373 264 2780 323 EXEGETICA.

3472 271 3573 328 ΠΕ

352 396 570 457 tactam,
603 388 798 459 inquit,
831 403 956 444 cum
1001 387 1056 442 in
1088 386 1286 465 divinis
1308 389 1449 444 aulis
1474 404 1602 457 ero;
1634 390 1685 445 id
1715 398 1800 446 est
1853 389 1906 444 in
1935 393 1966 453 Α

2034 362 2358 459 παῖ’ποιήσω,
2391 385 2576 457 φησὶν,
2611 385 2827 440 ἐπειδὰν
2855 385 2913 438 ὲν
2943 387 3062 450 ταῖς
3093 384 3464 453 θείαιςαὺλαῖς
3486 406 3576 458 γε·

354 480 596 537 Ecelesia
633 478 856 547 Christi,
891 478 977 535 vel
1004 479 1058 534 in
1093 494 1327 551 superna
1353 479 1670 537 Jerusalem.

703 660 950 715 Alleluia.
994 659 1330 716 PSALHUS
1369 660 1572 717 CXVI.

426 753 478 818 1,
510 752 565 808 2.
605 751 843 806 Laudate
872 752 1173 818 Dominum,
1199 769 1372 807 omnes
1405 765 1644 824 gentes...
1675 755 1921 824 quoniam

356 844 669 913 confirmata
691 854 767 897 est
797 860 950 913 super
976 861 1068 898 nos
1096 846 1458 899 misericordia
1486 845 1919 918 ejus.Nunquam

358 947 545 1007 gentes
594 940 752 992 talem
803 940 1154 993 mulationem
1201 939 1408 1008 experti
1439 939 1688 1006 fuissent,
1724 941 1917 1010 inquit,

358 1028 464 1083 nisi
513 1030 748 1098 peccatis
805 1030 1006 1085 nostris
1056 1031 1282 1084 validior
1320 1030 1510 1087 fuisset
1554 1018 1953 1090 misericordia

358 1118 476 1175 Dei.
506 1119 575 1174 Et
600 1122 789 1175 veritas
816 1121 1025 1175 Domini
1073 1131 1243 1176 manet
1281 1124 1332 1176 in
1375 1134 1645 1180 wternum.
1681 1124 1919 1180 Salutem

358 1209 502 1263 enim
535 1210 681 1264 dedit
708 1226 869 1280 quam
897 1226 989 1280 per
1013 1223 1229 1268 sanctos
1255 1214 1542 1282 prophetas
1580 1216 1921 1282 promiserat.

358 1296 416 1354 Id
462 1309 517 1355 et
555 1301 746 1358 beatus
777 1302 998 1371 Paulus,
1025 1305 1242 1360 ordiens
1276 1305 1485 1361 litteras
1519 1306 1586 1361 ad
1621 1307 1919 1373 Romanos,

359 1389 436 1444 ait
468 1406 484 1443 :
521 1391 938 1469 Paulus-servus
972 1394 1097 1449 Jesu
1139 1396 1356 1460 Christi,
1382 1410 1591 1452 vocatus
1618 1400 1919 1469 Apostolus,

358 1493 657 1552 segregatus
689 1485 743 1537 in
772 1484 1109 1557 Evangeliunt
1140 1485 1255 1554 Dei,
1286 1487 1422 1557 quod
1456 1499 1578 1542 ante
1613 1492 1923 1559 promiserat

358 1587 451 1641 per
469 1575 745 1643 prop/tetas
766 1591 887 1629 suos
916 1577 971 1629 in
994 1577 1283 1646 Scripturis
1312 1580 1506 1633 sanctis
1526 1580 1590 1634 ³³.
1606 1579 1672 1634 Ει
1687 1581 1877 1636 iterum
1905 1599 1919 1636 :

358 1662 492 1718 Dico
522 1663 789 1720 Christum
812 1666 997 1722 Iesum
1025 1670 1323 1724 ntinistrum
1360 1672 1521 1742 fuisse
1561 1674 1921 1730 circumcisio-

2018 479 2241 549 νοίμην·
2283 478 2381 550 τὴν
2417 477 2738 549 Ἐκκλησίαν
2782 477 3040 548 Χριστοῦ,
3072 476 3105 548 ἢ
3133 477 3230 550 τὴν
3261 480 3578 553 ἐπουράνιον

2031 570 2402 643 Ἰερουσαλήμ.

2335 661 2704 729 Ἁλληλούῖα.
2742 663 3048 716 ΨΛΛΜΟΣ
3079 661 3252 730 Ριεῖο.

2089 754 2314 808 Αἰνεῖτε
2344 754 2450 807 τὸν
2489 753 2729 822 Κύριον,
2758 754 2949 809 πάντα
2982 755 3053 808 τὰ
3075 756 3284 821 ἔθνη...
3303 755 3392 809 ὅτι
3411 755 3585 823 ἐχρῶ»

2020 845 2232 915 ταιώθη
2283 846 2348 901 τὸ
2397 847 2569 912 ἕλεος
2612 846 2797 900 αὐτοῦ
2838 846 2930 915 ἐφ’
2964 844 3139 915 ἡμᾶς.
3169 847 3281 899 Οὑκ
3310 846 3395 910 ἂν,
3427 848 3578 916 φησὶ,

2019 941 2117 1011 τῆς
2147 939 2402 1010 τοιαύτης
2432 939 2729 1009 μεταϐολῆς
2751 937 3009 1008 ἐτύγχανε
3036 937 3102 990 τὰ
3131 936 3277 1007 ἔθνη,
3301 939 3348 990 εί
3372 938 3443 1008 μὴ
3466 940 3584 990 ἐπι-

2021 1030 2380 1102 κρατέστερον
2415 1029 2519 1083 τῶν
2553 1030 2830 1101 ἡμετέρων
2879 1030 3156 1102 ἁμαρτιῶν
3191 1031 3252 1084 τὸ
3280 1030 3422 1094 ἔλεος
3467 1032 3585 1099 ὲγέ-

2020 1137 2140 1174 νετο
2165 1119 2258 1172 τοῦ
2285 1119 2438 1173 Θεοῦ.
2468 1118 2579 1175 Καὶ
2603 1120 2640 1188 ἠ
2664 1120 2910 1188 ἀλήθεια
2936 1119 3158 1187 Κυρίου
3177 1119 3341 1189 μένει
3368 1122 3454 1185 είς
3479 1119 3584 1172 τὸν

2020 1209 2237 1264 αἰῶναθ
2269 1212 2335 1281 ἢν
2362 1210 2470 1282 γὰρ
2499 1210 2584 1264 διὰ
2631 1211 2738 1263 τῶν
2786 1210 2952 1279 ἁγίων
2991 1211 3281 1281 προφητῶν
3322 1210 3584 1282 ὑπέσχετο

2020 1301 2218 1356 δέδωκε
2245 1301 2536 1373 σωτηρίαν.
2554 1302 2720 1354 Τοῦτο
2750 1302 2843 1354 καὶ
2870 1304 2898 1356 ὀ
2930 1304 3194 1379 μακάριος
3217 1302 3447 1367 Παῦλος,
3475 1301 3586 1355 τῶν

2022 1393 2158 1465 πρὸς
2210 1393 2510 1465 Ῥωμαίους
2567 1394 2906 1464 γραμμάτων
2958 1390 3289 1464 ἀρξάμενοςο
3345 1392 3586 1457 Παῦλος

2022 1485 2240 1552 δοῦλος
2277 1485 2468 1553 Ἰησοῦ
2510 1484 2788 1553 Χριστοῦ,
2819 1484 3034 1552 κλητὸς
3077 1484 3437 1550 ἀπόστολος,
3474 1484 3586 1553 ἀφ-

2023 1577 2345 1646 ωρισμένος
2363 1579 2450 1643 εἰς
2463 1580 2512 1630 Ε
2517 1576 2830 1646 ὐατγέλιον
2856 1575 3023 1639 Θεοῦ,
3039 1575 3070 1629 ὃ
3086 1575 3588 1646 προεπηγγείλατο

2024 1667 2121 1722 διὰ
2143 1667 2259 1721 τῶν
2284 1667 2602 1738 προφητῶν
2625 1667 2808 1722 αὐτοῦ
2836 1667 2913 1721 ἐν.
2932 1667 3198 1736 Γραφαῖς
3239 1668 3432 1738 ἁγίαις
3450 1683 3466 1699 ο
3496 1667 3588 1721 καὶ

359 1755 443 1809 nis
472 1766 682 1826 propter
726 1759 997 1813 veritatem
1035 1759 1151 1827 Dei,
1182 1761 1250 1814 ad
1286 1741 1673 1832 conﬁrmandus
1699 1769 1928 1835 promis-
1957 1741 1966 1796 Ῑ

2034 1759 2188 1813 πάλιν
2215 1759 2272 1812 δέ
2295 1777 2309 1791 ’
2342 1759 2502 1829 Λέγω
2542 1759 2799 1827 Χριστὸν
2826 1756 3060 1824 Ἰησοῦν
3105 1757 3383 1812 διάκονον
3423 1754 3588 1826 γενέο

360 1846 530 1899 siones
553 1857 765 1915 patrum
792 1865 809 1901 :
836 1858 1012 1918 gentes
1048 1861 1222 1904 autem
1256 1868 1411 1922 super
1440 1853 1797 1908 misericordia
1835 1855 1931 1909 Ito-

359 1953 551 1997 norare
588 1938 838 1994 Deum“.
885 1939 1114 2005 Quando
1160 1942 1326 2012 igitur
1370 1944 1741 2000 universorum
1787 1946 1929 2003 Deus

360 2028 605 2098 implevit
646 2033 1057 2101 promissioues,
1087 2043 1141 2090 et
1192 2037 1419 2092 salutem
1465 2052 1629 2107 quam
1660 2039 1930 2107 pollicitus

360 2131 445 2176 est
471 2122 638 2190 dedit,
666 2139 730 2179 ac
771 2126 1160 2183 misericordia:
1203 2126 1378 2184 fontes
1405 2132 1616 2199 aperuit
1642 2131 1926 2197 omnibus;

360 2222 416 2268 et
462 2228 557 2270 vos
599 2218 690 2285 qui
738 2232 803 2272 ex
850 2216 1050 2275 Judaais
1095 2221 1457 2291 processistis,
1489 2231 1545 2277 et
1586 2239 1682 2278 vos
1730 2225 1824 2294 qui
1862 2239 1930 2279 ex

363 2305 615 2376 gentibus
643 2310 973 2376 credidistis,
1003 2314 1300 2370 concordes
1327 2315 1557 2384 hymnos
1582 2317 1934 2372 commiscen-

2029 1855 2167 1906 σθαι
2209 1849 2528 1919 περιτομῆς
2566 1849 2717 1919 ὑπὲρ
2749 1850 3030 1917 ἀληθείας
3071 1849 3237 1913 Θεοῦ,
3262 1850 3348 1915 εις
3383 1848 3449 1901 τὸ
3485 1849 3595 1912 ,βε-

2030 1942 2271 1997 ϐαιῶσαι
2296 1943 2401 2008 τὰς
2421 1942 2776 2012 ἐπαγγελίας
2794 1941 2911 1995 τῶν
2936 1940 3203 2009 πατέρων
3222 1957 3236 1971 ο
3264 1941 3337 1995 τὰ
3357 1938 3425 1993 δὲ
3446 1939 3596 2008 ἔθνη-

2027 2031 2178 2100 ὐπέρ
2206 2031 2415 2097 ἐλέους
2441 2030 2691 2096 δοξάσαι
2727 2031 2834 2084 τὸν
2862 2033 3028 2085 Θεόν.
3047 2030 3262 2102 Ἐπειδὴ
3289 2030 3468 2084 τοίνυν
3496 2046 3593 2082 πε-

2029 2124 2284 2196 πλήρωκε
2328 2123 2427 2188 τὰς
2474 2123 2791 2193 ὑποσχέσεις
2836 2126 2865 2176 ὁ
2907 2122 3015 2177 τῶν
3053 2122 3187 2176 ὅλων
3217 2123 3367 2185 Θεὸς,
3399 2122 3492 2175 καὶ
3522 2122 3587 2192 ἣν

2030 2219 2292 2288 ὑπέσχετο
2336 2216 2533 2271 δέδωκε
2578 2217 2868 2289 σωτηρίαν,
2896 2217 2988 2269 καὶ
3028 2214 3259 2286 ἀνέῳξεν
3290 2217 3458 2270 ἅπασι
3491 2213 3591 2277 τὰς

2028 2311 2121 2365 τοῦ
2150 2311 2332 2375 ἐλέους
2362 2310 2560 2381 πηγὰς,
2583 2310 2677 2362 καὶ
2708 2311 2864 2380 ὑμεῖς
2890 2311 2938 2363 οἱ
2958 2309 3016 2376 ἐξ
3045 2308 3308 2362 Ἰουδαίων
3334 2306 3594 2379 προσελη·

360 2403 465 2463 tes,
499 2397 739 2455 beneﬂeo
769 2402 939 2458 vicem
973 2402 1205 2459 reddite.

2034 2403 2264 2466 λυθότες,
2305 2402 2397 2455 καὶ
2431 2403 2586 2472 ὑμεῖς
2608 2402 2658 2454 οἱ
2690 2400 2749 2466 ἐξ
2784 2400 2949 2455 ἐθνῶν
2981 2399 3418 2464 πεπιστευκότες,
3451 2398 3591 2469 σύμ-

2030 2513 2204 2566 φωνον
2249 2494 2521 2567 ὑμνῳδίαν
2570 2496 2921 2565 κεράσαντες,
2957 2493 3385 2565 τὸν-εὐεργέτην
3430 2490 3590 2561 ἀμεί-

692 2658 942 2716 Alleluia.
982 2661 1321 2722 PSALJIUS
1360 2665 1605 2725 CXVII.

2071 2586 2221 2642 ασθε.

2034 2588 2071 2658 ψ
2366 2680 2735 2746 Ἀλληλούῖας
2776 2680 3083 2733 ΨΑΛΜΟΣ
3118 2677 3273 2731 PIZ’.

945 2756 1343 2824 Argumentum.

2653 2771 2974 2836 ’Υπόθεσις.

364 2832 598 2893 Docetur
618 2855 792 2897 novus
812 2845 1044 2913 populus
1066 2850 1401 2918 compositus
1423 2867 1489 2907 ex
1512 2850 1715 2910 Iudaeis
1736 2863 1789 2910 et
1809 2870 1942 2926 gen-

2034 2862 2345 2918 Διδάσκεται
2370 2863 2399 2915 ὁ
2420 2862 2537 2925 νέος
2566 2861 2693 2925 λαὸς
2723 2861 2752 2913 ὁ
2783 2832 3126 2931 συνεστηκὼς
3152 2859 3216 2913 ἐκ
3236 2876 3295 2912 τε
3323 2858 3590 2913 Ἰουδαίων

433 2928 601 2996 tibus,
632 2947 799 2987 unum
825 2936 1001 2990 solum
1030 2948 1280 3008 oportere
1302 2944 1682 3000 auxiliatorem
1721 2947 1938 3004 invoca-

2034 2988 2035 2993 η
2102 2952 2322 3009 καὶτῶν
2349 2952 2537 3014 ἐθνῶν,
2567 2952 2643 3014 ὡς
2665 2951 2760 3005 ’ένα
2788 2951 2945 3022 μόνον
2968 2928 3048 3004 δεῖ
3068 2949 3438 3004 ἐπικαλεῖσθαι
3463 2949 3592 3025 βοη-

430 3034 513 3083 re.
547 3021 722 3091 ipsum
758 3026 966 3082 scilicet
994 3031 1138 3098 quod
1182 3032 1477 3089 humanam
1528 3040 1825 3109 assumpsit
1847 3057 1966 3115 na_,

2106 3045 2218 3109 ὑὸν,
2255 3044 2415 3098 αὑτὸν
2451 3044 2541 3097 τὸν
2572 3021 3064 3114 ἐνανθρωπήσαντα
3102 3042 3193 3096 τοῦ
3225 3041 3359 3096 Θεοῦ
3401 3021 3593 3110 Λόγον,

432 3119 609 3168 turam
656 3115 751 3173 Dei
797 3117 1056 3188 Verbum,
1088 3133 1250 3195 atque
1302 3141 1370 3181 ex
1416 3128 1537 3198 ipso
1584 3130 1637 3184 in
1692 3140 1933 3200 tempore

2103 3137 2197 3193 καὶ
2221 3137 2280 3203 ἐξ
2305 3136 2469 3191 αὑτοῦ
2491 3138 2549 3191 ἐν
2578 3135 2753 3207 καιρῷ
2773 3135 3009 3207 διωγμοῦ
3038 3135 3134 3207 τὴν
3159 3134 3473 3205 ἐπικουρίαν
3497 3133 3594 3206 ζη-

431 3209 830 3274 persecutionis
883 3215 1144 3270 auxilium
1198 3232 1358 3274 omne
1401 3237 1663 3290 quaerere,
1728 3225 1934 3280 scilicet

2099 3234 2208 3285 τεῖν
2241 3232 2439 3292 πᾶσαν,
2477 3229 2573 3301 τὴν
2600 3229 2658 3293 ἐξ
2680 3227 2907 3298 ούρανοῦ
2940 3227 3448 3298 παραπεμπομένην
3479 3225 3599 3296 βοήο

433 3308 590 3363 opem
621 3313 684 3352 ex
711 3301 847 3355 cmlo
871 3302 1092 3357 missam
1125 3323 1137 3359 ε
1169 3305 1379 3376 ipsique
1408 3306 1608 3363 referre
1635 3310 1930 3380 gratiarum

2101 3322 2250 3376 θειαν
2266 3339 2279 3353 ⁸
2307 3321 2454 3392 αὑτῷ
2476 3337 2535 3372 τε
2563 3320 2849 3392 ἀναφέρειν
2868 3319 2966 3389 τῆς
2986 3319 3140 3390 νίκης
3162 3317 3230 3370 τὰ
3247 3320 3589 3390 χαριστήρια·

420 3385 675 3443 actiones
706 3404 805 3458 pro
837 3392 1081 3458 victoria,
1114 3405 1275 3466 atque
1323 3399 1392 3453 ab
1428 3399 1546 3468 ipso
1579 3400 1692 3454 vias
1720 3401 1933 3457 virtutis

2102 3416 2269 3468 αἰτεῖν
2300 3430 2359 3465 τε
2385 3385 2481 3477 τὰς
2503 3412 2592 3465 διὰ
2621 3385 2965 3483 div-apsme
2987 3385 3158 3474 ὁδούς,
3189 3385 3283 3463 καί
3316 3385 3596 3482 ’πρὸς

433 3483 619 3544 petere
649 3495 663 3532 :
698 3488 753 3535 et
794 3482 861 3535 ad
907 3484 1021 3539 haec
1060 3488 1265 3552 omnia,
1309 3490 1552 3545 confiteri
1582 3489 1811 3546 Domino
1839 3494 1931 3563 qui

2106 3522 2216 3568 τοις
2248 3504 2450 3557 ἅπασιν
2479 3501 2907 3573 ἐξομολογεῖσθαι
2935 3500 3013 3570 τῷ
3043 3502 3232 3572 Κυρίῳ
3277 3500 3354 3571 τῷ
3396 3500 3593 3572 ὀνομα-

436 3567 754 3622 nominatur
778 3570 913 3640 lapis
940 3591 952 3627 :
978 3578 1298 3645 reprobatus
1326 3579 1545 3649 quidem
1575 3582 1644 3637 ab
1669 3584 1936 3640 aedifican-

405 3701 409 3705 .
437 3655 603 3720 tibus,
635 3659 730 3714 sed
763 3660 938 3718 factus
976 3664 1030 3718 in
1070 3680 1235 3736 caput
1269 3671 1475 3739 anguli.

436 3746 553 3799 1-4.
590 3746 920 3820 Conﬁtemini
946 3754 1191 3822 Domino,
1210 3761 1454 3829 quoniam
1477 3763 1660 3829 bonus,
1685 3750 1933 3836 quoniam

368 3837 424 3891 in
449 3840 700 3894 sarculum
733 3844 1095 3901 misericordia
1118 3848 1252 3917 ejus.
1279 3850 1436 3905 Dicat
1461 3871 1598 3907 nunc
1624 3855 1810 3911 domus
1842 3856 1930 3912 Is-

369 3930 500 3986 rael.
526 3931 678 4002 Ipsos
710 3936 917 4004 priores
950 3939 1345 4009 confessionem
1383 3944 1519 3999 inire
1544 3946 1718 4016 jubet,
1749 3958 1934 4018 utpote

368 4023 462 4093 qui
485 4023 643 4093 primi
667 4030 843 4082 vocati
866 4027 1064 4085 fuerint
1083 4047 1179 4102 per
1204 4036 1563 4105 evangelicum
1594 4039 1934 4108 prazdicatio-

370 4130 535 4214 “ei”:
612 4207 644 4214 _
755 4212 784 4214 μ
847 4211 857 4214 Α
929 4213 935 4214 7
2031 4136 2382 4206 εὑαγγελικοῦ
2413 4135 2786 4207 κηρύγματος.
3098 4174 3101 4175 ν

438 4205 557 4261 5-9.
604 4207 676 4262 De
696 4211 1037 4268 tribulatione
1057 4214 1301 4269 invocavi
1332 4215 1634 4283 Dominum,
1657 4227 1708 4272 et
1721 4221 1936 4273 exaudi-

2111 4205 2207 4279 Ἐκ
2258 4205 2519 4293 θλίψεως
2565 4205 3028 4291 ἐέτεκαλεσᾶμην
3076 4220 3182 4273 τὸν
3232 4216 3474 4287 Κύριον,
3499 4215 3596 4270 καί

369 4305 442 4358 vit
493 4323 572 4360 me
606 4308 660 4360 in
702 4304 998 4361 latitudine.
1038 4305 1155 4359 Duo
1207 4307 1365 4362 docet
1399 4308 1487 4363 hic
1528 4325 1740 4374 versus,
1786 4311 1931 4381 quod

2034 4298 2337 4384 ἐπήκουσέ
2360 4333 2478 4385 μου
2500 4317 2587 4381 εις
2615 4316 2988 4382 πλατυσμόν.
3018 4312 3122 4366 Δύο
3149 4311 3431 4365 διδάσκειὸ
3459 4325 3597 4380 παρ-

368 4392 748 4448 tribulationes
771 4394 967 4448 habere
990 4393 1217 4449 debeant
1243 4397 1335 4465 qui
1357 4399 1619 4453 accedunt
1644 4400 1709 4455 ad
1735 4400 1889 4456 fidem
1916 4421 1930 4457 :
1961 4406 1966 4464 Ῑ

2034 4406 2108 4460 ὼν
2140 4406 2340 4478 στίχος,
2379 4406 2454 4468 ὡς
2487 4405 2581 4459 καὶ
2608 4390 2836 4475 θλίψεως
2862 4391 3003 4475 ἔχειν
3038 4389 3119 4456 δεῖ
3148 4403 3273 4466 τοὺς
3305 4417 3598 4473 προσερχο-

365 4483 522 4553 juxta
553 4483 684 4539 illud
708 4484 953 4538 :Accerlis
974 4484 1044 4537 ad
1067 4486 1391 4540 serviendum
1413 4488 1660 4557 Domino,
1690 4507 1934 4561 pra'para

2038 4497 2228 4569 μένους
2253 4501 2318 4570 τῇ
2350 4497 2548 4563 πίστει,
2577 4496 2717 4551 κατὰ
2735 4497 3151 4564 τὸ,⁴Προσερχῃ
3178 4493 3489 4547 δουλεύειν
3519 4490 3595 4557 τῷ

371 4576 605 4628 animum
640 4583 787 4628 tuam
826 4576 895 4628 ad
928 4576 1343 4631 tentationem".
1379 4577 1445 4632 Et
1466 4581 1611 4648 quod
1658 4580 1706 4635 is
1755 4583 1848 4652 qui
1878 4582 1932 4637 in

2035 4591 2248 4660 Κυρίῳ,
2281 4591 2597 4661 ἐτοίμασον
2625 4588 2738 4659 τὴν
2760 4587 2971 4657 ψυχήν
2994 4601 3108 4641 σου
3131 4588 3216 4651 είς
3244 4584 3590 4653 πειρασμόν.

369 4667 631 4722 aerumnis
668 4677 939 4732 versatur,
971 4683 1079 4723 non
1113 4669 1278 4724 alium
1306 4670 1813 4741 debeatadjutorem
1851 4675 1957 4730 in-r

2035 4685 2145 4736 Καὶ
2176 4683 2484 4754 θλιϐόμενον
2517 4684 2590 4753 μὴ
2616 4682 2800 4754 ἓτερον
2825 4678 3199 4734 ἐπικαλεῖσθαι
3227 4676 3418 4748 βοηθὸν
3443 4676 3475 4747 ἢ
3503 4674 3597 4728 αύ-

368 4772 569 4813 vocare
611 4774 774 4827 quam
812 4758 990 4828 ipsum
1040 4758 1352 4825 Dominum,
1382 4760 1475 4831 qui
1529 4763 1928 4819 tribulationem

2034 4775 2125 4829 τὸν
2158 4774 2249 4828 τὸν
2281 4774 2505 4847 Κύριον,
2533 4773 2591 4836 ὃς
2620 4773 2713 4827 καὶ
2735 4774 2832 4843 την
2870 4771 3046 4841 θλίψιν
3070 4769 3227 4857 ἡμῶν
3250 4771 3330 4833 εἰς
3357 4768 3595 4840 εὐρυχω-

370 4862 616 4905 nostram
647 4849 702 4902 in
735 4849 1077 4904 latitudinem
1108 4866 1359 4922 magnam
1407 4852 1641 4906 deducit.
1672 4852 1778 4909 Pro
1809 4870 1936 4924 par-

2045 4868 2164 4939 ρίαν
2204 4867 2325 4935 ἄγει
2367 4866 2583 4938 πολλήν.
2617 4866 2737 4919 Τῶν
2773 4862 3119 4938 μικρῶνγὰρ
3142 4849 3328 4916 ’πόνων
3363 4860 3598 4932 μεγάλας

370 4945 456 5000 vis
501 4960 737 5015 namque
788 4943 1066 5000 laboribus
1097 4960 1323 5017 magnas
1367 4945 1696 5016 accipiemus
1729 4962 1937 5003 merce-

2040 4956 2430 5028 ἁωληψόμεθα
2450 4957 2547 5020 τὰς
2569 4955 2818 5028 ἀμοιϐάς.

408 5053 487 5092 es.

370 5038 487 5093 des.

442 5129 620 5185 4044.
666 5127 855 5184 Omnes
883 5137 1055 5200 gentes
1084 5130 1406 5183 circuierunt
1449 5145 1596 5183 me...
1637 5128 1935 5185 Circumde-

2104 5130 2308 5186 Πάντα
2352 5133 2428 5187 τὰ
2464 5133 2608 5203 ἔθνη
2659 5134 3014 5189 ἐκύκλωσάν
3217 5133 3601 5190 Ἔκύκλωσάν

370 5220 560 5274 derunt
604 5238 683 5276 me
712 5223 847 5275 sicut
895 5237 1016 5289 apes
1063 5220 1261 5308 favum,
1295 5229 1344 5275 et
1381 5221 1439 5274 in
1474 5222 1681 5275 nomine
1720 5221 1933 5276 Domini

2034 5241 2109 5294 με
2139 5224 2280 5277 ὡσεὶ
2306 5226 2594 5293 μέλισσαι
2626 5227 2852 5308 κηρίον,
2882 5226 2978 5280 καὶ
3006 5224 3086 5292 τῷ
3111 5228 3351 5297 ὀνόματι
3381 5225 3600 5294 Kvpt'ov

373 5311 515 5366 ultus
557 5328 673 5367 sum
710 5330 817 5368 eos.
852 5312 943 5369 Dei
975 5306 1210 5384 namque
1237 5313 1468 5383 populus
1509 5313 1685 5368 solum
1710 5314 1935 5368 vocabat

2039 5313 2356 5384 ἠμυνάμην
2381 5317 2616 5383 αὐτούς.
2635 5318 2692 5370 '0
2728 5306 2825 5388 μὲν
2851 5317 2960 5390 γὰρ
2987 5317 3079 5371 τοῦ
3124 5316 3258 5371 Θεοῦ
3291 5317 3416 5380 λαὸς
3444 5318 3601 5387 μόνον

375 5402 568 5469 Deum,
598 5414 654 5461 et
689 5422 886 5462 nomen
912 5407 1031 5477 ejus
1060 5422 1389 5469 memorans,
1418 5407 1603 5460 hostes
1623 5405 1861 5461 visibiles
1884 5415 1940 5461 et

2045 5404 2227 5458 ἐκάλει
2257 5404 2348 5459 τὸν
2373 5404 2523 5471 Θεὸν,
2551 5404 2647 5460 καὶ
2668 5405 2729 5458 τὸ
2756 5404 2925 5477 ὄνομα
2947 5405 3117 5474 λέγων
3162 5401 3325 5457 αὑτοῦ
3367 5402 3600 5474 ἠμύνετο

378 5494 675 5552 invisibiles
722 5499 1127 5555 ulciscebatur:
1166 5498 1414 5554 homines
1454 5506 1632 5554 autem
1682 5497 1768 5553 his
1809 5498 1959 5554 insio‘

2046 5497 2169 5562 τοὺς
2196 5496 2549 5569 φαινομένους
2578 5497 2671 5553 καὶ
2699 5498 2922 5569 ἀφανεῖς
2953 5495 3271 5568 πολεμίους’
3305 5496 3354 5549 ei
3384 5493 3443 5549 iis
3479 5491 3599 5547 τού-

2101 3595 2310 3666 ζομένῳ
2349 3593 2479 3666 λίθῳ
2498 3610 2511 3624 ⁸
2546 3592 2977 3664 ἀπηγορευμένῳ
3008 3592 3103 3662 μὲν
3141 3593 3291 3663 παρὰ
3321 3590 3428 3646 τῶν
3455 3592 3598 3645 οίκο-

2100 3686 2299 3757 δόμων,
2334 3684 2609 3755 γενομένῳ
2638 3684 2694 3737 δὲ
2724 3685 2807 3748 εἰς
2838 3683 3077 3755 κεφαλὴν
3103 3683 3321 3752 γωνίας.

2112 3777 2591 3846 Ἐξομολογεῖσθε
2627 3775 2708 3841 τῷ
2748 3774 2961 3843 Κυρίῳ,
3003 3774 3091 3828 ὅτι
3131 3774 3368 3844 ἀγαθὸς.
3397 3774 3486 3828 ὅτι
3513 3775 3601 3839 εἰς

2031 3868 2136 3923 τὸν
2177 3868 2362 3922 αἰῶνα
2404 3868 2471 3923 τὸ
2512 3867 2681 3933 ἕλεος
2754 3864 2958 3920 αὑτοῦ.
2994 3866 3262 3920 Ἐὶπάτω
3310 3863 3386 3934 δὴ
3437 3861 3597 3931 οἶκος

2043 3959 2296 4027 Ἰσραήλ.
2313 3956 2568 4031 Πρώτους
2580 3958 2772 4035 αὐτοὺς
2785 3957 2885 4020 τῆς
2900 3955 2986 4021 sio
2993 3958 3186 4027 μολογή
3195 3972 3328 4018 σεως
3338 3954 3598 4026 ἄρχεσθαι

2031 4047 2480 4120 παρακελεύεται,
2530 4047 2624 4099 ἆτε
2671 4045 2918 4116 πρώτους
2958 4044 3320 4115 κεκλημένους
3370 4044 3459 4098 διὰ
3503 4043 3595 4098 τοῦ

416 5670 468 5705 τ’
510 5669 665 5728 Rom.
694 5687 735 5742 ι,
774 5674 824 5739 l,
851 5675 907 5730 2.
1066 5672 1227 5733 Rom.
1269 5689 1357 5745 xv,
1390 5672 1442 5742 8,
1473 5673 1525 5729 9.
1603 5672 1645 5707 "
1685 5671 1851 5730 Eccli.
1888 5686 1947 5741 ιι,
1977 5670 2027 5726 l.

2470 5761 2545 5771 sm.
