3946 6222
275 316 375 374 477

1353 302 1720 362 ειροειτιο
1756 297 1824 357 IN
1863 282 2203 357 PSALllUM
2243 299 2454 359 cxvu.

3414 295 3524 356 478

276 452 384 500 soi;
409 429 853 494 ὲπιᾶουλεύοντες
884 429 1157 502 ἄνθρωποι
1189 427 1379 499 μόναις
1409 425 1703 499 θαρροῦσιν
1747 424 1844 496 ἀρ·
1873 470 1878 480 .

1983 421 2178 489 iantes,
2213 423 2347 478 solis
2366 417 2649 476 confidunt
2673 416 3070 490 principatibus
3087 428 3142 473 et
3162 419 3523 488 potestatibus

278 531 394 602 χαῖς
440 542 499 580 τε
545 523 645 578 καὶ
692 521 1031 586 δυναστείαις
1063 518 1384 592 ἀνθρώπων.
1417 519 1491 573 Τὸ
1533 519 1612 583 δὲ,
1656 516 1854 571 πάντα

277 622 347 682 τὰ
375 621 542 687 ἔθνη,
565 615 952 686 ὑπερΰολικὸν·
985 613 1081 685 τὴν
1110 614 1219 684 γὰρ
1252 613 1508 668 Ἰουδαίαν
1532 612 1709 665 πᾶσαν
1730 608 1856 662 ἐκύ-

278 714 436 768 κλουν
500 712 683 764 πάντα
735 709 804 762 τὰ
853 706 1094 778 ἔθνη.Ἢ
1154 704 1416 777 παρέοικε
1461 703 1569 774 τῷ·
1602 704 1706 768 Είς
1749 700 1856 766 τὰς

278 805 499 875 πρωΐας
528 802 883 857 ἀπέκτεινον
909 798 1139 875 πάντας
1161 797 1305 864 τοὺς
1333 793 1715 866 ἁμαρτωλοὺς
1746 790 1857 862 τῆς

280 897 388 968 τῆς
407 914 419 926 ·
451 894 652 966 δηλαδὴ
688 895 813 957 τοὺς
842 890 1107 965 ἐμπαθεῖς
1137 889 1428 959 λογισμοὺς
1455 887 1560 940 ὑπὸ
1588 884 1856 955 δαιμόνων

233 1001 236 1004 ’
284 989 656 1061 ἐπαγομένους
681 1029 696 1051 ,
761 987 854 1041 καὶ
906 986 1097 1056 λόγους
1179 985 1437 1053 ὲπαφεῖεν
1492 978 1857 1051 σοφιστικούς.

285 1086 467 1141 Ταῦτα
498 1083 610 1155 γὰρ
637 1078 933 1153 ἀνατρέψει
955 1076 1026 1131 τὰ
1046 1073 1357 1145 έθνη.Ἔσθ⁶
1382 1073 1471 1126 ὅτε
1502 1072 1595 1124 καὶ
1624 1070 1861 1139 ἀναιρεῖ-

284 1194 370 1233 ται
420 1174 648 1239 τούτους
699 1171 983 1241 ἐπικλήσει
1023 1166 1180 1233 Θεοῦ,
1219 1165 1317 1229 τὰς
1363 1161 1668 1234 παθητικὰς
1698 1158 1858 1214 ἐκκό-

288 1287 433 1326 πτων
466 1267 664 1340 ὁρμὰς,
696 1265 790 1318 καὶ
824 1262 1015 1329 λόγους
1047 1257 1367 1330 ἀνατρέπων
1407 1251 1767 1324 σοφιστικούς.
1797 1251 1860 1303 Οί

288 1363 341 1417 δὲ
371 1360 641 1433 κηφῆνες,
674 1358 795 1419 ταῖς
826 1353 1099 1425 μελίτταις
1128 1343 1591 1421 παρεοικότες,ὼς
1615 1343 1709 1396 καὶ
1738 1340 1861 1393 λαν-

290 1431 472 1508 θάνειν
505 1451 633 1512 τοὺς
665 1445 1011 1516 ἀγνοοῦντας,
1040 1442 1100 1495 οὑ
1126 1439 1351 1511 κέντρον
1377 1435 1610 1506 ἔχουσιν,
1641 1433 1740 1486 οὐκ
1768 1431 1861 1502 ἐρ-

291 1544 548 1615 γάζονται
579 1539 735 1608 μέλι·
771 1536 929 1608 σῶμα
962 1533 1019 1587 δὲ
1064 1529 1246 1603 μεῖζον
1280 1528 1510 1599 ἔχοντες,
1546 1523 1654 1577 τῶν
1686 1520 1866 1593 μελιτ-

291 1612 396 1691 τῶν
434 1636 499 1689 τὸ
539 1633 701 1706 ἔργον
743 1628 1037 1681 ἐσθίουσιν·
1083 1621 1177 1685 οὒς
1217 1620 1310 1675 καὶ⁵
1350 1614 1715 1687 διαφθείρουσι
1746 1612 1863 1684 μετ’

294 1727 535 1800 ἀλλήλων
662 1721 902 1793 μέλιτται
935 1710 1537 1784 συνιστάμεναι.Ἕστιν
1569 1700 1660 1761 οῦν
1687 1707 1720 1776 ἡ
1752 1704 1866 1757 Ἐκ-

293 1792 490 1891 κλησία
543 1792 802 1887 μέλισσα·
840 1806 1220 1881 μελιττουργὸς
1267 1802 1324 1855 δὲ
1365 1804 1400 1872 ἠ
1445 1800 1546 1871 τὴν
1590 1796 1682 1851 τοῦ
1728 1792 1863 1849 Θεοῦ

297 1887 618 1984 προτιμῶσα
641 1905 829 1975 σοφίαν
846 1920 861 1934 ·
881 1896 950 1975 ἦς
971 1900 1096 1964 τοὺς
1120 1898 1315 1959 πόνους
1341 1892 1576 1965 βασιλεῖς
1602 1889 1697 1945 καὶ
1723 1887 1866 1942 ίδιῶν

296 1978 383 2056 ται
415 1978 556 2072 πρὸς
586 1996 774 2067 ὑγείαν
805 1992 1226 2067 προσφέρονται,
1259 1986 1460 2056 καίπερ
1492 1979 1750 2044 ἀσθενοῦς
1772 1978 1866 2034 οῦ-

300 2106 426 2165 οης·
468 2090 616 2145 κατὰ
644 2089 729 2150 τὸ,
757 2086 855 2154 Μὴ
885 2086 956 2139 ἐν
998 2081 1193 2138 πειθοῖ
1231 2079 1450 2149 σοφίας
1494 2074 1870 2146 ἀνθρωπίνης

298 2186 440 2257 ἔχειν
465 2184 529 2239 τὸ
555 2181 1034 2254 κήρυγμα.”ομως
1061 2176 1172 2247 ἔχει
1208 2174 1267 2229 τὸ
1310 2173 1530 2244 κέντρον
1570 2172 1628 2225 ὲν
1654 2168 1872 2224 ἀποδεί-

299 2277 379 2346 ξει
405 2275 716 2347 πνεύματος
754 2273 847 2328 καί
891 2271 1172 2342 δυνάμεως
1206 2266 1362 2331 Θεοῦ,
1386 2263 1480 2319 τὸν
1511 2263 1609 2334 τῆς
1641 2260 1874 2322 πίστεως

298 2371 493 2443 ἔχουσα
517 2368 674 2437 λόγον
692 2381 707 2397 ·
734 2365 809 2430 ὡς
832 2365 926 2418 καὶ
946 2363 1190 2433 ἀναιρεῖν
1215 2359 1314 2423 τὰς
1342 2359 1597 2428 αἱρέσεις.
1626 2352 1877 2423 καθάπερ

301 2462 576 2534 κηφῆνας,
608 2457 815 2528 ἐλέγχῳ
839 2454 1050 2517 ταύτας·
1070 2448 1429 2523 διχοτομοῦσα
1454 2447 1554 2518 τῆς
1581 2444 1837 2516 ἀληθείας
1859 2482 1876 2495 .

300 2552 411 2607 Μία
440 2550 541 2623 μὲν
570 2552 604 2620 ἡ
639 2548 916 2619 τιμήσασα
957 2544 1057 2616 τὴν
1099 2542 1288 2612 σοφίαν
1315 2540 1411 2594 τοῦ
1450 2537 1581 2592 Θεοῦ
1612 2536 1838 2610 μέλισσα
1859 2549 1876 2567 ·

302 2641 491 2696 πολλαὶ
516 2640 575 2693 δὲ
601 2639 697 2708 τῆς
725 2636 819 2691 τοῦ
844 2634 981 2690 Θεοῦ
1013 2632 1203 2703 σοφίας
1231 2632 1545 2701 ἀπέστησαν
1562 2643 1576 2657 ·
1611 2627 1672 2680 οὑ
1706 2624 1883 2697 μέλισι-

303 2750 413 2798 σαι,
447 2731 567 2788 ἀλλ’
596 2732 671 2796 ὡς
707 2730 959 2802 μέλισσαι
992 2727 1240 2798 κηφῆνες
1285 2723 1658 2794 ὑπάρχουσαι·
1692 2718 1880 2789 βουλό-

303 2843 455 2900 μενοι
501 2826 606 2896 τῆς
652 2825 780 2896 μιᾶς
824 2819 1096 2876 ἀναλῶσαι
1141 2818 1204 2871 τὸ
1239 2816 1383 2889 μέλι,
1408 2815 1503 2869 καὶ
1531 2813 1660 2867 ὡσεὶ
1690 2811 1801 2884 πῦρ
1827 2814 1886 2867 ὲν

1956 514 2261 570 hominum.
2295 513 2431 569 Illud
2484 519 2688 578 autem,
2746 526 2923 565 omnes
2960 520 3157 581 gentes,
3184 509 3527 581 hyperbolice

1954 608 2158 663 dictum
2194 624 2209 661 :
2242 621 2365 661 nam
2409 604 2654 661 Judaeum
2690 618 2906 657 omnem
2957 602 3370 657 circumdabant
3410 616 3528 656 om-

1957 716 2054 755 nes
2081 708 2287 771 gentes.
2329 700 2407 755 Ac
2428 698 2605 754 simile
2631 705 2716 752 est
2741 696 2889 751 dictu
2915 695 2991 750 illi
3027 715 3039 750 :
3070 695 3135 749 In
3160 695 3421 748 matutina
3441 695 3529 748 in.

1958 794 2276 863 terﬁciebam
2313 809 2487 847 omnes
2510 801 2805 861 peccatores
2835 799 3019 852 terrae;
3053 788 3103 842 id
3128 796 3212 843 est
3248 785 3532 856 cogitatio-

1957 903 2057 943 nes
2085 896 2139 942 et
2163 886 2389 942 aﬂectus
2422 902 2516 956 per
2557 885 2832 940 daemones
2862 881 3159 945 immissos,
3203 889 3259 933 et
3303 876 3531 933 subdola

1958 979 2121 1034 verba
2154 978 2222 1033 ab
2243 978 2311 1033 iis
2342 973 2723 1031 inducta.Ha2c
2756 973 2899 1027 enim
2934 980 3121 1042 gentes
3143 968 3527 1041 proﬂigabunt.

1958 1070 2235 1142 Contin'git
2264 1079 2441 1125 autem
2479 1067 2774 1139 aliquando
2808 1075 2865 1121 ut
2888 1080 2982 1119 eas
3010 1080 3105 1134 per
3136 1061 3532 1115 invocationem

1961 1163 2054 1219 Dei
2101 1162 2169 1219 de
2222 1162 2403 1218 medio
2450 1161 2632 1227 tollat;
2662 1159 2978 1231 passionum
3010 1158 3269 1225 impetum
3316 1151 3537 1208 exscim-

1960 1254 2118 1319 deus,
2151 1262 2208 1309 et
2236 1253 2423 1309 dolosa
2455 1252 2620 1306 verba
2655 1244 3175 1321 proﬂigatis.Vespae
3201 1250 3378 1295 autem
3413 1253 3536 1309 qua

1962 1349 2156 1419 apibus
2203 1348 2278 1402 ita
2321 1347 2529 1402 similes
2575 1353 2727 1411 sunt,
2762 1352 2823 1398 ut
2854 1341 2946 1411 qui
2974 1355 3069 1395 eas
3099 1337 3268 1408 probe
3296 1349 3404 1389 non
3435 1346 3538 1387 no-

1964 1441 2075 1495 rint
2100 1439 2258 1496 facile
2282 1439 2458 1509 decipi
2490 1436 2724 1508 possint,
2755 1434 3024 1505 spiculum
3050 1444 3160 1485 non
3190 1426 3411 1491 habent,
3442 1438 3540 1478 ne-

1963 1546 2071 1601 que
2113 1531 2222 1587 mel
2255 1538 2578 1601 operantur;
2627 1526 2722 1582 sed
2768 1539 2892 1580 cum
2933 1519 3205 1577 crassiore
3232 1518 3342 1572 sint
3372 1528 3538 1585 quam

1965 1640 2095 1695 apes
2135 1623 2301 1688 mole,
2332 1635 2471 1691 opus
2516 1617 2811 1682 comedunt
2842 1633 2855 1668 :
2884 1626 3024 1684 quos
3057 1609 3166 1682 (45)
3207 1621 3376 1662 unum
3415 1611 3539 1675 post

1966 1694 2133 1772 alium
2164 1713 2482 1769 interimunt
2510 1724 2639 1780 apes
2667 1722 2777 1763 una
2799 1712 3024 1760 coactae.
3057 1699 3189 1769 Apis
3222 1706 3306 1752 est
3349 1694 3538 1749 Eccle-

1968 1811 2047 1866 sia
2075 1828 2091 1865 :
2125 1807 2232 1863 mel
2264 1815 2444 1861 autem
2475 1809 2756 1874 operatur,
2782 1813 2904 1869 quae
2944 1795 3040 1850 Dei
3078 1790 3398 1862 sapientiam
3426 1787 3542 1857 plu-

1970 1902 2093 1958 rimi
2125 1900 2274 1956 facit.
2300 1896 2472 1966 Cujus
2496 1894 2708 1949 labores
2731 1900 2843 1946 tam
2873 1902 3028 1953 reges
3056 1898 3219 1956 quam
3248 1880 3444 1953 privati
3473 1877 3543 1933 ad

1967 1995 2257 2053 sanitatem
2302 1989 2557 2054 aﬂ'erunt,
2583 1983 2796 2041 etiamsi
2825 1979 3050 2057 inﬁrma
3096 1977 3210 2039 sit,
3244 1972 3545 2030 secundum

1969 2088 2102 2145 illud
2137 2105 2151 2142 :
2178 2084 2301 2139 Non
2325 2082 2379 2136 in
2400 2074 2833 2150 persuasibilibus
2853 2073 3098 2125 humana
3134 2066 3406 2137 sapientia:
3429 2078 3547 2116 rer-

1973 2180 2108 2235 bis“
2138 2174 2452 2250 praedicatio
2500 2169 2750 2226 ellicitur.
2784 2165 3035 2220 Attamen
3078 2160 3343 2229 spiculum
3385 2154 3549 2209 habet

1973 2275 2029 2330 in
2077 2271 2447 2328 ostensionem
2502 2264 2730 2335 spiritus
2781 2272 2837 2315 et
2884 2257 3100 2312 virtutis
3130 2252 3246 2317 Dei,
3272 2265 3395 2306 cum
3423 2246 3550 2302 ﬁdei

1975 2376 2283 2420 sermonem
2328 2359 2557 2423 habeat;
2590 2357 2663 2409 ita
2707 2362 2767 2407 ut
2814 2353 3072 2414 haereses,
3101 2361 3201 2402 ceu
3241 2357 3438 2413 vespas
3483 2340 3553 2395 de

1977 2456 2158 2513 medio
2192 2453 2366 2518 tollat,
2402 2450 2683 2504 dissecans
2739 2444 2861 2499 illas
2913 2446 3236 2510 argumento
3281 2432 3548 2488 veritatis.

1980 2547 2106 2605 Sola
2152 2544 2269 2615 apis
2301 2549 2385 2599 est
2409 2556 2531 2611 quae
2558 2535 2880 2607 sapientiam
2930 2529 3022 2584 Dei
3061 2528 3311 2581 honorat.
3369 2520 3555 2577 Multa

1979 2649 2161 2697 autem
2188 2654 2216 2692 a
2245 2635 2339 2691 Dei
2365 2631 2628 2703 sapientia
2655 2626 2991 2695 defecerunt,
3016 2635 3123 2675 non
3154 2634 3283 2688 apes
3309 2615 3552 2687 quidem,

1980 2732 2076 2790 sed
2102 2743 2279 2798 vespae
2322 2725 2388 2781 ad
2437 2719 2847 2779 similitudinem
2876 2730 3059 2786 apum.
3094 2711 3225 2779 Quae
3250 2722 3428 2778 vespm
3459 2703 3557 2764 ubi

1984 2825 2172 2880 volunt
2198 2822 2360 2876 unius
2389 2818 2508 2888 apis
2529 2815 2636 2870 mcl
2666 2814 2976 2874 absumere,
3002 2806 3160 2877 quasi
3194 2804 3330 2875 ignis
3358 2802 3414 2854 in
3443 2800 3558 2869 spi-

302 2888 572 2983 ἀκάνθαις
610 2888 954 2972 ἐκκαίονται·
985 2914 1048 2967 τὸ
1087 2913 1196 2984 γὰρ
1241 2888 1463 2982 αἰσχρὸν
1508 2905 1811 2976 ἐπιθυμιῶν
1834 2906 1878 2958 ol

1985 2916 2064 2970 nis
2090 2911 2506 2968 comburuntur.
2526 2902 2660 2958 Nam
2692 2898 2929 2956 haeretici
2958 2905 3168 2963 turpem
3197 2888 3556 2959 cupiditatum

309 3011 419 3066 ἀπὸ
459 2976 572 3064 τῶν
620 3009 885 3081 αἱρέσεων
935 2976 1218 3059 ἐκκαίουσι
1266 2976 1416 3073 πῦρ·
1442 2997 1625 3062 καθώς
1668 2994 1878 3066 φης-ινδ

1987 3006 2162 3077 ignem
2198 3000 2522 3061 accendunt,
2574 2988 3033 3064 quemadmodum
3063 2982 3268 3037 Paulus
3296 2976 3559 3041 οἰιιριιω

302 3096 548 3159 Παῦλος·
723 3096 833 3164 γὰρ
883 3091 1081 3163 κρυφῆ
1114 3062 1394 3162 γινόμενα
1428 3088 1529 3143 ὑπ’
1557 3062 1755 3141 αὐτῶν
1791 3086 1878 3138 al-

1986 3062 2125 3151 eiiim
2154 3095 2211 3148 in
2252 3088 2457 3145 occulto
2497 3062 2633 3155 ﬂuat
2663 3081 2726 3135 ab
2754 3078 2906 3148 ipsis,
2942 3086 3089 3144 turpe
3120 3080 3198 3126 est
3221 3079 3272 3123 et
3303 3068 3472 3121 dicere
3488 3062 3558 3116 ³’.

303 3191 499 3261 σχρόγ
527 3189 660 3243 ἐστι
686 3187 787 3241 καὶ
816 3185 1037 3257 λέγειν.
1055 3184 1319 3249 Ἀκάνθας
1347 3182 1403 3237 δὲ
1434 3182 1532 3246 τὰς
1558 3180 1750 3253 ἡδονὰς
1782 3181 1881 3250 ἡρ-

308 3284 544 3354 μήνευσε
576 3280 638 3333 τὸ
665 3278 1027 3348 Εὑαγγέλιον·
1055 3269 1131 3330 ὧν
1159 3275 1284 3338 τοὺς
1327 3272 1518 3342 λόγους
1550 3274 1579 3325 ὁ
1622 3270 1713 3324 τὸν
1749 3268 1881 3323 Θεὸν

304 3375 484 3430 καλῶν
538 3371 851 3444 ἀνατρέπει.
881 3370 963 3424 Τά
1001 3368 1108 3440 γὰρ
1155 3366 1296 3422 ὅπλα
1341 3363 1505 3420 αὑτοῦ
1529 3364 1589 3418 οὐ
1622 3360 1879 3434 σαρκικὰ,

304 3465 462 3523 «tua
505 3462 734 3519 δυνατὰ
785 3460 866 3527 τῷ
911 3460 1033 3526 Θεῷ
1070 3457 1466 3528 καθαιροῦντα
1506 3453 1629 3510 πᾶν
1668 3454 1886 3521 ὕψωμα

304 3556 698 3626 ἐπαιρόμενον
722 3551 870 3606 κατὰ
896 3548 1005 3619 τῆς
1030 3546 1303 3619 γνώσεως
1331 3544 1438 3599 τοῦ
1467 3543 1635 3599 Θεοῦ.

370 3646 550 3715 Φωνή
582 3641 995 3715 ἀγαλλιάσεως
1044 3639 1143 3693 καὶ
1198 3637 1487 3706 σωτηρίας
1515 3636 1584 3690 ἐν
1628 3630 1888 3700 σκηναῖς

304 3738 574 3797 ductim.
630 3735 719 3798 Ὠς
746 3732 847 3805 ἥδη
895 3730 1255 3805 ἀνῃρημένων
1285 3728 1394 3781 τῶν
1439 3724 1646 3797 νοητῶν
1678 3723 1887 3795 ἐχθρῶν

305 3831 409 3886 τῶν
455 3829 611 3886 κατά
637 3828 861 3899 καιροὺς
881 3824 1186 3892 διωξάντων
1215 3820 1306 3874 τὸν
1335 3819 1429 3876 τοῦ
1458 3817 1593 3873 Θεοῦ
1640 3817 1789 3882 λαὸν,
1815 3815 1890 3869 εἰ-

306 3921 475 3986 κότως
534 3918 723 3973 λοιπὸν
767 3917 865 3987 τῆς
912 3913 1280 3985 ἀγαλλιάσεως
1324 3911 1380 3964 αί
1442 3908 1617 3978 φωναὶ
1662 3906 1887 3961 ἀκούον-

302 4024 420 4079 ται,
450 4011 558 4066 καὶ
620 4011 720 4080 οὑχ
761 4008 987 4080 ἑτέρωθί
1032 4023 1135 4083 που
1196 4005 1231 4076 ἢ
1261 4004 1319 4058 ὲν
1350 4004 1470 4066 ταῖς
1510 4000 1619 4054 τῶν
1669 3998 1894 4053 δικαίων

308 4106 563 4177 σκηναῖς.
752 4146 767 4168 ,η
796 4128 797 4131 η
814 4166 818 4172 Δ
1652 4136 1677 4143 ..

320 4259 325 4264 .
372 4196 558 4267 Δεειὰ
600 4195 833 4263 ,Κυρίου
892 4194 1143 4261 ἐποίησε
1187 4192 1462 4261 δύναμιν.
1521 4189 1667 4260 Αὕτη
1707 4189 1741 4259 ἡ
1795 4186 1896 4257 τῆς

309 4288 691 4371 ἀγαλλιάσεως
715 4285 866 4356 φωνὴ
886 4287 927 4358 ⁵ἡ
947 4284 1220 4371 ,γενομένη
1236 4282 1400 4371 ⁸παρά
1423 4281 1522 4352 τὴν
1547 4279 1892 4348 Ἐκκλησίαν,

311 4382 368 4437 τὸ
402 4368 716 4454 ὁμολογεῖν,
752 4378 833 4431 ὅτι
879 4377 1016 4447 αὑτὴ
1079 4367 1241 4447 μόνή⁸
1270 4378 1304 4446 ὴ
1340 4373 1431 4428 τοῦ
1486 4371 1690 4444 Κυρίου
1740 4370 1896 4424 δύνα-

1988 3186 2184 3257 Spinas
2218 3190 2399 3238 autem
2425 3179 2729 3247 voluptates
2757 3185 2879 3227 esse
2925 3173 3174 3223 sanctum
3206 3155 3557 3227 Evangelium

1988 3249 2399 3345 interpretatum
2424 3279 2536 3328 est:
2557 3278 2790 3336 quorum
2834 3259 2998 3314 vei-ha
3050 3252 3247 3309 evertit
3270 3251 3364 3321 qui
3389 3249 3558 3302 Deum

1990 3375 2165 3423 vocat.
2194 3364 2360 3419 Arma
2386 3368 2569 3416 autem
2597 3356 2718 3427 ejus
2757 3368 2867 3408 non
2911 3347 3173 3410 carnalia,
3208 3343 3297 3399 sed
3328 3338 3561 3412 potentia

1990 3460 2100 3515 Dco
2135 3457 2204 3513 ad
2244 3452 2616 3509 destruendam
2644 3461 2846 3501 omnem
2874 3438 3209 3496 altitudinem
3233 3433 3562 3489 extollentem

1992 3573 2044 3611 se
2077 3554 2325 3609 adversus
2353 3549 2630 3605 scientiam
2661 3542 2752 3597 Dei
2765 3541 2833 3597 ⁸ο.

2059 3649 2146 3704 15.
2200 3645 2311 3700 Vox
2354 3638 2724 3697 exsultationis
2773 3641 2822 3687 et
2872 3631 3062 3686 salutis
3107 3630 3163 3683 in
3211 3619 3563 3680 tabernaculis

1985 3745 2274 3811 justorum.
2295 3733 2616 3805 Utpmejam
2633 3730 2700 3784 de
2720 3725 2897 3782 medio
2928 3721 3158 3778 sublatis
3188 3713 3564 3788 spiritualibus

1995 3830 2251 3896 inimicis,
2276 3826 2372 3898 qui
2403 3824 2569 3878 variis
2599 3817 2936 3889 temporibus
2959 3814 3055 3867 Dei
3082 3810 3340 3883 populum
3374 3818 3560 3876 perse-

1997 3923 2113 3979 cuti
2147 3920 2384 3984 fuerant,
2411 3916 2535 3985 jure
2571 3912 2827 3979 deinceps
2859 3905 3155 3962 audiuntur
3184 3913 3345 3956 voces
3375 3893 3563 3950 exsul-

1997 4012 2244 4076 tationis,
2271 4024 2377 4064 non
2402 4007 2511 4061 alio
2547 4005 2599 4058 in
2629 4004 2751 4057 loco
2782 4015 2946 4071 quam
2986 3998 3041 4051 in
3084 3988 3448 4050 tabernaculis
3471 3985 3562 4055 ju-

2001 4305 2108 4345 τοι
2142 4284 2521 4344 exsultationis
2563 4281 2704 4337 edita
2738 4280 2792 4333 in
2832 4274 3093 4339 Ecclesia,
3122 4285 3229 4341 qua
3285 4264 3572 4323 confitetur

2004 4381 2176 4453 ipsam
2211 4378 2383 4446 solam
2426 4370 2642 4430 Domini
2672 4371 2927 4423 virtutem
2977 4365 3352 4420 concertantes
3391 4354 3573 4410 salvos

314 4492 403 4546 μις
431 4476 566 4538 τοὺς
611 4466 1330 4543 ἀγωνιζομένουςδιέσωσε
1390 4463 1485 4518 καὶ
1531 4460 1878 4533 ὑψηλοτέρους

1998 4473 2192 4529 fecisse
2226 4484 2290 4524 ac
2312 4467 2549 4522 inimicis
2576 4461 2904 4519 excelsiores
2939 4454 3272 4512 exhibuisse.

307 4567 622 4634 ἀπέδειξεν.

397 4655 720 4722 Ἀνοίξατέ
735 4650 848 4725 μοι’
867 4653 1068 4719 πύλας
1124 4650 1535 4717 δικαιοσύνης.
1588 4645 1770 4709 Πύλας
1815 4644 1896 4717 δι-

311 4751 617 4822 καιοσύνης
638 4790 643 4793 -
665 4747 775 4827 τὰς.
804 4748 942 4801 κατ’
975 4743 1174 4816 ἀρετὴν
1207 4743 1420 4815 νοήσεις
1479 4737 1783 4812 προκοπὰς,
1832 4738 1898 4801 ἃς

310 4845 399 4897 καὶ
432 4842 723 4898 ὁδεύουσιν
745 4839 794 4892 οἱ
830 4838 957 4901 τοὺς
1004 4837 1232 4907 καιροὺς
1274 4833 1643 4903 τῶνηθλίψεων
1666 4830 1898 4900 ὑπομεί-

312 4951 520 4999 ναντες.
549 4929 724 5017 ᾼῦτη
752 4930 793 4997 ἡ
820 4929 981 4995 πύλη
1003 4925 1110 4980 τοῦ
1139 4923 1616 4994 Κυρίου,δίκαιοι
1635 4920 1902 4976 εἰσελεύ-

313 5042 523 5083 σονται
546 5012 627 5080 ἐν
649 5019 826 5090 αὐτῇ.
856 5021 919 5074 Οἱ
947 5020 1037 5074 διὰ
1080 5019 1190 5073 τῶν
1227 5016 1438 5087 ἀρετῶν
1475 5012 1901 5087 περιπατοῦντες

317 5120 394 5184 είς
419 5118 645 5188 ὲκείνην
668 5114 1041 5184 ἀπαντήσουσι
1076 5111 1177 5183 τὴν
1230 5109 1426 5180 πύλην,
1461 5108 1562 5180 τὴν
1613 5109 1694 5172 είς
1732 5105 1902 5177 αὐτὴν

314 5210 553 5278 ἄγουσαν
584 5208 689 5278 τὴν
722 5204 817 5259 τοῦ
842 5203 1044 5276 Κυρίου
1078 5201 1329 5272 θεωρίαν.
1375 5200 1487 5255 Καὶ
1518 5200 1647 5254 ποία
1676 5198 1835 5269 αὑτὴ,
1866 5198 1900 5269 ἢ

318 5301 409 5373 τῆς
437 5300 678 5373 καρδίας
726 5296 1070 5367 καθαρότηςς
1124 5291 1413 5363 Μακάριοι
1436 5296 1489 5348 οὶ
1544 5292 1787 5361 καθαροί
1826 5290 1903 5360 τῇ

317 5392 552 5461 καρδίᾳ,
578 5391 677 5445 ὅτι
704 5389 813 5444 τὸν
835 5389 982 5443 Θεὸν
1008 5389 1281 5456 ὄψονται.

387 5568 434 5603 ³⁸
471 5567 495 5623 ι
522 5567 661 5624 Cor.
682 5554 757 5633 ἰι,
785 5566 841 5620 4.
914 5565 959 5599 ⁸⁹
980 5563 1195 5636 Ἐριιεε.
1228 5582 1280 5634 v,
1310 5565 1395 5623 l2.
1471 5565 1514 5598 “
1555 5565 1597 5622 il
1624 5566 1749 5626 Cor.
1781 5583 1835 5636 π,
1856 5568 1908 5623 5.

392 5756 508 5831 (43)
546 5757 736 5812 Locus
764 5753 1019 5827 vitiatum:

1998 4616 2259 4699 ι’ίθίξο.
2281 4628 2491 4699 Aperite
2504 4619 2647 4679 'mihi
2672 4609 3106 4692 portasjustitiaz,
3134 4621 3235 4667 etc.
3251 4607 3445 4663 Portas
3461 4605 3580 4675 jus-

1999 4727 2133 4783 titia:
2175 4722 2444 4791 intelligas
2484 4716 2783 4789 profectum
2813 4713 2865 4766 in
2896 4706 3214 4769 virtutibus,
3249 4716 3411 4772 quem
3439 4699 3582 4753 obti-

2006 4828 2137 4876 nent
2162 4817 2255 4888 qui
2286 4812 2641 4869 alilictionum
2668 4816 2914 4874 tempora
2945 4798 3239 4855 sustinent.
3272 4792 3401 4847 Ilwc
3426 4799 3582 4859 porta

2008 4883 2246 4970 Domitii,
2278 4904 2416 4974 justi
2462 4897 2740 4955 intrabunt
2787 4895 2843 4948 in
2891 4907 3031 4946 eam.
3084 4885 3188 4954 Qui
3232 4899 3328 4954 per
3356 4883 3582 4935 virtutes

2008 4970 2293 5061 incedunt,
2308 4994 2374 5048 ad
2395 4992 2539 5046 illam
2570 4986 2884 5060 pervenient
2912 4990 3149 5052 portam,
3185 4990 3306 5046 quae
3335 4972 3484 5028 ducit
3512 4970 3580 5023 ad

2008 5094 2182 5166 ipsam
2236 5083 2453 5141 Domini
2511 5077 3042 5149 contemplationem.
3096 5071 3420 5141 Ecqutenam
3486 5063 3579 5118 illa

2009 5158 2090 5241 est
2123 5181 2226 5238 nisi
2253 5179 2433 5236 cordis
2459 5176 2702 5249 puritas?
2724 5173 2877 5229 Beati
2899 5168 3092 5226 mundo
3122 5162 3298 5229 corde,
3325 5161 3452 5233 quia
3477 5158 3579 5229 ipsi

2008 5278 2178 5334 Deum
2206 5272 2451 5329 videbunt
2476 5271 2544 5326 “.

2022 5564 2062 5598 λ’
2099 5563 2288 5620 Matth.
2322 5577 2378 5629 τ’,
2402 5562 2455 5616 8.
