3946 6222
410 286 515 355 tm
1261 307 1317 365 s.
1354 294 1723 368 ATHANASII
1763 310 1914 369 OPP.

2055 313 2136 370 RS
2173 313 2263 373 ιιι.
2295 344 2367 356 -
2393 312 2803 373 EXEGETICA.
3552 313 3655 374 £80

480 408 571 465 22.
608 409 860 481 Lapidem
899 431 1050 485 quem
1082 419 1483 488 repro'éaverunt
1520 425 1862 494 wdiﬁcantes,
1891 429 1935 479 In

2143 429 2323 482 Λίθον
2346 427 2419 482 ὃν
2441 426 2891 497 ἀπεδοκίμασαν
2904 430 2957 483 ol
2979 427 3451 498 οἰκοδομοῦντες,
3473 421 3652 494 οὗτος

411 500 586 570 factus
611 512 688 556 est
742 505 798 557 in
845 516 1007 575 caput
1060 511 1263 580 anguli.
1293 512 1369 568 Te
1404 514 1582 585 ipsum
1633 516 1727 586 qui
1762 525 1935 587 proptt

2082 517 2334 588 ἐγενήθη
2363 521 2449 582 είς
2501 517 2775 587 κεφαλὴν
2804 519 3038 589 γωνίας.
3075 519 3162 572 Σοὶ
3198 518 3347 589 αὐτῷ
3382 517 3462 589 τῷ
3488 534 3648 587 γεγο-

411 607 514 647 nos
540 591 715 650 factus
738 611 796 650 es
823 598 961 668 lapis
998 600 1265 670 abiectus,
1291 608 1720 676 reprobaverunt
1761 610 1935 680 quidei

2080 609 2192 662 νότι
2223 609 2290 663 δι’
2324 611 2471 681 ἡμᾶς
2496 609 2628 682 λίθῳ
2651 612 3083 683 ἁπηγορευμένῳ
3115 611 3523 681 ἀπεδοκίμασαν
3550 609 3647 681 μὲν

409 683 772 753 aediﬁcantes;
802 689 896 744 sed
935 702 1057 760 post
1092 695 1331 763 gentium
1371 699 1726 755 mutationem
1755 702 1935 756 alterit

2078 699 2128 750 ot
2160 698 2579 770 οἰκοδομοῦντες·
2613 699 2749 769 μετὰ
2772 699 2826 752 δὲ
2851 700 2947 770 τὴν
3000 700 3107 755 τῶν
3146 699 3314 755 ἐθνῶν
3347 698 3645 771 μεταϐολὴν

409 777 592 844 anguli
638 790 800 849 caput
841 783 1063 839 cﬂ'ectus
1092 802 1152 842 es
1177 805 1190 841 :
1219 796 1274 843 et
1305 790 1579 859 quodnam
1610 792 1778 848 illud?
1804 792 1935 862 Copi

2079 792 2270 863 ἐτέρας
2326 793 2526 863 γωνίας
2585 792 2792 864 κεφαλὴ
2851 793 3099 863 γέγονας
3160 794 3252 847 καὶ
3297 793 3424 848 ποία
3472 793 3642 865 aliti];

409 868 535 923 lavit
555 870 684 926 duos
709 874 929 944 papulas
953 878 1007 932 in
1038 895 1203 934 unum
1231 897 1422 937 nouum
1450 884 1709 939 hominem
1729 885 1797 940 η.

2075 882 2323 952 Συνῆψε
2381 882 2523 947 τοὺς
2581 881 2689 936 δύο
2740 884 2928 951 λαοὺς
2985 888 3073 952 είς
3120 885 3230 940 ἕνα
3283 884 3494 938 καινὸν
3539 884 3643 938 ἄν·

2075 976 2325 1045 θρωπον.

2144 1069 2304 1137 Αὕτη
2344 1070 2532 1141 ἡμέρα
2569 1071 2650 1141 ἣν
2677 1072 2964 1140 ἐποίησεν
3003 1073 3037 1126 ό
3061 1070 3292 1139 Κύριος.
3328 1067 3440 1124 Καὶ
3464 1068 3547 1133 τίς
3576 1067 3641 1122 ἂν

2074 1157 2240 1230 simi)
2276 1162 2308 1231 ἡ
2342 1163 2709 1236 ἀναπάσιμος
2762 1162 2856 1218 τοῦ
2903 1163 3111 1234 Κυρίου
3163 1161 3381 1233 ὴμέρα;
3422 1159 3558 1214 Ποία
3584 1159 3640 1214 δὲ

2072 1247 2210 1321 αὕτη
2242 1251 2424 1323 ἡμέρα
2455 1253 2623 1324 ἀλλ’ἢ
2654 1256 2687 1324 ἠ
2719 1255 2984 1325 σωτήριος
3016 1252 3123 1307 τῶν
3148 1251 3317 1306 ὲθνῶν
3354 1251 3634 1314 ἁπάντων,

2071 1341 2191 1394 καθ’
2225 1343 2290 1413 ἢν
2321 1345 2349 1398 ὁ
2373 1344 2695 1416 ἀποϐληθεὶς
2726 1345 2870 1409 λίθος
2893 1345 3115 1414 γέγονεν
3143 1345 3224 1408 εἰς
3254 1342 3496 1414 κεφαλὴν
3524 1360 3633 1409 γω-

2070 1430 2221 1498 νίας;
2257 1433 2514 1504 Σημαίνει
2543 1434 2599 1488 δὲ
2631 1438 2660 1489 ό
2690 1435 2845 1503 λόγος
2872 1434 2969 1505 τὴν
3000 1434 3366 1505 ἁναστάσιμον
3398 1433 3491 1487 τοῦ
3524 1434 3635 1486 Σωο

2068 1522 2234 1594 τῆρος
2259 1526 2433 1596 ἡμῶν,
2453 1528 2550 1599 τήν
2577 1544 2639 1597 γε
2667 1528 2950 1599 ἐπώνυμον
2999 1525 3160 1581 αὐτοῦ
3193 1526 3508 1598 γενομένην,
3536 1525 3631 1596 δη-

2068 1612 2198 1685 λαδὴ
2231 1617 2532 1690 Κυριακήν.

459 1689 649 1750 25-27.
679 1692 722 1750 0
748 1696 986 1763 Domine,
1026 1703 1231 1759 salvum
1266 1722 1347 1760 me
1377 1705 1485 1776 fac,
1516 1722 1546 1760 ο
1571 1706 1816 1774 Domine,
1846 1709 1935 1763 ben

2137 1701 2211 1762 Ὦ
2236 1709 2430 1777 Κύριε,
2461 1689 2667 1765 σῶσον
2711 1710 2810 1779 δὴ,
2866 1709 2912 1764 ὦ
2944 1711 3141 1780 Κύριε,
3200 1711 3504 1777 εὐόδωσον
3531 1708 3628 1777 δή.

390 1793 698 1850 prosperare
732 1804 751 1841 :
789 1788 1089 1849 benedictus
1120 1798 1211 1867 qni
1239 1799 1373 1852 venit
1404 1799 1458 1852 in
1490 1801 1696 1854 nomine
1726 1799 1935 1853 Domini

2056 1796 2475 1869 Εὐλογημένος
2521 1803 2555 1855 ὁ
2605 1802 2925 1870 ἐρχόμενος
2982 1802 3052 1856 ἐν
3099 1803 3340 1871 ὀνόματι
3385 1802 3625 1870 Κυρίου.

395 1869 688 1945 Doxologia
724 1878 800 1949 (id
837 1892 921 1937 est
943 1894 1136 1942 cantus
1165 1888 1219 1941 in
1251 1889 1512 1946 honorem
1543 1890 1846 1952 Trinitatis)
1871 1889 1935 1946 Je

395 1966 770 1992 -Λ.ιΛΙ.....2.---
816 1973 869 1992 ,1,
890 1991 903 1992 γ
922 1983 960 1992 γ.
1044 1978 1056 1992 ι
1380 1984 1393 1992 .
1416 1983 1429 1992 ι
1480 1983 1513 1992 η
1735 1984 1745 1992 .
1825 1983 1879 1992 ...

2062 1888 2229 1944 Τοῦτο
2256 1893 2349 1944 καὶ
2398 1894 2429 1963 ή
2485 1892 2543 1946 ἐν
2591 1869 2981 1964 Ἰεροσολύμοις
3031 1869 3305 1962 δοξολογία
3362 1891 3475 1992 ἐπὶ⁹
3509 1891 3629 1992 τίνα

389 1966 776 2036 rosolyinitana
807 1973 986 2041 docet,
1024 1978 1092 2032 de
1116 1995 1352 2049 quonam
1379 1983 1433 2037 id
1461 1983 1666 2038 dictum
1700 1984 1792 2039 sit.
1824 1983 1935 2038 Illuc

390 2065 570 2088 ηιιοιιηι
600 2079 615 2088 .
652 2061 1015 2088 ΒΑ.--.Π..3--.-.,
1098 2072 1134 2088 ει
1158 2073 1169 2084 ο
1261 2073 1273 2088 ι
1376 2075 1387 2088 ι
1555 2076 1590 2088 n
1690 2078 1702 2088 .
1747 2078 1758 2088 .

2061 1981 2319 2053 φέρεσθαι
2350 1983 2605 2050 ἐδίδαξεν.
2646 1985 2720 2038 Τὸ
2754 1985 2830 2049 δὲ,
2889 1985 3320 2056 Εὐλογήκαμεν
3355 1982 3510 2088 ὑμᾶς
3557 1981 3628 2088 έξ

389 2065 570 2111 autem
600 2079 615 2115 :
647 2061 1018 2122 Benediximus
1052 2072 1195 2125 vobis
1237 2073 1302 2127 de
1352 2075 1509 2129 domo
1545 2076 1791 2142 Domini,
1831 2090 1935 2146 pro

2058 2071 2226 2125 οἴκου
2254 2074 2496 2142 Κυρίου,
2530 2073 2703 2129 ταῦτα
2724 2076 2773 2128 οἱ
2802 2074 3076 2146 προφῆταί
3133 2090 3267 2143 φασι
3320 2072 3456 2145 πρὸς
3498 2072 3627 2135 τοὺς

386 2149 561 2218 pheta?
587 2154 774 2212 dicunt
808 2159 875 2214 iis
908 2162 999 2231 qui
1035 2164 1266 2220 credunt
1293 2165 1349 2221 in
1378 2167 1658 2223 Christum
1691 2182 1707 2222 :
1736 2168 1931 2224 Beatos

2057 2162 2403 2228 πιστεύοντας
2425 2165 2503 2237 τῷ
2540 2165 2780 2239 Χριστῷ.
2819 2167 3157 2238 Μακαρίους,
3201 2166 3383 2236 φασὶν,
3418 2166 3626 2218 ἀποκα-

384 2243 658 2313 inquiunt,
714 2265 810 2305 vos
855 2253 1294 2323 praedicabimus,
1338 2260 1467 2328 quia
1517 2259 1700 2317 fuistis
1756 2260 1935 2315 domus

2055 2252 2281 2325 λέσομεν
2304 2256 2468 2326 ὑμᾶς,
2494 2259 2574 2311 ὅτι
2623 2259 2686 2328 δὴ
2716 2254 2862 2323 οἶκος
2916 2258 3173 2329 γεγόνατε
3235 2257 3620 2329 πνευματικός·

476 1046 565 1137 24.
597 1048 724 1105 Ηανε
745 1053 854 1108 dies
877 1072 1035 1125 quam
1057 1060 1180 1129 fecit
1211 1061 1487 1131 Dominus,
1516 1074 1621 1120 etc.
1649 1065 1973 1137 Ecqutenam

404 1134 520 1190 dies
545 1136 707 1195 fuerit
730 1142 836 1197 nisi
863 1150 1278 1207 resurrectionis
1304 1153 1830 1221 Domini?Quacnam
1860 1158 1973 1213 haec

401 1227 538 1292 dies,
586 1232 688 1287 nisi
735 1251 797 1288 ea
832 1252 953 1307 quae
991 1242 1242 1311 gentibus
1275 1245 1529 1302 omnibus
1572 1249 1827 1305 salutaris
1858 1259 1971 1316 est,

399 1334 508 1388 qia
556 1321 690 1392 lapis
736 1327 823 1382 ille
871 1332 1103 1400 rejectus
1125 1333 1302 1391 factus
1334 1345 1419 1393 est
1452 1338 1506 1392 in
1537 1348 1698 1409 caput
1745 1340 1973 1411 anguli?

402 1408 751 1482 Signilicatur
795 1432 977 1477 autem
1024 1424 1142 1482 dies
1196 1408 1617 1487 resurrectionis
1673 1408 1971 1489 Salva‘toris

396 1507 593 1571 nostri,
622 1523 744 1578 quae
766 1511 869 1582 ipsi
898 1520 1242 1588 cognominis
1278 1531 1381 1589 est,
1415 1523 1625 1579 scilicet
1666 1523 1967 1582 Dominica.

383 2335 682 2404 spiritualis
719 2360 733 2396 :
777 2342 1044 2401 inhabitat
1093 2350 1294 2420 quippe
1348 2350 1611 2408 Dominus
1664 2354 1717 2408 in
1772 2354 1949 2410 vobis.

380 2426 695 2488 Constituite
723 2437 862 2492 diem
912 2439 1195 2495 solemnem
1245 2445 1301 2497 in
1346 2445 1621 2500 condensis
1667 2462 1828 2517 usque
1882 2447 1950 2500 ad

378 2536 544 2576 cornu
569 2524 782 2581 altaris.
811 2526 1127 2586 Constituite
1150 2532 1290 2587 diem
1310 2536 1612 2591 solemnem.
1643 2537 1951 2610 Intelligen-

376 2613 505 2667 dum
541 2617 651 2684 dat,
678 2633 773 2676 eos
802 2622 896 2692 qui
930 2624 996 2677 ad
1027 2625 1184 2680 fidem
1210 2627 1491 2694 accedent,
1524 2629 1597 2684 ita
1627 2630 1948 2701 impleturus

373 2705 617 2762 divinum
660 2712 1091 2783 tabernaculum,
1132 2726 1192 2773 ut
1224 2734 1335 2788 prae
1378 2721 1728 2779 multitudine
1771 2740 1946 2793 usque

374 2798 441 2853 ad
463 2815 666 2857 cornua
695 2805 879 2862 altaris
910 2808 1235 2878 pertingant.
1265 2809 1548 2868 Condensa
1577 2822 1757 2870 autem
1788 2827 1945 2873 vocat

369 2891 674 2959 cherubim,
689 2911 810 2966 quae
824 2899 1260 2968 propitiatorium
1280 2903 1343 2956 ad
1352 2919 1440 2957 um
1449 2904 1677 2961 brabant
1692 2926 1708 2975 ;
1731 2907 1781 2962 id
1795 2910 1938 2964 enim

369 2982 637 3054 signiﬁcat
660 2986 813 3053 illud,
831 2990 1125 3046 condensis.
1143 2990 1278 3047 Nam
1304 2995 1637 3050 condensum
1661 3013 1781 3054 esse
1796 2999 1938 3054 idem

364 3085 446 3129 est
476 3077 620 3146 quod
656 3088 858 3150 tegere.
888 3080 1182 3139 Cherubim
1220 3101 1348 3142 vero
1383 3087 1486 3144 alis
1522 3089 1638 3146 suis
1680 3091 1938 3162 prapitia-

363 3168 561 3223 torium
596 3172 863 3241 tegebant.

364 3348 628 3408 Salvatori
650 3356 870 3414 Christo
898 3359 1101 3418 referre
1131 3364 1451 3423 edocentur.

865 3522 1117 3580 Alleluia.
1154 3526 1253 3583 CX
1269 3526 1437 3584 VIII.

944 3616 1342 3687 Argumentum.

354 3697 415 3754 In
447 3699 553 3756 hoc
573 3705 785 3772 psalmo
813 3705 1074 3765 describit
1102 3721 1419 3769 sanctorum
1435 3715 1748 3773 institutum
1778 3719 1924 3787 vitae,

425 3798 744 3865 certamina,
766 3816 1041 3861 aerumnas
1066 3824 1081 3874 ;
1110 3805 1332 3864 fraudes
1383 3820 1437 3865 et
1471 3811 1799 3884 irruptiones
1823 3816 1925 3873 dae-

423 3902 671 3957 monum,
688 3904 974 3951 sescentas
986 3897 1345 3969 cogitationes
1359 3901 1654 3973 immissas,
1672 3905 1921 3975 laqueos,

417 3983 707 4051 venabula,
741 4001 950 4042 necnon
990 4005 1056 4045 ea
1082 3991 1283 4061 quibus
1321 3992 1508 4051 istbaec
1532 4008 1815 4067 superant,
1844 4000 1921 4055 le-

417 4077 793 4148 gem,eloquia
824 4081 1030 4149 divina,
1060 4085 1396 4154 patientiam,
1418 4105 1714 4160 supernum
1743 4101 1922 4150 etae-

368 4172 377 4175 ’
411 4169 551 4225 .lcste
592 4174 1018 4243 commilitium;
1057 4178 1253 4236 deinde
1284 4191 1411 4251 post
1445 4183 1683 4254 labores,
1707 4186 1915 4257 bravia,

415 4278 667 4329 coronas,
690 4267 933 4334 praemia.

415 4449 467 4497 1.
492 4444 647 4499 Beati
676 4447 1007 4503 immaculati
1055 4449 1112 4503 in
1146 4452 1250 4511 via.
1292 4453 1394 4520 Qui
1439 4455 1753 4514 nullatenus
1780 4474 1911 4529 pec-

342 4544 450 4602 cat,
480 4549 529 4589 lS
555 4534 936 4594 immaculatus
965 4548 1019 4594 et
1047 4539 1237 4597 beatus
1270 4552 1378 4598 est.

410 4703 465 4757 2.
488 4702 641 4760 Beati
689 4708 779 4775 qui
827 4719 1134 4764 scrutantur
1183 4715 1480 4771 testimonia
1525 4719 1658 4789 ejus,
1695 4724 1750 4775 in
1800 4731 1911 4779 toto

338 4799 493 4854 corde
519 4801 790 4868 exquirant
816 4818 956 4857 eum.
992 4801 1111 4858 Non
1136 4816 1351 4876 oportet
1378 4811 1522 4865 enim
1550 4812 1713 4867 modo
1737 4814 1908 4883 legem

336 4889 580 4960 implere,
607 4893 767 4948 modo
798 4895 1162 4963 praevaricari.
1197 4897 1339 4965 Quid
1365 4903 1509 4957 enim
1538 4904 1675 4959 lucri
1706 4908 1830 4972 erit,
1859 4908 1905 4963 si

335 4983 657 5053 simpliciter
698 4988 989 5057 exquirant
1040 4994 1354 5049 testimonia
1397 4995 1538 5066 ejus,
1571 5007 1626 5053 et
1671 5012 1739 5055 ex
1795 5009 1909 5058 toto

332 5076 495 5130 corde
520 5075 685 5134 Deum
721 5094 829 5133 non
862 5085 1147 5151 quaerant?

398 5263 451 5319 '5.
486 5264 610 5320 Non
630 5270 767 5322 enim
796 5272 885 5340 qui
914 5282 1199 5342 operantur
1222 5276 1556 5353 iniquitatem
1583 5280 1639 5332 in
1664 5281 1762 5334 viis
1788 5282 1904 5352 ejus

328 5352 746 5415 ambulaverunt.
772 5360 939 5432 Igitur
960 5364 1198 5421 divinam
1231 5367 1400 5437 legem
1425 5352 1637 5440 ignarat
1656 5373 1748 5443 qui
1772 5389 1901 5444 pec-

327 5450 453 5510 cat;
485 5460 610 5500 nam
654 5464 986 5521 cognoscere
1026 5455 1168 5512 idem
1202 5468 1283 5514 est
1307 5475 1380 5515 ac
1409 5461 1699 5522 observare
1726 5465 1896 5522 illam.

392 5738 437 5770 “
461 5736 659 5808 Eplies.
690 5757 749 5809 ιι,
778 5746 860 5804 l5.

1964 3152 2012 3215 C

429 3258 519 3314 9.8.
544 3262 679 3318 Deus
710 3280 854 3318 meus
876 3283 928 3320 es
958 3275 1036 3331 tu,
1061 3280 1109 3322 et
1134 3272 1418 3341 conﬁtebor
1438 3275 1553 3329 tibi.
1574 3273 1726 3333 Hanc
1744 3292 1931 3334 vocem
1961 3281 1964 3284 ’

2054 2346 2251 2399 ἐνοικεῖ
2273 2346 2380 2418 γὰρ
2411 2349 2468 2400 ἐν
2494 2350 2620 2420 ὑμῖν
2647 2351 2676 2403 ὁ
2699 2350 2922 2422 Κύριος.
2984 2350 3384 2417 Συστήσασθε
3410 2349 3624 2419 ἑορτὴν

2051 2431 2120 2485 ἐν
2162 2433 2284 2500 τοῖς
2312 2436 2660 2497 πυκάζουσι.
2691 2440 3093 2509 Συστήσασθε
3123 2439 3354 2510 ἑορτήν.
3379 2440 3623 2494 Συνιὲναι

2051 2524 2260 2578 κελεύει
2297 2528 2424 2591 τοὺς
2469 2529 2859 2602 προσελθόντας
2887 2534 2953 2603 τῇ
3008 2532 3208 2599 πίστει,
3240 2533 3333 2586 καὶ
3382 2531 3620 2603 πληροῦν

2046 2616 2147 2688 τὴν
2166 2616 2313 2673 θείαν
2343 2623 2657 2693 σκηνὴν,ὼς
2678 2625 2770 2677 καὶ
2799 2625 2964 2696 μέχρι
2992 2624 3099 2679 τῶν
3128 2626 3373 2696 κεράτων
3397 2624 3622 2695 φθάνειν

2046 2707 2140 2761 τοῦ
2174 2708 2556 2785 θυσιαστηρίου
2588 2714 2675 2768 διὰ
2700 2712 2762 2768 τὸ
2817 2716 3038 2786 πλῆθος.
3091 2714 3408 2780 Πυκάζοντα
3462 2714 3519 2768 δὲ
3548 2715 3619 2769 τὰ

2044 2802 2308 2875 χερουὸίμ
2340 2822 2492 2876 φησι,
2517 2806 2583 2860 τὰ
2605 2807 2995 2873 ὲπισκιάζοντα
3023 2809 3084 2862 τὸ
3114 2808 3438 2880 ἱλαστήριον·
3458 2806 3621 2861 τοῦτο

2044 2892 2152 2964 γάρ
2187 2896 2300 2948 ἐστι
2330 2897 2411 2959 τὸ,
2446 2898 2795 2960 πυκάζουσι.
2829 2901 3100 2966 Πυκάζειν
3129 2901 3238 2973 γὰρ
3265 2901 3326 2955 τὸ
3366 2902 3611 2965 σκέπειν.

2044 2984 2124 3037 Τὰ
2186 2987 2453 3060 χερουϐὶμ
2511 2988 2569 3043 δὲ
2628 2990 2858 3046 ἔσκεπον
2916 2996 3038 3057 ταῖς
3107 2992 3334 3064 πτέρυξι
3389 2992 3451 3046 τδ
3504 2991 3617 3046 ξλα-

2043 3076 2139 3146 στή
2149 3092 2281 3149 ριον.

2108 3279 2251 3344 Θεός
2270 3296 2388 3348 μου
2425 3275 2482 3334 εἷ
2523 3280 2625 3345 σὺ,
2652 3282 2749 3337 καὶ
2772 3282 3291 3354 ἐξομολογήσομαί
3327 3298 3445 3338 σοι.
3477 3283 3614 3337 Ταύ-

2033 3388 2130 3442 την
2163 3371 2450 3443 ἀναφέρειν
2478 3372 2555 3445 τῷ
2592 3374 2805 3447 Σωτῆρι
2862 3374 3082 3448 Χριστῷ
3118 3376 3457 3430 διδάσκονται
3504 3375 3607 3448 τὴν

2033 3463 2237 3535 φωνήν.

2532 3560 2909 3628 Ἀλληλοωα.
2956 3561 3111 3617 Ρ1Η’.

2658 3652 2990 3719 ’Υπόθεσιᾳ
3620 3718 3627 3737 θ

2040 3733 2128 3788 Ἐν
2163 3735 2338 3810 τούτῳ
2368 3738 2482 3794 τῶν
2516 3740 2686 3810 ἁγίων
2719 3741 3008 3814 διαγράφει
3029 3741 3127 3815 τὴν
3154 3741 3449 3807 πολιτείαν,
3478 3742 3605 3806 τοὺς

2092 3829 2331 3898 ἀγῶνας,
2361 3832 2460 3897 τὰς
2490 3833 2716 3904 θλίψεις,
2743 3836 2811 3890 τὰ
2839 3836 3159 3907 σκάμματα,
3212 3836 3312 3900 τὰς
3352 3836 3461 3888 τῶν
3492 3835 3601 3889 δαι-

2097 3922 2274 3993 μόνων
2302 3925 2717 3991 ὲπαναστάσεις,
2768 3927 2896 3991 τοὺς
2945 3928 3170 4000 μυρίους
3233 3927 3601 3998 ὑποϐαλλομέ-

2093 4031 2217 4079 νους
2243 4015 2557 4089 λογισμοὺς,
2604 4018 2702 4082 τὰς
2740 4021 2992 4090 παγίδας,
3018 4020 3087 4074 τὰ
3118 4019 3382 4093 θήρατρα’
3407 4020 3469 4073 οὐ
3495 4019 3597 4091 μὴν

2087 4105 2221 4160 ἀλλὰ
2243 4107 2335 4161 καὶ
2367 4109 2434 4162 τά
2466 4109 2530 4162 δι’
2553 4103 2628 4163 ὧν
2659 4111 3071 4182 περιγένωνται,
3089 4111 3180 4165 τὸν
3210 4110 3392 4182 νόμον,
3414 4112 3484 4165 τὰ
3509 4110 3596 4163 λό-

2088 4214 2203 4265 για,
2227 4199 2325 4269 τὴν
2353 4201 2651 4272 ὑπομονὴν,
2687 4201 2785 4273 τὴν
2818 4202 3021 4257 ἄνωθεν
3045 4203 3377 4274 συμμαχίανο
3408 4202 3593 4256 ἔπειτα

2091 4289 2228 4359 μετὰ
2259 4291 2382 4354 τοὺς
2428 4292 2642 4356 πόνους,
2682 4293 2930 4366 βραδεῖα,
2957 4297 3086 4360 τοὺς
3131 4296 3445 4366 στεφάνους,
3495 4296 3593 4363 τὰς

2084 4381 2335 4452 ἀμοιϐάς.

1946 4492 1993 4548 ι)
2084 4473 2374 4544 Μακάριοι
2409 4479 2463 4530 οἱ
2496 4477 2718 4548 ἄμωμοι
2773 4480 2843 4534 ὲν
2872 4480 3009 4549 ὀδῷ.
3051 4482 3111 4537 '0
3156 4483 3378 4556 μηδαμῆ
3419 4484 3589 4555 μηδα-

2014 4564 2130 4638 μῶς
2151 4566 2498 4638 ἁμαρτάνων,
2535 4563 2691 4634 οὗτος
2716 4569 2784 4624 ἂν
2807 4570 2894 4643 εἴη
2943 4572 3171 4645 ἄμωμος
3211 4575 3306 4628 καὶ
3338 4575 3445 4646 μὴν
3493 4575 3584 4630 καὶ

2012 4657 2298 4729 μακάριος.

2078 4747 2363 4818 Μακάριοι
2387 4753 2442 4805 οί
2471 4750 2903 4822 ἐξερευνῶντες
2926 4755 3000 4810 τὰ
3038 4758 3333 4826 μαρτύρια
3375 4759 3577 4824 αὐτου,

2003 4838 2207 4909 eran
2254 4840 2467 4908 καρδίᾳ
2524 4843 2963 4913 ἐκζητήσουσιν
3000 4849 3207 4904 αὐτόν.
3249 4849 3472 4927 Οὑγγὰρ
3503 4849 3583 4902 δεῖ

2011 4932 2139 4986 ποτὲ
2170 4932 2268 5004 μὲν
2297 4934 2591 5006 κατορθοῦν
2646 4936 2735 4992 τὸν
2764 4940 2945 5011 νόμον,
2981 4941 3111 4995 ποτὲ
3153 4941 3211 4996 δὲ
3257 4942 3579 5014 παραϐάτην

2009 5020 2279 5088 γενέσθαι.
2314 5023 2379 5076 Τί
2405 5023 2515 5095 γάρ
2538 5025 2730 5097 κέρδος
2755 5027 2849 5082 τοῦ
2877 5026 3225 5104 ὲξερευνῆσαι
3270 5033 3339 5088 τά
3371 5034 3575 5105 μαρτύ-

2011 5121 2099 5175 ρια
2124 5107 2286 5162 αὐτοῦ
2342 5109 2547 5178 ἁπλῶς,
2583 5114 2676 5178 καὶ
2706 5114 2765 5182 ἐξ
2795 5116 2922 5188 ὅλης
2979 5118 3038 5172 δὲ
3070 5122 3297 5193 καρδίας
3328 5123 3420 5177 τὸν
3445 5123 3575 5177 Θεὸν

2010 5198 2086 5266 μὴ
2115 5198 2393 5270 ἐκζητεῖν;
3588 5228 3598 5277 ι

2080 5293 2163 5345 Οὐ
2206 5291 2313 5363 γὰρ
2349 5298 2401 5349 οι
2452 5296 2821 5369 ἐργαζῶιενοι
2877 5301 2995 5372 τὴν
3029 5304 3285 5375 ἀνομίαν
3326 5306 3398 5359 ἐν
3443 5306 3572 5374 ταῖς

2009 5384 2169 5452 ὁδοῖς
2199 5387 2388 5442 αὐτοῦ
2420 5388 2855 5460 ἐπορεύθησαν.
2881 5395 3089 5450 Οὐκοῦν
3111 5396 3203 5450 τὸν
3241 5396 3380 5451 θεῖον
3408 5398 3568 5471 νόμον

2004 5476 2103 5530 οὐκ
2129 5472 2269 5532 οἶδεν
2297 5481 2327 5533 ὁ
2362 5481 2714 5553 ἁμαρτάνων·
2750 5486 2811 5540 τὸ
2856 5486 2965 5559 γὰρ
3006 5487 3294 5559 γινώσκειν
3344 5491 3462 5545 ἐστὶ
3507 5488 3567 5541 τὸ

2001 5566 2324 5639 ἐργάζεσθαι
2370 5572 2549 5630 αὐτόν.
