3946 6222
310 365 398 423 ιει
1345 367 1712 425 ΕἈΡΟΘΙΤΙΟ
1747 368 1818 422 IN

1955 367 2186 425 ALMUM
2225 368 2454 426 CXVIII.

3434 372 3538 429 482

377 480 454 535 Σὺ
484 480 761 535 ἑνετείλω
791 480 892 545 τὰς
911 481 1160 546 ἐντολάς
1181 497 1294 537 σου
1321 483 1702 552 φυλάξασθαι
1733 483 1848 551 σφό

2044 483 2097 546 4,
2123 483 2173 536 5.
2207 481 2282 535 Tu
2314 484 2578 536 mandasti
2626 484 2876 536 mandata
2926 494 3016 536 tua
3061 486 3313 538 custodiri
3360 488 3538 542 nimis.

308 575 430 644 δρα.
470 575 723 641 Ὄφελον
759 576 1298 642 κατευθυνθείησαν
1327 579 1386 628 αἱ
1438 575 1566 628 ὁδοί
1613 593 1731 643 μου
1767 573 1848 626 τινὶ

1980 572 2193 626 Utinam
2227 575 2527 644 dirigantur
2556 575 2652 629 vim
2695 592 2820 628 mea:
2847 575 2914 627 ad
2938 576 3306 628 custodiendas
3327 577 3537 646 justi/t—

305 664 683 736 φυλάξασθαι
726 665 798 718 τὰ
849 665 1201 734 δικαιώματά
1261 682 1396 719 σου.
1432 667 1614 728 Γνοὺς,
1645 665 1719 728 ὡς
1769 663 1848 733 τῆς

1973 667 2199 718 catioues
2223 677 2339 719 tuas
2357 666 2375 716 .'
2397 666 2630 731 Gnarus,
2650 667 2766 720 sine
2787 667 2993 720 cmlesti
3023 666 3226 719 auxilio
3251 684 3352 720 non
3380 685 3538 736 posse

305 755 503 809 ἄνωθεν
531 755 848 825 ἐπικουρίας
892 757 1058 827 χωρὶς
1109 757 1170 808 οὐ
1215 756 1435 810 δυνατόν
1490 773 1611 810 τινα
1657 756 1848 824 φύλακι

1970 757 2274 826 quempiam
2305 758 2435 827 legis
2461 773 2580 813 esse
2614 758 3041 822 observatorem,
3077 759 3128 812 id
3162 761 3408 813 oratione
3432 761 3534 814 subi

303 845 548 911 γενέσθαι
568 845 662 898 τοῦ
707 846 891 916 νόμου,
935 849 1066 918 εὐχῇ
1088 847 1245 900 τοῦτο
1288 848 1463 919 ἐαυτῷ
1486 848 1757 920 κατορθοῖ·
1786 849 1866 912 τὸ,

303 936 540 1006 ὄφελον,
573 939 693 990 ἀντὶ
713 937 827 1005 τοῦ,
855 940 1082 1008 γένοιτο,
1111 945 1306 995 κεῖται.

381 1028 927 1098 ἐξομολογήσομαί
987 1045 1086 1084 σοι
1139 1032 1208 1084 ἐν
1275 1034 1547 1100 εὐθύτητι
1601 1032 1862 1100 καρδίας.

303 1117 451 1171 Μετὰ
481 1118 580 1188 τὴν
631 1120 796 1191 εὐχὴν
840 1120 933 1172 καὶ
970 1121 1031 1173 τὸ
1087 1121 1192 1174 άπὸ
1237 1123 1606 1192 προαιρέσεως
1632 1123 1860 1193 τίθησιν.

312 1208 474 1280 Ἀρχὴ
505 1209 560 1260 δὲ
582 1209 680 1279 τῆς
705 1210 972 1282 σωτηρίας
993 1212 1025 1281 ὴ
1053 1211 1454 1282 ἐξομολόγησις.

367 1299 463 1366 Μή
496 1319 574 1370 με
603 1301 1040 1371 ἐγκαταλείπῃς
1087 1302 1196 1368 ἕως
1230 1302 1482 1373 σφόδρα.
1543 1303 1708 1358 Πάλιν
1766 1304 1864 1374 τὴν

301 1391 497 1446 ἀνωθεν
529 1393 842 1463 συμμαχίαν
867 1393 1218 1446 ἐπικαλεῖται.

378 1484 472 1535 Ἐν
499 1484 616 1536 τίνι
645 1483 1000 1552 κατορθώσει
1022 1481 1298 1553 νεώτερος
1337 1483 1450 1552 τὴν·
1475 1483 1615 1538 ὀδόν
1641 1485 1860 1549 αὑτοῦ;

303 1573 532 1635 Πολλῶν,
582 1575 766 1644 φησὶν,
815 1575 1024 1644 ἐστινὴ
1068 1574 1256 1646 νεότης
1305 1575 1617 1628 σκανδάλων
1667 1577 1856 1646 μεστή.

303 1663 418 1728 Πῶς
451 1659 545 1718 οὖν
603 1682 686 1728 τις
711 1664 883 1718 ταῦτα
922 1664 1181 1736 ὑπερέϐη,
1243 1664 1276 1734 ἢ
1316 1663 1402 1716 διὰ
1446 1665 1539 1717 τοῦ
1591 1664 1732 1734 ἔχειν
1763 1665 1860 1735 τὴν

307 1758 519 1828 μνήμην
560 1755 684 1818 τοὺς
735 1755 828 1808 τοῦ
882 1753 1014 1807 Θεοῦ
1060 1754 1248 1823 λόγους
1303 1754 1624 1818 διαπαντὸςς
1677 1756 1710 1824 ἡ
1750 1752 1858 1824 γὰρ

300 1848 468 1902 ἔννοια
491 1845 586 1900 τοῦ
615 1846 757 1898 Θείου
779 1845 940 1916 νόμου
974 1846 1067 1898 καί
1095 1845 1394 1917 καθαρτικὴ
1435 1863 1526 1899 και
1551 1845 1854 1916 φυλακτικὴ

298 1939 510 2000 πάντως
537 1936 703 1990 ἐστίν.

369 2032 470 2083 Ἐν
505 2028 619 2097 ὅλῃ
666 2027 880 2096 καρδίᾳ
895 2044 1013 2096 μου
1040 2023 1365 2093 ἐξεζήτησὰ
1390 2038 1482 2077 σε.
1511 2025 1572 2076 Εί
1605 2025 1638 2095 ἡ
1671 2024 1854 2096 μνήμη

294 2121 379 2175 τοῦ
424 2119 580 2185 Θεοῦ,
626 2119 792 2190 φησὶ,
852 2119 978 2181 τοὺς
1028 2117 1353 2180 Σατανικοὺς
1416 2115 1630 2169 ἐκδῦναι
1684 2133 1857 2188 παρα-

298 2212 543 2277 σκευάζει
566 2212 808 2284 βρόχους,
844 2211 953 2280 ἐγὼ
976 2212 1032 2265 δὲ
1056 2209 1288 2282 ἐμαυτοῦ
1327 2211 1454 2280 ὃλην
1502 2209 1597 2280 τὴν
1621 2210 1855 2264 διάνοιαν

293 2305 527 2376 ἀνέθηκα
555 2323 634 2358 σοι
665 2305 744 2376 τῷ
779 2305 916 2375 Θεῷ·
945 2304 1090 2370 ἄξιός
1117 2305 1228 2372 εἰμι
1258 2301 1363 2355 τῶν
1396 2301 1502 2354 σῶν
1527 2301 1629 2366 ἔξω
1655 2301 1728 2373 μὴ
1758 2301 1853 2372 μὲ-

293 2413 394 2451 νειν
422 2394 668 2450 ἐντολῶν.
705 2396 776 2449 "A
823 2413 974 2467 φησι,
1028 2396 1102 2467 μὴ
1160 2394 1482 2466 άπογνόημά
1518 2412 1600 2458 τις
1721 2395 1853 2465 πρὸς

291 2491 420 2560 ὅπερ
448 2491 702 2561 ἐροῦμεν,
725 2489 986 2560 ἐπιθυμίᾳ
1010 2492 1075 2560 τῇ
1109 2489 1236 2558 περὶ⁹
1257 2489 1346 2541 τὸν
1374 2489 1534 2558 νόμον
1561 2486 1848 2558 χρώμενοι,

288 2581 479 2634 δέδωκε
523 2581 620 2652 τὴν
651 2581 962 2634 άσυνεσίαν·
1017 2581 1050 2650 ἦ
1105 2580 1318 2643 πολλοῖς
1357 2580 1458 2651 τὴν
1511 2578 1740 2650 σπουδὴν
1774 2581 1852 2643 εἰς

287 2672 592 2726 τούναντίον
621 2672 950 2742 περιίστησι,
981 2671 1072 2724 καὶ
1097 2673 1153 2724 ἐν
1179 2666 1261 2734 οἷς
1309 2671 1522 2724 δοκοῦσι
1555 2671 1850 2742 κατορθοῦν

287 2768 612 2837 ἐσφάλησαν,
635 2767 776 2820 κατὰ
798 2767 859 2819 τὸ
878 2766 1164 2836 λεγόμενον
1183 2767 1328 2837 παρά
1351 2765 1712 2836 Σολομῶνι·Ἕ
1717 2781 1853 2819 στιν

287 2859 416 2926 ὁδὸς
446 2859 487 2928 ἢ
516 2859 681 2913 δοκεῖ
701 2859 857 2926 παρὰ
885 2858 1214 2924 ἀνθρώποις
1251 2858 1392 2926 ὀρθὴ
1440 2854 1609 2910 εἶναι·
1651 2857 1722 2911 τὰ
1782 2856 1851 2910 δὲ

286 2951 590 3006 τελευταῖα
611 2949 798 3018 αὐτῆς
825 2949 1057 3019 ἔρχεται
1088 2952 1174 3015 εἰς
1217 2950 1486 3018 πυθμένα
1517 2949 1682 3015 ᾅδου.
1708 2948 1846 3001 Οὐκ-

284 3041 370 3098 οῦν
411 3045 563 3105 ὃστις
616 3041 675 3106 ἐξ
721 3042 977 3113 ἡμισείας
1041 3041 1268 3112 καρδίας
1299 3041 1388 3095 τὸν
1421 3039 1552 3093 Θεὸν
1582 3037 1844 3110 ἐπιζητεῖ,

1970 857 2265 917 comparat.
2294 847 2450 914 Illud,
2483 851 2705 914 utinam,
2737 849 2973 918 positum
3009 857 3093 904 est
3127 865 3224 920 pro
3252 850 3364 906 ﬁat.

2045 1042 2095 1096 7.
2132 1043 2427 1098 Confitebcr
2471 1045 2566 1099 tibi
2598 1047 2651 1099 in
2685 1045 2966 1099 directione
3007 1047 3200 1099 cordis.
3243 1045 3374 1102 Post
3415 1062 3534 1101 ora-

1967 1131 2163 1185 tionem
2189 1134 2421 1203 explicat
2441 1151 2547 1204 qua
2575 1135 2645 1190 sit
2668 1135 3020 1190 inclinatione
3041 1137 3358 1190 voluntatis.
3377 1135 3530 1191 Priu-

1964 1220 2166 1290 cipium
2196 1233 2370 1276 autem
2400 1225 2613 1285 salutis.
2633 1233 2716 1279 est
2738 1225 3030 1280 confessio.

2043 1314 2097 1368 8.
2129 1313 2181 1366 Ν
2186 1331 2250 1366 on
2278 1331 2354 1368 me
2382 1316 2710 1386 derelinquas
2738 1333 3117 1386 usquequaque.
3158 1316 3395 1374 Rursum
3435 1335 3527 1374 su-

1961 1403 2143 1471 perius
2167 1414 2522 1459 memoratum
2552 1407 2789 1476 postulat
2820 1408 3081 1462 auxilium

2029 1492 2080 1547 9.
2111 1490 2176 1545 In
2205 1510 2304 1563 quo
2329 1497 2544 1566 corrigit
2574 1495 2950 1552 adolescentior
2966 1501 3099 1552 viam
3127 1517 3298 1556 suam.
3317 1501 3521 1570 Multis,

1962 1583 2170 1656 inquit,
2204 1585 2544 1644 oll‘endiculis
2591 1588 2746 1658 plena
2787 1597 2870 1645 est
2903 1591 3182 1660 juventus.
3213 1592 3331 1658 Quo
3362 1605 3520 1662 pacto

1959 1677 2120 1745 igitur
2155 1678 2244 1732 illa
2277 1679 2398 1748 quis
2430 1681 2784 1749 superaverit,
2821 1683 2924 1736 nisi
2968 1683 3342 1738 conservando
3380 1700 3521 1739 sem-

1958 1781 2053 1835 per
2085 1769 2401 1822 memoriam
2429 1769 2713 1824 verborum
2742 1769 3017 1825 DeiiNam
3041 1774 3298 1842 corgitatio
3322 1774 3520 1829 divina:

1958 1858 2116 1930 legis,
2156 1874 2265 1914 una
2299 1859 2526 1916 mundat
2555 1870 2716 1931 atque
2746 1864 3006 1916 custodit.

1952 2073 1960 2086 .
2036 2035 2123 2090 l0.
2151 2033 2216 2088 In
2246 2044 2352 2088 toto
2378 2035 2532 2089 corde
2570 2052 2680 2090 meo
2728 2038 2985 2105 exquisivi
3017 2048 3083 2092 te.
3115 2037 3170 2092 Si
3200 2038 3293 2094 Dei
3318 2057 3516 2097 memo-

1953 2128 2055 2193 ria,
2091 2125 2285 2199 inquit,
2313 2128 2378 2182 ad
2429 2127 2712 2184 Satanicos
2767 2129 2991 2200 laqueos
3037 2129 3286 2187 vitandos
3325 2132 3511 2202 juvat;

1953 2233 2052 2288 ego
2084 2234 2211 2273 vero
2242 2227 2406 2272 totam
2434 2219 2812 2288 cogitationem
2843 2235 3018 2274 meam
3047 2220 3142 2274 tibi
3175 2221 3280 2276 Deo
3305 2225 3511 2292 obtuli;

1952 2311 2142 2380 dignus
2167 2324 2284 2364 sum
2299 2310 2390 2380 qui
2407 2324 2511 2364 non
2530 2325 2774 2364 maneam
2801 2320 2952 2365 extra
2975 2312 3222 2366 mandata
3253 2322 3344 2368 tua
3376 2313 3525 2388 (i4):

1951 2399 2081 2468 Quae
2109 2401 2204 2468 ait,
2253 2416 2321 2456 ne
2365 2402 2420 2456 in
2455 2401 2884 2470 desperationem
2924 2402 3228 2459 incidamus
3274 2420 3374 2460 nos
3418 2408 3510 2474 qui

1950 2509 2074 2564 erga
2133 2495 2303 2564 legem
2355 2493 2630 2549 desiderio
2666 2502 2928 2547 tenemur.
2984 2495 3118 2548 Sunt
3169 2497 3314 2549 enim
3371 2513 3510 2566 quos

1951 2583 2093 2640 Deus
2121 2585 2395 2654 permittat
2428 2585 2484 2639 in
2531 2585 2951 2653 imprudentiam
2999 2586 3104 2640 labi
3136 2605 3150 2653 ;
3189 2589 3304 2642 sive
3343 2591 3508 2646 etiam

1949 2677 2134 2732 multis
2168 2676 2406 2732 studium
2442 2676 2497 2730 in
2539 2677 2870 2731 contrarium
2912 2679 3213 2744 convertit;
3246 2681 3319 2734 ita
3364 2689 3420 2735 ut
3452 2683 3509 2736 in

1949 2767 2146 2836 quibus
2196 2783 2254 2822 se
2281 2775 2425 2822 recte
2470 2782 2628 2837 agere
2661 2776 2854 2838 putant
2891 2768 3315 2837 hallucincntur,
3342 2772 3508 2842 juxta

1948 2858 2118 2912 illuda
2137 2857 2428 2913 Salomone
2449 2857 2650 2913 dictum
2671 2858 2716 2888 ⁸³
2741 2876 2753 2911 :
2782 2856 2875 2911 Est
2895 2859 2978 2911 via
3007 2875 3121 2929 qua:
3150 2860 3352 2913 videtur
3367 2863 3506 2930 apud

1947 2949 2176 3003 homines
2207 2959 2346 3003 recta
2367 2965 2496 3012 esse,
2524 2948 2673 3016 cujus
2697 2957 2928 3002 extrema
2951 2950 3160 3004 veniunt
3191 2951 3260 3004 ad
3283 2953 3506 3022 profun-

1947 3039 2072 3091 dum
2105 3039 2320 3108 inferni.
2365 3038 2475 3109 (45)
2509 3038 2678 3109 Igitur
2722 3038 2971 3108 quisquis
3001 3054 3066 3093 ex
3105 3041 3281 3095 media
3327 3045 3505 3097 cordis

283 3134 370 3187 νῦν
405 3135 508 3204 μὲν
537 3131 702 3203 αὐτῷ,
728 3131 822 3185 νῦν
867 3132 923 3185 δὲ
973 3130 1050 3202 τῷ
1089 3133 1276 3202 κόσμῳ
1336 3131 1615 3201 σχολάζειν
1669 3130 1848 3200 βουλό-

1955 3139 2097 3199 parte
2121 3129 2287 3185 Deum
2315 3131 2526 3199 quaerit,
2549 3138 2603 3184 et
2631 3130 2790 3184 modo
2808 3129 2909 3198 ipsi
2934 3145 3059 3184 mox
3087 3132 3291 3186 mundo
3315 3147 3506 3186 vacare

285 3243 454 3295 μενος,
484 3223 672 3277 τοῦτον
700 3223 990 3276 ἀποϐάλλει
1033 3222 1139 3277 τῶν
1193 3222 1406 3275 οἰκείων
1456 3220 1704 3286 ἐντολῶν,
1769 3221 1846 3285 ὡς

284 3315 615 3387 στρατιώτην
639 3315 914 3386 ἀδόκιμον.

356 3407 448 3458 Ἐν
483 3405 560 3474 τῇ
599 3405 811 3473 καρδίᾳ
828 3422 946 3473 μου
979 3403 1215 3472 ἔκρυψα
1250 3403 1323 3458 τὰ
1376 3403 1552 3473 λόγια
1603 3419 1740 3458 σου.
1781 3404 1844 3456 Et

283 3499 349 3567 μὴ
373 3498 483 3569 γάρ
520 3497 767 3568 καθάπερ
797 3497 853 3549 ἐν
878 3495 1167 3566 Θησαυροῖς
1218 3512 1302 3558 τις
1335 3498 1400 3567 τῇ
1424 3496 1618 3567 καρδίᾳ
1649 3497 1843 3548 ἐναπο-

278 3589 456 3660 κλείσῃ
484 3588 589 3651 τὰς
633 3587 726 3640 τοῦ
773 3587 906 3640 Θεοῦ
957 3586 1193 3652 ἐντολὰς,
1231 3587 1497 3658 ἔρχεταιὸ
1538 3587 1844 3660 κακοῦργος

279 3681 364 3732 καὶ
384 3680 628 3752 ἁρπάζει
657 3679 842 3742 αὑτάς.
895 3679 1218 3750 Ἀμαρτάνει
1268 3677 1346 3749 τῷ
1398 3678 1514 3750 Θεῷ
1538 3679 1566 3730 ὁ
1593 3678 1843 3744 ἀξιωθεὶς

279 3771 462 3841 λογίων
524 3769 993 3842 άποῤῥητοτέρων,
1043 3770 1135 3822 καὶ
1190 3769 1525 3836 κρύπτεσθαι
1567 3769 1675 3822 ἀπὸ
1735 3769 1842 3823 τῶν

278 3865 474 3919 πολλῶν
499 3864 695 3931 ἀξίων,
756 3863 848 3916 καὶ
895 3862 967 3933 μὴ
1017 3862 1272 3932 κρύπτων
1321 3861 1460 3914 αὑτά
1507 3862 1597 3929 ἀφ’
1631 3854 1705 3914 ὧν
1742 3861 1838 3916 δεῖ.

272 3957 533 4018 Κίνδυνος
557 3955 665 4026 γὰρ
694 3956 753 4007 οὑ
784 3954 938 4023 μόνον
979 3954 1041 4007 τὸ
1071 3954 1139 4008 τά
1162 3953 1330 4022 ψευδῆ
1353 3952 1552 4019 λέγειν,
1575 3952 1708 4004 ἀλλὰ
1748 3953 1842 4005 καὶ

271 4050 325 4102 τὸ
350 4051 417 4102 τὰ
461 4046 673 4118 ἀληθῆ,
719 4045 857 4099 ἐπὰν
889 4046 1025 4108 ὅλως
1085 4043 1120 4098 ἆ
1161 4044 1235 4115 μὴ
1267 4043 1348 4096 δεῖ
1399 4043 1706 4116 ἀπαγγείλῃ
1737 4059 1836 4106 τις·

271 4142 344 4194 Οὐ
367 4141 473 4210 γὰρ
505 4139 611 4193 δεῖ
646 4137 788 4204 τοὺς
827 4137 1190 4206 μαργαρίτας
1248 4134 1588 4198 βάλλεσθαι
1622 4132 1840 4202 ἔμπρο-

275 4237 414 4287 σθεν
461 4232 591 4286 τῶν
642 4231 890 4300 χοίρων,
941 4227 1083 4282 οὐδὲ
1134 4225 1364 4280 διδόναι
1417 4224 1490 4279 τὰ
1531 4223 1667 4294 ἅγια
1717 4221 1841 4290 τοῖς

275 4326 690 4482 “gmw-met;
707 4405 780 4476 εἷ,
811 4408 1007 4477 Κύριε,
1026 4404 1273 4469 δίδαξόν
1288 4422 1363 4474 με
1395 4403 1465 4457 τὰ
1483 4402 1839 4471 δικαιώματά

1950 3221 2128 3291 cupit;
2159 3221 2303 3277 hunc
2337 3222 2424 3278 ille
2447 3237 2479 3276 a
2511 3221 2626 3276 suis
2659 3221 2929 3276 mandatis
2954 3221 3140 3290 abjicit
3180 3231 3240 3277 ut
3275 3224 3504 3279 militem

1949 3311 2222 3382 ignavum.

2027 3402 2112 3457 ll.
2141 3403 2206 3456 In
2229 3403 2381 3458 corde
2410 3419 2519 3458 meo
2561 3402 2810 3458 abscondi
2850 3403 3055 3473 eloquia
3080 3415 3189 3458 tua.
3213 3403 3326 3460 Nisi
3359 3405 3504 3460 enim

1948 3495 2170 3565 quilibet
2203 3495 2296 3552 Dei
2321 3497 2571 3551 mandata
2605 3497 2659 3550 in
2684 3495 2847 3550 corde
2876 3510 2973 3550 ceu
3007 3497 3294 3551 thesauros
3317 3513 3506 3551 recon-

1947 3588 2058 3651 dat,
2084 3587 2230 3642 venit
2257 3587 2526 3657 malignus
2549 3587 2637 3641 ille
2666 3595 2718 3640 et
2747 3586 2887 3655 rapit
2911 3601 2992 3640 ea.
3015 3583 3185 3656 (Alius
3215 3587 3418 3655 codex.)
3447 3585 3504 3641 In

1948 3681 2115 3734 Deum
2146 3687 2330 3750 peccat
2353 3679 2446 3748 qui
2468 3678 2662 3748 dignus
2693 3678 2923 3731 habetur
2943 3679 3234 3732 secretiora
3259 3680 3505 3747 accipere

1946 3770 2128 3832 verba,
2156 3785 2276 3838 qua:
2308 3784 2403 3838 par
2427 3777 2545 3823 erat
2585 3767 2917 3822 abscondere
2961 3767 3175 3830 multis,
3209 3783 3382 3836 neque
3417 3777 3500 3821 ta-

1945 3875 2069 3915 men
2099 3859 2382 3914 abscondit
2417 3859 2484 3912 iis
2517 3873 2653 3928 quos
2681 3873 2744 3912 ea
2789 3857 3040 3928 ignorare
3066 3858 3370 3926 oportebat.
3398 3857 3502 3910 Pe-

1946 3952 2240 4006 riculosum
2279 3965 2512 4020 namque
2543 3963 2653 4014 est,
2689 3964 2795 4002 non
2845 3950 3007 4003 modo
3033 3948 3165 4004 falsa
3206 3948 3374 4017 loqui,
3405 3948 3502 4002 sed

1945 4045 2106 4100 etiam
2139 4058 2288 4106 vera,
2321 4041 2540 4112 quando
2580 4040 2847 4110 quispiam
2893 4055 2954 4094 ea
2987 4055 3108 4109 quae
3139 4054 3244 4092 non
3287 4047 3500 4106 oportet

1945 4135 2218 4190 renuntiat
2255 4153 2267 4188 :
2302 4132 2423 4188 Non
2462 4141 2660 4202 oportet
2697 4133 2834 4186 enim
2881 4133 3195 4200 margaritas
3244 4130 3498 4200 projicere

1945 4237 2063 4282 ante
2090 4243 2294 4296 porcos,
2329 4242 2486 4296 neque
2517 4225 2643 4279 dare
2675 4235 2857 4278 sancta
2888 4223 3104 4278 canibus
3128 4223 3194 4278 “.

2019 4408 2104 4462 12.
2139 4406 2447 4469 Benedictus
2471 4423 2544 4470 es,
2576 4405 2813 4472 Domine,
2837 4407 2962 4460 doce
2986 4423 3064 4460 me
3083 4405 3492 4476 justiﬁcatioues

273 4521 399 4559 σου.
429 4501 770 4572 Αίσθόμενος
815 4500 915 4570 τῆς
949 4495 1136 4551 ἐαυτοῦ
1171 4495 1451 4568 προκοπῆς
1486 4494 1586 4565 τῆς
1610 4494 1715 4547 ἀπὸ
1741 4493 1836 4546 τοῦ

1955 4508 2079 4553 tuas.
2105 4498 2238 4553 Cum
2282 4498 2510 4553 senserit
2552 4497 2849 4567 profectum
2884 4513 3066 4565 suum,
3089 4514 3250 4568 quem
3297 4498 3498 4554 fecerat

273 4599 326 4652 ἐν
349 4599 444 4671 ὅλῃ
470 4595 681 4668 καρδίᾳ
728 4590 1028 4662 ἐκζητῆσαι
1067 4590 1156 4642 τὸν
1200 4589 1350 4654 Θεὸν,
1399 4587 1608 4656 εὐλογεῖ
1658 4586 1840 4650 αὑτὸν,

275 4687 611 4762 εὐχαριστῶν
639 4685 740 4756 ήδη
773 4683 857 4753 ἐφ’
881 4678 961 4745 οἷς
1007 4678 1233 4751 ἠξιώθη·
1275 4678 1368 4731 καὶ¹
1393 4677 1519 4749 παρ’
1554 4676 1714 4730 αὑτοῦ
1749 4675 1844 4748 ξη-

273 4785 345 4834 τεῖ
380 4779 575 4852 μαθεῖν
599 4777 722 4830 τίνα
751 4773 873 4828 νοῦν
899 4773 1010 4844 ἔχει
1046 4770 1115 4824 τὰ
1139 4767 1476 4838 δικαιώματα
1497 4767 1677 4821 αὐτοῦ.

345 4874 439 4926 Ἐν
469 4869 607 4936 τοῖς
635 4866 867 4936 χείλεσι
889 4881 1007 4934 μου
1047 4861 1362 4932 ἐξήγγειλα
1409 4858 1603 4913 πάντα
1623 4859 1693 4912 τὰ
1722 4858 1843 4927 κρί-

267 4978 414 5030 ματα
458 4946 572 5014 toi-
633 4955 927 5024 στόματός
954 4968 1090 5006 σου.
1128 4951 1195 5002 Ἀ
1238 4949 1337 5020 μὲν
1385 4949 1550 5020 ἐχρῆν
1581 4948 1841 5019 κρύπτειν

271 5054 556 5125 ἔκρυπτον,
597 5047 786 5118 φησὶν,
828 5043 865 5098 ἃ
903 5043 960 5098 δέ
995 5039 1335 5110 ἐξαγγέλλειν
1386 5039 1726 5110 ἐξήγγελλον·
1758 5040 1840 5092 ὅτι

269 5146 339 5215 τῷ
389 5146 468 5215 σῷ
520 5140 794 5214 κριτηρίῳ
829 5139 954 5201 τοὺς
986 5135 1191 5198 πάντας
1233 5135 1578 5204 παραστῆναι
1611 5132 1706 5185 δεῖ·
1755 5132 1840 5185 ῖνα

270 5234 626 5307 κομισώμεθα
656 5229 791 5302 πρὸς
835 5228 870 5282 ἃ
913 5227 1246 5298 ἐπράξαμεν.

361 5332 447 5382 Er
478 5324 557 5394 τῇ
592 5321 712 5387 ὀδῷ
733 5320 849 5375 τῶν
867 5317 1201 5388 μαρτιιρίων
1242 5315 1372 5368 σου
1413 5311 1720 5381 ἐτέρφθην,
1759 5311 1839 5378 ὡς

272 5418 362 5469 ἐπὶ
391 5417 574 5470 παντὶ
627 5411 884 5476 πλούτῳ.
917 5409 1012 5471 Τίς
1039 5409 1066 5460 ὁ
1113 5405 1253 5460 κατὰ
1284 5404 1415 5457 Θεὸν
1467 5401 1694 5466 πλοῦτος
1717 5419 1840 5455 παι-

267 5503 494 5558 δεύεται·
526 5501 614 5555 διό
647 5513 829 5570 φησιν·
887 5495 1049 5550 Οὐδέν
1087 5511 1152 5565 με
1200 5487 1342 5546 εἷλεν
1393 5493 1450 5546 ἐν
1492 5490 1570 5561 τῷ
1615 5491 1838 5562 παρόντι

331 5629 378 5672 ⁸³
401 5637 568 5692 Prov.
597 5631 824 5702 “1,25.
897 5629 944 5663 “
971 5629 1158 5686 Matth.
1189 5643 1286 5694 vn,
1318 5616 1370 5683 6.

335 5774 450 5845 (ιιι
486 5773 698 5827 Locum
733 5769 985 5827 vitiosum
1009 5767 1321 5824 auenrando
1355 5765 1634 5823 vertimus.

1945 4586 2276 4657 exquirendo
2324 4587 2492 4642 Deum
2528 4587 2580 4640 in
2627 4595 2737 4642 toto
2769 4587 2930 4643 corde
2975 4602 3096 4652 suo,
3123 4588 3300 4657 ipsum
3335 4587 3499 4643 bene-

1942 4675 2072 4730 dicit
2093 4675 2292 4746 gratias
2311 4689 2475 4746 agens
2499 4675 2564 4730 de
2585 4676 2796 4731 collatis
2827 4676 3004 4742 bonis,
3033 4687 3088 4731 et
3116 4685 3271 4748 rogat
3292 4678 3360 4732 ab
3377 4678 3495 4748 ipso

1943 4767 2146 4830 doceri,
2181 4782 2343 4837 quam
2379 4775 2610 4822 mentem
2641 4766 2872 4821 habeant
2899 4767 3318 4837 justilicationes
3350 4767 3490 4838 ejus.

2012 4861 2098 4915 15.
2133 4857 2200 4912 In
2229 4859 2384 4913 labiis
2431 4861 2557 4912 meis
2600 4859 2930 4928 pronuntiavi
2955 4859 3130 4912 omnia
3147 4858 3352 4929 judicia
3385 4861 3491 4912 oris

1943 4953 2038 5006 tui.
2063 4950 2193 5016 Quae
2218 4950 2473 5005 abscondi
2501 4950 2801 5019 oportebat,
2831 4950 3026 5019 inquit,
3059 4950 3488 5015 abscondebam;

1939 5057 2060 5111 quae
2102 5041 2433 5106 renuntiare,
2477 5041 2887 5107 renuntiabant;
2932 5043 3059 5111 quia
3091 5053 3216 5098 ante
3253 5039 3490 5096 tribunal

1939 5141 2092 5188 tuum
2122 5147 2319 5186 omnes
2334 5129 2571 5186 adfuturi
2597 5148 2817 5200 sumus,
2849 5142 2909 5188 ut
2939 5133 3268 5204 accipiamus
3296 5146 3488 5187 secun-

1937 5223 2065 5280 dum
2092 5237 2253 5292 opera
2285 5231 2487 5277 nostra.

2021 5316 2110 5370 M.
2144 5313 2208 5368 In
2240 5315 2322 5368 via
2353 5315 2765 5368 testimoniorum
2797 5324 3003 5368 tuorum
3032 5314 3318 5368 delectatus
3347 5329 3485 5377 sum,

1937 5408 2070 5462 sicut
2118 5407 2173 5459 in
2215 5406 2452 5459 omnibus
2491 5407 2712 5460 divitiis.
2767 5405 3034 5460 Edocetur
3068 5419 3315 5473 quaenam
3361 5416 3489 5462 sunt

1937 5500 2236 5558 secundum
2293 5496 2463 5552 Deum
2509 5497 2745 5562 divitiae;
2789 5493 3142 5564 quamobrem
3189 5491 3485 5550 aitz‘Nihil

1986 5747 2118 5819 ,(45)
2144 5747 2200 5805 ln
2231 5750 2359 5814 Reg.
2389 5749 2424 5803 2
2452 5749 2562 5806 haec
2588 5748 2838 5828 dicuntur
2861 5745 3140 5826 llesycltii.
