3946 6222
400 386 502 443 ι83

1139 412 1147 421 -
1208 380 1265 437 8.
1309 377 1678 435 ATHANASII
1719 375 1867 433 OPP.
1902 375 2084 431 PARS
2117 371 2205 429 Ill.
2242 402 2312 414 -
2346 368 2752 427 EXEGETICA.

3503 366 3609 426 884

399 516 485 556 me
503 499 643 570 cepit
666 499 719 552 in
746 495 995 568 praesenti
1023 496 1150 562 vita,
1178 512 1285 551 non
1315 510 1533 560 aurum,
1557 507 1665 549 non
1691 494 1945 564 dignitas.
1976 514 1988 552 λ

2074 494 2169 564 μίῳ,
2223 493 2284 546 οὐ
2322 490 2542 564 χρυσὸς,
2591 489 2691 542 οὐκ
2722 485 2957 555 ἀξίωμα,
3008 483 3070 536 οὐ
3127 482 3451 536 δυναστεία·
3495 483 3614 537 ἀντὶ

398 607 507 647 non
538 589 774 661 potentia
802 608 814 643 :
848 588 940 643 sed
974 589 1091 642 vice
1121 588 1363 641 omnium
1393 587 1526 640 mihi
1554 594 1681 640 sunt
1705 586 1952 640 testimo-

399 687 484 741 nia
514 695 607 741 tua
633 702 646 738 :
681 684 797 738 lnec
828 683 1042 753 gaudia,
1076 682 1157 735 lue
1180 681 1380 735 divitiae
1413 696 1565 735 meae.

476 776 562 833 16.
590 776 656 830 1η
674 774 1144 845 justi/icationibus
1176 774 1279 825 luis
1310 772 1617 837 meditabor,
1651 788 1751 826 non
1776 770 1956 825 oblivi—

397 885 518 923 scar
556 883 817 921 sermones
871 874 1009 918 tuos.
1047 862 1163 919 Non
1197 864 1490 918 verborum
1544 871 1751 918 tantum
1800 873 1958 916 tenus

399 961 673 1016 meditatio
703 960 832 1014 illa:
868 958 959 1013 sed
993 958 1065 1011 ita
1108 965 1169 1011 ut
1195 956 1287 1026 qui
1323 956 1570 1026 intelligit
1593 971 1656 1011 ea
1689 968 1959 1024 exsequa-

398 1059 507 1105 tur.
537 1047 655 1103 Non
683 1049 827 1102 enim
872 1047 1149 1101 auditores
1173 1046 1649 1118 justificationum,
1677 1045 1808 1116 justi
1834 1051 1961 1099 sunt

397 1142 538 1212 apud
565 1141 756 1204 Deum,
788 1140 882 1196 sed
911 1139 1142 1195 factores
1172 1155 1383 1195 earum.
1407 1138 1486 1194 Ita
1504 1139 1647 1194 enim
1681 1152 1839 1193 nemo
1862 1152 1964 1191 un—

396 1249 560 1304 quam
588 1248 775 1287 earum
804 1233 1172 1287 obliviscetur.

451 1324 539 1378 17.
566 1322 811 1377 Retribue
837 1340 981 1378 servo
1008 1335 1115 1384 tuo,
1136 1323 1343 1391 vivi/ica
1372 1339 1470 1378 me.
1484 1322 1689 1395 Ecquid
1712 1322 1960 1379 vnltdari

399 1414 501 1471 sibi
521 1431 630 1485 'pro
658 1416 723 1469 iis
755 1430 877 1484 qua:
907 1415 1109 1479 attulit,
1140 1415 1246 1475 nisi
1284 1425 1343 1468 ut
1379 1415 1497 1485 ejus
1530 1429 1687 1469 mens
1720 1415 1964 1471 illustra-

399 1515 512 1570 tur,
536 1504 644 1558 nisi
671 1512 729 1559 ut
756 1514 1051 1575 COgnoscat
1083 1505 1353 1559 mirabilia
1383 1521 1544 1575 opera
1574 1505 1707 1561 Dei?

464 1594 552 1649 18.
582 1594 771 1649 Revela
816 1594 995 1649 oculos
1038 1612 1197 1662 meos,
1229 1605 1277 1649 et
1317 1596 1653 1650 considerabo
1700 1596 1965 1651 mirabilia

399 1688 462 1740 de
502 1686 607 1757 lege
653 1698 764 1740 tua.
806 1686 1136 1753 Vanitatem,
1177 1687 1375 1756 inquit,
1417 1680 1641 1757 hujusce
1685 1688 1808 1743 vita:
1855 1702 1964 1742 non

401 1776 533 1830 mihi
565 1777 836 1847 propriam
871 1777 1043 1843 eﬂeci,
1070 1793 1239 1848 quare
1267 1779 1577 1833 divinorum
1601 1779 1962 1849 cognitionem

402 1869 772 1923 mandatorum
803 1880 1017 1942 expeto,
1055 1886 1292 1941 quorum
1325 1871 1431 1925 alia
1470 1880 1620 1935 nota,
1656 1872 1760 1926 alia
1784 1873 1967 1943 ignota

401 1970 549 2018 sunt.
571 1954 726 2018 ‘Nota
755 1963 973 2033 quidem
1019 1974 1148 2019 sunt
1175 1981 1190 2018 :
1220 1961 1345 2016 Non
1380 1964 1581 2017 occides
1623 1971 1677 2018 et
1717 1979 1838 2034 quae
1884 1980 1969 2021 se-

403 2055 739 2125 quuntur“;
789 2055 971 2126 ignota
1030 2066 1156 2110 sunt
1212 2054 1340 2121 alia,
1374 2055 1522 2110 verbi
1566 2055 1760 2124 gratia,
1798 2073 1970 2127 quare

405 2149 558 2216 pueri
589 2155 781 2202 octavo
824 2147 911 2202 die
950 2146 1450 2214 circumciduntur,
1484 2156 1537 2202 et
1564 2163 1671 2220 qua
1702 2149 1768 2204 de
1805 2164 1969 2206 causa

403 2254 502 2308 pro
533 2252 722 2294 recens
753 2238 893 2292 natis
920 2237 1222 2293 offeruntur
1247 2239 1538 2294 sacrificia.

471 2394 562 2448 21.
587 2393 878 2463 Increpasti
905 2394 1174 2464 superbos.
1213 2393 1320 2460 Qui
1349 2394 1597 2465 superbis
1627 2396 1855 2464 resistit,
1880 2396 1970 2454 hic

404 2487 648 2559 increpat
678 2490 977 2559 superbos:
1007 2493 1156 2560 atqui
1182 2488 1445 2544 Dominus
1467 2491 1677 2547 resistit
1697 2493 1966 2564 superbis.

403 2578 667 2637 Dominus
694 2580 857 2651 igitur
881 2580 1125 2651 increpat
1156 2581 1441 2651 superbos.

471 2753 751 2823 22.Anfer
783 2770 815 2807 a
841 2770 920 2808 me
961 2752 1293 2821 opprobrium
1321 2761 1372 2807 et
1402 2763 1770 2825 contemptum.
1813 2754 1967 2826 lmpii

408 2846 463 2899 in
504 2853 744 2915 tempore
775 2845 1165 2915 persecutionis
1213 2844 1630 2914 eiprobrantes,
1681 2862 1767 2902 me
1812 2848 1968 2902 nihili

409 2936 628 2993 facient.
657 2935 806 3005 Rogo
837 2936 1017 3005 itaque
1048 2944 1108 2989 ut
1143 2950 1278 2989 vana
1320 2936 1431 2989 sint
1466 2937 1753 3005 opprobria
1781 2951 1967 2992 eorum

409 3025 543 3080 mibi
573 3027 741 3080 illata.
766 3011 823 3079 Si
843 3025 1080 3095 quando.
1108 3024 1305 3095 inquit,
1334 3035 1524 3081 contra
1554 3042 1771 3081 carnem
1799 3028 1966 3093 sensi,

2051 584 2108 637 δὲ
2141 583 2355 637 πάντων
2413 581 2535 652 ἐμοὶ
2592 579 2661 632 τὰ
2709 573 2983 648 μαρτύριά
3025 589 3142 636 σου,
3173 570 3475 643 εὐφροσύνη
3526 573 3619 627 καὶ

2053 672 2296 735 πλοῦτος.
2922 661 2926 665 ⁴

2137 765 2233 818 Ἐν
2269 762 2391 828 τοῖς
2429 759 2778 828 δικαιώμασι
2823 773 2938 811 σου
2977 753 3305 826 μελετήσω·
3349 755 3460 806 οὐκ
3496 752 3623 806 ἐπι-

2055 854 2315 924 ,λήσομαι
2336 852 2454 906 τῶν
2490 851 2684 920 λόγων
2735 866 2871 904 σου.
2900 848 2975 901 Ob
3028 846 3187 917 μέχρι
3214 843 3410 909 λέξεως
3457 845 3490 916 ἠ
3528 861 3624 915 με-

2056 946 2204 1017 λέτη·
2229 945 2364 1000 ἀλλά
2379 944 2469 997 τὸν
2489 942 2775 1014 νενοηκότα
2796 942 2936 995 ποιεῖ
2954 937 3110 992 αὑτά.
3131 938 3205 990 Ob
3232 935 3338 1006 γὰρ
3359 935 3623 1007 ἀκροαταὶ

2058 1037 2438 1108 δικαιωμάτων
2469 1034 2604 1089 Θεοῦ
2654 1033 2848 1087 δίκαιοι
2898 1029 3046 1100 παρὰ
3095 1027 3174 1097 τῷ
3222 1025 3362 1097 Θεῷ,
3412 1024 3522 1078 ἀλλ’
3570 1026 3621 1079 cl

2060 1131 2280 1201 ποιηταὶ
2337 1127 2536 1183 αὐτῶν.
2607 1125 2761 1181 Οὕτω
2814 1123 2923 1193 γὰρ
2980 1118 3241 1209 οὐδέποτέ¹
3292 1134 3376 1181 τις
3444 1114 3621 1170 αὐτῶν

2059 1222 2393 1293 ἐπιλήσεται.

2143 1310 2505 1377 Ἀνταπόδος
2535 1309 2614 1376 τῷ
2644 1308 2841 1376 δούλῳ
2878 1320 3014 1371 σου,
3071 1303 3258 1373 ζῆσόν
3288 1318 3384 1372 με.
3435 1302 3546 1355 Καὶ
3570 1301 3621 1355 τί

2064 1405 2305 1478 βούλεται
2337 1401 2673 1472 ἀντιδοθῆναι
2698 1397 2845 1470 αὑτῷ
2880 1397 2995 1451 ἀνθ’
3022 1390 3095 1452 ὧν
3129 1394 3494 1463 είσενέγκατο,
3541 1393 3623 1454 είς

2061 1499 2121 1552 τὸ
2146 1495 2476 1568 φωτισθῖψαι
2519 1491 2682 1546 αὑτοῦ
2713 1490 2809 1560 τὴν
2839 1489 3094 1552 διάνοιαν,
3124 1487 3202 1548 είς
3247 1485 3308 1537 τὸ
3338 1483 3537 1553 γνῶναι
3555 1482 3621 1536 τὰ

2063 1586 2348 1658 θαυμαστὰ
2392 1585 2527 1655 ἔργα
2584 1581 2677 1636 τοῦ
2704 1579 2717 1591 “
2745 1579 2914 1646 Θεοῦ;
2995 1576 3419 1644 Ἀποκιϋυψον
3481 1575 3625 1641 τοὺς

2064 1679 2406 1750 ὀφθαλμούς
2423 1694 2562 1747 μου,
2601 1675 2699 1728 καὶ
2756 1670 3108 1741 κατανοήσω
3137 1669 3208 1723 τὰ
3228 1666 3526 1737 θαυμάσια
3555 1668 3624 1721 ἐκ

2064 1771 2170 1826 τοῦ
2214 1771 2400 1839 νόμου
2427 1784 2562 1822 σσυ.
2600 1767 2712 1820 Οὐκ
2738 1764 2962 1827 οἰκείαν,
2991 1761 3144 1834 φησὶ,
3173 1759 3268 1832 τὴν
3320 1760 3378 1813 ὲν
3421 1756 3500 1829 τῷ
3528 1756 3625 1829 βίῳ

2068 1856 2365 1927 πεποίημαι
2395 1854 2747 1926 ματαιότητα·
2772 1852 2852 1905 διὸ
2905 1850 3042 1906 αἰτῶ
3088 1848 3286 1919 γνῶσιν
3325 1846 3429 1901 τῶν
3468 1846 3625 1900 Θείων

2067 1948 2317 2014 δέξασθαι
2365 1945 2613 2000 ὲντολῶν·
2641 1948 2695 1999 αί
2731 1944 2828 2015 μὲν
2873 1943 2982 2012 γὰρ
3025 1939 3262 2010 γνωσταί
3314 1938 3545 1991 είσιν·αί
3570 1936 3627 1992 δδ

2068 2040 2349 2110 ἄγνωστοι·
2373 2037 2607 2107 γνωσταὶ
2645 2036 2741 2107 μὲν
2783 2034 2858 2098 ὡς
2898 2026 2980 2096 τὸ,
3003 2033 3085 2085 Οὐ
3140 2030 3476 2100 φονεύσεις,
3530 2025 3625 2080 καὶ

2066 2132 2135 2187 τά
2163 2132 2345 2204 ἕτερα·
2376 2130 2640 2198 ἄγνωστοι
2669 2127 2724 2180 δὲ
2755 2126 2836 2189 τὸ,
2883 2125 3027 2187 τίνος
3082 2123 3240 2194 χάριν
3293 2121 3350 2175 ὲν
3375 2122 3440 2191 τῇ
3467 2118 3625 2192 ὀγδόῃ

2066 2223 2248 2296 ἡμέρᾳ
2278 2221 2345 2275 τὰ
2381 2220 2550 2292 βρέφη
2587 2217 3000 2296 περιτέμνεται·
3032 2215 3090 2286 ἢ,
3122 2213 3265 2276 τινος
3305 2210 3461 2283 χάριν
3489 2210 3628 2281 ὑπὲρ

2068 2294 2460 2386 ἀρτιγεννήτων
2487 2302 2843 2381 ἀναφέρονται
2872 2294 3070 2360 θυσίαι.

2151 2405 2538 2474 Ἐπετίμησας
2591 2398 3013 2470 ὑπερηφάνοις.
3071 2398 3131 2451 '0
3182 2396 3626 2466 ἀντιτασσόμενος

2067 2497 2179 2559 τοῖς
2202 2493 2590 2565 ὑπερηφάνοις,
2626 2485 2780 2553 οὗτος
2829 2489 2923 2543 κα)⁹
2969 2487 3335 2559 ὑπερηφάνοις
3383 2486 3624 2556 ἐπιτιμᾷ.

2067 2587 2271 2659 Κύριος
2316 2587 2373 2639 δὲ
2424 2584 2789 2656 ὑπερηφάνοις
2835 2580 3230 2646 ἀντιτάσσεται,
3276 2576 3478 2648 Κύριος
3520 2575 3627 2646 ἄρα

2067 2678 2161 2731 καὶ
2199 2680 2309 2740 τοῖς
2331 2675 2697 2748 ὑπερηφάνοις
2723 2674 2967 2744 ἐπιτιμᾷ.
3011 2687 3014 2692 ·

2139 2769 2380 2837 Περίελε
2407 2767 2507 2821 ἀπ’
2534 2765 2678 2835 ἐμοῦ
2710 2762 2936 2828 ὄνειδος
2982 2760 3082 2815 καὶ
3115 2758 3527 2826 ἐξουδένωσιν.
3560 2757 3627 2811 οι

2068 2860 2284 2923 ἀσεϐεῖς
2310 2860 2367 2912 ὲν
2396 2856 2570 2928 καιρῷ
2592 2852 2830 2926 διωγμοῦ
2858 2851 3205 2916 ὀνειδίζοντες
3232 2847 3630 2921 ὲξουδενήσουσί

2073 2973 2160 3027 με.
2195 2950 2460 3021 Αίτοῦμαι
2492 2944 2584 3003 οῦν
2644 2948 2728 3001 ῖνα
2785 2945 2987 3017 μάταια
3033 2943 3295 3012 γένωνται
3353 2942 3470 2994 κατ’
3494 2938 3629 3011 ἐμοῦ

2069 3046 2264 3117 ὀνείδη.
2300 3043 2411 3096 Καὶ
2468 3042 2519 3095 εἴ
2565 3057 2716 3103 ποτε,
2752 3038 2908 3110 φησὶ,
2966 3036 3285 3106 πεφρόνηκα
3342 3032 3483 3086 κατά
3533 3031 3633 3101 τῆς

410 3118 507 3173 sed
528 3132 822 3174 conversus
851 3131 982 3188 τοεο
1004 3117 1203 3173 divinis
1235 3118 1416 3173 verbis
1443 3118 1722 3173 vivificari.
1756 3118 1813 3173 Si
1841 3121 1965 3190 qui-

415 3208 527 3230 Δ-..
561 3208 629 3230 ε...
676 3208 736 3230 ,Δ
778 3217 1068 3230 --.ι..-..---...
1111 3209 1367 3230 -.____-.2..
1410 3210 1655 3230 ..-Ι--.ΛΑ
1707 3228 1813 3230 ..ηκκ
1879 3213 1919 3230 9,

2074 3138 2293 3212 σαρκὸς,
2324 3134 2437 3189 ἀλλ’
2456 3130 2787 3203 ἐπιστρέψας
2810 3127 2946 3182 αἰτῶ
2971 3125 3268 3230 τοίςᾳθείοις
3304 3121 3636 3194 ζωοποιηθῆ-

409 3208 533 3262 dem
561 3208 635 3262 ita
672 3208 739 3262 ad
772 3217 1072 3263 extremum
1108 3209 1371 3277 angustiae
1410 3210 1661 3267 redactus
1702 3228 1844 3275 sum,
1877 3213 1963 3267 in-

308 3358 313 3365 ,
409 3299 550 3369 quit,
572 3315 702 3370 rogo
723 3300 938 3354 liberari
960 3317 1046 3356 me
1074 3302 1143 3357 ab
1165 3301 1531 3373 iniquisjuxta
1551 3303 1965 3373 promissionem

412 3402 586 3446 tuam.

478 3478 571 3545 25,
594 3478 688 3532 24.
717 3477 927 3534 Etenim
956 3479 1200 3538 sederunt
1227 3483 1487 3553 principes
1513 3493 1562 3538 et
1586 3483 1862 3539 adversum
1888 3502 1968 3541 me

412 3572 779 3642 loquebantur,
808 3582 915 3629 etc.
957 3573 1099 3638 ideo,
1125 3576 1321 3645 inquit,
1351 3578 1535 3648 rogavi
1567 3590 1621 3632 ut
1665 3577 1971 3634 auferretur

413 3665 784 3734 appr-obrium,
805 3666 929 3736 quia
947 3665 1235 3722 adversum
1254 3684 1338 3723 me
1362 3670 1623 3739 loquoban
1633 3680 1715 3725 tur
1730 3671 1965 3726 assidue.

413 3756 676 3811 Caeterum
700 3757 752 3811 id
779 3759 1061 3828 agentibus
1084 3760 1416 3830 principibus
1440 3761 1759 3832 iniquitatis,
1782 3778 1971 3818 servus

414 3847 510 3903 Dei
541 3863 648 3903 non
699 3849 941 3904 abscedit
968 3867 997 3905 a
1026 3851 1507 3921 justilicationibus
1536 3855 1655 3924 ejus
1684 3873 1698 3908 :
1726 3853 1819 3909 Dei
1848 3869 1971 3910 ver-

414 3939 522 4005 bis,
569 3955 691 4010 qua:
735 3940 1153 4009 juslilicationes
1190 3952 1368 4008 vocat,
1398 3945 1829 3999 consiliariornm
1852 3945 1972 4000 loco

415 4030 484 4084 ad
514 4046 633 4086 eam
666 4047 778 4087 rem
806 4049 956 4089 usus.
994 4033 1315 4105 Hujusmodi
1356 4046 1535 4091 autem
1567 4038 1730 4091 homo
1766 4037 1972 4092 nullum

417 4121 619 4176 malum
652 4123 885 4179 admittit
914 4127 1308 4181 consiliarium.
1361 4126 1464 4182 Sed
1506 4127 1777 4198 principes
1812 4128 1974 4197 hujus

420 4213 624 4279 sa'culi,
644 4214 790 4269 velut
819 4225 1009 4270 contra
1040 4217 1319 4273 Christum
1347 4228 1691 4273 convenerunt
1719 4219 1773 4274 in
1813 4235 1975 4274 unum

419 4303 667 4359 adversus
695 4305 979 4361 Dominum
1006 4317 1056 4362 et
1087 4308 1331 4365 adversus
1363 4310 1631 4366 Christum
1669 4311 1781 4381 ejus
1800 4311 1868 4367 “.
1893 4313 1976 4369 Ad

422 4409 560 4467 quos
580 4398 813 4467 pertinet
838 4400 1100 4468 sapientia
1132 4401 1296 4473 hujus
1331 4403 1540 4458 saeculi.

489 4576 1155 4649 25.Adhwaitpavimento
1197 4584 1376 4637 anima
1403 4599 1537 4638 mea.
1588 4584 1669 4641 Ad
1723 4586 1977 4644 ultimUm

423 4671 685 4738 angustia:
715 4671 981 4727 deductus
1012 4688 1154 4740 sum,
1180 4674 1376 4744 inquit,
1401 4676 1714 4745 compulsus
1742 4693 1771 4731 a
1808 4678 1979 4734 scele-

425 4758 579 4824 ratis,
596 4767 650 4813 et
676 4774 807 4831 rogo
828 4761 1056 4817 salutem
1087 4764 1220 4818 mihi
1245 4765 1405 4820 tribui
1427 4767 1719 4822 secundum
1750 4772 1983 4839 promis-

425 4849 631 4904 sionem
663 4859 810 4906 tuam
843 4869 950 4924 qua
977 4854 1201 4911 dixisti:
1229 4855 1300 4909 Et
1338 4866 1587 4913 torrentes
1623 4876 1726 4915 non
1766 4862 1981 4917 conclu-

425 4940 549 4997 dant
583 4950 650 4996 te.

491 5031 584 5098 26,
615 5032 705 5087 27.
745 5031 871 5088 Via:
904 5051 1045 5090 meas
1082 5039 1349 5093 enuntiari
1386 5049 1434 5095 et
1462 5042 1726 5097 exaudiui
1758 5060 1858 5099 me.
1883 5082 1899 5097 .
1922 5081 1938 5098 .
1964 5084 1981 5098 .

437 5123 590 5180 Viam
607 5127 1053 5196 justiﬁcationum
1085 5139 1297 5184 tuarum
1320 5131 1608 5204 intelligere
1638 5150 1719 5189 me
1744 5135 1849 5203 fac.
1885 5135 1986 5191 Ac-

426 5226 581 5287 cepta
623 5219 768 5272 enim
813 5218 1166 5290 intelligentia
1197 5222 1591 5301 {mysteriorum
1627 5225 1767 5295 ejus,
1795 5233 1983 5295 potero

428 5308 572 5361 circa
600 5309 868 5364 mirabilia
894 5310 1013 5381 ejus
1035 5313 1239 5367 versari
1268 5323 1322 5369 et
1350 5314 1418 5369 de
1458 5315 1528 5371 iis
1557 5330 1860 5372 sermonem
1882 5316 1983 5372 ba-

430 5396 575 5452 bere.

497 5485 590 5540 28.
626 5488 942 5545 Dormitavit
988 5494 1167 5547 anima
1201 5510 1316 5548 mea
1349 5511 1459 5564 pro:
1480 5496 1654 5551 (radio.
1686 5494 1852 5552 Docet
1874 5511 1982 5552 non

2067 3248 2155 3285 ναι
2186 3230 2382 3298 λόγοις·
2410 3227 2459 3279 εἰ
2487 3224 2658 3287 οὕτως
2689 3224 2768 3286 εἰς
2797 3221 3029 3292 ἐσχάτην
3074 3211 3206 3288 ἧκον
3233 3217 3483 3288 ἀπορίαν,
3527 3231 3632 3285 φη-

2069 3324 2172 3385 σὶν,
2203 3318 2577 3388 ἐλαυνόμενος,
2603 3316 2667 3367 ὲκ
2704 3312 2810 3367 τῶν
2862 3309 3313 3383 παρανομούντων
3362 3305 3497 3372 ἀξιῶ
3530 3323 3637 3361 σωκ

2066 3415 2221 3485 θῆναι
2249 3410 2389 3466 κατά
2433 3410 2534 3480 τὴν
2562 3404 2887 3476 ἐπαγγελίαν
2926 3421 3040 3457 σου.

2090 3516 2093 3517 ⁷
2134 3502 2242 3558 Καὶ
2265 3501 2376 3569 γὰρ
2403 3497 2689 3553 ἐκάθισαν
2716 3495 3000 3565 ἄρχοντες
3027 3493 3125 3547 καὶ
3159 3493 3284 3547 κατ’
3322 3489 3465 3562 ἐμοῦ
3493 3505 3634 3544 κατ-

2067 3591 2349 3646 ελάλουν.
2401 3586 2499 3640 Διὰ
2557 3586 2747 3652 τοῦτο,
2794 3585 2977 3655 φησὶν,
3019 3584 3197 3655 ᾔτησα
3240 3580 3636 3655 περιαιρεῖσθαι

2066 3683 2127 3736 τὸ
2162 3681 2378 3744 ὄνειδος,
2408 3679 2527 3732 ἐπεὶ
2578 3678 2735 3750 ἔργον
2780 3672 2924 3747 εἶχον
2988 3676 3049 3729 τὸ
3096 3674 3274 3730 λαλεῖν
3300 3718 3301 3721 η
3327 3675 3447 3727 κατ’
3477 3670 3634 3743 ἐμοῦ.

2068 3773 2214 3845 Πλὴν
2237 3775 2330 3826 καὶ
2355 3773 2461 3826 τῶν
2488 3770 2760 3843 ἀρχόντων
2789 3770 2889 3841 τῆς
2928 3767 3140 3830 ἀδικίας
3189 3764 3360 3831 ταῦτα
3418 3763 3636 3839 ποιούν-

2070 3884 2198 3931 των,
2225 3867 2254 3919 ὁ
2282 3863 2374 3917 τοῦ
2404 3862 2539 3918 Θεοῦ
2568 3861 2751 3925 δοῦλος
2775 3862 2875 3914 οὐκ
2904 3860 3193 3930 ἀφίσταται
3214 3857 3322 3911 τῶν
3341 3856 3642 3926 δικαιωμά-

2070 3976 2177 4012 των
2233 3956 2416 4011 αὐτοῦ·
2474 3956 2598 4019 τοὺς
2645 3953 2739 4007 τοῦ
2799 3950 2934 4007 Θεοῦ
2978 3950 3189 4019 λόγους,
3241 3949 3380 4021 ἀπερ
3431 3946 3640 4019 ἔφηοδις

2073 4049 2380 4121 καιώματα,
2418 4046 2748 4118 συμὸούλους
2779 4044 2917 4116 ἔχων
2964 4037 3118 4114 πρὸς
3147 4041 3322 4094 τοῦτο.
3375 4038 3497 4093 Οὐδ’
3543 4037 3639 4091 ἕνα

2071 4143 2128 4196 δὲ
2152 4141 2384 4213 πονηρὸν
2413 4140 2442 4192 ὁ
2480 4137 2719 4200 τοιοῦτος
2745 4137 3046 4207 ἐπιδέχεται
3102 4133 3417 4206 σύμϐουλον.
3479 4130 3639 4185 Ἀλλὰ

2073 4233 2167 4287 καὶ
2209 4233 2259 4285 οἱ
2318 4232 2575 4304 ἄρχοντες
2623 4228 2810 4283 τούτου
2848 4220 2947 4282 ’τοῦ
2988 4227 3199 4291 αἰῶνος,
3250 4225 3500 4296 καθάπερ
3545 4223 3640 4277 ἐπὶ

2073 4323 2308 4395 Χριστοῦ
2371 4321 2773 4391 συνήχθησαν
2825 4321 2922 4374 ἐπὶ
2995 4319 3060 4373 τὸ
3121 4317 3267 4373 αὐτὸ
3328 4318 3480 4372 κατὰ
3532 4314 3640 4370 τοῦ

2076 4417 2294 4484 Κυρίου
2333 4414 2611 4469 καὶκατὰ
2639 4413 2744 4467 τοῦ
2784 4409 3037 4481 Χριστοῦ
3079 4409 3285 4467 αὐτοῦ.
3342 4404 3442 4463 Ὦν
3492 4411 3639 4463 ἔστιν

2006 4504 2050 4559 D
2075 4510 2110 4580 ἡ
2137 4507 2295 4575 σοφία
2320 4505 2414 4560 τοῦ
2447 4504 2638 4568 αἰῶνος
2666 4504 2875 4557 τούτου.

2160 4597 2492 4666 Ἕκολλήθη
2523 4597 2605 4663 τῷ
2629 4597 2830 4667 ἐδάφει
2861 4597 2900 4664 ἡ
2943 4595 3113 4666 ψυχή
3162 4612 3301 4665 μου.
3334 4595 3431 4656 Εἰς
3479 4592 3643 4664 ἐσχά-

2079 4707 2176 4762 την
2202 4685 2335 4761 ἦκον
2368 4688 2619 4758 ἀπορίαν,
2652 4688 2834 4758 φησὶν,
2869 4687 3219 4758 ἐλαυνόμενος
3246 4683 3349 4738 ὑπὸ
3399 4682 3509 4737 τῶν
3537 4700 3642 4737 πα-

2082 4780 2477 4853 ρανομούντων,
2526 4780 2620 4832 καὶ
2659 4778 2792 4845 ἀξιῶ
2823 4778 3060 4850 σωθῆναι
3105 4777 3243 4831 κατὰ
3274 4777 3372 4848 τὴν
3405 4777 3643 4846 ἐπαγγε-

2079 4873 2198 4927 λίαν
2227 4888 2318 4925 σου
2347 4873 2445 4942 τὴν
2472 4870 2752 4939 λέγουσαν·
2784 4871 2894 4925 Kal
2933 4870 3233 4940 χείμαρροι
3261 4870 3334 4923 οὑ
3363 4867 3645 4938 συγ-κλείει

2083 4960 2268 5013 σουσί
2292 4975 2383 5014 σε.
3426 4992 3435 5003 ι

2089 5102 2094 5115 .,
2158 5050 2267 5118 Τὰς
2333 5051 2511 5117 ὁδούς
2570 5069 2689 5123 μου
2744 5051 3090 5122 ἐξήττεαα,
3142 5050 3242 5107 καὶ
3296 5049 3646 5117 ἐπήκουσῤ

2078 5160 2197 5213 μου
2227 5179 2243 5196 .
2277 5181 2291 5196 .
2328 5182 2342 5196 .
2384 5142 2547 5196 Ὀδὸν
2587 5143 2989 5213 δικαιωμάτων
3040 5159 3156 5199 σου
3197 5143 3526 5199 συνέτισόν
3545 5158 3639 5212 με.

2085 5234 2304 5289 Σύνεσιν
2329 5234 2436 5307 γὰρ
2467 5234 2575 5289 τῶν
2595 5237 2653 5289 ὲν
2678 5237 2860 5299 αὑτοῖς
2887 5223 3197 5308 μυστηρίων
3224 5232 3423 5298 λαὸὼν,
3455 5233 3532 5297 ὡς
3554 5233 3644 5287 καὶ

2085 5325 2287 5398 ταύτην
2313 5324 2547 5392 ὁδεῦσαι,
2576 5325 2870 5397 δυνήσομαι
2922 5326 3178 5400 περὶτῶν
3216 5316 3281 5380 ἐν
3309 5325 3496 5389 αὑτοῖς
3519 5322 3649 5377 Ocu-

2082 5416 2288 5488 μασίων
2311 5416 2515 5488 ὁμιλεῖν
2543 5434 2600 5471 τε
2624 5418 2717 5471 καὶ⁸
2745 5417 2899 5486 λόγον
2927 5419 3211 5474 ποιεῖσθαι.

2164 5507 2533 5571 Ἐνύσταξεν
2580 5507 2620 5574 ἠ
2669 5508 2839 5577 ψυχή
2880 5527 2998 5578 μου
3031 5509 3149 5564 ἀπὸ
3184 5506 3456 5573 ὰκηδίας.
3494 5501 3641 5557 mas.

432 5588 593 5670 posse
622 5579 726 5670 alio
751 5583 911 5637 modo
940 5584 1181 5654 segnitiei
1207 5585 1456 5655 spiritum
1474 5586 1863 5656 expelli,quam
1889 5603 1987 5658 per

2083 5612 2223 5659 σκει,
2252 5596 2327 5660 ὡς
2365 5597 2425 5650 τὸ
2462 5598 2678 5670 πνεῦμα
2730 5593 2830 5669 τῆς
2860 5598 3083 5668 ἁκηδίας
3139 5599 3239 5653 οὑκ
3293 5596 3439 5650 ἐστιν
3473 5592 3640 5654 ἄλλως

434 5662 835 5726 meditationem
858 5672 1165 5730 divinorum
1196 5677 1559 5745 eloquiorum.
1591 5676 1783 5736 Sobrie
1803 5679 1988 5751 itaque

2081 5686 2362 5745 ἐκϐάλλειν
2385 5688 2420 5760 ἢ
2454 5690 2518 5744 ὲκ
2547 5662 2647 5761 τῆς
2681 5662 2906 5763 μελέτης
2935 5662 3043 5747 τῶν
3090 5688 3248 5745 θείων
3284 5686 3505 5760 λογίων.
3530 5684 3639 5755 Νή-

501 5772 552 5811 ⁶³
575 5772 741 5836 Exod.
769 5798 857 5851 xx,
883 5784 949 5841 l5
976 5801 1089 5854 seq.
1137 5787 1182 5821 “
1216 5786 1360 5846 Psal.
1392 5803 1451 5855 ιι,
1477 5789 1535 5847 2.
