3946 6222
285 372 387 430 ιεδ

1356 376 1717 437 ιιχροδιτιο
1755 379 1823 436 IN
1860 379 2191 439 PSALMUM
2227 380 2456 439 CXVIII.

3404 399 3512 457 ιεδ

285 506 400 559 φειν
425 503 518 541 ουν
563 487 661 541 καὶ⁵
701 491 991 561 γρηγορεῖν
1023 491 1128 562 χρὴ
1172 488 1262 544 διὰ
1302 491 1393 545 τὸν
1426 492 1661 548 εἰπόντα·
1696 497 1844 565 Γρη-

1960 511 2110 566 agere
2136 504 2189 553 et
2217 496 2443 567 vigilare
2466 498 2719 553 convenit
2740 510 2959 572 propter
2991 518 3115 559 eum
3157 520 3251 578 qut
3274 507 3406 566 diclt
3425 514 3469 545 "
3493 533 3509 569 :

282 576 501 650 τορεῖτε
530 578 629 631 καὶ
670 581 1093 651 προσεύχεσθε.

360 668 536 723 Ὀδόν
595 668 830 737 ἀδικίας
847 665 1221 741 ’ὁπόσῒησον
1266 675 1365 728 ἀπ’
1410 676 1577 746 ἐμοῦ,
1615 678 1713 731 καὶ
1769 677 1849 745 τῷ

281 762 439 830 νόμῳ
461 779 579 815 σου
608 761 871 830 ἐλέησόν
917 782 1012 834 με.
1054 765 1222 820 Ὀδὸν
1245 768 1522 835 ἀληθείας
1576 770 1850 837 ᾐρετισά-

278 869 414 922 μηνί
454 851 527 905 Τὸ
558 853 656 923 μὲν
681 855 820 907 αἰτεῖ
847 856 996 928 παρὰ
1022 856 1177 923 Θεοῦ,
1204 858 1264 911 τὸ
1285 857 1342 911 δὲ
1374 859 1550 931 ἑαυτῷ
1578 862 1848 933 εἰσφέρειν

281 942 549 1013 ὁμολογεῖ.

364 1035 776 1105 Ἀπόστρεψον
834 1038 975 1105 τοὺς
1032 1041 1374 1113 ὀφθαλμούς
1428 1063 1548 1114 μου
1611 1045 1718 1099 τοῦ
1760 1044 1845 1114 μὴ

288 1126 428 1181 ἰδεῖν
452 1130 835 1196 paratarum.
862 1132 1172 1203 Ματαιότης
1218 1135 1362 1188 ἐστὶν
1385 1136 1417 1207 ή
1444 1137 1570 1207 περὶ
1597 1135 1693 1200 τὰς
1722 1135 1849 1199 θέας

288 1218 468 1290 μανία,
500 1225 532 1294 ἡ
570 1222 698 1294 περὶ
720 1211 825 1275 id»)
858 1224 930 1295 μὴ
954 1224 1177 1279 δεόντων
1222 1225 1441 1299 Θεωρία,
1493 1231 1584 1283 καὶ
1621 1230 1653 1301 ἠ
1708 1230 1846 1283 κατὰ

285 1311 515 1367 διάνοιαν
569 1314 624 1367 δὲ
672 1314 869 1380 ἄτοπος
906 1318 1193 1386 φαντασία,
1247 1320 1311 1391 ἣν
1369 1321 1462 1374 καὶ
1514 1321 1848 1395 σαφηνίζειό

287 1403 492 1468 Παῦλος
518 1404 710 1473 λέγων·
757 1406 858 1459 Ἐν
914 1411 1261 1478 ματαιότητι
1323 1412 1433 1465 τοῦ
1460 1412 1601 1479 νοός
1651 1412 1850 1469 αὐτῶν

283 1496 671 1566 ἐσκοτωμένοι
700 1496 776 1566 τῇ
807 1497 1036 1567 διανοίᾳ
1070 1500 1257 1568 ὄντες,
1307 1504 1849 1575 ἀπηλλοτριωμένοι

284 1586 389 1653 τῆς
415 1586 563 1656 ζωῆς
590 1589 696 1643 τοῦ
734 1590 901 1645 Θεοῦ.
948 1592 1089 1665 Ὅρα
1119 1596 1454 1666 ματαιότητα
1482 1598 1599 1661 νοὸς
1624 1597 1850 1669 λεγομέ-

285 1695 396 1749 νην,
426 1680 505 1731 ὅτ’
532 1679 598 1733 ἂν
633 1684 732 1752 σχῇ
769 1700 852 1747 τις
878 1684 1022 1747 νοῦν,
1059 1687 1152 1739 καὶ
1206 1687 1393 1741 τούτου
1453 1689 1526 1761 μὴ
1580 1693 1847 1763 χρήσηται

1961 590 2185 662 Vigilate
2216 603 2263 647 et
2291 601 2457 649 orate.

2024 683 2117 749 29,
2145 683 2233 738 '50.
2279 684 2430 739 Viam
2473 688 2768 757 iniquitatis
2802 704 2980 744 amove
3020 708 3050 744 a
3098 708 3198 754 me,
3225 704 3273 747 et
3304 695 3366 748 de
3406 674 3546 768 lege"

1949 784 2041 830 tua
2069 776 2308 831 miserere
2326 778 2445 831 mei.
2481 776 2631 831 Viam
2663 780 2899 834 veritatis
2930 780 3080 851 elegi.
3122 782 3254 837 Illud
3290 784 3513 853 quidem

1945 884 1976 924 a
2008 868 2119 925 Deo
2147 871 2402 940 postulat,
2426 873 2529 926 hoc
2553 887 2612 927 se
2635 872 2735 927 sibi
2764 874 3035 929 ascribere
3064 876 3370 931 conﬁtetur.

2019 1036 2107 1091 37.
2138 1040 2321 1093 Averte
2346 1038 2522 1093 oculos
2573 1055 2711 1093 meos
2740 1055 2801 1093 ne
2831 1037 3036 1093 videant
3075 1041 3382 1095 vanitatem.
3406 1037 3517 1095 Va-

1947 1108 2089 1183 riitas
2105 1137 2186 1184 est
2207 1131 2638 1199 spectaculorum
2670 1131 2893 1186 insanus
2918 1146 3093 1196 amor,
3118 1131 3303 1186 illicita
3333 1148 3514 1188 rerum

1948 1222 2281 1292 speculatin,
2327 1223 2568 1277 absurda
2616 1223 2899 1293 phantasia
2942 1225 2995 1278 in
3052 1234 3229 1279 mente
3275 1236 3512 1294 recepta,

1947 1328 2108 1383 quam
2134 1314 2401 1384 signiﬁcat
2426 1314 2625 1370 Paulus
2657 1315 2740 1369 his
2771 1317 2950 1371 verbis
2977 1333 2991 1370 :
3025 1315 3091 1369 In
3113 1317 3342 1369 vanitate
3368 1332 3515 1370 men-

1949 1407 2016 1460 tis
2068 1422 2211 1469 suat,
2248 1407 2470 1461 tenebris
2512 1408 2846 1461 obscuratum
2889 1408 3130 1462 habentes
3169 1409 3513 1476 intellectum,

1949 1499 2166 1553 alienati
2194 1517 2225 1553 a
2257 1500 2363 1554 vita
2393 1500 2485 1553 Dei
2508 1500 2576 1554 ⁸⁸.
2606 1500 2988 1555 Animadverte
3006 1502 3294 1555 vanitatem
3318 1502 3516 1557 mentis

1948 1589 2075 1652 dici,
2102 1604 2224 1643 cum
2259 1590 2381 1658 quis
2420 1598 2597 1643 mente
2632 1590 2861 1658 pollens,
2887 1604 2949 1642 ea
2981 1605 3085 1643 non
3128 1590 3297 1642 utitur
3325 1590 3389 1642 atl
3423 1604 3516 1643 ve-

1948 1680 2126 1734 ritatis
2189 1681 2738 1750 contemplationem;
2771 1681 2863 1734 sed
2907 1681 3105 1750 praebet
3144 1696 3261 1734 eam
3299 1678 3518 1735 Satanae

285 1771 412 1842 πρὸς
438 1772 539 1843 τὴν
559 1772 666 1825 τῶν
696 1773 910 1845 ἀληθῶν
958 1775 1208 1847 θεωρίαν,
1238 1780 1371 1833 ἀλλὰ
1416 1782 1642 1853 παρέχει
1689 1784 1844 1838 αὐτὸν

1960 1771 2243 1842 colliganti.
2302 1771 2415 1827 Hoc
2452 1772 2618 1843 igitur
2652 1772 2924 1841 precando
2953 1772 3029 1826 ait
3059 1789 3073 1825 :
3108 1772 3291 1826 Averte
3338 1772 3516 1826 oculos

283 1860 355 1930 τῷ
397 1860 711 1931 δεσμεύοντι
765 1866 994 1937 Σατανᾷ.
1033 1867 1201 1922 Τοῦτο
1227 1868 1407 1925 τοίνυν
1430 1872 1717 1943 εὐχόμενός
1746 1892 1844 1945 φη-

1960 1878 2088 1917 meos
2130 1879 2193 1917 ne
2236 1864 2442 1916 rideant
2487 1865 2767 1917 vanitates.
2814 1862 2948 1917 Nam
2979 1872 3027 1917 et
3064 1864 3191 1917 illud
3222 1864 3392 1933 gratia
3424 1863 3519 1918 Dei

286 1967 381 2003 σιν’
430 1952 845 2023 Ἀπόστρεψον
887 1958 1028 2023 τοὺς
1076 1961 1417 2030 ὀφθαλμούς
1458 1981 1576 2032 μου
1608 1965 1711 2018 τοῦ
1761 1965 1844 2035 μὴ

1960 1964 2054 2010 est.
2091 1953 2364 2025 Ejusdem.
2392 1953 2664 2022 Coi-porca
2690 1969 2810 2024 qure
2833 1955 3076 2022 speciosa
3117 1965 3273 2020 sunt,
3301 1964 3355 2009 et
3381 1970 3487 2011 ocu
3512 1981 3521 1993 ι

282 2041 424 2095 ἰδεῖν
466 2047 882 2113 ματαιότητας.
936 2050 1046 2101 Καὶ
1095 2050 1253 2104 τοῦτο
1310 2052 1418 2124 γὰρ
1476 2057 1631 2125 χάρις
1689 2054 1845 2110 Θεοῦ.

288 2134 390 2189 Τοῦ
428 2138 634 2192 αὑτοῦ.
676 2139 755 2192 Τὰ
798 2141 855 2193 ὲν
880 2142 1091 2212 σώματι
1111 2143 1287 2215 ὡραῖα
1317 2148 1408 2199 καὶ
1435 2148 1633 2219 σαρκὸς
1654 2147 1849 2217 ὀφθαλ-

283 2228 397 2296 μοῖς
431 2228 729 2298 φαινόμενα
755 2231 913 2293 καλὰ,
941 2233 1269 2302 ματαιότητα
1290 2235 1568 2291 ἀποκαλεῖ.

343 2320 585 2391 Στῆσον
626 2324 705 2391 τῷ
749 2325 947 2395 δούλῳ
979 2344 1095 2383 σου
1135 2329 1200 2383 τὸ
1232 2332 1440 2400 λόγιόν
1472 2350 1587 2387 σου
1611 2335 1698 2399 εἰς
1742 2334 1849 2387 τὸν

280 2412 460 2481 φόϐον
506 2430 645 2470 σου.
694 2416 911 2489 Ἐπειδὴ
949 2420 1295 2489 παιδαγωγοῦ
1321 2421 1475 2493 δίκην
1498 2424 1790 2493 ἀναγκαῖος
1819 2426 1847 2477 ὀ

281 2503 434 2570 φόϐος
464 2504 560 2558 τοῦ
591 2505 725 2559 Θεοῦ
772 2511 829 2562 ἐν
879 2510 1080 2574 πάσαις
1125 2512 1380 2577 ὲντολαῖςο
1455 2513 1644 2568 τούτου
1688 2516 1846 2588 χάριν

280 2592 561 2660 ἐφιστάναι
612 2597 761 2667 αὑτῷ
817 2599 976 2653 αὐτὸν
1034 2599 1250 2672 εὔχεται
1300 2604 1390 2657 τὸν
1446 2603 1597 2657 Θεόν.
1647 2605 1719 2658 Τὸ
1768 2605 1843 2669 δὲ,

279 2684 518 2750 Περίελε
549 2683 657 2739 τόν
705 2687 1046 2759 ὀνειδισμόν
1082 2709 1223 2761 μου,
1273 2692 1409 2763 μετὰ
1447 2693 1508 2747 τὸ
1557 2696 1845 2767 ἐπιστῆσαι

280 2774 458 2861 ᾤσπερ
506 2778 626 2832 τινὰ
671 2779 885 2849 φύλακα
944 2782 1049 2836 τῶν
1108 2783 1261 2837 θείων
1295 2785 1491 2856 νόμων.
1553 2787 1660 2839 Καὶ
1716 2788 1845 2861 περὶ

280 2860 348 2920 ὧν
378 2869 483 2941 ήδη
544 2871 807 2944 πρότερον
858 2874 1095 2945 συνέγνω
1128 2879 1314 2931 ἑαυτὸν
1344 2878 1558 2933 ὀνειδῶν
1597 2860 1845 2952 ἐξομολο-

279 2964 465 3027 γείται.

343 3054 588 3125 Στῆσον
624 3055 704 3123 τῷ
735 3057 931 3132 δούλῳ
968 3075 1084 3120 σου
1137 3062 1203 3116 τὸ
1254 3064 1462 3134 λόγιόν
1491 3080 1628 3120 σου.
1694 3067 1845 3120 Ἐπεὶ

1949 2048 2017 2104 lis
2040 2049 2222 2103 carnis
2249 2048 2479 2117 pulchra
2505 2048 2777 2112 videntur,
2806 2046 3099 2101 vanitatem
3129 2047 3380 2117 appellat.

2025 2309 2111 2368 58.
2140 2311 2325 2366 Statue
2350 2327 2495 2367 servo
2526 2319 2615 2364 tuo
2644 2310 2908 2380 eloquium
2934 2321 3080 2364 tuum
3105 2313 3163 2365 in
3193 2313 3380 2366 timore
3401 2320 3515 2370 tuo.

1948 2403 2214 2470 Quoniam
2245 2404 2297 2458 in
2327 2405 2582 2459 omnibus
2613 2406 2895 2475 prtrceptis
2927 2406 3089 2460 timor
3122 2404 3213 2461 Dei
3244 2407 3519 2479 paedagogi

1952 2493 2123 2548 instar
2163 2496 2506 2551 necessarius
2539 2506 2656 2562 est,
2692 2497 2811 2551 ideo
2850 2508 3005 2567 rogat
3032 2496 3198 2551 Deum
3233 2507 3292 2551 ut
3314 2505 3521 2554 statuat

1948 2585 2051 2640 sibi
2083 2585 2254 2640 illum.
2285 2585 2417 2641 lllttd
2458 2597 2637 2642 autem
2660 2607 2673 2643 :
2697 2589 2925 2658 Amputa
2955 2590 3290 2658 opprobrium
3321 2606 3518 2657 meum,

1947 2677 2078 2732 dicit
2100 2690 2382 2750 postquam
2428 2683 2714 2750 quemdam
2743 2697 2841 2737 ceu
2884 2683 3167 2738 custodem
3202 2682 3515 2738 divinarum

1946 2771 2125 2842 legum
2176 2773 2480 2827 constituit.
2528 2773 2719 2843 Etjam
2757 2774 2951 2830 iterum
2984 2776 3276 2829 confitetur
3318 2790 3520 2844 oppro—

1945 2864 2064 2920 bria
2086 2864 2154 2921 de
2185 2866 2384 2937 quibus
2416 2866 2571 2937 prius
2600 2883 2659 2923 se
2686 2867 2787 2924 sibi
2826 2869 3109 2924 conscium
3132 2883 3254 2924 esse
3280 2868 3516 2924 dixerat.

2021 3061 2208 3117 Statue
2227 3077 2374 3116 servo
2402 3070 2490 3116 tuo
2516 3062 2781 3132 eloquium
2811 3071 2979 3116 tuum.
3007 3061 3145 3129 Qttia
3175 3078 3365 3117 servus
3386 3071 3515 3117 tuus

276 3144 449 3208 δοῦλός
483 3161 580 3199 σου
606 3148 889 3217 τυγχάνων
946 3149 1214 3221 φοϐοῦμαι
1243 3168 1322 3215 σε,
1352 3151 1611 3224 βούλομαι
1656 3155 1712 3208 δὲ
1758 3155 1844 3209 λο-

1960 3168 2070 3208 :um
2098 3153 2221 3214 sint,
2258 3154 2422 3207 timeo
2459 3162 2528 3217 te,
2556 3153 2785 3222 veloque
2813 3154 3209 3207 rationabiliter
3233 3161 3287 3207 et
3318 3168 3519 3207 secun-

276 3236 433 3303 γικῶς
455 3238 559 3291 καὶ
605 3216 745 3292 κατὰ
798 3239 887 3292 τὸν
936 3216 1091 3310 λόγον
1119 3216 1301 3311 ’φόϐον
1335 3216 1733 3316 έχειν,’στῆσον
1783 3247 1844 3300 τὺ

1960 3246 2072 3300 ium
2098 3245 2319 3298 verbum
2342 3244 2590 3298 timorem
2617 3244 2836 3305 habere,
2858 3227 3032 3298 s’tatuc
3060 3244 3336 3313 eloquium
3364 3252 3518 3297 tuum

276 3327 441 3396 λόγιόν
476 3345 577 3382 σου
606 3331 685 3392 εἰς
709 3330 800 3383 τὸν
846 3331 1008 3401 φόϐον
1043 3350 1156 3396 σου,
1178 3334 1268 3386 τὸν
1296 3334 1423 3388 ὄντα
1471 3336 1581 3402 σὺν,
1611 3339 1711 3391 οὐκ
1751 3338 1841 3408 ἀφ’

1966 3346 2000 3385 n
2039 3330 2289 3383 timorem
2340 3339 2491 3383 tuum
2525 3348 2538 3383 :
2569 3329 2661 3399 qui
2692 3344 2880 3383 rerera
2931 3337 3059 3383 tuus
3105 3339 3209 3394 est,
3239 3344 3345 3383 non
3370 3333 3518 3399 quod

275 3409 331 3470 οὗ
356 3420 492 3492 φοϐῇ
533 3422 620 3484 σὺ,
648 3420 760 3475 ἀλλ’
790 3422 882 3490 ἀφ’
914 3418 974 3476 οὗ
996 3409 1004 3424 ’
1028 3422 1139 3491 ἐγὼ
1185 3424 1454 3496 φοϐοῦμαί
1506 3443 1584 3479 σε.
1618 3428 1736 3482 Ἵνα
1769 3428 1842 3501 μὴ

1960 3438 2002 3476 ,ιι
2034 3423 2245 3487 timeas,
2274 3422 2365 3476 sed
2387 3421 2513 3491 quia
2540 3437 2638 3491 ego
2666 3422 2832 3476 timeo
2863 3429 2933 3476 te.
2969 3420 3036 3476 Ut
3060 3431 3239 3476 autem
3272 3437 3371 3476 nec
3395 3422 3516 3477 sine

274 3509 325 3562 δὲ
341 3510 459 3565 ἄνευ
497 3509 659 3578 λόγου
695 3511 878 3580 φόϐον,
910 3514 1043 3585 μηδὲ
1081 3515 1206 3569 ἄνευ
1233 3516 1396 3582 φόϐου
1426 3517 1581 3587 λόγον
1610 3519 1840 3590 ἔχωμεν⁸

1960 3513 2107 3567 νει·ὺο
2131 3514 2402 3577 timorem,
2435 3527 2536 3567 nec
2563 3513 2681 3566 sine
2709 3512 2906 3566 timore
2934 3513 3159 3565 verbum
3189 3512 3516 3577 habeamus,

276 3598 442 3672 ἵστησι
463 3600 531 3655 δὲ
563 3604 591 3654 ὀ
624 3601 755 3665 Θεὸς
776 3603 835 3655 τὸ
868 3602 1043 3673 λόγιον
1095 3605 1259 3659 αὑτοῦ
1308 3609 1386 3670 εἰς
1426 3608 1516 3661 τὸν
1559 3610 1721 3678 φόϐον
1747 3611 1844 3664 αὑ-

1960 3605 2135 3659 ttatuit
2164 3618 2297 3658 sane
2323 3602 2464 3659 Deus
2484 3603 2762 3672 eloquium
2783 3617 2943 3656 suum
2976 3601 3029 3656 in
3055 3604 3302 3656 timorem
3332 3616 3516 3665 suum,

275 3690 380 3756 τοῦ,
431 3692 669 3763 βεϐαιῶν
706 3694 772 3747 δι’
824 3696 1146 3761 ἀποδείξεως
1201 3699 1333 3753 αὐτὸ
1366 3703 1477 3763 τοῖς
1536 3702 1840 3759 εὐλαϐέσιν.

1960 3711 2039 3750 )ρι’
2062 3704 2208 3750 certa
2241 3703 2556 3766 argumenta
2590 3696 2813 3748 lirmans
2844 3695 2971 3748 illud
3000 3695 3141 3763 apud
3180 3695 3301 3763 pios
3335 3693 3515 3748 homi-

279 3781 478 3856 Ὠσπερ
510 3784 626 3856 γάρ
654 3786 796 3849 τινές
833 3789 968 3840 εἰσιν
1002 3787 1214 3859 ἔχοντες
1244 3788 1423 3858 ζῆλον,
1472 3790 1586 3843 ἀλλ’
1619 3793 1679 3844 οὐ
1724 3794 1842 3846 κατ’

1960 3805 2059 3844 les.
2090 3789 2554 3856 Quemadmodum
2602 3789 2747 3841 enim
2786 3789 3005 3857 quidam
3032 3798 3157 3841 sunt
3201 3788 3373 3840 zelum
3416 3788 3515 3842 ha-

276 3875 585 3943 ὲπίγνωσιν,
633 3876 806 3941 οὕτως
847 3879 952 3931 εἰσί
998 3897 1143 3943 τινες
1203 3879 1414 3950 ἔχοντες
1471 3883 1633 3943 φόϐον
1683 3882 1841 3948 Θεοῦ,

1960 3886 2152 3943 tentes,
2197 3880 2290 3933 sed
2334 3894 2442 3932 non
2497 3880 2797 3933 secundum
2840 3880 3122 3933 scientiam
3168 3878 3247 3942 δ’,
3284 3878 3355 3931 ita
3390 3886 3521 3933 sunt

274 3967 378 4021 ἀλλ’
403 3970 462 4023 οὐ
513 3971 644 4024 κατ’
674 3970 985 4039 ἐπίγνωσιν.
1022 3973 1268 4040 Περίελε
1327 3973 1434 4027 τὸν
1503 3975 1844 4045 ὀνειδισμόν

1960 3964 2163 4034 ptidatn
2194 3967 2453 4021 habentes
2499 3967 2749 4021 timorem
2785 3968 2910 4033 Dei,
2955 3967 3048 4021 sed
3078 3982 3181 4020 non
3218 3967 3517 4022 secundum

268 4074 378 4124 μου
395 4059 467 4113 δν
491 4059 884 4117 ὑπώπτευσα.
912 4062 1148 4135 Ποιήσας
1170 4065 1199 4115 ὀ
1234 4067 1516 4137 προφήτης
1539 4065 1613 4128 ὼς
1645 4065 1844 4137 ἄνθρω-

1960 4055 2247 4110 scientiam.
2277 4056 2504 4127 Ampula
2538 4057 2871 4127 opprobrium
2913 4074 3117 4121 meum,
3152 4058 3290 4128 quod
3340 4059 3518 4128 suspi-

275 4165 365 4214 πος
393 4152 698 4223 ἁμαρτίαν,
746 4154 1069 4225 παρακαλεῖ,
1124 4156 1245 4209 ἐπεὶ
1283 4159 1383 4230 ὁρᾷ
1418 4157 1506 4210 τὸν
1542 4157 1843 4229 ὀνειδισμὸν

1960 4155 2092 4199 ratus
2121 4162 2255 4200 sum.
2284 4145 2417 4201 Cum
2451 4145 2718 4216 Propheta
2764 4157 3043 4218 peccasset
3090 4158 3149 4203 ut
3180 4149 3365 4211 homo,
3397 4158 3520 4205 orat

273 4241 779 4311 παρακολουθοῦντα
808 4245 864 4297 ἐν
907 4244 985 4316 τῷ
1017 4243 1144 4317 θείῳ
1190 4246 1523 4320 δικαστηρίῳ
1556 4247 1692 4319 μετὰ
1747 4247 1843 4319 τὴν

1960 4247 1996 4291 :t
2026 4237 2348 4307 deprecatur
2381 4238 2730 4308 opprobrium
2767 4240 2913 4309 quod
2945 4238 3184 4294 futurum
3220 4239 3363 4295 videt
3395 4250 3520 4310 post

272 4331 579 4401 ἀνάστασιν,
637 4335 729 4387 καί
762 4334 908 4403 λέγει
956 4336 1046 4391 τὸν
1076 4338 1425 4410 προκείμενον
1480 4340 1679 4410 στίχον.
1732 4340 1844 4393 Οὐκ

1960 4330 2403 4397 resurrectionem
2450 4331 2504 4384 in
2547 4331 2734 4386 divino
2773 4332 3052 4396 tribunali,
3084 4342 3138 4387 et
3160 4333 3348 4387 recitat
3372 4333 3519 4389 hunc

270 4423 329 4475 ἂν
351 4425 407 4478 δὲ
421 4425 613 4495 λέγοις
638 4426 798 4480 τοῦτο
823 4428 1017 4498 λέγων’
1035 4430 1259 4500 Περίελε
1283 4431 1372 4483 τὸν
1394 4430 1695 4501 ὀνειδισμόν
1724 4447 1840 4483 σου.

1960 4438 2189 4478 versum.
2222 4420 2407 4493 Neque
2431 4423 2633 4479 dixeris
2663 4425 2765 4479 hoc
2796 4424 2955 4479 modo
2991 4443 3003 4479 :
3036 4424 3270 4494 Amputa
3311 4440 3515 4495 oppro-

272 4513 430 4572 ὀταν
457 4519 571 4590 γὰρ
614 4517 937 4589 ὀνειδίζομαι
985 4519 1073 4574 διὰ
1117 4521 1206 4574 τὸν
1246 4522 1513 4593 Χριστὸν,
1567 4524 1771 4584 ἐκεῖνος
1814 4522 1843 4574 ὀ

1960 4514 2126 4569 crium
2161 4524 2337 4569 tuum.
2368 4513 2503 4568 Nam
2537 4531 2656 4570 cum
2696 4516 3006 4586 opprobriis
3051 4516 3255 4571 aﬂicior
3297 4525 3520 4588 propter

269 4605 563 4679 ὀνειδισμὸς
583 4608 689 4661 οὐκ
722 4607 868 4661 ἔστιν
901 4608 1052 4678 ἐμὸς,
1101 4608 1238 4662 ἀλλὰ
1266 4609 1359 4662 τοῦ
1404 4609 1662 4682 Χριστοῦο
1713 4612 1840 4664 ὅταν

269 4698 319 4750 δὲ
348 4701 684 4773 ὀνειδίζομαι
708 4702 796 4756 διὰ
820 4701 918 4766 τὰς
948 4703 1086 4774 ἐμὰς
1120 4704 1409 4775 ἁμαρτίας,
1445 4705 1539 4758 καὶ
1568 4705 1642 4777 μὴ
1675 4723 1839 4776 μετα-

269 4789 506 4858 νοιῖ),οὑκ
540 4791 748 4863 ὀφείλω
797 4792 994 4861 λέγειν’
1049 4795 1293 4862 Περίελε
1339 4794 1447 4848 τὸν
1496 4794 1839 4865 όνειδισμόν

264 4898 373 4949 μου
425 4885 529 4939 ἀπ’
561 4882 737 4955 ἐμοῦ,
770 4884 843 4939 ὃν
896 4883 1280 4950 ὑπώπτευσα,
1327 4886 1416 4940 ὅτι
1471 4886 1545 4940 τὰ
1569 4885 1840 4957 ,χρίματὰ

268 4987 374 5028 σου
399 4976 664 5045 χρηστά.

342 5065 485 5120 Ἰδοὺ
510 5067 869 5135 ἐπεθύμησα
892 5066 995 5133 τὰς
1015 5066 1265 5133 ἐντολάς
1285 5081 1421 5133 σου,
1446 5066 1515 5120 ἐν
1534 5065 1609 5136 τῇ
1623 5066 1842 5121 δικαιο-

268 5155 416 5226 σύνη
469 5172 592 5211 σου
640 5154 829 5225 ζῆσόν
863 5174 957 5228 με.
1004 5157 1257 5229 Ἀμοιϐὴν
1303 5160 1442 5212 αἰτεῖ
1489 5158 1587 5230 τὴν
1625 5158 1838 5213 δικαίαν

268 5245 402 5320 ζωὴν
429 5252 525 5304 καὶ
560 5249 687 5304 κατ’
716 5250 936 5321 ἀρετὴν,
979 5251 1038 5304 οὗ
1087 5250 1245 5321 μόνον
1279 5250 1517 5320 φυλάξας
1550 5252 1649 5316 τὰς
1694 5253 1842 5305 ἐντο-

269 5333 377 5400 λὰς,
410 5338 550 5392 ἀλλὰ
583 5340 683 5393 καὶ
715 5339 990 5409 ἐρωτικῶς
1012 5341 1137 5412 περὶ
1164 5340 1333 5404 αὐτὰς
1357 5340 1716 5413 διακείμενος,
1744 5340 1839 5395 καὶ

269 5429 362 5481 οὐκ
392 5429 571 5485 ἄλλων
599 5430 781 5503 χάριν,
823 5432 939 5485 ἀλλ’
963 5433 1131 5496 αὑτὰς
1156 5434 1251 5488 καὶ
1286 5432 1352 5487 δι’
1383 5433 1552 5498 αὐτὰς
1581 5432 1834 5489 ἐκτελῶν.

270 5516 372 5573 Καὶ
402 5524 525 5576 ἐπεὶ
559 5521 876 5593 δικαιοσύνη
908 5524 999 5577 τοῦ
1058 5524 1267 5597 Πατρὸς
1310 5528 1338 5580 ὀ
1389 5526 1532 5593 Υἱὸς,
1582 5530 1611 5581 ὁ
1637 5528 1695 5580 ὲν
1725 5526 1839 5599 Υίῷ

271 5604 422 5678 ζῆσαι
450 5611 780 5683 βουλόμενος
801 5612 954 5665 τοῦτό
982 5629 1133 5685 φησι.

343 5817 387 5853 δ’
420 5815 618 5876 iiattb.
652 5833 800 5891 xm,
841 5819 932 5876 41.
1001 5819 1047 5854 ⁵⁸
1086 5817 1285 5899 Ephes.
1323 5835 1397 5889 tv,
1437 5818 1527 5891 l7,
1554 5819 1640 5878 l8.
1716 5821 1758 5854 "
1789 5816 1947 5875 Rom.
1973 5833 2030 5887 ι,
2059 5818 2111 5899 2.

1944 4603 2250 4671 Christum,
2297 4606 2427 4661 illud
2472 4606 2822 4675 opprobrium
2882 4621 2992 4660 non
3047 4613 3132 4661 est
3180 4622 3384 4672 meum,
3421 4610 3517 4663 sed

1945 4696 2152 4751 Christi
2176 4705 2300 4752 est:
2335 4712 2459 4752 cum
2492 4704 2671 4751 autem
2707 4695 3015 4767 opprobriis
3058 4696 3261 4751 aﬂicior
3300 4708 3519 4767 propter

1943 4796 2165 4856 peccata
2199 4803 2343 4853 mea,
2378 4803 2554 4858 neque
2597 4788 2971 4858 paenitentiam
3003 4802 3126 4858 ago,
3166 4804 3273 4843 non
3307 4797 3519 4859 oportet

1945 4894 2035 4933 me
2064 4880 2288 4935 dicere:
2325 4880 2555 4949 Amputa
2602 4879 2936 4949 opprobrium
2976 4896 3148 4933 meum
3182 4898 3213 4934 a
3237 4897 3338 4949 me,
3377 4882 3515 4951 quod

1946 4972 2243 5041 suspicatus
2280 4988 2419 5039 sum,
2441 4973 2564 5042 quia
2584 4971 2791 5041 judicia
2826 4982 2917 5025 tua
2939 4973 3199 5042 jucunda.

2023 5061 2113 5115 40.
2143 5059 2278 5115 Ecce
2317 5063 2585 5129 concupiui
2618 5064 2869 5116 mandata
2909 5073 3021 5130 tua,
3049 5063 3103 5117 in
3150 5064 3391 5135 wquit'ate
3422 5071 3514 5115 tua

1945 5154 2153 5223 viviﬁca
2204 5170 2304 5209 me.
2349 5152 2583 5209 Proham
2621 5165 2674 5210 et
2712 5155 2766 5209 in
2805 5156 3004 5210 virtute
3042 5166 3216 5209 actam
3253 5153 3416 5207 vitam
3457 5153 3514 5227 ip

1952 5245 2238 5315 praemium
2280 5246 2520 5316 postulat
2547 5264 2559 5300 :
2591 5261 2699 5301 non
2744 5247 2917 5303 solum
2947 5247 3072 5317 quia
3102 5254 3366 5315 praecepta
3398 5258 3514 5298 ser-

1944 5336 2107 5401 vavit,
2150 5336 2243 5390 sed
2274 5336 2401 5406 quia
2435 5337 2641 5393 amoris
2664 5336 2856 5393 affectu
2886 5337 2976 5391 illa
2999 5334 3393 5404 complectitur,
3412 5350 3514 5391 nec

1943 5428 2169 5492 alterius
2198 5427 2275 5482 rei
2306 5443 2493 5493 causa,
2528 5428 2621 5483 sed
2658 5427 2747 5481 illa
2795 5427 2969 5482 solum
3011 5440 3261 5494 qumrens
3295 5434 3349 5481 et
3385 5442 3511 5493 pro-

1940 5527 2059 5588 pter
2091 5518 2180 5572 illa
2216 5532 2400 5588 agens.
2435 5517 2499 5572 Et
2524 5519 2651 5589 quia
2686 5517 2855 5573 Filius
2880 5517 3191 5587 cstjustitia
3217 5514 3418 5599 Patris,
3444 5515 3511 5571 ii-

1937 5611 2031 5666 lud
2062 5613 2135 5666 ait
2158 5611 2253 5683 qui
2282 5612 2337 5666 in
2364 5607 2515 5687 Filia
2532 5612 2697 5667 vitam
2728 5625 2885 5680 agere
2910 5609 3046 5666 vult.
