3946 6222
437 318 544 381 ‘81~

1128 271 1141 279 ῃ
1246 318 1302 375 S.
1339 318 1714 375 ATHANASII
1751 317 1900 375 OPP.
1943 319 2124 376 PARS
2164 318 2253 375 Ill.
2294 350 2365 363 —
2397 321 2803 381 EXEGETICA.

3553 325 3652 382 488

506 430 595 484 Η.
627 427 698 483 Ει
722 430 888 484 veniat
915 445 1069 498 super
1114 444 1191 482 me
1216 430 1580 483 misericordia
1605 438 1723 494 tua,
1753 429 1967 483 Domine

2163 428 2273 483 Kal
2314 430 2476 484 ἔλθοι
2525 432 2617 485 ἐπ’
2642 433 2747 503 ἐμὲ
2779 432 2844 486 τὸ
2870 431 3042 499 ἔλεός
3070 447 3205 496 σου,
3236 433 3428 502 Κύριε.
3458 435 3532 503 Ἐἰ
3560 437 3650 491 τοῦ

439 522 495 578 Si
532 522 958 577 misericordiam
989 531 1158 585 tuam,
1194 520 1290 585 ait,
1324 536 1647 590 consequar,
1685 535 1807 589 qua:
1832 523 1996 576 mise-

438 616 668 672 ricordia
696 629 792 685 per
817 614 1054 669 salutare
1082 624 1231 668 tuum
1258 614 1322 667 ad
1358 629 1444 666 me
1477 612 1715 678 accedet,
1741 612 1992 678 ﬁduciam

436 708 645 764 habebo
671 708 931 762 adversus
976 722 1070 760 eos
1100 706 1191 774 qui
1229 706 1357 759 mihi
1387 704 1739 776 approbrium
1783 703 1995 768 dicunt,

431 809 485 853 et
512 799 794 852 adversum
819 811 905 851 me
927 794 1232 865 insurgunt.

528 887 617 942 42.
647 886 717 940 Et
756 885 1069 956 respondebo
1112 885 1543 953 exprobrantibus
1591 885 1719 941 mihi
1759 885 1988 950 verbum,

428 981 555 1051 quia
585 980 787 1049 speravi
828 981 883 1033 in
915 979 1242 1032 sermonibus
1292 979 1417 1034 tuis.
1458 978 1811 1048 Respondebo
1843 976 1988 1030 enim

430 1085 537 1125 non
569 1086 783 1140 aequum
811 1085 931 1127 esse
959 1070 1218 1125 conviciis
1247 1070 1460 1124 onerari
1487 1085 1610 1124 eum
1637 1070 1730 1139 qui
1754 1084 1814 1124 ea
1846 1077 1988 1122 tenet

429 1161 717 1232 dogmata;
742 1178 863 1231 qua:
897 1161 1123 1216 irrident
1168 1161 1364 1230 impuri
1420 1161 1781 1216 illi.ltomines
1817 1175 1847 1215 a
1882 1160 1986 1215 lide

428 1254 612 1309 alieni.
638 1253 751 1322 Ego
778 1268 904 1309 vero
940 1253 1223 1307 ostendam
1253 1253 1342 1306 illa
1382 1253 1677 1321 prudentiae
1704 1261 1866 1321 atque
1897 1266 1984 1305 sa-

427 1343 643 1412 pientiae
667 1344 823 1414 plena
845 1358 984 1397 esse.
1011 1341 1366 1410 Respondebo
1385 1351 1563 1397 autem
1592 1342 1838 1407 verbum,
1859 1341 1984 1411 quia

426 1439 481 1491 in
508 1437 675 1492 verbis
706 1439 811 1492 tuis
832 1436 1214 1506 supersperavi.
1896 1503 1903 1509 ‘

499 1527 589 1581 45.
623 1524 688 1580 Ει
718 1543 781 1581 ne
806 1527 1016 1594 auferas
1043 1525 1107 1578 de
1136 1539 1224 1577 ore
1253 1538 1363 1576 meo
1394 1521 1603 1575 verbum
1632 1520 1866 1575 veritatis
1893 1535 1981 1573 us-

423 1636 741 1690 quequaque,
770 1621 894 1690 quia
922 1620 978 1672 in
1006 1617 1228 1687 judiciis
1260 1617 1364 1668 tuis
1391 1614 1768 1683 supersperavi.
1800 1611 1980 1680 Usque

2100 519 2193 572 σοῦ
2238 519 2421 584 ἐλέους
2448 520 2615 592 τύχω,
2661 497 2813 594 (piget,
2858 497 3116 575 τοῦτοδὲ
3163 522 3223 574 τὸ
3265 497 3408 586 ἕλεος
3446 497 3532 576 διὰ
3560 526 3650 577 τοῦ

2097 613 2362 682 σωτηρίου
2409 629 2500 666 σου
2553 614 2835 685 γενήσεταί
2867 632 2975 683 μοι,
3019 614 3328 686 παρρησίαν
3372 602 3484 680 ἔξω
3511 619 3649 689 πρὸς

2093 702 2218 766 τοὺς
2249 703 2603 770 ὀνειδίζοντας
2651 707 2746 760 καὶ
2775 707 3237 777 ἐπανισταμένους
3260 725 3369 777 μοι.

2161 879 2271 934 Καὶ
2297 880 2767 951 ἀποκριθήσομαι
2793 880 2917 947 τοῖς
2952 877 3304 941 ὀνειδίζουσί
3317 897 3417 949 μοι
3441 881 3644 950 λόγον,

2090 970 2179 1025 ὅτι
2213 971 2444 1040 ἤλπισα
2473 974 2571 1026 ἐπὶ
2591 974 2713 1040 τοῖς
2739 975 2941 1044 λόγοις
2961 989 3094 1028 σου.
3137 973 3275 1046 Ἐρῶ
3294 973 3420 1045 γὰρ,
3448 974 3522 1038 ὼς
3549 975 3647 1028 οὐκ

2088 1063 2235 1130 ἄξιος
2262 1062 2612 1128 ὀνειδίζεσθαι
2659 1067 2750 1120 τὸν
2776 1066 2844 1120 τὰ
2884 1067 3104 1120 τοιαῦτα
3150 1066 3392 1137 δόγματα
3438 1066 3643 1137 ἔχοντα,

2088 1155 2244 1210 ἅτινα
2270 1157 2500 1226 γελῶσιν
2542 1161 2590 1212 οἱ
2618 1160 2717 1231 τῆς
2773 1161 3006 1223 πίστεως
3034 1159 3301 1230 ἀλλότριοι
3352 1160 3401 1212 ol
3453 1160 3640 1230 μωροί.

2098 1244 2239 1316 Ἐγὼ
2283 1247 2339 1301 δέ
2404 1249 2671 1314 συνέσεως
2721 1251 2984 1317 ἀποδείξω
3015 1251 3107 1304 καὶ
3142 1251 3331 1320 σοφίας
3360 1250 3645 1322 πεπληρω-

2088 1337 2243 1406 μένα.
2285 1339 2741 1414 Ἀποκριθήσομαι
2778 1344 2834 1397 δὲ
2869 1343 3043 1413 λόγον,
3091 1345 3219 1398 ἐπεὶ
3251 1347 3338 1410 εις
3382 1343 3519 1408 τοὺς
3543 1344 3643 1398 λό-

2084 1447 2227 1502 γους
2250 1447 2364 1487 σου
2400 1433 2732 1502 ἐπήλπισα.

2151 1524 2258 1577 Καὶ
2276 1523 2362 1593 μὴ
2394 1523 2676 1594 περιέλῃς
2705 1527 2775 1580 ἐκ
2803 1528 2908 1582 τοῦ
2948 1530 3243 1598 στόματός
3291 1546 3410 1598 μου
3459 1529 3640 1598 λόγον

2082 1616 2364 1683 ἀληθείας
2395 1616 2505 1682 ἕως
2553 1618 2804 1687 σφόδρα·
2840 1619 2928 1672 ὅτι
2964 1619 3063 1673 ἐπὶ
3106 1618 3229 1686 τοῖς
3251 1620 3495 1689 κρίμασι
3522 1635 3638 1672 σου

424 1712 491 1767 ad
519 1721 841 1773 extremum,
872 1709 1065 1780 inquit,
1097 1708 1322 1762 halitum
1348 1727 1363 1775 ;
1395 1708 1442 1762 si
1486 1707 1703 1776 indigne
1732 1705 1970 1758 vivamus

2081 1705 2407 1773 ἐπήλπισα.
2435 1708 2610 1781 Μέχρι
2636 1710 2734 1780 τῆς
2782 1710 3014 1782 ἐσχάτης
3066 1712 3250 1781 πνοῆς,
3290 1712 3470 1781 φησίν.
3515 1710 3638 1764 Ἐἀν

424 1805 492 1860 iis
513 1820 635 1874 quae
660 1815 805 1859 recte
830 1805 1121 1873 loquimur,
1144 1800 1288 1856 Deus
1301 1800 1509 1856 auferet
1538 1798 1758 1854 verbum
1783 1796 1970 1852 verita-

2081 1796 2310 1862 ἀναξίως
2355 1794 2430 1853 ὧν
2496 1779 2943 1873 καλῶςλέγομεν
2971 1779 2980 1782 ⁷
3009 1779 3327 1872 βιώσω-μεν,
3353 1779 3362 1781 -
3400 1803 3638 1873 περιελεῖ

424 1895 494 1951 tis
521 1896 587 1951 de
615 1911 710 1950 ore
736 1904 947 1949 nostro.

492 2074 582 2129 44.
612 2072 682 2127 Et
706 2073 995 2127 custodiam
1021 2072 1181 2142 legem
1208 2083 1352 2125 tuam
1367 2086 1585 2139 semper.
1621 2069 1735 2141 (47)
1759 2068 1975 2132 Custos,

420 2167 617 2238 inquit,
636 2181 730 2221 ero
761 2165 892 2235 legis
921 2174 1024 2219 tua:
1053 2183 1065 2218 :
1099 2180 1272 2234 neque
1305 2164 1467 2218 modo
1492 2171 1636 2218 recte
1662 2177 1749 2217 me
1767 2177 1973 2232 geram,

418 2259 578 2314 modo
612 2273 803 2324 secus;
849 2257 940 2312 sed
983 2268 1037 2311 et
1076 2259 1128 2311 in
1177 2255 1429 2326 prtesenti
1454 2265 1509 2310 et
1541 2258 1598 2309 in
1640 2253 1823 2309 futuro
1855 2254 1976 2308 vitae

416 2366 551 2406 meae.
580 2358 820 2420 tempore
854 2349 1026 2418 legem
1054 2349 1307 2418 implebo.

491 2442 582 2498 46.
626 2441 696 2497 Et
743 2441 991 2512 loquebar
1036 2441 1089 2494 in
1132 2442 1440 2495 testimoniis
1469 2440 1570 2494 tuis
1609 2440 1664 2493 in
1698 2447 1972 2508 conspectu

414 2551 618 2606 regum.
649 2532 797 2589 Talis
826 2533 932 2587 fuit
953 2532 1174 2597 Paulus,
1205 2533 1328 2587 talis
1353 2531 1564 2598 Petrus,
1591 2532 1714 2586 talis
1753 2539 1972 2600 aposto-

413 2627 590 2681 lorum
611 2634 666 2681 et
689 2635 983 2696 martyrum
1006 2626 1227 2680 chorus.
1256 2624 1379 2680 Hazc
1401 2629 1625 2695 martyri
1646 2622 1974 2679 conveniunt

411 2716 510 2787 qui
550 2724 769 2787 propter
798 2713 1072 2770 Chrlstum
1117 2715 1184 2768 ad
1236 2730 1387 2785 reges
1418 2724 1471 2768 et
1510 2713 1767 2783 praesides
1797 2712 1967 2768 addu-

412 2809 584 2875 citur;
613 2806 864 2863 convenit
884 2808 1010 2862 item
1033 2807 1099 2861 iis
1125 2806 1215 2876 qui
1245 2821 1307 2861 os
1327 2806 1575 2875 aperiunt
1597 2805 1651 2858 in
1679 2813 1971 2875 conspectu

410 2908 724 2955 sanctorum
747 2897 930 2954 animo
951 2897 1098 2968 regio
1128 2897 1494 2965 praeditorum.
1525 2894 1798 2949 Dedecore
1818 2909 1971 2948 nam-

410 3008 519 3064 que
570 2992 766 3062 dignus
811 2990 905 3061 qui
953 2988 1174 3044 verbum
1224 2987 1494 3056 accipiens
1527 3001 1558 3040 a
1589 2985 1719 3051 Deo,
1747 3000 1855 3039 non
1903 2999 1969 3039 eo

409 3087 583 3143 utitur
606 3086 671 3141 ad
708 3084 1051 3155 Evangelium
1085 3079 1519 3136 annuntiandum
1542 3078 1742 3133 virtute
1776 3076 1967 3132 multa.
1997 3112 2039 3172 Ο

410 3178 589 3235 Proba
622 3192 857 3247 namque
881 3176 991 3231 vita
1027 3176 1274 3230 ﬁduciam
1298 3174 1459 3243 parit.

490 3271 581 3328 L7.
602 3269 670 3324 Et
693 3269 984 3326 meditabar
1002 3270 1058 3323 iu
1076 3268 1335 3322 mandatis
1353 3267 1459 3320 tuis
1482 3281 1597 3336 qua:
1620 3264 1785 3318 dilexi
1800 3263 1967 3318 valde.

411 3361 482 3416 Ει
513 3363 677 3418 levavi
719 3378 904 3416 manus
950 3377 1092 3415 nteas
1117 3360 1185 3413 ad
1228 3358 1479 3412 mandata
1507 3370 1618 3411 tua.
1640 3356 1827 3411 Manus
1883 3356 1972 3411 hic

409 3462 569 3509 vocat
609 3452 865 3522 operandi
929 3450 1180 3507 virtuteS.
1223 3448 1477 3518 Operatio
1526 3446 1671 3501 enim
1719 3454 1802 3500 est
1846 3443 1970 3503 ﬁnis

409 3544 780 3600 meditationis
803 3542 1200 3597 mandatorum.
1224 3538 1357 3594 Nam
1391 3547 1513 3609 post
1541 3536 1967 3607 assumptionem

410 3633 573 3691 Verbi
601 3636 1001 3697 mandatorum,
1031 3647 1208 3702 operte
1254 3630 1486 3700 pretium
1522 3637 1605 3684 est
1648 3644 1840 3683 manus
1876 3643 1970 3681 ex-

407 3726 629 3782 tendere
661 3726 728 3781 ad
759 3726 1137 3781 mandatorum
1184 3722 1589 3792 operationem;
1617 3736 1726 3775 non
1768 3735 1834 3774 ex
1875 3719 1969 3774 tri-

406 3818 555 3873 stitia
578 3826 673 3873 aut
704 3833 769 3872 ex
800 3818 1143 3880 necessitate,
1168 3813 1263 3869 sed
1291 3829 1359 3869 ex
1403 3813 1616 3868 alfectu.
1654 3816 1731 3868 Ac
1780 3821 1966 3883 postea

404 3910 716 3982 frequenter
743 3924 906 3980 super
920 3909 988 3964 iis
1011 3907 1279 3973 meditari,
1299 3922 1365 3962 ac
1384 3908 1451 3963 de
1471 3906 1540 3962 iis
1557 3906 1706 3976 loqui
1727 3914 1963 3978 oportet.

472 4065 559 4121 ιο.
587 4064 790 4121 Memor
822 4076 927 4120 esto
963 4066 1101 4120 verbi
1151 4065 1229 4118 tui
1258 4078 1402 4118 servo
1438 4073 1544 4118 tuo.
1579 4060 1644 4116 Et
1682 4061 1964 4131 cujusnam

402 4157 553 4211 verbi
583 4172 879 4212 memorem
923 4171 1046 4212 esse
1087 4163 1278 4227 rogat,
1309 4154 1437 4220 nisi,
1472 4163 1531 4208 ut
1577 4153 1648 4208 sit
1685 4168 1807 4208 cum
1859 4152 1964 4208 illis

397 4245 554 4315 juxta
591 4247 1008 4316 promissionem
1052 4261 1232 4312 suam,
1272 4259 1394 4315 quae
1449 4243 1751 4299 consolatio
1794 4243 1964 4313 ipsius

401 4335 505 4391 fuit
527 4336 582 4391 in
615 4338 1117 4407 persecutionibus‘!

481 4517 570 4573 50.
604 4516 735 4572 Haec
766 4533 847 4571 me
867 4517 1136 4572 consolata
1163 4529 1237 4572 est
1278 4519 1334 4573 in
1366 4518 1662 4573 humilitate
1696 4535 1829 4572 mea.
1862 4517 1961 4574 Se-

399 4607 677 4679 ptuaginta
705 4626 717 4662 :
747 4607 1059 4662 Reviviscere
1094 4608 1257 4677 facies
1281 4624 1381 4662 me.
1406 4606 1531 4663 Haec
1557 4623 1682 4678 spes
1710 4623 1803 4678 per
1844 4624 1962 4662 ver-

398 4699 527 4754 bum
559 4708 709 4753 tuum
742 4699 922 4754 oblata
952 4699 1106 4764 mihi,
1137 4700 1415 4756 consulam
1444 4707 1529 4756 est
1557 4716 1664 4768 me,
1690 4710 1744 4756 et
1765 4701 1960 4756 solatio

398 4792 530 4847 mihi
560 4790 679 4847 fuit.
702 4790 837 4847 Nam
867 4793 911 4847 si
938 4793 1158 4863 quando
1188 4808 1368 4860 casus,
1394 4804 1487 4849 aut
1521 4793 1842 4864 periculum,
1868 4802 1962 4848 aut

396 4882 589 4937 mortis
605 4882 960 4951 exspectatio,
984 4883 1163 4953 gravis
1183 4883 1429 4947 morbus,
1450 4892 1545 4937 aut
1560 4898 1724 4953 opum
1746 4883 1957 4954 jactura

393 4981 490 5027 aut
516 4972 821 5043 persecutio
848 4973 1116 5043 qualibet,
1144 4981 1239 5028 aut
1263 4975 1490 5029 aliorum
1515 4974 1813 5044 quidpiam,
1837 4991 1957 5045 quae

392 5065 553 5136 vulgo
584 5064 766 5131 gravia
791 5063 1194 5132 existimantur,
1223 5066 1404 5120 evenit
1427 5065 1582 5131 mihi,
1607 5081 1728 5135 spes
1756 5082 1882 5138 erga
1906 5075 1957 5122 te

393 5171 515 5210 mea
564 5156 922 5211 consolationi
962 5156 1097 5212 mihi
1146 5167 1281 5214 erat.
1312 5159 1451 5226 Quia
1495 5159 1759 5231 eloquium
1809 5170 1955 5214 tuum

393 5248 671 5315 viviﬁcavit
700 5264 798 5302 me.
826 5247 974 5303 Nihil
993 5266 1147 5320 aeque
1170 5252 1407 5306 animam
1430 5252 1747 5307 rationalem
1775 5253 1955 5309 vivere

392 5334 541 5400 facit,
574 5339 680 5393 vita
713 5339 913 5395 scilicet
948 5340 1048 5410 ipsi
1078 5342 1318 5411 propria,
1341 5351 1505 5412 atque
1534 5342 1809 5413 eloquium
1833 5341 1947 5396 Dei.

391 5423 526 5480 Nam
558 5429 686 5484 dum
728 5440 954 5502 augetur
995 5433 1272 5503 eloquium
1299 5432 1413 5499 Dei,
1444 5435 1559 5490 sive
1606 5436 1947 5505 conceptum,

394 5517 508 5571 sive
548 5521 994 5589 comprehensum
1047 5521 1104 5577 in
1158 5523 1396 5579 hominis
1441 5525 1656 5590 anima,
1685 5533 1950 5595 ,tantum-

393 5604 516 5661 dem
537 5619 800 5679 augentur
842 5629 963 5684 qua:
986 5614 1147 5669 vitam
1181 5624 1443 5684 spectant.
1475 5614 1568 5672 llla
1592 5628 1772 5675 autem
1803 5627 1951 5685 sunt,

465 5719 581 5793 (47)
604 5721 755 5781 Alius
776 5726 944 5784 codex
965 5727 1080 5786 haec
1103 5726 1575 5805 Eusebio_tribuit.

1759 5890 1788 5918 ο

2081 1887 2172 1942 τὸν
2211 1889 2364 1959 λόγον
2404 1890 2506 1961 τῆς
2557 1890 2812 1964 ἀληθείας
2840 1895 2904 1946 ἐκ
2954 1892 3046 1946 τοῦ
3103 1894 3368 1964 στόματος
3414 1893 3570 1965 ήμῶν
3607 1895 3637 1945 ὁ

2078 1980 2229 2044 Θεός.

2146 2072 2253 2127 Καὶ
2280 2072 2529 2142 φυλάξω
2562 2074 2668 2127 τὸν
2717 2075 2904 2143 νόμον
2950 2091 3064 2128 σου
3107 2074 3203 2131 διὰ
3246 2074 3487 2141 παντός.
3534 2074 3636 2130 Φύ-

2076 2162 2192 2227 λαξ,
2224 2164 2408 2234 φησιν,
2429 2164 2622 2236 ἔσομαι
2648 2163 2740 2218 τοῦ
2780 2165 2942 2236 νόμου
2986 2182 3099 2231 σου,
3138 2167 3198 2220 ού
3230 2167 3359 2220 ποτέ
3388 2168 3486 2238 μὲν
3506 2185 3635 2222 κατ-

2074 2253 2267 2326 ορθῶν,
2310 2255 2439 2308 ποτὲ
2480 2254 2536 2308 δὲ
2579 2254 2660 2308 οὔ·
2693 2255 2828 2309 ἀλλά
2863 2255 2957 2309 καὶ
2998 2258 3056 2310 ἐν
3079 2260 3146 2329 τῇ
3204 2258 3447 2331 παρούσῃ
3499 2260 3630 2332 ζωῇ,

2075 2346 2224 2417 φησι,
2257 2346 2352 2400 καὶ
2380 2349 2437 2400 ἐν
2473 2349 2539 2417 τῇ
2573 2346 2838 2420 μελλούσῃ
2865 2346 3051 2402 τοῦτον
3078 2349 3424 2420 κατορθώσω.

2140 2438 2249 2491 Kal
2289 2437 2554 2492 ἐλάλουν
2572 2438 2643 2491 ἐν
2673 2437 2796 2504 τοῖς
2845 2440 3188 2508 μαρτυρίοις
3213 2455 3329 2495 σου
3356 2441 3633 2495 ἐναντίον

2067 2533 2394 2597 βασιλέων.
2446 2534 2695 2597 Τοιοῦτος
2747 2534 2965 2603 γέγονεν
2997 2536 3024 2587 ό
3062 2534 3294 2599 Παῦλος,
3342 2534 3580 2598 τοιοῦτος
3604 2537 3633 2588 ὁ

2075 2626 2300 2698 Πέτρος,
2336 2625 2573 2691 τοιοῦτος
2613 2625 2721 2680 τῶν
2749 2626 3057 2680 ἀποστόλων
3109 2628 3137 2678 ὁ
3193 2626 3350 2699 χορὸς
3397 2627 3491 2680 καὶ
3524 2627 3632 2679 τῶν

2078 2716 2385 2788 μαρτύρων.
2454 2717 2706 2788 Ἀρμόσει
2768 2716 2924 2770 τοῦτο
2967 2716 3044 2788 τῷ
3103 2718 3335 2787 μάρτυρι
3410 2715 3487 2786 τῷ
3537 2717 3631 2769 ἐπὶ

2073 2808 2344 2878 ἡγεμόνας
2365 2807 2458 2862 καὶ
2490 2807 2726 2878 βασιλεῖς
2752 2809 3002 2880 ἀγομένῳ
3050 2808 3136 2861 διὰ
3183 2808 3431 2879 Χριστόν·
3469 2808 3632 2879 ἁρμόι

2073 2914 2151 2950 σει
2175 2900 2401 2961 καὶτοῖς
2429 2898 2700 2969 ἀνοίγουσι
2755 2900 2815 2951 τὸ
2869 2899 3041 2969 στόμα
3090 2901 3180 2953 ἐπὶ
3207 2900 3314 2954 τῶν
3343 2899 3630 2970 βασιλικῶν

2070 2990 2168 3055 τὰς
2196 2990 2374 3061 ψυχὰς
2402 2992 2593 3059 ἁγίων.
2631 2991 2903 3065 Αἰσχύνης
2929 2993 3037 3065 γὰρ
3065 2992 3210 3058 ἄξιος
3234 2996 3262 3047 ό
3297 2994 3371 3066 μὴ
3409 2995 3542 3066 πρὸς
3569 2995 3631 3047 τὸ

2073 3080 2514 3152 εὐαγγελίζεσθαι
2543 3083 2767 3156 δυνάμει
2797 3084 2962 3156 πολλῇ
2987 3082 3134 3156 ῥῆμα
3166 3084 3344 3138 λαϐὼν
3381 3087 3445 3138 ἐκ
3470 3086 3624 3139 Θεοῦ·

2072 3176 2105 3246 ἡ
2131 3175 2240 3247 γὰρ
2272 3174 2492 3245 ἔννομος
2528 3173 2639 3247 ζωὴ
2670 3177 2978 3248 παρρησίας
2998 3178 3346 3247 δημιουργός.

2138 3265 2247 3320 Kal
2275 3265 2563 3334 ἐμελέτων
2593 3267 2662 3320 ἐν
2707 3267 2832 3333 ταῖς
2869 3266 3144 3334 ἐντολαῖς
3170 3284 3307 3330 σου,
3365 3263 3462 3333 αἷς
3481 3265 3625 3335 ἠγά-

2069 3370 2237 3424 πησα
2264 3357 2516 3426 σφόδρα.
2562 3358 2671 3412 Kal
2695 3354 2809 3428 ἦρα
2834 3357 2938 3424 τὰς
2967 3357 3168 3427 χεῖράς
3198 3376 3318 3426 μου
3352 3358 3499 3426 πρὸς
3522 3362 3629 3424 τὰς

2068 3447 2319 3514 ἐντολάς
2346 3463 2480 3502 σου.
2510 3449 2708 3520 Χεῖρας
2757 3448 2986 3502 ἐνταῦθα
3011 3447 3109 3512 τάς
3142 3447 3448 3519 πρακτικὰς
3476 3448 3627 3519 ἐνερ-

2068 3537 2219 3606 γείας
2270 3534 2407 3591 εἶναί
2446 3556 2626 3610 φησιν.
2671 3541 2734 3592 Ἡ
2780 3540 2889 3611 γὰρ
2939 3541 3138 3612 πρᾶξις
3185 3541 3335 3604 τέλος
3401 3540 3627 3612 μελέτης

2067 3628 2216 3682 ἐστὶν
2240 3628 2486 3683 ἐντολῶψ
2522 3629 2658 3701 με,τά
2682 3630 2790 3701 γὰρ
2832 3631 3090 3701 ἀνάληψιν
3118 3628 3212 3684 τοῦ
3253 3629 3362 3683 τῶν
3403 3630 3626 3683 ἐντολῶν

2066 3719 2242 3786 Λόγου
2269 3719 2429 3772 καλὸν
2451 3720 2511 3772 τὸ
2541 3721 2741 3793 ἐπᾶραι
2762 3721 2861 3784 τὰς
2912 3724 3098 3794 χεῖρας
3126 3722 3219 3774 ἐπὶ
3254 3720 3353 3785 τὰς
3395 3721 3501 3774 τῶν
3541 3721 3627 3773 ἐν·

2065 3809 2235 3863 τολῶν
2274 3809 2519 3881 πράξεις’
2564 3811 2636 3883 μὴ
2682 3814 2746 3865 ἐκ
2788 3811 2961 3883 λύπης
2999 3812 3032 3884 ἢ
3070 3812 3130 3877 ἐξ
3180 3813 3442 3883 ἀνάγκης,
3490 3811 3626 3866 ἀλλὰ

2066 3901 2160 3955 καὶ
2190 3901 2499 3965 διαθέσεως·
2530 3904 2622 3955 καὶ
2645 3902 2783 3972 μετά
2809 3902 2978 3957 ταῦτα
3032 3904 3265 3976 συνεχῶς
3295 3904 3421 3977 περὶ
3448 3904 3623 3958 αὐτῶν

2064 3991 2367 4063 ἀδολεσχεῖν
2388 4009 2445 4045 τε
2475 3992 2568 4045 καὶ
2598 3991 2957 4059 διαλέγεσθαι.

2136 4081 2448 4150 Μνήσθητι
2479 4082 2587 4136 τὸν
2616 4083 2801 4150 λόγον
2840 4097 2955 4136 σου
2983 4081 3064 4149 τῷ
3100 4083 3295 4149 δούλῳ
3321 4099 3458 4139 σου.
3513 4084 3622 4137 Καὶ

2064 4173 2261 4234 ποῖοςό
2286 4170 2441 4240 λόγος
2490 4167 2552 4226 οὗ
2589 4171 2887 4242 μνησθῆναι
2934 4172 3094 4227 αὐτὸν
3123 4172 3279 4237 ἀξιοῖ,
3324 4173 3356 4244 ἢ
3400 4174 3459 4227 τὸ
3486 4170 3621 4228 εἶναι

2065 4261 2184 4329 μετ’
2229 4259 2427 4323 αὐτῶν,
2475 4259 2597 4314 καθ’
2637 4261 2703 4332 ἣν
2749 4261 2976 4317 δέδωκεν
3033 4265 3212 4328 αὐτοῖς
3263 4265 3618 4334 ἐπαγγελίαν,

2062 4350 2182 4421 ἥτις
2227 4350 2320 4404 καὶ
2371 4351 2715 4424 παράκλησις
2757 4355 2938 4420 αὐτοῖς
2986 4356 3043 4410 ἐν
3087 4358 3196 4420 τοῖς
3222 4356 3476 4427 διωγμοῖς
3506 4357 3617 4425 ἐγί-

1989 4449 2035 4504 D
2062 4458 2207 4507 νετο;

2132 4532 2294 4602 Αὕτη
2321 4551 2397 4604 με
2428 4534 2837 4603 παρεκάλεσεν
2882 4538 2951 4591 ἐν
2977 4536 3052 4606 τῇ
3099 4538 3446 4593 ταπεινώσει
3478 4554 3613 4609 μου.

2061 4626 2124 4678 Ol
2153 4623 2535 4697 ἐϐδομήκοντα·
2588 4627 2952 4695 ἀναζωώσεις
2976 4645 3073 4699 με.
3109 4629 3255 4699 Αῦτη
3274 4632 3412 4700 τιςή
3443 4629 3614 4695 ἐλπὶς,

2060 4717 2381 4788 ἐγγινομένη
2420 4736 2510 4789 μοι
2530 4720 2636 4773 ἀπὸ
2661 4720 2754 4774 τοῦ
2782 4719 2874 4774 σοῦ
2917 4720 3097 4789 λόγου,
3147 4720 3484 4792 παρεκάλεσέ
3526 4739 3615 4792 με,

2060 4809 2154 4862 καὶ
2193 4809 2612 4882 παρεμυθήσατό
2665 4830 2752 4883 με,
2803 4814 2882 4874 είς
2909 4811 2970 4864 τό
2991 4829 3004 4842 ·
3037 4813 3090 4866 εἴ
3117 4829 3246 4866 ποτε
3274 4812 3617 4887 περιστάσεις

2059 4898 2398 4969 ἣκίνδυνος,
2458 4902 2491 4975 ἢ
2549 4902 2778 4957 θανάτου
2830 4903 3048 4975 δοκιμὴ,
3095 4903 3248 4966 νόσος
3304 4902 3537 4976 χαλεπὴ,
3582 4904 3614 4974 ῆ

2060 4990 2301 5045 ἀπώλεια
2359 4991 2465 5046 τῶν
2520 4993 2949 5066 ὑπαρχόντων,ἢ
3000 4992 3318 5065 διωγμοῦ,ἢ
3350 4994 3403 5048 εἴ
3447 5010 3500 5046 τι
3529 4994 3617 5065 δή-

2058 5100 2186 5136 ποτε
2213 5084 2320 5138 τῶν
2344 5084 2710 5157 νομιζομένων
2736 5086 2983 5158 χαλεπῶν
3025 5084 3399 5156 κατελάμϐανέ
3451 5102 3542 5157 με,
3583 5087 3616 5156 ἡ

2058 5174 2151 5227 ἐπὶ
2175 5175 2234 5227 σὲ
2260 5174 2415 5239 ἐλπὶς
2446 5176 2784 5249 παράκλησίς
2838 5196 2937 5249 μου
2994 5172 3082 5250 ἦν.
3122 5177 3249 5230 Ὅτι
3304 5175 3370 5229 τὸ
3410 5175 3619 5245 λόγιόν

2056 5280 2171 5318 σου
2197 5264 2374 5333 ἐζησέ
2393 5282 2488 5336 με.
2520 5267 2682 5324 Οὐδὲν
2713 5267 2840 5322 ἄλλο
2869 5270 3009 5322 ποιεῖ
3057 5268 3152 5338 ζῇν
3190 5267 3410 5338 λογικὴν
3439 5264 3617 5335 ψυχὴν

2056 5353 2155 5425 τὴν
2179 5356 2373 5427 ἑαυτῆς
2413 5356 2555 5430 ζωὴν
2584 5358 2658 5423 ὡς
2685 5358 2745 5413 τό
2776 5359 2950 5429 λόγιον
2976 5356 3070 5412 τοῦ
3092 5356 3246 5413 Θεοῦ.
3280 5355 3412 5409 Καθ’
3439 5355 3469 5409 δ
3503 5353 3615 5423 ε’ἀρ

2059 5445 2213 5511 αὔξει
2236 5446 2298 5500 τὸ
2341 5446 2517 5517 λόγιον
2544 5449 2637 5503 τοῦ
2664 5451 2821 5517 Θεοῦ,
2873 5452 2967 5505 καὶ
2995 5449 3277 5522 νοούμενον
3311 5447 3403 5500 καὶ
3448 5462 3616 5516 παρα-

2055 5534 2458 5609 λαμϐανόμενον
2505 5541 2583 5604 είς
2623 5541 2719 5613 τὴν
2765 5540 2856 5596 τοῦ
2904 5541 3188 5613 ἀνθρώπου
3239 5539 3439 5611 ψυχὴν,
3474 5537 3615 5593 κατά

2058 5627 2215 5684 τοῦτο
2241 5627 2460 5696 αὔξεται
2508 5632 2603 5689 καὶ
2650 5634 2718 5688 τὰ
2742 5636 2841 5707 τῆς
2898 5630 3060 5705 ζωῆς.
3112 5631 3294 5688 Ταῦτα
3324 5630 3380 5686 δέ
3413 5631 3530 5686 ἐστι
3552 5628 3613 5683 ἰδ
