3946 6222
291 315 397 366 489

1381 323 1745 383 EXPOSlTIO
1784 328 1849 382 IN
1893 330 2221 388 PSALML‘M
2261 335 2498 392 CXVI".

3431 352 3534 405 ιον

295 424 387 478 σὺν
407 426 574 495 ἀρετῇ
602 422 702 496 ζῇν
717 428 964 482 ἐνταῦθα·
986 432 1122 501 μετὰ
1143 432 1311 488 ταῦτα
1330 434 1384 488 δὲ
1410 437 1504 491 καὶ
1526 437 1623 509 τὴν
1644 440 1829 497 αἰώνιο

1961 462 2082 501 cum
2124 449 2319 508 virtute
2360 456 2415 508 in
2450 454 2552 510 hac
2582 463 2688 509 vnta
2726 472 2919 528 agere;
2954 469 3077 529 post
3109 461 3224 518 hac
3264 473 3447 522 autem
3475 478 3531 524 st

292 514 471 567 δίδωσι
503 513 669 585 ζωήν.

370 605 757 676 ’Υπερήφανοι
787 614 1176 683 παρηνόμουν
1200 615 1310 682 ἕως
1345 622 1602 690 σφόδρα,
1633 624 1752 678 ἀπὸ
1793 624 1863 679 δὲ

290 694 392 748 τοῦ
425 696 615 766 νόμου
645 714 762 754 σου
803 704 913 756 οὐκ
953 704 1251 769 ἐξέκλινα.
1294 710 1383 763 Ἐν
1413 712 1559 783 αὐτῷ
1590 714 1698 785 γὰρ
1728 716 1860 769 ἐπο-

289 787 576 859 λιτευόμην
608 792 790 863 τηρῶν
815 794 874 847 τὸ
898 797 1227 866 ἡγεμονικόν
1258 819 1381 872 μου,
1416 803 1503 859 ἵνα
1526 806 1605 877 μὴ
1638 807 1860 878 γένηται

290 880 437 952 ῥῆμα
469 885 712 955 κρυπτὸν
735 887 793 940 ὲν
817 890 884 959 τῇ
915 890 1109 961 καρδίᾳ
1139 909 1242 962 μου
1274 894 1559 968 ἀνὸμιμον.
1605 899 1858 955 Ἐκείνων

286 972 389 1044 γὰρ
436 972 560 1027 λίαν
608 980 1099 1050 παρανομούντων,
1130 985 1251 1038 οὐδὲ
1298 988 1439 1042 κατὰ
1495 990 1692 1063 μικρὸν
1745 992 1858 1062 ἐγὼ

282 1063 371 1116 τὸν
396 1064 561 1136 νόμον
594 1083 686 1121 σου
713 1070 1061 1141 παρέϐαινον.

350 1155 404 1207 Ἐ
401 1155 693 1226 μνήσθην
704 1158 820 1212 τῶν
834 1161 1131 1231 κριμάτων
1142 1180 1260 1220 σου
1279 1180 1364 1221 απ
1402 1166 1638 1237 αἰῶνος,
1656 1173 1851 1242 Κύριε,

282 1245 378 1299 καί
389 1247 797 1319 παρεκλήθην.
818 1253 899 1305 Με
907 1270 1011 1325 μνη
1020 1254 1179 1325 μένος
1194 1256 1302 1329 γὰρ
1316 1257 1424 1311 τῶν
1441 1259 1536 1313 ἀπ’
1552 1261 1744 1325 αἰῶνος
1759 1262 1855 1315 καὶ

280 1337 378 1401 ἕως
408 1337 607 1402 αίῶνος
646 1341 1133 1415 ἀποδοθησομένων
1174 1347 1417 1418 ἑκάστῳ,
1452 1350 1851 1420 παρακαλεῖται

278 1429 370 1482 καὶ
416 1428 622 1494 ἄλυπος
669 1434 698 1484 ό
734 1433 941 1499 δίκαιος
978 1435 1129 1505 μένει
1179 1437 1387 1506 λέγων·
1435 1444 1557 1495 Οὐκ
1603 1441 1744 1508 ἄξια
1780 1442 1852 1496 τὰ

277 1520 595 1591 παθήματα
620 1523 725 1578 ιοῦ
751 1524 867 1579 νῦν
896 1528 1105 1597 καιροῦ
1146 1529 1297 1598 πρὸς
1336 1530 1453 1600 τὴν
1491 1531 1851 1601 μέλλουσαν

272 1609 463 1678 δόξαν
491 1615 989 1689 ἀποκαλυφθῆναι
1009 1624 1097 1688 είς
1126 1623 1300 1693 ἡμᾶς.
1325 1621 1425 1679 Ὧν
1454 1628 1717 1699 ἐποίησας
1743 1629 1847 1683 πά-

271 1701 359 1757 λαι
391 1708 508 1770 τοῖς
539 1706 783 1763 ἀδικοῦσι
824 1710 916 1764 τὸν
951 1713 1184 1785 Ἰσραὴλ,
1219 1717 1600 1789 μνημονεύσας
1641 1720 1846 1792 κριμά-

1963 539 2132 595 vitam
2156 541 2386 613 largitur
2413 553 2692 602 aeternam.

2024 631 2109 685 51.
2154 630 2376 703 Superbi
2428 636 2604 707 inique
2649 637 2869 708 agebant
2914 657 3312 715 usquequaque,
3348 664 3383 701 ο
3418 648 3531 720 lege

1961 729 2136 774 autem
2161 730 2253 777 tua
2280 740 2382 777 non
2405 724 2683 780 declinavi.
2723 727 2779 781 In
2811 728 2900 783 illa
2929 731 3074 786 enim
3108 733 3274 790 vitam
3302 737 3529 806 agebam

1960 807 2257 864 observa-ms
2277 811 2385 865 vim
2409 813 2606 868 animae
2627 814 3000 886 principalem,
3020 835 3087 875 ne
3110 823 3263 878 ﬁeret
3290 824 3345 879 in
3365 826 3531 882 corde

1957 912 2080 953 meo
2110 901 2333 956 verbum
2387 904 2765 961 absconditum
2825 908 3189 980 illegitimum.
3221 911 3330 970 illis
3381 917 3527 972 enim

1956 987 2295 1059 iniquissime
2326 996 2629 1066 agentibus,
2664 1013 2732 1053 ne
2758 1000 3027 1056 tantillum
3057 1004 3278 1074 quidem
3313 1021 3414 1077 ego
3449 1009 3528 1065 le-

1954 1095 2074 1151 gem
2106 1090 2253 1137 tuam
2284 1093 2654 1158 transgressus
2682 1104 2829 1144 sum.

2035 1169 2124 1226 52.
2152 1170 2358 1228 Memor
2402 1177 2482 1245 fui
2524 1177 2845 1245 iudiciorum
2878 1189 3086 1238 tuorum
3117 1202 3151 1240 ιι
3172 1187 3388 1256 saeculo,
3414 1188 3526 1245 Do-

1952 1260 2111 1324 mine,
2141 1271 2192 1315 et
2225 1264 2528 1321 consolatus
2557 1283 2694 1324 sum.
2725 1268 2931 1325 Memor
2951 1274 3096 1329 enim
3124 1290 3315 1332 eorum
3346 1293 3472 1348 qua:
3491 1294 3522 1335 a

1951 1353 2149 1407 saeculo
2177 1369 2353 1423 usque
2384 1356 2439 1410 in
2470 1360 2728 1415 saeculum
2752 1362 2982 1434 singulis
3006 1365 3183 1423 danda
3214 1378 3363 1434 sunt,
3390 1386 3522 1427 con-

1950 1438 2269 1496 solationem
2296 1443 2479 1513 justus
2515 1447 2748 1518 accipit,
2781 1467 2882 1508 nec
2920 1453 2983 1508 in‘
3022 1455 3238 1512 tristitia
3279 1459 3409 1529 agit,
3439 1462 3521 1516 di-

1948 1543 2080 1583 cens
2110 1548 2124 1583 :
2163 1528 2286 1584 Non
2316 1542 2438 1586 sunt
2482 1535 2755 1606 condigne
2781 1540 3050 1607 passiones
3081 1543 3236 1615 hujus
3271 1528 3519 1618 temporis

1945 1619 2018 1672 ad
2041 1619 2273 1687 futuram
2292 1623 2517 1693 gloriam
2538 1642 2654 1697 qua:
2674 1629 2986 1684 revelabitur
3014 1633 3069 1686 in
3088 1634 3237 1689 nobis
3251 1635 3318 1690 '°.
3344 1637 3516 1707 (Alius

1945 1707 2155 1782 codex.)
2181 1709 2391 1767 Memor
2415 1713 2745 1783 judiciorum
2766 1733 2889 1787 quae
2904 1720 3033 1775 olim
3061 1724 3232 1780 tulisti
3253 1726 3517 1785 adversus

270 1811 397 1860 των,
425 1799 809 1871 παρεκλήθην·
836 1799 1013 1867 εἰδὼς,
1046 1803 1121 1868 ὡς
1154 1805 1272 1858 οὐδὲ
1299 1806 1461 1871 αὐτὸς
1487 1809 1545 1861 ἐν
1576 1811 1687 1872 τοῖς
1711 1808 1831 1862 διω-

1945 1811 2040 1853 eos
2083 1801 2177 1870 qui
2206 1802 2458 1872 injuriam
2493 1804 2728 1862 facerent
2756 1807 2963 1873 lsraeli,
2998 1814 3314 1872 consolatus
3337 1832 3458 1874 sum
3495 1839 3512 1875 :

270 1887 428 1955 γμοῖς
456 1887 1012 1962 ὲγκαταληφθήσομαι
1036 1932 1051 1956 ,
1081 1895 1175 1946 καὶ
1208 1895 1285 1960 ὡς
1326 1897 1505 1951 πάντα
1536 1899 1677 1954 κατὰ
1710 1900 1845 1954 Θεοῦ

270 1976 450 2046 κρίσιν
480 1979 595 2041 τοῖς
617 1978 922 2050 ἀνθρώποις
951 1985 1259 2054 συμϐαίνει.

346 2160 585 2232 Ἆθυμία
610 2164 866 2235 κατέσχε
885 2184 961 2235 με
987 2168 1107 2221 ἀπὸ
1134 2170 1497 2239 ἁμαρτωλῶν
1528 2172 1648 2227 τῶν
1667 2175 1841 2244 ἐγκα-

265 2256 757 2324 τωιμπανόντων
790 2259 898 2312 τόν
923 2260 1112 2328 νόμον
1128 2277 1264 2316 σου.
1303 2264 1428 2316 Ἐπὶ
1450 2266 1556 2318 τῶν
1584 2267 1840 2336 ἁμαρτω-

264 2343 390 2410 λῶν,
421 2348 471 2398 oi
504 2348 603 2417 μὲν
633 2348 849 2419 ἀνόμως
880 2350 1273 2421 ἁμαρτάνουσι,
1311 2353 1388 2425 τῷ
1434 2355 1568 2425 μηδὲ
1608 2357 1707 2426 τὴν
1741 2360 1840 2428 ἁρ-

262 2432 360 2503 χὴν
406 2437 765 2509 πειρασθῆναι
811 2440 1023 2510 νόμων*
1059 2443 1107 2495 oi
1152 2442 1209 2496 δὲ
1247 2445 1304 2496 ὲν
1341 2444 1511 2517 νόμῳ,
1540 2447 1617 2518 τῷ
1656 2465 1836 2520 παρα-

257 2524 465 2580 ϐαίνειν
518 2529 700 2584 αὐτόν.
746 2532 854 2585 Kal
891 2535 1019 2602 μετ’
1059 2535 1260 2604 ὀλίγα·
1297 2538 1363 2589 Ei
1394 2555 1447 2590 τι
1478 2538 1586 2610 γὰρ
1637 2539 1835 2610 πάσχει

259 2615 316 2669 ἓν
346 2619 529 2690 μέλος,
562 2622 870 2695 συμπάσχει
899 2625 1075 2680 πάντα
1105 2626 1173 2679 τὰ
1213 2629 1347 2699 μέλη
1372 2645 1386 2658 ·
1423 2631 1517 2683 καὶ
1545 2631 1640 2685 ἐὰν
1671 2631 1830 2698 δοξὰ-

261 2709 417 2781 ζηται
448 2711 508 2765 ἓν
543 2713 725 2784 μέλος,
761 2716 1042 2787 συγχαίρει
1081 2719 1260 2773 πάντα
1291 2720 1359 2773 τὰ
1395 2721 1554 2793 μέλη.
1590 2723 1700 2776 Καὶ
1740 2724 1833 2778 ἐπὶ

258 2802 368 2864 τοῖς
396 2800 645 2871 ἀδελφοῖς
673 2798 764 2857 οὖν
794 2804 947 2875 ήμῶν
976 2808 1087 2868 τοῖς
1119 2806 1511 2877 ἁμαρτάνουσι,
1544 2809 1829 2865 λυπεῖσθαι

256 2891 512 2964 καθήκει,
540 2895 623 2947 ὅτι
652 2894 882 2949 τοιοῦτοί
911 2899 1040 2960 εἰσι,
1067 2898 1160 2952 καὶ
1191 2897 1332 2952 οὕτω
1360 2900 1661 2955 διακεῖσθαι
1689 2901 1830 2957 κατὰ

256 2985 345 3039 τὸν
378 2987 450 3056 ἅτ
457 3005 534 3042 ιον
564 2988 772 3044 τοῦτον.

331 3079 541 3133 Ψαλτὰ
568 3077 731 3151 ἦσαν
759 3100 862 3150 μοι
895 3081 967 3137 τὰ
1004 3083 1361 3153 δικαιώματά
1404 3102 1518 3141 σου
1560 3088 1635 3143 ἐν
1667 3089 1829 3155 τόπῳ

1947 1905 2185 1960 gnarus,
2234 1910 2412 1964 neque
2446 1911 2533 1950 me
2564 1896 2616 1950 in
2653 1902 3121 1967 persecutionibus
3156 1912 3514 1979 comprehen-

1942 1980 2178 2036 dendum
2215 1984 2348 2050 fore,
2377 1995 2541 2056 atque
2569 1988 2751 2044 omnia
2775 1995 3073 2051 secundum
3106 1996 3203 2055 Dei
3239 2000 3508 2072 judicium

1943 2068 2258 2129 hominibus
2286 2077 2619 2147 contingere.

2014 2161 2105 2218 55.
2138 2163 2373 2235 Defectio
2417 2173 2583 2225 tenuit
2623 2189 2703 2228 me
2741 2190 2838 2245 pro
2877 2182 3231 2245 peccatoribus
3283 2183 3512 2240 derelin-

1938 2255 2214 2320 quentibus
2245 2256 2408 2328 legem
2440 2270 2606 2319 tuam.
2633 2262 2974 2335 Peccatores,
3019 2272 3112 2326 alii
3155 2273 3363 2345 absque
3395 2276 3513 2348 lege

1937 2356 2162 2412 peccant
2207 2351 2615 2422 qui‘nunquam
2665 2355 2810 2427 leges
2860 2360 2946 2415 vel
2989 2363 3257 2418 tantillum
3300 2368 3509 2436 experti

1936 2442 2099 2502 sunt;
2132 2437 2226 2491 alii
2270 2438 2325 2494 in
2363 2439 2478 2509 lege
2522 2455 2747 2512 peccant
2771 2462 2894 2502 cum
2926 2453 3401 2523 transgrediuntur
3438 2454 3508 2509 il-

1935 2522 2064 2581 lam.
2098 2524 2168 2580 Et
2187 2541 2302 2598 post
2331 2547 2503 2601 pauca
2522 2549 2541 2588 :
2564 2533 2620 2590 Si
2647 2537 2778 2608 quid
2806 2539 2952 2594 enim
2980 2522 3184 2612 patitur
3199 2547 3505 2601 membrum

1934 2632 2122 2685 unum,
2154 2637 2264 2678 una
2293 2626 2576 2694 patiuntur
2605 2630 2787 2685 omnia
2835 2634 3097 2689 membra.
3134 2633 3197 2690 Et
3232 2635 3278 2692 si
3321 2637 3507 2692 laude-

1933 2716 2022 2763 tur
2043 2726 2209 2766 unum
2238 2718 2565 2786 membrum,
2591 2722 2931 2793 congaudent
2957 2724 3140 2778 omnia
3172 2726 3413 2782 membra
3435 2726 3503 2785 ⁸⁸.

1931 2796 2036 2853 Par
2062 2810 2145 2855 est
2173 2816 2302 2874 ergo
2331 2806 2397 2861 de
2420 2806 2680 2865 fratribus
2711 2812 2874 2866 etiam
2916 2814 3120 2869 nostris
3156 2816 3247 2883 qui
3277 2827 3507 2885 peccant

1929 2889 2132 2956 dolere,
2160 2894 2290 2963 quia
2326 2898 2534 2953 scilicet
2570 2901 2705 2957 tales
2736 2911 2902 2971 sunt;
2934 2913 2989 2959 et
3017 2905 3135 2975 pari
3178 2907 3343 2963 modo
3373 2908 3506 2965 alle-

1928 2989 2047 3037 ctos
2075 2999 2177 3039 nos
2210 3000 2354 3052 esse,
2379 3005 2490 3056 quo
2522 3000 2745 3046 sanctus
2777 2993 2884 3047 ille.

2000 3066 2088 3121 54.
2108 3067 2413 3127 Cantabiles
2434 3074 2562 3127 mihi
2583 3084 2732 3129 erant
2752 3078 3165 3148 justiﬁcationes
3185 3090 3290 3136 tute
3312 3081 3502 3136 inloco

252 3171 568 3238 παροικίας
590 3189 731 3240 μου.
769 3174 944 3228 Τόπον
992 3176 1281 3248 παροικίας
1310 3178 1401 3230 τὸν
1440 3180 1680 3250 παρόντα
1710 3179 1825 3250 βίον

1945 3159 2359 3228 peregrinationis
2384 3179 2530 3219 male.
2554 3163 2758 3221 Loctun
2780 3169 3239 3240 peregrinationis
3260 3187 3501 3242 praesen-

739 3279 753 3292 '
812 3262 1073 3331 Εὶδότες,
1107 3263 1198 3318 ὅτι
1237 3264 1399 3330 ξένοι
1433 3267 1533 3321 καὶ
1577 3270 1826 3339 παρεπι-

1923 3255 2031 3303 tem
2078 3250 2243 3306 vitam
2292 3253 2452 3322 dicit;
2488 3255 2643 3326 juxta
2687 3258 2863 3314 illud:
2897 3259 3130 3317 Scientes
3179 3265 3307 3333 quia
3346 3280 3500 3333 pere-

251 3350 425 3419 ὃημοι
458 3350 625 3420 ἦσαν
650 3352 748 3406 ἐπὶ
776 3352 886 3422 τῆς
923 3352 1054 3424 γῆς.
1104 3355 1191 3409 Ἐν
1220 3347 1264 3423 ᾧ
1285 3356 1573 3429 εὐρύθμως
1593 3359 1824 3429 εὐφραι-

1945 3341 2062 3405 irini
2086 3352 2134 3396 et
2162 3344 2391 3414 hospites
2425 3357 2575 3401 erant
2617 3365 2773 3420 super
2799 3360 2993 3406 terram
3014 3352 3080 3407 ".
3121 3352 3180 3408 In
3226 3369 3337 3424 quo
3383 3368 3503 3411 mo-

248 3438 420 3510 νόμην
446 3440 620 3509 λέγων
648 3441 716 3496 τὰ
734 3442 1077 3515 δικαιώματά
1102 3462 1196 3499 σου
1218 3462 1234 3477 ⁸
1264 3446 1421 3501 τοῦτο
1453 3449 1552 3520 μὲν
1579 3450 1820 3523 θεωρῶν,

252 3530 406 3584 τοῦτο
431 3532 492 3586 δὲ
525 3533 779 3605 πράττων
801 3536 961 3590 αὐτά.

316 3622 756 3695 Διελογισάμην
790 3626 897 3693 τὰς
938 3626 1120 3695 ὁδούς
1153 3645 1296 3694 σου,
1340 3631 1432 3685 καί
1480 3629 1823 3703 ἐπέστρεψα

248 3714 388 3781 τοὺς
430 3715 625 3783 πόδας
668 3735 790 3788 μου
832 3721 919 3786 εις
966 3719 1039 3774 τὰ
1079 3720 1371 3790 μαρτύριά
1420 3738 1557 3778 σου.
1606 3725 1820 3798 Ἐπειδὴ

248 3808 427 3860 πᾶσαν
463 3807 564 3879 τὴν
590 3807 815 3880 γνώμην
842 3811 924 3875 είς
953 3810 1056 3875 τὰς
1081 3812 1209 3879 σὰς,
1234 3815 1396 3884 φησὶν
1414 3853 1430 3878 ,
1466 3814 1707 3886 ἀνέθηκα
1738 3820 1822 3870 ὲν-

246 3900 427 3966 τολέις,
454 3901 646 3956 τούτου
680 3904 839 3975 χάριν
871 3903 979 3958 τῶν
1026 3905 1343 3976 μαρτυρίων
1381 3906 1683 3979 ἐπορεύθην
1723 3909 1820 3979 τὴν

246 3992 385 4047 ὁδόν.

324 4083 730 4153 Ἠτοιμάσθην
759 4086 858 4141 καὶ
887 4089 1000 4142 οὐκ
1039 4087 1394 4158 ἐταράχθην.
1431 4087 1602 4154 Εἰδὼς
1642 4092 1703 4145 τὸ
1738 4093 1817 4144 εί-

250 4174 481 4245 ρημένον
506 4192 520 4205 ’
564 4174 803 4241 Τέκνον,
826 4180 878 4230 el
913 4176 1221 4248 προσέρχῃ
1247 4176 1561 4234 δουλεύειν
1587 4176 1669 4246 τῷ
1696 4182 1818 4235 Κυ-

238 4268 364 4334 ρίῳ,
404 4267 731 4338 ὲτοίμασον
768 4269 884 4338 τὴν
918 4268 1135 4338 ψυχήν
1167 4283 1284 4324 σου
1324 4273 1411 4337 είς
1444 4274 1776 4341 πειρασμόν
1797 4289 1813 4302 ·

246 4360 336 4411 καὶ
371 4358 535 4413 τοῦτο
576 4359 817 4431 μελετῶν
865 4360 1158 4425 διαπαντὸς
1204 4362 1264 4414 ὲν
1309 4364 1430 4425 ταῖς
1475 4362 1684 4432 ἐφόδοις
1715 4362 1819 4416 οὐκ

245 4449 640 4522 ἐταραττόμην,
675 4451 772 4505 ᾶτε
818 4449 1207 4524 μεμελετηκὼς
1254 4450 1422 4515 αὑτὰς
1467 4450 1653 4521 φέρειν
1691 4469 1815 4520 γεν-

247 4541 428 4606 ναίως.

308 4634 557 4704 Σχοινέα
593 4633 955 4705 ἁμαρτωλῶν
994 4636 1486 4706 περιεπλάκησάν
1526 4654 1648 4706 μοι.
1700 4636 1814 4692 Καὶ

242 4721 354 4775 τίνα
385 4719 454 4794 ἦν
483 4722 556 4777 τὰ
592 4725 798 4795 σχοινία
823 4766 839 4789 ,
877 4725 910 4796 ἢ
953 4727 1000 4779 oi
1049 4727 1276 4798 πονηροὶ
1319 4726 1589 4799 λογισμοὶ,
1637 4725 1706 4780 δι’
1737 4719 1812 4780 ὧν

241 4813 333 4885 τῆς
361 4814 506 4868 κατὰ
530 4814 663 4868 Θεὸν
695 4817 936 4881 στάσεως
960 4818 1278 4890 ἐπεχείρουν
1303 4816 1629 4872 καταϐαλεῖν
1652 4832 1668 4883 ;

304 4905 720 4959 Μεσονύκτιον
737 4906 1113 4978 ἐγεγειρόμην
1134 4908 1239 4963 τοῦ
1256 4907 1815 4979 ἐξομολογήσασθαι

239 5010 353 5051 σοι.
389 4997 466 5050 Οὐ
498 4996 610 5069 γὰρ
643 4998 761 5068 μεθ’
795 4999 1007 5072 ἡμέραν
1035 5002 1215 5072 μόνον,
1250 4999 1390 5054 ἀλλὰ
1432 5000 1527 5055 καὶ
1574 4998 1811 5071 νύκτωρ,

240 5091 354 5141 κατ’
396 5089 531 5142 αὐτὸ
560 5089 659 5160 τῆς
712 5091 906 5154 νυκτὸς
962 5091 1023 5144 τὸ
1075 5090 1419 5162 μεσαίτατον,
1468 5092 1527 5143 ὲν
1569 5083 1615 5158 ᾧ
1674 5089 1814 5161 μετὰ

238 5178 476 5244 πλείονος
503 5180 701 5251 ἡδονῆς
732 5181 760 5233 ὁ
812 5180 978 5245 ὕπνος
1003 5185 1115 5246 τοῖς
1147 5181 1454 5253 ἀνθρώποις
1499 5181 1811 5252 ἐπέρχεται,

238 5270 415 5340 ὑμνῶν
468 5288 531 5324 σε
581 5271 867 5338 διετέλουν,
930 5274 1027 5327 καὶ
1067 5274 1167 5338 τὰς
1214 5274 1427 5338 δικαίας
1479 5290 1570 5327 σου
1602 5273 1814 5344 ψήφους

236 5361 609 5434 ἀνηυφήμουν.
646 5362 815 5417 Τοῦτο
845 5365 938 5418 καὶ
967 5367 995 5419 ό
1027 5364 1169 5429 θεῖος
1207 5364 1525 5428 Ἀπόστολος
1556 5364 1694 5434 μετὰ
1716 5360 1810 5415 τοῦ

234 5451 355 5509 Σίλα
382 5454 680 5526 πεποίηκε,
722 5455 819 5509 καὶ
871 5456 962 5510 τὸν
993 5456 1130 5510 πόδα
1160 5457 1321 5510 κάκεῖ
1368 5453 1809 5529 τιροσδεδεμένος,

235 5546 365 5613 μιτὰ
394 5546 583 5612 αίκίας
612 5545 711 5601 καὶ
740 5546 1001 5617 μάστιγος
1021 5549 1089 5619 τῇ
1119 5549 1391 5619 προσευχῇ
1415 5547 1514 5615 τὴν
1539 5543 1810 5617 ὑμνῳδίαν

1918 3431 2104 3489 dulate
2118 3433 2342 3492 laetabar
2363 3441 3032 3512 narransjustilicationes
3053 3453 3198 3503 tuas.
3223 3446 3351 3503 Sive
3370 3461 3503 3506 con-

1922 3522 2211 3593 templans,
2237 3527 2352 3582 sive
2377 3543 2612 3598 operaus
2642 3530 2787 3588 illas.
2820 3525 2829 3536 ’

1991 3612 2081 3670 59.
2120 3613 2359 3687 Cogitavi
2397 3619 2509 3673 vias
2559 3630 2700 3690 tuas,
2727 3632 2776 3677 et
2820 3625 3051 3679 converti
3089 3624 3244 3694 pedes
3271 3642 3411 3683 meos
3444 3629 3501 3682 in

1924 3708 2222 3762 testimonia
2281 3718 2389 3764 tua.
2449 3711 2753 3781 Quoniam,
2801 3716 3000 3788 inquit,
3043 3727 3208 3774 totam
3259 3728 3498 3776 mentem

1921 3797 2204 3866 praeceptis
2257 3800 2365 3855 tuis
2417 3801 2632 3870 addixi,
2665 3804 2787 3860 ideo
2835 3807 3003 3861 invia
3052 3807 3494 3863 testimoniorum

1922 3893 2141 3943 tuorum
2174 3890 2399 3947 incessi.

1988 4067 2076 4124 60.
2104 4068 2337 4126 Paratus
2355 4089 2472 4126 sum
2485 4084 2651 4131 etnon
2669 4092 2785 4130 sum
2800 4078 3062 4136 turbatus.
3077 4079 3215 4136 Cum
3236 4081 3404 4138 sciam
3425 4083 3492 4138 il-

1919 4160 2009 4216 lud
2038 4180 2051 4215 :
2082 4160 2228 4229 Fili,
2262 4165 2309 4216 si
2351 4166 2555 4220 accedis
2602 4166 2672 4220 ad
2717 4171 3046 4225 serviendum
3075 4171 3325 4242 Domino,
3353 4191 3493 4245 prte-

1916 4268 2052 4320 para
2090 4252 2325 4306 animam
2366 4263 2508 4307 tuam
2539 4257 2608 4309 ad
2654 4259 2990 4314 tentalionem
3015 4260 3062 4293 ⁸³
3088 4279 3101 4315 :
3132 4262 3247 4318 hac
3277 4278 3494 4335 semper

1919 4345 2212 4410 meditans,
2250 4347 2306 4400 in
2344 4346 2654 4405 incursibus
2693 4349 3040 4407 inimicorum
3075 4368 3183 4408 non
3215 4369 3336 4410 sum
3379 4362 3495 4411 tur-

1921 4436 2099 4501 batus,
2125 4447 2309 4509 utpote
2335 4440 2685 4496 meditatione
2711 4452 2935 4511 paratus
2966 4444 3035 4500 ad
3074 4460 3138 4501 ea
3173 4444 3386 4502 fortiter
3412 4444 3494 4502 {e-

1844 4518 1894 4577 D
1920 4529 2111 4584 renda.

1990 4621 2079 4676 6i.
2107 4619 2285 4677 Funes
2328 4632 2664 4691 peccatorum
2710 4624 3055 4694 circumplexi
3101 4637 3224 4682 sunt
3278 4646 3379 4686 me.
3425 4632 3495 4689 Et

1919 4713 2143 4784 quinam
2192 4713 2373 4778 funes,
2403 4715 2508 4771 nisi
2542 4717 2698 4771 malae
2743 4714 3136 4787 cogitationes,
3167 4721 3367 4790 quibus
3405 4741 3492 4781 me

1920 4823 1950 4860 a
1974 4805 2068 4860 Dei
2094 4807 2269 4877 gratia
2298 4806 2589 4863 deturbare
2617 4809 2957 4864 conabantur
2977 4810 3002 4862 ?

1990 4897 2078 4953 62.
2125 4897 2305 4953 Media
2350 4908 2501 4954 nocte
2544 4900 2820 4970 surgebam
2859 4899 2929 4954 ad
2966 4902 3321 4971 conﬁtendum
3371 4906 3487 4962 tibi.

1917 4987 2034 5046 Non
2069 4991 2213 5045 enim
2240 4991 2327 5046 die
2355 5000 2589 5055 tantum,
2617 4992 2710 5047 sed
2743 4992 2907 5047 etiam
2943 5003 3131 5062 noctu,
3165 5004 3221 5052 et
3256 4996 3360 5051 sub
3404 4995 3486 5065 ip-

1916 5096 2038 5137 sum
2063 5081 2240 5136 noctis
2267 5081 2575 5146 dimidium,
2600 5098 2710 5154 quo
2738 5084 2943 5154 majore
2962 5085 3236 5157 voluptate
3259 5102 3484 5143 somnus

1915 5173 2166 5228 homines
2210 5184 2461 5243 occupat,
2503 5174 2718 5245 hymnis
2752 5175 2818 5231 ad
2864 5177 2941 5233 tui
2970 5177 3183 5232 laudem
3222 5178 3482 5251 canendis

1913 5267 2195 5332 vocabam,
2225 5276 2281 5322 et
2305 5266 2441 5336 iusta
2481 5267 2685 5337 judicia
2726 5276 2818 5323 tua
2852 5269 3228 5325 decantabam.
3255 5266 3369 5323 Hoc
3398 5267 3482 5321 di-

1914 5359 2076 5416 vinus
2125 5359 2288 5413 etiam
2327 5359 2622 5431 Apostolus
2653 5376 2777 5416 cum
2822 5361 2934 5416 Sila
2968 5359 3114 5425 fecit,
3146 5370 3200 5415 et
3227 5359 3483 5427 alligatus

1916 5448 2071 5519 pede,
2089 5448 2403 5503 vulneribus
2428 5459 2480 5505 et
2500 5449 2682 5520 ﬂagris
2698 5457 2973 5514 oneratus,
2991 5448 3293 5505 orationem
3321 5449 3482 5521 bym—

1916 5553 2111 5595 norum
2140 5547 2303 5596 cantu
2338 5541 2675 5613 temperavit,
2715 5551 2770 5596 et
2807 5540 3132 5610 optimarum
3169 5539 3479 5613 vigiliarum

296 5723 341 5754 ⁸⁸
364 5722 526 5781 Rom.
555 5735 680 5783 vm,
706 5721 792 5775 l8.
866 5721 910 5752 ⁸⁸
942 5718 961 5771 l
992 5720 1119 5774 Cor.
1151 5734 1249 5783 xtl,
1279 5718 1368 5774 26.
1440 5720 1485 5751 ⁸²
1512 5706 1677 5774 Hebr.
1718 5720 1793 5781 iu,
1821 5719 1831 5771 1

1980 5716 2025 5748 ⁵³
2058 5714 2223 5776 Eccli.
2260 5732 2321 5783 ιι,
2357 5717 2404 5770 ι.

549 5818 820 5876 Parant.
862 5816 979 5875 Gn.
1022 5815 1290 5879 XXVII.

3083 5815 3154 5871 16
