3946 6222
384 345 507 402 ‘49!

1355 337 1720 392 ATHANASII
1762 336 1912 391 OPP.
1955 335 2137 392 PARS
2162 334 2264 392 'lll.
2301 370 2364 380 —
2392 332 2809 394 EXEGETICA.

3528 334 3639 396 ἱθέ

409 469 646 549 fructum
688 463 924 536 percepit
944 463 1008 515 ⁵⁸.
1062 459 1541 539 Divinarnamque
1587 460 2013 519 munificentiam

2110 457 2315 529 κέρασε,
2350 458 2442 511 καὶ
2464 458 2562 529 τῆς
2579 457 2748 529 καλῆς
2779 457 3078 528 ἀγρυπνίας
3104 450 3369 526 ἐτρύγησε
3391 454 3485 510 τὸν
3510 471 3642 528 καρ-

411 556 569 612 donis
594 563 788 609 auctus
810 561 912 607 est.

481 643 574 701 65.
635 643 905 711 Particeps
960 656 1052 710 ego
1098 654 1214 693 sum
1261 638 1491 691 omnium
1547 634 1837 689 timentium
1904 640 1972 687 te.

412 735 695 793 Perfectus
738 735 903 789 homo
949 733 1219 802 particeps
1248 728 1450 784 Christi
1484 725 1676 793 fuerit,
1702 725 1856 796 juxta
1888 723 1974 778 di-

414 839 563 884 ctum
605 827 735 882 illud
764 844 779 881 :
807 824 950 879 Nam
994 822 1193 878 Christi
1216 822 1499 891 participes
1531 819 1666 887 facti
1706 833 1885 872 sumus
1902 816 1973 873 ⁸⁸.

416 916 719 972 Ηίοσιιυιθιιι
752 914 909 985 quasi
946 913 1213 978 initiatus,
1243 926 1303 967 se
1348 911 1653 965 timentium
1687 907 1976 964 Dominum

417 1007 733 1079 participem
761 1020 882 1062 esse
909 999 1073 1071 dic'it;
1104 1017 1277 1072 neque
1307 1011 1514 1057 tantum
1542 1000 1869 1066 timentium,
1887 998 1980 1054 sed

417 1100 581 1157 etiam
599 1083 788 1153 eorum
810 1097 902 1168 qui
925 1104 1146 1166 propter
1167 1095 1419 1150 timorem
1446 1093 1541 1149 Dei
1563 1093 1683 1163 ejus
1708 1099 1981 1164 praecepta

417 1169 654 1247 servant.
683 1191 1076 1261 Argumentum
1106 1197 1286 1244 autem
1324 1188 1536 1244 timoris
1561 1187 1768 1243 Dei‘est
1790 1185 1982 1240 obser-

416 1283 562 1335 vatio
589 1288 1000 1351 praeceptorum.

492 1371 584 1425 6i.
609 1368 974 1424 Misericordia
1005 1377 1114 1433 tua,
1140 1366 1381 1435 Domine,
1410 1369 1566 1437 plena
1587 1374 1665 1422 est
1693 1374 1854 1419 terra.
1883 1361 1981 1416 Ju-

397 1462 763 1532 stiﬁcationes
816 1469 933 1515 tuas
983 1459 1109 1516 doce
1144 1477 1244 1517 me.
1293 1458 1612 1528 Prophetice
1642 1470 1762 1527 quae
1801 1455 1985 1510 futura

420 1563 550 1611 sunt
570 1554 841 1620 enuntiat,
876 1553 1089 1623 plenam
1132 1552 1340 1608 scilicet
1389 1548 1508 1605 fore
1530 1550 1849 1603 universam
1877 1554 1987 1599 ter-

421 1663 541 1703 ram
571 1646 876 1701 timentium
922 1642 1233 1699 Dominum.
1265 1641 1331 1697 Et
1377 1642 1500 1707 hoc,
1536 1639 1732 1710 inquit,
1772 1652 1881 1692 non
1920 1651 1986 1690 ex

420 1739 530 1794 alio
553 1753 653 1792 usu
683 1752 848 1807 quam
881 1750 947 1791 ex
985 1744 1074 1790 tua
1099 1733 1506 1800 misericordia;
1541 1746 1667 1787 nam
1699 1740 1756 1785 tu
1786 1730 1900 1799 ipse
1933 1728 1987 1782 id

422 1828 847 1885 misericorditer
891 1825 1048 1893 facis,
1092 1827 1326 1896 teipsum
1378 1824 1516 1880 dans
1547 1821 1860 1878 hominibus
1892 1821 1990 1875 do-

398 1949 406 1955 “
424 1931 656 1976 ctorem.

494 2010 583 2066 65.
616 2010 917 2065 Bonitatem
946 2008 1117 2079 fecisti
1156 2025 1273 2063 cum
1307 2024 1450 2063 servo
1476 2018 1587 2087 tuo,
1615 2008 1856 2062 Domine.
1889 2003 1992 2060 Do-

425 2112 578 2159 cetur
602 2102 697 2173 qui
718 2102 919 2158 divinis
956 2102 1187 2172 eloquiis
1224 2101 1471 2157 eruditus
1513 2110 1616 2165 est,
1650 2116 1720 2156 ne
1747 2101 1993 2171 ingratus

426 2196 499 2250 sit
523 2195 577 2249 in
611 2193 779 2248 Deum
813 2190 1072 2248 beneficia
1103 2190 1491 2247 conferentem.
1526 2189 1817 2261 Nunquam
1846 2188 1990 2245 enim

426 2302 458 2341 a
485 2284 1017 2356 peccatisiiberatus
1055 2283 1267 2347 fuisset,
1301 2290 1357 2337 et
1391 2290 1783 2337 annumeratus
1821 2278 1995 2335 servis

428 2375 547 2442 Dei,
564 2375 673 2431 nisi
700 2374 883 2430 divina
906 2373 1153 2445 quaedam
1175 2373 1349 2444 gratia
1371 2387 1556 2428 eorum
1590 2371 1722 2442 ipsis
1752 2371 1806 2425 in
1830 2384 1994 2425 causa

427 2463 641 2525 fuisset.

495 2556 582 2612 67.
618 2536 937 2628 Prius‘quam
989 2557 1300 2610 ltumitiarer
1344 2572 1437 2625 ego
1471 2555 1688 2626 deliqui.
1718 2552 1994 2620 Traditus,

430 2648 637 2719 inquit.
655 2649 727 2703 ob
769 2648 994 2718 pristina
1039 2655 1258 2716 peccata
1308 2662 1450 2713 mea,
1484 2646 1801 2701 humiliatus
1851 2662 1996 2713 sum,

432 2742 537 2796 hoc
578 2754 644 2795 ex
684 2740 835 2811 justo
867 2737 958 2793 Dei
996 2738 1203 2806 judicio
1242 2752 1459 2808 passus.
1495 2738 1728 2808 Ideoque
1769 2738 2000 2808 castiga-

406 2830 566 2886 'tioni
595 2829 847 2893 traditus,
878 2845 1013 2900 rogo
1045 2831 1177 2884 mihi
1207 2828 1511 2885 doctrinam
1541 2828 1782 2891 immitti,
1807 2837 1868 2882 ut
1906 2842 1999 2882 co-

431 2936 688 2994 gnoscam
714 2921 1144 2978 bumiliationem
1166 2920 1312 2976 illam
1344 2921 1477 2976 mihi
1505 2937 1600 2991 per
1628 2920 1924 2976 bonitatem
1947 2927 2001 2975 et

428 3015 501 3071 ad
525 3015 937 3091 castigationem
965 3016 1232 3072 evenisse.

505 3193 594 3251 68.
621 3193 802 3249 Bonus
845 3210 897 3249 es
935 3202 1011 3259 tu,
1052 3192 1288 3249 Domine.
1332 3192 1434 3258 Qui
1466 3193 1648 3263 justus
1678 3202 1761 3248 est
1792 3193 1845 3247 in
1874 3209 1993 3248 om-

412 3285 622 3352 ~nibus,
647 3284 997 3355 quantumvis
1026 3286 1251 3340 molesta
1283 3284 1393 3339 sint
1417 3299 1538 3354 quae
1569 3284 1840 3350 accidunt,
1869 3284 1994 3339 dicit

435 3376 547 3431 Deo
578 3395 592 3431 :
619 3376 798 3431 Bonus
812 3394 865 3430 es
882 3386 958 3430 tu.
990 3375 1177 3431 Simile
1192 3387 1273 3432 est
1300 3377 1430 3431 illud
1452 3378 1794 3432 :Benedicam
1811 3376 1998 3431 Domi—

435 3480 561 3517 num
580 3465 635 3518 in
660 3466 802 3520 omni
827 3475 1051 3535 tempore
1074 3465 1224 3520 ".—‘—
1242 3464 1311 3519 Et
1330 3467 1388 3520 in
1409 3467 1638 3521 bonitate
1662 3477 1753 3521 tua
1775 3465 1899 3520 doce
1920 3483 2000 3520 me

401 3552 834 3622 .justiﬁcatianes
868 3565 1009 3609 tuas.
1040 3552 1105 3608 Et
1133 3564 1286 3626 rogat
1316 3570 1348 3610 a
1378 3556 1618 3611 bonitate
1645 3555 1742 3612 Dei
1762 3556 1998 3621 edoceri,

435 3644 562 3713 quia
604 3642 759 3699 bonae
803 3655 932 3700 sunt
970 3644 1387 3715 justilicationes
1431 3645 1564 3712 Dei,
1615 3646 1681 3702 ad
1734 3646 2002 3717 cujusque

410 3735 690 3789 .mcritum
733 3736 1193 3792 accommodatae:
1237 3736 1306 3791 de
1361 3737 1562 3807 quibus
1589 3745 1712 3808 apte
1748 3737 1996 3792 dicatur:

414 3823 508 3878 «Et
526 3824 827 3895 justiﬁcata
853 3834 973 3880 sunt
993 3826 1202 3896 judicia
1223 3836 1338 3891 tua,
1372 3825 1512 3880 Deus
1534 3827 1611 3881 ".

486 3917 596 3984 >69,
631 3917 717 3973 70.
751 3917 1104 3989 Multiplicata
1126 3930 1203 3975 est
1245 3936 1402 3990 super
1430 3937 1511 3975 me
1547 3921 1800 3991 iniquitas
1824 3908 2003 3991 super?

439 4010 642 4065 borum.
686 4009 762 4065 Eo
812 4026 1004 4082 usque,
1058 4013 1153 4079 ait,
1186 4012 1451 4083 superbiae
1498 4023 1901 4094 processerunt,
1945 4022 2004 4067 ut

439 4100 590 4155 cordi
618 4113 810 4154 eorum
837 4101 892 4156 id
917 4101 1060 4171 quod
1084 4101 1329 4172 sequitur
1351 4100 1631 4156 acciderit.
1650 4100 2002 4169 Coaqutatum

434 4202 511 4244 est
540 4193 674 4246 sicut
706 4191 789 4246 lac
831 4209 921 4247 cor
948 4209 1146 4247 eorum.
1176 4191 1589 4248 Tentationibus
1628 4194 1788 4249 malis
1827 4195 2004 4264 gravi-

438 4283 928 4355 busque‘traderis,
957 4285 1157 4355 quibus
1185 4285 1241 4340 in
1264 4286 1372 4341 vita
1404 4286 1800 4342 humiliaberis.
1824 4284 1890 4340 Et
1914 4285 2005 4340 do-

436 4374 640 4429 cebunt
692 4382 743 4429 te
783 4389 984 4445 corpus
1015 4382 1178 4431 tuum
1226 4376 1492 4447 castigare
1519 4385 1572 4433 et
1608 4377 1660 4431 in
1691 4377 2002 4433 servitutem

439 4464 703 4535 redigere,
731 4480 834 4521 nec
856 4464 1103 4520 incedere
1131 4465 1184 4518 in
1214 4464 1322 4520 lata
1351 4474 1407 4520 et
1435 4464 1676 4537 spatiosa
1705 4465 1791 4519 via
1818 4480 2008 4535 super-
2041 4454 2082 4508 D

440 4555 655 4623 borum,
686 4555 782 4610 sed
807 4555 862 4610 in
891 4563 1122 4626 angusta
1148 4561 1202 4610 et
1230 4563 1401 4612 arcta.
1428 4554 1565 4611 Nam
1604 4566 1768 4613 tenue
1800 4567 1883 4614 est
1915 4572 2006 4613 cor

432 4657 774 4712 sanctorum,
804 4661 901 4702 cor
932 4654 1116 4702 autem
1146 4647 1507 4718 superborum
1524 4648 1750 4717 pingue.

506 4825 596 4879 7i.
621 4825 828 4880 Bonum
859 4827 987 4881 mihi
1004 4828 1131 4897 quia
1153 4826 1448 4881 humiliasti
1472 4842 1572 4880 me.
1600 4826 1678 4880 Ac
1700 4827 1747 4881 si
1767 4826 1998 4883 diceret:

440 4918 573 4974 Mihi
598 4920 780 4989 placeo
806 4920 860 4974 in
893 4920 1317 4982 inﬁrmitatibus.
1344 4920 1399 4972 in
1426 4917 1794 4982 contumeliis,
1828 4919 1883 4974 in
1915 4936 2010 4976 ne-

434 5013 820 5079 cessitatibus,
875 5013 931 5065 in
980 5012 1473 5082 persecutionibus,
1523 5010 1579 5064 in
1624 5010 1922 5082 angustiis,
1951 5021 2013 5066 ut

440 5105 638 5176 dignus
661 5104 1339 5174 videarjustilicationibus
1367 5103 1497 5167 tuis,
1520 5117 1770 5173 quaerens
1797 5117 1861 5158 ea
1890 5118 2011 5173 qua:

437 5198 576 5255 alias
602 5196 771 5252 cdisci
798 5212 906 5250 non
937 5205 1182 5266 possunt.

512 5289 601 5343 72.
640 5290 845 5344 Bonum
886 5288 1015 5342 mihi
1041 5287 1125 5341 lea:
1153 5286 1260 5341 oris
1290 5286 1392 5349 tui,
1421 5300 1577 5355 super
1600 5282 1777 5337 millia
1798 5282 1919 5336 auri
1957 5291 2007 5335 et

445 5382 668 5450 argenti.
702 5380 907 5436 Ediscit
955 5379 1199 5434 initiatus
1251 5378 1417 5433 homo
1447 5384 1655 5447 quanto
1694 5373 1768 5429 sit
1803 5372 2012 5429 honore

446 5471 700 5526 donatus.

519 5558 605 5614 75.
640 5560 830 5618 Manus
853 5574 954 5617 tute
979 5561 1210 5632 fecerunt
1240 5575 1338 5613 me.
1366 5557 1544 5613 Altera
1579 5554 1839 5626 dignitas,
1862 5556 2010 5625 quod

2076 549 2194 603 πόν.
2224 549 2335 620 Τῆς
2360 548 2510 613 θείας
2534 548 2643 620 γὰρ
2674 546 2982 618 φιλοτιμίας
3007 544 3333 608 ἀπέλαυσεν,

2144 637 2410 707 ΜέτοχΟς
2436 636 2548 706 ἐγώ
2587 638 2704 706 εἰμι
2745 635 2985 690 πάντων
3004 635 3121 689 τῶν
3142 635 3525 706 φοϐουμένων
3548 650 3643 692 σε.

2089 730 2148 783 '0
2182 730 2282 801 μὲν
2337 730 2539 794 τέλειος
2575 727 2809 802 Χριστοῦ
2857 728 2924 782 ἂν
2958 728 3043 800 εἴη
3109 728 3354 800 μέτοχος,
3398 729 3540 784 κατὰ
3587 729 3650 784 τὸ

2079 819 2381 891 εἰρημένονο
2410 819 2659 889 Μέτοχοι
2693 820 2804 889 γὰρ
2850 819 2956 873 τοῦ
3006 819 3261 888 Χριστοῦ
3299 821 3645 891 γεγόναμεν.

2091 915 2148 969 Ὁ
2175 913 2231 967 δὲ
2261 911 2470 987 παρὼν,
2499 912 2575 976 ὡς
2619 912 2967 983 εἰσαγόμενος
2985 953 2999 979 ,
3031 912 3139 965 τῶν
3177 912 3525 983 φοϐουμένων
3557 913 3649 966 τὸν

2079 1009 2285 1082 Κύριον
2348 1009 2571 1080 μέτοχον
2626 1006 2813 1062 ἑαυτὸν
2864 1002 3002 1060 εἶναι
3052 1005 3220 1075 λέγει·
3250 1005 3349 1078 οὐχ
3378 1005 3561 1070 άπλῶς
3594 1003 3650 1058 δὲ

2080 1102 2187 1156 τῶν
2220 1101 2588 1173 φοϐουμένων,
2617 1099 2750 1155 ἀλλὰ
2785 1098 2894 1152 τῶν
2922 1099 3010 1153 διὰ
3032 1098 3091 1152 τὸ
3115 1097 3393 1167 φοϐεῖσθαι
3443 1097 3647 1166 φυλασ-

2083 1194 2285 1248 σόντων
2313 1193 2413 1256 τὰς
2435 1191 2654 1256 ἐντολὰς
2694 1190 2787 1245 τοῦ
2817 1190 2972 1244 Θεοῦ.
3032 1191 3243 1261 Δεῖγμα
3293 1189 3354 1243 δὲ
3380 1189 3474 1243 τοῦ
3500 1187 3646 1241 θείου

2084 1283 2246 1353 φόϐου
2278 1285 2311 1354 ἡ
2340 1281 2448 1336 τῶν
2477 1281 2700 1335 ἐντολῶν
2735 1279 2968 1351 φυλακή.

2160 1374 2268 1429 Τοῦ
2293 1373 2505 1439 ἐλέους
2559 1389 2696 1436 σου,
2741 1372 2936 1440 Κύριε,
2968 1368 3207 1438 πλήρης
3248 1370 3287 1439 ἡ
3323 1368 3425 1439 γῆ.
3457 1372 3536 1424 Τὰ
3565 1368 3649 1423 δι-

2084 1464 2380 1536 καιώματὰ
2402 1481 2518 1520 σου
2539 1462 2787 1527 δίδαξόν
2807 1478 2902 1532 με.
2929 1459 3288 1532 Προφητικῶς
3330 1460 3398 1514 τὰ
3423 1458 3653 1530 ἐσόμενᾶ

2087 1574 2271 1627 φησιν,
2305 1556 2378 1620 ὡς
2412 1554 2560 1609 ἔσται
2590 1555 2740 1607 πᾶσα
2760 1553 2794 1621 ἡ
2822 1550 2894 1620 γῆ
2918 1550 3134 1622 πλήρης
3160 1549 3268 1604 τῶν
3308 1548 3653 1621 φοϐουμένων

2085 1647 2176 1701 τὸν
2198 1647 2422 1718 Κύριον.
2456 1645 2566 1700 Καὶ
2588 1645 2688 1699 οὐκ
2712 1641 2773 1706 ἐξ
2799 1639 2990 1712 ἑτέρας
3019 1640 3151 1711 φησὶ
3175 1639 3330 1693 τοῦτο
3358 1639 3544 1712 χρείας
3565 1654 3656 1708 γε·

2089 1741 2308 1812 νήσεται
2341 1740 2375 1811 ἢ
2406 1741 2468 1793 ὲκ
2502 1736 2598 1792 τοῦ
2645 1735 2737 1791 σοῦ
2763 1733 2964 1797 ἐλέους·
3018 1735 3113 1787 καὶ
3141 1733 3303 1798 αὐτὸς
3345 1733 3454 1805 γὰρ
3501 1731 3655 1786 τοῦτο

2090 1830 2382 1903 ὲλεητικῶς
2437 1831 2629 1895 ποιεῖς,
2685 1829 2954 1892 ἐπιδιδοὺς
2986 1825 3175 1881 ἑαυτὸν
3206 1823 3314 1878 τῶν
3356 1823 3657 1895 ἀνθρώπων

2089 1918 2228 1976 εἶναι
2259 1920 2594 1976 διδάσκαλον.

2164 2015 2552 2087 Χρηστότητα
2594 2012 2885 2082 ἐποίησας
2904 2011 3053 2082 μετὰ
3107 2009 3215 2064 τοῦ
3265 2008 3489 2064 δούλου
3519 2021 3657 2069 σου,

2091 2108 2287 2176 Κύριε.
2318 2105 2709 2159 Διδάσκεταινὸ
2743 2104 2813 2158 τά
2860 2103 2981 2156 θεῖα
3039 2101 3194 2170 λόγια
3238 2097 3662 2168 πεπαιδευμένος

2097 2201 2171 2273 μὴ
2199 2197 2538 2268 ἀναισθήτως
2558 2197 2702 2267 ἔχειν
2739 2194 2839 2258 τὰς
2884 2190 3011 2262 τοῦ)
3030 2192 3165 2247 Θεοῦ
3211 2188 3546 2261 εὐεργεσίας.
3584 2188 3658 2240 Οὐ

2094 2293 2201 2364 γὰρ
2225 2290 2397 2353 ἄλλως
2416 2287 2724 2360 ἀπήλλακτο
2748 2286 2846 2357 μὲν
2860 2284 2960 2355 τῆς
2977 2281 3265 2355 ἁμαρτίας,
3286 2298 3424 2351 κατη
3434 2278 3663 2353 ρίθμητο

2094 2385 2149 2438 δὲ
2177 2386 2234 2438 ὲν
2264 2382 2468 2447 δούλοις
2491 2379 2719 2453 Κυρίου,
2771 2380 2820 2432 εί
2873 2377 2948 2449 μὴ
2990 2375 3110 2431 θεία
3137 2392 3220 2440 τις
3272 2374 3431 2445 χάρις
3460 2370 3663 2425 τούτων

2096 2475 2243 2549 αὐτῷ
2270 2474 2417 2532 αίτία
2439 2473 2682 2544 γέγονεν.

2168 2561 2289 2632 Πρὸ
2335 2560 2442 2616 τοῦ
2472 2576 2549 2630 με
2570 2555 2998 2625 ταπεινωθῆναι
3047 2554 3163 2625 ἐγὼ
3206 2553 3660 2624 ἐπλημμέλησα.

2097 2651 2198 2706 Διὰ
2238 2651 2338 2715 τὰς
2371 2649 2640 2724 προτέρας
2676 2665 2798 2719 μου,
2848 2647 3003 2718 φησὶ,
3030 2645 3363 2717 πραχθείσας
3390 2643 3664 2716 ἁμαρτίας

2099 2742 2441 2816 παραδοθεὶς,
2499 2739 2888 2808 ὲταπεινώθην,
2928 2737 3105 2809 κρίσει
3156 2736 3337 2807 δικαία
3380 2733 3474 2788 τοῦ
3527 2732 3665 2787 Θεοῦ

2097 2839 2256 2893 τοῦτο
2285 2831 2494 2888 παθών.
2539 2824 2614 2885 OB
2654 2830 2719 2903 δὴ
2748 2830 2842 2884 καὶ
2880 2830 3041 2902 χάριν
3083 2827 3297 2900 παιδείᾳ
3322 2824 3667 2898 παραδοθεὶς,

2097 2928 2288 3001 δέομαι
2331 2921 2675 2986 διδασκαλίας
2725 2921 2799 2985 ὡς
2845 2919 2911 2976 ἂν
2942 2918 3077 2990 γνῶ,
3133 2919 3215 2974 ὃτι
3262 2919 3297 2989 ἠ
3345 2916 3667 2978 ταπείνωσις

2096 3022 2134 3091 ἡ
2190 3016 2455 3088 γενομένη
2523 3030 2615 3084 μοι
2676 3011 2816 3066 κατὰ
2885 3010 3229 3084 χρηστότητα
3286 3007 3383 3063 καὶ
3421 3005 3668 3060 παιδείαν

2020 3124 2069 3183 c
2101 3111 2332 3180 ἐγένετο.

2171 3196 2441 3267 Χρηστὸς
2468 3191 2524 3250 εί
2548 3186 2649 3260 σὺ,
2683 3194 2877 3262 Κύριε.
2927 3192 2988 3245 Ὀ
3009 3191 3216 3254 δίκαιος
3255 3188 3348 3241 ἐπὶ
3389 3189 3545 3251 πᾶσι,
3568 3185 3669 3240 κᾶν

2098 3286 2133 3361 ᾖ
2167 3286 2338 3361 πικρὰ
2364 3287 2433 3339 τὰ
2463 3284 2848 3356 συμϐαίνοντα,
2904 3281 3052 3350 λέγει
3112 3279 3191 3350 τῷ
3237 3277 3374 3349 Θεῷ·
3397 3276 3671 3346 Χρηστός

2098 3378 2156 3431 εἷ
2178 3379 2280 3432 σύ.
2307 3375 2554 3430 Τοιοῦτον
2587 3373 2681 3427 καὶ
2707 3373 2786 3428 τό·
2824 3371 3153 3442 Εὐλογήσω
3199 3368 3306 3423 τὸν
3336 3369 3553 3437 Κύριον
3602 3367 3672 3419 ἐν

2100 3467 2279 3522 παντί
2310 3464 2513 3535 καιρῷ.
2565 3465 2674 3518 Καὶ
2710 3465 2780 3519 ἐν
2806 3463 2879 3531 τῇ
2932 3460 3301 3532 χρηστότητι
3337 3474 3453 3515 σου
3506 3458 3669 3512 δίδα-

2102 3557 2212 3623 ξόν
2237 3574 2313 3627 με
2346 3557 2419 3610 τὰ
2456 3552 2811 3624 δικαιώματά
2836 3567 2975 3609 σου.
3010 3553 3121 3606 Καὶ
3155 3551 3322 3605 δεῖται
3352 3551 3413 3602 τὸ
3451 3549 3672 3621 χρηστῷ

2100 3650 2235 3703 Θεοῦ
2262 3647 2591 3719 διδαχθῆναι·
2622 3648 2704 3700 ὅτι
2735 3644 2948 3717 χρηστὰ
2967 3644 3036 3698 τὰ
3065 3642 3405 3714 δικαιώματα
3425 3641 3519 3694 τοῦ
3537 3639 3670 3693 Θεοῦ

2103 3741 2239 3813 πρὸς
2291 3741 2390 3811 τὴν
2436 3740 2590 3807 ἀξίαν
2640 3740 2867 3792 ἑκάστου
2910 3737 3185 3808 γινόμενα
3246 3737 3333 3805 ἐφ’
3365 3728 3446 3799 οἷς
3496 3733 3672 3803 λέγειν

2104 3832 2273 3900 ἄξιονο
2314 3828 2658 3897 Ἐδικαιώθη
2684 3829 2755 3883 τὰ
2774 3827 3024 3897 κρίματὰ
3040 3840 3176 3891 σου,
3199 3829 3232 3880 ό
3250 3824 3415 3891 Bede.

2184 3921 2521 3992 Ἐπληρώθη
2557 3922 2648 3975 ἐπ’
2694 3920 2799 3991 ἐμὲ
2841 3919 3047 3973 ἀδικία
3076 3916 3492 3987 ὑπερηφάνω.
3526 3914 3673 3967 ιἘπὶ
3720 3941 3729 3951 ι

2101 4014 2374 4077 τοσοῦτον,
2404 4014 2586 4084 φησὶν,
2644 4010 2848 4082 ἤλασαν
2880 4009 3275 4080 ὑπερηφανίας,
3315 4005 3389 4070 ὼς
3421 4003 3670 4074 γενέσθαι

2102 4108 2200 4178 τὴν
2228 4105 2456 4178 καρδίαν
2481 4106 2537 4157 ὲν
2565 4104 2770 4165 αὐτοῖς.
2825 4099 3118 4170 Ἔτυρώθη
3160 4100 3242 4166 ὡς
3284 4097 3442 4167 γάλα
3466 4100 3505 4166 ἡ
3536 4113 3672 4166 καρ-

2103 4198 2204 4253 δία
2232 4196 2450 4252 αῠτῶν.
2466 4197 2591 4259 Τοῖς
2620 4195 2877 4265 πονηροῖς
2906 4193 3000 4247 καὶ
3028 4193 3321 4265 μοχθηροῖς
3353 4191 3672 4262 πειρασμοῖς

2104 4290 2453 4363 παραδοθήσῃ
2511 4287 2609 4359 βίῳ
2655 4286 2748 4340 καὶ
2792 4284 3037 4356 πολιτείᾳ
3091 4281 3425 4348 ταπεινοῦσι,
3461 4281 3557 4336 καὶ
3592 4279 3670 4333 δι-

2106 4382 2395 4436 δάσκουσιν
2426 4376 2747 4443 ὑποπιάζειν
2774 4377 2834 4430 τὸ
2854 4375 3012 4448 σῶμα
3044 4375 3139 4430 καὶ
3164 4373 3546 4445 δουλαγωγεῖν,
3580 4373 3673 4428 καὶ

2115 4473 2190 4544 μὴ
2243 4470 2447 4525 ὁδεύειν
2497 4468 2593 4541 τὴν
2648 4468 2906 4522 πλατεῖαν
2934 4467 3028 4520 καὶ
3077 4465 3383 4538 εὐρύχωρον
3428 4466 3526 4536 τὴν
3567 4464 3674 4518 τῶν

2113 4561 2472 4632 ὑπερηφάνων
2490 4599 2506 4625 ,
2567 4556 2705 4612 ἀλλὰ
2766 4556 2861 4629 τὴν
2912 4555 3099 4628 στενὴν
3148 4557 3243 4610 καὶ
3293 4554 3672 4627 τεθλιμμένηνσ

2110 4651 2280 4721 λεπτὴ
2314 4648 2538 4722 μὲνγὰρ
2568 4649 2603 4720 ἡ
2630 4647 2737 4704 τῶν
2773 4646 2963 4716 ἁγίων,
3012 4648 3152 4700 πίων
3182 4646 3241 4701 δὲ
3278 4648 3312 4717 ἡ
3362 4644 3469 4699 τῶν
3511 4646 3676 4716 ὑπερ-⁹

2109 4743 2330 4815 ηφάνων
2351 4742 2565 4815 καρδία.

2195 4834 2442 4902 Ἀγαθόν
2455 4849 2578 4902 μοι,
2604 4831 2695 4886 ὅτι
2722 4830 3126 4896 ἐταπείνωσάς
3151 4847 3250 4899 με.
3299 4830 3443 4884 Ὧσεὶ
3473 4829 3673 4898 ἔλεγεν

2116 4922 2333 4976 Εὐδοκῶ
2363 4925 2421 4976 ὲν
2463 4921 2783 4988 ἀσθενείαις,
2838 4923 2897 4975 ἐν
2928 4921 3165 4994 ὕϐρεσιν,
3214 4923 3272 4974 ὲν
3314 4920 3594 4991 ἀνάγκαις,
3621 4922 3678 4973 ὲν

2111 5014 2387 5086 διωγμοῖς,
2440 5017 2498 5068 ὲν
2530 5014 2930 5085 στενοχωρίαις,
2970 5014 3118 5080 ἄξιος
3162 5013 3391 5084 ὀφθῆναι
3419 5013 3526 5067 τῶν
3573 5013 3678 5065 σῶν

2110 5105 2528 5177 δικαιωμάτων,
2584 5104 2762 5177 ζητῶν
2816 5104 2959 5177 άπερ
3015 5106 3115 5159 οὐκ
3164 5104 3309 5160 ἐστιν
3354 5105 3527 5169 ἄλλως
3580 5120 3678 5174 μα-

2112 5196 2244 5252 θεῖν.

2194 5289 2440 5359 Ἀγαθός
2483 5304 2587 5358 μοι
2618 5291 2652 5342 ὁ
2681 5287 2863 5357 νόμος
2904 5290 3011 5343 τοῦ
3061 5288 3353 5358 στόματός
3378 5301 3495 5343 σου
3529 5288 3675 5355 ὑπὲρ

2114 5378 2389 5447 χιλιάδας
2421 5378 2679 5449 χρυσίου
2704 5377 2803 5432 καί
2844 5378 3150 5448 ἀργυρίου.
3188 5378 3359 5449 Ὅσης
3401 5377 3626 5447 ἠξίωται

2115 5471 2399 5544 ἄνθρωπος
2425 5469 2730 5525 διδάσκεται
2752 5468 3119 5541 εἰσαγόμενος.

2190 5563 2259 5615 Al
2288 5558 2482 5630 χεῖρές
2503 5573 2619 5612 σοίυ
2647 5556 2946 5627 ἐποίησάν
2976 5574 3072 5627 με.
3099 5556 3325 5628 Ἕτερον
3369 5554 3585 5625 ἀξίωμα
3620 5552 3679 5606 τὸ

506 5738 552 5769 ⁸⁸
580 5738 697 5794 Act.
735 5754 847 5809 ινι,
874 5741 966 5797 25.
1060 5742 1105 5775 "
1135 5739 1300 5798 Hebr.
1336 5755 1424 5810 ιιι,
1457 5740 1587 5815 “.3
1623 5741 1670 5775 ⁸⁸
1697 5738 1844 5796 Psal.
1879 5753 2075 5808 xxxtu,
2101 5739 2154 5792 2.
2232 5741 2273 5772 "
2306 5737 2447 5796 Psal.
2484 5755 2637 5805 xvm,
2672 5739 2756 5793 10.
