3946 6222
417 284 523 336 495
622 272 637 286 '

1251 280 1307 333 S.
1349 280 1718 333 ATUANASII
1758 278 1906 334 OPI’.
1951 278 2128 332 PARS
2165 277 2249 334 ΙΙΙ.
2297 309 2362 320 —-
2404 276 2816 334 EXEGETICA.

3542 279 3648 336 496

418 400 735 457 instantium
764 411 1026 450 maiorum
1053 396 1376 449 solutionem
1403 413 1416 461 ;
1451 395 1546 451 sed
1577 395 1740 449 etiam
1767 395 1859 464 qui
1893 394 1978 446 di-

2086 394 2174 447 καὶ
2201 393 2296 463 τὴν
2350 393 2503 446 λύσιν
2553 393 2661 446 τῶν
2685 394 3042 463 ἐπικειμένων
3069 409 3253 446 κακων
3285 392 3650 466 προσδεχόμεο

415 489 543 546 vina
584 487 712 562 legit
750 485 986 555 eloquia,
1015 491 1070 538 et
1115 483 1204 553 qui
1233 498 1423 537 eorum
1463 496 1696 538 mentem
1731 492 1981 538 accurate

415 579 657 636 ediscere
677 585 913 648 exoptat,
937 587 989 630 et
1009 575 1434 630 consolationem
1462 574 1982 644 oblectationemque

416 672 586 727 animi
613 671 773 725 habet
798 684 921 724 cum
948 668 1232 723 invenerit.

480 842 574 896 .82.
594 841 902 911 Defecerunt
931 840 1070 894 oculi
1095 841 1194 894 mei
1224 841 1278 893 in
1304 840 1565 910 eloquium
1592 850 1759 894 tuum.
1789 839 1847 894 1n
1875 839 1981 892 Do-

414 933 626 987 minum
670 931 920 986 videlicet
961 939 1210 986 nostrum
1237 929 1422 986 Jesum
1451 930 1750 996 Christum,
1781 930 1975 1000 inquit.

417 1021 594 1094 Ipsum
628 1022 1123 1091 namque/iubemus
1153 1023 1464 1078 advocatum
1496 1023 1636 1093 apud
1662 1021 1900 1087 Patrem,
1928 1033 1977 1077 et

413 1115 525 1184 ipse
544 1125 618 1168 est
651 1115 954 1183 propitiatio
975 1130 1069 1183 pro
1089 1113 1313 1184 peccatis
1338 1114 1552 1178 nostris,
1578 1114 1732 1184 juxta
1753 1113 1979 1183 apostoli

411 1204 683 1260 vocem”.
731 1205 993 1270 Dicentes,
1031 1204 1240 1274 quando
1297 1203 1646 1258 consolaberis
1696 1205 1814 1258 me?
1843 1204 1977 1258 Cum

413 1299 637 1352 verbum
671 1296 926 1352 adveniet
971 1296 1134 1363 mihi,
1190 1307 1320 1351 tunc
1363 1296 1792 1352 consolationem
1829 1294 1977 1351 acci-

412 1391 580 1459 piam.

482 1481 571 1534 83.
601 1481 739 1544 Quia
768 1479 941 1549 factus
962 1496 1078 1533 sum
1095 1480 1231 1534 sicut
1253 1487 1368 1533 uter
1388 1479 1443 1532 in
1474 1479 1686 1548 pruina.
1718 1477 1858 1534 Justi
1874 1477 1976 1533 etsi

411 1571 654 1626 viventes
688 1572 815 1638 sint,
851 1572 1008 1642 quasi
1033 1572 1233 1626 mortui
1264 1587 1330 1626 ex
1357 1571 1615 1626 aerumnis
1643 1567 1973 1632 eﬂiciuntur,

413 1664 485 1717 ita
520 1673 580 1717 ut
614 1663 826 1718 utribus
854 1663 1027 1732 magis
1066 1677 1228 1732 quam
1267 1661 1582 1717 hominibus
1612 1660 1815 1716 similes
1843 1660 1972 1726 sint,

2081 503 2188 549 νος,
2218 485 2354 538 ἀλλὰ
2385 485 2478 538 καὶ
2509 487 2665 548 ότοῖς
2693 485 2853 549 θείοις
2913 484 3248 555 ἐντυγχάνων
3302 484 3522 554 λογίοις,
3557 487 3650 541 καὶ

2079 575 2176 645 τὴν
2199 575 2400 628 τούτων
2425 575 2660 629 διάνοιαν
2709 575 3043 647 καταμαθεῖν
3071 575 3314 647 ἀκριϐῶς
3345 577 3648 646 ἐφιέμενος,

2079 667 2172 719 καὶ
2204 665 2547 738 παράκλησιν
2601 667 2696 720 καὶ
2741 667 3091 737 ψυχαγωνίαν
3140 666 3511 738 ὑπολαμϐάνει
3554 667 3650 740 τὴν

2078 753 2310 825 εὕρεσιν.

2159 845 2473 910 Ἐξέλιπον
2498 847 2553 900 οἱ
2584 846 2886 915 ὀφθαλμοί,
2891 863 3011 916 μου
3049 847 3136 912 εἰς
3160 845 3228 900 τὸ
3279 847 3488 916 λόγιόν
3509 863 3645 902 σου.

2078 935 2172 999 Et;
2193 935 2282 990 τὸν
2315 935 2516 1008 Κύριον
2535 935 2692 1008 ἡμῶν
2739 936 2942 1008 Ἰησοῦν
2963 937 3218 1008 Χριστὸν,
3263 938 3448 1008 φησίν.
3479 938 3650 992 Αὑτὸν

2081 1026 2190 1098 γάρ
2218 1028 2435 1096 ἔχομεν
2479 1025 2863 1096 παράκλητον
2906 1027 3056 1097 πρὸς
3098 1028 3207 1082 τόν
3230 1028 3482 1096 Πατέρα,
3508 1028 3649 1083 κατὰ

2075 1119 2174 1192 τὴν
2209 1120 2302 1172 τοῦ
2327 1119 2620 1174 ἀποστόλου
2664 1120 2873 1191 φωνήνο
2913 1118 3011 1173 καὶ
3034 1119 3216 1185 αὐτὸς
3243 1119 3496 1188 ἱλασμός
3517 1120 3649 1173 ἐστι

2075 1210 2209 1279 περὶ
2237 1211 2356 1264 τῶν
2385 1210 2684 1280 ἁμαρτιῶν
2707 1209 2894 1280 ἡμῶν.
2926 1210 3237 1279 Λέγοντες,
3287 1210 3431 1264 πότε
3457 1224 3648 1277 παρα-

2076 1302 2352 1369 καλέσεις
2377 1318 2495 1372 pe;
2523 1303 2692 1358 Ὅταν
2724 1301 2832 1373 γάρ
2851 1303 3176 1374 ἐπιδημήσει
3207 1319 3296 1374 μοι
3318 1301 3495 1370 λόγος,
3525 1301 3649 1354 τότε

2077 1393 2394 1466 παρακαλοῦ
2401 1412 2519 1465 μαι.

2149 1485 2279 1538 Ὀτι
2305 1484 2598 1556 ἐγενήθην
2623 1485 2766 1540 ὡσεί
2802 1485 2998 1550 ἀσκός
3045 1484 3115 1538 ἐν
3165 1483 3392 1553 πάχνη.
3441 1485 3648 1556 Νεκροὶ

2070 1576 2176 1647 μὲν
2200 1577 2396 1648 μᾶλλον
2415 1578 2465 1632 οἱ
2496 1576 2696 1643 ζῶντες
2718 1578 2822 1632 ὑπὸ
2847 1577 2955 1631 τῶν
2995 1573 3286 1630 κακώσεων
3330 1576 3570 1644 γίνονται
3598 1579 3646 1631 οῖ

2073 1666 2290 1735 δίκαιοι,
2319 1669 2396 1733 ὼς
2420 1669 2606 1734 ἀσκοῖς
2635 1669 2868 1724 ἑοικέναι
2901 1669 3097 1740 μᾶλλον
3125 1669 3157 1740 ἢ
3182 1667 3489 1740 ἀνθρώποις
3515 1669 3648 1724 ἀπο-

412 1755 826 1824 refrigescentes
851 1753 1009 1822 quasi
1042 1751 1231 1821 pruina
1259 1752 1560 1822 congelata,
1598 1750 1690 1820 qui
1726 1750 1972 1804 ardorem

2086 1759 2361 1830 διυχόμενοι
2384 1759 2633 1832 καθάπερ
2660 1761 2838 1834 πάχνη
2865 1739 3336 1832 περιπηγνυμένη,
3359 1761 3420 1814 τὸ
3449 1761 3646 1833 θερμὸν

410 1843 664 1912 practical:
703 1843 824 1896 vitm
848 1842 1176 1912 delegerunt.
1209 1841 1480 1912 Ejusdem.
1526 1838 1658 1895 Uter
1692 1841 1744 1894 in
1779 1840 1972 1909 pruina

411 1933 660 2000 ellicitur,
691 1933 786 2004 qui
815 1947 1033 1988 carnem
1070 1947 1226 1987 suam
1265 1933 1522 1996 exsiccat,
1553 1941 1606 1987 et
1655 1933 1788 1986 nihil
1823 1932 1879 1986 in
1907 1947 1972 1986 ea

411 2026 624 2080 ardoris
657 2033 711 2078 et
739 2024 1190 2094 concupiscentia
1231 2023 1508 2094 relinquit,
1547 2023 1641 2078 sed
1670 2038 1788 2078 eam
1816 2021 1973 2094 quasi

406 2116 718 2186 refrigerat.

482 2207 568 2263 84.
603 2207 741 2272 Quot
774 2215 894 2261 sunt
920 2206 1032 2260 dies
1056 2207 1194 2260 servi
1222 2208 1297 2260 tui
1314 2206 1514 2262 3Pauci
1537 2207 1681 2262 enim
1705 2213 1833 2261 sunt
1856 2203 1973 2260 dies

407 2298 694 2351 hominum
719 2311 883 2367 super
905 2305 1125 2360 terram,
1150 2295 1420 2366 inquibus
1452 2302 1606 2364 rogat
1637 2295 1816 2349 statim
1843 2307 1974 2348 con-

405 2390 511 2445 teri
544 2388 798 2444 Satanam
833 2388 934 2444 sub
966 2387 1194 2457 pedibus
1244 2389 1385 2457 ejus,
1422 2395 1482 2442 ut
1509 2387 1690 2442 anima
1718 2384 1974 2456 subjicia-

405 2490 498 2534 tur
528 2480 709 2534 divino
735 2477 908 2534 Verbo
936 2478 988 2533 in
1019 2493 1138 2533 eam
1167 2479 1435 2534 immisso.

481 2656 570 2711 85.
597 2655 958 2710 Narraverunt
974 2657 1102 2710 mihi
1128 2657 1296 2727 iniqui
1322 2655 1694 2725 fabulationes.
1727 2654 1834 2708 Aut
1856 2667 1973 2707 ani-

407 2749 489 2802 les
529 2748 740 2804 l’abu‘las
781 2760 938 2804 vocat
980 2747 1290 2803 Iudaeorum
1342 2747 1668 2810 doctrinam,
1708 2755 1804 2802 aut
1837 2759 1974 2816 pra:-

407 2846 564 2906 cepta
621 2836 900 2891 hominum
959 2844 1012 2891 et
1062 2851 1233 2906 nugas
1273 2835 1597 2906 sapientium
1654 2835 1818 2904 hujus
1871 2848 1973 2889 sa:-

408 2929 541 2983 culi.

483 3020 570 3074 86.
611 3019 803 3075 Omnia
843 3020 1096 3074 mandata
1125 3027 1216 3072 tua
1246 3018 1460 3084 veritas,
1498 3017 1674 3086 inique
1717 3016 1972 3086 persecuti

409 3121 529 3164 sunt
565 3126 665 3173 me,
699 3109 891 3180 adjuva
915 3125 1014 3163 me.
1066 3106 1281 3163 Gnarus
1323 3121 1382 3160 se
1405 3105 1458 3159 in
1502 3105 1687 3159 divino
1717 3103 1973 3158 tribunali
1999 3089 2044 3151 α

412 3199 712 3252 mercedem
759 3206 1104 3268 accepturum
1152 3211 1251 3267 pro
1293 3195 1362 3251 iis
1389 3208 1509 3264 quae
1537 3195 1738 3266 injuste
1777 3208 1973 3265 passus

408 3299 513 3354 est,
532 3291 692 3361 gestit
714 3291 845 3345 illud
870 3300 1076 3360 tempus
1103 3290 1307 3346 videre.

481 3381 569 3436 87.
597 3379 767 3434 Paulo
791 3382 962 3435 minus
983 3389 1472 3436 consummaverunt
1502 3396 1580 3435 me
1601 3381 1657 3433 in
1681 3390 1843 3435 terra.
1863 3376 1973 3433 Pa-

411 3489 530 3527 rum
560 3471 735 3527 abfuit
759 3474 890 3543 quin
926 3488 993 3528 ex
1035 3487 1134 3528 sua
1166 3473 1542 3544 persecutione
1586 3487 1674 3529 me
1714 3487 1974 3529 consum-

413 3573 645 3618 marent.
693 3566 738 3592 “

483 3653 568 3709 88.
598 3651 896 3708 Secundum
923 3653 1343 3708 misericordiam
1379 3663 1526 3708 tuam
1561 3655 1770 3724 oiciﬁca
1797 3670 1897 3721 me,
1920 3663 1972 3709 et

407 3745 705 3798 custodiam
732 3745 1030 3800 testimonia
1057 3745 1161 3799 oris
1191 3744 1288 3799 tui.
1314 3741 1388 3798 Os
1421 3743 1516 3799 Dei
1545 3752 1672 3799 sunt
1698 3743 1973 3814 propheta:

409 3843 502 3914 qui
528 3842 910 3898 administrant
937 3841 1266 3908 testimonia,
1301 3848 1591 3912 praecepta,
1620 3839 1969 3910 justiticatio-

409 3949 507 3989 nes
538 3933 674 4003 ejus.

477 4023 845 4090 In'wternum,
879 4023 1122 4090 Domine,
1157 4025 1367 4077 verbum
1418 4033 1566 4078 tuum
1607 4029 1870 4091 permanet
1913 4021 1969 4076 in

413 4121 562 4175 caelo.
606 4119 665 4174 In
696 4118 940 4189 profectu
986 4127 1262 4180 versatur.
1293 4125 1347 4171 et
1374 4115 1692 4171 sublimiora
1723 4114 1971 4186 dogmata

409 4211 660 4288 attingit,
698 4219 870 4279 atque.
895 4217 1155 4263 aeternum
1187 4205 1365 4261 Patris
1407 4203 1643 4260 Verbum
1703 4205 1969 4272 meminit,

413 4312 467 4355 et
500 4308 710 4355 tantum
754 4315 861 4354 non
899 4298 1030 4352 illud
1063 4316 1077 4350 :
1114 4295 1182 4349 In
1226 4295 1483 4364 principio
1521 4302 1636 4348 erat
1682 4291 1905 4347 Verbum
1925 4294 1969 4324 ‘°

409 4390 572 4455 dicit;
597 4391 769 4459 deque
797 4389 1032 4443 universi
1058 4395 1249 4441 ornatu
1284 4386 1542 4456 loquitur,
1566 4393 1620 4440 et
1648 4384 1792 4439 clare
1811 4393 1970 4439 natu-

411 4497 526 4536 ram
557 4496 736 4536 rerum
769 4495 983 4535 onmem
1013 4493 1224 4534 servam
1251 4479 1370 4546 ejus
1399 4485 1573 4531 vocat.

477 4655 564 4713 89.
589 4656 655 4710 In
685 4656 1065 4727 generationem
1108 4663 1158 4707 et
1200 4653 1583 4723 generationem
1629 4652 1818 4704 veritas
1850 4661 1964 4704 tua.

409 4750 539 4804 Duae
568 4757 695 4804 sunt
713 4746 1088 4818 generationes
1116 4759 1236 4815 qua:
1257 4742 1352 4798 Dei
1387 4742 1671 4796 veritatem
1702 4741 1926 4810 capiunt
1950 4758 1964 4794 :

406 4841 716 4898 Iudaeorum
749 4838 1000 4910 populus,
1027 4836 1123 4906 qui
1157 4835 1318 4890 habet
1358 4834 1528 4903 legem
1557 4839 1612 4888 et
1643 4833 1966 4902 prophetas,

408 4941 464 4988 et
494 4931 756 4988 Ecclesia.
782 4927 901 4984 Non
931 4929 984 4982 in
1014 4927 1386 4996 generationes
1412 4926 1593 4994 itaque
1623 4923 1823 4979 veritas
1851 4921 1965 4987 Dei,

411 5025 505 5079 sed
528 5025 582 5078 in
614 5022 1014 5092 generationem
1040 5018 1274 5090 primam
1295 5026 1350 5072 et
1380 5017 1435 5072 in
1459 5015 1858 5088 generationem
1886 5031 1962 5072 se-

410 5115 666 5171 cundam.
706 5113 840 5166 Alia:
877 5119 1058 5165 autem
1106 5117 1290 5178 gentes
1335 5107 1391 5161 in
1424 5121 1610 5161 errore
1660 5113 1964 5161 versantur.

408 5209 544 5262 Cum
569 5215 747 5261 autem
783 5205 932 5274 prior
954 5203 1042 5257 illa
1085 5200 1363 5272 generatio
1384 5198 1572 5269 rejecit
1607 5199 1884 5252 veritatem
1913 5205 1968 5251 et

409 5298 582 5352 dixit:
613 5295 777 5360 Tolle,
831 5294 953 5348 tolle
978 5294 1021 5325 εί
1069 5293 1136 5347 de
1175 5300 1318 5346 terra
1343 5289 1684 5360 hujusmodi,
1717 5289 1968 5344 transivit

411 5388 608 5442 veritas
635 5387 704 5440 ab
733 5386 822 5440 illa
848 5387 900 5438 in
929 5385 1072 5439 hanc
1101 5381 1525 5454 generationem.
1563 5379 1823 5434 Fundasti
1857 5389 1963 5433 ter-

410 5492 526 5529 ram
545 5486 593 5529 et
615 5485 900 5544 permanet.
926 5473 1038 5529 Hac
1070 5475 1292 5528 veritate
1339 5481 1483 5526 terra
1522 5471 1739 5525 fundata
1765 5480 1866 5526 est.
1907 5469 1963 5523 In

412 5564 514 5619 hoc
551 5566 694 5620 enim
718 5566 964 5636 angulari
1015 5563 1192 5635 lapide
1234 5566 1288 5616 in
1323 5560 1733 5616 fundamentum
1765 5561 1962 5630 posito,

479 5672 524 5706 "
553 5671 750 5729 ann.
781 5691 839 5739 ιι,
866 5676 919 5728 2.
995 5675 1038 5707 ⁸⁸
1061 5672 1213 5728 Joan.
1247 5689 1284 5739 ι,
1317 5673 1367 5726 1.
1423 5671 1464 5704 ⁸⁸
1495 5669 1654 5725 Joan.
1688 5687 1798 5728 XIX.
1835 5671 1921 5724 ιε’..

1996 4430 2048 4489 D

2077 1850 2169 1902 καὶ
2205 1850 2500 1922 πρακτικὸν
2553 1849 2992 1922 προαιρούμενοι.
3051 1849 3160 1903 Τοῦ
3204 1850 3411 1904 αὐτοῦ.
3457 1851 3646 1915 Ἀσκὸς

2076 1942 2132 1993 ὲν
2163 1941 2342 2014 πάχνη
2371 1942 2576 2010 γίνεται
2598 1945 2626 1996 ό
2647 1943 2745 2013 τὴν
2772 1941 2963 1996 ἑαυτοῦ
2994 1941 3172 2012 σάρκα
3200 1940 3526 2012 κατατήξας,
3547 1945 3642 1995 καὶ

2081 2033 2244 2104 μηδὲν
2273 2035 2331 2088 ὲν
2359 2033 2507 2105 αὐτῷ
2533 2033 2782 2106 πυρῶδες
2833 2033 2925 2088 καὶ
2959 2032 3348 2104 ἐπιθυμητικὸν
3377 2032 3502 2098 ὲῶν,
3531 2031 3642 2086 ἀλλ’

2076 2123 2354 2192 άποψύξας
2381 2123 2566 2195 ὥσπερ
2597 2124 2787 2194 αὑτήν.

2141 2218 2332 2268 Πόσαι
2362 2217 2520 2269 εἰσιν
2550 2217 2606 2268 αἱ
2624 2214 2833 2284 ἡμέραι
2858 2211 2964 2267 τοῦ
2984 2213 3206 2268 δούλου
3235 2228 3391 2278 σου;
3441 2211 3643 2281 Ὀλίγαι

2077 2305 2184 2376 γάρ
2213 2308 2268 2359 αι
2295 2305 2402 2359 τῶν
2433 2303 2733 2377 ἀνθρώπων
2764 2303 2968 2375 ἡμέραι
3015 2303 3106 2357 ἐπὶ
3131 2303 3230 2374 τῆς
3263 2304 3387 2374 γῆς,
3439 2306 3498 2358 ὲν
3553 2299 3641 2367 αἶς

2077 2398 2292 2468 εὔχεται
2337 2396 2537 2460 εὐθέως
2578 2397 2924 2467 συντριϐῆναι
2953 2395 3043 2448 τὸν
3085 2396 3328 2450 Σατανᾶν
3378 2395 3482 2449 ὑπὸ
3521 2396 3645 2460 τοὺς

2077 2489 2244 2552 πόδας
2271 2487 2455 2552 αὐτοῦ,
2487 2487 2563 2551 ῶς
2587 2487 2653 2540 ἂν
2683 2487 3035 2540 ύποτάσσοιτο
3057 2484 3153 2558 τὴν
3179 2485 3356 2558 ψυχὴν
3386 2485 3478 2539 τοῦ
3503 2485 3642 2539 θείου

2077 2581 2250 2648 Λόγου
2275 2579 2554 2648 γεγονότος
2586 2570 2642 2631 ὲν
2662 2578 2819 2650 αὐτῇ.

2147 2669 2519 2741 Διηγήσαντό
2583 2687 2685 2739 μοι
2737 2668 3065 2738 παράνομοι
3123 2666 3502 2736 ἀδολεσχίας.
3561 2668 3635 2720 Ἢ

2076 2763 2200 2826 τοὺς
2224 2761 2488 2834 γραώδεις
2516 2760 2716 2832 μύθους
2739 2759 2846 2813 τῶν
2886 2759 3152 2814 Ἰουδαίων
3196 2760 3328 2831 φησὶ
3373 2759 3470 2823 τὰς
3494 2759 3643 2816 διδα-

2078 2855 2323 2919 σκαλίας,
2349 2856 2382 2926 ἢ
2413 2855 2507 2909 καὶ
2528 2853 2596 2908 τὰ
2614 2854 2919 2924 ἐντάλματα
2939 2853 3047 2906 τῶν
3075 2851 3395 2923 ἀνθρώπων,
3429 2862 3524 2904 καὶ
3545 2859 3645 2914 τάς

2077 2942 2341 3017 φλυαρίας
2370 2945 2477 2998 τῶν
2516 2944 2693 3014 σοφῶν
2720 2944 2812 2998 τοῦ
2833 2943 3026 3007 αἰῶνος
3050 2942 3258 2996 τούτου.

2145 3033 2339 3089 Πᾶσαι
2385 3037 2441 3088 αἱ
2473 3035 2711 3089 ἑντολαί
2734 3051 2848 3089 σου
2881 3033 3132 3102 ἀλήθεια
3151 3047 3164 3062 ·
3219 3033 3437 3100 ἀδίκως
3478 3049 3644 3088 κατε-

2075 3126 2298 3191 διωεάν
2337 3143 2432 3196 με’
2470 3125 2788 3194 ,βοήθησόν
2838 3143 2960 3194 μοι.
3010 3125 3198 3191 Εἰδὼς,
3238 3126 3314 3190 ὡς
3335 3127 3393 3178 ὲν
3417 3126 3492 3197 τῷ
3517 3125 3644 3196 θείῳ

2073 3219 2405 3290 δικαστηρίῳ
2429 3218 2762 3290 ἀπολήψεται
2788 3219 2926 3292 ὑπὲρ
2959 3213 3034 3274 ὧν
3078 3218 3343 3274 πέπονθεν
3395 3219 3640 3284 ἀδικιῶν,

2072 3309 2380 3363 ὲπισπεύδει
2410 3309 2536 3364 ίδεῖν
2565 3309 2751 3380 καιρὸν
2773 3311 2996 3365 ἐκεῖνον.

2139 3400 2306 3467 Παρὰ
2331 3399 2532 3468 βραχὺ
2562 3399 2974 3455 συνετέλεσάν
2995 3416 3072 3470 με
3099 3399 3168 3454 ἐν
3195 3397 3270 3469 τῇ
3297 3398 3394 3470 γῇ.
3426 3400 3481 3454 Μ
3489 3399 3640 3470 ικροῦ

2070 3490 2177 3544 δεῖν
2207 3491 2272 3544 ἐκ
2296 3490 2388 3546 τοῦ
2417 3490 2656 3563 διωγμοῦ
2679 3490 2875 3547 αὐτῶν.

2141 3648 2302 3703 Κατὰ
2328 3647 2394 3702 τὸ
2431 3647 2602 3714 ἔλεός
2637 3664 2752 3703 σου
2774 3647 2958 3717 ζῆσόν
2983 3663 3082 3717 με,
3134 3645 3234 3700 καὶ
3266 3644 3515 3716 φυλάξω
3571 3643 3642 3696 τὰ

2065 3740 2358 3808 μαρτύρια
2413 3740 2520 3794 τοῦ
2553 3741 2852 3808 στόματός
2885 3753 3022 3794 σου.
3057 3739 3239 3811 Στόμα
3270 3737 3402 3792 Θεοῦ
3429 3737 3640 3790 οί.δια-

2072 3831 2396 3900 κονήσαντες
2439 3831 2714 3904 προφῆται
2754 3833 2866 3894 τοῖς
2899 3830 3236 3902 μαρτυρίοις,
3263 3828 3354 3884 καὶ
3376 3827 3635 3893 ἐντολαῖς,

2070 3923 2182 3984 τοῖς
2207 3921 2566 3994 δικαιώμασιν
2596 3922 2782 3977 αὑτοῦ.

2135 4013 2240 4078 Εἰς
2286 4013 2392 4068 τὸν
2436 4013 2638 4080 αἰῶνα,
2685 4014 2881 4082 Κύριε,
2916 4016 2948 4067 o'
2981 4012 3166 4081 λόγος
3205 4027 3322 4066 σου
3383 4010 3640 4080 διαμένει

2070 4105 2152 4173 ἐν,
2168 4103 2248 4170 τῷ
2279 4103 2530 4173 οὐρανῷ.
2572 4105 2660 4158 Ἐν
2693 4107 2940 4176 προκοπῇ
2976 4104 3278 4172 γινόμενος,
3325 4101 3419 4156 καὶ
3446 4100 3640 4172 ὑψηλο-

2069 4195 2244 4268 τέρων
2273 4195 2497 4250 ἅπτεται
2543 4196 2848 4268 δογμάτων,
2895 4194 2990 4248 τοῦ
3025 4212 3083 4247 τε
3145 4193 3314 4246 ἀϊδίου
3348 4193 3520 4262 Λόγου
3544 4190 3637 4244 τοῦ

2071 4288 2282 4360 Πατρὸς
2335 4286 2703 4359 μνημονεύων,
2739 4286 2832 4340 καὶ
2880 4285 3160 4357 μονονουχὶ
3191 4285 3272 4338 τό·
3339 4285 3435 4339 Ἐν
3483 4282 3638 4354 ἀρχιῖ

2071 4374 2150 4448 ἦν
2171 4381 2204 4431 ό
2233 4377 2442 4448 Λόγος,
2485 4376 2678 4444 λέγων,
2709 4377 2803 4430 καὶ
2840 4376 2936 4448 τῆς
2955 4374 3362 4445 διακοσμήσεως
3381 4371 3474 4426 τοῦ
3504 4389 3638 4426 παν-

2070 4469 2179 4533 τὸς,
2211 4467 2394 4538 σαφῶς
2445 4485 2507 4522 τε
2551 4467 2742 4539 δούλην
2781 4464 2943 4521 αὑτοῦ
2973 4465 3071 4536 τὴν
3116 4464 3407 4535 σύμπασαν
3459 4462 3636 4516 κτίσιν

2069 4562 2351 4616 ἀποκαλεῖ.

2139 4661 2242 4724 Εἰς
2283 4657 2493 4728 γενεὰν
2519 4655 2616 4710 καὶ
2642 4653 2856 4724 γενεὰν
2879 4655 2917 4722 ἡ
2947 4649 3195 4717 ἀλήθεια
3218 4663 3356 4702 σου.
3386 4645 3490 4700 Δύο
3534 4645 3639 4698 elei.

2067 4749 2270 4818 γενεαὶ,
2321 4751 2375 4803 αἱ
2408 4749 2724 4821 χωρήσασαι
2747 4745 2844 4816 τὴν
2875 4743 2965 4798 τοῦ
3015 4741 3174 4810 Θεού⁹
3195 4739 3478 4809 ἀλήθειαν,
3515 4737 3544 4791 ὅ
3576 4753 3634 4789 τε

2065 4840 2173 4894 τῶν
2209 4839 2478 4893 Ἰουδαίων
2535 4838 2661 4900 λαὸς
2699 4836 2835 4908 ἔχων
2864 4837 2954 4889 τὸν
2995 4832 3157 4904 νόμον
3214 4831 3307 4885 καί
3344 4829 3470 4892 τοὺς
3502 4844 3635 4898 προ-

2067 4932 2262 5001 φήτας,
2288 4931 2381 4984 καὶ
2405 4932 2440 5002 ἡ
2481 4928 2784 5000 Ἐκκλησία.
2849 4927 2963 4980 Οὐκ
2991 4926 3072 4988 είς
3103 4921 3293 4992 γενεάς
3323 4915 3416 4974 οὖν
3438 4920 3473 4990 ἡ
3509 4918 3636 4989 ἁλή-

2068 5022 2187 5076 θεια
2215 5021 2308 5076 τοῦ
2337 5021 2493 5084 Θεοῦ,
2520 5021 2632 5073 ἀλλ’
2656 5022 2732 5084 εἰς
2757 5017 2949 5088 γενεὰν
2983 5015 3081 5088 τὴν
3129 5011 3398 5084 προτέραν
3438 5010 3535 5064 καὶ
3559 5011 3636 5071 είς

2066 5115 2257 5184 γενεάν
2283 5114 2379 5185 τὴν
2408 5112 2682 5184 δευτέραν.
2718 5113 2796 5166 Τὰ
2834 5111 2890 5164 δὲ
2923 5108 3055 5164 ἄλλα
3083 5107 3208 5178 ἔθνη
3243 5103 3633 5174 πεπλάνηνται.

2068 5207 2195 5260 Ὅτε
2217 5205 2272 5258 δὲ
2300 5206 2390 5258 καὶ
2415 5208 2448 5276 ἡ
2479 5203 2717 5275 προτέρα
2745 5200 2907 5271 γενεά
2962 5199 3182 5266 ἐξέϐαλε
3227 5195 3326 5268 τὴν
3355 5193 3634 5265 ἀλήθειαν,

2065 5297 2159 5351 καὶ
2195 5293 2364 5350 εἶπενο
2402 5291 2714 5362 Αϊοεναῖρε
2757 5293 2864 5346 ἀπὸ
2897 5291 2998 5361 τῆς
3062 5290 3165 5360 γῆς
3215 5287 3306 5341 τδν
3355 5281 3598 5337 τοιοῦτον
3621 5323 3636 5345 ,.

2067 5387 2434 5458 μεταϐέϐηκεν
2459 5389 2492 5458 ἡ
2514 5386 2735 5457 ἀλήθεια
2791 5386 2884 5439 ἀπ’
2912 5384 3127 5453 ἐκείνης
3174 5379 3272 5450 τῆς
3315 5376 3508 5446 γενεᾶς
3541 5372 3635 5426 ἐπὶ

2063 5479 2265 5549 ταύτην
2308 5480 2405 5550 τὴν
2459 5479 2652 5548 γενεάν
2711 5475 3136 5536 Ἐθεαελίιιισας
3196 5468 3314 5538 τὴν
3364 5465 3487 5538 γῆν
3536 5464 3632 5520 καὶ

2063 5570 2340 5640 διαμένει.
2377 5572 2420 5624 Τ
2424 5589 2557 5642 αυτῃ
2591 5571 2646 5624 δὲ
2677 5571 2742 5641 τῇ
2796 5567 3020 5638 άληθειᾳ
3044 5567 3078 5636 ἡ
3117 5563 3188 5634 γῆ
3221 5557 3629 5632 τεθεμελίωται.
