3946 6222
299 315 395 369 «ὕθῖ

1375 300 1743 360 ΕΧΡΟΞΙΤΙὉ
1784 300 1848 354 IN
1887 297 2217 355 PSALMUM
2258 294 2488 355 CXVIII.

3437 292 3538 348 £98

313 429 431 482 Ἐπὶ
451 429 628 485 τούτω
647 426 756 498 γὰρ
773 425 848 495 τῷ
874 423 1244 496 ἁκρογωνιαίῳ
1263 421 1396 493 λίθῳ
1415 419 1719 490 καταϐεὸλη
1729 417 1872 489 μένῳ

1993 416 2308 471 edilicantur
2326 426 2517 468 omnes
2541 410 2823 480 terrigena
2848 407 2943 477 qui
2963 405 3196 461 salutem
3224 403 3365 458 nacti
3389 413 3536 458 sunt.

301 517 532 589 θεμελίῳ
559 515 960 587 οίκοδομοῦνται
1008 516 1206 577 πάντες
1230 515 1278 568 οἱ
1309 515 1371 566 ὲκ
1419 513 1521 582 γῆς
1555 510 1866 580 σωζόμενοι.

303 610 459 666 Ὅθεν
509 611 604 663 xui.
637 609 881 680 διαμένει
908 610 941 679 ἡ
971 609 1064 677 γῆ,
1098 606 1314 679 ἀρραγῆ
1341 605 1434 660 καὶ
1483 603 1697 674 ἀσφαλῆ
1732 619 1838 674 κρη

302 702 428 755 πίδα
453 702 549 755 καὶ
576 700 822 772 θεμέλιον
856 699 1071 771 ἔχουσα.
1117 697 1274 751 Ἀλλὰ
1307 697 1401 752 καὶ
1448 697 1552 768 γῆν
1593 695 1873 766 φωτίσασα

302 793 603 866 ὴάλήθεια
662 793 874 865 ἡμέραν
943 792 1204 863 ἐποίησε,
1259 788 1396 844 Θεοῦ
1469 789 1872 860 ἐπιλάμψαντος

301 887 489 955 αὐτήν.

373 977 454 1046 Τῇ
483 974 746 1040 διατάξει
773 990 889 1029 σου
934 974 1193 1044 διαμένει
1245 971 1453 1041 ἡμέρα,
1509 970 1596 1024 ὅτι
1626 969 1697 1023 τὰ
1721 970 1872 1037 σύμ-

301 1085 498 1122 παντα
546 1066 738 1121 δοῦλα
796 1083 916 1122 σοι.
975 1066 1088 1118 Ούκ
1133 1062 1523 1133 ἀλλαττομένη,
1559 1061 1679 1114 οὐδὲ
1722 1059 1874 1121 τέλος

300 1160 672 1232 λαμϐάνουσα,
723 1159 798 1221 ὡς
852 1159 880 1211 ὁ
922 1157 1062 1211 κατά
1086 1157 1184 1228 τὴν
1239 1154 1481 1209 Παλαιὰν
1518 1152 1734 1224 Γραφὴν
1763 1168 1874 1220 φω-

302 1252 510 1322 τισμός.
560 1251 713 1304 Ἐπεὶ
740 1251 835 1303 καὶ
860 1249 1022 1320 μέχρι
1059 1246 1252 1320 καιροῦ
1287 1243 1621 1316 διορθώσεως
1647 1243 1870 1296 τέθειτο.

304 1342 486 1396 Ταῦτα
510 1342 567 1395 δὲ
595 1342 770 1396 πάντα
797 1340 902 1395 ὑπὸ
943 1337 1078 1393 Θεοῦ
1115 1323 1410 1408 ὑπῆρκται.
1475 1334 1734 1406 Ἐπείπερ
1760 1333 1876 1386 κτί-

305 1451 431 1488 στου
465 1435 561 1488 καὶ
605 1431 903 1506 προνοητοῦ
926 1431 1098 1496 ὄντος,
1123 1430 1282 1484 δοῦλα
1307 1430 1375 1484 τά
1410 1429 1698 1501 σύμπαντά
1727 1430 1874 1480 ἐστιν

302 1526 489 1581 αὑτοῦ.

366 1619 436 1672 El
455 1617 542 1686 μὴ
571 1619 603 1671 ὁ
626 1615 810 1686 νόμος
842 1631 959 1671 σου
1005 1617 1227 1686 μελέτη
1252 1615 1370 1684 μού
1396 1614 1526 1668 ἐστι
1548 1655 1564 1678 ,
1621 1613 1752 1665 τότε
1799 1610 1875 1664 ἂν

303 1709 630 1777 ἀπωλόμην
685 1709 754 1762 ἐν
781 1707 858 1777 τῇ
884 1706 1237 1762 ταπεινώσει
1284 1723 1422 1776 μου.
1481 1704 1872 1766 Είσόαλόντων,

306 1803 456 1872 φησι,
492 1801 598 1856 τῶν
627 1800 877 1872 πονηρῶν
901 1800 1194 1871 λογισμῶν,
1220 1801 1315 1854 καὶ
1350 1799 1458 1852 τῶν
1491 1797 1875 1868 ἀντικειμένων

303 1894 584 1963 δυνάμεων
617 1893 994 1964 πολεμούντων
1028 1891 1173 1962 ἐμοὶ,
1199 1888 1344 1961 εἶχον
1372 1889 1438 1944 ἂν
1465 1888 1778 1952 ἀπολέσθαι,
1827 1889 1876 1940 εί

309 1984 382 2055 μὴ
400 1985 429 2036 ό
459 1983 548 2048 σὸς
576 1983 738 2054 νόμος
770 1984 849 2047 εἰς
880 1983 1159 2055 στήριγμα
1181 1981 1418 2051 ἐγένετο.

371 2078 478 2142 Είς
500 2074 605 2129 τὸν
629 2074 814 2129 αἰῶνα
844 2077 916 2130 οὐ
965 2074 1052 2144 μὴ
1079 2073 1445 2143 ἐπιλάθωμαι
1488 2070 1608 2126 τῶν
1651 2071 1878 2125 δικαιω-

301 2163 502 2232 μάτων
530 2177 666 2228 σου,
715 2161 805 2216 ὅτι
857 2163 928 2216 έν
958 2162 1161 2228 αὐτοῖς
1202 2161 1421 2231 ἐζησάς
1464 2179 1556 2231 με.
1613 2162 1736 2223 Τοῖς
1766 2162 1877 2224 σοῖς

305 2255 490 2325 νόμοις
516 2254 739 2325 ὄψομαι,
773 2255 956 2326 φησίν
997 2254 1103 2318 ἔξω
1135 2254 1244 2326 γὰρ
1271 2255 1328 2308 ὲν
1367 2255 1552 2317 αὐτοῖς
1583 2252 1680 2324 τὴν
1709 2251 1874 2323 ζωὴν,

305 2345 448 2400 καθά
466 2346 528 2418 δή
554 2363 642 2416 μοι
670 2346 765 2400 καὶ
793 2345 1040 2418 εἴρηκας,
1083 2347 1172 2400 ὅτι
1219 2349 1251 2401 ὁ
1291 2346 1551 2415 ποιήσας
1588 2343 1740 2399 αὐτὰ
1776 2346 1879 2398 ἄν-

305 2441 534 2507 θρωπος
577 2437 815 2509 ζήσεται
867 2440 937 2492 ὲν
975 2438 1198 2504 αὐτοῖς.
1256 2437 1372 2492 Ζῶν
1417 2434 1509 2492 οὖν
1563 2437 1719 2508 μόνος
1743 2439 1771 2490 ὁ
1796 2437 1876 2490 δί-

307 2549 479 2596 καιος,
515 2531 619 2586 κᾶν
648 2530 968 2602 τεθνηκέναι
991 2531 1142 2602 δοκῇ·
1165 2531 1350 2602 νεκροὶ
1379 2531 1436 2584 δὲ
1466 2533 1514 2583 oi
1553 2529 1746 2597 ἄδικοι,
1775 2530 1878 2584 κᾶν

307 2616 404 2687 ζῇν
436 2616 755 2686 φαίνωνται.
803 2615 1029 2670 Ἐκεῖνοι
1088 2615 1186 2685 μὲν
1223 2615 1330 2686 γὰρ
1360 2613 1458 2685 τὴν
1487 2614 1584 2684 τῆς
1613 2611 1756 2684 ζωῆς
1787 2613 1879 2666 σύ-

243 2739 248 2743 -
309 2723 497 2764 στασιν
525 2711 586 2763 ἐν
616 2709 828 2771 ἑαυτοῖς
854 2707 1055 2778 έχουσι,
1078 2708 1174 2776 τὴν
1205 2707 1564 2777 δικαιοσύνην·
1589 2707 1636 2758 οί
1667 2705 1722 2758 δὲ
1749 2704 1880 2760 ταύ-

309 2816 406 2869 την
436 2799 538 2852 οὐκ
556 2798 771 2870 ἔχοντες
801 2804 912 2863 τοῖς
965 2799 1025 2853 οὐ
1071 2798 1199 2870 παρ’
1244 2797 1472 2861 ἑαυτῶν,
1524 2795 1639 2850 ἀλλ’
1683 2796 1879 2864 ἔξωθεν

309 2892 640 2961 κινουμένοις
670 2891 898 2962 ἀψύχοις
924 2890 1180 2946 ἐοίκασιν.

375 2980 494 3046 Σός
529 2983 645 3051 ειμι
669 2981 802 3051 ἐγὼ,
851 2981 1059 3036 σῶσόν
1099 2999 1196 3052 με.
1249 2983 1730 3054 Προσυπακούεται
1778 2982 1876 3054 τῷ,

1971 508 2336 575 Quamobrem
2361 512 2604 560 remanet
2630 511 2798 568 terra,
2831 497 3118 554 infractam
3152 505 3206 552 et
3246 496 3542 551 inconcus-

1971 616 2088 659 sam
2111 599 2268 655 basin
2300 613 2364 654 ac
2384 595 2800 652 fundamentum
2828 576 3056 648 habens.
3093 589 3208 644 lmo
3231 587 3395 642 etiam
3422 588 3540 658 ipsa

1969 693 2170 750 veritas
2213 701 2409 747 terram
2455 690 2734 745 illustrans
2781 687 2921 743 diem
2961 684 3169 750 eﬂ'ecit,
3231 679 3343 738 Dee
3390 681 3539 736 illam

1970 785 2269 841 emittente.

2037 979 2125 1034 9I.
2162 979 2507 1035 Ordinatione
2543 986 2635 1030 tua
2663 983 2955 1046 perseverat
3001 974 3134 1041 dies,
3155 973 3406 1044 quoniam
3428 986 3542 1026 om-

1973 1071 2065 1124 nia
2095 1070 2325 1124 serviunt
2351 1069 2467 1122 tibi.
2492 1066 2609 1122 Non
2635 1075 2838 1122 mutata
2857 1079 3033 1136 neque
3056 1065 3218 1118 ﬁnem
3241 1061 3539 1132 accipiens,

1974 1162 2118 1216 sicut
2154 1160 2480 1216 illuminatio
2525 1159 2615 1213 illa
2647 1173 2768 1230 quae
2794 1158 2850 1212 in
2877 1155 3059 1212 Veteri
3100 1153 3384 1225 Scriptura
3420 1167 3540 1208 me-

1974 1260 2239 1308 moratur.
2266 1250 2718 1320 Quandoquidem
2743 1264 2918 1320 usque
2942 1248 3007 1303 ad
3029 1246 3382 1303 correctionis
3406 1257 3542 1300 tem-

1973 1355 2076 1410 pus
2098 1341 2279 1411 posita
2302 1349 2405 1394 est.
2433 1337 2557 1394 Haec
2578 1348 2755 1394 autem
2779 1338 2963 1393 omnia
2985 1336 3097 1392 Deo
3115 1335 3360 1405 subjecta
3389 1346 3536 1390 sunt.

1971 1431 2106 1488 Nam
2133 1449 2254 1489 cum
2281 1442 2491 1487 creator
2512 1432 2868 1503 provisorque
2889 1432 2980 1498 sit,
3011 1428 3196 1484 omnia
3228 1428 3332 1498 ipsi
3360 1426 3538 1483 famu-

1973 1525 2174 1580 lantur.

2045 1616 2134 1672 92.
2163 1614 2288 1670 Nisi
2332 1614 2471 1685 quod
2515 1613 2599 1668 lea:
2644 1622 2737 1666 tua
2781 1609 3060 1666 meditatio
3105 1626 3221 1664 mea
3271 1617 3370 1674 est,
3417 1617 3542 1662 tunc

1975 1708 2110 1777 forte
2152 1707 2422 1776 periissem
2455 1706 2512 1758 in
2561 1703 2859 1758 humilitate
2896 1717 3032 1756 mea.
3085 1699 3540 1770 Irrumpentibus,

1981 1799 2176 1870 inquit,
2204 1797 2364 1854 malis
2396 1796 2837 1869 cogitationibus,
2869 1803 2922 1850 et
2945 1793 3274 1849 adversariis
3301 1801 3542 1864 potesta—

1981 1891 2129 1946 tibus
2154 1904 2242 1945 me
2273 1889 2732 1960 oppugnantibus,
2765 1885 3008 1942 futurum
3035 1893 3154 1941 erat
3183 1894 3246 1941 ut
3280 1886 3334 1940 in
3366 1885 3548 1954 perni-

1981 1981 2119 2038 ciem
2152 1980 2310 2045 irem,
2341 1980 2446 2036 nisi
2471 1979 2558 2035 lex
2596 1988 2687 2035 tua
2724 1979 2778 2032 in
2801 1976 3036 2032 fulcrum
3060 1976 3195 2031 mihi
3223 1974 3436 2031 fuisset.

2050 2073 2138 2129 95.
2171 2072 2240 2128 In
2273 2081 2527 2128 internum
2547 2088 2650 2126 non
2677 2071 2956 2126 obliviscar
2973 2069 3379 2139 iustiﬁcationes
3404 2078 3544 2133 tuas,

1980 2167 2104 2238 quia
2142 2167 2199 2220 in
2235 2167 2364 2236 ipsis
2394 2163 2673 2234 viviﬁcasti
2707 2178 2807 2216 me.
2852 2160 3023 2228 Tuas,
3058 2161 3252 2230 inquit,
3284 2160 3429 2228 leges
3459 2174 3548 2213 re-

1981 2258 2206 2327 spiciam
2238 2276 2250 2312 :
2280 2259 2335 2312 in
2365 2257 2498 2328 ipsis
2534 2254 2680 2310 enim
2723 2257 2830 2308 vita
2876 2252 3046 2319 fruar,
3086 2250 3544 2323 quemadmodum

1983 2360 2039 2405 tu
2071 2350 2186 2419 ipse
2208 2349 2391 2405 dixisti
2417 2348 2576 2416 mihi,
2599 2347 2723 2417 quia
2751 2346 2842 2416 qui
2869 2345 3048 2415 fecerit
3067 2359 3129 2398 ea
3155 2344 3308 2396 homo
3337 2343 3464 2396 vivet
3488 2343 3547 2394 in

1981 2441 2092 2496 illis
2113 2442 2179 2495 θ’.
2214 2439 2377 2496 Solus
2417 2441 2600 2510 itaque
2632 2439 2817 2511 justus
2861 2438 3009 2506 vivit,
3039 2438 3254 2492 etiamsi
3298 2444 3547 2491 mortuus

1981 2548 2103 2590 esse
2141 2532 2390 2588 videatur
2419 2551 2432 2587 :
2465 2531 2655 2602 injusti
2688 2540 2868 2586 autem
2905 2528 3296 2592 mortuisunt,
3330 2528 3546 2583 etiamsi

1982 2626 2163 2681 vivere
2208 2625 2516 2680 videantur.
2558 2622 2639 2677 Illi
2668 2637 2905 2693 namque
2937 2622 3062 2684 vita)
3096 2620 3546 2677 constitutionem

1983 2718 2040 2772 in
2072 2731 2131 2773 se
2155 2716 2376 2779 habent.
2402 2715 2672 2787 justitiam
2724 2715 2968 2780 scilicet;
3000 2713 3055 2768 bi
3103 2721 3292 2769 contra
3321 2728 3445 2768 cum
3477 2714 3546 2767 il-

1983 2811 2090 2864 lam
2126 2824 2237 2863 non
2280 2809 2535 2874 habeant,
2561 2807 2726 2862 rebus
2761 2804 3098 2872 inanimatis,
3128 2819 3238 2859 non
3271 2819 3302 2859 a
3329 2820 3409 2870 se,
3453 2806 3546 2859 sed

1983 2899 2321 2957 extrinsecus
2351 2899 2514 2953 vitam
2544 2896 2891 2962 habentibus,
2922 2894 3131 2951 similes
3156 2902 3303 2951 sunt.

2054 2990 2143 3046 94.
2182 2989 2325 3044 Tuus
2361 3005 2477 3043 sum
2513 3004 2627 3060 ego,
2654 2987 2858 3043 salvum
2910 3004 2993 3042 me
3032 2988 3139 3057 fac.
3190 2987 3544 3051 Subauditur,

313 3074 400 3137 σός
419 3075 533 3144 είμι
566 3073 772 3140 δοῦλος,
810 3075 899 3138 σός
919 3076 1035 3146 εἰμι
1085 3076 1224 3129 κατά
1256 3075 1414 3148 χάριν
1452 3074 1590 3140 υίὸς.
1627 3077 1742 3147 εἰμὶ
1787 3076 1879 3140 σὸς

1993 3097 2175 3139 servus
2219 3090 2346 3136 tuus
2381 3095 2527 3148 sum,
2559 3078 2706 3135 ﬁlius
2745 3087 2870 3136 tuus
2898 3094 2996 3148 per
3030 3079 3282 3150 gratiam,
3312 3078 3550 3135 famulus

311 3164 585 3236 θεράπων.

393 3256 527 3326 Ἐμὲ
557 3257 884 3327 ὑπέμειναν
918 3259 1252 3328 ἁμαρτωλοὶ
1294 3259 1399 3313 τοῦ
1448 3259 1743 3314 ἀπολέσαι
1779 3278 1874 3329 με·

312 3347 382 3401 τὰ
397 3347 690 3417 μαρτύριά
738 3362 854 3403 σου
897 3347 1155 3418 συνῆκα.
1221 3351 1364 3403 Ἀντὶ
1397 3349 1512 3416 τοῦ,
1559 3349 1878 3422 ὲμελέτησα,

313 3431 405 3486 καὶ
431 3432 520 3485 διὰ
544 3433 646 3503 τῆς
673 3435 772 3504 σῆς
813 3432 1042 3505 μελέτης
1093 3433 1370 3505 ἄπρακτον
1399 3433 1576 3487 αὐτῶν
1628 3434 1883 3504 ἀπέφηνα

314 3523 410 3593 τὴν
433 3523 741 3594 ἐπιϐουλήν.

387 3613 594 3682 Πὰσης
619 3616 974 3680 συντελείας
998 3615 1163 3670 εἶδον
1193 3617 1400 3687 πέρας,
1443 3619 1695 3673 πλατεῖα
1721 3621 1760 3688 ἠ
1787 3621 1883 3675 ὲν-

315 3704 459 3772 τολή
484 3720 602 3760 σου
625 3704 879 3774 σφόδρα.
910 3707 1222 3760 Συντέλειαν
1255 3707 1354 3778 τὴν
1409 3709 1700 3780 ἐπιϐουλήν
1752 3729 1883 3783 φησι

313 3795 410 3866 τὴν
466 3795 621 3866 παρὰ
669 3794 780 3850 τῶν
821 3795 1106 3867 δαιμόνων.
1164 3795 1381 3870 Ταύτης
1437 3794 1575 3853 είδον
1628 3799 1686 3854 τὸ
1713 3799 1885 3871 πέρας

317 3885 481 3939 ὲκσάν
509 3889 590 3950 εἰς
625 3885 795 3949 οὐδὲν,
827 3886 916 3939 ὅτε
946 3887 1040 3940 καὶ
1090 3885 1318 3941 πλατεῖά
1351 3905 1441 3958 μοι
1485 3888 1763 3960 γέγονενή
1802 3891 1888 3942 ὲν-

316 3975 459 4047 τολή.
490 3975 663 4029 Τοῦτο
687 3975 781 4029 τοῦ
809 3976 896 4030 διὰ
947 3977 1128 4049 πάσης
1175 3979 1456 4050 προκοπῆς
1504 3980 1585 4042 είς
1625 3979 1686 4033 τὸ
1735 3980 1887 4045 τέλος

317 4067 618 4138 ἀφιγμένου
648 4068 747 4138 τῆς
800 4068 1021 4138 ἀρετῆς,
1061 4068 1154 4123 ἐπὶ
1196 4069 1258 4123 τὸ
1288 4069 1490 4123 τέλειον
1531 4070 1732 4139 ἀγαθὸν
1772 4071 1889 4125 δια-

317 4157 612 4220 ϐαίνοντος·
640 4156 836 4219 πολλὰς
861 4157 1035 4229 ἀρχάς
1065 4157 1159 4209 καὶ
1208 4157 1335 4229 τέλη
1394 4157 1887 4238 καταϐαλλομένου.

328 4245 391 4302 Ἦ
411 4249 522 4320 γὰρ
547 4247 648 4319 τῆς
693 4247 962 4319 προτέρας
1005 4247 1334 4318 βελτιώσεως
1394 4250 1702 4322 περιγραφὴ
1749 4251 1891 4322 ἀρχὴ

315 4342 415 4412 τῆς
440 4342 708 4412 ἐχομένης
733 4341 868 4405 ἐστὶ,
902 4340 1043 4394 κατὰ
1073 4340 1156 4394 τόο
1186 4341 1372 4396 Ὅταν
1419 4342 1758 4413 συντελέσῃ
1784 4345 1890 4398 ἇν-

317 4438 566 4504 θρωπος,
596 4435 729 4488 τότε
755 4433 1012 4503 ἄρχεται.

400 4527 500 4593 Ὡς
522 4525 813 4595 ἠγάπησα
843 4527 950 4581 τὸν
977 4527 1163 4597 νόμον
1186 4543 1323 4591 σου,
1362 4529 1537 4597 Κύριε
1551 4545 1572 4594 ;
1595 4529 1748 4599 ὅλην
1776 4530 1891 4600 τὴν

319 4618 552 4688 ἡμέραν
582 4616 803 4688 μελέτη
837 4618 956 4687 μού
979 4619 1168 4673 ἐστιν.
1215 4619 1272 4672 ’0
1306 4619 1483 4674 πάντα
1528 4620 1670 4674 κατά
1693 4621 1784 4675 τὸν
1806 4621 1893 4676 νό-

323 4722 424 4776 μον
451 4707 550 4760 καὶ
571 4705 746 4775 λέγων
796 4707 892 4760 καὶ
939 4707 1190 4778 πράττων
1223 4707 1419 4780 μελετᾷ
1467 4709 1558 4763 τὸν
1609 4710 1770 4783 νόμον
1797 4709 1891 4765 τοῦ

322 4797 478 4854 Θεοῦ.
523 4800 612 4852 Ἑν
635 4799 690 4852 δὲ
714 4799 792 4870 τῷ
814 4798 1013 4872 πρώτῳ
1059 4799 1260 4871 ψαλμῷ
1285 4803 1350 4872 τῇ
1403 4801 1587 4873 ἡμέρᾳ
1633 4802 1768 4875 πρὸς
1795 4804 1900 4876 τὴν

325 4889 558 4960 μελέτην
601 4889 696 4942 καὶ
729 4889 826 4960 τὴν
852 4887 1022 4943 νύκτα
1050 4889 1353 4962 προσέθηκε
1393 4891 1469 4961 τῷ
1522 4893 1775 4964 μακαρίῳ
1802 4911 1894 4962 γε-

324 4979 631 5050 νησομένῳ.
674 4980 959 5051 Ἐλέγομεν
998 4980 1129 5052 γὰρ,
1149 4980 1223 5044 ὡς
1251 4981 1440 5050 μικτός
1493 4984 1638 5035 ἐστιν
1664 4983 1895 5038 ἐνταῦθα

323 5071 434 5125 τῶν
458 5070 763 5144 ἀνθρώπων
793 5073 822 5124 ὁ
869 5071 1002 5142 βίος.
1054 5073 1144 5126 Διὸ
1190 5071 1284 5126 νῦν
1314 5072 1507 5144 ἔχομεν
1559 5074 1770 5146 ἡμέραν
1805 5077 1898 5130 καὶ

326 5163 519 5218 νύκταο
555 5163 877 5234 γενομένους
927 5163 984 5215 δὲ
1029 5162 1218 5231 ἁγίους
1248 5163 1309 5216 ού
1341 5163 1633 5230 διαδέξεται
1663 5165 1778 5230 νύξ.
1839 5167 1897 5220 '0

326 5256 507 5310 τοίνυν
533 5255 861 5327 προκόπτων
907 5254 1118 5327 ἡμέραν
1157 5255 1254 5326 μὲν
1294 5256 1414 5324 ἄγει
1441 5256 1580 5310 κατὰ.
1601 5256 1692 5309 τὸν
1738 5259 1899 5328 νόμον

331 5345 498 5418 βιούς·
526 5345 701 5401 νύκτα
727 5345 807 5411 δὲ,
840 5347 927 5400 ὅτε
957 5346 1031 5419 μὴ
1079 5345 1277 5417 μελετᾷ
1301 5349 1357 5401 ὲν
1377 5347 1472 5418 ὅλῃ
1494 5348 1689 5420 καρδίᾳ
1712 5350 1896 5403 αὐτοῦ’

327 5439 427 5509 Μὴ
453 5438 689 5510 πράττῃ
712 5454 768 5492 τι
788 5439 958 5492 κατά.
988 5478 1006 5492 .
1039 5479 1053 5492 .
1088 5479 1101 5492 .

395 5534 505 5587 ,Ἐκ
532 5531 745 5598 πάσης
776 5530 920 5585 ὀδοῦ
942 5529 1206 5596 πονηρᾶς
1233 5529 1510 5586 ἐκώλυσα
1545 5533 1685 5598 τοὺς
1714 5532 1901 5598 πόδας

396 5713 438 5746 ⁸³
463 5711 646 5769 Levtt.
675 5724 834 5774 svnt,
858 5709 910 5764 5.
983 5708 1025 5740 ”
1054 5708 1216 5765 Eccli.
1240 5725 1392 5776 nm,
1434 5710 1482 5766 6.

1983 3184 2128 3231 tuus.

2054 3268 2143 3324 95.
2175 3265 2259 3320 Me
2285 3272 2708 3336 exspectaverunt
2733 3274 3026 3333 peccatores
3059 3273 3112 3316 ut
3133 3264 3406 3333 perderent
3428 3279 3547 3328 me;

1983 3357 2284 3413 testimonia
2336 3365 2426 3410 tua
2479 3354 2734 3410 intellexi.
2773 3353 2831 3409 Id
2872 3363 2976 3420 est,
3004 3356 3296 3411 meditatus
3329 3371 3472 3421 sum,
3498 3365 3551 3410 et

1981 3464 2078 3520 per
2110 3449 2517 3504 meditationem
2550 3447 2883 3518 huiusmodi,
2911 3447 3138 3503 insidias
3163 3463 3353 3503 eorum
3379 3464 3550 3504 vanas

1982 3541 2155 3598 eﬁ‘eci.

2053 3633 2145 3689 96.
2171 3632 2355 3689 Omms
2373 3632 2838 3686 consummationis
2867 3632 2973 3687 vidi
2993 3631 3173 3700 ﬁnem,
3206 3632 3372 3686 latum
3394 3649 3547 3687 man-

1983 3725 2168 3778 datum
2213 3735 2359 3778 tuum
2385 3724 2562 3777 nimis.
2596 3723 3133 3779 Consummationem
3158 3725 3290 3778 dicit
3326 3725 3550 3780 insidias

1985 3815 2314 3869 daemonum.
2353 3812 2557 3868 Harum
2596 3814 2758 3868 ﬁnem
2792 3815 2898 3868 vidi
2939 3815 3006 3869 ad
3047 3815 3274 3868 nihilum
3301 3816 3544 3880 evadere,

1985 3922 2112 3962 cum
2145 3907 2312 3963 latum
2355 3907 2488 3961 mihi
2528 3907 2730 3962 factum
2769 3916 2853 3961 est
2885 3908 3199 3961 mandatum
3232 3917 3404 3962 tuum.
3438 3905 3552 3964 Hoc

1987 4007 2168 4054 autem
2197 3999 2264 4055 ad
2289 4014 2411 4054 eum
2442 3999 2692 4069 pertinet,
2721 3999 2813 4069 qui
2845 4001 2991 4053 omni
3025 3998 3269 4068 profectu
3300 4001 3364 4054 ad
3389 4000 3548 4054 ﬁnem

1987 4089 2206 4145 virtutis
2236 4090 2502 4159 pervenit,
2531 4099 2585 4144 et
2626 4090 2692 4144 ad
2735 4089 3038 4159 perfectum
3069 4090 3270 4145 bonum
3300 4094 3548 4156 accessit,

1989 4181 2083 4252 qui
2109 4182 2278 4236 multa
2307 4181 2460 4236 initia
2485 4189 2538 4236 et
2563 4182 2764 4236 multos
2791 4181 2924 4236 fines
2953 4183 3157 4252 posuit.
3188 4181 3328 4238 Nam
3356 4185 3554 4253 prioris

1989 4271 2269 4343 profectus
2299 4272 2735 4342 circumscriptio
2779 4272 2995 4326 initium
3033 4283 3115 4328 est
3143 4275 3551 4345 subsequentis,

1987 4363 2142 4434 juxta
2167 4363 2294 4419 illud
2323 4379 2337 4414 :
2363 4362 2496 4417 Cum
2513 4373 2906 4418 consummatur
2925 4366 3099 4432 homo,
3128 4377 3250 4421 tunc
3284 4369 3552 4437 incipit“.

1987 4542 2147 4611 [.97.
2189 4543 2460 4606 Quomodo
2494 4543 2656 4597 dilexi
2697 4545 2857 4614 legem
2906 4553 3085 4610 tuam,
3132 4545 3395 4602 Domine?
3445 4558 3565 4602 tota

1990 4634 2074 4688 die
2096 4633 2371 4688 meditatio
2418 4650 2534 4688 mea
2577 4644 2674 4690 est.
2703 4634 2806 4701 Qui
2847 4636 3032 4690 omnia
3059 4637 3356 4692 secundum
3385 4639 3554 4709 legem

1990 4721 2122 4776 dicit
2151 4731 2204 4777 et
2233 4721 2471 4792 perﬁcit,
2499 4724 2546 4778 is
2589 4723 2881 4778 meditatur
2918 4726 3088 4796 legem
3119 4725 3236 4782 Dei.
3285 4727 3342 4782 In
3381 4730 3557 4799 primo

1990 4821 2170 4867 autem
2211 4813 2445 4882 psalmo,
2480 4815 2545 4869 ad
2579 4815 2981 4873 meditationem
3026 4819 3132 4874 diei
3174 4828 3386 4876 noctem
3421 4822 3556 4890 adji-

1992 4905 2087 4970 cit,
2115 4905 2182 4960 iis
2222 4905 2317 4976 qui
2359 4907 2504 4962 beati
2555 4906 2725 4964 futuri
2765 4920 2912 4967 sunt.
2934 4911 3258 4968 Dicebamus
3285 4913 3430 4968 enim
3468 4914 3555 4968 hic

1993 4996 2309 5065 permistam
2335 5013 2460 5054 esse
2481 4999 2765 5056 hominum
2799 5004 2991 5058 vitam.
3022 5002 3386 5070 Quamobrem
3411 5019 3559 5060 nunc

1995 5088 2259 5144 habemus
2296 5090 2440 5146 diem.
2471 5105 2535 5147 ac
2566 5102 2815 5159 noctem;
2859 5103 3141 5166 postquam
3175 5102 3350 5149 autem
3381 5095 3553 5149 sancti

1995 5181 2288 5249 evasimus,
2321 5183 2468 5238 nulla
2497 5187 2848 5257 subsequitur
2878 5203 3008 5242 nox.
3027 5187 3133 5254 Qui
3154 5187 3318 5258 igitur
3345 5187 3560 5256 prolicit

1997 5272 2139 5327 diem
2175 5273 2286 5343 agit
2313 5274 2441 5329 dum
2469 5279 2766 5334 secundum
2803 5279 2973 5351 legem
3006 5280 3138 5332 vivit
3165 5299 3176 5332 :
3206 5288 3416 5333 noctem
3454 5294 3557 5332 au-

1999 5373 2127 5430 tem,
2155 5380 2278 5418 cum
2313 5382 2427 5420 non
2453 5369 2744 5425 meditatur
2768 5385 2888 5425 eam
2919 5386 2983 5425 ex
3020 5379 3130 5423 toto
3159 5369 3432 5424 corde.....
3456 5369 3558 5424 llic

1999 5454 2172 5522 tle/icit
2197 5465 2384 5511 textus.

2073 5544 2190 5600 lOI.
2223 5546 2301 5600 Ab
2331 5551 2472 5603 enini
2515 5552 2600 5605 via
2629 5552 2768 5606 mala
2795 5551 3037 5620 prohibui
3075 5553 3223 5622 pedes
3258 5569 3415 5608 meos.
3444 5548 3560 5607 Hoc
