3946 6222
399 378 503 440 499

1240 374 1300 433 S.
1343 369 1715 430 ATHANASII
1752 366 1902 424 OPP.
1944 364 2124 420 PARS
2160 355 2365 422 1n.'—‘-
2400 362 2818 419 EXEGETICA.

3543 357 3649 413 500

399 506 485 556 est
526 499 673 555 enim
710 495 985 553 custodire
1022 492 1261 550 divinam
1317 493 1513 564 legem,
1554 487 1814 559 operibus
1850 497 2002 541 eam.

2111 498 2209 534 :ov.
2259 477 2428 533 Τοῦτο
2450 479 2558 550 γάρ
2586 480 2700 532 ἐστι
2739 477 2801 532 τὸ
2830 476 3058 546 φυλάξαι
3084 475 3175 529 τὸν
3215 475 3355 530 θεῖον
3383 474 3568 547 νόμον,
3588 479 3650 533 τὸ

406 590 649 662 implere.

475 682 596 738 102.
631 686 669 737 A
696 681 916 753 judiciis
965 680 1070 733 tuis
1117 695 1219 733 non
1260 676 1538 732 declinavi.
1594 674 1818 743 Semper
1861 685 1976 726 me-

404 775 544 832 mini
577 775 744 830 divini
772 772 1080 829 tribunalis.

475 870 600 926 105.
640 868 814 934 Quam
840 867 1022 920 dulcia
1057 863 1300 934 faucibus
1341 862 1469 914 meis
1493 860 1700 930 eloquia
1728 856 1857 911 tua!
1887 871 1975 910 su-

411 980 508 1034 per
539 962 909 1016 melorimeo.
968 957 1156 1012 Dulcia
1211 957 1282 1011 ob
1326 954 1705 1009 rationabilem
1756 952 1809 1004 in
1867 949 1976 1004 illis

2074 572 2252 645 ἔργοις
2283 573 2444 627 αὑτὸν
2470 571 2876 643 ἀποπληρῶσαι.

2158 665 2300 719 Ἀπὸ
2327 664 2444 719 τῶν
2468 664 2763 735 χριμάτων
2786 678 2903 717 σου
2936 664 3049 717 οὐκ
3077 660 3376 726 ἐξέκλινα.
3414 662 3652 715 Διαπαν-

2078 756 2165 821 τὸς
2185 758 2392 833 ὲμεμνῄ
2402 773 2507 827 μην
2534 755 2625 809 τοῦ
2661 754 2801 808 θείου
2826 752 3201 826 δικαστηρίου.

2159 853 2257 918 Ὣς
2281 850 2507 922 γλυκέα
2531 849 2611 916 τῷ
2630 849 2884 918 λάρυγγί
2905 865 3023 916 μου
3049 847 3123 900 τὰ
3148 843 3325 916 λότιά
3348 860 3464 899 σου
3484 844 3505 897 !
3530 845 3653 897 Γλυ-

2077 947 2178 1000 κέα
2209 945 2297 999 διὰ
2343 945 2441 1016 τὴν
2493 944 2578 996 ἐπ’
2612 942 2792 1004 αὐτοῖς
2825 939 3047 1009 λογικὴν
3092 937 3310 1010 τέρψιν
3347 937 3461 990 ἀλλ’
3499 936 3652 1003 ὑπὲρ

420 1025 657 1127 positam
716 1053 1047 1122 voluptatem
1090 1070 1103 1104 :
1152 1050 1263 1103 imo
1304 1064 1458 1111 super
1504 1046 1625 1111 mel,
1686 1060 1781 1114 per
1828 1042 1974 1114 quod

2111 1039 2214 1093 ιέλι
2240 1082 2256 1107 ,
2312 1038 2421 1091 τῶν
2457 1035 2585 1107 παρ’
2608 1031 2914 1106 ἀνθρώποις
2948 1030 3166 1085 πάντων
3187 1028 3356 1100 ἡδέων
3389 1028 3457 1080 δι’
3486 1025 3651 1082 αὐτοῦ

407 1147 593 1201 omnia
623 1145 801 1200 dulcia
824 1143 966 1212 apud
1000 1143 1247 1197 homines
1271 1140 1671 1210 signiﬁcantur.

477 1236 602 1291 105.
634 1234 874 1288 Lucerna
923 1232 1138 1300 pedibus
1187 1232 1314 1285 meis
1364 1230 1574 1283 verbum
1618 1236 1787 1279 tuum.
1841 1222 1976 1278 Nam

410 1328 504 1398 qui
538 1328 591 1381 in
620 1328 827 1381 lumine
851 1326 1049 1380 divinae
1079 1326 1217 1395 legis
1247 1323 1509 1385 ambulat,
1542 1327 1751 1375 rectum
1801 1325 1855 1371 et
1891 1317 1979 1369 in-

410 1418 677 1475 oﬁ‘ensum
705 1432 931 1473 cursum
956 1418 1078 1471 vitae
1106 1416 1345 1471 coniicit.

486 1506 959 1564 il2.Humiliatus
988 1524 1106 1561 sum
1136 1522 1523 1576 usquequaque.
1578 1505 1688 1558 Aut
1719 1502 1977 1573 spiritua-

416 1601 552 1656 lium
585 1600 932 1654 iuimicorum
980 1598 1397 1667 irruptionibus,
1447 1606 1543 1651 aut
1591 1591 1980 1650 macerationi-

410 1691 516 1747 hus
536 1707 604 1746 ex
631 1691 853 1761 propria
887 1691 1167 1744 voluntate
1189 1689 1481 1757 susceptis.

483 1785 608 1839 115.
644 1782 864 1854 Iniquos
896 1783 1016 1837 odio
1076 1783 1258 1847 habui,
1288 1792 1337 1837 et
1374 1782 1536 1851 legem
1589 1790 1732 1834 tuam
1792 1778 1977 1833 dilexi.

414 1877 700 1947 Sapientes
766 1876 931 1945 hujus
959 1874 1145 1931 saeculi
1173 1875 1251 1928 ait
1286 1883 1342 1928 et
1391 1873 1771 1928 haereticorum
1822 1871 1977 1941 prin-

413 1971 588 2040 cipes.

485 2062 609 2116 115.
648 2060 917 2114 Declinate
939 2076 973 2112 a
1004 2074 1108 2122 me,
1134 2056 1375 2127 maligni.
1424 2057 1534 2111 Aut
1554 2057 1731 2112 malas
1768 2056 1977 2127 cogita-

416 2152 597 2208 tiones
641 2153 738 2218 ait,
770 2161 865 2206 aut
886 2149 1175 2221 praedictos
1205 2148 1522 2219 magistros.

483 2333 608 2387 “7.
667 2333 875 2403 Adjuva
915 2349 994 2386 me
1027 2341 1076 2387 et
1120 2333 1296 2388 salvus
1337 2349 1446 2387 ero.
1501 2330 1751 2395 Etiamsi,
1785 2330 1982 2400 inquit,

413 2423 633 2494 adiutor
653 2440 807 2480 meus
840 2433 896 2480 et
929 2435 1219 2495 susceptor
1243 2440 1402 2480 meus
1432 2440 1494 2480 es
1539 2434 1619 2491 tu,
1661 2433 1718 2478 at
1782 2424 1985 2478 indesi-

414 2515 565 2571 nenti
611 2516 816 2571 auxilio
845 2526 931 2572 est
956 2531 1116 2586 opus.
1169 2516 1388 2583 Quanto
1414 2518 1559 2573 enim
1620 2526 1864 2585 tempore
1894 2514 1983 2570 hic

413 2622 631 2674 sumus,
663 2607 905 2663 nondum
952 2608 1255 2678 perlectum
1291 2618 1375 2665 est
1430 2609 1586 2676 illud,
1641 2610 1818 2663 salvus
1870 2624 1979 2664 cro.

415 2696 523 2753 Sed
559 2699 648 2752 ubi
676 2715 798 2754 cum
828 2699 1038 2770 angelis
1080 2700 1174 2754 Dei
1222 2701 1487 2766 vivemus,
1529 2710 1661 2756 tunc
1702 2700 1985 2755 meditatio

410 2788 866 2859 justiﬁeationum
893 2792 996 2846 erit
1016 2791 1156 2846 facie
1180 2792 1249 2846 ad
1283 2790 1507 2859 faciem,
1528 2809 1637 2847 non
1671 2793 1726 2847 in
1763 2793 1979 2856 umbra,

417 2881 513 2935 sed
546 2881 603 2934 in
636 2882 880 2937 veritate.

489 2973 612 3028 118.
640 2975 895 3043 Sprevisti
938 2991 1115 3030 omnes
1155 2975 1475 3030 discedentes
1525 2993 1558 3029 a
1595 2976 1817 3046 judiciis
1855 2978 1982 3032 tuis.

420 3063 521 3122 Hic
547 3065 673 3123 ﬁnis
696 3074 975 3137 exspectat
996 3081 1092 3122 eos
1116 3066 1209 3137 qui
1243 3066 1335 3121 Dei
1365 3067 1539 3136 legem
1568 3077 1946 3123 contemnunt.

494 3241 615 3296 119.
643 3240 1059 3297 Prcevaricantes
1088 3244 1321 3313 reputavi
1345 3259 1523 3298 omnes
1548 3255 1844 3313 peccatores
1873 3254 1981 3299 ter-

422 3348 531 3397 ra;
557 3333 674 3387 ideo
703 3334 868 3388 dilexi
895 3336 1195 3389 testimonia
1226 3345 1337 3389 tua.
1398 3335 1847 3405 (Praevaricantes
1875 3338 1985 3394 sci-

423 3423 573 3488 licet)
608 3425 739 3493 quia
785 3426 1028 3480 divinam
1066 3426 1241 3496 legem
1272 3410 1596 3482 conculcare
1642 3429 1865 3483 vellent.

494 3512 617 3569 120.
652 3513 864 3585 Conﬁge
898 3516 1081 3569 timore
1095 3527 1182 3569 tuo
1203 3533 1386 3571 carnes
1406 3533 1571 3571 meas.
1594 3515 1750 3585 Illud,
1769 3520 1985 3590 conﬁge,

424 3604 658 3676 positqu
687 3621 819 3676 pro,
854 3607 1081 3662 obdura.
1112 3606 1329 3662 Obdura
1362 3609 1547 3679 igitur,
1573 3609 1770 3679 inquit,
1797 3611 1865 3666 ad
1896 3627 1986 3666 ca-

425 3695 660 3751 stitatem
687 3713 878 3754 carnes
914 3713 1084 3753 meas.
1117 3699 1245 3769 lloc,’
1262 3700 1405 3754 enim
1434 3701 1776 3756 solummodo
1809 3702 1988 3760 dicere

425 3788 646 3844 Christo
669 3798 886 3859 potero:
918 3789 965 3821 “
1000 3789 1250 3859 Con/imus
1277 3807 1392 3844 sum
1415 3793 1578 3846 cruci.
1612 3823 1678 3834 —
1708 3792 1753 3845 A
1766 3793 1987 3863 judiciis

422 3878 560 3932 enim
595 3879 696 3933 tuis
731 3880 903 3935 timui.
941 3879 1190 3935 Divinam
1220 3882 1431 3937 scilicet
1459 3883 1627 3953 legem
1671 3884 1846 3938 timui.
1868 3884 1984 3940 Non

424 3971 572 4024 enim
626 3981 906 4040 peccatum
936 3972 1060 4042 quis
1094 3972 1351 4037 admittit,
1388 3974 1496 4029 nisi
1524 3990 1647 4030 sese
1675 3986 1802 4030 ante
1830 3984 1985 4032 extra

427 4061 524 4118 Dei
561 4063 807 4119 timorem
834 4064 1202 4120 collocaverit.

498 4153 622 4209 125.
665 4155 817 4210 Oculi
845 4157 945 4209 mei
977 4156 1279 4224 defecerunt
1332 4158 1388 4211 in
1450 4158 1685 4213 salutare
1730 4168 1896 4213 tuum.
1930 4158 1987 4214 In

427 4246 672 4300 divinum
712 4245 1024 4314 adventum,
1064 4248 1261 4319 inquit,
1301 4263 1411 4318 quo
1442 4250 1695 4319 sperabat
1721 4258 1776 4305 et
1813 4267 1873 4306 se
1922 4260 1976 4308 et

431 4348 601 4393 totum
658 4339 956 4393 humanum
1004 4355 1176 4410 genus
1250 4343 1478 4396 salutem
1542 4352 1984 4398 conseculurum.

430 4428 501 4483 Et
527 4430 586 4482 in
615 4429 878 4500 eloquium
894 4430 1119 4499 justitia:
1151 4440 1275 4511 tute.
1303 4432 1530 4489 Etiamsi
1560 4435 1777 4504 quidam
1803 4434 1988 4504 inique

2081 1130 2241 1202 δηλου
2251 1129 2445 1200 μένων.

2151 1217 2385 1285 Λύχνος
2416 1214 2539 1281 τοῖς
2565 1214 2710 1267 ποσί
2731 1231 2850 1281 μου
2877 1212 2914 1265 ό
2937 1212 3119 1280 νόμος
3146 1227 3285 1264 σου.
3342 1211 3400 1262 Ὀ
3432 1208 3542 1281 γὰρ
3574 1207 3651 1278 τῷ

2080 1312 2219 1378 φωτὶ
2241 1308 2334 1361 τοῦ
2369 1307 2518 1361 θείου
2542 1306 2707 1376 νόμου
2735 1304 3048 1374 περιπατῶν
3074 1303 3238 1374 ὀρθὴν
3264 1302 3356 1356 καὶ
3375 1300 3649 1369 ἀπρόσκο-

2080 1417 2181 1454 πον
2205 1401 2305 1471 τὴν
2327 1399 2551 1470 πορείαν
2577 1398 2814 1450 ποιεῖται
2833 1393 2927 1447 τοῦ
2960 1393 3097 1464 βίου.

2162 1489 2589 1557 Ἐταπεινὼθην
2611 1488 2723 1553 ἕως
2747 1486 2999 1556 σφόδρα.
3053 1485 3125 1536 Ἣ
3148 1484 3268 1546 ταῖς
3298 1481 3406 1535 τῶν
3442 1480 3648 1551 νοητῶν

2082 1583 2291 1656 ἐχθρῶν
2321 1583 2626 1636 ἐπιθέσεσιν
2645 1621 2660 1647 ,
2688 1581 2722 1651 ἢ
2766 1582 2884 1643 ταῖς
2927 1578 3032 1649 ἰδίᾳ
3056 1576 3150 1630 καὶ⁹
3190 1577 3255 1629 ὲκ
3283 1574 3652 1636 ποοαιοέσεως

2081 1675 2396 1747 γινομέναις
2441 1668 2901 1742 σκληραγωγίαις.

2153 1767 2543 1835 Παρανόμους
2560 1762 2845 1831 ἐμίσησα,
2872 1758 2980 1813 τὸν
2998 1756 3065 1811 δὲ
3083 1757 3271 1825 νόμον
3289 1770 3405 1809 σου
3427 1753 3656 1822 ἠγάπη-

2087 1875 2190 1914 σα.
2248 1858 2387 1920 Τοὺς
2413 1856 2609 1924 σοφοὺς
2639 1852 2731 1907 τοῦ
2777 1850 2970 1914 αἰῶνός
3001 1865 3134 1920 φησι
3161 1847 3255 1901 καὶ
3280 1847 3407 1909 τοὺς
3436 1845 3543 1898 τῶν
3569 1845 3653 1898 αἱ-

2089 1949 2363 2022 ρεσιωτῶν
2391 1947 2676 2020 ἄρχοντας.

2169 2041 2510 2095 Entella-ate
2544 2038 2643 2092 ἀπ’
2668 2034 2813 2106 ἐμοῦ
2838 2074 2852 2098 ,
2883 2030 3366 2101 πονηρευόμνοι.
3431 2030 3507 2082 Ἦη
3530 2029 3656 2091 τοὺς

2089 2135 2357 2204 πονηροὺς
2407 2127 2699 2199 λογισμούς
2746 2141 2942 2195 φησιν,
2991 2123 3024 2194 ἦ
3062 2123 3190 2186 τοὺς
3229 2119 3656 2191 προειρημένους

2091 2224 2463 2287 διδασκάλους.

2160 2316 2475 2383 Βοήθησόν
2490 2330 2614 2382 μοι,
2638 2310 2738 2365 καὶ
2755 2306 3120 2375 σωθήσομαι.
3147 2306 3211 2359 Εἰ
3239 2303 3348 2375 γὰρ
3378 2304 3502 2368 καὶ,
3529 2302 3656 2373 ἔφη,

2091 2409 2280 2481 βοηθός
2313 2423 2412 2478 μου
2449 2404 2545 2458 καὶ
2597 2402 2941 2473 ἀντιλήπτωρ
2973 2415 3071 2469 μου
3105 2392 3156 2450 εἴ
3187 2397 3250 2449 σὺ
3270 2436 3285 2460 ,
3315 2394 3457 2448 ἀλλὰ
3489 2396 3655 2448 δεῖται

2092 2500 2338 2572 βοηθείας
2381 2495 2741 2550 ἀδιαλείπτου.
2800 2492 2888 2544 Ἐν
2916 2491 3025 2560 ὅσῳ
3074 2488 3180 2559 γάρ
3212 2488 3378 2558 ἐσμεν
3404 2485 3655 2553 ἐνταῦθα,

2089 2593 2241 2649 οῦπω
2272 2590 2475 2644 τέλειον
2504 2589 2564 2642 τὸ
2586 2628 2601 2652 ,
2629 2583 2977 2652 σωθήσομαι
2996 2597 3010 2611 ⁶
3070 2579 3182 2632 ἀλλ’
3215 2580 3341 2633 ὅταν
3371 2576 3507 2649 μετὰ
3549 2578 3659 2630 τῶν

2090 2685 2335 2755 ἀγγέλων
2364 2683 2619 2753 ζήσωμεν
2642 2676 2736 2732 τοῦ
2761 2675 2919 2738 Θεοῦ,
2952 2673 3073 2726 τότε
3106 2672 3214 2743 γὰρ
3244 2672 3336 2725 καὶ
3360 2670 3555 2742 μελέτη
3584 2668 3659 2722 δι-

2090 2779 2420 2850 καιωμάτων
2449 2775 2738 2847 πρόσωπον
2771 2768 2911 2840 πρὸς
2943 2765 3263 2836 πρόσωπον,
3303 2762 3363 2815 οὐ
3390 2760 3529 2815 κατὰ
3555 2758 3659 2813 sim

2093 2873 2274 2933 σκιὰν,
2306 2869 2440 2923 ἀλλὰ
2469 2866 2610 2922 κατὰ
2638 2864 2737 2935 τὴν
2762 2859 3041 2931 ἀλήθειαν.

2173 2960 2619 3027 Ἐξουδένωσας
2635 2955 2867 3019 πάντας
2882 2952 3023 3017 τοὺς
3042 2946 3527 3010 ἀποστατοῦντας
3540 2942 3655 2997 ἀπὸ

2089 3054 2208 3108 τῶν
2258 3048 2663 3118 δικαιωμάτων
2712 3061 2847 3099 σου.
2920 3040 3091 3095 Τοῦτο
3120 3039 3229 3111 γὰρ
3268 3036 3552 3109 περιμένει
3594 3033 3658 3087 τὸ

2091 3147 2239 3209 τέλος
2264 3144 2391 3206 τοὺς
2414 3140 2505 3195 τὸν
2534 3139 2693 3209 νόμον
2726 3135 3051 3198 ἀθετοῦντας
3081 3133 3174 3187 τοῦ
3210 3131 3366 3185 Θεοῦ.

2160 3236 2641 3306 Παραϐαίνοντας
2671 3228 3039 3299 ἐλογισάμην
3060 3225 3290 3291 πάντας
3319 3223 3460 3289 τοὺς
3485 3221 3658 3291 ἀμαρ-

2090 3329 2315 3395 τωλοὺς
2347 3326 2457 3396 τῆς
2478 3324 2587 3396 γῆς
2603 3340 2616 3354 ·
2642 3322 2736 3376 διὰ
2773 3322 2946 3376 τοῦτο
2978 3318 3261 3389 ἠγάπησα
3287 3316 3358 3371 τὰ
3372 3312 3659 3385 μαρτύριά

2091 3436 2226 3475 σου.
2260 3420 2334 3473 Τὸ
2366 3418 2608 3488 πατῆσαι
2639 3412 2920 3486 βούλεσθαι
2945 3412 3037 3464 τὸν
3063 3409 3204 3463 θεῖον
3227 3408 3410 3478 νόμον.

2164 3504 2532 3572 Καθήλωσον
2554 3504 2623 3555 ἐκ
2645 3502 2751 3555 τοῦ
2779 3501 2969 3569 φόϐου
2997 3513 3113 3552 σου
3136 3497 3245 3562 τὰς
3268 3495 3497 3563 σάρκας
3514 3510 3653 3563 μου.

2095 3596 2188 3659 Τὸ,
2214 3593 2590 3660 καθήλωσον,
2618 3592 2738 3645 ἀντὶ
2753 3589 2870 3654 τοῦ,
2903 3588 3091 3659 πῆξον.
3122 3586 3296 3657 Πῆξον
3320 3581 3414 3638 οὖν
3432 3625 3446 3650 ,
3474 3584 3654 3654 φησὶν,

2092 3691 2173 3752 είς
2202 3687 2421 3757 ἁγνείαν
2443 3685 2541 3750 τὰς
2565 3685 2772 3758 σάρκας
2805 3699 2925 3754 μου.
2958 3679 3143 3742 Οὕτως
3170 3678 3278 3750 γὰρ
3310 3677 3482 3749 μόνως
3501 3678 3658 3744 δυνη-

2093 3782 2234 3834 θεῖεν
2269 3783 2438 3833 εἰπεῖν
2459 3777 2675 3850 Χριστῷ
2694 3795 2707 3807 ·
2734 3775 3226 3841 Συνεσταύρωμαι
3241 3787 3256 3801 ⁸
3284 3769 3401 3825 ἀπὸ
3415 3770 3521 3838 γὰρ
3541 3765 3658 3822 τῶν

2094 3870 2387 3940 κριμάτων
2411 3886 2526 3924 σου
2551 3867 2872 3937 ἐφοϐήθην.
2908 3864 3010 3917 Τὸν
3038 3862 3177 3916 θεῖον
3208 3860 3448 3931 δηλονότι
3472 3873 3653 3929 νόμον.

2095 3963 2169 4015 Οὐ
2207 3960 2315 4032 γὰρ
2341 3960 2515 4023 ἄλλως
2559 3976 2643 4022 τις
2676 3956 2911 4010 ἐπιτελεί
2932 3954 3028 4026 τὴν
3062 3953 3334 4024 ἁμαρτίαν
3356 3990 3371 4015 ,
3430 3950 3505 4022 μὴ
3555 3950 3658 4016 ἔξω

2094 4054 2285 4107 ἑαυτὸν
2320 4051 2586 4124 πρότερον
2608 4049 2950 4119 καταστήσας
2971 4045 3062 4099 τοῦ
3089 4044 3252 4115 φόϐου
3280 4041 3375 4097 τοῦ
3397 4040 3553 4096 Θεοῦ.

2167 4148 2231 4199 0i
2252 4143 2544 4213 ὀφθαλμοί
2562 4159 2680 4211 μου
2709 4139 2989 4205 ἐξέλιπον
3006 4139 3092 4204 εἰς
3119 4137 3184 4190 τὸ
3206 4134 3500 4203 σωτήριόν
3517 4148 3653 4187 σου.

2094 4238 2190 4300 Εἰς
2211 4236 2310 4307 τὴν
2337 4234 2486 4287 θείαν
2519 4233 2857 4302 ἐπιφάνειαν,
2888 4230 3042 4301 φησὶ,
3066 4228 3131 4280 δι’
3163 4222 3229 4298 ἧς
3256 4225 3450 4297 ἤλπιζε
3479 4224 3655 4295 σωθή-

2096 4326 2283 4380 σεσθαι
2314 4327 2406 4379 καὶ
2442 4324 2601 4387 αὐτὸς
2630 4325 2722 4376 καὶ
2753 4323 2897 4377 ἅπαν
2924 4321 3032 4373 τῶν
3069 4316 3368 4391 ἀνθρώπων
3392 4319 3452 4370 τὸ
3474 4315 3650 4384 γένος.

2094 4421 2201 4476 Καὶ
2233 4423 2319 4485 εὶς
2348 4419 2412 4473 τό
2437 4420 2643 4489 λόγιον
2677 4416 2783 4486 τῆς
2829 4417 3217 4482 δικαιοσύνης
3262 4428 3397 4465 σου.
3451 4411 3514 4463 El
3561 4407 3654 4461 καὶ

430 4531 674 4590 agentes,
697 4537 877 4592 neque
905 4506 1161 4578 ιίιηθτειῐι
1178 4534 1334 4580 tuum
1381 4536 1508 4581 ante
1564 4501 1754 4583 oculos
1785 4501 1989 4582 haben-

2111 4510 2531 4584 ταρανομοῦντές
2557 4526 2696 4573 τινες
2715 4549 2729 4573 ,
2763 4510 2854 4563 καὶ
2884 4508 2972 4563 τὸν
2996 4507 3085 4560 σὺν
3108 4505 3212 4577 πρὸ
3232 4501 3523 4573 ὀφθαλμῶν
3554 4501 3655 4554 οὐκ

430 4626 533 4679 tes,
558 4613 726 4684 legem
754 4623 900 4668 tuam
919 4615 985 4669 de
1010 4616 1192 4672 medio
1218 4619 1576 4685 sustulerint;
1609 4631 1665 4675 at
1685 4636 1787 4692 ego
1836 4623 1988 4676 omni

431 4715 675 4775 tempore
709 4707 850 4763 hanc
874 4723 1035 4764 unam
1088 4709 1262 4781 legem
1314 4712 1676 4782 exsequebar,
1732 4714 1878 4783 quod
1928 4713 1986 4768 in

430 4796 780 4853 meditatione
805 4809 1065 4869 perpetuo
1099 4816 1364 4859 versarer.

499 4887 626 4945 125.
656 4888 846 4945 Servus
885 4900 1007 4946 tuus
1038 4908 1155 4946 sum
1177 4909 1290 4963 ego,
1315 4893 1386 4947 da
1410 4894 1542 4947 mihi
1562 4893 1907 4963 intellectum,
1940 4907 1991 4951 et

426 4984 594 5038 sciam
628 4984 927 5038 testimonia
987 4993 1097 5039 tua.
1165 4984 1268 5051 Qui
1302 4987 1612 5043 nullatenus
1667 5003 1859 5045 servus
1907 4998 1993 5044 est

429 5074 659 5143 peccati,
685 5075 862 5132 dicat:
893 5074 1084 5132 Servus
1136 5088 1258 5131 tuus
1285 5096 1402 5132 sum
1429 5095 1542 5149 ego.
1566 5078 1866 5136 Mercedem
1893 5097 1992 5136 au-

430 5177 536 5221 tem
561 5167 860 5232 servitutis,
886 5167 1295 5240 intelligentiam
1344 5186 1541 5241 nempe
1572 5173 1832 5241 postulat,
1865 5189 1989 5244 quae

428 5257 591 5313 datur
617 5273 648 5312 a
674 5257 783 5315 Deo
810 5297 827 5324 ,
862 5269 917 5315 et
944 5262 1088 5331 apud
1111 5277 1237 5316 eum
1262 5264 1419 5333 quasi
1462 5263 1521 5318 in
1556 5264 1799 5320 thesauri
1831 5266 1988 5321 theca

429 5349 762 5405 reconditur.
792 5350 925 5407 Nam
952 5352 1186 5423 Spiritus
1212 5355 1495 5423 sapientiae
1515 5363 1570 5411 et
1595 5355 1903 5411 intellectus
1925 5365 1981 5413 et

433 5442 644 5512 reliqua
667 5454 799 5501 sunt
821 5447 1091 5503 bonorum
1122 5463 1373 5504 munera.
1402 5449 1549 5505 inter
1588 5450 1735 5505 enim
1772 5451 1914 5506 hanc
1936 5457 1991 5506 et

432 5529 596 5586 aliam
629 5537 953 5605 sapientiam
1010 5538 1372 5596 differentiam
1425 5540 1786 5613 constituens,
1831 5541 1907 5598 ait
1934 5542 1991 5597 in

508 5788 554 5825 “
578 5790 749 5850 Galal.
786 5815 843 5865 ιι,
886 5802 950 5855 19

2093 4604 2303 4675 ἔχοντες
2335 4602 2496 4672 φόϐον
2518 4642 2533 4667 ,
2562 4601 2654 4654 τόν
2688 4617 2779 4653 σου
2815 4601 2880 4653 ὲκ
2912 4600 3075 4670 μέσου
3104 4597 3423 4667 πεποίηνται
3453 4592 3616 4664 νόμον
3635 4608 3650 4623 ·

2090 4696 2204 4750 ἀλλ’
2231 4694 2342 4765 ἐγὼ
2371 4695 2463 4749 τὸν
2496 4695 2670 4749 πάντα
2710 4694 2898 4765 καιρὸν
2917 4693 3011 4745 ἕνα
3042 4689 3337 4761 ἐποιούμην
3358 4686 3568 4753 τοῦτον,
3598 4687 3656 4739 ὲν

2094 4788 2294 4861 μελέτῃ
2325 4786 2463 4857 ἔχων
2488 4785 2795 4849 διαπαντός.

2159 4876 2385 4942 Δοῦλός
2409 4890 2524 4930 σου
2545 4874 2683 4944 εἰμὶ,
2705 4872 3027 4928 συνέτισόν
3060 4887 3169 4940 με,
3215 4867 3312 4922 καὶ
3355 4864 3655 4935 γνώσομαι

2090 4966 2164 5020 τὰ
2208 4965 2498 5038 μαρτύριά
2546 4980 2683 5020 σου.
2769 4965 2826 5017 Ὀ
2861 4964 2934 5035 μὴ
2965 4961 3225 5016 δουλεύων
3258 4958 3376 5014 κατ’
3407 4955 3559 5010 οὐδὲν
3585 4957 3651 5027 τῇ

2092 5059 2334 5131 ἁμαρτίᾳ
2361 5058 2565 5127 λεγέτω
2583 5073 2597 5088 ’
2644 5056 2868 5122 Δοῦλός
2895 5070 3010 5109 σου
3036 5053 3152 5123 ειμι
3182 5049 3313 5122 ἐγώ.
3364 5047 3574 5103 Μισθδν
3596 5046 3653 5101 δὲ

2090 5150 2331 5214 δουλείας
2354 5151 2453 5222 τὴν
2487 5147 2698 5202 σύνεσιν
2742 5148 2965 5201 ἁπαιτεί
3007 5143 3285 5215 διδομένην
3316 5139 3466 5211 παρὰ
3492 5137 3649 5225 Θεοῦ,

2092 5238 2185 5292 καὶ
2229 5239 2360 5308 παρ’
2415 5236 2562 5305 αὐτῷ
2614 5236 2871 5308 κειμένην
2903 5234 2978 5298 ὠς
3040 5236 3098 5287 ὲν
3145 5227 3650 5301 θησαυροφυλακίῳ.

2092 5328 2315 5400 Πνεῦμα
2358 5328 2465 5400 γὰρ
2498 5329 2690 5396 σοφίας
2736 5328 2829 5382 καὶ
2862 5328 3127 5390 συνέσεως
3172 5324 3264 5377 καὶ
3296 5320 3366 5374 τὰ
3392 5319 3518 5390 ἑξῆς
3545 5317 3653 5372 τῶν

2091 5418 2310 5489 ἀγαθῶν
2334 5418 2402 5472 τὰ
2428 5417 2756 5489 χαρίσματα.
2782 5416 2927 5490 Πρὸς
2947 5416 3137 5485 ἑτέραν
3157 5411 3266 5483 γὰρ
3293 5406 3651 5464 ἀντιδιαστέλ-

2090 5510 2217 5578 λων,
2248 5510 2305 5565 ὲν
2334 5507 2612 5583 Παροιμίᾳ
2637 5508 2796 5581 φησί’
2830 5508 3080 5573 Σύνεσις
3107 5502 3176 5558 δὲ
3215 5499 3405 5572 ἀγαθὴ
3442 5497 3650 5552 δίδωσι
