3946 6222
311 290 425 351 5111·

1371 298 1750 357 ΕΧΡΟΒΙΤΙΟ-
1775 303 1842 358 IN
1875 303 2208 362 PSALMUM
2249 307 2486 365 CXVIII:

3445 315 3584 372 502'

313 409 504 483 χάριν.
541 411 601 465 Ei
622 413 732 486 γὰρ
756 413 903 468 πᾶσα
932 431 1144 479 σύνεσις
1171 416 1495 489 ἀγαθὴ,ὀύκ
1513 418 1579 472 ἂν
1609 420 1878 493 προσέθη-

2006 421 2271 478 ’roverbio
2299 425 2376 478 “:
2413 423 2770 495 lntelligentia
2793 432 2966 478 autem
2995 425 3129 478 bima
3169 427 3262 479 dat
3292 429 3548 496 gratiam.

311 519 409 558 κεν
437 504 638 575 ἀγαθή.

384 678 602 747 Καιρὸς
621 680 728 734 τοῦ
753 680 1000 751 ποιῆσαι
1020 681 1100 749 τῷ
1121 686 1334 754 Κυρίῳ,
1359 687 1758 744 διεσκέδασαν
1778 692 1886 746 τὸν

313 769 504 837 νόμον
530 784 663 823 σου.
717 769 855 838 Ἐγὼ
889 773 985 843 μὲν
1017 775 1249 846 ἐποίησα
1278 779 1450 849 κρῖμα
1482 780 1572 833 καὶ
1613 781 1885 835 δικαιοσύ-

315 876 414 929 νην
433 877 447 890 ·
479 859 630 914 ἔσται
661 861 718 914 δέ
752 880 879 915 ποτε
909 865 1002 919 καί
1031 882 1113 920 σοι
1143 867 1330 939 καιρὸς
1355 869 1432 941 τῷ
1457 870 1573 942 Θεῷ
1600 872 1691 926 τοῦ
1728 873 1885 944 ποιῆ-

1985 511 2121 568 Nam
2145 515 2190 570 si
2223 516 2403 570 omnis
2429 515 2781 585 intelligentia
2833 516 2976 570 bona
3005 526 3169 583 esset,
3206 533 3548 588 nequaquam

1983 605 2254 675 posuisset
2301 607 2464 662 bona.

2057 697 2177 751 126.
2214 696 2436 767 Tempus
2458 697 2686 767 faciendi
2713 696 2960 763 Domino,
2983 697 3548 769 dissipaveruntlegem

1985 790 2151 836 tuam.
2177 782 2290 853 Ego
2323 786 2540 854 quidem
2583 783 2685 839 feci
2704 785 2969 854 judicium
3028 795 3080 840 et
3105 787 3410 856 justitiam:
3447 790 3550 843 erit

1985 883 2166 929 autem
2195 876 2289 930 tibi
2324 892 2543 946 quoque
2569 875 2678 929 Deo
2701 885 2917 945 tempus
2945 875 3176 931 faciendi
3202 877 3470 946 judicium
3503 890 3555 933 et

317 967 408 1004 σαι
432 951 674 1022 δηλονότι
702 957 875 1026 κρῖμα
896 957 989 1009 καὶ
1014 957 1356 1032 δικαιοσύνην
1381 961 1522 1016 κατὰ
1549 963 1656 1016 τῶν
1677 964 1887 1018 διασκε-

2008 967 2270 1031 ustitiam,
2291 977 2497 1022 contra
2516 981 2610 1023 eos
2639 966 2732 1036 qui
2757 964 3158 1036 dissipaverunt
3189 967 3359 1038 legem
3380 978 3550 1022 tuam.

312 1041 593 1097 δασάντων
621 1044 712 1099 τὸν
743 1046 904 1117 νόμον
929 1065 1042 1102 σου.
1909 1102 1916 1110 .

380 1136 485 1189 Διὰ
515 1135 692 1190 τοῦτο
727 1139 1016 1208 ἠγάπησα
1042 1141 1150 1208 τὰς
1187 1143 1440 1210 ἐντολάς
1475 1159 1591 1200 σου
1628 1145 1779 1214 ὑπὲρ
1817 1145 1885 1200 τὸ

312 1229 575 1297 χρυσίον
605 1230 702 1284 καί
741 1231 1036 1293 τοπάζῖον.
1085 1234 1271 1289 Ταῦτα
1304 1237 1519 1308 συνᾴδει
1547 1239 1658 1309 τῷο
1719 1241 1886 1309 Ἀτα-

312 1321 420 1373 θόν
445 1338 548 1390 μοι
579 1324 613 1375 ὀ
645 1325 828 1393 νόμος
874 1326 982 1380 τοῦ
1029 1328 1324 1396 στόματός
1355 1345 1471 1383 σου
1507 1330 1658 1398 ὑπὲρ
1692 1330 1883 1400 χιλιά-

314 1410 423 1478 δας
446 1416 706 1482 χρυσίου
737 1417 833 1470 καὶ
881 1419 1165 1488 ἀργυρίου
1183 1437 1197 1451 ο
1233 1424 1327 1475 καὶ⁵
1358 1421 1434 1492 τῷ
1456 1437 1471 1450 ·
1516 1422 1735 1477 Λάϐετε
1765 1440 1888 1476 παι-

315 1500 500 1593 δείαν,
529 1504 626 1558 καὶ
644 1506 731 1575 μὴ
761 1507 1075 1593 ἀργύριον,
1092 1509 1190 1564 καὶ
1215 1510 1441 1581 γνῶσιν
1457 1515 1608 1582 ὑπὲρ
1633 1515 1887 1584 χρυσίον

313 1592 842 1665 δεδοκιμασμένον.
893 1592 1205 1666 Κρείσσων
1227 1602 1336 1672 γὰρ
1366 1605 1552 1674 σοφία
1581 1605 1766 1658 λίθων
1790 1619 1888 1658 πο-

312 1684 586 1738 λυτελῶν
607 1702 622 1717 ο
669 1688 792 1742 πᾶν
812 1688 881 1742 δὲ
905 1691 1100 1760 τίμιον
1131 1693 1243 1747 οὐκ
1265 1693 1438 1758 ἄξιον
1461 1695 1648 1764 αὐτῆς
1693 1698 1879 1750 ἐστιν.

2059 1151 2180 1204 127.
2213 1149 2341 1204 Ideo
2366 1151 2532 1205 dilexi
2563 1152 2815 1204 mandata
2835 1161 2924 1205 tua
2963 1168 3118 1220 super
3155 1169 3347 1206 aurum
3389 1163 3440 1206 et
3475 1163 3554 1206 to-

1981 1243 2190 1310 pazion.
2228 1240 2351 1296 Haec
2383 1243 2676 1296 concinunt
2714 1242 2788 1296 illi
2819 1243 2964 1298 dicto
3009 1262 3022 1296 :
3067 1243 3272 1297 Bonum
3306 1244 3435 1298 mihi
3472 1243 3556 1297 (ea:

1985 1335 2103 1387 oris.
2133 1333 2211 1386 tui
2240 1349 2395 1403 super
2425 1333 2592 1386 millia
2609 1335 2727 1387 auri
2747 1343 2797 1387 et
2831 1336 3034 1404 argenti
3065 1334 3110 1366 ⁸⁸
3133 1353 3147 1389 :
3174 1343 3226 1390 et
3251 1335 3418 1390 huic:
3451 1335 3553 1388 Ac-

1983 1424 2146 1492 cipite-
2167 1423 2512 1477 eruditionem
2535 1433 2583 1478 et
2606 1440 2708 1477 non
2749 1435 3046 1494 argentum.
3103 1437 3150 1480 et
3207 1427 3552 1497 cognitionem

1983 1533 2137 1585 super
2148 1533 2333 1570 aurum
2356 1517 2645 1586 probatum.
2659 1516 2800 1571 Nam
2818 1518 3087 1572 meliorest
3111 1519 3373 1585 sapientia
3389 1517 3552 1572 variis

1984 1609 2278 1678 lapidibus:
2310 1618 2358 1663 et
2383 1624 2531 1662 omne
2546 1609 2830 1678 pretiosum
2849 1625 2951 1662 non
2973 1618 3047 1663 est
3073 1609 3170 1662 illa
3187 1609 3404 1679 dignum
3426 1609 3492 1663 ".

381 1776 484 1828 Διά
510 1776 686 1830 τοῦτο
723 1780 874 1847 πρὸς
900 1781 1105 1850 πάσας
1121 1783 1227 1849 τὰς
1252 1785 1502 1852 ἐντολάς
1523 1803 1639 1842 σου
1673 1805 1885 1857 κατωρ-

2055 1786 2177 1844 128.
2211 1785 2494 1854 Propterea
2525 1786 2594 1838 ad
2625 1787 2807 1839 omnia
2853 1785 3107 1839 mandata
3127 1793 3217 1838 tua
3267 1786 3549 1857 dirigebar.

313 1867 563 1934 θούμην.
598 1870 699 1924 Διὰ
720 1871 917 1937 τοῦτο,
955 1877 1134 1940 ποῖον,
1183 1875 1217 1948 ἢ
1255 1877 1317 1931 τὸ
1345 1879 1572 1952 μελέτην
1600 1880 1742 1951 ἔχειν
1768 1881 1883 1935 δια-

314 1960 514 2023 παντὸς
543 1960 639 2013 τοῦ
679 1964 842 2034 νόμου
867 1983 894 2031 ;,

381 2052 489 2104 Καὶ
517 2055 790 2109 συνετιεῖ
801 2057 1005 2123 νήπια.
1033 2059 1218 2132 Νήπια
1239 2063 1449 2134 νοήσεις
1470 2065 1594 2128 τοὺς
1618 2065 1675 2118 ἐν
1695 2066 1885 2137 ἀγνοίᾳ.

313 2145 711 2214 κατεχομένους
741 2149 836 2202 καὶ
866 2149 1119 2220 βρέφεσιν
1150 2153 1413 2219 ἐοικότας.
1449 2155 1683 2220 Τούτους
1713 2157 1823 2230 γὰρ
1859 2161 1887 2211 6

312 2231 470 2302 λόγος
499 2253 590 2288 σου
613 2277 627 2300 ,
658 2240 824 2308 φησὶ,
855 2242 934 2312 τῷ
960 2243 1036 2313 σῷ
1067 2247 1577 2318 καταυγαζομένους
1603 2251 1740 2319 φωτὶ
1766 2268 1888 2306 συν-

313 2323 487 2390 έσεως
520 2327 774 2400 ὲμφορεί.

385 2416 458 2469 Τὸ
506 2419 703 2486 στόμα
748 2439 868 2489 μου
903 2421 1138 2490 ἤνοιξα,
1175 2426 1274 2480 καί
1329 2428 1585 2483 εἵλκυσα
1633 2431 1883 2500 πνεῦμα.

312 2509 635 2576 Δίανοίξεως
661 2512 718 2565 δὲ
750 2514 921 2569 δεῖται
949 2517 1018 2571 τὰ
1048 2517 1222 2587 λόγια.
1273 2521 1364 2574 Διὸ
1389 2523 1482 2575 καὶ
1507 2525 1534 2576 6
1560 2523 1747 2595 Σωτὴρ
1773 2525 1886 2596 διή-

311 2599 452 2666 νοιξε
485 2601 578 2666 τὸν
604 2603 730 2656 νοῦν
755 2605 867 2659 τῶν
917 2609 1173 2680 μαθητῶν
1205 2611 1298 2664 τοῦ
1344 2613 1582 2666 συνιέναι
1612 2615 1710 2678 τὰς
1750 2617 1887 2687 Γρα-

313 2689 437 2756 φάς.
486 2692 596 2745 Καὶ
626 2693 728 2764 τὴν
761 2695 829 2748 δι’
857 2698 1110 2771 ἡδονῆςῆ
1156 2701 1312 2772 δόξης
1355 2703 1570 2775 ἀπάτην
1600 2705 1752 2778 ήιδιά
1781 2707 1888 2760 τῶν

313 2777 486 2848 λόγων
516 2782 733 2848 σύνεσις
759 2786 1074 2860 ὲνδιδομένη
1107 2791 1323 2846 κωλύει.

370 2873 735 2946 Ἐπίϐλευψον
747 2878 839 2932 ἐπ’
857 2880 980 2948 ἐμὲ,
999 2883 1094 2934 καὶ
1111 2883 1372 2950 ἐλέησόν
1379 2903 1474 2953 με,
1493 2903 1547 2942 κ.
1567 2903 1615 2941 τ.
1633 2887 1682 2942 λ.
1702 2888 1786 2953 Ὠς
1800 2889 1890 2943 κέ-

312 2982 531 3038 κρικας,
550 2969 742 3037 φησὶν,
760 2971 1070 3042 ἐπιϐλέψαι,
1094 2974 1187 3028 καὶ
1201 2975 1399 3046 πολλῆς
1420 2979 1719 3051 ἐπισκοπῆς
1737 2982 1892 3048 ἀξιῶ-

315 3073 402 3110 σαι
434 3059 561 3123 τοὺς
589 3062 918 3130 ἀγαπῶντας
944 3066 1005 3118 τὸ
1041 3066 1212 3137 ὄνομά
1243 3085 1336 3121 σου
1360 3087 1372 3098 ·
1403 3069 1542 3123 οὕτω
1579 3090 1644 3142 με
1669 3074 1766 3144 τῆς
1793 3075 1891 3128 αύ-

309 3152 410 3221 τῆς
439 3151 672 3217 ἀξίωσον
705 3156 1012 3228 ἐπισκοπῆς
1032 3198 1047 3224 ,
1080 3160 1175 3213 τοῦ
1207 3161 1372 3216 αὑτοῦ
1407 3163 1609 3226 ἐλέους.

389 3330 466 3383 Τὰ
497 3331 829 3402 διαϐήματά
850 3353 972 3404 μου
994 3337 1543 3393 κατεύθυνον-κατὰ
1580 3339 1646 3393 τὸ
1685 3341 1892 3410 λόγιόν

313 3437 450 3477 σου.
519 3425 678 3479 Κατά
709 3427 772 3480 τὸ
803 3427 980 3497 λόγιον
1018 3429 1182 3482 αὑτοῦ
1211 3430 1240 3483 6
1282 3429 1414 3494 Θεὸς
1458 3431 1776 3486 κατευθύνει
1822 3433 1891 3487 τὰ

312 3515 631 3586 διαδήματα
671 3518 765 3571 τοῦ
798 3519 905 3572 ἀπὸ
937 3519 1134 3586 κακίας
1172 3520 1268 3575 καὶ⁸
1312 3521 1534 3590 ἀγνοίας
1577 3524 1656 3587 είς
1691 3524 1891 3596 ἀρετὴν

312 3608 408 3662 καὶ
441 3607 644 3676 γνῶσιν
675 3609 1064 3676 διαϐαίνοντος.
1135 3611 1192 3665 '0
1237 3611 1344 3684 γὰρ
1377 3612 1535 3683 ὀρθὸς
1581 3613 1736 3682 λόγος
1785 3614 1891 3668 τῶν

311 3699 570 3753 τοιούτων
596 3701 830 3772 ἡγεῖταν
869 3705 930 3756 Ol
955 3703 1030 3774 μὴ
1055 3702 1336 3766 ποιοῦντες
1364 3703 1460 3774 τὴν
1499 3705 1771 3777 ἁμαρτίαν
1792 3707 1892 3760 οὐκ

308 3791 420 3846 elei.
447 3791 625 3846 δοῦλοι
643 3793 749 3865 τῆς
776 3795 1068 3866 ἁμαρτίας.

265 3922 285 3943 ο
379 3886 700 3952 Δύτρωσαί
719 3903 796 3955 με
822 3886 939 3941 ἀπὸ
973 3889 1384 3957 συκοφαντίας
1406 3888 1747 3957 ἀνθρώπων.
1791 3890 1893 3943 Συ-

309 3976 614 4046 κοφαντίαν
637 3977 735 4032 ἀνθ
745 3977 940 4050 ρώπων
971 3980 1070 4050 τὴν
1097 3979 1206 4034 τῶν
1235 3981 1526 4052 αἱρετικῶν
1549 3981 1892 4036 διδασκαλίαν

310 4067 465 4138 φησὶ,
492 4067 590 4119 καὶ
614 4067 712 4138 τὴν
743 4069 850 4122 τῶν
878 4070 1056 4138 σοφῶν
1081 4071 1174 4125 τοῦ
1201 4072 1395 4136 αἰῶνος
1424 4071 1636 4126 τούτου.
1689 4072 1891 4124 Τούτου

309 4156 614 4228 τετύχηκεν
643 4158 918 4230 αἰσθητῶς
953 4159 1148 4231 Ἰωσὴφ
1175 4161 1268 4214 καὶ
1297 4161 1579 4215 Σωσάννα.
1605 4160 1890 4229 Τροπικῶς

308 4247 364 4300 δὲ
396 4247 730 4319 ἀνθρώπους
774 4250 874 4314 τὰς
924 4251 1166 4323 πονηρὰς
1193 4253 1340 4322 λέγει
1368 4252 1628 4324 δυνάμεις
1651 4292 1666 4318 ,
1696 4254 1788 4322 ἀφ’
1819 4247 1893 4307 ὧν

308 4339 408 4410 τῆς
444 4341 817 4408 συκοφαντίας
847 4343 1008 4412 μόνου
1041 4343 1366 4414 λυτροῦσθαι
1395 4343 1552 4397 Θεοῦ.

1916 3112 1960 3173 C

1986 1877 2297 1946 Propterea,
2340 1893 2509 1947 quare
2573 1877 2679 1932 nisi
2733 1877 2863 1947 quia
2889 1891 3104 1946 semper
3149 1877 3450 1933 meditabar
3478 1880 3554 1933 le-

1987 1985 2103 2039 gem
2123 1970 2146 2024 ?

2056 2062 2176 2114 150.
2215 2060 2280 2114 Et
2326 2061 2649 2114 intellectum
2679 2061 2771 2114 dat
2801 2060 3054 2128 parvulis.
3100 2057 3364 2114 Parvulos
3395 2059 3554 2114 intel-

1985 2152 2119 2222 liges
2164 2167 2260 2208 eos
2286 2153 2393 2222 qui
2435 2153 2489 2206 in
2535 2153 2846 2223 ignorantia
2878 2153 3214 2215 detinentur,
3247 2161 3302 2206 et
3334 2151 3557 2206 infanti—

1989 2244 2090 2298 bus
2114 2243 2323 2298 similes
2348 2252 2496 2298 sunt.
2522 2242 2634 2298 Hos
2672 2245 2840 2307 enim,
2869 2245 3066 2315 inquit,
3114 2244 3343 2299 verbum
3372 2253 3550 2307 tuum,

1985 2343 2080 2388 tuo
2107 2336 2414 2390 illustratos.
2435 2335 2643 2390 lumine
2669 2335 3023 2406 intelligentia
3044 2335 3236 2404 replet.

2061 2426 2180 2480 131.
2203 2425 2276 2479 0s
2306 2442 2478 2480 meum
2504 2425 2687 2494 aperui
2713 2435 2762 2479 et
2783 2427 2986 2479 attraxi
3010 2426 3280 2496 spiritum.
3300 2425 3553 2494 Apertio—

1987 2531 2054 2569 ne
2073 2515 2313 2585 indigent
2339 2516 2572 2586 eloquia.
2592 2515 2773 2582 Quare
2793 2515 3051 2570 Salvator
3077 2515 3295 2586 aperuit
3319 2515 3558 2586 discipu-

1989 2609 2162 2661 lorum
2195 2617 2428 2662 mentem
2463 2617 2523 2662 ut
2554 2607 2911 2677 intelligerent
2947 2607 3281 2677 Scripturas.
3300 2605 3368 2660 Et
3396 2604 3552 2659 frau-

1989 2699 2111 2751 dem
2147 2712 2268 2766 quae
2297 2705 2393 2751 aut
2439 2711 2534 2766 per
2572 2695 2905 2766 voluptatem
2945 2703 3040 2750 aut
3059 2709 3159 2765 per
3191 2693 3422 2765 gloriam
3461 2705 3559 2760 pa~

1989 2796 2161 2854 ratur,
2184 2787 2538 2858 intelligentia
2565 2800 2688 2857 qua
2748 2801 2847 2856 per
2873 2786 3047 2841 verba
3082 2785 3246 2840 datur
3291 2782 3538 2853 impedit.

2064 2879 2187 2933 152.
2213 2877 2429 2948 Respice
2462 2879 2519 2932 in
2542 2893 2642 2941 me,
2681 2885 2732 2931 et
2764 2877 3012 2932 miserere
3049 2877 3173 2943 mei,
3203 2885 3310 2931 etc.
3349 2875 3556 2942 Quem-

1992 2972 2309 3036 admodum,
2343 2972 2440 3036 ait,
2471 2970 2761 3027 decrevisti
2797 2985 2884 3025 me
2944 2969 3240 3040 respicere,
3270 2978 3324 3024 et
3359 2984 3559 3041 magna

1992 3062 2335 3132 providentia
2349 3073 2440 3117 tua
2458 3061 2670 3132 dignari
2691 3075 2788 3117 eos
2799 3062 2893 3132 qui
2911 3060 3143 3132 diligunt
3160 3074 3360 3115 nomen
3380 3068 3554 3115 tuum.

1994 3157 2070 3209 ita
2094 3169 2179 3210 me
2206 3154 2395 3210 eadem
2426 3153 2789 3224 providentia,
2825 3153 3016 3209 eadem
3046 3151 3425 3210 misericordia
3468 3152 3554 3208 dio.

1991 3248 2191 3318 gneris.

2065 3354 2166 3407 155
2247 3353 2467 3408 Gressus
2524 3368 2662 3408 meos
2719 3352 2889 3423 dirige
2955 3351 3242 3406 secundum
3297 3350 3562 3423 eloquium

1993 3457 2160 3500 tuum.
2211 3445 2526 3501 Secundum
2590 3445 2871 3515 eloquium
2930 3459 3090 3500 suum
3140 3442 3286 3500 Deus
3338 3440 3561 3515 gressus

1990 3535 2313 3604 dirigitejus
2348 3534 2440 3604 qui
2475 3549 2506 3589 a
2531 3534 2738 3590 malitia
2770 3543 2825 3588 et
2871 3532 3184 3605 ignorantia
3243 3531 3312 3588 ad
3357 3533 3561 3589 verita-

1990 3638 2097 3682 tem
2135 3637 2189 3682 et
2207 3627 2274 3682 ad
2307 3626 2591 3682 scientiam
2655 3625 2894 3680 transiit.
2927 3624 3130 3680 Rectus
3180 3624 3328 3682 enim
3375 3639 3564 3680 sermo

1989 3717 2256 3788 ejusmodi
2287 3717 2450 3772 rebus
2474 3717 2645 3772 anteit
2672 3735 2687 3771 :
2729 3715 2834 3783 Qui
2865 3731 2975 3770 non
3007 3716 3234 3771 faciunt
3269 3724 3566 3786 peccatum

1896 3812 1904 3824 ‘
1990 3827 2099 3866 non
2117 3819 2246 3865 sunt
2268 3809 2410 3865 servi
2436 3809 2663 3880 peccati.

2065 3901 2188 3955 151.
2228 3899 2442 3954 Redime
2487 3916 2568 3953 me
2595 3916 2628 3952 a
2671 3899 2948 3953 calumnia
2999 3898 3290 3953 hominum.
3338 3897 3562 3952 Calum-

1991 3994 2138 4048 niam
2199 3993 2483 4046 hominum
2542 4001 2704 4046 vocat
2762 3989 3160 4057 bazreticorum,
3209 4004 3421 4045 necnon
3472 4005 3562 4044 sa-

1993 4083 2254 4154 pientium
2281 4081 2444 4151 hujus
2475 4080 2682 4145 saeculi,
2705 4077 3033 4134 doctrinam.
3063 4074 3180 4130 Hoc
3203 4076 3408 4131 bonum
3436 4089 3561 4129 sen-

1993 4173 2136 4230 sibili
2170 4171 2334 4227 modo
2373 4167 2910 4239 nactusestloseph
2937 4176 2990 4223 et
3013 4167 3287 4222 Susanna.
3327 4165 3563 4236 Tropiee

1993 4272 2171 4319 autem
2201 4262 2448 4318 homines
2471 4269 2630 4316 vocat
2664 4260 2946 4330 malignas.
2974 4266 3294 4328 potestates,
3351 4273 3394 4313 ai
3427 4272 3565 4328 qua--

1993 4370 2112 4409 rum
2137 4352 2674 4410 calumnia-liberare
2690 4351 2860 4406 solius
2888 4349 2982 4404 Dei
3016 4358 3120 4405 est.

383 4433 456 4486 Τὸ
479 4433 810 4499 πρόσωπόν
826 4448 942 4487 σου
957 4434 1058 4488 ἐπί
1059 4453 1254 4504 sparos.-
1274 4436 1372 4490 ἐπὶ
1391 4435 1496 4489 τὸν
1514 4435 1740 4490 δοῦλόν
1752 4449 1888 4490 σου.

2065 4445 2187 4500 155.
2221 4442 2437 4498 Faciem
2490 4454 2635 4497 tuam
2682 4442 2929 4496 illumina
2984 4457 3139 4510 super
3163 4456 3369 4494 servum
3392 4449 3559 4492 tuum.

308 4523 417 4596 Τὴν
452 4526 764 4595 παρουσίαν
798 4527 1051 4579 ἐπιποθεῖ
1080 4527 1174 4580 τοῦ
1201 4529 1406 4598 Κυρίου
1442 4527 1757 4582 θεάσασθαι.
1787 4529 1894 4580 Αὑ-

305 4619 392 4683 16;
420 4620 539 4689 γάρ
571 4621 718 4672 ἐστιν
738 4622 766 4673 6
789 4621 1074 4691 χαρακτὴρ
1113 4619 1205 4674 τοῦ
1242 4621 1474 4693 Πατρός.
1499 4621 1609 4675 Καὶ
1644 4621 1894 4686 δίδαξόν

299 4728 375 4780 με
408 4713 486 4767 τὰ
516 4711 878 4780 δικαιώματά
917 4727 1055 4766 σου.
1104 4711 1213 4782 Τὴν
1245 4714 1390 4766 Νέαν
1418 4713 1692 4785 Διαθήκην
1737 4713 1890 4782 φησὶ,

302 4803 367 4856 δι’
396 4799 466 4876 ἧς
522 4803 872 4857 δεδικαίωκεν
914 4805 944 4856 6
975 4805 1106 4868 Θεὸς
1137 4805 1234 4858 καὶ
1262 4805 1452 4876 Πατὴρ
1481 4806 1607 4868 τοὺς
1659 4806 1752 4858 ἐπὶ
1791 4805 1891 4875 τῆς

303 4913 427 4967 mo

371 4986 704 5052 Διεξόδους
724 4986 959 5039 ὑδάτων
987 4986 1328 5055 κατέϐησαν
1347 4990 1401 5060 οἱ
1430 4987 1726 5056 ὀφθαλμοί
1751 5004 1892 5056 μου.

304 5079 526 5150 Πλῆθος
560 5079 743 5148 ἠφίειν
769 5078 1020 5150 δακρύων
1055 5080 1181 5143 τοὺς
1216 5079 1308 5133 τὸν
1340 5078 1430 5132 σὺν
1461 5078 1900 5150 παραϐαίνοντας

300 5168 466 5240 νόμον
501 5167 852 5239 ἀποθρηνῶν.

371 5262 624 5326 Δίκαιος
653 5256 728 5323 εἷ,
761 5260 958 5329 Κύριε,
979 5260 1075 5314 καί
1109 5259 1297 5327 εῠθὴς
1322 5261 1360 5330 ή
1391 5261 1586 5328 κρίσις
1612 5273 1750 5314 σου.
1784 5259 1896 5330 Τὴν

302 5354 489 5408 αἰτίαν
519 5353 850 5418 ἀποδίδωσι,
896 5353 962 5406 δι’
1004 5353 1064 5424 ἢν
1099 5353 1424 5408 ἀπεκλαίετο
1461 5355 1584 5418 τοὺς
1621 5353 1893 5424 παραϐαί-

304 5463 501 5512 νοντας
526 5445 622 5500 τὸν
644 5445 738 5499 τοῦ
764 5445 898 5500 Θεοῦ
929 5447 1090 5518 νόμον
1109 5464 1122 5477 ·
1158 5449 1242 5501 ὃτι
1271 5446 1334 5517 δὴ
1352 5448 1465 5510 τοῖς
1494 5445 1683 5498 τοῦτον
1718 5461 1896 5515 παρα-

307 5539 594 5599 σαίνουσιν
625 5543 684 5594 ὲν
703 5540 780 5610 τῷ
813 5539 941 5610 θείῳ
958 5541 1290 5597 δικαστηρίω
1310 5539 1582 5598 τιμωρίαν
1609 5539 1892 5608 ἠπείλησε,

1997 4537 2213 4592 Domini
2268 4537 2563 4592 adventum
2618 4534 2803 4590 videre
2869 4541 3111 4604 exoptat.
3159 4531 3280 4602 Ipse
3328 4547 3566 4602 namque

1994 4639 2081 4686 est
2130 4629 2412 4684 character
2459 4627 2659 4682 Patris.
2733 4625 2802 4679 Et
2853 4627 2982 4679 doce
3033 4641 3113 4678 me
3151 4623 3572 4694 justiﬁcationes

1997 4733 2139 4776 tuas.
2173 4718 2384 4776 Novum
2409 4718 2821 4775 Testamentum
2849 4718 3002 4784 dicit,
3033 4731 3144 4787 quo
3180 4715 3322 4770 Deus
3365 4725 3420 4770 et
3462 4715 3568 4769 Pa-

1994 4821 2078 4866 ter
2127 4824 2224 4866 eos
2267 4809 2362 4880 qui
2402 4824 2568 4880 super
2627 4819 2828 4864 terram
2877 4816 3054 4863 erant
3079 4807 3422 4876 justiﬁcavit.

2088 4987 2212 5042 156.
2241 4985 2434 5041 Exitus
2459 5000 2719 5057 aquarum
2759 4985 3089 5039 deduxerunt
3123 4984 3263 5038 oculi
3300 4983 3420 5035 mei.
3465 4980 3570 5032 La-

1998 5093 2304 5150 crymarum
2321 5077 2432 5132 vim
2462 5076 2796 5142 emittebam,
2830 5077 3119 5146 deplorans
3145 5088 3239 5129 eos
3265 5072 3360 5142 qui
3383 5082 3534 5125 trans
3557 5101 3566 5110 -

1997 5171 2351 5242 grederentur
2384 5169 2553 5240 legem
2579 5177 2751 5224 tuam.

2073 5261 2197 5323 1'57,
2226 5260 2346 5315 158.
2375 5259 2564 5315 Justus
2585 5277 2661 5328 es,
2698 5259 2942 5326 Domine,
2985 5268 3037 5315 et
3067 5267 3265 5313 rectum
3300 5256 3566 5326 judicium

2003 5361 2173 5407 tuum.
2205 5351 2439 5407 Causam
2461 5353 2658 5418 reddit,
2679 5369 2788 5408 cur-
2807 5352 3116 5423 deploraret
3141 5364 3240 5404 eos
3267 5347 3361 5418 qui
3392 5357 3575 5403 trans-

2003 5443 2358 5514 grederentur
2380 5445 2552 5516 legem
2593 5443 2711 5513 Dei,
2733 5444 2862 5514 quia
2893 5441 3100 5498 scilicet
3125 5455 3250 5494 eam
3291 5448 3568 5510 transgre-

2001 5536 2275 5593 dientibus
2297 5551 2489 5609 poenas
2523 5551 2580 5593 se
2603 5536 2658 5593 in
2703 5535 2887 5592 divino
2917 5533 3010 5589 illo
3040 5532 3302 5588 tribunali
3332 5530 3580 5587 inflictu--

385 5700 430 5730 “
464 5697 632 5754 Prov.
667 5713 792 5764 ιιιιι,
821 5697 906 5752 15.
989 5699 1033 5730 ⁶⁶
1081 5712 1225 5752 vers.
1265 5697 1349 5750 72.
1428 5695 1647 5751 "Prov.
1681 5709 1802 5763 vm,
1839 5693 1925 5760 10,
1959 5693 2045 5748 11.
