3946 6222
356 305 462 363 505
1206 313 1262 367 s.
1302 312 1672 368 ATHANASH
1714 312 1866 368 OPP.
1906 314 2084 368 PARS
2120 315 2205 370 ιιι.
2249 347 2315 356 —
2357 316 2772 371 EXEGETICA.
3489 305 3594 360 504

359 442 481 484 rum
517 427 904 492 comminatus,
935 435 989 483 et
1015 429 1125 499 jam
1150 431 1295 502 ipsas
1318 431 1601 487 adfuturas
1626 446 1748 488 esse
1776 431 1924 487 testi-

2065 435 2120 486 αὶ
2137 433 2340 506 ταύτην
2369 433 2617 488 ἐντεῦθεν
2634 435 2732 505 ἤδη
2749 433 3164 506 διεμαρτύρατο.
3193 435 3489 490 Ἐνετεέλω
3516 437 3571 490 δι
3586 467 3599 477 -

363 523 560 578 ﬁcatus
587 522 675 578 sit.
712 521 982 576 Mandasti
1003 523 1278 592 justitiam
1329 527 1630 580 testimonia
1670 536 1792 593 tua,
1817 534 1922 580 etc.

363 613 626 682 Quaenam
667 614 797 679 alia,
845 617 1079 672 testibus
1139 618 1278 673 coelo
1334 627 1388 673 et
1445 627 1612 682 terra,
1658 617 1929 673 mandasti

2027 527 2360 593 καιοσύνην
2375 516 2738 594 τὰμαρτύρίᾶ
2765 541 2902 591 σου,
2921 544 2973 577 κ.
2995 543 3043 579 τ.
3063 525 3110 578 λ.
3131 525 3211 579 Τὰ
3241 526 3378 597 μετὰ
3404 529 3599 598 μαρτύ’

2029 634 2136 688 ρων
2152 616 2377 687 οὐρανοῦ
2395 617 2488 668 καὶ
2513 616 2616 686 γῆς
2647 617 2806 669 τινῶν
2829 616 3000 671 ἄλλων
3024 617 3273 669 ἐνετείλω
3303 618 3598 689 μαρτύρια,

365 703 695 770 testimonia,
721 719 849 774 qua);
865 705 974 759 sint
992 705 1205 776 justitia
1237 714 1291 760 et
1315 706 1516 762 veritas
1547 702 1928 776 apertissima?

2065 707 2369 779 ικαιοσύνην
2384 707 2511 761 ὄντα
2539 708 2632 761 καὶ
2656 706 2913 778 ἀλήθειαν
2936 707 3288 779 τρανωτάτην
3308 725 3322 772 ;
3341 709 3480 762 Ἀλλ’
3504 710 3600 762 οὐκ

367 796 472 851 Sed
509 812 615 852 non
643 797 1038 862 occultastiea,
1071 799 1277 853 scilicet
1328 799 1646 856 rectissima
1677 806 1806 853 sunt
1843 798 1932 868 ju-

368 887 632 942 «liciorum
663 895 880 941 tuorum
921 890 1144 959 regulae,
1189 905 1310 957 quae
1355 900 1503 945 tuam
1555 890 1824 959 justitiam
1854 890 1930 942 si-

370 975 649 1046 gniﬁcant.
676 973 863 1046 Itaque
889 979 1204 1033 testimonia
1231 989 1323 1034 tua
1340 987 1466 1034 sunt
1494 993 1660 1034 sacrae
1691 978 1934 1047 Scriptu-

371 1082 466 1132 raa,
496 1081 616 1136 quae
639 1075 768 1122 sunt
823 1068 1035 1138 justitia
1081 1069 1298 1140 quidem
1361 1071 1664 1126 secundum
1709 1070 1934 1125 moralia

369 1167 638 1228 praecepta
660 1199 675 1224 ,
705 1159 910 1216 vetitas
934 1170 1120 1217 autem
1166 1163 1467 1217 secundum
1511 1162 1934 1232 speculationem

372 1251 683 1306 verborum.

455 1345 578 1400 159.
620 1343 900 1398 Tabescere
949 1363 1028 1399 me
1087 1348 1209 1414 fecit
1235 1349 1376 1401 zelus
1421 1356 1564 1412 tuus,
1636 1346 1759 1416 quia
1788 1344 1936 1399 obliti

374 1435 670 1490 suntverba
696 1445 788 1489 tua
820 1437 1025 1491 inimici
1057 1439 1175 1491 mei.
1210 1436 1436 1504 Qualem
1469 1438 1688 1506 suscepi
1739 1437 1936 1503 zelum,

374 1527 423 1581 si
447 1543 609 1596 quem
633 1529 871 1583 viderem
899 1529 1193 1600 aliquando
1219 1530 1512 1586 verborum
1557 1539 1778 1585 tuorum
1837 1530 1939 1583 im-

374 1633 694 1674 memorem.
727 1617 912 1690 Neque
970 1621 1291 1690 simpliciter
1323 1622 1522 1687 zelum,
1555 1621 1648 1676 sed
1679 1621 1844 1676 talem
1878 1629 1938 1674 ut

2027 797 2307 870 ἡμαύρους
2327 816 2339 829 ’
2364 799 2531 870 ἤγουν
2562 798 2844 852 εὑθύτατοι
2871 798 2980 852 τῶν
3011 798 3119 852 σῶν
3146 800 3430 871 χριμάτων
3452 803 3602 854 κανό-

2031 908 2118 955 νες
2149 891 2246 961 τὴν
2283 893 2380 963 σὴν
2413 891 2762 963 δικαιοσύνην
2795 890 3077 964 μηνύουσι.
3121 891 3202 944 Τὰ
3229 887 3322 946 οὖν
3360 892 3429 946 σὰ
3462 911 3600 964 μαρ-

2030 982 2191 1052 τύρια
2220 984 2275 1036 al
2314 981 2454 1036 θεῖαι
2477 984 2690 1054 Γραφαί
2709 1001 2721 1012 ’
2753 981 3064 1054 δικαιοσύνη
3100 983 3195 1054 μέν
3221 983 3360 1036 κατὰ
3388 984 3456 1036 τὰ
3487 983 3603 1054 ἠθι-

2033 1075 2103 1128 κὰ
2132 1075 2452 1145 τυγχάνουσι
2479 1075 2945 1146 παραγγέλματα,
2979 1074 3202 1146 ἀλήθεια
3237 1075 3292 1128 δέ
3333 1074 3473 1129 κατὰ
3506 1074 3602 1147 τὴν

2035 1165 2266 1238 θεωρίαν
2301 1166 2408 1220 τῶν
2433 1167 2622 1236 λόγων.

2123 1346 2392 1414 Ἐξέτηξέ
2415 1364 2491 1416 με
2524 1351 2556 1401 ό
2585 1345 2762 1415 ζῆλός
2791 1362 2926 1408 σου,
2969 1348 3056 1399 ὅτι
3101 1346 3464 1399 ἐπελάθοντο
3488 1345 3605 1399 τῶν·

2035 1440 2231 1507 λόγων
2257 1455 2372 1492 σου
2393 1441 2447 1493 οἱ
2472 1439 2671 1508 ἐχθροί
2694 1457 2832 1508 μου.
2870 1434 2993 1491 Οἷον
3023 1437 3182 1507 ζῆλον
3213 1437 3599 1506 ἀνελάμϐανον,

2037 1531 2088 1582 εἴ
2115 1546 2242 1582 ποτε
2286 1529 2470 1600 ἐώρων
2501 1529 2622 1584 τινὰ
2655 1529 3075 1600 ἐπιλελησμένον
3107 1529 3213 1582 τῶν
3257 1527 3366 1582 σῶν
3410 1527 3602 1595 λόγων.

2038 1620 2148 1672 Καὶ
2170 1621 2268 1691 οὐχ
2296 1620 2480 1685 ἁπλῶς
2509 1620 2669 1692 ζῆλον
2689 1661 2704 1685 ,
2752 1621 2885 1675 ἀλλὰ
2916 1621 3002 1674 διὰ
3029 1621 3120 1674 τὸν
3151 1621 3364 1676 τιθέντα
3397 1638 3483 1690 μοι
3513 1621 3605 1672 ἐκ-

284 2147 296 2160 .
381 2087 487 2132 tute
501 2077 724 2130 comedit
759 2092 841 2130 me
874 2077 941 2130 ⁸⁸.

375 1709 707 1765 tabescerem
742 1711 811 1765 ab
831 1711 1140 1780 ltujusmodi
1163 1713 1280 1766 zelo
1325 1727 1421 1781 pro
1472 1721 1526 1765 te
1573 1721 1848 1780 suscepto,
1895 1711 1942 1765 si

2065 1713 2302 1782 τήκεσθαι
2331 1713 2437 1767 ἀπὸ
2469 1713 2563 1766 τοῦ
2589 1713 2750 1785 ζήλου
2776 1713 2868 1766 τοῦ
2895 1713 3030 1784 πρὸς
3060 1715 3138 1777 σέ,
3164 1715 3211 1766 εἰ
3236 1711 3502 1782 ἐθεώρουν
3529 1728 3607 1763 τι-

375 1816 518 1871 quos
546 1802 786 1857 viderem
807 1816 1120 1857 sermonum
1169 1811 1386 1857 tuorum
1421 1804 1792 1858 immemores.
1830 1800 1943 1856 Hu-

2065 1779 2136 1868 ei;
2170 1779 2690 1875 ἐπιλανθανομένους
2720 1820 2811 1856 σου
2845 1779 2952 1857 τῶν
2989 1803 3180 1873 λόγων.
3243 1779 3386 1874 Περι
3417 1802 3606 1855 τούτου

371 1894 467 1961 jus
493 1893 595 1948 zeli
623 1893 889 1949 recordati
926 1904 1056 1950 sunt
1079 1895 1356 1964 discipuli,
1384 1896 1451 1949 de
1473 1910 1583 1965 quo
1612 1909 1678 1950 ex
1707 1909 1943 1964 persona

2065 1894 2135 1949 τοῦ
2167 1896 2329 1968 ζήλου
2359 1895 2705 1967 ἐμνήσθησαν
2733 1896 2782 1947 οἱ
2814 1895 3084 1966 μαθηταὶ,
3116 1897 3179 1948 ἐκ
3207 1894 3494 1965 προσώπου
3515 1894 3606 1946 τοῦ

379 1983 594 2040 Domini
629 1985 685 2038 in
745 1985 958 2055 psalmo
983 1985 1224 2041 dicitur:
1251 1985 1516 2050 Quoniam
1571 1985 1711 2039 zelus
1760 1985 1946 2039 domus

2065 1989 2247 2058 (υρίου
2283 1991 2340 2042 ἐν
2363 1986 2562 2058 ψαλμῷ
2588 1986 2896 2058 εἰρημένου.
2953 1987 3081 2039 Ὅτι
3119 1989 3152 2041 ὀ
3181 1985 3358 2054 ζῆλος
3388 1985 3494 2038 τοῦ
3526 1985 3611 2038 οι-

2044 2099 2152 2135 κου
2177 2097 2292 2135 σου
2327 2080 2617 2149 κατέφαγέ
2637 2097 2733 2148 με.

470 2167 593 2222 140.
651 2166 885 2238 Ignitum
932 2168 1192 2239 eloquium
1238 2177 1385 2222 tuum
1437 2168 1774 2223 vehementer.
1821 2167 1947 2224 Elo-

380 2259 571 2330 quium
600 2258 814 2314 Domini
857 2261 1089 2330 ignitum
1139 2269 1226 2316 est
1262 2262 1632 2324 vehementer,
1681 2262 1941 2328 sublime,

380 2353 531 2407 omni
557 2353 878 2424 probatione
897 2353 1167 2423 superius.
1222 2352 1289 2409 Et
1328 2355 1374 2409 si
1419 2355 1546 2424 quis
1580 2355 1684 2410 hoc
1717 2355 1946 2425 ignitum

380 2445 661 2514 eloquium
701 2444 919 2512 habeat,
961 2445 1009 2500 is
1068 2445 1253 2500 omnia
1303 2444 1514 2517 judicat
1546 2455 1600 2500 et
1637 2461 1667 2500 a
1727 2445 1946 2502 nemine

377 2535 676 2606 judicatur.

450 2628 574 2682 141.
601 2627 1033 2683 Adolescentulus
1056 2645 1173 2683 sum
1213 2646 1306 2700 ego
1343 2640 1392 2684 et
1436 2638 1780 2700 contemptus.
1807 2628 1950 2684 Ado-

383 2719 717 2774 lescentulus
751 2719 970 2789 quidem
1005 2731 1088 2774 est
1124 2720 1218 2789 qui
1241 2720 1441 2775 divinis
1461 2720 1695 2790 eloquiis
1716 2734 1816 2775 ceu
1837 2719 1948 2773 ele-

384 2809 584 2864 mentis
612 2810 856 2864 initiatur
876 2851 891 2876 ,
925 2820 1270 2880 contemptus
1324 2820 1508 2866 autem
1538 2812 1669 2881 quia
1700 2826 1820 2867 sese
1849 2810 1950 2864 hu-

385 2902 581 2956 miliat.

465 2995 588 3050 M2.
613 2993 839 3050 Iustitia
871 3004 960 3049 tua
977 2995 1198 3065 justitia
1225 2995 1285 3048 in
1305 3003 1586 3048 aeternum.
1622 2990 1760 3046 Nam
1785 2992 1950 3062 justi-

387 3084 464 3140 tia
492 3085 777 3140 hominum
810 3087 902 3155 qui
925 3085 1074 3154 juste
1101 3085 1470 3156 judicau.t,'ad
1531 3084 1696 3138 breve
1737 3091 1951 3151 tempus

383 3176 655 3246 judicium
680 3176 825 3242 fert,
869 3177 1084 3248 justitia
1108 3186 1287 3232 autem
1322 3176 1413 3230 Dei
1459 3174 1728 3246 judicium
1778 3174 1954 3230 reddit

389 3277 594 3323 aeternu
603 3285 650 3321 ιιι
660 3308 675 3320 .

481 3358 600 3411 145.
635 3357 1024 3411 Tribulationes
1046 3365 1097 3411 et
1129 3357 1711 3426 angustiteinvenerunt
1765 3371 1866 3410 me.
1894 3353 1955 3410 In

390 3449 728 3519 quibuslibet
763 3448 1168 3512 occasionibus,
1193 3449 1290 3516 ait,
1327 3449 1462 3518 legis
1485 3457 1591 3503 tuae
1644 3446 1957 3502 meditatio-

394 3555 517 3595 nem
551 3554 658 3593 non
692 3539 1069 3608 neglexerunt.

476 3630 600 3685 144.
635 3628 887 3700 ίΕᾳιιὶιαδ
919 3631 1220 3684 testimonia
1274 3640 1368 3686 tua
1414 3630 1471 3684 in
1516 3639 1793 3684 internum.
1827 3627 1958 3694 Quae

392 3724 590 3780 dedisti
619 3723 752 3778 mihi
783 3723 1116 3785 testimonia,
1146 3723 1346 3793 inquit,
1381 3737 1489 3778 non
1519 3722 1586 3777 ad
1636 3725 1798 3777 breve
1830 3729 1961 3777 tem-

393 3831 496 3886 pus
525 3816 700 3879 utilia,
721 3815 935 3884 justitia
967 3825 1095 3872 sunt
1119 3816 1173 3868 in
1192 3827 1477 3877 aeternum,
1505 3828 1630 3867 nam
1661 3811 1961 3883 justiﬁcant

391 3922 516 3970 cum
542 3907 634 3976 qui
653 3906 846 3978 affectu
881 3906 946 3962 ad
975 3906 1093 3976 ipsa
1114 3905 1342 3963 accedit.
1365 3902 1694 3958 Intellectum
1716 3904 1786 3957 da
1808 3903 1958 3969 mihi,

392 4011 440 4053 et
465 4000 671 4068 viviﬁca
693 4016 791 4052 me.
811 3997 944 4053 Nam
964 3998 1177 4068 justitia
1196 4013 1358 4068 quam
1377 3997 1431 4050 iu
1450 3996 1704 4067 prasenti
1719 4005 1962 4065 tempore

391 4110 732 4159 exercemus,
762 4095 1084 4150 retribuitur
1111 4093 1287 4156 uobis,
1325 4107 1435 4146 non
1463 4089 1531 4145 ad
1588 4105 1793 4160 paucos
1820 4089 1960 4154 dies,

393 4187 490 4244 sed
519 4187 574 4240 in
609 4196 893 4241 aeternum.
930 4186 1034 4239 Sed
1075 4185 1278 4250 vivam,
1319 4182 1517 4252 inquit,
1548 4181 1595 4236 si
1626 4181 1960 4235 intellectum

395 4279 609 4334 dederis
636 4280 792 4332 mihi.
819 4279 874 4332 lu
911 4278 1057 4331 illam
1086 4277 1232 4330 enim
1268 4277 1479 4329 beatam
1499 4275 1672 4342 ,vitam
1703 4272 1964 4342 insipiens

397 4383 507 4422 non
539 4367 857 4436 ingreditur.
893 4365 1225 4421 Postulauda
1256 4365 1421 4435 igitur
1469 4363 1827 4432 intelligentia
1881 4368 1966 4416 est

2113 2172 2545 2242 Πεπυρωμένον
2571 2173 2635 2226 τὸ
2664 2173 2873 2242 ,λόγιόν
2900 2189 3014 2224 σου
3054 2170 3306 2239 σφόδρα.
3340 2170 3411 2221 Τὸ
3438 2169 3610 2238 λόγιον

2044 2264 2138 2318 τοῦ
2166 2264 2300 2318 Θεοῦ
2331 2265 2724 2335 πεπυρωμένον
2756 2265 2871 2318 ἐστὶ
2901 2262 3100 2333 σφόδρα
3131 2261 3224 2315 καὶ
3241 2261 3608 2330 ἐξιστάμενον,

2047 2360 2138 2411 καὶ
2164 2357 2313 2430 πάσῃ
2348 2356 2562 2427 βασάνῳ
2587 2355 2926 2424 ἀνέλεγκτον.
2977 2355 3085 2406 Καὶ
3112 2352 3266 2414 εἴτις
3300 2350 3410 2420 ἔχει
3438 2368 3614 2404 πεπυ-

2049 2448 2290 2520 ρωμένον
2310 2448 2466 2502 τοῦτο
2492 2449 2553 2501 τὸ
2567 2447 2764 2516 λόγιον,
2797 2446 3075 2518 ἀνακρίνει
3106 2445 3205 2516 μὲν
3238 2443 3434 2506 πάντα,
3457 2443 3614 2504 αὐτὸς

2047 2541 2102 2596 δέ
2128 2541 2220 2594 ὑπ’
2245 2541 2454 2604 οὐδενὸς
2478 2539 2849 2612 ἀνακρίνεται.

2117 2634 2408 2704 Νεώτερος
2435 2632 2546 2702 ἐγώ
2565 2635 2679 2702 εἰμι
2698 2632 2794 2686 καὶ
2820 2629 3313 2698 ἐξουδενωμένος.
3340 2625 3619 2695 Νεώτερος

2053 2725 2148 2796 μὲν
2173 2727 2200 2778 ὀ
2227 2727 2341 2788 τοῖς
2371 2724 2536 2787 θείοις
2561 2723 2742 2791 λόγοις
2777 2721 3228 2792 στοιχειούμενος,
3259 2716 3614 2787 ἐξουδενωμέ-

2051 2834 2137 2881 νος
2163 2815 2218 2869 δὲ
2253 2815 2339 2868 διὰ
2360 2816 2419 2868 τὸ
2447 2813 2732 2868 ταπεινοῦν
2760 2814 2972 2869 ἑαυτόν.

2132 2989 2194 3045 Ἦ
2225 2987 2574 3052 δικαιοσύνη
2607 2999 2722 3038 σου
2764 2980 3114 3048 δικαιοσύνη
3146 2981 3233 3045 εὶς
3277 2977 3384 3031 τὸν
3414 2975 3614 3055 αἰῶνα.

2065 3075 2142 3132 Ἡ
2165 3079 2263 3150 μὲν
2313 3077 2419 3148 γὰρ
2465 3077 2594 3145 παρ’
2623 3071 2928 3144 ἀνθρώποις
2954 3067 3264 3137 δικαιοσύνη
3289 3065 3423 3137 πρὸς
3443 3064 3618 3132 ὀλίγον

2055 3169 2346 3242 ψηφίζεται
2372 3167 2560 3240 χρόνον
2585 3165 2664 3236 τῷ
2695 3162 2996 3235 κρινομένῳ
3026 3159 3087 3213 τὸ
3113 3160 3348 3220 δίκαιον,
3376 3159 3410 3226 ἡ
3444 3155 3501 3209 δέ
3525 3154 3618 3208 τοῦ

2057 3263 2190 3318 Θεοῦ
2217 3263 2314 3332 τὴν
2341 3261 2519 3332 κρίσιν
2549 3258 2762 3310 αἰώνιον
2789 3254 3130 3308 ἀποδίδωσιν.
3225 3313 3230 3318 _

2130 3357 2376 3424 Θλίψεις
2401 3351 2500 3406 καὶ
2534 3349 2785 3419 ἀνάγκαι
2810 3343 3070 3414 εὕροσάν
3103 3361 3199 3412 με.
3253 3340 3388 3394 Οὐδὲ
3419 3339 3476 3392 ἐν
3501 3340 3620 3400 ταῖς

2059 3446 2443 3519 περιστάσεσι,
2499 3443 2633 3516 φησὶ
2656 3481 2671 3506 ,
2717 3439 2813 3495 τοῦ
2834 3438 2924 3492 τὸν
2956 3436 3046 3490 σὺν
3072 3434 3301 3504 μελετᾷν
3345 3429 3620 3502 ἠμέλησαν

2056 3541 2238 3612 νόμον.

2129 3610 2486 3695 Δικαιοσύνη
2527 3625 2599 3678 τὰ
2636 3618 2928 3692 μαρτύριὰ
2975 3635 3091 3672 σου
3138 3620 3224 3681 εἷς
3269 3613 3374 3667 τὸν
3416 3610 3621 3665 αἰῶνα.

2064 3724 2132 3775 Ἀ
2162 3719 2397 3781 δέδωκάς
2430 3733 2541 3789 μοι,
2580 3712 2733 3785 φησὶ,
2770 3709 3061 3783 μαρτύρια,
3093 3709 3153 3760 οὐ
3181 3705 3314 3777 πρὸς
3337 3702 3512 3770 ὀλίγον
3541 3700 3624 3754 δν-

2057 3829 2126 3867 τα
2154 3810 2426 3880 ὠφέλιμα,
2455 3803 2768 3874 δικαιοσύνη
2800 3803 2880 3865 είς
2925 3801 3018 3853 τὸν
3063 3797 3231 3852 αἰῶνα
3267 3795 3622 3866 τυγχάνουσι,

2060 3901 2373 3958 δικαιοῦντα
2399 3899 2491 3953 τὸν
2515 3897 2750 3952 διαθέσει
2778 3891 3160 3962 συνεγγίζοντα
3195 3891 3396 3951 αὐτοῖς.
3475 3889 3626 3940 Συν-
3652 3883 3673 3905 ⁹

2060 3997 2265 4052 έτισόν
2282 4011 2390 4065 με,
2427 3991 2525 4045 καὶ
2559 3987 2744 4058 ζῆσόν
2765 4005 2860 4056 με.
2919 3986 3020 4038 Ἦν
3061 3982 3168 4054 γὰρ
3214 3979 3487 4049 ἀσκοῦμεν
3534 3975 3628 4028 ἐπὶ

2059 4086 2150 4142 τοῦ
2186 4085 2449 4157 παρόντος
2476 4077 2818 4148 δικαιοσύνην
2848 4073 3152 4129 ἀποδίδοται
3188 4072 3287 4124 οὐκ
3322 4071 3378 4122 ἐν
3423 4068 3626 4135 ὀλίγαις

2061 4177 2298 4251 ἡμέραις
2328 4177 2360 4246 ή
2372 4173 2487 4246 μῶν
2510 4213 2526 4238 ,
2561 4171 2674 4226 ἀλλ’
2709 4172 2788 4235 είς
2812 4170 2904 4223 τὸν
2930 4167 3118 4222 αἰῶνα.
3160 4162 3317 4216 Ἀλλά
3350 4161 3443 4251 και
3472 4158 3628 4251 ζήσο-

2066 4247 2198 4336 μαι,
2229 4264 2391 4333 φησιν
2414 4303 2429 4328 ,
2470 4261 2563 4315 ἐάν
2595 4277 2660 4330 με
2697 4257 2977 4329 συνετίσῃς
2997 4273 3012 4288 ο
3044 4258 3122 4317 εἰς
3152 4252 3364 4321 ἐκείνην
3390 4250 3498 4320 γὰρ
3531 4247 3628 4336 τῂν

2067 4334 2342 4430 μακαρίαν
2373 4353 2516 4424 ζωὴν
2541 4352 2763 4422 ἀνόητος
2781 4351 2880 4402 οὐκ
2903 4346 3223 4418 εἰσέρχεται.
3259 4340 3514 4412 Αίτητέον
3537 4334 3630 4392 οὖν

395 4459 466 4516 ab
499 4474 566 4514 eo
588 4432 681 4527 qui
716 4458 808 4512 dat
837 4458 1093 4513 omnibus
1120 4467 1234 4512 toto
1281 4432 1468 4512 animo
1531 4454 1951 4526 postulantibus.

2066 4450 2281 4503 σύνεσιν
2317 4445 2468 4516 παρὰ
2503 4443 2596 4496 τοῦ
2624 4441 2856 4505 διδόντος
2886 4442 3018 4493 πᾶσι
3049 4441 3160 4500 τοῖς
3193 4434 3251 4499 ἐξ
3287 4434 3414 4504 ὅλης
3453 4432 3630 4502 ψυχῆς

469 4637 593 4704 145,
639 4636 766 4691 146.
810 4634 1052 4690 Clamavi
1094 4635 1150 4688 in
1178 4643 1286 4688 toto
1327 4633 1483 4688 corde
1532 4648 1666 4687 meo.
1739 4629 1966 4685 Psimo:

397 4725 638 4781 Clamaui
677 4727 731 4780 in
775 4733 883 4780 toto
933 4725 1087 4779 corde
1138 4740 1270 4790 meo,
1320 4722 1518 4778 exaudi
1565 4737 1668 4786 me,
1702 4719 1966 4774 Domine:

389 4816 800 4887 justiﬁcationes
836 4827 955 4871 tua:
990 4815 1272 4885 requiram.
1301 4813 1554 4869 Secundo
1583 4831 1597 4867 :
1629 4811 1869 4868 Clamavi
1899 4810 1968 4864 ad

399 4921 469 4977 te,
506 4908 711 4962 salt-um
747 4925 824 4962 me
869 4908 973 4979 fac.
1015 4905 1148 4961 Nam
1191 4906 1336 4977 quod
1368 4904 1630 4974 loquebar
1667 4905 1967 4958 secundum

398 5001 727 5073 praecipuam
771 4999 939 5055 animi
987 5008 1217 5069 partem,
1264 4995 1402 5072 nihil
1454 4994 1603 5049 aliud
1639 5001 1757 5048 erat
1802 5007 1968 5062 quam

399 5092 565 5148 Deus.
604 5091 798 5160 Magna
846 5089 1008 5158 igitur
1051 5101 1183 5142 voce
1212 5094 1262 5140 te
1298 5085 1580 5150 invocans,
1611 5097 1807 5151 magna
1837 5095 1970 5135 voce

400 5184 658 5253 promitto
687 5198 774 5237 me
800 5192 888 5236 tua
919 5189 1181 5250 praecepta
1213 5178 1648 5233 observaturum.

475 5277 594 5331 147.
633 5275 876 5329 Praeveni
907 5275 961 5326 in
993 5272 1300 5326 maturitate
1330 5278 1379 5323 et
1409 5268 1656 5322 clamaui.
1688 5266 1970 5321 Maturita-

398 5375 508 5420 tem
545 5364 634 5420 hic
675 5374 833 5420 vocat
876 5362 1148 5428 tenebras,
1180 5361 1296 5418 sive
1334 5374 1517 5415 rerum
1557 5356 1964 5413 confusionem.

403 5457 528 5514 Haec
555 5465 734 5512 autem
756 5457 870 5511 ait:
922 5455 1148 5511 Etiamsi
1201 5452 1434 5522 improbi
1481 5466 1605 5506 cum
1645 5448 1968 5505 confusione

398 5547 582 5602 omnia
603 5556 841 5617 agerent,
885 5548 1056 5602 multa
1095 5547 1152 5602 in
1191 5555 1285 5600 tua
1316 5544 1433 5616 lege
1462 5543 1965 5607 incedensneraae-

400 5640 548 5694 bam.

473 5752 521 5784 ⁸⁸
547 5751 689 5806 Psal.
716 5768 900 5818 vam,
938 5754 1021 5808 l0.

2065 4540 2308 4597 αἰτοῦσιν
2336 4537 2517 4592 αὐτόν.

2149 4629 2468 4700 Ἐκέκραξα
2487 4629 2556 4682 ἐν
2586 4626 2698 4696 ὅλῃ
2733 4624 2948 4694 καρδίᾳ
2973 4639 3114 4692 μου.
3143 4618 3442 4692 Πρότερονο
3478 4616 3632 4670 Ἐκέ-

2065 4724 2254 4794 κραξα
2279 4723 2348 4776 ἐν
2375 4721 2489 4789 ὅλῃ
2513 4717 2725 4787 καρδίᾳ
2740 4735 2880 4787 μου,
2902 4713 3369 4780 ἐπάκουσόνμου
3386 4748 3399 4772 ,
3421 4709 3595 4777 Κύριε
3612 4723 3626 4738 ·

2064 4818 2137 4872 τὰ
2164 4811 2522 4883 δικαιώματά
2549 4827 2664 4866 σου
2683 4806 3005 4875 ἐκζητήσω.
3045 4801 3304 4871 Δεύτερον
3323 4817 3336 4830 ’
3374 4798 3632 4868 Ἐχέκρα-

2066 4907 2144 4972 ξά
2169 4921 2266 4960 σοι
2285 4946 2299 4970 ,
2330 4904 2536 4958 σῶσόν
2557 4918 2653 4972 με.
2710 4901 2774 4953 '0
2799 4897 2906 4969 γὰρ
2940 4895 3161 4949 ἐλάλουν
3185 4891 3323 4945 κατὰ
3347 4890 3406 4943 τὸ
3427 4891 3631 4960 ἠγεμο-

2065 4998 2233 5062 νικὸν,
2263 4997 2362 5049 οὐκ
2386 4995 2513 5049 ἄλλο
2542 5011 2594 5046 τι
2626 4989 2695 5063 ἦν
2720 4991 2752 5060 ἢ
2786 4992 2814 5044 ὁ
2841 4988 2991 5050 Θεός.
3043 4985 3308 5053 Μεγάλως
3333 4978 3422 5035 οὖν
3448 4997 3506 5033 σε
3532 4996 3631 5032 κα-

2065 5091 2260 5154 λέσας,
2291 5088 2539 5160 μεγάλως
2574 5083 2976 5153 ἐπαγγέλλομαι
3025 5079 3184 5148 τὰφσὰ
3231 5075 3462 5146 φυλάξαι
3493 5089 3631 5142 μαρ-

2065 5201 2245 5236 τυοια.

2135 5200 2491 5341 ῗέὲδέφθασα
2540 5269 2608 5322 ἐν
2653 5266 2833 5334 ἀωρὶᾳ
2868 5262 2967 5315 καὶ
3021 5257 3333 5328 ἐκέκραξα.
3404 5251 3596 5324 Ἀωρία

2066 5366 2157 5418 τὸν
2186 5364 2392 5426 σκότον,
2429 5363 2544 5433 ἦτοι
2568 5359 2665 5432 τὴν
2694 5358 2952 5427 σύγχυσιν
2996 5352 3103 5407 τῶν
3149 5348 3488 5422 πραγμάτων
3531 5361 3632 5415 φη·

2069 5458 2141 5512 σί.
2192 5454 2378 5510 Ταῦτα
2403 5454 2461 5508 δέ
2493 5452 2667 5521 λέγει·
2701 5449 2893 5504 Καίτοι
2922 5445 3030 5499 τῶν
3061 5442 3390 5515 παρανόμων
3419 5440 3478 5491 ἐν
3506 5451 3631 5502 συγο

2066 5547 2219 5619 χύσει
2254 5547 2426 5602 πάντα
2455 5543 2769 5606 ποιούντων,
2801 5537 2971 5594 πολλὰ
3000 5539 3058 5590 ἐν
3085 5535 3162 5606 τῷ
3191 5533 3267 5604 σῷ
3296 5532 3444 5602 νόμῳ
3465 5525 3633 5583 ἐστοί-

2067 5657 2216 5710 χουν.
