3946 6222
306 340 409 400 505

1346 332 1721 386 EXPOSI'IIO
1760 329 1824 385 IN
1864 328 2207 385 PSALMUMV
2233 328 2465 386 CXVIII.

3439 327 3543 383 506

373 456 800 527 Προσήγγισαν
822 456 873 505 οἱ
901 449 1361 517 καταδιώκοντές
1380 467 1456 520 με
1476 448 1710 518 ἀνομίᾳ.
1736 449 1860 501 Συν-

2038 445 2162 501 150.
2190 446 2749 516 Appropinquaverunt
2765 454 3126 515 persequentes
3148 459 3227 498 me
3250 444 3542 512 iniquitati.

306 554 447 626 ἧψαν
499 553 551 605 οἱ
584 546 945 618 πολεμοῦντες
997 561 1064 615 με
1104 546 1168 615 τῇ
1216 542 1445 613 ἀνομίᾳ,
1491 542 1673 612 φησίν.
1737 539 1873 593 Οὐδὲ

305 646 412 717 γάρ
440 661 527 707 τις
558 641 746 696 διώκει
773 640 864 693 τὸν
909 638 1115 691 δίκαιον
1151 636 1226 707 μὴ
1255 634 1452 705 ἀνομίᾳ
1492 636 1727 686 συνεῖναι
1758 630 1875 701 βου-

304 735 549 805 λόμενος.
1725 789 1734 798 _

387 823 594 894 Ὲγγὺς
642 817 701 875 εἴ
742 820 853 884 σὺ,
900 818 1103 887 Κύριε.
1193 818 1250 870 '0
1276 816 1407 880 Θεὸς
1439 813 1670 894 ἀλλαχοῦ
1705 825 1870 883 φησι*

308 912 447 980 Θεὸς
473 910 714 982 ἐγγίζων
743 908 856 980 ἐγώ
881 911 1027 978 εἰμι,
1073 907 1167 961 καὶ
1195 907 1329 976 οὐχί
1366 905 1509 970 Θεὸς
1553 904 1872 972 πόρρωθεν,

230 1030 235 1035 ’
302 1005 464 1076 λέτει
490 1005 724 1072 Κύριος.
790 1001 852 1057 Ἦ
883 1001 1110 1072 δύναμις
1156 999 1263 1070 γὰρ
1294 996 1395 1051 ’τοῦ
1428 993 1565 1048 Θεοῦ
1595 990 1872 1063 πανταχοῦ

304 1097 418 1149 ἐστι
439 1135 455 1157 ,
485 1094 627 1147 κατὰ
654 1093 745 1146 τὸν
780 1091 877 1162 τῆς
907 1087 1267 1161 δημιουργίας
1291 1087 1384 1141 καὶ
1410 1087 1665 1159 προνοίας
1694 1083 1872 1151 λόγον.

372 1185 595 1256 Κρῒνον
631 1185 745 1252 τὴν
777 1184 979 1251 κρίσιν
1001 1198 1119 1251 μου
1142 1220 1157 1245 ,
1191 1180 1284 1233 καί
1316 1177 1618 1247 λύτρωσαί
1636 1192 1742 1245 με,
1777 1173 1875 1228 διὰ

303 1277 406 1331 τὸν
432 1278 621 1346 λόγυν
654 1292 769 1329 σου
813 1271 998 1341 (iich
1034 1289 1128 1342 με.
1185 1271 1355 1338 Λόγον
1399 1268 1497 1339 τὴν
1546 1265 1874 1335 ιπαγγελίαν

306 1367 465 1439 φησίν
484 1384 499 1399 ο
532 1366 892 1438 ἐπηγγείλατο
918 1365 1022 1435 γὰρ
1048 1364 1218 1435 ἥξειν,
1255 1362 1346 1415 καὶ
1377 1358 1570 1415 σώσειν
1599 1358 1765 1429 ἡμᾶς.

375 1531 621 1601 Μαιρὰν
642 1533 758 1586 ἀπο
789 1529 1154 1601 ἁμαρτωλῶν
1189 1526 1476 1593 σωτηρία.
1546 1525 1650 1576 ’Ἦν
1688 1519 1875 1574 ἐπλεο-

305 1625 570 1695 νέκτησαν
594 1623 645 1676 οἱ
669 1621 923 1693 ἄρχοντες
941 1620 1033 1673 τοῦ
1052 1618 1245 1682 αἰῶνος
1264 1617 1477 1672 τούτου.
1504 1616 1526 1632 ”
1536 1618 1631 1668 Οτι
1651 1611 1872 1666 δικαιώ-

1975 537 2079 605 Qui
2142 539 2274 592 mihi
2343 538 2541 593 bellum
2599 537 2946 600 inferebant,
2998 537 3213 606 inquit,
3271 536 3545 605 iniquitati

1975 629 2174 684 addicti
2207 639 2382 685 erant.
2413 628 2584 684 Nemo
2624 631 2769 683 enim
2799 631 3006 697 justum
3036 630 3405 699 persequitur,
3440 629 3544 682 nisi

1974 720 2250 790 iniquitati
2290 723 2493 775 merere
2522 721 2668 775 velit.

2046 811 2170 865 151.
2228 808 2395 879 Prope
2431 826 2483 863 es
2530 820 2608 873 tu,
2643 810 2862 862 Domine
2892 808 3025 875 (49).
3072 807 3214 863 Deus
3259 806 3386 862 alibi
3418 806 3496 860 ait
3527 824 3542 861 :

1973 900 2115 955 Deus
2148 902 2570 970 appropinquans
2614 917 2706 971 ego
2741 918 2882 963 sum,
2913 910 2960 953 et
3005 916 3108 952 non
3140 898 3280 953 Deus
3303 916 3336 952 a
3371 898 3543 969 longe,

1973 990 2103 1043 dicit
2127 989 2381 1044 Dominus
2412 991 2481 1042 θ’.
2512 988 2646 1044 Nam
2692 989 2781 1044 Dei
2810 990 2985 1045 vinus
3029 988 3227 1058 ubique
3254 997 3359 1054 est,
3387 988 3545 1058 juxta

1974 1081 2266 1136 creationis
2300 1092 2353 1135 et
2380 1082 2731 1150 providentia:
2757 1082 3047 1136 rationem.

2047 1170 2166 1224 154.
2196 1169 2396 1225 Judica
2417 1172 2686 1240 judicium
2718 1182 2864 1225 tuum
2886 1182 2934 1226 et
2967 1172 3165 1225 redime
3195 1187 3296 1236 me,
3331 1177 3545 1240 propter

1974 1261 2181 1315 verbum
2225 1270 2373 1315 tuum
2404 1263 2608 1331 viuiﬁca
2653 1277 2752 1316 me.
2783 1260 3016 1315 Verbum
3053 1260 3185 1315 dicit
3226 1259 3544 1329 promissio-

1973 1365 2118 1405 nem.
2153 1349 2288 1404 Nam
2314 1352 2562 1420 promisit
2587 1366 2647 1406 se
2684 1360 2971 1405 venturum
3020 1360 3075 1405 et
3096 1351 3324 1404 salutem
3355 1350 3543 1404 allatu-

1975 1455 2092 1492 rum
2122 1439 2300 1494 nobis.

2044 1532 2168 1585 155.
2198 1530 2374 1600 Longe
2401 1547 2432 1584 a
2454 1531 2812 1598 peccatoribus
2838 1530 3005 1584 salus.
3032 1528 3235 1583 Contra
3265 1544 3428 1598 quam
3456 1545 3544 1584 sa-

1973 1622 2138 1675 lutem
2165 1622 2397 1691 superbe
2423 1631 2648 1691 egerunt
2675 1622 2946 1691 principes
2978 1621 3159 1675 saaculi
3190 1622 3371 1690 hujus.
3404 1620 3543 1685 Quia

299 1713 455 1785 ματά
481 1728 600 1768 σου
633 1714 741 1766 οὐκ
768 1711 1151 1780 ἐξεζήτησαν,
1183 1709 1329 1778 Αὕτη
1361 1710 1394 1780 ἡ
1426 1706 1571 1762 αίτία
1593 1703 1686 1759 τοῦ
1712 1718 1869 1757 κατα-

1987 1713 2376 1780 Fustiﬁcationes
2415 1722 2535 1766 tuas
2564 1729 2666 1766 non
2691 1713 3070 1782 quuisierunt.
3111 1710 3236 1766 Haec
3266 1727 3429 1766 causa
3460 1723 3544 1767 est

303 1804 514 1859 διώκειν
545 1804 637 1858 τὸν
676 1802 883 1856 δίκαιον
906 1841 921 1865 ,
968 1800 1028 1855 τὸ
1054 1799 1270 1871 μακρὰν
1303 1797 1526 1860 ἑαυτοὺς
1561 1793 1866 1863 ἀποστῆσαι

1987 1820 2069 1860 :ur
2086 1804 2295 1872 justum
2324 1805 2595 1873 persecuti
2622 1814 2770 1868 sunt,
2804 1803 2948 1873 quod
2978 1804 3135 1874 longe
3176 1804 3548 1859 abscesseriut

304 1896 390 1950 τοῦ
429 1895 576 1948 θείου
609 1893 795 1965 νόμου.

380 1992 446 2043 Οί
478 1986 766 2056 οίκτιρμοί
786 2002 902 2039 σου
933 1981 1388 2049 πολλοίίιίύριε.
1423 1980 1654 2048 Ἔγνων,
1680 1978 1863 2051 φησιν,

301 2078 373 2141 ὡς
393 2075 745 2148 διεμαρτύρω
763 2073 862 2137 τὰς
879 2072 1097 2137 ἐντολὰς
1125 2074 1284 2142 ἡμῖν,
1311 2072 1392 2124 ὅτι
1422 2068 1626 2140 βέϐαιοι
1644 2069 1749 2122 είσι
1772 2069 1867 2122 καὶ

302 2168 710 2241 ἀμετακίνητοι.
742 2166 912 2220 Τοῦτο
932 2164 1038 2234 γὰρ
1057 2163 1208 2234 δηλοῖ
1238 2161 1333 2214 καὶ
1355 2161 1414 2213 ὲν
1439 2159 1515 2230 τῷ
1537 2159 1647 2213 ἄνω
1678 2158 1862 2230 στίχῳ,

300 2262 390 2326 τὸ,
416 2261 558 2316 Κατ’
590 2258 780 2330 ἀρχὰς
801 2257 996 2328 ἔγνων
1023 2256 1091 2311 ἐκ
1119 2252 1237 2307 τῶν
1256 2252 1593 2323 μαρτυρίων
1623 2267 1757 2304 σου.

366 2349 551 2406 Εἶδον
578 2347 1022 2412 ἀσυνετοῦντας
1039 2386 1054 2410 ,
1090 2345 1188 2399 καί
1216 2345 1604 2414 ἐξετηκόμην.
1655 2341 1725 2395 E!’
1746 2358 1867 2396 τινα

300 2443 519 2515 ιώρακα
548 2442 624 2514 μὴ
654 2441 898 2496 συνιέντα
924 2437 1035 2507 ἐγὼ
1054 2478 1069 2502 ,
1117 2438 1210 2491 ἐπὶ
1235 2437 1325 2490 τὸν
1359 2435 1595 2488 τοιοῦτον
1616 2433 1868 2503 ἐξετηκό-

303 2551 407 2607 μην
429 2536 541 2588 ἀπὸ
570 2532 665 2587 τοῦ
698 2532 859 2603 ζήλου
888 2531 1029 2584 κατὰ
1058 2530 1156 2598 τὴν
1190 2526 1516 2582 θεοσέδειαν.

373 2623 513 2688 Ἰδὲ,
565 2623 655 2678 ὅτι
688 2623 795 2689 τὰς
825 2620 1077 2687 ἐντολάς
1125 2636 1241 2674 σου
1289 2616 1575 2687 ἠγάπησα
1595 2656 1608 2681 ,
1667 2615 1862 2682 Κύριε.

304 2716 460 2787 Ὄψει
488 2715 598 2786 γὰρ
628 2717 685 2768 ὲν
722 2715 846 2785 ἐμοὶ
875 2714 983 2766 τῶν
1014 2709 1232 2780 ἀγαθῶν
1265 2709 1440 2780 ἔργων
1470 2708 1596 2772 τοὺς
1626 2707 1862 2770 τύπους·

299 2809 359 2863 οὐ
386 2808 497 2879 γὰρ
530 2806 717 2870 ἁπλῶς
742 2807 1008 2877 ἐτήρησα,
1039 2802 1153 2857 ἀλλ’
1187 2801 1448 2872 ἠγάπησα
1467 2841 1482 2866 ,
1534 2799 1697 2870 μηδὲν
1728 2797 1865 2867 ἔχων

301 2900 435 2970 πρὸς
461 2898 667 2961 ταύτας
687 2893 1118 2967 ἠναγκασμένον.
1157 2892 1294 2945 Ἀλλ’
1314 2890 1465 2944 οὐδὲν
1481 2885 1640 2963 ἦττον
1668 2885 1868 2940 ἐλεοῦν-

298 2992 385 3057 τός
411 3008 510 3045 σου
540 2990 729 3060 δέομαι
767 2987 903 3060 πρὸς
930 2987 991 3040 τὸ
1016 2983 1176 3057 ζῆσαί
1212 3000 1300 3054 με.
1755 2987 1767 2998 '

379 3077 560 3148 Ἀρχὴ
582 3076 701 3131 τῶν
719 3079 916 3146 λόγων
934 3091 1050 3129 σου
1074 3072 1342 3139 ἀλήθεια.
1368 3069 1517 3141 Αὕτη
1540 3067 1730 3141 πρώτη
1757 3065 1865 3120 τῶν

1970 1910 2001 1948 a
2027 1894 2209 1949 divina
2245 1894 2382 1963 lege.

2044 1986 2171 2041 156.
2226 1983 2609 2040 Hisericordite
2658 1994 2763 2037 tua:
2820 1985 3034 2048 multa,
3087 1984 3329 2040 Domine.
3385 1982 3545 2046 Novi,

1968 2075 2167 2145 inquit,
2200 2084 2253 2131 te
2274 2075 2623 2131 testilicatum
2640 2088 2764 2127 esse
2782 2073 2961 2134 nobis,
2995 2083 3261 2145 praecepta
3280 2082 3370 2128 tua
3390 2074 3545 2128 ﬁrma

1969 2175 2023 2221 et
2055 2167 2277 2222 immota
2329 2182 2473 2222 esse.
2518 2165 2633 2221 Hoc
2671 2166 2817 2219 enim
2848 2165 3119 2235 signiﬁcat
3157 2168 3213 2221 in
3265 2164 3550 2235 superiore

1969 2272 2129 2312 versu
2157 2275 2171 2310 :
2200 2256 2366 2311 Initio
2383 2258 2599 2326 cognovi
2628 2259 2693 2313 de
2718 2260 3029 2313 testimoniis
3060 2260 3186 2313 tuis.

2042 2345 2168 2401 158.
2208 2346 2330 2400 Vidi
2346 2348 2776 2417 prwvaricantes,
2826 2358 2874 2402 et
2923 2349 3266 2403 tabescebam.
3299 2345 3355 2401 Si
3379 2360 3542 2416 quem

1969 2438 2218 2494 videbam
2244 2454 2355 2493 non
2388 2438 2806 2510 intelligentiam,
2847 2439 2968 2510 ejus
2995 2455 3159 2495 causa
3182 2454 3247 2493 ex
3279 2439 3396 2492 zelo
3428 2438 3543 2507 pie-

1970 2530 2098 2585 tatis
2115 2545 2215 2599 ego
2242 2530 2609 2585 tabescebam.

2041 2623 2164 2677 159.
2218 2620 2346 2675 Vide.
2379 2622 2633 2692 quoniam
2671 2623 2925 2675 mandata
2956 2629 3047 2674 tua
3076 2619 3260 2679 dilexi.
3298 2619 3540 2674 Domine.

1973 2711 2195 2769 Videbis
2212 2713 2357 2767 enim
2386 2713 2441 2767 in
2463 2728 2551 2767 me
2579 2713 2849 2767 bonorum
2879 2726 3107 2781 operum
3143 2712 3394 2782 vestigia.
3425 2709 3549 2767 Non.

1970 2815 2182 2862 tantum
2204 2806 2349 2861 enim
2379 2805 2684 2871 observavi,
2720 2806 2814 2860 sed
2837 2805 3001 2858 etiam
3021 2804 3205 2869 dilexi,
3241 2804 3389 2858 nulla
3408 2804 3458 2857 vi
3477 2804 3545 2858 ad

1973 2914 2038 2954 ea
2067 2897 2356 2968 impulsus.
2387 2895 2587 2952 Verum
2614 2896 2974 2952 nihilominus
3007 2911 3139 2966 rogo
3177 2906 3230 2951 te
3261 2896 3541 2951 miserata:

1970 3006 2085 3045 rem
2125 3000 2187 3045 ut
2217 2990 2458 3046 vivitices
2493 3005 2599 3044 me.

2044 3083 2169 3138 160.
2207 3081 2856 3152 Principium-verborum
2909 3080 3381 3136 tuorum‘ueritas.
3429 3077 3545 3133 Hoc

300 3127 653 3223 σῶν-δέδοταί
1023 3127 1310 3234 αληθεὺειν
1334 3166 1392 3217 ὲν
1420 3127 1703 3228 indagini.
1719 3127 1868 3231 ’πρά-

2048 3127 2169 3138 η-.
2207 3127 2226 3136 -
2256 3127 2534 3152 ...ων-η-
2586 3127 2853 3136 mm"..-
2909 3127 3118 3136 -..-._-.-
3176 3127 3381 3135 ---η-η
3429 3127 3543 3133 --η

1987 3175 2206 3242 πίωυιη
2245 3182 2329 3227 est
2354 3181 2747 3243 praeceptorum
2771 3180 3014 3235 tuorum,
3045 3178 3105 3225 ut
3125 3185 3348 3227 veraces
3368 3170 3553 3226 simus.

298 3260 398 3327 εει,
433 3260 529 3314 καὶ
560 3259 722 3331 λόγῳ,
759 3257 852 3312 καὶ
874 3254 1102 3326 διανοίᾳ.

365 3354 691 3420 Ἄρχοντες
715 3347 1079 3410 ωτεδίωξὰν
1093 3363 1168 3416 με
1197 3343 1441 3414 δωρεάν.
1497 3343 1746 3397 Ἐθλιὸόν
1774 3360 1863 3413 με,

295 3442 457 3513 φησιν
477 3483 494 3507 ,
529 3443 579 3494 oi
604 3440 746 3495 κατὰ
776 3440 999 3511 καιροὺς
1033 3437 1292 3509 ἄρχοντες
1316 3476 1329 3500 ,
1378 3435 1561 3507 ἐχθροὶ
1588 3436 1739 3499 ὄντες
1765 3435 1867 3503 τῆς

294 3534 571 3605 ἀληθείας.
619 3533 758 3586 Ἀλλ’
797 3532 858 3586 οὐ
892 3531 1107 3585 δέδοικα
1134 3530 1231 3593 τὰς
1258 3530 1482 3583 ἐκείνων
1514 3528 1741 3599 θλίψεις,
1774 3528 1866 3581 τὸν

296 3626 385 3682 σὺν
414 3626 575 3694 λόγον
599 3623 870 3687 δεδοικώς.
906 3624 1016 3677 Καὶ
1049 3625 1200 3686 ποῖος
1231 3615 1405 3686 οὗτος,
1443 3620 1477 3692 ἢ
1505 3621 1566 3674 τό
1585 3639 1598 3651 ·
1632 3620 1728 3687 Μὴ
1757 3637 1864 3688 ερο-

294 3715 514 3785 δήθητε
541 3715 660 3770 ἀπὸ
690 3715 810 3768 τῶν
837 3715 1311 3768 ἀποκτεινόντων
1339 3711 1405 3766 τὸ
1437 3712 1635 3782 σῶμα,
1658 3709 1774 3778 τὴν
1799 3708 1869 3762 δὲ

292 3802 507 3872 ψυχὴν
541 3802 885 3857 ἀποκτεῖναι
925 3801 1010 3872 μὴ
1050 3800 1430 3872 δυναμένων
1473 3801 1768 3870 φοϐήθητε
1799 3798 1868 3853 δὲ

288 3880 529 3963 μᾶλλον
546 3894 656 3947 τὸν
678 3892 1016 3964 δυνάμενον
1040 3892 1139 3947 καί
1167 3891 1380 3962 ψυχὴν
1405 3889 1692 3961 καὶσῶμα
1717 3891 1862 3946 ἁπο-

291 3985 470 4055 Ᾱέσαι
500 3988 586 4051 εὶς
614 3984 871 4055 τεέννην
890 4002 908 4048 ;
933 3971 946 3983 ’

367 4075 841 4146 Ἀταλλιάσομαι
890 4077 1008 4146 ἐγὼ
1048 4077 1146 4130 ἐπὶ
1194 4076 1266 4130 τὰ
1285 4073 1459 4143 ,λόγιὰ
1500 4088 1637 4137 σου,
1704 4072 1785 4138 ὡς
1834 4076 1868 4126 ὁ

292 4171 590 4239 εὑρίσκων
631 4169 837 4224 σκῦλα
886 4168 1105 4224 πολλὰ.
1168 4170 1241 4223 Οὐ
1300 4168 1450 4238 φόϐῳ
1481 4167 1555 4221 δὲ’
1579 4167 1739 4236 μόνον
1770 4165 1868 4237 τὴν

293 4261 537 4333 ὑπακοὴν
568 4261 669 4334 τὴν
702 4261 838 4332 πρὸς
892 4263 1018 4325 τοὺς
1072 4261 1251 4324 θείους
1294 4260 1484 4328 λόγους
1540 4257 1867 4330 πεποιῆσθαι

292 4370 489 4424 φησιν,
526 4351 663 4406 ἀλλὰ
692 4353 786 4405 καὶ
810 4352 954 4424 χαρᾷ
972 4391 988 4416 ,
1022 4351 1142 4422 ἣτις
1170 4351 1264 4403 ἐπὶ
1293 4349 1505 4421 πλούτῳ
1530 4354 1711 4422 χαίρει
1735 4347 1866 4401 πολ-

1966 3265 2022 3320 in
2053 3264 2330 3328 omnibus,
2361 3279 2545 3333 opere,
2576 3264 2761 3327 verbo,
2796 3270 2997 3317 mente.

2038 3352 2160 3408 161.
2198 3351 2477 3421 Principes
2515 3353 2770 3422 persecuti
2809 3360 2931 3406 sunt
2973 3367 3054 3405 me
3085 3350 3274 3420 gratis.
3311 3347 3418 3415 Me,
3453 3348 3551 3403 in-.

1965 3445 2105 3515 quit,
2152 3444 2481 3515 amigebant,
2524 3443 2619 3515 qui
2666 3443 2835 3499 variis
2879 3442 3218 3513 temporibus
3266 3439 3540 3511 principes

1967 3537 2139 3604 fuere,
2177 3547 2364 3607 utpote
2400 3537 2645 3593 veritatis
2687 3537 2911 3593 inimici.
2947 3535 3017 3590 At
3057 3550 3246 3590 eorum
3289 3549 3544 3604 persecu-

1965 3628 2143 3684 tiones
2196 3643 2304 3682 non
2350 3628 2667 3693 reformido,
2713 3627 2806 3683 sed
2864 3626 3038 3680 solum
3086 3623 3311 3679 verbum
3364 3633 3539 3676 tuum.

1968 3720 2255 3788 Quodnam
2284 3721 2415 3775 illud
2455 3728 2561 3787 est,
2594 3719 2701 3775 nisi
2735 3737 2749 3774 :
2795 3716 2976 3771 Nolite
3011 3718 3197 3770 timere
3237 3713 3302 3767 ab
3345 3713 3411 3767 iis
3450 3712 3541 3782 qui

1968 3813 2212 3866 occidunt
2229 3828 2439 3880 corpus,
2473 3812 2707 3866 animam
2722 3820 2900 3865 autem
2923 3826 3024 3864 non
3043 3817 3257 3878 possunt
3274 3804 3506 3858 occidere
3521 3818 3540 3856 :

1968 3905 2060 3959 sed
2083 3905 2259 3973 potius
2292 3906 2468 3958 timete
2499 3920 2619 3958 eum
2662 3904 2752 3970 qui
2781 3910 2949 3972 potest
2980 3913 3028 3955 et
3071 3901 3305 3953 animam
3332 3906 3382 3951 et
3425 3911 3545 3949 cor-

1966 4011 2063 4064 pus
2089 3995 2301 4063 perdere
2322 3994 2378 4046 in
2406 3995 2690 4064 gehennam
2714 3994 2760 4024 7°
2785 3992 2808 4046 ?

2046 4086 2167 4161 I62.
2202 4084 2452 4140 Ltetabor
2495 4090 2587 4154 ego
2631 4100 2788 4150 super
2838 4083 3046 4153 eloquia
3092 4092 3208 4146 tua,
3257 4078 3396 4132 sicut
3449 4076 3543 4147 qui

1968 4178 2164 4233 invenit
2222 4177 2392 4247 spolia
2447 4175 2637 4231 multa.
2702 4173 2822 4230 Non
2876 4175 3071 4229 timore
3101 4181 3312 4227 tantum
3363 4184 3423 4225 se
3472 4168 3542 4223 ad

1970 4269 2379 4339 obsequendum
2412 4267 2615 4323 divinis
2642 4267 2826 4321 verbis
2873 4265 3070 4321 adduci
3113 4265 3210 4330 ait,
3248 4262 3341 4318 sed
3373 4259 3545 4315 etiam

1969 4360 2193 4430 gaudio.
2224 4359 2370 4429 quod
2403 4361 2472 4415 de
2518 4359 2757 4428 acceptis
2798 4357 3005 4413 divitiis
3046 4369 3400 4427 permagnum
3434 4362 3539 4407 est.

291 4440 369 4499 λά.
432 4441 787 4513 Βεσαιωτέρα
829 4441 886 4495 δὲ
937 4442 1168 4513 τήρησις
1212 4442 1245 4512 ἡ
1284 4441 1340 4493 ἐν
1393 4441 1535 4511 χαρᾷ
1584 4440 1863 4510 γινομένη.

1987 4451 2210 4507 Firmior
2237 4460 2420 4506 autem
2443 4459 2526 4505 est
2553 4449 2863 4504 observatio
2891 4463 2955 4504 ex
2978 4448 3176 4519 gaudio
3206 4454 3379 4516 parta.
3402 4444 3547 4503 Cum

292 4534 574 4606 Πολεμίων
592 4533 650 4586 δὲ
671 4532 973 4587 διωκόντων
999 4531 1275 4604 μνησθεὶς,
1299 4533 1390 4585 καὶ
1416 4530 1626 4584 σκύλων
1646 4531 1873 4595 εἰκότως

292 4625 559 4699 ἐμνήσθη.
590 4625 705 4679 Οὐκ
730 4623 797 4679 ἂν
824 4624 954 4696 γὰρ,
979 4624 1133 4695 φησι,
1159 4623 1366 4687 πάντας
1387 4622 1589 4677 ἀνελὼν
1619 4624 1713 4678 καὶ
1742 4640 1872 4677 σκυ-

291 4716 510 4782 λιύσας,
533 4716 785 4770 τοσοῦτον
809 4714 1014 4788 ᾠήθην,
1038 4714 1115 4778 ὡς
1142 4715 1233 4768 ἐπὶ
1252 4717 1366 4777 τοῖς
1394 4715 1571 4783 λόγοις
1595 4718 1706 4778 τοῖς
1737 4718 1867 4778 σοῖς.

292 4809 502 4879 (Cord.)
536 4810 718 4873 Ποίοις
767 4808 979 4876 λόγοις,
1029 4807 1063 4877 ἢ
1100 4807 1229 4878 περὶ
1270 4800 1345 4860 ὧν
1376 4807 1581 4875 λέγειὸ
1622 4806 1865 4871 Παῦλος·

288 4903 516 4973 Πρῶτοι
566 4906 679 4973 γὰρ
726 4903 1169 4971 ἐπιστεύσαμεν
1199 4898 1272 4953 τὰ
1318 4900 1495 4969 λόγια
1536 4899 1642 4953 τοῦ
1696 4897 1865 4964 Θεοῦ,

288 4997 411 5068 περὶ
435 4995 557 5052 τῶν
597 4995 865 5049 Ἰουδαίων
897 4994 1143 5064 φάσκων.

349 5086 620 5144 Ἀδικίαν
632 5086 920 5156 ἐμίσησα,
939 5102 994 5139 κ.
1012 5101 1062 5138 τ.
1081 5083 1131 5137 λ.
1150 5084 1225 5138 Οὐ
1244 5082 1354 5154 γὰρ
1384 5081 1505 5136 κατ’
1533 5081 1774 5145 ἐκείνους
1793 5099 1870 5135 νε-

287 5179 410 5251 κρὸν
428 5182 622 5252 ἧμυνα
642 5177 737 5231 καὶ
763 5177 936 5233 σκῦλα
961 5175 1139 5231 λαϐὼν
1167 5174 1552 5246 βδελύττομαι·
1577 5173 1735 5245 μόνον
1757 5172 1866 5245 γὰρ

284 5268 557 5344 ὠφέλιμον
582 5270 796 5325 ἀδικίαν
823 5267 1232 5340 βδελύττεσθαι·
1269 5267 1350 5322 διό
1382 5283 1475 5321 σου
1507 5267 1602 5319 καὶ
1636 5265 1862 5330 δεόντως

286 5361 373 5416 τὸν
394 5366 563 5438 νόμον
578 5367 779 5435 νοήσας
807 5364 1090 5438 ἠγάπησα,
1116 5363 1381 5436 μηδαμῶς
1404 5361 1567 5417 αὐτὸν
1582 5361 1753 5417 ἕλκων
1770 5361 1862 5416 ἐπὶ

355 5560 399 5592 ⁸³
423 5559 627 5617 Jerem.
657 5577 786 5627 xxv,
814 5561 905 5616 ‘25.
968 5563 1015 5594 ⁷⁸
1048 5561 1238 5617 Matth.
1275 5579 1329 5625 κ,
1355 5565 1444 5619 9.8.
1524 5567 1566 5597 ⁷¹
1592 5565 1754 5624 Rom.
1783 5584 1867 5637 III,
1907 5570 1955 5627 9..

358 5739 470 5806 (49)
504 5740 562 5796 In
590 5741 655 5795 lt.
691 5740 727 5795 Ξ
753 5742 865 5799 hac
892 5742 1147 5799 dicuntur
1170 5741 1419 5811 Origcnis
1452 5759 1591 5801 esse.

1967 4551 2151 4597 autem
2201 4549 2591 4611 persequentes
2644 4540 2900 4595 inimicos
2965 4537 3373 4602 memoraverit,
3417 4536 3542 4606 jure

1968 4632 2269 4702 spoliorum
2296 4632 2631 4687 mentionem
2656 4630 2807 4688 fecit.
2834 4630 2969 4686 Nam
3003 4632 3050 4687 si
3095 4645 3310 4693 omnes,
3338 4628 3537 4698 inquit,

1965 4724 2033 4779 de
2059 4723 2240 4780 medio
2284 4725 2632 4780 sustulissem
2682 4737 2747 4780 ac
2790 4725 3135 4793 spoliassem,
3179 4739 3286 4777 non
3321 4723 3456 4777 tanti
3484 4722 3541 4779 id

1966 4814 2223 4878 facerem,
2264 4815 2456 4884 quanti
2487 4816 2651 4870 verba
2669 4825 2784 4870 tua.
2814 4814 3173 4886 (Corderius.)
3202 4815 3333 4882 Quae
3354 4815 3535 4879 verba,

1965 4906 2073 4963 nisi
2101 4907 2169 4962 de
2194 4907 2395 4976 quibus
2425 4905 2627 4963 Paulus
2656 4925 2671 4962 :
2701 4906 2873 4961 Primi
2897 4909 3034 4962 enim
3072 4900 3390 4961 credidimus
3430 4906 3541 4960 elo-

1967 4999 2095 5069 quia
2125 4996 2224 5052 Dei
2262 4997 2332 5065 τι,
2360 4999 2426 5053 de
2455 4995 2659 5055 Iudaeis
2688 5000 2958 5069 loquens?

2037 5091 2164 5146 165.
2209 5089 2559 5161 Iniquitatem
2605 5092 2726 5146 odio
2756 5090 2938 5159 habui,
2965 5102 3069 5147 etc.
3095 5091 3211 5145 Non
3235 5092 3377 5146 enim
3409 5103 3537 5158 per-

1967 5184 2095 5239 inde
2143 5193 2307 5254 atque
2358 5183 2474 5251 illi,
2537 5193 2815 5240 mortuum
2864 5185 3009 5241 ultus
3066 5200 3209 5249 sum,
3255 5191 3308 5236 et
3365 5180 3547 5249 raptis:

1968 5275 2180 5347 spoliis,
2220 5275 2401 5346 ipsum
2444 5275 2794 5333 abominatus
2842 5293 2985 5332 sum.
3015 5274 3148 5329 Nam
3190 5272 3543 5343 iniquitatem

1968 5365 2143 5425 solam
2168 5362 2476 5422 abominari
2510 5365 2644 5424 utile
2667 5377 2770 5424 est.
2794 5365 2972 5436 Quare
3004 5374 3152 5419 tuam
3183 5363 3353 5433 legem
3383 5358 3540 5415 mteL
