3946 6222
322 302 423 358 509

1411 306 1769 364 EXPOSITIO
1806 307 1873 362 IN
1911 306 2240 368 PSALMUM
2272 316 2434 371 CXX.

3472 319 3579 378 510

320 423 381 479 τὸ
405 426 696 495 σωτήριον.
732 426 796 480 οι
826 426 935 497 γὰρ
965 426 1147 480 πολλοὶ
1175 427 1235 481 τὸ
1264 428 1405 482 κατά
1438 428 1616 501 σάρκα
1648 430 1870 484 ποθοῦσι

1999 432 2238 491 salutare
2304 436 2417 493 Dei.
2470 437 2622 493 Multi
2663 438 2810 493 enim
2849 453 2968 509 qua:
3010 440 3310 495 secundum
3354 455 3575 495 carnem

320 511 393 566 Τὸ
416 513 473 567 δὲ
494 514 590 568 τοῦ
620 515 776 579 Θεοίἵ,
792 516 855 570 τὸ
874 518 934 570 ὲν
964 516 1110 587 αὐτῷ
1134 517 1401 587 σωθῆναι,
1430 520 1491 574 τὸ
1517 522 1574 573 ὲν
1604 520 1752 591 αὐτῷ
1776 523 1899 575 ἁνα-

322 603 618 673 παύεσθαι,
652 606 1054 678 κληρονομῆσαι
1082 608 1151 662 τὰ
1186 608 1335 677 ἅγια.
1369 610 1537 665 Τοῦτο
1562 612 1670 684 γάρ
1696 604 1898 666 ἔστιτὸ

320 697 587 767 σωτήριον
608 695 703 749 τοῦ
731 696 938 770 Θεοῦ,ή
971 698 1187 763 αἰώνιος
1208 699 1343 772 ζωή.
1382 702 1544 756 Ἀλλὰ
1563 705 1656 756 καὶ⁹
1691 703 1897 774 Ἰησοῦς

317 784 684 856 ἑρμηνεύεται
714 788 861 843 Θεοῦ
876 788 1191 859 σωτήριον,
1211 792 1484 863 πεμφθεὶς
1513 795 1646 864 ἡμῖν
1675 795 1766 847 ἐπὶ
1785 811 1893 847 σω-

316 876 519 1023 129(36'
556 869 619 930 οὗ
643 879 781 952 πρὸς
806 880 898 936 τὸν
928 881 1091 939 πόθον
1117 885 1146 936 ὁ
1166 884 1335 939 θέλων
1364 884 1580 939 ὁδεῦσαι
1610 885 1895 957 μελετήσει

316 983 346 1018 τ
375 984 405 1021 ν
505 984 626 1023 μον.

314 983 405 1021 τον
437 983 626 1040 νομον.

386 1141 646 1210 Ζήσεται
704 1146 744 1215 ἡ
780 1148 951 1216 ψυχή
973 1165 1118 1217 μου,
1181 1150 1282 1207 καὶ
1321 1150 1551 1206 αἰνέσει
1607 1169 1700 1207 σε.
1759 1153 1891 1225 Περὶ

318 1235 618 1308 μελλούσης
640 1236 787 1306 λέγει
812 1239 979 1310 ζωῆς.
1028 1241 1089 1296 Ἡ
1107 1241 1216 1312 γὰρ
1238 1240 1349 1312 ζωὴ
1372 1243 1541 1314 ἡμῶν
1567 1245 1890 1321 κέκρυπται

314 1326 436 1382 σὺν
477 1329 559 1395 τῷ
596 1328 827 1398 Χριστῷ
854 1332 922 1385 ἐν
948 1331 1029 1398 τῷ
1058 1332 1199 1398 Θεῷ.
1251 1333 1383 1388 Τότε
1435 1335 1639 1408 κυρίως
1668 1337 1886 1403 αἰνέσω,

313 1421 435 1474 τότε
473 1421 737 1493 βοηθῆσαί
783 1442 875 1495 μοι
893 1440 909 1456 ⁸
940 1425 1010 1481 τὰ
1039 1426 1302 1499 ὲπιϐόητα
1332 1427 1597 1498 γενόμενα
1626 1427 1734 1481 τῶν
1765 1444 1888 1497 κρι-

316 1513 556 1582 νομένων
588 1531 671 1568 σοι
703 1517 946 1587 κρίματα
975 1516 1054 1589 τῷ
1080 1519 1178 1590 μὲν
1201 1519 1394 1591 δικαίῳ
1422 1521 1591 1594 χωρὶς
1616 1520 1885 1592 βασάνων,

313 1605 392 1677 τῷ
415 1606 473 1659 δὲ
506 1606 747 1680 δεομένῳ
774 1609 864 1663 διὰ
892 1609 1160 1681 βασάνων.

391 1699 780 1770 Ἐπλανήθην
803 1701 885 1768 ὡς
913 1703 1212 1772 πρόϐατον
1243 1703 1576 1769 ἀπωλολός.
1644 1702 1798 1758 Μετὰ
1826 1703 1887 1756 τὸ

2000 535 2130 581 sunt
2164 529 2579 600 concupiscunt.
2625 529 2783 597 Quod
2824 539 3007 585 autem
3049 531 3346 586 secundum
3380 529 3574 598 Deum,

1997 627 2102 683 est,
2132 620 2185 673 in
2229 621 2345 689 ipso
2381 622 2610 676 salutem
2642 622 2929 691 consequi,
2958 623 3014 675 in
3055 622 3174 691 ipso
3208 622 3570 692 requiescere,

1997 719 2183 767 sancta
2214 713 2269 767 in
2312 713 2681 770 haereditatem
2729 715 2995 782 accipere.
3045 712 3180 768 lllud
3202 727 3439 783 namque
3490 720 3576 767 est

1995 802 2234 858 salutare
2260 803 2374 871 Dei,
2391 813 2593 859 aeterna
2611 804 2738 858 vita.
2761 805 2875 858 lmo
2899 804 3061 858 etiam
3086 803 3244 858 Jesus
3270 803 3576 872 explicatur

1993 890 2095 967 Dei
2121 892 2377 958 salutare,
2403 893 2530 963 quia
2560 893 2765 947 missus
2804 900 2888 947 est
2916 892 3076 947 nobis
3103 891 3171 946 ad
3208 893 3463 946 salutem.
3487 890 3570 944 Ad

1994 979 2154 1049 cujus
2175 982 2509 1038 desiderium
2532 983 2579 1038 si
2609 984 2735 1053 quis
2764 982 3016 1038 incedere
3039 981 3188 1047 velit,
3214 981 3571 1036 meditabitur

1991 1068 2187 1139 legem.

2067 1160 2189 1216 175.
2232 1159 2375 1214 Vivet
2425 1162 2607 1214 anima
2650 1177 2766 1214 mea
2795 1171 2845 1214 et
2871 1160 3116 1214 laudabit
3149 1172 3217 1215 te.
3254 1159 3331 1216 De
3376 1159 3567 1215 futura

1990 1253 2098 1308 vita
2138 1253 2395 1323 loquitur.
2430 1252 2575 1307 Nam
2610 1257 2716 1308 vita
2761 1264 2942 1309 nostra
2985 1254 3295 1308 abscondita
3338 1263 3413 1307 est
3445 1271 3566 1308 cum

1990 1343 2195 1397 Christo
2243 1345 2299 1397 in
2349 1344 2458 1397 Deo
2514 1345 2580 1397 ⁷⁷-.
2632 1343 2786 1400 Tunc
2837 1347 3056 1415 proprie
3119 1346 3387 1409 laudabo,
3436 1355 3567 1399 tunc

1989 1433 2255 1488 auxiliare
2306 1433 2463 1487 mibi.
2512 1432 2773 1489 Laudabo
2821 1435 3030 1490 scilicet
3075 1435 3282 1505 judicia
3330 1444 3418 1489 tua
3473 1435 3564 1489 illa

1987 1526 2294 1589 decantata,
2343 1525 2410 1580 de
2439 1525 2589 1596 justo
2616 1526 2725 1580 lata
2760 1527 2880 1582 sine
2913 1526 3200 1582 tormentis
3226 1567 3241 1592 ,
3287 1527 3354 1581 de
3398 1527 3564 1582 noxio

1988 1633 2113 1673 cum
2138 1618 2447 1673 tormentis.

2062 1708 2181 1765 176.
2216 1708 2409 1763 Erravi
2428 1709 2565 1764 sicut
2593 1710 2701 1763 ovis
2727 1725 2844 1780 quae
2864 1710 3042 1779 periit.
3074 1709 3371 1779 Postquam
3396 1723 3563 1778 opera

311 1793 484 1846 εἰπεῖν
510 1792 638 1863 περὶ
658 1792 824 1847 αὐτοῦ
851 1792 989 1865 ἔργα
1014 1793 1417 1866 κατορθωκότος
1437 1835 1452 1859 ,
1503 1795 1666 1851 πάλιν
1689 1796 1879 1865 πρόϐα·

1995 1809 2136 1857 recte
2159 1817 2189 1856 a
2216 1818 2272 1857 se
2294 1811 2444 1873 gesta
2472 1803 2736 1866 narravit,
2759 1818 2981 1857 rursum
3010 1802 3086 1856 ait
3104 1818 3162 1857 sc
3189 1816 3347 1856 ovem
3371 1815 3565 1855 erran-

310 1899 400 1936 τον
426 1884 620 1938 ἑαυτὸν
650 1884 1064 1956 πεπλανημένον
1093 1880 1233 1939 εἶναι
1263 1886 1432 1955 λέγει,
1452 1885 1879 1958 ταπεινοφροσύ-

309 1991 408 2043 νην
440 1972 809 2045 ἐπιτηδεύων,
869 1974 1011 2029 κατὰ
1040 1976 1104 2030 τὸ
1152 1977 1438 2049 εἰρημένον
1485 1977 1591 2031 ὑπὸ
1636 1977 1838 2048 Κυρίου
1862 1994 1878 2009 ·

312 2060 500 2113 Ὅταν
517 2060 715 2116 πάντα
732 2063 1161 2135 καθορθώσητε,
1184 2065 1390 2136 λέγετε
1409 2083 1422 2097 ·
1445 2066 1657 2122 Δοῦλοι
1683 2067 1871 2137 ἀχρεῖο

310 2150 367 2204 οἰ
396 2151 611 2222 ἐσμεν.

666 2244 791 2315 ῼδὴ
823 2245 944 2300 τῶν
985 2247 1357 2318 ἀναϐαθμῶν.
1397 2251 1557 2304 ΡΙΘν.

933 2336 947 2356 ⁹
959 2337 1267 2403 Υπόθεσις.

308 2422 417 2476 Τι’-ν
447 2422 673 2496 πρώτην
716 2425 861 2499 ᾠδὴν
893 2426 1001 2482 τῶν
1037 2429 1364 2501 ἀναϐαθμῶν
1415 2430 1531 2502 ᾄδει
1569 2429 1649 2501 τῷ
1699 2428 1817 2502 Θεῷ
1847 2431 1877 2485 6

378 2512 439 2566 ἐν
481 2513 762 2570 Βαϐυλῶνι
808 2515 953 2579 λαὸς,
1006 2517 1288 2589 ἀδημονῶν
1334 2520 1427 2572 ἐπὶ
1468 2519 1544 2590 τῷ
1570 2521 1733 2592 μήκει
1776 2521 1878 2592 τῆς

377 2603 775 2672 αἰχμαλωσίας,
810 2608 905 2661 καὶ
934 2608 1223 2679 εὐχόμενος
1250 2609 1697 2684 ἐλευθερωθῆναι.

373 2693 533 2760 Πρὸς
558 2696 777 2765 Κύριον
798 2698 869 2752 ὲν
892 2696 973 2763 τῷ
1001 2700 1311 2755 θλίϐεσθαι
1344 2719 1416 2770 με
1444 2701 1740 2771 ἐκέκραξα

305 2785 520 2853 Κύριε,
548 2786 737 2854 ῥῦσαι
779 2788 893 2859 τὴν
919 2791 1130 2862 ψυχήν
1154 2810 1273 2859 μου
1311 2794 1430 2848 ἀπὸ
1466 2794 1714 2863 χειλέων
1746 2796 1875 2851 ἀδί-

305 2892 427 2929 κων
459 2875 559 2929 καὶ
589 2877 710 2933 ἀπὸ
742 2878 1029 2953 γλώσσης
1056 2883 1283 2952 δολίας.
1318 2886 1444 2949 Πῶς
1462 2886 1570 2958 γὰρ
1594 2887 1692 2941 οὐκ
1717 2888 1877 2943 ἄδικα

306 2966 455 3039 χείλη
484 2966 593 3020 τῶν
627 2970 1002 3036 Βαϐυλωνίων,
1027 2974 1095 3028 τὰ
1120 2976 1219 3046 τὴν
1243 2976 1682 3050 είδωλολατρείαν
1726 2980 1875 3050 ὡμο-

304 3053 593 3128 λογηκότα.
624 3061 772 3135 Αὐτὴ
802 3063 858 3117 δὲ
896 3065 988 3118 καὶ
1019 3065 1239 3134 γλῶσσα
1282 3067 1507 3140 κληθείη
1540 3069 1690 3123 δολία
1710 3110 1726 3136 ,
1775 3071 1874 3125 ἆτε

309 3147 476 3217 μηδὲν
509 3149 669 3215 εὒθὲς
702 3152 941 3209 λαλοῦσα
972 3158 1101 3228 περὶ
1128 3157 1287 3212 Θεοῦ.

377 3241 441 3295 Tl
483 3241 684 3311 δοθείη
738 3259 836 3299 σοι
858 3286 874 3313 ,
923 3248 1020 3302 καὶ
1071 3251 1130 3303 τί
1176 3253 1528 3321 προστεθείη
1582 3270 1681 3308 σοι
1732 3257 1880 3326 πρὸς

302 3331 597 3402 γλῶσσαν
619 3333 864 3403 δολίανς
914 3339 991 3394 Τὰ
1023 3339 1183 3411 ,βέλη
1221 3343 1329 3398 τοῦ
1367 3343 1628 3400 δυνατοῦ
1663 3346 1882 3416 ἠκονη-

296 3420 472 3492 μένα.
511 3424 577 3477 Τί
604 3425 764 3480 πλέον
791 3428 1009 3499 δοθῆναί
1037 3448 1119 3485 σοι
1165 3436 1336 3498 αἰτεῖς
1361 3475 1377 3500 ,
1410 3437 1606 3509 φησὶν,
1644 3438 1678 3508 ἢ
1705 3437 1759 3490 τί
1790 3437 1879 3492 θέ-

304 3514 416 3578 λεις
451 3514 639 3587 ἕτερον
663 3519 1025 3592 προστεθῆναι
1046 3538 1126 3576 σοι
1148 3524 1243 3578 τοῦ
1268 3525 1411 3579 κατὰ
1438 3526 1547 3581 τῶν
1568 3527 1756 3581 δολίων
1775 3545 1883 3599 χει-

302 3606 477 3676 λέων;
512 3609 652 3682 Βέλη
682 3611 852 3684 πυρὸς
880 3613 1055 3684 μεστὰ
1086 3614 1385 3688 ὲξαφθῆναι
1415 3617 1567 3687 παρά
1596 3618 1690 3672 τοῦ
1722 3619 1883 3673 δυνα-

301 3698 419 3753 τοῦ.
458 3699 722 3770 Σημαίνει
766 3702 826 3754 δὲ
862 3702 961 3775 τὴν
1014 3704 1161 3759 κατὰ
1206 3706 1315 3760 τῶν
1361 3706 1714 3779 Βαϐυλωνίων
1753 3710 1879 3763 ὅσον

302 3788 454 3844 οὔπω
474 3791 750 3864 τιμωρίαν
779 3794 1067 3867 ἐσομένην.

373 3883 444 3937 Ol
459 3901 589 3954 μοι,
614 3883 702 3938 ὅτι
737 3886 776 3955 ἠ
805 3888 1087 3955 παροικία
1103 3906 1223 3958 μου
1253 3890 1613 3960 ἐμκρύνθη.
1656 3891 1881 3965 Ἑτέραν

301 3974 511 4057 σίτησιν
539 3973 758 4046 εὔχεται
787 3977 940 4049 παρὰ
980 3977 1115 4033 Θεοῦ
1139 4022 1155 4047 ,
1203 3982 1303 4053 τῆς
1342 3982 1632 4053 παροικίας
1663 3982 1879 4037 ἐλευθε-

302 4064 561 4136 ρωθῆναι.
607 4069 1057 4136 Κατεσκήνωσα
1113 4072 1265 4142 μετὰ
1312 4073 1431 4128 τῶν
1472 4075 1881 4144 σκηνωμάτων

299 4153 519 4223 Κηδάρ.
551 4155 719 4228 Χὼρα
744 4175 827 4221 τις
846 4159 995 4213 ἐστὶν
1023 4162 1057 4231 ή
1089 4162 1281 4233 Κηδὰρ
1304 4165 1397 4217 ἐπὶ
1425 4165 1523 4235 τῆς
1538 4166 1747 4238 ἐρήμου
1779 4168 1878 4239 τῆς

301 4247 439 4319 πρὸς
472 4249 739 4316 ἀνατολὰς
771 4252 997 4324 κειμένη
1018 4290 1034 4317 ,
1070 4253 1165 4307 καὶ
1205 4255 1365 4328 μέχρι
1396 4258 1497 4328 τῆς
1524 4258 1749 4331 Περσῶν
1776 4275 1880 4313 πα-

298 4341 637 4413 ρατείνουσα,
671 4344 737 4415 ἣν
768 4344 925 4413 γένος
954 4344 1287 4419 Σαρακηνῶν
1316 4351 1473 4406 οἰκεῖ.
1497 4351 1706 4406 Πολλὰ
1731 4368 1880 4421 παρ-

295 4432 535 4502 ῴκησεν
558 4436 597 4503 τὶ
631 4437 802 4505 ψυχή
826 4454 969 4506 μου·

1988 1900 2095 1948 tem
2139 1891 2333 1955 fuisse,
2378 1892 2673 1949 humilitati
2711 1910 2937 1958 vacans,
2965 1894 3121 1963 juxta
3166 1893 3300 1947 illud
3343 1891 3561 1944 Domini

1985 1985 2190 2041 dictum
2213 2004 2228 2040 :
2258 1984 2393 2039 Cum
2421 1988 2597 2040 omnia
2619 1987 2966 2057 perfeceritis,
2994 1986 3156 2040 dicite
3180 2000 3196 2037 :
3230 1983 3377 2039 Serui
3398 1983 3566 2036 inuti-

1986 2080 2062 2133 les
2099 2094 2282 2133 sumus
2313 2078 2383 2131 ⁷⁸.

2335 2247 2610 2304 Canticum
2648 2246 2930 2317 graduum.
2997 2243 3183 2300 CXIX

2577 2338 2979 2407 Argumentum.

1983 2429 2227 2484 Primam
2252 2427 2516 2499 graduum
2563 2426 2851 2482 canticum’
2893 2425 3002 2479 Deo
3049 2425 3198 2479 canit
3239 2424 3474 2493 populus
3507 2425 3565 2480 in

2055 2519 2334 2591 Babylone
2366 2519 2720 2584 constitutus,
2749 2526 3012 2588 pertaesus
3041 2517 3567 2588 diuturnaepaptivi-

2053 2611 2202 2676 tatis,
2239 2618 2294 2664 et
2334 2624 2538 2679 rogans
2571 2608 2899 2663 libertatem.

2053 2703 2107 2766 1,
2132 2701 2188 2755 2.
2224 2702 2306 2754 Ad
2368 2701 2654 2755 Dominum
2701 2717 2818 2753 cum
2865 2699 3153 2753 tribularer
3202 2698 3429 2753 clamavi
3454 2738 3468 2752 .
3499 2737 3515 2752 .
3542 2738 3559 2755 .

1981 2790 2234 2853 Domine,
2277 2790 2711 2857 libera3animam
2744 2806 2914 2843 meam
2939 2808 2970 2842 a
2999 2790 3154 2843 labiis
3189 2789 3384 2859 iniquis
3404 2831 3418 2854 ,
3449 2800 3500 2843 et
3527 2807 3563 2844 α

1981 2882 2164 2953 lingua
2184 2882 2390 2936 dolosa.
2429 2881 2549 2948 Quo
2573 2890 2732 2952 pacto
2758 2897 2865 2937 non
2893 2881 3105 2951 iniqua]
3132 2880 3559 2952 Babyloniorum

1982 2972 2124 3026 labia
2146 3012 2163 3037 ,
2199 2987 2321 3043 quae
2354 2972 2714 3027 idololatriam
2741 2970 3177 3041 proﬁtebantur?
3214 2968 3339 3024 Haec
3380 2982 3559 3025 autem

1980 3063 2167 3135 lingua
2197 3073 2344 3119 recte
2373 3063 2566 3118 dolosa
2600 3070 2862 3130 vocetur,
2914 3071 3099 3133 utpote
3125 3077 3246 3132 qua:
3287 3062 3422 3116 nihil
3475 3078 3563 3116 re-

1904 3172 1950 3230 c
1981 3166 2130 3213 ctum
2159 3158 2227 3213 de
2261 3157 2372 3213 Deo
2399 3158 2674 3228 loquatur.

2049 3247 2104 3315 5,
2134 3248 2188 3301 4.
2232 3245 2373 3311 Quid
2415 3247 2568 3300 detur
2599 3246 2718 3312 tibi,
2753 3257 2845 3299 aut
2874 3246 3000 3316 quid
3028 3255 3323 3314 apponatur
3356 3245 3450 3299 tibi
3488 3244 3560 3299 ad

1981 3336 2215 3407 linguam
2264 3336 2552 3392 dolosam?
2600 3334 2824 3405 Sagitta:
2875 3337 3103 3405 potentis
3147 3344 3337 3395 ασκεω.
3417 3334 3559 3401 Quid

1979 3427 2121 3481 ultra
2152 3427 2270 3482 dari
2302 3428 2397 3481 tibi
2425 3427 2672 3498 postulas
2693 3466 2710 3493 ,
2759 3427 2970 3497 inquit,
3004 3434 3100 3481 aut
3132 3428 3263 3497 quid
3296 3427 3441 3481 aliud
3476 3427 3559 3481 vis

1960 3518 2147 3589 adjici
2179 3519 2277 3575 tibi
2308 3520 2575 3576 adversus
2616 3520 2832 3591 linguas
2862 3520 3119 3575 dolosas?
3165 3519 3402 3592 Sagittas
3434 3519 3560 3588 igne

1983 3613 2176 3683 plenas
2203 3628 2234 3667 a
2263 3621 2483 3682 potente
2518 3612 2796 3668 incensas.
2851 3609 3133 3681 Signiﬁcat
3168 3621 3350 3666 autem
3380 3609 3562 3681 Baby-

1982 3702 2261 3758 loniorum
2293 3703 2557 3758 ultionem
2586 3717 2711 3757 mox
2743 3702 3003 3758 futuram.

2051 3881 2105 3945 5,
2137 3880 2191 3934 6.
2221 3879 2341 3934 Heu
2367 3881 2533 3945 mihi,
2568 3882 2694 3951 quia
2730 3881 2992 3935 incolatus
3042 3897 3186 3934 meus
3214 3880 3557 3950 prolongatus

1979 3973 2099 4029 est!
2126 3973 2290 4028 Aliud
2315 3988 2345 4027 a
2372 3972 2486 4028 Deo
2513 3974 2753 4042 postulat
2779 4015 2793 4039 ,
2829 3973 3087 4027 nimirum
3124 3982 3181 4026 ut
3219 3973 3288 4026 ab
3318 3972 3557 4027 incolatu

1981 4065 2259 4121 liberetur.
2310 4063 2569 4118 Habitavi
2598 4080 2719 4117 cum
2751 4063 3169 4117 habitationibus
3200 4063 3391 4118 (Iedar.
3447 4064 3553 4118 Ce-

1980 4159 2081 4214 dar
2111 4157 2262 4229 regio
2292 4156 2538 4226 quaedam
2563 4165 2645 4211 est
2674 4156 2740 4210 ad
2769 4171 3013 4211 eremum
3054 4172 3245 4211 versus
3287 4155 3552 4240 orientem

1982 4249 2112 4315 sita,
2145 4256 2201 4304 et
2235 4262 2411 4317 usque
2451 4247 2518 4302 ad
2561 4247 2840 4303 Persidem
2883 4247 3200 4317 pertingens
3222 4287 3238 4313 ,
3273 4262 3434 4315 quam
3465 4248 3555 4300 in-

1978 4343 2110 4398 colit
2131 4339 2529 4396 Saracenorum
2554 4355 2747 4410 genus.
2782 4338 3012 4393 Multum
3042 4339 3218 4393 incola
3248 4340 3349 4408 fuit
3373 4339 3555 4393 anima

1979 4447 2117 4487 mea.

361 4525 526 4580 Μετὰ
552 4523 670 4578 τῶν
690 4528 1034 4595 μισούντων
1067 4526 1318 4596 εἰρήνην
1352 4525 1519 4597 ἢμην
1554 4530 1875 4600 εἰρηνικός.

2053 4523 2105 4577 7.
2134 4520 2268 4577 Cum
2303 4523 2384 4577 his
2408 4523 2497 4593 qui
2522 4523 2746 4575 oderunt
2764 4538 2945 4591 pacem
2971 4538 3116 4576 eram
3139 4522 3392 4590 paciﬁcus
3415 4518 3550 4590 (50).

296 4616 478 4670 Κακία
524 4615 879 4671 Βαϐυλωνίων
924 4617 987 4671 τὸ
1030 4618 1288 4689 πολεμεῖν
1347 4618 1463 4671 ἀντ’
1512 4619 1724 4686 οὐδενὸς
1764 4627 1903 4687 τοῖς.

297 4707 690 4780 είρηνεύουσιν.
735 4710 799 4763 El
823 4711 898 4781 μή
932 4728 986 4764 τι
1010 4711 1118 4765 δέοι
1161 4710 1416 4782 κριτικῆς
1448 4713 1715 4784 τιμωρίας
1738 4753 1754 4779 ,
1810 4716 1877 4787 ἢν

297 4801 433 4855 κατὰ
460 4798 786 4854 Χαναναίων
827 4803 925 4855 καί⁸
957 4802 1298 4876 Ἀμορραίων
1343 4803 1640 4857 ἐπέταττεν
1666 4808 1695 4859 ὁ
1720 4792 1870 4873 Θεδς,

293 4890 390 4962 τὴν
436 4891 573 4963 πρὸς
611 4892 808 4957 αὐτοὺς
849 4893 1212 4967 ἀπαγορεύων
1256 4894 1458 4964 φιλίαν.
1497 4897 1560 4950 Oi
1590 4896 1649 4949 δὲ
1680 4897 1851 4966 φαῦλο

295 4983 430 5054 πρὸς
446 4984 673 5048 τούτους
695 4984 1020 5056 ἀσύμϐατοι,
1056 4986 1156 5057 τὴν
1184 4985 1492 5040 θεοσέϐειαν
1521 4987 1872 5061 βδελυττόμε-

294 5088 393 5127 νοι.
440 5072 628 5128 Ὅταν
668 5074 935 5130 ἐλάλουν
979 5076 1218 5143 αὐτοῖς,
1263 5077 1600 5146 ἐπολέμουν
1643 5096 1721 5149 με
1763 5080 1844 5135 δω

288 5161 453 5230 patir.

647 5255 788 5326 ’ῼδὴ
820 5257 939 5311 τῶν
969 5256 1344 5328 ἀναϐαθμῶν.
1393 5261 1523 5315 PK'.

921 5347 935 5367 '
946 5350 1254 5415 Υπόθεσις.

298 5432 403 5505 Τὴν
427 5434 691 5509 δευτέραν
716 5434 860 5508 ᾠδὴν
888 5436 1025 5508 ᾄδει,
1060 5437 1458 5508 προαπολυθεὶς
1503 5442 1601 5510 μὲν
1637 5443 1736 5512 τῆς
1779 5446 1861 5497 αἰ-

360 5527 703 5597 κμαλωσισις,
736 5528 797 5581 ὲν
1031 5528 1227 5582 ὁδεύων
1252 5531 1348 5600 τῆς
1383 5534 1596 5601 μακρᾶς
1627 5535 1748 5587 ὁδοῦ
1770 5538 1865 5607 τῆς

362 5629 407 5661 ⁷⁷
437 5629 651 5686 Coloss.
686 5645 769 5693 lli,
802 5629 856 5685 ’5.
929 5631 977 5662 ⁷⁸
1006 5631 1137 5688 Luc.
1163 5649 1291 5700 xvu,
1323 5633 1408 5688 10.

358 5721 471 5789 (50)
505 5721 753 5776 Incertus
790 5721 960 5777 locus.

1982 4615 2058 4672 Ea
2080 4623 2200 4671 erat
2241 4615 2443 4670 malitia
2466 4614 2914 4686 Babyloniorum,
2941 4624 3001 4669 ut
3024 4615 3172 4669 nulla
3201 4615 3268 4668 de
3293 4628 3458 4668 causa
3485 4613 3554 4668 iis

1980 4711 2075 4781 qui
2106 4725 2294 4780 pacem
2331 4709 2586 4765 colebant
2608 4707 2811 4761 bellum
2843 4706 3130 4760 inferrent.
3175 4704 3290 4761 Nisi
3319 4703 3552 4760 fortasse

1978 4800 2237 4870 respiciat
2274 4797 2600 4869 supplicium
2632 4796 2777 4866 quod
2816 4796 2883 4850 de
2916 4795 3242 4851 Chanauaeis
3276 4802 3330 4848 et
3356 4795 3552 4847 Amor-

1975 4892 2141 4948 rhaeis
2168 4891 2311 4947 sumi
2340 4891 2597 4960 praecepit
2620 4888 2783 4952 Deus,
2812 4897 3003 4943 vetans
3029 4903 3097 4943 ne
3126 4888 3421 4942 amicitiam
3466 4887 3552 4938 in-

1977 4984 2119 5039 irent
2150 4998 2274 5037 cum
2307 4982 2438 5037 illis.
2470 4979 2629 5035 Nulla
2660 4989 2842 5034 autem
2883 4988 2968 5034 est
2994 4980 3126 5048 ipsis
3157 4978 3392 5032 aliticitia
3423 4992 3548 5030 cum

1977 5074 2240 5145 improbis
2275 5074 2369 5142 qui
2405 5087 2590 5127 veram
2620 5072 2940 5142 religionem
2970 5080 3352 5126 exsecrantur.
3411 5067 3547 5122 Cum

1971 5164 2220 5236 loquebar
2253 5164 2382 5229 illis,
2420 5163 2799 5233 impugnabant
2827 5180 2906 5217 me
2938 5164 3127 5233 gratis.

2291 5257 2342 5310 1.
2399 5254 2680 5311 Canticum
2707 5256 2987 5326 graduum.
3060 5251 3225 5311 CXX.

2551 5348 2955 5418 Argumentum.

1974 5439 2289 5496 Secundum
2327 5438 2645 5509 modulatur
2676 5440 2977 5501 canticum,
3001 5435 3130 5489 dum
3159 5438 3281 5501 post
3307 5430 3543 5515 solutam

2043 5533 2406 5603 captivitatem
2450 5533 2667 5603 longum
2719 5531 2820 5585 iter
2851 5536 3035 5598 ageret
3073 5524 3345 5596 Babylone
3387 5522 3547 5582 λοι-ο-
