3946 6222
426 339 529 402 5H

1243 337 1299 392 S.
1340 335 1713 391 ATI‘IANASII
1754 333 1908 389 ()PP.
1943 331 2122 386 PARS
2157 330 2246 386 Ill.
2290 361 2360 372 ——
2399 325 2810 382 EXEGETICA.

3549 320 3664 376 519.

501 466 788 536 solymam.
839 461 1017 529 Atque
1061 458 1200 512 inter
1235 457 1473 512 medium
1527 458 1789 512 montium
1835 456 2048 514 inter-.1

2175 451 2376 522 μεταξὺ
2401 448 2716 508 Βαϐυλῶνος
2738 446 2831 500 καὶ
2876 444 3243 517 Ἰερουσαλήμ.
3285 444 3379 506 Ὃς
3401 481 3415 505 ,
3447 442 3540 495 καὶ
3573 439 3667 513 μι-

498 569 691 629 ceptus
709 593 724 620 ,
751 561 907 623 rugat
932 550 1192 605 auxilium
1225 550 1324 604 sibi
1352 549 1611 618 impendi,
1639 563 1800 618 quem
1835 561 2000 601 exau-

499 649 658 706 diens
686 644 1041 717 propheticus
1089 641 1329 711 Spiritus
1375 641 1666 710 respondet
1696 657 1709 694 :
1743 638 2000 693 Dominus

500 740 757 798 custodiet
788 738 1067 792 introitum
1098 745 1250 789 tuum
1283 745 1332 790 et
1368 737 1568 788 exitum
1597 744 1761 787 tuum.

508 897 559 962 Ι,
581 896 638 952 2.
670 894 860 949 Levavi
909 892 1088 947 oculos
1119 907 1258 944 meos
1307 891 1364 943 in
1395 901 1591 944 montes
1618 929 1633 945 .
1662 932 1676 946 .
1705 931 1718 944 .
1744 888 2005 943 auxilium

431 1002 605 1040 meum
645 1002 679 1038 a
711 983 958 1048 Domino,
989 983 1078 1052 qui
1109 981 1231 1049 fecit
1264 981 1447 1034 coelum
1475 991 1524 1035 et
1566 992 1781 1034 terram.
1813 979 2006 1034 Osten-

431 1076 568 1130 dens
597 1073 691 1129 Dei
720 1071 1016 1144 potentiam
1041 1073 1116 1126 ait
1144 1088 1158 1124 :
1191 1071 1296 1136 Qui
1325 1073 1448 1141 fecit
1498 1072 1680 1124 caelum
1711 1080 1758 1124 et
1787 1080 2003 1124 terram.

506 1353 562 1420 3,
591 1353 645 1408 4.
687 1352 808 1406 Non
849 1354 933 1405 det
969 1353 1021 1405 in
1053 1353 1452 1406 commotionem
1482 1353 1660 1416 pedem
1705 1360 1882 1414 tuum,
1916 1365 2005 1402 ne-

434 1461 536 1518 que
566 1447 813 1500 dormitet
848 1447 937 1515 qui
974 1445 1202 1498 custodit
1242 1455 1308 1498 te.
1381 1443 1514 1496 Ecce
1549 1459 1649 1497 non
1679 1443 2006 1511 dormitabit,

434 1548 542 1594 etc.
571 1539 720 1594 Hanc
753 1540 950 1593 habeto
982 1554 1153 1607 spem,
1187 1548 1240 1592 et
1273 1536 1594 1592 salvaberis.
1645 1537 1777 1591 Illud
1802 1546 2008 1601 autem,

437 1649 538 1685 non
573 1631 912 1695 dormitabit,
944 1647 1050 1683 non
1078 1631 1317 1684 laborem
1353 1645 1541 1684 eorum
1577 1629 1668 1699 qui
1701 1629 2013 1683 custodiunt

438 1722 737 1787 exercitus,
778 1723 974 1786 urbes,
1027 1721 1232 1785 ovilia;
1297 1722 1390 1776 sed
1423 1721 1876 1790 impatibilitatem
1917 1719 2009 1772 Dei

2173 560 2264 607 σος
2290 543 2400 597 τῶν
2428 543 2598 614 ὀρέων
2627 538 2984 610 ἀποληφθεὶς,
3009 535 3223 607 εὔχεται
3251 534 3399 604 αύτῷ
3420 533 3668 605 βοήθειαν

2171 635 2422 704 γενέσθαι
2441 652 2458 670 ο
2483 627 2544 687 οὗ
2567 635 2660 687 καὶ
2693 631 3022 696 ἐπακούσας,
3041 628 3102 683 τὸ
3130 626 3353 696 Πνεῦμα
3371 625 3432 679 τὸ
3460 643 3670 698 προφη-

2168 727 2320 781 τικὸν
2357 726 2796 796 ἀποφθέγγεται·
2843 723 3056 790 Κύριος
3100 717 3355 789 φυλάξει
3394 717 3510 787 τὴν
3541 718 3668 772 εἵσ-

2171 818 2315 872 οδόν
2345 832 2461 872 σου
2487 816 2586 871 καὶ
2605 817 2719 885 τὴν
2745 814 2959 879 ἐξοδόν
2982 827 3118 866 σου.

2171 907 2317 979 *Ηρα
2335 909 2477 975 τοὺς
2505 891 2850 978 ὀφθαλμούς
2873 924 2990 976 μου
3009 907 3096 970 είς
3116 905 3189 957 τὰ
3216 901 3322 972 ὅρη
3349 944 3362 958 .
3390 941 3405 955 .
3435 943 3450 956 .
3479 943 3492 956 .
3521 941 3537 956 .
3566 945 3580 959 .
3609 943 3622 955 .
3655 943 3668 954 .

2115 1001 2176 1058 Ἠ
2197 997 2448 1066 ,βοήθειά
2473 1016 2590 1068 μου
2621 996 2777 1066 παρὰ
2797 995 3014 1064 Κυρίου
3043 993 3145 1047 τοῦ
3173 993 3538 1057 ποιήσαντος
3567 991 3672 1042 τίν

2104 1090 2364 1160 οὐρανόν
2395 1088 2495 1143 καί
2532 1087 2647 1156 τὴν
2675 1086 2811 1157 γῆν.
2870 1085 2976 1138 Τοῦ
3005 1083 3138 1138 Θεοῦ
3166 1081 3467 1144 δεικνύντος
3498 1079 3560 1133 τὸ
3585 1081 3670 1132 δυο

2103 1183 2260 1238 νατὺν
2280 1221 2294 1245 ,
2339 1179 2451 1235 Τοῦ
2479 1179 2882 1248 ποιήσαντος,
2912 1175 3044 1246 φησὶ
3065 1215 3080 1240 ,
3114 1173 3222 1228 τόν
3271 1172 3530 1243 οὐρανὸν
3577 1172 3670 1225 καὶ

2104 1274 2222 1344 τὴν
2252 1274 2388 1344 γῆν.

2177 1365 2272 1433 Μὴ
2305 1364 2424 1430 δῴη
2456 1363 2542 1428 είς
2567 1360 2764 1415 σάλον
2791 1359 2898 1414 τόν
2925 1357 3078 1411 πόδα
3103 1370 3241 1416 σου,
3271 1355 3424 1425 μηδὲ
3456 1353 3675 1409 νυστά-

2109 1456 2184 1524 En
2215 1459 2249 1510 ό
2279 1453 2617 1524 φυλάσσων
2645 1467 2740 1506 σε.
2815 1450 3028 1519 Ταύτην
3054 1447 3143 1518 ἔχε
3179 1447 3275 1518 τὴν
3319 1445 3508 1499 ἐλπίδα
3531 1485 3545 1511 ,
3582 1444 3676 1498 καὶ

2112 1545 2278 1616 σώζῃ.
2312 1545 2384 1597 Τὸ
2408 1544 2486 1608 δὲ,
2524 1544 2595 1596 οὐ
2622 1541 2928 1605 νυστάξει,
2963 1539 3022 1592 ού
3053 1537 3112 1591 τὸ
3144 1537 3396 1590 ἐπίπονον
3428 1535 3538 1589 ἀπὸ
3568 1535 3677 1589 τῶν

2112 1638 2484 1708 φυλαττόντων
2514 1635 2612 1698 τὰς
2658 1634 2917 1706 στρατιὰς
2949 1632 3043 1685 καὶ
3088 1630 3268 1694 πόλεις
3297 1630 3388 1683 καὶ
3432 1629 3676 1700 ποίμνια,

2113 1729 2248 1784 ἀλλὰ
2270 1729 2330 1781 τὸ
2357 1727 2562 1790 ἀπαθὲς
2581 1726 2642 1778 τὸ
2667 1726 2817 1778 Θεῖον
2839 1724 2986 1794 δηλοῖ
3008 1723 3086 1788 τὸ,
3123 1723 3194 1775 οὐ
3222 1719 3509 1784 νυστάξει
3538 1719 3682 1774 οὐδὲ

439 1814 711 1885 signiﬁcat
744 1815 874 1868 illud
903 1833 915 1868 :
946 1813 1066 1868 Non
1111 1814 1418 1867 dormitabit
1463 1829 1623 1883 neque
1653 1813 1876 1866 dormiet
1926 1813 2015 1881 qui

2156 1821 2380 1873 πνώσει
2406 1822 2437 1873 ό
2462 1816 2800 1887 φυλάσσων
2835 1813 3090 1882 Ἰσραήλ.
3117 1813 3274 1865 Δοκεῖ
3293 1811 3348 1864 δὲ
3375 1810 3679 1874 νυστάζειν,

437 1907 672 1959 custodit
707 1905 896 1959 Israel.
936 1905 1157 1960 Videtur
1190 1914 1370 1959 autem
1397 1907 1692 1960 dormitare
1714 1921 1852 1961 .cum
1899 1915 2016 1959 tur-

442 1997 686 2052 bulentis
736 1997 901 2066 hujus
935 1999 1059 2051 vitae
1090 1997 1322 2067 negotiis
1371 2009 1423 2050 ct
1473 1998 1688 2052 insidiis
1723 2000 2012 2067 agitamur.

516 2089 569 2143 ὅ.
605 2087 860 2142 Dominus
889 2088 1151 2142 custodiat
1183 2098 1231 2141 te
1255 2129 1270 2154 ,
1308 2088 1562 2141 Dominus
1602 2090 1849 2157 protectio
1902 2099 2014 2155 tua,

442 2194 602 2247 super
637 2194 848 2230 manuni
899 2178 1170 2230 dexteram
1223 2187 1388 2230 tuam.
1442 2175 1677 2245 ldipsum
1717 2178 1771 2229 in
1806 2177 2018 2230 decimo

444 2269 640 2339 quinto
687 2268 898 2338 psalmo
945 2269 1056 2323 ait:
1090 2267 1433 2322 Providebam
1485 2268 1766 2321 Dominum
1797 2269 1851 2320 in
1897 2285 2020 2321 con-

443 2369 623 2429 spectu
661 2377 769 2413 meo
806 2376 1039 2428 semper,
1076 2361 1324 2430 quoniam
1355 2378 1386 2412 a
1417 2359 1618 2412 dextris
1643 2370 1719 2413 est
1762 2360 1925 2424 mihi,
1959 2374 2021 2411 ne

441 2465 774 2504 commovear
799 2449 864 2505 τ’.
898 2449 963 2504 Ει
1000 2451 1105 2503 hoc
1133 2450 1258 2504 item
1291 2450 1412 2504 loco
1443 2449 1576 2503 dicit
1602 2467 1614 2502 :
1639 2450 1718 2502 Ad
1743 2449 2018 2502 dexteram

445 2557 671 2598 manum
707 2552 854 2596 tuam
891 2542 1244 2609 constitutus,
1275 2551 1330 2598 et
1352 2552 1616 2613 proteget,
1653 2550 1708 2597 et
1731 2542 2020 2605 custodiet,

446 2641 502 2689 et
536 2633 687 2688 omni
715 2633 1056 2703 providentia
1086 2634 1418 2704 dignabitur.

805 2723 1083 2780 Canticum
1112 2727 1392 2795 graduum.
1463 2723 1670 2780 CXXI.

1038 2818 1440 2886 Argumentum.

449 2909 696 2966 Tertium
737 2909 1012 2965 canticum
1067 2910 1170 2963 iter
1226 2910 1514 2977 agentibus
1552 2909 1810 2977 praedicat
1858 2913 1918 2961 ut
1973 2905 2024 2958 in

525 3000 746 3056 domum
777 2997 873 3054 Dei
903 2998 1222 3053 concedant.
1281 2998 1462 3064 Quare
1495 2999 1575 3053 sic
1601 2999 1860 3068 loquitur.

526 3179 582 3232 1.
621 3176 862 3233 Lwtatus
911 3194 1029 3230 sum
1063 3178 1122 3231 in
1158 3178 1224 3232 iis
1275 3193 1393 3248 qua:
1429 3177 1571 3230 dicta
1605 3187 1727 3232 sunt
1779 3178 1904 3231 milii
1933 3194 1950 3230 :
1978 3179 2031 3230 in

454 3269 672 3322 domum
708 3268 927 3322 Domini
974 3269 1189 3322 ibimus.

525 3358 581 3414 2.
613 3359 828 3415 Stantes
868 3371 1019 3414 erant
1046 3360 1197 3428 pedes
1247 3359 1416 3411 nostri
1457 3359 1510 3411 in
1541 3359 1693 3411 atriis
1723 3359 1852 3426 tuis,
1881 3357 2038 3413 Jeru-

457 3449 648 3506 salem.
701 3453 818 3507 Vox
849 3467 1041 3507 senum
1070 3452 1187 3508 haec
1215 3462 1319 3517 est,
1358 3453 1450 3522 qui
1485 3453 1853 3522 captivitatem
1880 3453 2039 3507 susti-

459 3552 731 3608 nuerunt,
788 3551 844 3597 et
885 3551 1111 3597 narrant
1165 3543 1330 3613 pedes
1383 3559 1516 3598 suos
1565 3543 1765 3598 auibus
1791 3543 1906 3614 jam
1939 3544 2038 3598 iter

422 3629 426 3634 ’
461 3647 688 3708 agerent
710 3635 842 3690 olim
870 3637 1088 3692 stetisse
1126 3636 1178 3690 in
1215 3635 1541 3690 Jerusalem.

539 3813 592 3866 5.
627 3810 922 3866 Jerusalem
944 3852 958 3876 ,
987 3829 1103 3881 qua!
1129 3813 1429 3882 mdificatur
1458 3822 1516 3866 ut
1549 3813 1754 3868 civitas.
1819 3811 1898 3866 Ita
1923 3853 1937 3878 ,
1962 3812 2043 3865 in-

470 3903 612 3974 quit,
646 3905 840 3960 civitas
871 3905 1000 3958 olim
1024 3914 1176 3970 erat;
1203 3921 1311 3959 non
1343 3905 1471 3961 hinc
1502 3906 1625 3960 inde
1652 3905 1916 3975 dispersa,
1948 3903 2042 3959 sed

463 3993 542 4049 ita
601 4005 918 4052 constructa
940 4033 956 4059 ,
1011 4003 1070 4049 ut
1126 3995 1401 4049 videretur
1428 4011 1537 4049 una
1567 3995 1762 4050 domus
1792 4008 1944 4060 esse,
1976 4009 2043 4049 ex

463 4087 755 4140 domorum
788 4087 1051 4141 continua
1086 4087 1229 4142 serie
1254 4087 1724 4142 et'concinnitate.

539 4265 594 4318 4.
644 4262 785 4317 Illuc
813 4266 952 4318 enim
977 4264 1324 4318 ascenderunt
1353 4265 1544 4320 tribus.
1605 4262 1808 4321 Omnes
1844 4265 2040 4331 tribus,

469 4356 671 4426 inquit,
714 4373 835 4426 qua:
859 4373 924 4412 ex
957 4355 1189 4426 Egypto
1211 4372 1305 4426 per
1337 4359 1594 4412 virtutem
1627 4357 1844 4412 Domini
1869 4373 2046 4427 egres-

470 4461 547 4500 sae
583 4456 730 4510 sunt,
767 4446 835 4500 ad
859 4461 979 4500 eam
1007 4446 1196 4499 urbem
1229 4447 1608 4516 properabant,
1650 4447 1716 4501 ad
1754 4446 2036 4501 ferendum
2079 4481 2124 4537 ι)

470 4537 880 4604 testimonium,
914 4537 1026 4592 sive
1054 4538 1120 4592 ad
1164 4540 1364 4608 gratias
1408 4538 1648 4608 agendas
1699 4537 1808 4594 Deo
1853 4537 2042 4595 Israel.

472 4629 557 4684 Ad
590 4631 946 4698 conﬁtendum
974 4631 1173 4684 nomini
1201 4631 1431 4686 Domini.
1463 4630 1716 4707 Eoiquod
1743 4631 2048 4702 impleverit

473 4721 851 4780 admirabilem
892 4723 1312 4793 promissionem
1346 4738 1526 4778 suam.
1579 4723 1830 4778 Thronos
1863 4737 2046 4779 autem

475 4814 673 4870 domus
693 4814 869 4879 David
907 4831 1070 4885 super
1092 4831 1211 4870 eam
1241 4814 1496 4871 fundatos
1520 4830 1643 4870 esse
1668 4815 1763 4880 ait,
1787 4816 2046 4885 quoniam

475 4905 682 4960 scilicet
717 4922 943 4975 regnum
984 4908 1038 4960 in
1069 4922 1260 4962 omnes
1305 4907 1632 4976 praenuntiat
1686 4905 1876 4963 David.
1930 4905 2046 4961 Non

475 4996 646 5051 unius
676 4996 965 5066 imperium
999 5012 1338 5062 memorans,
1371 4997 1464 5050 sed
1494 5011 1806 5063 commune,
1838 4998 1891 5050 in
1922 4999 2053 5067 opti-

478 5107 600 5146 mos
630 5098 683 5145 et
713 5091 1156 5160 religiosissimos
1185 5105 1432 5158 quosque
1458 5129 1473 5154 ,
1509 5104 1539 5143 a
1586 5089 1783 5156 quibus
1826 5103 2051 5160 regnum

482 5183 704 5239 Davidis
730 5184 959 5254 erigitur
986 5199 1082 5252 per
1109 5183 1337 5252 gratiam
1369 5182 1571 5236 Christi
1601 5200 1614 5235 :
1643 5182 1738 5250 qui
1767 5182 2050 5236 duodecim

483 5277 745 5346 apostolis
765 5319 780 5343 ,
814 5291 978 5346 super
1008 5274 1293 5330 duodecim
1323 5274 1551 5328 thronos
1581 5272 1893 5328 sedentibus
1915 5312 1931 5338 ,
1959 5288 2056 5342 po-

483 5377 734 5423 testatem
768 5368 916 5423 dedit
947 5365 1225 5436 judicandi
1254 5364 1526 5419 lsraelem.

516 5519 527 5532 ,
558 5459 613 5512 5.
635 5458 774 5522 Quia
802 5459 915 5512 illic
937 5459 1178 5513 sederunt
1208 5456 1382 5508 throni
1415 5457 1468 5508 in
1488 5455 1716 5522 judicio.
1750 5453 2056 5511 Secundum

491 5543 774 5604 historiam
813 5547 922 5601 illic
959 5546 1103 5615 regia
1157 5545 1289 5609 fuit,
1324 5543 1433 5598 illic
1467 5543 1806 5599 sacerdotum
1840 5541 2057 5603 throni;

560 5721 605 5758 "
628 5721 766 5778 Paul.
804 5742 889 5784 xv,
925 5729 956 5773 κ

2115 1915 2330 1968 ἐπειδὰν
2343 1916 2452 1978 τοῖς
2468 1912 2718 1976 ἁστάτοις
2743 1909 2836 1963 τοῦ
2865 1909 2979 1979 βίου
3011 1904 3350 1976 σαλευόμεθα
3370 1904 3682 1976 πράγμασι,

2115 2010 2234 2070 ταῖς
2258 2007 2378 2060 καθ’
2407 2004 2561 2076 ἡμῶν
2589 2001 2918 2063 ἐπιϐουλαῖς.

2187 2101 2401 2168 Κύριος
2429 2095 2693 2167 φυλάξαι
2721 2108 2816 2158 σε,
2836 2092 3050 2160 Κύριος
3064 2087 3261 2156 σκέπη
3291 2104 3411 2150 σοι,
3433 2085 3531 2140 ἐπὶ
3563 2084 3684 2153 χεῖ-

2114 2209 2191 2259 ρα
2221 2189 2425 2254 δεξιάν
2458 2204 2594 2241 σου.
2645 2184 2821 2237 Τοῦτο
2863 2184 2955 2236 καὶ
3003 2182 3060 2233 ὲν
3087 2178 3164 2252 τῷ
3199 2186 3271 2232 ιε’
3301 2178 3402 2249 ἔφη
3448 2175 3648 2248 ψαλμῷ
3670 2189 3686 2207 ³

2118 2280 2513 2348 Προεωρώμην
2543 2277 2650 2330 τὸν
2679 2276 2895 2342 Κύριον
2916 2271 3170 2326 ἐνώπιόν
3195 2286 3314 2338 μου
3343 2267 3687 2331 διαπαντὸς,

2121 2373 2210 2426 ὅτι
2232 2373 2299 2425 ἐκ
2331 2367 2543 2434 δεξιῶν
2559 2368 2677 2437 μού
2705 2367 2892 2428 ἐστιν,
2925 2365 3026 2418 ἵνα
3043 2361 3129 2432 μὴ
3150 2358 3445 2418 σαλευθῶ.
3479 2358 3590 2413 Καὶ
3613 2357 3691 2410 ἒν-

2120 2462 2294 2516 ταῦθα
2329 2461 2488 2514 πάλιν
2525 2457 2720 2529 φησὶν,
2770 2457 2851 2509 ὄτι
2890 2453 3046 2526 Παρὰ
3072 2453 3170 2524 τὴν
3198 2449 3376 2517 δεξιάν
3409 2466 3498 2502 σοι.
3536 2450 3692 2520 χεῖρα

2122 2553 2427 2622 γενόμενος,
2467 2549 2560 2600 καὶ
2590 2545 2885 2610 σκεπάσει,
2916 2544 3010 2597 καὶ
3038 2540 3368 2614 φρουρήσει,
3395 2539 3490 2592 καὶ⁵
3511 2536 3692 2609 πάσης

2127 2641 2346 2706 ἀξιώσει
2376 2639 2651 2710 προνοίας.

2469 2727 2606 2798 ᾨδὴ
2641 2725 2759 2780 τῶν
2791 2720 3161 2792 ἀναϐαθμῶν.
3200 2723 3376 2776 PKA'.

2750 2817 2762 2835 '
2775 2806 3082 2882 Υπόθεσις.

2140 2914 2204 2966 Ἦ
2240 2911 2396 2983 τρίτη
2426 2909 2534 2981 ᾠδὴ
2561 2910 2685 2973 τοὺς
2717 2909 2795 2961 ἔτι
2837 2906 3248 2978 ὁδοιποροῦντας
3271 2901 3695 2972 εὐαγγελίζεται,

2199 3004 2296 3074 τὴν
2327 3004 2405 3066 εἰς
2433 3002 2521 3055 τὸν
2545 2996 2691 3054 οἷκον
2718 2999 2810 3053 τοῦ
2830 2997 2963 3052 Θεοῦ
2985 2997 3186 3067 ἄφιξιν.
3213 2996 3302 3050 Διὸ
3315 2992 3698 3065 καὶ-ἀναφθέγ-

2058 3140 2101 3198 C
2199 3111 2373 3163 γεται.

2193 3186 2558 3255 Ηὺφράνθην
2588 3183 2687 3237 ἐπὶ
2735 3181 2860 3248 τοῖς
2897 3182 3165 3251 εἷρηκόσι
3205 3196 3339 3250 μοι’
3405 3180 3492 3245 είς
3535 3172 3700 3234 οἷκον

2133 3282 2355 3350 Κυρίου
2383 3277 2812 3348 πορευσόμεθα.

2217 3369 2500 3435 Ἐστῶτες
2530 3364 2693 3439 ἦσαν
2723 3369 2776 3420 οί
2820 3364 3001 3430 πόδες
3037 3361 3204 3433 ήμῶν
3231 3362 3301 3415 ὲν
3333 3360 3461 3428 ταῖς
3488 3359 3702 3428 αὐλαῖς

2136 3476 2278 3525 σου,
2318 3457 2727 3529 Ἰερουσαλήμ.
2753 3455 2900 3526 Δύτη
2930 3455 3036 3507 τῶν
3063 3453 3447 3524 γεγηρακότων
3471 3455 3502 3524 ἡ
3532 3451 3701 3524 φωνὴ,

2137 3555 2246 3607 τῶν
2272 3553 2364 3607 καὶ
2397 3552 2495 3624 τὴν
2527 3550 2900 3621 αἰχμαλωσίαν
2927 3547 3364 3617 ὑπομεινάντων,
3417 3545 3703 3616 διηγουμέ-

2139 3663 2268 3709 νων,
2295 3644 2370 3706 ὠς
2397 3644 2504 3714 ἄρα
2530 3640 2709 3695 αὐτῶν
2736 3641 2784 3694 οξ
2812 3641 2990 3704 πόδες,
3024 3639 3073 3691 οἱ
3099 3637 3193 3690 νῦν
3219 3638 3316 3708 τὴν
3339 3637 3564 3709 πορείαν
3584 3653 3705 3689 ποι-

2138 3735 2382 3807 ούμενοι,
2410 3733 2578 3786 πάλαι
2609 3731 2840 3801 ἔστησαν
2867 3731 2923 3784 ὲν
2958 3729 3260 3802 Ἰερουσαλή
3271 3746 3328 3800 μ.

2218 3825 2606 3896 Ἰερουσαλὴμ
2653 3821 3116 3893 οἰκοδομουμένη
3149 3822 3230 3888 ὠς
3278 3821 3474 3884 πόλις.
3533 3817 3706 3882 Οῦτω,

2141 3920 2303 3991 φησιν
2330 3960 2344 3982 ,
2371 3915 2438 3990 ἦν
2470 3917 2637 3972 πάλαι
2677 3917 2752 3980 ὡς
2781 3915 2934 3978 πόλις
2960 3956 2974 3982 ,
3005 3914 3065 3967 οὐ
3092 3913 3457 3984 διεσπαρμένη
3486 3904 3589 3965 ὦδε
3617 3928 3710 3964 κα-

2144 4017 2292 4068 κεῖσε
2313 4031 2326 4043 ·
2371 4011 2484 4066 ἀλλ’
2507 4010 2679 4074 οὕτως
2701 4005 2770 4080 ἦν
2795 4007 3112 4080 ἡρμοσμένῃ
3138 4045 3152 4070 ,
3181 4005 3256 4069 ὡς
3275 4003 3422 4068 δόξαι
3448 4004 3543 4057 ἕνα
3569 4002 3711 4056 οἷκον

2146 4102 2288 4161 εἶναι
2319 4107 2386 4177 τῇ
2421 4103 2681 4174 συναφείᾳ
2710 4102 2803 4156 καὶ
2832 4104 2898 4173 τῇ
2925 4099 3158 4172 ἁρμονίᾳ
3201 4098 3308 4154 τῶν
3346 4097 3710 4168 οἰκοδομημά-

2141 4216 2272 4254 των.

2228 4287 2390 4342 Ἐκεῖ
2405 4287 2518 4357 γὰρ
2545 4286 2852 4353 ἀνέϐησαν
2882 4285 2942 4337 al
2969 4281 3176 4352 φυλαί.
3205 4281 3384 4334 Πᾶσαι
3429 4280 3483 4333 αἱ
3527 4277 3711 4347 φυλαὶ,

2147 4379 2310 4450 φησὶν
2331 4419 2346 4442 ,
2378 4377 2437 4444 ἐξ
2467 4377 2741 4446 Αἰγύπτου
2764 4374 2989 4444 δυνάμει
3018 4371 3224 4443 Κυρίου
3252 4366 3559 4436 ἐξελθοῦσαι
3587 4406 3603 4428 ,
3636 4367 3716 4429 είς

2149 4471 2316 4542 αὐτὴν
2341 4469 2597 4523 ἔσπευδον
2622 4469 2722 4539 τὴν
2747 4465 2900 4519 πόλιν
2933 4463 3275 4537 μαρτυρῆσαι
3299 4501 3314 4526 ,
3347 4461 3463 4532 ἦτοι
3495 4459 3716 4529 εὐχαρι-

2149 4562 2344 4632 στῆσαι
2374 4560 2452 4632 τῷ
2473 4559 2592 4630 Θεῷ
2611 4557 2706 4613 τοῦ
2748 4557 2984 4631 Ἰσραήλ.
3025 4553 3135 4610 Τοῦ
3161 4551 3716 4622 ἐξομολογήσασθαι

2146 4653 2225 4719 τῷ
2257 4655 2500 4723 ὀνόματι
2533 4653 2774 4722 Κυρίου.
2817 4651 2934 4720 Ἐφ’
2967 4641 3048 4712 οἷς
3079 4646 3358 4718 ἐπλήρωσε
3385 4643 3479 4715 τὴν
3509 4643 3718 4712 θαυμα-

2149 4745 2270 4806 σίαν
2303 4745 2615 4816 ὑπόσχεσιν,
2645 4742 2868 4814 θρόνους
2896 4755 2955 4792 τε
2979 4737 3074 4791 τοῦ
3105 4738 3253 4792 οῐκου
3286 4732 3448 4788 Δαυῒδ
3474 4730 3717 4804 ἱδρυνθῆ-

2148 4838 2237 4894 ναί
2270 4856 2432 4911 φησιν
2464 4839 2550 4891 ἐπ’
2591 4836 2794 4905 αύτῆςο
2846 4833 2967 4888 ἐπεὶ
2998 4831 3092 4884 καὶ
3138 4827 3412 4900 βασιλείαν
3447 4826 3660 4879 πάντων
3689 4823 3718 4877 ό

2150 4930 2310 4985 Δαυῖδ
2339 4927 2670 5002 προφητεύει
2693 4943 2707 4957 ⁸
2738 4925 2836 4995 ούχ
2861 4924 2978 4988 ἐνὸς
3002 4922 3176 4991 λέγων
3201 4919 3372 4992 ἀρχὴν
3395 4959 3409 4981 ,
3440 4915 3576 5002 ἀλλὰ
3615 4931 3718 4968 κοι-

2151 5024 2248 5078 νὴν
2269 5061 2282 5086 ,
2309 4999 2450 5092 ὑπὲρ
2481 4999 2717 5092 ἀρίστων
2745 5017 2839 5069 καὶ
2871 5011 3330 5066 θεοσεδεστάτων·
3363 5007 3428 5060 δι’
3460 4999 3534 5059 ὧν
3560 5005 3594 5075 ἡ
3627 5003 3716 5073 βα-

2155 5113 2330 5167 σιλεία
2349 5111 2511 5166 Δαυῒδ
2531 5107 2847 5180 ἀνορθοῦται
2875 5106 3058 5176 χάριτι
3084 5101 3176 5156 τοῦ
3203 5097 3460 5172 Χριστοῦ,
3490 5099 3603 5160 τοῖς
3627 5093 3718 5148 δὼ-

2153 5207 2284 5260 δεκα
2313 5203 2604 5266 δεδωκότος
2632 5199 2976 5262 ἀποστόλοις,
3011 5199 3123 5260 τοῖς
3154 5195 3244 5248 ἐπὶ
3274 5191 3482 5245 δώδεκα
3515 5188 3718 5248 θρόνοις

2155 5294 2538 5368 καθεζομένοις
2567 5294 2772 5366 κρίνειν
2795 5290 2887 5344 τὸν
2926 5286 3159 5362 Ἰσραήλ.

2235 5453 2364 5507 ὀτι
2393 5449 2522 5506 ἐκεῖ
2545 5447 2835 5504 ἐκάθισαν
2855 5445 3054 5514 θρόνοι
3077 5443 3166 5506 είς
3193 5439 3412 5508 κρίσιν.
3453 5433 3564 5488 Καὶ
3585 5425 3725 5484 κατὰ

2159 5546 2256 5617 τὴν
2287 5542 2526 5598 ἱστορίαν
2553 5542 2668 5596 ἐκεῖ
2689 5540 2758 5595 τὰ
2785 5537 3049 5608 βασίλεια,
3072 5532 3165 5589 καὶ
3185 5529 3292 5586 τῶν
3311 5526 3503 5600 ἱερέων
3529 5525 3580 5579 oi
3605 5518 3726 5596 θρόο
