  <div class='ocr_page' id='page_1' title='image "/cluster/home/n/w/nwhite01/storage/ocr_20150623/27/mdp.39015007065769/276.png"; bbox 0 0 3946 6222; ppageno 0'>
   <div class='ocr_carea' id='block_1_1' title="bbox 256 329 359 387">
    <p class='ocr_par' dir='ltr' id='par_1_1' title="bbox 256 329 359 387">
     <span class='ocr_line' id='line_1_1' title="bbox 256 329 359 387; baseline -0.029 0"><span class='ocrx_word' id='word_1_1' title='bbox 256 329 359 387; x_wconf 71' lang='grc'><strong>513</strong></span> 
     </span>
    </p>
   </div>
   <div class='ocr_carea' id='block_1_2' title="bbox 1331 320 2448 380">
    <p class='ocr_par' dir='ltr' id='par_1_2' title="bbox 1331 320 2448 380">
     <span class='ocr_line' id='line_1_2' title="bbox 1331 320 2448 380; baseline 0 -2"><span class='ocrx_word' id='word_1_2' title='bbox 1331 321 1698 380; x_wconf 83' lang='lat' dir='ltr'><strong>EXPOSITIO</strong></span> <span class='ocrx_word' id='word_1_3' title='bbox 1739 321 1802 377; x_wconf 85' lang='lat' dir='ltr'><strong>IN</strong></span> <span class='ocrx_word' id='word_1_4' title='bbox 1843 320 2171 378; x_wconf 76' lang='lat' dir='ltr'><strong>PSALMUM</strong></span> <span class='ocrx_word' id='word_1_5' title='bbox 2213 320 2448 378; x_wconf 74' lang='lat' dir='ltr'><strong>CXXIV.</strong></span> 
     </span>
    </p>
   </div>
   <div class='ocr_carea' id='block_1_3' title="bbox 3387 323 3496 382">
    <p class='ocr_par' dir='ltr' id='par_1_3' title="bbox 3387 323 3496 382">
     <span class='ocr_line' id='line_1_3' title="bbox 3387 323 3496 382; baseline 0.037 -4"><span class='ocrx_word' id='word_1_6' title='bbox 3387 323 3496 382; x_wconf 74' lang='lat' dir='ltr'><strong>5M</strong></span> 
     </span>
    </p>
   </div>
   <div class='ocr_carea' id='block_1_4' title="bbox 253 439 1821 516">
    <p class='ocr_par' dir='ltr' id='par_1_4' title="bbox 253 441 1818 516">
     <span class='ocr_line' id='line_1_4' title="bbox 253 441 1818 516; baseline -0.005 -15"><span class='ocrx_word' id='word_1_7' title='bbox 253 461 360 501; x_wconf 85' lang='grc' dir='ltr'>νοι·</span> <span class='ocrx_word' id='word_1_8' title='bbox 391 444 579 516; x_wconf 80' lang='grc' dir='ltr'>ῶσπερ</span> <span class='ocrx_word' id='word_1_9' title='bbox 606 444 710 497; x_wconf 76' lang='grc' dir='ltr'>τινὶ</span> <span class='ocrx_word' id='word_1_10' title='bbox 735 443 904 514; x_wconf 82' lang='grc' dir='ltr'>διπλῷ</span> <span class='ocrx_word' id='word_1_11' title='bbox 929 443 1172 513; x_wconf 81' lang='grc' dir='ltr'>στεφάνῳ</span> <span class='ocrx_word' id='word_1_12' title='bbox 1192 441 1286 495; x_wconf 75' lang='grc' dir='ltr'>καὶ</span> <span class='ocrx_word' id='word_1_13' title='bbox 1304 442 1594 512; x_wconf 77' lang='grc' dir='ltr'><strong>διαδήματι</strong></span> <span class='ocrx_word' id='word_1_14' title='bbox 1619 441 1818 494; x_wconf 87' lang='grc' dir='ltr'>καλλω-</span> 
     </span>
    </p>
   </div>
   <div class='ocr_carea' id='block_1_5' title="bbox 1949 439 3494 516">
    <p class='ocr_par' dir='ltr' id='par_1_5' title="bbox 1949 439 3494 510">
     <span class='ocr_line' id='line_1_5' title="bbox 1949 439 3494 510; baseline 0.001 -17"><span class='ocrx_word' id='word_1_15' title='bbox 1949 439 2142 495; x_wconf 87' lang='lat' dir='ltr'><strong>ivitate</strong></span> <span class='ocrx_word' id='word_1_16' title='bbox 2161 455 2255 494; x_wconf 91' lang='lat' dir='ltr'><strong>seu</strong></span> <span class='ocrx_word' id='word_1_17' title='bbox 2282 440 2516 510; x_wconf 87' lang='lat' dir='ltr'><strong>quadam</strong></span> <span class='ocrx_word' id='word_1_18' title='bbox 2538 439 2741 509; x_wconf 88' lang='lat' dir='ltr'><strong>duplici</strong></span> <span class='ocrx_word' id='word_1_19' title='bbox 2766 454 2966 493; x_wconf 88' lang='lat' dir='ltr'><strong>corona</strong></span> <span class='ocrx_word' id='word_1_20' title='bbox 2990 455 3054 494; x_wconf 92' lang='lat' dir='ltr'><strong>ac</strong></span> <span class='ocrx_word' id='word_1_21' title='bbox 3074 439 3380 494; x_wconf 75' lang='lat' dir='ltr'><strong>diademate</strong></span> <span class='ocrx_word' id='word_1_22' title='bbox 3402 455 3494 496; x_wconf 81' lang='lat' dir='ltr'><strong>or-</strong></span> 
     </span>
    </p>
   </div>
   <div class='ocr_carea' id='block_1_6' title="bbox 253 531 1822 606">
    <p class='ocr_par' dir='ltr' id='par_1_6' title="bbox 253 531 1822 606">
     <span class='ocr_line' id='line_1_6' title="bbox 253 531 1822 606; baseline -0.006 -14"><span class='ocrx_word' id='word_1_23' title='bbox 253 535 549 606; x_wconf 73' lang='grc' dir='ltr'>πιζομένης</span> <span class='ocrx_word' id='word_1_24' title='bbox 571 535 671 604; x_wconf 86' lang='grc' dir='ltr'>τῆς</span> <span class='ocrx_word' id='word_1_25' title='bbox 696 535 921 598; x_wconf 87' lang='grc' dir='ltr'>πόλεως.</span> <span class='ocrx_word' id='word_1_26' title='bbox 955 535 1069 588; x_wconf 85' lang='grc' dir='ltr'>Νῦν</span> <span class='ocrx_word' id='word_1_27' title='bbox 1087 533 1142 586; x_wconf 80' lang='grc' dir='ltr'><strong>δέ</strong></span> <span class='ocrx_word' id='word_1_28' title='bbox 1169 532 1382 586; x_wconf 82' lang='grc' dir='ltr'>πάντων</span> <span class='ocrx_word' id='word_1_29' title='bbox 1412 531 1700 596; x_wconf 81' lang='grc' dir='ltr'>ἐκπτωσις,</span> <span class='ocrx_word' id='word_1_30' title='bbox 1726 531 1822 584; x_wconf 75' lang='grc' dir='ltr'>καὶ</span> 
     </span>
    </p>
   </div>
   <div class='ocr_carea' id='block_1_7' title="bbox 249 623 1823 699">
    <p class='ocr_par' dir='ltr' id='par_1_7' title="bbox 249 623 1823 699">
     <span class='ocr_line' id='line_1_7' title="bbox 249 623 1823 699; baseline -0.005 -16"><span class='ocrx_word' id='word_1_31' title='bbox 249 628 352 699; x_wconf 80' lang='grc' dir='ltr'>τῆς</span> <span class='ocrx_word' id='word_1_32' title='bbox 381 628 620 688; x_wconf 75' lang='grc' dir='ltr'>παλαιᾶς</span> <span class='ocrx_word' id='word_1_33' title='bbox 656 626 994 696; x_wconf 77' lang='grc' dir='ltr'><strong>εὐδαιμονίας</strong></span> <span class='ocrx_word' id='word_1_34' title='bbox 1034 625 1287 695; x_wconf 80' lang='grc' dir='ltr'>ἐλάχιστα</span> <span class='ocrx_word' id='word_1_35' title='bbox 1319 623 1564 692; x_wconf 72' lang='grc' dir='ltr'>λείψανα.</span> <span class='ocrx_word' id='word_1_36' title='bbox 1615 624 1823 691; x_wconf 76' lang='grc' dir='ltr'>Θρόνοι</span> 
     </span>
    </p>
   </div>
   <div class='ocr_carea' id='block_1_8' title="bbox 252 712 1822 786">
    <p class='ocr_par' dir='ltr' id='par_1_8' title="bbox 252 712 1822 786">
     <span class='ocr_line' id='line_1_8' title="bbox 252 712 1822 786; baseline -0.006 -12"><span class='ocrx_word' id='word_1_37' title='bbox 252 719 348 774; x_wconf 70' lang='lat' dir='ltr'><strong>inti</strong></span> <span class='ocrx_word' id='word_1_38' title='bbox 369 720 538 773; x_wconf 78' lang='grc' dir='ltr'>οἷκον</span> <span class='ocrx_word' id='word_1_39' title='bbox 559 716 756 772; x_wconf 81' lang='grc' dir='ltr'>Δαυτδ.</span> <span class='ocrx_word' id='word_1_40' title='bbox 794 717 880 768; x_wconf 88' lang='grc' dir='ltr'>Ἐν</span> <span class='ocrx_word' id='word_1_41' title='bbox 901 716 1092 786; x_wconf 74' lang='grc' dir='ltr'>ταύτῃ,</span> <span class='ocrx_word' id='word_1_42' title='bbox 1119 715 1270 786; x_wconf 79' lang='grc' dir='ltr'>φησὶ,</span> <span class='ocrx_word' id='word_1_43' title='bbox 1297 717 1362 784; x_wconf 80' lang='grc' dir='ltr'>τῇ</span> <span class='ocrx_word' id='word_1_44' title='bbox 1386 714 1557 778; x_wconf 86' lang='grc' dir='ltr'>πόλει,</span> <span class='ocrx_word' id='word_1_45' title='bbox 1580 712 1822 766; x_wconf 78' lang='grc' dir='ltr'><strong>τουτέστι</strong></span> 
     </span>
    </p>
   </div>
   <div class='ocr_carea' id='block_1_9' title="bbox 251 801 1824 882">
    <p class='ocr_par' dir='ltr' id='par_1_9' title="bbox 251 801 1824 882">
     <span class='ocr_line' id='line_1_9' title="bbox 251 801 1824 882; baseline -0.006 -18"><span class='ocrx_word' id='word_1_46' title='bbox 251 813 317 882; x_wconf 76' lang='grc' dir='ltr'>τῇ</span> <span class='ocrx_word' id='word_1_47' title='bbox 365 807 740 879; x_wconf 77' lang='grc' dir='ltr'>Ἰερουσαλὴμ,</span> <span class='ocrx_word' id='word_1_48' title='bbox 768 806 945 878; x_wconf 87' lang='grc' dir='ltr'>θρόνοι</span> <span class='ocrx_word' id='word_1_49' title='bbox 972 805 1230 877; x_wconf 78' lang='grc' dir='ltr'><strong>ἐτέθησαν</strong></span> <span class='ocrx_word' id='word_1_50' title='bbox 1255 805 1521 875; x_wconf 83' lang='grc' dir='ltr'>βασιλικοί</span> <span class='ocrx_word' id='word_1_51' title='bbox 1551 807 1723 874; x_wconf 87' lang='grc' dir='ltr'>κρῖμα</span> <span class='ocrx_word' id='word_1_52' title='bbox 1747 801 1824 855; x_wconf 85' lang='grc' dir='ltr'>δί-</span> 
     </span>
    </p>
   </div>
   <div class='ocr_carea' id='block_1_10' title="bbox 252 891 1824 972">
    <p class='ocr_par' dir='ltr' id='par_1_10' title="bbox 252 891 1824 972">
     <span class='ocr_line' id='line_1_10' title="bbox 252 891 1824 972; baseline -0.006 -16"><span class='ocrx_word' id='word_1_53' title='bbox 252 919 405 956; x_wconf 86' lang='grc' dir='ltr'>καιον</span> <span class='ocrx_word' id='word_1_54' title='bbox 439 899 714 972; x_wconf 77' lang='grc' dir='ltr'><strong>κρίνοντες</strong></span> <span class='ocrx_word' id='word_1_55' title='bbox 738 917 750 930; x_wconf 90' lang='grc'><strong>·</strong></span> <span class='ocrx_word' id='word_1_56' title='bbox 791 891 866 954; x_wconf 80' lang='grc' dir='ltr'>ὧν</span> <span class='ocrx_word' id='word_1_57' title='bbox 895 898 1109 970; x_wconf 84' lang='grc' dir='ltr'>πρῶτος</span> <span class='ocrx_word' id='word_1_58' title='bbox 1141 896 1374 967; x_wconf 78' lang='grc' dir='ltr'><strong>κατῆρξε</strong></span> <span class='ocrx_word' id='word_1_59' title='bbox 1405 895 1598 958; x_wconf 80' lang='grc' dir='ltr'>Δαυῒδ,</span> <span class='ocrx_word' id='word_1_60' title='bbox 1633 893 1824 947; x_wconf 71' lang='grc' dir='ltr'>ἔπειτα</span> 
     </span>
    </p>
   </div>
   <div class='ocr_carea' id='block_1_11' title="bbox 248 985 1823 1061">
    <p class='ocr_par' dir='ltr' id='par_1_11' title="bbox 248 985 1823 1061">
     <span class='ocr_line' id='line_1_11' title="bbox 248 985 1823 1061; baseline -0.001 -15"><span class='ocrx_word' id='word_1_61' title='bbox 248 993 298 1046; x_wconf 90' lang='grc' dir='ltr'><strong>οἰ</strong></span> <span class='ocrx_word' id='word_1_62' title='bbox 328 992 391 1057; x_wconf 80' lang='grc' dir='ltr'>ἐξ</span> <span class='ocrx_word' id='word_1_63' title='bbox 416 990 581 1045; x_wconf 86' lang='grc' dir='ltr'>αὐτοῦ</span> <span class='ocrx_word' id='word_1_64' title='bbox 622 989 763 1044; x_wconf 81' lang='grc' dir='ltr'>κατὰ</span> <span class='ocrx_word' id='word_1_65' title='bbox 797 989 994 1061; x_wconf 85' lang='grc' dir='ltr'>σάρκα.</span> <span class='ocrx_word' id='word_1_66' title='bbox 1023 989 1114 1042; x_wconf 85' lang='grc' dir='ltr'><strong>Διὸ</strong></span> <span class='ocrx_word' id='word_1_67' title='bbox 1147 989 1239 1042; x_wconf 79' lang='grc' dir='ltr'>καὶ</span> <span class='ocrx_word' id='word_1_68' title='bbox 1266 985 1410 1042; x_wconf 85' lang='grc' dir='ltr'>οῐκον</span> <span class='ocrx_word' id='word_1_69' title='bbox 1436 987 1600 1042; x_wconf 81' lang='grc' dir='ltr'>αὑτοῦ</span> <span class='ocrx_word' id='word_1_70' title='bbox 1624 985 1823 1057; x_wconf 67' lang='grc' dir='ltr'><strong>ὀνομάμ-</strong></span> 
     </span>
    </p>
   </div>
   <div class='ocr_carea' id='block_1_12' title="bbox 251 1081 674 1147">
    <p class='ocr_par' dir='ltr' id='par_1_12' title="bbox 251 1081 674 1147">
     <span class='ocr_line' id='line_1_12' title="bbox 251 1081 674 1147; baseline 0 -11"><span class='ocrx_word' id='word_1_71' title='bbox 251 1083 332 1147; x_wconf 82' lang='grc' dir='ltr'>ζει</span> <span class='ocrx_word' id='word_1_72' title='bbox 365 1081 460 1136; x_wconf 87' lang='grc' dir='ltr'><strong>τοῦ</strong></span> <span class='ocrx_word' id='word_1_73' title='bbox 492 1081 674 1136; x_wconf 79' lang='grc' dir='ltr'>Δαυῖδ.</span> 
     </span>
    </p>
   </div>
   <div class='ocr_carea' id='block_1_13' title="bbox 332 1167 1822 1240">
    <p class='ocr_par' dir='ltr' id='par_1_13' title="bbox 332 1167 1822 1240">
     <span class='ocr_line' id='line_1_13' title="bbox 332 1167 1822 1240; baseline -0.003 -16"><span class='ocrx_word' id='word_1_74' title='bbox 332 1169 702 1240; x_wconf 81' lang='grc' dir='ltr'>Ἐρωτήσατε</span> <span class='ocrx_word' id='word_1_75' title='bbox 742 1169 819 1239; x_wconf 80' lang='grc' dir='ltr'>δὴ</span> <span class='ocrx_word' id='word_1_76' title='bbox 849 1168 924 1224; x_wconf 83' lang='grc' dir='ltr'>τὰ</span> <span class='ocrx_word' id='word_1_77' title='bbox 950 1171 1036 1235; x_wconf 82' lang='grc' dir='ltr'><strong>εἰς</strong></span> <span class='ocrx_word' id='word_1_78' title='bbox 1077 1167 1324 1238; x_wconf 78' lang='grc' dir='ltr'>εἰρήνην</span> <span class='ocrx_word' id='word_1_79' title='bbox 1370 1167 1483 1237; x_wconf 77' lang='grc' dir='ltr'>τὴν</span> <span class='ocrx_word' id='word_1_80' title='bbox 1525 1167 1822 1236; x_wconf 83' lang='grc' dir='ltr'>Ἰερουσα-</span> 
     </span>
    </p>
   </div>
   <div class='ocr_carea' id='block_1_14' title="bbox 248 1251 1820 1329">
    <p class='ocr_par' dir='ltr' id='par_1_14' title="bbox 248 1251 1820 1329">
     <span class='ocr_line' id='line_1_14' title="bbox 248 1251 1820 1329; baseline -0.004 -14"><span class='ocrx_word' id='word_1_81' title='bbox 248 1259 392 1329; x_wconf 67' lang='grc' dir='ltr'>λήμ.</span> <span class='ocrx_word' id='word_1_82' title='bbox 422 1259 704 1322; x_wconf 85' lang='grc' dir='ltr'>Μαθόντες</span> <span class='ocrx_word' id='word_1_83' title='bbox 723 1299 740 1325; x_wconf 94' lang='grc'><strong>,</strong></span> <span class='ocrx_word' id='word_1_84' title='bbox 778 1257 824 1313; x_wconf 87' lang='grc' dir='ltr'><strong>ῶ</strong></span> <span class='ocrx_word' id='word_1_85' title='bbox 850 1251 994 1312; x_wconf 76' lang='grc' dir='ltr'>οὗτοι</span> <span class='ocrx_word' id='word_1_86' title='bbox 1013 1296 1028 1321; x_wconf 89' lang='grc'><strong>,</strong></span> <span class='ocrx_word' id='word_1_87' title='bbox 1061 1256 1145 1321; x_wconf 90' lang='grc' dir='ltr'><strong>τίς</strong></span> <span class='ocrx_word' id='word_1_88' title='bbox 1185 1275 1312 1310; x_wconf 89' lang='grc' dir='ltr'>ποτε</span> <span class='ocrx_word' id='word_1_89' title='bbox 1338 1252 1406 1328; x_wconf 83' lang='grc' dir='ltr'><strong>ἧν</strong></span> <span class='ocrx_word' id='word_1_90' title='bbox 1450 1257 1820 1328; x_wconf 82' lang='grc' dir='ltr'>Ἰερουσαλὴμ,</span> 
     </span>
    </p>
   </div>
   <div class='ocr_carea' id='block_1_15' title="bbox 250 1348 1820 1424">
    <p class='ocr_par' dir='ltr' id='par_1_15' title="bbox 250 1348 1820 1424">
     <span class='ocr_line' id='line_1_15' title="bbox 250 1348 1820 1424; baseline -0.003 -18"><span class='ocrx_word' id='word_1_91' title='bbox 250 1352 476 1424; x_wconf 75' lang='grc' dir='ltr'><strong>εὔχεσθε</strong></span> <span class='ocrx_word' id='word_1_92' title='bbox 505 1353 641 1424; x_wconf 85' lang='grc' dir='ltr'>ὑπὲρ</span> <span class='ocrx_word' id='word_1_93' title='bbox 667 1354 764 1423; x_wconf 74' lang='grc' dir='ltr'><strong>τῆς</strong></span> <span class='ocrx_word' id='word_1_94' title='bbox 797 1353 1018 1424; x_wconf 82' lang='grc' dir='ltr'>εἰρήνης</span> <span class='ocrx_word' id='word_1_95' title='bbox 1047 1351 1216 1422; x_wconf 80' lang='grc' dir='ltr'>αὐτῆς</span> <span class='ocrx_word' id='word_1_96' title='bbox 1235 1390 1249 1416; x_wconf 94' lang='grc'><strong>,</strong></span> <span class='ocrx_word' id='word_1_97' title='bbox 1280 1349 1442 1420; x_wconf 81' lang='grc' dir='ltr'>μηδὲν</span> <span class='ocrx_word' id='word_1_98' title='bbox 1471 1348 1820 1420; x_wconf 74' lang='grc' dir='ltr'>ἐκζητοῦντες</span> 
     </span>
    </p>
   </div>
   <div class='ocr_carea' id='block_1_16' title="bbox 248 1440 1609 1515">
    <p class='ocr_par' dir='ltr' id='par_1_16' title="bbox 248 1440 1609 1515">
     <span class='ocr_line' id='line_1_16' title="bbox 248 1440 1609 1515; baseline -0.003 -18"><span class='ocrx_word' id='word_1_99' title='bbox 248 1443 434 1515; x_wconf 81' lang='grc' dir='ltr'>ἓτερον</span> <span class='ocrx_word' id='word_1_100' title='bbox 462 1443 495 1514; x_wconf 82' lang='grc' dir='ltr'>ἢ</span> <span class='ocrx_word' id='word_1_101' title='bbox 524 1443 592 1495; x_wconf 81' lang='grc' dir='ltr'>τὰ</span> <span class='ocrx_word' id='word_1_102' title='bbox 617 1443 753 1514; x_wconf 75' lang='grc' dir='ltr'>πρὸς</span> <span class='ocrx_word' id='word_1_103' title='bbox 789 1443 1011 1514; x_wconf 86' lang='grc' dir='ltr'>εἰρήνην</span> <span class='ocrx_word' id='word_1_104' title='bbox 1036 1441 1204 1511; x_wconf 81' lang='grc' dir='ltr'>αὐτῆς</span> <span class='ocrx_word' id='word_1_105' title='bbox 1238 1440 1609 1495; x_wconf 90' lang='grc' dir='ltr'>συντελοῦντα.</span> 
     </span>
    </p>
   </div>
   <div class='ocr_carea' id='block_1_17' title="bbox 322 1529 1820 1604">
    <p class='ocr_par' dir='ltr' id='par_1_17' title="bbox 322 1529 1820 1604">
     <span class='ocr_line' id='line_1_17' title="bbox 322 1529 1820 1604; baseline -0.004 -15"><span class='ocrx_word' id='word_1_106' title='bbox 322 1537 602 1589; x_wconf 82' lang='grc' dir='ltr'>Γενέσθω</span> <span class='ocrx_word' id='word_1_107' title='bbox 632 1533 708 1603; x_wconf 82' lang='grc' dir='ltr'>δὴ</span> <span class='ocrx_word' id='word_1_108' title='bbox 737 1533 941 1604; x_wconf 85' lang='grc' dir='ltr'>εἰρήνη</span> <span class='ocrx_word' id='word_1_109' title='bbox 960 1534 1031 1587; x_wconf 85' lang='grc' dir='ltr'><strong>ἐν</strong></span> <span class='ocrx_word' id='word_1_110' title='bbox 1055 1533 1129 1602; x_wconf 80' lang='grc' dir='ltr'>τῇ</span> <span class='ocrx_word' id='word_1_111' title='bbox 1153 1531 1403 1601; x_wconf 80' lang='grc' dir='ltr'><strong>δυνάμει</strong></span> <span class='ocrx_word' id='word_1_112' title='bbox 1431 1547 1569 1597; x_wconf 86' lang='grc' dir='ltr'>σου,</span> <span class='ocrx_word' id='word_1_113' title='bbox 1597 1529 1694 1584; x_wconf 85' lang='grc' dir='ltr'><strong>καί</strong></span> <span class='ocrx_word' id='word_1_114' title='bbox 1725 1531 1820 1584; x_wconf 81' lang='grc' dir='ltr'><strong>εὑ·-</strong></span> 
     </span>
    </p>
   </div>
   <div class='ocr_carea' id='block_1_18' title="bbox 1926 529 3494 600">
    <p class='ocr_par' dir='ltr' id='par_1_18' title="bbox 1926 529 3494 600">
     <span class='ocr_line' id='line_1_18' title="bbox 1926 529 3494 600; baseline 0.001 -16"><span class='ocrx_word' id='word_1_115' title='bbox 1926 540 2070 585; x_wconf 89' lang='lat' dir='ltr'><strong>nata.</strong></span> <span class='ocrx_word' id='word_1_116' title='bbox 2120 529 2240 586; x_wconf 84' lang='lat' dir='ltr'><strong>Jam</strong></span> <span class='ocrx_word' id='word_1_117' title='bbox 2267 546 2395 586; x_wconf 88' lang='lat' dir='ltr'><strong>vero</strong></span> <span class='ocrx_word' id='word_1_118' title='bbox 2419 531 2661 585; x_wconf 89' lang='lat' dir='ltr'><strong>omnium</strong></span> <span class='ocrx_word' id='word_1_119' title='bbox 2692 532 2848 584; x_wconf 88' lang='lat' dir='ltr'><strong>ruina</strong></span> <span class='ocrx_word' id='word_1_120' title='bbox 2897 531 3135 584; x_wconf 89' lang='lat' dir='ltr'><strong>cernitur</strong></span> <span class='ocrx_word' id='word_1_121' title='bbox 3165 539 3218 586; x_wconf 90' lang='lat' dir='ltr'><strong>et</strong></span> <span class='ocrx_word' id='word_1_122' title='bbox 3251 531 3494 600; x_wconf 73' lang='lat' dir='ltr'><strong>pristinae</strong></span> 
     </span>
    </p>
   </div>
   <div class='ocr_carea' id='block_1_19' title="bbox 1924 621 3495 693">
    <p class='ocr_par' dir='ltr' id='par_1_19' title="bbox 1924 621 3495 693">
     <span class='ocr_line' id='line_1_19' title="bbox 1924 621 3495 693; baseline 0.001 -18"><span class='ocrx_word' id='word_1_123' title='bbox 1924 622 2198 677; x_wconf 85' lang='lat' dir='ltr'><strong>felicitatis</strong></span> <span class='ocrx_word' id='word_1_124' title='bbox 2251 623 2491 693; x_wconf 72' lang='lat' dir='ltr'><strong>reliquis:</strong></span> <span class='ocrx_word' id='word_1_125' title='bbox 2537 624 2765 693; x_wconf 61' lang='lat' dir='ltr'><strong>exiguas.</strong></span> <span class='ocrx_word' id='word_1_126' title='bbox 2832 621 3026 676; x_wconf 80' lang='lat' dir='ltr'><strong>Throni</strong></span> <span class='ocrx_word' id='word_1_127' title='bbox 3074 639 3229 691; x_wconf 84' lang='lat' dir='ltr'><strong><em>super</em></strong></span> <span class='ocrx_word' id='word_1_128' title='bbox 3279 624 3495 676; x_wconf 84' lang='lat' dir='ltr'><strong>domum</strong></span> 
     </span>
    </p>
   </div>
   <div class='ocr_carea' id='block_1_20' title="bbox 1927 712 3490 784">
    <p class='ocr_par' dir='ltr' id='par_1_20' title="bbox 1927 712 3490 784">
     <span class='ocr_line' id='line_1_20' title="bbox 1927 712 3490 784; baseline 0.001 -18"><span class='ocrx_word' id='word_1_129' title='bbox 1927 713 2116 767; x_wconf 76' lang='lat' dir='ltr'><strong>“David.</strong></span> <span class='ocrx_word' id='word_1_130' title='bbox 2151 715 2208 767; x_wconf 91' lang='lat' dir='ltr'><strong>In</strong></span> <span class='ocrx_word' id='word_1_131' title='bbox 2239 714 2361 780; x_wconf 91' lang='lat' dir='ltr'><strong>hac,</strong></span> <span class='ocrx_word' id='word_1_132' title='bbox 2394 715 2594 784; x_wconf 92' lang='lat' dir='ltr'><strong>inquit,</strong></span> <span class='ocrx_word' id='word_1_133' title='bbox 2627 715 2872 780; x_wconf 91' lang='lat' dir='ltr'><strong>civitate,</strong></span> <span class='ocrx_word' id='word_1_134' title='bbox 2901 714 2951 766; x_wconf 85' lang='lat' dir='ltr'><strong>id</strong></span> <span class='ocrx_word' id='word_1_135' title='bbox 2978 723 3060 769; x_wconf 89' lang='lat' dir='ltr'><strong>est</strong></span> <span class='ocrx_word' id='word_1_136' title='bbox 3092 715 3144 767; x_wconf 92' lang='lat' dir='ltr'><strong>in</strong></span> <span class='ocrx_word' id='word_1_137' title='bbox 3167 712 3490 778; x_wconf 83' lang='lat' dir='ltr'><strong>Jerusalem,</strong></span> 
     </span>
    </p>
   </div>
   <div class='ocr_carea' id='block_1_21' title="bbox 1925 806 3490 877">
    <p class='ocr_par' dir='ltr' id='par_1_21' title="bbox 1925 806 3490 877">
     <span class='ocr_line' id='line_1_21' title="bbox 1925 806 3490 877; baseline -0.002 -15"><span class='ocrx_word' id='word_1_138' title='bbox 1925 808 2104 862; x_wconf 89' lang='lat' dir='ltr'><strong>throni</strong></span> <span class='ocrx_word' id='word_1_139' title='bbox 2143 808 2275 874; x_wconf 72' lang='lat' dir='ltr'><strong>regii</strong></span> <span class='ocrx_word' id='word_1_140' title='bbox 2307 808 2464 877; x_wconf 88' lang='lat' dir='ltr'><strong>positi</strong></span> <span class='ocrx_word' id='word_1_141' title='bbox 2507 817 2669 874; x_wconf 93' lang='lat' dir='ltr'><strong>sunt,</strong></span> <span class='ocrx_word' id='word_1_142' title='bbox 2702 808 2755 860; x_wconf 92' lang='lat' dir='ltr'><strong>in</strong></span> <span class='ocrx_word' id='word_1_143' title='bbox 2790 807 2992 876; x_wconf 85' lang='lat' dir='ltr'><strong>quibus</strong></span> <span class='ocrx_word' id='word_1_144' title='bbox 3029 807 3301 875; x_wconf 82' lang='lat' dir='ltr'><strong>justorum</strong></span> <span class='ocrx_word' id='word_1_145' title='bbox 3339 806 3490 875; x_wconf 82' lang='lat' dir='ltr'><strong>judi-</strong></span> 
     </span>
    </p>
   </div>
   <div class='ocr_carea' id='block_1_22' title="bbox 1923 899 3495 971">
    <p class='ocr_par' dir='ltr' id='par_1_22' title="bbox 1923 899 3495 971">
     <span class='ocr_line' id='line_1_22' title="bbox 1923 899 3495 971; baseline -0.002 -14"><span class='ocrx_word' id='word_1_146' title='bbox 1923 902 2066 957; x_wconf 88' lang='lat' dir='ltr'><strong>cium</strong></span> <span class='ocrx_word' id='word_1_147' title='bbox 2104 903 2367 957; x_wconf 85' lang='lat' dir='ltr'><strong>redditur.</strong></span> <span class='ocrx_word' id='word_1_148' title='bbox 2455 901 2606 968; x_wconf 85' lang='lat' dir='ltr'><strong>Quos</strong></span> <span class='ocrx_word' id='word_1_149' title='bbox 2663 901 2813 971; x_wconf 92' lang='lat' dir='ltr'><strong>prior</strong></span> <span class='ocrx_word' id='word_1_150' title='bbox 2845 902 3130 969; x_wconf 83' lang='lat' dir='ltr'><strong>occupavit</strong></span> <span class='ocrx_word' id='word_1_151' title='bbox 3185 899 3348 954; x_wconf 75' lang='lat' dir='ltr'><strong>David</strong></span> <span class='ocrx_word' id='word_1_152' title='bbox 3373 941 3389 965; x_wconf 91' lang='lat'><strong>,</strong></span> <span class='ocrx_word' id='word_1_153' title='bbox 3429 914 3495 954; x_wconf 90' lang='lat' dir='ltr'><strong>ac</strong></span> 
     </span>
    </p>
   </div>
   <div class='ocr_carea' id='block_1_23' title="bbox 1921 993 3490 1064">
    <p class='ocr_par' dir='ltr' id='par_1_23' title="bbox 1921 993 3490 1064">
     <span class='ocr_line' id='line_1_23' title="bbox 1921 993 3490 1064; baseline -0.001 -14"><span class='ocrx_word' id='word_1_154' title='bbox 1921 995 2116 1050; x_wconf 90' lang='lat' dir='ltr'><strong>deinde</strong></span> <span class='ocrx_word' id='word_1_155' title='bbox 2166 998 2258 1064; x_wconf 91' lang='lat' dir='ltr'><strong>qui</strong></span> <span class='ocrx_word' id='word_1_156' title='bbox 2311 1010 2375 1048; x_wconf 84' lang='lat' dir='ltr'><strong>ex</strong></span> <span class='ocrx_word' id='word_1_157' title='bbox 2415 995 2508 1048; x_wconf 92' lang='lat' dir='ltr'><strong>illo</strong></span> <span class='ocrx_word' id='word_1_158' title='bbox 2571 994 2867 1048; x_wconf 75' lang='lat' dir='ltr'><strong>secundum</strong></span> <span class='ocrx_word' id='word_1_159' title='bbox 2913 1008 3132 1048; x_wconf 87' lang='lat' dir='ltr'><strong>carnem</strong></span> <span class='ocrx_word' id='word_1_160' title='bbox 3189 993 3291 1046; x_wconf 83' lang='lat' dir='ltr'><strong>orti</strong></span> <span class='ocrx_word' id='word_1_161' title='bbox 3341 1003 3490 1049; x_wconf 89' lang='lat' dir='ltr'><strong>sunt.</strong></span> 
     </span>
    </p>
   </div>
   <div class='ocr_carea' id='block_1_24' title="bbox 1921 1083 3242 1155">
    <p class='ocr_par' dir='ltr' id='par_1_24' title="bbox 1921 1083 3242 1155">
     <span class='ocr_line' id='line_1_24' title="bbox 1921 1083 3242 1155; baseline -0.003 -17"><span class='ocrx_word' id='word_1_162' title='bbox 1921 1083 2260 1155; x_wconf 82' lang='lat' dir='ltr'><strong>Quapropter</strong></span> <span class='ocrx_word' id='word_1_163' title='bbox 2281 1085 2505 1140; x_wconf 89' lang='lat' dir='ltr'><strong>domum</strong></span> <span class='ocrx_word' id='word_1_164' title='bbox 2532 1084 2705 1154; x_wconf 85' lang='lat' dir='ltr'><strong>ipsius</strong></span> <span class='ocrx_word' id='word_1_165' title='bbox 2741 1083 2907 1136; x_wconf 88' lang='lat' dir='ltr'><strong>David</strong></span> <span class='ocrx_word' id='word_1_166' title='bbox 2943 1092 3242 1151; x_wconf 89' lang='lat' dir='ltr'><strong>nuncupat.</strong></span> 
     </span>
    </p>
   </div>
   <div class='ocr_carea' id='block_1_25' title="bbox 1990 1172 3492 1246">
    <p class='ocr_par' dir='ltr' id='par_1_25' title="bbox 1990 1172 3492 1246">
     <span class='ocr_line' id='line_1_25' title="bbox 1990 1172 3492 1246; baseline 0 -17"><span class='ocrx_word' id='word_1_167' title='bbox 1990 1175 2044 1229; x_wconf 89' lang='lat'><strong>6.</strong></span> <span class='ocrx_word' id='word_1_168' title='bbox 2073 1175 2274 1246; x_wconf 84' lang='lat' dir='ltr'><strong>Rogate</strong></span> <span class='ocrx_word' id='word_1_169' title='bbox 2301 1191 2417 1246; x_wconf 80' lang='lat' dir='ltr'><strong>qua:</strong></span> <span class='ocrx_word' id='word_1_170' title='bbox 2452 1176 2520 1228; x_wconf 85' lang='lat' dir='ltr'><strong>ad</strong></span> <span class='ocrx_word' id='word_1_171' title='bbox 2563 1191 2743 1245; x_wconf 88' lang='lat' dir='ltr'><strong>pacem</strong></span> <span class='ocrx_word' id='word_1_172' title='bbox 2793 1183 2916 1228; x_wconf 86' lang='lat' dir='ltr'><strong>sunt</strong></span> <span class='ocrx_word' id='word_1_173' title='bbox 2965 1173 3282 1227; x_wconf 77' lang='lat' dir='ltr'><strong>Jerusalem.</strong></span> <span class='ocrx_word' id='word_1_174' title='bbox 3346 1172 3492 1229; x_wconf 84' lang='lat' dir='ltr'><strong>Heus</strong></span> 
     </span>
    </p>
   </div>
   <div class='ocr_carea' id='block_1_26' title="bbox 1919 1264 3489 1339">
    <p class='ocr_par' dir='ltr' id='par_1_26' title="bbox 1919 1264 3489 1339">
     <span class='ocr_line' id='line_1_26' title="bbox 1919 1264 3489 1339; baseline 0 -19"><span class='ocrx_word' id='word_1_175' title='bbox 1919 1282 2042 1329; x_wconf 87' lang='lat' dir='ltr'><strong>vos.</strong></span> <span class='ocrx_word' id='word_1_176' title='bbox 2082 1284 2206 1324; x_wconf 89' lang='lat' dir='ltr'><strong>cum</strong></span> <span class='ocrx_word' id='word_1_177' title='bbox 2229 1269 2530 1324; x_wconf 85' lang='lat' dir='ltr'><strong>didiceritis</strong></span> <span class='ocrx_word' id='word_1_178' title='bbox 2551 1283 2800 1339; x_wconf 76' lang='lat' dir='ltr'><strong>quamam</strong></span> <span class='ocrx_word' id='word_1_179' title='bbox 2829 1267 2958 1322; x_wconf 89' lang='lat' dir='ltr'><strong>olim</strong></span> <span class='ocrx_word' id='word_1_180' title='bbox 2988 1264 3290 1320; x_wconf 83' lang='lat' dir='ltr'><strong>Jerusalem</strong></span> <span class='ocrx_word' id='word_1_181' title='bbox 3319 1275 3489 1330; x_wconf 86' lang='lat' dir='ltr'><strong>esset,</strong></span> 
     </span>
    </p>
   </div>
   <div class='ocr_carea' id='block_1_27' title="bbox 1920 1357 3490 1430">
    <p class='ocr_par' dir='ltr' id='par_1_27' title="bbox 1920 1357 3490 1430">
     <span class='ocr_line' id='line_1_27' title="bbox 1920 1357 3490 1430; baseline 0.001 -17"><span class='ocrx_word' id='word_1_182' title='bbox 1920 1361 2222 1430; x_wconf 88' lang='lat' dir='ltr'><strong>precamini</strong></span> <span class='ocrx_word' id='word_1_183' title='bbox 2260 1376 2358 1429; x_wconf 92' lang='lat' dir='ltr'><strong>pro</strong></span> <span class='ocrx_word' id='word_1_184' title='bbox 2409 1375 2539 1430; x_wconf 87' lang='lat' dir='ltr'><strong>pace</strong></span> <span class='ocrx_word' id='word_1_185' title='bbox 2591 1361 2712 1430; x_wconf 87' lang='lat' dir='ltr'><strong>ejus</strong></span> <span class='ocrx_word' id='word_1_186' title='bbox 2737 1399 2753 1424; x_wconf 91' lang='lat'><strong>,</strong></span> <span class='ocrx_word' id='word_1_187' title='bbox 2788 1359 2924 1413; x_wconf 89' lang='lat' dir='ltr'><strong>nihil</strong></span> <span class='ocrx_word' id='word_1_188' title='bbox 2956 1358 3102 1413; x_wconf 86' lang='lat' dir='ltr'><strong>aliud</strong></span> <span class='ocrx_word' id='word_1_189' title='bbox 3153 1357 3490 1428; x_wconf 86' lang='lat' dir='ltr'><strong>requirentes</strong></span> 
     </span>
    </p>
   </div>
   <div class='ocr_carea' id='block_1_28' title="bbox 1920 1450 3032 1522">
    <p class='ocr_par' dir='ltr' id='par_1_28' title="bbox 1920 1450 3032 1522">
     <span class='ocr_line' id='line_1_28' title="bbox 1920 1450 3032 1522; baseline -0.004 -16"><span class='ocrx_word' id='word_1_190' title='bbox 1920 1466 2084 1521; x_wconf 91' lang='lat' dir='ltr'><strong>quam</strong></span> <span class='ocrx_word' id='word_1_191' title='bbox 2114 1467 2236 1522; x_wconf 82' lang='lat' dir='ltr'><strong>quae</strong></span> <span class='ocrx_word' id='word_1_192' title='bbox 2265 1453 2332 1506; x_wconf 92' lang='lat' dir='ltr'><strong>ad</strong></span> <span class='ocrx_word' id='word_1_193' title='bbox 2362 1467 2546 1522; x_wconf 84' lang='lat' dir='ltr'><strong>pacem</strong></span> <span class='ocrx_word' id='word_1_194' title='bbox 2570 1451 2689 1522; x_wconf 84' lang='lat' dir='ltr'><strong>ejus</strong></span> <span class='ocrx_word' id='word_1_195' title='bbox 2723 1450 3032 1506; x_wconf 84' lang='lat' dir='ltr'><strong>conducunt</strong></span> 
     </span>
    </p>
   </div>
   <div class='ocr_carea' id='block_1_29' title="bbox 1993 1543 3487 1618">
    <p class='ocr_par' dir='ltr' id='par_1_29' title="bbox 1993 1543 3487 1618">
     <span class='ocr_line' id='line_1_29' title="bbox 1993 1543 3487 1618; baseline -0.003 -18"><span class='ocrx_word' id='word_1_196' title='bbox 1993 1547 2044 1603; x_wconf 91' lang='lat'><strong>7.</strong></span> <span class='ocrx_word' id='word_1_197' title='bbox 2079 1547 2206 1602; x_wconf 82' lang='lat' dir='ltr'><strong>Fiat</strong></span> <span class='ocrx_word' id='word_1_198' title='bbox 2235 1564 2342 1618; x_wconf 76' lang='lat' dir='ltr'><strong>pax</strong></span> <span class='ocrx_word' id='word_1_199' title='bbox 2366 1549 2419 1602; x_wconf 85' lang='lat' dir='ltr'><strong>in</strong></span> <span class='ocrx_word' id='word_1_200' title='bbox 2450 1549 2642 1602; x_wconf 84' lang='lat' dir='ltr'><strong>virtute</strong></span> <span class='ocrx_word' id='word_1_201' title='bbox 2687 1555 2778 1600; x_wconf 89' lang='lat' dir='ltr'><strong>tua</strong></span> <span class='ocrx_word' id='word_1_202' title='bbox 2806 1588 2821 1613; x_wconf 94' lang='lat'><strong>,</strong></span> <span class='ocrx_word' id='word_1_203' title='bbox 2851 1556 2900 1599; x_wconf 90' lang='lat' dir='ltr'><strong>et</strong></span> <span class='ocrx_word' id='word_1_204' title='bbox 2935 1543 3266 1598; x_wconf 77' lang='lat' dir='ltr'><strong>abundantia</strong></span> <span class='ocrx_word' id='word_1_205' title='bbox 3292 1545 3348 1597; x_wconf 91' lang='lat' dir='ltr'><strong>in</strong></span> <span class='ocrx_word' id='word_1_206' title='bbox 3377 1552 3487 1597; x_wconf 65' lang='lat' dir='ltr'><strong>tur«</strong></span> 
     </span>
    </p>
   </div>
   <div class='ocr_carea' id='block_1_30' title="bbox 249 1621 1821 1708">
    <p class='ocr_par' dir='ltr' id='par_1_30' title="bbox 249 1621 1820 1694">
     <span class='ocr_line' id='line_1_30' title="bbox 249 1621 1820 1694; baseline -0.002 -18"><span class='ocrx_word' id='word_1_207' title='bbox 249 1625 424 1693; x_wconf 81' lang='grc' dir='ltr'>θηνια</span> <span class='ocrx_word' id='word_1_208' title='bbox 453 1625 524 1678; x_wconf 83' lang='grc' dir='ltr'><strong>ἐν</strong></span> <span class='ocrx_word' id='word_1_209' title='bbox 554 1624 678 1690; x_wconf 83' lang='grc' dir='ltr'>τοῖς</span> <span class='ocrx_word' id='word_1_210' title='bbox 701 1622 1101 1694; x_wconf 74' lang='grc' dir='ltr'>πυργοόἀρεσί</span> <span class='ocrx_word' id='word_1_211' title='bbox 1122 1637 1258 1677; x_wconf 87' lang='grc' dir='ltr'>σου.</span> <span class='ocrx_word' id='word_1_212' title='bbox 1301 1623 1444 1676; x_wconf 80' lang='grc' dir='ltr'>Ἀντί</span> <span class='ocrx_word' id='word_1_213' title='bbox 1475 1621 1590 1686; x_wconf 83' lang='grc' dir='ltr'>τοῦ,</span> <span class='ocrx_word' id='word_1_214' title='bbox 1624 1623 1682 1675; x_wconf 86' lang='grc' dir='ltr'><strong>ἐν</strong></span> <span class='ocrx_word' id='word_1_215' title='bbox 1710 1622 1820 1684; x_wconf 80' lang='grc' dir='ltr'>τοῖς</span> 
     </span>
    </p>
   </div>
   <div class='ocr_carea' id='block_1_31' title="bbox 1949 1621 3488 1708">
    <p class='ocr_par' dir='ltr' id='par_1_31' title="bbox 1949 1635 3488 1708">
     <span class='ocr_line' id='line_1_31' title="bbox 1949 1635 3488 1708; baseline -0.003 -16"><span class='ocrx_word' id='word_1_216' title='bbox 1949 1641 2063 1692; x_wconf 88' lang='lat' dir='ltr'><strong>ibus</strong></span> <span class='ocrx_word' id='word_1_217' title='bbox 2096 1641 2222 1693; x_wconf 90' lang='lat' dir='ltr'><strong>tuis.</strong></span> <span class='ocrx_word' id='word_1_218' title='bbox 2258 1640 2336 1694; x_wconf 78' lang='lat' dir='ltr'><strong>Ac</strong></span> <span class='ocrx_word' id='word_1_219' title='bbox 2364 1641 2410 1694; x_wconf 90' lang='lat' dir='ltr'><strong>si</strong></span> <span class='ocrx_word' id='word_1_220' title='bbox 2443 1639 2618 1702; x_wconf 89' lang='lat' dir='ltr'><strong>dicat,</strong></span> <span class='ocrx_word' id='word_1_221' title='bbox 2649 1639 2704 1692; x_wconf 87' lang='lat' dir='ltr'><strong>in</strong></span> <span class='ocrx_word' id='word_1_222' title='bbox 2744 1635 2888 1708; x_wconf 77' lang='lat' dir='ltr'><strong>regia</strong></span> <span class='ocrx_word' id='word_1_223' title='bbox 2925 1647 3033 1691; x_wconf 87' lang='lat' dir='ltr'><strong>tua.</strong></span> <span class='ocrx_word' id='word_1_224' title='bbox 3077 1635 3260 1705; x_wconf 81' lang='lat' dir='ltr'><strong>Rogo,</strong></span> <span class='ocrx_word' id='word_1_225' title='bbox 3292 1635 3488 1704; x_wconf 88' lang='lat' dir='ltr'><strong>inquit,</strong></span> 
     </span>
    </p>
   </div>
   <div class='ocr_carea' id='block_1_32' title="bbox 251 1708 1821 1800">
    <p class='ocr_par' dir='ltr' id='par_1_32' title="bbox 251 1708 1820 1786">
     <span class='ocr_line' id='line_1_32' title="bbox 251 1708 1820 1786; baseline -0.003 -18"><span class='ocrx_word' id='word_1_226' title='bbox 251 1716 541 1786; x_wconf 79' lang='grc' dir='ltr'><strong>βασιλείοις</strong></span> <span class='ocrx_word' id='word_1_227' title='bbox 565 1733 678 1769; x_wconf 91' lang='grc' dir='ltr'>σου.</span> <span class='ocrx_word' id='word_1_228' title='bbox 700 1714 942 1786; x_wconf 83' lang='grc' dir='ltr'>Εῦχομαί</span> <span class='ocrx_word' id='word_1_229' title='bbox 972 1732 1071 1780; x_wconf 88' lang='grc' dir='ltr'>σοι,</span> <span class='ocrx_word' id='word_1_230' title='bbox 1103 1715 1255 1785; x_wconf 76' lang='grc' dir='ltr'>φησὶ,</span> <span class='ocrx_word' id='word_1_231' title='bbox 1289 1713 1358 1768; x_wconf 82' lang='grc' dir='ltr'>τὰ</span> <span class='ocrx_word' id='word_1_232' title='bbox 1383 1708 1563 1782; x_wconf 85' lang='grc' dir='ltr'>ἀγαθὰ</span> <span class='ocrx_word' id='word_1_233' title='bbox 1585 1712 1672 1766; x_wconf 77' lang='grc' dir='ltr'><strong>διὰ</strong></span> <span class='ocrx_word' id='word_1_234' title='bbox 1694 1712 1820 1773; x_wconf 82' lang='grc' dir='ltr'>τοὺς</span> 
     </span>
    </p>
   </div>
   <div class='ocr_carea' id='block_1_33' title="bbox 1949 1708 3488 1800">
    <p class='ocr_par' dir='ltr' id='par_1_33' title="bbox 1949 1726 3488 1800">
     <span class='ocr_line' id='line_1_33' title="bbox 1949 1726 3488 1800; baseline -0.003 -16"><span class='ocrx_word' id='word_1_235' title='bbox 1949 1731 2018 1785; x_wconf 90' lang='lat' dir='ltr'><strong>ibi</strong></span> <span class='ocrx_word' id='word_1_236' title='bbox 2044 1730 2204 1796; x_wconf 89' lang='lat' dir='ltr'><strong>bona,</strong></span> <span class='ocrx_word' id='word_1_237' title='bbox 2231 1737 2450 1800; x_wconf 91' lang='lat' dir='ltr'><strong>propter</strong></span> <span class='ocrx_word' id='word_1_238' title='bbox 2478 1730 2848 1784; x_wconf 83' lang='lat' dir='ltr'><strong>inhabitantes</strong></span> <span class='ocrx_word' id='word_1_239' title='bbox 2872 1729 2923 1781; x_wconf 92' lang='lat' dir='ltr'><strong>in</strong></span> <span class='ocrx_word' id='word_1_240' title='bbox 2960 1737 3010 1783; x_wconf 92' lang='lat' dir='ltr'><strong>te</strong></span> <span class='ocrx_word' id='word_1_241' title='bbox 3035 1766 3052 1794; x_wconf 92' lang='lat'><strong>,</strong></span> <span class='ocrx_word' id='word_1_242' title='bbox 3081 1729 3173 1796; x_wconf 91' lang='lat' dir='ltr'><strong>qui</strong></span> <span class='ocrx_word' id='word_1_243' title='bbox 3199 1726 3488 1796; x_wconf 83' lang='lat' dir='ltr'><strong>propinqui</strong></span> 
     </span>
    </p>
   </div>
   <div class='ocr_carea' id='block_1_34' title="bbox 249 1787 1821 1890">
    <p class='ocr_par' dir='ltr' id='par_1_34' title="bbox 249 1802 1821 1877">
     <span class='ocr_line' id='line_1_34' title="bbox 249 1802 1821 1877; baseline -0.003 -17"><span class='ocrx_word' id='word_1_244' title='bbox 249 1807 589 1872; x_wconf 69' lang='grc' dir='ltr'>ἐνοικοῦντας</span> <span class='ocrx_word' id='word_1_245' title='bbox 621 1809 680 1860; x_wconf 89' lang='grc' dir='ltr'><strong>ἐν</strong></span> <span class='ocrx_word' id='word_1_246' title='bbox 714 1809 815 1871; x_wconf 80' lang='grc' dir='ltr'>σοὶ,</span> <span class='ocrx_word' id='word_1_247' title='bbox 838 1805 1060 1877; x_wconf 82' lang='grc' dir='ltr'>πλησίον</span> <span class='ocrx_word' id='word_1_248' title='bbox 1082 1806 1241 1870; x_wconf 78' lang='grc' dir='ltr'>ὄντας</span> <span class='ocrx_word' id='word_1_249' title='bbox 1260 1806 1355 1860; x_wconf 74' lang='grc' dir='ltr'>καὶ</span> <span class='ocrx_word' id='word_1_250' title='bbox 1378 1805 1654 1875; x_wconf 78' lang='grc' dir='ltr'>ἀδελφούς.</span> <span class='ocrx_word' id='word_1_251' title='bbox 1687 1802 1821 1857; x_wconf 83' lang='grc' dir='ltr'>Ταῦ·</span> 
     </span>
    </p>
   </div>
   <div class='ocr_carea' id='block_1_35' title="bbox 1949 1787 3490 1890">
    <p class='ocr_par' dir='ltr' id='par_1_35' title="bbox 1952 1787 3490 1890">
     <span class='ocr_line' id='line_1_35' title="bbox 1952 1787 3490 1890; baseline -0.003 -13"><span class='ocrx_word' id='word_1_252' title='bbox 1952 1831 1972 1877; x_wconf 94' lang='lat' dir='ltr'><strong>t</strong></span> <span class='ocrx_word' id='word_1_253' title='bbox 2002 1820 2198 1878; x_wconf 78' lang='lat' dir='ltr'><strong>fratres</strong></span> <span class='ocrx_word' id='word_1_254' title='bbox 2233 1787 2500 1878; x_wconf 51' lang='lat' dir='ltr'><strong>tui-sunt.</strong></span> <span class='ocrx_word' id='word_1_255' title='bbox 2531 1821 2654 1876; x_wconf 71' lang='lat' dir='ltr'><strong>llaec</strong></span> <span class='ocrx_word' id='word_1_256' title='bbox 2681 1837 2838 1876; x_wconf 89' lang='lat' dir='ltr'><strong>senes</strong></span> <span class='ocrx_word' id='word_1_257' title='bbox 2885 1820 3236 1890; x_wconf 70' lang='lat' dir='ltr'><strong>Jerosolymae</strong></span> <span class='ocrx_word' id='word_1_258' title='bbox 3265 1834 3490 1889; x_wconf 85' lang='lat' dir='ltr'><strong>precan-</strong></span> 
     </span>
    </p>
   </div>
   <div class='ocr_carea' id='block_1_36' title="bbox 248 1893 1821 1986">
    <p class='ocr_par' dir='ltr' id='par_1_36' title="bbox 248 1893 1821 1970">
     <span class='ocr_line' id='line_1_36' title="bbox 248 1893 1821 1970; baseline -0.002 -19"><span class='ocrx_word' id='word_1_259' title='bbox 248 1916 315 1953; x_wconf 86' lang='grc' dir='ltr'><strong>τα</strong></span> <span class='ocrx_word' id='word_1_260' title='bbox 341 1899 452 1970; x_wconf 76' lang='grc' dir='ltr'>γὰρ</span> <span class='ocrx_word' id='word_1_261' title='bbox 484 1900 532 1952; x_wconf 90' lang='grc' dir='ltr'><strong>οἰ</strong></span> <span class='ocrx_word' id='word_1_262' title='bbox 563 1899 931 1969; x_wconf 78' lang='grc' dir='ltr'><strong>γεγηρακότες</strong></span> <span class='ocrx_word' id='word_1_263' title='bbox 955 1897 1204 1969; x_wconf 76' lang='grc' dir='ltr'>εὔχονται</span> <span class='ocrx_word' id='word_1_264' title='bbox 1234 1899 1301 1968; x_wconf 74' lang='grc' dir='ltr'>τῇ</span> <span class='ocrx_word' id='word_1_265' title='bbox 1344 1895 1727 1968; x_wconf 83' lang='grc' dir='ltr'>Ἰερουσαλὴμ,</span> <span class='ocrx_word' id='word_1_266' title='bbox 1758 1893 1821 1948; x_wconf 82' lang='grc' dir='ltr'>τὸ</span> 
     </span>
    </p>
   </div>
   <div class='ocr_carea' id='block_1_37' title="bbox 1949 1893 3486 1986">
    <p class='ocr_par' dir='ltr' id='par_1_37' title="bbox 1949 1910 3486 1986">
     <span class='ocr_line' id='line_1_37' title="bbox 1949 1910 3486 1986; baseline -0.005 -16"><span class='ocrx_word' id='word_1_267' title='bbox 1949 1931 2029 1982; x_wconf 89' lang='lat' dir='ltr'><strong>ur,</strong></span> <span class='ocrx_word' id='word_1_268' title='bbox 2053 1924 2112 1970; x_wconf 93' lang='lat' dir='ltr'><strong>ut</strong></span> <span class='ocrx_word' id='word_1_269' title='bbox 2138 1915 2344 1970; x_wconf 89' lang='lat' dir='ltr'><strong>scilicet</strong></span> <span class='ocrx_word' id='word_1_270' title='bbox 2365 1930 2470 1986; x_wconf 81' lang='lat' dir='ltr'><strong>pax</strong></span> <span class='ocrx_word' id='word_1_271' title='bbox 2502 1915 2574 1969; x_wconf 87' lang='lat' dir='ltr'><strong>sit</strong></span> <span class='ocrx_word' id='word_1_272' title='bbox 2602 1914 2655 1967; x_wconf 93' lang='lat' dir='ltr'><strong>in</strong></span> <span class='ocrx_word' id='word_1_273' title='bbox 2681 1915 2852 1967; x_wconf 86' lang='lat' dir='ltr'><strong>muris</strong></span> <span class='ocrx_word' id='word_1_274' title='bbox 2877 1913 3030 1982; x_wconf 89' lang='lat' dir='ltr'><strong>ejus:</strong></span> <span class='ocrx_word' id='word_1_275' title='bbox 3054 1927 3150 1981; x_wconf 86' lang='lat' dir='ltr'><strong>per</strong></span> <span class='ocrx_word' id='word_1_276' title='bbox 3176 1911 3292 1966; x_wconf 77' lang='lat' dir='ltr'><strong>haec</strong></span> <span class='ocrx_word' id='word_1_277' title='bbox 3317 1910 3486 1972; x_wconf 89' lang='lat' dir='ltr'><strong>enim,</strong></span> 
     </span>
    </p>
   </div>
   <div class='ocr_carea' id='block_1_38' title="bbox 249 1987 1821 2079">
    <p class='ocr_par' dir='ltr' id='par_1_38' title="bbox 249 1987 1819 2062">
     <span class='ocr_line' id='line_1_38' title="bbox 249 1987 1819 2062; baseline -0.003 -17"><span class='ocrx_word' id='word_1_278' title='bbox 249 1994 304 2045; x_wconf 85' lang='grc' dir='ltr'><strong>ἐν</strong></span> <span class='ocrx_word' id='word_1_279' title='bbox 332 1993 448 2054; x_wconf 83' lang='grc' dir='ltr'>τοῖς</span> <span class='ocrx_word' id='word_1_280' title='bbox 479 1991 716 2061; x_wconf 83' lang='grc' dir='ltr'>τείχεσιν</span> <span class='ocrx_word' id='word_1_281' title='bbox 745 1991 914 2060; x_wconf 83' lang='grc' dir='ltr'>αὐτῆς</span> <span class='ocrx_word' id='word_1_282' title='bbox 946 1987 1087 2045; x_wconf 76' lang='grc' dir='ltr'>εἶναι</span> <span class='ocrx_word' id='word_1_283' title='bbox 1124 1991 1365 2062; x_wconf 86' lang='grc' dir='ltr'>εἰρήνην.</span> <span class='ocrx_word' id='word_1_284' title='bbox 1426 1989 1681 2058; x_wconf 56' lang='lat' dir='ltr'><strong>Avi-(ipss</strong></span> <span class='ocrx_word' id='word_1_285' title='bbox 1710 1987 1819 2060; x_wconf 84' lang='grc' dir='ltr'><strong>γὰρ</strong></span> 
     </span>
    </p>
   </div>
   <div class='ocr_carea' id='block_1_39' title="bbox 1949 1987 3490 2079">
    <p class='ocr_par' dir='ltr' id='par_1_39' title="bbox 1952 2007 3490 2079">
     <span class='ocr_line' id='line_1_39' title="bbox 1952 2007 3490 2079; baseline -0.001 -17"><span class='ocrx_word' id='word_1_286' title='bbox 1952 2026 1985 2062; x_wconf 91' lang='lat' dir='ltr'><strong>n</strong></span> <span class='ocrx_word' id='word_1_287' title='bbox 2023 2011 2244 2075; x_wconf 78' lang='lat' dir='ltr'><strong>virtute,</strong></span> <span class='ocrx_word' id='word_1_288' title='bbox 2271 2023 2462 2064; x_wconf 91' lang='lat' dir='ltr'><strong>muros</strong></span> <span class='ocrx_word' id='word_1_289' title='bbox 2499 2008 2768 2079; x_wconf 79' lang='lat' dir='ltr'><strong>intelligit.</strong></span> <span class='ocrx_word' id='word_1_290' title='bbox 2829 2009 2938 2062; x_wconf 80' lang='lat' dir='ltr'><strong>Aut</strong></span> <span class='ocrx_word' id='word_1_291' title='bbox 2987 2008 3284 2063; x_wconf 88' lang='lat' dir='ltr'><strong>secundum</strong></span> <span class='ocrx_word' id='word_1_292' title='bbox 3327 2007 3490 2061; x_wconf 88' lang='lat' dir='ltr'><strong>aliam</strong></span> 
     </span>
    </p>
   </div>
   <div class='ocr_carea' id='block_1_40' title="bbox 247 2079 1817 2151">
    <p class='ocr_par' dir='ltr' id='par_1_40' title="bbox 247 2079 1817 2151">
     <span class='ocr_line' id='line_1_40' title="bbox 247 2079 1817 2151; baseline -0.001 -18"><span class='ocrx_word' id='word_1_293' title='bbox 247 2081 313 2134; x_wconf 81' lang='grc' dir='ltr'>τὰ</span> <span class='ocrx_word' id='word_1_294' title='bbox 344 2080 502 2150; x_wconf 84' lang='grc' dir='ltr'>τείχη</span> <span class='ocrx_word' id='word_1_295' title='bbox 534 2079 724 2150; x_wconf 76' lang='grc' dir='ltr'>φησιν’</span> <span class='ocrx_word' id='word_1_296' title='bbox 777 2080 812 2151; x_wconf 79' lang='grc' dir='ltr'>ἢ</span> <span class='ocrx_word' id='word_1_297' title='bbox 846 2079 969 2133; x_wconf 86' lang='grc' dir='ltr'>καθ’</span> <span class='ocrx_word' id='word_1_298' title='bbox 1013 2081 1199 2151; x_wconf 69' lang='grc' dir='ltr'>ἕτερον</span> <span class='ocrx_word' id='word_1_299' title='bbox 1232 2079 1388 2148; x_wconf 87' lang='grc' dir='ltr'>λόγον</span> <span class='ocrx_word' id='word_1_300' title='bbox 1429 2079 1556 2143; x_wconf 82' lang='grc' dir='ltr'>τοὺς</span> <span class='ocrx_word' id='word_1_301' title='bbox 1585 2081 1642 2132; x_wconf 84' lang='grc' dir='ltr'><strong>ἐν</strong></span> <span class='ocrx_word' id='word_1_302' title='bbox 1682 2079 1817 2151; x_wconf 76' lang='grc' dir='ltr'>αὐτῇ</span> 
     </span>
    </p>
   </div>
   <div class='ocr_carea' id='block_1_41' title="bbox 251 2172 464 2240">
    <p class='ocr_par' dir='ltr' id='par_1_41' title="bbox 251 2172 464 2240">
     <span class='ocr_line' id='line_1_41' title="bbox 251 2172 464 2240; baseline -0.014 -15"><span class='ocrx_word' id='word_1_303' title='bbox 251 2172 464 2240; x_wconf 81' lang='grc' dir='ltr'>ἁγίους.</span> 
     </span>
    </p>
   </div>
   <div class='ocr_carea' id='block_1_42' title="bbox 317 2260 1819 2333">
    <p class='ocr_par' dir='ltr' id='par_1_42' title="bbox 317 2260 1819 2333">
     <span class='ocr_line' id='line_1_42' title="bbox 317 2260 1819 2333; baseline 0.001 -17"><span class='ocrx_word' id='word_1_304' title='bbox 317 2265 534 2318; x_wconf 79' lang='grc' dir='ltr'>Ἕνεκα</span> <span class='ocrx_word' id='word_1_305' title='bbox 577 2263 682 2318; x_wconf 81' lang='grc' dir='ltr'><strong>τοῦ</strong></span> <span class='ocrx_word' id='word_1_306' title='bbox 715 2263 886 2318; x_wconf 80' lang='grc' dir='ltr'>οτκου</span> <span class='ocrx_word' id='word_1_307' title='bbox 945 2264 1165 2331; x_wconf 81' lang='grc' dir='ltr'>Κυρίου</span> <span class='ocrx_word' id='word_1_308' title='bbox 1197 2265 1304 2318; x_wconf 84' lang='grc' dir='ltr'><strong>τοῦ</strong></span> <span class='ocrx_word' id='word_1_309' title='bbox 1334 2264 1481 2319; x_wconf 86' lang='grc' dir='ltr'>Θεοῦ</span> <span class='ocrx_word' id='word_1_310' title='bbox 1518 2261 1688 2333; x_wconf 77' lang='grc' dir='ltr'>ἡμῶν</span> <span class='ocrx_word' id='word_1_311' title='bbox 1718 2260 1819 2327; x_wconf 78' lang='grc' dir='ltr'><strong>ἐξ·</strong></span> 
     </span>
    </p>
   </div>
   <div class='ocr_carea' id='block_1_43' title="bbox 248 2347 1818 2425">
    <p class='ocr_par' dir='ltr' id='par_1_43' title="bbox 248 2347 1818 2425">
     <span class='ocr_line' id='line_1_43' title="bbox 248 2347 1818 2425; baseline 0 -19"><span class='ocrx_word' id='word_1_312' title='bbox 248 2351 507 2423; x_wconf 75' lang='grc' dir='ltr'>εζήτησα</span> <span class='ocrx_word' id='word_1_313' title='bbox 541 2352 731 2424; x_wconf 76' lang='grc' dir='ltr'>ἀγαθά</span> <span class='ocrx_word' id='word_1_314' title='bbox 754 2369 875 2408; x_wconf 84' lang='grc' dir='ltr'>σοι.</span> <span class='ocrx_word' id='word_1_315' title='bbox 911 2353 1062 2406; x_wconf 81' lang='grc' dir='ltr'>Ἐπεὶ</span> <span class='ocrx_word' id='word_1_316' title='bbox 1085 2353 1142 2407; x_wconf 87' lang='grc' dir='ltr'><strong>ἐν</strong></span> <span class='ocrx_word' id='word_1_317' title='bbox 1170 2354 1252 2407; x_wconf 89' lang='grc' dir='ltr'><strong>σοί</strong></span> <span class='ocrx_word' id='word_1_318' title='bbox 1281 2355 1449 2417; x_wconf 82' lang='grc' dir='ltr'>ἐστιν,</span> <span class='ocrx_word' id='word_1_319' title='bbox 1473 2347 1518 2408; x_wconf 79' lang='grc' dir='ltr'><strong>ὥ</strong></span> <span class='ocrx_word' id='word_1_320' title='bbox 1546 2353 1818 2425; x_wconf 79' lang='grc' dir='ltr'>Ἰερουσα-</span> 
     </span>
    </p>
   </div>
   <div class='ocr_carea' id='block_1_44' title="bbox 250 2441 1822 2516">
    <p class='ocr_par' dir='ltr' id='par_1_44' title="bbox 250 2441 1822 2516">
     <span class='ocr_line' id='line_1_44' title="bbox 250 2441 1822 2516; baseline 0.001 -19"><span class='ocrx_word' id='word_1_321' title='bbox 250 2445 375 2516; x_wconf 74' lang='grc' dir='ltr'>λὴμ,</span> <span class='ocrx_word' id='word_1_322' title='bbox 391 2441 579 2510; x_wconf 76' lang='grc' dir='ltr'>όοῖκος</span> <span class='ocrx_word' id='word_1_323' title='bbox 604 2445 698 2499; x_wconf 91' lang='grc' dir='ltr'><strong>τοῦ</strong></span> <span class='ocrx_word' id='word_1_324' title='bbox 715 2444 851 2500; x_wconf 87' lang='grc' dir='ltr'>Θεοῦ</span> <span class='ocrx_word' id='word_1_325' title='bbox 870 2445 1051 2516; x_wconf 84' lang='grc' dir='ltr'>ἡμῶν,</span> <span class='ocrx_word' id='word_1_326' title='bbox 1077 2445 1438 2516; x_wconf 80' lang='grc' dir='ltr'>ἀμειϐόμενός</span> <span class='ocrx_word' id='word_1_327' title='bbox 1463 2462 1525 2498; x_wconf 87' lang='grc' dir='ltr'>σε</span> <span class='ocrx_word' id='word_1_328' title='bbox 1549 2442 1822 2513; x_wconf 75' lang='grc' dir='ltr'>ἐξεζήτηο</span> 
     </span>
    </p>
   </div>
   <div class='ocr_carea' id='block_1_45' title="bbox 251 2539 668 2610">
    <p class='ocr_par' dir='ltr' id='par_1_45' title="bbox 251 2539 668 2610">
     <span class='ocr_line' id='line_1_45' title="bbox 251 2539 668 2610; baseline 0 -18"><span class='ocrx_word' id='word_1_329' title='bbox 251 2555 329 2592; x_wconf 87' lang='grc' dir='ltr'>σα</span> <span class='ocrx_word' id='word_1_330' title='bbox 343 2539 534 2610; x_wconf 65' lang='grc' dir='ltr'>ἁγαθὰ</span> <span class='ocrx_word' id='word_1_331' title='bbox 548 2554 668 2593; x_wconf 86' lang='grc' dir='ltr'>σοι.</span> 
     </span>
    </p>
   </div>
   <div class='ocr_carea' id='block_1_46' title="bbox 591 2626 1490 2700">
    <p class='ocr_par' dir='ltr' id='par_1_46' title="bbox 591 2626 1490 2700">
     <span class='ocr_line' id='line_1_46' title="bbox 591 2626 1490 2700; baseline -0.002 -17"><span class='ocrx_word' id='word_1_332' title='bbox 591 2629 714 2700; x_wconf 78' lang='grc' dir='ltr'><strong>ῼδὴ</strong></span> <span class='ocrx_word' id='word_1_333' title='bbox 743 2627 863 2683; x_wconf 82' lang='grc' dir='ltr'><strong>τῶν</strong></span> <span class='ocrx_word' id='word_1_334' title='bbox 891 2626 1264 2697; x_wconf 78' lang='grc' dir='ltr'>ἀναϐαθμῶν.</span> <span class='ocrx_word' id='word_1_335' title='bbox 1301 2629 1490 2682; x_wconf 82' lang='lat' dir='ltr'><strong><em>PKB&#39;.</em></strong></span> 
     </span>
    </p>
   </div>
   <div class='ocr_carea' id='block_1_47' title="bbox 868 2719 1193 2783">
    <p class='ocr_par' dir='ltr' id='par_1_47' title="bbox 868 2719 1193 2783">
     <span class='ocr_line' id='line_1_47' title="bbox 868 2719 1193 2783; baseline 0.003 -12"><span class='ocrx_word' id='word_1_336' title='bbox 868 2719 1193 2783; x_wconf 83' lang='grc' dir='ltr'>Ὑπόθεσις.</span> 
     </span>
    </p>
   </div>
   <div class='ocr_carea' id='block_1_48' title="bbox 266 2805 1820 2881">
    <p class='ocr_par' dir='ltr' id='par_1_48' title="bbox 266 2805 1820 2881">
     <span class='ocr_line' id='line_1_48' title="bbox 266 2805 1820 2881; baseline -0.001 -18"><span class='ocrx_word' id='word_1_337' title='bbox 266 2811 324 2863; x_wconf 85' lang='grc' dir='ltr'><strong><em>Ἦ</em></strong></span> <span class='ocrx_word' id='word_1_338' title='bbox 361 2811 595 2881; x_wconf 81' lang='grc' dir='ltr'>τετάρτη</span> <span class='ocrx_word' id='word_1_339' title='bbox 641 2809 750 2880; x_wconf 80' lang='grc' dir='ltr'><strong>ᾠδὴ</strong></span> <span class='ocrx_word' id='word_1_340' title='bbox 786 2809 948 2881; x_wconf 83' lang='grc' dir='ltr'>εὐχὴν</span> <span class='ocrx_word' id='word_1_341' title='bbox 993 2809 1237 2880; x_wconf 84' lang='grc' dir='ltr'>περιέχει</span> <span class='ocrx_word' id='word_1_342' title='bbox 1268 2807 1374 2861; x_wconf 90' lang='grc' dir='ltr'><strong>τῶν</strong></span> <span class='ocrx_word' id='word_1_343' title='bbox 1407 2807 1467 2861; x_wconf 86' lang='grc' dir='ltr'><strong>ἐν</strong></span> <span class='ocrx_word' id='word_1_344' title='bbox 1502 2809 1576 2880; x_wconf 79' lang='grc' dir='ltr'><strong>τῇ</strong></span> <span class='ocrx_word' id='word_1_345' title='bbox 1610 2805 1820 2862; x_wconf 82' lang='grc' dir='ltr'>ὁδοιπο-</span> 
     </span>
    </p>
   </div>
   <div class='ocr_carea' id='block_1_49' title="bbox 322 2895 1814 2971">
    <p class='ocr_par' dir='ltr' id='par_1_49' title="bbox 322 2895 1814 2971">
     <span class='ocr_line' id='line_1_49' title="bbox 322 2895 1814 2971; baseline 0 -19"><span class='ocrx_word' id='word_1_346' title='bbox 322 2899 413 2971; x_wconf 75' lang='grc' dir='ltr'><strong>ρία</strong></span> <span class='ocrx_word' id='word_1_347' title='bbox 465 2898 557 2951; x_wconf 78' lang='grc' dir='ltr'>διὰ</span> <span class='ocrx_word' id='word_1_348' title='bbox 591 2897 797 2952; x_wconf 84' lang='grc' dir='ltr'>πολλῶν</span> <span class='ocrx_word' id='word_1_349' title='bbox 851 2896 985 2951; x_wconf 86' lang='grc' dir='ltr'>ἐτῶν</span> <span class='ocrx_word' id='word_1_350' title='bbox 1017 2895 1116 2967; x_wconf 84' lang='grc' dir='ltr'>τὴν</span> <span class='ocrx_word' id='word_1_351' title='bbox 1147 2896 1405 2951; x_wconf 85' lang='grc' dir='ltr'>ἐπάνοδον</span> <span class='ocrx_word' id='word_1_352' title='bbox 1459 2896 1814 2967; x_wconf 79' lang='grc' dir='ltr'>ποιουμένων.</span> 
     </span>
    </p>
   </div>
   <div class='ocr_carea' id='block_1_50' title="bbox 320 2987 1816 3062">
    <p class='ocr_par' dir='ltr' id='par_1_50' title="bbox 320 2987 1816 3062">
     <span class='ocr_line' id='line_1_50' title="bbox 320 2987 1816 3062; baseline -0.004 -16"><span class='ocrx_word' id='word_1_353' title='bbox 320 2995 380 3046; x_wconf 76' lang='grc' dir='ltr'><strong>Οἳ</strong></span> <span class='ocrx_word' id='word_1_354' title='bbox 411 2993 506 3046; x_wconf 70' lang='grc' dir='ltr'>καὶ</span> <span class='ocrx_word' id='word_1_355' title='bbox 525 3030 543 3056; x_wconf 97' lang='grc'><strong>,</strong></span> <span class='ocrx_word' id='word_1_356' title='bbox 566 2990 832 3062; x_wconf 86' lang='grc' dir='ltr'>καμόντες</span> <span class='ocrx_word' id='word_1_357' title='bbox 854 2988 993 3042; x_wconf 84' lang='grc' dir='ltr'>κατὰ</span> <span class='ocrx_word' id='word_1_358' title='bbox 1011 2989 1110 3059; x_wconf 85' lang='grc' dir='ltr'><strong>τὴν</strong></span> <span class='ocrx_word' id='word_1_359' title='bbox 1140 2989 1258 3042; x_wconf 83' lang='grc' dir='ltr'>ὁδὸν</span> <span class='ocrx_word' id='word_1_360' title='bbox 1272 3028 1287 3053; x_wconf 93' lang='grc'><strong>,</strong></span> <span class='ocrx_word' id='word_1_361' title='bbox 1319 2987 1502 3052; x_wconf 82' lang='grc' dir='ltr'>ἐλέους</span> <span class='ocrx_word' id='word_1_362' title='bbox 1523 2987 1616 3040; x_wconf 77' lang='grc' dir='ltr'>καὶ</span> <span class='ocrx_word' id='word_1_363' title='bbox 1634 2987 1816 3042; x_wconf 83' lang='grc' dir='ltr'>οῐκτου</span> 
     </span>
    </p>
   </div>
   <div class='ocr_carea' id='block_1_51' title="bbox 318 3080 1928 3173">
    <p class='ocr_par' dir='ltr' id='par_1_51' title="bbox 318 3080 1928 3173">
     <span class='ocr_line' id='line_1_51' title="bbox 318 3080 1928 3173; baseline -0.002 -34"><span class='ocrx_word' id='word_1_364' title='bbox 318 3087 526 3141; x_wconf 83' lang='grc' dir='ltr'>δέονται</span> <span class='ocrx_word' id='word_1_365' title='bbox 549 3086 732 3155; x_wconf 82' lang='grc' dir='ltr'>τυχεῖν</span> <span class='ocrx_word' id='word_1_366' title='bbox 771 3081 922 3154; x_wconf 84' lang='grc' dir='ltr'>παρὰ</span> <span class='ocrx_word' id='word_1_367' title='bbox 940 3081 1045 3173; x_wconf 2' lang='grc' dir='ltr'>,τοῦ</span> <span class='ocrx_word' id='word_1_368' title='bbox 1085 3081 1220 3135; x_wconf 89' lang='grc' dir='ltr'>Θεοῦ</span> <span class='ocrx_word' id='word_1_369' title='bbox 1241 3123 1256 3148; x_wconf 93' lang='grc'><strong>,</strong></span> <span class='ocrx_word' id='word_1_370' title='bbox 1296 3081 1372 3145; x_wconf 84' lang='grc' dir='ltr'><strong>ὡς</strong></span> <span class='ocrx_word' id='word_1_371' title='bbox 1405 3080 1816 3152; x_wconf 80' lang='grc' dir='ltr'>ἐξουθενημένοι</span> <span class='ocrx_word' id='word_1_372' title='bbox 1845 3114 1886 3173; x_wconf 77' lang='lat' dir='ltr'><strong>C</strong></span> <span class='ocrx_word' id='word_1_373' title='bbox 1925 3091 1928 3095; x_wconf 81' lang='grc'><strong>’</strong></span> 
     </span>
    </p>
   </div>
   <div class='ocr_carea' id='block_1_52' title="bbox 318 3170 1820 3249">
    <p class='ocr_par' dir='ltr' id='par_1_52' title="bbox 318 3170 1820 3249">
     <span class='ocr_line' id='line_1_52' title="bbox 318 3170 1820 3249; baseline -0.003 -18"><span class='ocrx_word' id='word_1_374' title='bbox 318 3176 469 3249; x_wconf 84' lang='grc' dir='ltr'>παρὰ</span> <span class='ocrx_word' id='word_1_375' title='bbox 503 3175 613 3229; x_wconf 90' lang='grc' dir='ltr'><strong>τῶν</strong></span> <span class='ocrx_word' id='word_1_376' title='bbox 649 3173 837 3228; x_wconf 89' lang='grc' dir='ltr'>ἐθνῶν.</span> <span class='ocrx_word' id='word_1_377' title='bbox 873 3172 966 3226; x_wconf 79' lang='grc' dir='ltr'><strong>Διὸ</strong></span> <span class='ocrx_word' id='word_1_378' title='bbox 994 3173 1087 3226; x_wconf 75' lang='grc' dir='ltr'>καὶ</span> <span class='ocrx_word' id='word_1_379' title='bbox 1116 3170 1517 3241; x_wconf 79' lang='grc' dir='ltr'>ἀναφθέγγεται</span> <span class='ocrx_word' id='word_1_380' title='bbox 1550 3171 1688 3243; x_wconf 79' lang='grc' dir='ltr'>πρὸς</span> <span class='ocrx_word' id='word_1_381' title='bbox 1719 3173 1820 3227; x_wconf 84' lang='grc' dir='ltr'><strong>αὑ-</strong></span> 
     </span>
    </p>
   </div>
   <div class='ocr_carea' id='block_1_53' title="bbox 315 3261 1820 3339">
    <p class='ocr_par' dir='ltr' id='par_1_53' title="bbox 315 3261 1820 3339">
     <span class='ocr_line' id='line_1_53' title="bbox 315 3261 1820 3339; baseline -0.002 -16"><span class='ocrx_word' id='word_1_382' title='bbox 315 3269 438 3332; x_wconf 82' lang='grc' dir='ltr'>τοὺς</span> <span class='ocrx_word' id='word_1_383' title='bbox 463 3266 954 3339; x_wconf 85' lang='grc' dir='ltr'>παραμυθούμενον</span> <span class='ocrx_word' id='word_1_384' title='bbox 979 3263 1040 3319; x_wconf 81' lang='grc' dir='ltr'>τὸ</span> <span class='ocrx_word' id='word_1_385' title='bbox 1072 3262 1318 3334; x_wconf 85' lang='grc' dir='ltr'>Πνεῦμα,</span> <span class='ocrx_word' id='word_1_386' title='bbox 1348 3264 1442 3318; x_wconf 83' lang='grc' dir='ltr'>καὶ</span> <span class='ocrx_word' id='word_1_387' title='bbox 1463 3261 1667 3334; x_wconf 72' lang='grc' dir='ltr'>λέγονο,</span> <span class='ocrx_word' id='word_1_388' title='bbox 1691 3263 1820 3331; x_wconf 81' lang='grc' dir='ltr'>Τοῖς</span> 
     </span>
    </p>
   </div>
   <div class='ocr_carea' id='block_1_54' title="bbox 317 3355 1024 3428">
    <p class='ocr_par' dir='ltr' id='par_1_54' title="bbox 317 3355 1024 3428">
     <span class='ocr_line' id='line_1_54' title="bbox 317 3355 1024 3428; baseline -0.007 -14"><span class='ocrx_word' id='word_1_389' title='bbox 317 3358 648 3428; x_wconf 68' lang='grc' dir='ltr'>εὐθηνοῦσι</span> <span class='ocrx_word' id='word_1_390' title='bbox 680 3357 746 3412; x_wconf 85' lang='grc' dir='ltr'>τὸ</span> <span class='ocrx_word' id='word_1_391' title='bbox 775 3355 1024 3422; x_wconf 79' lang='grc' dir='ltr'>ὄνειδος.</span> 
     </span>
    </p>
   </div>
   <div class='ocr_carea' id='block_1_55' title="bbox 316 3446 1818 3521">
    <p class='ocr_par' dir='ltr' id='par_1_55' title="bbox 316 3446 1818 3521">
     <span class='ocr_line' id='line_1_55' title="bbox 316 3446 1818 3521; baseline -0.004 -14"><span class='ocrx_word' id='word_1_392' title='bbox 316 3451 471 3521; x_wconf 81' lang='grc' dir='ltr'>Πρὸς</span> <span class='ocrx_word' id='word_1_393' title='bbox 493 3450 570 3505; x_wconf 80' lang='grc' dir='ltr'><strong>σὲ</strong></span> <span class='ocrx_word' id='word_1_394' title='bbox 595 3446 712 3520; x_wconf 71' lang='grc' dir='ltr'>ἦρα</span> <span class='ocrx_word' id='word_1_395' title='bbox 734 3448 876 3514; x_wconf 81' lang='grc' dir='ltr'>τοὺς</span> <span class='ocrx_word' id='word_1_396' title='bbox 905 3448 1250 3518; x_wconf 68' lang='grc' dir='ltr'>ὀφθαλμούς</span> <span class='ocrx_word' id='word_1_397' title='bbox 1283 3464 1402 3514; x_wconf 84' lang='grc' dir='ltr'><strong>μου</strong></span> <span class='ocrx_word' id='word_1_398' title='bbox 1421 3487 1438 3512; x_wconf 94' lang='grc'><strong>,</strong></span> <span class='ocrx_word' id='word_1_399' title='bbox 1471 3447 1578 3501; x_wconf 80' lang='grc' dir='ltr'>τὸν</span> <span class='ocrx_word' id='word_1_400' title='bbox 1623 3464 1818 3502; x_wconf 82' lang='grc' dir='ltr'>κατοι-</span> 
     </span>
    </p>
   </div>
   <div class='ocr_carea' id='block_1_56' title="bbox 249 3537 1821 3609">
    <p class='ocr_par' dir='ltr' id='par_1_56' title="bbox 249 3537 1821 3609">
     <span class='ocr_line' id='line_1_56' title="bbox 249 3537 1821 3609; baseline -0.003 -12"><span class='ocrx_word' id='word_1_401' title='bbox 249 3543 469 3598; x_wconf 74' lang='grc' dir='ltr'>κοῦντα</span> <span class='ocrx_word' id='word_1_402' title='bbox 494 3543 562 3596; x_wconf 79' lang='grc' dir='ltr'><strong>ἐν</strong></span> <span class='ocrx_word' id='word_1_403' title='bbox 589 3541 670 3606; x_wconf 85' lang='grc' dir='ltr'>τῷ</span> <span class='ocrx_word' id='word_1_404' title='bbox 696 3538 947 3609; x_wconf 79' lang='grc' dir='ltr'>οὐρανῷ.</span> <span class='ocrx_word' id='word_1_405' title='bbox 987 3538 1132 3594; x_wconf 84' lang='grc' dir='ltr'>Ἰδοὺ</span> <span class='ocrx_word' id='word_1_406' title='bbox 1161 3539 1242 3604; x_wconf 86' lang='grc' dir='ltr'>ὡς</span> <span class='ocrx_word' id='word_1_407' title='bbox 1263 3537 1556 3608; x_wconf 72' lang='grc' dir='ltr'>όφθαλμοί</span> <span class='ocrx_word' id='word_1_408' title='bbox 1583 3537 1821 3593; x_wconf 71' lang='grc' dir='ltr'>δούλων</span> 
     </span>
    </p>
   </div>
   <div class='ocr_carea' id='block_1_57' title="bbox 247 3630 1818 3706">
    <p class='ocr_par' dir='ltr' id='par_1_57' title="bbox 247 3630 1818 3706">
     <span class='ocr_line' id='line_1_57' title="bbox 247 3630 1818 3706; baseline -0.004 -16"><span class='ocrx_word' id='word_1_409' title='bbox 247 3639 332 3704; x_wconf 85' lang='grc' dir='ltr'><strong>εἰς</strong></span> <span class='ocrx_word' id='word_1_410' title='bbox 360 3635 566 3706; x_wconf 75' lang='grc' dir='ltr'>χεῖρας</span> <span class='ocrx_word' id='word_1_411' title='bbox 611 3633 729 3689; x_wconf 82' lang='grc' dir='ltr'><strong>τῶν</strong></span> <span class='ocrx_word' id='word_1_412' title='bbox 769 3634 991 3702; x_wconf 81' lang='grc' dir='ltr'>κυρίων</span> <span class='ocrx_word' id='word_1_413' title='bbox 1033 3630 1248 3686; x_wconf 84' lang='grc' dir='ltr'>αὐτῶν.</span> <span class='ocrx_word' id='word_1_414' title='bbox 1302 3630 1422 3684; x_wconf 85' lang='grc' dir='ltr'><strong>Τῶν</strong></span> <span class='ocrx_word' id='word_1_415' title='bbox 1457 3630 1556 3701; x_wconf 80' lang='grc' dir='ltr'>μὲν</span> <span class='ocrx_word' id='word_1_416' title='bbox 1588 3630 1818 3701; x_wconf 80' lang='grc' dir='ltr'>ἐχόντων</span> 
     </span>
    </p>
   </div>
   <div class='ocr_carea' id='block_1_58' title="bbox 249 3719 1817 3799">
    <p class='ocr_par' dir='ltr' id='par_1_58' title="bbox 249 3719 1817 3799">
     <span class='ocr_line' id='line_1_58' title="bbox 249 3719 1817 3799; baseline -0.005 -18"><span class='ocrx_word' id='word_1_417' title='bbox 249 3729 307 3782; x_wconf 85' lang='grc' dir='ltr'>τὸ</span> <span class='ocrx_word' id='word_1_418' title='bbox 333 3728 552 3799; x_wconf 88' lang='grc' dir='ltr'>πνεῦμα</span> <span class='ocrx_word' id='word_1_419' title='bbox 581 3727 678 3798; x_wconf 85' lang='grc' dir='ltr'>τῆς</span> <span class='ocrx_word' id='word_1_420' title='bbox 706 3724 946 3789; x_wconf 83' lang='grc' dir='ltr'>δουλείας</span> <span class='ocrx_word' id='word_1_421' title='bbox 988 3725 1068 3787; x_wconf 86' lang='grc' dir='ltr'><strong>εἰς</strong></span> <span class='ocrx_word' id='word_1_422' title='bbox 1101 3722 1265 3793; x_wconf 83' lang='grc' dir='ltr'>φόὸον</span> <span class='ocrx_word' id='word_1_423' title='bbox 1303 3719 1570 3793; x_wconf 70' lang='grc' dir='ltr'>ὀφθαλμοὶ</span> <span class='ocrx_word' id='word_1_424' title='bbox 1596 3724 1676 3786; x_wconf 91' lang='grc' dir='ltr'><strong>εἰς</strong></span> <span class='ocrx_word' id='word_1_425' title='bbox 1703 3723 1817 3792; x_wconf 87' lang='grc' dir='ltr'>χεῖ-</span> 
     </span>
    </p>
   </div>
   <div class='ocr_carea' id='block_1_59' title="bbox 251 3811 1818 3892">
    <p class='ocr_par' dir='ltr' id='par_1_59' title="bbox 251 3811 1818 3892">
     <span class='ocr_line' id='line_1_59' title="bbox 251 3811 1818 3892; baseline -0.007 -17"><span class='ocrx_word' id='word_1_426' title='bbox 251 3839 344 3892; x_wconf 81' lang='grc' dir='ltr'><strong>ρας</strong></span> <span class='ocrx_word' id='word_1_427' title='bbox 377 3819 582 3892; x_wconf 82' lang='grc' dir='ltr'>κυρίων</span> <span class='ocrx_word' id='word_1_428' title='bbox 624 3836 685 3872; x_wconf 87' lang='grc' dir='ltr'><strong>τε</strong></span> <span class='ocrx_word' id='word_1_429' title='bbox 729 3819 823 3873; x_wconf 74' lang='grc' dir='ltr'>καὶ</span> <span class='ocrx_word' id='word_1_430' title='bbox 871 3815 1096 3888; x_wconf 85' lang='grc' dir='ltr'>κυρίας·</span> <span class='ocrx_word' id='word_1_431' title='bbox 1127 3814 1223 3869; x_wconf 90' lang='grc' dir='ltr'><strong>τοῦ</strong></span> <span class='ocrx_word' id='word_1_432' title='bbox 1259 3814 1316 3868; x_wconf 79' lang='grc' dir='ltr'>δὲ</span> <span class='ocrx_word' id='word_1_433' title='bbox 1365 3814 1426 3867; x_wconf 81' lang='grc' dir='ltr'>τὸ</span> <span class='ocrx_word' id='word_1_434' title='bbox 1461 3811 1674 3884; x_wconf 85' lang='grc' dir='ltr'>πνεῦμα</span> <span class='ocrx_word' id='word_1_435' title='bbox 1720 3813 1818 3884; x_wconf 83' lang='grc' dir='ltr'><strong>τῆς</strong></span> 
     </span>
    </p>
   </div>
   <div class='ocr_carea' id='block_1_60' title="bbox 250 3904 1471 3982">
    <p class='ocr_par' dir='ltr' id='par_1_60' title="bbox 250 3904 1471 3982">
     <span class='ocr_line' id='line_1_60' title="bbox 250 3904 1471 3982; baseline -0.008 -16"><span class='ocrx_word' id='word_1_436' title='bbox 250 3913 518 3976; x_wconf 89' lang='grc' dir='ltr'>υἰοθεσίας</span> <span class='ocrx_word' id='word_1_437' title='bbox 544 3911 778 3982; x_wconf 76' lang='grc' dir='ltr'>ἔχοντος,</span> <span class='ocrx_word' id='word_1_438' title='bbox 807 3908 944 3980; x_wconf 84' lang='grc' dir='ltr'>πρὸς</span> <span class='ocrx_word' id='word_1_439' title='bbox 969 3906 1170 3979; x_wconf 86' lang='grc' dir='ltr'>Κύριον</span> <span class='ocrx_word' id='word_1_440' title='bbox 1201 3905 1291 3958; x_wconf 82' lang='grc' dir='ltr'>τὸν</span> <span class='ocrx_word' id='word_1_441' title='bbox 1320 3904 1471 3957; x_wconf 86' lang='grc' dir='ltr'>Θεόν.</span> 
     </span>
    </p>
   </div>
   <div class='ocr_carea' id='block_1_61' title="bbox 327 3993 1818 4070">
    <p class='ocr_par' dir='ltr' id='par_1_61' title="bbox 327 3993 1818 4070">
     <span class='ocr_line' id='line_1_61' title="bbox 327 3993 1818 4070; baseline -0.009 -12"><span class='ocrx_word' id='word_1_442' title='bbox 327 4003 627 4070; x_wconf 72' lang='grc' dir='ltr'>Ἐλέησον</span> <span class='ocrx_word' id='word_1_443' title='bbox 651 3999 829 4070; x_wconf 79' lang='grc' dir='ltr'>ἡμᾶς,</span> <span class='ocrx_word' id='word_1_444' title='bbox 863 3999 1059 4067; x_wconf 80' lang='grc' dir='ltr'>Κύριε,</span> <span class='ocrx_word' id='word_1_445' title='bbox 1088 3995 1352 4063; x_wconf 77' lang='grc' dir='ltr'>ἐλέησον</span> <span class='ocrx_word' id='word_1_446' title='bbox 1377 3993 1554 4064; x_wconf 79' lang='grc' dir='ltr'>ἡμᾶς.</span> <span class='ocrx_word' id='word_1_447' title='bbox 1600 3995 1659 4047; x_wconf 91' lang='lat'><strong>&#39;0</strong></span> <span class='ocrx_word' id='word_1_448' title='bbox 1689 3993 1818 4046; x_wconf 82' lang='grc' dir='ltr'>ἀνα-</span> 
     </span>
    </p>
   </div>
   <div class='ocr_carea' id='block_1_62' title="bbox 247 4085 1818 4166">
    <p class='ocr_par' dir='ltr' id='par_1_62' title="bbox 247 4085 1818 4166">
     <span class='ocr_line' id='line_1_62' title="bbox 247 4085 1818 4166; baseline -0.007 -18"><span class='ocrx_word' id='word_1_449' title='bbox 247 4094 643 4166; x_wconf 79' lang='grc' dir='ltr'>διπλασιασμὸς</span> <span class='ocrx_word' id='word_1_450' title='bbox 668 4092 819 4166; x_wconf 90' lang='grc' dir='ltr'>δηλοῖ</span> <span class='ocrx_word' id='word_1_451' title='bbox 839 4091 902 4145; x_wconf 85' lang='grc' dir='ltr'>τὸ</span> <span class='ocrx_word' id='word_1_452' title='bbox 926 4091 1126 4163; x_wconf 72' lang='grc' dir='ltr'>θερμὸν</span> <span class='ocrx_word' id='word_1_453' title='bbox 1160 4091 1261 4161; x_wconf 81' lang='grc' dir='ltr'>τῆς</span> <span class='ocrx_word' id='word_1_454' title='bbox 1289 4089 1554 4159; x_wconf 89' lang='grc' dir='ltr'>αἰτήσεως</span> <span class='ocrx_word' id='word_1_455' title='bbox 1575 4127 1590 4152; x_wconf 89' lang='grc'><strong>,</strong></span> <span class='ocrx_word' id='word_1_456' title='bbox 1615 4086 1714 4156; x_wconf 85' lang='grc' dir='ltr'>οὐχ</span> <span class='ocrx_word' id='word_1_457' title='bbox 1741 4085 1818 4149; x_wconf 85' lang='grc' dir='ltr'><strong>ὡς</strong></span> 
     </span>
    </p>
   </div>
   <div class='ocr_carea' id='block_1_63' title="bbox 249 4174 1817 4254">
    <p class='ocr_par' dir='ltr' id='par_1_63' title="bbox 249 4174 1817 4254">
     <span class='ocr_line' id='line_1_63' title="bbox 249 4174 1817 4254; baseline -0.008 -13"><span class='ocrx_word' id='word_1_458' title='bbox 249 4187 384 4254; x_wconf 74' lang='grc' dir='ltr'>ἂξιοι</span> <span class='ocrx_word' id='word_1_459' title='bbox 406 4186 500 4240; x_wconf 83' lang='grc' dir='ltr'>τὸν</span> <span class='ocrx_word' id='word_1_460' title='bbox 542 4185 690 4238; x_wconf 78' lang='grc' dir='ltr'>ἐλεον</span> <span class='ocrx_word' id='word_1_461' title='bbox 728 4183 986 4254; x_wconf 84' lang='grc' dir='ltr'>αἰτοῦμεν</span> <span class='ocrx_word' id='word_1_462' title='bbox 1005 4221 1021 4247; x_wconf 91' lang='grc'><strong>,</strong></span> <span class='ocrx_word' id='word_1_463' title='bbox 1049 4179 1164 4235; x_wconf 75' lang='grc' dir='ltr'>ἀλλ’</span> <span class='ocrx_word' id='word_1_464' title='bbox 1205 4179 1282 4244; x_wconf 88' lang='grc' dir='ltr'><strong>ῶς</strong></span> <span class='ocrx_word' id='word_1_465' title='bbox 1315 4177 1666 4232; x_wconf 83' lang='grc' dir='ltr'>ἐπονείδιστοι</span> <span class='ocrx_word' id='word_1_466' title='bbox 1697 4174 1817 4232; x_wconf 83' lang='grc' dir='ltr'>λίαν</span> 
     </span>
    </p>
   </div>
   <div class='ocr_carea' id='block_1_64' title="bbox 248 4279 548 4352">
    <p class='ocr_par' dir='ltr' id='par_1_64' title="bbox 248 4279 548 4352">
     <span class='ocr_line' id='line_1_64' title="bbox 248 4279 548 4352; baseline 0.003 -19"><span class='ocrx_word' id='word_1_467' title='bbox 248 4279 548 4352; x_wconf 88' lang='grc' dir='ltr'>γενόμενοι.</span> 
     </span>
    </p>
   </div>
   <div class='ocr_carea' id='block_1_65' title="bbox 573 4363 1485 4439">
    <p class='ocr_par' dir='ltr' id='par_1_65' title="bbox 573 4363 1485 4439">
     <span class='ocr_line' id='line_1_65' title="bbox 573 4363 1485 4439; baseline -0.009 -16"><span class='ocrx_word' id='word_1_468' title='bbox 573 4368 713 4439; x_wconf 59' lang='lat' dir='ltr'><strong>per.</strong></span> <span class='ocrx_word' id='word_1_469' title='bbox 746 4365 864 4422; x_wconf 82' lang='grc' dir='ltr'><strong>τῶν</strong></span> <span class='ocrx_word' id='word_1_470' title='bbox 888 4363 1260 4434; x_wconf 79' lang='grc' dir='ltr'>ἀναϐαθμῶν.</span> <span class='ocrx_word' id='word_1_471' title='bbox 1291 4363 1485 4416; x_wconf 84' lang='grc' dir='ltr'><strong>ΡΚΓ’.</strong></span> 
     </span>
    </p>
   </div>
   <div class='ocr_carea' id='block_1_66' title="bbox 554 4451 1494 4531">
    <p class='ocr_par' dir='ltr' id='par_1_66' title="bbox 554 4451 1494 4531">
     <span class='ocr_line' id='line_1_66' title="bbox 554 4451 1494 4531; baseline -0.01 -16"><span class='ocrx_word' id='word_1_472' title='bbox 554 4463 626 4516; x_wconf 81' lang='grc' dir='ltr'>Εἰ</span> <span class='ocrx_word' id='word_1_473' title='bbox 649 4459 734 4531; x_wconf 79' lang='grc' dir='ltr'><strong>μὴ</strong></span> <span class='ocrx_word' id='word_1_474' title='bbox 763 4459 854 4513; x_wconf 80' lang='grc' dir='ltr'>ὅτι</span> <span class='ocrx_word' id='word_1_475' title='bbox 875 4459 1091 4526; x_wconf 85' lang='grc' dir='ltr'>Κύριος</span> <span class='ocrx_word' id='word_1_476' title='bbox 1119 4453 1199 4527; x_wconf 83' lang='grc' dir='ltr'>ἦν</span> <span class='ocrx_word' id='word_1_477' title='bbox 1234 4454 1304 4508; x_wconf 76' lang='grc' dir='ltr'>ὲν</span> <span class='ocrx_word' id='word_1_478' title='bbox 1329 4451 1494 4523; x_wconf 76' lang='grc' dir='ltr'>ἡμῖν.</span> 
     </span>
    </p>
   </div>
   <div class='ocr_carea' id='block_1_67' title="bbox 873 4550 1194 4612">
    <p class='ocr_par' dir='ltr' id='par_1_67' title="bbox 873 4550 1194 4612">
     <span class='ocr_line' id='line_1_67' title="bbox 873 4550 1194 4612; baseline -0.012 -8"><span class='ocrx_word' id='word_1_479' title='bbox 873 4550 1194 4612; x_wconf 83' lang='grc' dir='ltr'>Ύπόθεσις.</span> 
     </span>
    </p>
   </div>
   <div class='ocr_carea' id='block_1_68' title="bbox 249 4631 1814 4712">
    <p class='ocr_par' dir='ltr' id='par_1_68' title="bbox 249 4631 1814 4712">
     <span class='ocr_line' id='line_1_68' title="bbox 249 4631 1814 4712; baseline -0.006 -19"><span class='ocrx_word' id='word_1_480' title='bbox 249 4639 355 4712; x_wconf 79' lang='grc' dir='ltr'><strong>Τὴν</strong></span> <span class='ocrx_word' id='word_1_481' title='bbox 374 4640 634 4712; x_wconf 81' lang='grc' dir='ltr'>πέμπτην</span> <span class='ocrx_word' id='word_1_482' title='bbox 655 4639 797 4711; x_wconf 74' lang='grc' dir='ltr'>ᾠδὴν</span> <span class='ocrx_word' id='word_1_483' title='bbox 815 4640 1030 4711; x_wconf 80' lang='grc' dir='ltr'>ᾅδοντες</span> <span class='ocrx_word' id='word_1_484' title='bbox 1051 4639 1100 4690; x_wconf 87' lang='grc' dir='ltr'>οἱ</span> <span class='ocrx_word' id='word_1_485' title='bbox 1125 4635 1410 4698; x_wconf 79' lang='grc' dir='ltr'>ἐπιϐάντες</span> <span class='ocrx_word' id='word_1_486' title='bbox 1429 4636 1528 4704; x_wconf 84' lang='grc' dir='ltr'>τῆς</span> <span class='ocrx_word' id='word_1_487' title='bbox 1557 4631 1814 4694; x_wconf 86' lang='grc' dir='ltr'>Ἰουδαίας</span> 
     </span>
    </p>
   </div>
   <div class='ocr_carea' id='block_1_69' title="bbox 314 4721 1815 4802">
    <p class='ocr_par' dir='ltr' id='par_1_69' title="bbox 314 4721 1815 4802">
     <span class='ocr_line' id='line_1_69' title="bbox 314 4721 1815 4802; baseline -0.007 -18"><span class='ocrx_word' id='word_1_488' title='bbox 314 4731 432 4802; x_wconf 83' lang='grc' dir='ltr'>γῆς,</span> <span class='ocrx_word' id='word_1_489' title='bbox 460 4729 628 4800; x_wconf 81' lang='grc' dir='ltr'>εὐχὰς</span> <span class='ocrx_word' id='word_1_490' title='bbox 659 4729 1095 4800; x_wconf 75' lang='grc' dir='ltr'>ἀναπέμπουσιν,</span> <span class='ocrx_word' id='word_1_491' title='bbox 1125 4728 1208 4794; x_wconf 83' lang='grc' dir='ltr'><strong>ἐφ’</strong></span> <span class='ocrx_word' id='word_1_492' title='bbox 1229 4721 1311 4789; x_wconf 79' lang='grc' dir='ltr'><strong>οἷς</strong></span> <span class='ocrx_word' id='word_1_493' title='bbox 1337 4723 1680 4796; x_wconf 78' lang='grc' dir='ltr'>ὲρῤύσθησαν</span> <span class='ocrx_word' id='word_1_494' title='bbox 1708 4722 1815 4776; x_wconf 80' lang='grc' dir='ltr'><strong>ὰπό</strong></span> 
     </span>
    </p>
   </div>
   <div class='ocr_carea' id='block_1_70' title="bbox 312 4815 1578 4892">
    <p class='ocr_par' dir='ltr' id='par_1_70' title="bbox 312 4815 1578 4892">
     <span class='ocr_line' id='line_1_70' title="bbox 312 4815 1578 4892; baseline -0.008 -15"><span class='ocrx_word' id='word_1_495' title='bbox 312 4821 407 4892; x_wconf 82' lang='grc' dir='ltr'>τῆς</span> <span class='ocrx_word' id='word_1_496' title='bbox 443 4819 824 4892; x_wconf 86' lang='grc' dir='ltr'>αἰχμαλωσίας</span> <span class='ocrx_word' id='word_1_497' title='bbox 853 4821 944 4874; x_wconf 74' lang='grc' dir='ltr'>καὶ</span> <span class='ocrx_word' id='word_1_498' title='bbox 971 4819 1078 4873; x_wconf 86' lang='grc' dir='ltr'><strong>τῶν</strong></span> <span class='ocrx_word' id='word_1_499' title='bbox 1114 4817 1315 4888; x_wconf 77' lang='grc' dir='ltr'>μεταξὺ</span> <span class='ocrx_word' id='word_1_500' title='bbox 1349 4815 1578 4888; x_wconf 86' lang='grc' dir='ltr'>ἐχθρῶν.</span> 
     </span>
    </p>
   </div>
   <div class='ocr_carea' id='block_1_71' title="bbox 555 4907 1511 4983">
    <p class='ocr_par' dir='ltr' id='par_1_71' title="bbox 555 4907 1511 4983">
     <span class='ocr_line' id='line_1_71' title="bbox 555 4907 1511 4983; baseline -0.005 -17"><span class='ocrx_word' id='word_1_501' title='bbox 555 4911 695 4983; x_wconf 80' lang='grc' dir='ltr'><strong>’ῼδὴ</strong></span> <span class='ocrx_word' id='word_1_502' title='bbox 733 4911 852 4966; x_wconf 81' lang='grc' dir='ltr'><strong>τῶν</strong></span> <span class='ocrx_word' id='word_1_503' title='bbox 880 4907 1252 4980; x_wconf 80' lang='grc' dir='ltr'>ἀναϐαθμῶν.</span> <span class='ocrx_word' id='word_1_504' title='bbox 1321 4911 1459 4963; x_wconf 86' lang='grc' dir='ltr'><strong>ΡΚΔ</strong></span> <span class='ocrx_word' id='word_1_505' title='bbox 1480 4915 1511 4961; x_wconf 84' lang='grc'>’.</span> 
     </span>
    </p>
   </div>
   <div class='ocr_carea' id='block_1_72' title="bbox 367 4997 1668 5070">
    <p class='ocr_par' dir='ltr' id='par_1_72' title="bbox 367 4997 1668 5070">
     <span class='ocr_line' id='line_1_72' title="bbox 367 4997 1668 5070; baseline -0.005 -11"><span class='ocrx_word' id='word_1_506' title='bbox 367 5007 430 5059; x_wconf 83' lang='lat' dir='ltr'><strong>Oi</strong></span> <span class='ocrx_word' id='word_1_507' title='bbox 459 5004 811 5070; x_wconf 80' lang='grc' dir='ltr'>πεποιθότες</span> <span class='ocrx_word' id='word_1_508' title='bbox 843 5003 942 5056; x_wconf 78' lang='grc' dir='ltr'>ἐπὶ</span> <span class='ocrx_word' id='word_1_509' title='bbox 975 5003 1194 5069; x_wconf 83' lang='grc' dir='ltr'>Κύριον</span> <span class='ocrx_word' id='word_1_510' title='bbox 1223 5001 1304 5068; x_wconf 87' lang='grc' dir='ltr'>ὠς</span> <span class='ocrx_word' id='word_1_511' title='bbox 1330 4999 1467 5068; x_wconf 82' lang='grc' dir='ltr'>ὄρος</span> <span class='ocrx_word' id='word_1_512' title='bbox 1497 4997 1668 5053; x_wconf 83' lang='grc' dir='ltr'>Σιών.</span> 
     </span>
    </p>
   </div>
   <div class='ocr_carea' id='block_1_73' title="bbox 863 5092 1197 5156">
    <p class='ocr_par' dir='ltr' id='par_1_73' title="bbox 863 5092 1197 5156">
     <span class='ocr_line' id='line_1_73' title="bbox 863 5092 1197 5156; baseline -0.003 -9"><span class='ocrx_word' id='word_1_513' title='bbox 863 5092 877 5112; x_wconf 85' lang='grc'><strong>⁰</strong></span> <span class='ocrx_word' id='word_1_514' title='bbox 890 5093 1197 5156; x_wconf 74' lang='grc' dir='ltr'>Υπόθεσις.</span> 
     </span>
    </p>
   </div>
   <div class='ocr_carea' id='block_1_74' title="bbox 249 5181 1814 5258">
    <p class='ocr_par' dir='ltr' id='par_1_74' title="bbox 249 5181 1814 5258">
     <span class='ocr_line' id='line_1_74' title="bbox 249 5181 1814 5258; baseline -0.005 -19"><span class='ocrx_word' id='word_1_515' title='bbox 249 5185 350 5257; x_wconf 79' lang='grc' dir='ltr'>Τήν</span> <span class='ocrx_word' id='word_1_516' title='bbox 375 5187 543 5258; x_wconf 76' lang='grc' dir='ltr'>Ξκτην</span> <span class='ocrx_word' id='word_1_517' title='bbox 568 5187 711 5257; x_wconf 81' lang='grc' dir='ltr'>ᾠδὴν</span> <span class='ocrx_word' id='word_1_518' title='bbox 741 5185 954 5256; x_wconf 71' lang='grc' dir='ltr'>ᾅδουσιν</span> <span class='ocrx_word' id='word_1_519' title='bbox 984 5184 1070 5237; x_wconf 86' lang='grc' dir='ltr'><strong>ἐπ’</strong></span> <span class='ocrx_word' id='word_1_520' title='bbox 1094 5183 1226 5237; x_wconf 77' lang='grc' dir='ltr'>αὐτὸ</span> <span class='ocrx_word' id='word_1_521' title='bbox 1251 5181 1312 5236; x_wconf 81' lang='grc' dir='ltr'>τὸ</span> <span class='ocrx_word' id='word_1_522' title='bbox 1332 5181 1663 5252; x_wconf 82' lang='grc' dir='ltr'>ποθούμενον</span> <span class='ocrx_word' id='word_1_523' title='bbox 1690 5181 1814 5250; x_wconf 78' lang='grc' dir='ltr'>ὅρος</span> 
     </span>
    </p>
   </div>
   <div class='ocr_carea' id='block_1_75' title="bbox 309 5272 1810 5349">
    <p class='ocr_par' dir='ltr' id='par_1_75' title="bbox 309 5272 1810 5349">
     <span class='ocr_line' id='line_1_75' title="bbox 309 5272 1810 5349; baseline -0.005 -17"><span class='ocrx_word' id='word_1_524' title='bbox 309 5280 612 5349; x_wconf 86' lang='grc' dir='ltr'>γενόμενοι.</span> <span class='ocrx_word' id='word_1_525' title='bbox 672 5272 804 5330; x_wconf 78' lang='grc' dir='ltr'>Εἶτα</span> <span class='ocrx_word' id='word_1_526' title='bbox 882 5276 1113 5346; x_wconf 84' lang='grc' dir='ltr'>ὁρῶντες</span> <span class='ocrx_word' id='word_1_527' title='bbox 1147 5273 1246 5345; x_wconf 82' lang='grc' dir='ltr'><strong>τὴν</strong></span> <span class='ocrx_word' id='word_1_528' title='bbox 1289 5273 1442 5327; x_wconf 85' lang='grc' dir='ltr'>πόλιν</span> <span class='ocrx_word' id='word_1_529' title='bbox 1489 5273 1810 5342; x_wconf 78' lang='grc' dir='ltr'>ἀτείχιστον,</span> 
     </span>
    </p>
   </div>
   <div class='ocr_carea' id='block_1_76' title="bbox 311 5363 1814 5442">
    <p class='ocr_par' dir='ltr' id='par_1_76' title="bbox 311 5363 1814 5442">
     <span class='ocr_line' id='line_1_76' title="bbox 311 5363 1814 5442; baseline -0.005 -17"><span class='ocrx_word' id='word_1_530' title='bbox 311 5374 490 5442; x_wconf 79' lang='grc' dir='ltr'>τεῖχος</span> <span class='ocrx_word' id='word_1_531' title='bbox 519 5371 658 5442; x_wconf 77' lang='grc' dir='ltr'>αὐτῇ</span> <span class='ocrx_word' id='word_1_532' title='bbox 687 5370 786 5440; x_wconf 82' lang='grc' dir='ltr'>τὴν</span> <span class='ocrx_word' id='word_1_533' title='bbox 832 5368 926 5422; x_wconf 89' lang='grc' dir='ltr'><strong>τοῦ</strong></span> <span class='ocrx_word' id='word_1_534' title='bbox 978 5369 1183 5440; x_wconf 83' lang='grc' dir='ltr'>Κυρίου</span> <span class='ocrx_word' id='word_1_535' title='bbox 1213 5365 1530 5437; x_wconf 83' lang='grc' dir='ltr'>ἐπικουρίαν</span> <span class='ocrx_word' id='word_1_536' title='bbox 1565 5363 1814 5435; x_wconf 71' lang='grc' dir='ltr'>εὔχονται</span> 
     </span>
    </p>
   </div>
   <div class='ocr_carea' id='block_1_77' title="bbox 307 5454 1812 5532">
    <p class='ocr_par' dir='ltr' id='par_1_77' title="bbox 307 5454 1812 5532">
     <span class='ocr_line' id='line_1_77' title="bbox 307 5454 1812 5532; baseline -0.007 -15"><span class='ocrx_word' id='word_1_537' title='bbox 307 5462 583 5532; x_wconf 80' lang='grc' dir='ltr'>γενέσθαι,</span> <span class='ocrx_word' id='word_1_538' title='bbox 616 5459 770 5530; x_wconf 76' lang='grc' dir='ltr'>φησί,</span> <span class='ocrx_word' id='word_1_539' title='bbox 794 5459 889 5513; x_wconf 78' lang='grc' dir='ltr'>καὶ</span> <span class='ocrx_word' id='word_1_540' title='bbox 922 5459 1029 5530; x_wconf 81' lang='grc' dir='ltr'>μὴν</span> <span class='ocrx_word' id='word_1_541' title='bbox 1054 5459 1150 5512; x_wconf 76' lang='grc' dir='ltr'>καὶ</span> <span class='ocrx_word' id='word_1_542' title='bbox 1175 5457 1286 5512; x_wconf 88' lang='grc' dir='ltr'><strong>τῶν</strong></span> <span class='ocrx_word' id='word_1_543' title='bbox 1312 5455 1523 5529; x_wconf 86' lang='grc' dir='ltr'>ἐχθρῶν</span> <span class='ocrx_word' id='word_1_544' title='bbox 1551 5454 1812 5528; x_wconf 71' lang='grc' dir='ltr'>θαρροῦσι</span> 
     </span>
    </p>
   </div>
   <div class='ocr_carea' id='block_1_78' title="bbox 307 5549 1810 5624">
    <p class='ocr_par' dir='ltr' id='par_1_78' title="bbox 307 5549 1810 5624">
     <span class='ocr_line' id='line_1_78' title="bbox 307 5549 1810 5624; baseline -0.006 -15"><span class='ocrx_word' id='word_1_545' title='bbox 307 5554 591 5624; x_wconf 77' lang='grc' dir='ltr'>διαφυγεῖν</span> <span class='ocrx_word' id='word_1_546' title='bbox 622 5551 722 5616; x_wconf 82' lang='grc' dir='ltr'><strong>τὰς</strong></span> <span class='ocrx_word' id='word_1_547' title='bbox 752 5550 1066 5615; x_wconf 70' lang='grc' dir='ltr'><strong>ἐπιϐουλάς⁸</strong></span> <span class='ocrx_word' id='word_1_548' title='bbox 1099 5549 1158 5615; x_wconf 81' lang='grc' dir='ltr'>ἐξ</span> <span class='ocrx_word' id='word_1_549' title='bbox 1187 5551 1354 5620; x_wconf 79' lang='grc' dir='ltr'>αὐτῆς</span> <span class='ocrx_word' id='word_1_550' title='bbox 1383 5549 1437 5602; x_wconf 81' lang='grc' dir='ltr'>δὲ</span> <span class='ocrx_word' id='word_1_551' title='bbox 1457 5549 1558 5619; x_wconf 73' lang='grc' dir='ltr'>τῆς</span> <span class='ocrx_word' id='word_1_552' title='bbox 1590 5550 1810 5602; x_wconf 80' lang='grc' dir='ltr'>ἐπικουο</span> 
     </span>
    </p>
   </div>
   <div class='ocr_carea' id='block_1_79' title="bbox 310 5705 1100 5797">
    <p class='ocr_par' dir='ltr' id='par_1_79' title="bbox 310 5705 1100 5797">
     <span class='ocr_line' id='line_1_79' title="bbox 310 5705 1100 5797; baseline -0.004 -32"><span class='ocrx_word' id='word_1_553' title='bbox 310 5713 354 5745; x_wconf 84' lang='grc'><strong><em>⁸⁸</em></strong></span> <span class='ocrx_word' id='word_1_554' title='bbox 383 5711 545 5797; x_wconf 75' lang='lat' dir='ltr'><strong>Rom.</strong></span> <span class='ocrx_word' id='word_1_555' title='bbox 577 5724 700 5772; x_wconf 81' lang='lat' dir='ltr'><strong>Vill,</strong></span> <span class='ocrx_word' id='word_1_556' title='bbox 733 5708 822 5763; x_wconf 74' lang='lat'><strong>15.</strong></span> <span class='ocrx_word' id='word_1_557' title='bbox 901 5707 943 5739; x_wconf 85' lang='grc'><strong>⁸¹</strong></span> <span class='ocrx_word' id='word_1_558' title='bbox 972 5705 1100 5762; x_wconf 83' lang='lat' dir='ltr'><strong>ibid.</strong></span> 
     </span>
    </p>
   </div>
   <div class='ocr_carea' id='block_1_80' title="bbox 1839 4449 1891 4510">
    <p class='ocr_par' dir='ltr' id='par_1_80' title="bbox 1839 4449 1891 4510">
     <span class='ocr_line' id='line_1_80' title="bbox 1839 4449 1891 4510; baseline 0 0"><span class='ocrx_word' id='word_1_559' title='bbox 1839 4449 1891 4510; x_wconf 87' lang='lat' dir='ltr'><strong>D</strong></span> 
     </span>
    </p>
   </div>
   <div class='ocr_carea' id='block_1_81' title="bbox 1919 2101 3024 2171">
    <p class='ocr_par' dir='ltr' id='par_1_81' title="bbox 1919 2101 3024 2171">
     <span class='ocr_line' id='line_1_81' title="bbox 1919 2101 3024 2171; baseline -0.002 -16"><span class='ocrx_word' id='word_1_560' title='bbox 1919 2101 2184 2156; x_wconf 87' lang='lat' dir='ltr'><strong>rationem</strong></span> <span class='ocrx_word' id='word_1_561' title='bbox 2208 2138 2224 2165; x_wconf 90' lang='lat'><strong>,</strong></span> <span class='ocrx_word' id='word_1_562' title='bbox 2253 2109 2473 2157; x_wconf 87' lang='lat' dir='ltr'><strong>sanctos</strong></span> <span class='ocrx_word' id='word_1_563' title='bbox 2498 2101 2590 2171; x_wconf 92' lang='lat' dir='ltr'><strong>qui</strong></span> <span class='ocrx_word' id='word_1_564' title='bbox 2621 2101 2675 2154; x_wconf 93' lang='lat' dir='ltr'><strong>in</strong></span> <span class='ocrx_word' id='word_1_565' title='bbox 2703 2101 2817 2170; x_wconf 90' lang='lat' dir='ltr'><strong>ipsa</strong></span> <span class='ocrx_word' id='word_1_566' title='bbox 2851 2109 3024 2155; x_wconf 88' lang='lat' dir='ltr'><strong>erant.</strong></span> 
     </span>
    </p>
   </div>
   <div class='ocr_carea' id='block_1_82' title="bbox 1988 2257 3491 2330">
    <p class='ocr_par' dir='ltr' id='par_1_82' title="bbox 1988 2257 3491 2330">
     <span class='ocr_line' id='line_1_82' title="bbox 1988 2257 3491 2330; baseline 0.001 -18"><span class='ocrx_word' id='word_1_567' title='bbox 1988 2258 2042 2315; x_wconf 91' lang='lat'><strong>9.</strong></span> <span class='ocrx_word' id='word_1_568' title='bbox 2069 2257 2293 2328; x_wconf 85' lang='lat' dir='ltr'><strong>Propter</strong></span> <span class='ocrx_word' id='word_1_569' title='bbox 2314 2259 2529 2313; x_wconf 87' lang='lat' dir='ltr'><strong>domum</strong></span> <span class='ocrx_word' id='word_1_570' title='bbox 2558 2258 2774 2313; x_wconf 77' lang='lat' dir='ltr'><strong>Domini</strong></span> <span class='ocrx_word' id='word_1_571' title='bbox 2799 2258 2896 2313; x_wconf 85' lang='lat' dir='ltr'><strong>Dei</strong></span> <span class='ocrx_word' id='word_1_572' title='bbox 2926 2261 3092 2313; x_wconf 79' lang='lat' dir='ltr'><strong>nostri</strong></span> <span class='ocrx_word' id='word_1_573' title='bbox 3119 2261 3338 2330; x_wconf 64' lang='lat' dir='ltr'><strong>quaesivi</strong></span> <span class='ocrx_word' id='word_1_574' title='bbox 3357 2261 3491 2314; x_wconf 85' lang='lat' dir='ltr'><strong>bona</strong></span> 
     </span>
    </p>
   </div>
   <div class='ocr_carea' id='block_1_83' title="bbox 1920 2348 3490 2419">
    <p class='ocr_par' dir='ltr' id='par_1_83' title="bbox 1920 2348 3490 2419">
     <span class='ocr_line' id='line_1_83' title="bbox 1920 2348 3490 2419; baseline 0.001 -17"><span class='ocrx_word' id='word_1_575' title='bbox 1920 2349 2036 2404; x_wconf 83' lang='lat' dir='ltr'><strong>tibi.</strong></span> <span class='ocrx_word' id='word_1_576' title='bbox 2109 2348 2284 2417; x_wconf 85' lang='lat' dir='ltr'><strong>Quia,</strong></span> <span class='ocrx_word' id='word_1_577' title='bbox 2329 2350 2542 2419; x_wconf 90' lang='lat' dir='ltr'><strong>inquit,</strong></span> <span class='ocrx_word' id='word_1_578' title='bbox 2585 2365 2619 2406; x_wconf 92' lang='grc' dir='ltr'><strong>ο</strong></span> <span class='ocrx_word' id='word_1_579' title='bbox 2645 2349 2947 2405; x_wconf 78' lang='lat' dir='ltr'><strong>Jerusalem</strong></span> <span class='ocrx_word' id='word_1_580' title='bbox 2969 2392 2984 2414; x_wconf 88' lang='lat'><strong>,</strong></span> <span class='ocrx_word' id='word_1_581' title='bbox 3022 2351 3074 2404; x_wconf 94' lang='lat' dir='ltr'><strong>in</strong></span> <span class='ocrx_word' id='word_1_582' title='bbox 3107 2359 3160 2405; x_wconf 88' lang='lat' dir='ltr'><strong>te</strong></span> <span class='ocrx_word' id='word_1_583' title='bbox 3185 2359 3267 2406; x_wconf 88' lang='lat' dir='ltr'><strong>est</strong></span> <span class='ocrx_word' id='word_1_584' title='bbox 3294 2351 3490 2406; x_wconf 86' lang='lat' dir='ltr'><strong>domus</strong></span> 
     </span>
    </p>
   </div>
   <div class='ocr_carea' id='block_1_84' title="bbox 1917 2438 3490 2510">
    <p class='ocr_par' dir='ltr' id='par_1_84' title="bbox 1917 2438 3490 2510">
     <span class='ocr_line' id='line_1_84' title="bbox 1917 2438 3490 2510; baseline 0.001 -18"><span class='ocrx_word' id='word_1_585' title='bbox 1917 2438 2012 2494; x_wconf 90' lang='lat' dir='ltr'><strong>Dei</strong></span> <span class='ocrx_word' id='word_1_586' title='bbox 2053 2440 2247 2506; x_wconf 88' lang='lat' dir='ltr'><strong>nostri,</strong></span> <span class='ocrx_word' id='word_1_587' title='bbox 2282 2447 2504 2510; x_wconf 87' lang='lat' dir='ltr'><strong>accepta</strong></span> <span class='ocrx_word' id='word_1_588' title='bbox 2533 2439 2776 2496; x_wconf 79' lang='lat' dir='ltr'><strong>referens</strong></span> <span class='ocrx_word' id='word_1_589' title='bbox 2809 2440 3072 2496; x_wconf 83' lang='lat' dir='ltr'><strong>beneﬁcia</strong></span> <span class='ocrx_word' id='word_1_590' title='bbox 3102 2440 3320 2510; x_wconf 75' lang='lat' dir='ltr'><strong>quiesivi</strong></span> <span class='ocrx_word' id='word_1_591' title='bbox 3355 2440 3490 2493; x_wconf 86' lang='lat' dir='ltr'><strong>bona</strong></span> 
     </span>
    </p>
   </div>
   <div class='ocr_carea' id='block_1_85' title="bbox 1919 2530 2035 2586">
    <p class='ocr_par' dir='ltr' id='par_1_85' title="bbox 1919 2530 2035 2586">
     <span class='ocr_line' id='line_1_85' title="bbox 1919 2530 2035 2586; baseline 0.017 -2"><span class='ocrx_word' id='word_1_592' title='bbox 1919 2530 2035 2586; x_wconf 84' lang='lat' dir='ltr'><strong>tibi.</strong></span> 
     </span>
    </p>
   </div>
   <div class='ocr_carea' id='block_1_86' title="bbox 2243 2638 3154 2711">
    <p class='ocr_par' dir='ltr' id='par_1_86' title="bbox 2243 2638 3154 2711">
     <span class='ocr_line' id='line_1_86' title="bbox 2243 2638 3154 2711; baseline -0.003 -15"><span class='ocrx_word' id='word_1_593' title='bbox 2243 2638 2524 2696; x_wconf 84' lang='lat' dir='ltr'><strong>Canticum</strong></span> <span class='ocrx_word' id='word_1_594' title='bbox 2569 2641 2855 2711; x_wconf 86' lang='lat' dir='ltr'><strong>graduum.</strong></span> <span class='ocrx_word' id='word_1_595' title='bbox 2911 2638 3154 2696; x_wconf 78' lang='lat' dir='ltr'><strong>CXXII.</strong></span> 
     </span>
    </p>
   </div>
   <div class='ocr_carea' id='block_1_87' title="bbox 2506 2730 2909 2801">
    <p class='ocr_par' dir='ltr' id='par_1_87' title="bbox 2506 2730 2909 2801">
     <span class='ocr_line' id='line_1_87' title="bbox 2506 2730 2909 2801; baseline 0 -17"><span class='ocrx_word' id='word_1_596' title='bbox 2506 2730 2909 2801; x_wconf 78' lang='lat' dir='ltr'><strong>Argumentum.</strong></span> 
     </span>
    </p>
   </div>
   <div class='ocr_carea' id='block_1_88' title="bbox 1917 2823 3488 2896">
    <p class='ocr_par' dir='ltr' id='par_1_88' title="bbox 1917 2823 3488 2896">
     <span class='ocr_line' id='line_1_88' title="bbox 1917 2823 3488 2896; baseline 0.001 -17"><span class='ocrx_word' id='word_1_597' title='bbox 1917 2823 2183 2892; x_wconf 87' lang='lat' dir='ltr'><strong>Quartum</strong></span> <span class='ocrx_word' id='word_1_598' title='bbox 2222 2825 2493 2881; x_wconf 88' lang='lat' dir='ltr'><strong>canticum</strong></span> <span class='ocrx_word' id='word_1_599' title='bbox 2524 2825 2827 2880; x_wconf 88' lang='lat' dir='ltr'><strong>orationem</strong></span> <span class='ocrx_word' id='word_1_600' title='bbox 2861 2824 3108 2879; x_wconf 84' lang='lat' dir='ltr'><strong>continet</strong></span> <span class='ocrx_word' id='word_1_601' title='bbox 3156 2838 3345 2878; x_wconf 93' lang='lat' dir='ltr'><strong>eorum</strong></span> <span class='ocrx_word' id='word_1_602' title='bbox 3391 2826 3488 2896; x_wconf 85' lang='lat' dir='ltr'><strong>qui</strong></span> 
     </span>
    </p>
   </div>
   <div class='ocr_carea' id='block_1_89' title="bbox 1989 2915 3488 2988">
    <p class='ocr_par' dir='ltr' id='par_1_89' title="bbox 1989 2915 3488 2988">
     <span class='ocr_line' id='line_1_89' title="bbox 1989 2915 3488 2988; baseline -0.005 -17"><span class='ocrx_word' id='word_1_603' title='bbox 1989 2916 2345 2988; x_wconf 77' lang='lat' dir='ltr'><strong>remigrantes</strong></span> <span class='ocrx_word' id='word_1_604' title='bbox 2367 2916 2554 2971; x_wconf 90' lang='lat' dir='ltr'><strong>multis</strong></span> <span class='ocrx_word' id='word_1_605' title='bbox 2569 2916 2726 2970; x_wconf 90' lang='lat' dir='ltr'><strong>annis</strong></span> <span class='ocrx_word' id='word_1_606' title='bbox 2749 2916 2802 2969; x_wconf 95' lang='lat' dir='ltr'><strong>in</strong></span> <span class='ocrx_word' id='word_1_607' title='bbox 2821 2916 3014 2970; x_wconf 89' lang='lat' dir='ltr'><strong>itinere</strong></span> <span class='ocrx_word' id='word_1_608' title='bbox 3033 2916 3231 2970; x_wconf 76' lang='lat' dir='ltr'><strong>versati</strong></span> <span class='ocrx_word' id='word_1_609' title='bbox 3251 2915 3488 2970; x_wconf 87' lang='lat' dir='ltr'><strong>fuerant.</strong></span> 
     </span>
    </p>
   </div>
   <div class='ocr_carea' id='block_1_90' title="bbox 1987 3004 3487 3073">
    <p class='ocr_par' dir='ltr' id='par_1_90' title="bbox 1987 3004 3487 3073">
     <span class='ocr_line' id='line_1_90' title="bbox 1987 3004 3487 3073; baseline -0.001 -14"><span class='ocrx_word' id='word_1_610' title='bbox 1987 3007 2090 3073; x_wconf 87' lang='lat' dir='ltr'><strong>Qui</strong></span> <span class='ocrx_word' id='word_1_611' title='bbox 2115 3005 2314 3061; x_wconf 87' lang='lat' dir='ltr'><strong>defessi</strong></span> <span class='ocrx_word' id='word_1_612' title='bbox 2346 3006 2400 3058; x_wconf 94' lang='lat' dir='ltr'><strong>in</strong></span> <span class='ocrx_word' id='word_1_613' title='bbox 2421 3005 2527 3072; x_wconf 85' lang='lat' dir='ltr'><strong>via,</strong></span> <span class='ocrx_word' id='word_1_614' title='bbox 2551 3004 2980 3058; x_wconf 89' lang='lat' dir='ltr'><strong>misericordiam</strong></span> <span class='ocrx_word' id='word_1_615' title='bbox 3008 3013 3061 3059; x_wconf 87' lang='lat' dir='ltr'><strong>et</strong></span> <span class='ocrx_word' id='word_1_616' title='bbox 3083 3004 3487 3060; x_wconf 89' lang='lat' dir='ltr'><strong>miserationem</strong></span> 
     </span>
    </p>
   </div>
   <div class='ocr_carea' id='block_1_91' title="bbox 1988 3097 3488 3168">
    <p class='ocr_par' dir='ltr' id='par_1_91' title="bbox 1988 3097 3488 3168">
     <span class='ocr_line' id='line_1_91' title="bbox 1988 3097 3488 3168; baseline -0.003 -15"><span class='ocrx_word' id='word_1_617' title='bbox 1988 3113 2019 3154; x_wconf 91' lang='lat' dir='ltr'><strong>a</strong></span> <span class='ocrx_word' id='word_1_618' title='bbox 2049 3097 2160 3153; x_wconf 86' lang='lat' dir='ltr'><strong>Deo</strong></span> <span class='ocrx_word' id='word_1_619' title='bbox 2184 3097 2423 3168; x_wconf 89' lang='lat' dir='ltr'><strong>impendi</strong></span> <span class='ocrx_word' id='word_1_620' title='bbox 2466 3097 2570 3152; x_wconf 84' lang='lat' dir='ltr'><strong>sibi</strong></span> <span class='ocrx_word' id='word_1_621' title='bbox 2594 3097 2889 3166; x_wconf 90' lang='lat' dir='ltr'><strong>postulant,</strong></span> <span class='ocrx_word' id='word_1_622' title='bbox 2919 3105 3103 3167; x_wconf 91' lang='lat' dir='ltr'><strong>utpote</strong></span> <span class='ocrx_word' id='word_1_623' title='bbox 3129 3097 3222 3166; x_wconf 92' lang='lat' dir='ltr'><strong>qui</strong></span> <span class='ocrx_word' id='word_1_624' title='bbox 3249 3111 3279 3151; x_wconf 88' lang='lat' dir='ltr'><strong>a</strong></span> <span class='ocrx_word' id='word_1_625' title='bbox 3311 3097 3488 3167; x_wconf 80' lang='lat' dir='ltr'><strong>genti-</strong></span> 
     </span>
    </p>
   </div>
   <div class='ocr_carea' id='block_1_92' title="bbox 1989 3185 3492 3257">
    <p class='ocr_par' dir='ltr' id='par_1_92' title="bbox 1989 3185 3492 3257">
     <span class='ocr_line' id='line_1_92' title="bbox 1989 3185 3492 3257; baseline -0.001 -13"><span class='ocrx_word' id='word_1_626' title='bbox 1989 3189 2094 3244; x_wconf 86' lang='lat' dir='ltr'><strong>bus</strong></span> <span class='ocrx_word' id='word_1_627' title='bbox 2143 3188 2297 3242; x_wconf 88' lang='lat' dir='ltr'><strong>nihili</strong></span> <span class='ocrx_word' id='word_1_628' title='bbox 2333 3187 2712 3257; x_wconf 89' lang='lat' dir='ltr'><strong>penderentur.</strong></span> <span class='ocrx_word' id='word_1_629' title='bbox 2773 3185 2952 3252; x_wconf 86' lang='lat' dir='ltr'><strong>Quare</strong></span> <span class='ocrx_word' id='word_1_630' title='bbox 3003 3187 3299 3242; x_wconf 89' lang='lat' dir='ltr'><strong>eonsolans</strong></span> <span class='ocrx_word' id='word_1_631' title='bbox 3343 3188 3492 3256; x_wconf 89' lang='lat' dir='ltr'><strong>ipsos</strong></span> 
     </span>
    </p>
   </div>
   <div class='ocr_carea' id='block_1_93' title="bbox 1989 3275 3492 3348">
    <p class='ocr_par' dir='ltr' id='par_1_93' title="bbox 1989 3275 3492 3348">
     <span class='ocr_line' id='line_1_93' title="bbox 1989 3275 3492 3348; baseline -0.003 -14"><span class='ocrx_word' id='word_1_632' title='bbox 1989 3277 2227 3348; x_wconf 87' lang='lat' dir='ltr'><strong>Spiritus</strong></span> <span class='ocrx_word' id='word_1_633' title='bbox 2259 3285 2483 3333; x_wconf 90' lang='lat' dir='ltr'><strong>sanctus</strong></span> <span class='ocrx_word' id='word_1_634' title='bbox 2503 3317 2518 3341; x_wconf 90' lang='lat'><strong>,</strong></span> <span class='ocrx_word' id='word_1_635' title='bbox 2572 3277 2862 3347; x_wconf 83' lang='lat' dir='ltr'><strong>respondet</strong></span> <span class='ocrx_word' id='word_1_636' title='bbox 2907 3286 2961 3331; x_wconf 87' lang='lat' dir='ltr'><strong>et</strong></span> <span class='ocrx_word' id='word_1_637' title='bbox 2993 3277 3068 3331; x_wconf 91' lang='lat' dir='ltr'><strong>ait</strong></span> <span class='ocrx_word' id='word_1_638' title='bbox 3095 3295 3108 3330; x_wconf 91' lang='lat'><strong>:</strong></span> <span class='ocrx_word' id='word_1_639' title='bbox 3140 3275 3492 3346; x_wconf 86' lang='lat' dir='ltr'><strong>Opprobrium</strong></span> 
     </span>
    </p>
   </div>
   <div class='ocr_carea' id='block_1_94' title="bbox 1989 3370 2398 3424">
    <p class='ocr_par' dir='ltr' id='par_1_94' title="bbox 1989 3370 2398 3424">
     <span class='ocr_line' id='line_1_94' title="bbox 1989 3370 2398 3424; baseline -0.005 0"><span class='ocrx_word' id='word_1_640' title='bbox 1989 3370 2398 3424; x_wconf 82' lang='lat' dir='ltr'><strong>abundantibus.</strong></span> 
     </span>
    </p>
   </div>
   <div class='ocr_carea' id='block_1_95' title="bbox 1987 3457 3492 3528">
    <p class='ocr_par' dir='ltr' id='par_1_95' title="bbox 1987 3457 3492 3528">
     <span class='ocr_line' id='line_1_95' title="bbox 1987 3457 3492 3528; baseline -0.004 -12"><span class='ocrx_word' id='word_1_641' title='bbox 1987 3462 2042 3528; x_wconf 75' lang='grc'>1,</span> <span class='ocrx_word' id='word_1_642' title='bbox 2072 3462 2124 3515; x_wconf 75' lang='lat'><strong>2.</strong></span> <span class='ocrx_word' id='word_1_643' title='bbox 2161 3461 2244 3514; x_wconf 77' lang='lat' dir='ltr'><strong>Ad</strong></span> <span class='ocrx_word' id='word_1_644' title='bbox 2275 3470 2324 3514; x_wconf 90' lang='lat' dir='ltr'><strong>te</strong></span> <span class='ocrx_word' id='word_1_645' title='bbox 2347 3460 2512 3515; x_wconf 79' lang='lat' dir='ltr'><strong>levavi</strong></span> <span class='ocrx_word' id='word_1_646' title='bbox 2533 3457 2712 3513; x_wconf 87' lang='lat' dir='ltr'><strong>oculos</strong></span> <span class='ocrx_word' id='word_1_647' title='bbox 2742 3473 2905 3524; x_wconf 88' lang='lat' dir='ltr'><strong>meos,</strong></span> <span class='ocrx_word' id='word_1_648' title='bbox 2951 3457 3042 3527; x_wconf 83' lang='lat' dir='ltr'><strong>qui</strong></span> <span class='ocrx_word' id='word_1_649' title='bbox 3068 3457 3278 3510; x_wconf 82' lang='lat' dir='ltr'><strong>habitas</strong></span> <span class='ocrx_word' id='word_1_650' title='bbox 3303 3457 3357 3510; x_wconf 91' lang='lat' dir='ltr'><strong>in</strong></span> <span class='ocrx_word' id='word_1_651' title='bbox 3387 3472 3492 3510; x_wconf 73' lang='lat' dir='ltr'><strong>cte-</strong></span> 
     </span>
    </p>
   </div>
   <div class='ocr_carea' id='block_1_96' title="bbox 1917 3548 3490 3609">
    <p class='ocr_par' dir='ltr' id='par_1_96' title="bbox 1917 3548 3490 3609">
     <span class='ocr_line' id='line_1_96' title="bbox 1917 3548 3490 3609; baseline -0.005 -1"><span class='ocrx_word' id='word_1_652' title='bbox 1917 3553 2006 3609; x_wconf 89' lang='lat' dir='ltr'><strong>lis.</strong></span> <span class='ocrx_word' id='word_1_653' title='bbox 2033 3551 2166 3607; x_wconf 83' lang='lat' dir='ltr'><strong>Ecce</strong></span> <span class='ocrx_word' id='word_1_654' title='bbox 2185 3553 2323 3606; x_wconf 80' lang='lat' dir='ltr'><strong>sicut</strong></span> <span class='ocrx_word' id='word_1_655' title='bbox 2347 3551 2486 3605; x_wconf 85' lang='lat' dir='ltr'><strong>oculi</strong></span> <span class='ocrx_word' id='word_1_656' title='bbox 2509 3565 2779 3605; x_wconf 77' lang='lat' dir='ltr'><strong>seruorum</strong></span> <span class='ocrx_word' id='word_1_657' title='bbox 2807 3549 2865 3602; x_wconf 91' lang='lat' dir='ltr'><strong>in</strong></span> <span class='ocrx_word' id='word_1_658' title='bbox 2889 3549 3130 3602; x_wconf 85' lang='lat' dir='ltr'><strong>manibus</strong></span> <span class='ocrx_word' id='word_1_659' title='bbox 3157 3548 3490 3602; x_wconf 86' lang='lat' dir='ltr'><strong>dominorum</strong></span> 
     </span>
    </p>
   </div>
   <div class='ocr_carea' id='block_1_97' title="bbox 1917 3637 3493 3709">
    <p class='ocr_par' dir='ltr' id='par_1_97' title="bbox 1917 3637 3493 3709">
     <span class='ocr_line' id='line_1_97' title="bbox 1917 3637 3493 3709; baseline -0.004 -11"><span class='ocrx_word' id='word_1_660' title='bbox 1917 3659 2152 3698; x_wconf 83' lang='lat' dir='ltr'><strong>suorum.</strong></span> <span class='ocrx_word' id='word_1_661' title='bbox 2175 3640 2332 3698; x_wconf 90' lang='lat' dir='ltr'><strong>Oculi</strong></span> <span class='ocrx_word' id='word_1_662' title='bbox 2354 3655 2545 3696; x_wconf 90' lang='lat' dir='ltr'><strong>eorum</strong></span> <span class='ocrx_word' id='word_1_663' title='bbox 2574 3639 2670 3709; x_wconf 93' lang='lat' dir='ltr'><strong>qui</strong></span> <span class='ocrx_word' id='word_1_664' title='bbox 2699 3638 2900 3692; x_wconf 89' lang='lat' dir='ltr'><strong>habent</strong></span> <span class='ocrx_word' id='word_1_665' title='bbox 2921 3637 3176 3706; x_wconf 88' lang='lat' dir='ltr'><strong>spiritum</strong></span> <span class='ocrx_word' id='word_1_666' title='bbox 3206 3638 3493 3694; x_wconf 86' lang='lat' dir='ltr'><strong>servitutis</strong></span> 
     </span>
    </p>
   </div>
   <div class='ocr_carea' id='block_1_98' title="bbox 1917 3729 3487 3794">
    <p class='ocr_par' dir='ltr' id='par_1_98' title="bbox 1917 3729 3487 3794">
     <span class='ocr_line' id='line_1_98' title="bbox 1917 3729 3487 3794; baseline -0.004 -4"><span class='ocrx_word' id='word_1_667' title='bbox 1917 3737 1971 3790; x_wconf 91' lang='lat' dir='ltr'><strong>in</strong></span> <span class='ocrx_word' id='word_1_668' title='bbox 1999 3736 2193 3790; x_wconf 90' lang='lat' dir='ltr'><strong>timore</strong></span> <span class='ocrx_word' id='word_1_669' title='bbox 2207 3733 2254 3766; x_wconf 78' lang='grc' dir='ltr'><strong>⁸ο</strong></span> <span class='ocrx_word' id='word_1_670' title='bbox 2277 3741 2406 3790; x_wconf 90' lang='lat' dir='ltr'><strong>sunt</strong></span> <span class='ocrx_word' id='word_1_671' title='bbox 2427 3733 2484 3787; x_wconf 92' lang='lat' dir='ltr'><strong>in</strong></span> <span class='ocrx_word' id='word_1_672' title='bbox 2506 3730 2759 3786; x_wconf 89' lang='lat' dir='ltr'><strong>manibus</strong></span> <span class='ocrx_word' id='word_1_673' title='bbox 2776 3729 3124 3784; x_wconf 88' lang='lat' dir='ltr'><strong>dominorum</strong></span> <span class='ocrx_word' id='word_1_674' title='bbox 3142 3738 3196 3784; x_wconf 86' lang='lat' dir='ltr'><strong>et</strong></span> <span class='ocrx_word' id='word_1_675' title='bbox 3217 3729 3487 3794; x_wconf 66' lang='lat' dir='ltr'><strong>dominae;</strong></span> 
     </span>
    </p>
   </div>
   <div class='ocr_carea' id='block_1_99' title="bbox 1916 3815 3490 3896">
    <p class='ocr_par' dir='ltr' id='par_1_99' title="bbox 1916 3815 3490 3896">
     <span class='ocr_line' id='line_1_99' title="bbox 1916 3815 3490 3896; baseline -0.005 -16"><span class='ocrx_word' id='word_1_676' title='bbox 1916 3825 2036 3896; x_wconf 89' lang='lat' dir='ltr'><strong>ejus</strong></span> <span class='ocrx_word' id='word_1_677' title='bbox 2068 3833 2248 3879; x_wconf 92' lang='lat' dir='ltr'><strong>autem</strong></span> <span class='ocrx_word' id='word_1_678' title='bbox 2279 3823 2372 3893; x_wconf 88' lang='lat' dir='ltr'><strong>qui</strong></span> <span class='ocrx_word' id='word_1_679' title='bbox 2402 3822 2656 3892; x_wconf 88' lang='lat' dir='ltr'><strong>spiritum</strong></span> <span class='ocrx_word' id='word_1_680' title='bbox 2677 3819 2988 3890; x_wconf 87' lang='lat' dir='ltr'><strong>ad0ptionis</strong></span> <span class='ocrx_word' id='word_1_681' title='bbox 3009 3819 3053 3852; x_wconf 85' lang='grc'><strong>⁶¹</strong></span> <span class='ocrx_word' id='word_1_682' title='bbox 3079 3818 3264 3884; x_wconf 89' lang='lat' dir='ltr'><strong>habet,</strong></span> <span class='ocrx_word' id='word_1_683' title='bbox 3289 3818 3354 3872; x_wconf 90' lang='lat' dir='ltr'><strong>ad</strong></span> <span class='ocrx_word' id='word_1_684' title='bbox 3383 3815 3490 3872; x_wconf 86' lang='lat' dir='ltr'><strong>Do-</strong></span> 
     </span>
    </p>
   </div>
   <div class='ocr_carea' id='block_1_100' title="bbox 1914 3914 2352 3971">
    <p class='ocr_par' dir='ltr' id='par_1_100' title="bbox 1914 3914 2352 3971">
     <span class='ocr_line' id='line_1_100' title="bbox 1914 3914 2352 3971; baseline -0.005 0"><span class='ocrx_word' id='word_1_685' title='bbox 1914 3917 2125 3971; x_wconf 89' lang='lat' dir='ltr'><strong>minum</strong></span> <span class='ocrx_word' id='word_1_686' title='bbox 2162 3914 2352 3969; x_wconf 91' lang='lat' dir='ltr'><strong>Deum.</strong></span> 
     </span>
    </p>
   </div>
   <div class='ocr_carea' id='block_1_101' title="bbox 1987 3995 3490 4065">
    <p class='ocr_par' dir='ltr' id='par_1_101' title="bbox 1987 3995 3490 4065">
     <span class='ocr_line' id='line_1_101' title="bbox 1987 3995 3490 4065; baseline -0.005 -6"><span class='ocrx_word' id='word_1_687' title='bbox 1987 4005 2041 4060; x_wconf 76' lang='lat'><strong>3.</strong></span> <span class='ocrx_word' id='word_1_688' title='bbox 2093 4003 2339 4056; x_wconf 79' lang='lat' dir='ltr'><strong>Miserere</strong></span> <span class='ocrx_word' id='word_1_689' title='bbox 2370 4000 2571 4065; x_wconf 88' lang='lat' dir='ltr'><strong>nostri,</strong></span> <span class='ocrx_word' id='word_1_690' title='bbox 2601 3997 2845 4062; x_wconf 87' lang='lat' dir='ltr'><strong>Domine,</strong></span> <span class='ocrx_word' id='word_1_691' title='bbox 2887 3998 3131 4051; x_wconf 84' lang='lat' dir='ltr'><strong>miserere</strong></span> <span class='ocrx_word' id='word_1_692' title='bbox 3163 3998 3351 4052; x_wconf 85' lang='lat' dir='ltr'><strong>nostri.</strong></span> <span class='ocrx_word' id='word_1_693' title='bbox 3383 3995 3490 4051; x_wconf 80' lang='lat' dir='ltr'><strong>Re—</strong></span> 
     </span>
    </p>
   </div>
   <div class='ocr_carea' id='block_1_102' title="bbox 1915 4085 3486 4164">
    <p class='ocr_par' dir='ltr' id='par_1_102' title="bbox 1915 4085 3486 4164">
     <span class='ocr_line' id='line_1_102' title="bbox 1915 4085 3486 4164; baseline -0.004 -16"><span class='ocrx_word' id='word_1_694' title='bbox 1915 4092 2210 4164; x_wconf 88' lang='lat' dir='ltr'><strong>duplicatio</strong></span> <span class='ocrx_word' id='word_1_695' title='bbox 2238 4091 2504 4146; x_wconf 83' lang='lat' dir='ltr'><strong>fervorem</strong></span> <span class='ocrx_word' id='word_1_696' title='bbox 2532 4085 2862 4158; x_wconf 85' lang='lat' dir='ltr'><strong>precationis</strong></span> <span class='ocrx_word' id='word_1_697' title='bbox 2893 4087 3160 4142; x_wconf 78' lang='lat' dir='ltr'><strong>ostendit:</strong></span> <span class='ocrx_word' id='word_1_698' title='bbox 3178 4085 3297 4142; x_wconf 88' lang='lat' dir='ltr'><strong>Non</strong></span> <span class='ocrx_word' id='word_1_699' title='bbox 3327 4087 3486 4156; x_wconf 90' lang='lat' dir='ltr'><strong>quasi</strong></span> 
     </span>
    </p>
   </div>
   <div class='ocr_carea' id='block_1_103' title="bbox 1915 4179 3491 4256">
    <p class='ocr_par' dir='ltr' id='par_1_103' title="bbox 1915 4179 3491 4256">
     <span class='ocr_line' id='line_1_103' title="bbox 1915 4179 3491 4256; baseline -0.003 -17"><span class='ocrx_word' id='word_1_700' title='bbox 1915 4185 2065 4256; x_wconf 78' lang='lat' dir='ltr'><strong>digni</strong></span> <span class='ocrx_word' id='word_1_701' title='bbox 2095 4184 2267 4239; x_wconf 85' lang='lat' dir='ltr'><strong>simus</strong></span> <span class='ocrx_word' id='word_1_702' title='bbox 2295 4179 2724 4236; x_wconf 87' lang='lat' dir='ltr'><strong>misericordiam</strong></span> <span class='ocrx_word' id='word_1_703' title='bbox 2770 4180 3133 4249; x_wconf 84' lang='lat' dir='ltr'><strong>postulamus,</strong></span> <span class='ocrx_word' id='word_1_704' title='bbox 3176 4179 3270 4234; x_wconf 87' lang='lat' dir='ltr'><strong>sed</strong></span> <span class='ocrx_word' id='word_1_705' title='bbox 3304 4188 3491 4250; x_wconf 89' lang='lat' dir='ltr'><strong>utpote</strong></span> 
     </span>
    </p>
   </div>
   <div class='ocr_carea' id='block_1_104' title="bbox 1915 4274 2492 4346">
    <p class='ocr_par' dir='ltr' id='par_1_104' title="bbox 1915 4274 2492 4346">
     <span class='ocr_line' id='line_1_104' title="bbox 1915 4274 2492 4346; baseline -0.01 -15"><span class='ocrx_word' id='word_1_706' title='bbox 1915 4274 2222 4346; x_wconf 90' lang='lat' dir='ltr'><strong>opprobriis</strong></span> <span class='ocrx_word' id='word_1_707' title='bbox 2259 4274 2492 4328; x_wconf 91' lang='lat' dir='ltr'><strong>onerati.</strong></span> 
     </span>
    </p>
   </div>
   <div class='ocr_carea' id='block_1_105' title="bbox 2219 4361 3168 4435">
    <p class='ocr_par' dir='ltr' id='par_1_105' title="bbox 2219 4361 3168 4435">
     <span class='ocr_line' id='line_1_105' title="bbox 2219 4361 3168 4435; baseline -0.002 -15"><span class='ocrx_word' id='word_1_708' title='bbox 2219 4365 2496 4420; x_wconf 87' lang='lat' dir='ltr'><strong>Canticum</strong></span> <span class='ocrx_word' id='word_1_709' title='bbox 2552 4364 2834 4435; x_wconf 85' lang='lat' dir='ltr'><strong>graduum.</strong></span> <span class='ocrx_word' id='word_1_710' title='bbox 2891 4361 3168 4418; x_wconf 80' lang='lat' dir='ltr'><strong>CXXIII.</strong></span> 
     </span>
    </p>
   </div>
   <div class='ocr_carea' id='block_1_106' title="bbox 2194 4453 3204 4527">
    <p class='ocr_par' dir='ltr' id='par_1_106' title="bbox 2194 4453 3204 4527">
     <span class='ocr_line' id='line_1_106' title="bbox 2194 4453 3204 4527; baseline -0.002 -17"><span class='ocrx_word' id='word_1_711' title='bbox 2194 4456 2318 4511; x_wconf 83' lang='lat' dir='ltr'><strong>Nisi</strong></span> <span class='ocrx_word' id='word_1_712' title='bbox 2353 4458 2480 4527; x_wconf 89' lang='lat' dir='ltr'><strong>quia</strong></span> <span class='ocrx_word' id='word_1_713' title='bbox 2511 4455 2770 4511; x_wconf 89' lang='lat' dir='ltr'><strong>Dominus</strong></span> <span class='ocrx_word' id='word_1_714' title='bbox 2801 4464 2916 4510; x_wconf 89' lang='lat' dir='ltr'><strong>erat</strong></span> <span class='ocrx_word' id='word_1_715' title='bbox 2941 4454 2997 4507; x_wconf 91' lang='lat' dir='ltr'><strong>in</strong></span> <span class='ocrx_word' id='word_1_716' title='bbox 3037 4453 3204 4508; x_wconf 83' lang='lat' dir='ltr'><strong>nobis.</strong></span> 
     </span>
    </p>
   </div>
   <div class='ocr_carea' id='block_1_107' title="bbox 2495 4549 2898 4616">
    <p class='ocr_par' dir='ltr' id='par_1_107' title="bbox 2495 4549 2898 4616">
     <span class='ocr_line' id='line_1_107' title="bbox 2495 4549 2898 4616; baseline -0.007 -15"><span class='ocrx_word' id='word_1_717' title='bbox 2495 4549 2898 4616; x_wconf 79' lang='lat' dir='ltr'><strong>Argumentum.</strong></span> 
     </span>
    </p>
   </div>
   <div class='ocr_carea' id='block_1_108' title="bbox 1913 4637 3494 4708">
    <p class='ocr_par' dir='ltr' id='par_1_108' title="bbox 1913 4637 3494 4708">
     <span class='ocr_line' id='line_1_108' title="bbox 1913 4637 3494 4708; baseline -0.001 -15"><span class='ocrx_word' id='word_1_718' title='bbox 1913 4638 2173 4707; x_wconf 83' lang='lat' dir='ltr'><strong>Quintum</strong></span> <span class='ocrx_word' id='word_1_719' title='bbox 2202 4637 2474 4694; x_wconf 89' lang='lat' dir='ltr'><strong>canticum</strong></span> <span class='ocrx_word' id='word_1_720' title='bbox 2502 4648 2761 4694; x_wconf 89' lang='lat' dir='ltr'><strong>canentes</strong></span> <span class='ocrx_word' id='word_1_721' title='bbox 2794 4639 2886 4708; x_wconf 92' lang='lat' dir='ltr'><strong>qui</strong></span> <span class='ocrx_word' id='word_1_722' title='bbox 2916 4638 2970 4690; x_wconf 89' lang='lat' dir='ltr'><strong>in</strong></span> <span class='ocrx_word' id='word_1_723' title='bbox 3013 4638 3256 4694; x_wconf 70' lang='lat' dir='ltr'><strong>Judzeam</strong></span> <span class='ocrx_word' id='word_1_724' title='bbox 3296 4651 3494 4693; x_wconf 76' lang='lat' dir='ltr'><strong>ascen~</strong></span> 
     </span>
    </p>
   </div>
   <div class='ocr_carea' id='block_1_109' title="bbox 1983 4727 3496 4799">
    <p class='ocr_par' dir='ltr' id='par_1_109' title="bbox 1983 4727 3496 4799">
     <span class='ocr_line' id='line_1_109' title="bbox 1983 4727 3496 4799; baseline -0.003 -14"><span class='ocrx_word' id='word_1_725' title='bbox 1983 4731 2198 4790; x_wconf 83' lang='lat' dir='ltr'><strong>derunt,</strong></span> <span class='ocrx_word' id='word_1_726' title='bbox 2236 4744 2420 4799; x_wconf 91' lang='lat' dir='ltr'><strong>preces</strong></span> <span class='ocrx_word' id='word_1_727' title='bbox 2458 4731 2733 4797; x_wconf 83' lang='lat' dir='ltr'><strong>emittunt,</strong></span> <span class='ocrx_word' id='word_1_728' title='bbox 2782 4745 2848 4784; x_wconf 88' lang='lat' dir='ltr'><strong>eo</strong></span> <span class='ocrx_word' id='word_1_729' title='bbox 2889 4729 3032 4799; x_wconf 79' lang='lat' dir='ltr'><strong>quod</strong></span> <span class='ocrx_word' id='word_1_730' title='bbox 3067 4727 3278 4782; x_wconf 88' lang='lat' dir='ltr'><strong>liberati</strong></span> <span class='ocrx_word' id='word_1_731' title='bbox 3312 4727 3424 4781; x_wconf 82' lang='lat' dir='ltr'><strong>sint</strong></span> <span class='ocrx_word' id='word_1_732' title='bbox 3462 4742 3496 4780; x_wconf 89' lang='lat' dir='ltr'><strong>a</strong></span> 
     </span>
    </p>
   </div>
   <div class='ocr_carea' id='block_1_110' title="bbox 1979 4820 3492 4892">
    <p class='ocr_par' dir='ltr' id='par_1_110' title="bbox 1979 4820 3492 4892">
     <span class='ocr_line' id='line_1_110' title="bbox 1979 4820 3492 4892; baseline -0.003 -15"><span class='ocrx_word' id='word_1_733' title='bbox 1979 4821 2306 4892; x_wconf 88' lang='lat' dir='ltr'><strong>captivitate,</strong></span> <span class='ocrx_word' id='word_1_734' title='bbox 2330 4829 2385 4876; x_wconf 88' lang='lat' dir='ltr'><strong>et</strong></span> <span class='ocrx_word' id='word_1_735' title='bbox 2411 4820 2480 4874; x_wconf 90' lang='lat' dir='ltr'><strong>ab</strong></span> <span class='ocrx_word' id='word_1_736' title='bbox 2505 4821 2742 4876; x_wconf 89' lang='lat' dir='ltr'><strong>inimicis</strong></span> <span class='ocrx_word' id='word_1_737' title='bbox 2757 4835 2894 4889; x_wconf 87' lang='lat' dir='ltr'><strong>quos</strong></span> <span class='ocrx_word' id='word_1_738' title='bbox 2924 4829 3108 4888; x_wconf 88' lang='lat' dir='ltr'><strong>postea</strong></span> <span class='ocrx_word' id='word_1_739' title='bbox 3135 4827 3492 4889; x_wconf 80' lang='lat' dir='ltr'><strong>superarunt.</strong></span> 
     </span>
    </p>
   </div>
   <div class='ocr_carea' id='block_1_111' title="bbox 2229 4909 3156 4982">
    <p class='ocr_par' dir='ltr' id='par_1_111' title="bbox 2229 4909 3156 4982">
     <span class='ocr_line' id='line_1_111' title="bbox 2229 4909 3156 4982; baseline -0.004 -15"><span class='ocrx_word' id='word_1_740' title='bbox 2229 4911 2507 4967; x_wconf 82' lang='lat' dir='ltr'><strong>Canticum</strong></span> <span class='ocrx_word' id='word_1_741' title='bbox 2556 4913 2842 4982; x_wconf 69' lang='lat' dir='ltr'><strong>graduum.</strong></span> <span class='ocrx_word' id='word_1_742' title='bbox 2895 4909 3156 4968; x_wconf 78' lang='lat' dir='ltr'><strong>CXXIV.</strong></span> 
     </span>
    </p>
   </div>
   <div class='ocr_carea' id='block_1_112' title="bbox 2053 5002 3337 5074">
    <p class='ocr_par' dir='ltr' id='par_1_112' title="bbox 2053 5002 3337 5074">
     <span class='ocr_line' id='line_1_112' title="bbox 2053 5002 3337 5074; baseline -0.002 -15"><span class='ocrx_word' id='word_1_743' title='bbox 2053 5005 2156 5071; x_wconf 76' lang='lat' dir='ltr'><strong>Qui</strong></span> <span class='ocrx_word' id='word_1_744' title='bbox 2187 5005 2456 5074; x_wconf 82' lang='lat' dir='ltr'><strong>conﬁdunt</strong></span> <span class='ocrx_word' id='word_1_745' title='bbox 2483 5007 2538 5058; x_wconf 78' lang='lat' dir='ltr'><strong>in</strong></span> <span class='ocrx_word' id='word_1_746' title='bbox 2565 5005 2789 5060; x_wconf 71' lang='lat' dir='ltr'><strong>Domino</strong></span> <span class='ocrx_word' id='word_1_747' title='bbox 2815 5005 2951 5058; x_wconf 78' lang='lat' dir='ltr'><strong>sicut</strong></span> <span class='ocrx_word' id='word_1_748' title='bbox 2997 5020 3146 5057; x_wconf 85' lang='lat' dir='ltr'><strong>mons</strong></span> <span class='ocrx_word' id='word_1_749' title='bbox 3189 5002 3337 5056; x_wconf 83' lang='lat' dir='ltr'><strong>Sion.</strong></span> 
     </span>
    </p>
   </div>
   <div class='ocr_carea' id='block_1_113' title="bbox 2491 5097 2890 5166">
    <p class='ocr_par' dir='ltr' id='par_1_113' title="bbox 2491 5097 2890 5166">
     <span class='ocr_line' id='line_1_113' title="bbox 2491 5097 2890 5166; baseline 0.003 -17"><span class='ocrx_word' id='word_1_750' title='bbox 2491 5097 2890 5166; x_wconf 81' lang='lat' dir='ltr'><strong>Argumentum.</strong></span> 
     </span>
    </p>
   </div>
   <div class='ocr_carea' id='block_1_114' title="bbox 1914 5182 3485 5260">
    <p class='ocr_par' dir='ltr' id='par_1_114' title="bbox 1914 5182 3485 5260">
     <span class='ocr_line' id='line_1_114' title="bbox 1914 5182 3485 5260; baseline -0.004 -17"><span class='ocrx_word' id='word_1_751' title='bbox 1914 5192 2136 5244; x_wconf 79' lang='lat' dir='ltr'><strong>Sextum</strong></span> <span class='ocrx_word' id='word_1_752' title='bbox 2167 5192 2440 5246; x_wconf 92' lang='lat' dir='ltr'><strong>canticum</strong></span> <span class='ocrx_word' id='word_1_753' title='bbox 2469 5200 2695 5256; x_wconf 88' lang='lat' dir='ltr'><strong>canunt,</strong></span> <span class='ocrx_word' id='word_1_754' title='bbox 2729 5197 3018 5260; x_wconf 91' lang='lat' dir='ltr'><strong>postquam</strong></span> <span class='ocrx_word' id='word_1_755' title='bbox 3037 5187 3107 5241; x_wconf 81' lang='lat' dir='ltr'><strong>ad</strong></span> <span class='ocrx_word' id='word_1_756' title='bbox 3141 5186 3318 5255; x_wconf 89' lang='lat' dir='ltr'><strong>ipsum</strong></span> <span class='ocrx_word' id='word_1_757' title='bbox 3337 5182 3485 5237; x_wconf 86' lang='lat' dir='ltr'><strong>desi-</strong></span> 
     </span>
    </p>
   </div>
   <div class='ocr_carea' id='block_1_115' title="bbox 1981 5273 3486 5350">
    <p class='ocr_par' dir='ltr' id='par_1_115' title="bbox 1981 5273 3486 5350">
     <span class='ocr_line' id='line_1_115' title="bbox 1981 5273 3486 5350; baseline -0.004 -16"><span class='ocrx_word' id='word_1_758' title='bbox 1981 5283 2226 5337; x_wconf 84' lang='lat' dir='ltr'><strong>deratum</strong></span> <span class='ocrx_word' id='word_1_759' title='bbox 2277 5291 2516 5337; x_wconf 89' lang='lat' dir='ltr'><strong>montem</strong></span> <span class='ocrx_word' id='word_1_760' title='bbox 2562 5288 2938 5350; x_wconf 84' lang='lat' dir='ltr'><strong>pervenerant.</strong></span> <span class='ocrx_word' id='word_1_761' title='bbox 2990 5275 3193 5332; x_wconf 88' lang='lat' dir='ltr'><strong>Deinde</strong></span> <span class='ocrx_word' id='word_1_762' title='bbox 3236 5273 3486 5328; x_wconf 81' lang='lat' dir='ltr'><strong>videntes</strong></span> 
     </span>
    </p>
   </div>
   <div class='ocr_carea' id='block_1_116' title="bbox 1981 5363 3483 5442">
    <p class='ocr_par' dir='ltr' id='par_1_116' title="bbox 1981 5363 3483 5442">
     <span class='ocr_line' id='line_1_116' title="bbox 1981 5363 3483 5442; baseline -0.005 -14"><span class='ocrx_word' id='word_1_763' title='bbox 1981 5374 2170 5428; x_wconf 89' lang='lat' dir='ltr'><strong>urbem</strong></span> <span class='ocrx_word' id='word_1_764' title='bbox 2205 5373 2410 5442; x_wconf 87' lang='lat' dir='ltr'><strong>absque</strong></span> <span class='ocrx_word' id='word_1_765' title='bbox 2440 5373 2634 5438; x_wconf 89' lang='lat' dir='ltr'><strong>muris,</strong></span> <span class='ocrx_word' id='word_1_766' title='bbox 2670 5387 2887 5426; x_wconf 90' lang='lat' dir='ltr'><strong>murum</strong></span> <span class='ocrx_word' id='word_1_767' title='bbox 2919 5368 3020 5438; x_wconf 91' lang='lat' dir='ltr'><strong>ipsi</strong></span> <span class='ocrx_word' id='word_1_768' title='bbox 3065 5366 3182 5420; x_wconf 86' lang='lat' dir='ltr'><strong>fore</strong></span> <span class='ocrx_word' id='word_1_769' title='bbox 3206 5363 3483 5436; x_wconf 85' lang='lat' dir='ltr'><strong>postulant</strong></span> 
     </span>
    </p>
   </div>
   <div class='ocr_carea' id='block_1_117' title="bbox 1984 5457 3487 5537">
    <p class='ocr_par' dir='ltr' id='par_1_117' title="bbox 1984 5457 3487 5537">
     <span class='ocr_line' id='line_1_117' title="bbox 1984 5457 3487 5537; baseline -0.004 -17"><span class='ocrx_word' id='word_1_770' title='bbox 1984 5467 2200 5521; x_wconf 84' lang='lat' dir='ltr'><strong>Domini</strong></span> <span class='ocrx_word' id='word_1_771' title='bbox 2231 5467 2519 5531; x_wconf 79' lang='lat' dir='ltr'><strong>auxilium,</strong></span> <span class='ocrx_word' id='word_1_772' title='bbox 2545 5467 2745 5537; x_wconf 88' lang='lat' dir='ltr'><strong>inquit,</strong></span> <span class='ocrx_word' id='word_1_773' title='bbox 2779 5480 2844 5520; x_wconf 90' lang='lat' dir='ltr'><strong>ac</strong></span> <span class='ocrx_word' id='word_1_774' title='bbox 2869 5461 3216 5518; x_wconf 88' lang='lat' dir='ltr'><strong>inimicorum</strong></span> <span class='ocrx_word' id='word_1_775' title='bbox 3249 5457 3487 5514; x_wconf 80' lang='lat' dir='ltr'><strong>insidias</strong></span> 
     </span>
    </p>
   </div>
   <div class='ocr_carea' id='block_1_118' title="bbox 1981 5549 3484 5632">
    <p class='ocr_par' dir='ltr' id='par_1_118' title="bbox 1981 5549 3484 5632">
     <span class='ocr_line' id='line_1_118' title="bbox 1981 5549 3484 5632; baseline -0.007 -17"><span class='ocrx_word' id='word_1_776' title='bbox 1981 5559 2215 5632; x_wconf 71' lang='lat' dir='ltr'><strong>effugere</strong></span> <span class='ocrx_word' id='word_1_777' title='bbox 2230 5575 2390 5630; x_wconf 90' lang='lat' dir='ltr'><strong>posse</strong></span> <span class='ocrx_word' id='word_1_778' title='bbox 2407 5559 2686 5616; x_wconf 78' lang='lat' dir='ltr'><strong>confidunt</strong></span> <span class='ocrx_word' id='word_1_779' title='bbox 2710 5573 2807 5614; x_wconf 80' lang='lat' dir='ltr'><strong>:ex</strong></span> <span class='ocrx_word' id='word_1_780' title='bbox 2824 5555 3012 5612; x_wconf 89' lang='lat' dir='ltr'><strong>eodem</strong></span> <span class='ocrx_word' id='word_1_781' title='bbox 3031 5551 3294 5608; x_wconf 89' lang='lat' dir='ltr'><strong>nimirum</strong></span> <span class='ocrx_word' id='word_1_782' title='bbox 3323 5549 3484 5606; x_wconf 79' lang='lat' dir='ltr'><strong>auxi-</strong></span> 
     </span>
    </p>
   </div>
  </div>
