3946 6222
413 350 520 406 515
1243 345 1298 397 S.
1348 339 1721 396 ATi‘lANASll
1762 336 1911 392 OPP.
1957 338 1971 390 l

2101 335 2135 387 S
2178 335 2262 387 Ill.
2303 363 2368 372 -ν
2409 328 2814 385 ΕΧΕΟΕΉΩᾹ.
3543 324 3656 386 515

479 471 555 526 lio
583 471 698 537 Dei,
735 488 753 520 ι
810 469 902 539 qui
931 483 1041 522 non
1074 466 1330 536 relinquit
1372 467 1578 534 virgam
1631 471 1988 530 peccatorum
2029 504 2037 517 η

2179 456 2296 526 ρίας
2325 456 2484 508 πάλιν
2501 455 2593 508 τοῦ
2610 454 2768 518 Θεοῦ,
2803 472 2819 502 ι
2849 452 2922 522 μὴ
2954 451 3202 520 ἀφιέντος
3218 448 3315 520 τὴν
3345 447 3537 518 ῥάϐδον
3561 449 3673 502 τῶν

487 578 650 632 super
671 560 1165 629 sortemjustorum
1199 567 1252 612 et
1275 566 1589 611 sanctorum
1616 564 1844 606 suorum
1873 549 1943 597 ⁸³.
1975 565 1994 598 ι

2176 545 2515 616 ἁμαρτωλῶν
2550 545 2642 597 ἐπὶ
2686 544 2775 596 τὸν
2807 542 3005 614 κλῆρον
3042 541 3149 593 τῶν
3193 539 3415 592 δικαίων
3447 538 3540 592 καὶ
3564 537 3672 590 τῶν

2172 639 2341 706 ἁγίων
2369 637 2555 690 αὑτοῦ.
2593 657 2611 688 ι

487 736 540 792 5.
601 733 721 788 Pax
749 750 903 802 super
932 731 1124 787 Israel.
1170 730 1282 784 Pax
1315 728 1459 782 enim
1492 741 1616 796 quae
1654 737 1873 779 omnem
1907 736 2003 777 su-

2175 729 2402 797 Εὶρήνη
2436 728 2534 781 ἐπὶ
2589 725 2696 780 τὸν
2745 724 3002 795 Ἰσραήλ.
3067 724 3133 778 Ἦ
3179 721 3285 794 γὰρ
3332 722 3673 793 ὑπερέχουσα

417 841 571 902 perat
598 841 834 885 mentem
880 831 957 896 ⁸³,
988 831 1037 885 ei
1093 830 1197 886 soli
1253 828 1416 882 datur
1473 825 1567 896 qui
1619 830 1803 878 mente
1838 820 1975 874 valet

2111 819 2284 873 πάντα
2306 819 2432 873 νοῦν
2461 819 2647 888 εἰρήνη
2674 816 2815 886 μόνῳ
2834 815 2911 886 τῷ
2931 818 3055 869 νοῦν
3081 814 3252 902 ἔχοντι
3276 813 3488 866 δίδοται.
3510 812 3669 866 Ἀλλὰ

419 924 532 977 lmo
568 923 732 976 etiam
769 921 960 977 deletis
986 922 1223 976 inimicis
1254 920 1313 974 hi
1340 933 1477 988 pace
1512 914 1866 970 fruebantur.

2111 913 2196 965 καὶ
2226 907 2330 964 τῶ.
2361 910 2631 980 πολεμίων
2660 909 3015 962 ἀπολωλότων
3035 946 3051 971 ,
3109 897 3254 959 οὗτοι
3295 904 3396 975 τῆς
3449 905 3669 976 εἰρήνης

2101 1003 2442 1075 ἀπήλαυσαν.

763 1097 1036 1152 Canticum
1087 1098 1367 1167 graduum.
1437 1092 1661 1151 CXXV.

2427 1091 2563 1164 ’ῼδὴ
2588 1090 2705 1145 τῶν
2733 1087 3104 1158 ἀναϐαθμῶν.
3146 1088 3294 1142 ΡΚΕ
3305 1092 3340 1142 ’.

1012 1189 1416 1258 Argumentum.

2716 1184 2730 1202 '
2744 1183 3051 1246 Υπόθεσις.

424 1276 728 1348 &ptimum
756 1279 1031 1334 canticum
1070 1289 1271 1333 canunt
1305 1277 1398 1347 qui
1431 1293 1557 1332 cum
1598 1275 1666 1331 ad
1697 1277 1873 1346 ipsam
1902 1290 1982 1328 uri

2109 1278 2211 1348 Τὴν
2247 1277 2479 1348 ἑϐδόμην
2511 1270 2726 1347 ᾁδουσιν
2758 1273 2896 1344 ᾠδὴν
2933 1274 2980 1325 οἰ
3010 1272 3071 1324 τὸ
3113 1269 3350 1339 ἀσφαλὲς
3376 1268 3667 1341 ἐσχηκότες

494 1369 614 1423 bem
646 1369 1008 1437 pervenerint,
1041 1368 1381 1422 liberationis
1413 1382 1442 1420 a
1490 1367 1807 1437 captivitate
1836 1365 2001 1421 certi-

2173 1372 2273 1440 τῆς
2301 1367 2616 1439 λυτρώσεως
2643 1366 2732 1420 διὰ
2761 1367 2911 1436 τὸζέν
2944 1365 3081 1435 αὐτῇ
3121 1361 3443 1433 γεγενῆσθαι
3473 1363 3539 1432 τῇ
3574 1361 3666 1414 πό-

498 1459 739 1513 tudinem
787 1458 1005 1513 habent.
1039 1458 1252 1527 Rogant
1291 1465 1471 1512 autem
1508 1472 1606 1526 pro
1643 1455 1869 1526 reliquis
1907 1453 2002 1523 qui

2170 1460 2270 1514 λει.
2313 1459 2694 1528 Παρακαλοῦσι
2726 1458 2782 1510 δὲ
2833 1458 2970 1528 ὑπὲρ
3015 1456 3122 1509 τῶν
3157 1454 3390 1518 λοιπῶν,
3443 1453 3551 1506 τῶν
3587 1453 3665 1506 ἔτι

498 1551 680 1606 adhuc
726 1559 885 1605 erant
927 1551 982 1604 in
1035 1549 1331 1621 Babylone,
1390 1557 1449 1603 ut
1501 1549 1604 1619 ipsi
1652 1548 1818 1604 etiam
1854 1546 2001 1602 redi-

2172 1549 2339 1603 ὅντων
2371 1553 2428 1603 ὲν
2454 1552 2520 1618 τῇ
2555 1547 2831 1602 Βαϐυλῶνι
2853 1587 2866 1612 ,
2895 1548 3040 1610 ὅπως
3073 1544 3138 1599 ἂν
3165 1546 3258 1598 καὶ
3285 1544 3438 1598 αὐτοὶ
3460 1544 3666 1613 λυτρω-

497 1649 797 1697 merentur.

2135 1642 2154 1712 ;
2175 1640 2361 1694 θῶσιν.

494 1738 557 1803 {1.
612 1735 678 1788 In
721 1733 1062 1788 convertenda
1095 1733 1353 1786 Dominus
1383 1732 1740 1802 captivitatem
1767 1729 1896 1785 Sion
1925 1729 2004 1798 fa-
2036 1801 2052 1803 _

2187 1733 2289 1786 Ἐν
2324 1730 2404 1796 τῷ
2447 1730 2801 1800 ἐπιστρέψαι
2844 1730 3060 1798 Κύριον
3103 1727 3218 1796 τὴν
3259 1725 3668 1796 αἰχμαλωσίαν

425 1801 502 1879 cti
526 1842 704 1880 sumus
750 1826 889 1878 sicut
935 1824 1216 1878 consolati.
1280 1823 1405 1877 Haec
1449 1801 1686 1892 apostoli
1751 1836 1983 1890 praenun‘

2109 1820 2256 1875 Σιὼν
2283 1821 2647 1891 ἐγενήθημεν
2672 1821 2814 1874 ὡσεὶ
2837 1819 3363 1889 παρακεκλημένοι.
3417 1819 3479 1871 Ol
3534 1817 3667 1871 ἀπό-

428 1917 568 1970 tiant
593 1917 659 1969 de
695 1916 904 1998 seipsis‘
921 1926 974 1970 et
1019 1915 1084 1970 de
1119 1914 1390 1985 gentibus.
1440 1911 1574 1967 Nam
1615 1912 1834 1966 Davidis
1871 1920 1986 1965 tem-

2108 1910 2278 1964 στολοι
2305 1909 2476 1963 ταῦτα
2513 1909 2940 1981 προφητεύονται
2966 1910 3092 1979 περὶ
3120 1909 3326 1962 ἑαυτῶν
3351 1910 3444 1962 καὶ
3471 1907 3579 1962 τῶν
3609 1909 3666 1961 ὲν

427 2020 560 2073 pore
586 2006 732 2059 nulla
780 2005 1066 2074 captivitas
1107 2013 1244 2058 erat.
1294 2002 1548 2058 Fortasse
1595 2018 1726 2057 vero
1778 2005 1893 2057 haec
1938 2003 1985 2056 dt

2107 2004 2212 2065 τοῖς
2238 2001 2436 2055 ἔθνεσι.
2497 2001 2654 2054 Κατὰ
2685 2001 2794 2071 γὰρ
2826 2002 2952 2064 τοὺς
2981 1999 3076 2053 τοῦ
3108 1999 3270 2051 Δαυῒδ
3297 1999 3521 2069 χρόνους
3567 2000 3665 2053 οὐκ

427 2095 701 2165 spirituali
767 2097 1085 2165 captivitate
1135 2095 1286 2149 dicit.
1363 2094 1498 2150 lllud
1550 2093 1696 2150 enim
1726 2137 1742 2163 ,
1790 2094 1985 2148 dicent.

2107 2086 2168 2162 ἦν
2194 2090 2552 2161 αἰχμαλωσία.
2612 2091 2762 2161 Τάχα
2799 2085 2892 2143 οὖν
2946 2090 3072 2160 περὶ
3122 2088 3221 2158 τῆς
3258 2090 3454 2159 νοητῆς
3496 2088 3665 2143 ταῦτά

429 2185 675 2242 futurum
708 2187 1021 2258 prophetice
1049 2187 1340 2257 signiﬁcat.

2106 2199 2254 2253 φησι.
2311 2182 2384 2234 Τὸ
2414 2181 2553 2253 γὰρ,
2609 2182 2844 2250 ἐροῦσι,
2890 2180 3236 2253 προφητικῶς
3263 2180 3322 2232 τὸ
3358 2181 3546 2250 μέλλον
3571 2181 3664 2251 δη-

2101 2274 2305 2329 λοῦται.

498 2364 613 2418 2-4.
670 2363 814 2416 Tunc
837 2365 1008 2417 dicent
1050 2364 1186 2417 inter
1225 2374 1399 2434 gentes
1425 2380 1444 2417 :
1483 2361 1843 2432 Magniﬁcavit
1889 2359 2002 2413 Da-

2175 2365 2310 2416 Τότε
2336 2361 2583 2432 ἐροῦσιν
2614 2363 2684 2416 ἐν
2713 2362 2837 2428 τοῖς
2868 2361 3135 2416 ἔθνεσιν·
3169 2359 3528 2430 Ἐμεγάλυνε
3554 2357 3665 2410 Κύ-

430 2458 627 2521 minus,
666 2464 770 2510 etc.
809 2453 922 2510 Hoc
953 2470 1054 2510 nos
1101 2455 1289 2510 multis
1339 2454 1597 2527 lacrymis
1643 2453 1988 2524 deplorandos

2105 2471 2244 2522 ριος,
2261 2471 2317 2510 κ.
2338 2470 2388 2508 τ.
2409 2453 2458 2507 λ.
2479 2452 2646 2506 Τοῦτο
2660 2453 2715 2506 δὲ
2731 2455 2876 2524 ἡμᾶς
2890 2452 3324 2523 πολυθρηνήτους
3339 2467 3414 2502 πα
3423 2448 3490 2521 ρὰ
3503 2449 3663 2502 πᾶσιν

428 2561 550 2600 esse
579 2545 647 2600 ab
676 2546 930 2601 omnibus
973 2545 1262 2616 signiﬁcat.
1305 2543 1508 2600 Omnes
1553 2545 1699 2599 enim
1749 2544 1843 2599 Dei
1893 2558 1986 2597 ma

2105 2543 2398 2614 ἀπέφηνεν.
2425 2544 2699 2606 Ἅπαντες
2727 2543 2834 2612 γὰρ
2861 2541 2958 2614 τὴν
2989 2541 3081 2594 τοῦ
3109 2539 3242 2595 Θεοῦ
3272 2536 3663 2610 μεγαλουργίαν

428 2637 794 2707 gniﬁceutiam
843 2636 1136 2702 mirantur,
1196 2636 1344 2706 quod
1395 2651 1495 2691 nos
1549 2651 1618 2690 ex
1669 2635 1862 2690 acerba
1911 2635 1986 2688 ille

2107 2633 2495 2705 θαυμάζουσιν,
2540 2636 2622 2688 ὅτι
2651 2635 2748 2705 τῆς
2780 2635 2981 2704 πικρᾶς
3008 2634 3220 2702 ὲκείνης
3245 2634 3388 2703 ἡμᾶς
3428 2631 3665 2692 δουλείας

431 2730 694 2781 servitute
723 2727 1059 2784 liberaverit.
1085 2725 1153 2780 Et
1174 2741 1271 2781 nos
1306 2726 1526 2796 quidem
1551 2725 1876 2788 clamamus,
1906 2739 1989 2779 ne-

2106 2724 2373 2798 ἀπήλλαξε
2394 2743 2407 2756 ο
2434 2727 2528 2780 καὶ
2549 2728 2709 2797 ἡμεῖς
2737 2726 2916 2796 μέντοι
2941 2725 3174 2796 βοῶμεν,
3200 2726 3259 2778 οὐ
3285 2723 3391 2794 γὰρ
3417 2721 3664 2790 ἀναισθη-

433 2832 542 2884 que
569 2819 717 2872 enim
763 2833 1020 2873 vacamus
1063 2834 1250 2884 sensu,
1305 2816 1429 2873 cum
1491 2819 1730 2888 reliquos
1758 2820 1991 2889 captivos

2108 2817 2300 2886 τοῦμεν
2322 2857 2336 2876 ,
2374 2819 2421 2869 εί
2460 2818 2554 2870 καὶ⁹
2590 2818 2662 2888 μὴ
2693 2817 2819 2880 τοὺς
2848 2817 3066 2880 λοιποὺς
3097 2815 3502 2886 ἀπειλήφαμεν·
3539 2813 3666 2883 περί

435 2911 679 2964 nondum
738 2911 1128 2980 receperimus,
1180 2927 1279 2980 pro
1337 2911 1537 2981 quibus
1597 2914 1671 2967 ita
1731 2913 1993 2981 supplica-

2109 2902 2171 2960 ὧν
2204 2909 2514 2980 ἱκετεύομεν
2536 2909 2784 2977 λέγοντες
2808 2924 2823 2938 ο
2864 2909 3284 2976 Ἐπίστρεψον,
3315 2909 3521 2975 Κύριε,
3553 2905 3667 2973 τὴν

434 3017 556 3056 mus
586 3021 598 3054 :
632 3001 898 3068 Converte,
923 3001 1156 3067 Domine,
1199 3003 1556 3071 captivitatem
1587 3012 1824 3056 nostram
1865 3003 1992 3055 sicut

2102 3004 2510 3072 αἰχμαλωσίαν
2556 3001 2726 3070 ήμῶν
2769 3001 2850 3067 ὡς
2886 3002 3240 3070 χειμάρρους
3267 3000 3337 3054 ἐν
3381 2995 3461 3063 τῷ
3492 2999 3660 3064 νότῳ.

363 3097 365 3100 ‘
437 3103 638 3146 torrens
669 3095 723 3145 in
781 3102 980 3146 austra.
1032 3090 1128 3146 His
1178 3092 1484 3162 signiﬁcant
1529 3108 1780 3164 magnam
1823 3093 1921 3146 adh

2103 3092 2326 3162 Δηλοῦσι
2355 3092 2415 3144 τὸ
2463 3091 2596 3145 πολὺ
2628 3091 2831 3160 πλῆθος
2864 3093 3218 3163 ὲναπομείναν
3265 3092 3322 3142 ὲν
3365 3088 3661 3151 Βαϐυλῶνι,

437 3186 838 3240 multitudinem
870 3188 922 3238 in
959 3184 1232 3255 Babylone
1264 3201 1570 3248 remanere,
1600 3187 1672 3239 ita
1701 3193 1763 3239 ut
1795 3184 1995 3240 reditus

2108 3184 2174 3247 ὡς
2204 3184 2297 3237 καὶ
2322 3184 2420 3255 τὴν
2451 3183 2782 3254 ἐπιστροφὴν
2831 3182 2994 3237 αὐτοῦ
3015 3224 3030 3248 ,
3081 3181 3434 3254 παρεικάζσιν
3475 3181 3666 3241 αὐτοὺς

433 3279 554 3350 ejus
603 3279 840 3351 Egyptii
889 3279 1130 3333 ﬂuminis
1199 3279 1454 3333 decursui
1524 3278 1718 3333 similis
1768 3277 1991 3332 dicatur.

2107 3274 2178 3345 τῷ
2206 3274 2438 3345 ῥεύματι
2467 3274 2562 3327 τοῦ
2593 3273 2892 3342 Αἰγυπτίου
2925 3273 3193 3345 ποταμοῦ.
3241 3273 3410 3326 Νότον
3437 3272 3544 3342 γὰρ
3571 3272 3665 3342 τὴν

437 3373 639 3426 Auster
665 3372 755 3425 hic
784 3371 1058 3426 desertum
1093 3369 1310 3424 dicitur.
1364 3369 1366 3378 '

969 3387 1058 3423 um
1093 3369 1310 3424 dicitur.
1364 3369 1366 3378 '
2101 3366 2306 3438 ἔρημόν
2338 3384 2521 3437 φησιν.

508 3464 560 3527 5,
615 3462 668 3517 6.
724 3461 830 3528 Qui
880 3463 1139 3515 seminam
1185 3463 1239 3514 in
1271 3460 1517 3529 lacrymis
1552 3460 1606 3512 in
1653 3458 2004 3513 exsultatione

2179 3461 2242 3511 Ol
2273 3459 2620 3525 σπείροντες
2648 3457 2719 3510 ἐν
2747 3457 2872 3523 τοῖς
2895 3455 3191 3526 δάκρυσιν
3220 3456 3289 3510 ἐν
3315 3455 3666 3525 ἀγαλλιάσει

438 3564 645 3607 metent.
679 3552 874 3606 Euntes
914 3553 1058 3606 ibant
1096 3561 1144 3606 et
1172 3551 1386 3621 ﬂebant.
1421 3550 1760 3620 Rogantibus
1791 3564 1890 3618 pro
1914 3565 1996 3604 re-

2105 3548 2384 3617 θεριοῦσι.
2449 3549 2841 3616 Πορευόμενοι
2881 3547 3236 3617 ἐπορεύοντο
3274 3548 3373 3601 καὶ
3403 3547 3663 3601 ἔκλαιον.

437 3646 618 3715 liquiis
648 3645 1007 3714 captivorum,
1043 3643 1333 3712 respondet
1362 3641 1595 3711 Spiritus
1635 3640 1995 3710 propheticus,

2105 3640 2230 3702 Τοῖς
2277 3637 2591 3708 εὐξαμένοις
2637 3638 2764 3708 περὶ
2807 3637 2915 3690 τῶν
2951 3637 3294 3692 καταλοίπων
3319 3638 3663 3708 ἀποκρίνεται

435 3746 490 3790 et
516 3738 630 3791 ait:
664 3736 720 3790 Si
757 3735 1004 3790 ﬂeverint
1036 3751 1133 3805 pro
1164 3736 1230 3790 iis
1277 3735 1370 3804 qui
1405 3734 1461 3787 in
1506 3733 1778 3805 Babylone
1816 3748 1993 3803 super-

2109 3729 2162 3781 τὸ
2189 3729 2524 3800 προφητικὸν
2550 3727 2792 3798 Πνεῦμα,
2824 3726 2919 3782 καί
2945 3745 3127 3801 φησιν,
3154 3728 3259 3792 ὅτι,
3290 3729 3353 3780 Εἰ
3381 3727 3667 3781 κλαύσαιεν

436 3836 586 3894 sunt,
621 3827 828 3882 reditus
865 3826 973 3880 illis
998 3825 1345 3881 concedetur.

2105 3821 2242 3890 ὑπὲρ
2293 3820 2401 3873 τῶν
2452 3823 2509 3872 ἐν
2572 3819 2880 3888 Βαϐυλῶνι,
2939 3819 3088 3873 ἔσται
3134 3820 3226 3872 καὶ
3252 3820 3434 3883 αὐτοῖς
3465 3822 3498 3890 ἡ
3548 3821 3663 3872 ἐπι-

2106 3908 2312 3985 στροφή
2325 3955 2338 3967 .

599 4003 875 4058 Canticum
924 4006 1188 4076 graduum
1241 4004 1534 4060 Salomoni.
1591 4005 1740 4061 CXX
1754 4005 1850 4061 γι.

2192 4003 2330 4074 ’ῼδὴ
2364 4003 2482 4058 τῶν
2509 4003 2865 4074 ἀναϐαθμῶν
2890 4002 2971 4068 τῷ
2997 4001 3320 4073 Σολομῶνι.
3377 4003 3536 4067 ΡΚΕῙ

1011 4096 1416 4167 Argumentum.

2719 4096 3026 4162 Ὑπόθεσις

436 4186 694 4242 Octavum
724 4188 938 4242 canitur
977 4189 1250 4244 canticum
1281 4189 1445 4259 jactis
1472 4188 1840 4243 fundamentis
1869 4197 1994 4244 tem-

2117 4188 2184 4242 Ἥ
2214 4188 2372 4259 ὀγδόη
2398 4188 2582 4260 ᾄδεται
2614 4188 2743 4260 ᾠδὴ,
2771 4187 3262 4258 καταϐεϐλημένων
3295 4186 3394 4258 ἤδη
3448 4183 3555 4237 τῶν
3583 4183 3667 4236 θε-

507 4278 604 4346 pli,
645 4277 996 4346 sperantibus
1021 4277 1224 4332 Judaeis
1251 4278 1367 4334 fore
1400 4291 1461 4334 ut
1487 4279 1776 4334 aediﬁcium
1806 4281 2004 4335 immo-

2177 4280 2374 4350 μελίων
2419 4280 2514 4334 τοῦ
2562 4280 2708 4351 ἱεροῦ
2734 4298 2747 4311 ·
2783 4279 3108 4343 ἐλπιζόντων
3142 4277 3476 4332 ἀδιὰσειστον
3529 4269 3665 4328 εἶναι

510 4377 626 4420 tum
667 4382 880 4437 semper
927 4379 1190 4425 maneret.
1239 4369 1493 4426 Latenter
1538 4371 1703 4440 igitur
1753 4387 2007 4440 praenun-

2171 4369 2234 4422 τὸ
2265 4370 2541 4440 τείχισμα.
2583 4368 2899 4440 Λεληθότως
2935 4363 3026 4421 οὖν
3061 4364 3388 4437 προφητεύει
3418 4363 3518 4434 τὴν
3549 4363 3665 4414 ἐσο-

520 4460 619 4512 tiat
648 4457 890 4512 futurum
921 4460 1040 4529 ejus
1068 4461 1245 4514 denuo
1285 4462 1387 4516 sub
1417 4461 1678 4516 Romanis
1706 4461 2000 4516 excidium.
2029 4480 2078 4542 ο

2178 4459 2346 4529 μένην
2379 4459 2544 4512 αὐτοῦ
2585 4459 2790 4512 πτῶσιν
2819 4458 2978 4511 πάλιν
3007 4457 3099 4510 ἐπὶ
3128 4456 3225 4526 τῆς
3261 4453 3543 4542 Ῥωμαίων
3567 4452 3664 4542 γὰρ-

509 4549 813 4619 Adjicitque
858 4550 1193 4618 prophetiam
1247 4553 1310 4606 de
1357 4551 1560 4606 Christi
1595 4551 1858 4607 Ecclesia.
1906 4541 2039 4606 Ca-V

2175 4549 2297 4619 χῆς.
2345 4549 2612 4602 Συνάπτει
2639 4548 2696 4601 δὲ
2741 4549 2836 4601 καὶ
2879 4546 3212 4618 προφητείαν
3252 4545 3379 4614 περὶ
3407 4544 3505 4614 τῆς
3534 4541 3663 4613 ’Χρι-

518 4641 668 4694 nitur
701 4656 862 4709 porro
894 4641 1207 4710 prophetica
1234 4658 1262 4696 a
1300 4641 1612 4697 Salomone.
1646 4642 1799 4697 Sicut
1834 4643 2001 4698 etiam

2178 4641 2303 4694 στοῦ
2343 4641 2684 4712 Ἑκκλησίας·
2724 4641 2942 4712 ’ᾼδεται
2970 4640 3027 4692 δὲ
3058 4636 3408 4708 προφητικῶς
3433 4635 3538 4688 ὑπὸ
3571 4633 3661 4687 τοῦ

522 4744 709 4783 revera
758 4731 926 4798 aliqui
972 4731 1168 4799 psalmi
1225 4730 1503 4786 Zachariae
1556 4741 1685 4787 sunt
1715 4741 1770 4787 et
1796 4733 1998 4802 Aggaai.

2175 4732 2510 4804 Σολομῶνος·
2565 4732 2814 4804 καθάπερ
2873 4731 3063 4801 ἀμέλει
3108 4730 3202 4782 καὶ
3244 4727 3508 4798 Ζαχαρίου
3561 4725 3663 4778 εἰσὶ

521 4821 719 4876 Octava
759 4833 937 4876 autem
965 4823 1089 4892 jure
1123 4823 1457 4894 intelligatur
1499 4839 1622 4880 esse
1671 4825 2000 4894 principium

2174 4823 2379 4894 ψαλμοὶ
2403 4825 2494 4877 καὶ
2531 4824 2802 4892 Ἀγγαίου.
2877 4823 2943 4874 Ἠ
2971 4821 3029 4873 δὲ
3071 4817 3230 4890 ὀγδόη
3275 4817 3500 4880 εἰκότως
3526 4814 3663 4887 ἀρχὴ

518 4912 656 4968 Novi
698 4912 1053 4969 Testamenti.

2174 4917 2273 4987 τῆς
2300 4916 2446 4980 Νέας
2472 4917 2761 4988 Διαθήκης.

507 5007 558 5060 1.
622 5005 746 5060 Nisi
800 5006 1055 5060 Dominus
1087 5008 1429 5077 aediﬁcaverit
1461 5008 1698 5074 domum,
1730 5011 1786 5064 in
1809 5028 2004 5066 vanum

2185 5007 2326 5062 Ἐὰν
2351 5007 2438 5077 μὴ
2471 5009 2685 5077 Κύριος
2711 5004 3076 5074 οἰκοδομήση
3108 5000 3307 5067 οἶκον,
3337 5004 3424 5068 είς
3470 5000 3665 5070 μάτην

436 5100 804 5154 laboraverunt
828 5101 916 5168 qui
955 5099 1223 5166 wdiﬁcant
1250 5117 1386 5155 eam.
1423 5099 1547 5156 Haec
1575 5099 1778 5158 ludatis
1809 5105 1908 5172 ait,
1937 5104 1994 5160 de

2106 5098 2433 5155 ὲκοπίασαν
2458 5102 2511 5153 οἱ
2539 5097 3005 5166 οἰκοδομοῦντες.
3033 5096 3118 5158 Ὦς
3151 5095 3292 5166 μέγα
3334 5092 3664 5164 φρονούντων

435 5194 691 5248 ﬁrmitate
717 5192 931 5247 aediﬁcii
961 5193 1046 5246 sui
1075 5193 1181 5248 alte
1216 5195 1597 5250 sentientibus.

2107 5189 2207 5243 τῶν
2247 5191 2514 5244 Ἰουδαίων
2574 5189 2665 5242 ἐπὶ
2701 5189 2781 5258 τῷ
2820 5187 3023 5260 στερεῷ
3073 5188 3173 5258 τῆς
3224 5184 3542 5254 οἰκοδομῆς,
3599 5179 3665 5234 τὰ

2098 5278 2319 5333 τοιαῦτά
2339 5297 2520 5349 φησιν.

505 5368 560 5422 5.
589 5369 722 5424 Cum
745 5371 946 5424 dederit
964 5371 1171 5424 dilectis
1188 5373 1294 5425 suis
1311 5389 1571 5436 somnum,
1590 5389 1704 5428 ecce
1719 5373 2000 5429 haereditas

2180 5369 2364 5421 Ὅταν
2396 5368 2480 5433 δῷ
2511 5368 2636 5433 τοῖς
2681 5368 3005 5438 ἀταπητοις
3039 5366 3228 5422 αὐτοῦ
3276 5366 3494 5429 ὕπνον,
3539 5359 3663 5416 ἰδοὺ

440 5457 672 5525 Domini,
703 5460 824 5528 ﬁlii.
857 5461 975 5516 Alte
1002 5463 1068 5517 de
1110 5464 1312 5533 templo
1342 5464 1507 5518 nolite
1543 5464 1763 5531 sentire,
1802 5465 1998 5535 inquit,

2107 5461 2148 5529 ἠ
2175 5459 2537 5529 κληρονομία
2582 5460 2804 5528 Κυρίου
2829 5499 2845 5522 ,
2898 5460 3035 5514 υἱοί.
3082 5457 3176 5529 Μὴ
3210 5456 3350 5528 μέγα
3399 5457 3660 5525 φρονεῖτε,

439 5549 596 5615 quasi
630 5550 686 5602 in
719 5551 812 5605 illo
840 5553 996 5608 vobis
1037 5555 1323 5608 haereditas
1373 5555 1515 5621 data}
1550 5557 1641 5610 sit.
1686 5555 1888 5612 Verum
1935 5573 1997 5611 ea

2107 5552 2274 5623 φησὶν
2296 5592 2311 5616 ,
2341 5553 2433 5606 ἐπὶ
2478 5551 2555 5623 τῷ
2588 5551 2719 5622 ίερῷ
2743 5591 2756 5616 ,
2795 5551 2870 5614 ὡς
2915 5553 2971 5604 ἐν
2999 5549 3144 5620 αὐτῷ
3174 5549 3272 5620 τῆς
3308 5545 3665 5620 κληρονομίας

521 5737 566 5769 ⁸³
617 5739 766 5796 Vers.
802 5746 854 5799 5.
937 5747 980 5777 ⁸³
1014 5747 1264 5817 Philipp.
1331 5766 1401 5813 tv,
1439 5753 1488 5802 7.
