3946 6222
217 340 336 398 ῈΠ

1317 339 1688 400 EXPOSITIO
1723 339 1788 394 IN
1830 339 2166 396 PSALMUM
2207 341 2441 394 CXXIX.

3375 341 3479 395 5|8

231 460 384 533 ὑμῶν
405 459 708 530 διδομένης.
745 458 818 512 Οὐ
853 459 960 531 γάρ
983 459 1128 513 ἐστιν
1159 459 1316 532 αῦτη.
1367 461 1506 514 Ἀλλ’
1529 462 1655 514 ὅταν
1675 462 1800 514 ἀνα-

1927 461 2193 515 uereditas
2237 475 2362 514 vere
2391 474 2498 512 non
2544 467 2646 512 est.
2687 459 2757 510 At
2802 473 2926 511 cum
2957 457 3186 512 dilectos
3231 471 3361 510 suos
3411 472 3479 509 ex

231 551 412 622 παύσῃ
463 553 588 614 τοὺς
638 551 1022 623 ὴγαπημένους
1073 551 1236 605 αὐτοῦ
1292 554 1356 605 ὲκ
1388 551 1483 607 τοῦ
1537 553 1801 624 προτέρου

229 642 397 708 λαοῦ,
447 643 693 696 τουτέστι
743 643 868 704 τοὺς
919 644 1236 715 προφήτας·
1271 645 1391 698 τότε
1439 647 1550 708 τοῖς
1593 645 1803 698 ἐκείνου

229 733 366 787 υἱέσι
402 734 501 804 τὴν
533 733 893 804 κληρονομίαν
918 732 1095 787 δώσει.
1156 733 1311 798 Τίνες
1334 733 1376 786 δ’
1399 733 1464 786 ἂν
1499 731 1606 786 εἶεν
1655 728 1800 787 οὗτοι

226 823 261 894 ἢ
291 826 341 878 oi
373 824 654 895 μαθηταί;
690 823 900 895 (Cord.)
944 827 1008 877 Ἦ
1042 825 1150 895 γὰρ
1179 826 1298 879 θεία
1353 827 1673 896 ὑπόσχεσις,
1705 826 1800 879 καὶ

229 917 411 986 ἢπερ)⁴
435 918 562 980 τοὺς
593 915 784 979 παῖδας
814 915 1051 985 εὐλογία,
1083 917 1331 989 καθάπερ
1359 936 1440 981 τις
1471 918 1657 988 μισθὸς
1689 921 1799 980 τοῖς

229 1008 312 1059 ἐπ’
347 1008 511 1062 αὐτὸν
544 1007 797 1077 ἠλπικόσι
829 1007 1145 1079 δεδώρηται.
1189 1011 1250 1062 '0
1273 1011 1489 1079 μισθὸς
1521 1011 1626 1064 τοῦ
1665 1027 1800 1078 καρ-

228 1097 343 1151 ποῦ
392 1097 506 1167 τῆς
547 1100 824 1167 γαστρός.
894 1099 952 1151 '0
983 1100 1192 1168 καρπὸς
1219 1099 1320 1170 τῆς
1347 1101 1582 1172 γαστρὸς
1611 1101 1694 1173 εἴη
1733 1102 1800 1155 ἂν

229 1191 260 1259 ἡ
295 1190 539 1261 σωτηρία
593 1189 686 1242 τοῦ
721 1189 1049 1261 πνεύματος,
1074 1191 1214 1243 κατὰ
1249 1191 1339 1244 τό·
1407 1191 1800 1262 Ὠδινήσαμεν

228 1280 320 1332 καὶ
367 1279 651 1350 ὲτέκομεν
681 1281 914 1349 πνεῦμα
959 1282 1256 1349 σωτηρίας
1279 1320 1295 1344 ,
1355 1279 1386 1333 ὃ
1427 1281 1800 1351 ἐποιήσαμεν

1907 552 2088 619 priore
2119 551 2320 619 p0pulo
2351 549 2691 619 requiescere
2721 547 2928 615 fecerit,
2959 547 3011 602 id
3037 557 3120 602 est
3150 547 3472 616 pr0phetas,

1906 653 2038 698 tunc
2089 643 2216 698 [iliis
2276 643 2392 698 suis
2438 642 2807 696 haereditatem
2856 642 3084 695 daturus
3128 649 3232 696 est.
3277 637 3480 707 Ecqui-

1905 751 2031 789 nam
2088 736 2124 789 ii
2152 734 2372 799 fuerint,
2402 734 2507 789 nisi
2541 732 2841 803 discipuli?
2876 732 3088 802 (Cord.)
3115 730 3249 785 Nam
3293 731 3478 784 divina

1905 825 2224 895 promissio,
2263 835 2316 880 et
2364 841 2661 894 puerorum
2712 824 3037 890 benedictio,
3097 838 3200 877 ceu
3229 822 3477 890 quaedam

1906 932 2116 972 merces
2146 917 2496 985 sperantibus
2536 916 2591 969 in
2640 930 2765 970 eum
2807 916 2932 969 data
2962 923 3064 969 est.
3116 913 3314 966 Merces
3364 911 3482 980 fru—

1905 1019 2019 1062 ctus
2054 1010 2266 1062 ventris.
2331 1007 2567 1065 Fructus
2621 1008 2827 1063 ventris
2877 1016 2960 1062 est
3020 1007 3172 1061 salus
3225 1004 3478 1072 spiritus,

1900 1103 2057 1172 juxta
2106 1102 2282 1156 illud:
2336 1101 2728 1156 Parturivimus
2788 1109 2836 1154 et
2886 1100 3180 1169 peperimus
3233 1096 3479 1166 spiritum

1904 1193 2117 1259 salutis,
2158 1209 2308 1264 quem
2365 1194 2583 1262 fecimus
2614 1193 2670 1245 in
2705 1202 2845 1250 terra
2879 1191 2943 1244 3".
2982 1188 3219 1257 Hujusce
3266 1187 3480 1239 fructus

1905 1299 2136 1349 merces,
2164 1295 2222 1340 ut
2247 1291 2301 1338 et
2329 1285 2622 1339 baereditas
2647 1285 2888 1347 dabitur,
2930 1282 3139 1338 scilicet
3162 1277 3404 1348 ad0ptio.

225 1367 320 1422 ἐπὶ
350 1368 464 1437 τῆς
489 1369 621 1440 γῆς.
671 1355 886 1424 Τούτου.
907 1368 998 1422 τοῦ
1027 1371 1240 1442 καρποῦ
1279 1370 1466 1442 μισθὸς
1489 1369 1677 1442 ὥσπερ
1701 1372 1795 1424 καὶ
1826 1374 2159 1446 κληρονομία
2186 1375 2522 1445 δοθήσεταιὴ
2555 1375 2812 1428 υἱοθεσία.

303 1459 468 1514 Ὦσεί
517 1461 676 1530 ,ϐέλη
727 1463 798 1515 ἐν
849 1465 998 1534 χειρὶ
1045 1465 1340 1530 δυνατοῦ,
1371 1464 1558 1529 οὕτως
1601 1468 1651 1518 οὶ
1679 1465 1792 1517 υἱοὶ

225 1550 342 1603 τῶν
372 1551 897 1621 ἐκτετιναγμένων.
935 1556 1448 1626 Ἐκτετιναγμένους
1477 1557 1600 1619 τοὺς
1627 1558 1800 1628 ἀπορ-

227 1645 485 1712 ριφέντας
509 1646 641 1716 φησὶ
663 1647 756 1700 τοῦ
789 1647 1054 1720 προτέρου
1075 1647 1204 1702 λαοῦ
1232 1666 1244 1678 ·
1273 1642 1348 1704 ὧν
1379 1650 1428 1701 οἱ
1467 1650 1610 1713 υἱοὶ,
1645 1665 1800 1701 τουτ-
1838 1700 1848 1711 ,

225 1737 368 1789 ἐστιν
397 1737 448 1789 οί
482 1738 794 1807 ἀπόστολοι,
825 1742 1078 1809 γεγόνασι
1112 1741 1239 1814 βέλη
1270 1741 1370 1794 ’τοῦ
1399 1741 1646 1795 δυνατοῦ,
1717 1741 1794 1793 Δι’

225 1829 401 1882 αὐτῶν
429 1831 527 1894 τὰς
556 1832 932 1903 ἀντικειμένας
959 1834 1216 1904 δυνάμεις
1247 1833 1653 1900 κατετόξευσεν.

291 1922 592 1991 Μακάριος
620 1924 689 1992 ὃς
713 1925 1014 1993 πληρώσει
1043 1925 1158 1995 τὴν
1181 1927 1496 1996 ἐπιθυμίαν
1520 1925 1704 1980 αὐτοῦ
1727 1924 1796 1990 ἐξ

223 2008 440 2064 αὐτῶν.
513 2013 601 2080 Ἐξ
637 2015 813 2067 αὐτῶν
845 2016 1136 2086 μακαρίζει
1173 2017 1299 2080 τοὺς
1332 2019 1395 2070 ὲκ
1419 2017 1516 2086 τῆς
1543 2017 1798 2070 διδασκα-

224 2099 339 2164 λίας
384 2102 926 2177 ὠφεληθησομένους.
1015 2111 1097 2161 Οὐ
1151 2108 1793 2178 καταισχυνθήσονται,

223 2191 366 2244 ὅταν
419 2193 654 2248 λαλῶσι
724 2197 849 2263 τοῖς
897 2197 1132 2268 ἐχθροῖς
1178 2198 1378 2252 αὐτῶν
1428 2199 1499 2252 ἐν
1552 2199 1794 2264 πύλαις.

223 2283 416 2354 Σαφῶς
443 2285 543 2357 τὴν
568 2288 870 2358 παρουσίαν
896 2290 988 2342 τοῦ
1022 2288 1370 2361 κηρύγματος
1396 2289 1564 2359 δηλοῖ.

550 2379 689 2449 ’ῼδὴ
721 2379 839 2434 τῶν
869 2379 1242 2450 ἀναϐαθμῶν.
1295 2383 1475 2434 PKZ’.

838 2475 853 2496 ⁸
866 2478 1173 2543 Υπόθεσις.

1972 1468 2026 1522 4.
2092 1467 2244 1522 Sicut
2293 1469 2503 1537 sagitta:
2531 1468 2584 1520 in
2637 1483 2796 1520 manu
2824 1465 3066 1535 potentis,
3104 1465 3180 1517 ita
3229 1463 3331 1531 ﬁlii
3381 1477 3478 1514 ex-

1903 1575 2194 1612 cussorum.
2259 1557 2534 1614 Excussos
2589 1567 2749 1613 vocat
2794 1573 2889 1612 eos
2936 1574 3001 1610 ex
3051 1558 3230 1626 priore
3279 1555 3482 1623 populo

1901 1652 1993 1721 qui
2047 1651 2242 1720 abjecti
2301 1659 2448 1706 sunt.
2504 1649 2749 1715 Quorum
2810 1650 2927 1713 ﬁlii,
2964 1649 3172 1704 scilicet
3221 1648 3475 1716 apostoli,

1901 1741 2051 1796 fuere
2078 1743 2287 1804 sagittae
2319 1743 2572 1811 potentis.
2615 1740 2774 1796 Hisce
2815 1741 2960 1794 enim
2997 1739 3341 1794 adversarias
3374 1754 3476 1807 p0-

1901 1839 2123 1889 testates
2158 1834 2312 1904 quasi
2355 1833 2572 1905 sagittis
2617 1833 2876 1889 confecit.

1967 1926 2022 1979 5.
2071 1925 2265 1978 Beatus
2312 1928 2394 1978 vir
2438 1927 2528 1996 qui
2573 1925 2802 1994 implevit
2842 1923 3161 1978 desiderium
3207 1942 3362 1980 suum
3413 1943 3478 1981 ex

1895 2014 2042 2085 ipsis.
2069 2013 2262 2069 Beatos
2286 2014 2547 2084 praedicat
2573 2030 2667 2068 eos
2694 2013 2789 2084 qui
2817 2028 2883 2067 ex
2904 2013 3151 2067 doctrina
3183 2015 3476 2070 utilitatem

1894 2105 2214 2174 percipient.
2248 2103 2371 2157 Non
2403 2104 2792 2174 confundentur
2833 2119 2952 2156 cum
2982 2102 3262 2172 loquentur
3300 2106 3477 2158 inimi-

1895 2199 1971 2251 cis
1997 2199 2108 2250 suis
2154 2199 2210 2250 in
2255 2199 2444 2266 portis.
2496 2197 2696 2267 Aperte
2742 2195 3150 2266 praedicationis
3178 2196 3474 2252 adventum

1896 2289 2189 2361 significat.

2212 2379 2490 2434 Canticum
2541 2380 2825 2451 graduum.
2859 2378 3009 2434 CXX
3026 2378 3137 2433 VII

2481 2471 2883 2540 Argumentum.

237 2565 298 2617 'H
329 2566 523 2636 ὲννάτη
549 2565 660 2636 ᾠδὴ
696 2567 987 2638 μακαρίζει
1013 2567 1105 2622 τὸν
1145 2567 1507 2638 προσελθόντα
1543 2565 1622 2637 τῷ
1647 2566 1797 2637 φόϐῳ

1927 2563 2110 2619 lonum
2136 2564 2411 2619 canticum
2440 2563 2660 2618 beatum
2688 2563 2948 2633 pradicat
2974 2579 3100 2618 eum
3142 2563 3235 2633 qui
3269 2563 3479 2619 accedit

301 2655 390 2708 τοῦ
416 2655 576 2709 Θεοῦ.
608 2656 850 2722 Εἰκότως
868 2658 926 2711 δὲ
956 2659 1093 2730 μετά
1118 2659 1214 2731 τὴν
1243 2658 1510 2725 ἀνάδειξιν
1539 2660 1646 2715 τῶν
1671 2660 1798 2714 ἀπο-

302 2747 504 2802 στόλων
538 2749 829 2821 μακαρίζει
859 2752 986 2815 τοὺς
1013 2751 1425 2816 πιστεύσαντας.

290 2927 575 2996 Μακάριοι
611 2929 832 2998 πάντες
858 2934 912 2985 οἱ
938 2934 1292 3003 φοϐούμενοι
1318 2934 1424 2988 τὸν
1450 2934 1686 3004 Κύριον.
1719 2935 1723 2939 ’

304 3020 371 3071 Ἠ
391 3018 548 3087 γυνή
577 3035 691 3073 σου
717 3021 796 3087 ὡς
820 3021 1087 3090 ἄμπελος
1105 3025 1466 3091 εὐθηνοῦσα.
1494 3025 1584 3095 Τῷ
1605 3023 1797 3094 φοϐου-

219 3109 368 3179 μένῳ
390 3109 484 3162 τὸν
507 3109 712 3181 Κύριον
745 3110 915 3182 δῶρον
949 3112 1143 3166 δίδοται
1185 3115 1281 3184 οὐχ
1314 3117 1346 3185 ἡ
1370 3113 1606 3185 τυχοῦσα
1632 3116 1792 3188 γυνὴ,

1967 2654 2036 2710 ad
2068 2655 2320 2709 timorem
2352 2655 2466 2709 Dei.
2496 2653 2630 2709 Jure
2658 2662 2844 2709 autem
2886 2663 3173 2725 postquam
3199 2658 3478 2724 apostolos

1969 2744 2186 2800 futuros
2214 2746 2533 2815 declaravit,
2566 2746 2756 2802 beatos
2784 2747 3049 2816 praedicat
3079 2731 3176 2802 eos
3219 2748 3314 2818 qui
3358 2764 3479 2803 crc-

1964 2837 2243 2893 diderunt.

1967 2929 2020 2984 Ι.
2077 2929 2232 2983 Beati
2273 2946 2450 2984 omnes
2496 2930 2586 3001 qui
2631 2930 2817 2984 timent
2863 2929 3174 2988 Dominum.

1965 3021 2019 3076 3.
2077 3019 2222 3074 Umor
2253 3030 2346 3075 tua
2373 3023 2512 3076 sicut
2543 3022 2665 3075 vitis
2706 3023 3002 3077 abundans.
3042 3022 3276 3080 Timenti
3308 3023 3478 3079 Deum

1899 3112 2042 3167 dono
2069 3113 2232 3167 datur
2288 3129 2398 3167 non
2453 3114 2660 3184 quaevis
2716 3114 2935 3181 mulier,
2991 3115 3084 3169 sed
3137 3130 3260 3186 qua:
3319 3116 3480 3171 bonis

227 3201 333 3252 ἀλλ’
357 3203 389 3272 ἡ
417 3204 648 3273 καρποῖς
668 3203 892 3272 ἀγαθοῖς
921 3206 1330 3278 κεκοσμημένη.
1363 3205 1504 3277 Γυνὴ
1529 3205 1637 3277 γὰρ
1662 3208 1799 3275 διγιιι⁹

1927 3205 2172 3261 ructibus
2233 3216 2426 3261 ornata
2490 3207 2581 3263 sit.
2639 3205 2776 3260 Nam
2837 3211 2978 3262 bona
3036 3209 3268 3272 mulier,
3335 3209 3480 3264 bona

229 3289 290 3360 θη
319 3293 478 3362 μερὶς
507 3292 706 3365 ἀγαθή.

289 3381 398 3433 Καὶ
457 3380 612 3448 ἴδοις
658 3383 732 3437 τὰ
775 3383 967 3453 ἀγαθὰ
1023 3383 1420 3454 Ἰερουσαλὴμ
1457 3385 1661 3452 πάσας
1690 3385 1798 3452 τὰς

226 3473 444 3542 ἡμέρας
493 3475 606 3545 τῆς
655 3473 803 3545 ζωῆς
859 3490 999 3534 σου.
1061 3476 1142 3530 Τά
1188 3477 1354 3549 νοητά
1407 3476 1681 3551 δηλονότι·
1725 3479 1796 3532 ‘A

229 3565 531 3636 f$0ule6c
567 3568 679 3620 οὐκ
713 3563 856 3631 οἶδε,
880 3566 1067 3620 καὶτά
1105 3567 1251 3640 ἑξῆς-

291 3655 394 3709 Kal
433 3655 586 3721 ἴδοις
615 3656 784 3722 υἱοὺς
811 3656 929 3710 τῶν
968 3654 1114 3712 υίῶν
1137 3673 1287 3722 σου,
1318 3656 1524 3728 είρήνη
1568 3657 1667 3710 ἐπὶ
1694 3657 1800 3711 τὸν

240 3745 503 3812 Ἰοραιῇλ.
535 3746 646 3809 Τάς
678 3747 1009 3816 ἐπαγγελίας
1045 3748 1213 3817 λέγει.
1247 3749 1485 3821 ’Ὥσπερ
1517 3748 1625 3818 γάρ
1651 3746 1800 3819 πρῶ-

228 3853 302 3889 τοι
335 3838 539 3909 καρποὶ
574 3839 672 3908 τῆς
706 3838 985 3908 θεοφιλοῦς
1021 3839 1196 3909 ψυχῆς
1236 3839 1340 3890 εἰσι
1368 3839 1437 3892 τὰ
1462 3840 1796 3910 γεννήματα,

215 3927 392 3993 οὕτως
427 3929 524 3984 καὶ⁸
559 3930 801 4002 δεύτεροι
833 3933 888 3984 αἱ
923 3929 1266 4000 ἐπαγγελίαι.

553 4022 692 4092 ’ῼδὴ
725 4022 844 4076 τῶν
872 4021 1244 4091 ἀναϐαθμῶν.
1296 4023 1479 4078 PKH'.

851 4111 865 4130 '
878 4112 1186 4178 Υπόθεσις.

239 4202 301 4255 Ἢ
325 4203 527 4275 δεκάτη
552 4202 663 4274 ᾠδὴ
690 4203 816 4268 τοὺς
843 4203 1070 4268 πολλοὺς
1118 4205 1388 4277 διωγμοὺς
1435 4205 1515 4276 τῷ
1565 4205 1801 4277 Χριστοῦ

295 4291 406 4365 λαῷ
441 4294 780 4359 ἐκδιδάσκει,
830 4295 926 4368 κμὶ
975 4294 1164 4368 ὥσπερ
1202 4297 1380 4351 πάντα
1425 4297 1802 4369 ὑπερπηδήσει

294 4386 560 4458 κρείττων
583 4387 670 4439 ἀεὶ
689 4386 796 4440 τῶν
824 4386 1276 4443 ἐπιϐουλευόντων
1305 4389 1614 4460 γενόμενος.
1666 4388 1804 4442 Τοῦ-

290 4480 351 4533 τό
375 4497 513 4551 φησι
545 4479 632 4533 διὰ
651 4479 711 4533 τὸ
742 4481 836 4534 ἀπ’
856 4480 1029 4552 ἀρχῆς
1059 4479 1153 4533 τοῦ
1174 4481 1527 4554 κηρύγματος
1549 4483 1800 4552 γενέσθαι

295 4572 416 4634 τοὺς
450 4569 746 4640 διωγμούς.

295 4661 628 4728 Πλεονάκις
681 4661 1072 4731 ἐπολέμησαν
1109 4679 1188 4733 με
1222 4701 1239 4716 .
1273 4702 1289 4717 .
1331 4701 1347 4719 .
1381 4703 1398 4718 .
1443 4665 1660 4734 Κύριος
1713 4664 1800 4718 δί-

227 4771 388 4821 καιος
431 4753 803 4823 συνέτριψεν
848 4753 1112 4823 αὐχένας
1159 4755 1542 4824 ἁμαρτωλῶν.
1593 4756 1800 4820 Πάντες

230 4845 333 4915 γὰρ
356 4848 404 4900 ol
434 4843 729 4909 διώξαντες
753 4843 910 4899 κακοὶ
945 4844 1128 4908 κακῶς
1153 4844 1503 4900 ἀπολοῦνται.

554 4935 698 5007 ’ῼδὴ
730 4935 846 4990 τῶν
882 4936 1250 5007 ἀναϐαθμῶν.
1285 4939 1464 4994 PKO'.

855 5029 869 5047 '
882 5029 1192 5094 Υπόθεσις.

239 5118 304 5172 Ἦ
335 5119 604 5190 ἑνδεκάτη
617 5118 729 5191 ᾠδὴ
761 5120 926 5192 εὐχὴν
947 5120 1190 5190 περιέχει
1211 5120 1522 5191 μαρτύρων,
1552 5121 1646 5175 καὶ
1666 5121 1806 5176 διδα-

299 5212 523 5265 σκαλίαν
571 5211 1010 5282 ἐξομολογήσεως
1054 5211 1132 5282 τῷ
1163 5213 1270 5283 νέῳ
1314 5211 1447 5284 λαῷ.
1501 5212 1697 5283 Σαφῶς
1745 5213 1806 5267 δὲ

295 5305 501 5376 ἀρετῆς
548 5305 776 5375 ἱλασμὸν
823 5303 1108 5375 κηρύσσει,
1141 5305 1200 5368 ὃς
1249 5307 1368 5359 ἐστι
1413 5306 1668 5377 Χριστός.
1701 5307 1806 5359 Πε-

294 5397 351 5468 ρὶ
378 5397 547 5451 αὐτοῦ
578 5395 690 5467 γὰρ
721 5396 964 5468 εἴρηται·
1005 5399 1114 5453 Καὶ
1147 5398 1329 5466 αὐτὸς
1370 5400 1627 5468 ἱλασμός
1671 5399 1806 5454 ἐστι

299 5491 434 5562 περὶ
455 5490 580 5546 τῶν
601 5491 902 5561 ἁμαρτιῶν
927 5491 1117 5562 ἡμῶν.

310 5581 414 5640 Ἐκ
430 5585 678 5650 βαθέων
705 5583 1001 5653 ἐξέκραξά
1037 5598 1173 5650 σοι,
1209 5584 1386 5651 Κύριε
1417 5623 1430 5636 .
1471 5626 1483 5638 .
1517 5625 1531 5638 .
1568 5625 1581 5638 .
1623 5627 1637 5640 .
1681 5625 1693 5637 .
1730 5625 1744 5638 .
1783 5619 1802 5641 .

308 5759 366 5830 ,⁸⁸
407 5762 510 5820 isa.
572 5779 723 5832 sxw,
768 5764 853 5819 18.
963 5767 1006 5797 ³⁵
1055 5765 1073 5818 l
1124 5764 1269 5837 Cor.
1307 5781 1376 5833 ll,
1428 5767 1480 5822 9.

1900 3296 2104 3367 portio.

1970 3389 2024 3443 5.
2060 3387 2128 3442 Et
2169 3389 2348 3443 videas
2379 3391 2513 3443 bona
2535 3387 2836 3444 Jerusalem
2877 3391 3118 3443 omnibus
3148 3392 3332 3445 diebus
3360 3392 3485 3447 vita:

1901 3491 2026 3536 tute.
2071 3479 2384 3550 Spiritualia
2437 3481 2644 3538 scilicet
2673 3482 2838 3549 bona,
2883 3499 3000 3553 quae
3031 3482 3216 3537 oculus
3250 3499 3353 3536 non
3403 3486 3484 3538 vi-

1898 3573 1978 3626 dit
2017 3573 2096 3638 ⁸⁸,
2139 3582 2244 3629 etc.

1971 3663 2024 3718 6.
2066 3663 2136 3717 Et
2159 3665 2336 3720 videas
2386 3665 2531 3735 ﬁlios
2585 3665 2820 3734 ﬁliorum
2865 3675 3098 3732 tuorum,
3168 3683 3276 3732 pax
3325 3682 3484 3735 super

1900 3755 2096 3810 Israel.
2127 3755 2529 3813 Promissiones
2559 3757 2713 3812 dicit.
2742 3757 2894 3812 Sicut
2915 3759 3061 3812 enim
3084 3759 3243 3827 primi
3272 3757 3482 3812 fructus

1899 3846 2096 3901 animae
2119 3861 2247 3916 erga
2270 3845 2442 3900 Deum
2473 3846 2744 3915 religiosae
2773 3853 2901 3900 sunt
2925 3843 3067 3899 fetus
3110 3845 3248 3913 ejus,
3284 3843 3365 3898 sic
3390 3857 3482 3896 se-

1899 3937 2067 3993 cundi
2094 3948 2223 3993 sunt
2252 3937 2664 4007 promissiones.

2177 4027 2456 4083 Canticum
2515 4025 2798 4096 graduum.
2865 4022 3196 4080 CXXVIII.

2494 4119 2896 4187 Argumentum.

1902 4212 2186 4269 Decimum
2229 4209 2503 4266 canticum
2558 4209 2731 4262 multa
2786 4207 3228 4277 persecutionum
3282 4218 3484 4275 genera

1902 4357 1934 4375 μ
1959 4304 2167 4360 Christi
2216 4303 2476 4375 populum
2511 4303 2724 4368 edocet,
2748 4309 2802 4354 et
2828 4316 2939 4370 quo
2973 4309 3134 4369 pacto
3170 4297 3355 4351 omnia
3383 4311 3484 4350 su-

1973 4405 2266 4468 peraturus
2292 4396 2384 4462 sit,
2415 4393 2831 4449 insidiatoribus
2871 4406 3086 4460 semper
3118 4389 3370 4458 superior
3396 4386 3481 4441 ef-

1973 4488 2168 4544 fectus.
2201 4486 2318 4542 Hoc
2345 4495 2527 4541 autem
2560 4485 2638 4540 ait
2663 4484 2792 4555 quia
2823 4483 2892 4538 ab
2937 4483 3094 4537 initio
3140 4479 3486 4550 praedicatio-

1975 4581 2062 4636 nis
2092 4579 2501 4650 persecutiones
2534 4577 2778 4632 fuerunt.

1973 4673 2100 4739 1,4.
2141 4670 2290 4741 Saepe
2326 4676 2754 4740 expugnaverunt
2799 4683 2974 4722 me....
3013 4663 3272 4717 Dominus
3301 4662 3486 4731 justus

1902 4765 2147 4819 contrivit
2191 4765 2411 4817 cervices
2451 4773 2802 4831 peccatorum.
2833 4757 2971 4812 Nam
3001 4771 3194 4811 omnes
3233 4754 3327 4823 qui
3369 4767 3489 4822 per-

1902 4855 2075 4912 secuti
2107 4864 2237 4911 sunt
2263 4855 2389 4909 mali
2418 4854 2561 4908 male
2590 4852 2866 4922 peribunt.

2252 4945 2532 5002 Canticum
2560 4945 2842 5016 graduum.
2871 4939 3132 4997 CXXIX.

2494 5035 2898 5106 Argumentum.

1911 5128 2267 5184 Undecimum
2284 5128 2558 5184 canticum
2586 5127 2889 5182 orationem
2925 5121 3304 5192 complectitur
3341 5129 3490 5170 mar-

1980 5231 2160 5293 tyrum
2188 5229 2242 5276 et
2265 5220 2568 5276 doctrinam
2601 5217 2965 5274 confessionis
2994 5228 3137 5270 novo
3164 5210 3366 5282 populo
3389 5209 3488 5262 da-

1982 5323 2113 5368 tam.
2147 5313 2304 5369 Clare
2337 5321 2520 5367 autem
2548 5311 2768 5366 virtutis
2803 5307 3243 5380 propitiatiouem
3283 5299 3487 5371 praedi-

1981 5414 2090 5471 cat,
2108 5418 2231 5474 quae
2247 5403 2498 5459 Christus
2515 5411 2617 5458 est.
2644 5404 2718 5456 De
2736 5403 2853 5471 ipso
2873 5412 3106 5467 namque
3122 5395 3330 5450 dictum
3357 5401 3443 5448 est
3466 5407 3487 5446 ι

1983 5494 2052 5549 Ει
2075 5497 2182 5566 ipse
2200 5495 2512 5566 propitiatio
2542 5503 2620 5550 est
2649 5511 2744 5564 pro
2770 5492 2998 5562 peccatis
3025 5488 3219 5543 nostris
3238 5485 3305 5538 ⁸⁸.

1984 5587 2035 5642 1.
2062 5587 2137 5643 De
2166 5588 2444 5659 profundis
2475 5588 2701 5642 clamavi
2733 5585 2800 5639 ad
2828 5594 2893 5646 te,
2925 5581 3232 5635 Dominam.

1583 5767 1627 5797 "
1655 5766 1674 5819 l
1698 5765 1854 5821 Joan.
1889 5782 1947 5832 ιι,
1981 5765 2032 5817 2.
