3946 6222
430 335 535 394 519

1241 322 1298 375 S.
1341 314 1712 373 ATHANASH
1753 312 1902 370 OPP.
1944 307 2127 364 PARS
2165 310 2252 366 Ill.
2294 338 2360 352 --
2401 309 2818 366 EXEGE’I‘ICA.

3563 301 3670 358 σεο
3680 322 3683 329 ’

496 447 553 501 ‘2.
585 443 748 499 Fiant
786 455 937 496 aures
969 448 1075 492 tua:
1099 434 1422 491 intendentes
1463 434 1520 486 in
1554 444 1728 485 vocem
1754 428 2003 496 depreca-

2169 425 2488 494 Γενηθήτω
2514 425 2587 479 τὰ
2612 420 2734 480 ὦτά
2772 439 2888 477 σου
2910 434 3288 491 προσεχοντα
3309 421 3396 485 είς
3411 417 3527 487 τὴν
3555 435 3673 486 spai-

432 539 592 594 tionis
619 541 766 591 mete.
797 533 971 586 Aures
997 530 1051 584 in
1083 527 1195 583 Deo
1221 525 1493 595 angelieas
1529 527 1822 593 potestates
1844 515 2002 570 intel-

433 635 651 704 ligimus
698 643 841 693 esse,
888 640 981 697 per
1034 637 1173 694 quas
1214 618 1638 691 supplicationes
1687 622 1887 670 nostrae
1935 611 2003 666 ad

435 725 604 778 Deum
632 720 918 775 accedunt.

502 799 558 869 Β.
601 811 662 867 Si
697 809 1003 879 iniquitates
1045 802 1429 865 observaveris,
1467 799 1707 862 Domine,
1761 797 2004 863 Domine,

428 908 548 979 quis
595 902 912 959 sustinebit?
949 899 1040 953 llIa
1078 907 1259 952 autem
1309 891 1668 963 reduplicatio
1702 890 1873 955 vocis,
1901 888 2008 942 Do-

428 999 593 1062 mine,
626 995 866 1057 Domine,
890 988 1211 1046 admirantis
1232 995 1316 1041 est
1341 984 1536 1040 divina:
1565 980 1868 1038 clementiae
1888 995 2005 1035 ma-

434 1089 795 1161 gnitudinem,
835 1083 977 1154 apud
1017 1095 1177 1153 quem
1223 1093 1346 1135 esse
1383 1076 1823 1148 propitiationem
1854 1071 2005 1138 dicit,

427 1190 491 1236 at
516 1195 625 1235 non
656 1179 709 1233 in
745 1175 905 1231 bonis
937 1172 1195 1243 operibus
1226 1168 1454 1224 nostris.

502 1273 557 1327 4.
588 1270 813 1339 Propter
840 1282 1024 1321 nomen
1052 1276 1201 1320 tuum
1242 1259 1471 1315 sustinui
1501 1268 1568 1322 te,
1605 1256 1841 1310 Domine.
1883 1251 2009 1309 Hmc

436 1373 566 1420 sunt
608 1362 771 1416 verba
817 1373 1008 1414 eorum
1059 1356 1153 1426 qui
1196 1368 1304 1408 non
1361 1360 1581 1423 propter
1629 1348 2007 1404 necessitatem

432 1454 799 1525 spiritualem,
824 1449 917 1505 sed
951 1456 1172 1518 propter
1197 1442 1563 1499 venerandum
1593 1455 1792 1495 nomen
1829 1438 2008 1508 ipsum

433 1546 723 1608 accedunt,
759 1558 822 1595 ac
851 1541 900 1595 si
927 1540 979 1593 in
1010 1537 1268 1608 patientia
1295 1544 1515 1590 currunt
1546 1532 1870 1603 propositum
1893 1546 2008 1584 cer-

430 1651 615 1692 tamen
637 1636 706 1701 ³⁷,
732 1642 787 1688 et
811 1632 962 1687 nullo
1004 1639 1251 1701 tempore
1290 1627 1592 1684 abscedunt
1621 1641 1654 1681 a
1687 1624 1819 1690 Deo,
1855 1631 1910 1678 et
1941 1622 2010 1678 ab

439 1730 508 1784 iis
535 1743 658 1799 quae
680 1726 783 1796 ipsi
810 1725 1042 1790 placent.

2109 517 2229 584 γὴν
2267 517 2377 586 τῆς
2412 517 2677 587 δεήσεώς
2697 534 2840 587 μου.
2869 511 3011 570 Ὦτα
3033 514 3126 569 ἐπὶ
3144 512 3304 576 Θεοῦ,
3326 512 3422 566 καὶ
3451 511 3550 574 τὰς
3574 512 3672 580 ἁγ-

2109 608 2331 675 γελικὰς
2358 609 2615 681 δυνάμεις
2656 610 2902 679 νοοῦμεν⁹
2949 607 3017 662 δι’
3041 599 3140 678 ,ὧν
3182 606 3240 660 αἱ
3271 605 3485 676 δεήσεις
3515 602 3672 675 ἡμῶν

2110 702 2248 773 πρὸς
2270 701 2401 755 Θεὸν
2427 702 2786 774 εἰσέρχονται.

2191 794 2332 848 Ἐὰν
2361 795 2611 864 ἀνομίας
2642 792 3087 864 παρατηρήσῃς,
3126 791 3323 859 Κύριε,
3356 789 3552 858 Κύριε,
3580 787 3673 853 τίς

2109 882 2557 951 ὑποστήσεται;
2599 886 2659 938 Ὀ
2699 885 2757 937 δὲ
2785 883 2902 948 τοῦ,
2935 885 3133 952 Κύριε,
3161 882 3369 950 Κύριε,
3390 880 3670 934 διπλασια-

2113 975 2247 1046 σμὸς
2273 974 2638 1045 θαυμάζοντός
2666 976 2782 1027 ἐστι
2811 974 2909 1044 τῆς
2940 972 3032 1027 τοῦ
3085 970 3219 1024 Θεοῦ
3268 969 3671 1041 φιλανθρωπίας

2111 1065 2200 1119 τὸν
2250 1064 2433 1133 ὄγκον,
2473 1064 2601 1136 παρ’
2652 1061 2719 1139 ἧς
2772 1065 2865 1119 καὶ
2900 1064 2991 1117 τὸν
3039 1063 3263 1133 ἱλασμὸν
3297 1057 3436 1117 εἶναί
3485 1077 3671 1135 φησιν,

2110 1156 2225 1211 ἀλλ’
2251 1158 2351 1211 οὑκ
2382 1161 2440 1212 ὲν
2468 1158 2579 1220 τοῖς
2607 1157 2893 1228 ἡμετέροις
2923 1153 3358 1229 κατορθώμασιν.

2184 1249 2435 1303 Ἕνεκεν
2465 1248 2571 1303 τοῦ
2596 1249 2887 1319 ὀνόματός
2914 1262 3030 1302 σου
3050 1244 3338 1316 ὑπέμεινά
3357 1261 3451 1311 σε,
3475 1246 3672 1313 Κύριε.

2113 1339 2296 1393 Ταῦτα
2320 1339 2429 1394 τῶν
2459 1339 2532 1411 μὴ
2562 1337 2651 1393 διὰ
2677 1339 2865 1411 χρείαν
2912 1335 3305 1407 πνευματικὴν,
3347 1335 3413 1388 δι’
3453 1334 3584 1388 αὐτὸ
3616 1333 3673 1388 δὸ

2111 1432 2173 1487 τὸ
2221 1433 2415 1486 σεπτὸν
2454 1421 2623 1503 ὄνομα
2664 1431 3017 1502 προσιόντων,
3068 1429 3219 1484 οὕτω
3271 1427 3370 1482 καί
3410 1427 3480 1480 ἐν
3528 1428 3673 1482 ὐπο-

2107 1524 2267 1596 μονῇ
2290 1526 2623 1595 τρεχόντων
2644 1524 2751 1578 τὸν
2771 1522 3160 1593 προκείμενον
3179 1521 3401 1591 ἀγῶνα,
3421 1516 3675 1575 καὶκατὰ

2117 1619 2240 1689 μηδ’
2262 1618 2357 1671 ἕνα
2387 1618 2575 1688 καιρὸν
2606 1617 2989 1686 ἀφισταμένων
3009 1614 3142 1668 Θεοῦ
3161 1615 3251 1668 καὶ
3280 1612 3387 1667 τῶν
3417 1612 3676 1683 ἀρεσκὸνρ

2114 1726 2220 1763 των
2253 1707 2421 1779 αὐτῷ.
2826 1722 2827 1725 ‘

510 1782 629 1874 6:.4
661 1782 902 1871 custodia
923 1814 1183 1869 matutina
1214 1829 1375 1884 usque
1404 1811 1474 1867 ad
1510 1818 1713 1866 noctem
1731 1816 1897 1879 speret
1920 1804 2005 1861 Is-

2190 1801 2324 1856 ’Ἀπό
2351 1801 2633 1871 φυλακῆς
2664 1801 2877 1870 πρωτας
2920 1800 3096 1869 μέχρι
3134 1796 3351 1864 νυκτὸς
3374 1795 3675 1859 dumdu...

441 1910 556 1966 rael
583 1912 639 1965 in
680 1908 927 1962 Domino.
962 1904 1186 1976 Oportet
1214 1907 1361 1959 enim
1383 1903 1551 1958 etiam
1580 1901 1635 1955 in
1669 1898 1913 1954 molestis
1936 1912 2012 1952 re-

441 2006 545 2060 bus
577 2002 863 2057 Dominum
896 2008 1232 2070 exspectare.
1264 1995 1381 2053 Non
1414 1996 1590 2052 solum
1624 1995 1768 2051 enim
1810 1993 1865 2048 in
1896 2007 2014 2046 ma-

436 2096 619 2150 tutina
664 2093 949 2156 custodia,
991 2107 1103 2147 non
1143 2089 1439 2159 conspicua
1474 2090 1658 2144 omnia
1705 2096 1868 2151 sunt,
1918 2084 2012 2140 sed

434 2189 606 2243 etiam
660 2201 835 2257 usque
863 2184 932 2240 ad
974 2183 1260 2238 tenebrosa
1303 2180 1518 2252 negotia
1556 2185 1612 2233 et
1656 2187 1869 2234 eventa.
1905 2174 2012 2231 Sed

442 2283 654 2338 oriente
673 2295 799 2336 vero
819 2278 1047 2343 lumine,
1066 2289 1217 2331 mens
1238 2273 1542 2344 perSpicax,
1559 2270 1801 2325 laetarum
1829 2283 2012 2324 rerum

442 2382 816 2444 augmentum,
854 2369 1093 2424 tristium
1123 2366 1446 2422 vacuitatem
1483 2362 1711 2432 accipit;
1746 2369 1925 2430 speret
1954 2358 2011 2412 in

442 2465 594 2519 illum
625 2460 784 2533 quasi
815 2461 871 2515 in
898 2459 1143 2524 fontem;
1170 2456 1314 2528 apud
1343 2455 1494 2510 illum
1526 2466 1764 2522 namque
1791 2458 1875 2506 est
1910 2450 2013 2504 nii-

441 2554 741 2611 sericordia
773 2553 867 2623 qui
893 2550 1191 2620 redemptio
1230 2556 1317 2604 est
1348 2555 1404 2603 et
1422 2543 1755 2616 propitiatio,
1783 2541 1878 2613 qui
1898 2540 2013 2595 vir-

436 2657 557 2705 tute
579 2647 751 2702 multa
780 2654 1000 2717 peccata
1027 2649 1242 2718 purgat.

817 2819 1096 2876 Canticum
1121 2818 1404 2888 graduum.
1437 2814 1585 2870 CXX
1591 2813 1639 2867 Χ
1647 2853 1659 2868 .

1026 2913 1429 2982 Argumentum.

442 3004 832 3061 Duodecimnm
864 3010 1137 3059 canticum
1169 3001 1328 3056 docet
1354 3014 1478 3056 eum
1511 3000 1602 3070 qui
1632 2999 2014 3069 propitiatione

512 3097 749 3152 donatus
801 3092 939 3159 fuit,
974 3108 1043 3149 ne
1084 3091 1259 3148 ﬁdens
1311 3106 1412 3148 suo
1443 3090 1688 3162 profectu
1723 3089 2011 3154 exaltetur,

512 3187 609 3246 sed
638 3186 920 3242 humiliter
943 3184 1164 3242 sentiat.

516 3280 761 3346 Domine,
790 3296 893 3334 non
918 3289 994 3333 est
1016 3277 1308 3333 exaltatum
1330 3292 1422 3332 cor
1442 3291 1681 3332 meum...
1706 3273 1884 3345 Neque
1900 3290 2014 3328 am-

438 3373 622 3428 bulavi
660 3374 721 3427 in
765 3371 1005 3441 magnis,
1045 3384 1206 3439 neque
1238 3370 1296 3422 in
1334 3366 1665 3422 mirabilibus
1716 3382 1871 3436 super
1910 3383 2011 3434 me,

443 3475 550 3520 etc.
590 3462 660 3519 Ut
682 3462 806 3533 quis
838 3476 947 3517 non
978 3459 1267 3527 exaltetur,
1291 3458 1368 3514 ait
1392 3460 1726 3515 contrariam
1757 3461 2014 3514 virtutem

437 3570 567 3612 esse
606 3554 898 3610 admodum
944 3553 1153 3617 utilem,
1201 3567 1365 3622 quam
1409 3549 1655 3606 Salvator
1695 3551 1882 3608 docuit
1927 3551 2014 3608 his

443 3647 662 3704 verbis:
692 3644 817 3700 Nisi
846 3645 1076 3699 conversi
1106 3643 1313 3713 fueritis
1337 3653 1389 3698 et
1411 3643 1710 3713 eﬂiciamini
1737 3644 1869 3697 sicut
1890 3659 2016 3713 par-

444 3738 577 3804 vuli,
614 3752 720 3791 non
748 3734 1014 3791 intrabitis
1044 3735 1098 3789 in
1115 3751 1330 3805 regnum
1345 3735 1595 3790 δαείω-ατη
1615 3734 2014 3792 ".Ablactatos

445 3837 633 3884 autem
662 3842 863 3899 pueros
887 3826 1039 3894 dicit,
1082 3827 1487 3883 tribulationem
1542 3827 1876 3899 signiﬁcans.
1922 3826 2017 3883 Et-

442 3921 591 3975 enim
615 3919 834 3976 nonnisi
887 3934 1012 3976 cum
1041 3918 1255 3974 ﬂetibus
1285 3917 1466 3975 infans
1498 3933 1528 3975 a
1558 3927 1732 3974 matre
1755 3919 2012 3985 discedit,

446 4012 636 4068 dolens
668 4011 814 4083 quod
840 4011 981 4068 lacte
1001 4010 1241 4080 privatus
1271 4012 1453 4067 fuerit.
1488 4011 1567 4067 Ita
1591 4021 1647 4068 et
1668 4027 1790 4085 ego,
1814 4013 2012 4086 inquit,

446 4104 501 4159 in
526 4104 787 4160 aerumnis
829 4104 1052 4176 degens,
1083 4118 1295 4174 semper
1327 4103 1498 4160 Deum
1531 4120 1743 4177 precor.
1784 4105 1945 4180 Quod
1968 4107 2013 4161 si

446 4210 558 4250 non
591 4195 667 4251 ita
694 4194 920 4251 affectus
951 4210 1151 4264 essem,
1177 4206 1479 4251 extremum
1526 4198 1852 4268 supplicium
1897 4198 2015 4254 lue-

440 4301 584 4343 rem.

800 4370 1079 4434 Canticum
1106 4381 1385 4450 graduum.
1405 4379 1606 4435 CXXX
1612 4405 1634 4433 ι
1648 4418 1660 4434 .

1043 4471 1441 4542 Argumentum.

441 4561 731 4617 Decimum
755 4562 974 4618 tertium
999 4564 1273 4619 canticum
1312 4566 1613 4619 orationem
1650 4577 1893 4620 continet
1918 4581 2019 4637 pro

516 4653 744 4712 Davide.
774 4654 911 4710 Nam
936 4672 1070 4713 cum
1108 4657 1418 4728 propitiatio
1446 4658 1704 4713 omnibus
1732 4659 2017 4714 remissio-

522 4762 644 4801 nem
663 4756 1012 4818 peccatorum
1027 4748 1300 4816 conciliet,
1316 4749 1629 4804 necessario
1650 4749 1885 4820 Spiritus
1901 4766 2019 4822 pro-

506 4841 788 4910 pheticus,
806 4856 929 4895 cum
955 4841 1177 4912 reliquis
1192 4841 1284 4912 qui
1301 4842 1529 4897 salutem
1542 4852 1952 4913 consequuntur
1965 4853 2019 4900 et

513 4947 645 4988 cum
677 4931 879 4989 Davide
901 4933 1011 4989 ait:
1046 4953 1068 4986 ι
1096 4935 1342 5002 Domine,
1378 4944 1673 5004 memento,
1715 4937 2015 4993 secundum

514 5027 992 5084 mansuetudinem
1008 5028 1127 5098 ejus
1141 5028 1379 5084 retribue
1394 5029 1495 5085 illi.
1509 5049 1528 5082 ι
1546 5028 2015 5095 Quemadmodum

513 5122 664 5177 enim
688 5122 797 5187 ille,
820 5130 1141 5177 mansuetus
1166 5136 1292 5176 cum
1329 5131 1493 5185 esset,
1523 5122 1732 5178 dimisit
1758 5122 1909 5178 Sauli
1932 5124 2018 5179 in-

514 5215 695 5286 jurias
713 5214 816 5269 sibi
847 5214 1048 5279 illatas,
1077 5215 1151 5269 ita
1177 5224 1231 5270 et
1263 5215 1364 5286 ipsi
1396 5215 1588 5271 delicta
1622 5216 1856 5272 remitte.

522 5309 576 5373 1,
604 5308 661 5362 Ξ.
693 5306 975 5374 Memento,
1001 5305 1244 5371 Domine,
1276 5306 1447 5360 David
1489 5317 1543 5361 et
1581 5309 1749 5363 omnis
1776 5324 2017 5362 mansue-

451 5397 651 5452 tudinis
672 5397 807 5468 ejus.
846 5396 996 5452 Sicut
1018 5398 1223 5466 juravit
1265 5397 1509 5465 Domino,
1535 5409 1708 5453 votum
1743 5401 1877 5456 vovit
1910 5399 2017 5455 Deo

451 5487 640 5552 Iacob,
667 5498 771 5545 etc.
810 5488 947 5544 Cum
978 5488 1260 5544 didicisset
1284 5490 1431 5543 enim
1471 5506 1540 5545 ex
1566 5490 1769 5561 Spiritu
1803 5500 2015 5560 saneto,

448 5572 746 5633 Dominum
778 5580 923 5650 apud
954 5579 1207 5635 homines
1248 5579 1624 5647 adventuram,
1655 5582 2019 5655 daturumque

544 5689 591 5722 "
620 5689 779 5747 Hebr.
806 5708 903 5759 xu,
933 5692 984 5748 1.
1058 5691 1107 5725 ⁸⁸
1131 5690 1326 5750 Matth.
1347 5710 1477 5751 ινηι
1496 5737 1510 5763 ,
1542 5692 1595 5751 5.

519 5780 664 5854 (ὅθ’)
693 5780 870 5839 Locus
897 5782 1137 5840 vitiatus.

2040 3137 2087 3199 C

2124 1893 2372 1963 Ἰσραὴλ
2395 1893 2494 1947 ἐπὶ
2521 1893 2627 1948 τὸν
2654 1894 2893 1961 Κύριον.
2928 1894 3019 1945 Δεῖ
3046 1889 3154 1961 γὰρ
3182 1890 3276 1944 καί
3312 1891 3368 1942 ὲν
3397 1891 3509 1951 τοῖς
3543 1903 3645 1941 σκυ

2112 1986 2348 2060 θρωποῖς
2374 1986 2675 2058 προσδοκᾷν
2707 1986 2800 2038 ἐπὶ
2843 1983 3066 2056 Κύριον.
3114 1982 3189 2036 Οὐ
3230 1980 3338 2050 γὰρ
3384 1980 3542 2051 μόνον
3586 1980 3675 2033 ὅτε

2113 2078 2328 2151 φυλακὴ
2358 2078 2501 2151 πρωῒ
2533 2079 2609 2151 μὴ
2640 2078 2736 2132 καὶ
2766 2076 2995 2147 λαμπρὰ
3015 2075 3084 2129 τὰ
3116 2075 3381 2149 παρόντα,
3414 2072 3551 2127 ἀλλὰ
3582 2072 3677 2127 καὶ

2115 2173 2277 2244 μέχρι
2326 2172 2436 2226 τῶν
2494 2171 2737 2244 ζοφερῶν
2771 2169 3167 2242 περιστάσεων.
3217 2167 3375 2221 Ἀλλὰ
3424 2167 3519 2222 καὶ
3545 2167 3676 2222 ἀνα·-

2111 2262 2383 2326 τέλλοντος
2402 2262 2496 2315 τοῦ
2521 2260 2773 2332 ἀληθινοῦ
2800 2260 2978 2330 φωτὸς
2994 2261 3022 2313 ὁ
3041 2258 3344 2330 διορατικὸς
3367 2256 3490 2320 νοῦς
3510 2273 3675 2328 προσ-

2115 2356 2286 2428 θήκην
2346 2355 2610 2426 λαμσάνει
2658 2355 2722 2408 ὲκ
2773 2352 2907 2407 Θεοῦ
2955 2352 3064 2406 τῶν
3110 2350 3380 2424 φαιδρῶν,
3432 2351 3525 2404 καὶ⁵
3568 2348 3677 2402 τῶν

2114 2447 2452 2519 σκυθρωπῶν
2468 2446 2785 2519 ἀπαλλαγήν
2801 2446 2933 2517 (50‘)
2947 2464 2958 2476 ο
2974 2445 3246 2499 ὲλπισάτω
3261 2446 3389 2515 παρ’
3405 2442 3552 2512 αὐτῷ
3570 2441 3676 2514 γὰρ

2110 2537 2188 2602 ὼς
2220 2540 2278 2593 ὲν
2311 2543 2483 2612 πηγῇ,
2515 2542 2610 2594 καὶ
2639 2542 2770 2611 παρ’
2794 2538 2959 2592 αὑτοῦ
2986 2539 3047 2591 τὸ
3075 2538 3242 2600 ἔλεος,
3276 2535 3353 2607 τῷ
3382 2533 3532 2604 αὐτῷ
3564 2533 3677 2587 ὄντι

2112 2631 2398 2706 λυτρὼσει,
2432 2634 2526 2687 καὶ
2551 2633 2630 2704 τῷ
2674 2632 2907 2704 ίλασμῷ,
2948 2631 3027 2702 τῷ
3062 2629 3314 2685 ἱκανώσει
3363 2627 3528 2697 πολλῇ
3578 2624 3677 2691 τὰς

2113 2726 2387 2798 ἁμαρτίας
2411 2726 2869 2798 περικαθαίροντί.

2469 2819 2608 2890 ’ῼδή
2641 2818 2758 2873 τῶν
2781 2816 3149 2887 ἀναϐαθμῶν.
3190 2820 3321 2872 ΡΛθ.

2731 2911 2744 2929 '
2757 2912 3063 2975 Υπόθεσις.

2125 3004 2190 3058 Ἦ
2208 3003 2482 3074 δωδεκάτη
2506 3002 2617 3075 ᾠδὴ
2649 3003 2742 3058 τὸν
2780 3001 3184 3069 καταξιωθέντα
3223 3000 3317 3054 τοῦ
3347 2999 3575 3071 ἱλασμοῦ
3598 3001 3676 3054 δι-

2189 3097 2377 3151 δάσκει
2411 3095 2487 3167 μὴ
2529 3094 2879 3168 ὲπαίρεσθαι.’
2907 3098 2971 3166 τῇ
3007 3093 3198 3148 ἑαυτοῦ
3246 3093 3522 3164 βελτιώσει
3550 3093 3679 3166 θαρ-

2193 3188 2409 3261 ροῦντα,
2440 3188 2577 3243 ἀλλὰ
2598 3190 3055 3258 ταπεινοφρονείν.

2188 3282 2385 3351 Κύριε,
2420 3283 2531 3350 οὐχ
2579 3279 2788 3349 ὑψώθη
2822 3281 2860 3349 ἠ
2892 3278 3104 3346 καρδία
3141 3295 3261 3349 μου
3293 3319 3306 3332 .
3341 3317 3356 3332 .
3388 3318 3409 3332 .
3440 3317 3456 3331 .
3489 3317 3504 3332 .
3540 3278 3677 3332 οὐδὲ

2116 3371 2450 3440 ἐπορεύθην
2475 3371 2547 3423 ἐν
2560 3369 2848 3441 μεγάλοις
2884 3369 3027 3423 οὐδὲ
3053 3369 3130 3422 ἐν
3162 3368 3516 3438 θαυμασίοις
3530 3366 3677 3441 ὑπὲρ

2117 3462 2242 3533 ἐμέ,
2261 3480 2314 3520 κ.
2332 3480 2382 3517 τ.
2398 3461 2449 3516 λ.
2466 3440 2610 3533 Πρὸς
2623 3461 2678 3517 δὲ
2692 3462 2752 3515 τὸ
2771 3463 2843 3534 μὴ
2861 3458 3161 3532 ἐπαρθῆναί
3176 3475 3307 3530 φησι
3321 3458 3417 3529 τὴν
3434 3440 3679 3512 ἐναντίαν

2118 3555 2320 3628 ἀρετὴν
2335 3557 2413 3618 είς
2429 3554 2732 3625 ὑπερϐολὴν
2760 3553 3080 3625 ἐπιτήδειον,
3103 3555 3169 3624 ἣν
3192 3553 3287 3606 καὶ
3312 3555 3340 3606 ὁ
3361 3552 3558 3622 Σωτὴρ
3576 3552 3679 3605 ἐδί-

2119 3648 2245 3712 δαξε
2286 3647 2459 3715 λέγων
2484 3664 2499 3679 ο
2545 3648 2678 3700 Ὲὰν
2718 3645 2805 3717 μὴ
2836 3644 3142 3715 στραφῆτε
3179 3645 3275 3698 καὶ
3309 3645 3565 3714 γένησθε
3601 3644 3680 3709 ὡς

2118 3741 2192 3794 τὰ
2235 3740 2461 3801 παιδία,
2506 3741 2579 3794 οὑ
2618 3737 2705 3809 μὴ
2748 3736 3058 3805 εἰσέλθητε
3085 3738 3172 3803 εὶς
3211 3736 3323 3804 τὴν
3354 3736 3684 3801 ,ϐασιλείαν

2119 3831 2237 3886 τῶν
2267 3828 2558 3901 οὐρανῶν.
2606 3829 3166 3900 Ἀπογαλακτισθέντα
3192 3829 3248 3883 δὲ
3280 3830 3427 3898 λέγει
3474 3829 3680 3894 παιδία,

2119 3924 2217 3996 τὴν
2246 3925 2423 3997 θλίψιν
2471 3925 2664 3997 δηολῶν.
2722 3926 2798 3979 Οὐ
2848 3925 2957 3994 γὰρ
3004 3921 3292 3991 ἀφίσταται
3324 3922 3424 3993 τῆς
3459 3921 3680 3993 μητρὸς.

2117 4016 2448 4089 ὸδυνώμενον
2474 4019 2567 4071 ἐπὶ
2591 4016 2683 4071 τοῦ
2710 4017 3033 4089 στερηθῆναι
3057 4015 3150 4068 τοῦ
3175 4015 3463 4084 γάλακτος.
3498 4014 3684 4078 Οὕτως

2118 4110 2195 4166 ὢν
2249 4112 2308 4164 ὲν
2356 4113 2658 4182 συμφοραῖς
2706 4108 2879 4177 κάγὼ,
2924 4109 3106 4180 φησιν,
3155 4108 3399 4181 ηὐχόμην
3451 4108 3538 4161 ἀεὶ
3588 4106 3682 4160 τοῦ

2120 4202 2275 4257 Θεοῦ.
2310 4204 2374 4257 Et
2396 4204 2453 4257 δὲ
2491 4203 2564 4273 μὴ
2589 4202 2762 4266 οὕτως
2791 4202 2930 4269 εἵην,
2958 4201 3113 4270 δίκην
3149 4200 3297 4272 δοίην
3321 4198 3555 4270 ἐσχάτην

2447 4378 2585 4449 ᾮδὴ
2616 4381 2735 4434 τῶν
2756 4374 3127 4449 ἀναϐαθμῶν.
3169 4381 3353 4434 PAA'.

2730 4471 2743 4490 '
2757 4472 3066 4537 Υπόθθσις.

2132 4565 2198 4617 Ἦ
2214 4565 2633 4637 τρισκαιδεκάτη
2648 4564 2757 4637 ᾠδὴ
2775 4563 2938 4635 εὐχὴν
2966 4561 3208 4635 περιέχει
3235 4560 3374 4631 ὑπὲρ
3388 4559 3483 4615 τοῦ
3495 4559 3673 4616 Δαυτδ.

2189 4657 2296 4712 Τοῦ
2347 4659 2456 4731 γὰρ
2514 4658 2739 4731 ἱλασμοῦ
2791 4659 2925 4712 πᾶσι
2974 4655 3357 4726 προξενοῦντος
3397 4653 3679 4726 ἁμαρτιῶν

2187 4751 2401 4820 ἄφεσιν,
2420 4751 2730 4822 ἀναγκαίως
2750 4752 2811 4804 τὸ
2841 4750 3064 4820 Πνεῦμα
3085 4749 3145 4802 τὸ
3178 4748 3514 4821 προφητικὸν
3543 4744 3680 4817 μετὰ

2187 4839 2296 4894 τῶν
2339 4840 2540 4894 λοιπῶν
2567 4842 2674 4895 τῶν
2705 4839 3045 4911 σωζομένων,
3093 4837 3295 4892 καὶτοῦ
3314 4837 3475 4891 Δαυῖδ
3501 4853 3634 4907 φησι
3660 4850 3676 4864 ·

2193 4947 2214 4979 ι
2236 4929 2430 5004 Κύριε,
2450 4931 2734 5003 μνήσθητι,
2752 4930 2892 4985 κατὰ
2906 4930 3004 5000 τὴν
3018 4931 3298 5002 πραότητα
3319 4926 3481 4982 αὐτοῦ
3497 4924 3682 4980 ἀποδι-

2189 5026 2314 5089 δοὺς
2331 5022 2499 5094 αὐτῷ.
2529 5043 2547 5074 ι
2564 5023 2654 5087 Ὠς
2673 5023 2779 5094 γὰρ
2796 5023 2956 5085 αὐτὸς
2972 5025 3145 5093 πρᾶος
3159 5020 3233 5075 ὣν
3254 5021 3402 5091 ἠφίει
3419 5019 3496 5090 τῷ
3512 5019 3680 5074 Σαοὺλ

2189 5116 2258 5172 τὰ
2283 5118 2363 5180 είς
2394 5116 2552 5169 αὐτὸν
2574 5115 2905 5187 ἀδικήματα,
2929 5114 3073 5170 οὕτω
3103 5115 3197 5169 καὶ
3227 5113 3375 5185 αὐτῷ
3402 5113 3682 5186 condim-

2195 5228 2288 5265 σον
2315 5209 2414 5271 τὰς
2444 5209 2844 5280 πλημμελείας.

2189 5301 2524 5372 Μνήσθητι,
2570 5302 2765 5369 Κύριε,
2804 5300 2913 5355 τοῦ
2954 5299 3135 5355 Δαυΐό
3178 5299 3275 5355 καί
3319 5297 3527 5365 πάσης
3576 5294 3679 5363 τῆς

2119 5396 2450 5465 πραότητος
2497 5395 2703 5449 αὐτοῦ.
2739 5394 2838 5460 Ὧς
2882 5395 3079 5465 ὤμοσε
3116 5393 3195 5460 τῷ
3214 5393 3427 5463 Κυρίῳ,
3456 5392 3680 5462 ηὔξατο

2119 5486 2200 5553 τῷ
2245 5486 2367 5552 Θεῷ
2408 5487 2626 5551 Ἰακὼϐ,
2660 5487 2754 5541 καὶ
2780 5485 2851 5542 τὰ
2882 5486 3026 5557 ὲξῆςι
3058 5483 3268 5542 Μαθὼν
3293 5484 3403 5556 γὰρ
3428 5484 3487 5550 ἐξ
3528 5481 3678 5552 ἁγίου

2119 5576 2456 5650 Πνεῦματος,
2489 5578 2565 5642 ὠς
2583 5579 2908 5651 ὲπιδημήσει
2931 5580 3041 5644 τοῖς
3067 5575 3375 5650 ἀνθρώποις
3399 5580 3428 5630 ὀ
3458 5574 3678 5648 Κύριος.
