3946 6222
426 294 533 350 625

1269 289 1326 344 S.
1370 287 1743 345 ATIIANASII
1782 283 1933 342 OPP.
1977 285 2158 341 PARS
2195 286 2289 345 Ill.
2328 317 2401 332 -—
2441 286 2850 345 EXEGETICA.

3557 290 3660 346 εει

433 428 609 471 :emen
649 426 773 466 cum
805 410 912 466 sint
942 425 1046 464 non
1080 418 1239 481 egent
1270 411 1523 480 panibus.
1561 409 1829 466 Scribitur
1850 423 1990 478 quo-

2094 408 2405 462 ἐλαττοῦται
2427 408 2634 480 ἄρτοις.
2666 408 2941 481 Γράφεται
2963 406 3019 461 δὲ
3056 408 3167 471 καὶ,
3198 407 3317 475 Τὴν
3348 407 3543 477 χήραν
3557 411 3661 462 αὺ-

427 520 580 576 .ιιιο;
631 504 858 559 Viduam
908 503 1059 573 ejus,
1103 502 1311 558 scilicet
1356 518 1476 557 eam
1520 517 1648 573 quae
1686 500 1989 570 patrocinio

426 604 595 653 caret.
623 593 881 652 Pauperes
904 594 1016 663 ejus
1036 592 1287 647 saturabo
1306 592 1549 662 panibus.
1573 590 1631 645 1d
1654 603 1757 657 est,
1779 606 1875 645 eos
1896 589 1989 659 qui

426 682 722 739 secundum
777 682 945 736 Deum
996 696 1261 751 pauperes
1301 689 1452 737 sunt.
1507 680 1750 736 Panibus
1806 690 1989 734 autem

423 772 820 845 spiritualibus.

494 865 580 920 16.
622 863 926 920 Sacerdotes
974 862 1088 932 ejus
1149 862 1367 916 induam
1416 860 1668 915 salutari.
1701 861 1825 929 Ipse
1851 857 1986 913 item

426 954 676 1011 Christus
702 963 809 1020 est,
840 954 933 1025 qui
959 954 1195 1009 salutare
1218 961 1321 1016 est,
1342 951 1550 1022 justitia
1572 963 1795 1023 quoque
1822 961 1985 1018 supra

422 1056 666 1103 vocatus.

490 1138 571 1192 Π.
598 1137 738 1191 Illuc
763 1140 1048 1206 producam
1078 1152 1238 1190 cornu
1269 1132 1455 1188 David.
1486 1132 1604 1201 Quo
1630 1142 1871 1202 tempore
1896 1144 1986 1185 sa-

418 1230 592 1287 lutare
619 1230 916 1300 apparebit,
948 1228 1118 1300 gloria
1145 1227 1363 1282 Davidis
1394 1227 1621 1282 orietur.
1661 1224 1854 1279 Paravi
1896 1222 1983 1275 lu-

424 1334 625 1375 ‘ernam
649 1318 859 1376 Christo
905 1337 1037 1374 meo.
1089 1318 1202 1374 Hoc
1235 1320 1302 1374 de
1336 1318 1546 1373 Joanne
1575 1320 1669 1382 ait,
1694 1318 1849 1388 juxta
1872 1314 1983 1369 Do-

416 1412 547 1468 mini
582 1411 785 1467 dictant
814 1430 827 1466 :
862 1410 985 1481 Ipse
1014 1421 1127 1465 erat
1154 1411 1371 1464 lacerna
1402 1411 1592 1464 ardens
1621 1419 1672 1464 et
1702 1409 1883 1462 lucens
1911 1407 1978 1460 ’°.

751 1680 1029 1737 Canticum
1053 1697 1331 1752 graauum.
1368 1678 1662 1736 CXXXII.

991 1773 1398 1843 Argumentum.

408 1867 686 1924 Decimum
714 1874 972 1937 quartum
998 1869 1268 1921 canticum
1296 1866 1535 1922 declarat
1556 1867 1759 1923 bonum
1790 1882 1820 1921 a
1856 1864 1980 1921 Sal-

479 1970 694 2023 vatore,
738 1966 1028 2028 postquam
1081 1958 1260 2013 illuxit
1302 1958 1652 2025 hominibus,
1703 1958 1977 2026 collatum,

475 2051 664 2105 dicens
696 2067 711 2104 :

475 2142 527 2208 1,
548 2140 602 2196 2.
637 2138 772 2195 Ecce
814 2155 972 2211 quam
997 2139 1188 2194 bonum
1213 2150 1262 2196 et
1296 2156 1454 2209 quam
1472 2140 1787 2211 jucundum.
1826 2139 1976 2196 Sicut

354 2216 369 2237 ³
404 2239 723 2303 unguentum
751 2234 807 2284 in
836 2232 1025 2301 capite,
1042 2230 1181 2302 quod
1207 2230 1471 2285 descendit
1500 2231 1556 2284 in
1583 2229 1819 2284 barbam.
1838 2228 1976 2286 Cum

402 2331 728 2395 congregata
748 2361 765 2389 ,
828 2322 1005 2393 inquit
1026 2361 1042 2388 ,
1074 2323 1239 2377 fuerit
1293 2321 1532 2378 Ecclesia
1556 2362 1571 2388 ,
1596 2331 1652 2377 et
1685 2323 1975 2392 quemdam

401 2430 502 2473 cett
526 2424 847 2471 concentum
885 2413 1110 2471 fecerit:
1148 2424 1261 2469 tum
1298 2415 1484 2470 unctio
1531 2414 1707 2470 sancti
1735 2413 1976 2485 Spiritus

402 2523 467 2564 ac
489 2508 856 2565 sacerdotium
882 2506 1186 2572 inducetur,
1212 2507 1697 2577 primum'quidem
1728 2507 1783 2562 in
1813 2515 1975 2577 caput

403 2599 690 2668 Ecclesiae,
729 2599 877 2671 quod
925 2609 1010 2655 est
1047 2598 1301 2655 Christus
1344 2599 1581 2654 :deinde
1628 2601 1681 2654 in
1725 2599 1969 2666 barbam,

401 2704 523 2759 quae
569 2697 653 2745 est
696 2689 863 2745 decor
901 2687 1061 2744 faciei
1093 2687 1368 2745 Ecclesiae.
1401 2687 1501 2743 llic
1537 2698 1720 2745 autem
1767 2689 1972 2745 intelli-

402 2788 605 2849 guntur
651 2779 903 2849 apostoli.
931 2779 1213 2835 Postremo
1254 2790 1433 2836 autem
1465 2782 1532 2837 ad
1561 2790 1733 2837 totum
1770 2798 1970 2853 corpus

404 2871 735 2940 pertransiit,
764 2871 815 2926 id
866 2879 950 2926 est
978 2872 1045 2926 ad
1091 2887 1279 2928 omnes
1312 2878 1404 2944 qui
1439 2873 1494 2927 in
1535 2871 1775 2929 Ecclesia
1807 2874 1970 2930 Chri-

398 2969 545 3016 stum
574 2961 864 3016 induerunt
878 3002 890 3016 .

467 3140 525 3197 ὅ.
543 3138 805 3205 Quoniam
827 3141 937 3195 illic
959 3141 1229 3195 mandavit
1257 3139 1514 3195 Dominus
1537 3140 1965 3211 benedictionem,

394 3237 449 3286 et
472 3231 637 3286 vitam
666 3248 826 3301 usque
855 3233 909 3285 in
932 3233 1203 3287 siccatum.
1233 3230 1356 3285 Illic
1374 3272 1389 3298 ,
1416 3232 1524 3295 ait,
1554 3232 1801 3287 videlicet
1824 3235 1967 3303 apud

398 3321 593 3378 fratres
623 3323 929 3378 habitantes
973 3325 1025 3377 in
1060 3340 1226 3380 unum
1256 3341 1271 3390 ;
1303 3332 1353 3378 et
1397 3324 1559 3378 vitam
1580 3341 1601 3389 ;
1636 3341 1741 3379 non
1777 3342 1969 3393 quam-

396 3408 550 3475 libet,
597 3413 692 3468 sed
738 3414 1121 3469 immortalem.
1160 3413 1215 3468 In
1264 3412 1394 3468 Sion
1448 3415 1592 3469 enim
1636 3416 1967 3471 sanctissimi

399 3502 635 3571 Spiritus
666 3520 757 3561 ros
791 3506 1039 3561 vivificus
1072 3507 1127 3561 in
1163 3522 1350 3563 sacros
1388 3508 1664 3577 apostolos
1696 3509 1967 3565 demissus

395 3603 501 3662 est,
530 3611 628 3667 per
660 3613 822 3668 quem
875 3612 1065 3653 omnes
1113 3600 1208 3669 qui
1254 3600 1481 3655 credunt
1530 3600 1964 3658 benedictionem

391 3696 650 3743 aeternam
681 3699 1109 3760 consequuntur.
1148 3689 1369 3746 Illorum
1396 3690 1541 3745 enim
1577 3706 1671 3747 cor
1699 3700 1754 3748 et
1782 3692 1965 3749 anima

393 3792 526 3835 una.

707 3962 983 4019 Canticum
1014 3966 1296 4036 graduum.
1317 3965 1644 4023 CXXXIII.

462 4051 511 4108 ι.
563 4051 695 4110 Ecce
729 4073 874 4112 nunc
918 4058 1199 4115 benedicite
1248 4058 1565 4127 Dominum,
1608 4075 1784 4115 omnes
1827 4061 1963 4118 serui

396 4141 629 4201 Domini.

970 4240 1374 4310 Argumentum.

391 4321 672 4383 Decimum
698 4329 951 4402 quintum
983 4331 1281 4397 canticum,
1314 4332 1469 4401 jubet
1508 4347 1606 4388 eos
1654 4332 1749 4403 qui
1781 4331 1961 4387 adhuc

2091 500 2220 570 τῆς,
2238 503 2329 555 καὶ
2347 501 2591 572 δηλονότι
2610 502 2708 573 τὴν
2730 503 3207 573 ἁπροστασίαστον.
3235 500 3662 570 Τοὺςπτωχοὺς

2089 591 2278 662 αὐτῆς
2308 593 2579 662 χορτάσω
2604 593 2818 662 ἄρτων.
2852 594 2989 656 Τοὺς
3015 593 3154 646 κατὰ
3184 592 3316 646 Θεὸν
3365 592 3465 663 μὲν
3513 607 3658 646 πτω-

2091 682 2385 754 χεύσαντας
2405 700 2421 715 ο
2453 685 2631 756 ἄρτων
2662 684 2720 737 δὲ
2752 682 2859 739 τῶν
2900 683 3123 754 νοητῶν.

2165 864 2307 930 Τοὺς
2338 864 2511 934 ἱερεῖς
2539 864 2728 934 αὐτῆς
2748 862 2980 917 ἐνδύσω
3008 861 3325 928 σωτηρίαν.
3349 859 3518 925 Αὐτός
3539 860 3657 914 ἐστι

2090 955 2251 1008 πάλιν
2274 957 2302 1009 ὁ
2329 954 2559 1026 Χριστος
2584 957 2618 1027 ἡ
2644 956 2903 1026 σωτηρία,
2935 955 2963 1006 ὁ
2998 953 3091 1006 καὶ
3113 952 3427 1023 δικαιοσύνη
3453 954 3511 1005 ὲν
3542 953 3653 1017 τοῖς

2087 1048 2378 1119 ἁνωτὲροις
2404 1047 2811 1119 ὠνομασμένος.

2168 1138 2328 1193 Ἔκεῖ
2347 1137 2682 1204 ἐξανατελῶ
2710 1137 2886 1207 κέρας
2912 1134 2993 1202 τῷ
3025 1135 3225 1190 Δαυτδ.
3282 1135 3418 1188 Κατ’
3447 1134 3653 1186 ἐκεῖνον

2084 1228 2174 1283 τὸν
2197 1229 2385 1301 χρόνον
2409 1229 2526 1283 καθ’
2553 1229 2612 1283 ὃν
2646 1230 2899 1297 ἐπιφανεῖ
2922 1227 2981 1280 τὸ
3014 1229 3279 1299 σωτήριον
3298 1266 3312 1289 ,
3344 1225 3582 1296 δηλονότι
3613 1226 3647 1296 ἡ

2083 1318 2209 1385 δόξα
2224 1321 2466 1373 ἁνατελεῖ
2495 1319 2589 1373 τοῦ
2619 1320 2800 1375 Δαυῖδ.
2828 1321 3143 1389 Ἠτοίμασα
3160 1319 3393 1385 λύχνον
3420 1314 3500 1381 τῷ
3528 1318 3653 1384 Χρι-

2083 1410 2206 1477 στῷ
2213 1430 2351 1481 μου.
2370 1411 2540 1465 Τοῦτο
2555 1412 2682 1483 περὶ
2704 1412 2950 1465 Ἰωάννου
2963 1411 3114 1482 φησὶ,
3135 1409 3275 1463 κατὰ
3294 1409 3353 1461 τὸ
3366 1409 3652 1480 εἰρημένον

2083 1503 2231 1575 παρά
2272 1503 2366 1558 τοῦ
2411 1504 2637 1577 Κυρίου·
2681 1504 2941 1571 Ἐκεῖνος
2972 1500 3051 1574 ἧν
3084 1505 3116 1557 ό
3144 1504 3372 1571 λύχνος
3418 1504 3450 1554 ό
3493 1501 3651 1554 καιό-

2076 1612 2260 1665 μενος
2306 1595 2406 1649 καὶ
2437 1598 2814 1665 φαινόμενος.

2407 1687 2540 1759 ᾨδὴ
2575 1686 2693 1741 τῶν
2732 1684 3108 1755 ἀναϐαθμῶν.
3135 1681 3316 1738 ΡΛΠ.

2694 1777 2708 1796 '
2721 1778 3033 1843 Υπόθεσις.

2091 1868 2156 1922 Ἡ
2201 1869 2764 1942 τεσσαρεσκαιδεκάτη
2797 1868 2906 1940 ᾠδὴ
2941 1867 3247 1931 ἀκολούθως
3293 1868 3358 1937 τῇ
3404 1863 3498 1917 τοῦ
3544 1864 3649 1917 Σω-

2147 1961 2310 2032 τῆρος
2334 1961 2630 2033 ὲπιλάμψει
2654 1960 2716 2014 τὸ
2758 1959 2819 2025 ἐξ
2851 1956 3015 2015 αὑτοῦ
3047 1957 3384 2032 δωρούμενον
3414 1957 3525 2019 τοῖς
3554 1957 3645 2009 ἀν⁸

2147 2049 2383 2123 θρώποις
2420 2052 2582 2106 καλὸν
2608 2050 2841 2123 φανερὸν
2871 2052 3015 2104 ποιεῖ
3045 2049 3297 2118 λέγουσα.

2159 2143 2311 2200 Ἰδοὺ
2353 2142 2429 2211 δὴ
2472 2144 2529 2197 τί
2563 2145 2776 2207 καλὸν,
2819 2142 2858 2210 ἣ
2903 2143 2960 2197 τι
2996 2142 3275 2209 τερπνόν.
3318 2138 3412 2203 Ὠς
3450 2137 3645 2205 μύρον

2073 2236 2169 2291 ἐπὶ
2205 2233 2474 2305 κεφαλῆς
2521 2234 2587 2289 τὸ
2626 2219 2985 2288 καταϐαῖνον
3010 2232 3110 2286 ἐπὶ
3141 2230 3410 2300 πώγωνα.
3463 2229 3643 2280 Ἐπει-

2071 2327 2187 2393 δάν,
2218 2326 2369 2398 φησι,
2403 2325 2693 2396 συναχθείη
2720 2326 2754 2396 ἡ
2801 2324 3093 2397 Ἐκκλησία
3115 2364 3130 2391 ,
3168 2324 3263 2377 καί
3296 2322 3426 2394 μίαν
3456 2319 3643 2392 ὤσπερ

2073 2418 2193 2473 τινὰ
2237 2418 2501 2490 ἁρμονίαν
2556 2418 2869 2490 ποιήσηται,
2898 2417 3020 2470 τότε
3053 2416 3117 2488 δὴ
3172 2416 3293 2469 τότε
3325 2416 3420 2468 καὶ
3466 2414 3640 2484 χρίσις

2070 2511 2163 2564 τοῦ
2204 2510 2358 2579 ἁγίου
2381 2511 2698 2581 Πνεύματος
2728 2510 2822 2563 καὶ
2860 2510 3155 2583 ἱεράτευμα
3184 2506 3464 2580 προσαχθῇ
3493 2504 3641 2578 πρῶ·

2070 2619 2160 2655 τον
2186 2602 2281 2674 μὲν
2313 2601 2406 2654 ἐπὶ
2430 2601 2529 2673 τὴν
2559 2599 2799 2672 κεφαλὴν
2832 2602 2930 2670 τῆς
2967 2598 3312 2670 Ἐκκλησίας,
3339 2598 3457 2668 ἥτις
3487 2596 3634 2650 ἐστὶν

2071 2700 2099 2752 ὁ
2131 2698 2387 2769 Χριστὸς,
2421 2696 2612 2763 ἔπειτα
2658 2697 2752 2752 καὶ
2784 2698 2865 2760 είς
2888 2696 2977 2749 τὸν
3007 2693 3264 2762 πώγωνα,
3299 2691 3355 2754 ὃς
3382 2692 3526 2742 ἐστιν
3548 2687 3641 2741 εύ-

2072 2787 2306 2858 πρέπεια
2334 2787 2428 2841 τοῦ
2461 2786 2751 2859 προσώπου
2779 2787 2877 2857 τῆς
2921 2783 3262 2855 Ἐκκλησίας.
3295 2778 3551 2834 Νοοῦνται
3580 2776 3637 2831 δὲ

2069 2878 2156 2932 διὰ
2183 2878 2371 2932 τούτου
2406 2879 2453 2932 οἱ
2487 2878 2796 2934 ἀπόστολοι.
2852 2876 2925 2929 Τὸ
2969 2873 3274 2928 τελευταῖον
3321 2870 3378 2923 δὲ
3422 2869 3515 2922 καὶ
3559 2870 3639 2932 εἰς

2068 2969 2188 3023 ὅλον
2218 2970 2279 3022 τὸ
2310 2969 2467 3038 σῶμα
2525 2968 2894 3040 μεταϐέϐηκε,
2942 2965 3220 3019 τουτέστιν
3264 2964 3344 3024 είς
3395 2961 3637 3022 ἅπαντας

2069 3062 2193 3123 τοὺς
2222 3061 2278 3115 ἐν
2304 3062 2368 3132 τῇ
2408 3058 2701 3131 Ἐκκλησία
2726 3056 3104 3130 ὲνδεδυμένους
3151 3052 3407 3125 Χριστόν.

2144 3153 2267 3206 Ὅτι
2286 3151 2414 3205 ἐκεῖ
2432 3150 2768 3205 ἐνετείλατο
2798 3147 3016 3218 Κύριος
3052 3147 3167 3216 τὴν
3197 3147 3504 3216 εὐλογίαν.
3537 3142 3634 3197 καὶ

2068 3240 2222 3311 ζωὴν
2258 3242 2367 3308 ἕως
2408 3240 2514 3295 τοῦ
2544 3240 2773 3306 αἰῶνος.
2813 3238 2988 3305 Ἐκεῖ,
3032 3236 3164 3309 φησί
3194 3254 3207 3267 ·
3242 3235 3399 3306 δῆλον
3432 3236 3510 3300 δὲ,
3554 3234 3635 3288 ὅτι

2066 3332 2195 3404 παρ’
2232 3332 2415 3395 αὐτοῖς
2445 3334 2557 3394 τοίς
2593 3326 2937 3384 κατοικοῦσιν
2969 3325 3215 3395 ἀδελφοῖς
3248 3325 3340 3378 ἐπὶ
3371 3323 3431 3376 τὸ
3463 3321 3596 3376 αὑτό
3620 3339 3634 3356 ο

2066 3425 2162 3478 καὶ
2194 3421 2345 3490 ζωήν
2367 3439 2380 3451 ’
2429 3422 2490 3475 οὐ
2538 3421 2638 3493 τὴν
2678 3418 2942 3492 τυχοῦσαν
2965 3461 2979 3485 ,
3020 3418 3156 3473 ἀλλὰ
3205 3416 3304 3488 τὴν
3347 3415 3630 3471 ἀθάνατον.

2078 3515 2200 3569 Ἐπὶ
2224 3514 2323 3586 τὴν
2361 3512 2502 3566 Σιὼν
2535 3512 2644 3582 γὰρ
2673 3514 2707 3585 ὴ
2734 3510 2828 3566 τοῦ
2862 3511 3127 3581 παναγίου
3179 3508 3494 3579 Πνεύματος
3539 3505 3633 3559 ἐπὶ

2064 3606 2190 3669 τοὺς
2241 3606 2416 3676 ἱεροὺς
2446 3604 2775 3668 ἀποστόλους
2816 3599 3075 3668 ζωοποιὸς
3111 3599 3469 3671 κατεπέμφθη
3508 3596 3630 3669 δρό-

2066 3716 2177 3764 σος,
2204 3698 2269 3752 δι’
2306 3695 2374 3770 ἦς
2407 3697 2643 3762 ἅπαντες
2687 3699 2736 3750 οἱ
2780 3697 3124 3759 πιστεύοντες
3160 3695 3260 3767 τὴν
3291 3692 3507 3748 αἰώνιον
3542 3691 3632 3745 εὑ-

2062 3788 2246 3858 λογίαν
2293 3786 2653 3859 καρποῦνται.
2695 3786 2947 3840 Ἐκείνων
2975 3783 3082 3856 γὰρ
3105 3778 3173 3856 ἦν
3199 3784 3231 3854 ή
3257 3780 3451 3853 καρδία
3480 3779 3571 3833 καὶ
3594 3780 3626 3850 ἡ

2061 3878 2208 3951 ψυχὴ
2233 3879 2349 3952 μια-

2391 3969 2531 4041 ᾮδὴ
2576 3968 2693 4024 τῶν
2729 3966 3101 4037 ἀναϐαθμῶν.
3132 3967 3315 4020 PAI".

2145 4058 2290 4115 Ἰδοὺ
2320 4058 2397 4128 δὴ
2424 4058 2726 4129 εὐλογεῖτε
2760 4056 2867 4111 τὸν
2898 4058 3136 4125 Κύριον,
3167 4055 3390 4121 πάντες
3408 4056 3463 4108 ol
3493 4051 3625 4108 δοῦ·-

2060 4156 2159 4209 λοι
2181 4155 2425 4221 Κυρίου.

2684 4242 2697 4261 ⁹
2711 4243 3018 4307 Υπόθεσις.

2073 4334 2140 4389 Ἦ
2183 4332 2636 4403 πεντεκαιδεκάτη
2665 4332 2775 4403 ᾠδὴ
2805 4334 2917 4395 τοῖς
2965 4331 3045 4384 ἔτι
3097 4329 3520 4401 κατηχουμένοις
3566 4327 3625 4383 ὲν

464 4417 521 4471 in
544 4415 788 4475 Ecclesia
812 4420 1193 4475 catechumeni
1214 4426 1346 4476 Sunt
1371 4420 1592 4476 laudare
1615 4419 1806 4475 Deum.
1835 4418 1963 4476 Ser-

2133 4429 2201 4498 τῇ
2242 4425 2537 4497 Ἐκκλησία
2568 4427 2736 4479 αἰνεῖν
2760 4424 2849 4477 τὸν
2874 4424 3005 4476 Θεὸν
3022 4421 3467 4495 παρακελεύεται.
3495 4417 3625 4473 Δού-

460 4520 561 4562 vos
590 4517 771 4564 autem
805 4518 965 4565 vocat
1013 4510 1196 4582 ipsos,
1233 4519 1418 4582 utpote
1453 4513 1546 4583 qui
1579 4511 1821 4567 nondum
1869 4510 1959 4566 ad-

459 4602 682 4674 aptione
705 4604 907 4676 dignati
930 4606 1058 4661 sint.
1081 4605 1138 4660 2.
1166 4605 1234 4659 In
1251 4607 1490 4661 noctibus
1512 4605 1748 4661 extollite
1773 4621 1960 4661 manus

459 4701 658 4748 uestras
697 4694 753 4748 in
786 4705 991 4751 sancta.
1045 4695 1099 4751 In
1144 4697 1395 4753 noctibus
1437 4697 1618 4752 adhuc
1662 4696 1962 4753 consistere

460 4786 585 4841 illos
619 4787 715 4849 ait,
746 4788 875 4858 quia
917 4789 1156 4844 nondum
1187 4787 1423 4860 Spiritus
1468 4789 1642 4845 sancti
1681 4790 1958 4844 illumina-

457 4878 607 4934 tione
626 4878 808 4933 donati
832 4890 978 4935 sunt.

459 4969 514 5028 5.
545 4968 828 5025 Benedicat
860 4981 907 5025 te
936 4970 1187 5027 Dominus
1212 4986 1277 5025 ea;
1311 4968 1461 5025 Sion.
1496 4970 1577 5025 Ex
1614 4968 1745 5025 Sion
1782 4969 1913 5025 dicit
1941 4989 1957 5025 :

386 5061 517 5128 quia
555 5060 663 5116 hoc
706 5074 904 5116 nomen
936 5061 1170 5117 amabile
1204 5060 1338 5131 ipsis
1373 5068 1509 5126 erat,
1539 5061 1631 5116 ubi
1676 5070 1794 5117 erat
1823 5059 1958 5132 ipsis

385 5152 568 5209 omnis
612 5153 1061 5210 sanctificationis
1121 5161 1523 5225 argumentum.
1576 5153 1784 5209 Exinde
1829 5168 1958 5209 vero

386 5242 543 5300 docet
567 5260 636 5300 ex
660 5261 986 5316 quocunque
1001 5247 1124 5303 loco
1154 5248 1520 5306 invocandum
1553 5262 1692 5316 esse,
1723 5244 1911 5303 dicens
1939 5262 1953 5299 :

384 5332 492 5403 Qui
526 5338 649 5408 fecit
678 5339 865 5393 calum
897 5351 946 5393 et
979 5349 1195 5396 terram.

889 5431 1141 5488 Alleluia.
1168 5430 1483 5487 CXXXIV.
1526 5486 1531 5491 ,
1922 5481 1929 5487 .

456 5520 509 5573 1.
539 5519 776 5576 Laudate
820 5539 1006 5578 nomen
1052 5524 1283 5593 Domini,
1310 5522 1548 5589 laudate,
1580 5523 1735 5589 servi,
1771 5519 1957 5576 Domi-

455 5676 503 5710 ”
527 5674 685 5730 Joan.
721 5693 774 5745 ν,
805 5679 896 5736 ‘55.

2135 4518 2257 4581 λους
2273 4516 2331 4570 δὲ
2345 4517 2539 4580 αὐτοὺς
2556 4515 2726 4581 καλεῖ,
2750 4516 2846 4571 ἁτε
2866 4516 3032 4587 μήπω
3048 4517 3147 4587 τῆς
3168 4513 3442 4577 υἱοθεσίας
3463 4511 3623 4583 ἠξιω-

2135 4610 2350 4683 μένους.
2369 4610 2463 4663 Ἐν
2490 4608 2619 4675 ταῖς
2638 4609 2817 4673 νυξὶν
2842 4606 3097 4676 ἐπάρατε
3117 4606 3221 4672 τὰς
3237 4607 3437 4675 χεῖρας
3459 4602 3621 4673 ὑμῶν

2130 4705 2217 4769 εις
2248 4704 2321 4758 τὰ
2347 4701 2501 4771 ἅγια.
2556 4703 2644 4755 Ἐν
2669 4701 2825 4755 νυκτὶ
2857 4700 2938 4755 ἔτι
2964 4700 3184 4754 ἑστάναι
3215 4696 3413 4761 αὐτούς
3439 4712 3620 4767 φησιν.

2132 4794 2226 4849 are
2274 4793 2348 4867 μὴ
2394 4794 2739 4865 φωτίσματος
2775 4793 2867 4849 τοῦ
2915 4791 3070 4862 ἁγίου
3117 4788 3433 4861 Πνεύματος
3461 4786 3621 4858 ἠξιω-

2133 4886 2347 4957 μένους.

2123 4974 2467 5044 Εὐλογήσαι
2506 4990 2579 5029 σε
2625 4975 2841 5042 Κύριος
2890 4973 2958 5027 ἐκ
3012 4970 3183 5027 Σιών.
3238 4970 3333 5024 Ἐκ
3381 4966 3519 5022 Σιὼν
3567 4965 3619 5019 δι

2060 5082 2225 5137 φησιν
2243 5081 2257 5096 ·
2292 5066 2477 5136 ἐπειδὴ
2507 5065 2601 5119 καὶ
2619 5063 2853 5135 τοῦνομα
2881 5061 3127 5117 ποθεινὸν
3151 5062 3394 5133 ὑπῆρχεν
3420 5059 3619 5120 αὐτοῖς,

2059 5157 2187 5214 ἔνθα
2234 5159 2413 5230 πάσης
2456 5157 2736 5225 ἁγιστείας
2779 5154 3035 5220 ὑπόθεσις
3080 5150 3171 5226 ἦν.
3207 5149 3342 5207 Εἶτα
3384 5151 3616 5206 διδάσκει

2059 5245 2393 5318 πανταχόθεν
2425 5246 2609 5300 καλεῖν
2645 5245 2851 5314 λέγων’
2895 5245 2957 5298 '0
3006 5243 3267 5313 ποιήσας
3314 5241 3424 5296 τὸν
3451 5242 3615 5309 οὐρα-

2057 5335 2168 5391 νὸν
2204 5337 2302 5391 καὶ
2333 5337 2448 5406 τὴν
2475 5336 2612 5407 γῆν.

2555 5426 2927 5491 Ἆλληλούτα.
2955 5428 3090 5480 ΡΑΔ
3116 5466 3129 5479 .

2128 5514 2352 5572 Αινεῖτε
2380 5518 2445 5571 τὸ
2476 5518 2663 5587 ὄνομα
2690 5515 2936 5586 Κυρίου,
2974 5514 3218 5580 αινεῖτε,
3243 5512 3472 5578 δοῦλοι,
3507 5507 3616 5565 Κύ-
