  <div class='ocr_page' id='page_1' title='image "/cluster/home/n/w/nwhite01/storage/ocr_20150623/27/mdp.39015007065769/282.png"; bbox 0 0 3946 6222; ppageno 0'>
   <div class='ocr_carea' id='block_1_1' title="bbox 314 306 420 369">
    <p class='ocr_par' dir='ltr' id='par_1_1' title="bbox 314 306 420 369">
     <span class='ocr_line' id='line_1_1' title="bbox 314 306 420 369; baseline 0 0"><span class='ocrx_word' id='word_1_1' title='bbox 314 306 420 369; x_wconf 67' lang='lat'><strong>9&#39;25</strong></span> 
     </span>
    </p>
   </div>
   <div class='ocr_carea' id='block_1_2' title="bbox 1351 312 2484 371">
    <p class='ocr_par' dir='ltr' id='par_1_2' title="bbox 1351 312 2484 371">
     <span class='ocr_line' id='line_1_2' title="bbox 1351 312 2484 371; baseline 0 -1"><span class='ocrx_word' id='word_1_2' title='bbox 1351 312 1713 371; x_wconf 78' lang='lat' dir='ltr'><strong>EXPOSITIO</strong></span> <span class='ocrx_word' id='word_1_3' title='bbox 1747 313 1815 368; x_wconf 86' lang='lat' dir='ltr'><strong>lN</strong></span> <span class='ocrx_word' id='word_1_4' title='bbox 1857 312 2187 369; x_wconf 76' lang='lat' dir='ltr'><strong>PSALMUM</strong></span> <span class='ocrx_word' id='word_1_5' title='bbox 2226 312 2484 370; x_wconf 82' lang='lat' dir='ltr'><strong>CXXXV.</strong></span> 
     </span>
    </p>
   </div>
   <div class='ocr_carea' id='block_1_3' title="bbox 3428 316 3533 374">
    <p class='ocr_par' dir='ltr' id='par_1_3' title="bbox 3428 316 3533 374">
     <span class='ocr_line' id='line_1_3' title="bbox 3428 316 3533 374; baseline 0 -1"><span class='ocrx_word' id='word_1_6' title='bbox 3428 316 3533 374; x_wconf 65' lang='grc' dir='ltr'>διο</span> 
     </span>
    </p>
   </div>
   <div class='ocr_carea' id='block_1_4' title="bbox 316 416 1859 496">
    <p class='ocr_par' dir='ltr' id='par_1_4' title="bbox 316 416 1843 496">
     <span class='ocr_line' id='line_1_4' title="bbox 316 416 1843 496; baseline -0.002 -17"><span class='ocrx_word' id='word_1_7' title='bbox 316 442 461 495; x_wconf 76' lang='lat' dir='ltr'><strong>pter.</strong></span> <span class='ocrx_word' id='word_1_8' title='bbox 500 424 621 479; x_wconf 79' lang='grc' dir='ltr'><strong>Ἔτι</strong></span> <span class='ocrx_word' id='word_1_9' title='bbox 647 423 740 478; x_wconf 83' lang='grc' dir='ltr'>καὶ</span> <span class='ocrx_word' id='word_1_10' title='bbox 770 416 922 487; x_wconf 73' lang='grc' dir='ltr'>οὗτος</span> <span class='ocrx_word' id='word_1_11' title='bbox 952 426 1062 488; x_wconf 87' lang='grc' dir='ltr'>τοῖς</span> <span class='ocrx_word' id='word_1_12' title='bbox 1086 425 1456 496; x_wconf 81' lang='grc' dir='ltr'><strong>εἰσαγομένοις</strong></span> <span class='ocrx_word' id='word_1_13' title='bbox 1486 425 1701 494; x_wconf 80' lang='grc' dir='ltr'>λέγεται</span> <span class='ocrx_word' id='word_1_14' title='bbox 1735 423 1843 495; x_wconf 76' lang='grc' dir='ltr'><strong>ψαλ</strong></span> 
     </span>
    </p>
   </div>
   <div class='ocr_carea' id='block_1_5' title="bbox 1972 416 3533 496">
    <p class='ocr_par' dir='ltr' id='par_1_5' title="bbox 1976 422 3533 496">
     <span class='ocr_line' id='line_1_5' title="bbox 1976 422 3533 496; baseline 0.007 -19"><span class='ocrx_word' id='word_1_15' title='bbox 1976 438 2118 478; x_wconf 89' lang='lat' dir='ltr'><strong>num.</strong></span> <span class='ocrx_word' id='word_1_16' title='bbox 2160 422 2260 481; x_wconf 77' lang='lat' dir='ltr'><strong>llic</strong></span> <span class='ocrx_word' id='word_1_17' title='bbox 2287 439 2502 496; x_wconf 91' lang='lat' dir='ltr'><strong>quoque</strong></span> <span class='ocrx_word' id='word_1_18' title='bbox 2542 424 2782 496; x_wconf 86' lang='lat' dir='ltr'><strong>psalmus</strong></span> <span class='ocrx_word' id='word_1_19' title='bbox 2827 423 3051 480; x_wconf 71' lang='lat' dir='ltr'><strong>initiatis</strong></span> <span class='ocrx_word' id='word_1_20' title='bbox 3084 424 3533 494; x_wconf 81' lang='lat' dir='ltr'><strong>dicitur,.jubens</strong></span> 
     </span>
    </p>
   </div>
   <div class='ocr_carea' id='block_1_6' title="bbox 317 512 1872 586">
    <p class='ocr_par' dir='ltr' id='par_1_6' title="bbox 317 512 1872 586">
     <span class='ocr_line' id='line_1_6' title="bbox 317 512 1872 586; baseline -0.001 -19"><span class='ocrx_word' id='word_1_21' title='bbox 317 516 439 581; x_wconf 70' lang='grc' dir='ltr'>μὸς,</span> <span class='ocrx_word' id='word_1_22' title='bbox 488 515 1014 586; x_wconf 75' lang='grc' dir='ltr'><strong>παρακελευόμενος,</strong></span> <span class='ocrx_word' id='word_1_23' title='bbox 1049 515 1255 567; x_wconf 73' lang='grc' dir='ltr'>Αἰνεῖτε</span> <span class='ocrx_word' id='word_1_24' title='bbox 1308 514 1401 568; x_wconf 80' lang='grc' dir='ltr'><strong>τὸν</strong></span> <span class='ocrx_word' id='word_1_25' title='bbox 1442 515 1595 569; x_wconf 87' lang='grc' dir='ltr'>Θεόν.</span> <span class='ocrx_word' id='word_1_26' title='bbox 1640 514 1714 567; x_wconf 83' lang='grc' dir='ltr'>Τὸ</span> <span class='ocrx_word' id='word_1_27' title='bbox 1741 512 1872 584; x_wconf 82' lang='grc' dir='ltr'><strong>γάρ,</strong></span> 
     </span>
    </p>
   </div>
   <div class='ocr_carea' id='block_1_7' title="bbox 315 603 1875 678">
    <p class='ocr_par' dir='ltr' id='par_1_7' title="bbox 315 603 1875 678">
     <span class='ocr_line' id='line_1_7' title="bbox 315 603 1875 678; baseline -0.002 -17"><span class='ocrx_word' id='word_1_28' title='bbox 315 606 611 674; x_wconf 63' lang='grc' dir='ltr'>άλλη-ποὺ,</span> <span class='ocrx_word' id='word_1_29' title='bbox 653 604 1028 678; x_wconf 76' lang='grc' dir='ltr'>ἑρμηνεύεται,</span> <span class='ocrx_word' id='word_1_30' title='bbox 1056 603 1295 670; x_wconf 77' lang='grc' dir='ltr'>αινεῖτε,</span> <span class='ocrx_word' id='word_1_31' title='bbox 1322 605 1383 659; x_wconf 81' lang='grc' dir='ltr'><strong>τὸ</strong></span> <span class='ocrx_word' id='word_1_32' title='bbox 1410 604 1488 672; x_wconf 82' lang='grc' dir='ltr'><strong>δὲ,</strong></span> <span class='ocrx_word' id='word_1_33' title='bbox 1517 605 1598 671; x_wconf 81' lang='grc' dir='ltr'>τα,</span> <span class='ocrx_word' id='word_1_34' title='bbox 1628 604 1722 659; x_wconf 79' lang='grc' dir='ltr'>τὸν</span> <span class='ocrx_word' id='word_1_35' title='bbox 1760 606 1875 660; x_wconf 85' lang='grc' dir='ltr'><strong>Κύ-</strong></span> 
     </span>
    </p>
   </div>
   <div class='ocr_carea' id='block_1_8' title="bbox 318 713 449 769">
    <p class='ocr_par' dir='ltr' id='par_1_8' title="bbox 318 713 449 769">
     <span class='ocr_line' id='line_1_8' title="bbox 318 713 449 769; baseline 0.008 -19"><span class='ocrx_word' id='word_1_36' title='bbox 318 713 449 769; x_wconf 87' lang='grc' dir='ltr'>ριον.</span> 
     </span>
    </p>
   </div>
   <div class='ocr_carea' id='block_1_9' title="bbox 382 785 1872 859">
    <p class='ocr_par' dir='ltr' id='par_1_9' title="bbox 382 785 1872 859">
     <span class='ocr_line' id='line_1_9' title="bbox 382 785 1872 859; baseline -0.002 -16"><span class='ocrx_word' id='word_1_37' title='bbox 382 790 610 843; x_wconf 69' lang='lat' dir='ltr'><strong>Atr-sits</strong></span> <span class='ocrx_word' id='word_1_38' title='bbox 633 787 738 842; x_wconf 78' lang='grc' dir='ltr'>τὸν</span> <span class='ocrx_word' id='word_1_39' title='bbox 773 788 1015 856; x_wconf 80' lang='grc' dir='ltr'>Κύριον,</span> <span class='ocrx_word' id='word_1_40' title='bbox 1059 787 1149 843; x_wconf 86' lang='grc' dir='ltr'>ὅτι</span> <span class='ocrx_word' id='word_1_41' title='bbox 1192 788 1410 859; x_wconf 75' lang='grc' dir='ltr'>ἀγαθὸς</span> <span class='ocrx_word' id='word_1_42' title='bbox 1458 787 1712 857; x_wconf 80' lang='grc' dir='ltr'>Κύριος·</span> <span class='ocrx_word' id='word_1_43' title='bbox 1756 785 1872 857; x_wconf 50' lang='lat' dir='ltr'><strong>uti.</strong></span> 
     </span>
    </p>
   </div>
   <div class='ocr_carea' id='block_1_10' title="bbox 315 879 1871 949">
    <p class='ocr_par' dir='ltr' id='par_1_10' title="bbox 315 879 1871 949">
     <span class='ocr_line' id='line_1_10' title="bbox 315 879 1871 949; baseline -0.001 -15"><span class='ocrx_word' id='word_1_44' title='bbox 315 882 458 934; x_wconf 69' lang='grc' dir='ltr'>λατε</span> <span class='ocrx_word' id='word_1_45' title='bbox 493 879 575 946; x_wconf 82' lang='grc' dir='ltr'>τῷ</span> <span class='ocrx_word' id='word_1_46' title='bbox 604 881 843 949; x_wconf 82' lang='grc' dir='ltr'>ὀνόματι</span> <span class='ocrx_word' id='word_1_47' title='bbox 888 880 1094 944; x_wconf 84' lang='grc' dir='ltr'>αὑτοῦ,</span> <span class='ocrx_word' id='word_1_48' title='bbox 1128 880 1217 934; x_wconf 82' lang='grc' dir='ltr'>ὅτι</span> <span class='ocrx_word' id='word_1_49' title='bbox 1257 882 1466 935; x_wconf 77' lang='grc' dir='ltr'>καλόν.</span> <span class='ocrx_word' id='word_1_50' title='bbox 1506 881 1741 934; x_wconf 76' lang='grc' dir='ltr'>Ψάλλειν</span> <span class='ocrx_word' id='word_1_51' title='bbox 1772 882 1871 933; x_wconf 79' lang='grc' dir='ltr'>αὑ-</span> 
     </span>
    </p>
   </div>
   <div class='ocr_carea' id='block_1_11' title="bbox 312 965 1870 1043">
    <p class='ocr_par' dir='ltr' id='par_1_11' title="bbox 312 965 1870 1043">
     <span class='ocr_line' id='line_1_11' title="bbox 312 965 1870 1043; baseline -0.001 -18"><span class='ocrx_word' id='word_1_52' title='bbox 312 971 440 1034; x_wconf 74' lang='grc' dir='ltr'>τοὺς</span> <span class='ocrx_word' id='word_1_53' title='bbox 494 971 876 1043; x_wconf 82' lang='grc' dir='ltr'><strong>προτρέπεται,</strong></span> <span class='ocrx_word' id='word_1_54' title='bbox 916 971 1006 1041; x_wconf 79' lang='grc' dir='ltr'>ἀφ’</span> <span class='ocrx_word' id='word_1_55' title='bbox 1061 965 1137 1025; x_wconf 80' lang='grc' dir='ltr'>ὧν</span> <span class='ocrx_word' id='word_1_56' title='bbox 1182 971 1281 1043; x_wconf 57' lang='grc' dir='ltr'><strong>ἤδη</strong></span> <span class='ocrx_word' id='word_1_57' title='bbox 1326 972 1420 1024; x_wconf 72' lang='grc' dir='ltr'><strong>καὶ</strong></span> <span class='ocrx_word' id='word_1_58' title='bbox 1461 971 1646 1043; x_wconf 71' lang='grc' dir='ltr'>ἕτερον</span> <span class='ocrx_word' id='word_1_59' title='bbox 1683 974 1741 1024; x_wconf 81' lang='grc' dir='ltr'>ὲν</span> <span class='ocrx_word' id='word_1_60' title='bbox 1775 971 1870 1023; x_wconf 79' lang='lat' dir='ltr'><strong>Al-</strong></span> 
     </span>
    </p>
   </div>
   <div class='ocr_carea' id='block_1_12' title="bbox 315 1060 1869 1137">
    <p class='ocr_par' dir='ltr' id='par_1_12' title="bbox 315 1060 1869 1137">
     <span class='ocr_line' id='line_1_12' title="bbox 315 1060 1869 1137; baseline 0.001 -21"><span class='ocrx_word' id='word_1_61' title='bbox 315 1062 506 1132; x_wconf 78' lang='grc' dir='ltr'>γύπτῳ</span> <span class='ocrx_word' id='word_1_62' title='bbox 535 1064 1100 1137; x_wconf 83' lang='grc' dir='ltr'>εἰδωλολατρήσαντες.</span> <span class='ocrx_word' id='word_1_63' title='bbox 1131 1060 1287 1119; x_wconf 75' lang='grc' dir='ltr'>Οὗτοι</span> <span class='ocrx_word' id='word_1_64' title='bbox 1323 1065 1380 1118; x_wconf 73' lang='grc' dir='ltr'><strong>δὲ</strong></span> <span class='ocrx_word' id='word_1_65' title='bbox 1411 1060 1549 1136; x_wconf 82' lang='grc' dir='ltr'>ἦσαν</span> <span class='ocrx_word' id='word_1_66' title='bbox 1581 1065 1630 1117; x_wconf 84' lang='grc' dir='ltr'>οἱ</span> <span class='ocrx_word' id='word_1_67' title='bbox 1664 1064 1721 1132; x_wconf 74' lang='grc' dir='ltr'><strong>ἐξ</strong></span> <span class='ocrx_word' id='word_1_68' title='bbox 1764 1064 1869 1117; x_wconf 86' lang='grc' dir='ltr'>ἰα-</span> 
     </span>
    </p>
   </div>
   <div class='ocr_carea' id='block_1_13' title="bbox 315 1152 1869 1229">
    <p class='ocr_par' dir='ltr' id='par_1_13' title="bbox 315 1152 1869 1229">
     <span class='ocr_line' id='line_1_13' title="bbox 315 1152 1869 1229; baseline 0.001 -22"><span class='ocrx_word' id='word_1_69' title='bbox 315 1152 451 1210; x_wconf 82' lang='grc' dir='ltr'>κὼϐ.</span> <span class='ocrx_word' id='word_1_70' title='bbox 489 1156 820 1226; x_wconf 81' lang='grc' dir='ltr'>Ἐκλήθησαν</span> <span class='ocrx_word' id='word_1_71' title='bbox 843 1156 899 1210; x_wconf 79' lang='grc' dir='ltr'><strong>δὲ</strong></span> <span class='ocrx_word' id='word_1_72' title='bbox 929 1159 1008 1221; x_wconf 70' lang='grc' dir='ltr'>εἰς</span> <span class='ocrx_word' id='word_1_73' title='bbox 1032 1157 1092 1211; x_wconf 83' lang='grc' dir='ltr'><strong>τὸ</strong></span> <span class='ocrx_word' id='word_1_74' title='bbox 1108 1157 1294 1229; x_wconf 82' lang='grc' dir='ltr'>ὑμνεῖν</span> <span class='ocrx_word' id='word_1_75' title='bbox 1316 1156 1406 1209; x_wconf 81' lang='grc' dir='ltr'><strong>τὸν</strong></span> <span class='ocrx_word' id='word_1_76' title='bbox 1430 1155 1581 1209; x_wconf 86' lang='grc' dir='ltr'>Θεόν.</span> <span class='ocrx_word' id='word_1_77' title='bbox 1623 1154 1869 1224; x_wconf 76' lang='grc' dir='ltr'>Ἰσραὴλ</span> 
     </span>
    </p>
   </div>
   <div class='ocr_carea' id='block_1_14' title="bbox 316 1245 1870 1320">
    <p class='ocr_par' dir='ltr' id='par_1_14' title="bbox 316 1245 1870 1320">
     <span class='ocr_line' id='line_1_14' title="bbox 316 1245 1870 1320; baseline 0.001 -21"><span class='ocrx_word' id='word_1_78' title='bbox 316 1248 404 1311; x_wconf 81' lang='grc' dir='ltr'>εὶς</span> <span class='ocrx_word' id='word_1_79' title='bbox 431 1247 903 1318; x_wconf 76' lang='grc' dir='ltr'>περιουσιασμὸν</span> <span class='ocrx_word' id='word_1_80' title='bbox 928 1246 1137 1313; x_wconf 77' lang='grc' dir='ltr'>ἑαυτῷ.</span> <span class='ocrx_word' id='word_1_81' title='bbox 1194 1247 1336 1300; x_wconf 78' lang='grc' dir='ltr'>Ἀντὶ</span> <span class='ocrx_word' id='word_1_82' title='bbox 1364 1245 1477 1312; x_wconf 81' lang='grc' dir='ltr'>τοῦ,</span> <span class='ocrx_word' id='word_1_83' title='bbox 1507 1246 1810 1320; x_wconf 74' lang='grc' dir='ltr'>ἐξαίρετον·</span> <span class='ocrx_word' id='word_1_84' title='bbox 1840 1249 1870 1300; x_wconf 85' lang='grc' dir='ltr'>ὁ</span> 
     </span>
    </p>
   </div>
   <div class='ocr_carea' id='block_1_15' title="bbox 314 1336 1365 1411">
    <p class='ocr_par' dir='ltr' id='par_1_15' title="bbox 314 1336 1365 1411">
     <span class='ocr_line' id='line_1_15' title="bbox 314 1336 1365 1411; baseline 0.001 -19"><span class='ocrx_word' id='word_1_85' title='bbox 314 1337 424 1409; x_wconf 80' lang='grc' dir='ltr'>γὰρ</span> <span class='ocrx_word' id='word_1_86' title='bbox 454 1336 756 1409; x_wconf 83' lang='grc' dir='ltr'>διορατικὸς</span> <span class='ocrx_word' id='word_1_87' title='bbox 790 1339 912 1403; x_wconf 83' lang='grc' dir='ltr'>νοῦς</span> <span class='ocrx_word' id='word_1_88' title='bbox 945 1342 1089 1393; x_wconf 77' lang='grc' dir='ltr'>ἐστιν</span> <span class='ocrx_word' id='word_1_89' title='bbox 1132 1339 1365 1411; x_wconf 83' lang='grc' dir='ltr'>Ἰσραήλ.</span> 
     </span>
    </p>
   </div>
   <div class='ocr_carea' id='block_1_16' title="bbox 377 1430 1867 1504">
    <p class='ocr_par' dir='ltr' id='par_1_16' title="bbox 377 1430 1867 1504">
     <span class='ocr_line' id='line_1_16' title="bbox 377 1430 1867 1504; baseline 0 -20"><span class='ocrx_word' id='word_1_90' title='bbox 377 1430 500 1485; x_wconf 79' lang='grc' dir='ltr'>Ὀτι</span> <span class='ocrx_word' id='word_1_91' title='bbox 526 1430 642 1502; x_wconf 67' lang='grc' dir='ltr'><strong>ἐγὼ</strong></span> <span class='ocrx_word' id='word_1_92' title='bbox 667 1432 878 1503; x_wconf 72' lang='grc' dir='ltr'>ἔγνων,</span> <span class='ocrx_word' id='word_1_93' title='bbox 912 1433 1001 1487; x_wconf 83' lang='grc' dir='ltr'>ὅτι</span> <span class='ocrx_word' id='word_1_94' title='bbox 1036 1432 1222 1504; x_wconf 76' lang='grc' dir='ltr'>μέγας</span> <span class='ocrx_word' id='word_1_95' title='bbox 1263 1431 1500 1501; x_wconf 79' lang='grc' dir='ltr'>Κύριος,</span> <span class='ocrx_word' id='word_1_96' title='bbox 1534 1432 1631 1486; x_wconf 80' lang='grc' dir='ltr'>καὶ</span> <span class='ocrx_word' id='word_1_97' title='bbox 1673 1436 1705 1487; x_wconf 85' lang='grc' dir='ltr'><strong>ό</strong></span> <span class='ocrx_word' id='word_1_98' title='bbox 1750 1430 1867 1485; x_wconf 82' lang='grc' dir='ltr'><strong>Κύ-</strong></span> 
     </span>
    </p>
   </div>
   <div class='ocr_carea' id='block_1_17' title="bbox 299 1521 1870 1595">
    <p class='ocr_par' dir='ltr' id='par_1_17' title="bbox 299 1521 1870 1595">
     <span class='ocr_line' id='line_1_17' title="bbox 299 1521 1870 1595; baseline 0.001 -20"><span class='ocrx_word' id='word_1_99' title='bbox 299 1537 431 1589; x_wconf 86' lang='grc' dir='ltr'>ριος</span> <span class='ocrx_word' id='word_1_100' title='bbox 455 1521 626 1591; x_wconf 71' lang='grc' dir='ltr'><strong>ἡμῶν</strong></span> <span class='ocrx_word' id='word_1_101' title='bbox 654 1523 813 1593; x_wconf 82' lang='grc' dir='ltr'>παρὰ</span> <span class='ocrx_word' id='word_1_102' title='bbox 836 1524 1065 1591; x_wconf 73' lang='grc' dir='ltr'>πάντας</span> <span class='ocrx_word' id='word_1_103' title='bbox 1092 1524 1231 1590; x_wconf 87' lang='grc' dir='ltr'>τοὺς</span> <span class='ocrx_word' id='word_1_104' title='bbox 1270 1525 1464 1590; x_wconf 83' lang='grc' dir='ltr'>θεούς.</span> <span class='ocrx_word' id='word_1_105' title='bbox 1497 1524 1628 1577; x_wconf 82' lang='grc' dir='ltr'>Ἀπὸ</span> <span class='ocrx_word' id='word_1_106' title='bbox 1654 1524 1751 1593; x_wconf 86' lang='grc' dir='ltr'>τῆς</span> <span class='ocrx_word' id='word_1_107' title='bbox 1781 1523 1870 1595; x_wconf 76' lang='grc' dir='ltr'><strong>δη-</strong></span> 
     </span>
    </p>
   </div>
   <div class='ocr_carea' id='block_1_18' title="bbox 308 1616 1654 1690">
    <p class='ocr_par' dir='ltr' id='par_1_18' title="bbox 308 1616 1654 1690">
     <span class='ocr_line' id='line_1_18' title="bbox 308 1616 1654 1690; baseline 0.001 -21"><span class='ocrx_word' id='word_1_108' title='bbox 308 1616 637 1687; x_wconf 80' lang='grc' dir='ltr'>μιουργικῆς</span> <span class='ocrx_word' id='word_1_109' title='bbox 665 1617 946 1687; x_wconf 84' lang='grc' dir='ltr'>δυνάμεως</span> <span class='ocrx_word' id='word_1_110' title='bbox 964 1617 1201 1687; x_wconf 73' lang='grc' dir='ltr'>ἔγνωκεν</span> <span class='ocrx_word' id='word_1_111' title='bbox 1234 1617 1396 1670; x_wconf 82' lang='grc' dir='ltr'>αὐτὸν</span> <span class='ocrx_word' id='word_1_112' title='bbox 1431 1616 1654 1690; x_wconf 80' lang='grc' dir='ltr'>Κύριον.</span> 
     </span>
    </p>
   </div>
   <div class='ocr_carea' id='block_1_19' title="bbox 384 1708 1863 1778">
    <p class='ocr_par' dir='ltr' id='par_1_19' title="bbox 384 1708 1863 1778">
     <span class='ocr_line' id='line_1_19' title="bbox 384 1708 1863 1778; baseline 0 -16"><span class='ocrx_word' id='word_1_113' title='bbox 384 1710 483 1762; x_wconf 82' lang='grc' dir='ltr'>Ἐν</span> <span class='ocrx_word' id='word_1_114' title='bbox 514 1708 642 1775; x_wconf 85' lang='grc' dir='ltr'>ταῖς</span> <span class='ocrx_word' id='word_1_115' title='bbox 678 1708 1015 1778; x_wconf 63' lang='grc' dir='ltr'>θαλάσσαις</span> <span class='ocrx_word' id='word_1_116' title='bbox 1047 1712 1143 1765; x_wconf 75' lang='grc' dir='ltr'>καὶ</span> <span class='ocrx_word' id='word_1_117' title='bbox 1183 1710 1252 1765; x_wconf 85' lang='grc' dir='ltr'>ἐν</span> <span class='ocrx_word' id='word_1_118' title='bbox 1288 1708 1512 1777; x_wconf 79' lang='grc' dir='ltr'><strong>πάσαις</strong></span> <span class='ocrx_word' id='word_1_119' title='bbox 1552 1711 1863 1777; x_wconf 82' lang='grc' dir='ltr'>ἁϐύσσοις.</span> 
     </span>
    </p>
   </div>
   <div class='ocr_carea' id='block_1_20' title="bbox 1974 512 3535 587">
    <p class='ocr_par' dir='ltr' id='par_1_20' title="bbox 1974 512 3535 587">
     <span class='ocr_line' id='line_1_20' title="bbox 1974 512 3535 587; baseline 0.006 -20"><span class='ocrx_word' id='word_1_120' title='bbox 1974 512 2193 568; x_wconf 88' lang='lat' dir='ltr'><strong>laudare</strong></span> <span class='ocrx_word' id='word_1_121' title='bbox 2215 513 2407 570; x_wconf 90' lang='lat' dir='ltr'><strong>Deum.</strong></span> <span class='ocrx_word' id='word_1_122' title='bbox 2433 512 2567 570; x_wconf 88' lang='lat' dir='ltr'><strong>Nam</strong></span> <span class='ocrx_word' id='word_1_123' title='bbox 2599 516 2751 582; x_wconf 90' lang='lat' dir='ltr'><strong>illud,</strong></span> <span class='ocrx_word' id='word_1_124' title='bbox 2779 515 2961 581; x_wconf 88' lang='lat' dir='ltr'><strong>allelu,</strong></span> <span class='ocrx_word' id='word_1_125' title='bbox 2986 518 3390 587; x_wconf 84' lang='lat' dir='ltr'><strong>interpretatur,</strong></span> <span class='ocrx_word' id='word_1_126' title='bbox 3416 520 3535 576; x_wconf 87' lang='lat' dir='ltr'><strong>lau-</strong></span> 
     </span>
    </p>
   </div>
   <div class='ocr_carea' id='block_1_21' title="bbox 1973 604 2952 675">
    <p class='ocr_par' dir='ltr' id='par_1_21' title="bbox 1973 604 2952 675">
     <span class='ocr_line' id='line_1_21' title="bbox 1973 604 2952 675; baseline 0.002 -16"><span class='ocrx_word' id='word_1_127' title='bbox 1973 604 2117 672; x_wconf 88' lang='lat' dir='ltr'><strong>date,</strong></span> <span class='ocrx_word' id='word_1_128' title='bbox 2150 606 2281 662; x_wconf 88' lang='lat' dir='ltr'><strong>illud</strong></span> <span class='ocrx_word' id='word_1_129' title='bbox 2300 617 2507 675; x_wconf 86' lang='lat' dir='ltr'><strong>autem,</strong></span> <span class='ocrx_word' id='word_1_130' title='bbox 2536 607 2613 674; x_wconf 90' lang='lat' dir='ltr'><strong>ia,</strong></span> <span class='ocrx_word' id='word_1_131' title='bbox 2644 606 2952 663; x_wconf 86' lang='lat' dir='ltr'><strong>Dominum.</strong></span> 
     </span>
    </p>
   </div>
   <div class='ocr_carea' id='block_1_22' title="bbox 1980 762 3531 864">
    <p class='ocr_par' dir='ltr' id='par_1_22' title="bbox 1980 762 3531 864">
     <span class='ocr_line' id='line_1_22' title="bbox 1980 762 3531 864; baseline 0.005 -26"><span class='ocrx_word' id='word_1_132' title='bbox 1980 762 1988 771; x_wconf 39' lang='lat'><em>.</em></span> <span class='ocrx_word' id='word_1_133' title='bbox 2041 786 2093 839; x_wconf 79' lang='grc'>5.</span> <span class='ocrx_word' id='word_1_134' title='bbox 2122 784 2362 841; x_wconf 86' lang='lat' dir='ltr'><strong>Laudate</strong></span> <span class='ocrx_word' id='word_1_135' title='bbox 2395 786 2692 851; x_wconf 85' lang='lat' dir='ltr'><strong>Dominum,</strong></span> <span class='ocrx_word' id='word_1_136' title='bbox 2724 790 2849 859; x_wconf 66' lang='lat' dir='ltr'><strong>quia</strong></span> <span class='ocrx_word' id='word_1_137' title='bbox 2875 791 3036 844; x_wconf 88' lang='lat' dir='ltr'><strong>bonus</strong></span> <span class='ocrx_word' id='word_1_138' title='bbox 3068 791 3319 847; x_wconf 79' lang='lat' dir='ltr'><strong>Dominus</strong></span> <span class='ocrx_word' id='word_1_139' title='bbox 3338 808 3357 847; x_wconf 88' lang='lat'><strong><em>:</em></strong></span> <span class='ocrx_word' id='word_1_140' title='bbox 3380 794 3531 864; x_wconf 83' lang='lat' dir='ltr'><strong>psal-</strong></span> 
     </span>
    </p>
   </div>
   <div class='ocr_carea' id='block_1_23' title="bbox 1969 875 3532 950">
    <p class='ocr_par' dir='ltr' id='par_1_23' title="bbox 1969 875 3532 950">
     <span class='ocr_line' id='line_1_23' title="bbox 1969 875 3532 950; baseline 0.008 -21"><span class='ocrx_word' id='word_1_141' title='bbox 1969 875 2061 929; x_wconf 90' lang='lat' dir='ltr'><strong>lite</strong></span> <span class='ocrx_word' id='word_1_142' title='bbox 2106 878 2305 932; x_wconf 81' lang='lat' dir='ltr'><strong>nomini</strong></span> <span class='ocrx_word' id='word_1_143' title='bbox 2350 878 2464 948; x_wconf 87' lang='lat' dir='ltr'><strong>ejus</strong></span> <span class='ocrx_word' id='word_1_144' title='bbox 2509 880 2757 950; x_wconf 89' lang='lat' dir='ltr'><strong>quoniam</strong></span> <span class='ocrx_word' id='word_1_145' title='bbox 2808 897 2983 937; x_wconf 89' lang='lat' dir='ltr'><strong>suave.</strong></span> <span class='ocrx_word' id='word_1_146' title='bbox 3024 882 3283 939; x_wconf 83' lang='lat' dir='ltr'><strong>Hortatur</strong></span> <span class='ocrx_word' id='word_1_147' title='bbox 3319 901 3415 941; x_wconf 87' lang='lat' dir='ltr'><strong>eos</strong></span> <span class='ocrx_word' id='word_1_148' title='bbox 3464 886 3532 941; x_wconf 87' lang='lat' dir='ltr'><strong>ad</strong></span> 
     </span>
    </p>
   </div>
   <div class='ocr_carea' id='block_1_24' title="bbox 1968 969 3531 1043">
    <p class='ocr_par' dir='ltr' id='par_1_24' title="bbox 1968 969 3531 1043">
     <span class='ocr_line' id='line_1_24' title="bbox 1968 969 3531 1043; baseline 0.006 -20"><span class='ocrx_word' id='word_1_149' title='bbox 1968 969 2330 1037; x_wconf 90' lang='lat' dir='ltr'><strong>psallendum,</strong></span> <span class='ocrx_word' id='word_1_150' title='bbox 2362 971 2456 1040; x_wconf 89' lang='lat' dir='ltr'><strong>qui</strong></span> <span class='ocrx_word' id='word_1_151' title='bbox 2493 971 2620 1025; x_wconf 88' lang='lat' dir='ltr'><strong>olim</strong></span> <span class='ocrx_word' id='word_1_152' title='bbox 2657 971 2709 1025; x_wconf 88' lang='lat' dir='ltr'><strong>in</strong></span> <span class='ocrx_word' id='word_1_153' title='bbox 2741 970 2974 1043; x_wconf 67' lang='lat' dir='ltr'><strong>Egypto</strong></span> <span class='ocrx_word' id='word_1_154' title='bbox 3017 974 3333 1032; x_wconf 68' lang='lat' dir='ltr'><strong>idololatriae</strong></span> <span class='ocrx_word' id='word_1_155' title='bbox 3363 977 3531 1032; x_wconf 89' lang='lat' dir='ltr'><strong>dediti</strong></span> 
     </span>
    </p>
   </div>
   <div class='ocr_carea' id='block_1_25' title="bbox 1969 1057 3529 1135">
    <p class='ocr_par' dir='ltr' id='par_1_25' title="bbox 1969 1057 3529 1135">
     <span class='ocr_line' id='line_1_25' title="bbox 1969 1057 3529 1135; baseline 0.008 -23"><span class='ocrx_word' id='word_1_156' title='bbox 1969 1057 2201 1114; x_wconf 77' lang='lat' dir='ltr'><strong>fuerant.</strong></span> <span class='ocrx_word' id='word_1_157' title='bbox 2229 1058 2293 1114; x_wconf 85' lang='lat' dir='ltr'><strong>lli</strong></span> <span class='ocrx_word' id='word_1_158' title='bbox 2315 1071 2492 1116; x_wconf 88' lang='lat' dir='ltr'><strong>autem</strong></span> <span class='ocrx_word' id='word_1_159' title='bbox 2525 1072 2681 1118; x_wconf 89' lang='lat' dir='ltr'><strong>erant</strong></span> <span class='ocrx_word' id='word_1_160' title='bbox 2705 1062 2890 1120; x_wconf 80' lang='lat' dir='ltr'><strong>Jacobi</strong></span> <span class='ocrx_word' id='word_1_161' title='bbox 2925 1068 3144 1135; x_wconf 82' lang='lat' dir='ltr'><strong>posteri.</strong></span> <span class='ocrx_word' id='word_1_162' title='bbox 3177 1066 3364 1123; x_wconf 83' lang='lat' dir='ltr'><strong>Vocati</strong></span> <span class='ocrx_word' id='word_1_163' title='bbox 3401 1080 3529 1125; x_wconf 86' lang='lat' dir='ltr'><strong>sunt</strong></span> 
     </span>
    </p>
   </div>
   <div class='ocr_carea' id='block_1_26' title="bbox 1969 1150 3528 1229">
    <p class='ocr_par' dir='ltr' id='par_1_26' title="bbox 1969 1150 3528 1229">
     <span class='ocr_line' id='line_1_26' title="bbox 1969 1150 3528 1229; baseline 0.007 -28"><span class='ocrx_word' id='word_1_164' title='bbox 1969 1158 2146 1204; x_wconf 87' lang='lat' dir='ltr'><strong>autem</strong></span> <span class='ocrx_word' id='word_1_165' title='bbox 2173 1150 2240 1206; x_wconf 91' lang='lat' dir='ltr'><strong>ad</strong></span> <span class='ocrx_word' id='word_1_166' title='bbox 2263 1151 2430 1205; x_wconf 90' lang='lat' dir='ltr'><strong>Deum</strong></span> <span class='ocrx_word' id='word_1_167' title='bbox 2455 1151 2671 1224; x_wconf 84' lang='lat' dir='ltr'><strong>hymnis</strong></span> <span class='ocrx_word' id='word_1_168' title='bbox 2701 1154 3105 1213; x_wconf 87' lang='lat' dir='ltr'><strong>celebrandum.</strong></span> <span class='ocrx_word' id='word_1_169' title='bbox 3134 1155 3306 1211; x_wconf 84' lang='lat' dir='ltr'><strong>Israel</strong></span> <span class='ocrx_word' id='word_1_170' title='bbox 3331 1158 3385 1211; x_wconf 87' lang='lat' dir='ltr'><strong>in</strong></span> <span class='ocrx_word' id='word_1_171' title='bbox 3404 1174 3528 1229; x_wconf 86' lang='lat' dir='ltr'><strong>pos-</strong></span> 
     </span>
    </p>
   </div>
   <div class='ocr_carea' id='block_1_27' title="bbox 1969 1243 3530 1322">
    <p class='ocr_par' dir='ltr' id='par_1_27' title="bbox 1969 1243 3530 1322">
     <span class='ocr_line' id='line_1_27' title="bbox 1969 1243 3530 1322; baseline 0.008 -27"><span class='ocrx_word' id='word_1_172' title='bbox 1969 1243 2246 1298; x_wconf 75' lang='lat' dir='ltr'><strong>sessionem</strong></span> <span class='ocrx_word' id='word_1_173' title='bbox 2285 1245 2407 1300; x_wconf 83' lang='lat' dir='ltr'><strong>sibi.</strong></span> <span class='ocrx_word' id='word_1_174' title='bbox 2464 1244 2632 1312; x_wconf 83' lang='lat' dir='ltr'><strong><em>Quasi</em></strong></span> <span class='ocrx_word' id='word_1_175' title='bbox 2684 1247 2866 1307; x_wconf 83' lang='lat' dir='ltr'><strong>dicat.</strong></span> <span class='ocrx_word' id='word_1_176' title='bbox 2921 1248 3193 1317; x_wconf 88' lang='lat' dir='ltr'><strong>electum;</strong></span> <span class='ocrx_word' id='word_1_177' title='bbox 3244 1251 3530 1322; x_wconf 74' lang='lat' dir='ltr'><strong>perspicax</strong></span> 
     </span>
    </p>
   </div>
   <div class='ocr_carea' id='block_1_28' title="bbox 1968 1334 2619 1393">
    <p class='ocr_par' dir='ltr' id='par_1_28' title="bbox 1968 1334 2619 1393">
     <span class='ocr_line' id='line_1_28' title="bbox 1968 1334 2619 1393; baseline 0.008 -7"><span class='ocrx_word' id='word_1_178' title='bbox 1968 1334 2111 1388; x_wconf 88' lang='lat' dir='ltr'><strong>enim</strong></span> <span class='ocrx_word' id='word_1_179' title='bbox 2146 1351 2300 1391; x_wconf 89' lang='lat' dir='ltr'><strong>mens</strong></span> <span class='ocrx_word' id='word_1_180' title='bbox 2324 1336 2487 1392; x_wconf 90' lang='lat' dir='ltr'><strong>lsracl</strong></span> <span class='ocrx_word' id='word_1_181' title='bbox 2517 1347 2619 1393; x_wconf 89' lang='lat' dir='ltr'><strong>cst.</strong></span> 
     </span>
    </p>
   </div>
   <div class='ocr_carea' id='block_1_29' title="bbox 2037 1425 3529 1504">
    <p class='ocr_par' dir='ltr' id='par_1_29' title="bbox 2037 1425 3529 1504">
     <span class='ocr_line' id='line_1_29' title="bbox 2037 1425 3529 1504; baseline 0.007 -25"><span class='ocrx_word' id='word_1_182' title='bbox 2037 1425 2090 1479; x_wconf 82' lang='lat'><strong>5.</strong></span> <span class='ocrx_word' id='word_1_183' title='bbox 2121 1425 2259 1491; x_wconf 84' lang='lat' dir='ltr'><strong><em>Quia</em></strong></span> <span class='ocrx_word' id='word_1_184' title='bbox 2286 1444 2378 1498; x_wconf 86' lang='lat' dir='ltr'><strong>ego</strong></span> <span class='ocrx_word' id='word_1_185' title='bbox 2412 1430 2623 1499; x_wconf 86' lang='lat' dir='ltr'><strong>cognovi</strong></span> <span class='ocrx_word' id='word_1_186' title='bbox 2650 1433 2787 1499; x_wconf 85' lang='lat' dir='ltr'><strong>quod</strong></span> <span class='ocrx_word' id='word_1_187' title='bbox 2814 1447 3031 1502; x_wconf 89' lang='lat' dir='ltr'><strong>magnus</strong></span> <span class='ocrx_word' id='word_1_188' title='bbox 3067 1442 3143 1487; x_wconf 88' lang='lat' dir='ltr'><strong>est</strong></span> <span class='ocrx_word' id='word_1_189' title='bbox 3181 1434 3455 1504; x_wconf 76' lang='lat' dir='ltr'><strong>Dominus,</strong></span> <span class='ocrx_word' id='word_1_190' title='bbox 3475 1445 3529 1491; x_wconf 84' lang='lat' dir='ltr'><strong>et</strong></span> 
     </span>
    </p>
   </div>
   <div class='ocr_carea' id='block_1_30' title="bbox 1973 1515 3528 1590">
    <p class='ocr_par' dir='ltr' id='par_1_30' title="bbox 1973 1515 3528 1590">
     <span class='ocr_line' id='line_1_30' title="bbox 1973 1515 3528 1590; baseline 0.007 -20"><span class='ocrx_word' id='word_1_191' title='bbox 1973 1515 2224 1572; x_wconf 85' lang='lat' dir='ltr'><strong>Dominus</strong></span> <span class='ocrx_word' id='word_1_192' title='bbox 2263 1528 2437 1573; x_wconf 88' lang='lat' dir='ltr'><strong>noster</strong></span> <span class='ocrx_word' id='word_1_193' title='bbox 2472 1536 2582 1590; x_wconf 71' lang='lat' dir='ltr'><strong>pra:</strong></span> <span class='ocrx_word' id='word_1_194' title='bbox 2607 1522 2841 1576; x_wconf 85' lang='lat' dir='ltr'><strong>omnibus</strong></span> <span class='ocrx_word' id='word_1_195' title='bbox 2867 1521 2992 1579; x_wconf 86' lang='lat' dir='ltr'><strong>diis.</strong></span> <span class='ocrx_word' id='word_1_196' title='bbox 3017 1523 3060 1577; x_wconf 83' lang='lat' dir='ltr'><strong>A</strong></span> <span class='ocrx_word' id='word_1_197' title='bbox 3083 1526 3339 1582; x_wconf 86' lang='lat' dir='ltr'><strong>crcatricc</strong></span> <span class='ocrx_word' id='word_1_198' title='bbox 3361 1525 3528 1583; x_wconf 87' lang='lat' dir='ltr'><strong>facul-</strong></span> 
     </span>
    </p>
   </div>
   <div class='ocr_carea' id='block_1_31' title="bbox 1969 1610 2931 1680">
    <p class='ocr_par' dir='ltr' id='par_1_31' title="bbox 1969 1610 2931 1680">
     <span class='ocr_line' id='line_1_31' title="bbox 1969 1610 2931 1680; baseline 0.004 -17"><span class='ocrx_word' id='word_1_199' title='bbox 1969 1616 2076 1663; x_wconf 88' lang='lat' dir='ltr'><strong>tate</strong></span> <span class='ocrx_word' id='word_1_200' title='bbox 2101 1610 2247 1663; x_wconf 83' lang='lat' dir='ltr'><strong>novit</strong></span> <span class='ocrx_word' id='word_1_201' title='bbox 2271 1610 2447 1680; x_wconf 91' lang='lat' dir='ltr'><strong>ipsum</strong></span> <span class='ocrx_word' id='word_1_202' title='bbox 2477 1627 2597 1667; x_wconf 86' lang='lat' dir='ltr'><strong>esse</strong></span> <span class='ocrx_word' id='word_1_203' title='bbox 2623 1610 2931 1667; x_wconf 89' lang='lat' dir='ltr'><strong>Dominum.</strong></span> 
     </span>
    </p>
   </div>
   <div class='ocr_carea' id='block_1_32' title="bbox 2037 1698 3523 1776">
    <p class='ocr_par' dir='ltr' id='par_1_32' title="bbox 2037 1698 3523 1776">
     <span class='ocr_line' id='line_1_32' title="bbox 2037 1698 3523 1776; baseline 0.009 -23"><span class='ocrx_word' id='word_1_204' title='bbox 2037 1700 2092 1767; x_wconf 84' lang='lat'><strong>6,</strong></span> <span class='ocrx_word' id='word_1_205' title='bbox 2118 1699 2169 1755; x_wconf 82' lang='grc'>7.</span> <span class='ocrx_word' id='word_1_206' title='bbox 2198 1698 2265 1754; x_wconf 88' lang='grc' dir='ltr'><em>1η</em></span> <span class='ocrx_word' id='word_1_207' title='bbox 2290 1703 2425 1755; x_wconf 84' lang='lat' dir='ltr'><strong>mari</strong></span> <span class='ocrx_word' id='word_1_208' title='bbox 2444 1712 2497 1757; x_wconf 88' lang='lat' dir='ltr'><strong>et</strong></span> <span class='ocrx_word' id='word_1_209' title='bbox 2537 1704 2591 1757; x_wconf 88' lang='lat' dir='ltr'><strong>in</strong></span> <span class='ocrx_word' id='word_1_210' title='bbox 2621 1705 2858 1758; x_wconf 85' lang='lat' dir='ltr'><strong>omnibus</strong></span> <span class='ocrx_word' id='word_1_211' title='bbox 2888 1708 3109 1776; x_wconf 84' lang='lat' dir='ltr'><strong>abyssis.</strong></span> <span class='ocrx_word' id='word_1_212' title='bbox 3147 1707 3387 1765; x_wconf 82' lang='lat' dir='ltr'><strong>Educens</strong></span> <span class='ocrx_word' id='word_1_213' title='bbox 3424 1727 3523 1765; x_wconf 86' lang='lat' dir='ltr'><strong>nu-</strong></span> 
     </span>
    </p>
   </div>
   <div class='ocr_carea' id='block_1_33' title="bbox 314 1778 1859 1873">
    <p class='ocr_par' dir='ltr' id='par_1_33' title="bbox 314 1799 1859 1873">
     <span class='ocr_line' id='line_1_33' title="bbox 314 1799 1859 1873; baseline 0.001 -19"><span class='ocrx_word' id='word_1_214' title='bbox 314 1799 569 1871; x_wconf 74' lang='grc' dir='ltr'>Ἆνάγων</span> <span class='ocrx_word' id='word_1_215' title='bbox 596 1802 856 1871; x_wconf 70' lang='grc' dir='ltr'>νεφέλας</span> <span class='ocrx_word' id='word_1_216' title='bbox 877 1802 948 1867; x_wconf 81' lang='grc' dir='ltr'><strong>ἐξ</strong></span> <span class='ocrx_word' id='word_1_217' title='bbox 979 1803 1254 1871; x_wconf 82' lang='grc' dir='ltr'><strong>ἐσχάτων</strong></span> <span class='ocrx_word' id='word_1_218' title='bbox 1275 1801 1383 1871; x_wconf 83' lang='grc' dir='ltr'>τῆς</span> <span class='ocrx_word' id='word_1_219' title='bbox 1414 1803 1548 1873; x_wconf 71' lang='grc' dir='ltr'>τῆς.</span> <span class='ocrx_word' id='word_1_220' title='bbox 1576 1803 1744 1857; x_wconf 83' lang='grc' dir='ltr'>Τοῦτό</span> <span class='ocrx_word' id='word_1_221' title='bbox 1771 1820 1859 1872; x_wconf 80' lang='grc' dir='ltr'><strong>φη-</strong></span> 
     </span>
    </p>
   </div>
   <div class='ocr_carea' id='block_1_34' title="bbox 1972 1778 3526 1873">
    <p class='ocr_par' dir='ltr' id='par_1_34' title="bbox 1972 1787 3526 1869">
     <span class='ocr_line' id='line_1_34' title="bbox 1972 1787 3526 1869; baseline 0.01 -28"><span class='ocrx_word' id='word_1_222' title='bbox 1972 1787 2051 1842; x_wconf 80' lang='lat' dir='ltr'><strong>bes</strong></span> <span class='ocrx_word' id='word_1_223' title='bbox 2096 1789 2159 1844; x_wconf 88' lang='lat' dir='ltr'><strong>ab</strong></span> <span class='ocrx_word' id='word_1_224' title='bbox 2199 1793 2442 1848; x_wconf 77' lang='lat' dir='ltr'><strong>extremis</strong></span> <span class='ocrx_word' id='word_1_225' title='bbox 2481 1801 2650 1848; x_wconf 71' lang='lat' dir='ltr'><strong>terrm.</strong></span> <span class='ocrx_word' id='word_1_226' title='bbox 2690 1792 2805 1850; x_wconf 87' lang='lat' dir='ltr'><strong>Hoc</strong></span> <span class='ocrx_word' id='word_1_227' title='bbox 2846 1796 2941 1858; x_wconf 85' lang='lat' dir='ltr'><strong>ait.</strong></span> <span class='ocrx_word' id='word_1_228' title='bbox 2977 1799 3105 1869; x_wconf 87' lang='lat' dir='ltr'><strong>quia</strong></span> <span class='ocrx_word' id='word_1_229' title='bbox 3144 1808 3343 1856; x_wconf 86' lang='lat' dir='ltr'><strong>terram</strong></span> <span class='ocrx_word' id='word_1_230' title='bbox 3375 1810 3526 1857; x_wconf 81' lang='lat' dir='ltr'><strong>exte-</strong></span> 
     </span>
    </p>
   </div>
   <div class='ocr_carea' id='block_1_35' title="bbox 301 1893 1863 1968">
    <p class='ocr_par' dir='ltr' id='par_1_35' title="bbox 301 1893 1863 1968">
     <span class='ocr_line' id='line_1_35' title="bbox 301 1893 1863 1968; baseline 0.002 -24"><span class='ocrx_word' id='word_1_231' title='bbox 301 1907 405 1951; x_wconf 74' lang='grc' dir='ltr'>σιν,</span> <span class='ocrx_word' id='word_1_232' title='bbox 436 1893 622 1965; x_wconf 76' lang='grc' dir='ltr'>ἐπειδὴ</span> <span class='ocrx_word' id='word_1_233' title='bbox 657 1893 854 1959; x_wconf 73' lang='grc' dir='ltr'>ἔξωθεν</span> <span class='ocrx_word' id='word_1_234' title='bbox 901 1893 1001 1967; x_wconf 80' lang='grc' dir='ltr'>τὴν</span> <span class='ocrx_word' id='word_1_235' title='bbox 1046 1896 1149 1966; x_wconf 84' lang='grc' dir='ltr'><strong>γῆν</strong></span> <span class='ocrx_word' id='word_1_236' title='bbox 1196 1896 1541 1968; x_wconf 84' lang='grc' dir='ltr'>περιέχουσιν</span> <span class='ocrx_word' id='word_1_237' title='bbox 1573 1897 1629 1949; x_wconf 77' lang='grc' dir='ltr'>αἱ</span> <span class='ocrx_word' id='word_1_238' title='bbox 1664 1895 1863 1949; x_wconf 79' lang='grc' dir='ltr'>θάλασ-</span> 
     </span>
    </p>
   </div>
   <div class='ocr_carea' id='block_1_36' title="bbox 299 1979 1865 2058">
    <p class='ocr_par' dir='ltr' id='par_1_36' title="bbox 299 1979 1865 2058">
     <span class='ocr_line' id='line_1_36' title="bbox 299 1979 1865 2058; baseline 0.004 -22"><span class='ocrx_word' id='word_1_239' title='bbox 299 1999 410 2049; x_wconf 88' lang='grc' dir='ltr'>σαι,</span> <span class='ocrx_word' id='word_1_240' title='bbox 445 1984 540 2054; x_wconf 77' lang='grc' dir='ltr'><strong>ἀφ’</strong></span> <span class='ocrx_word' id='word_1_241' title='bbox 565 1979 640 2037; x_wconf 84' lang='grc' dir='ltr'>ὧν</span> <span class='ocrx_word' id='word_1_242' title='bbox 666 1987 766 2050; x_wconf 76' lang='grc' dir='ltr'>τὰς</span> <span class='ocrx_word' id='word_1_243' title='bbox 793 1987 1021 2056; x_wconf 79' lang='grc' dir='ltr'>νεφέλας</span> <span class='ocrx_word' id='word_1_244' title='bbox 1050 1988 1261 2057; x_wconf 82' lang='grc' dir='ltr'>ἀνάγει.</span> <span class='ocrx_word' id='word_1_245' title='bbox 1314 1989 1641 2058; x_wconf 77' lang='grc' dir='ltr'>Ἅστραπὰς</span> <span class='ocrx_word' id='word_1_246' title='bbox 1664 1990 1743 2055; x_wconf 74' lang='grc' dir='ltr'>εις</span> <span class='ocrx_word' id='word_1_247' title='bbox 1771 1990 1865 2042; x_wconf 83' lang='grc' dir='ltr'><strong>ὐε-</strong></span> 
     </span>
    </p>
   </div>
   <div class='ocr_carea' id='block_1_37' title="bbox 293 2076 1864 2152">
    <p class='ocr_par' dir='ltr' id='par_1_37' title="bbox 293 2076 1864 2152">
     <span class='ocr_line' id='line_1_37' title="bbox 293 2076 1864 2152; baseline 0.003 -22"><span class='ocrx_word' id='word_1_248' title='bbox 293 2076 404 2130; x_wconf 73' lang='grc' dir='ltr'><strong>τόνν</strong></span> <span class='ocrx_word' id='word_1_249' title='bbox 425 2078 699 2146; x_wconf 77' lang='grc' dir='ltr'>ἐποίησε.</span> <span class='ocrx_word' id='word_1_250' title='bbox 742 2080 852 2133; x_wconf 75' lang='grc' dir='ltr'>Καὶ</span> <span class='ocrx_word' id='word_1_251' title='bbox 880 2079 1037 2134; x_wconf 73' lang='grc' dir='ltr'>τοῦτο</span> <span class='ocrx_word' id='word_1_252' title='bbox 1063 2079 1330 2152; x_wconf 88' lang='grc' dir='ltr'>σύμϐολον</span> <span class='ocrx_word' id='word_1_253' title='bbox 1352 2079 1438 2152; x_wconf 74' lang='grc' dir='ltr'><strong>εἴη</strong></span> <span class='ocrx_word' id='word_1_254' title='bbox 1490 2082 1589 2152; x_wconf 76' lang='grc' dir='ltr'>τῆς</span> <span class='ocrx_word' id='word_1_255' title='bbox 1637 2079 1864 2152; x_wconf 87' lang='grc' dir='ltr'>θεοπρε-</span> 
     </span>
    </p>
   </div>
   <div class='ocr_carea' id='block_1_38' title="bbox 295 2165 1862 2243">
    <p class='ocr_par' dir='ltr' id='par_1_38' title="bbox 295 2165 1862 2243">
     <span class='ocr_line' id='line_1_38' title="bbox 295 2165 1862 2243; baseline 0.004 -24"><span class='ocrx_word' id='word_1_256' title='bbox 295 2165 434 2230; x_wconf 76' lang='grc' dir='ltr'>ποῦς</span> <span class='ocrx_word' id='word_1_257' title='bbox 466 2168 761 2238; x_wconf 81' lang='grc' dir='ltr'>δυνάμεως,</span> <span class='ocrx_word' id='word_1_258' title='bbox 792 2169 853 2223; x_wconf 73' lang='grc' dir='ltr'>τὸ</span> <span class='ocrx_word' id='word_1_259' title='bbox 879 2170 938 2223; x_wconf 79' lang='grc' dir='ltr'>ὲν</span> <span class='ocrx_word' id='word_1_260' title='bbox 967 2170 1046 2243; x_wconf 88' lang='grc' dir='ltr'>τῷ</span> <span class='ocrx_word' id='word_1_261' title='bbox 1101 2171 1264 2226; x_wconf 82' lang='grc' dir='ltr'>αὑτοῦ</span> <span class='ocrx_word' id='word_1_262' title='bbox 1318 2171 1583 2243; x_wconf 78' lang='grc' dir='ltr'>συμμίξαι</span> <span class='ocrx_word' id='word_1_263' title='bbox 1619 2172 1678 2225; x_wconf 83' lang='grc' dir='ltr'><strong>τὸ</strong></span> <span class='ocrx_word' id='word_1_264' title='bbox 1723 2189 1862 2243; x_wconf 85' lang='grc' dir='ltr'>πυρ-</span> 
     </span>
    </p>
   </div>
   <div class='ocr_carea' id='block_1_39' title="bbox 291 2259 1863 2336">
    <p class='ocr_par' dir='ltr' id='par_1_39' title="bbox 291 2259 1863 2336">
     <span class='ocr_line' id='line_1_39' title="bbox 291 2259 1863 2336; baseline 0.006 -25"><span class='ocrx_word' id='word_1_265' title='bbox 291 2259 425 2323; x_wconf 83' lang='grc' dir='ltr'>ῶδες</span> <span class='ocrx_word' id='word_1_266' title='bbox 448 2260 559 2312; x_wconf 83' lang='grc' dir='ltr'><strong>τῶν</strong></span> <span class='ocrx_word' id='word_1_267' title='bbox 583 2260 875 2333; x_wconf 80' lang='grc' dir='ltr'>ἀστραπῶν</span> <span class='ocrx_word' id='word_1_268' title='bbox 895 2265 988 2317; x_wconf 82' lang='grc' dir='ltr'>καὶ</span> <span class='ocrx_word' id='word_1_269' title='bbox 1008 2264 1069 2317; x_wconf 83' lang='grc' dir='ltr'><strong>τὸ</strong></span> <span class='ocrx_word' id='word_1_270' title='bbox 1095 2263 1256 2336; x_wconf 76' lang='grc' dir='ltr'>ὕδωρ.</span> <span class='ocrx_word' id='word_1_271' title='bbox 1275 2266 1329 2317; x_wconf 89' lang='grc' dir='ltr'><strong><em>Ὁ</em></strong></span> <span class='ocrx_word' id='word_1_272' title='bbox 1351 2264 1579 2334; x_wconf 77' lang='grc' dir='ltr'><strong>ἐξάγων</strong></span> <span class='ocrx_word' id='word_1_273' title='bbox 1605 2264 1863 2334; x_wconf 82' lang='grc' dir='ltr'><strong>ἀνέμους</strong></span> 
     </span>
    </p>
   </div>
   <div class='ocr_carea' id='block_1_40' title="bbox 290 2350 1863 2426">
    <p class='ocr_par' dir='ltr' id='par_1_40' title="bbox 290 2350 1863 2426">
     <span class='ocr_line' id='line_1_40' title="bbox 290 2350 1863 2426; baseline 0.003 -21"><span class='ocrx_word' id='word_1_274' title='bbox 290 2350 360 2405; x_wconf 71' lang='grc' dir='ltr'>ἐκ</span> <span class='ocrx_word' id='word_1_275' title='bbox 402 2350 725 2420; x_wconf 74' lang='grc' dir='ltr'>θησαυρῶν</span> <span class='ocrx_word' id='word_1_276' title='bbox 754 2353 971 2408; x_wconf 79' lang='grc' dir='ltr'>αὐτῶν.</span> <span class='ocrx_word' id='word_1_277' title='bbox 1028 2353 1102 2407; x_wconf 82' lang='grc' dir='ltr'><strong>Τὸ</strong></span> <span class='ocrx_word' id='word_1_278' title='bbox 1131 2354 1512 2425; x_wconf 81' lang='grc' dir='ltr'>ἀκατάληπτον</span> <span class='ocrx_word' id='word_1_279' title='bbox 1557 2354 1863 2426; x_wconf 88' lang='grc' dir='ltr'>ἀνθρώποις</span> 
     </span>
    </p>
   </div>
   <div class='ocr_carea' id='block_1_41' title="bbox 291 2439 1860 2514">
    <p class='ocr_par' dir='ltr' id='par_1_41' title="bbox 291 2439 1860 2514">
     <span class='ocr_line' id='line_1_41' title="bbox 291 2439 1860 2514; baseline 0.004 -22"><span class='ocrx_word' id='word_1_280' title='bbox 291 2439 391 2510; x_wconf 81' lang='grc' dir='ltr'>τῆς</span> <span class='ocrx_word' id='word_1_281' title='bbox 419 2440 533 2493; x_wconf 86' lang='grc' dir='ltr'><strong>τῶν</strong></span> <span class='ocrx_word' id='word_1_282' title='bbox 559 2441 774 2512; x_wconf 87' lang='grc' dir='ltr'>ἀνέμων</span> <span class='ocrx_word' id='word_1_283' title='bbox 822 2441 1057 2514; x_wconf 77' lang='grc' dir='ltr'>ἐδήλωσε</span> <span class='ocrx_word' id='word_1_284' title='bbox 1089 2442 1302 2511; x_wconf 81' lang='grc' dir='ltr'>φύσεως</span> <span class='ocrx_word' id='word_1_285' title='bbox 1354 2443 1442 2498; x_wconf 75' lang='grc' dir='ltr'>διὰ</span> <span class='ocrx_word' id='word_1_286' title='bbox 1494 2444 1604 2497; x_wconf 86' lang='grc' dir='ltr'><strong>τῶν</strong></span> <span class='ocrx_word' id='word_1_287' title='bbox 1654 2443 1860 2514; x_wconf 84' lang='grc' dir='ltr'>θησαυ-</span> 
     </span>
    </p>
   </div>
   <div class='ocr_carea' id='block_1_42' title="bbox 294 2531 1858 2606">
    <p class='ocr_par' dir='ltr' id='par_1_42' title="bbox 294 2531 1858 2606">
     <span class='ocr_line' id='line_1_42' title="bbox 294 2531 1858 2606; baseline 0.002 -22"><span class='ocrx_word' id='word_1_288' title='bbox 294 2531 424 2605; x_wconf 82' lang='grc' dir='ltr'>ρῶν.</span> <span class='ocrx_word' id='word_1_289' title='bbox 477 2533 704 2604; x_wconf 85' lang='grc' dir='ltr'>Ὅμοιον</span> <span class='ocrx_word' id='word_1_290' title='bbox 739 2534 796 2588; x_wconf 85' lang='grc' dir='ltr'><strong>δὲ</strong></span> <span class='ocrx_word' id='word_1_291' title='bbox 848 2533 910 2587; x_wconf 83' lang='grc' dir='ltr'><strong>τὸ</strong></span> <span class='ocrx_word' id='word_1_292' title='bbox 962 2534 1248 2605; x_wconf 71' lang='grc' dir='ltr'>εἰρημένον</span> <span class='ocrx_word' id='word_1_293' title='bbox 1293 2534 1445 2604; x_wconf 89' lang='grc' dir='ltr'><strong>παρά</strong></span> <span class='ocrx_word' id='word_1_294' title='bbox 1492 2533 1732 2606; x_wconf 82' lang='grc' dir='ltr'><strong>Κυρίου·</strong></span> <span class='ocrx_word' id='word_1_295' title='bbox 1792 2535 1858 2589; x_wconf 84' lang='grc' dir='ltr'><strong>Τὸ</strong></span> 
     </span>
    </p>
   </div>
   <div class='ocr_carea' id='block_1_43' title="bbox 290 2627 1861 2698">
    <p class='ocr_par' dir='ltr' id='par_1_43' title="bbox 290 2627 1861 2698">
     <span class='ocr_line' id='line_1_43' title="bbox 290 2627 1861 2698; baseline 0.002 -17"><span class='ocrx_word' id='word_1_296' title='bbox 290 2627 537 2698; x_wconf 80' lang='grc' dir='ltr'>Πνεῦμα</span> <span class='ocrx_word' id='word_1_297' title='bbox 587 2629 737 2684; x_wconf 81' lang='grc' dir='ltr'>ὅπου</span> <span class='ocrx_word' id='word_1_298' title='bbox 770 2629 929 2684; x_wconf 71' lang='grc' dir='ltr'>θέλει</span> <span class='ocrx_word' id='word_1_299' title='bbox 970 2628 1128 2691; x_wconf 82' lang='grc' dir='ltr'>πνεῖ,</span> <span class='ocrx_word' id='word_1_300' title='bbox 1160 2630 1257 2683; x_wconf 80' lang='grc' dir='ltr'>καὶ</span> <span class='ocrx_word' id='word_1_301' title='bbox 1298 2628 1414 2697; x_wconf 80' lang='grc' dir='ltr'><strong>τὴν</strong></span> <span class='ocrx_word' id='word_1_302' title='bbox 1438 2628 1648 2698; x_wconf 73' lang='grc' dir='ltr'>φωνὴν</span> <span class='ocrx_word' id='word_1_303' title='bbox 1666 2629 1861 2684; x_wconf 85' lang='grc' dir='ltr'>αὐτοῦ</span> 
     </span>
    </p>
   </div>
   <div class='ocr_carea' id='block_1_44' title="bbox 290 2719 1860 2791">
    <p class='ocr_par' dir='ltr' id='par_1_44' title="bbox 290 2719 1860 2791">
     <span class='ocr_line' id='line_1_44' title="bbox 290 2719 1860 2791; baseline -0.003 -14"><span class='ocrx_word' id='word_1_304' title='bbox 290 2722 532 2789; x_wconf 76' lang='grc' dir='ltr'>ἀκούεις</span> <span class='ocrx_word' id='word_1_305' title='bbox 556 2738 568 2751; x_wconf 84' lang='grc'><em>’</em></span> <span class='ocrx_word' id='word_1_306' title='bbox 602 2723 738 2777; x_wconf 70' lang='grc' dir='ltr'><strong>ἀλλ’</strong></span> <span class='ocrx_word' id='word_1_307' title='bbox 768 2725 879 2776; x_wconf 76' lang='grc' dir='ltr'>οὐκ</span> <span class='ocrx_word' id='word_1_308' title='bbox 901 2719 1069 2789; x_wconf 79' lang='grc' dir='ltr'>οἶδας</span> <span class='ocrx_word' id='word_1_309' title='bbox 1096 2723 1283 2776; x_wconf 82' lang='grc' dir='ltr'>πόθεν</span> <span class='ocrx_word' id='word_1_310' title='bbox 1310 2719 1565 2791; x_wconf 74' lang='grc' dir='ltr'>ἔρχεται,</span> <span class='ocrx_word' id='word_1_311' title='bbox 1598 2720 1698 2774; x_wconf 76' lang='grc' dir='ltr'>καὶ</span> <span class='ocrx_word' id='word_1_312' title='bbox 1743 2719 1860 2773; x_wconf 88' lang='grc' dir='ltr'>ποῦ</span> 
     </span>
    </p>
   </div>
   <div class='ocr_carea' id='block_1_45' title="bbox 287 2814 528 2883">
    <p class='ocr_par' dir='ltr' id='par_1_45' title="bbox 287 2814 528 2883">
     <span class='ocr_line' id='line_1_45' title="bbox 287 2814 528 2883; baseline -0.008 -12"><span class='ocrx_word' id='word_1_313' title='bbox 287 2814 528 2883; x_wconf 74' lang='grc' dir='ltr'>ὑπάγει.</span> 
     </span>
    </p>
   </div>
   <div class='ocr_carea' id='block_1_46' title="bbox 362 2906 1860 2977">
    <p class='ocr_par' dir='ltr' id='par_1_46' title="bbox 362 2906 1860 2977">
     <span class='ocr_line' id='line_1_46' title="bbox 362 2906 1860 2977; baseline 0.001 -18"><span class='ocrx_word' id='word_1_314' title='bbox 362 2909 463 2973; x_wconf 81' lang='grc' dir='ltr'>Ὃς</span> <span class='ocrx_word' id='word_1_315' title='bbox 486 2906 749 2973; x_wconf 79' lang='grc' dir='ltr'>ἐπάταξε</span> <span class='ocrx_word' id='word_1_316' title='bbox 779 2907 852 2962; x_wconf 86' lang='grc' dir='ltr'>τὰ</span> <span class='ocrx_word' id='word_1_317' title='bbox 881 2908 1224 2977; x_wconf 78' lang='grc' dir='ltr'>πρωτότοκα</span> <span class='ocrx_word' id='word_1_318' title='bbox 1261 2908 1562 2976; x_wconf 79' lang='grc' dir='ltr'>Αὶγύπτου</span> <span class='ocrx_word' id='word_1_319' title='bbox 1610 2906 1729 2962; x_wconf 75' lang='grc' dir='ltr'>ἀπὸ</span> <span class='ocrx_word' id='word_1_320' title='bbox 1761 2906 1860 2961; x_wconf 81' lang='lat' dir='ltr'><strong>dr-</strong></span> 
     </span>
    </p>
   </div>
   <div class='ocr_carea' id='block_1_47' title="bbox 288 2996 1855 3071">
    <p class='ocr_par' dir='ltr' id='par_1_47' title="bbox 288 2996 1855 3071">
     <span class='ocr_line' id='line_1_47' title="bbox 288 2996 1855 3071; baseline 0.001 -19"><span class='ocrx_word' id='word_1_321' title='bbox 288 2996 527 3065; x_wconf 75' lang='grc' dir='ltr'>θρώπου</span> <span class='ocrx_word' id='word_1_322' title='bbox 558 2998 668 3065; x_wconf 81' lang='grc' dir='ltr'>ἕως</span> <span class='ocrx_word' id='word_1_323' title='bbox 686 2998 960 3066; x_wconf 84' lang='grc' dir='ltr'>κτήνους.</span> <span class='ocrx_word' id='word_1_324' title='bbox 988 2998 1097 3070; x_wconf 83' lang='grc' dir='ltr'><strong>Τὴν</strong></span> <span class='ocrx_word' id='word_1_325' title='bbox 1121 2998 1432 3053; x_wconf 78' lang='grc' dir='ltr'>τελευταίαν</span> <span class='ocrx_word' id='word_1_326' title='bbox 1456 2999 1670 3071; x_wconf 80' lang='grc' dir='ltr'>πληγὴν</span> <span class='ocrx_word' id='word_1_327' title='bbox 1696 2999 1855 3071; x_wconf 75' lang='grc' dir='ltr'>ἔθηκε</span> 
     </span>
    </p>
   </div>
   <div class='ocr_carea' id='block_1_48' title="bbox 1966 1883 3527 1957">
    <p class='ocr_par' dir='ltr' id='par_1_48' title="bbox 1966 1883 3527 1957">
     <span class='ocr_line' id='line_1_48' title="bbox 1966 1883 3527 1957; baseline 0.008 -20"><span class='ocrx_word' id='word_1_328' title='bbox 1966 1883 2079 1939; x_wconf 89' lang='lat' dir='ltr'><strong>rius</strong></span> <span class='ocrx_word' id='word_1_329' title='bbox 2105 1884 2352 1940; x_wconf 82' lang='lat' dir='ltr'><strong>ambiunt</strong></span> <span class='ocrx_word' id='word_1_330' title='bbox 2380 1887 2573 1953; x_wconf 87' lang='lat' dir='ltr'><strong>maria,</strong></span> <span class='ocrx_word' id='word_1_331' title='bbox 2604 1902 2670 1940; x_wconf 81' lang='lat' dir='ltr'><strong>ex</strong></span> <span class='ocrx_word' id='word_1_332' title='bbox 2701 1888 2897 1957; x_wconf 89' lang='lat' dir='ltr'><strong>quibus</strong></span> <span class='ocrx_word' id='word_1_333' title='bbox 2941 1890 3114 1946; x_wconf 90' lang='lat' dir='ltr'><strong>nubes</strong></span> <span class='ocrx_word' id='word_1_334' title='bbox 3155 1893 3356 1950; x_wconf 85' lang='lat' dir='ltr'><strong>educit.</strong></span> <span class='ocrx_word' id='word_1_335' title='bbox 3394 1893 3527 1949; x_wconf 81' lang='lat' dir='ltr'><strong>Ful-</strong></span> 
     </span>
    </p>
   </div>
   <div class='ocr_carea' id='block_1_49' title="bbox 1963 1977 3526 2056">
    <p class='ocr_par' dir='ltr' id='par_1_49' title="bbox 1963 1977 3526 2056">
     <span class='ocr_line' id='line_1_49' title="bbox 1963 1977 3526 2056; baseline 0.008 -27"><span class='ocrx_word' id='word_1_336' title='bbox 1963 1992 2095 2045; x_wconf 90' lang='lat' dir='ltr'><strong>gura</strong></span> <span class='ocrx_word' id='word_1_337' title='bbox 2142 1978 2196 2030; x_wconf 90' lang='lat' dir='ltr'><strong>in</strong></span> <span class='ocrx_word' id='word_1_338' title='bbox 2236 1977 2466 2044; x_wconf 78' lang='lat' dir='ltr'><strong>pluviam</strong></span> <span class='ocrx_word' id='word_1_339' title='bbox 2510 1979 2655 2048; x_wconf 82' lang='lat' dir='ltr'><strong>fecit.</strong></span> <span class='ocrx_word' id='word_1_340' title='bbox 2697 1979 2811 2036; x_wconf 83' lang='lat' dir='ltr'><strong>Hoc</strong></span> <span class='ocrx_word' id='word_1_341' title='bbox 2862 1982 2986 2037; x_wconf 86' lang='lat' dir='ltr'><strong>item</strong></span> <span class='ocrx_word' id='word_1_342' title='bbox 3013 1984 3318 2056; x_wconf 81' lang='lat' dir='ltr'><strong>symbolum</strong></span> <span class='ocrx_word' id='word_1_343' title='bbox 3363 1985 3526 2043; x_wconf 81' lang='lat' dir='ltr'><strong>fuerit</strong></span> 
     </span>
    </p>
   </div>
   <div class='ocr_carea' id='block_1_50' title="bbox 1962 2067 3523 2149">
    <p class='ocr_par' dir='ltr' id='par_1_50' title="bbox 1962 2067 3523 2149">
     <span class='ocr_line' id='line_1_50' title="bbox 1962 2067 3523 2149; baseline 0.01 -30"><span class='ocrx_word' id='word_1_344' title='bbox 1962 2067 2157 2122; x_wconf 66' lang='lat' dir='ltr'><strong>divinat</strong></span> <span class='ocrx_word' id='word_1_345' title='bbox 2183 2070 2418 2136; x_wconf 88' lang='lat' dir='ltr'><strong>virtutis,</strong></span> <span class='ocrx_word' id='word_1_346' title='bbox 2438 2072 2582 2142; x_wconf 89' lang='lat' dir='ltr'><strong>quod</strong></span> <span class='ocrx_word' id='word_1_347' title='bbox 2611 2073 2665 2127; x_wconf 91' lang='lat' dir='ltr'><strong>in</strong></span> <span class='ocrx_word' id='word_1_348' title='bbox 2685 2075 2874 2130; x_wconf 89' lang='lat' dir='ltr'><strong>eodem</strong></span> <span class='ocrx_word' id='word_1_349' title='bbox 2905 2075 3025 2131; x_wconf 83' lang='lat' dir='ltr'><strong>loco</strong></span> <span class='ocrx_word' id='word_1_350' title='bbox 3048 2075 3320 2149; x_wconf 81' lang='lat' dir='ltr'><strong>fulgurum</strong></span> <span class='ocrx_word' id='word_1_351' title='bbox 3347 2079 3523 2149; x_wconf 82' lang='lat' dir='ltr'><strong>ignem</strong></span> 
     </span>
    </p>
   </div>
   <div class='ocr_carea' id='block_1_51' title="bbox 1963 2162 3523 2233">
    <p class='ocr_par' dir='ltr' id='par_1_51' title="bbox 1963 2162 3523 2233">
     <span class='ocr_line' id='line_1_51' title="bbox 1963 2162 3523 2233; baseline 0.009 -21"><span class='ocrx_word' id='word_1_352' title='bbox 1963 2172 2087 2213; x_wconf 92' lang='lat' dir='ltr'><strong>cum</strong></span> <span class='ocrx_word' id='word_1_353' title='bbox 2117 2175 2255 2230; x_wconf 85' lang='lat' dir='ltr'><strong>aqua</strong></span> <span class='ocrx_word' id='word_1_354' title='bbox 2282 2162 2524 2219; x_wconf 86' lang='lat' dir='ltr'><strong>misceat.</strong></span> <span class='ocrx_word' id='word_1_355' title='bbox 2557 2162 2660 2230; x_wconf 81' lang='lat' dir='ltr'><strong>Qui</strong></span> <span class='ocrx_word' id='word_1_356' title='bbox 2689 2167 2932 2233; x_wconf 79' lang='lat' dir='ltr'><strong>producit</strong></span> <span class='ocrx_word' id='word_1_357' title='bbox 2968 2181 3142 2225; x_wconf 85' lang='lat' dir='ltr'><strong>ventos</strong></span> <span class='ocrx_word' id='word_1_358' title='bbox 3174 2169 3238 2226; x_wconf 85' lang='lat' dir='ltr'><strong>de</strong></span> <span class='ocrx_word' id='word_1_359' title='bbox 3265 2170 3523 2226; x_wconf 79' lang='lat' dir='ltr'><strong>thesauris</strong></span> 
     </span>
    </p>
   </div>
   <div class='ocr_carea' id='block_1_52' title="bbox 1961 2251 3522 2331">
    <p class='ocr_par' dir='ltr' id='par_1_52' title="bbox 1961 2251 3522 2331">
     <span class='ocr_line' id='line_1_52' title="bbox 1961 2251 3522 2331; baseline 0.01 -27"><span class='ocrx_word' id='word_1_360' title='bbox 1961 2253 2094 2307; x_wconf 85' lang='lat' dir='ltr'><strong>suis.</strong></span> <span class='ocrx_word' id='word_1_361' title='bbox 2144 2251 2242 2307; x_wconf 84' lang='lat' dir='ltr'><strong>Per</strong></span> <span class='ocrx_word' id='word_1_362' title='bbox 2301 2256 2590 2312; x_wconf 77' lang='lat' dir='ltr'><strong>thesauros</strong></span> <span class='ocrx_word' id='word_1_363' title='bbox 2630 2256 2869 2313; x_wconf 84' lang='lat' dir='ltr'><strong>declarat</strong></span> <span class='ocrx_word' id='word_1_364' title='bbox 2925 2259 3522 2331; x_wconf 84' lang='lat' dir='ltr'><strong>incomprehensibilem</strong></span> 
     </span>
    </p>
   </div>
   <div class='ocr_carea' id='block_1_53' title="bbox 1964 2344 3521 2411">
    <p class='ocr_par' dir='ltr' id='par_1_53' title="bbox 1964 2344 3521 2411">
     <span class='ocr_line' id='line_1_53' title="bbox 1964 2344 3521 2411; baseline 0.01 -15"><span class='ocrx_word' id='word_1_365' title='bbox 1964 2344 2276 2401; x_wconf 84' lang='lat' dir='ltr'><strong>hominibus</strong></span> <span class='ocrx_word' id='word_1_366' title='bbox 2317 2344 2440 2403; x_wconf 83' lang='lat' dir='ltr'><strong>esse</strong></span> <span class='ocrx_word' id='word_1_367' title='bbox 2480 2357 2763 2404; x_wconf 80' lang='lat' dir='ltr'><strong>ventorum</strong></span> <span class='ocrx_word' id='word_1_368' title='bbox 2805 2360 3077 2408; x_wconf 88' lang='lat' dir='ltr'><strong>naturam.</strong></span> <span class='ocrx_word' id='word_1_369' title='bbox 3118 2351 3305 2409; x_wconf 89' lang='lat' dir='ltr'><strong>Simile</strong></span> <span class='ocrx_word' id='word_1_370' title='bbox 3340 2364 3521 2411; x_wconf 90' lang='lat' dir='ltr'><strong>autem</strong></span> 
     </span>
    </p>
   </div>
   <div class='ocr_carea' id='block_1_54' title="bbox 1961 2434 3524 2515">
    <p class='ocr_par' dir='ltr' id='par_1_54' title="bbox 1961 2434 3524 2515">
     <span class='ocr_line' id='line_1_54' title="bbox 1961 2434 3524 2515; baseline 0.008 -27"><span class='ocrx_word' id='word_1_371' title='bbox 1961 2434 2091 2490; x_wconf 90' lang='lat' dir='ltr'><strong>huic</strong></span> <span class='ocrx_word' id='word_1_372' title='bbox 2117 2445 2199 2492; x_wconf 87' lang='lat' dir='ltr'><strong>est</strong></span> <span class='ocrx_word' id='word_1_373' title='bbox 2229 2437 2360 2493; x_wconf 88' lang='lat' dir='ltr'><strong>illud</strong></span> <span class='ocrx_word' id='word_1_374' title='bbox 2388 2437 2604 2494; x_wconf 89' lang='lat' dir='ltr'><strong>Domini</strong></span> <span class='ocrx_word' id='word_1_375' title='bbox 2635 2440 2874 2496; x_wconf 89' lang='lat' dir='ltr'><strong>dictum:</strong></span> <span class='ocrx_word' id='word_1_376' title='bbox 2900 2441 3131 2511; x_wconf 84' lang='lat' dir='ltr'><strong>Spiritus</strong></span> <span class='ocrx_word' id='word_1_377' title='bbox 3158 2444 3246 2499; x_wconf 82' lang='lat' dir='ltr'><strong>ubi</strong></span> <span class='ocrx_word' id='word_1_378' title='bbox 3278 2445 3385 2500; x_wconf 83' lang='lat' dir='ltr'><strong>vult</strong></span> <span class='ocrx_word' id='word_1_379' title='bbox 3414 2448 3524 2515; x_wconf 84' lang='lat' dir='ltr'><strong>spi-</strong></span> 
     </span>
    </p>
   </div>
   <div class='ocr_carea' id='block_1_55' title="bbox 1962 2528 3521 2598">
    <p class='ocr_par' dir='ltr' id='par_1_55' title="bbox 1962 2528 3521 2598">
     <span class='ocr_line' id='line_1_55' title="bbox 1962 2528 3521 2598; baseline 0.008 -21"><span class='ocrx_word' id='word_1_380' title='bbox 1962 2534 2068 2590; x_wconf 87' lang='lat' dir='ltr'><strong>rat,</strong></span> <span class='ocrx_word' id='word_1_381' title='bbox 2094 2535 2142 2578; x_wconf 91' lang='lat' dir='ltr'><strong>et</strong></span> <span class='ocrx_word' id='word_1_382' title='bbox 2167 2543 2340 2580; x_wconf 88' lang='lat' dir='ltr'><strong>vocem</strong></span> <span class='ocrx_word' id='word_1_383' title='bbox 2377 2528 2491 2598; x_wconf 85' lang='lat' dir='ltr'><strong>ejus</strong></span> <span class='ocrx_word' id='word_1_384' title='bbox 2517 2529 2672 2583; x_wconf 82' lang='lat' dir='ltr'><strong>audis</strong></span> <span class='ocrx_word' id='word_1_385' title='bbox 2700 2546 2718 2583; x_wconf 90' lang='lat'><strong><em>:</em></strong></span> <span class='ocrx_word' id='word_1_386' title='bbox 2746 2531 2836 2585; x_wconf 90' lang='lat' dir='ltr'><strong>sed</strong></span> <span class='ocrx_word' id='word_1_387' title='bbox 2863 2532 3033 2586; x_wconf 78' lang='lat' dir='ltr'><strong>nescis</strong></span> <span class='ocrx_word' id='word_1_388' title='bbox 3067 2533 3203 2588; x_wconf 84' lang='lat' dir='ltr'><strong>unde</strong></span> <span class='ocrx_word' id='word_1_389' title='bbox 3230 2535 3398 2590; x_wconf 85' lang='lat' dir='ltr'><strong>veniat</strong></span> <span class='ocrx_word' id='word_1_390' title='bbox 3427 2544 3521 2589; x_wconf 81' lang='lat' dir='ltr'><strong>aut</strong></span> 
     </span>
    </p>
   </div>
   <div class='ocr_carea' id='block_1_56' title="bbox 1960 2617 2338 2685">
    <p class='ocr_par' dir='ltr' id='par_1_56' title="bbox 1960 2617 2338 2685">
     <span class='ocr_line' id='line_1_56' title="bbox 1960 2617 2338 2685; baseline 0.008 -17"><span class='ocrx_word' id='word_1_391' title='bbox 1960 2631 2061 2685; x_wconf 87' lang='lat' dir='ltr'><strong>quo</strong></span> <span class='ocrx_word' id='word_1_392' title='bbox 2086 2617 2242 2670; x_wconf 87' lang='lat' dir='ltr'><strong>vadat</strong></span> <span class='ocrx_word' id='word_1_393' title='bbox 2274 2619 2338 2671; x_wconf 77' lang='grc' dir='ltr'>ἰ.</span> 
     </span>
    </p>
   </div>
   <div class='ocr_carea' id='block_1_57' title="bbox 2029 2895 3517 2973">
    <p class='ocr_par' dir='ltr' id='par_1_57' title="bbox 2029 2895 3517 2973">
     <span class='ocr_line' id='line_1_57' title="bbox 2029 2895 3517 2973; baseline 0.006 -23"><span class='ocrx_word' id='word_1_394' title='bbox 2029 2896 2084 2952; x_wconf 90' lang='grc'>8.</span> <span class='ocrx_word' id='word_1_395' title='bbox 2118 2895 2222 2962; x_wconf 84' lang='lat' dir='ltr'><strong>Qui</strong></span> <span class='ocrx_word' id='word_1_396' title='bbox 2265 2899 2518 2966; x_wconf 82' lang='lat' dir='ltr'><strong>percussit</strong></span> <span class='ocrx_word' id='word_1_397' title='bbox 2561 2901 2909 2971; x_wconf 84' lang='lat' dir='ltr'><strong>primogenita</strong></span> <span class='ocrx_word' id='word_1_398' title='bbox 2938 2900 3158 2973; x_wconf 61' lang='grc' dir='ltr'><strong>Αἴθρη)ιὶ</strong></span> <span class='ocrx_word' id='word_1_399' title='bbox 3202 2903 3269 2957; x_wconf 80' lang='lat' dir='ltr'><strong>ab</strong></span> <span class='ocrx_word' id='word_1_400' title='bbox 3312 2903 3517 2960; x_wconf 80' lang='lat' dir='ltr'><strong>homine</strong></span> 
     </span>
    </p>
   </div>
   <div class='ocr_carea' id='block_1_58' title="bbox 1960 2988 3519 3064">
    <p class='ocr_par' dir='ltr' id='par_1_58' title="bbox 1960 2988 3519 3064">
     <span class='ocr_line' id='line_1_58' title="bbox 1960 2988 3519 3064; baseline 0.006 -21"><span class='ocrx_word' id='word_1_401' title='bbox 1960 3004 2123 3060; x_wconf 80' lang='lat' dir='ltr'><strong>usque</strong></span> <span class='ocrx_word' id='word_1_402' title='bbox 2149 2988 2217 3041; x_wconf 84' lang='lat' dir='ltr'><strong>ad</strong></span> <span class='ocrx_word' id='word_1_403' title='bbox 2246 3005 2420 3059; x_wconf 88' lang='lat' dir='ltr'><strong>pecus.</strong></span> <span class='ocrx_word' id='word_1_404' title='bbox 2451 2988 2786 3045; x_wconf 74' lang='lat' dir='ltr'><strong>Postremum</strong></span> <span class='ocrx_word' id='word_1_405' title='bbox 2825 2992 3037 3062; x_wconf 88' lang='lat' dir='ltr'><strong>plagam</strong></span> <span class='ocrx_word' id='word_1_406' title='bbox 3068 2993 3297 3064; x_wconf 89' lang='lat' dir='ltr'><strong>primam</strong></span> <span class='ocrx_word' id='word_1_407' title='bbox 3328 2995 3519 3052; x_wconf 84' lang='lat' dir='ltr'><strong>ordine</strong></span> 
     </span>
    </p>
   </div>
   <div class='ocr_carea' id='block_1_59' title="bbox 287 3080 1859 3167">
    <p class='ocr_par' dir='ltr' id='par_1_59' title="bbox 287 3086 1851 3165">
     <span class='ocr_line' id='line_1_59' title="bbox 287 3086 1851 3165; baseline 0.003 -25"><span class='ocrx_word' id='word_1_408' title='bbox 287 3086 536 3159; x_wconf 81' lang='grc' dir='ltr'>πρώτην,</span> <span class='ocrx_word' id='word_1_409' title='bbox 566 3090 687 3142; x_wconf 80' lang='grc' dir='ltr'>ἐπεὶ</span> <span class='ocrx_word' id='word_1_410' title='bbox 725 3091 841 3161; x_wconf 80' lang='grc' dir='ltr'>μετ’</span> <span class='ocrx_word' id='word_1_411' title='bbox 869 3090 1040 3161; x_wconf 78' lang='grc' dir='ltr'>αὐτὴν</span> <span class='ocrx_word' id='word_1_412' title='bbox 1077 3090 1325 3157; x_wconf 79' lang='grc' dir='ltr'>ἐδέξαντο</span> <span class='ocrx_word' id='word_1_413' title='bbox 1378 3091 1477 3162; x_wconf 80' lang='grc' dir='ltr'>τὴν</span> <span class='ocrx_word' id='word_1_414' title='bbox 1520 3091 1851 3165; x_wconf 71' lang='grc' dir='ltr'>ἐλευθερίαν.</span> 
     </span>
    </p>
   </div>
   <div class='ocr_carea' id='block_1_60' title="bbox 1972 3080 3518 3167">
    <p class='ocr_par' dir='ltr' id='par_1_60' title="bbox 1972 3080 3518 3153">
     <span class='ocr_line' id='line_1_60' title="bbox 1972 3080 3518 3153; baseline 0.005 -17"><span class='ocrx_word' id='word_1_415' title='bbox 1972 3084 2133 3151; x_wconf 74' lang='lat' dir='ltr'><strong>ponit,</strong></span> <span class='ocrx_word' id='word_1_416' title='bbox 2161 3080 2289 3153; x_wconf 89' lang='lat' dir='ltr'><strong>quia</strong></span> <span class='ocrx_word' id='word_1_417' title='bbox 2308 3089 2431 3151; x_wconf 89' lang='lat' dir='ltr'><strong>post</strong></span> <span class='ocrx_word' id='word_1_418' title='bbox 2460 3080 2633 3151; x_wconf 89' lang='lat' dir='ltr'><strong>ipsam</strong></span> <span class='ocrx_word' id='word_1_419' title='bbox 2655 3081 2901 3138; x_wconf 82' lang='lat' dir='ltr'><strong>libertate</strong></span> <span class='ocrx_word' id='word_1_420' title='bbox 2923 3083 3108 3140; x_wconf 90' lang='lat' dir='ltr'><strong>donati</strong></span> <span class='ocrx_word' id='word_1_421' title='bbox 3136 3094 3285 3142; x_wconf 88' lang='lat' dir='ltr'><strong>sunt.</strong></span> <span class='ocrx_word' id='word_1_422' title='bbox 3312 3085 3518 3144; x_wconf 86' lang='lat' dir='ltr'><strong>Pecora</strong></span> 
     </span>
    </p>
   </div>
   <div class='ocr_carea' id='block_1_61' title="bbox 287 3178 1859 3255">
    <p class='ocr_par' dir='ltr' id='par_1_61' title="bbox 287 3178 1859 3255">
     <span class='ocr_line' id='line_1_61' title="bbox 287 3178 1859 3255; baseline 0.003 -24"><span class='ocrx_word' id='word_1_423' title='bbox 287 3178 451 3248; x_wconf 83' lang='grc' dir='ltr'>Δέγει</span> <span class='ocrx_word' id='word_1_424' title='bbox 469 3180 528 3233; x_wconf 71' lang='grc' dir='ltr'><strong>δὲ</strong></span> <span class='ocrx_word' id='word_1_425' title='bbox 551 3182 644 3234; x_wconf 83' lang='grc' dir='ltr'>καὶ</span> <span class='ocrx_word' id='word_1_426' title='bbox 669 3180 901 3251; x_wconf 84' lang='grc' dir='ltr'>κτηνῶν,</span> <span class='ocrx_word' id='word_1_427' title='bbox 928 3180 1117 3252; x_wconf 72' lang='grc' dir='ltr'>ἐπειδὴ</span> <span class='ocrx_word' id='word_1_428' title='bbox 1141 3181 1232 3234; x_wconf 84' lang='grc' dir='ltr'><strong>διὰ</strong></span> <span class='ocrx_word' id='word_1_429' title='bbox 1257 3182 1349 3235; x_wconf 77' lang='grc' dir='ltr'><strong>τὸν</strong></span> <span class='ocrx_word' id='word_1_430' title='bbox 1375 3181 1659 3255; x_wconf 73' lang='grc' dir='ltr'>ἄνθρωπον</span> <span class='ocrx_word' id='word_1_431' title='bbox 1684 3180 1859 3236; x_wconf 81' lang='grc' dir='ltr'>ταῦτα</span> 
     </span>
    </p>
   </div>
   <div class='ocr_carea' id='block_1_62' title="bbox 286 3271 1858 3348">
    <p class='ocr_par' dir='ltr' id='par_1_62' title="bbox 286 3271 1858 3348">
     <span class='ocr_line' id='line_1_62' title="bbox 286 3271 1858 3348; baseline 0.004 -25"><span class='ocrx_word' id='word_1_432' title='bbox 286 3271 601 3341; x_wconf 85' lang='grc' dir='ltr'>γεγένηται,</span> <span class='ocrx_word' id='word_1_433' title='bbox 633 3274 727 3326; x_wconf 74' lang='grc' dir='ltr'><strong>καὶ</strong></span> <span class='ocrx_word' id='word_1_434' title='bbox 751 3273 821 3326; x_wconf 82' lang='grc' dir='ltr'><strong>δι’</strong></span> <span class='ocrx_word' id='word_1_435' title='bbox 854 3275 1015 3329; x_wconf 83' lang='grc' dir='ltr'>αὐτὸν</span> <span class='ocrx_word' id='word_1_436' title='bbox 1055 3276 1150 3329; x_wconf 76' lang='grc' dir='ltr'>καὶ</span> <span class='ocrx_word' id='word_1_437' title='bbox 1182 3275 1487 3340; x_wconf 73' lang='grc' dir='ltr'>κολάζεται.</span> <span class='ocrx_word' id='word_1_438' title='bbox 1530 3276 1693 3329; x_wconf 82' lang='grc' dir='ltr'>Ὥστε</span> <span class='ocrx_word' id='word_1_439' title='bbox 1722 3276 1858 3348; x_wconf 85' lang='grc' dir='ltr'>πρὸς</span> 
     </span>
    </p>
   </div>
   <div class='ocr_carea' id='block_1_63' title="bbox 285 3359 1686 3438">
    <p class='ocr_par' dir='ltr' id='par_1_63' title="bbox 285 3359 1686 3438">
     <span class='ocr_line' id='line_1_63' title="bbox 285 3359 1686 3438; baseline 0.003 -22"><span class='ocrx_word' id='word_1_440' title='bbox 285 3359 514 3433; x_wconf 69' lang='grc' dir='ltr'>αὔξησιν</span> <span class='ocrx_word' id='word_1_441' title='bbox 544 3361 709 3431; x_wconf 83' lang='grc' dir='ltr'>φόϐου</span> <span class='ocrx_word' id='word_1_442' title='bbox 735 3362 1011 3435; x_wconf 78' lang='grc' dir='ltr'>δειχθῆναι</span> <span class='ocrx_word' id='word_1_443' title='bbox 1041 3364 1297 3436; x_wconf 83' lang='grc' dir='ltr'>θεήλατον</span> <span class='ocrx_word' id='word_1_444' title='bbox 1326 3365 1423 3437; x_wconf 83' lang='grc' dir='ltr'>τὴν</span> <span class='ocrx_word' id='word_1_445' title='bbox 1452 3364 1686 3438; x_wconf 81' lang='grc' dir='ltr'>πληγήν.</span> 
     </span>
    </p>
   </div>
   <div class='ocr_carea' id='block_1_64' title="bbox 362 3540 1855 3616">
    <p class='ocr_par' dir='ltr' id='par_1_64' title="bbox 362 3540 1855 3616">
     <span class='ocr_line' id='line_1_64' title="bbox 362 3540 1855 3616; baseline 0.002 -20"><span class='ocrx_word' id='word_1_446' title='bbox 362 3542 440 3596; x_wconf 80' lang='grc' dir='ltr'><em>Τὰ</em></span> <span class='ocrx_word' id='word_1_447' title='bbox 480 3540 699 3596; x_wconf 71' lang='grc' dir='ltr'>εἴδωλα</span> <span class='ocrx_word' id='word_1_448' title='bbox 736 3543 853 3597; x_wconf 85' lang='grc' dir='ltr'><strong>τῶν</strong></span> <span class='ocrx_word' id='word_1_449' title='bbox 891 3545 1081 3600; x_wconf 77' lang='grc' dir='ltr'>ἐθνῶν</span> <span class='ocrx_word' id='word_1_450' title='bbox 1114 3546 1397 3616; x_wconf 76' lang='grc' dir='ltr'>ἀργύριον</span> <span class='ocrx_word' id='word_1_451' title='bbox 1438 3546 1538 3600; x_wconf 79' lang='grc' dir='ltr'>καὶ</span> <span class='ocrx_word' id='word_1_452' title='bbox 1581 3547 1855 3614; x_wconf 77' lang='grc' dir='ltr'>χρυσίον,</span> 
     </span>
    </p>
   </div>
   <div class='ocr_carea' id='block_1_65' title="bbox 286 3630 1857 3706">
    <p class='ocr_par' dir='ltr' id='par_1_65' title="bbox 286 3630 1857 3706">
     <span class='ocr_line' id='line_1_65' title="bbox 286 3630 1857 3706; baseline 0.002 -22"><span class='ocrx_word' id='word_1_453' title='bbox 286 3630 428 3700; x_wconf 71' lang='grc' dir='ltr'>ἔργα</span> <span class='ocrx_word' id='word_1_454' title='bbox 452 3631 668 3701; x_wconf 85' lang='grc' dir='ltr'>χειρῶν</span> <span class='ocrx_word' id='word_1_455' title='bbox 699 3633 1045 3702; x_wconf 82' lang='grc' dir='ltr'>ἀνθρώπων.</span> <span class='ocrx_word' id='word_1_456' title='bbox 1091 3635 1249 3690; x_wconf 81' lang='grc' dir='ltr'>Μετὰ</span> <span class='ocrx_word' id='word_1_457' title='bbox 1274 3636 1335 3689; x_wconf 85' lang='grc' dir='ltr'><strong>τὸ</strong></span> <span class='ocrx_word' id='word_1_458' title='bbox 1375 3635 1547 3701; x_wconf 80' lang='grc' dir='ltr'>δεῖξαι</span> <span class='ocrx_word' id='word_1_459' title='bbox 1575 3635 1673 3706; x_wconf 81' lang='grc' dir='ltr'><strong>τὴν</strong></span> <span class='ocrx_word' id='word_1_460' title='bbox 1708 3635 1857 3689; x_wconf 85' lang='grc' dir='ltr'>θείαν</span> 
     </span>
    </p>
   </div>
   <div class='ocr_carea' id='block_1_66' title="bbox 292 3723 1859 3797">
    <p class='ocr_par' dir='ltr' id='par_1_66' title="bbox 292 3723 1859 3797">
     <span class='ocr_line' id='line_1_66' title="bbox 292 3723 1859 3797; baseline 0.004 -22"><span class='ocrx_word' id='word_1_461' title='bbox 292 3723 544 3793; x_wconf 82' lang='grc' dir='ltr'>πρόνοιαν</span> <span class='ocrx_word' id='word_1_462' title='bbox 593 3725 688 3778; x_wconf 74' lang='grc' dir='ltr'><strong>καὶ</strong></span> <span class='ocrx_word' id='word_1_463' title='bbox 711 3724 1077 3797; x_wconf 79' lang='grc' dir='ltr'>δοξολογῆσαι,</span> <span class='ocrx_word' id='word_1_464' title='bbox 1119 3728 1195 3791; x_wconf 84' lang='grc' dir='ltr'>ὡς</span> <span class='ocrx_word' id='word_1_465' title='bbox 1229 3727 1308 3781; x_wconf 76' lang='grc' dir='ltr'>ἔτι</span> <span class='ocrx_word' id='word_1_466' title='bbox 1342 3727 1546 3791; x_wconf 83' lang='grc' dir='ltr'>δούλοις</span> <span class='ocrx_word' id='word_1_467' title='bbox 1591 3731 1702 3790; x_wconf 82' lang='grc' dir='ltr'>τοῖς</span> <span class='ocrx_word' id='word_1_468' title='bbox 1749 3727 1859 3781; x_wconf 84' lang='grc' dir='ltr'><strong>ἀπὸ</strong></span> 
     </span>
    </p>
   </div>
   <div class='ocr_carea' id='block_1_67' title="bbox 288 3811 1857 3889">
    <p class='ocr_par' dir='ltr' id='par_1_67' title="bbox 288 3811 1857 3889">
     <span class='ocr_line' id='line_1_67' title="bbox 288 3811 1857 3889; baseline 0.004 -25"><span class='ocrx_word' id='word_1_469' title='bbox 288 3811 392 3865; x_wconf 86' lang='grc' dir='ltr'>τῶν</span> <span class='ocrx_word' id='word_1_470' title='bbox 427 3812 598 3866; x_wconf 71' lang='grc' dir='ltr'>ἐθνῶν</span> <span class='ocrx_word' id='word_1_471' title='bbox 629 3815 830 3885; x_wconf 81' lang='grc' dir='ltr'>ἀρτίως</span> <span class='ocrx_word' id='word_1_472' title='bbox 855 3816 1210 3889; x_wconf 83' lang='grc' dir='ltr'>προσελθοῦσι</span> <span class='ocrx_word' id='word_1_473' title='bbox 1245 3816 1643 3888; x_wconf 84' lang='grc' dir='ltr'>διαλεγόμενος,</span> <span class='ocrx_word' id='word_1_474' title='bbox 1680 3835 1857 3888; x_wconf 66' lang='grc' dir='ltr'>παραα</span> 
     </span>
    </p>
   </div>
   <div class='ocr_carea' id='block_1_68' title="bbox 289 3902 1857 3984">
    <p class='ocr_par' dir='ltr' id='par_1_68' title="bbox 289 3902 1857 3984">
     <span class='ocr_line' id='line_1_68' title="bbox 289 3902 1857 3984; baseline 0.004 -28"><span class='ocrx_word' id='word_1_475' title='bbox 289 3904 471 3959; x_wconf 79' lang='grc' dir='ltr'>ϐάλλει</span> <span class='ocrx_word' id='word_1_476' title='bbox 499 3906 607 3960; x_wconf 85' lang='grc' dir='ltr'><strong>τῶν</strong></span> <span class='ocrx_word' id='word_1_477' title='bbox 654 3908 791 3961; x_wconf 81' lang='grc' dir='ltr'>θεῶν</span> <span class='ocrx_word' id='word_1_478' title='bbox 818 3902 892 3963; x_wconf 83' lang='grc' dir='ltr'>ὧν</span> <span class='ocrx_word' id='word_1_479' title='bbox 922 3910 1148 3980; x_wconf 75' lang='grc' dir='ltr'>ἡγοῦντο</span> <span class='ocrx_word' id='word_1_480' title='bbox 1175 3909 1341 3965; x_wconf 79' lang='grc' dir='ltr'>πάλαι</span> <span class='ocrx_word' id='word_1_481' title='bbox 1367 3910 1459 3965; x_wconf 85' lang='grc' dir='ltr'><strong>τὸν</strong></span> <span class='ocrx_word' id='word_1_482' title='bbox 1484 3910 1703 3984; x_wconf 74' lang='grc' dir='ltr'>ἔλεγχον</span> <span class='ocrx_word' id='word_1_483' title='bbox 1727 3911 1857 3965; x_wconf 86' lang='grc' dir='ltr'>ἀκο-</span> 
     </span>
    </p>
   </div>
   <div class='ocr_carea' id='block_1_69' title="bbox 288 3996 1856 4073">
    <p class='ocr_par' dir='ltr' id='par_1_69' title="bbox 288 3996 1856 4073">
     <span class='ocr_line' id='line_1_69' title="bbox 288 3996 1856 4073; baseline 0.004 -23"><span class='ocrx_word' id='word_1_484' title='bbox 288 3996 523 4062; x_wconf 80' lang='grc' dir='ltr'>λούθως’</span> <span class='ocrx_word' id='word_1_485' title='bbox 555 4000 630 4063; x_wconf 85' lang='grc' dir='ltr'>ὡς</span> <span class='ocrx_word' id='word_1_486' title='bbox 660 3996 842 4053; x_wconf 62' lang='grc' dir='ltr'>εἶπεν</span> <span class='ocrx_word' id='word_1_487' title='bbox 868 4002 997 4056; x_wconf 87' lang='grc' dir='ltr'>Ὅτι</span> <span class='ocrx_word' id='word_1_488' title='bbox 1047 4003 1162 4073; x_wconf 66' lang='grc' dir='ltr'><strong>ἐγὼ</strong></span> <span class='ocrx_word' id='word_1_489' title='bbox 1180 4003 1433 4072; x_wconf 73' lang='grc' dir='ltr'>ἔγνωκα,</span> <span class='ocrx_word' id='word_1_490' title='bbox 1476 4002 1568 4057; x_wconf 80' lang='grc' dir='ltr'>ὅτι</span> <span class='ocrx_word' id='word_1_491' title='bbox 1602 4002 1790 4072; x_wconf 74' lang='grc' dir='ltr'>μέγας</span> <span class='ocrx_word' id='word_1_492' title='bbox 1823 4006 1856 4057; x_wconf 86' lang='grc' dir='ltr'><strong>ό</strong></span> 
     </span>
    </p>
   </div>
   <div class='ocr_carea' id='block_1_70' title="bbox 289 4082 1855 4161">
    <p class='ocr_par' dir='ltr' id='par_1_70' title="bbox 289 4082 1855 4161">
     <span class='ocr_line' id='line_1_70' title="bbox 289 4082 1855 4161; baseline 0.006 -23"><span class='ocrx_word' id='word_1_493' title='bbox 289 4082 526 4154; x_wconf 79' lang='grc' dir='ltr'>Κύριος,</span> <span class='ocrx_word' id='word_1_494' title='bbox 561 4087 659 4141; x_wconf 75' lang='grc' dir='ltr'>καὶ</span> <span class='ocrx_word' id='word_1_495' title='bbox 694 4092 728 4142; x_wconf 83' lang='grc' dir='ltr'><strong>ό</strong></span> <span class='ocrx_word' id='word_1_496' title='bbox 772 4087 993 4158; x_wconf 82' lang='grc' dir='ltr'>Κύριος</span> <span class='ocrx_word' id='word_1_497' title='bbox 1026 4091 1197 4161; x_wconf 77' lang='grc' dir='ltr'><strong>ἡμῶν</strong></span> <span class='ocrx_word' id='word_1_498' title='bbox 1236 4094 1395 4160; x_wconf 83' lang='grc' dir='ltr'>παρὰ</span> <span class='ocrx_word' id='word_1_499' title='bbox 1441 4092 1672 4159; x_wconf 82' lang='grc' dir='ltr'>πάντας</span> <span class='ocrx_word' id='word_1_500' title='bbox 1713 4095 1855 4160; x_wconf 85' lang='grc' dir='ltr'>τοὺς</span> 
     </span>
    </p>
   </div>
   <div class='ocr_carea' id='block_1_71' title="bbox 292 4179 1852 4255">
    <p class='ocr_par' dir='ltr' id='par_1_71' title="bbox 292 4179 1852 4255">
     <span class='ocr_line' id='line_1_71' title="bbox 292 4179 1852 4255; baseline 0.004 -24"><span class='ocrx_word' id='word_1_501' title='bbox 292 4179 481 4243; x_wconf 74' lang='grc' dir='ltr'>θεούς.</span> <span class='ocrx_word' id='word_1_502' title='bbox 532 4179 591 4232; x_wconf 90' lang='lat'><strong>&#39;0</strong></span> <span class='ocrx_word' id='word_1_503' title='bbox 626 4179 724 4251; x_wconf 85' lang='grc' dir='ltr'><strong>μὲν</strong></span> <span class='ocrx_word' id='word_1_504' title='bbox 760 4181 867 4253; x_wconf 81' lang='grc' dir='ltr'>γὰρ</span> <span class='ocrx_word' id='word_1_505' title='bbox 892 4182 1127 4237; x_wconf 81' lang='grc' dir='ltr'>τοσαῦτα</span> <span class='ocrx_word' id='word_1_506' title='bbox 1154 4184 1248 4238; x_wconf 79' lang='grc' dir='ltr'><strong>καὶ</strong></span> <span class='ocrx_word' id='word_1_507' title='bbox 1266 4182 1491 4239; x_wconf 80' lang='grc' dir='ltr'>τοιαῦτα</span> <span class='ocrx_word' id='word_1_508' title='bbox 1523 4186 1818 4255; x_wconf 80' lang='grc' dir='ltr'>πεποίηκεν</span> <span class='ocrx_word' id='word_1_509' title='bbox 1839 4202 1852 4216; x_wconf 74' lang='grc' dir='ltr'><strong>ο</strong></span> 
     </span>
    </p>
   </div>
   <div class='ocr_carea' id='block_1_72' title="bbox 291 4270 1856 4350">
    <p class='ocr_par' dir='ltr' id='par_1_72' title="bbox 291 4270 1856 4350">
     <span class='ocr_line' id='line_1_72' title="bbox 291 4270 1856 4350; baseline 0.004 -26"><span class='ocrx_word' id='word_1_510' title='bbox 291 4271 338 4324; x_wconf 79' lang='grc' dir='ltr'><strong>οι</strong></span> <span class='ocrx_word' id='word_1_511' title='bbox 367 4270 425 4325; x_wconf 81' lang='grc' dir='ltr'><strong>δὲ</strong></span> <span class='ocrx_word' id='word_1_512' title='bbox 464 4273 727 4346; x_wconf 84' lang='grc' dir='ltr'>πρότερον</span> <span class='ocrx_word' id='word_1_513' title='bbox 775 4275 928 4346; x_wconf 84' lang='grc' dir='ltr'>ὑμῶν</span> <span class='ocrx_word' id='word_1_514' title='bbox 968 4276 1082 4330; x_wconf 80' lang='grc' dir='ltr'>θεοὶ</span> <span class='ocrx_word' id='word_1_515' title='bbox 1116 4277 1275 4347; x_wconf 85' lang='grc' dir='ltr'>μόνον</span> <span class='ocrx_word' id='word_1_516' title='bbox 1321 4278 1516 4333; x_wconf 70' lang='grc' dir='ltr'>εἴδωλα</span> <span class='ocrx_word' id='word_1_517' title='bbox 1558 4278 1729 4350; x_wconf 84' lang='grc' dir='ltr'>νεκρὰ</span> <span class='ocrx_word' id='word_1_518' title='bbox 1761 4278 1856 4332; x_wconf 79' lang='grc' dir='ltr'>καὶ</span> 
     </span>
    </p>
   </div>
   <div class='ocr_carea' id='block_1_73' title="bbox 289 4360 1855 4437">
    <p class='ocr_par' dir='ltr' id='par_1_73' title="bbox 289 4360 1855 4437">
     <span class='ocr_line' id='line_1_73' title="bbox 289 4360 1855 4437; baseline 0.003 -20"><span class='ocrx_word' id='word_1_519' title='bbox 289 4365 466 4435; x_wconf 58' lang='lat' dir='ltr'><strong>mi,</strong></span> <span class='ocrx_word' id='word_1_520' title='bbox 501 4360 583 4430; x_wconf 71' lang='grc' dir='ltr'>οἷς</span> <span class='ocrx_word' id='word_1_521' title='bbox 616 4368 789 4437; x_wconf 77' lang='grc' dir='ltr'>ὅμοιοι</span> <span class='ocrx_word' id='word_1_522' title='bbox 849 4368 1087 4436; x_wconf 78' lang='grc' dir='ltr'>γένοιντο</span> <span class='ocrx_word' id='word_1_523' title='bbox 1122 4371 1171 4422; x_wconf 81' lang='lat' dir='ltr'><strong>oi</strong></span> <span class='ocrx_word' id='word_1_524' title='bbox 1212 4368 1490 4435; x_wconf 73' lang='grc' dir='ltr'>ποιοῦντες</span> <span class='ocrx_word' id='word_1_525' title='bbox 1521 4370 1675 4424; x_wconf 83' lang='grc' dir='ltr'>αὺτά.</span> <span class='ocrx_word' id='word_1_526' title='bbox 1731 4370 1855 4434; x_wconf 85' lang='grc' dir='ltr'><strong>Πῶς</strong></span> 
     </span>
    </p>
   </div>
   <div class='ocr_carea' id='block_1_74' title="bbox 1959 3172 3513 3247">
    <p class='ocr_par' dir='ltr' id='par_1_74' title="bbox 1959 3172 3513 3247">
     <span class='ocr_line' id='line_1_74' title="bbox 1959 3172 3513 3247; baseline 0.005 -20"><span class='ocrx_word' id='word_1_527' title='bbox 1959 3182 2140 3228; x_wconf 89' lang='lat' dir='ltr'><strong>autem</strong></span> <span class='ocrx_word' id='word_1_528' title='bbox 2168 3184 2450 3237; x_wconf 85' lang='lat' dir='ltr'><strong>memorat,</strong></span> <span class='ocrx_word' id='word_1_529' title='bbox 2485 3172 2611 3243; x_wconf 86' lang='lat' dir='ltr'><strong>quia</strong></span> <span class='ocrx_word' id='word_1_530' title='bbox 2644 3183 2860 3244; x_wconf 90' lang='lat' dir='ltr'><strong>propter</strong></span> <span class='ocrx_word' id='word_1_531' title='bbox 2888 3173 3161 3231; x_wconf 86' lang='lat' dir='ltr'><strong>hominem</strong></span> <span class='ocrx_word' id='word_1_532' title='bbox 3195 3176 3335 3234; x_wconf 80' lang='lat' dir='ltr'><strong>facta</strong></span> <span class='ocrx_word' id='word_1_533' title='bbox 3361 3190 3513 3247; x_wconf 87' lang='lat' dir='ltr'><strong>sunt,</strong></span> 
     </span>
    </p>
   </div>
   <div class='ocr_carea' id='block_1_75' title="bbox 1957 3262 3505 3340">
    <p class='ocr_par' dir='ltr' id='par_1_75' title="bbox 1957 3262 3505 3340">
     <span class='ocr_line' id='line_1_75' title="bbox 1957 3262 3505 3340; baseline 0.005 -22"><span class='ocrx_word' id='word_1_534' title='bbox 1957 3270 2013 3318; x_wconf 88' lang='lat' dir='ltr'><strong>et</strong></span> <span class='ocrx_word' id='word_1_535' title='bbox 2040 3271 2261 3333; x_wconf 89' lang='lat' dir='ltr'><strong>propter</strong></span> <span class='ocrx_word' id='word_1_536' title='bbox 2297 3278 2420 3318; x_wconf 89' lang='lat' dir='ltr'><strong>eum</strong></span> <span class='ocrx_word' id='word_1_537' title='bbox 2451 3266 2803 3335; x_wconf 74' lang='lat' dir='ltr'><strong>castigantur,</strong></span> <span class='ocrx_word' id='word_1_538' title='bbox 2834 3262 2911 3321; x_wconf 86' lang='lat' dir='ltr'><strong>ita</strong></span> <span class='ocrx_word' id='word_1_539' title='bbox 2947 3276 3009 3321; x_wconf 93' lang='lat' dir='ltr'><strong>ut</strong></span> <span class='ocrx_word' id='word_1_540' title='bbox 3032 3282 3129 3337; x_wconf 91' lang='lat' dir='ltr'><strong>per</strong></span> <span class='ocrx_word' id='word_1_541' title='bbox 3158 3279 3505 3340; x_wconf 84' lang='lat' dir='ltr'><strong>augmentum</strong></span> 
     </span>
    </p>
   </div>
   <div class='ocr_carea' id='block_1_76' title="bbox 1955 3354 3517 3434">
    <p class='ocr_par' dir='ltr' id='par_1_76' title="bbox 1955 3354 3517 3434">
     <span class='ocr_line' id='line_1_76' title="bbox 1955 3354 3517 3434; baseline 0.007 -28"><span class='ocrx_word' id='word_1_542' title='bbox 1955 3355 2185 3411; x_wconf 86' lang='lat' dir='ltr'><strong>terroris</strong></span> <span class='ocrx_word' id='word_1_543' title='bbox 2218 3354 2480 3411; x_wconf 84' lang='lat' dir='ltr'><strong>divinitus</strong></span> <span class='ocrx_word' id='word_1_544' title='bbox 2522 3355 2823 3412; x_wconf 88' lang='lat' dir='ltr'><strong>immissam</strong></span> <span class='ocrx_word' id='word_1_545' title='bbox 2862 3355 3034 3414; x_wconf 81' lang='lat' dir='ltr'><strong>fuisse</strong></span> <span class='ocrx_word' id='word_1_546' title='bbox 3063 3359 3274 3430; x_wconf 81' lang='lat' dir='ltr'><strong>plagam</strong></span> <span class='ocrx_word' id='word_1_547' title='bbox 3306 3363 3517 3434; x_wconf 87' lang='lat' dir='ltr'><strong>perspi-</strong></span> 
     </span>
    </p>
   </div>
   <div class='ocr_carea' id='block_1_77' title="bbox 1958 3447 2241 3502">
    <p class='ocr_par' dir='ltr' id='par_1_77' title="bbox 1958 3447 2241 3502">
     <span class='ocr_line' id='line_1_77' title="bbox 1958 3447 2241 3502; baseline -0.004 0"><span class='ocrx_word' id='word_1_548' title='bbox 1958 3461 2121 3502; x_wconf 91' lang='lat' dir='ltr'><strong>cuum</strong></span> <span class='ocrx_word' id='word_1_549' title='bbox 2150 3447 2241 3502; x_wconf 85' lang='lat' dir='ltr'><strong>sit.</strong></span> 
     </span>
    </p>
   </div>
   <div class='ocr_carea' id='block_1_78' title="bbox 2031 3541 3518 3616">
    <p class='ocr_par' dir='ltr' id='par_1_78' title="bbox 2031 3541 3518 3616">
     <span class='ocr_line' id='line_1_78' title="bbox 2031 3541 3518 3616; baseline 0.003 -21"><span class='ocrx_word' id='word_1_550' title='bbox 2031 3541 2120 3595; x_wconf 76' lang='grc'><strong>15.</strong></span> <span class='ocrx_word' id='word_1_551' title='bbox 2147 3541 2449 3595; x_wconf 84' lang='lat' dir='ltr'><strong>Simulacra</strong></span> <span class='ocrx_word' id='word_1_552' title='bbox 2481 3547 2713 3612; x_wconf 87' lang='lat' dir='ltr'><strong>gentium</strong></span> <span class='ocrx_word' id='word_1_553' title='bbox 2735 3555 3007 3614; x_wconf 77' lang='lat' dir='ltr'><strong>argentum</strong></span> <span class='ocrx_word' id='word_1_554' title='bbox 3036 3553 3087 3598; x_wconf 90' lang='lat' dir='ltr'><strong>et</strong></span> <span class='ocrx_word' id='word_1_555' title='bbox 3115 3561 3327 3611; x_wconf 83' lang='lat' dir='ltr'><strong>aurum,</strong></span> <span class='ocrx_word' id='word_1_556' title='bbox 3360 3561 3518 3616; x_wconf 85' lang='lat' dir='ltr'><strong>opera</strong></span> 
     </span>
    </p>
   </div>
   <div class='ocr_carea' id='block_1_79' title="bbox 1958 3632 3519 3706">
    <p class='ocr_par' dir='ltr' id='par_1_79' title="bbox 1958 3632 3519 3706">
     <span class='ocr_line' id='line_1_79' title="bbox 1958 3632 3519 3706; baseline 0.005 -23"><span class='ocrx_word' id='word_1_557' title='bbox 1958 3645 2214 3685; x_wconf 87' lang='lat' dir='ltr'><strong>manuum</strong></span> <span class='ocrx_word' id='word_1_558' title='bbox 2261 3632 2550 3686; x_wconf 79' lang='lat' dir='ltr'><strong>hominum.</strong></span> <span class='ocrx_word' id='word_1_559' title='bbox 2600 3632 2897 3704; x_wconf 84' lang='lat' dir='ltr'><strong>Postquam</strong></span> <span class='ocrx_word' id='word_1_560' title='bbox 2941 3634 3181 3690; x_wconf 82' lang='lat' dir='ltr'><strong>divinam</strong></span> <span class='ocrx_word' id='word_1_561' title='bbox 3231 3637 3519 3706; x_wconf 84' lang='lat' dir='ltr'><strong>providen-</strong></span> 
     </span>
    </p>
   </div>
   <div class='ocr_carea' id='block_1_80' title="bbox 1961 3721 3520 3796">
    <p class='ocr_par' dir='ltr' id='par_1_80' title="bbox 1961 3721 3520 3796">
     <span class='ocr_line' id='line_1_80' title="bbox 1961 3721 3520 3796; baseline 0.004 -22"><span class='ocrx_word' id='word_1_562' title='bbox 1961 3722 2096 3775; x_wconf 88' lang='lat' dir='ltr'><strong>tiam</strong></span> <span class='ocrx_word' id='word_1_563' title='bbox 2137 3722 2376 3778; x_wconf 89' lang='lat' dir='ltr'><strong>ostendit</strong></span> <span class='ocrx_word' id='word_1_564' title='bbox 2401 3730 2457 3778; x_wconf 88' lang='lat' dir='ltr'><strong>et</strong></span> <span class='ocrx_word' id='word_1_565' title='bbox 2487 3721 2739 3777; x_wconf 86' lang='lat' dir='ltr'><strong>laudibus</strong></span> <span class='ocrx_word' id='word_1_566' title='bbox 2770 3724 3089 3789; x_wconf 79' lang='lat' dir='ltr'><strong>celebravit,</strong></span> <span class='ocrx_word' id='word_1_567' title='bbox 3122 3725 3372 3795; x_wconf 88' lang='lat' dir='ltr'><strong>gentibus</strong></span> <span class='ocrx_word' id='word_1_568' title='bbox 3396 3741 3520 3796; x_wconf 68' lang='lat' dir='ltr'><strong>quae</strong></span> 
     </span>
    </p>
   </div>
   <div class='ocr_carea' id='block_1_81' title="bbox 1959 3814 3519 3886">
    <p class='ocr_par' dir='ltr' id='par_1_81' title="bbox 1959 3814 3519 3886">
     <span class='ocr_line' id='line_1_81' title="bbox 1959 3814 3519 3886; baseline 0.003 -17"><span class='ocrx_word' id='word_1_569' title='bbox 1959 3829 2132 3885; x_wconf 88' lang='lat' dir='ltr'><strong>nuper</strong></span> <span class='ocrx_word' id='word_1_570' title='bbox 2151 3815 2219 3870; x_wconf 89' lang='lat' dir='ltr'><strong>ad</strong></span> <span class='ocrx_word' id='word_1_571' title='bbox 2242 3814 2400 3869; x_wconf 83' lang='lat' dir='ltr'><strong>ﬁdem</strong></span> <span class='ocrx_word' id='word_1_572' title='bbox 2432 3823 2801 3879; x_wconf 84' lang='lat' dir='ltr'><strong>accesserunt,</strong></span> <span class='ocrx_word' id='word_1_573' title='bbox 2835 3816 2991 3886; x_wconf 88' lang='lat' dir='ltr'><strong>quasi</strong></span> <span class='ocrx_word' id='word_1_574' title='bbox 3022 3818 3318 3872; x_wconf 89' lang='lat' dir='ltr'><strong>etiamnum</strong></span> <span class='ocrx_word' id='word_1_575' title='bbox 3346 3819 3519 3873; x_wconf 82' lang='lat' dir='ltr'><strong>servis</strong></span> 
     </span>
    </p>
   </div>
   <div class='ocr_carea' id='block_1_82' title="bbox 1958 3904 3517 3977">
    <p class='ocr_par' dir='ltr' id='par_1_82' title="bbox 1958 3904 3517 3977">
     <span class='ocr_line' id='line_1_82' title="bbox 1958 3904 3517 3977; baseline 0.003 -17"><span class='ocrx_word' id='word_1_576' title='bbox 1958 3906 2206 3975; x_wconf 87' lang='lat' dir='ltr'><strong>loquens,</strong></span> <span class='ocrx_word' id='word_1_577' title='bbox 2242 3904 2396 3960; x_wconf 81' lang='lat' dir='ltr'><strong>affert</strong></span> <span class='ocrx_word' id='word_1_578' title='bbox 2438 3905 2661 3961; x_wconf 85' lang='lat' dir='ltr'><strong>deorum</strong></span> <span class='ocrx_word' id='word_1_579' title='bbox 2686 3922 2823 3977; x_wconf 90' lang='lat' dir='ltr'><strong>quos</strong></span> <span class='ocrx_word' id='word_1_580' title='bbox 2848 3907 2976 3961; x_wconf 91' lang='lat' dir='ltr'><strong>olim</strong></span> <span class='ocrx_word' id='word_1_581' title='bbox 3001 3908 3250 3963; x_wconf 86' lang='lat' dir='ltr'><strong>colebant</strong></span> <span class='ocrx_word' id='word_1_582' title='bbox 3267 3907 3517 3964; x_wconf 84' lang='lat' dir='ltr'><strong>confuta-</strong></span> 
     </span>
    </p>
   </div>
   <div class='ocr_carea' id='block_1_83' title="bbox 1957 3994 3518 4068">
    <p class='ocr_par' dir='ltr' id='par_1_83' title="bbox 1957 3994 3518 4068">
     <span class='ocr_line' id='line_1_83' title="bbox 1957 3994 3518 4068; baseline -0.001 -14"><span class='ocrx_word' id='word_1_583' title='bbox 1957 3998 2181 4054; x_wconf 90' lang='lat' dir='ltr'><strong>tionem.</strong></span> <span class='ocrx_word' id='word_1_584' title='bbox 2210 3994 2511 4066; x_wconf 85' lang='lat' dir='ltr'><strong>Postquam</strong></span> <span class='ocrx_word' id='word_1_585' title='bbox 2532 3996 2703 4052; x_wconf 79' lang='lat' dir='ltr'><strong>dixit:</strong></span> <span class='ocrx_word' id='word_1_586' title='bbox 2724 3997 2862 4061; x_wconf 79' lang='lat' dir='ltr'><strong>Quia</strong></span> <span class='ocrx_word' id='word_1_587' title='bbox 2887 4014 2979 4067; x_wconf 89' lang='lat' dir='ltr'><strong>ego</strong></span> <span class='ocrx_word' id='word_1_588' title='bbox 2999 3999 3212 4068; x_wconf 84' lang='lat' dir='ltr'><strong>cognovi</strong></span> <span class='ocrx_word' id='word_1_589' title='bbox 3239 3999 3376 4068; x_wconf 83' lang='lat' dir='ltr'><strong>quod</strong></span> <span class='ocrx_word' id='word_1_590' title='bbox 3404 4016 3518 4053; x_wconf 83' lang='lat' dir='ltr'><strong>ma-</strong></span> 
     </span>
    </p>
   </div>
   <div class='ocr_carea' id='block_1_84' title="bbox 1955 4086 3513 4158">
    <p class='ocr_par' dir='ltr' id='par_1_84' title="bbox 1955 4086 3513 4158">
     <span class='ocr_line' id='line_1_84' title="bbox 1955 4086 3513 4158; baseline 0.003 -19"><span class='ocrx_word' id='word_1_591' title='bbox 1955 4103 2086 4155; x_wconf 89' lang='lat' dir='ltr'><strong>gnus</strong></span> <span class='ocrx_word' id='word_1_592' title='bbox 2108 4096 2185 4140; x_wconf 88' lang='lat' dir='ltr'><strong>est</strong></span> <span class='ocrx_word' id='word_1_593' title='bbox 2216 4086 2493 4155; x_wconf 84' lang='lat' dir='ltr'><strong>Dominus,</strong></span> <span class='ocrx_word' id='word_1_594' title='bbox 2521 4096 2572 4142; x_wconf 87' lang='lat' dir='ltr'><strong>et</strong></span> <span class='ocrx_word' id='word_1_595' title='bbox 2603 4087 2745 4143; x_wconf 89' lang='lat' dir='ltr'><strong>Deus</strong></span> <span class='ocrx_word' id='word_1_596' title='bbox 2777 4098 2952 4143; x_wconf 84' lang='lat' dir='ltr'><strong>noster</strong></span> <span class='ocrx_word' id='word_1_597' title='bbox 2986 4105 3096 4158; x_wconf 68' lang='lat' dir='ltr'><strong>prie</strong></span> <span class='ocrx_word' id='word_1_598' title='bbox 3122 4091 3357 4143; x_wconf 84' lang='lat' dir='ltr'><strong>omnibus</strong></span> <span class='ocrx_word' id='word_1_599' title='bbox 3387 4091 3513 4143; x_wconf 85' lang='lat' dir='ltr'><strong>diis.</strong></span> 
     </span>
    </p>
   </div>
   <div class='ocr_carea' id='block_1_85' title="bbox 1956 4176 3515 4249">
    <p class='ocr_par' dir='ltr' id='par_1_85' title="bbox 1956 4176 3515 4249">
     <span class='ocr_line' id='line_1_85' title="bbox 1956 4176 3515 4249; baseline 0.002 -18"><span class='ocrx_word' id='word_1_600' title='bbox 1956 4176 2074 4247; x_wconf 88' lang='lat' dir='ltr'><strong>Ipse</strong></span> <span class='ocrx_word' id='word_1_601' title='bbox 2101 4177 2247 4232; x_wconf 88' lang='lat' dir='ltr'><strong>enim</strong></span> <span class='ocrx_word' id='word_1_602' title='bbox 2277 4186 2426 4233; x_wconf 88' lang='lat' dir='ltr'><strong>tanta</strong></span> <span class='ocrx_word' id='word_1_603' title='bbox 2454 4178 2689 4249; x_wconf 89' lang='lat' dir='ltr'><strong>taliaque</strong></span> <span class='ocrx_word' id='word_1_604' title='bbox 2711 4194 2873 4249; x_wconf 88' lang='lat' dir='ltr'><strong>opera</strong></span> <span class='ocrx_word' id='word_1_605' title='bbox 2895 4179 3097 4245; x_wconf 85' lang='lat' dir='ltr'><strong>edidit;</strong></span> <span class='ocrx_word' id='word_1_606' title='bbox 3123 4179 3200 4234; x_wconf 90' lang='lat' dir='ltr'><strong>illi</strong></span> <span class='ocrx_word' id='word_1_607' title='bbox 3232 4188 3409 4235; x_wconf 88' lang='lat' dir='ltr'><strong>autem</strong></span> <span class='ocrx_word' id='word_1_608' title='bbox 3440 4181 3515 4234; x_wconf 90' lang='lat' dir='ltr'><strong>dii</strong></span> 
     </span>
    </p>
   </div>
   <div class='ocr_carea' id='block_1_86' title="bbox 1956 4267 3514 4336">
    <p class='ocr_par' dir='ltr' id='par_1_86' title="bbox 1956 4267 3514 4336">
     <span class='ocr_line' id='line_1_86' title="bbox 1956 4267 3514 4336; baseline 0.002 -14"><span class='ocrx_word' id='word_1_609' title='bbox 1956 4267 2087 4322; x_wconf 91' lang='lat' dir='ltr'><strong>olim</strong></span> <span class='ocrx_word' id='word_1_610' title='bbox 2108 4268 2296 4336; x_wconf 81' lang='lat' dir='ltr'><strong>vestri,</strong></span> <span class='ocrx_word' id='word_1_611' title='bbox 2329 4269 2507 4325; x_wconf 89' lang='lat' dir='ltr'><strong>solum</strong></span> <span class='ocrx_word' id='word_1_612' title='bbox 2534 4269 2823 4325; x_wconf 89' lang='lat' dir='ltr'><strong>simulacra</strong></span> <span class='ocrx_word' id='word_1_613' title='bbox 2849 4278 3007 4324; x_wconf 83' lang='lat' dir='ltr'><strong>erant</strong></span> <span class='ocrx_word' id='word_1_614' title='bbox 3030 4279 3267 4335; x_wconf 81' lang='lat' dir='ltr'><strong>mortua,</strong></span> <span class='ocrx_word' id='word_1_615' title='bbox 3295 4279 3348 4326; x_wconf 93' lang='lat' dir='ltr'><strong>et</strong></span> <span class='ocrx_word' id='word_1_616' title='bbox 3374 4287 3514 4327; x_wconf 59' lang='lat' dir='ltr'><strong>caeca</strong></span> 
     </span>
    </p>
   </div>
   <div class='ocr_carea' id='block_1_87' title="bbox 1956 4360 3513 4432">
    <p class='ocr_par' dir='ltr' id='par_1_87' title="bbox 1956 4360 3513 4432">
     <span class='ocr_line' id='line_1_87' title="bbox 1956 4360 3513 4432; baseline 0.003 -20"><span class='ocrx_word' id='word_1_617' title='bbox 1956 4360 2157 4429; x_wconf 88' lang='lat' dir='ltr'><strong>quibus</strong></span> <span class='ocrx_word' id='word_1_618' title='bbox 2183 4361 2390 4417; x_wconf 87' lang='lat' dir='ltr'><strong>similes</strong></span> <span class='ocrx_word' id='word_1_619' title='bbox 2421 4360 2553 4417; x_wconf 81' lang='lat' dir='ltr'><strong>ﬁant</strong></span> <span class='ocrx_word' id='word_1_620' title='bbox 2581 4362 2675 4432; x_wconf 91' lang='lat' dir='ltr'><strong>qui</strong></span> <span class='ocrx_word' id='word_1_621' title='bbox 2704 4361 2913 4417; x_wconf 85' lang='lat' dir='ltr'><strong>faciunt</strong></span> <span class='ocrx_word' id='word_1_622' title='bbox 2938 4377 3023 4417; x_wconf 82' lang='lat' dir='ltr'><strong>ea.</strong></span> <span class='ocrx_word' id='word_1_623' title='bbox 3051 4362 3335 4428; x_wconf 85' lang='lat' dir='ltr'><strong>Quomodo</strong></span> <span class='ocrx_word' id='word_1_624' title='bbox 3368 4363 3513 4418; x_wconf 88' lang='lat' dir='ltr'><strong>enim</strong></span> 
     </span>
    </p>
   </div>
   <div class='ocr_carea' id='block_1_88' title="bbox 289 4443 1859 4533">
    <p class='ocr_par' dir='ltr' id='par_1_88' title="bbox 289 4458 1848 4533">
     <span class='ocr_line' id='line_1_88' title="bbox 289 4458 1848 4533; baseline 0.003 -22"><span class='ocrx_word' id='word_1_625' title='bbox 289 4458 392 4529; x_wconf 79' lang='grc' dir='ltr'>γὰρ</span> <span class='ocrx_word' id='word_1_626' title='bbox 415 4460 465 4511; x_wconf 82' lang='grc' dir='ltr'>οἰ</span> <span class='ocrx_word' id='word_1_627' title='bbox 493 4462 605 4522; x_wconf 75' lang='grc' dir='ltr'>τοῖς</span> <span class='ocrx_word' id='word_1_628' title='bbox 647 4459 873 4529; x_wconf 84' lang='grc' dir='ltr'>ἀψύχοις</span> <span class='ocrx_word' id='word_1_629' title='bbox 917 4460 1347 4532; x_wconf 77' lang='grc' dir='ltr'>προσκυνοῦντες</span> <span class='ocrx_word' id='word_1_630' title='bbox 1379 4462 1480 4515; x_wconf 82' lang='grc' dir='ltr'><strong>οὐκ</strong></span> <span class='ocrx_word' id='word_1_631' title='bbox 1510 4460 1848 4533; x_wconf 81' lang='grc' dir='ltr'>ἀπελιθώθη-</span> 
     </span>
    </p>
   </div>
   <div class='ocr_carea' id='block_1_89' title="bbox 1972 4443 3519 4533">
    <p class='ocr_par' dir='ltr' id='par_1_89' title="bbox 1972 4452 3519 4525">
     <span class='ocr_line' id='line_1_89' title="bbox 1972 4452 3519 4525; baseline 0.003 -18"><span class='ocrx_word' id='word_1_632' title='bbox 1972 4452 2052 4522; x_wconf 78' lang='grc' dir='ltr'>ιυὶ</span> <span class='ocrx_word' id='word_1_633' title='bbox 2080 4452 2376 4507; x_wconf 90' lang='lat' dir='ltr'><strong>inanimata</strong></span> <span class='ocrx_word' id='word_1_634' title='bbox 2397 4452 2628 4508; x_wconf 89' lang='lat' dir='ltr'><strong>adorant</strong></span> <span class='ocrx_word' id='word_1_635' title='bbox 2643 4469 2751 4509; x_wconf 88' lang='lat' dir='ltr'><strong>non</strong></span> <span class='ocrx_word' id='word_1_636' title='bbox 2766 4454 2972 4525; x_wconf 87' lang='lat' dir='ltr'><strong>lapides</strong></span> <span class='ocrx_word' id='word_1_637' title='bbox 2991 4455 3175 4510; x_wconf 90' lang='lat' dir='ltr'><strong>animo</strong></span> <span class='ocrx_word' id='word_1_638' title='bbox 3191 4464 3319 4510; x_wconf 90' lang='lat' dir='ltr'><strong>sunt</strong></span> <span class='ocrx_word' id='word_1_639' title='bbox 3335 4454 3519 4521; x_wconf 69' lang='grc' dir='ltr'>’ἔρυσο</span> 
     </span>
    </p>
   </div>
   <div class='ocr_carea' id='block_1_90' title="bbox 292 4547 1851 4623">
    <p class='ocr_par' dir='ltr' id='par_1_90' title="bbox 292 4547 1851 4623">
     <span class='ocr_line' id='line_1_90' title="bbox 292 4547 1851 4623; baseline 0.003 -24"><span class='ocrx_word' id='word_1_640' title='bbox 292 4563 387 4600; x_wconf 83' lang='grc' dir='ltr'><strong>σαν</strong></span> <span class='ocrx_word' id='word_1_641' title='bbox 411 4547 513 4611; x_wconf 75' lang='grc' dir='ltr'>τὰς</span> <span class='ocrx_word' id='word_1_642' title='bbox 535 4548 740 4619; x_wconf 52' lang='grc' dir='ltr'>ψυχάς</span> <span class='ocrx_word' id='word_1_643' title='bbox 776 4549 867 4602; x_wconf 76' lang='grc' dir='ltr'><strong>καὶ</strong></span> <span class='ocrx_word' id='word_1_644' title='bbox 912 4548 1006 4613; x_wconf 80' lang='grc' dir='ltr'><strong>οὒς</strong></span> <span class='ocrx_word' id='word_1_645' title='bbox 1063 4549 1166 4623; x_wconf 75' lang='grc' dir='ltr'><strong>ἔφη</strong></span> <span class='ocrx_word' id='word_1_646' title='bbox 1222 4550 1366 4606; x_wconf 76' lang='grc' dir='ltr'>κατὰ</span> <span class='ocrx_word' id='word_1_647' title='bbox 1409 4552 1507 4623; x_wconf 81' lang='grc' dir='ltr'>τὴν</span> <span class='ocrx_word' id='word_1_648' title='bbox 1564 4550 1851 4621; x_wconf 87' lang='grc' dir='ltr'>συνήθειαν</span> 
     </span>
    </p>
   </div>
   <div class='ocr_carea' id='block_1_91' title="bbox 289 4637 1847 4713">
    <p class='ocr_par' dir='ltr' id='par_1_91' title="bbox 289 4637 1847 4713">
     <span class='ocr_line' id='line_1_91' title="bbox 289 4637 1847 4713; baseline 0.002 -21"><span class='ocrx_word' id='word_1_649' title='bbox 289 4637 490 4692; x_wconf 71' lang='grc' dir='ltr'>ἄνωθεν</span> <span class='ocrx_word' id='word_1_650' title='bbox 518 4638 693 4703; x_wconf 83' lang='grc' dir='ltr'>θεοὺς,</span> <span class='ocrx_word' id='word_1_651' title='bbox 724 4638 818 4692; x_wconf 80' lang='grc' dir='ltr'>νῦν</span> <span class='ocrx_word' id='word_1_652' title='bbox 850 4641 1165 4711; x_wconf 84' lang='grc' dir='ltr'>ὲπαισχύνει</span> <span class='ocrx_word' id='word_1_653' title='bbox 1193 4642 1287 4695; x_wconf 73' lang='grc' dir='ltr'><strong>καὶ</strong></span> <span class='ocrx_word' id='word_1_654' title='bbox 1317 4642 1582 4713; x_wconf 82' lang='grc' dir='ltr'>κέκληκεν</span> <span class='ocrx_word' id='word_1_655' title='bbox 1636 4641 1847 4709; x_wconf 69' lang='grc' dir='ltr'>εἴδωλα,</span> 
     </span>
    </p>
   </div>
   <div class='ocr_carea' id='block_1_92' title="bbox 289 4728 1399 4804">
    <p class='ocr_par' dir='ltr' id='par_1_92' title="bbox 289 4728 1399 4804">
     <span class='ocr_line' id='line_1_92' title="bbox 289 4728 1399 4804; baseline 0.005 -22"><span class='ocrx_word' id='word_1_656' title='bbox 289 4728 585 4783; x_wconf 80' lang='grc' dir='ltr'>διαϐάλλων</span> <span class='ocrx_word' id='word_1_657' title='bbox 609 4733 677 4802; x_wconf 80' lang='grc' dir='ltr'>τῇ</span> <span class='ocrx_word' id='word_1_658' title='bbox 711 4747 770 4783; x_wconf 86' lang='grc' dir='ltr'><strong>τε</strong></span> <span class='ocrx_word' id='word_1_659' title='bbox 799 4730 899 4804; x_wconf 76' lang='grc' dir='ltr'>ὕλῃ</span> <span class='ocrx_word' id='word_1_660' title='bbox 929 4732 1021 4785; x_wconf 79' lang='grc' dir='ltr'>καὶ</span> <span class='ocrx_word' id='word_1_661' title='bbox 1048 4734 1113 4803; x_wconf 82' lang='grc' dir='ltr'>τῇ</span> <span class='ocrx_word' id='word_1_662' title='bbox 1148 4732 1399 4803; x_wconf 75' lang='grc' dir='ltr'>ἐργασίᾳ.</span> 
     </span>
    </p>
   </div>
   <div class='ocr_carea' id='block_1_93' title="bbox 795 4821 1366 4890">
    <p class='ocr_par' dir='ltr' id='par_1_93' title="bbox 795 4821 1366 4890">
     <span class='ocr_line' id='line_1_93' title="bbox 795 4821 1366 4890; baseline 0 -15"><span class='ocrx_word' id='word_1_663' title='bbox 795 4821 1163 4890; x_wconf 69' lang='grc' dir='ltr'>Ἀλληλούτα.</span> <span class='ocrx_word' id='word_1_664' title='bbox 1192 4824 1366 4877; x_wconf 84' lang='grc' dir='ltr'><strong>ΡΛΕ’.</strong></span> 
     </span>
    </p>
   </div>
   <div class='ocr_carea' id='block_1_94' title="bbox 368 4912 1850 4984">
    <p class='ocr_par' dir='ltr' id='par_1_94' title="bbox 368 4912 1850 4984">
     <span class='ocr_line' id='line_1_94' title="bbox 368 4912 1850 4984; baseline 0.003 -19"><span class='ocrx_word' id='word_1_665' title='bbox 368 4912 851 4983; x_wconf 75' lang='grc' dir='ltr'>Ἐξομολογεῖσθε</span> <span class='ocrx_word' id='word_1_666' title='bbox 892 4913 972 4980; x_wconf 83' lang='grc' dir='ltr'>τῷ</span> <span class='ocrx_word' id='word_1_667' title='bbox 994 4915 1187 4982; x_wconf 80' lang='grc' dir='ltr'>Κυρίῳ</span> <span class='ocrx_word' id='word_1_668' title='bbox 1224 4914 1312 4969; x_wconf 82' lang='grc' dir='ltr'>ὅτι</span> <span class='ocrx_word' id='word_1_669' title='bbox 1348 4915 1588 4984; x_wconf 73' lang='grc' dir='ltr'>ἀγαθὸς,</span> <span class='ocrx_word' id='word_1_670' title='bbox 1632 4913 1722 4967; x_wconf 85' lang='grc' dir='ltr'>ὅτι</span> <span class='ocrx_word' id='word_1_671' title='bbox 1764 4915 1850 4981; x_wconf 72' lang='grc' dir='ltr'>εἰς</span> 
     </span>
    </p>
   </div>
   <div class='ocr_carea' id='block_1_95' title="bbox 288 5001 1123 5069">
    <p class='ocr_par' dir='ltr' id='par_1_95' title="bbox 288 5001 1123 5069">
     <span class='ocr_line' id='line_1_95' title="bbox 288 5001 1123 5069; baseline 0.001 -13"><span class='ocrx_word' id='word_1_672' title='bbox 288 5001 391 5056; x_wconf 81' lang='grc' dir='ltr'>τὸν</span> <span class='ocrx_word' id='word_1_673' title='bbox 416 5001 602 5057; x_wconf 66' lang='grc' dir='ltr'>αἰῶνα</span> <span class='ocrx_word' id='word_1_674' title='bbox 634 5003 699 5056; x_wconf 89' lang='grc' dir='ltr'>τὸ</span> <span class='ocrx_word' id='word_1_675' title='bbox 717 5004 890 5069; x_wconf 78' lang='grc' dir='ltr'>ἕλεος</span> <span class='ocrx_word' id='word_1_676' title='bbox 918 5002 1123 5058; x_wconf 86' lang='grc' dir='ltr'>αὐτοῦ.</span> 
     </span>
    </p>
   </div>
   <div class='ocr_carea' id='block_1_96' title="bbox 361 5092 1849 5165">
    <p class='ocr_par' dir='ltr' id='par_1_96' title="bbox 361 5092 1849 5165">
     <span class='ocr_line' id='line_1_96' title="bbox 361 5092 1849 5165; baseline 0.003 -18"><span class='ocrx_word' id='word_1_677' title='bbox 361 5092 443 5160; x_wconf 84' lang='grc' dir='ltr'><strong>Τῷ</strong></span> <span class='ocrx_word' id='word_1_678' title='bbox 468 5095 881 5149; x_wconf 62' lang='lat' dir='ltr'><strong>statumech</strong></span> <span class='ocrx_word' id='word_1_679' title='bbox 907 5093 1025 5162; x_wconf 84' lang='grc' dir='ltr'><strong>τὴν</strong></span> <span class='ocrx_word' id='word_1_680' title='bbox 1071 5095 1351 5165; x_wconf 82' lang='grc' dir='ltr'>Ἐρυθρὰν</span> <span class='ocrx_word' id='word_1_681' title='bbox 1395 5095 1718 5152; x_wconf 73' lang='grc' dir='ltr'>θάλασσαν</span> <span class='ocrx_word' id='word_1_682' title='bbox 1761 5100 1849 5163; x_wconf 72' lang='grc' dir='ltr'>εἰς</span> 
     </span>
    </p>
   </div>
   <div class='ocr_carea' id='block_1_97' title="bbox 288 5181 1852 5260">
    <p class='ocr_par' dir='ltr' id='par_1_97' title="bbox 288 5181 1852 5260">
     <span class='ocr_line' id='line_1_97' title="bbox 288 5181 1852 5260; baseline 0.004 -23"><span class='ocrx_word' id='word_1_683' title='bbox 288 5181 618 5253; x_wconf 68' lang='grc' dir='ltr'>διαιρέσεις.</span> <span class='ocrx_word' id='word_1_684' title='bbox 652 5185 823 5254; x_wconf 81' lang='grc' dir='ltr'>Λόγος</span> <span class='ocrx_word' id='word_1_685' title='bbox 858 5186 1083 5257; x_wconf 84' lang='grc' dir='ltr'>ἀρχαῖός</span> <span class='ocrx_word' id='word_1_686' title='bbox 1119 5204 1282 5257; x_wconf 82' lang='grc' dir='ltr'>φησιν</span> <span class='ocrx_word' id='word_1_687' title='bbox 1344 5190 1424 5252; x_wconf 78' lang='grc' dir='ltr'><strong>εἰς</strong></span> <span class='ocrx_word' id='word_1_688' title='bbox 1458 5188 1666 5243; x_wconf 86' lang='grc' dir='ltr'>δώδεκα.</span> <span class='ocrx_word' id='word_1_689' title='bbox 1709 5191 1852 5260; x_wconf 89' lang='grc' dir='ltr'>τμή-</span> 
     </span>
    </p>
   </div>
   <div class='ocr_carea' id='block_1_98' title="bbox 293 5275 1848 5353">
    <p class='ocr_par' dir='ltr' id='par_1_98' title="bbox 293 5275 1848 5353">
     <span class='ocr_line' id='line_1_98' title="bbox 293 5275 1848 5353; baseline 0.005 -26"><span class='ocrx_word' id='word_1_690' title='bbox 293 5291 432 5343; x_wconf 81' lang='grc' dir='ltr'>ματα</span> <span class='ocrx_word' id='word_1_691' title='bbox 460 5275 820 5346; x_wconf 78' lang='grc' dir='ltr'>διαιρεθεῖσαν</span> <span class='ocrx_word' id='word_1_692' title='bbox 841 5277 941 5349; x_wconf 86' lang='grc' dir='ltr'><strong>τὴν</strong></span> <span class='ocrx_word' id='word_1_693' title='bbox 967 5276 1261 5345; x_wconf 77' lang='grc' dir='ltr'>θάλασσαν,</span> <span class='ocrx_word' id='word_1_694' title='bbox 1294 5279 1501 5352; x_wconf 73' lang='grc' dir='ltr'>ἑκάστῃ</span> <span class='ocrx_word' id='word_1_695' title='bbox 1542 5280 1681 5353; x_wconf 77' lang='grc' dir='ltr'>φυλῇ</span> <span class='ocrx_word' id='word_1_696' title='bbox 1720 5280 1848 5352; x_wconf 84' lang='grc' dir='ltr'>μίαν</span> 
     </span>
    </p>
   </div>
   <div class='ocr_carea' id='block_1_99' title="bbox 287 5366 731 5421">
    <p class='ocr_par' dir='ltr' id='par_1_99' title="bbox 287 5366 731 5421">
     <span class='ocr_line' id='line_1_99' title="bbox 287 5366 731 5421; baseline 0.005 -2"><span class='ocrx_word' id='word_1_697' title='bbox 287 5366 572 5420; x_wconf 75' lang='grc' dir='ltr'>ἀποδοῦναι</span> <span class='ocrx_word' id='word_1_698' title='bbox 595 5367 731 5421; x_wconf 86' lang='grc' dir='ltr'>ὀδόν.</span> 
     </span>
    </p>
   </div>
   <div class='ocr_carea' id='block_1_100' title="bbox 361 5458 1848 5536">
    <p class='ocr_par' dir='ltr' id='par_1_100' title="bbox 361 5458 1848 5536">
     <span class='ocr_line' id='line_1_100' title="bbox 361 5458 1848 5536; baseline 0.005 -24"><span class='ocrx_word' id='word_1_699' title='bbox 361 5458 447 5523; x_wconf 84' lang='grc' dir='ltr'><strong>Τῷ</strong></span> <span class='ocrx_word' id='word_1_700' title='bbox 475 5458 815 5529; x_wconf 78' lang='grc' dir='ltr'>διαγαγόντι</span> <span class='ocrx_word' id='word_1_701' title='bbox 844 5460 949 5515; x_wconf 83' lang='grc' dir='ltr'>τὸν</span> <span class='ocrx_word' id='word_1_702' title='bbox 993 5460 1150 5516; x_wconf 71' lang='grc' dir='ltr'>λαὸν</span> <span class='ocrx_word' id='word_1_703' title='bbox 1174 5464 1365 5518; x_wconf 85' lang='grc' dir='ltr'>αὑτοῦ</span> <span class='ocrx_word' id='word_1_704' title='bbox 1403 5463 1475 5517; x_wconf 78' lang='grc' dir='ltr'>ἐν</span> <span class='ocrx_word' id='word_1_705' title='bbox 1523 5463 1598 5535; x_wconf 77' lang='grc' dir='ltr'>τῇ</span> <span class='ocrx_word' id='word_1_706' title='bbox 1630 5465 1848 5536; x_wconf 78' lang='grc' dir='ltr'><strong>ἐρήμῳ.</strong></span> 
     </span>
    </p>
   </div>
   <div class='ocr_carea' id='block_1_101' title="bbox 286 5546 1845 5635">
    <p class='ocr_par' dir='ltr' id='par_1_101' title="bbox 286 5546 1845 5635">
     <span class='ocr_line' id='line_1_101' title="bbox 286 5546 1845 5635; baseline 0.006 -33"><span class='ocrx_word' id='word_1_707' title='bbox 286 5546 397 5602; x_wconf 79' lang='grc' dir='ltr'>οὐκ</span> <span class='ocrx_word' id='word_1_708' title='bbox 441 5548 665 5603; x_wconf 69' lang='grc' dir='ltr'>ἔλαττον</span> <span class='ocrx_word' id='word_1_709' title='bbox 703 5550 802 5620; x_wconf 85' lang='grc' dir='ltr'>τῆς</span> <span class='ocrx_word' id='word_1_710' title='bbox 847 5550 1120 5625; x_wconf 78' lang='grc' dir='ltr'>θαλάσσης</span> <span class='ocrx_word' id='word_1_711' title='bbox 1164 5553 1265 5623; x_wconf 80' lang='grc' dir='ltr'>τῆς</span> <span class='ocrx_word' id='word_1_712' title='bbox 1293 5554 1498 5625; x_wconf 69' lang='grc' dir='ltr'>ἐρήμου</span> <span class='ocrx_word' id='word_1_713' title='bbox 1527 5555 1587 5609; x_wconf 77' lang='grc' dir='ltr'>τὸ</span> <span class='ocrx_word' id='word_1_714' title='bbox 1642 5556 1845 5635; x_wconf 84' lang='grc' dir='ltr'>θαῦμα.</span> 
     </span>
    </p>
   </div>
   <div class='ocr_carea' id='block_1_102' title="bbox 347 5701 764 5771">
    <p class='ocr_par' dir='ltr' id='par_1_102' title="bbox 347 5701 764 5771">
     <span class='ocr_line' id='line_1_102' title="bbox 347 5701 764 5771; baseline 0.002 -12"><span class='ocrx_word' id='word_1_715' title='bbox 347 5701 394 5739; x_wconf 66' lang='grc' dir='ltr'>θ’</span> <span class='ocrx_word' id='word_1_716' title='bbox 417 5702 574 5761; x_wconf 78' lang='lat' dir='ltr'><strong>Joaa.</strong></span> <span class='ocrx_word' id='word_1_717' title='bbox 616 5720 700 5771; x_wconf 82' lang='grc' dir='ltr'>ιιι,</span> <span class='ocrx_word' id='word_1_718' title='bbox 730 5704 764 5760; x_wconf 89' lang='lat'><strong>8</strong></span> 
     </span>
    </p>
   </div>
   <div class='ocr_carea' id='block_1_103' title="bbox 1952 4543 3515 4612">
    <p class='ocr_par' dir='ltr' id='par_1_103' title="bbox 1952 4543 3515 4612">
     <span class='ocr_line' id='line_1_103' title="bbox 1952 4543 3515 4612; baseline 0.003 -16"><span class='ocrx_word' id='word_1_719' title='bbox 1952 4550 2133 4596; x_wconf 89' lang='lat' dir='ltr'><strong>autem</strong></span> <span class='ocrx_word' id='word_1_720' title='bbox 2161 4543 2415 4612; x_wconf 89' lang='lat' dir='ltr'><strong>superius</strong></span> <span class='ocrx_word' id='word_1_721' title='bbox 2442 4557 2510 4598; x_wconf 80' lang='lat' dir='ltr'><strong>ex</strong></span> <span class='ocrx_word' id='word_1_722' title='bbox 2537 4545 2935 4600; x_wconf 87' lang='lat' dir='ltr'><strong>consuetudine</strong></span> <span class='ocrx_word' id='word_1_723' title='bbox 2961 4546 3090 4601; x_wconf 87' lang='lat' dir='ltr'><strong>deos</strong></span> <span class='ocrx_word' id='word_1_724' title='bbox 3116 4546 3344 4610; x_wconf 82' lang='lat' dir='ltr'><strong>vocavit,</strong></span> <span class='ocrx_word' id='word_1_725' title='bbox 3371 4562 3515 4601; x_wconf 88' lang='lat' dir='ltr'><strong>tmnc</strong></span> 
     </span>
    </p>
   </div>
   <div class='ocr_carea' id='block_1_104' title="bbox 1952 4631 3516 4707">
    <p class='ocr_par' dir='ltr' id='par_1_104' title="bbox 1952 4631 3516 4707">
     <span class='ocr_line' id='line_1_104' title="bbox 1952 4631 3516 4707; baseline 0.001 -19"><span class='ocrx_word' id='word_1_726' title='bbox 1952 4631 2235 4688; x_wconf 80' lang='lat' dir='ltr'><strong>confundit</strong></span> <span class='ocrx_word' id='word_1_727' title='bbox 2272 4641 2326 4689; x_wconf 91' lang='lat' dir='ltr'><strong>et</strong></span> <span class='ocrx_word' id='word_1_728' title='bbox 2369 4644 2525 4690; x_wconf 80' lang='lat' dir='ltr'><strong>vocat</strong></span> <span class='ocrx_word' id='word_1_729' title='bbox 2561 4634 2725 4701; x_wconf 90' lang='lat' dir='ltr'><strong>idola,</strong></span> <span class='ocrx_word' id='word_1_730' title='bbox 2763 4648 2817 4691; x_wconf 90' lang='lat' dir='ltr'><strong>et</strong></span> <span class='ocrx_word' id='word_1_731' title='bbox 2862 4637 3099 4691; x_wconf 71' lang='lat' dir='ltr'><strong>materiae</strong></span> <span class='ocrx_word' id='word_1_732' title='bbox 3137 4647 3190 4691; x_wconf 89' lang='lat' dir='ltr'><strong>et</strong></span> <span class='ocrx_word' id='word_1_733' title='bbox 3212 4651 3391 4707; x_wconf 63' lang='lat' dir='ltr'><strong>operae</strong></span> <span class='ocrx_word' id='word_1_734' title='bbox 3420 4651 3516 4691; x_wconf 82' lang='lat' dir='ltr'><strong>ex-</strong></span> 
     </span>
    </p>
   </div>
   <div class='ocr_carea' id='block_1_105' title="bbox 1951 4724 2233 4794">
    <p class='ocr_par' dir='ltr' id='par_1_105' title="bbox 1951 4724 2233 4794">
     <span class='ocr_line' id='line_1_105' title="bbox 1951 4724 2233 4794; baseline 0.011 -16"><span class='ocrx_word' id='word_1_735' title='bbox 1951 4724 2233 4794; x_wconf 85' lang='lat' dir='ltr'><strong>probraus.</strong></span> 
     </span>
    </p>
   </div>
   <div class='ocr_carea' id='block_1_106' title="bbox 2444 4816 3007 4874">
    <p class='ocr_par' dir='ltr' id='par_1_106' title="bbox 2444 4816 3007 4874">
     <span class='ocr_line' id='line_1_106' title="bbox 2444 4816 3007 4874; baseline 0.005 -3"><span class='ocrx_word' id='word_1_736' title='bbox 2444 4816 2695 4873; x_wconf 77' lang='lat' dir='ltr'><strong>Alleluia.</strong></span> <span class='ocrx_word' id='word_1_737' title='bbox 2728 4816 2931 4872; x_wconf 78' lang='lat' dir='ltr'><strong>CXXX</strong></span> <span class='ocrx_word' id='word_1_738' title='bbox 2946 4817 3007 4874; x_wconf 84' lang='lat' dir='ltr'><strong>V.</strong></span> 
     </span>
    </p>
   </div>
   <div class='ocr_carea' id='block_1_107' title="bbox 2024 4904 3512 4983">
    <p class='ocr_par' dir='ltr' id='par_1_107' title="bbox 2024 4904 3512 4983">
     <span class='ocr_line' id='line_1_107' title="bbox 2024 4904 3512 4983; baseline 0.004 -25"><span class='ocrx_word' id='word_1_739' title='bbox 2024 4905 2072 4958; x_wconf 77' lang='grc'>1.</span> <span class='ocrx_word' id='word_1_740' title='bbox 2109 4904 2446 4976; x_wconf 77' lang='lat' dir='ltr'><strong>Conﬁtemini</strong></span> <span class='ocrx_word' id='word_1_741' title='bbox 2490 4908 2713 4963; x_wconf 88' lang='lat' dir='ltr'><strong>Domino</strong></span> <span class='ocrx_word' id='word_1_742' title='bbox 2754 4912 3003 4980; x_wconf 87' lang='lat' dir='ltr'><strong>quoniam</strong></span> <span class='ocrx_word' id='word_1_743' title='bbox 3054 4912 3240 4978; x_wconf 85' lang='lat' dir='ltr'><strong>bonus,</strong></span> <span class='ocrx_word' id='word_1_744' title='bbox 3265 4928 3512 4983; x_wconf 72' lang='lat' dir='ltr'><strong>quoniam</strong></span> 
     </span>
    </p>
   </div>
   <div class='ocr_carea' id='block_1_108' title="bbox 1951 4996 2835 5071">
    <p class='ocr_par' dir='ltr' id='par_1_108' title="bbox 1951 4996 2835 5071">
     <span class='ocr_line' id='line_1_108' title="bbox 1951 4996 2835 5071; baseline 0.008 -21"><span class='ocrx_word' id='word_1_745' title='bbox 1951 4996 2009 5050; x_wconf 84' lang='lat' dir='ltr'><strong>in</strong></span> <span class='ocrx_word' id='word_1_746' title='bbox 2032 4998 2284 5052; x_wconf 70' lang='lat' dir='ltr'><strong>circulum</strong></span> <span class='ocrx_word' id='word_1_747' title='bbox 2315 5002 2674 5055; x_wconf 84' lang='lat' dir='ltr'><strong>misericordia</strong></span> <span class='ocrx_word' id='word_1_748' title='bbox 2699 5001 2835 5071; x_wconf 84' lang='lat' dir='ltr'><strong>ejus.</strong></span> 
     </span>
    </p>
   </div>
   <div class='ocr_carea' id='block_1_109' title="bbox 2025 5089 3515 5154">
    <p class='ocr_par' dir='ltr' id='par_1_109' title="bbox 2025 5089 3515 5154">
     <span class='ocr_line' id='line_1_109' title="bbox 2025 5089 3515 5154; baseline 0.003 -12"><span class='ocrx_word' id='word_1_749' title='bbox 2025 5091 2109 5144; x_wconf 76' lang='grc'><strong>15.</strong></span> <span class='ocrx_word' id='word_1_750' title='bbox 2140 5089 2244 5154; x_wconf 84' lang='lat' dir='ltr'><strong>Qui</strong></span> <span class='ocrx_word' id='word_1_751' title='bbox 2292 5092 2468 5145; x_wconf 90' lang='lat' dir='ltr'><strong>divisit</strong></span> <span class='ocrx_word' id='word_1_752' title='bbox 2500 5108 2643 5147; x_wconf 86' lang='lat' dir='ltr'><strong>mare</strong></span> <span class='ocrx_word' id='word_1_753' title='bbox 2666 5093 2902 5148; x_wconf 83' lang='lat' dir='ltr'><strong>Rubrum</strong></span> <span class='ocrx_word' id='word_1_754' title='bbox 2938 5096 2991 5150; x_wconf 87' lang='lat' dir='ltr'><strong>in</strong></span> <span class='ocrx_word' id='word_1_755' title='bbox 3028 5096 3327 5151; x_wconf 84' lang='lat' dir='ltr'><strong>divisiones.</strong></span> <span class='ocrx_word' id='word_1_756' title='bbox 3359 5093 3515 5147; x_wconf 83' lang='lat' dir='ltr'><strong>Anti-</strong></span> 
     </span>
    </p>
   </div>
   <div class='ocr_carea' id='block_1_110' title="bbox 1952 5181 3509 5249">
    <p class='ocr_par' dir='ltr' id='par_1_110' title="bbox 1952 5181 3509 5249">
     <span class='ocr_line' id='line_1_110' title="bbox 1952 5181 3509 5249; baseline 0.003 -15"><span class='ocrx_word' id='word_1_757' title='bbox 1952 5195 2064 5249; x_wconf 87' lang='lat' dir='ltr'><strong>quo</strong></span> <span class='ocrx_word' id='word_1_758' title='bbox 2091 5196 2344 5235; x_wconf 89' lang='lat' dir='ltr'><strong>sermone</strong></span> <span class='ocrx_word' id='word_1_759' title='bbox 2373 5181 2544 5238; x_wconf 81' lang='lat' dir='ltr'><strong>fertur</strong></span> <span class='ocrx_word' id='word_1_760' title='bbox 2569 5189 2624 5238; x_wconf 88' lang='lat' dir='ltr'><strong>in</strong></span> <span class='ocrx_word' id='word_1_761' title='bbox 2656 5186 2939 5241; x_wconf 83' lang='lat' dir='ltr'><strong>duodecim</strong></span> <span class='ocrx_word' id='word_1_762' title='bbox 2985 5186 3252 5242; x_wconf 84' lang='lat' dir='ltr'><strong>sectiones</strong></span> <span class='ocrx_word' id='word_1_763' title='bbox 3278 5184 3509 5239; x_wconf 83' lang='lat' dir='ltr'><strong>divisum</strong></span> 
     </span>
    </p>
   </div>
   <div class='ocr_carea' id='block_1_111' title="bbox 1954 5270 3512 5347">
    <p class='ocr_par' dir='ltr' id='par_1_111' title="bbox 1954 5270 3512 5347">
     <span class='ocr_line' id='line_1_111' title="bbox 1954 5270 3512 5347; baseline 0.004 -24"><span class='ocrx_word' id='word_1_764' title='bbox 1954 5270 2126 5325; x_wconf 82' lang='lat' dir='ltr'><strong>fuisse</strong></span> <span class='ocrx_word' id='word_1_765' title='bbox 2173 5286 2344 5340; x_wconf 88' lang='lat' dir='ltr'><strong>mare,</strong></span> <span class='ocrx_word' id='word_1_766' title='bbox 2377 5282 2435 5327; x_wconf 91' lang='lat' dir='ltr'><strong>ut</strong></span> <span class='ocrx_word' id='word_1_767' title='bbox 2484 5274 2712 5344; x_wconf 87' lang='lat' dir='ltr'><strong>singulis</strong></span> <span class='ocrx_word' id='word_1_768' title='bbox 2761 5278 3009 5333; x_wconf 89' lang='lat' dir='ltr'><strong>tribubus</strong></span> <span class='ocrx_word' id='word_1_769' title='bbox 3039 5276 3264 5347; x_wconf 71' lang='lat' dir='ltr'><strong>singula:</strong></span> <span class='ocrx_word' id='word_1_770' title='bbox 3290 5276 3389 5330; x_wconf 71' lang='lat' dir='ltr'><strong>vias</strong></span> <span class='ocrx_word' id='word_1_771' title='bbox 3416 5276 3512 5330; x_wconf 87' lang='lat' dir='ltr'><strong>da-</strong></span> 
     </span>
    </p>
   </div>
   <div class='ocr_carea' id='block_1_112' title="bbox 1955 5370 2160 5429">
    <p class='ocr_par' dir='ltr' id='par_1_112' title="bbox 1955 5370 2160 5429">
     <span class='ocr_line' id='line_1_112' title="bbox 1955 5370 2160 5429; baseline -0.02 -12"><span class='ocrx_word' id='word_1_772' title='bbox 1955 5370 2160 5429; x_wconf 75' lang='lat' dir='ltr'><strong>rentur.</strong></span> 
     </span>
    </p>
   </div>
   <div class='ocr_carea' id='block_1_113' title="bbox 2022 5450 3507 5528">
    <p class='ocr_par' dir='ltr' id='par_1_113' title="bbox 2022 5450 3507 5528">
     <span class='ocr_line' id='line_1_113' title="bbox 2022 5450 3507 5528; baseline 0.003 -21"><span class='ocrx_word' id='word_1_773' title='bbox 2022 5453 2107 5507; x_wconf 78' lang='grc'>16.</span> <span class='ocrx_word' id='word_1_774' title='bbox 2137 5452 2241 5519; x_wconf 82' lang='lat' dir='ltr'><strong>Qui</strong></span> <span class='ocrx_word' id='word_1_775' title='bbox 2262 5455 2499 5509; x_wconf 73' lang='lat' dir='ltr'><strong>traduxit</strong></span> <span class='ocrx_word' id='word_1_776' title='bbox 2523 5459 2770 5528; x_wconf 85' lang='lat' dir='ltr'><strong>populum</strong></span> <span class='ocrx_word' id='word_1_777' title='bbox 2794 5474 2945 5512; x_wconf 85' lang='lat' dir='ltr'><strong>suum</strong></span> <span class='ocrx_word' id='word_1_778' title='bbox 2969 5474 3059 5528; x_wconf 89' lang='lat' dir='ltr'><strong>per</strong></span> <span class='ocrx_word' id='word_1_779' title='bbox 3081 5458 3361 5513; x_wconf 86' lang='lat' dir='ltr'><strong>desertum.</strong></span> <span class='ocrx_word' id='word_1_780' title='bbox 3391 5450 3507 5513; x_wconf 86' lang='lat' dir='ltr'><strong>Non</strong></span> 
     </span>
    </p>
   </div>
   <div class='ocr_carea' id='block_1_114' title="bbox 1954 5543 3508 5619">
    <p class='ocr_par' dir='ltr' id='par_1_114' title="bbox 1954 5543 3508 5619">
     <span class='ocr_line' id='line_1_114' title="bbox 1954 5543 3508 5619; baseline 0.004 -21"><span class='ocrx_word' id='word_1_781' title='bbox 1954 5543 2135 5601; x_wconf 88' lang='lat' dir='ltr'><strong>minus</strong></span> <span class='ocrx_word' id='word_1_782' title='bbox 2171 5545 2493 5603; x_wconf 89' lang='lat' dir='ltr'><strong>miraculum</strong></span> <span class='ocrx_word' id='word_1_783' title='bbox 2527 5549 2582 5603; x_wconf 93' lang='lat' dir='ltr'><strong>in</strong></span> <span class='ocrx_word' id='word_1_784' title='bbox 2608 5550 2824 5605; x_wconf 87' lang='lat' dir='ltr'><strong>deserto</strong></span> <span class='ocrx_word' id='word_1_785' title='bbox 2850 5562 3014 5619; x_wconf 87' lang='lat' dir='ltr'><strong>quam</strong></span> <span class='ocrx_word' id='word_1_786' title='bbox 3046 5548 3099 5602; x_wconf 91' lang='lat' dir='ltr'><strong>in</strong></span> <span class='ocrx_word' id='word_1_787' title='bbox 3133 5553 3266 5603; x_wconf 86' lang='lat' dir='ltr'><strong>mari</strong></span> <span class='ocrx_word' id='word_1_788' title='bbox 3301 5548 3508 5604; x_wconf 82' lang='lat' dir='ltr'><strong>editum</strong></span> 
     </span>
    </p>
   </div>
  </div>
