3946 6222
423 324 525 382 59.7

1263 321 1318 374 S.
1360 318 1726 374 ATHANASII
1758 320 1907 375 OPP.
1949 319 2128 376 PARS
2163 320 2248 374 ΙΙΙ.
2287 351 2357 361 —
2394 318 2804 376 EXEGETICA.

3534 322 3637 382 528

421 446 523 492 est.
557 434 720 490 Multa
762 434 960 505 quippe
1003 443 1157 489 erant
1185 450 1305 504 quae
1341 445 1571 491 mortem
1609 436 1974 505 minabantur,

2097 438 2254 491 Ιολλὰ
2283 437 2390 509 γὰρ
2418 440 2488 491 τὰ
2520 438 2744 492 θάνατον
2777 436 3099 491 ἀπειλοῦντα
3118 478 3134 504 ,
3178 438 3350 509 λιμὸς,
3404 438 3635 511 αὐχμὸς.

424 516 813 593 fames,testns.
836 525 975 589 sitis,
997 524 1226 579 ferarum
1251 525 1558 592 multitudo,
1577 528 1982 583 commodorum

426 618 669 672 omnium
744 617 1060 685 indigentia.
1106 614 1183 670 Illi
1235 633 1362 672 vero
1405 618 1620 672 nemine
1666 617 1985 688 perterrefa-

426 712 600 766 cicnte
651 711 752 765 iter
799 709 1047 780 agebant.
1093 708 1171 763 Ex
1218 708 1430 764 duobus
1467 718 1645 765 autem
1672 709 1984 765 fortissimis

427 804 675 874 regibus,
705 801 797 872 qui
831 802 897 856 de
940 800 1135 856 robore
1181 810 1234 856 et
1265 802 1637 872 magnitudine
1672 802 1980 872 gloriaban-

429 905 535 959 tnr,
555 892 799 947 liberavit
825 906 938 947 eos.
963 890 1041 945 Ex
1066 893 1262 960 quibus
1282 890 1361 962 Og
1387 907 1579 947 novem
1609 893 1980 962 longitudinis,

427 987 667 1056 quinque
691 984 991 1039 latitudinis
1020 985 1231 1041 cubitos
1271 986 1526 1051 habebat,
1557 996 1611 1041 et
1643 986 1783 1041 lecto
1808 985 1985 1042 ferreo

431 1077 698 1131 utebatur.

497 1168 581 1223 l9.
604 1167 770 1223 Sehon
787 1183 955 1238 regem
971 1165 1411 1233 Amorrhworum,
1428 1173 1532 1221 etc.
1551 1165 1667 1222 Non
1685 1167 1802 1223 sine
1820 1182 1982 1224 causa
2030 1191 2051 1202 -

426 1259 545 1312 aliis
575 1258 795 1314 omissis
841 1259 942 1313 hos
989 1258 1308 1312 memoravit
1344 1274 1518 1326 reges,
1551 1258 1644 1314 sed
1694 1268 1754 1314 ut
1786 1259 1984 1329 populo

427 1353 481 1405 in
504 1360 737 1406 mentem
755 1359 1028 1406 revocaret
1046 1349 1306 1405 divinitus
1323 1364 1639 1406 concessam
1671 1351 1980 1405 victoriam.

425 1442 559 1497 Nam
582 1443 648 1498 de
669 1443 866 1499 robore
894 1442 995 1514 ipsi
1013 1450 1067 1498 et
1094 1442 1337 1513 potentia
1363 1450 1416 1496 et
1443 1442 1692 1513 corporis
1715 1442 1858 1497 mole
1878 1442 1986 1513 glo-

426 1536 723 1590 riabantur.

492 1628 581 1682 25.
614 1624 754 1692 Quia
795 1626 851 1680 in
886 1625 1181 1680 humilitate
1214 1633 1394 1679 nostra
1440 1641 1639 1679 memor
1683 1624 1783 1694 fuit
1819 1623 1983 1677 nostri

430 1718 701 1772 Dominus.
729 1715 852 1773 Haec
878 1718 1042 1772 verba
1067 1736 1080 1771 :
1109 1716 1245 1782 Quia
1272 1718 1326 1771 in
1350 1717 1647 1770 humilitate
1671 1726 1854 1770 nostra
1878 1732 1984 1769 me-

428 1824 539 1862 mor
563 1808 665 1877 fuit
701 1808 865 1861 nostri
908 1808 1182 1873 Dominus,
1208 1807 1385 1877 aptius
1427 1806 1757 1860 conveniunt
1799 1805 1864 1860 iis
1891 1806 1982 1874 qui
2015 1785 2057 1840 Β

426 1916 456 1952 a
485 1898 750 1969 spirituali
797 1898 911 1954 sive
950 1898 1189 1954 sensibili
1234 1898 1542 1967 captivitate
1579 1896 1791 1951 liberati
1834 1906 1980 1952 sunt.

462 2096 464 2099 ‘
496 2083 679 2152 25,26.
704 2082 808 2150 Qui
830 2083 922 2138 dat
966 2100 1136 2138 escam
1159 2085 1299 2138 omni
1324 2083 1494 2140 carni.
1524 2081 1640 2138 Non
1671 2084 1817 2139 enim
1864 2083 1986 2153 pios

428 2188 636 2234 tantum
679 2178 944 2248 benignus
987 2176 1133 2233 Deus
1167 2185 1341 2243 curat,
1382 2176 1476 2231 sed
1507 2176 1672 2230 etiam
1711 2191 1887 2246 usque
1918 2176 1986 2231 ad

427 2271 586 2326 bruta
603 2270 896 2325 animantia
917 2269 1022 2325 :ita
1053 2277 1113 2325 ut
1135 2277 1516 2339 congruentem
1546 2268 1776 2339 singulis
1803 2268 1986 2322 cibum

426 2358 719 2430 dispenset,
749 2368 799 2414 et
835 2359 1226 2429 providentiam
1258 2373 1411 2413 suam
1461 2360 1718 2413 extendat
1761 2373 1792 2412 a
1820 2360 1987 2411 mira-

426 2450 625 2506 bilibus
660 2450 782 2506 caeli
827 2465 1002 2521 usque
1049 2451 1115 2505 ad
1162 2450 1425 2505 vilissima
1474 2459 1661 2515 terrae;
1704 2459 1757 2504 et
1789 2451 1988 2504 exhinc

428 2557 647 2599 rursum
693 2541 760 2597 ad
793 2557 965 2613 usque
1012 2541 1206 2596 cmlum
1252 2541 1613 2612 progreditur.
1648 2539 1828 2606 Quare
1866 2549 1989 2610 post

428 2634 589 2697 illud,
631 2634 772 2687 omni
817 2633 997 2699 carni,
1046 2632 1230 2702 adjicit
1267 2649 1281 2684 :
1324 2631 1659 2701 Con/itemini
1697 2630 1803 2685 Deo
1849 2631 1985 2685 caeli.

425 2723 560 2780 Nam
596 2725 717 2780 licet
743 2725 987 2779 omnium
1033 2724 1104 2778 sit
1135 2723 1334 2794 opifex,
1373 2739 1469 2793 per
1504 2723 1881 2779 excellentiam
1908 2731 1989 2776 ta-

428 2832 552 2871 men
579 2815 722 2872 Deus
755 2817 877 2871 cmli
903 2817 1121 2882 dicitur,
1149 2830 1336 2870 eorum
1367 2814 1459 2884 qui
1493 2814 1657 2870 isthic
1684 2813 1887 2883 degunt
1909 2810 1989 2866 fa-

430 2909 635 2962 mulatu
666 2907 864 2963 cultus.
897 2904 1179 2976 Siquidem
1211 2904 1366 2961 locus
1393 2905 1483 2960 ille
1508 2919 1539 2958 a
1566 2912 1790 2974 peccato
1817 2918 1989 2974 purus

428 3009 483 3055 et
508 3014 709 3055 vacuus
739 3006 843 3054 est.
1896 2988 1897 2991 “

549 3090 740 3147 Davidi
762 3107 853 3162 per
878 3087 1180 3144 Jeremiam.
1207 3084 1451 3141 PSALM
1458 3083 1544 3141 US
1570 3085 1772 3142 CXXX
1785 3085 1879 3140 VI.

499 3182 551 3237 1.
594 3180 760 3251 Super
787 3180 1009 3250 ﬂumina
1044 3178 1333 3248 Babylonis
1367 3177 1477 3232 illic
1501 3177 1729 3231 sedimus
1761 3187 1807 3231 et
1841 3177 1989 3247 ﬂevi-

433 3289 566 3328 mus.
618 3270 851 3327 Docetur
898 3271 990 3326 hic
1041 3268 1285 3324 futurum
1338 3277 1398 3323 ut
1446 3267 1486 3321 ii
1532 3267 1626 3337 qui
1661 3266 1844 3321 multis
1871 3275 1990 3336 post

432 3366 588 3419 annis
633 3365 687 3417 in
732 3361 1003 3433 Babylone
1046 3369 1267 3430 prepter
1305 3359 1648 3429 iniquitatem
1695 3359 1989 3414 habitaturi

429 3464 604 3525 erant,
639 3454 830 3510 flerent
856 3463 906 3509 et
938 3453 1085 3507 anxii
1124 3461 1328 3518 essent,
1360 3450 1638 3522 cupientes
1671 3451 1813 3505 bona
1838 3466 1989 3521 repe-

431 3558 541 3604 tere
567 3562 685 3603 sua.

496 3638 549 3694 5.
586 3636 646 3694 Si
676 3636 868 3691 oblitus
906 3635 1053 3707 fuero
1080 3636 1178 3702 tui,
1212 3632 1530 3701 Jerusalem,
1565 3634 1813 3688 oblivioni
1837 3634 1990 3688 detur

427 3731 643 3786 dextera
677 3745 810 3782 mea.
843 3727 1080 3794 Scilicet,
1128 3744 1196 3782 ne
1240 3741 1535 3798 supernum
1570 3727 1831 3782 auxilium
1859 3741 1990 3781 con-

428 3839 641 3895 sequar.

495 3917 548 3972 6.
595 3914 876 3970 Adhazreat
924 3913 1107 3983 lingua
1146 3927 1262 3965 mea
1308 3909 1549 3981 faucibus
1580 3910 1746 3974 meis,
1786 3910 1834 3963 si
1885 3924 1989 3962 non

426 4007 706 4062 meminero
750 4006 850 4060 tui.
899 4004 1032 4070 Qua:
1075 4003 1220 4058 enim
1267 4001 1471 4055 utilitas
1517 3999 1865 4055 instrumenti
1920 3998 1986 4052 ad

427 4111 731 4152 sermonem
768 4093 1020 4150 destinati
1065 4092 1112 4149 si
1158 4091 1227 4146 ad
1268 4090 1501 4146 officium
1532 4105 1638 4144 non
1668 4086 1989 4143 moveatur?

426 4185 785 4253 Quamobrem
820 4186 963 4241 beati
1003 4183 1105 4239 viri
1135 4200 1229 4253 per
1274 4192 1443 4237 totam
1485 4181 1647 4235 vitam
1677 4180 1744 4235 de
1773 4179 1987 4251 hymnis

426 4276 755 4330 celebrandis
781 4290 966 4330 curam
1014 4274 1249 4328 habuere
1289 4272 1526 4327 dicentes
1558 4286 1572 4322 :
1608 4268 1848 4325 Cantabo
1878 4269 1989 4323 Do-

428 4368 565 4420 mino
587 4368 641 4419 in
671 4367 779 4420 vita
805 4382 921 4419 mea
941 4366 1007 4420 °’.
1033 4363 1164 4420 Erat
1190 4374 1368 4419 autem
1397 4363 1505 4417 illis
1526 4362 1827 4418 veneranda
1854 4361 1987 4416 civi-

2080 529 2226 598 δίψα,
2262 528 2461 600 πλῆθος
2511 527 2745 600 θηρίων,
2782 529 3032 582 ἁπάντων
3069 529 3387 599 ἐπιτηδείων
3433 532 3467 602 ἡ
3511 533 3637 603 ἐρη-

2085 621 2200 691 μία.
2231 621 2294 673 Οί
2317 620 2373 673 δὲ
2401 620 2629 692 μηδενὸς
2663 620 2951 690 φοϐούντος
2998 618 3262 684 ἐϐάδιζον.
3310 623 3403 675 Ἐκ
3448 622 3505 676 δὲ
3542 623 3636 677 δύο

2080 712 2315 766 δυνατῶν
2341 714 2432 766 καὶ
2466 711 2806 783 βασιλέων,οῖ
2827 712 2916 764 ἐπὶ
2948 711 3106 785 ῥώμῃ
3121 712 3212 765 καὶ
3231 713 3514 784 δυναστείᾳ
3544 713 3636 766 καὶ

2085 805 2298 876 μεγέθει
2322 805 2568 876 σώματος
2589 803 2958 875 ἐσεμνύνοντο,
2989 804 3254 877 ἐῤῥύσατο
3292 805 3505 869 αὐτούς.
3538 806 3639 875 Ὠγ

2084 896 2275 967 πηχῶν
2302 896 2437 967 ἔχων
2466 894 2621 948 ἐννέα
2653 894 2713 947 τὸ
2747 895 2939 965 μῆκος,
2968 894 3062 948 καὶ
3096 894 3255 948 πέντε
3288 894 3351 949 τὸ
3391 894 3590 959 πλάτος
3618 936 3636 961 ,

2082 989 2176 1042 καὶ
2214 989 2434 1061 σιδηρᾶν
2464 983 2577 1058 εἶχε
2609 986 2706 1059 τὴν
2736 986 2946 1057 κλίνην.

2157 1170 2267 1226 τὸν
2285 1169 2455 1239 Σηὼν
2484 1167 2749 1235 βασιλέα
2767 1167 2888 1221 τῶν
2908 1168 3286 1237 Ἀμορῤαίων.
3316 1169 3427 1240 Οὐχ
3450 1167 3634 1233 ἁπλῶς

2081 1263 2137 1317 δὲ
2160 1265 2283 1328 τοὺς
2311 1262 2502 1326 ἄλλους
2526 1260 2876 1333 παραλείπων
2907 1259 3162 1330 βασιλέας
3203 1259 3405 1314 τούτων
3450 1261 3635 1329 διαφε-

2085 1352 2280 1423 ρόντως
2312 1351 2575 1424 ἐμνήσθη,
2619 1351 2752 1405 ἀλλᾶ
2786 1351 2878 1405 τὸν
2911 1351 3037 1404 λαὸν
3076 1352 3173 1422 τῆς
3212 1351 3451 1405 θεοδότου
3484 1352 3638 1423 νίκης

2082 1448 2529 1518 ἀναμιμνήσκων.
2576 1444 2699 1498 Ἐπὶ
2728 1443 2887 1516 ῥώμῃ
2917 1442 3025 1516 γὰρ
3048 1436 3191 1497 οὗτοι
3221 1444 3314 1498 καὶ
3353 1442 3640 1513 δυναστείᾳ⁸

2083 1539 2176 1593 καὶ
2206 1537 2422 1609 μεγέθει
2449 1535 2698 1608 σώματος
2730 1533 3104 1606 ἐσεμνύνοντο.
3365 1550 3377 1561 ⁸

2152 1630 2279 1683 Ὅτι
2304 1630 2374 1683 ἐν
2395 1628 2470 1697 τῇ
2492 1625 2841 1682 ταπεινώσει
2870 1623 3038 1695 ἡμῶν
3076 1623 3347 1695 ἐμνήσθη
3393 1623 3561 1693 ἡμῶν
3606 1626 3640 1676 ό

2081 1722 2312 1790 Κύριος.
2338 1720 2507 1774 Πλέον
2534 1719 2764 1791 ἁρμόσει
2790 1721 2817 1772 6
2844 1718 3000 1788 λόγος
3033 1720 3062 1771 6
3100 1717 3293 1786 λέγων,
3324 1717 3454 1770 "Ott
3475 1716 3544 1769 ἐν
3566 1713 3639 1784 τῇ

2084 1812 2432 1867 ταπεινώσει
2453 1811 2621 1881 ήμῶν
2653 1809 2925 1880 ἐμνήσθη
2976 1808 3145 1878 ἡμῶν
3168 1811 3200 1862 ό
3245 1807 3482 1877 Κύριος,
3530 1808 3640 1869 τοῖς

2083 1905 2180 1976 τῆς
2200 1903 2396 1975 νοητῆς
2423 1902 2661 1967 δουλείας
2690 1899 3101 1970 ἀπαλλαγεῖσιν,
3147 1898 3286 1970 ἤτοι,
3326 1898 3425 1969 τῆς
3452 1896 3642 1969 αἰσθη-

2084 2013 2202 2066 της.

2164 2087 2218 2141 '0
2251 2086 2452 2153 διδοὺς
2478 2085 2707 2155 τρυφὴν
2740 2083 2906 2153 πάσῃ
2956 2084 3161 2153 σαρκί.
3214 2082 3289 2136 Οὐ
3339 2082 3449 2154 γὰρ
3482 2083 3643 2154 μέχρι

2084 2179 2191 2233 τῶν
2221 2178 2582 2232 εὐσεϐούντων
2613 2175 2764 2248 ἡτοῦ
2798 2175 3175 2248 φιλανθρώπου
3232 2174 3370 2229 Θεοῦ
3413 2176 3644 2246 κηδεμοο

2087 2273 2193 2335 νία,
2226 2270 2362 2326 ἀλλὰ
2394 2270 2484 2324 καὶ
2519 2272 2678 2342 μέχρι
2702 2269 2809 2323 τῶν
2837 2267 3066 2338 ἀλόγων,
3107 2268 3182 2333 ὡς
3210 2268 3422 2339 ἑκάστῳ
3447 2267 3644 2322 κατάλ-

2086 2364 2244 2437 ληλον
2272 2363 2467 2418 διδόναι
2514 2362 2741 2434 τροφὴν,
2784 2359 3117 2414 ἐκτείνεσθαί
3162 2378 3222 2414 τε
3264 2361 3362 2431 τὴν
3391 2362 3646 2432 πρόνοιαν

2087 2453 2195 2507 ἀπὸ
2211 2452 2317 2506 τῶν
2343 2454 2462 2507 κατ’
2490 2452 2713 2523 οὐρανὸν
2761 2448 3051 2520 θαυμάτων
3086 2450 3245 2521 μέχρι
3275 2449 3382 2503 τῶν
3424 2450 3515 2502 ἐπὶ
3545 2449 3648 2520 γῆς

2089 2543 2460 2616 σμικροτάτων
2477 2559 2490 2572 ο
2523 2538 2771 2593 ἐντεῦθεν
2795 2539 2853 2593 δὲ
2877 2539 3038 2594 πάλιν
3082 2540 3267 2610 διῆκεν
3294 2542 3372 2604 εἰς
3397 2540 3641 2612 οὐρανόν.

2086 2636 2176 2688 Διὸ
2223 2633 2361 2706 μετὰ
2386 2633 2465 2699 τὸ,
2504 2631 2669 2701 πάσῃ
2712 2631 2910 2700 σαρκὶ,
2956 2633 3308 2703 ἐπενήνοχεν·
3340 2632 3648 2701 7550.14010-

2086 2727 2285 2797 γεῖσθε
2314 2723 2395 2790 τῷ
2424 2722 2547 2789 Θεῷ
2576 2722 2682 2776 τοῦ
2704 2722 2987 2791 οὐρανοῦ.
3020 2724 3131 2776 Καὶ
3156 2724 3368 2776 πάντων
3386 2721 3458 2775 ὢν
3488 2739 3649 2794 ποιηη

2085 2818 2184 2889 τὴς
2215 2860 2230 2885 ,
2266 2815 2495 2888 ούρανοῦ
2520 2814 2639 2867 κατ’
2672 2813 2945 2885 ἐξαίρετον
2987 2814 3310 2886 χρηματίζει
3336 2814 3466 2878 Θεὸς
3493 2853 3508 2879 ,
3544 2813 3652 2866 ὑπὸ

2085 2912 2193 2966 τῶν
2221 2912 2337 2964 ἐκεῖ
2378 2907 2747 2979 διαιτωμένων
2776 2905 3229 2978 θεραπευόμενος.
3264 2905 3515 2978 Καθαρὸν
3538 2905 3652 2976 γὰρ

2088 3005 2361 3077 ἁμαρτίας
2385 3003 2502 3056 ἐστι
2534 2999 2750 3072 χωρίον.
3224 3038 3233 3058 ι

2235 3094 2317 3161 Τῷ
2332 3092 2513 3149 Δαυῒδ
2541 3094 2638 3148 διὰ
2654 3095 2953 3164 Ἰερεμίου.
2986 3093 3293 3146 ΨΑΛΜΟΣ
3315 3093 3508 3158 ΡΛ(Ῐ¹.

2161 3186 2289 3239 Ἐπὶ
2305 3185 2425 3239 τῶν
2444 3183 2724 3255 ποταμῶν
2743 3183 3101 3248 Βαϐυλῶνος
3130 3180 3255 3235 ἐκεῖ
3284 3182 3653 3249 ἐκαθίσαμεν

2088 3280 2186 3333 καὶ
2229 3279 2630 3349 ἐκλαύσαμεν.
2689 3278 2939 3331 Διδάσκει
2984 3277 3012 3329 ὁ
3064 3274 3219 3343 λόγος
3268 3275 3393 3338 τοὺς
3439 3273 3650 3337 πολλοῖς

2089 3371 2310 3446 ὓστερον
2333 3371 2543 3443 χρόνοις
2573 3372 2860 3442 ἐσομένους
2883 3372 2940 3423 ἐν
2971 3366 3248 3422 Βαϐυλῶνι
3280 3366 3369 3421 διὰ
3403 3368 3502 3438 τὴν
3527 3369 3649 3421 ἀνο-

2091 3460 2217 3530 μίαν
2245 3459 2468 3525 κλαίειν,
2520 3459 2827 3531 ἀδημονεῖν,
2874 3456 3259 3528 ἐπιζητοῦντας
3289 3456 3401 3510 τῶν
3436 3456 3651 3511 οἰκείων

2088 3550 2307 3619 ἀγαθῶν
2338 3551 2438 3622 τὴν
2462 3551 2753 3623 ἀπόληψιν.

2157 3641 2295 3695 Ἐὰν
2315 3642 2679 3712 ἐπιλάθωμαι
2709 3656 2849 3707 σου,
2873 3642 3273 3712 Ἰερουσαλὴμ,
3299 3640 3649 3708 exaugeam

2086 3735 2126 3803 ἡ
2157 3733 2324 3800 δεξιά
2333 3735 2657 3804 μου.Ἥτοι,
2685 3734 2759 3806 μὴ
2775 3733 2991 3812 τύχοιμι
3021 3734 3118 3805 τῆς
3149 3733 3352 3788 ἄνωθεν
3378 3732 3642 3804 βοηθείας.

2156 3912 2489 3981 Κολληθείη
2516 3913 2555 3979 ἠ
2582 3908 2830 3983 γλῶσσά
2850 3928 2970 3980 μου
3000 3908 3080 3975 τῷ
3102 3908 3356 3979 λάρυγγι
3380 3926 3521 3975 μου,
3545 3907 3650 3962 ἐὰν

2081 4002 2166 4072 μή
2221 4018 2337 4058 σου
2384 3999 2657 4073 μνησθῶ.
2693 4000 2759 4053 Τί
2803 4000 2912 4071 γὰρ
2958 3999 3147 4067 ὖφελος
3190 3998 3460 4072 ὲρρῶσθαι
3492 3998 3647 4066 λόγου

2086 4096 2348 4167 ὄργανον,
2381 4094 2515 4165 πρὸς
2557 4093 2617 4149 τὸ
2658 4093 2775 4146 δέον
2817 4093 2891 4164 μὴ
2921 4091 3274 4163 κρουόμενον;
3303 4090 3394 4143 Διὸ
3429 4092 3523 4143 καὶ
3553 4089 3649 4161 τὴν

2088 4185 2231 4256 ζωὴν
2263 4185 2473 4239 ἃπασαν
2495 4185 2544 4237 oi
2570 4184 2825 4256 μακάριοι
2850 4183 3039 4254 ἄνδρες
3066 4185 3132 4254 τῇ
3157 4184 3282 4254 περὶ
3302 4184 3426 4245 τοὺς
3453 4182 3647 4252 ὕμνους

2088 4279 2154 4332 ἂν
2193 4274 2332 4348 ἦσαν
2375 4277 2612 4348 φροντίδι
2654 4275 2922 4344 λέγοντες
2958 4276 3119 4345 ’ᾼσω
3150 4273 3229 4339 τῷ
3261 4273 3454 4341 Κυρίῳ
3478 4274 3549 4326 ἐν
3575 4271 3648 4341 τῇ

2087 4365 2197 4435 ζωῇ
2225 4384 2363 4435 μου.
2389 4363 2497 4421 τΗν
2523 4366 2581 4419 δὲ
2614 4367 2648 4438 ἡ
2677 4366 2826 4429 πόλις
2859 4368 3039 4429 αὐτοῖς
3067 4365 3223 4436 τιμία
3252 4364 3340 4417 διὰ
3365 4365 3464 4435 τὴν
3498 4362 3647 4416 θείαν

422 4466 507 4512 tas
532 4457 601 4511 ob
625 4457 865 4512 divinum
890 4457 1118 4522 cultum,
1147 4466 1206 4511 ut
1230 4464 1354 4511 ante
1378 4456 1581 4511 dictum
1605 4464 1688 4511 est
1715 4474 1730 4509 :
1761 4454 1985 4525 Propter

2097 4458 2371 4529 λατρείαν,
2413 4459 2489 4522 ὡς
2534 4458 2857 4529 προείρηται
2899 4457 2979 4520 τὸ,
3028 4458 3242 4512 Ἕνεκα
3280 4456 3500 4525 Κυρίου
3541 4454 3651 4509 τοῦ

422 4548 633 4603 domum
666 4547 879 4604 Domini
911 4549 1010 4603 Dei
1036 4549 1200 4603 nostri
1229 4549 1443 4619 quttsiui
1470 4547 1603 4602 bona
1628 4548 1741 4601 tibi.

493 4640 554 4696 Si
582 4659 683 4696 non
716 4658 1030 4712 proposuero
1068 4640 1364 4696 Jerusalem
1409 4642 1462 4694 in
1492 4638 1754 4710 principio
1781 4637 1984 4693 ltetitiw

424 4750 570 4789 mete.
606 4733 800 4800 Tuam,
831 4736 1024 4805 inquit,
1073 4728 1392 4790 memoriam
1437 4731 1586 4787 omni
1620 4730 1817 4786 laetitiae
1848 4745 1983 4800 prae-

421 4839 641 4893 ponam.
660 4827 744 4879 ~Ita
771 4824 913 4880 enim
941 4825 1202 4897 contingit
1233 4834 1290 4880 ut
1321 4825 1541 4894 reliqua!
1572 4836 1762 4877 omnes
1789 4821 1984 4876 laetitia:

422 4920 576 4972 bona:
608 4918 733 4972 sint.
773 4915 1034 4973 Dominus
1082 4918 1206 4973 item
1251 4930 1436 4973 sacros
1460 4913 1610 4969 cibos
1642 4921 1765 4967 ante
1792 4927 1983 4983 corpo-

420 5010 561 5069 rales
590 5008 818 5065 inducit.

487 5194 540 5245 7.
572 5191 779 5247 Memor
805 5203 935 5258 esto,
966 5191 1203 5258 Domine,
1227 5192 1459 5263 ﬁliorum
1502 5191 1693 5257 Edam,
1719 5201 1826 5247 etc.
1857 5189 1981 5245 Filii

418 5283 586 5339 Edom
613 5284 681 5340 ab
702 5283 842 5341 Esau
872 5285 1113 5346 Idumaei,
1140 5286 1232 5354 qui
1258 5296 1413 5355 capta
1440 5282 1761 5350 Jerusalem,
1788 5283 1980 5338 acerbe

418 5375 771 5441 insultabant,
819 5377 991 5433 donec
1018 5392 1136 5431 eam
1165 5392 1195 5430 a
1236 5376 1603 5431 fundamentis
1628 5376 1863 5431 dirutam
1895 5374 1977 5428 vi-

416 5466 615 5521 derint.

488 5553 541 5608 8.
571 5553 712 5608 Filia
736 5555 1019 5643 Babylonis
1043 5560 1254 5614 misera.
1287 5557 1643 5630 Propheticus
1666 5571 1751 5619 est
1776 5575 1976 5627 sermo,

484 5706 530 5740 "
555 5705 700 5762 Psal.
730 5725 846 5785 Clit,
878 5713 969 5766 23.

2088 4549 2234 4605 Θεοῦ
2256 4549 2424 4619 ἡμῶν
2449 4547 2787 4617 ἐξεζήτησα·
2803 4546 2993 4619 ἀγαθὰ
3025 4562 3145 4602 σοι.

2165 4642 2300 4694 Ἐὰν
2335 4640 2422 4710 μὴ
2464 4639 2956 4710 προανατάξωμαι
2992 4639 3108 4707 τὴν
3152 4636 3537 4706 Ἰερουσαλὴμ
3567 4637 3648 4703 ὡς

2083 4733 2152 4786 ἐν
2171 4730 2328 4800 ἀρχῇ
2358 4731 2468 4801 τῆς
2488 4733 2867 4801 εὐφροσύνης
2885 4748 3025 4801 μου.
3047 4730 3159 4801 Τὴν
3188 4729 3303 4802 σὴν,
3332 4730 3485 4801 φησὶ,
3515 4732 3648 4802 μνή-

2086 4842 2193 4896 μην
2223 4825 2401 4896 πάσης
2435 4824 2770 4896 εύφροσύνης
2797 4821 3068 4895 προτάξω.
3112 4822 3346 4892 Ἀγαθὰς
3375 4821 3483 4893 γὰρ
3507 4822 3652 4876 οὕτω

2083 4919 2175 4971 καὶ
2204 4917 2303 4981 τὰς
2323 4916 2514 4980 λοιπὰς
2543 4919 2673 4987 ἡμῖν
2701 4915 3034 4986 εὐφροσύνας
3062 4913 3311 4983 γενέσθαι
3339 4914 3644 4986 συμϐαίνει.

2082 5008 2192 5061 Καὶ
2222 5010 2253 5060 6
2277 5007 2480 5079 Κύριος
2509 5007 2567 5059 δὲ
2598 5006 2696 5070 τὰς
2725 5006 2876 5078 ἱερὰς
2905 5005 3112 5078 τροφὰς
3135 5005 3241 5076 πρὸ
3268 5006 3379 5059 τῶν
3403 5022 3645 5076 σωματι-

2083 5099 2193 5153 κῶν
2216 5101 2530 5169 εἰσηγεῖται.

2150 5190 2495 5258 Μνήσθητι,
2542 5192 2719 5257 Κυριε
2743 5228 2757 5250 ,
2810 5186 2927 5241 τῶν
2973 5187 3117 5242 υιῶν
3173 5189 3373 5259 Ἐδώμ.
3429 5190 3491 5243 Oi
3541 5189 3646 5243 υἱοὶ

2096 5280 2271 5353 Ἐδὼμ
2300 5284 2349 5334 οἱ
2381 5282 2488 5335 ἀπὸ
2523 5280 2693 5334 Ἠσαῦ
2733 5281 3035 5351 Ἰδουμαῖοι,
3084 5280 3133 5333 οἳ
3165 5282 3259 5333 καὶ
3289 5279 3521 5351 ἁλούσης
3549 5281 3643 5348 τῆς

2093 5372 2444 5446 Ἰερουσαλὴμ
2482 5372 2810 5442 ἐπέμόαινον
2855 5370 3101 5443 πικρῶς,
3147 5372 3251 5434 ἕως
3280 5372 3347 5425 ἐκ
3383 5371 3643 5441 θεμελίων

2082 5466 2250 5535 αὐτὴν
2282 5463 2724 5519 ἀνασπασθεῖσαν
2753 5464 3013 5534 ἔγνωσαν.

2153 5553 2422 5624 Θυγάτηρ
2445 5553 2802 5620 Βαϐυλῶνος
2828 5555 2867 5621 η
2886 5554 3277 5622 ταλαίπωρος.
3305 5551 3642 5626 Προφητικδς
