3946 6222
286 328 388 385 5‘19

1295 325 1657 381 EXPOSITIO
1695 325 1759 380 IN
1799 328 2122 385 PSALMUM
2161 331 2490 388 CXXXVIII.

3407 337 3511 393 550

283 443 314 498 ὁ
343 443 497 512 λόγος
524 443 768 505 κάκεῖνος
812 443 906 512 τῆς
939 441 1252 505 Βαϐυλῶνος
1290 443 1541 514 σημαίνει
1582 444 1678 513 τὴν
1712 445 1844 515 πόρ-

1970 450 2037 517 iui
2078 447 2368 519 Babylonis
2411 449 2680 505 excidium
2716 450 3056 520 praenuntiat.
3092 449 3288 504 Beatus
3314 453 3402 517 qui
3431 469 3511 508 re-

285 534 460 605 θησιν.
491 533 792 602 Μακάριος
828 531 894 598 ὃς
927 532 1333 587 ἀνταποδώσει
1368 535 1434 586 τὸ
1473 533 1852 604 ἀνταπόδομά

284 643 419 681 σου.
437 627 694 686 Ἐκεῖνος,
720 626 870 695 φησι,
892 627 1156 696 μακάριος
1179 627 1208 677 ό
1229 625 1746 695 ἀνταιχμαλωτεύων
1769 643 1848 680 σε.

419 718 504 784 Τῷ
529 717 709 772 Δαυῒδ
736 716 831 771 διὰ
869 719 1184 786 Ζαχαρίου.
1229 719 1534 771 ΨΑΛΜΟΣ
1564 720 1741 771 ΡΛΖ’.

611 871 616 884 _
914 810 1238 875 ’Υπόθεσις.

300 900 357 954 '0
389 899 576 973 παρὼν
601 901 813 972 ψαλμὸς
835 900 1166 972 προφητείαν
1197 902 1437 972 περιέχει
1469 901 1566 971 τῆς
1599 902 1853 956 ἁπάντων

357 991 525 1045 ἐθνῶν
558 993 820 1065 κλήσεωςο
852 994 935 1060 ἐφ’
1022 993 1114 1045 καὶ
1139 993 1464 1063 εὐχαριστεῖ,
1495 995 1573 1046 ὅτι
1600 995 1660 1046 οὐ
1697 994 1852 1063 μόνος

355 1083 535 1146 αὐτὸς,
573 1082 823 1152 βασιλεὺς
847 1081 942 1144 ὢν,
972 1082 1195 1153 ἠξίωται
1223 1082 1322 1152 τῆς
1344 1083 1492 1146 Θείας
1518 1082 1850 1153 θεοφανείαςο

353 1174 488 1228 ἀλλά
517 1175 607 1228 καὶ
633 1175 860 1239 πολλοὺς
885 1175 990 1228 τῶν
1020 1174 1188 1229 ἐθνῶν
1223 1174 1457 1245 βασιλεῖς
1483 1193 1612 1246 φησι
1640 1175 1740 1246 τῆς
1763 1177 1853 1230 αὐ-

353 1266 450 1336 τῆς
477 1265 873 1337 ἀξιωθήσεσθαι
916 1266 1156 1338 χάριτος,
1196 1267 1331 1336 ὅπερ
1377 1267 1533 1338 μόνον
1578 1266 1714 1338 μετὰ
1753 1267 1852 1338 τὴν

353 1357 643 1428 ἐπιδημίαν
671 1358 980 1428 γεγένηται.

365 1447 904 1518 Ἐξομολογήσομαί
948 1462 1075 1512 σοι,
1122 1449 1328 1516 Κίριε,
1369 1447 1438 1500 έν
1483 1447 1596 1516 ὅλῃ
1645 1449 1851 1516 καρδίᾳ

280 1555 416 1606 μου.
455 1538 669 1609 Ταύτην
702 1538 778 1609 τῷ
819 1539 1057 1609 πλουσίῳ
1099 1538 1326 1591 δέδωκεν
1361 1539 1388 1590 ό
1420 1539 1607 1610 Σωτὴρ
1639 1540 1736 1610 τὴν
1767 1541 1851 1591 ὲν-

285 1629 458 1700 τολὴν,
487 1629 674 1683 εἰπών’
713 1630 1065 1699 Ἀγαπήσεις
1095 1632 1310 1698 Κίιοιον
1330 1629 1436 1683 τὸν
1463 1631 1609 1683 Θεόν
1637 1647 1750 1685 σου
1782 1631 1849 1695 ἐξ

1954 541 2142 594 tribuet
2173 541 2267 595 tibi
2309 543 2694 595 retributionem
2743 552 2912 600 tuam.
2943 542 3056 609 Ille,
3088 540 3282 612 inquit,
3319 545 3510 601 beatus

1950 634 2041 703 qui
2077 645 2127 688 te
2160 635 2213 686 in
2245 633 2606 704 captivitatem
2641 635 2874 691 duxerit.

2021 723 2212 779 Daridi
2235 744 2326 796 per
2358 726 2695 782 Zachariam.
2726 727 2968 783 PSALM
2976 728 3064 784 US
3089 727 3289 783 CXXX
3307 727 3431 786 VII.

2533 819 2926 889 Argumentum.

1948 909 2195 966 Prmsens
2245 915 2487 983 psalmus
2534 915 2867 984 prophetiam
2927 922 3168 969 continet
3209 913 3510 969 vocationis

2017 1003 2258 1056 omnium
2288 1005 2548 1074 gentium,
2592 1005 2658 1058 de
2687 1020 2793 1074 qua
2836 1005 3038 1074 gratias
3073 1005 3201 1074 agit,
3227 1007 3370 1074 quod
3402 1022 3508 1061 non

2019 1093 2194 1147 solum
2224 1094 2337 1164 ipse
2364 1096 2456 1166 qui
2483 1112 2574 1150 rex
2601 1104 2734 1159 erat,
2766 1095 2857 1149 Dei
2885 1096 3114 1150 adventu
3137 1104 3189 1150 et
3216 1107 3506 1166 conspectu

2021 1181 2271 1252 dignatus
2313 1185 2411 1248 sit,
2458 1185 2549 1239 sed
2594 1186 2756 1240 etiam
2802 1185 3000 1240 multos
3040 1185 3278 1255 gentium
3326 1200 3505 1254 reges,

2019 1274 2204 1328 eadem
2248 1277 2417 1345 gratia
2455 1276 2736 1332 donandos
2775 1275 2869 1340 ait,
2899 1276 3041 1346 quod
3070 1284 3191 1346 post
3220 1275 3505 1330 adventum

2021 1364 2234 1418 Domini
2265 1365 2525 1420 duntaxat
2551 1365 2748 1421 factum
2775 1375 2877 1421 est.

2020 1456 2072 1509 1.
2103 1455 2402 1525 Conﬁtebor
2433 1457 2548 1521 tibi,
2575 1456 2815 1522 Domine,
2845 1458 2898 1510 in
2925 1465 3030 1510 toto
3057 1458 3212 1511 corde
3240 1473 3370 1510 meo.
3397 1455 3509 1512 IIoc

1949 1554 2275 1615 praeceptum
2315 1546 2461 1601 dedit
2518 1546 2764 1602 Salvator
2808 1548 2994 1614 diviti,
3040 1547 3269 1603 dicens:
3314 1547 3507 1618 Diliges

1950 1633 2230 1688 Dominum
2263 1635 2425 1689 Deum
2468 1646 2612 1690 tuum
2655 1654 2719 1691 ea:
2751 1648 2857 1691 toto
2897 1639 3051 1692 corde
3081 1648 3188 1704 tuo,
3219 1651 3266 1693 et
3299 1654 3362 1692 ea:
3386 1639 3506 1692 totis

284 1720 432 1787 ὅλης
464 1719 575 1790 τῆς
603 1720 849 1790 καρδίας
893 1737 1009 1776 σου
1049 1721 1146 1776 καί
1181 1721 1249 1786 ἐξ
1292 1721 1442 1790 ὅλης
1485 1721 1595 1790 τῆς
1638 1724 1848 1791 ίσχύος

1970 1725 2143 1778 ιίνίὸιιε
2177 1727 2277 1779 tuis
2307 1727 2370 1778 θ’.

284 1828 419 1866 σου.

351 1901 464 1954 Kal
494 1901 770 1956 ἐναντίον
801 1903 1072 1972 ἀγγέλων
1101 1901 1274 1972 ψαλῶ
1299 1918 1417 1968 σοι,
1447 1902 1852 1971 προσκυνήσω
1880 1869 1884 1872 ί

282 1991 432 2059 πρὸς
462 1993 612 2046 ναόν
641 1993 810 2062 ἅγιόν
847 2010 982 2048 σου.
1021 1993 1109 2058 Ὣς
1148 1995 1428 2064 παρόντων
1454 1995 1560 2047 τῶν
1585 1993 1848 2062 ἀγγέλων,

282 2083 374 2136 καὶ
404 2083 504 2152 τὴν
544 2083 687 2137 κατὰ
717 2084 848 2138 Θεὸν
881 2084 1044 2138 αὑτοῦ
1077 2085 1232 2156 νίκην
1270 2086 1356 2138 ἀεὶ
1385 2084 1846 2157 ὲπιθεωρούντων.

280 2173 392 2228 Kal
435 2173 948 2246 έξομολογήσομαι
994 2175 1073 2241 τῷ
1123 2177 1365 2246 ὀνόματί
1433 2193 1548 2231 σου
1612 2177 1710 2231 ἐπὶ
1772 2176 1851 2242 τῷ

280 2265 435 2320 ἐλέει
461 2282 577 2319 σου
607 2267 703 2320 καί
742 2265 816 2336 τῇ
853 2268 1104 2336 ἀληθείᾳ
1130 2267 1710 2340 σου.,Εὑχαριστήσω,
1742 2284 1847 2337 φη-

281 2357 386 2420 σιν,
417 2360 504 2426 ἐφ’
531 2351 613 2422 οἷς
643 2359 742 2431 τῆς
784 2359 882 2429 μὲν
914 2360 1069 2422 σκιᾶς
1105 2358 1468 2430 λελύτρωμαι,
1501 2359 1597 2428 τῆς
1630 2358 1686 2411 δὲ
1716 2359 1846 2430 ἀλη·

280 2448 429 2514 θείας
462 2449 718 2520 ὴξίωμαι.
769 2449 875 2502 Ὀτι
898 2449 1270 2520 έμεγιὶλυνας
1287 2449 1388 2503 ἐπὶ
1417 2449 1538 2504 πᾶν
1569 2447 1632 2502 τὸ
1667 2447 1852 2517 ὄνομα

280 2540 342 2592 τό
371 2539 547 2608 ἁπτόν
582 2557 719 2594 σου.
766 2541 888 2595 Ἐπὶ
917 2544 982 2612 τῇ
1021 2541 1127 2594 τῶν
1153 2541 1320 2595 ἐθνῶν
1346 2541 1533 2612 κλήσει
1571 2538 1668 2611 τὴν
1693 2541 1852 2610 εὐχα-

283 2633 493 2704 ριστίαν
524 2633 811 2704 ἀναφέρειν
843 2633 1012 2703 λέγει.
1055 2635 1165 2688 Οὐκ
1195 2634 1278 2703 ἐφ’
1320 2628 1402 2698 οἷς
1433 2630 1491 2686 εὖ
1521 2631 1718 2686 ἔπαθον
1753 2633 1850 2704 μό⁴

283 2741 371 2775 νον
412 2723 738 2794 εὐχαριστῶ⁸
769 2722 903 2776 ἀλλά
936 2723 1032 2776 καὶ
1073 2722 1138 2776 δι’
1167 2723 1286 2776 ὅλου
1315 2723 1414 2793 τὴν
1439 2721 1594 2788 δόξαν
1621 2720 1716 2792 τὴν
1752 2720 1852 2792 σὴν

283 2817 502 2888 θεωρῶν
522 2856 537 2880 ,
582 2816 1103 2888 δημιουργήσαντος,
1131 2813 1562 2886 εὐεργετοῦντος,
1595 2812 1846 2876 κολάζον-

281 2923 388 2971 τος.
435 2907 604 2960 Οὐδὲν
645 2906 751 2979 γὰρ
785 2909 882 2978 τῆς
921 2907 1149 2970 κτίσεως
1181 2906 1210 2959 ὃ
1259 2906 1332 2978 μὴ
1365 2904 1461 2976 τὴν
1486 2905 1583 2975 σὴν
1615 2904 1847 2975 μεγαλο-

286 2997 447 3068 σύνην
475 2999 740 3072 κηρύττῃ.

348 3089 769 3159 Πολυωρήσεις
801 3107 878 3159 με
919 3089 988 3142 ὲν
1033 3087 1203 3158 ψυχῇ
1253 3105 1374 3157 μου
1417 3087 1660 3158 δυνάμει
1709 3102 1844 3142 σου.
1873 3121 1916 3180 c

284 3182 631 3249 Πολυωρίαν
669 3181 764 3251 τὴν
799 3177 1255 3250 πολυχρονιότητά
1286 3194 1467 3248 φησιν.
1516 3177 1573 3230 '0
1603 3177 1660 3230 δὲ
1700 3176 1840 3239 νοῦς·

281 3271 516 3342 Δυνάμει
573 3273 641 3342 τῇ
704 3273 770 3342 σῇ
831 3271 1213 3342 μεταποιήσεις
1266 3285 1332 3340 με
1388 3271 1452 3321 ἐκ
1510 3267 1714 3340 φθορᾶς
1769 3269 1847 3330 εἰς

285 3362 614 3433 ἀφθαρσίαν.

352 3459 462 3511 Kal
498 3453 826 3522 ᾲσὰτωσαν
862 3455 934 3509 ἐν
968 3455 1098 3520 ταῖς
1131 3453 1310 3520 ᾠδαῖς
1337 3455 1586 3521 Κυρίου,
1624 3452 1712 3505 ότι
1743 3469 1848 3521 με·

287 3547 433 3616 rdiu
463 3549 502 3616 ἠ
533 3547 683 3612 δόξα
727 3547 970 3616 Κυρίου.
1011 3547 1166 3618 usa;
1204 3546 1409 3617 Κυρίου
1448 3543 1847 3616 ἀναγέγραφεν,

286 3641 347 3704 ἃς
372 3639 515 3712 ᾅδειν
545 3640 670 3703 τοὺς
692 3638 753 3704 ἐξ
773 3639 941 3692 ὲθνῶν
967 3639 1171 3702 πάντας
1205 3635 1613 3706 ἐπαγγέλλεται.

356 3824 476 3878 ’Ότι
497 3824 737 3894 ὑψηλὸς
780 3825 995 3891 Κύριος
1028 3823 1125 3876 καὶ
1151 3823 1222 3876 τὰ
1246 3821 1495 3876 ταπεινὰ
1519 3819 1723 3890 ἐφορᾷ.
1757 3819 1849 3891 Μὴ

290 3912 591 3986 θαυμάσῃς,
619 3915 801 3986 φησὶν,
834 3917 883 3968 el
911 3914 1084 3968 ταῦτα
1121 3915 1405 3984 γενήσεται
1439 3913 1496 3964 ὲν
1523 3909 1847 3982 ἀνθρὼποις’

287 4009 345 4064 οὐ
373 4009 482 4081 γάρ
505 4009 939 4082 ἀπηλλοτρίωται
966 4009 1065 4079 τῆς
1094 4008 1188 4062 τοῦ
1222 4007 1355 4061 Θεοῦ
1384 4006 1636 4078 προνοίας
1666 4005 1734 4058 τὰ
1756 4005 1850 4058 ἀν-

289 4095 548 4167 θρώπινα.
590 4098 697 4152 Καὶ
733 4099 806 4152 τὰ
836 4096 1044 4167 ὑψηλὰ
1077 4096 1191 4152 ἀπὸ
1216 4096 1515 4164 μακρόθεν
1558 4090 1850 4163 γινώσκει.

291 4188 564 4261 Προώρισε
592 4188 702 4260 γὰρ
726 4189 833 4243 ἀπὸ
857 4188 1159 4258 καταϐολῆς
1195 4187 1397 4257 κόσμου
1428 4182 1566 4238 κατά
1593 4183 1684 4235 τὸν
1714 4181 1854 4234 θεῖον

302 4278 618 4332 Ἀπόστολον
660 4279 758 4349 τὴν
790 4278 980 4349 κλῆσιν
1010 4277 1116 4331 τῶν
1162 4276 1352 4338 ἐθνῶν,
1387 4277 1480 4328 καὶ
1525 4273 1622 4344 τὴν
1672 4272 1749 4334 είς
1785 4269 1855 4324 τὰ

293 4369 468 4440 ὑψηλὰ
492 4370 803 4440 ἀναγωγήν.

2017 1903 2073 1957 2.
2109 1902 2175 1957 In
2218 1916 2492 1974 conspectu
2537 1906 2838 1977 angelorum
2865 1908 3092 1977 psallam
3120 1908 3238 1974 tibi,
3276 1907 3510 1962 adorabo

1948 1995 2017 2048 ad
2052 1996 2296 2065 templum
2329 2008 2569 2052 sanctum
2617 2009 2783 2053 tuum.
2819 1999 2982 2066 Quasi
3029 2000 3231 2055 scilicet
3276 2015 3509 2069 praesen-

1949 2088 2096 2144 tibus
2143 2091 2367 2156 angelis,
2412 2098 2466 2144 et
2503 2091 2622 2162 ejus
2662 2092 2945 2147 victoriam
2989 2107 3081 2162 per
3111 2092 3205 2148 Dei
3247 2094 3506 2148 auxilium

1950 2187 2159 2250 partam
2207 2195 2416 2248 semper
2458 2183 2823 2237 cernentibus.
2877 2181 2945 2236 Et
2993 2182 3270 2252 conﬁtebor
3312 2185 3510 2238 nomini

1953 2279 2040 2323 tuo
2090 2286 2243 2339 super
2280 2271 2645 2324 misericordia
2681 2281 2772 2326 tua
2813 2281 2863 2326 et
2895 2275 3110 2327 ueritate
3153 2283 3266 2328 tua.
3296 2271 3509 2328 Gratias

1950 2377 2125 2431 agam,
2152 2361 2343 2432 inquit,
2377 2362 2520 2431 quod
2545 2362 2613 2416 ab
2631 2363 2827 2425 umbra
2855 2363 3131 2427 liberatus,
3153 2373 3206 2417 et
3229 2365 3506 2419 veritatem

1948 2463 2275 2509 consecutus
2319 2453 2442 2508 sim.
2479 2451 2740 2518 Quoniam
2787 2453 3138 2523 magni/icasti
3177 2471 3331 2522 super
3359 2469 3507 2507 omne

1950 2561 2134 2598 nomen
2162 2553 2400 2598 sanctum
2429 2553 2594 2598 tuum.
2633 2543 2708 2598 De
2739 2545 2977 2615 gentium
3002 2544 3284 2598 vocatione
3307 2544 3510 2613 gratias

1949 2650 2006 2690 se
2040 2634 2240 2690 referre
2267 2634 2416 2690 dicit.
2447 2633 2631 2705 Neque
2667 2644 2874 2689 tantum
2911 2634 2976 2688 de
3009 2633 3218 2688 collatis
3251 2633 3384 2688 mihi
3416 2634 3508 2688 be-

1949 2725 2156 2781 neﬁciis
2186 2726 2388 2796 gratias
2418 2741 2518 2795 ago
2541 2767 2555 2792 ,
2585 2726 2675 2782 sed
2706 2726 2849 2794 quod
2887 2725 2961 2778 tui
2997 2724 3217 2794 gloriam
3249 2724 3302 2777 in
3333 2725 3508 2778 omni-

1948 2816 2051 2872 bus
2098 2817 2459 2886 contemplor,
2512 2815 2774 2871 creatoris
2831 2815 3068 2878 scilicet,
3125 2811 3504 2874 benefactoris,

1949 2905 2161 2960 ultoris.
2196 2903 2341 2959 Nihil
2369 2907 2568 2976 quippe
2594 2915 2675 2960 est
2704 2903 2757 2958 in
2789 2919 2966 2958 rerum
2999 2912 3189 2957 natura
3217 2903 3361 2974 quod
3395 2918 3508 2958 ma-

1949 2995 2278 3064 gnitudinem
2311 3004 2456 3050 tuam
2489 3009 2593 3049 non
2629 2994 2901 3065 praedicet.

2021 3092 2075 3146 5.
2105 3091 2422 3146 Diuturnam
2458 3107 2641 3145 curam
2683 3087 2893 3143 habebis
2936 3089 3127 3143 anima:
3166 3103 3292 3143 mea:
3318 3089 3510 3142 virtute

1950 3189 2060 3235 tua.
2090 3181 2398 3254 Πολυωρὶαν
2436 3181 2565 3236 dicit
2595 3179 3026 3234 diuturnitatem.
3063 3177 3188 3233 Haec
3217 3187 3299 3234 est
3329 3188 3506 3234 autem

1947 3275 2214 3329 sententia
2250 3289 2264 3326 :
2294 3273 2503 3328 Virtute
2553 3284 2642 3328 tua
2689 3272 3078 3328 transmutabis
3124 3285 3212 3326 me
3252 3285 3282 3324 a
3319 3285 3511 3326 corru-

1947 3363 2128 3433 ptione
2159 3362 2214 3417 in
2250 3362 2731 3433 incorruptionem.

2019 3453 2071 3508 5.
2100 3452 2170 3506 Et
2198 3463 2409 3508 cantent
2449 3455 2505 3508 in
2531 3455 2753 3507 canticis
2784 3453 3013 3517 Domini,
3046 3453 3296 3522 quoniam
3321 3467 3510 3522 magna

1949 3553 2027 3598 est
2075 3544 2245 3614 gloria
2290 3545 2519 3601 Domini.
2549 3547 2768 3600 Cantica
2815 3545 3026 3601 Domini
3055 3544 3360 3614 descripsit,
3391 3559 3511 3614 qua:

1949 3637 2018 3691 ab
2045 3637 2298 3694 omnibus
2322 3637 2648 3710 exigentium
2677 3638 2875 3709 populo
2900 3636 3241 3692 credentibus
3272 3636 3509 3692 canenda

1949 3728 2212 3799 praedicit.

2024 3817 2079 3872 6.
2110 3817 2368 3884 Quoniam
2395 3819 2629 3873 excelsus
2662 3819 2918 3873 Dominus
2942 3828 2991 3873 et
3024 3816 3243 3871 humilia
3278 3816 3509 3883 respicit.

1951 3907 2030 3963 Ne
2073 3909 2287 3972 mirere,
2341 3910 2543 3980 inquit,
2595 3911 2640 3964 si
2699 3909 2811 3964 haec
2861 3909 3001 3979 apud
3047 3907 3292 3962 homines
3329 3903 3510 3958 futura

1952 4000 2082 4062 sint,
2114 4001 2350 4054 humana
2389 4001 2586 4070 quippe
2628 4015 2734 4054 non
2777 4015 2806 4054 a
2848 3998 2938 4053 Dei
2971 3995 3304 4068 providentia
3337 3995 3510 4049 aliena

1954 4097 2100 4145 sunt.
2133 4089 2202 4144 Et
2249 4090 2361 4144 alta
2397 4108 2427 4143 a
2460 4090 2606 4160 longe
2647 4090 2928 4159 cognoscit.
2977 4087 3335 4142 Praedelinivit
3365 4086 3508 4139 enim

1955 4199 1986 4238 a
2033 4185 2416 4240 constitutione
2468 4183 2657 4239 mundi
2698 4183 3030 4238 vocationem
3069 4181 3328 4252 gentium,
3357 4179 3520 4248 juxta-

1955 4279 2194 4334 divinum
2225 4278 2564 4349 Apostolum,
2595 4276 3126 4346 assumptionemque
3153 4273 3220 4328 ad
3243 4274 3473 4328 excelsa.

367 4462 502 4516 Ἐὰν
547 4459 814 4530 πορευθῶ
853 4461 923 4514 ὲν
961 4457 1129 4528 μέσῳ
1177 4459 1467 4526 θλίψεως,
1517 4453 1714 4520 ζήσεις
1754 4470 1849 4522 με.

2029 4459 2080 4513 7.
2118 4458 2538 4513 Siambulavero
2567 4459 2622 4512 in
2645 4459 2812 4512 medio
2845 4457 3197 4511 tribulationis
3224 4454 3515 4524 viriﬁcabis

293 4554 511 4625 Ὅμοιον
551 4553 644 4606 τό·
696 4553 914 4621 exta-cr
960 4550 1126 4616 ἕξετε
1167 4549 1238 4602 έν
1287 4546 1368 4612 τῷ
1413 4549 1643 4616 κόσμῳ·
1691 4545 1852 4600 ἀλλὰ

291 4644 577 4714 θαρσεῖτε,
605 4644 719 4714 ἐγὼ
750 4644 1038 4710 νενίκηκα
1074 4641 1181 4695 τόν
1218 4640 1466 4709 κόσμον.
1502 4638 1625 4692 Ἐπ’
1667 4635 1853 4706 ὀργὴν

289 4737 512 4807 ἐχθρῶν
543 4755 664 4806 μου
702 4735 1000 4802 ἐξέτεινας
1030 4733 1134 4799 τὰς
1158 4731 1359 4803 χεῖράς
1394 4747 1530 4784 σου.
1570 4729 1854 4799 Ἐπενήνε-

293 4843 410 4879 κται
440 4826 553 4899 γὰρ
585 4827 702 4879 κατ’
733 4825 908 4879 αὐτῶν
939 4826 971 4895 ὴ
997 4823 1143 4888 δεξιά
1171 4821 1263 4876 τοῦ
1302 4819 1535 4890 Πατρὸς,
1577 4819 1852 4874 τουτέστιν

292 4919 318 4967 ό
347 4917 490 4981 Υἱὸς,
523 4918 644 4987 ἦτις
679 4917 772 4970 καὶ
792 4916 992 4970 ἔσωσεν
1021 4917 1186 4986 ἡμᾶς.

359 5011 572 5078 Κύριος
624 5007 1032 5064 ἀνταποδώσει
1078 5006 1230 5076 ὑπὲρ
1283 5006 1449 5077 ἐμοῦ.
1495 5005 1698 5077 Κρίνας
1745 5003 1854 5075 γὰρ

295 5099 384 5170 τὴν
431 5099 553 5154 καθ’
591 5100 751 5171 ἡμῶν
793 5100 1039 5165 ἀδικίαν,
1084 5099 1303 5164 ἐξέϐαλε
1347 5098 1439 5152 τὸν
1487 5097 1721 5169 ἄρχοντα
1759 5095 1852 5150 τοῦ

299 5189 513 5260 κόσμου.

297 5283 394 5346 Είς
419 5281 592 5347 τέλος
637 5278 718 5346 τῷ
759 5280 939 5335 Δαυῒδ
974 5283 1278 5335 ΨΑΛΜΟΣ
1318 5280 1417 5334 διὰ
1457 5280 1750 5349 Ζαχαρίου
1786 5279 1855 5331 ἐν

755 5370 829 5441 τῇ
861 5371 1173 5440 διασπορᾷ.
1205 5375 1390 5426 PAH'.

919 5467 1241 5532 ’Υπόθεσις.

311 5553 654 5628 ’Δναφέρεται
708 5557 806 5626 μὲν
859 5559 888 5610 ὁ
936 5557 1146 5628 ψαλμὺς
1193 5559 1271 5620 είς
1320 5555 1381 5608 τὸ
1427 5554 1520 5608 τοῦ
1585 5551 1852 5623 Ζαχαρίου

368 5647 672 5716 πρόσωπον,
713 5646 791 5700 ἔτι
835 5647 1000 5701 ὄντων
1030 5650 1085 5701 ὲν
1110 5648 1176 5717 τῇ
1211 5645 1551 5717 αἰχμαλωσίᾳ
1580 5643 1686 5696 τῶν
1723 5641 1853 5695 υἱῶν

339 5761 379 5792 ’⁸
401 5761 586 5820 Matth.
618 5779 752 5830 χχιι,
782 5762 846 5817 57
947 5762 991 5796 ’⁵
1015 5761 1171 5819 Ioan.
1204 5777 1313 5829 xw,
1343 5760 1428 5816 55.

1956 4565 2056 4605 nte.
2079 4549 2266 4605 Simile
2285 4559 2368 4604 est
2396 4549 2560 4604 illud:
2583 4548 2994 4603 Tribulationem
3016 4545 3266 4599 habebitis
3289 4546 3344 4597 in
3366 4560 3513 4596 mun-

1956 4642 2056 4705 do;
2085 4641 2174 4696 sed
2219 4641 2486 4710 conﬁdite,
2514 4657 2606 4712 ego
2653 4641 2753 4694 uici
2787 4639 3039 4694 mundum
3083 4638 3150 4692 ".
3184 4636 3352 4706 Super
3379 4637 3517 4688 iram

1959 4736 2290 4790 inimicorum
2318 4751 2554 4788 meorum
2575 4734 2855 4788 latendisti
2885 4749 3069 4786 manus
3097 4742 3238 4786 tuas.
3273 4729 3517 4783 lmmissa

1958 4829 2157 4899 quippe
2184 4837 2268 4884 est
2291 4828 2554 4883 adversus
2589 4828 2712 4882 illos
2739 4827 2955 4882 dextera
2991 4824 3187 4889 Patris,
3227 4823 3279 4878 id
3313 4833 3394 4876 est
3429 4820 3517 4874 Fi-

1958 4920 2086 4983 lius,
2116 4934 2238 4988 quae
2268 4933 2368 4973 nos
2401 4918 2579 4973 salvos
2610 4915 2754 4971 fecit.

2027 5011 2080 5064 8.
2119 5009 2374 5064 Dominus
2404 5009 2652 5063 retribuet
2680 5024 2774 5077 pro
2808 5024 2908 5061 me.
2940 5004 3232 5074 Postquam
3257 5000 3517 5072 judicavit

1958 5100 2102 5154 enim
2130 5099 2196 5154 de
2220 5098 2482 5168 injustitia
2505 5112 2612 5168 qua
2634 5096 2744 5151 laesi
2773 5111 2984 5161 sumus,
3008 5092 3303 5164 principem
3327 5089 3514 5144 mundi

1958 5190 2135 5260 ejecit.

2030 5284 2096 5338 In
2137 5285 2292 5354 ﬁnem
2323 5281 2560 5337 PSALM
2574 5280 2660 5336 US
2691 5280 2882 5334 Davidi
2919 5296 3008 5349 per
3046 5275 3358 5330 Zachariam
3390 5273 3447 5326 in

2369 5371 2701 5440 dispersione.
2731 5366 2930 5422 CXXX
2945 5363 3106 5420 VIII.

2538 5459 2933 5530 Argumentum.
3004 5439 3013 5446 ’
3079 5469 3088 5474 '

1960 5557 2209 5612 Refertur
2242 5552 2484 5624 psalmus
2516 5549 2583 5605 ad
2615 5563 2896 5620 personam
2937 5543 3230 5609 Zachariae,
3261 5540 3387 5598 dum
3420 5539 3516 5594 ﬁlii

2031 5647 2194 5703 Israel
2241 5645 2416 5701 adhuc
2468 5653 2649 5700 essent
2698 5644 2750 5696 iu
2807 5639 3114 5711 captivitate
3155 5646 3205 5692 et
3251 5633 3519 5706 Propheta
