3946 6222
396 331 495 389 ῶί

470 464 688 520 quoque
732 467 854 506 cum
909 453 1035 508 illis.
1071 453 1332 510 Describit
1373 467 1552 511 autem
1589 457 1852 511 rationem
1878 457 1958 511 di-
1986 462 2032 517 Α

473 543 609 596 vina:
647 559 774 613 erga
818 561 916 599 nos
950 546 1328 615 providentiae,
1369 557 1423 601 et
1455 549 1597 618 quod
1644 565 1749 603 non
1786 550 1956 603 solum

467 635 533 688 ad
563 637 810 690 universa
851 638 1190 703 extendatur,
1223 640 1314 692 sed
1346 639 1507 693 rebus
1536 639 1697 693 etiam
1733 640 1961 709 singulis

473 727 795 795 prospiciat;
837 729 907 782 ita
951 739 1008 783 ut
1045 745 1219 800 neque
1250 739 1430 784 motus
1472 731 1640 784 nostri
1669 746 1840 800 neque
1869 748 1959 786 co-

469 817 755 884 gitationes
783 818 849 872 ab
873 819 990 887 ejus
1017 820 1348 888 providentia
1385 821 1740 890 negligantur.
1774 823 1956 875 Admi-

469 915 622 960 ratur
652 910 968 964 oeconomia:
996 910 1437 978 profunditatem,
1467 913 1801 967 voca-tionem
1830 929 1956 981 gen—

468 1000 604 1053 tium
631 1009 810 1070 aperte.
836 1002 1126 1070 signiﬁcat,
1157 1013 1212 1057 et
1236 1005 1646 1073 repugnantiam
1679 1003 1955 1058 lsraelitici

468 1091 645 1160 populi
679 1091 936 1148 adversus
1000 1093 1300 1150 Christum.
1345 1095 1570 1164 Propter
1618 1096 1731 1151 haec
1775 1095 1954 1150 omnia

468 1184 522 1236 in
551 1183 709 1238 tinem
741 1183 928 1240 Davidi
964 1186 1257 1258 inscriptus
1282 1197 1384 1244 est.
1419 1187 1741 1258 Plerumque
1774 1196 1952 1242 autem

469 1273 728 1333 diximus,
763 1275 1002 1343 psalmos
1049 1276 1123 1330 ita
1183 1277 1470 1348 inscriptos
1510 1281 1574 1334 ad
1619 1289 1827 1347 tempus
1859 1277 1954 1331 ad-

465 1372 660 1420 ventus
685 1364 895 1420 Domini
923 1376 1185 1437 spectare.

469 1644 519 1698 1.
556 1643 792 1710 Domine,
832 1645 1066 1716 probasti
1099 1662 1180 1700 me
1221 1655 1277 1700 et
1304 1647 1593 1718 cognovisti
1623 1663 1717 1702 me.
1759 1644 1942 1713 Utpott

394 1734 489 1804 qui
521 1734 773 1802 conﬁdat,
809 1751 868 1791 se
907 1737 1116 1790 ﬁrmam
1155 1736 1208 1790 in
1234 1737 1506 1792 Christum
1543 1737 1696 1791 ﬁdem
1734 1737 1946 1796 habere,

397 1827 639 1896 nihilque
665 1829 767 1882 sibi
795 1843 1081 1883 commune
1106 1843 1226 1884 esse
1256 1844 1377 1882 cum
1407 1829 1690 1902 iniquitate
1722 1827 1948 1897 improbi

395 1918 600 1987 populi,
632 1934 758 1974 eum
810 1919 987 1991 ipsum
1029 1919 1123 1990 qui
1165 1919 1328 1975 corda
1381 1919 1628 1976 formavit
1667 1927 1854 1976 evocat
1895 1919 1947 1974 in

397 2017 584 2062 testem
595 2051 607 2061 .

462 2099 515 2153 '5.
544 2097 861 2154 Intellexisti
887 2103 1224 2172 cogitationes
1253 2117 1393 2155 meas
1422 2101 1484 2155 de
1513 2101 1680 2171 longe,
1711 2104 1950 2155 semitam

394 2206 563 2245 meam
590 2202 638 2246 et
663 2193 958 2262 funiculum
983 2212 1152 2248 meum
1178 2197 1520 2266 investigasti.
1551 2195 1775 2250 Etiamsi
1813 2195 1949 2251 Deus

392 2285 779 2353 cogitationum
816 2297 1021 2341 motum
1051 2289 1255 2355 videat,
1284 2287 1457 2342 multo
1487 2286 1658 2357 magis
1681 2287 1803 2341 vita:
1830 2303 1950 2340 cur-
1975 2283 1978 2286 ’

391 2389 512 2428 sum
543 2377 839 2444 cognoscit.
873 2375 1126 2431 Semitam
1166 2393 1333 2432 meam
1375 2386 1424 2432 et
1457 2378 1749 2447 funiculum
1780 2393 1948 2431 meum

391 2465 738 2536 investigasti.
771 2469 1086 2540 Σχοινισμός
1125 2479 1211 2525 est
1255 2486 1509 2526 mensura
1551 2471 1794 2541 qumdam
1829 2471 1944 2524 vizr.

389 2553 531 2611 Dicit
559 2567 737 2613 autem
769 2575 891 2613 eum
921 2575 1133 2615 omnem
1166 2562 1509 2633 cogitationis
1544 2572 1748 2617 motum
1780 2562 1944 2629 scire;

392 2663 482 2717 per
510 2651 624 2705 vias
646 2652 788 2704 enim
824 2665 1004 2709 motus
1043 2653 1335 2723 signiﬁCat.

457 2907 511 2964 4.
543 2906 808 2975 Quoniam
843 2927 944 2965 non
973 2920 1052 2967 est
1075 2913 1228 2967 dolus
1257 2913 1313 2968 in
1352 2915 1534 2985 lingua
1575 2931 1710 2971 mea.
1747 2915 1814 2970 Et
1844 2916 1955 2970 hoc-

388 3008 474 3056 est
512 3016 674 3072 quam
721 3004 1018 3060 maximum
1049 3006 1262 3060 Davidis
1295 3008 1569 3072 meritum,
1597 3007 1741 3078 quod
1775 3009 1944 3062 nemi-

1235 339 1294 396 S.
1336 340 1706 396 ATHANASII
1741 339 1890 396 OPP.
1931 338 2114 395 PARS
2154 339 2241 394 Ill.
2282 371 2350 380 ——
2386 340 2799 398 EXEGETICA.

3520 342 3622 399 552

2145 456 2392 527 Ἰσραὴλ,
2441 457 2533 510 καὶ
2579 457 2682 529 μὴν
2715 459 2806 512 καὶ
2852 456 3012 512 αὐτοῦ
3057 457 3150 512 τοῦ
3196 458 3478 530 Προφήτου
3527 459 3622 513 σὺν

2129 547 2329 609 αὐτοῖς.
2361 547 2563 626 Γράφει
2591 548 2647 600 δὲ
2669 550 2766 619 τῆς
2792 567 2855 602 πε
2867 550 2917 619 pl.
2945 548 3076 602 Θεοῦ
3111 550 3190 611 εἰς
3217 550 3363 620 ἡμᾶς
3393 548 3620 619 κηδεμο-

2130 643 2246 706 νίας
2278 641 2368 694 τὸν
2415 642 2632 714 τρόπον·
2680 643 2774 696 καὶ
2820 643 2894 706 ὡς
2937 642 2995 694 οὐ
3050 640 3205 712 μόνον
3250 638 3357 692 τῶν
3395 637 3620 691 καθόλου

2129 735 2358 784 ποιεῖται
2389 732 2662 803 πρόνοιαν,
2711 733 2846 786 ἀλλὰ
2871 735 2976 804 γὰρ
3004 733 3094 785 καὶ
3126 730 3232 783 τῶν
3263 728 3404 783 κατὰ
3437 729 3617 799 μέρος·

2128 825 2203 887 ὡς
2237 825 2370 895 μηδὲ
2399 826 2497 889 τὰς
2533 826 2791 896 κινήσεις,
2823 825 2954 896 μηδὲ
2987 825 3083 887 τὰς
3116 822 3435 893 ἐνθυμήσεις
3465 821 3619 892 ἡμῶν

2127 916 2222 986 τῆς
2268 917 2428 970 αὑτοῦ
2475 917 2753 971 λείπεσθαι
2792 917 3060 991 προνοίας.
3112 910 3507 983 Ἀποθαυμάζει
3555 929 3618 980 γε

2125 1004 2343 1075 μὴννκαὶ
2367 1007 2464 1077 τῆς
2491 1007 2794 1078 οἰκονομίας
2821 1007 2879 1060 τὸ
2909 1007 3089 1077 βάθος,
3118 1008 3218 1076 τήν
3238 1021 3296 1058 τε
3322 1004 3426 1056 τῶν
3452 1002 3625 1054 ἐθνῶν

2127 1095 2314 1166 κλῆσιν
2347 1099 2741 1168 κατασημαίνει
2772 1098 2974 1168 σαφῶς,
3005 1099 3100 1151 καὶ
3124 1097 3224 1168 τὴν
3249 1095 3619 1165 γεγενημένην

2124 1189 2428 1259 ἀντιλογίαν
2456 1190 2532 1260 τῷ
2561 1191 2770 1263 Σωτῆρι
2795 1190 3010 1261 Χριστῷ
3032 1187 3180 1260 παρὰ
3203 1187 3294 1239 τοῦ
3321 1185 3380 1250 ἐξ
3407 1184 3618 1256 Ἰσραὴλ

2122 1280 2269 1337 λαοῦ.
2315 1282 2412 1335 Διὰ
2461 1283 2524 1354 δὴ
2558 1282 2729 1336 ταῦτα
2772 1283 2946 1335 πάντα
2993 1282 3084 1334 καὶ
3115 1281 3193 1342 είς
3219 1278 3280 1330 τὸ
3315 1277 3465 1338 τέλος
3499 1278 3618 1328 ἐπι-

2121 1376 2428 1445 γέγραπται
2465 1373 2542 1444 τῷ
2575 1373 2752 1426 Δαυῖδ.
2791 1373 3028 1442 Εἴπομεν
3060 1371 3116 1424 δὲ
3151 1369 3426 1433 πολλάκις,
3461 1367 3535 1430 ὡς
3566 1367 3615 1419 οἱ

2125 1463 2264 1517 οὕτω
2289 1463 2394 1517 τῶν
2425 1462 2651 1534 ψαλμῶν
2691 1463 3116 1534 ἐπιγραφόμενοι
3143 1463 3222 1523 εἰς
3244 1461 3333 1514 τὸν
3369 1460 3464 1530 τῆς
3497 1461 3616 1512 ἐπιε-

2119 1556 2181 1628 δη
2191 1556 2318 1627 μίας
2343 1557 2752 1628 άναπέμπονται
2787 1554 2994 1626 καιρόν,

2116 1649 2311 1715 Κύριε,
2342 1645 2704 1716 ἐδοκίμασάς
2723 1663 2798 1715 με
2826 1645 2920 1698 καὶ
2947 1646 3131 1714 ἔγνως
3152 1659 3246 1711 με.
3282 1641 3370 1704 Ὧς
3399 1639 3612 1711 θαρρῶν

2053 1735 2270 1805 βεϐαίαν
2311 1734 2455 1805 ἔχειν
2496 1735 2593 1806 τὴν
2632 1735 2810 1788 πίστιν
2854 1733 2951 1805 τὴν
2996 1735 3075 1797 είς
3115 1732 3375 1804 Χριστὸν,
3413 1731 3502 1782 καὶ
3539 1729 3626 1790 ὡς·

2049 1826 2267 1898 οὐδεμία
2317 1827 2462 1898 αὑτῷ
2499 1826 2749 1880 κοινωνία
2785 1827 2971 1895 γέγονε
3019 1827 3082 1895 τῇ
3121 1824 3214 1877 τοῦ
3249 1823 3449 1894 φαύλου
3482 1821 3610 1875 λαοῦ

2051 1919 2380 1990 παρανομίᾳ,
2417 1918 2594 1973 αὐτῶν
2619 1918 2734 1972 τῶν
2760 1916 2992 1989 καρδιῶν
3024 1917 3112 1970 τὸν
3140 1916 3380 1985 πλάστην
3417 1915 3609 1967 ἐπικαα

2049 2013 2216 2064 λεῖται
2252 2013 2521 2083 μάρτυρα.

2117 2101 2199 2155 Σὺ
2229 2100 2498 2168 συνῆκας
2545 2101 2685 2167 τοὺς
2731 2099 3153 2168 διαλογισμούς
3193 2116 3310 2168 μου
3345 2097 3462 2151 ἀπὸ
3495 2114 3619 2166 μα-

2049 2195 2282 2262 κρόθεν,
2325 2193 2438 2262 τὴν
2466 2195 2667 2262 τρίϐον
2701 2210 2818 2262 μου
2851 2191 2945 2244 καὶ
2977 2192 3082 2245 τὸν
3113 2189 3362 2259 σχοῖνόν
3377 2207 3495 2259 μου
3529 2188 3610 2242 σὺ

2048 2284 2414 2354 ἐξιχνίασας.
2449 2285 2511 2337 Ei
2547 2285 2642 2338 καὶ
2670 2283 2775 2336 τῶν
2799 2282 3172 2353 διανοημάτων
3199 2277 3304 2334 οἶδε
3328 2280 3423 2351 τὴν
3456 2279 3608 2351 κίνη-

2050 2391 2132 2426 σιν
2170 2376 2197 2426 ὁ
2229 2374 2376 2439 Θεὸς,
2418 2373 2594 2444 πολλῷ
2634 2374 2792 2427 πλέον
2834 2373 2933 2442 τῆς
2965 2373 3104 2426 κατὰ
3127 2373 3216 2424 τὸν
3244 2371 3356 2442 βίον
3387 2369 3610 2441 πορείας

2048 2461 2157 2532 ἔχει
2185 2461 2280 2532 τὴν
2307 2463 2524 2530 γνῶσιν.
2567 2461 2683 2530 Τὴν
2714 2462 2912 2530 τρίϐον
2944 2479 3061 2530 μου
3096 2461 3193 2514 καὶ
3217 2460 3331 2526 τὴν
3361 2457 3620 2526 σχοῖνόν

2041 2570 2160 2621 μου
2199 2550 2279 2604 σὺ
2309 2551 2681 2620 ἐξιχνίασας.
2713 2549 3070 2620 Σχοινισμὸς
3116 2550 3211 2620 μὲν
3238 2549 3431 2620 μέτρον
3463 2548 3624 2601 ἐστὶν·

2047 2643 2344 2714 ὡρισμένον
2383 2643 2522 2700 ὁδοῦ.
2564 2643 2723 2710 Λέγει
2769 2643 2853 2706 δὲ,
2897 2642 2972 2704 ὼς
3014 2642 3191 2694 πᾶσαν
3221 2641 3430 2711 κίνησιν
3467 2639 3602 2707 λογι·

2047 2735 2184 2806 σμοῦ
2213 2735 2500 2789 ἐπίστασαι
2519 2751 2533 2766 ·
2565 2735 2663 2798 τάς
2692 2735 2798 2805 γάρ
2831 2735 3070 2806 κινήσεις
3100 2732 3188 2786 διὰ
3214 2732 3320 2785 τῶν
3348 2731 3475 2784 ὁδῶν
3513 2746 3610 2802 ση-

2049 2826 2243 2895 μαίνει.

2120 2918 2241 2970 Ὄτι
2273 2919 2384 2970 οὐκ
2411 2917 2542 2970 ἐστι
2572 2914 2749 2981 δόλος
2771 2915 2842 2969 ἐν
2867 2915 3114 2984 γλώσσῃ
3137 2932 3277 2982 μου.
3308 2915 3415 2966 Καὶ
3449 2913 3608 2966 τοῦτο

2049 3009 2299 3080 μέγιστον
2325 3007 2432 3063 τῶν
2457 3006 2892 3079 κατορθωμάτων
2922 3007 3000 3078 τῷ
3031 3007 3221 3070 Δαυῖδ,
3255 3008 3328 3077 μὴ
3357 3005 3610 3075 ἀδικῆσαι

389 3109 511 3148 nem
547 3094 743 3151 laeserit
769 3096 970 3168 lingua,
1015 3099 1096 3152 vel
1131 3099 1429 3164 mendacio,
1455 3100 1536 3154 vel
1565 3099 1823 3171 perjurio,
1859 3101 1943 3154 vel

2071 3102 2140 3172 ὴν
2171 3101 2418 3168 γλῶσσαν
2446 3101 2580 3172 μήτε
2604 3101 2661 3153 ἐν
2689 3098 2893 3168 ψεύδει,
2928 3100 3063 3170 μήτε
3094 3100 3151 3151 ἐν
3177 3098 3444 3169 ἐπιορκία,
3473 3099 3607 3168 μήτε

389 3181 582 3239 fraude
609 3185 820 3255 dolove,
850 3188 1066 3259 aliaque
1097 3189 1258 3243 simili
1285 3191 1520 3248 ratione.

457 3277 512 3331 5.
554 3275 706 3342 Ecce,
758 3277 999 3343 Domine,
1048 3291 1104 3334 tu
1137 3281 1420 3349 cognovisti
1458 3282 1635 3335 omnia
1664 3283 1944 3336 novissima

388 3375 438 3419 et
467 3369 707 3436 antiqua.
740 3367 909 3424 Media
951 3379 1107 3434 tacet,
1135 3372 1262 3442 quia
1296 3372 1350 3426 in
1379 3372 1558 3427 medio
1602 3375 1701 3428 sita
1741 3375 1943 3430 malitia

389 3464 503 3512 est.
521 3455 637 3512 Non
663 3459 731 3514 ab
760 3459 913 3514 initio
934 3461 1074 3515 enim
1103 3461 1224 3528 fuit,
1251 3477 1350 3518 nec
1374 3463 1426 3517 in
1451 3463 1556 3520 ﬁne
1584 3467 1703 3522 erit.
1739 3467 1814 3521 Tu
1843 3468 1945 3538 for-

389 3549 549 3602 masti
589 3566 670 3603 me
698 3561 747 3604 et
770 3552 992 3620 posuisti
1017 3569 1171 3623 super
1194 3571 1272 3608 me
1300 3571 1512 3609 manum
1544 3565 1709 3612 tuam.
1740 3558 1944 3614 Etiam-

389 3641 463 3706 si,
509 3642 701 3712 inquit,
744 3659 830 3699 me
874 3643 1226 3709 formaveris,
1263 3647 1550 3704 formatum
1583 3666 1670 3705 me
1711 3664 1859 3708 tenes
1890 3662 1946 3708 et

387 3750 606 3804 servas;
643 3753 767 3792 nam
805 3738 1078 3809 impositio
1119 3756 1311 3796 manus
1366 3741 1459 3797 Dei
1498 3745 1752 3800 collatum
1789 3748 1943 3803 nobis

391 3821 622 3894 Spiritus
652 3827 851 3882 donum
895 3829 1182 3899 significat.
1211 3830 1676 3897 Quemadmodum
1714 3837 1941 3905 apostoli

389 3928 484 3980 per
509 3929 764 3970 manuum
797 3917 1197 3988 impositionem
1237 3918 1498 3991 Spiritum
1532 3935 1777 3979 sanctum
1803 3941 1944 3996 prte-

387 4005 604 4061 hebant.

457 4096 511 4151 6.
543 4097 810 4154 Mirabilis
840 4101 982 4168 facta
1008 4113 1085 4158 est
1129 4105 1350 4159 scientia
1386 4113 1476 4160 tua
1513 4121 1578 4159 ea:
1607 4122 1706 4171 me,
1732 4107 1942 4175 confar-

387 4197 502 4242 κατα
547 4200 623 4243 est
665 4203 714 4246 et
751 4210 853 4246 non
886 4203 1062 4263 potero
1102 4196 1172 4251 ad
1202 4214 1336 4252 eam.
1373 4197 1652 4268 Ejusmodi
1681 4208 1764 4254 est
1797 4201 1942 4270 quod

385 4277 518 4332 dicit
551 4282 755 4336 :multa
801 4284 904 4338 alia
947 4299 1068 4340 esse
1105 4301 1136 4340 a
1161 4285 1270 4342 Deo
1297 4287 1350 4342 in
1383 4303 1442 4342 se
1476 4287 1613 4342 facta
1636 4327 1652 4350 ,
1681 4304 1800 4358 qua:
1829 4290 1942 4360 ipse

386 4381 710 4437 cognoscere
751 4387 858 4426 non
909 4375 1097 4443 possit.
1139 4374 1274 4430 Nam
1322 4387 1680 4447 exsuperant,
1729 4380 1937 4450 inquit,

2044 3193 2101 3244 ἐν
2131 3191 2313 3262 ἀπάτῃ
2335 3191 2426 3244 καὶ
2459 3190 2611 3260 δόλῳ,
2637 3190 2728 3244 καὶ
2756 3189 2902 3261 πάσῃ
2933 3189 3152 3262 τοιαύτῃ
3180 3189 3311 3261 ἄλλῃ
3341 3187 3463 3258 ὁδῷ.

2126 3278 2269 3332 Ἰδοὺ
2291 3321 2303 3342 ,
2331 3279 2537 3347 Κύριε,
2567 3278 2647 3332 σὺ
2690 3279 2874 3347 ἔγνως
2914 3276 3108 3331 πάντα
3145 3279 3214 3332 τὰ
3253 3279 3478 3344 ἔσχατα
3508 3278 3606 3332 καὶ

2040 3369 2114 3424 τὰ
2151 3371 2384 3439 ἀρχαῖα.
2430 3370 2509 3422 Τὰ
2545 3369 2685 3441 μέσα
2733 3369 3243 3442 παρασεσιώπηται,
3296 3369 3381 3422 διὰ
3423 3371 3483 3422 τὸ
3510 3371 3608 3441 τὴν

2042 3461 2237 3515 κακίαν
2268 3458 2407 3514 εἶναι
2439 3463 2498 3514 ἐν
2523 3460 2600 3532 τῷ
2639 3460 2861 3531 μεταξύ.
2887 3463 2960 3514 Οὐ
2987 3462 3093 3532 γὰρ
3119 3457 3186 3532 ἦν
3216 3462 3272 3513 ἐν
3295 3463 3456 3532 ἀρχῇ,
3485 3461 3608 3514 οὐδὲ

2041 3552 2191 3606 ἔσται
2237 3551 2397 3606 πάλιν
2439 3553 2495 3605 ἐν
2522 3550 2684 3606 τέλει.
2717 3551 2799 3604 Σὺ
2827 3551 3100 3617 ἐπλασάς
3124 3568 3230 3621 με,
3261 3551 3360 3604 καὶ
3387 3553 3608 3619 ἔθηκας

2041 3645 2133 3697 ἐπ’
2165 3644 2270 3713 ἐμὲ
2295 3643 2410 3712 τὴν
2447 3642 2614 3712 χεῖρά
2644 3659 2778 3696 σου.
2818 3644 2878 3696 Εἰ
2921 3645 3013 3698 καὶ
3044 3642 3280 3706 ἔπλασάς
3327 3660 3392 3713 με
3412 3685 3426 3707 ,
3452 3644 3601 3714 φησὶ.

2043 3736 2141 3790 καὶ
2185 3735 2441 3804 γεγονότα
2466 3735 2792 3809 διακρατεῖς·
2830 3737 2862 3805 ή
2891 3737 2999 3806 γάρ
3037 3735 3276 3798 ἐπίθεσις
3303 3737 3400 3806 τῆς
3427 3734 3606 3805 χειρὸς

2040 3827 2134 3881 τοῦ
2166 3828 2299 3881 Θεοῦ
2323 3830 2420 3900 τὴν
2447 3827 2840 3899 χορηγηθεῖσαν
2873 3830 3004 3899 ἡμῖν
3034 3827 3127 3880 τοῦ
3162 3827 3299 3881 Πνεύ
3310 3845 3474 3898 ματος
3501 3829 3604 3881 δω-

2045 3919 2173 3989 ρεὰν
2204 3919 2476 3990 σημαίνει·
2507 3919 2582 3981 ὡς
2629 3921 2676 3971 oi
2710 3919 2994 3973 ἀπόστολοι
3034 3919 3122 3973 διὰ
3165 3920 3262 3990 τῆς
3310 3918 3606 3981 ἐπιθέσεως

2039 4010 2147 4063 τῶν
2173 4009 2367 4081 χειρῶν
2394 4013 2648 4080 παρεῖχον
2679 4010 2900 4081 Πνεῦμα
2926 4012 3096 4080 ἆγιον.

2125 4099 2576 4171 Ἐθαυμαστώθη
2615 4102 2653 4170 ἡ
2685 4100 2906 4170 γνῶσίς
2950 4116 3065 4155 σου
3099 4101 3167 4165 ἐξ
3208 4101 3384 4169 ἐμοῦ,
3434 4100 3604 4167 ἐκρα-

2041 4190 2273 4259 ταιώθη,
2299 4193 2370 4245 οὐ
2381 4191 2464 4260 μὴ
2492 4191 2749 4261 δύνωμαι
2775 4192 2920 4259 πρὸς
2938 4191 3145 4259 αὑτήν.
3181 4194 3245 4245 Ὃ
3268 4192 3411 4260 λέγει
3443 4191 3604 4244 τοιοῦο

2039 4281 2131 4334 τόν
2163 4282 2332 4335 ἐστιν·
2371 4283 2490 4334 Ὅτι
2523 4281 2682 4351 ἕτερα
2717 4281 2941 4334 πλεῖστά
2974 4284 3086 4334 ἐστι
3121 4281 3186 4334 τά
3217 4281 3325 4334 ἀπὸ
3353 4281 3446 4333 τοῦ
3471 4280 3600 4334 Θεοῦ

2042 4375 2121 4436 εἰς
2154 4373 2313 4427 αὑτὸν
2348 4373 2708 4444 γεγενημένα,
2743 4373 2838 4426 καὶ
2862 4373 2958 4443 οὐχ
2987 4369 3095 4436 οἷός
3121 4373 3180 4425 τέ
3207 4373 3322 4424 ἐστι
3352 4369 3600 4439 διαγινώ-

385 4454 694 4514 facultatem
746 4477 943 4529 meam,
984 4475 1039 4520 et
1080 4482 1270 4522 eorum
1307 4470 1542 4540 cognitio
1594 4481 1772 4527 mente
1822 4489 1940 4528 mea

2071 4481 2216 4516 rxsw.
2255 4462 2610 4534 ’Υπερόάλλει
2661 4464 2768 4537 γὰρ
2819 4465 2916 4536 τὴν
2966 4465 3104 4536 ἐμὴν
3145 4463 3401 4534 δύναμιν,
3451 4462 3598 4532 φησὶ,

385 4548 544 4620 longe
589 4553 833 4621 superior
879 4565 992 4624 est,
1024 4557 1097 4612 ita
1129 4566 1188 4613 ut
1220 4575 1308 4625 ea,
1349 4576 1450 4616 nec
1495 4562 1816 4632 investigare
1845 4579 1943 4618 nec

386 4641 535 4711 loqui
567 4645 790 4712 possim.
821 4645 1164 4720 Quaecunque
1191 4652 1335 4707 enim
1365 4653 1477 4708 dixi
1517 4669 1681 4724 parva
1722 4654 1943 4723 exigua-

384 4747 493 4802 que
516 4743 661 4790 sunt.
700 4735 905 4794 Divinae
931 4740 1202 4811 siquidem
1232 4743 1449 4800 virtutis
1484 4745 1677 4800 notitia
1706 4745 1942 4815 parvita-

382 4836 490 4881 tem
525 4842 698 4882 meam
729 4828 880 4898 fugit.

453 5000 506 5054 8.
538 5001 598 5056 Si
624 5003 899 5058 ascendere
927 5008 981 5060 in
1006 5007 1210 5074 caelum,
1235 5021 1292 5063 tu
1319 5010 1431 5064 illic
1455 5026 1529 5066 es.
1557 5008 1743 5065 Simile
1766 5010 1900 5065 illud
1923 5027 1936 5062 :

382 5089 586 5147 Caelum
621 5096 748 5149 mihi
789 5097 1003 5151 thronus
1040 5108 1118 5152 est
1150 5101 1216 5154 ".
1257 5099 1314 5155 Si
1347 5101 1654 5156 descendero
1691 5104 1745 5154 in
1773 5101 1939 5171 infer-

385 5197 532 5247 num,
559 5185 702 5239 ades.
744 5185 993 5243 Praedicit
1015 5187 1256 5244 futurum
1286 5189 1501 5245 Domini
1531 5191 1850 5247 descensum
1885 5191 1940 5245 in

384 5271 679 5328 infernum.

452 5363 504 5420 9.
532 5363 592 5418 Si
617 5384 884 5437 sumpsero
903 5387 1100 5439 pennas
1123 5387 1262 5426 meas
1291 5372 1543 5436 diluculo,
1569 5384 1617 5429 et
1643 5374 1942 5428 habitavere

381 5449 435 5502 in
485 5458 728 5513 extremis
771 5463 955 5514 maris.
998 5460 1054 5516 id
1091 5471 1194 5529 est,
1235 5463 1280 5518 si
1329 5463 1588 5532 accipiam
1620 5465 1799 5519 avium
1829 5464 1944 5519 alas

383 5544 622 5599 nondum
647 5547 917 5620 defessas;
958 5553 1010 5608 id
1035 5554 1178 5609 enim
1209 5555 1476 5626 signiﬁcat
1509 5556 1661 5622 illud,
1686 5556 1942 5625 diluculo,

451 5715 500 5751 π
523 5716 711 5772 Matth.
741 5740 790 5785 ν,
819 5727 905 5781 :54.

2042 4558 2137 4610 καὶ
2181 4555 2437 4609 ὲπέκεινά
2479 4557 2593 4608 ἐστι
2635 4558 2734 4626 τῆς
2779 4557 2916 4627 ἐμῆς
2960 4555 3309 4626 καταλήψεως
3337 4557 3369 4626 ἡ
3402 4555 3602 4607 τούτων

2041 4648 2258 4717 γνῶσις,
2287 4647 2363 4710 ὼς
2396 4647 2469 4718 μὴ
2492 4647 2747 4702 δύνασθαί
2783 4666 2850 4718 με
2873 4647 3109 4720 ἐξευρεῖν
3133 4649 3165 4719 ἧ
3192 4649 3424 4712 ἐξειπεῖν
3443 4647 3594 4700 circa.

2043 4740 2183 4792 Ὅσα
2231 4739 2338 4810 γὰρ
2377 4734 2506 4791 εἶπα
2539 4738 2745 4811 σμικρὰ
2777 4740 2868 4794 καὶ
2909 4740 3161 4809 ἐλάχιστα
3187 4740 3457 4810 τυγχάνει.
3491 4739 3600 4806 Τῆς

2040 4831 2148 4903 γὰρ
2177 4830 2363 4901 θεῐκῆς
2389 4830 2668 4901 δυνάμεως
2692 4832 2725 4902 ή
2761 4831 3060 4902 κατάληψις
3089 4831 3185 4901 τὴν
3217 4831 3352 4902 ἐμὴν
3385 4830 3599 4902 σμικρό-

2038 4940 2178 4995 τητα
2207 4921 2503 4992 διαφεύγει.

2122 5015 2264 5068 Ἐὰν
2289 5014 2485 5068 άναόῶ
2514 5015 2600 5078 εἰς
2622 5014 2728 5067 τὸν
2753 5011 3027 5081 οὐρανὸν,
3054 5012 3135 5066 σὺ
3162 5012 3289 5066 ἐκεῖ
3301 5009 3597 5082 εἷ.”ομοιον

2040 5104 2120 5164 τὸ,
2155 5103 2208 5154 '0
2237 5103 2490 5170 οὐρανός
2509 5119 2609 5171 μοι
2633 5103 2861 5170 θρόνος.
2901 5102 3038 5156 Ἐὰν
3065 5100 3292 5154 καταϐῶ
3315 5104 3401 5167 εὶς
3427 5101 3594 5168 ᾅδην,

2041 5193 2232 5259 πάρει.
2275 5191 2611 5264 Προφητεύει
2649 5189 2747 5262 τὴν
2790 5191 3083 5263 γενομένην
3116 5193 3194 5254 είς
3219 5190 3345 5266 ᾅδου
3379 5190 3598 5244 κάθοδον

2040 5284 2134 5337 τοῦ
2167 5284 2390 5356 Κυρίου.
2721 5267 2724 5270 ’

2125 5375 2266 5429 Ἐὰν
2308 5373 2659 5444 ἀναλάϐοιμι
2701 5373 2802 5440 τὰς
2845 5373 3138 5443 πτέρυγάς
3171 5391 3290 5443 μου
3331 5373 3457 5426 κατ’
3503 5372 3595 5439 ὄρ-

2043 5469 2204 5534 θρον,
2244 5465 2339 5519 καὶ
2388 5465 2832 5534 κατασκηνώσω
2871 5469 2956 5531 εὶς
2993 5467 3063 5519 τὰ
3104 5465 3332 5533 ἔσχατα
3371 5463 3477 5531 τῆς
3505 5466 3596 5517 θα·

2042 5555 2303 5628 λάσσης.
2347 5555 2662 5621 Τουτέστιν,
2708 5559 2756 5610 εί
2799 5556 3018 5626 λάϐοιμι
3063 5557 3339 5627 πτέρυγας
3386 5552 3598 5625 πτηνῶν
