3946 6222
273 335 377 394 553

1281 333 1642 392 EXPOSITIO
1683 335 1748 390 IN
1790 332 2121 392 PSALMUM
2155 338 2482 396 CXXXVIII.

3415 326 3524 400 535i

281 456 447 526 μήπω
473 452 842 524 κεκμηκότας·
874 451 1028 505 τοῦτο
1053 451 1158 522 γὰρ
1187 452 1437 522 σημαίνει
1466 470 1545 519 το,
1593 453 1718 507 κατ’
1749 453 1841 519 ὄρ-

1965 456 2168 526 ntegris
2217 456 2422 512 scilicet
2468 455 2671 512 viribus
2717 456 2783 510 ad
2835 455 3156 523 "olandum,
3211 463 3265 510 et
3318 457 3518 510 robore

278 551 441 615 θρσν.
475 543 675 616 νεαρὰς
715 545 775 598 ὲν
808 543 886 614 τῷ
919 543 1182 596 πέτασθαι
1213 545 1305 598 καὶ
1333 544 1612 615 δυνάμεως
1644 544 1850 615 πεπλη-

280 637 546 708 ρωμένας.
589 637 646 690 '0
678 636 733 689 δέ
771 652 886 698 πως
913 635 1037 699 νοῦς
1061 629 1232 698 οὗτοςο
1270 636 1476 699 Πάντα,
1505 636 1657 706 φησὶ,
1696 653 1848 708 περι-

278 723 513 795 ειληφώς
555 723 788 794 Κύριος,
834 725 924 777 καὶ
976 724 1149 778 πάντα
1201 725 1477 796 προλαϐὼν
1523 722 1700 791 οἶδας,
1757 726 1848 778 καὶ

279 815 550 885 πανταχοῦ
584 815 769 887 πάρει,
803 816 896 868 καὶ
931 815 1106 868 πάντα
1155 817 1379 888 πληροῖς
1410 817 1484 879 ὡς
1519 816 1668 878 Θεὸς.
1692 812 1844 869 Εἶταο

279 909 370 971 Τίς
424 909 690 978 γένωμαι,
741 907 806 960 ἄν
837 925 888 960 τι
944 907 1122 979 συμϐῇ
1173 925 1260 978 μοι
1298 908 1638 978 ἁμάρτημα,
1669 908 1762 961 καὶ
1801 909 1847 960 εἰ

279 997 486 1065 γένοιτό
519 1015 606 1067 μοι
653 997 810 1068 χρεία
841 997 1082 1069 δρασμοῦ
1125 997 1218 1050 καὶ
1251 997 1458 1068 φυγῆς,
1486 996 1579 1050 σοῦ
1614 997 1708 1050 τοῦ
1738 997 1849 1049 Κυ-

282 1088 394 1160 ρίου
425 1089 602 1141 πάντα
628 1089 984 1158 ὑπειληφότες

347 1183 457 1237 Kal
483 1179 640 1235 εἶπα·
668 1178 811 1249 Ἆρα
838 1182 1056 1246 σκότος
1077 1180 1483 1247 καταπατήσει
1500 1197 1596 1250 με.
1629 1181 1719 1244 Τὸ,
1749 1196 1849 1232 κα·-

278 1271 611 1340 ταπατήσει
633 1311 647 1334 ,
685 1272 803 1324 ἀντὶ
832 1271 924 1324 τοῦ
947 1311 960 1336 ,
999 1271 1259 1326 σκεπάσει
1291 1272 1384 1325 καὶ
1409 1270 1711 1342 ἀποκρύψει
1741 1270 1847 1324 τῶν

283 1363 389 1416 σῶν
441 1361 754 1432 ὀφθαλμῶν.
806 1361 963 1415 Ἀλλὰ
1005 1363 1098 1416 καὶ
1141 1364 1326 1427 τοῦτο,
1361 1364 1513 1434 φησι,
1560 1363 1621 1415 τὸ
1660 1361 1848 1424 σκότος

279 1455 453 1518 οὕτως
478 1455 624 1507 ἐστὶν
653 1456 709 1506 ὲν
732 1457 797 1525 τῇ
825 1457 888 1524 σῇ
921 1454 1137 1525 γνώσει,
1168 1454 1356 1527 ὥσπερ
1391 1455 1455 1510 ἂν
1479 1457 1562 1526 εἴη
1594 1456 1686 1508 καὶ
1720 1455 1849 1509 αὑτὸ

280 1546 340 1600 τὸ
370 1545 509 1615 φῶς.

359 1637 454 1702 Ὠς
481 1636 548 1690 τὸ
575 1637 791 1702 σκότος
820 1635 1008 1703 αὐτῆς
1027 1675 1041 1700 ,
1069 1637 1219 1691 οὕτω
1247 1636 1342 1691 καὶ
1389 1637 1453 1690 τὸ
1488 1636 1612 1706 φῶς
1638 1636 1844 1705 αὐτῆς.

281 1728 550 1800 Καθάπερ
594 1727 703 1799 γὰρ
735 1727 858 1798 ἐμοὶ
911 1726 1156 1798 ζοφώδης
1191 1731 1224 1800 ή
1261 1728 1378 1793 νὺξ,
1424 1727 1594 1792 οὕτως
1619 1729 1732 1782 ὲστί
1768 1745 1854 1781 σοι

1947 548 2153 617 plenas.
2184 547 2307 603 Haec
2335 558 2417 604 est
2441 556 2620 603 autem
2655 549 2919 604 sententia
2949 566 2963 602 :
2993 547 3071 602 Tu
3091 590 3106 615 ,
3144 547 3389 614 Domine,
3423 550 3517 618 qui

1947 636 2128 690 omnia
2163 637 2432 704 contines,
2465 637 2647 692 omnia
2678 638 2994 707 priusquam
3033 639 3286 694 eveniant
3313 655 3517 708 cogno-

1947 725 2076 790 scis,
2123 726 2325 795 ubique
2368 742 2639 797 praesens,
2670 728 2851 782 omnia
2903 726 3092 796 imples
3126 737 3313 798 utpote
3352 726 3513 783 Deus.

1949 813 2170 877 Deinde,
2197 831 2304 886 quo
2335 832 2420 870 me
2461 825 2683 882 vertam,
2725 816 2769 871 si
2819 817 2872 870 in
2907 817 3197 886 quodpiam
3234 828 3512 886 peccatum

1949 909 2210 976 incidam,
2237 920 2290 965 et
2315 911 2360 966 si
2388 910 2529 981 fuga:
2563 912 2695 966 mihi
2727 911 3022 967 necessitas
3057 911 3355 976 incumbat,
3390 927 3522 965 cum.

1949 1011 2028 1070 tu,
2058 1002 2306 1070 Domine,
2337 985 2520 1059 omnia
2551 1003 2870 1059 contineas?

2020 1181 2104 1233 11.
2137 1180 2202 1234 Et
2228 1182 2340 1234 dixi
2379 1198 2397 1236 :
2430 1180 2680 1235 Forsitan
2722 1181 2945 1235 tenebrae
2983 1181 3372 1235 conculcabuntt
3413 1198 3531 1234 me..

1951 1269 2364 1337 Concutcabunt,
2397 1271 2449 1326 id
2487 1281 2590 1336 est,
2631 1279 2920 1341 contegent
2966 1279 3020 1326 et
3049 1272 3399 1327 occultabunt
3430 1287 3515 1326 me

1948 1360 2122 1416 oculis
2149 1360 2275 1417 tuis.
2309 1359 2413 1415 Sed
2458 1361 2588 1430 ipsae
2631 1362 2870 1417 tenebrae
2915 1361 3137 1432 perinde
3182 1371 3287 1417 tua:
3333 1363 3515 1433 cogni-

1949 1451 2082 1506 tioni
2115 1460 2242 1507 sunt
2273 1461 2434 1522 atque
2463 1452 2668 1506 lumen.

2022 1656 2107 1710 I2.
2157 1655 2309 1711 Sicut
2344 1665 2394 1710 et
2426 1659 2648 1712 tenebrat
2678 1659 2791 1728 ejus
2827 1661 2906 1712 ita
2948 1669 2997 1713 et
3031 1659 3205 1714 lumen
3235 1677 3372 1730 ejus,
3403 1672 3513 1716 etc.

1951 1742 2416 1809 Quemadmodum
2446 1747 2590 1800 enim
2635 1747 2769 1801 mihi
2818 1762 2924 1801 nox
2973 1749 3261 1804 tenebrosa
3301 1759 3405 1816 est,
3440 1750 3514 1804 ita

281 1822 537 1892 φωτεινή.
569 1821 818 1892 Νεφροὺς
844 1820 899 1873 δέ
929 1837 1091 1890 φησιν
1129 1816 1264 1874 εἶναι
1301 1821 1424 1884 τοὺς
1454 1820 1616 1889 φόϐου
1644 1837 1845 1891 ποιητι-

1963 1846 2032 1890 3st
2061 1835 2153 1889 tibi
2186 1835 2384 1894 lucida.
2415 1835 2591 1893 Renes
2621 1846 2804 1893 autem
2851 1840 3017 1907 dicit,
3055 1840 3280 1896 terroris
3327 1841 3515 1896 incus-

283 1913 431 1976 κούς.
480 1912 640 1982 Λέγει
683 1913 759 1970 δὲ.
796 1914 876 1966 ὅτι
921 1914 986 1966 Σὲ
1025 1913 1310 1975 διαπαντὸς
1342 1911 1680 1982 ἐφοϐούμην,
1735 1914 1852 1966 ἐπεὶ

282 2005 387 2076 πρὸ
416 2004 706 2075 ὀφθαλμῶν
732 2000 875 2075 εἶχον
908 2005 995 2058 ἀεὶ
1022 2005 1120 2074 τὴν
1148 2004 1246 2074 σὴν
1275 2004 1473 2074 κρίσιν.
1510 2002 1851 2058 Ἀντελάϐου

276 2115 393 2167 μου
439 2098 506 2150 ἐκ
548 2099 807 2167 γαστρὸς
844 2099 1068 2167 μητρός
1106 2115 1244 2166 μου.
1286 2096 1550 2160 Εἰκότως,
1590 2098 1740 2166 φησὶ,
1763 2097 1851 2150 τὸν

285 2188 374 2240 σὺν
417 2187 583 2256 φόϐον
615 2188 964 2258 ἐκτησάμην,
1001 2185 1188 2258 ἐπειδὴ
1221 2185 1481 2256 κυόμενόν
1510 2203 1575 2257 με
1604 2187 1638 2256 ἡ
1664 2185 1730 2255 σὴ
1764 2202 1854 2238 πε-

282 2297 478 2353 ριφρου
487 2283 567 2352 ρεί
600 2280 844 2351 πρόνοια.

361 2369 912 2440 Ἐξομολογήσομαι
940 2384 1060 2433 σοι,
1089 2368 1178 2423 ὅτι
1200 2367 1458 2439 φοϐερῶς
1480 2367 1854 2436 ἐθαυμαστώ-

282 2467 409 2528 θης.
440 2461 724 2533 Εὑκαίρως
759 2461 894 2531 μετὰ
919 2459 1014 2530 τὴν
1038 2460 1436 2532 προειρημένην
1463 2458 1732 2527 θεολογίαν
1755 2457 1852 2529 τὴν

282 2551 665 2622 ἐξομολόγησιν
686 2551 1102 2621 ἀναφθέγγεται.
1125 2550 1436 2621 Θαυμάσιά
1457 2553 1528 2605 τὰ
1543 2552 1685 2620 ἔργα
1713 2567 1848 2616 σου,

281 2642 380 2697 καὶ
411 2643 452 2708 ἡ
475 2641 644 2711 ψυχή
665 2660 786 2711 μου
815 2641 1093 2712 γινώσκει
1123 2642 1374 2712 σφόδρα.
1404 2643 1563 2704 ’Ἠτις
1591 2642 1726 2706 ἐστὶν
1758 2659 1855 2713 φη-

283 2737 386 2798 σὶν,
418 2736 544 2806 ἐμοὶ
578 2735 805 2805 δύναμις
842 2735 1180 2806 ἀπόρρητος,
1217 2735 1310 2788 καὶ
1354 2735 1488 2805 αύτή
1523 2751 1602 2787 σοι
1631 2733 1708 2806 τῷ
1735 2733 1854 2805 Θεῷ

283 2827 494 2899 φανερὰ
520 2827 792 2897 τυγχάνει.

357 2920 482 2972 Οὐκ
520 2918 739 2986 ἐκρύϐη
781 2917 848 2970 τὸ
881 2917 1104 2971 ὀστοῦν
1136 2935 1256 2986 μου
1303 2915 1420 2971 ἀπὸ
1451 2916 1566 2972 σοῦ
1601 2915 1631 2970 ὃ
1655 2917 1854 2982 ἐποίη-

283 3025 400 3075 σας
436 3007 749 3077 ἐνκρυςρῇ.
796 3009 908 3078 Οὐκ
949 3008 1136 3073 ἔλαθε,
1186 3009 1351 3077 φησὶ,
1396 3008 1495 3078 τῆς
1536 3008 1785 3077 γυναικὸς
1825 3010 1853 3062 ό

281 3099 514 3164 δλισθος,
547 3099 615 3170 ἢν
650 3100 716 3153 ἐκ
757 3098 852 3152 τοῦ
896 3099 1080 3152 ὀστέου
1118 3116 1217 3169 μου
1247 3097 1546 3167 λεληθότως
1571 3098 1849 3168 ἐποίησας,

285 3190 440 3261 ὖπνῳ
472 3153 628 3261 θαρεῖ
655 3190 882 3252 εὐνάσας
912 3205 997 3261 με’
1025 3153 1138 3243 ἀλλ’
1171 3189 1341 3258 ἔγνως
1360 3153 1434 3242 τὰ
1459 3153 1854 3261 ἡμέτερα
1879 3153 1922 3211 C

285 3299 402 3351 φια,
434 3285 467 3336 ὁ
502 3281 716 3353 ἐκείνην
737 3281 978 3353 κρυφίως
1005 3281 1466 3351 ὑποστησάμενος.
1495 3279 1602 3335 Καὶ
1636 3281 1675 3348 ἡ
1704 3281 1852 3334 ὑπό-

280 3373 506 3439 στασις
530 3391 648 3442 μου
691 3373 762 3426 ἐν
791 3370 915 3438 τοῖς
960 3369 1314 3437 κατωτάτοις
1355 3369 1465 3439 τῆς
1495 3370 1626 3440 γῆς.
1661 3370 1770 3424 Καὶ
1805 3372 1854 3423 εἰ

219 3521 228 3529 ,
279 3463 614 3534 διαλυθείην,
643 3463 796 3533 φησὶ,
837 3463 929 3516 καὶ
967 3464 1046 3526 εἰς
1077 3462 1204 3533 χοῦν
1226 3461 1562 3533 πορευθείην,
1594 3462 1675 3514 σοὶ
1697 3461 1856 3514 πάλιν

281 3554 526 3622 γνωστὸν
556 3555 617 3607 τὸ
641 3553 876 3608 τοιοῦτόν
899 3555 1045 3607 ἐστιν

354 3647 429 3700 Τὸ
467 3645 916 3715 ἀκατέργαστόν
947 3663 1066 3715 μου
1098 3642 1261 3700 εἶδον
1288 3647 1344 3699 οἱ
1388 3644 1680 3713 ὀφθαλμοί
1716 3660 1853 3697 σου.

279 3737 414 3807 Πρὶν
469 3735 740 3803 γενέσθαι,
771 3735 923 3805 φησὶ,
955 3735 1046 3789 καὶ
1092 3737 1220 3806 πρὶν
1269 3734 1651 3806 μορφωθῆναι,
1684 3735 1733 3786 ot
1774 3734 1856 3786 col.

277 3828 376 3897 τῆς
407 3827 778 3898 προγνώσεως
806 3827 1072 3897 ὀφθαλμοὶ
1103 3826 1392 3880 ὲθεάσαντό
1433 3842 1498 3896 με
1541 3826 1635 3879 καὶ
1677 3827 1858 3896 προεῖ-

276 3917 361 3970 δόν
395 3935 497 3990 με,
530 3920 626 3988 οὐχ
654 3917 859 3982 ἁπλῶς,
883 3918 994 3972 ἀλλ’
1020 3917 1096 3980 ὼς
1119 3917 1218 3988 ήδη
1247 3916 1580 3986 ἐγκείμενον,
1614 3915 1707 3968 καὶ
1735 3931 1860 3967 συν-

277 4009 661 4081 ηριθμημένον
684 4049 698 4073 ,
749 4011 841 4064 καὶ
882 4011 940 4062 ὲν
993 4012 1058 4080 τῇ
1107 4008 1270 4079 βίϐλῳ
1319 4025 1412 4061 σου
1456 4005 1854 4078 γεγραμμένον.

289 4101 526 4170 Ἡμέραι
587 4101 1064 4166 πλασθήσονται,
1119 4099 1220 4153 καὶ
1270 4097 1468 4164 οὐδεὶς
1512 4098 1583 4151 ἐν
1633 4095 1854 4161 αὐτοῖς.

279 4191 436 4246 Κατὰ
464 4192 652 4255 πάσας
682 4193 780 4262 τῆς
810 4191 954 4262 ζωῆς
995 4191 1173 4245 αὐτῶν
1205 4190 1305 4255 τὰς
1331 4192 1543 4263 ἡμέρας
1572 4190 1857 4263 εὐρύθμως

276 4285 372 4338 καὶ
422 4283 751 4347 εὐπλάστως
805 4283 1026 4346 ἑαυτοὺς
1074 4283 1362 4353 διήγαγον,
1406 4281 1500 4336 καὶ
1548 4281 1681 4353 μηδὲ
1730 4282 1858 4352 μίαν

279 4375 498 4447 ἡμέραν
528 4376 728 4437 αὐτοὺς
753 4375 954 4428 ἄτυπον
981 4373 1013 4443 ἢ
1040 4373 1310 4429 ἄπλαστον
1336 4373 1645 4444 ἐσχηκέναι.

1951 1941 2121 1981 sores.
2153 1925 2248 1991 Te,
2304 1927 2502 1998 inquit,
2565 1944 2780 1999 semper
2849 1931 3129 1994 timebam,
3192 1931 3321 2000 quia
3380 1931 3516 1984 mihi

1951 2032 2161 2087 semper
2190 2017 2456 2087 judicium
2488 2027 2641 2073 tuum
2685 2020 2756 2074 ob
2797 2021 2986 2076 oculos
3016 2021 3353 2077 versabatur.
3385 2019 3517 2076 Sus-

1951 2109 2131 2177 cepisti
2164 2124 2244 2162 me
2282 2107 2344 2162 de
2385 2119 2535 2164 utero
2582 2113 2769 2164 matris
2794 2129 2940 2167 mem.
2991 2110 3140 2179 Jure,
3183 2112 3396 2182 inquit,
3435 2113 3513 2167 tui

1953 2199 2200 2254 timorem
2247 2200 2434 2264 habui,
2469 2202 2912 2272 quandoquidem
2959 2218 3046 2258 me
3091 2204 3148 2258 in
3190 2216 3346 2259 utero
3387 2219 3513 2260 ver-

1951 2298 2158 2346 santem
2187 2292 2520 2360 providentia
2551 2301 2641 2347 tua
2686 2302 2994 2350 conservat.

2023 2381 2108 2436 14.
2184 2381 2480 2451 Conﬁtebor
2513 2385 2607 2438 tibi
2645 2386 2769 2461 quia
2800 2385 3106 2440 terribiliter
3143 2387 3514 2457 magniﬁcatus

1950 2488 2024 2526 es.
2057 2471 2369 2542 Opportune
2405 2474 2683 2543 praemissa
2728 2475 2819 2530 illa
2869 2476 3160 2546 theologia,
3216 2475 3516 2532 confessio-

1950 2581 2074 2620 nem
2119 2574 2304 2636 postea
2349 2566 2482 2621 edit.
2532 2566 2808 2622 Mirabilia
2854 2584 3011 2637 opera
3058 2578 3190 2634 tua,
3233 2579 3282 2623 et
3334 2571 3516 2622 anima

1950 2671 2066 2709 mea
2103 2659 2364 2724 cognoscit
2413 2657 2591 2711 nimis.
2629 2655 2816 2714 Virtus
2859 2659 2952 2713 illa
2978 2675 3100 2730 qua:
3127 2660 3263 2714 mihi
3304 2660 3516 2715 occulta

1951 2757 2052 2814 est,
2091 2748 2188 2803 tibi
2219 2747 2329 2805 Deo
2361 2750 2655 2821 conspicua
2691 2759 2792 2806 est.

2024 2925 2110 2980 15.
2177 2925 2296 2981 Νοη
2323 2935 2400 2982 est
2423 2929 2743 2982 occultatum
2775 2945 2832 2983 os
2875 2945 3045 2982 meum
3072 2945 3105 2982 a
3137 2941 3186 2983 te
3213 2929 3352 3000 quod
3383 2929 3514 2999 feci-

1952 3018 2022 3070 sti
2046 3017 2099 3070 in
2127 3016 2349 3073 occulto.
2388 3017 2507 3072 Non
2551 3018 2727 3082 latuit,
2775 3018 2987 3088 inquit,
3035 3018 3278 3074 mulieris
3311 3018 3514 3088 lapsus,

1953 3121 2116 3175 quam
2142 3122 2206 3162 ex
2234 3123 2356 3163 osse
2400 3122 2524 3164 meo
2555 3109 2696 3164 clam
2742 3108 3061 3173 eﬂ‘ormasti,
3094 3119 3383 3179 postquam
3429 3124 3533 3163 me

1954 3195 2102 3264 gravi
2134 3210 2327 3251 somno
2372 3199 2763 3268 oppressisses;
2811 3199 2904 3254 sed
2953 3198 3272 3254 abscondita
3321 3206 3511 3255 nostra

1953 3286 2256 3356 cognoscis,
2287 3287 2380 3357 qui
2421 3288 2650 3343 latenter
2700 3290 2847 3342 illam
2903 3289 3164 3344 exsistere
3219 3287 3412 3343 fecisti.
3447 3287 3518 3344 Et

1953 3376 2250 3432 substantia
2273 3395 2387 3433 mea
2416 3379 2470 3433 in
2499 3379 2839 3449 inferioribus
2867 3389 3038 3434 terra.
3072 3378 3294 3436 Etiamsi
3324 3380 3519 3436 dissol-

1952 3481 2071 3531 var,
2098 3468 2292 3537 inquit,
2321 3479 2375 3525 et
2413 3469 2468 3524 in
2496 3471 2771 3540 pulverem
2807 3471 3019 3537 abeam,
3051 3470 3183 3525 illud
3212 3471 3377 3528 etiam
3416 3489 3516 3528 no-

1954 3567 2068 3614 tum
2096 3567 2180 3614 est
2210 3559 2303 3615 tibi
3270 3616 3273 3620 .

2029 3651 2117 3708 16.
2171 3649 2544 3722 Imperfectum
2599 3671 2770 3709 meum
2821 3658 3060 3713 viderunt
3097 3663 3238 3715 oculi
3273 3663 3370 3722 tui,
3410 3669 3515 3715 etc.

1954 3743 2255 3812 Antequam
2303 3743 2509 3809 llerem,
2554 3743 2751 3814 inquit,
2799 3757 2852 3801 et
2882 3757 3169 3818 antequam
3218 3751 3508 3811 formarer,

1956 3835 2308 3904 praascientiaa
2338 3843 2444 3890 tua:
2474 3836 2618 3890 oculi
2649 3853 2734 3892 me
2757 3841 3104 3908 contemplati
3130 3852 3258 3895 sunt
3289 3855 3354 3894 ac
3379 3854 3518 3909 pra-

1953 3926 2239 3992 viderunt;
2266 3941 2366 3982 nec
2393 3928 2732 3997 simpliciter,
2752 3931 2845 3984 sed
2870 3941 2930 3984 ut
2955 3931 3067 4000 jam
3094 3931 3351 4001 positum,
3383 3945 3517 3985 con-

1956 4025 2299 4072 numeratum
2329 4027 2382 4073 et
2412 4020 2744 4090 descriptum
2794 4021 2848 4075 in
2895 4022 3034 4078 libro
3082 4032 3200 4078 tuo.
3240 4024 3364 4078 Dies
3402 4024 3519 4090 for-

1957 4109 2239 4162 mabuntur
2277 4120 2326 4164 et
2374 4126 2524 4164 nemo
2560 4111 2617 4164 in
2646 4113 2742 4165 eis.
2780 4111 3048 4169 Omnibus
3083 4114 3204 4168 vitae
3245 4129 3358 4169 sua}
3397 4114 3517 4169 die-

1956 4200 2060 4256 bus
2087 4201 2254 4270 probe
2298 4209 2354 4256 et
2397 4201 2647 4257 ordinate
2695 4218 2814 4259 sese
2865 4214 3170 4273 gesserunt,
3220 4205 3292 4259 ita
3344 4213 3404 4260 ut
3452 4221 3521 4261 ne

1957 4306 2123 4345 unam
2153 4291 2372 4362 quidem
2417 4294 2560 4348 diem
2595 4294 3014 4365 incompositam
3061 4303 3114 4350 et
3156 4295 3538 4350 inordinatam!

1957 4382 2182 4453 egerint.

357 4473 526 4543 Ἐμοὶ
555 4470 626 4524 δὲ
648 4472 789 4525 λίαν
807 4471 1176 4539 ἐτιμήθησαν
1202 4472 1256 4523 οι
1280 4469 1445 4538 φίλοι
1473 4485 1608 4532 σου,
1634 4471 1666 4522 ό
1692 4467 1852 4532 Θεός·

2029 4473 2133 4540 17,
2199 4474 2285 4529 18.
2367 4473 2500 4528 Mihi
2560 4485 2736 4530 autem
2795 4477 2960 4530 nimis
3005 4477 3338 4544 honori/icati
3399 4487 3520 4530 sunt

281 4562 511 4632 Ὅμοιον
550 4561 640 4614 τό·
703 4561 764 4614 Ὃ
807 4561 1128 4631 δεχόμενος
1177 4559 1492 4629 προφήτην
1538 4561 1626 4624 εὶς
1673 4558 1860 4626 ὄνομα

277 4653 622 4722 προφήτου,
652 4651 871 4720 μισθόν
903 4651 1210 4720 προφήτου
1228 4647 1888 4720 λήψεται.Ἐξαριθμήσ,

276 4760 456 4812 σομαι
482 4742 736 4809 αὐτοὺς,
766 4743 864 4796 καὶ
892 4742 1044 4812 ὑπὲρ
1082 4742 1278 4813 ἅμμον
1313 4741 1855 4810 πληθυνθήσονται.
1885 4795 1890 4802 ,

277 4835 512 4898 Εὔελπίς
566 4834 720 4905 εἰμι,
755 4833 887 4903 φησὶ
909 4872 924 4897 ,
974 4834 1097 4896 τοὺς
1143 4831 1326 4902 φίλους
1352 4830 1526 4902 τιμῶν
1555 4830 1679 4892 τοὺς
1712 4829 1857 4893 σοὺς,

277 4927 356 4979 ὅτι
386 4925 454 4998 δὴ
484 4928 548 4979 ὲν
584 4927 649 4995 τῇ
677 4923 970 4979 ἀναστάσει
1003 4925 1120 4995 μετ’
1143 4923 1320 4977 αὐτῶν
1347 4923 1634 4993 στήσομαι,
1670 4921 1764 4974 καὶ
1792 4921 1859 4973 δι’

276 5018 472 5081 αὐτοὺς
499 5017 607 5088 τὴν
636 5015 789 5088 παρὰ
813 5013 906 5069 σοῦ
931 5016 1198 5086 κτήσομαι
1227 5016 1408 5085 τιμήν.
1437 5013 1568 5067 Τότε
1593 5013 1678 5083 δὴ,
1705 5014 1858 5084 φησὶ,

277 5109 368 5162 καὶ
407 5109 460 5162 οἱ
501 5107 824 5179 ἁμαρτωλοὶ
859 5108 1255 5170 ἀποκτενοῖντο,
1284 5105 1547 5170 τουτέστι,
1577 5105 1676 5169 τὰς
1703 5123 1862 5178 προσ-

277 5197 522 5267 ηκούσας
552 5195 923 5267 ἀπολήψονται
953 5195 1124 5259 δίκας.

359 5289 504 5351 Ἐὰν
548 5288 917 5355 ἀποκτείνῃς
968 5286 1381 5355 ἁμαρτωλοὺς,
1419 5289 1452 5340 ὁ
1496 5288 1656 5352 Θεός.
1691 5285 1859 5351 Εἰδὼς

279 5378 377 5441 τὰς
423 5378 702 5448 ἐσομένας
743 5378 862 5429 κατ’
908 5375 1086 5430 αὐτῶν
1117 5375 1298 5438 δίκας,
1339 5373 1443 5439 ἔξω
1472 5391 1573 5426 που
1615 5375 1859 5445 ἀφορίζει

283 5470 486 5533 αὐτοὺς,
527 5466 751 5522 ἑαυτοῦ.
797 5466 1034 5536 Ἄνδρες
1070 5465 1362 5537 αἱμάτων,
1405 5466 1719 5519 exuli-are
1759 5466 1857 5519 ἀπ’

279 5557 446 5627 ἐμοῦ,
480 5557 577 5612 ὅτι
619 5555 849 5624 ἐρισταί
875 5556 1013 5612 ἐστε
1037 5558 1123 5622 εἰς
1164 5554 1605 5624 διαλογισμούς.
1638 5555 1747 5626 Τὴν
1776 5557 1859 5608 al-

347 5738 392 5771 “
451 5737 650 5791 Matth.
691 5751 746 5798 κ,
780 5737 866 5790 4i.

1960 4567 2117 4619 amici
2140 4567 2240 4630 tui,
2276 4567 2437 4624 Deus.
2469 4566 2660 4621 Simile
2689 4576 2773 4622 est
2793 4567 2925 4623 illud
2948 4568 2994 4600 °‘
3023 4587 3036 4622 :
3073 4568 3179 4634 Qui
3196 4569 3378 4636 recipit
3399 4585 3522 4635 pro-

1958 4655 2163 4724 phetam
2219 4655 2273 4708 in
2330 4657 2538 4709 nomine
2574 4657 2856 4726 prophetia,
2920 4658 3201 4712 mercedem
3258 4660 3524 4727 propheta:

1960 4744 2200 4812 accipiet.
2240 4743 2590 4800 Dinumerabo
2624 4762 2710 4800 eos
2738 4755 2786 4800 et
2823 4763 2978 4816 super
3004 4763 3221 4800 arenam
3261 4747 3523 4816 multipli-

1959 4833 2235 4888 cabuntur.
2278 4835 2438 4905 Spes,
2469 4835 2833 4907 inquit,..mihi
2861 4848 2944 4893 est
2977 4839 3118 4908 quod
3161 4839 3366 4894 amicos
3397 4847 3522 4892 tuos

1961 4924 2167 4978 honore
2212 4939 2530 4995 prosequar,
2590 4925 2833 4981 futurum
2903 4935 2961 4982 ut
3020 4927 3074 4981 in
3126 4928 3522 4982 resurrectione

1961 5028 2084 5067 cum
2113 5012 2218 5068 illis
2245 5015 2562 5079 consistam,
2612 5023 2666 5069 et
2711 5025 2929 5086 propter
2977 5032 3073 5072 eos
3104 5017 3365 5070 honorem
3409 5031 3437 5068 a
3469 5025 3521 5069 te

1962 5103 2242 5172 accipiam.
2275 5102 2444 5170 Tunc,
2472 5105 2667 5174 inquit,
2698 5115 3012 5174 peccatores
3039 5107 3379 5169 occidantur,
3419 5105 3521 5159 hoc

1962 5203 2063 5258 est,
2102 5195 2424 5264 promeritae
2454 5211 2644 5265 poenas
2667 5197 2838 5252 luant.

2034 5286 2120 5343 19.
2181 5284 2239 5340 Si
2268 5287 2540 5353 occideris,
2583 5287 2738 5352 Deus,
2780 5299 3092 5357 peccatores.
3137 5287 3352 5342 Gnarus
3391 5303 3521 5356 sup-

1962 5379 2249 5450 pliciorum
2302 5379 2502 5446 quibus
2543 5377 2790 5435 futurum
2837 5391 2921 5436 est
2969 5389 3026 5435 ut
3071 5379 3394 5447 atﬁciantur,
3427 5395 3521 5434 eos

1961 5469 2366 5541 quodammodo
2407 5471 2474 5525 ab
2501 5486 2559 5526 se
2585 5480 2848 5541 segregat.
2903 5471 3016 5524 Viri
3045 5473 3389 5541 sanguinum,
3427 5472 3520 5525 de-

1962 5562 2201 5617 clinatea
2223 5578 2320 5630 me,
2359 5563 2482 5633 quia
2514 5565 2825 5618 contentiosi
2847 5565 2973 5618 estis
3004 5565 3056 5618 in
3089 5565 3516 5634 cogitationibus.
