3946 6222
415 350 524 408 535
1269 348 1325 404 S.
1364 348 1735 405 ATHANASU
1774 349 1921 403 UPP.
1966 349 2147 404 PARS
2184 348 2270 404 ιιι.
2312 378 2380 390 --
2419 348 2823 407 EXEGETICA.
3551 351 3657 407 556

416 477 649 527 Causam
681 470 881 525 indicat
909 485 1007 525 cur
1033 469 1101 524 ab
1123 482 1181 523 se
1209 478 1521 537 peceatores
1550 467 1806 536 expellat.
1833 465 1957 521 Ideo

2082 464 2203 518 τίαν
2238 466 2371 537 φησὶ
2397 464 2462 517 δι’
2492 465 2557 535 ῆν
2586 464 2877 518 ἀπελαύνει
2907 465 3000 533 ἀφ’
3024 464 3218 518 ἑαυτοῦ
3250 467 3375 529 τοὺς
3397 466 3657 537 ἀμαρτω-

417 563 615 633 inquit,
642 562 1004 631 expelluntur,
1038 560 1163 630 quia
1189 560 1451 614 adversus
1487 559 1654 615 Deum
1683 560 1961 630 loquuntm

2085 557 2231 620 λούς.
2258 557 2356 610 Διά
2390 556 2568 619 τοῦτο,
2596 558 2777 626 φησὶν,
2803 556 3132 621 ἐλαύνονται,
3160 558 3241 610 ὅτι
3271 555 3655 625 ἀντιφθέγγον-

417 656 630 725 ipsique
662 664 985 725 repugnant,
1032 662 1087 707 et
1115 652 1319 709 frustra
1354 655 1482 709 elati
1523 653 1759 724 superbe
1813 661 1981 724 agunt

416 748 704 805 adversum
741 763 910 818 genus
963 747 1281 800 humanum.

482 841 574 903 21,
604 840 696 894 ‘22.
753 838 939 893 Nonne
967 840 1056 908 qui
1079 836 1301 891 oderunt
1347 847 1416 904 te,
1446 836 1688 905 Domine,
1726 837 1985 891 oderam?

414 932 634 987 Amicos
686 931 905 1001 quidem
956 941 1082 987 tuos
1120 930 1411 999 diligebam
1472 940 1527 985 et
1573 931 1627 985 in
1683 930 1977 985 amicitiam

414 1040 588 1077 meam
638 1024 1004 1094 recnpiebam:
1059 1025 1314 1079 inimicos
1347 1034 1526 1079 autem
1576 1032 1701 1078 tuos
1745 1020 1978 1092 perfecte

413 1114 655 1169 oderam.
704 1113 913 1169 Inimici
944 1123 1124 1170 autem
1169 1114 1264 1170 Dei
1300 1124 1429 1169 sunt
1468 1114 1647 1184 primo
1670 1112 1885 1182 quidem
1924 1121 1979 1166 et

410 1205 629 1272 proprie
667 1205 863 1275 impuri
899 1205 1175 1261 daemones
1213 1224 1226 1259 :
1262 1205 1482 1261 secundi
1532 1214 1656 1274 post
1706 1204 1851 1271 illus,
1879 1202 1975 1273 qui

411 1296 773 1351 idololatriam
800 1296 1115 1361 defendunt,
1146 1308 1201 1353 et
1232 1298 1504 1353 hmresum
1541 1297 1833 1366 principes.

588 1387 654 1442 In
690 1389 846 1458 ﬁnem
875 1388 1209 1445 PSALMUS
1245 1389 1434 1443 David.
1487 1386 1803 1443 CXXXIX.

478 1482 530 1535 1.
586 1479 746 1551 Eripe
780 1499 880 1549 me,
916 1482 1161 1546 Domine,
1192 1482 1257 1537 ab
1288 1483 1499 1536 homine
1546 1482 1708 1535 malo.
1762 1481 1974 1536 Clamat

409 1573 475 1626 ad
508 1572 676 1629 Deum
708 1584 768 1630 ut
792 1576 1087 1631 ulciscatur
1121 1575 1380 1645 injuriam
1412 1590 1444 1629 a
1491 1573 1829 1629 daemonibus
1882 1575 1974 1626 lm—

409 1679 585 1720 inante
615 1675 824 1722 natura:
865 1666 1093 1731 illatam,
1129 1675 1184 1721 et
1235 1674 1297 1721 ut
1339 1665 1684 1737 iniquitatem
1720 1665 1774 1718 in
1807 1672 1972 1733 caput

407 1754 719 1825 iniquorum
749 1766 1051 1813 convertat.
1096 1758 1223 1814 Haec
1271 1767 1455 1814 autem
1486 1759 1653 1815 etiam
1700 1756 1767 1813 de
1796 1755 1971 1813 sensi-

407 1845 608 1903 bilibus
645 1847 890 1905 inimicis
910 1849 1016 1905 dici
1048 1850 1282 1920 possint.

475 2020 531 2075 2.
591 2022 698 2087 Qui
726 2025 1078 2095 cogitaverunt
1102 2027 1431 2096 iniquitatem
1452 2028 1509 2079 in
1537 2026 1712 2090 corde,
1743 2035 1854 2078 tota
1886 2025 1972 2077 die

403 2116 787 2171 constituebant
831 2118 1041 2187 pretia.
1094 2115 1214 2172 Non
1263 2125 1475 2172 tantum
1534 2118 1681 2172 enim
1733 2117 1970 2185 humana

407 2206 692 2262 ratiocinia
729 2209 1103 2274 admiserunt,
1143 2210 1238 2265 sed
1284 2210 1450 2266 etiam
1493 2225 1658 2280 opera
1695 2209 1971 2279 cogitatio-

405 2299 567 2353 nibus
599 2300 938 2369 adjecerunt.
981 2301 1119 2355 lllud
1161 2309 1342 2357 autem
1370 2342 1386 2369 ,
1429 2312 1540 2356 tota
1580 2302 1686 2367 die,
1719 2299 1968 2373 Symma-

404 2388 541 2444 chus
565 2426 586 2456 ,
616 2405 715 2459 per
741 2391 976 2461 singulos
1005 2394 1142 2458 dies,
1177 2395 1587 2464 interpretatur.

473 2479 526 2537 6.
581 2480 749 2536 Juxta
791 2485 891 2538 iter
919 2486 1232 2540 scandalum
1274 2496 1561 2556 posuerunt
1624 2485 1774 2539 mihi.
1843 2483 1968 2540 Haec

403 2570 607 2638 omnia,
640 2571 837 2642 inquit,
870 2571 1163 2641 faciebant,
1197 2582 1258 2628 ut
1283 2590 1505 2630 cursum
1536 2573 1656 2643 ejus
1684 2574 1751 2629 ad
1797 2572 1966 2629 Deum

402 2663 679 2730 sisterent,
707 2665 921 2735 laqueis
956 2667 1120 2736 pedes
1158 2666 1279 2737 ejus
1302 2668 1716 2738 complicantes,
1743 2677 1802 2723 ut
1839 2683 1965 2723 eum

400 2771 432 2808 a
466 2754 568 2810 Dei
601 2765 895 2826 conspectu
921 2757 1239 2831 dejicerent.

469 2930 526 2984 9.
583 2927 666 2984 Ne
700 2930 881 2986 tradas
926 2947 1032 2998 me,
1058 2930 1299 3000 Domine,
1330 2950 1364 2987 a
1391 2934 1652 2989 desiderio
1690 2950 1801 2988 meo
1841 2951 1963 3004 pec-

401 3022 590 3076 catori.
631 3021 782 3091 'Ego,
834 3024 1032 3094 inquit,
1065 3024 1314 3094 Domine,
1361 3027 1591 3082 salutem
1643 3036 1858 3093 expeto,
1895 3042 1964 3082 ne

400 3114 565 3183 igitur
596 3114 942 3187 derelinquas
991 3132 1099 3184 me,
1157 3132 1224 3172 ne
1264 3133 1332 3173 ex
1377 3118 1479 3173 liae
1524 3120 1610 3175 via
1646 3119 1963 3176 deturbatus

399 3204 584 3260 tradar
632 3208 906 3277 peecatori
933 3247 949 3272 ,
1012 3209 1220 3265 scilicet
1285 3210 1522 3267 diabolo.
1590 3210 1961 3282 Cogitaverunt

399 3304 585 3349 eontra
603 3312 704 3362 me,
744 3314 808 3351 ne
858 3298 1189 3369 derelinquas
1221 3316 1303 3354 me
1358 3317 1422 3355 ne
1458 3302 1593 3371 forte
1639 3302 1959 3357 exaltenlur.

400 3384 518 3441 Sub
549 3396 857 3459 tegumento
902 3390 1110 3446 alarum
1158 3393 1279 3462 ejus
1323 3393 1534 3465 contegi
1568 3404 1743 3465 rogat,
1782 3404 1836 3450 et
1862 3396 1963 3451 sub

397 3479 603 3547 potenti
638 3496 805 3536 manu
838 3482 976 3553 ejus,
1007 3497 1037 3536 a
1068 3498 1173 3553 qua
1215 3500 1375 3540 nemo
1405 3486 1613 3555 eripere
1645 3496 1863 3558 potest;
1895 3502 1963 3543 ne

396 3570 582 3640 itaque
618 3580 678 3626 ut
716 3572 771 3627 in
806 3574 913 3628 alia
937 3575 1179 3645 qualibet
1216 3590 1275 3631 re
1306 3577 1593 3650 magniﬁce
1630 3580 1889 3634 sentiant.

469 3747 555 3803 ιο.
618 3747 789 3821 Caput
818 3753 1069 3809 circuitus
1098 3771 1298 3821 eorum,
1343 3755 1513 3823 labor,
1542 3763 1649 3810 etc.
1697 3755 1758 3809 In
1790 3754 1957 3823 ipsos,

393 3838 591 3909 inquit,
623 3839 830 3896 recidat
853 3843 1143 3898 consilium
1177 3859 1391 3900 eorum.
1423 3843 1538 3900 Hoc
1564 3845 1710 3899 enim
1745 3843 1958 3916 signiﬁ-

390 3940 501 3995 cat,
547 3942 710 4003 caput
757 3935 1020 3991 circuitus
1047 3951 1261 3993 eorum.
1305 3937 1482 4007 Caput
1514 3939 1660 3993 enim
1706 3946 1958 4009 peccato-

390 4037 517 4077 rum
538 4032 623 4080 est
646 4026 903 4096 cogitatio
940 4036 995 4083 et
1022 4043 1238 4085 sensus.
1268 4029 1595 4087 insidiarum
1631 4032 1831 4101 quibus
1872 4046 1958 4086 me

389 4117 868 4175 circumdederunt
909 4122 1238 4193 principium
1279 4132 1336 4179 et
1382 4135 1564 4195 caput,
1624 4125 1736 4179 imo
1791 4124 1953 4179 etiam

389 4207 705 4280 defatigatio
749 4221 804 4266 et
846 4213 1001 4267 labor
1030 4214 1274 4285 ipsorum
1309 4216 1597 4271 adversum
1639 4230 1728 4270 me
1763 4231 1954 4271 susee~

388 4309 516 4368 ptus
549 4301 604 4355 in
639 4303 789 4373 ipsos
816 4306 1043 4362 recidat.
1088 4306 1239 4375 Quos
1278 4324 1496 4381 equum
1533 4320 1616 4366 est
1646 4310 1787 4381 ignis
1820 4324 1952 4379 sup-

387 4389 553 4458 plicio
588 4394 748 4449 tradi.

471 4484 563 4581 ii.
619 4483 823 4581 cadent
840 4504 1007 4581 super
1035 4506 1124 4545 eos
1153 4494 1399 4548 carbones
1426 4494 1482 4546 in
1514 4494 1648 4562 igne.
1681 4490 1819 4547 Nam
1851 4508 1947 4548 ceu
1983 4526 2025 4581 ο

387 4573 625 4644 quodam
670 4577 796 4648 igne
837 4580 918 4634 ira
953 4590 1044 4637 tua
1078 4584 1333 4639 absumes
1371 4599 1486 4640 eos.
1520 4584 1742 4653 Dejicies
1769 4600 1854 4639 eos
1892 4586 1951 4639 in

386 4665 648 4731 miserias,
677 4680 723 4721 et
749 4685 856 4722 non
881 4671 1183 4727 subsistant.
1210 4672 1467 4729 Deeident
1511 4674 1568 4728 in
1589 4675 1945 4741 calamitates,

382 4773 450 4813 ex
473 4759 674 4828 quibus
706 4775 813 4814 non
852 4764 1101 4819 evadent.
1151 4762 1267 4820 Hoc
1306 4775 1485 4821 autem
1532 4766 1755 4835 contigit
1801 4763 1950 4821 Sauli

383 4849 438 4904 in
474 4850 617 4905 bello
665 4851 929 4909 adversus
975 4856 1324 4929 alienigenas.
1364 4857 1441 4913 lbi
1475 4859 1621 4913 enim
1664 4857 1950 4916 confossus

381 4943 546 4997 tinem
581 4942 706 4999 vita:
736 4947 967 5015 accepit.

469 5118 560 5175 £2.
609 5118 704 5175 Vir
739 5121 1010 5192 linguosus
1036 5140 1139 5179 non
1180 5126 1439 5197 dirigetur
1481 5128 1539 5181 in
1574 5137 1735 5183 terra.
1783 5126 1946 5184 Exci-

378 5213 457 5281 pit
486 5213 684 5283 impios
712 5215 854 5285 ignis
877 5227 1136 5274 aeternus.
1164 5217 1229 5273 Et
1262 5221 1314 5273 in
1346 5221 1448 5275 hac
1477 5222 1588 5276 vita
1619 5222 1705 5275 vir
1727 5221 1943 5292 linguoo

378 5322 477 5361 sus
528 5323 636 5363 non
699 5308 969 5381 dirigetur
1014 5327 1185 5382 usque
1238 5314 1290 5367 in
1344 5314 1524 5369 ﬁnem.
1579 5312 1753 5369 Nemo
1800 5316 1947 5369 enim

379 5403 751 5460 contentinsus
789 5415 842 5460 et
867 5405 1188 5471 maledicus,
1217 5408 1310 5477 qui
1349 5408 1405 5463 in
1440 5417 1654 5464 terreno
1688 5409 1943 5479 quopiam

377 5489 656 5555 proposito
683 5501 953 5561 versetur,
981 5495 1236 5565 dirigitur
1264 5515 1278 5551 :
1322 5513 1388 5551 ex
1428 5511 1499 5552 eo
1521 5514 1759 5569 namque
1800 5499 1944 5568 quod

377 5579 750 5638 contentiosus
782 5585 853 5638 sit
886 5587 1231 5654 pervertitur.
1256 5587 1393 5643 Cum
1434 5589 1579 5644 enim
1629 5590 1945 5662 hujusmodi

377 5666 632 5722 homines
674 5677 911 5741 peccatis
940 5677 1107 5732 dediti
1142 5679 1274 5746 sint,
1302 5696 1409 5750 qua
1441 5681 1651 5737 ratione
1685 5697 1717 5738 a
1746 5683 1946 5740 virtute

376 5755 720 5827 dirigantur?
782 5763 957 5820 Virum
996 5768 1248 5837 injustam
1298 5770 1439 5827 mala
1471 5774 1673 5842 capient
1710 5774 1766 5828 in
1812 5775 1944 5828 inte-

2083 665 2170 700 ται
2201 647 2295 701 καὶ
2339 646 2820 717 ἀντιφιλονεικοῦσι
2846 647 2963 717 Θεῷ
2982 687 2997 709 ,
3027 649 3122 701 καὶ⁵
3154 648 3328 717 μάτην
3356 649 3651 719 ἐπαιρόμε·

2082 756 2161 791 νοι
2195 738 2735 808 καταλαζονευόμενοι
2767 738 2859 791 τοῦ
2891 739 2997 792 τῶν
3027 736 3324 809 ἀνθρώπων
3354 738 3491 808 βίου.

2155 829 2301 898 Οὐχὶ
2330 830 2468 896 τοὺς
2493 829 2826 899 μισοῦντάς
2851 844 2944 891 σε,
2972 832 3169 898 Κύριε,
3196 831 3459 896 ἐμίσησα
3475 847 3496 896 ;
3524 832 3648 886 Ὀτι

2080 925 2203 989 τοὺς
2240 925 2338 996 μέν
2381 926 2506 988 σοὺς
2534 925 2763 995 ὴγάπων
2792 925 2884 979 καὶ
2916 925 3256 997 ἀπεδεχόμην
3283 926 3487 995 φίλους·
3521 927 3646 991 τοὺς

2079 1015 2135 1070 δὲ
2179 1016 2404 1088 ἐχθρούς
2458 1034 2551 1070 σου
2597 1016 2817 1079 τελείως
2864 1018 3105 1087 ἐμίσουν.
3171 1017 3383 1089 Ἐχθροὶ
3437 1018 3494 1071 δὲ
3545 1017 3647 1071 τοῦ

2080 1106 2212 1160 Θεοῦ
2246 1108 2475 1179 πρώτως
2497 1109 2592 1180 μὲν
2617 1108 2712 1162 καὶ
2739 1108 2939 1179 κυρίως
2969 1110 3018 1161 οἱ
3042 1108 3340 1180 ἀκάθαρτοι
3371 1109 3640 1179 δαίμονες

2078 1198 2317 1271 δεύτεροι
2355 1199 2412 1254 δὲ
2453 1202 2569 1271 μετ’
2612 1200 2850 1263 ἐκείνους
2897 1200 2951 1253 οῖ
2992 1216 3049 1252 τε
3080 1200 3177 1271 τὴν
3210 1200 3643 1273 είδωλολατρείαν

2080 1291 2488 1364 πρεσϐεύοντες,
2514 1292 2606 1346 καὶ
2636 1293 2686 1345 οἱ
2713 1292 2818 1344 τῶν
2844 1291 3107 1363 αἱρέσεων
3136 1292 3384 1362 ἀρχηγοί.

2268 1388 2370 1451 Εἰς
2406 1384 2581 1451 τέλος
2613 1387 2919 1438 ΨΑΛΜΟΣ
2942 1381 3022 1448 τῷ
3044 1382 3241 1437 Δαυΐδ.
3270 1386 3426 1437 ΡΛΘ¹

2160 1477 2405 1542 Ἑξέλου
2442 1493 2537 1546 με,
2568 1477 2762 1544 Κύριε,
2787 1475 2855 1541 ἐξ
2882 1474 3191 1545 ἀνθρώπου
3218 1473 3504 1542 πονηροῦ.
3531 1475 3639 1545 Τῆς

2077 1571 2371 1642 γενομένης
2404 1568 2614 1631 ἀδικίας
2643 1568 2794 1640 παρὰ
2825 1567 2935 1621 τῶν
2962 1567 3231 1639 δαιμόνων
3255 1570 3320 1639 τῇ
3354 1563 3638 1637 ἀνθρώπου

2078 1663 2234 1734 φύσει
2262 1661 2593 1731 κεκραγέναι
2626 1660 2762 1732 πρὸς
2802 1660 2893 1713 τὸν
2935 1659 3066 1713 Θεὸν
3115 1659 3334 1729 ποιῆσαι
3372 1657 3468 1729 τὴν
3499 1658 3641 1713 ἐκδί-

2076 1772 2253 1825 κησιν,
2288 1754 2380 1808 καὶ
2412 1751 2776 1825 μεταστρέψαι
2806 1755 2885 1816 είς
2910 1751 3149 1822 κεφαλὴν
3179 1751 3287 1804 τῶν
3318 1751 3641 1805 ἀδικούντων

2002 1827 2044 1881 Β
2071 1848 2167 1919 τὴν
2194 1847 2423 1901 ἀδικίαν.
2452 1844 2681 1916 Λεχθείη
2717 1845 2776 1899 δὲ
2803 1845 2895 1898 καὶ
2924 1845 3016 1898 ἐπὶ
3040 1843 3310 1915 αἰσθητῶν
3338 1843 3549 1916 ἐχθρῶν
3570 1844 3638 1899 «ut

2070 1940 2351 2011 λεγόμενα.

2141 2032 2365 2097 Οἵτινες
2411 2029 2766 2098 ἐλογίσαντο
2810 2026 3049 2082 ἀδικίαν
3088 2027 3157 2080 ἐν
3198 2025 3443 2094 καρδίᾳ,
3484 2024 3635 2092 ὅλην

2068 2124 2182 2193 τὴν
2210 2122 2440 2192 ἡμέραν
2478 2119 2867 2189 παρέτασπν
2897 2117 3216 2188 πολέμους.
3246 2119 3319 2171 Οὐ
3344 2119 3453 2189 γὰρ
3479 2118 3636 2188 μόνον

2068 2215 2322 2284 πονηροῖς
2370 2212 2670 2282 ἐχρήσαντο
2720 2208 3020 2279 λογισμοῖς,
3064 2208 3200 2262 ἀλλά
3243 2209 3335 2261 καὶ
3388 2209 3455 2263 τὰ
3498 2209 3635 2280 ἔργα

2067 2303 2408 2377 προσέθηκαν
2457 2304 2568 2365 τοῖς
2608 2300 2904 2371 λογισμοῖς.
2948 2301 3022 2353 Τὸ
3052 2299 3139 2362 δὲ,
3165 2300 3322 2370 ὅλην
3350 2300 3465 2369 τὴν
3489 2301 3637 2371 mur.

2058 2410 2197 2462 ραν,
2226 2394 2255 2445 ὁ
2286 2391 2575 2462 Σύμμαχος
2593 2431 2608 2453 ,
2640 2390 2790 2444 κατὰ
2816 2387 3023 2443 πᾶσαν
3046 2389 3294 2458 ἡμέραν,
3323 2390 3627 2461 ἐρμηνεύει.

2146 2485 2436 2553 Ἐχόμενα
2466 2483 2702 2552 τρίϐους
2729 2480 3045 2536 σκάνδαλα
3068 2483 3276 2535 ἕθεντό
3296 2499 3418 2551 μοι.
3443 2482 3625 2536 Ταῦτα

2066 2575 2241 2629 πάντα
2259 2615 2273 2638 ,
2306 2576 2497 2645 φησὶν,
2526 2574 2760 2637 ἐποίουν,
2791 2574 2879 2627 ἴνα
2917 2573 3006 2625 τὸν
3048 2572 3243 2644 δρόμον
3273 2575 3506 2638 στήσωσι
3533 2574 3633 2644 τῆς

2064 2666 2205 2719 κατὰ
2244 2664 2374 2718 Θεὸν
2423 2665 2666 2735 πορείας,
2706 2663 2831 2725 τοὺς
2865 2660 3029 2726 πόδας
3059 2662 3224 2715 αὐτοῦ
3255 2664 3445 2732 παγίσι
3477 2679 3633 2733 περι-

2066 2754 2372 2819 ϐάλλοντες,
2418 2753 2506 2806 ἵνα
2535 2753 2635 2823 τῆς
2680 2754 2738 2806 ἐν
2775 2750 2894 2822 Θεῷ
2939 2753 3178 2816 στάσεως
3204 2753 3362 2807 αὐτὸν
3395 2753 3631 2807 καταϐά-

2064 2862 2245 2899 λωσιν.

2132 2941 2191 2992 Μ
2196 2937 2229 3005 ἡ
2259 2935 2535 3005 παραὸᾦς
2554 2950 2651 3005 με,
2675 2936 2871 3003 Κύριε,
2900 2934 3019 2989 ἀπὸ
3042 2933 3151 3004 τῆς
3177 2935 3629 3007 ἐπιθυμίας-,μου

2062 3027 2405 3098 ἁμαρτωλῷ.
2444 3026 2619 3097 Ἐγὼ,
2650 3027 2802 3097 φησὶ,
2841 3026 3012 3097 Κύριε
3048 3027 3335 3098 ἐπιθυμίαν
3381 3027 3631 3099 ἐπιθυμῶ

2066 3118 2357 3190 σωτηρίας·
2413 3117 2487 3189 μὴ
2532 3112 2628 3171 οὖν
2672 3114 3070 3189 ἐγκαταλείπῃς
3123 3133 3211 3187 με,
3240 3115 3381 3170 ὥστε
3428 3117 3628 3189 ταύτης

2064 3207 2489 3281 παρατραπέντα
2509 3206 2877 3277 παραδοθῆναι
2909 3204 3234 3277 ἁμαρτωλῷ,
3261 3206 3379 3277 ἦτοι
3409 3205 3488 3277 τῷ
3517 3206 3630 3260 δια-

2064 3302 2221 3373 ϐόλῳ.
2251 3299 2669 3369 Διελογίσαντο
2714 3298 2841 3352 κατ’
2878 3297 3044 3367 ἐμοῦσ
3078 3296 3162 3367 μὴ
3194 3298 3629 3367 ἐγκαταλειπῃς

2056 3411 2155 3463 με,
2186 3392 2419 3463 μήποτε
2464 3388 2803 3460 ὐψωθῶσιν.
2850 3390 2938 3443 Ἐν
2973 3389 3149 3462 σκέπῃ
3192 3389 3302 3443 τῶν
3345 3390 3629 3462 πτερύγων

2062 3484 2225 3539 αὑτοῦ
2255 3484 2395 3548 ἀξιοῖ
2421 3481 2816 3554 σκεπασθῆναι,
2850 3481 2946 3535 καὶ
2979 3481 3083 3534 ὑπὸ
3117 3479 3214 3551 τὴν
3240 3483 3508 3553 κραταιὰν
3533 3483 3627 3535 αύ-

2059 3576 2155 3630 τοῦ
2202 3579 2390 3647 χεῖρα,
2422 3576 2514 3644 ἀφ’
2559 3569 2628 3647 ἧς
2671 3573 2843 3637 οὐδεὶς
2874 3572 3091 3628 δύναται
3124 3573 3400 3645 ἁρπάσαι,
3435 3573 3522 3628 ἵνα
3552 3574 3627 3648 μὴ

2060 3668 2134 3731 ὡς
2162 3667 2254 3720 ὲπί
2286 3685 2339 3721 τι
2367 3665 2494 3721 ἄλλο
2524 3683 2578 3719 τι
2611 3667 3112 3738 μεγαφρονήσωσιν.

2140 3760 2201 3813 Ἠ
2245 3758 2479 3828 κεφαλὴ
2523 3759 2631 3814 τοῦ
2679 3759 3065 3828 κυκλώματος
3109 3757 3325 3814 αὐτῶν.
3366 3760 3483 3813 Ἐπ’
3533 3758 3629 3813 αύ-

2057 3849 2204 3915 τοὺς,
2233 3851 2417 3921 φησὶν,
2448 3849 2589 3903 ἔλθοι
2617 3850 2645 3903 ὅ
2670 3847 3075 3904 ἐϐουλεύσαντο.
3102 3849 3271 3903 Τοῦτο
3300 3849 3409 3921 γὰρ
3435 3849 3629 3921 σημαί-

2057 3957 2136 3996 νει
2168 3943 2202 4012 ή
2236 3941 2445 4012 κεφαλὴ
2485 3940 2581 3994 τοῦ
2614 3938 2971 4010 κυκλώματος
3019 3938 3217 3995 αὐτῶν.
3258 3940 3485 4012 Κεφαλὴ
3516 3939 3624 4012 γὰρ

2054 4031 2165 4085 τῶν
2192 4031 2530 4102 ἁμαρτωλῶν
2565 4034 2593 4087 ό
2619 4031 2877 4103 λογισμὸς
2913 4033 3009 4086 καὶ
3037 4032 3069 4102 ἡ
3100 4031 3367 4101 αἴσθησις.
3395 4033 3506 4103 Τῆς
3532 4029 3625 4085 οὖν

2055 4122 2346 4195 ἐπιϐουλῆς
2374 4122 2555 4177 αὐτῶν
2582 4122 2679 4193 τῆς
2712 4125 2832 4177 κατ’
2858 4123 3013 4194 ἐμοῦ,
3036 4123 3102 4177 δι’
3128 4117 3196 4194 ἦς
3220 4122 3534 4178 ἐκύκλωσαν
3556 4141 3623 4195 με

2053 4218 2086 4287 ἡ
2117 4216 2257 4288 ἁρχὴ
2285 4217 2380 4270 καὶ
2404 4218 2437 4287 ἠ
2461 4215 2698 4287 κεφαλὴ,
2731 4216 2793 4269 ού
2824 4215 2929 4287 μὴν
2957 4216 3092 4270 ἀλλὰ
3135 4216 3227 4269 καὶ
3275 4218 3305 4269 ὁ
3333 4216 3501 4279 κόπος
3525 4217 3619 4269 αύ-

2052 4307 2180 4369 τῶν,
2209 4308 2302 4361 καὶ
2326 4309 2355 4360 ό
2386 4308 2580 4378 μόχθος
2599 4310 2629 4361 ό
2655 4309 2775 4360 κατ’
2809 4306 2965 4378 ἐμοῦ,
2999 4307 3078 4371 είς
3109 4307 3304 4371 αὐτοὺς
3328 4305 3489 4360 ἓλθοι.
3516 4305 3620 4370 Οὓς

2054 4398 2147 4450 καὶ
2169 4397 2295 4469 δίκῃ
2320 4396 2690 4469 παραδοθῆναι
2716 4399 2783 4468 τῇ
2810 4395 2900 4450 διά
2928 4397 3118 4468 πυρός.

2122 4490 2458 4545 Πεσοῦνται
2498 4491 2591 4544 ἐπ’
2632 4491 2854 4558 αὐτοὺς
2894 4492 3185 4561 ἄνθρακες
3209 4491 3280 4545 ἐν
3309 4492 3472 4560 πυρί.
3497 4487 3621 4546 Οἷον

2053 4581 2160 4653 γάρ
2190 4599 2296 4635 τινι
2324 4582 2459 4653 πυρὶ
2481 4584 2548 4653 τῇ
2584 4583 2720 4654 ὀργῇ
2754 4582 3152 4646 καταναλώσεις
3180 4582 3393 4646 αὐτούς.
3438 4585 3622 4636 Καταρ

2053 4672 2253 4739 ϐαλεῖς
2290 4672 2511 4739 αὐτοὺς
2536 4674 2608 4728 ἐν
2649 4675 3102 4742 ταλαιπωρίαις,
3134 4674 3231 4728 καὶ
3269 4676 3342 4728 οὐ
3366 4674 3452 4743 μὴ
3477 4676 3622 4728 ὐπο-

2050 4765 2262 4820 στῶονι.
2302 4766 2732 4839 Περιπεσοῦνται
2772 4771 3099 4839 συμφοραῖς,
3142 4767 3235 4821 καὶ
3260 4769 3321 4821 οὐ
3346 4768 3622 4839 περιέσον-

2048 4874 2139 4913 ται
2189 4858 2414 4914 τούτων.
2453 4859 2638 4913 Ταῦτα
2681 4859 2739 4913 δὲ
2786 4858 3073 4929 συμϐαίνει
3119 4857 3197 4928 τῷ
3236 4859 3408 4912 Σαοὺλ
3446 4859 3505 4913 ὲν
3545 4857 3621 4928 τῷ

2050 4951 2191 5006 κατὰ
2234 4953 2362 5016 τοὺς
2408 4950 2737 5020 ἀλλοφύλους
2787 4950 3024 5022 πολέμῳ.
3077 4950 3224 5003 Ἐκεῖ
3248 4950 3356 5022 γὰρ
3395 4950 3621 5020 σφαγεὶς

2046 5043 2260 5109 ἐδέξατο
2288 5043 2351 5097 τὸ
2372 5043 2466 5097 τοῦ
2499 5045 2614 5114 βίου
2638 5043 2808 5106 τέλος.

2132 5136 2302 5206 Ἀνὴρ
2325 5135 2693 5207 γλωσσώδης
2717 5138 2793 5190 οὐ
2816 5135 3356 5203 κατευθτψθήσεται
3387 5136 3487 5189 ἐπὶ
3513 5133 3621 5204 τῆς

2045 5228 2178 5299 γῆς.
2229 5229 2535 5301 Ἐκδέχεται
2583 5229 2679 5301 μὲν
2721 5229 2848 5292 τοὺς
2887 5229 3102 5293 ἀσεϐεῖς
3138 5230 3197 5282 τὸ
3230 5226 3443 5282 αἰώνιον
3489 5229 3616 5300 πῦρ.

2045 5322 2154 5374 Καὶ
2182 5324 2239 5375 ἐν
2262 5321 2436 5392 τούτῳ
2466 5320 2523 5374 δὲ
2553 5320 2631 5390 τῷ
2662 5319 2758 5391 βίῳ
2802 5321 2883 5384 εἰς
2928 5320 3081 5383 τέλος
3111 5320 3169 5373 ού
3201 5318 3620 5391 κατευθυνθήσεο

2045 5426 2136 5462 ται
2163 5407 2514 5479 γλωσσώδης.
2539 5408 2730 5471 οὐδεὶς
2754 5408 2862 5480 γὰρ
2894 5409 3129 5480 μάχιμός
3149 5408 3208 5462 τε
3237 5408 3329 5462 καὶ
3362 5407 3614 5479 λοίδορος,

2044 5501 2101 5563 ὃς
2129 5503 2275 5553 ἐστιν
2304 5502 2361 5553 ἐν
2394 5503 2458 5572 τῇ
2492 5500 2683 5569 γεώδει
2716 5501 3051 5572 προαιρέσει,
3086 5500 3489 5564 κατευθύνεται,
3515 5497 3617 5551 ὑπὸ

2043 5591 2138 5645 τοῦ
2190 5591 2427 5663 μάχιμος
2472 5588 2612 5646 εἶναι
2659 5592 3102 5664 στρεϐλούμενος.
3138 5592 3616 5664 ⁴Ινιλαμαρτήμονες

2044 5685 2153 5755 γὰρ
2183 5684 2335 5749 ὄντες
2365 5685 2416 5738 oi
2454 5683 2716 5751 τοιοῦτοι,
2750 5684 2864 5747 πῶς
2910 5684 3000 5737 ὑπ’
3041 5683 3241 5756 ἀρετῆς
3273 5682 3618 5740 κατευθύνον-

2044 5793 2163 5844 ται;
2198 5777 2412 5846 Ἄνδρα
2437 5775 2647 5831 ἄδικον
2675 5776 2829 5832 κακὰ
2854 5777 3128 5845 θηρεύσει
3157 5780 3243 5845 εἰς
3271 5775 3614 5848 διαφθοράν.
