3946 6222
612 284 643 303 ρ

283 343 382 400 537
1359 341 1723 400 EXPOSlTlO
1775 344 1848 399 ΙΝ
1894 346 2220 403 PSALMUM
2263 348 2417 405 CXL.

3403 353 3503 409 5'53

285 458 489 529 Ὥσπερ
538 456 653 528 γὰρ
701 454 802 510 ὑπὸ
841 456 1045 513 οἰκείας
1087 456 1242 510 νόσου
1295 457 1664 532 διαφθείρεται
1709 460 1836 515 ἄνευ

1957 464 2069 519 'itu.
2118 461 2284 530 Quasi
2315 464 2461 519 enim
2515 465 2734 535 proprio
2788 463 2890 520 sibi
2929 465 3121 519 morbo
3155 478 3222 518 ex
3266 480 3365 519 sua
3404 464 3504 517 im-

285 553 379 622 τῆς
417 547 609 604 ἑαυτοῦ
660 548 886 613 κακίας,
921 548 1080 619 δίκην
1126 548 1247 612 δοὺς
1294 549 1394 618 τὴν
1442 551 1839 624 προσήκουσαν.

295 638 472 704 ’ἱκανὴ
506 639 615 712 γάρ
656 641 804 692 ἐστιν
830 640 950 693 ἀντὶ
979 640 1157 711 πάσης
1197 642 1463 714 τιμωρίας
1492 643 1589 717 τὴν
1616 643 1841 716 ἔχουσαν

287 734 448 805 αὐτὴν
482 732 659 805 ψυχὴν
692 735 725 803 ἡ
759 732 924 786 κακία
949 732 1303 805 διαφθείρειν.

657 827 961 881 ΨΑΛΜΟΣ
991 821 1071 890 τῷ
1097 824 1297 880 Δαυτδ.
1326 828 1465 882 PM'.

901 916 1225 981 Ὑπόθεσις.

286 1006 497 1076 Ὅμοιος
549 1006 643 1059 καὶ
675 1006 837 1071 αὐτὸς
879 1007 958 1079 τῷ
992 1008 1167 1062 ὀπίσω
1205 1013 1413 1074 κεῖται,
1465 1009 1604 1082 πλὴν
1645 1010 1845 1082 δογμα-

904 1098 1100 1153 τικώτε
1110 1117 1220 1170 ρος.

346 1185 552 1254 Κύριε,
598 1187 895 1257 ἐκέκραξα
941 1190 1091 1259 πρὸς
1135 1190 1243 1255 σὲ,
1293 1189 1662 1245 είσάκουσόν
1701 1208 1841 1261 μου*

282 1281 541 1351 πρόσχες
566 1281 642 1350 τῇ
667 1281 839 1352 φωνῇ
863 1282 974 1351 τῆς
993 1282 1257 1353 δεήσεώς
1280 1302 1421 1353 μου,
1443 1284 1513 1337 ἐν
1537 1282 1618 1349 τῷ
1646 1301 1848 1353 κεκρα-

281 1371 439 1441 γέναι
478 1390 559 1442 με
589 1374 739 1441 πρὸς
772 1373 866 1427 σέ.
903 1374 969 1427 Ἠ
1002 1374 1214 1446 κραυγὴ
1243 1374 1304 1427 τὸ
1338 1373 1584 1427 σύντονον
1608 1376 1707 1445 τῆς
1733 1376 1845 1429 δια-

283 1463 422 1526 νοίας
457 1464 676 1528 πάντως
715 1464 883 1536 δηλοῖ.
915 1465 1192 1537 Εὖμενῶς,
1220 1465 1375 1538 φησὶ,
1395 1466 1660 1532 Δέσποτα,
1694 1466 1842 1533 δέξαι

282 1555 371 1625 τὴν
394 1553 536 1625 ἐμὴν
561 1555 816 1609 ἱκετείαν.

344 1649 811 1717 Κατευθυνθήτω
853 1650 893 1719 ἡ
935 1651 1245 1720 προσευχή
1287 1668 1405 1721 μου
1449 1651 1532 1718 ὡς
1587 1651 1845 1720 θυμίαμα

279 1740 531 1797 ἐνώπιόν
556 1759 693 1797 σου.
718 1742 798 1796 Τὰ
826 1743 933 1798 ἀπὸ
970 1742 1205 1807 διανοίας
1247 1742 1551 1814 θυμιάμασι
1578 1742 1843 1814 παρεικά-

279 1834 374 1899 ζει,
417 1836 517 1891 ἅτε
557 1836 726 1891 λεπτὰ
753 1836 903 1902 ὄντα,
933 1839 1026 1891 καὶ
1068 1837 1147 1909 τῷ
1189 1837 1333 1909 μόνῳ
1374 1836 1734 1908 ἀνατιθέμενα
1764 1836 1841 1907 τῷ
1871 1820 1914 1877 Β

279 1926 406 1998 Θεῷ.
444 1929 747 1997 Ἔπαρσις
780 1928 901 1983 τῶν
929 1929 1142 1999 χειρῶν
1176 1946 1294 1998 μου
1322 1929 1503 1984 θυσία
1531 1928 1837 1997 ἑσπερινή.

278 2016 381 2082 Τὰς
408 2019 643 2090 πράξεις
678 2019 778 2084 τὰς
808 2020 899 2075 διὰ
942 2021 1051 2074 τῶν
1097 2021 1295 2092 χειρῶν
1322 2020 1653 2091 δηλουμένας
1683 2019 1843 2091 θυσίᾳ

279 2111 619 2182 παρεικάζει,
654 2109 749 2164 ἆτε
788 2110 1070 2184 παχύτερα
1107 2112 1236 2165 ὄντα
1281 2112 1429 2185 παρὰ
1457 2113 1557 2175 τὰς
1596 2112 1693 2184 τῆς
1729 2113 1842 2166 δια-

278 2203 413 2267 νοίας
436 2204 704 2276 αἱρέσεις.
732 2203 806 2256 Τὸ
823 2203 879 2258 δὲ
905 2206 1197 2277 ἑσπερινήν
1224 2222 1409 2276 φησιν,
1438 2206 1521 2259 ὅτι
1546 2206 1651 2278 χρὴ
1682 2206 1841 2279 μέχρι

276 2293 445 2359 τέλους
476 2292 712 2367 πράξεις
742 2295 1077 2367 ἐπιτηδεύειν
1100 2294 1329 2365 ἀγαθάς.

340 2384 473 2450 Θοῦ,
505 2387 710 2454 Κύριε,
736 2385 1022 2454 φυλακὴν
1050 2385 1130 2452 τῷ
1153 2387 1407 2456 στόματί
1426 2405 1568 2457 μου,
1602 2387 1702 2441 καὶ
1739 2390 1841 2443 θύ-

276 2493 381 2545 ραν
419 2475 713 2547 περιοχῆς
754 2477 888 2546 περὶ
928 2476 1001 2531 τὰ
1045 2479 1216 2547 χείλη
1253 2496 1393 2548 μου.
1438 2479 1652 2551 Ἐπειδὴ
1700 2480 1840 2549 μέγα

278 2560 375 2620 οἶδε
390 2566 449 2621 τὸ
469 2567 770 2639 κατορθοῦν
797 2569 896 2639 τῆς
917 2566 1167 2637 γλώσσης
1187 2568 1285 2637 τὴν
1312 2569 1573 2641 φυλακὴν,
1598 2571 1686 2624 τὸν
1710 2571 1840 2625 Θεὸν

278 2659 409 2712 αἰτεῖ
425 2658 631 2729 ταύτης
655 2659 755 2729 τὴν
780 2660 1103 2731 ἐγκράτειαν
1129 2659 1276 2732 αὐτῷ
1299 2661 1645 2732 χαρίσασθαι.

343 2749 436 2819 Μὴ
462 2751 753 2819 ἐκκλίνῃς
785 2749 900 2818 τὴν
930 2751 1183 2818 καρδίαν
1219 2768 1337 2821 μου
1377 2754 1465 2819 εις
1491 2755 1711 2822 λόγους
1738 2766 1842 2807 πο-

278 2841 492 2907 νηρίας.
522 2841 784 2894 Τουτέστι
817 2842 889 2913 μὴ
921 2842 1283 2915 συγχωρήσῃς
1312 2845 1736 2917 παρατραπῆναι
1764 2846 1842 2908 εἰς

277 2930 334 2982 τὸ
361 2931 599 2984 ἐναντίον
636 2931 735 3003 τὴν
763 2931 911 2997 ἅπαξ
951 2931 1128 2996 καλῶς
1170 2934 1699 2989 κατασκευασθεῖσαν
1741 2954 1840 3007 μου

276 3026 519 3083 διάνοιαν·
544 3029 636 3082 ἴνα
666 3030 738 3102 μὴ
764 3030 890 3095 νοῶ,
923 3030 1106 3101 φησὶν,
1131 3030 1337 3093 ἐννοίας
1363 3028 1724 3101 παρανομίας.

341 3120 655 3175 Παιδεύσει
681 3139 761 3190 με
791 3121 1019 3187 δίκαιος
1046 3122 1118 3176 ἐν
1145 3120 1319 3187 ἐλέει,
1349 3122 1449 3174 καὶ
1482 3119 1713 3190 ἐλέγξει
1738 3135 1816 3188 με

279 3210 450 3266 Πᾶσαν
486 3213 585 3284 μὲν
608 3214 858 3269 παιδείαν
887 3214 1147 3287 δεξαίμην
1182 3213 1276 3267 τοῦ
1300 3212 1529 3277 δικαίου,
1562 3212 1661 3284 τὴν
1684 3210 1836 3263 εὐλο-

277 3303 392 3371 γίαν
419 3304 475 3358 δὲ
506 3306 605 3359 καὶ
645 3305 746 3377 τὴν
783 3306 1071 3361 κολακείαν
1119 3306 1212 3360 τοῦ
1262 3303 1586 3377 ἀμαρτωλοῦ
1621 3305 1695 3376 μὴ
1744 3303 1840 3357 λά-

280 3393 437 3465 ϐοιμι,
467 3396 535 3450 δι’
572 3392 644 3469 ἦς
672 3396 862 3469 ὥσπερ
913 3397 1091 3463 ἔλαιον
1132 3397 1231 3468 τὴν
1264 3397 1506 3468 κεφαλήν
1536 3412 1637 3467 μου
1671 3411 1840 3449 κατα-

282 3484 529 3556 χρίουσιν.

344 3576 459 3632 Ὅτι
482 3579 574 3634 ἔτι
605 3577 707 3633 καὶ
728 3578 769 3646 ἠ
800 3577 1109 3649 ,προσευχὴ
1140 3594 1258 3647 μου
1286 3576 1357 3630 ἐν
1383 3576 1514 3643 ταῖς
1539 3575 1842 3641 εὐδοκίαις

277 3667 496 3735 αὐτῶν,
531 3670 959 3738 κατεπόθησαν
1001 3671 1257 3740 ἐχόμενα
1308 3668 1527 3737 πέτρας
1565 3671 1618 3722 οι
1650 3668 1843 3737 κριταί

277 3759 478 3816 αὐτῶν.
518 3762 738 3831 Ἐγγὺς,
781 3764 944 3834 φησὶ,
972 3763 1179 3830 πέτρας
1209 3760 1486 3830 γενόμενοι
1521 3776 1844 3814 καταποντι-

282 3846 576 3917 σθήσονται.
612 3850 876 3922 Σημαίνει
902 3850 981 3911 δὲ,
1012 3851 1088 3914 ὡς
1121 3849 1285 3912 αὐτὸς
1312 3847 1509 3911 αὐτοὺς
1537 3852 1565 3902 ὁ
1610 3850 1844 3920 Χριστὸς

281 3941 656 3994 καταποντίσει
692 3943 773 4005 είς
826 3940 915 4012 τὴν
944 3941 1197 3994 ἄϐυσσον.
1240 3940 1617 3993 Ἀκούσονται
1644 3938 1716 3992 τὰ
1733 3937 1845 4007 ρή-

277 4030 422 4097 ματά
462 4049 622 4102 μου,
669 4030 758 4085 ὅτι
804 4033 1179 4101 ήδύνθησαν.
1210 4031 1501 4094 Ἐκϐασις,
1550 4030 1716 4102 φησὶ,
1747 4030 1845 4101 τῆς

282 4123 391 4174 κατ’
420 4123 601 4177 αὐτῶν
638 4113 1024 4196 προλεχθείσης
1048 4124 1337 4194 τιμωρίας,
1373 4122 1556 4176 πίστιν
1590 4120 1845 4193 ἀληθείας

283 4210 369 4264 καὶ
396 4212 728 4284 εὐπρεπείας
756 4212 826 4267 τὰ
863 4213 972 4284 tua
997 4212 1211 4267 λάϐοιεν
1243 4215 1481 4285 ῥήματα.

356 4301 508 4357 Ὠσεὶ
552 4303 750 4372 πάχος
800 4303 914 4375 γῆς
964 4303 1185 4374 ἐρράγη
1232 4303 1329 4357 ἐπὶ
1363 4303 1476 4372 τῆς
1519 4301 1655 4374 γῆς.
1699 4303 1842 4371 Πᾶν,

285 4391 438 4462 φησὶ,
477 4393 537 4446 τὸ
577 4393 780 4462 γεῶδες
825 4392 979 4463 ἡμῶν
1021 4389 1418 4464 διερῤήξαμεν,
1466 4390 1847 4456 ταπεινοῦντες

1944 554 2214 625 probitate
2243 556 2447 621 interit,
2487 556 2809 628 congruenti
2859 572 3018 626 poena
3053 556 3335 612 multatus.
3376 555 3503 612 Sola

1945 645 2092 700 enim
2130 645 2451 714 improbitas
2484 646 2722 701 animam
2749 662 2812 701 ea
2855 646 3124 712 aﬂ‘ectam,
3153 647 3270 702 vice
3297 646 3506 717 suppli-

1944 736 2015 793 cii
2041 737 2351 808 cujuslibet,
2391 739 2446 791 in
2486 739 2764 793 interitum
2793 738 3035 809 conjicit.

2329 828 2669 885 PSALMUS
2726 830 2916 885 David.
2957 829 3120 887 CXL.

2526 926 2921 993 Argumentum.

1950 1011 2156 1069 Similis
2182 1023 2264 1070 est
2296 1014 2385 1070 bic
2422 1015 2665 1094 psalmus
2705 1015 3062 1086 praecedenti;
3099 1030 3284 1070 verum
3312 1014 3378 1070 ad
3411 1016 3509 1070 do-

2415 1108 2643 1161 ctrinam
2675 1107 3028 1162 commodior.

1946 1208 1953 1214 '
2031 1196 2083 1251 Ι.
2145 1196 2387 1263 Domine,
2419 1197 2643 1251 clamavi
2690 1197 2758 1251 ad
2791 1207 2859 1264 te,
2902 1197 3096 1251 exaudi
3133 1213 3253 1252 me:
3302 1197 3508 1250 intende

1946 1290 2057 1344 voci
2096 1289 2493 1359 supplicationis
2524 1306 2652 1345 mea:
2690 1306 2808 1343 cum
2854 1292 3145 1344 ctamavero
3173 1288 3241 1342 ad
3293 1299 3357 1342 te.
3387 1289 3507 1343 Cla-

1945 1396 2068 1436 tnor
2098 1382 2499 1436 contentionem
2547 1382 2743 1437 mentis
2791 1397 3014 1451 prorsus
3057 1380 3275 1435 indicat.
3329 1378 3506 1434 Bene-

1944 1473 2090 1538 volo,
2130 1473 2325 1543 inquit,
2364 1474 2582 1539 animo,
2630 1470 2877 1536 Domine,
2925 1472 3115 1542 excipe
3159 1470 3508 1541 supplicatio-

1942 1582 2064 1621 nem
2099 1581 2295 1620 meam.

2010 1654 2065 1710 9..
2130 1654 2404 1724 Dirigatur
2436 1654 2606 1707 oratio
2656 1669 2770 1706 mea
2820 1654 2954 1706 sicut
3001 1653 3269 1706 incensum
3302 1650 3357 1703 in
3384 1665 3509 1703 con-

1944 1756 2117 1817 spectu
2153 1756 2260 1799 tuo.
2294 1743 2425 1811 Quae
2447 1759 2511 1798 ex
2537 1751 2716 1798 mente
2753 1742 3072 1814 procedunt,
3104 1743 3327 1797 incenso
3362 1754 3508 1795 com-

1939 1846 2116 1908 parat,
2152 1846 2335 1906 utpote
2364 1850 2486 1905 quae
2521 1834 2739 1889 subtilia
2772 1833 2881 1889 sint
2919 1841 2973 1887 et
2999 1832 3107 1886 Deo
3142 1832 3244 1887 soli
3275 1829 3509 1885 offeran-

1942 1937 2047 1983 tur.
2094 1925 2333 1981 Elevatio
2372 1942 2625 1979 manuum
2666 1941 2898 1979 mearum
2944 1925 3270 1994 sacriﬁcium
3306 1938 3509 1998 uesper-

1942 2020 2129 2073 tinum.
2163 2018 2339 2088 Opera
2367 2032 2463 2087 per
2507 2032 2703 2071 manus
2730 2016 2875 2071 edita
2907 2016 3175 2071 sacriﬁcio
3205 2020 3505 2084 comparat.

1941 2113 2068 2181 quia
2105 2112 2450 2166 sensibiliora
2480 2122 2606 2167 sunt
2635 2110 2802 2164 animi
2844 2111 3234 2164 voluntatibus.
3279 2106 3510 2178 Vesper-

1942 2205 2113 2258 tinum
2147 2214 2325 2257 autem
2371 2204 2466 2269 ait,
2501 2203 2629 2273 quia
2659 2211 2868 2273 oportet
2899 2203 2963 2256 ad
2992 2205 3151 2256 linem
3197 2217 3370 2271 usque
3409 2202 3508 2256 bo-

1940 2295 2027 2350 nis
2055 2295 2307 2364 operibus
2329 2309 2554 2360 ,vacare.

2011 2389 2066 2445 5.
2130 2387 2294 2452 Pone,
2336 2387 2580 2452 Domine,
2610 2388 2905 2441 custodiam
2942 2387 3023 2440 ori
3062 2402 3193 2451 meo,
3225 2397 3271 2440 et
3317 2385 3509 2438 ostium

1942 2481 2357 2534 circumstantiw
2385 2478 2541 2532 labiis
2574 2480 2724 2533 meis.
2755 2477 2895 2545 Quia
2929 2477 3079 2531 novit
3110 2490 3361 2547 magnam
3393 2489 3508 2529 rem

1940 2588 2063 2629 esse
2112 2572 2350 2642 linguam
2401 2569 2639 2640 perfecte
2689 2570 2984 2636 custodire,
3022 2568 3191 2623 Deum
3247 2576 3404 2638 rogat
3453 2578 3511 2621 ut

1943 2663 2048 2719 sibi
2082 2661 2344 2716 concedat
2380 2662 2579 2731 linguae
2613 2660 3053 2729 temperantiam.

2012 2754 2067 2809 4.
2125 2753 2248 2808 Νυη
2289 2734 2516 2807 declines
2550 2769 2640 2806 cor
2686 2767 2854 2807 meum
2886 2753 2938 2805 in
2980 2752 3136 2806 verba
3161 2750 3402 2804 malitia.
3452 2744 3509 2803 ld

1942 2858 2045 2914 est,
2081 2862 2149 2902 ne
2181 2846 2448 2902 concedas
2491 2856 2723 2898 mentem
2769 2858 2947 2897 meam
2978 2844 3142 2897 semel
3184 2843 3351 2913 probe
3380 2856 3512 2895 con-

1943 2942 2220 2996 cinnatam
2253 2938 2306 2993 in
2345 2937 2634 2992 adversum
2663 2951 2903 3005 vergere,
2957 2942 3019 2990 ut
3062 2950 3171 2989 non
3204 2934 3508 3001 admittam,

1944 3031 2142 3100 inquit,
2173 3030 2532 3100 cogitationes
2572 3027 2897 3098 iniquitatis.

2015 3123 2068 3178 5.
2127 3122 2385 3192 Corripiet
2430 3137 2511 3174 me
2530 3121 2709 3190 justus
2739 3120 2796 3173 in
2836 3117 3221 3179 misericordia,
3258 3126 3306 3169 et
3341 3117 3511 3168 incre-

1938 3216 2084 3287 pabit
2118 3232 2217 3283 me,
2262 3222 2367 3269 etc.
2408 3211 2637 3268 Omnem
2674 3212 3084 3281 castigationem
3118 3224 3148 3263 a
3186 3209 3334 3279 justo
3367 3208 3510 3262 acci-

1940 3309 2084 3379 piam
2114 3325 2128 3361 :
2164 3306 2598 3361 benedictionem
2630 3312 2812 3357 autem
2841 3312 2895 3355 et
2919 3299 3287 3355 adulationem
3316 3311 3510 3367 pecca-

1940 3397 2080 3453 toris
2127 3412 2196 3452 ne
2229 3397 2538 3462 admittam,
2578 3409 2685 3465 qua
2737 3392 2905 3448 veluti
2944 3392 3064 3447 oleo
3113 3401 3277 3460 caput
3329 3405 3509 3443 meum

1941 3489 2233 3560 inungunt.

2012 3582 2066 3637 6.
2120 3582 2381 3647 Quoniam
2414 3580 2585 3633 adhuc
2616 3589 2663 3633 et
2713 3579 2885 3632 oratio
2924 3593 3038 3631 mea
3084 3578 3140 3630 in
3171 3574 3511 3645 beneplacitis

1940 3690 2141 3737 eorum,
2188 3673 2424 3742 absorpti
2466 3682 2586 3724 sunt
2628 3669 2789 3739 juxta
2832 3676 3036 3737 petram
3066 3667 3273 3734 judices
3307 3680 3508 3718 eorum.

1941 3761 2103 3817 Juxta
2155 3772 2360 3832 petram
2409 3761 2712 3824 Constituti,
2752 3760 2849 3818 ait,
2910 3757 3365 3812 absorbcbuntur.
3429 3754 3512 3807 Si-

1943 3855 2165 3925 gnificat
2192 3862 2374 3907 autem
2406 3853 2581 3921 ipsum
2614 3851 2893 3905 Christum
2928 3862 3022 3902 eos
3053 3847 3104 3900 in
3137 3847 3392 3916 abyssum
3418 3844 3515 3898 de-

1944 3958 2272 3998 mersurum;
2301 3940 2530 3994 Audient
2563 3942 2714 3993 rerba
2750 3955 2863 3993 mea
2897 3939 3141 4008 quoniam
3182 3936 3508 4003 placuerunt.
3600 3933 3623 3949 '

1947 4035 2221 4099 Eventus,
2278 4035 2374 4099 ait,
2431 4032 2778 4103 praenuntiati
2837 4040 3025 4085 contra
3084 4029 3203 4082 illos
3261 4027 3511 4096 supplicii

1946 4126 2159 4181 aderit:
2211 4126 2339 4179 hinc
2385 4132 2567 4177 autem
2610 4122 2854 4177 veritatis
2913 4129 2967 4176 et
3016 4119 3299 4174 modestia:
3347 4117 3513 4171 ﬁdem

1944 4220 2109 4275 verba
2140 4234 2261 4273 mea
2297 4217 2583 4286 accipient.

2019 4311 2070 4364 7.
2126 4308 2273 4365 Sicut
2300 4308 2593 4362 crassitudo
2624 4315 2777 4361 terra:
2802 4315 2986 4376 erupta
3010 4314 3087 4358 est
3109 4319 3266 4373 super
3293 4312 3513 4356 terram.

1946 4405 2103 4472 Quod
2139 4413 2410 4457 terrenum
2442 4408 2559 4455 erat
2605 4400 2658 4454 in
2701 4399 2880 4463 nobis,
2940 4399 3139 4467 inquit,
3188 4397 3514 4466 dirupiinus,

285 4479 493 4566 εαυτοῦς
518 4480 608 4535 διὰ
630 4482 711 4534 σέ·
744 4480 914 4544 οὕτως
938 4482 1015 4545 ὡς
1044 4484 1223 4535 πᾶσαν
1253 4482 1477 4552 δύναμιν
1501 4482 1657 4552 ἡμῶν
1684 4481 1842 4553 μέχρι

1957 4497 2312 4566 nosmetipsos
2338 4504 2557 4564 propter
2602 4502 2654 4548 te
2705 4492 3086 4556 humiliantes;
3130 4492 3201 4544 ita
3234 4498 3292 4543 ut
3335 4491 3516 4544 cunnis

285 4564 397 4636 ᾅδου
424 4568 833 4640 κατενεχθῆναι.
859 4570 1080 4639 Ὅμοιον
1103 4569 1159 4622 δὲ
1184 4568 1342 4623 τοῦτο
1366 4568 1465 4640 τῷ,
1488 4569 1702 4623 Ἕνεκα
1725 4569 1840 4623 σοῦ

284 4659 680 4732 θανατούμεθα
709 4661 860 4730 ὅλην
893 4661 1006 4730 τὴν
1031 4661 1278 4731 ἡμέραν.

350 4856 466 4910 Ὀτι
500 4856 652 4925 πρὸς
677 4855 785 4919 σὲ,
822 4857 1017 4925 Κύριε,
1055 4856 1249 4925 Κύριε,
1294 4858 1350 4911 οι
1382 4858 1676 4927 ὀφθαλμοί
1701 4877 1840 4929 μου.

297 4946 427 5015 Ἐγὼ
454 4947 511 5001 δὲ
532 4948 707 5002 οὐδενὶ
728 4947 835 5001 τῶν
861 4947 1211 5019 ἀνθρωπίνων
1237 4947 1440 5022 θαρρῶ-
1467 4948 1601 5003 ἁλλὰ
1623 4951 1722 5020 τὴν
1748 4951 1847 5022 σὴν

286 5038 565 5109 προσμένω
596 5038 843 5111 βοήθειαν
865 5079 880 5104 ,
908 5041 1002 5094 καὶ
1030 5039 1332 5111 παρακαλῶ
1361 5040 1558 5111 ταύτης
1588 5041 1686 5113 τὴν
1709 5042 1847 5114 ἐμὴν

289 5130 356 5199 μὴ
387 5129 735 5200 γυμνωθῆναι
767 5130 968 5202 ψυχήν.
1011 5131 1133 5184 Ἐπὶ
1167 5132 1267 5185 σοί
1296 5130 1528 5201 ἤλπισα
1547 5172 1561 5195 ,
1587 5132 1671 5202 μὴ
1702 5134 1845 5188 ἀντ-

287 5220 496 5289 ανέλῃς
541 5220 657 5289 τὴν
684 5222 898 5291 ψυχήν
934 5241 1074 5292 μου.
1128 5224 1272 5278 Ἀντὶ
1307 5223 1434 5277 τοῦ·
1478 5223 1568 5296 Μὴ
1610 5224 1846 5299 ὲκχύσῃς

287 5307 318 5379 ἦ
344 5310 650 5382 ἐκκενώσῃς
677 5313 778 5384 τῆς
806 5314 1020 5377 ἐλπίδος
1052 5308 1119 5384 ἧς
1151 5312 1259 5385 ἔχω
1284 5313 1418 5385 πρὸς
1451 5314 1531 5367 σέ.

350 5402 679 5457 Πεσοῦνται
714 5404 784 5457 ἐν
814 5405 1239 5475 ἀμφιϐλήστρῳ
1268 5404 1468 5460 αὐτῶν
1508 5409 1562 5460 οἱ
1588 5406 1848 5476 ἁμαρτω-

289 5492 396 5546 λοί.
455 5494 810 5565 Ἐμπέσοιεν,
863 5500 1049 5569 φησὶν,
1091 5500 1172 5562 εἰς
1220 5498 1289 5552 τὰ
1328 5498 1533 5552 ἑαυτῶν
1580 5499 1773 5553 δίκτυα
1797 5503 1847 5554 οἱ

289 5582 612 5656 ἁμαρτωλοί.
648 5590 996 5657 Καταμόνας
1021 5591 1136 5659 εἰμὶ
1165 5589 1280 5663 ἐγὼ
1312 5589 1422 5657 ἕως
1449 5587 1525 5645 ἂν
1555 5591 1843 5661 παρέλθω.

327 5760 369 5793 ’τ
400 5759 558 5817 Rom.
592 5777 711 5828 vni,
754 5766 843 5821 56.

1945 4599 2132 4646 nostra
2163 4590 2332 4642 virtus
2366 4588 2431 4640 ad
2460 4583 2734 4639 infernum
2775 4599 2947 4652 usque
2979 4583 3392 4653 deprimeretur.
3430 4580 3518 4634 Si-

1945 4681 2074 4734 mile
2098 4688 2183 4735 est
2211 4691 2390 4733 autem
2441 4676 2562 4731 illi:
2598 4673 2824 4741 Propter
2871 4684 2917 4727 te
2969 4673 3356 4741 mortiﬁcamur
3406 4682 3517 4725 tota

1944 4773 2028 4825 die
2056 4770 2124 4824 ⁸⁷.

2016 4860 2070 4914 8.
2126 4858 2267 4925 Quia
2311 4859 2380 4912 ad
2407 4866 2475 4921 te,
2520 4856 2765 4922 Domine,
2797 4855 3042 4920 Domine,
3070 4853 3214 4906 oculi
3252 4853 3374 4905 mei.
3402 4850 3516 4920 Ego

1945 4968 2077 5008 vero
2106 4953 2238 5006 nulli
2268 4951 2519 5005 humana:
2546 4950 2624 5004 rei
2653 4950 2906 5013 conﬁdo;
2937 4948 3029 5002 sed
3065 4958 3214 5000 tuum
3260 4953 3515 5013 exspecto

1947 5044 2230 5110 auxilium,
2271 5053 2326 5097 et
2365 5058 2496 5111 rogo
2525 5050 2586 5095 ut
2627 5055 2698 5095 ne
2727 5040 2907 5095 anima
2955 5055 3076 5094 mea
3123 5039 3215 5092 illo
3258 5036 3510 5088 nudetur.

1949 5135 2016 5191 In
2059 5149 2107 5190 te
2152 5135 2378 5205 speravi,
2416 5150 2520 5187 non
2557 5133 2770 5203 auferas
2816 5133 3054 5185 animam
3102 5143 3287 5181 meam.
3325 5124 3377 5180 Id
3409 5132 3511 5184 est,

1949 5241 2016 5280 ne
2057 5224 2302 5279 eﬂ'undas
2334 5234 2430 5278 aut
2453 5238 2684 5279 evacucs
2715 5237 2877 5292 quam
2914 5221 2965 5275 in
3001 5230 3052 5274 te
3092 5219 3320 5288 positam
3361 5229 3513 5284 spem

1949 5318 2144 5373 habeo.

2020 5410 2106 5464 10.
2168 5408 2370 5464 Cadent
2401 5409 2457 5462 in
2481 5407 2735 5462 retiacqu
2758 5405 2872 5475 ejus
2899 5412 3212 5473 peccatores.
3248 5399 3511 5464 incidant,

1949 5503 2145 5572 inquit,
2182 5503 2237 5555 in
2269 5517 2367 5556 sua
2415 5502 2548 5555 retia
2598 5511 2958 5570 peccatores:
3004 5493 3357 5563 Singulariter
3397 5507 3515 5544 suas

1949 5613 2061 5667 ego,
2095 5596 2257 5649 donec
2291 5603 2578 5649 transeam.
2610 5591 2784 5655 Tunc,
2817 5594 2910 5655 ait,
2936 5590 3052 5642 sine
3098 5588 3288 5641 timore
3325 5597 3379 5643 et
3405 5585 3516 5642 sol-
