3946 6222
408 342 517 398 559
538 385 543 389 .

1237 343 1293 400 S.
1330 346 1707 403 ATllANASll
1745 346 1895 404 OPP.
1936 347 2116 403 PARS
2152 344 2241 403 Ill.
2283 378 2353 388 —
2388 343 2799 403 EXEGETICL

3545 346 3653 403 ἔξω

411 461 691 517 licitudine
731 463 1094 533 pertransibo,
1139 479 1262 519 cum
1309 466 1410 536 ipsi
1454 478 1768 538 peccatores
1794 470 1846 524 in
1877 486 1976 525 sua

2077 470 2232 536 Τότε,
2268 469 2434 540 φησί,
2470 467 2879 539 παρελεύσομαι
2921 463 3137 534 ἀφόϐως
3178 463 3273 516 καὶ
3312 464 3648 537 ἀμερίμνως,

412 552 545 605 retia
607 551 913 607 inciderint.
952 551 1065 623 Ego
1103 566 1233 608 vero
1286 557 1355 609 ab
1399 555 1468 612 iis
1514 565 1827 629 segregatus
1881 557 1977 614 de-

412 657 556 712 gam,
593 643 765 699 donec
801 645 921 699 vita:
946 644 1107 699 tinem
1140 660 1423 717 accepero.

482 821 533 876 ί.
575 820 882 876 Intellectus
935 820 1127 886 David,
1181 839 1297 877 cum
1348 832 1480 878 esset
1535 824 1591 878 in
1636 825 1906 895 spelunca,

986 908 1179 960 oratio.
1221 905 1417 961 CXLI.

1000 997 1403 1067 Argumentum.

408 1082 594 1139 Oratio
621 1094 674 1140 et
703 1086 835 1140 nihil
861 1086 1006 1140 aliud
1040 1097 1170 1142 sunt
1214 1089 1421 1145 istliaec.
1459 1087 1660 1144 Verum
1704 1090 1976 1147 intellectu

478 1191 615 1246 opus
650 1177 884 1244 habent;
927 1188 987 1234 ut
1015 1180 1325 1236 ediscamus
1365 1197 1465 1237 nos
1497 1198 1607 1251 quo
1643 1190 1803 1253 pacto
1841 1185 1977 1239 inter

473 1267 655 1322 varias
685 1270 1022 1335 occasiones,
1053 1271 1194 1326 mala
1228 1272 1465 1342 elingere
1490 1274 1786 1330 valeamus.

471 1418 588 1474 2-5.
663 1419 796 1475 Voce
847 1441 963 1476 mea
1000 1424 1069 1476 ad
1100 1423 1383 1478 Dominum
1423 1426 1667 1487 clamavi,
1714 1444 1833 1481 uoce
1862 1446 1977 1482 mea

402 1512 472 1564 ad
509 1509 792 1565 Dominum
823 1514 1128 1581 deprecatus
1157 1532 1292 1569 sum.
1330 1515 1615 1585 E/j'undam
1660 1520 1715 1573 in
1763 1536 1976 1590 conspe-

400 1612 487 1656 ctu
531 1602 644 1673 ejus
696 1607 987 1660 orationem
1043 1624 1230 1662 nteant.
1278 1608 1468 1664 Totam
1518 1621 1755 1666 mentem
1796 1628 1972 1678 suam,

400 1693 597 1763 inquit,
644 1692 874 1749 Domino
917 1696 1139 1752 dicavit.
1192 1698 1607 1755 Tribulationem
1645 1718 1815 1757 meam
1855 1713 1977 1758 ante

398 1785 571 1849 ipsum
604 1788 982 1856 pronuntiabo.
1040 1787 1097 1842 In
1143 1790 1440 1857 curriculo,
1480 1793 1675 1863 inquit,
1711 1809 1811 1865 pro
1861 1794 1971 1864 ipsa

397 1877 580 1932 anima
641 1888 998 1944 concertans,
1061 1883 1486 1952 supplicationes
1529 1886 1721 1950 oﬂ‘ero,
1776 1903 1971 1958 rogans

397 1969 779 2028 tribulationes
812 1973 1006 2029 minui.
1050 1973 1207 2031 Nosti
1236 1978 1425 2048 utique
1461 1992 1548 2033 me
1598 1978 1800 2047 injuria
1848 1994 1972 2049 per-

398 2061 733 2117 secutionem
760 2065 891 2134 pati.

467 2153 521 2207 4.
570 2151 638 2208 In
670 2155 960 2226 deﬁciendo
992 2175 1056 2214 ea:
1086 2177 1164 2215 me
1193 2162 1437 2230 spiritum
1469 2178 1658 2217 meum.
1697 2163 1840 2229 llaec,
1873 2167 1968 2229 ait.

395 2241 682 2310 faciebam,
714 2247 984 2303 malorum
1010 2290 1023 2299 .
1048 2251 1392 2308 vehementia
1447 2265 1780 2326 conspecta;
1844 2275 1968 2313 nam

391 2349 559 2404 prope
590 2345 819 2392 mortem
855 2340 1027 2409 ipsam
1056 2345 1330 2399 versabar.
1370 2344 1441 2399 Et
1467 2355 1525 2399 tu
1559 2349 1849 2418 cognovisti
1884 2366 1970 2405 se-

391 2424 551 2478 mitas
599 2441 760 2480 meas.
811 2426 936 2484 Haec
986 2433 1149 2487 verba
1184 2452 1197 2486 :
1234 2433 1304 2487 Et
1333 2446 1388 2488 tu
1436 2440 1720 2508 cognovisti
1753 2440 1968 2494 semitas

389 2530 557 2582 meas,
586 2527 716 2573 sunt
762 2519 976 2579 tideutis
1023 2525 1076 2578 in
1123 2525 1245 2582 vita:
1277 2542 1444 2584 cursu
1476 2538 1530 2585 et
1588 2532 1637 2584 in
1679 2532 1964 2600 operibus.

386 2607 525 2664 Cum
561 2611 769 2668 videret
800 2624 981 2671 autem
1016 2618 1333 2688 spirituales
1374 2621 1561 2677 hostes
1592 2635 1848 2680 curantes
1881 2626 1968 2680 in-

388 2704 601 2760 troduci
650 2704 869 2763 Saulem
932 2710 989 2764 in
1042 2712 1396 2780 speluncam,
1453 2713 1674 2772 Davidis
1722 2719 1966 2789 capiendi

386 2809 575 2861 causa,
603 2797 725 2867 jure
771 2799 1031 2856 dicebat:
1080 2803 1476 2858 Abscondernnt
1522 2807 1766 2877 laqueum
1814 2810 1965 2876 mihi,

386 2904 552 2958 quem
586 2906 827 2959 praesens
860 2894 1037 2948 oratio
1086 2894 1393 2964 dissipavit.
1441 2895 1577 2951 Nam
1611 2899 1754 2969 quod
1790 2901 1967 2956 homi-

387 2995 486 3035 nes
513 2983 808 3051 spectabat,
844 2987 1273 3056 comprehensus
1320 2988 1601 3058 spelunca,
1644 2992 1790 3046 omni
1830 2993 1959 3048 εσυ-

386 3071 566 3140 giendi
610 3074 692 3129 via
739 3075 1063 3133 interclusus
1093 3091 1231 3145 erat,
1274 3095 1375 3135 nec
1418 3092 1534 3136 erat
1568 3085 1662 3153 qui
1708 3084 1964 3141 liberaret

384 3178 531 3230 eum,
563 3180 664 3221 nec
686 3165 777 3235 qui
818 3168 1122 3238 requireret
1162 3171 1398 3226 animam
1439 3173 1579 3243 ejus.

452 3253 507 3307 5.
560 3252 627 3307 In
653 3256 740 3310 via
785 3255 884 3310 hac
928 3274 1034 3328 qua
1078 3261 1414 3316 ambulabam
1451 3263 1833 3321 absconderant
1871 3267 1955 3321 la-

383 3359 573 3413 queam
612 3346 764 3401 mihi.
810 3346 868 3401 Si
917 3350 1042 3417 quis
1074 3350 1346 3420 spelunca
1402 3353 1583 3409 locum
1627 3358 1952 3425 consideret,

386 3432 505 3488 haec
551 3446 920 3506 congruenter
953 3441 1095 3494 dicta
1138 3440 1305 3497 fuisse
1346 3447 1599 3514 reperiet.
1639 3445 1957 3503 Considera-

382 3525 505 3580 bam
545 3528 614 3581 ad
643 3529 913 3585 dexteram
957 3542 1006 3585 et
1053 3533 1314 3598 videbam,
1359 3545 1409 3589 et
1453 3554 1557 3591 non
1602 3548 1715 3593 erat
1749 3542 1839 3610 qui
1869 3558 1957 3595 co-

380 3631 649 3688 gnosceret
678 3638 778 3677 me.
813 3622 1171 3694 Apponebant
1205 3627 1456 3682 virtutem
1493 3630 1796 3688 colentibus
1821 3649 1954 3688 con.-

381 3713 631 3777 gruentia
688 3714 908 3770 malitia:
957 3718 1421 3787 machinamenta,
1458 3721 1710 3778 videlicet
1757 3725 1807 3779 ei
1863 3728 1956 3796 qui

381 3813 508 3854 cum
552 3802 814 3871 sapientia
866 3805 1212 3874 ambulabat;
1265 3809 1674 3867 abscondebant
1727 3829 1826 3882 pro
1875 3816 1954 3879 la-

383 3905 546 3960 queo,
575 3893 896 3963 sapientiam
930 3912 1052 3966 quaa
1101 3900 1400 3954 secundum
1451 3901 1621 3957 Deum
1674 3920 1784 3959 non
1832 3915 1953 3974 est;

380 3985 642 4050 quaerenti
683 3989 1047 4055 cognitionem
1108 3993 1456 4061 apponebant
1500 4010 1620 4050 eam
1653 4012 1775 4066 quae
1816 3997 1953 4054 falso

383 4074 459 4129 ita
482 4086 730 4132 vocatur.
766 4077 881 4135 Hoc
910 4096 1075 4151 porro
1103 4082 1306 4138 dictum
1355 4085 1593 4156 aliquam
1624 4088 1787 4143 habet
1821 4106 1945 4144 cum

381 4163 475 4219 illo
530 4166 866 4235 afﬁnitatem,
915 4170 1086 4226 Juxta
1140 4174 1243 4228 iter
1295 4176 1609 4232 scandalum
1662 4192 1989 4253 posuerunt,

379 4255 531 4343 mihi.
585 4256 822 4316 Possunt
879 4273 1056 4318 autem
1098 4266 1189 4321 hic
1235 4267 1418 4337 laquei
1464 4284 1560 4338 per
1618 4271 1947 4343 hyperbolen

377 4341 674 4414 declarari;
710 4348 764 4401 in
795 4364 931 4418 quos
962 4352 1171 4408 scilicet
1215 4355 1403 4411 incidit
1434 4357 1526 4427 qui
1557 4341 1670 4414 non
1698 4341 1827 4417 sibi
1863 4378 1948 4416 ca-

2081 558 2209 614 δταν
2256 558 2408 613 αὐτοὶ
2450 560 2502 611 οἱ
2548 556 2859 629 ἁμαρτωλοὶ
2902 557 3015 619 τοῖς
3062 553 3266 607 ἑαυτῶν
3313 554 3649 624 περιπέσωσι

2080 649 2334 714 δικτύοις.
2380 648 2519 719 Ἐγὼ
2559 649 2615 703 δὲ
2661 648 2865 703 τούτων
2911 645 3326 718 κεχωρισμένως
3364 646 3651 700 διατελέσω

2079 741 2183 805 ἕως
2213 741 2279 795 ἂν
2306 741 2542 813 δέξωμαι
2570 740 2663 793 τοῦ
2692 739 2809 811 βίου
2831 738 2891 792 τὸ
2925 739 3111 810 πέρας.

2147 830 2457 896 Συνέσεως
2480 829 2559 896 τῷ
2586 829 2784 895 Δαυῒδ,
2811 829 2880 883 ἐν
2906 827 2986 894 τῷ
3012 825 3162 883 εἶναι
3192 828 3378 882 αὑτὸν
3404 827 3475 881 ἐν
3502 825 3584 893 τῷ

2425 914 2720 982 σπηλαίῳ,
2753 911 3082 982 προσευχή.
3108 914 3293 965 PMA'.

2712 1000 3030 1065 Ὑπόθεσις.

2078 1092 2358 1164 Προσευχὴ
2396 1094 2492 1165 μὲν
2529 1093 2644 1146 ἔστι
2673 1093 2767 1146 καὶ
2796 1092 2943 1145 οὐδὲν
2969 1093 3151 1165 ἕτερον
3180 1092 3251 1146 τὰ
3292 1091 3644 1163 προκείμενα.

2147 1184 2297 1257 Πλὴν
2326 1185 2460 1238 ἀλλὰ
2486 1186 2655 1238 δεῖται
2689 1184 2974 1249 συνέσεως
3009 1186 3156 1249 ὅπως
3187 1183 3254 1238 ἂν
3278 1186 3437 1254 ἡμεῖς
3463 1183 3647 1255 μάθω·

2149 1291 2245 1346 μεν
2291 1275 2395 1329 τίνι
2436 1276 2621 1349 τρόπῳ
2663 1277 2721 1329 ἐν
2764 1276 3146 1348 περιστάσεσιν
3188 1275 3338 1339 ὅντες
3368 1274 3647 1344 διαφυγεῖν

2147 1364 2462 1438 δυνηθῶμεν
2489 1366 2559 1420 τὰ
2583 1367 2813 1438 πονηρά.

2145 1457 2317 1526 Φωνῇ
2341 1476 2460 1528 μου
2505 1459 2653 1527 πρὸς
2684 1461 2900 1529 Κύριον
2940 1460 3259 1528 ἐκέκραξα’
3308 1459 3478 1530 φωνῇ’
3526 1478 3642 1531 μου

2074 1546 2224 1614 πρὸς
2244 1549 2462 1617 Κύριον
2486 1548 2760 1617 ἐδεήθην.
2800 1549 3015 1620 Ἐκχεῶ
3040 1549 3293 1604 ἐνώπιον
3320 1548 3505 1605 αὑτοῦ
3529 1548 3646 1618 τὴν

2074 1636 2287 1704 δέησίν
2321 1657 2460 1708 μου.
2498 1638 2666 1711 Ὅλην
2702 1639 2889 1713 ὥσπερ
2914 1640 3012 1713 τὴν
3042 1642 3278 1695 διάνοιαν
3317 1640 3482 1695 αὐτοῦ
3512 1640 3642 1696 ἀνα-

1992 1772 1997 1778 .
2073 1727 2303 1792 τέθεικε,
2334 1731 2486 1801 φησὶ,
2509 1730 2588 1801 τῷ
2617 1731 2826 1803 Κυρίῳ.
2863 1730 2982 1799 Τὴν
3006 1732 3217 1802 θλίψιν
3238 1748 3357 1801 μου
3390 1731 3647 1785 ἐνώπιον

2003 1856 2044 1911 Β
2073 1821 2258 1876 αὑτοῦ
2285 1822 2617 1892 ἀπαγγελῶ.
2650 1824 2754 1878 Τὸν
2787 1825 2913 1895 περί
2937 1824 3126 1895 αὐτῆς,
3158 1825 3312 1897 φησὶ,
3337 1824 3437 1895 τῆς
3466 1823 3641 1895 ψυχῆς

2071 1912 2462 1985 ἀγωνιζόμενος
2512 1915 2743 1986 δρόμον,
2803 1917 2901 1981 τὰς
2948 1918 3160 1988 δεήσεις
3203 1918 3491 1991 ἀναφέρω,
3545 1920 3642 1984 τὰς

2071 2003 2275 2073 Θλίψεις
2319 2005 2589 2061 διαδοῦναι
2633 2008 2940 2079 εὐχόμενος.
2984 2010 3071 2073 Ὠς
3104 2011 3165 2063 οὐ
3205 2009 3426 2075 δικαίως
3454 2009 3644 2066 διώκο-

2074 2113 2190 2166 μαι,
2227 2097 2536 2161 ἐπίστασαι,
2569 2101 2752 2169 φησίν.

2152 2186 2254 2241 Ἐν
2279 2189 2358 2255 τῷ
2377 2190 2678 2245 ἐκλείπειν
2702 2192 2771 2258 ἐξ
2797 2194 2941 2264 ἐμοῦ
2960 2193 3028 2249 τὸ
3048 2194 3283 2266 πνεῦμά
3301 2214 3439 2265 μου.
3458 2195 3642 2250 Ταῦτα

2068 2279 2124 2332 δὲ
2151 2278 2335 2350 ἔδρων,
2373 2284 2469 2353 τὴν
2502 2284 2806 2357 ὑπερϐολὴν
2847 2285 3114 2358 θεώμενος
3139 2288 3249 2342 τῶν
3274 2288 3480 2342 κακῶν·
3511 2292 3640 2361 παρ’

2069 2370 2228 2424 αὑτὸν
2255 2371 2364 2444 γὰρ
2395 2375 2736 2448 ὲσκηνούμην
2766 2377 2856 2430 τὸν
2892 2376 3137 2432 θάνατον.
3181 2377 3292 2432 Καὶ
3322 2378 3405 2433 σὺ
3451 2381 3638 2450 ἔγνως

2068 2460 2175 2527 τὰς
2219 2463 2452 2532 τρίϐους
2482 2483 2637 2534 μου,
2673 2466 2998 2540 θαρροῦντος
3038 2471 3104 2541 τῇ
3145 2469 3240 2523 τοῦ
3288 2469 3405 2539 βίου
3448 2470 3641 2542 πορείᾳ

2067 2551 2162 2604 καὶ
2192 2555 2309 2616 ταῖς
2348 2553 2578 2626 πράξεσι
2610 2557 2703 2623 τὸ,
2735 2557 2818 2612 Σὺ
2851 2559 3039 2628 ἔγνως
3079 2560 3186 2629 τὰς
3226 2563 3462 2629 τρίϐους
3497 2578 3636 2631 μου.

2080 2641 2249 2713 Ὁρῶν
2267 2643 2324 2697 δὲ
2337 2647 2462 2709 τοὺς
2478 2648 2697 2717 νοητοὺς
2716 2649 2814 2718 τῆς
2838 2648 3015 2720 ψυχῆς
3040 2649 3268 2723 ἐχθροὺς
3292 2651 3641 2726 παρασκευάς

2067 2750 2264 2800 σαντας
2313 2736 2572 2792 εἰσελθεῖν
2619 2739 2710 2792 τὸν
2759 2740 2930 2794 Σαοὺλ
2971 2743 3053 2804 εἰς
3095 2741 3157 2795 τὸ
3207 2742 3464 2814 σπήλαιον
3494 2741 3636 2815 ὑπὲρ

2063 2824 2158 2880 τοῦ
2190 2827 2554 2901 συλληφθῆναι
2578 2831 2670 2885 τὸν
2698 2831 2878 2897 Δαυῖδ,
2907 2833 3129 2898 εἰκότως
3157 2833 3393 2903 ἐλέγετρυ
3418 2835 3636 2903 Ἐκρυο

2062 2920 2190 2986 ψαν
2237 2918 2459 2988 παγίδα
2495 2938 2619 2989 μοι,
2661 2922 2728 2992 ἣν
2773 2922 3082 2995 ήπαροῦσα
3123 2924 3441 2994 κατήργησε
3468 2940 3633 2994 προσ-

2064 3009 2220 3079 ευχὴ.
2249 3008 2321 3061 Τὸ
2349 3008 2457 3080 γὰρ
2486 3010 2573 3062 ἐπ’
2607 3010 2931 3081 ἀνθρώποις,
2964 3010 3282 3081 συλληφθεὶς
3305 3014 3364 3065 ὲν
3394 3011 3473 3082 τῷ
3503 3028 3637 3081 σπη-

2062 3097 2219 3168 λαίῳ,
2262 3098 2506 3171 δρασμοῦ
2553 3102 2752 3165 παντὸς
2798 3101 3223 3167 ἀποκέκλειστο,
3256 3103 3352 3157 καὶ
3392 3103 3493 3157 οὐκ
3518 3098 3636 3174 ἧνό

1985 3195 2026 3252 C
2061 3190 2342 3261 ῥυόμενος,
2370 3190 2402 3261 ἦ
2434 3189 2677 3261 ἐκζητῶν
2702 3192 2865 3247 αὐτοῦ
2889 3194 2988 3265 τὴν
3008 3193 3206 3266 ψυχήν.

2142 3281 2238 3331 Ἐν
2259 3280 2374 3346 ὀδῷ
2415 3283 2599 3350 ταύτῃ
2627 3276 2667 3353 ᾖ
2693 3282 3067 3352 ἐπορευόμην
3105 3284 3381 3353 ἔκρυψαν
3416 3284 3635 3355 πατίδα

2056 3387 2175 3440 μοι.
2209 3373 2278 3425 Et
2301 3390 2386 3437 τις
2412 3373 2504 3427 τὸν
2531 3374 2590 3428 ὲν
2629 3372 2706 3445 τῷ
2740 3375 2988 3446 σπηλαίῳ
3020 3375 3301 3447 λογίσηται
3333 3375 3512 3441 τόπον,
3548 3378 3639 3430 sli-

2063 3463 2219 3533 ρήσει
2248 3464 2634 3535 προσηκόντως
2664 3466 2732 3520 τὰ
2761 3466 3042 3538 εἰρημένα.
3084 3470 3423 3523 Κατενόουν
3444 3471 3531 3535 εις
3563 3470 3635 3525 τὰ

2059 3553 2227 3618 δεξιὰ
2264 3556 2362 3608 καὶ
2388 3554 2738 3622 ἐπέϐλεπον,
2769 3558 2866 3612 καὶ
2904 3559 3014 3612 οὐκ
3042 3554 3123 3630 ἦν
3167 3563 3200 3615 ό
3228 3558 3633 3632 extremi)ch

2053 3663 2150 3716 με.
2176 3648 2571 3719 Παρατιθέντες
2596 3649 2695 3714 τὰς
2719 3651 3047 3725 ἀγχιθύρους
3076 3653 3273 3717 κακίας
3297 3656 3413 3717 τοῖς
3436 3655 3631 3708 ἀσκου-

2065 3738 2243 3809 μένοις
2276 3740 2516 3811 ἀρεταῖς.
2562 3737 2686 3796 Οἷον
2723 3742 2956 3797 ὁδεύοντι
3003 3745 3095 3797 ἐπὶ
3123 3745 3333 3814 σοφίαν,
3366 3744 3631 3816 ἔκρυπτον

2058 3829 2279 3897 παγίδα,
2320 3829 2508 3899 σοφίαν
2538 3831 2600 3883 οὐ
2628 3830 2782 3883 Θεοῦ·
2812 3833 2906 3885 καὶ
2933 3831 3180 3904 ζητοῦντι
3213 3833 3445 3902 γνῶσιν,
3497 3851 3631 3905 παρ-

2057 3910 2301 3972 ετίθεσαν
2328 3919 2426 3991 τὴν
2469 3918 2837 3991 ψευδώνυμον.
2881 3921 3033 3992 Ἔχει
3068 3922 3129 3975 δέ
3178 3939 3299 3976 τινα
3342 3922 3628 3994 ὁμοιότητα

2054 4008 2117 4061 τὸ
2162 4009 2323 4079 ῥητὸν
2370 4009 2507 4081 πρὸς
2542 4009 2604 4062 τὸ
2623 4050 2639 4075 ,
2691 4009 2981 4078 Ἐχόμενα
3003 4030 3009 4036 θ
3029 4011 3230 4078 τρίϐου
3254 4052 3268 4077 ,
3317 4009 3629 4064 σκάνδαλα

2052 4098 2259 4153 ἐθεντό
2279 4117 2400 4168 μοι.
2431 4099 2693 4153 Δύνανται
2721 4099 2777 4153 δὲ
2807 4101 2902 4154 καὶ
2929 4102 2984 4154 αἱ
3013 4100 3309 4171 ὑπερϐολαὶ
3339 4099 3623 4172 δηλοῦσθαι

2054 4190 2297 4258 παγίδες,
2346 4194 2424 4256 εἰς
2453 4191 2519 4256 ἃς
2553 4194 2810 4265 ἐμπίπτει
2846 4198 2874 4250 ὁ
2917 4196 2991 4268 μὴ
3037 4196 3454 4267 φυλαττόμενος,
3500 4195 3631 4267 περὶ,

2055 4272 2131 4334 ὧν
2161 4281 2329 4350 λέγει’
2360 4287 2700 4340 Κατενόουν
2740 4290 2822 4353 είς
2854 4288 2927 4341 τὰ
2962 4286 3150 4353 δεξιά.
3180 4288 3306 4353 Τοῖς
3332 4286 3439 4359 γὰρ
3480 4285 3623 4357 φιλο-

2052 4373 2360 4446 τιμοτέροις
2391 4377 2469 4439 εἰς
2499 4376 2649 4442 δεξιὰ
2680 4377 2923 4449 παγίδες.

377 4442 489 4501 vet,
548 4436 616 4493 de
655 4439 854 4535 quibus
905 4440 1041 4497 dicit
1081 4462 1094 4498 ε
1139 4444 1550 4502 Considerabam
1608 4450 1680 4503 ad
1725 4452 2015 4512 dexteram.
2075 4436 3187 4524 Ambiiiosioriiius'euiiu'ad'dmeram
3237 4468 3416 4541 laquei
3465 4468 3630 4539 positi

376 4537 507 4586 sunt

445 4639 613 4696 Periit
644 4642 769 4714 fuga
796 4662 828 4699 a
857 4663 959 4712 me,
989 4658 1040 4704 et
1068 4663 1173 4702 non
1205 4655 1281 4701 est
1313 4650 1403 4718 qui
1433 4651 1663 4722 requirat
1705 4655 1941 4709 animam
1977 4664 2017 4719 ο

375 4750 563 4788 meam.
596 4735 755 4793 Nulla
781 4740 979 4811 quippe
1007 4752 1288 4812 supererat
1334 4743 1572 4815 fugiendi
1602 4745 1686 4799 via
1728 4746 1785 4800 in
1821 4762 1943 4816 spe-

374 4827 557 4887 lunca.
604 4845 729 4885 cum
782 4843 908 4888 ante
973 4835 1173 4889 ostium
1229 4836 1611 4892 obsiderentur
1669 4852 1701 4892 a
1757 4836 1938 4896 Saule.

372 4916 563 4985 Nemo,
599 4919 696 4985 ait,
725 4924 920 4978 anima:
952 4939 1087 4980 mea:
1119 4924 1348 4980 salutem
1380 4927 1595 4995 quaerit.

429 5103 493 5165 ,6.
544 5104 783 5160 Clamavi
814 5108 883 5160 ad
905 5118 973 5171 te,
1004 5107 1244 5163 Domine.
1282 5109 1338 5163 ln
1381 5110 1556 5180 ipsum
1587 5111 1733 5166 enim
1761 5113 1938 5167 solum

372 5212 522 5269 spem
560 5198 753 5254 salutis
778 5214 1041 5269 reponere
1069 5200 1345 5255 convenit.

442 5289 496 5345 8.
561 5288 712 5345 Educ
762 5292 826 5346 de
863 5292 1106 5346 custodia
1154 5294 1391 5346 animam
1449 5309 1637 5347 meam.
1693 5292 1818 5349 Hinc
1863 5294 1942 5348 ait

370 5380 529 5448 quasi
579 5383 646 5436 ad
697 5384 1012 5452 speluncam
1060 5384 1377 5453 respiciens.
1430 5385 1794 5457 Symmachus
1841 5402 1942 5441 au-

375 5482 483 5527 tem
520 5491 534 5527 :
574 5475 725 5530 Educ
756 5495 789 5532 a
819 5479 1151 5533 conclusione
1179 5481 1415 5534 animam
1444 5498 1635 5536 meam.
1657 5482 1738 5536 Ad
1768 5483 1935 5551 conﬁ-

2129 4659 2411 4715 Ἆπώλετο
2453 4661 2615 4733 φυγὴ
2648 4664 2749 4717 ἀπ’
2778 4663 2956 4732 ἐμοῦ,
2989 4665 3087 4719 καὶ
3120 4666 3232 4720 οὐκ
3262 4667 3435 4720 ἐστιν
3461 4668 3495 4721 δ
3521 4667 3619 4721 ἐκ-

2049 4748 2236 4820 ζητῶν
2275 4751 2390 4821 τὴν
2427 4752 2641 4823 ψυχήν
2661 4771 2802 4824 μου.
2835 4756 2910 4809 Ού
2944 4755 3052 4827 γὰρ
3092 4751 3162 4827 ἦν
3205 4756 3615 4829 ἀποδιδράσκειν

2047 4842 2111 4894 ὲκ
2132 4841 2224 4895 τοῦ
2252 4843 2516 4914 σπηλαίου
2534 4844 2642 4898 τῶν
2665 4844 2972 4916 ἔμπροσθεν
2999 4848 3372 4919 κατεχομένων
3397 4848 3502 4901 ὑπὸ
3522 4847 3614 4901 τοῦ

2047 4934 2241 4991 Σαούλ.
2274 4936 2490 5002 Οὐδεὶς,
2526 4937 2680 5008 φησὶ,
2715 4937 2813 5008 τῆς
2850 4938 2987 5010 ἐμῆς
3017 4938 3194 5012 ψυχῆς
3220 4939 3318 5011 τὴν
3345 4940 3619 5012 σωτηρίαν

2045 5025 2293 5098 ἐπιζητεῖ

2129 5117 2453 5186 Ἐκέκραξα
2483 5120 2634 5189 πρὸς
2660 5122 2754 5187 σὲ,
2786 5124 2981 5191 Κύριε.
3023 5123 3139 5176 Ἐπ’
3163 5121 3310 5183 αὐτῶ
3338 5121 3446 5198 γὰρ
3470 5122 3611 5195 μόνῳ

2044 5208 2211 5262 δεῖται
2234 5209 2334 5274 τὰς
2364 5211 2583 5276 ἐλπίδας
2606 5215 2705 5285 τῆς
2734 5215 3023 5286 σωτηρίας.

2131 5300 2411 5372 Ἐξάγαγε
2450 5304 2518 5357 ἐκ
2564 5304 2846 5373 φυλακῆς
2871 5304 2986 5373 τὴν
3016 5308 3228 5375 ψυχήν
3257 5325 3397 5377 μου.
3428 5305 3609 5362 Ταῦτά

2045 5409 2207 5463 φησιν
2233 5391 2309 5456 ὡς
2340 5403 2476 5464 πρὸς
2505 5393 2594 5447 τὸν
2623 5394 2717 5447 τοῦ
2750 5393 3029 5465 σπηλαίου
3058 5397 3242 5450 τόπον.
3285 5397 3344 5450 '0
3384 5396 3442 5449 δὲ
3469 5394 3606 5466 Σύμ-

2046 5500 2232 5554 μαχος·
2289 5484 2445 5548 Ἔξω
2485 5485 2744 5551 ποίησον
2795 5487 3203 5555 ἀποκλεισμοῦ
3248 5485 3366 5553 τὴν
3402 5485 3607 5555 ψυχήν

375 5561 592 5616 tendum
623 5569 825 5621 nomini
857 5579 968 5622 tuo.
1000 5567 1233 5634 Quando
1265 5585 1372 5634 me,
1401 5570 1496 5634 ait,
1533 5570 1602 5625 ab
1626 5571 1938 5641 huiusmodi

2075 5590 2175 5626 ιου.
2238 5572 2346 5627 Τοῦ
2405 5572 2964 5644 ἐξομολογήσασθαι
3018 5573 3099 5639 τῷ
3167 5575 3412 5643 ὀνόματι
3471 5590 3600 5629 σου.

373 5665 617 5709 aerumna
664 5665 719 5710 et
768 5673 796 5711 a
860 5661 1111 5715 custodia
1172 5662 1437 5729 liberasti,
1488 5661 1583 5716 tibi
1640 5663 1934 5732 gratiarum

374 5743 605 5799 actionis
631 5746 839 5817 cantica
875 5751 1191 5821 rependam.
1234 5751 1317 5807 Me
1346 5762 1646 5823 exspectant
1673 5752 1801 5815 iusti
1842 5753 1939 5808 do-

2059 5663 2323 5730 Ἐπειδάν,
2375 5666 2529 5737 φησὶ,
2571 5665 2773 5737 ταύτης
2821 5683 2889 5737 με
2920 5669 3018 5738 τῆς
3066 5666 3295 5736 θλίψεως
3334 5666 3603 5727 ἀπέλυσας

2044 5756 2138 5811 καὶ
2173 5774 2272 5828 της
2317 5759 2570 5831 εἱρκτῆς,
2617 5759 3059 5832 εὐχαριστηρίους
3100 5758 3404 5830 ἀναπέμψω
3440 5756 3599 5830 ᾠδάς.
