3946 6222
263 348 352 404 ειι
1320 334 1686 394 EXPOSITIO
1726 333 1791 388 IN
1831 329 2164 388 PSALMUM
2201 278 2426 386 CXLlll.

3393 315 3498 369 542

271 466 397 538 Ἐμὲ
422 463 792 534 ὑπομένουσι
820 461 1031 515 δίκαιοι
1063 460 1174 525 ἕως
1219 454 1290 514 οὗ
1335 455 1682 522 ἀνταποδῷς
1701 471 1824 525 μοι.

1968 469 2023 506 ec
2049 449 2311 504 retribuas
2352 446 2502 500 mihi.
2554 443 2610 498 Si
2646 457 2730 496 me
2763 439 2960 496 exhinc
2993 436 3270 494 eduxeris.
3301 433 3499 502 inquit,

274 559 391 614 Ἐὰν
417 557 687 630 ὲξαγάγῃς
715 573 800 626 με,
832 554 1014 625 φησὶν,
1049 551 1295 605 ἐντεῦθεν
1324 549 1691 622 ἀμειψάμενός
1721 565 1820 618 μου

261 654 353 718 τὰς
381 650 590 720 ἀγαθάς
623 648 868 722 πράξεις,
912 647 1005 698 καὶ
1053 646 1102 698 οἱ
1131 644 1306 697 λοιποὶ
1329 643 1525 696 δίκαιοι
1552 642 1649 712 ἐμὲ
1688 640 1821 692 ὑπό-

261 747 449 815 δειγμα
482 743 587 813 πρὸ
617 740 906 812 ὀφθαλμῶν
930 739 1174 809 ἔχοντες,
1209 737 1302 790 καὶ
1339 738 1403 789 ὲκ
1433 735 1541 788 τῶν
1575 737 1693 788 κατ’
1725 733 1824 803 ἐμὲ

263 836 326 890 τά
354 837 472 888 κατ’
501 834 696 896 αὐτοὺς
725 830 1237 902 ἀποταμιευόμενοι,
1261 827 1596 883 ἀποδώσουσι
1620 843 1700 878 σοι
1729 824 1826 888 τάς

263 929 404 992 λιτὰς
433 927 527 981 καί
556 945 636 981 σοι
672 925 1162 999 προσδραμοῦνται.

268 1037 572 1096 ΨΑΛΜΟΣ
607 1036 766 1106 ᾠδῆς
793 1035 872 1102 τῷ
905 1038 1103 1101 Δαυῒδ,
1135 1037 1232 1090 ὅτε
1259 1035 1615 1090 κατεδίωκεν
1642 1033 1828 1089 αὐτὸν

519 1129 554 1180 ὁ
576 1125 705 1191 υἱὸς
726 1126 911 1180 αὐτοῦ
949 1126 1345 1196 Ἀϐεσσαλὼμ.
1369 1127 1555 1179 PMB'.

881 1217 1207 1284 Ὑπόθεσις.

265 1313 365 1366 Καὶ
391 1303 546 1375 οὗτος
576 1311 768 1383 ὁμοίαν
811 1311 922 1382 ἔχει
962 1309 1054 1364 τοῦ
1087 1311 1191 1381 πρὸ
1230 1308 1396 1363 αὑτοῦ
1427 1309 1523 1380 τὴν
1552 1308 1826 1363 ὑπόθεσιν.

326 1404 557 1475 Εὔχεται
600 1404 708 1477 γὰρ
751 1405 857 1458 ἀπὸ
890 1403 998 1457 τῶν
1041 1403 1342 1457 διωκόντων
1386 1403 1674 1474 ρυσθῆναι”,
1701 1402 1776 1466 ὡς
1802 1406 1830 1455 ὁ

341 1496 658 1560 ’Δπόστολὸς
701 1513 852 1567 φησι.
902 1494 1155 1557 Τυπικῶς
1183 1494 1239 1548 δὲ
1279 1494 1452 1548 ταῦτα
1491 1494 1686 1564 συνέὸη
1721 1497 1831 1557 τοῖς

326 1585 734 1656 ἀρχαιοτέροις·
786 1585 1004 1658 ἐγράφη
1044 1586 1101 1640 δὲ
1154 1585 1289 1657 πρὸς
1335 1583 1616 1638 νουθεσίαν
1652 1583 1827 1654 ἡμῶν.

326 1676 700 1748 Διδασκόμεθα
725 1677 902 1731 τοίνυν
938 1679 995 1730 ὲν
1019 1677 1401 1748 περιστάσεσιν
1431 1674 1522 1728 ἐπὶ
1553 1673 1710 1744 μόνον
1734 1691 1833 1727 κα-

327 1767 619 1838 ταφεύγειν
660 1767 749 1821 τὸν
778 1767 930 1822 Θεόν.
974 1768 1170 1822 Ἰστέον
1202 1767 1258 1820 δὲ
1289 1769 1368 1820 ὅτι
1396 1766 1723 1838 ἀναφέρεται
1755 1767 1833 1827 εἰς

327 1860 385 1913 τὸ
407 1861 508 1932 τῆς
538 1860 951 1935 ἀνθρωπότητος
979 1860 1266 1931 πρόσωπον
1295 1862 1328 1932 ἡ
1364 1859 1635 1930 προσευχὴ
1666 1874 1833 1912 κατα-

324 1950 660 2021 διωκομένης
690 1951 783 2003 καὶ
815 1949 1134 2020 θλιϐομένης
1163 1949 1266 2002 ὑπὸ
1293 1948 1384 2002 τοῦ
1416 1947 1833 2017 πλεονεκτήσαν-

326 2058 413 2104 τος
441 2042 674 2104 Σατανᾶ,
707 2036 766 2095 οὗ
790 2042 884 2094 καὶ
915 2041 1177 2112 ρυσθῆναι
1205 2039 1424 2112 εῠχεται
1455 2038 1543 2092 διά
1568 2041 1664 2110 τῆς
1693 2055 1832 2110 παρ-

326 2130 510 2195 ουσίας
537 2129 631 2183 τοῦ
664 2129 1020 2199 Μονογενοῦς.

326 2225 534 2292 Κύριε,
579 2225 946 2279 εἰσάκουσον
988 2224 1100 2294 τῆς
1132 2223 1478 2294 προσευχῆς
1514 2241 1654 2294 μου.
1703 2223 1828 2275 Elo-

265 2316 608 2387 ακουσθῆναι,
629 2317 812 2388 φησὶν,
832 2315 966 2381 ἀξιῶ
986 2316 1072 2370 διὰ
1085 2318 1183 2387 τῆς
1210 2317 1306 2388 σῆς
1325 2315 1826 2386 ἀληθεία;.”ομοιον

263 2402 314 2458 δὲ
344 2405 470 2458 ὡσεὶ
501 2405 668 2475 λέγοιο
709 2407 840 2459 Ἐσο
880 2424 966 2478 μοι
999 2407 1265 2477 ὑπήκοος,
1299 2405 1388 2458 τὸν
1422 2404 1698 2475 Μονογενῆ
1733 2421 1827 2458 σου

265 2497 605 2567 ἀποστείλας,
634 2499 691 2562 ὃς
720 2500 866 2554 ἐστιν
888 2497 1111 2570 ἀλήθεια
1140 2498 1233 2551 καὶ
1263 2496 1596 2568 δικαιοσύνη.

1927 544 1980 598 in
2013 541 2318 597 mercedem
2361 538 2629 592 bonorum
2659 548 2906 603 Operum,
2934 528 3129 598 reliqui
3151 526 3287 598 justi
3327 540 3412 578 me
3442 524 3500 577 in

1927 633 2237 703 exemplum
2271 645 2382 701 prae
2411 628 2583 684 oculis
2609 627 2891 687 habentes,
2921 631 2976 676 et
3010 636 3076 676 ex
3106 620 3172 674 iis
3203 633 3324 688 qua:
3361 614 3501 671 mihi

1927 727 2272 794 contigerunt
2307 737 2428 792 quae
2473 721 2619 790 ipsos
2666 724 2910 785 spectant
2943 729 3127 769 secum
3161 717 3500 780 reputantes,

1930 817 2353 888 supplicationes
2378 813 2601 869 oll‘crcut
2631 810 2725 864 tibi
2753 817 2806 864 et
2838 807 2902 862 ad
2930 816 2981 861 te
3010 813 3318 860 accurrent.

1929 1038 1982 1090 1.
2027 1030 2268 1088 ρδΑιΜ
2281 1029 2370 1085 US
2397 1029 2592 1083 cantici
2631 1028 2824 1090 David,
2855 1022 3064 1096 quando
3094 1032 3503 1091 persequeoatur

2139 1140 2256 1178 eum
2302 1121 2608 1176 Abessalom
2663 1120 2808 1189 ﬁlius
2860 1117 2996 1186 ejus.
3050 1111 3281 1170 CXLII.

2510 1214 2907 1283 Argumentum.

1935 1311 2140 1367 Similis
2195 1307 2503 1380 argumenti
2558 1321 2681 1360 cum
2739 1303 2921 1373 priore
2968 1309 3052 1356 est
3089 1298 3178 1353 hic
3226 1295 3497 1366 psalmus.

2000 1404 2177 1472 Rogat
2234 1401 2379 1457 enim
2433 1397 2652 1452 liberari
2709 1411 2740 1450 a
2792 1390 3264 1464 persequentibus,
3318 1395 3376 1441 ut
3421 1387 3499 1440 ait

1998 1493 2312 1565 Apostolus.
2361 1491 2616 1560 Figurate
2657 1497 2836 1542 autem
2881 1485 3068 1539 isthaac
3097 1478 3497 1550 antiquioribus

1999 1584 2290 1655 contigere,
2332 1581 2645 1651 scriptaque
2692 1586 2820 1633 sunt
2867 1574 2934 1629 ad
2979 1571 3334 1628 monitionem
3393 1585 3498 1623 no-

2015 1686 2209 1732 stram.
2255 1675 2524 1730 Docemur
2573 1672 2760 1741 itaque
2801 1669 2855 1724 in
2895 1666 3274 1723 occasionibus
3312 1662 3380 1718 ad
3412 1677 3498 1718 so-

2017 1769 2130 1823 lum
2196 1766 2366 1822 Deum
2421 1763 2735 1834 confugere.
2801 1759 3094 1815 Sciendum
3157 1765 3339 1810 autem
3390 1761 3496 1820 est,

2025 1861 2330 1917 orationem
2361 1857 2553 1913 referri
2593 1857 2658 1911 ad
2692 1868 2977 1925 personam
3011 1853 3262 1906 humanae
3287 1857 3499 1903 natura:

2017 1955 2234 2026 agitata:
2267 1961 2321 2008 et
2355 1950 2564 2006 amictae
2605 1950 2674 2004 ab
2729 1955 3014 2019 arrOgante
3057 1944 3150 1998 illo
3194 1941 3418 2007 Satana,
3465 1954 3498 1994 a

2014 2063 2123 2118 quo
2155 2062 2250 2116 per
2283 2042 2553 2115 Unigeniti
2586 2041 2876 2096 adventum
2913 2035 3106 2093 redimi
3147 2049 3208 2090 se
3237 2031 3498 2103 postulat.

2002 2220 2057 2275 2.
2121 2219 2381 2284 Domine,
2435 2218 2628 2273 exaudi
2678 2216 2964 2271 orationem
3007 2229 3197 2268 meam.
3238 2208 3500 2266 Exaudiri

1933 2328 2040 2377 rue,
2089 2313 2284 2382 inquit,
2317 2312 2550 2382 postulo
2602 2324 2696 2380 per
2729 2309 3011 2363 veritatem
3046 2315 3217 2361 tuam.
3268 2303 3502 2359 Perinde

1933 2415 2112 2460 autem
2141 2411 2226 2459 est
2258 2418 2321 2457 ac
2349 2403 2396 2458 si
2427 2402 2660 2456 diceret:
2693 2399 2902 2454 Exaudi
2935 2414 3043 2461 me,
3076 2398 3336 2467 mitteque
3366 2393 3500 2449 Uni-

1935 2494 2176 2566 genitum
2202 2504 2377 2560 tuum,
2411 2492 2504 2562 qui
2536 2500 2621 2548 est
2657 2491 2855 2546 veritas
2891 2497 2945 2545 et
2968 2487 3205 2560 justitia.

1281 2614 1462 2685 (Deest
1498 2629 1669 2668 unum
1718 2610 1906 2666 folium
1955 2611 2011 2666 in
2053 2610 2206 2666 Colh.
2251 2609 2287 2664 2
2319 2607 2374 2665 et
2409 2609 2488 2680 5.)

339 2709 618 2764 Ἐκάθισέ
652 2727 732 2780 με
777 2710 847 2764 ἐν
885 2709 1218 2776 σκοτεινοῖς
1250 2708 1390 2763 ὡσεὶ
1422 2707 1672 2777 νεκροὺς
1696 2705 1834 2760 αἰῶ-

264 2817 378 2866 νος.
405 2801 637 2856 Σκοτίαν
664 2803 762 2874 τὴν
788 2803 1058 2871 ἀγνωσίαν
1081 2804 1146 2874 ἣν
1177 2803 1300 2874 ἔσχε
1329 2801 1457 2854 ποτὲ
1479 2799 1645 2871 δηλοῖ.
1670 2798 1835 2852 Οὐδὲν

264 2892 364 2962 γάρ
394 2894 726 2966 διεφερόμην
760 2895 976 2967 νεκροῦ.
1004 2897 1249 2968 Νεκροὺς
1282 2894 1531 2957 αἰωνίους
1577 2893 1701 2956 τοὺς
1731 2892 1836 2946 πάο

263 2984 346 3038 λαι
373 2987 662 3042 εἰδωλολάτ
672 3006 767 3058 ρας
796 2989 981 3060 φησίν.

332 3162 485 3231 Ταχὺ
526 3162 893 3217 είσάκουσόν
917 3181 1058 3233 μου,
1083 3164 1277 3234 Κύριε,
1300 3162 1540 3228 ἐξέλιπε
1561 3162 1625 3217 τὸ
1651 3162 1830 3218 πνεῦ-

259 3253 338 3322 μά
370 3273 514 3324 μου.
567 3256 656 3309 Ἐν
699 3260 819 3320 ταῖς
867 3256 1124 3327 ἐσχάταις
1170 3255 1572 3328 περιστάσεσιν,
1617 3257 1833 3312 ὲπειδάν

265 3345 661 3400 ἀνακινδυνεύει
703 3349 845 3412 τινὸς
886 3351 920 3420 ὴ
956 3349 1124 3421 ψυχὴ,
1155 3349 1422 3421 προσήκει
1450 3348 1606 3403 τοῦτο
1637 3349 1834 3420 λέγειν,

264 3439 319 3490 οὒ
361 3439 466 3511 μὴν
508 3443 572 3495 ὲν
610 3442 972 3513 ἀνθρωπίνοις
1019 3442 1339 3514 πράγμασιν
1386 3445 1697 3513 ἀναγκαίως
1741 3460 1836 3496 κε-

266 3534 510 3606 χρῆσθαι.

341 3623 663 3680 Ἀκουστὸν
695 3623 954 3691 ποίησόν
973 3643 1075 3694 μοι
1102 3623 1169 3678 τὸ
1216 3625 1366 3694 πρωῒ
1394 3625 1460 3678 τὸ
1493 3626 1662 3691 ἔλεός
1699 3641 1835 3680 σου.

267 3713 370 3788 Τὴν
414 3715 666 3789 πρωῖνὴν
712 3716 1006 3770 ἀνάστασιν
1046 3715 1139 3770 τοῦ
1173 3716 1380 3788 Κυρίου
1425 3716 1607 3785 λέγει’
1639 3717 1838 3789 ἢτάχα

267 3808 356 3858 καλ⁵
397 3809 498 3880 τὴν
555 3808 799 3879 πρωῖνὴν
840 3809 1137 3861 ἀνάστασιν
1177 3806 1393 3878 εῠχεται
1438 3807 1840 3878 παραγενέσθαι

268 3898 522 3969 Χριστοῦ,
549 3900 620 3952 δι’
650 3894 717 3971 ἦ,
749 3899 1063 3970 ὲλεούμεθα.

331 3991 647 4060 Γνὼρισόν
669 4009 796 4061 μοι,
831 3990 1044 4060 Κύριε,
1079 3989 1223 4045 ὀδόν
1264 3991 1334 4044 ἐν
1376 3984 1416 4064 ᾖ
1454 3990 1836 4058 πορεύσομαι.

269 4078 373 4150 Τῆς
407 4082 776 4155 εὐαγγελικῆς
800 4082 1140 4146 διδασκαλίας
1173 4081 1390 4154 εὔχεται
1419 4083 1619 4152 τυχεῖν.

345 4173 597 4236 Ἐξέλου
644 4190 724 4244 με
769 4174 838 4228 ἐκ
870 4172 988 4229 τῶν
1031 4173 1261 4244 ἐχθρῶν
1297 4191 1438 4244 μου.
1480 4171 1600 4226 Τῶν
1640 4169 1843 4242 νοητῶν

268 4264 524 4339 δηλονότι.

2004 2707 2058 2763 5.
2117 2705 2405 2762 Collocavit
2463 2720 2540 2757 me
2589 2703 2647 2756 in
2694 2699 2931 2756 obscuris
2967 2705 3102 2752 sicut
3134 2701 3370 2749 mortuos
3399 2707 3498 2746 sa:-

1943 2802 2071 2856 culi.
2101 2799 2204 2854 Per
2237 2799 2622 2855 obscuritatem
2651 2795 2853 2849 indicat
2886 2789 3266 2862 ignorantiam,
3303 2786 3356 2839 in
3391 2797 3504 2853 qua

1935 2895 2064 2949 olim
2098 2893 2430 2948 versabatur.
2479 2887 2623 2942 Nihil
2667 2888 2834 2953 enim,
2878 2885 3075 2955 inquit,
3122 2879 3436 2936 differebam
3469 2892 3499 2929 a

1938 2996 2176 3044 mortuo.
2232 2984 2476 3040 Mortuos
2529 2981 2735 3046 saeculi,
2784 2986 2945 3032 vocat
3001 2975 3318 3030 idololatras
3377 2970 3504 3025 illos

1936 3091 2164 3136 veteres.
2369 3073 2371 3075 ’

2008 3169 2059 3224 7.
2127 3167 2589 3223 Velociterexaudi
2630 3181 2730 3226 me,
2776 3161 3012 3224 Domine,
3052 3160 3241 3230 defecit
3281 3155 3501 3226 spiritus

1937 3279 2101 3319 meus.
2155 3260 2211 3316 In
2272 3258 2563 3332 postremis
2615 3255 2992 3312 occasionibus
3047 3251 3267 3322 quando
3316 3247 3503 3317 cujus-

1938 3355 2082 3425 piam
2122 3352 2302 3408 anima
2348 3348 2682 3422 periclitatur
2711 3346 2762 3402 id
2790 3344 3042 3402 convenit
3073 3344 3287 3407 dicere;
3328 3352 3506 3408 nequc

1938 3457 2114 3502 tamen
2165 3446 2220 3500 in
2261 3442 2517 3499 humanis
2540 3440 2771 3512 negotiis
2804 3438 2872 3494 iis
2911 3437 2990 3492 uti
3019 3450 3240 3492 necesse
3271 3440 3372 3487 est.

2009 3622 2063 3677 8.
2121 3620 2375 3674 Auditum
2411 3618 2496 3688 fac
2532 3615 2662 3670 mihi
2701 3629 2854 3667 mane
2885 3609 3305 3666 misericordiam
3337 3617 3503 3660 tuam.

1940 3710 2260 3765 Matutinam
2308 3706 2521 3761 Domini
2568 3705 3023 3759 resurrectionem
3053 3697 3365 3766 signiﬁcat:
3413 3703 3508 3748 aut

1941 3802 2174 3857 fortasse
2223 3805 2376 3870 rogat
2423 3795 2680 3851 advenire
2713 3793 3033 3847 matutinam
3074 3787 3275 3843 Christi
3324 3801 3508 3839 resur-

1940 3894 2261 3956 rectionem,
2321 3905 2427 3959 qua
2462 3885 2894 3941 misericordiam
2949 3878 3228 3935 consecuti
3291 3891 3504 3930 sumus.

2014 3983 2216 4038 Notam
2241 3983 2327 4052 [ac
2354 3980 2502 4045 mihi,
2533 3978 2773 4039 Domine,
2807 3977 2943 4029 vium
2986 3975 3040 4027 in
3081 3989 3184 4042 qua
3223 3969 3504 4023 ambulem.

1944 4073 2322 4142 Evangelicam
2365 4068 2668 4123 doctrinam
2705 4062 2961 4132 consequi
2997 4067 3168 4129 rogat.

2012 4168 2064 4222 9.
2102 4165 2266 4234 Eripe
2307 4178 2386 4217 me
2418 4160 2481 4215 de
2525 4158 2755 4213 inimicis
2803 4155 2951 4208 meis.
3009 4146 3392 4222 Spiritualibus
3423 4143 3507 4197 vi-

1943 4261 2158 4320 delicet.

1317 4383 1438 4456 (Hic
1469 4383 1665 4437 desunt
1695 4381 1748 4435 in
1787 4380 1937 4435 Colb.
1963 4379 1997 4434 5
2017 4377 2263 4451 quaedam
2292 4373 2463 4444 folia.)

521 4478 610 4545 Τῷ
636 4477 815 4532 Δαυῒδ
844 4477 992 4546 πρὸς
1017 4476 1123 4530 τὸν
1149 4475 1392 4530 Γολιάθ.
1418 4477 1607 4530 PMI".

333 4568 686 4640 Εὐλογητὸς
713 4569 928 4635 Κύριος
958 4571 990 4621 ό
1017 4567 1161 4633 Θεός
1185 4584 1323 4636 μου.
1372 4567 1466 4618 Ἐκ
1491 4563 1843 4637 περιχαρείας

267 4659 328 4715 τὺ
349 4662 658 4734 προοίμιον.
700 4662 760 4713 '0
789 4658 1090 4714 διδάσκων
1113 4658 1220 4724 τὰς
1245 4656 1445 4726 χεῖράς
1465 4675 1583 4726 μου
1620 4658 1708 4722 εὶς
1736 4671 1846 4708 πα-

262 4753 530 4821 ράταξιν.
563 4755 769 4824 Χεῖρας
801 4752 900 4816 τὰς
941 4751 1166 4823 πράξεις
1210 4751 1372 4820 φησὶν
1411 4746 1548 4802 εἶναι
1576 4748 1672 4811 τὰς
1704 4747 1846 4801 κατά

270 4845 576 4900 θεοσέϐειαν
593 4845 911 4916 γενομένας,
935 4844 999 4896 δι’
1013 4837 1086 4897 ὧν
1110 4841 1450 4914 πολεμοῦμεν
1472 4841 1563 4895 τὸν
1579 4841 1840 4893 Σατανᾶν.

336 4940 679 5007 Ἀνθρωπος
717 4938 1062 5006 ματαιότητι
1101 4935 1387 5005 ὡμοιώθη.
1432 4935 1697 4996 Ἕκαστος
1735 4931 1844 4985 τῶν

269 5029 570 5103 ἀνθρώπων
599 5029 678 5100 τῷ
704 5030 894 5101 κόσμῳ
914 5028 1087 5100 τούτῳ
1107 5027 1383 5099 ὡμοιώθη.

339 5127 699 5194 Ἀστραψον
733 5121 1074 5192 ἀστραπὴν,
1124 5121 1222 5175 καὶ
1262 5117 1565 5188 σκορπιεῖς
1603 5117 1841 5183 αὐτούς.

280 5214 593 5287 ’Δστραπὴν
622 5214 683 5267 τὸ
710 5213 1062 5282 εὐαγγελικὸν
1093 5210 1354 5284 κήρυγμά
1378 5226 1563 5280 φησιν.

348 5306 824 5370 Ἕξαπόστειλον
863 5303 978 5373 τὴν
1007 5303 1173 5372 χεῖρά
1215 5301 1441 5366 σουςὲξ
1481 5302 1710 5370 ὕψους·
1748 5299 1845 5362 ἐξα

268 5394 408 5452 ἐλου
429 5415 528 5467 με,
554 5399 654 5452 καὶ
676 5398 863 5466 ῥῦσαί
882 5415 958 5468 με
977 5397 1045 5461 ἐξ
1075 5396 1312 5451 ὑδάτων·-
1338 5392 1602 5458 πολλῶν,
1631 5394 1698 5446 ἐκ
1726 5408 1846 5460 χει-

263 5485 370 5554 ρὸς
399 5488 553 5543 υιῶν
583 5489 934 5558 ἀλλοτρίων.
964 5481 1075 5541 Ὧν
1100 5487 1167 5540 τὸ
1206 5489 1400 5556 στόμα
1441 5486 1706 5550 ἐλάλησε
1734 5499 1849 5551 μα-

273 5581 610 5648 ταιότητας.
650 5579 771 5632 Τῶν
806 5577 1329 5650 περικυκλωσάντων
1378 5577 1524 5646 ἡμᾶς
1573 5573 1849 5644 λογισμῶν

274 5671 376 5725 ὑπὸ
401 5676 504 5744 τῆς
547 5671 654 5727 τῶν
697 5672 967 5743 δαιμόνων
999 5670 1304 5740 ἐπιϐουλῆς.
1338 5670 1408 5722 Ἦ
1437 5669 1531 5722 καὶ
1565 5667 1730 5721 ὕδατα
1755 5666 1847 5721 τὸν

273 5758 379 5817 τῶν
423 5762 696 5816 Ἰουδαίων
725 5762 860 5834 φησὶ
901 5762 1026 5816 λαὸν
1059 5761 1148 5816 τὸν
1177 5758 1530 5815 κυκλώσαντα
1559 5758 1682 5823 τοὺς
1715 5759 1846 5812 ἀπο·

1873 4491 1922 4547 D

2170 4467 2365 4524 Davidi
2415 4465 2664 4520 adversus
2719 4458 2951 4515 Goliath.
3013 4453 3256 4510 CXLIII

2016 4564 2068 4619 1.
2117 4560 2429 4616 Benedictus
2464 4556 2718 4612 Dominus
2766 4551 2906 4606 Deus
2961 4566 3127 4604 meus.
3179 4546 3259 4600 Ex
3315 4543 3512 4616 gaudio

1947 4657 2053 4712 tale
2103 4653 2428 4724 prooemium
2473 4648 2756 4705 emittitur.
2796 4646 2902 4710 Qui
2951 4642 3099 4696 docet
3147 4654 3332 4692 manus
3369 4651 3510 4691 utea:

1949 4749 2018 4802 ad
2051 4748 2315 4818 praelium.
2367 4743 2561 4797 Manus
2593 4747 2750 4796 vocat
2781 4751 2944 4807 opera
2994 4748 3116 4789 cum
3148 4733 3346 4802 pietate
3382 4741 3511 4798 erga

1951 4841 2116 4894 Deum
2149 4838 2310 4903 facta,
2335 4851 2430 4905 per
2459 4849 2580 4904 qua:
2615 4831 2870 4886 Satanam
2895 4829 3299 4897 impuguamus.

2016 4935 2070 4988 5.
2127 4931 2297 4985 Homo
2325 4928 2550 4983 vatiitati
2593 4923 2784 4979 similis
2829 4923 3000 4992 factus
3029 4931 3124 4975 est.
3159 4916 3367 4987 Singuli
3413 4913 3511 4966 ho-

1945 5025 2120 5082 mines
2159 5023 2284 5076 huic
2312 5019 2513 5074 mundo
2554 5015 2758 5072 similes
2788 5021 2934 5070 sunt.

2016 5118 2068 5173 6.
2154 5115 2398 5185 Fulgura
2462 5110 2908 5167 coruscationem.
2959 5115 3009 5159 et
3062 5100 3345 5170 dissipabit
3399 5111 3509 5150 eos.

1948 5210 2154 5280 Fulgur
2179 5212 2338 5259 vocat
2369 5201 2734 5273 evangelicam
2769 5195 3228 5268 pradicationem.

2017 5277 2078 5352 7.
2131 5294 2328 5349 Emitte
2361 5307 2575 5346 manum
2628 5301 2772 5343 tuam
2803 5287 2866 5341 de
2904 5286 3033 5350 alto,
3069 5283 3207 5351 eripe
3237 5295 3318 5332 me
3353 5287 3404 5331 et
3444 5277 3516 5330 li-

1947 5389 2070 5443 bera
2098 5403 2175 5441 me
2216 5385 2280 5439 de
2312 5384 2460 5455 aquis
2496 5382 2698 5446 multis,
2733 5381 2796 5434 de
2845 5393 3003 5432 manu
3040 5373 3271 5442 ﬁliorum
3305 5369 3511 5422 alieno-

1947 5496 2084 5533 rum.
2136 5477 2374 5542 Quorum
2431 5490 2487 5528 os
2544 5472 2777 5526 locutum
2829 5479 2904 5522 est
2955 5465 3230 5520 vanitates.
3273 5461 3398 5531 Agit
3445 5460 3515 5514 de

1946 5569 2368 5642 cogitationibus
2409 5581 2532 5636 quae
2570 5580 2637 5620 ex
2670 5564 2974 5617 daemonum
3019 5553 3230 5608 insidiis
3273 5567 3373 5606 nos
3406 5551 3516 5605 cir-

1947 5663 2294 5719 cumsistunt.
2338 5661 2444 5714 Aut
2470 5658 2606 5713 forte
2641 5667 2810 5725 aquas
2834 5650 2962 5704 dicit
2993 5648 3300 5702 Judceorum
3337 5657 3515 5714 papu-

1948 5757 2059 5811 lum
2103 5753 2196 5824 qui
2246 5749 2618 5808 circumdabat
2669 5740 2965 5815 apostolos,
3023 5749 3082 5795 ut
3131 5737 3408 5795 cohiberet
3451 5747 3515 5789 ac
