3946 6222
412 341 522 398 £45
1262 337 1322 394 S.
1356 333 1724 392 ATHANASH
1760 332 1912 390 OPP.
1953 330 2151 387 PARS.
2193 329 2285 387 111.
2323 358 2388 369 -
2429 328 2837 384 EXEGETICA.
3145 362 3153 369 -
3536 324 3636 382 5N

397 463 668 533 perderet.
722 461 895 527 Atque
949 459 1023 513 illi
1060 458 1162 526 ipsi
1228 457 1427 511 fuerint
1477 455 1569 511 lilii
1631 454 1813 512 alieni.
1872 451 1965 520 qui

2081 448 2307 511 πόλους,
2341 449 2399 501 ἐν
2422 448 2500 518 τῷ
2528 448 2743 517 συσχεῖν
2786 444 2881 499 καὶ
2914 443 3193 501 ἀπολέσαι.
3224 444 3333 498 Καὶ
3357 434 3503 498 οὗτοι
3530 439 3638 497 εἷεν

401 569 537 610 vana
593 553 922 621 loquuntur:
977 559 1030 605 et
1061 564 1181 618 qure
1227 564 1383 611 vana,
1435 546 1540 601 nisi
1584 561 1706 600 cum
1753 543 1967 599 Christo

2081 541 2178 595 υἱοὶ
2232 538 2680 610 ἡλλοτριωμένοι,
2721 539 2772 591 οἱ
2808 537 2903 591 καὶ
2951 536 3153 607 μάταια
3195 533 3499 599 λαλοῦντες.
3530 535 3638 589 Καὶ

396 647 642 702 dicerent
678 665 692 700 :
748 644 919 710 Quare
950 653 1026 705 tu,
1086 643 1240 696 homo
1268 657 1385 695 cum
1443 642 1539 707 sis,
1582 641 1716 710 facis
1750 643 1967 708 teipsum

2081 638 2200 688 ποῖα
2231 634 2451 705 μάταια,
2492 634 2525 704 ἢ
2566 632 2626 685 τὸ
2659 631 2835 700 λέγειν
2873 632 2950 701 τῷ
2979 630 3217 701 Χριστῷ’
3243 627 3378 699 Πῶς
3403 630 3507 696 σὺ,
3534 630 3638 685 dr-

404 742 565 797 Deum
594 740 682 794 ἐν

470 835 523 890 9.
567 833 727 895 Deus,
759 832 1019 886 canticum
1059 847 1244 885 norum
1276 830 1497 884 cantabo
1534 830 1649 883 tibi.
1690 827 1972 897 Evangelia

399 944 524 984 cum
558 928 796 991 scilicet;
841 940 1021 980 sermo
1048 933 1227 979 autem
1259 934 1341 977 est
1370 938 1433 977 ex
1466 938 1699 990 persona
1732 921 1966 975 Davidis.

404 1019 469 1074 lu
498 1019 746 1089 psalterio
768 1017 1091 1071 decachordo
1119 1015 1343 1083 psallam
1376 1015 1490 1068 tibi.
1526 1014 1848 1069 Psalterium
1879 1012 1970 1069 tle-

401 1110 726 1165 cachordum
753 1117 835 1164 est
863 1123 1082 1176 corpus,
1120 1107 1260 1175 quod
1294 1106 1535 1175 quinque
1561 1121 1753 1161 sensus
1785 1106 1965 1172 habet,

399 1211 453 1256 ct
472 1201 708 1271 quinque
735 1200 929 1255 anima:
954 1198 1294 1268 operationes
1317 1215 1330 1252 :
1357 1197 1587 1269 singulis
1615 1197 1822 1253 scilicet
1845 1212 1967 1253 sen-

397 1291 549 1347 sibus
577 1291 765 1345 insunt
793 1291 1018 1357 singulae
1045 1292 1403 1359 operationes.

468 1382 557 1447 10,
588 1383 675 1439 ll.
721 1382 825 1448 Qui
861 1386 958 1436 das
1000 1382 1224 1437 salutem
1255 1382 1462 1449 regibus
1493 1382 1704 1435 nostris.
1749 1380 1965 1437 Sanctis

397 1476 606 1531 scilicet
652 1453 933 1544 apostolis,
960 1490 1098 1544 quos
1151 1474 1401 1529 Christus
1450 1474 1724 1543 principes
1771 1490 1959 1529 eorum

396 1567 696 1624 constituit.
735 1566 839 1633 Qui
871 1566 1138 1621 redemisti
1172 1564 1340 1619 David
1365 1581 1568 1619 servum
1600 1573 1743 1618 tuum
1769 1565 1831 1618 de
1853 1563 1966 1635 gla-

395 1658 484 1712 dio
515 1657 766 1728 maligno,
797 1658 934 1725 eripe
961 1674 1060 1718 me,
1089 1665 1137 1710 et
1166 1671 1286 1709 erue
1320 1671 1401 1708 me
1441 1653 1505 1708 de
1542 1671 1701 1708 manu
1731 1654 1962 1724 ﬁliorum

396 1750 707 1805 alienorum.
740 1749 966 1819 Propter
993 1760 1082 1804 tua
1118 1763 1239 1804 cum
1270 1746 1374 1799 illis
1400 1754 1580 1815 pacta.
1619 1759 1832 1800 omnem
1865 1762 1962 1800 no-

397 1843 495 1899 stri
542 1843 959 1898 sollicitudinem
1006 1857 1183 1912 geras.
1224 1840 1472 1896 Gladium
1523 1854 1757 1907 namque
1801 1839 1959 1893 mali-

398 1953 586 2003 gnum,
622 1938 943 1992 irruentium
982 1936 1216 1992 furorem
1266 1947 1318 1992 et
1367 1937 1701 1992 ferocitatem
1735 1934 1961 1989 vaeavit.

397 2024 550 2095 Ipsos
579 2034 758 2082 autem
787 2027 994 2083 alienos
1023 2034 1201 2093 vocat,
1236 2034 1420 2097 utpote
1454 2027 1666 2097 impios.

469 2202 555 2257 12.
600 2202 837 2269 Quorum
869 2205 972 2274 filii
998 2206 1133 2260 sicut
1170 2207 1382 2262 novella:
1411 2207 1762 2276 plantationes
1790 2207 1843 2260 in
1872 2206 1965 2274 ju-

398 2303 601 2350 rentute
627 2313 744 2351 sua.
779 2296 910 2367 Ejus
942 2298 1034 2367 qui
1064 2298 1358 2354 secundum
1393 2314 1611 2353 carnem
1651 2307 1734 2354 est
1759 2299 1964 2367 pepuli,

398 2386 593 2455 inquit,
628 2386 882 2442 ﬂorentes
927 2396 1096 2453 sunt;
1133 2389 1251 2457 ejus
1297 2397 1477 2444 autem
1526 2390 1616 2459 qui
1667 2388 1964 2445 secundum

397 2475 669 2543 spiritum,
713 2476 968 2533 humiles.
1016 2475 1083 2531 Hi
1123 2493 1359 2548 namque
1405 2487 1532 2534 sunt
1584 2479 1676 2547 qui
1730 2478 1964 2533 dicunt:

399 2566 644 2622 Etiamsi
676 2570 904 2624 exterior
950 2579 1125 2626 noster
1165 2571 1318 2626 homo
1348 2571 1724 2641 corrumpitur,
1750 2572 1969 2625 interior

399 2668 679 2711 renovatur
693 2659 758 2712 ⁹⁹.

472 2744 630 2802 Filia
658 2764 838 2802 eorum
861 2750 1181 2819 composita,
1211 2751 1610 2806 circumarnatae
1640 2761 1696 2806 ut
1717 2754 1969 2808 similitu-

399 2838 467 2892 do
490 2839 686 2906 templi.
730 2839 801 2894 De
828 2851 1023 2896 ornatu
1060 2844 1298 2898 terrestri
1320 2844 1577 2912 loquitur.
1603 2845 1965 2911 Quamobrem

401 2946 510 2985 non
544 2932 803 3002 templum
840 2932 933 2988 Dei
970 2932 1125 2989 factm
1155 2945 1303 2997 sunt,
1331 2936 1472 2991 sicut
1513 2946 1715 2993 sanctae
1743 2939 1970 2993 creden-

398 3028 536 3084 tium
594 3030 827 3097 animae;
877 3031 972 3087 sed
1017 3031 1314 3087 similitudo
1364 3034 1569 3104 templi.
1631 3034 1970 3107 Simulabant

2071 729 2301 797 θρωπος
2331 724 2434 786 ὢν,
2466 724 2653 790 ποιεῖς
2680 723 2938 778 σεαυτὸν
2971 723 3150 786 Geor;

2152 817 2204 870 Ὀ
2233 817 2394 883 Θεὸς.
2424 815 2588 884 ᾠδὴν
2615 814 2833 881 καινὴν
2863 812 3084 884 ᾄσομαι
3119 832 3236 869 σοι.
3267 813 3376 885 Τὴν
3402 815 3633 884 εὐαγγε-

2067 906 2222 979 λικὴν
2251 908 2510 980 δηλονότι.
2530 907 2617 974 Ἐξ
2651 906 2815 962 αὐτοῦ
2844 908 2900 963 δέ
2923 905 3016 961 τοῦ
3044 906 3332 979 προσώπου
3360 907 3452 961 τοῦ
3477 907 3636 962 Δαυῒδ

2067 999 2095 1052 ὁ
2126 998 2281 1067 λόγος
2306 998 2470 1052 ἐστίν.
2488 999 2591 1053 Ἔν
2613 998 2921 1067 ψαλτηρίφ
2946 998 3284 1067 δεκαχόρδῳ
3310 996 3486 1067 ψαλῶ
3510 1012 3629 1052 σοι.

2066 1092 2379 1162 Ψαλτήριον
2404 1090 2722 1163 δεκάχορδον
2754 1090 2814 1145 τὸ
2844 1090 3003 1161 σῶμά
3024 1093 3191 1155 ἐστιν,
3222 1091 3316 1145 ἆτε
3362 1090 3520 1144 πέντε
3550 1093 3632 1144 al-

2068 1184 2286 1254 σθήσεις
2311 1184 2453 1255 ἔχον,
2479 1186 2573 1239 καὶ
2603 1185 2761 1239 πέντε
2790 1185 3070 1258 ἐνεργείας
3087 1185 3283 1256 ψυχῆς,
3307 1185 3371 1241 δι’
3399 1185 3633 1259 ἑκάστης

2064 1274 2369 1346 αἰσθήσεως
2396 1274 2723 1348 γιγνομένης
2756 1276 3031 1350 ἐνεργείας
3061 1279 3313 1349 ἑκάστης.

2138 1368 2221 1434 Τῷ
2293 1368 2516 1423 διδόντι
2588 1369 2706 1438 τὴν
2753 1371 3055 1438 σωτηρίαν
3101 1370 3225 1436 τοῖς
3266 1369 3634 1436 βασιλεῦσιν

2061 1460 2247 1531 ἡμῶν.
2281 1461 2407 1524 Τοῖς
2437 1460 2614 1529 ἁγίοις
2660 1460 2995 1526 ἀποστόλοις,
3022 1461 3115 1527 οὓς
3157 1463 3487 1533 κατέστησεν
3528 1462 3629 1535 ἄρ-

2061 1570 2253 1625 χοντας
2283 1551 2463 1606 αὐτῶν
2490 1552 2785 1624 όΧριστός.
2810 1550 2894 1618 Τῷ
2919 1553 3300 1624 ,ῖυτρουμένῳ
3324 1555 3504 1609 Δαυῒδ
3527 1554 3633 1611 τὸν

2060 1644 2285 1699 δοῦλον
2332 1645 2518 1700 αὐτοῦ
2553 1645 2622 1699 ἐκ
2656 1647 2960 1714 ῥομφαίας
2997 1645 3263 1714 πονηρᾶς
3288 1662 3302 1676 ·
3328 1645 3520 1714 ῥῦσναί
3555 1663 3632 1714 με

2062 1737 2161 1790 καὶ
2188 1737 2404 1802 ἐξέλου
2430 1755 2506 1807 με
2532 1738 2600 1792 ἐκ
2633 1737 2830 1807 χειρὸς
2853 1736 3000 1792 υἱῶν
3023 1738 3370 1807 ἀλλοτρίων.
3405 1740 3501 1794 Διὰ
3525 1742 3631 1811 γὰρ

2060 1827 2158 1892 τὰς
2187 1828 2322 1899 πρὸς
2349 1827 2588 1892 ἐκείνους
2616 1828 2887 1899 συνθήκας
2915 1829 3095 1883 πᾶσαν
3124 1830 3157 1898 ἡ
3167 1828 3281 1898 μῶν
3310 1829 3631 1901 κηδεμονίαν

2062 1920 2304 1990 ποίησον.
2323 1920 2625 1991 Ῥομφαίαν
2664 1919 2773 1992 γὰρ
2798 1919 3039 1990 πονηρὰν
3070 1919 3178 1973 τῶν
3215 1919 3545 1976 ἐπελθόντων
3570 1920 3631 1974 τὸ

2065 2012 2288 2085 μανικὸν
2320 2014 2412 2068 καὶ
2443 2012 2706 2085 θηριῶδες
2736 2012 2989 2067 ἐκάλεσε’
3025 2013 3150 2077 τοὺς
3180 2011 3235 2066 δὲ
3260 2013 3456 2078 αὐτοὺς
3483 2012 3632 2068 ἀλλο-

2060 2105 2263 2177 τρίους,
2289 2105 2363 2170 ὡς
2388 2105 2684 2168 δυσσεϐεῖς.

2129 2194 2241 2254 Ὧν
2277 2202 2332 2254 οἱ
2367 2198 2485 2254 υἱοὶ
2522 2198 2720 2254 αὐτῶν
2746 2199 2826 2266 ὡς
2853 2199 3116 2267 νεόφυτα
3142 2197 3424 2267 ἱδρυμένα
3459 2197 3530 2252 ἐν
3557 2194 3633 2266 τῇ

2062 2293 2294 2358 νεότητι
2330 2291 2543 2346 αὐτῶν.
2586 2290 2691 2344 Τοῦ
2725 2290 2866 2344 κατὰ
2907 2291 3084 2363 σάρκα
3113 2288 3241 2343 λαοῦ
3283 2288 3412 2354 υἱοὶ,
3446 2287 3631 2358 φησὶν,

2065 2383 2307 2446 εὐθαλεῖς
2335 2383 2439 2436 εἱσι
2460 2400 2473 2413 ’
2516 2381 2609 2435 τοῦ
2643 2381 2700 2434 δὲ
2731 2379 2872 2434 κατὰ
2905 2380 3119 2449 πνεῦμα
3157 2378 3637 2449 τεταπεινωμένοιι

2069 2468 2242 2529 Οὗτοι
2267 2473 2378 2543 γάρ
2409 2476 2565 2528 εισιν
2590 2475 2646 2528 οἱ
2670 2473 2980 2540 λέγοντες-⁸
3022 2475 3093 2527 Ei
3121 2472 3216 2526 καὶ
3253 2475 3287 2527 ό
3315 2472 3433 2535 ἔξω
3463 2470 3632 2542 ’ἡμῶν

2065 2567 2370 2636 ἅνθρωπος
2412 2565 2825 2635 διαφθείρεται,
2864 2565 2998 2620 ἀλλ’
3029 2567 3063 2620 ό
3107 2565 3229 2620 ἔσω
3274 2562 3633 2620 ἀνακαινοῦ-

2065 2677 2180 2714 ται.

2135 2754 2207 2806 Al
2233 2750 2549 2819 θυγατέρες
2575 2749 2774 2805 αὐτῶν
2805 2750 3383 2818 κεκαλλωπισμέναι,
3408 2761 3633 2817 περικει-

2066 2840 2432 2912 κοσμημέναι
2469 2842 2547 2907 ὡς
2581 2842 2839 2910 ὁμοίωμα
2858 2840 3025 2895 ναοῦ.
3049 2838 3135 2910 Τῷ
3166 2839 3390 2912 ἐπιγεεῳ
3419 2839 3630 2911 κόσμῳ.

2065 2934 2157 2988 Διὸ
2190 2934 2285 2988 καὶ
2313 2934 2373 2987 οὐ
2407 2933 2532 2996 ναὸς
2556 2932 2690 2986 Θεοῦ
2719 2934 3022 3001 γεγόνασιν,
3053 2931 3130 2995 ὡς
3148 2935 3204 2986 αἱ
3239 2932 3389 3001 ἅγιαι
3416 2931 3524 2986 τῶν
3546 2950 3635 2987 πι-

2069 3026 2404 3081 στευσάντων
2429 3024 2615 3095 ψυχαὶ,
2641 3023 2753 3078 ἀλλ’
2776 3024 3026 3094 ὁμοίωμα
3048 3023 3176 3078 ναοῦ
3194 3040 3209 3054 ο
3247 3023 3635 3095 προσεποιοῦν-

399 3120 544 3176 enim
578 3136 633 3177 se
658 3122 954 3177 secundum
989 3124 1158 3193 legem
1179 3125 1343 3180 vitam
1377 3142 1555 3196 agere.
1580 3128 1649 3182 At
1676 3128 1728 3184 in
1753 3145 1813 3186 se
1835 3128 1967 3186 Ver-

2081 3135 2128 3171 ιο
2157 3115 2266 3187 γὰρ
2287 3113 2384 3185 τὴν
2408 3111 2548 3167 κατὰ
2567 3112 2729 3182 νόμον
2750 3110 3158 3183 ἐπιτηδεύουσαι
3185 3109 3479 3165 πολιτείαν.
3496 3111 3632 3164 Ἀλλ’

399 3210 530 3266 bum
564 3225 670 3266 non
702 3210 993 3278 habebant,
1027 3213 1119 3268 sed
1151 3213 1446 3286 malignum
1479 3216 1752 3287 spiritum.

470 3385 558 3442 15.
604 3385 976 3455 Promptuaria
993 3406 1170 3444 eorum
1191 3391 1365 3459 plena,
1388 3397 1686 3450 eructantia
1709 3412 1773 3450 ex
1795 3397 1888 3452 hoc
1916 3400 1970 3453 in

401 3478 552 3535 illud.
594 3480 1036 3538 Recoudiderunt
1059 3484 1206 3540 enim
1234 3500 1343 3540 non
1371 3487 1642 3555 cmlesws,
1674 3488 1768 3544 sed
1800 3497 1965 3545 terre-

398 3584 501 3625 nas
532 3569 771 3626 divitias.

469 3659 556 3715 N.
601 3664 730 3718 Uves
775 3678 952 3718 eorum
977 3665 1178 3734 fetam,
1213 3667 1539 3723 abundantes
1582 3669 1638 3723 in
1683 3672 1972 3740 egressibus

398 3752 532 3818 suis,
563 3763 669 3811 etc.
709 3753 933 3826 Pinguia
980 3766 1033 3813 et
1082 3757 1306 3814 fecunda
1345 3769 1472 3815 sunt
1516 3776 1712 3830 pecora
1757 3777 1970 3820 eorum.

401 3840 526 3898 Non
570 3854 650 3899 est
697 3848 848 3901 ruina
894 3850 1137 3904 maceria:
1184 3868 1344 3920 neque
1388 3853 1665 3909 transitus.
1704 3852 1971 3925 Magnam,

398 3937 597 4008 inquit,
634 3938 939 3997 felicitatem
969 3944 1111 3999 nacti
1155 3955 1316 4013 sunt;
1348 3963 1470 4016 quae
1506 3958 1686 4004 tamen
1715 3950 1779 4004 ad
1813 3950 1972 4005 tinem

400 4044 575 4099 usque
608 4048 715 4086 non
753 4035 1086 4102 perdurahit.
1127 4035 1261 4091 illud
1313 4037 1458 4092 enim
1513 4038 1566 4092 in
1615 4040 1723 4094 alio
1767 4041 1976 4111 psalmo

398 4122 586 4180 docuit
616 4124 699 4180 his
735 4125 912 4183 verbis
946 4147 960 4183 :
999 4126 1250 4197 Dejecisti
1274 4145 1359 4184 eos
1389 4129 1512 4185 dum
1544 4130 1926 4189 elevarentur'.

472 4297 558 4353 15.
600 4300 823 4356 Beatum
852 4304 1097 4360 dixerunt
1129 4306 1376 4376 populum
1403 4309 1488 4361 cui
1518 4310 1628 4362 ha’r
1655 4317 1813 4363 sunt:
1837 4309 1976 4364 Bea-

403 4394 486 4439 tus
517 4389 738 4457 populus
773 4393 922 4457 cuius
954 4392 1212 4449 Dominus
1255 4395 1388 4451 Deus
1433 4397 1567 4462 eius.
1609 4396 1678 4453 Et
1730 4398 1808 4453 illi
1857 4399 1978 4469 qui-

2066 3208 2165 3263 οὐκ
2216 3206 2371 3277 ἔσχον
2423 3206 2482 3260 ἐν
2532 3204 2723 3269 αὑταῖς
2765 3204 2857 3258 τὸν
2889 3203 3079 3274 Λόγον,
3112 3201 3246 3257 ἀλλὰ
3291 3202 3353 3257 τδ
3400 3202 3637 3276 πονηρὸν

2072 3298 2304 3368 πνεῦμα.

2142 3390 2218 3445 Τὰ
2241 3388 2467 3459 ταμιεῖα
2500 3389 2699 3444 αὐτῶν
2728 3387 2926 3457 πλήρη
2959 3386 3385 3455 ἐξερευγόμενα
3407 3384 3477 3439 ἐκ
3502 3386 3637 3440 τού-

2069 3499 2174 3535 του
2210 3484 2296 3547 εἰς
2334 3479 2944 3551 τοῦτο.Ἐθησαύρισαν
2985 3478 3096 3549 γὰρ
3126 3477 3186 3533 οὐ
3232 3476 3324 3533 τὸν
3368 3476 3640 3550 οὐράνιον,

2070 3573 2204 3628 ἀλλὰ
2234 3574 2324 3628 τὸν
2349 3575 2590 3643 ἐπίγειον
2619 3573 2866 3628 πλοῦτον.

2146 3665 2221 3720 Τὰ
2264 3665 2528 3730 πρόϐατα
2571 3665 2768 3719 αὐτῶν
2805 3664 3129 3728 πολυτόκα,
3161 3666 3546 3731 adnabat-orta
3571 3663 3642 3717 ἐν

2071 3757 2200 3823 ταῖς
2227 3755 2460 3822 ἐξόδοις
2490 3756 2710 3811 αὐτῶν.
2745 3757 2914 3811 Πίονα
2936 3756 2992 3810 δὲ
3019 3754 3198 3810 αὐτῶν
3237 3756 3331 3811 καὶ
3372 3756 3639 3825 πολύγονα

2071 3847 2142 3902 τὰ
2172 3849 2364 3920 κτήνη.
2387 3850 2508 3902 Οὐκ
2534 3848 2665 3903 ἐστι
2715 3848 3071 3919 κατάπτωμα
3093 3851 3364 3920 φραγμοῦ
3392 3850 3534 3907 οὐδὲ
3547 3850 3642 3906 -δι-

2073 3940 2299 4008 έξοδος.
2328 3940 2553 4013 Πολλὴν,
2586 3941 2766 4012 φησιν,
2786 3940 2942 4012 ἔσχον
2964 3942 3061 4014 τὴν
3094 3943 3411 4014 εὐημερίαν·
3443 3943 3557 3997 ἀλλ’
3579 3942 3638 3998 οὐ

2079 4034 2237 4106 μέχρι
2288 4034 2473 4098 τέλους
2519 4035 2701 4099 αὐτοῖς
2748 4036 3021 4106 στήσεται.
3054 4034 3225 4089 Τοῦτο
3255 4036 3365 4108 γὰρ
3410 4038 3469 4091 ἐν
3500 4036 3641 4108 ἄλλῳ

2074 4126 2273 4198 ψαλμῷ
2312 4127 2546 4193 ἐδίδαξεν
2579 4127 2776 4183 εἰπών’
2830 4127 3164 4196 Κατέὸαλες
3199 4130 3419 4196 αὐτοὺς
3456 4131 3527 4185 ἐν
3562 4128 3640 4196 τῷ

2075 4217 2427 4288 ἐπαρθῆναι.

2175 4311 2564 4380 Εμακάρισαν
2592 4312 2702 4366 τὸν
2739 4314 2895 4368 λαὸν
2937 4305 2985 4379 ᾧ
3016 4313 3200 4369 ταῦτά
3242 4313 3400 4368 ἐστι·
3448 4311 3640 4383 μακά-

2070 4420 2201 4471 ριος
2228 4406 2262 4458 ό
2290 4405 2442 4471 λαός
2464 4400 2537 4461 οὗ
2565 4406 2778 4472 Κύριος
2804 4408 2837 4460 ό
2863 4407 3008 4471 Θεὸς
3038 4407 3242 4461 αὑτοῦ.
3270 4409 3332 4461 Οἱ
3363 4406 3435 4477 μὴ
3466 4403 3639 4477 ὀρθῶς

401 4478 523 4533 dem
557 4495 665 4534 non
696 4492 840 4537 recte
871 4484 1309 4554 iudicantes.'sed
1337 4504 1459 4559 qua:
1480 4505 1699 4544 carnem
1730 4500 1967 4560 spectant

2081 4494 2371 4567 κρίνοντες,
2398 4496 2531 4550 ἀλλὰ
2557 4497 2651 4551 καὶ
2675 4497 2813 4551 αὐτὰ
2841 4497 3229 4566 φανταζόμενοι
3254 4496 3323 4552 τὰ
3350 4493 3640 4567 σαρκδς.τδ

401 4570 582 4640 magni
618 4570 898 4641 facientes,
930 4591 1053 4631 eum
1083 4579 1174 4647 qui
1204 4579 1319 4634 hrrc
1348 4581 1525 4649 ample
1548 4581 1824 4651 possideat
1846 4583 1974 4638 bea-

401 4665 520 4713 tum
551 4674 674 4715 esse
705 4663 1034 4720 existimant.
1063 4665 1260 4723 Verum
1289 4669 1341 4723 id
1375 4687 1717 4741 nequaquam
1746 4672 1976 4731 felicitas

2072 4585 2276 4641 τούτων
2306 4587 2365 4641 ἐν
2393 4588 2686 4642 ἀπολαύσει
2709 4588 2960 4655 γενέσθαι
2993 4589 3157 4660 πολλῇ
3196 4587 3459 4659 μακάριον
3501 4582 3639 4640 εἶναι

2076 4678 2404 4749 νομίζουσιν.
2429 4680 2541 4734 Οὐκ
2564 4680 2677 4734 ἐστι
2701 4680 2758 4734 δὲ
2775 4679 2932 4733 τοῦτο
2962 4680 3228 4752 μακάριον
3246 4698 3259 4711 ο
3281 4679 3414 4734 ἀλλὰ
3437 4678 3497 4734 τδ
3522 4679 3638 4733 ἐπι-

400 4761 503 4804 est.
535 4749 639 4845 Sed
670 4753 924 4811 invocare
950 4755 1239 4815 Dominum
1285 4759 1453 4817 Deum
1484 4778 1641 4818 suum
1691 4763 1863 4834 (illud
1894 4774 1967 4821 est

2081 4770 2356 4826 καλεῖσθαι
2380 4771 2582 4845 Κύριον
2610 4773 2702 4826 τὸν
2732 4771 2862 4826 Θεὸν
2894 4749 3080 4828 αὐτοῦ.

400 4856 530 4897 vere
555 4841 830 4919 felicitas).

733 4937 996 4996 Landatio
1022 4942 1125 5011 ipsi
1157 4943 1342 4999 David.
1374 4944 1605 5001 CXLIV

472 5028 522 5083 1.
566 5026 832 5086 Exaltabo
856 5042 922 5099 te,
954 5034 1091 5089 Deus
1114 5052 1257 5092 meus
1282 5076 1298 5099 .
1329 5053 1421 5091 rex
1441 5053 1603 5093 meus.
1643 5036 1761 5094 Non
1788 5040 1971 5095 altitu-

397 5119 580 5173 dinem
629 5121 732 5191 ipsi
780 5124 874 5178 dat
918 5127 1073 5193 quasi
1107 5143 1169 5181 ea
1202 5139 1422 5195 careat;
1458 5131 1550 5185 sed
1583 5132 1704 5187 aliis
1733 5132 1971 5188 declarat

395 5224 516 5263 eam
551 5212 727 5280 ipsum
762 5215 1024 5273 obtinere.
1057 5217 1229 5285 Quale
1259 5231 1341 5275 est
1374 5222 1504 5276 illud
1542 5240 1557 5278 :
1599 5220 1776 5290 Pater,
1809 5225 1972 5278 clari-

396 5296 500 5367 βω
530 5315 714 5357 nomen
742 5315 888 5358 tuum
916 5307 970 5358 in
1000 5310 1199 5364 terra’.
1232 5308 1345 5365 Non
1372 5322 1524 5382 mgat
1550 5313 1693 5366 enim
1729 5328 1847 5370 eam
1878 5330 1969 5369 ac-

397 5388 573 5454 cipere
607 5409 769 5461 quam
817 5412 923 5451 non
974 5397 1154 5463 habet,
1189 5402 1282 5456 sed
1316 5418 1434 5457 eam
1474 5419 1636 5473 quam
1663 5404 1824 5459 habet
1858 5421 1972 5460 ma-

398 5474 667 5541 nifestari.
708 5492 767 5539 ut
809 5486 1009 5543 indicat
1069 5490 1199 5545 illud
1238 5510 1251 5545 :
1285 5491 1538 5560 Clariﬁca
1591 5509 1671 5547 me
1721 5494 1969 5549 claritate

396 5579 555 5634 quam
587 5573 745 5629 habui
771 5580 914 5648 apud
950 5590 998 5635 te
1029 5593 1308 5654 antequam
1343 5585 1568 5639 mundus
1594 5586 1800 5654 ﬁeret’.

2471 4953 2714 5019 Αῖνεσις
2740 4948 2820 5018 τῷ
2848 4949 3045 5007 Δαυτδ.
3075 4953 3253 5006 PMA'.

2154 5045 2395 5114 Ὺψώσω
2434 5060 2526 5109 σε,
2562 5046 2598 5099 ὁ
2633 5047 2776 5111 Θεός
2798 5062 2937 5115 μου,
2970 5047 3005 5100 ὁ
3034 5044 3334 5110 ,ϐασιλεύς
3360 5061 3498 5112 μου.
3530 5042 3637 5113 Οὐχ

2081 5137 2157 5201 ὡς
2193 5137 2268 5209 μὴ
2302 5136 2475 5206 ἔχοντι
2500 5135 2558 5189 δὲ
2586 5136 2797 5190 δίδωσιν
2827 5134 2992 5205 ὕψος·
3032 5135 3167 5190 ἀλλὰ
3199 5137 3311 5199 τοῖς
3338 5134 3515 5199 ἄλλοις
3534 5134 3636 5187 δεῖ·

2075 5245 2261 5284 κνυσιν
2309 5228 2518 5299 ἔχοντα.
2547 5227 2785 5280 Ὀποϊονο
2833 5228 3044 5297 Πάτερ,
3096 5227 3363 5290 δόξασόν
3408 5239 3524 5280 σου
3570 5222 3636 5277 τὸ

2078 5320 2264 5389 ὄνομα
2298 5320 2369 5373 ἐν
2393 5318 2469 5387 τῇ
2502 5317 2597 5389 γῆ.
2627 5318 2702 5373 Οὐ
2733 5318 2843 5392 γὰρ
2867 5321 2932 5390 ἢν
2967 5319 3040 5390 μὴ
3078 5314 3220 5388 εἶχεν
3247 5319 3403 5379 αἰτεῖ,
3434 5316 3549 5371 ἀλλ’
3571 5314 3636 5383 ἥν

2077 5412 2172 5467 καὶ
2199 5407 2310 5483 εἶχε
2334 5410 2607 5482 δειχθῆναι
2625 5428 2639 5442 ο
2667 5412 2745 5475 ὡς
2766 5411 2917 5481 δηλοῖ
2942 5410 3003 5464 τό
3020 5428 3035 5442 ·
3066 5409 3339 5475 Δόξασόν
3356 5427 3433 5479 με
3458 5406 3533 5475 τῇ
3550 5405 3639 5459 δό-

2074 5503 2152 5570 ξῃ
2196 5496 2239 5574 ᾖ
2276 5499 2443 5573 εἶχον
2467 5504 2626 5574 παρὰ
2664 5503 2764 5558 σοι
2790 5502 2903 5573 πρὸ
2928 5501 3034 5557 τοῦ
3064 5502 3173 5556 τὸν
3200 5501 3431 5571 κόσμον
3464 5492 3638 5570 τενε-

2075 5596 2236 5649 σθαι.

466 5745 512 5777 "
541 5746 696 5807 Joan.
742 5771 795 5819 π,
851 5758 940 5816 35.
1015 5764 1060 5796 ”
1101 5762 1145 5817 li
1170 5764 1296 5821 Cor.
1333 5781 1407 5834 tr,
1444 5767 1526 5823 16.
1609 5769 1624 5801 ¹
1665 5768 1807 5825 Psal.
1845 5784 2019 5839 usu,
2048 5771 2132 5828 l8.
2209 5775 2229 5805 ³
2269 5773 2426 5831 Joan.
2466 5791 2563 5844 xtl,
2599 5773 2687 5830 28.
2764 5771 2953 5829 'Joan.
2995 5787 3120 5836 sm,
3148 5771 3197 5826 Β.
