3946 6222
335 316 444 374 555

1392 316 1753 373 EXPOSRTIO
1792 318 1859 373 lN
1898 319 2223 377 FSALMUM
2264 323 2488 380 CXLVI.

3461 328 3568 385 553

410 436 551 493 Καθ’
575 436 843 504 ἑκάστην
878 452 1107 506 ημεραν
1137 436 1451 505 εὐλογήσω
1473 453 1567 491 σε.
1584 438 1751 510 Ἀρχη
1779 457 1891 512 παρ

2079 444 2131 496 2.
2172 443 2276 498 Per
2320 446 2549 515 singulos
2597 447 2706 501 dies
2753 447 3048 501 benetlicom
3099 446 3213 503 tibi.
3254 447 3407 518 Apud
3460 448 3565 506 He-

350 528 622 599 Ἕϐραίοις
660 528 753 582 τοῦ
786 527 1049 600 παρόντος
1082 526 1263 597 στίχου
1306 526 1366 580 τὸ
1396 527 1539 597 Βήθ.
1574 530 1823 584 Διδάσκει
1854 531 1911 584 δὲ

338 617 414 681 ὡς
437 617 498 670 οὐ
524 617 653 687 μίαν
679 617 890 689 ἡμέραν
914 616 1343 687 παραπεμπτέον
1374 616 1556 688 ὓμνων
1578 619 1910 694 χωρίς.⁹’ολῃ

345 710 441 780 μὲν
468 705 560 764 οὖν
583 709 729 780 ψυχῇ
758 709 851 763 καὶ
884 706 1089 778 διανοίᾳ
1113 707 1280 776 ὑψοῦν
1309 707 1389 761 δεῖ
1433 710 1525 762 καὶ
1550 710 1789 778 εὐλογεῖν
1820 712 1908 767 τὸν

339 801 471 855 θεόν
488 817 503 830 ’
531 801 590 854 τὸ
618 802 789 871 δνομα
815 800 870 852 δὲ
896 800 1059 854 αὑτοῦ
1082 799 1320 864 δοξάζειν
1355 799 1566 871 θνητοῖς
1597 800 1821 872 ὀνόμασί
1847 820 1908 856 τε

339 893 433 946 καὶ
463 893 721 963 ῥήμασιν.

409 986 598 1039 Γενεὰ
643 984 742 1039 καὶ
790 984 963 1054 γενεὰ
1008 985 1305 1039 ἐπαινέσει
1334 984 1406 1039 τὰ
1445 985 1588 1055 ἔργα
1626 1000 1764 1039 σου.
1792 985 1902 1058 Τὴν

336 1078 659 1149 ἀμφοτέρων
687 1078 819 1149 φησι
845 1077 986 1131 λαῶν
1013 1076 1364 1147 συναχθεῖσαν
1402 1077 1726 1146 Ἐκκλησίαν
1754 1077 1816 1131 ἐκ
1840 1094 1899 1130 τε

335 1170 444 1224 τῶν
470 1171 535 1223 ὲκ
562 1169 859 1240 περιτομῆς
900 1170 992 1221 καὶ
1016 1167 1122 1220 τῶν
1151 1167 1208 1234 ἐξ
1235 1166 1608 1238 ὲθνῶν.Ἔργα
1633 1167 1687 1220 δὲ
1713 1168 1898 1234 αὑτοῦ,

332 1261 369 1314 ἃ
402 1261 691 1331 πεποίηται
742 1260 799 1313 ὲν
844 1262 909 1330 τῇ
960 1258 1220 1329 ἐπιδημίᾳ
1274 1257 1441 1327 φησί’
1467 1257 1817 1330 πολυτρόπως
1847 1258 1904 1312 δὲ

333 1352 474 1408 αὐτά
520 1354 711 1423 ὑμνεῖ·
745 1353 992 1422 δύναμιν,
1024 1352 1117 1406 καὶ
1149 1345 1635 1422 μεγαἎοπρέπειαν,
1681 1350 1773 1402 καὶ
1818 1350 1904 1403 δό-

333 1442 452 1509 ξαν,
494 1441 590 1496 καὶ
617 1441 944 1512 ἁγιωσύνην,
973 1440 1066 1495 καὶ
1109 1439 1410 1511 θαυμάσια*
1448 1440 1540 1493 καὶ
1563 1439 1720 1493 πάλιν
1746 1439 1904 1493 δύνα-

334 1553 428 1606 μιν
457 1537 552 1590 καὶ
581 1535 967 1607 μεγαλωσύνην
995 1535 1087 1587 καὶ
1114 1532 1475 1605 χρηστότητα,
1505 1532 1598 1585 καὶ
1629 1532 1899 1595 δικαιοσύ-

330 1645 428 1698 νην
455 1628 547 1682 mi.
573 1630 888 1701 οἰκτιρμοὺς
916 1626 1355 1699 προσαγορεύων.

2006 531 2178 589 ιπαιοε
2226 534 2435 589 initium
2485 536 2764 605 praesentis
2805 536 3056 591 versiculi
3104 535 3361 592 estBelh.
3398 536 3565 596 Docet

2004 627 2205 686 autem,
2240 622 2437 674 nullam
2484 639 2603 677 esse
2650 624 2789 678 diem
2836 626 3039 695 absque
3082 624 3296 697 hymnis
3341 636 3566 696 prater-

2004 713 2338 767 mittendam.
2369 712 2501 767 Tota
2535 715 2697 785 igitur
2726 717 2929 781 anima,
2966 726 3076 771 tota
3100 726 3297 785 mente,
3324 710 3568 776 exaltare
3598 742 3601 745 π

2003 800 2194 864 Deum,
2232 814 2284 858 ct
2336 805 2653 861 benedicere
2702 807 2777 861 illi
2826 817 3059 877 oportet,
3094 824 3400 880 nomenque
3446 814 3566 882 ejus

2007 892 2303 961 gloriﬁcare
2333 897 2653 950 mortalibus
2685 898 2996 953 nominibus
3024 912 3185 968 atque
3210 901 3410 956 verbis.

2074 984 2126 1037 4.
2171 984 2446 1040 Ceneratio
2473 996 2521 1039 et
2547 988 2812 1056 generatio
2848 988 3086 1042 laudabit
3121 1006 3277 1059 opera
3317 1001 3428 1057 tua,
3455 999 3559 1047 etc.

2005 1072 2297 1129 Ecclesiam
2327 1077 2403 1130 ait
2431 1092 2495 1132 ex
2528 1079 2790 1133 ambobus
2822 1080 3034 1149 populis
3066 1090 3463 1151 congregatam,
3496 1098 3559 1138 ex

2004 1164 2413 1222 circumcisione
2461 1170 2666 1224 scilicet
2708 1179 2761 1224 et
2805 1185 2868 1224 ex
2922 1172 3186 1240 gentibus.
3227 1171 3358 1242 Ejus
3386 1184 3563 1229 autem

2003 1270 2163 1327 opera
2199 1266 2381 1312 narrat
2412 1276 2531 1328 quae
2562 1261 2613 1315 in
2645 1261 2875 1317 adventu
2925 1277 3025 1317 suo
3072 1262 3197 1318 fecit
3232 1264 3566 1335 :multisque

2003 1349 2179 1403 modis
2224 1365 2285 1404 ea
2333 1351 2591 1416 celebrat,
2618 1355 2893 1417 virtutem,
2926 1356 3403 1425 magniﬁcentiam,
3449 1356 3564 1426 glo-

2002 1439 2160 1506 riam,
2196 1441 2556 1506 sanctitatem,
2585 1452 2639 1498 ct
2683 1446 2950 1500 mirabilia
3000 1446 3218 1512 dicens,
3249 1460 3312 1502 ac
3341 1463 3560 1503 rursum

2002 1529 2275 1596 virtutem,
2331 1534 2777 1605 magnitudinem,
2828 1538 3167 1606 suavitatem,
3214 1539 3477 1605 justitiam
3508 1549 3563 1595 et

2003 1621 2398 1677 miserationes.

1355 1720 1596 1789 (Desunt
1624 1717 1867 1789 quaedam
1902 1713 2028 1770 folia
2058 1714 2108 1766 iu
2143 1714 2247 1768 ﬁne
2278 1716 2328 1768 in
2361 1714 2420 1771 C.
2452 1714 2530 1786 '5.)

397 1814 509 1868 Kal
557 1812 674 1880 τὴν
723 1811 981 1883 δύναμιν
1028 1810 1148 1866 τῶν
1196 1811 1460 1881 φοϐερῶν
1507 1829 1623 1867 σου
1668 1812 1892 1882 ἐροῦσι.

2065 1808 2118 1863 6.
2160 1807 2227 1861 Ει
2276 1811 2521 1863 virtutem
2570 1810 2884 1864 terribilium
2936 1820 3143 1866 tuorum
3192 1813 3382 1868 dicent.
3422 1814 3557 1870 Cum

327 1905 655 1981 Πρακτικῶς
700 1905 882 1977 ἐροῦσι
915 1905 1008 1958 καὶ
1042 1904 1177 1975 μετὰ
1205 1904 1363 1976 ὀρθοῦ
1393 1905 1753 1977 φρονήματος.
1775 1899 1896 1957 Οἷόν

324 1998 444 2050 ἐστι
465 2015 478 2028 ·
512 1995 772 2065 Φοὸερόν
816 1994 884 2048 τὸ
922 1994 1207 2063 ἐμπεσεῖν
1240 1996 1327 2061 εὶς
1358 1994 1561 2064 χεῖρας
1586 1993 1732 2048 Θεοῦ
1764 1992 1900 2054 ζῶν-

325 2106 446 2155 τος.
494 2089 606 2142 Καὶ
642 2086 1100 2150 τὸ,Ὰλαλάξατε
1140 2084 1261 2152 Θεῷ
1299 2085 1369 2139 ἐν
1411 2085 1581 2155 φωνῇ
1612 2083 1896 2154 ἀγαλλιά-

320 2196 509 2246 σεως’
561 2178 650 2233 ὅτι
694 2176 912 2247 Κύριος
952 2177 1211 2246 ὕψιστος
1258 2177 1526 2246 φοϐερός.
1568 2175 1752 2230 Ταῦτα
1790 2175 1895 2247 γὰρ

321 2271 509 2345 ἐροῦσι
546 2271 612 2326 δι’
641 2270 807 2325 αὐτοῦ
836 2270 930 2324 τοῦ
958 2268 1237 2338 φοϐεῖσθαι
1265 2269 1357 2323 καὶ
1382 2268 1543 2333 σέϐας
1570 2268 1711 2339 ἔχειν
1740 2268 1891 2323 Θεοῦ.

320 2363 684 2434 Διηγήσονται
715 2360 773 2413 δὲ
799 2359 895 2414 καὶ
920 2358 996 2423 ὡς
1028 2358 1201 2430 πέρας
1231 2358 1331 2411 οὐκ
1362 2357 1587 2429 ἔχουσαν
1615 2358 1774 2412 αὐτοῦ
1798 2358 1896 2429 τὴν

325 2451 740 2522 μεγαλωσύνην,
772 2452 834 2504 οὐ
874 2449 1310 2522 περιγράψαντες
1330 2449 1547 2519 γνώσει,
1575 2448 1690 2504 ἀλλ’
1713 2449 1787 2514 ὡς
1813 2446 1895 2504 οὗ·

320 2561 421 2599 σαν
473 2542 857 2614 ἀκατάληπτον
879 2557 892 2573 ο
949 2541 1107 2611 μόνος
1138 2540 1247 2611 γὰρ
1293 2543 1322 2594 ὁ
1361 2541 1487 2606 Υἱὸς
1515 2541 1767 2610 γινώσκει
1803 2541 1894 2595 τὸν

320 2634 564 2706 Πατέρα,
598 2634 693 2688 καὶ
730 2636 758 2687 ὁ
800 2633 987 2705 Πατὴρ
1015 2633 1106 2686 τὸν
1137 2633 1282 2687 Υἱόν.
1318 2633 1381 2685 Εἰ
1404 2633 1461 2685 δὲ
1487 2632 1582 2686 καὶ
1616 2631 1893 2686 ἀποκαλύ-

320 2744 446 2781 πτει
484 2727 576 2781 τὸν
608 2724 827 2796 Πατέρα
872 2718 952 2788 οἷς
995 2723 1259 2795 βούλεται,
1290 2722 1403 2776 ἀλλ’
1432 2720 1525 2777 οὖν
1565 2723 1639 2788 ὡς
1677 2725 1892 2793 ἐφικτὸν

318 2821 567 2887 γενητοῖς
598 2817 746 2884 ἰδεῖν,
778 2814 917 2869 κατά
951 2814 1238 2883 ἀναλογίαν
1265 2809 1333 2887 ἦς
1357 2833 1438 2879 τις
1466 2815 1577 2886 ἔχει
1606 2833 1892 2888 προπαρα-

320 2911 546 2982 σκευῆς.

386 3001 651 3071 Μνήμην
691 3001 798 3055 τοῦ
846 2999 1118 3067 πλήθους
1166 2997 1275 3067 τῆς
1312 2999 1721 3067 χρηστότητός
1773 3013 1891 3055 σου

317 3092 750 3161 ἐξερεύξονται.
784 3091 925 3144 Πᾶσι
955 3091 1051 3162 μὲν
1081 3088 1261 3153 αὐτὸς,
1296 3088 1388 3141 an
1406 3089 1535 3152 Θεὸς
1567 3088 1641 3142 ὢν
1667 3090 1886 3158 ἀγαθὸς,

1998 1900 2153 1954 bonis
2193 1901 2446 1970 operibus
2481 1902 2551 1955 ita
2588 1902 2896 1970 loquentur,
2925 1912 2977 1957 et
3002 1919 3123 1957 cum
3165 1913 3311 1958 recta
3337 1918 3557 1959 senten-

1996 1991 2090 2045 tia.
2118 1990 2287 2057 Quale
2313 2002 2392 2046 cst
2428 1992 2559 2045 illud
2595 2010 2608 2046 :
2651 1991 2902 2045 Terribile
2926 2003 3001 2046 est
3027 1993 3255 2046 incidere
3288 1993 3342 2046 in
3374 2010 3558 2046 manus

1996 2081 2093 2135 Dei
2140 2083 2412 2149 viventis‘.
2448 2082 2512 2136 Et
2546 2083 2675 2137 illud
2706 2082 2977 2139 :Jubilate
3008 2083 3110 2137 Deo
3142 2088 3193 2136 in
3222 2100 3340 2138 voce
3378 2084 3557 2138 exsul-

1997 2174 2211 2227 tationis
2238 2190 2256 2228 :
2282 2175 2525 2244 quoniam
2556 2172 2809 2229 Dominus
2833 2175 3068 2229 excelsus
3099 2174 3347 2229 terribilis
3360 2175 3402 2232 ⁸.
3433 2173 3560 2231 Hmc

1993 2265 2135 2320 enim
2171 2265 2351 2319 dicent
2380 2267 2522 2335 quod
2557 2267 2779 2321 timeant
2805 2277 2857 2321 et
2885 2267 3151 2321 honorent
3198 2267 3384 2322 Deum.
3419 2265 3558 2323 Nor-

1993 2357 2191 2412 rabunt
2237 2349 2417 2411 autem
2449 2357 2567 2427 ejus
2597 2359 3047 2429 magnitudinem,
3083 2367 3265 2429 utpote.
3302 2374 3422 2429 quae
3451 2368 3549 2414 ter-

1992 2449 2198 2502 m'num
2229 2463 2335 2502 non
2367 2449 2582 2513 habeat,
2618 2465 2724 2502 non
2756 2450 3256 2504 circumscribentes
3298 2465 3418 2503 eam
3460 2463 3551 2503 co-

1992 2540 2230 2608 gnitione
2259 2554 2379 2603 sua,
2418 2540 2511 2594 sed
2563 2547 2621 2593 ut
2652 2539 3250 2609 incomprehensibilem
3285 2538 3421 2611 (52).
3456 2537 3558 2592 So-

1992 2633 2077 2688 lus
2126 2647 2363 2701 namque
2407 2630 2578 2686 Filius
2627 2631 2904 2701 cognoscit
2936 2629 3165 2697 Patrem,
3195 2640 3247 2685 et
3277 2628 3437 2685 Pater
3466 2629 3556 2682 Fi-
3648 2663 3657 2673 .

1991 2722 2143 2775 lium.
2175 2719 2399 2775 Etiamsi
2433 2737 2559 2775 vero
2594 2720 2804 2775 Patrem
2837 2718 3143 2775 manifestet
3171 2720 3368 2790 quibus
3397 2721 3511 2774 vult
3535 2758 3557 2787 ,

1992 2820 2047 2867 at
2072 2821 2132 2868 ut
2158 2813 2387 2882 opiﬁciis
2410 2813 2671 2884 possibile
2708 2821 2790 2866 est
2819 2813 2996 2882 ipsum
3027 2811 3228 2878 videre,
3258 2811 3441 2865 habita
3467 2825 3558 2864 Ia—

1990 2905 2138 2960 tione
2171 2906 2581 2975 pra-parationis
2609 2905 2873 2975 cujusque
2896 2904 3156 2960 hominis.

2063 2995 2113 3051 7.
2159 2996 2468 3052 Memoriam
2513 2997 2854 3051 abundantiw
2896 2997 3172 3050 suavitatis
3205 3005 3308 3051 tua:
3348 3005 3557 3050 eruetur

1993 3088 2138 3142 bunt.
2173 3086 2434 3143 Omnibus
2477 3088 2590 3158 ipse
2640 3088 2976 3151 hominibus,
3030 3098 3216 3157 utpote
3268 3088 3360 3158 qui
3413 3087 3554 3144 Deus

319 3184 611 3238 ἐπιδέδωκε
656 3183 754 3254 τὴν
801 3161 1161 3254 χρηστότητα,
1190 3179 1283 3233 καὶ
1329 3181 1584 3251 οἰκτείρει
1613 3180 1789 3234 πάντα
1822 3180 1890 3234 τὰ

2011 3193 2167 3233 )onus
2196 3179 2285 3242 sit,
2315 3180 2631 3234 suavitatem
2683 3194 2838 3233 suam
2883 3178 3202 3247 impertivit,
3239 3186 3291 3233 et
3320 3179 3553 3235 miseru-

320 3276 457 3346 ἔργα
496 3273 683 3329 αὐτοῦ.
710 3272 977 3338 Σώξονται
1016 3273 1073 3326 δὲ
1109 3272 1158 3325 οἶ
1189 3271 1290 3342 τῆς
1337 3271 1701 3342 χρηστότητος
1731 3270 1891 3325 αὑτοῦ

320 3362 613 3417 ἀὲοολαῦειν
640 3361 932 3417 ἐθέλουσιν.

841 3452 1152 3508 ΨΑΛΜΟΣ
1188 3455 1375 3506 ΡΜΕ’.

391 3545 577 3611 Ατνει,
616 3544 657 3613 ἠ
702 3542 872 3612 ψυχή
912 3560 1051 3612 μου,
1094 3541 1201 3595 τόν
1232 3540 1477 3610 Κύριον·
1517 3541 1738 3596 αἰνέσω
1786 3541 1893 3596 τὸν

322 3634 546 3705 Κύριον
577 3636 648 3690 ἐν
672 3633 747 3703 τῇ
776 3632 889 3703 ζωῇ
908 3652 1050 3703 μου.

406 3729 497 3781 Ἐν
515 3727 718 3795 ἐκείνῃ
747 3724 822 3794 τῇ
848 3724 1034 3794 ἡμέρᾳ
1059 3723 1429 3778 ἀπολοῦνται
1451 3720 1671 3789 πάντες
1692 3726 1746 3777 οι
1771 3723 1892 3777 διαρ

321 3819 598 3889 λογισμοὶ
628 3816 940 3875 αὐτοῦ.Ἐν
984 3816 1063 3887 τῷ
1105 3815 1281 3888 καιρῷ
1317 3815 1411 3869 τοῦ
1457 3815 1709 3880 θανάτου,
1736 3817 1888 3889 φησὶ,

321 3912 497 3964 πάντα
529 3910 631 3963 ὅσα
662 3908 958 3981 ἐφρόνησεν
991 3908 1302 3978 ἡχήσονται,
1338 3906 1431 3960 καὶ
1462 3906 1612 3959 οὐδὲν
1641 3906 1790 3962 ἔσται
1816 3900 1891 3962 ὧν

321 4002 648 4070 ἐφαντάζετο
679 4001 771 4053 ἐπὶ
801 3999 922 4070 γῆς.

394 4091 642 4145 Διὸόντα
675 4088 906 4158 τροφὴν
932 4087 1057 4153 τοῖς
1082 4084 1349 4141 πεινῶσι.
1383 4088 1763 4160 Πνευματικὴν
1792 4088 1889 4159 δη-

323 4185 492 4241 λονότι
518 4189 631 4250 τοῖς
663 4183 955 4256 λιμώξουσι
990 4183 1189 4248 παντὸς
1222 4182 1447 4252 ἀγαθοῦ.

838 4276 1146 4329 nam}:
1178 4277 1374 4341 PMq'.

390 4367 619 4423 Αἰνεῖτε
668 4369 774 4422 τὸν
825 4367 1062 4437 Κύριον,
1112 4367 1199 4420 ὅτι
1244 4367 1464 4437 ἀγαθὸν
1508 4368 1767 4436 bonum
1801 4369 1891 4421 Ἐν

1995 3280 2082 3325 tur
2108 3271 2286 3326 omnia
2314 3286 2476 3341 opera
2516 3287 2635 3325 sua.
2666 3270 2904 3325 Salutem
2937 3281 3116 3325 autem
3146 3282 3556 3341 consequuntur

1992 3365 2084 3434 qui
2107 3365 2373 3420 suavitate
2405 3366 2522 3435 ejus
2549 3364 2655 3418 frui
2681 3365 2889 3418 volunt.

2469 3456 2807 3512 PSALMUS
2848 3456 3065 3513 CXLV.

2063 3549 2112 3603 i.
2155 3548 2362 3615 Lauda,
2393 3550 2574 3603 anima
2601 3566 2738 3614 mea,
2770 3547 3088 3612 Dominum;
3113 3547 3342 3604 laudabo
3377 3548 3555 3605 Domi-

1992 3655 2115 3693 num
2139 3642 2193 3693 in
2213 3641 2319 3694 vita
2346 3656 2479 3693 mea.

2060 3730 2114 3785 4.
2156 3728 2221 3783 In
2254 3729 2350 3783 illa
2394 3730 2478 3783 die
2501 3727 2741 3798 peribunt
2774 3745 2949 3782 omnes
2989 3730 3327 3797 cogitationes
3350 3744 3548 3795 eorum.

1994 3821 2047 3874 In
2077 3820 2211 3875 hora
2240 3823 2451 3885 mortis,
2481 3820 2677 3889 inquit,
2711 3821 2893 3873 omnia
2929 3821 3156 3889 cogitata
3182 3820 3301 3889 ejus
3332 3820 3551 3890 publica

1992 3914 2138 3972 ﬁent.
2173 3927 2272 3967 nec
2319 3912 2590 3965 occultum
2640 3911 2745 3966 erit
2790 3911 3067 3982 quidpiam
3122 3926 3311 3966 eorum
3345 3927 3466 3981 qua:
3492 3910 3547 3962 in

1992 4014 2131 4059 terra
2160 4002 2435 4074 cogitavit.

2059 4094 2113 4147 7.
2155 4092 2261 4147 Dat
2317 4108 2489 4147 escam
2530 4090 2894 4146 esurientibus.
2936 4089 3280 4162 Spiritualem
3318 4088 3543 4154 scilicet.

1990 4184 2058 4240 iis
2085 4185 2177 4254 qui
2211 4198 2372 4239 omne
2396 4184 2595 4238 bonum
2627 4191 2902 4252 expetent.

2459 4274 2587 4329 PSA
2601 4272 2795 4329 LMUS
2833 4272 2971 4329 CXL
2985 4271 3082 4330 VI.

2061 4369 2111 4423 i.
2153 4367 2390 4422 Laudato
2420 4367 2703 4422 Dominum
2736 4368 2983 4438 quoniam
3006 4369 3166 4421 bonus
3191 4376 3267 4420 est
3290 4365 3546 4435 psalmus.

326 4459 422 4528 μὲν
464 4456 543 4528 τῷ
572 4458 892 4529 προλαϐόντι
938 4458 1099 4521 αὐτὸς
1127 4457 1315 4511 ἑαυτὸν
1346 4457 1573 4530 παρῄνει
1609 4459 1688 4521 εἰς
1732 4458 1889 4528 μόνον

2016 4475 2049 4514 n
2078 4458 2399 4529 praecedenti
2443 4459 2651 4527 psalmo
2680 4472 2799 4512 sese
2827 4457 3143 4511 hortabatur
3169 4455 3222 4509 in
3252 4455 3414 4509 Deum
3457 4469 3549 4509 εον

318 4547 410 4601 τὸν
434 4547 566 4601 Θεὸν
594 4548 735 4619 ἔχειν
762 4549 859 4621 τὴν
890 4547 1105 4603 ἐλπίδαο
1138 4550 1195 4602 ὲν
1222 4547 1279 4601 δὲ
1298 4547 1470 4621 τούτῳ
1494 4548 1583 4601 τὸν
1606 4549 1890 4601 ἀποστολι-

321 4639 414 4692 κδν
446 4638 606 4709 χορὸν
643 4620 882 4693 δείκνυσι
915 4638 1231 4692 διδάσκοντα
1258 4637 1320 4690 τὸ
1350 4620 1552 4708 πλῆθος
1589 4640 1757 4692 αἰνεῖν
1798 4639 1888 4693 τὸν

321 4725 471 4792 Θεὸν,
499 4727 584 4796 ἐφ’
613 4722 693 4791 οἷς
720 4727 781 4782 τὸ
804 4726 960 4796 γένος
991 4727 1373 4799 εὐηργέτησεν.

403 4818 854 4887 Ἁναλαμϐάνων
875 4820 1082 4888 πραεῖς
1102 4822 1135 4872 ό
1163 4817 1399 4888 Κύριος.
1421 4819 1620 4889 Πραεῖς
1643 4819 1741 4889 μὲν
1760 4836 1886 4884 τους

320 4909 416 4981 τὴν
444 4911 627 4966 πίστιν
658 4911 822 4965 αὐτοῦ
846 4911 1170 4983 δεξαμένους
1200 4912 1351 4982 φησὶ,
1396 4913 1522 4974 τοὺς
1569 4913 1887 4983 μιμησαμέ-

322 5017 443 5065 νους
485 5001 580 5055 τὸν
624 5002 867 5057 εἰπόντα*
916 5000 1112 5070 Πρᾷός
1146 5003 1261 5072 εἰμι
1305 5001 1437 5071 ἐγώ.
1474 5000 1613 5070 Ἐγὼ
1658 5001 1714 5055 δὲ
1760 5003 1885 5067 τοὺς

323 5093 674 5167 ἁμαρτωλοὺς
703 5093 865 5164 μισῶ,
897 5095 1079 5164 φησὶν,
1108 5093 1301 5156 οἵτινές
1326 5095 1462 5146 εἰσιν
1500 5095 1550 5145 οἱ
1585 5093 1884 5165 ἀκάθαρτοι

322 5183 588 5255 δαίμονες,
615 5186 664 5237 οἱ
690 5183 768 5256 τῷ
801 5186 934 5256 πυρὶ
957 5183 1310 5248 ἐνοικοῦντες.

390 5273 505 5328 Καὶ
530 5276 726 5345 χλόην
754 5274 828 5344 τῇ
859 5275 1105 5343 δουλείᾳ
1129 5273 1248 5328 τῶν
1267 5273 1606 5343 ἀνθρώπων.
1634 5274 1886 5329 Δουλειαν

321 5364 427 5419 τῶν
454 5365 756 5438 ἀνθρώπων
776 5367 910 5438 φησὶ
930 5367 1075 5437 βοῦς,
1098 5367 1190 5421 καί
1222 5366 1475 5437 ἡμιόνους
1501 5365 1595 5418 καὶ
1625 5364 1693 5417 τὰ
1724 5365 1884 5436 ἕτερα

320 5456 426 5511 τῶν
457 5457 689 5531 κτηνῶν.

391 5618 413 5648 ⁸
450 5616 613 5672 Hebr.
645 5631 702 5680 ι,
729 5615 821 5671 3|.
899 5615 920 5646 ⁸
958 5612 1099 5670 Psal.
1132 5625 1277 5679 sui,
1305 5611 1361 5665 2.
1438 5612 1458 5644 ⁸
1498 5609 1686 5666 Matth.
1718 5625 1792 5679 xi,
1820 5609 1910 5666 29.

390 5726 500 5799 (52)
538 5726 676 5784 Nota
706 5725 1056 5783 Athanasiani
1086 5724 1228 5795 styli.

1997 4551 2105 4605 lum
2136 4565 2284 4619 spem
2314 4564 2511 4618 ponere
2537 4566 2551 4613 ;
2596 4550 2650 4602 in
2678 4548 2781 4602 hoc
2805 4556 2985 4602 autem
3029 4548 3383 4617 apostolicum
3417 4546 3551 4601 cho-

1994 4658 2114 4697 rum
2140 4641 2359 4697 exhibet
2380 4641 2657 4696 docentem
2685 4639 3105 4703 multitudinem,
3136 4638 3355 4693 laudare
3378 4636 3549 4692 Deum

1992 4734 2058 4790 de
2092 4734 2368 4788 beneﬁciis
2394 4732 2573 4803 generi
2603 4732 2882 4786 hominum
2911 4731 3144 4787 collatis.

2061 4822 2113 4877 6.
2155 4820 2453 4892 Suscipiem
2496 4830 2792 4876 mansuetos
2814 4818 3094 4875 Dominus.
3121 4819 3426 4874 Mausuetos
3450 4830 3550 4871 vo-

1992 4923 2079 4970 cat
2097 4928 2193 4970 eos
2216 4914 2308 4980 qui
2342 4914 2499 4968 ﬁdem
2531 4912 2651 4982 ejus
2676 4920 3053 4982 susceperunt,
3088 4910 3281 4965 imitati
3306 4925 3429 4964 eum
3452 4909 3547 4977 qui

1991 5006 2168 5061 dixit:
2193 5004 2340 5059 Mitis
2383 5021 2475 5076 ego
2506 5020 2623 5058 sum
2642 5004 2684 5057 ⁵.
2716 5002 2826 5074 Ego
2862 5010 3042 5058 autem
3072 5009 3382 5073 peccatores
3418 4998 3549 5053 odio

1988 5099 2184 5164 habeo,
2217 5097 2410 5168 inquit,
2439 5097 2532 5168 qui
2578 5106 2705 5152 sunt
2752 5095 2953 5167 impuri
2999 5095 3274 5150 damones
3317 5084 3549 5160 in‘igne

1987 5187 2311 5244 habitantes.

2056 5276 2110 5333 8.
2150 5276 2221 5331 Et
2250 5275 2463 5332 herbam
2485 5277 2726 5333 servituti
2765 5276 3051 5332 hominum.
3094 5273 3413 5330 Servitutem
3444 5274 3544 5328 δον

1986 5368 2194 5425 minum
2228 5378 2387 5427 vocat
2414 5370 2601 5438 boves,
2625 5370 2802 5427 mulos
2827 5379 2881 5426 et
2905 5368 3111 5440 reliqua
3134 5366 3399 5437 iumenta.
