3946 6222
444 320 552 380 847
692 376 695 383 ε
1318 323 1376 380 S.
1415 323 1787 380 ATHANASII
1816 322 1967 380 ΟΡΡ.
2007 323 2186 380 PARS
2215 324 2301 380 Ill.
2338 355 2406 366 ——
2445 325 2854 384 EXEGETICA.

1189 662 1273 723 IN
1331 664 1826 726 FRAGMENTA
1871 663 2468 737 SUBSEQUENTIA
2525 662 2927 724 MONITUM.

449 986 580 1051 Quae
610 984 992 1054 subsequuntur
1027 983 1326 1054 fragmenta
1362 982 1878 1039 Commentariorum
1912 984 2193 1039 Athanasii
2220 986 2273 1038 in
2307 985 2539 1054 psalmos
2569 985 2716 1055 prior
2741 983 2907 1038 edidit
2933 982 3122 1040 Petrus
3158 983 3541 1041 Feltkntannus
3579 984 3677 1041 sub

759 1083 918 1151 ﬁnem
944 1080 1241 1152 appendicis
1274 1081 1344 1134 ad
1370 1079 1650 1137 editionem
1671 1081 2163 1146 Commelinianam,
2194 1081 2291 1135 hac
2316 1082 2594 1151 prtemissa
2625 1080 2693 1134 ad
2722 1081 2963 1136 lectorem
2987 1082 3360 1136 admonitione.

1607 1190 1815 1229 PETRUS
1852 1189 2230 1230 FELCKIAM‘US
2265 1189 2514 1229 LECTORI.

522 1296 541 1329 ι
569 1274 700 1330 Cum
724 1275 1055 1344 pra'ntissam
1085 1271 1419 1342 appendicem
1448 1272 1709 1343 hucusque
1731 1272 1847 1342 jam
1875 1270 2255 1340 pet-duxissem,
2278 1272 2439 1325 incidi
2469 1272 2523 1325 in
2550 1287 2704 1339 opera
2727 1270 2958 1340 Luciferi
2991 1272 3216 1340 episcopi
3238 1270 3562 1333 Calaritani,
3584 1288 3675 1325 cu-

440 1366 529 1436 jus
562 1366 743 1421 crebra
770 1376 819 1420 et
859 1363 1079 1419 laudata
1112 1366 1164 1418 in
1198 1365 1492 1419 Athanasio
1516 1374 1694 1419 nostro
1726 1369 1940 1427 mentio,
1965 1364 2080 1432 jam
2103 1366 2226 1419 olim
2254 1364 2474 1419 Lutetiae
2503 1383 2535 1417 a
2563 1346 2767 1419 Joanne
2801 1364 2937 1419 Tilio
2961 1365 3199 1433 episcopo
3231 1363 3489 1418 Meldensi
3511 1363 3674 1418 edita.

448 1461 577 1526 Qua:
604 1442 724 1513 cum
753 1461 1119 1529 pervolverem,
1154 1458 1315 1512 incidi
1348 1459 1401 1511 in
1446 1467 1547 1512 tres
1585 1457 1862 1511 Athanasii
1891 1457 2162 1526 epistolas,
2198 1457 2331 1510 duas
2374 1457 2443 1510 ad
2484 1455 2808 1525 Luciferum,
2834 1465 2883 1510 et
2932 1457 3141 1511 tertiam
3175 1455 3243 1508 ad
3273 1456 3533 1509 solitariae
3559 1456 3678 1508 vita:

444 1551 728 1614 studiosos,
756 1566 980 1620 quarum
1008 1565 1069 1602 ne
1097 1548 1243 1617 fama
1270 1548 1476 1617 quidem
1505 1556 1626 1602 ante
1654 1548 1721 1601 ad
1752 1563 1844 1600 nos
1869 1556 2187 1614 pervenerat.
2223 1544 2369 1610 Quas
2398 1561 2515 1599 cum
2543 1560 2609 1599 ea:
2637 1562 2810 1599 rerum
2838 1561 2955 1600 cum
2982 1548 3104 1601 aliis
3135 1547 3418 1601 Athanasii
3444 1546 3678 1615 epistolis

444 1648 790 1703 similitudine
812 1656 863 1700 et
891 1647 1200 1701 tractatione
1229 1649 1480 1717 genuinas
1509 1661 1620 1700 esse
1648 1645 1960 1708 existimem,
1988 1644 2072 1698 hic
2104 1643 2489 1713 subjungendas
2517 1660 2629 1699 esse
2657 1645 2856 1713 putavi.
2881 1642 2950 1698 Et
2976 1640 3104 1709 quia
3129 1638 3306 1693 eodem
3325 1654 3525 1707 quoque
3546 1647 3676 1691 tent-

443 1760 566 1812 pore
602 1743 894 1813 fragmenta
918 1740 1159 1812 qua'dam
1183 1738 1691 1796 Commentariorum
1722 1736 1893 1791 sancti
1925 1735 2077 1805 hujus
2107 1737 2275 1789 nostri
2300 1736 2353 1788 in
2379 1735 2609 1805 psalmos
2641 1736 2696 1788 in
2722 1732 2999 1804 συλλογῇ
3030 1731 3230 1786 Νἰοειω
3265 1730 3594 1785 Heracleam
3625 1730 3679 1785 in

451 1832 700 1888 Biblioth.
731 1831 983 1886 Palatina
1014 1831 1200 1900 reperi,
1231 1829 1413 1885 eadem
1433 1829 1700 1891 similiter,
1730 1830 1890 1883 donec
1915 1829 2115 1896 integra
2138 1827 2350 1880 aliunde
2378 1828 2654 1896 prodeant,
2675 1827 2844 1896 adjeci
2875 1826 3220 1880 tumultuario
3242 1839 3392 1893 opere
3416 1824 3678 1892 festinan-

448 1923 581 1976 tibus
603 1923 762 1993 prelis
795 1940 828 1976 a
852 1938 931 1976 me
962 1939 1128 1976 versa.
1167 1920 1481 1991 Quanquam
1517 1920 1741 1990 fortasse
1770 1937 1869 1973 non
1906 1921 2082 1972 omnia
2107 1936 2221 1988 qua:
2254 1917 2472 1972 Nicetas
2515 1933 2582 1972 ea:
2621 1919 2728 1974 illis
2778 1917 3056 1990 decerpsit,
3088 1920 3299 1973 damus.
3345 1917 3489 1972 Nam
3520 1917 3681 1971 codex

442 2030 545 2083 quo
574 2016 657 2068 usi
684 2031 865 2068 sumus
902 2015 956 2067 in
992 2012 1184 2084 psalm.
1219 2028 1379 2066 LXXVI
1405 2011 1697 2081 deficiebat.
1727 2010 1792 2064 Et
1824 2011 2102 2064 verisimile
2138 2026 2236 2064 non
2261 2019 2338 2065 est
2369 2008 2615 2065 Nicetam
2638 2010 2694 2064 in
2732 2012 2933 2081 reliqua
2982 2009 3309 2080 psalmorum
3338 2018 3487 2079 parte
3515 2007 3681 2062 Atha—

442 2112 584 2166 nasii
604 2111 999 2180 explicationes,
1032 2126 1161 2182 quas
1195 2120 1410 2165 eatenus
1442 2118 1551 2164 tam
1575 2110 1868 2178 frequenter
1890 2109 2039 2171 citat,
2064 2108 2322 2162 omisisse.

515 2222 537 2258 ι
566 2203 795 2275 Denique
836 2204 1033 2259 brevem
1060 2202 1342 2257 Athanasii
1375 2201 1761 2261 sententiolam,
1789 2211 1838 2255 et
1880 2201 2115 2255 locorum
2160 2200 2513 2271 quorumdam
2544 2201 2718 2254 varias
2755 2199 3000 2254 lectiones
3031 2200 3102 2252 ad
3131 2199 3288 2269 ﬁnem
3325 2196 3556 2262 subdidi,
3592 2195 3681 2251 de-

441 2308 709 2369 promptas
737 2313 801 2353 ea:
822 2298 1168 2352 vetustissimo
1191 2298 1366 2352 codice
1386 2296 1637 2351 Biblioth.
1663 2295 1950 2359 Palatinae,
1985 2296 2075 2366 qui
2117 2295 2409 2350 continebat
2442 2296 2666 2351 similem
2690 2305 2925 2350 catenam
2948 2296 3335 2366 expositionum
3364 2294 3416 2347 in
3463 2292 3677 2353 Jobum,

443 2389 508 2446 ab
535 2392 733 2444 incerto
769 2398 983 2444 auctore
1012 2389 1399 2442 concinnatam.
1426 2385 1503 2440 Tu
1528 2402 1667 2452 vero,
1693 2385 1927 2439 benevole
1950 2385 2132 2451 lector,
2163 2387 2460 2439 auctarium
2484 2386 2637 2439 hocce
2661 2383 2896 2439 benevole
2922 2393 3211 2454 acceptare,
3235 2384 3530 2454 nostrisque
3566 2392 3680 2435 stu-

439 2486 548 2540 diis
576 2487 753 2555 favere
784 2485 909 2540 velis
937 2501 1049 2539 oro.
1080 2504 1100 2536 ι
1135 2482 1265 2537 Haec
1297 2481 1708 2536 Felckmannus.

513 2582 781 2653 Epistolas
828 2597 985 2652 porro
1028 2590 1348 2635 memoratas
1385 2597 1417 2633 a
1450 2577 1804 2633 Felckmanno
1856 2576 1925 2632 ad
1971 2574 2276 2646 Luciferum
2319 2585 2368 2630 et
2413 2577 2482 2631 ad
2522 2577 2824 2643 monachos,
2855 2576 3112 2631 edidimus
3137 2590 3317 2643 supra.
3354 2573 3483 2628 Hazc
3506 2585 3679 2627 autem

442 2676 739 2747 fragmenta
770 2674 907 2745 quod
929 2682 1147 2743 spectat,
1172 2670 1549 2753 consimillima
1581 2670 1675 2724 illa
1706 2679 1848 2735 sunt,
1876 2669 2204 2739 paucissimis
2250 2671 2499 2739 exceptis,
2543 2668 2954 2739 expositionibus
2998 2669 3281 2722 Athanasii
3310 2683 3472 2735 supra
3497 2666 3674 2721 editis.

443 2767 596 2835 Quod
624 2769 670 2821 si
694 2766 1003 2837 quandoque
1032 2762 1286 2818 nonnulla
1306 2769 1583 2816 occurrant
1606 2776 1722 2830 qua:
1749 2760 1803 2813 in
1834 2757 2263 2827 Empositionibus
2291 2775 2393 2812 non
2417 2769 2771 2829 compareant,
2798 2776 2900 2814 non
2932 2761 3047 2814 ideo
3068 2758 3414 2830 repudianda,
3441 2758 3677 2813 etAtha-

440 2859 592 2912 nasia
620 2856 1015 2930 abjudicanda;
1047 2872 1191 2921 nam,
1220 2862 1358 2926 quod
1381 2856 1679 2910 observasse
1695 2853 1928 2924 juvabit,
1955 2852 2023 2907 ad
2043 2869 2131 2908 eos
2161 2853 2485 2923 psalmorum
2510 2873 2687 2911 versus
2710 2860 2990 2927 pertinent,
3018 2872 3240 2928 quorum
3265 2856 3552 2926 explicatio
3575 2871 3678 2909 non

438 2961 615 3007 exstat
641 2953 695 3006 in
720 2949 1168 3022 Ecpositionibus,
1196 2961 1372 3021 utpote
1395 2967 1499 3005 non
1542 2950 1759 3020 integris
1779 2965 1840 3002 ac
1874 2963 2103 3019 persaepe
2129 2948 2508 3018 deﬁcientibus.
2545 2951 2803 3006 Cteterum
2834 2953 2943 3007 haec
2976 2964 3219 3023 excerpta
3242 2969 3344 3007 non
3367 2953 3435 3006 ad
3468 2951 3677 3004 verbum

442 3044 602 3115 refert
623 3043 676 3099 Ν
679 3046 858 3108 icetas,
889 3043 981 3099 sed
999 3044 1296 3114 plerumque
1320 3043 1496 3114 quoad
1522 3041 1833 3096 sententiant
1860 3049 2066 3094 tantum
2090 3058 2183 3095 nec
2210 3058 2332 3096 raro
2359 3044 2609 3113 permista
2628 3060 2746 3097 cum
2768 3044 2992 3098 aliorum
3022 3044 3242 3099 Patrum
3262 3044 3674 3109 commentariis,

440 3156 660 3212 qtorum
688 3143 797 3213 ipse
824 3144 1035 3198 nomina
1068 3142 1243 3211 affert.
1268 3139 1475 3194 Etenim
1500 3138 1710 3209 quando
1740 3137 1920 3192 eadem
1943 3139 2175 3205 omnino,
2199 3155 2290 3193 nec
2310 3140 2589 3193 immutata
2628 3156 2720 3193 nec
2758 3141 2997 3194 auctiora
3026 3149 3145 3193 sunt
3174 3155 3332 3210 quam
3367 3138 3424 3192 in
3447 3136 3675 3207 Exposi-

443 3232 688 3301 tinnilms,
727 3251 789 3289 ea
811 3234 1101 3301 omisimus,
1126 3251 1189 3288 ne
1215 3233 1293 3288 bis
1323 3232 1462 3287 idem
1485 3230 1749 3284 inutiliter
1770 3239 2055 3299 repetatur.

506 3481 533 3503 ’
631 3555 1346 3649 FRAGMENTA
1421 3551 2575 3650 COMMENTARIOBUM
2659 3559 2772 3647 D.
2837 3550 3487 3649 ATHANASII

1796 3753 1880 3816 IN
1929 3753 2318 3817 PSALMOS.

541 4066 618 4127 Ex
646 4067 850 4126 Nicetas
872 4069 1229 4140 metropolita:
1257 4067 1531 4125 Heracleae
1558 4078 1750 4125 catena
1774 4070 1997 4140 expositi

2094 4087 2206 4138 um,
2237 4070 2351 4127 sive
2381 4079 2440 4124 ut
2494 4070 2610 4140 ipse
2648 4077 2824 4136 vocat,
2868 4071 3162 4144 Συναγωγῇ
3216 4071 3552 4143 ἐξηγήσεων.
3598 4083 3663 4123 ex

1489 4159 1692 4216 Graecis
1735 4159 1988 4216 Patuihus
2016 4160 2070 4214 in
2099 4158 2345 4215 Psalmos
2374 4160 2599 4216 collecta

543 4251 759 4307 Nicetas
782 4253 866 4307 hic
888 4254 943 4306 in
967 4256 1215 4324 procemio
1241 4256 1451 4310 tertiam
1472 4272 1536 4310 ea:
1555 4258 1797 4326 quinque,
1816 4273 1947 4326 quas
1971 4256 2074 4310 sibi
2103 4257 2496 4323 prtemittendas
2518 4273 2627 4311 esse
2655 4259 2964 4329 qumstiones
2987 4261 3208 4329 censuit,
3234 4261 3389 4328 hanc,
3415 4261 3473 4314 τί
3496 4259 3562 4313 τὸ

1015 4347 1372 4416 Ψαλτήριον,
1407 4348 1694 4418 explicans,
1723 4348 1906 4401 addito
1937 4348 2143 4401 nomine
2177 4347 2552 4415 'Aﬂartwlov,
2582 4351 2847 4420 sequentia
2872 4352 3104 4422 subjicit.

510 4436 607 4495 Est
673 4440 837 4510 igitur
882 4440 1196 4509 psalterium
1254 4443 1673 4497 instrumentum
1726 4443 1994 4496 musicum

2174 4443 2327 4495 Ἐστι
2355 4443 2528 4497 τοίνυν
2552 4445 2612 4498 τὸ
2647 4444 2941 4518 ψαλτήριον
2964 4448 3194 4520 ὄργανον
3222 4451 3480 4521 μουσικὸν
3514 4451 3664 4506 δεκά-

439 4539 694 4586 constans
720 4531 903 4586 decem
947 4533 1184 4597 chordis,
1213 4532 1281 4588 de
1324 4533 1552 4588 summis
1583 4533 1755 4602 ipsius
1780 4548 2002 4602 compa-

437 4622 520 4694 gis
556 4622 799 4692 partibus
845 4639 1037 4679 sonum
1083 4625 1388 4694 perliciens,
1417 4640 1711 4695 vocemque
1756 4639 1998 4680 consona

435 4715 669 4784 quadam
700 4714 930 4770 melodia
956 4717 1254 4771 articulatm
1286 4718 1405 4772 voci
1437 4718 1665 4772 similem
1712 4717 1943 4772 reddens
1979 4734 1993 4770 :

436 4820 502 4860 ac
548 4806 763 4873 dicitur,
797 4805 1036 4863 Hebraeis
1083 4809 1322 4879 quidem,
1367 4810 1564 4875 naula;
1616 4807 1817 4863 Graecis
1845 4822 1993 4873 vero,

433 4898 661 4954 cithara.
704 4898 1002 4954 Conﬁcitur
1026 4916 1154 4956 vero
1205 4901 1308 4955 hoc
1356 4901 1516 4955 modo
1553 4918 1568 4954 :
1599 4908 1818 4969 sumpto
1846 4900 1994 4970 ligno

431 5003 604 5053 recto,
631 4990 870 5061 nihilque
892 4991 1107 5062 penitus
1135 4992 1351 5059 inﬂexo,
1379 4992 1564 5046 decem
1604 4991 1659 5046 in
1688 5005 1753 5046 eo
1778 4991 1995 5046 chordae

431 5080 823 5149 tendebantur;
877 5096 943 5136 ac
991 5082 1216 5151 singulae
1265 5082 1495 5137 seorsim
1560 5080 1613 5135 in
1685 5083 1995 5138 summitate

431 5167 604 5237 ipsius
653 5169 892 5238 psalterii
938 5172 1056 5224 lixae
1099 5170 1610 5241 constringebantur
1644 5185 1870 5225 :earnm
1895 5187 1994 5225 au-

430 5269 538 5314 tem
598 5261 862 5332 principis
928 5263 1214 5320 desursum
1269 5266 1646 5321 demittuntur.
1705 5266 1762 5320 In
1809 5266 1992 5321 cubito

428 5348 559 5418 (sive
588 5349 745 5421 collo)
780 5367 1015 5422 namque
1037 5353 1207 5423 ipsius
1234 5357 1472 5425 psalterii
1502 5358 1686 5412 decem
1716 5357 1991 5414 claviculte

429 5440 544 5495 sive
572 5443 752 5508 paxilli
789 5443 996 5513 traiecti
1025 5455 1332 5513 vertuntur,
1357 5448 1451 5517 qui
1476 5449 1711 5504 chordas
1742 5449 1987 5516 tendunt,

427 5530 794 5598 remittuntve,
824 5544 981 5602 prout
1005 5551 1198 5593 vocum
1228 5540 1583 5594 consonantia
1624 5549 1676 5596 et
1708 5542 1989 5612 proportio

430 5622 676 5690 requirit,
705 5636 758 5680 et
789 5629 856 5681 ad
883 5629 1160 5698 psallentis
1206 5630 1437 5687 libitum.
1477 5631 1543 5689 Et
1576 5633 1679 5688 hoc
1704 5642 1807 5700 est,
1840 5636 1984 5706 quod

428 5726 657 5782 magnus
691 5713 924 5775 Basilius
953 5720 1047 5787 ait,
1074 5730 1177 5778 etc.

2101 4535 2308 4607 χορδον,
2333 4538 2397 4592 ἐκ
2429 4537 2764 4594 τῶνᾶνωθεν
2799 4541 2979 4617 μερῶν
3010 4543 3109 4614 τῆς
3149 4546 3494 4616 κατασκευῆς
3531 4546 3662 4599 ἀπο-

2098 4627 2283 4682 τελοῦν
2306 4629 2397 4683 τὸν
2417 4618 2929 4704 ἦχον,’ὲναρμονίως
2960 4634 3084 4698 τοὺς
3113 4635 3381 4705 φθόγγους
3408 4637 3544 4709 πρὸς
3571 4636 3662 4708 τὴν

2099 4721 2163 4773 ἐκ
2182 4719 2282 4791 τῆς
2301 4720 2483 4790 φωνῆς
2505 4721 2768 4793 μελῳδίαν
2794 4724 3040 4778 ἀποδιδόν
3060 4743 3074 4756 ·
3106 4726 3255 4798 παρὰ
3274 4727 3371 4797 μὲν
3401 4727 3663 4799 Ἑϐραίοις

2098 4809 2265 4865 ναῦλα
2294 4812 2600 4883 λεγόμενον,
2626 4817 2754 4887 παρ’
2783 4816 3005 4888 Ἕλλησι
3033 4816 3088 4870 δὲ
3113 4817 3311 4891 κιθάρα
3337 4818 3663 4888 ὀνομαζόμε-

2096 4920 2204 4958 νον.
2230 4905 2645 4961 Κατεσκεύαπο
2671 4907 2779 4980 γὰρ
2804 4909 2984 4973 αὐτοῖς
3004 4910 3159 4982 ὀρθὸν
3190 4909 3342 4976 ξύλον
3367 4912 3460 4966 καὶ
3489 4910 3663 4982 ἀπαρ-

2096 4996 2358 5065 έγκλιτον,
2400 4998 2586 5069 χορδαὶ
2614 4997 2670 5052 δὲ
2695 5001 2752 5052 ὲν
2779 4999 2950 5071 τούτῳ
2972 5000 3104 5055 δέκα
3132 5002 3412 5056 ἐτείνοντο.
3428 5002 3660 5073 Ἑκὰσ-εη

2093 5087 2151 5141 δὲ
2198 5087 2307 5142 τῶν
2347 5088 2547 5160 χορδῶν
2579 5090 2660 5153 εἰς
2691 5090 2752 5143 τὸ
2779 5091 3184 5162 ἀκροτελεύτιον
3228 5091 3321 5146 τοῦ
3363 5092 3659 5165 ψαλτηρίου

2091 5179 2432 5255 διῃρημένως
2460 5184 2887 5252 ἐναπεσφίγγετο
2905 5200 2918 5214 ·
2960 5185 3018 5237 αἱ
3049 5184 3107 5238 δὲ
3131 5184 3295 5257 ἀρχαὶ
3318 5184 3426 5237 τῶν
3458 5184 3659 5256 χορδῶν

2092 5273 2340 5327 καθίεντο
2363 5274 2583 5330 ἄνωθεν.
2616 5276 2758 5329 Δέκα
2789 5276 2896 5347 γὰρ
2922 5276 3167 5330 κόλλαεοι
3198 5276 3375 5331 εἴτουν
3402 5274 3683 5330 πασσαλί-κ

2093 5380 2232 5429 σκοι,
2266 5366 2393 5438 περὶ
2440 5366 2529 5419 τὸν
2575 5366 2754 5436 πῆχυν
2802 5366 2912 5427 τοῦ
2949 5367 3245 5440 ψαλτηρίου
3280 5367 3653 5438 στρεφόμενοι,

2090 5455 2287 5510 ἔτεινόν
2320 5475 2379 5511 τε
2406 5456 2502 5529 τὴν
2524 5458 2717 5531 χορδὴν
2750 5459 2844 5513 καὶ
2876 5460 3081 5532 ὲχάλων
3108 5459 3243 5531 πρός
3259 5477 3319 5513 τε
3341 5460 3432 5514 τὸν
3454 5458 3654 5531 ῥυθμὸν

2089 5547 2185 5613 τῆς
2231 5547 2489 5618 ἁρμονίας
2540 5549 2634 5602 καὶ
2680 5550 2815 5621 πρὸς
2846 5550 2907 5604 τὸ
2948 5549 3040 5607 τοῦ
3077 5548 3355 5621 ψαλτιιεδοῦ
3385 5549 3650 5623 βούλημα.

2088 5638 2195 5691 Καὶ
2217 5636 2373 5691 τοῦτό
2397 5639 2543 5693 ἐστιν
2573 5640 2603 5693 ὃ
2632 5656 2797 5711 φησιν
2826 5642 2856 5694 ὁ
2889 5642 3060 5711 μέγας
3082 5640 3376 5709 Βασίλειος,
3407 5650 3512 5697 etc.
