3946 6222
393 300 498 359 559

1396 306 1816 364 FRAGMENTA
1855 311 2211 367 COMMENT.
2254 312 2316 365 IN
2358 313 2695 370 PSALMOS.

3535 318 3648 376 550

985 418 1130 473 Idem
1155 419 1421 489 explicans
1447 421 1549 474 ista
1580 421 1772 491 psalmi
1797 419 1882 487 ΙΙ,
1917 441 1934 474 ι
1965 423 2320 479 Com-atterunt
2344 443 2484 496 reges
2507 438 2680 492 terra,
2718 449 2731 480 t
2761 439 2888 490 etc.,
2911 431 3095 498 ponit:

483 536 846 600 Ἀθανάσιος.
866 534 964 588 Διὰ
983 535 1033 587 τί
1061 533 1116 586 δὲ
1136 534 1184 586 οἱ
1210 532 1444 603 βασιλεῖς
1459 533 1703 607 Ἡρώδης
1731 539 1758 590 ό
1774 537 1957 590 Ἀσκα-

2143 541 2481 595 Athanasius.
2524 543 2655 608 Qua:
2698 558 2826 596 vero
2879 558 3042 596 causa
3093 551 3230 607 erat,
3275 543 3420 612 quod
3465 560 3642 614 reges,

403 631 630 700 λωνίτης
654 629 749 684 καὶ
776 629 1000 692 Πιλᾶτος
1027 630 1055 681 ό
1079 630 1298 692 Πόντιος
1329 629 1698 700 παρέστησαν,
1729 631 1972 684 τουτέστι

404 722 775 792 παρετάξαντο
803 721 895 774 xui.
921 719 1150 791 ἐπῆλθον
1180 719 1319 773 κατὰ
1347 717 1615 789 Χριστοῦς
1648 718 1744 772 Διά
1765 721 1817 771 τί
1845 719 1900 772 δὲ
1922 721 1970 772 oi

397 815 660 884 ἄρχοντες
709 813 817 864 τῶν
851 811 1114 864 Ἰουδαίων
1159 811 1208 864 οἱ
1255 810 1488 874 ἀσεϐεῖς,
1525 811 1618 863 καὶ
1649 809 1844 880 λοιμοὶ,
1879 812 1971 864 καὶ

401 903 738 975 ἁμαρτωλοὶ,
765 904 1134 973 Γραμματεῖς,
1168 903 1260 956 καὶ
1285 903 1586 973 Φαρισαῖοι,
1613 903 1704 954 καὶ
1735 903 1968 972 νομικοὶ,

393 1000 479 1060 ἐίς
507 995 700 1048 ταύτὸν
747 993 1100 1064 συνέδραμον,
1132 994 1224 1046 καὶ
1261 992 1400 1046 κατὰ
1433 991 1526 1044 τοῦ
1561 993 1785 1063 Κυρίου,
1817 1011 1971 1047 τουτ-

391 1090 516 1141 έστι
553 1087 648 1140 τοῦ
679 1086 910 1157 Πατρός,
940 1086 1034 1139 καὶ
1081 1085 1222 1138 κατὰ
1267 1085 1359 1138 τοῦ
1388 1084 1623 1156 Χριστοῦ
1651 1085 1966 1156 ὲλύττησαν,

387 1181 643 1234 τουτέστι
673 1179 764 1232 τοῦ
795 1178 922 1232 Υἱοῦ
953 1178 1151 1242 αὐτοῦς
1200 1178 1256 1230 '0
1282 1178 1386 1250 γὰρ
1416 1177 1490 1248 μὴ
1515 1176 1690 1247 τιμῶν
1725 1178 1815 1230 τὸν
1845 1179 1968 1231 Υίὸν

391 1272 517 1324 οὐδὲ
544 1271 635 1323 τὸν
664 1269 880 1339 Πατέρα
908 1270 1061 1340 τιμᾷ.
1091 1267 1240 1338 Τάχα
1275 1268 1373 1338 μὲν
1399 1263 1508 1330 οὖν,
1533 1267 1716 1339 ἐπειδὴ
1743 1268 1810 1322 τὰ
1840 1270 1966 1340 παρ’

386 1364 629 1426 ἐκείνοις
672 1361 1043 1432 τετολμημένα
1088 1359 1181 1412 τοῦ
1216 1361 1418 1431 Κυρίου
1455 1358 1654 1430 μᾶλλον
1685 1360 1782 1431 τὴν
1813 1359 1969 1414 δῦνα-

397 1476 490 1528 μιν
512 1457 704 1523 ἔδειξε,
729 1455 822 1509 καὶ
848 1457 926 1518 εἰς
943 1453 1252 1508 τούναντίον
1278 1453 1458 1516 αὐτοῖς
1475 1451 1544 1506 τὰ
1567 1454 1968 1524 ἐπιχειρήματα

389 1549 637 1619 γέγονεν,
672 1547 833 1599 οἱονεὶ
868 1544 1184 1616 μυκτηρίζει
1234 1545 1427 1606 αὐτοὺς
1479 1545 1509 1596 ὁ
1552 1543 1729 1608 Δαυῒδ,
1764 1543 1838 1606 ὡς
1887 1545 1967 1608 εἰς

393 1643 550 1696 κενὸν
574 1641 752 1694 πάντα
777 1637 1150 1709 τολμήσαντας
1169 1654 1182 1666 ο
1214 1637 1354 1708 τάχα
1383 1635 1438 1689 δὲ
1465 1637 1559 1690 καὶ
1587 1637 1876 1708 μέμφεται.
1902 1636 1966 1689 Τί

390 1733 500 1805 γὰρ
523 1732 724 1802 δήποτε
748 1729 1057 1800 αἰτιώμενοι
1078 1731 1125 1782 oi
1156 1729 1296 1783 κατὰ
1315 1727 1548 1800 Χριστοῦ
1573 1729 1966 1801 συνδραμόντες

393 1822 615 1895 σταυρῷ
655 1821 841 1875 τοῦτον
893 1823 1233 1893 ἁνήρτησανς
1287 1821 1397 1890 Οὐχ
1443 1815 1594 1884 οὗτός
1627 1822 1772 1874 ἐστιν
1795 1821 1822 1872 ό
1853 1824 1964 1884 τοῖς

391 1883 570 1970 ἔθνεσι
587 1883 698 1986 ’μὲν
724 1883 1099 1984 δεδωκὼς-τὴν
1137 1883 1346 1981 σοιρίαν,
1365 1883 1494 1976 ’τοῖς
1517 1883 1585 1964 at
1603 1911 1878 1982 βασιλεῦσι
1903 1883 1963 1964 τό
1997 1883 2036 1941 Β

390 2007 594 2077 κράτος
629 2002 944 2077 παρασχὼν,
979 2003 1074 2056 καὶ
1111 2004 1224 2065 τοῖς
1255 2002 1477 2073 ἄρχουσι
1498 2002 1596 2073 τὴν
1627 2002 1800 2072 ἀρχὴν
1829 2018 1965 2072 κρα-

386 2100 700 2172 τυνόμενος,
742 2097 836 2151 καὶ
872 2099 984 2159 τοῖς
1022 2095 1294 2158 Ἰουδαίοις
1323 2095 1389 2148 τὰ
1422 2094 1652 2166 μέγιστα
1675 2110 1965 2165 τερατουρ-

390 2192 567 2261 γήσας
594 2188 689 2242 καὶ
717 2186 962 2258 βοώμενα
989 2185 1273 2256 θαύματα;

2074 626 2312 684 Herodes
2344 631 2654 686 Ascalonita
2685 641 2738 686 et
2768 631 2991 686 Pontius
3025 630 3228 687 Pilatus
3266 633 3640 700 convenirent,

2072 721 2175 775 hoc
2220 728 2322 784 est,
2366 723 2762 791 conspirarent,
2796 731 2850 776 et
2879 723 3141 792 impetum
3177 722 3420 778 lacerent
3449 735 3644 780 contra

2069 809 2384 865 Christum?
2409 813 2514 866 Aut
2539 813 2668 882 quid
2703 813 2779 867 rei
2807 823 2941 875 erat,
2965 813 3107 883 quod
3134 813 3403 882 principes
3427 812 3643 868 Judaeu-

2071 917 2217 965 rum,
2260 902 2412 970 impii
2465 903 2563 969 illi,
2611 904 3041 972 pestilentissimi
3087 913 3140 958 et
3192 902 3638 959 laeinorosissimi

2070 995 2338 1060 homines,
2375 995 2595 1050 Scr-ibas
2625 995 2773 1061 dico,
2802 994 3105 1050 Pharisaeos
3121 1004 3174 1049 et
3202 996 3561 1066 legisperitos,
3583 996 3641 1051 in

2069 1101 2234 1140 unum
2263 1087 2570 1156 congregati
2598 1097 2746 1151 sunt,
2775 1096 2825 1142 et
2858 1096 3046 1142 contra
3079 1087 3394 1153 Dominum,
3425 1087 3528 1142 hoc
3556 1098 3640 1142 est

2069 1175 2304 1241 Patrem,
2339 1177 2696 1245 insanierunt,
2735 1187 3032 1248 contraque
3057 1179 3334 1233 Christum
3365 1179 3504 1248 ejus,
3533 1181 3639 1234 sci-

2068 1267 2192 1322 licet
2218 1267 2454 1322 Filium?
2482 1266 2618 1322 Nam
2668 1269 2760 1338 qui
2810 1285 2916 1322 non
2951 1270 3186 1324 honorat
3211 1269 3428 1333 Filium,
3465 1272 3512 1323 is
3541 1286 3637 1326 ne-

2068 1376 2172 1429 que
2196 1358 2410 1414 Patrem
2439 1360 2726 1415 honorat’.
2760 1359 3210 1431 Quandoquidem
3242 1362 3406 1432 igitur
3429 1369 3484 1416 et
3513 1377 3635 1430 qua

2066 1453 2134 1506 ab
2167 1453 2274 1506 illis
2302 1462 2508 1521 patrata
2541 1462 2688 1515 sunt,
2724 1452 2936 1507 Domini
2968 1455 3263 1522 potentiam
3303 1455 3482 1507 adhuc
3527 1469 3637 1507 [ηας

2067 1545 2148 1615 gis
2175 1545 2640 1612 demonstrarunt,
2675 1546 3028 1615 ipsorumque
3059 1553 3287 1600 conatus
3323 1545 3480 1615 plane
3502 1559 3636 1600 con-

2067 1637 2288 1691 trarium
2331 1637 2535 1691 exitum
2583 1637 2762 1692 sortiti
2814 1645 2941 1691 sunt
2984 1655 2997 1691 :
3033 1636 3238 1691 idcirco
3268 1637 3480 1691 videtur
3513 1638 3633 1692 illos

2065 1727 2231 1782 David
2263 1729 2429 1797 quasi
2453 1728 2699 1789 irridere,
2744 1736 2804 1782 ut
2836 1728 2926 1797 qui
2961 1727 3016 1781 in
3064 1744 3260 1782 vanum
3303 1729 3486 1782 omnia
3519 1737 3635 1782 ten-

2066 1826 2248 1873 tarunt
2293 1838 2304 1874 :
2357 1820 2436 1874 vel
2489 1817 2720 1874 fortasse
2771 1820 2935 1874 etiam
2991 1834 3269 1874 accusare.
3303 1819 3418 1885 Qua
3461 1818 3632 1885 enim,

2063 1927 2266 1982 quaeso,
2296 1928 2460 1968 causa
2511 1912 2735 1981 culpave
2773 1911 2825 1965 in
2861 1909 3077 1966 Christo
3123 1912 3456 1980 deprehensa
3497 1926 3633 1966 con-

2063 2020 2227 2060 cursu
2277 2003 2418 2060 facto
2469 2005 2644 2074 ipsum
2694 2002 2748 2056 in
2794 2018 3009 2058 crucem
3040 2002 3416 2057 sustulerunt?
3445 1999 3636 2056 Nonne

2064 2098 2179 2167 ipse
2206 2105 2308 2156 est,
2331 2095 2424 2165 qui
2455 2094 2706 2166 gentibus
2741 2094 3061 2164 sapientiam
3095 2094 3262 2156 dedit,
3297 2094 3389 2163 qui
3419 2093 3634 2165 regibus

2065 2189 2351 2258 imperium
2389 2185 2597 2248 tribuit,
2625 2185 2716 2253 qui
2743 2185 3080 2254 principibus
3111 2183 3454 2239 dominatum
3499 2200 3633 2239 con-

2062 2281 2235 2336 ﬁrmat
2260 2280 2283 2332 ?
2313 2278 2405 2348 qui
2429 2278 2664 2345 denique
2692 2275 2894 2332 Judteis
2919 2293 3132 2332 summa
3163 2286 3217 2333 et
3253 2277 3632 2348 proclatnatis-

2063 2373 2200 2427 sima
2225 2371 2314 2423 illa
2347 2375 2602 2438 operatus
2631 2375 2716 2422 est
2743 2366 3044 2422 miracula?

1519 2485 1584 2540 Et
1615 2488 1671 2543 in
1701 2502 1902 2540 versum
1932 2496 2224 2556 sequentem
2247 2481 2513 2535 scribens:

467 2585 831 2652 Ἀθανᾶσιος.
850 2584 961 2654 (5'5)
977 2581 1235 2637 Ἐνταῦθα
1250 2582 1516 2642 λείπειτὸ,
1533 2582 1794 2650 λέγοντες,
1814 2583 1900 2635 ἵνα

389 2679 422 2749 ή
447 2677 657 2732 διάνοια
688 2675 824 2747 αὕτη
844 2692 856 2705 ·
893 2673 1293 2743 Συνήχθησαν
1316 2674 1464 2727 κατὰ
1483 2673 1589 2727 τοῦ
1620 2673 1838 2742 Κυρίου
1861 2674 1958 2727 καὶ

389 2770 537 2825 κατὰ
582 2767 688 2821 τοῦ
724 2766 980 2835 Χριστοῦ
1009 2765 1216 2828 αὐτοῦ,
1247 2764 1496 2833 λέγοντες
1516 2781 1529 2796 ⁸
1577 2767 1960 2833 Διακόψωμεν

386 2861 526 2926 τοὺς
565 2858 828 2928 δεσμοὺς
870 2856 1085 2910 αὐτῶν.
1116 2857 1318 2922 Τίνων;
1365 2855 1459 2910 τοῦ
1504 2856 1715 2928 Πατρὸς
1745 2855 1958 2909 καὶτοῦ

389 2953 514 3006 Υίοῦ
535 2969 548 2983 ·
583 2953 644 3004 οὐ
675 2952 782 3022 γὰρ
805 2949 994 3021 ἦθελον
1039 2949 1168 3002 εἴσω
1198 2949 1296 3020 τῆς
1328 2949 1477 3020 ἱερᾶς
1511 2947 1758 3016 γενέσθαι
1790 2949 1958 3018 σαγή⁶

385 3063 482 3118 νης
499 3063 512 3076 ·
553 3044 997 3113 Ἁποῤῥίψωμεν
1024 3041 1097 3094 δὲ
1128 3039 1235 3094 τόν
1260 3040 1455 3110 (urbm
1486 3041 1730 3093 τουτέστι
1756 3039 1846 3095 τὸν
1870 3040 1960 3092 εὐ-

386 3137 674 3208 ιγγελικὸν
707 3135 866 3205 νόμον
891 3134 984 3187 καὶ
1005 3132 1102 3204 τὴν
1129 3132 1366 3202 ἐντολὴν,
1394 3149 1459 3184 πε
1469 3132 1519 3203 ρὶ
1541 3125 1601 3186 οῦ
1628 3132 1953 3204 γέγραπται·

399 3232 449 3282 Ὀ
479 3230 653 3298 ζυγός
679 3243 796 3297 μου
823 3225 1084 3293 χρηστός
1106 3224 1256 3277 ἐστι.
1293 3222 1462 3276 Τοῦτο
1497 3223 1552 3276 δὲ
1583 3223 1744 3286 αὐτὸς
1772 3221 1958 3276 ὀνειδί-

2135 2579 2479 2634 Athanasius.
2522 2575 2682 2632 Deest
2730 2574 2819 2628 hic
2872 2573 3024 2639 illud,
3052 2573 3312 2637 dicentes,
3339 2579 3399 2628 ut
3441 2570 3527 2626 hic
3561 2571 3634 2626 sit

2065 2685 2278 2734 sensus,
2307 2669 2620 2738 Congregati
2663 2675 2785 2719 sunt
2827 2677 3010 2719 contra
3050 2663 3334 2716 Dominum
3365 2672 3413 2715 et
3446 2673 3633 2718 contra

2064 2763 2333 2818 Christum
2375 2761 2511 2830 ejus,
2550 2759 2833 2813 dicentes:
2875 2757 3247 2825 Dirumpamus
3292 2753 3499 2809 vincula
3543 2769 3632 2807 eo-

2063 2868 2198 2904 rum.
2235 2848 2512 2916 Quorum?
2556 2846 2732 2902 Patris
2775 2846 3035 2900 nimirum
3076 2854 3130 2899 et
3167 2843 3290 2898 Filii
3329 2862 3342 2897 :
3379 2845 3633 2898 nolebant

2063 2943 2205 2997 enim
2256 2942 2397 2995 intra
2433 2953 2642 2994 sacram
2675 2937 2888 2991 Domini
2923 2951 3176 3006 sagenam
3209 2950 3329 2990 esse
3359 2953 3373 2990 :
3404 2935 3629 3003 abjicia-

2064 3049 2178 3086 mus
2230 3046 2354 3086 vero
2402 3029 2561 3084 etiam
2594 3028 2783 3098 jugum
2811 3027 3064 3095 ipsorum,
3096 3024 3199 3079 hoc
3242 3034 3344 3088 est,
3377 3022 3545 3092 legem
3575 3028 3631 3077 ei

2063 3132 2325 3195 praecepta
2375 3119 2670 3190 Evangelii,
2719 3117 2784 3172 de
2833 3131 2940 3189 quo
2984 3115 3245 3184 scriptum
3277 3121 3397 3168 est:
3430 3110 3629 3180 Jugun:

2062 3231 2232 3269 meum
2269 3229 2424 3267 suave
2447 3212 2579 3268 est“.
2610 3207 2723 3263 Hoc
2751 3224 2880 3263 vero
2914 3209 3076 3262 etiam
3107 3207 3335 3276 ipsemet
3368 3203 3632 3260 Dominus

388 3320 492 3384 ζων
513 3296 695 3383 αῦτοῖς
719 3318 806 3372 διὰ
824 3317 1090 3388 Ἱερεμίου
1121 3315 1302 3384 ἔλεγεν
1322 3333 1335 3346 ο
1369 3313 1561 3382 Εἶπας
1576 3333 1591 3348 ο
1618 3317 1699 3370 Οὐ
1719 3314 1957 3370 δουλεύ·

2069 3308 2200 3376 ipsis
2251 3305 2541 3375 exprobrat
2575 3317 2670 3372 per
2700 3301 3011 3361 Jeremiam,
3056 3299 3183 3352 dum
3233 3298 3353 3352 ait:
3391 3296 3628 3350 Dixisti:

387 3424 474 3464 σω
507 3425 608 3464 σοι
625 3428 636 3439 ⁸
669 3408 963 3470 τουτέστιν,
989 3405 1174 3468 Οῦτως
1196 3405 1544 3468 ἐπολιτεύσω,
1571 3404 1709 3458 ὥστε
1737 3404 1956 3458 ἀποσεί-

390 3504 582 3556 σασθαι
621 3503 720 3573 τὴν
759 3501 898 3572 ἐμὴν
925 3499 1261 3554 δουλείαν.Ἢ
1294 3499 1470 3552 τοίνυν
1494 3499 1662 3552 ταῦτα
1694 3501 1759 3552 ὲκ
1792 3514 1958 3569 προσ-

387 3593 533 3647 ώπου
561 3594 669 3647 τῶν
701 3594 966 3647 Ἰουδαίων
1011 3593 1222 3663 εἴρηται
1251 3590 1582 3645 ἀθετοῦντων
1613 3591 1712 3662 τὴν
1756 3593 1834 3654 είς
1864 3591 1960 3644 τὸν

387 3684 588 3757 Κύριον
615 3685 914 3756 ὑποταγὴν,
937 3685 1030 3738 καὶ
1050 3682 1172 3736 οὔτε
1200 3683 1346 3754 αὐτῷ
1375 3682 1498 3736 οὕτε
1525 3683 1603 3754 τῷ
1620 3684 1793 3754 Πατρὶ
1826 3685 1967 3736 ὑπο-ι

386 3776 606 3848 ζεῦχθαι
629 3777 886 3832 θελόντων
905 3793 921 3808 ·
967 3777 1000 3848 ἢ
1035 3777 1129 3829 καὶ
1160 3779 1272 3839 τοῖς
1303 3775 1617 3828 πιστεύσασι
1641 3773 1702 3827 τὸ
1733 3774 1956 3844 Πνεῦμα

388 3871 670 3941 παρεγγυᾷ
699 3869 790 3921 καὶ
815 3868 992 3937 λέγει·
1016 3869 1106 3938 Μὴ
1135 3866 1488 3938 όμοιωθῶμεν
1509 3868 1619 3928 τοῖς
1644 3864 1958 3918 ἐπιϐουλεύ-

388 3978 508 4014 σασι
539 3961 618 4031 τῷ
651 3959 890 4031 Χριστῷ,
924 3961 1057 4031 μηδὲ
1103 3959 1445 4029 ουνδεθῶμεν
1476 3958 1658 4020 αὐτοῖς
1689 3955 1827 4010 κατὰ
1858 3956 1957 4028 τὴν

383 4054 632 4122 ὁμόνοιαν
653 4068 667 4082 ⁸
694 4051 827 4105 ἀλλὰ
859 4051 951 4104 καὶ
975 4052 1064 4104 τὸν
1096 4050 1264 4123 βαρὺν
1288 4049 1381 4102 τοῦ
1413 4047 1642 4102 παλαιοῦ
1676 4047 1837 4117 νόμου
1865 4045 1957 4111 ζυ-

384 4145 474 4209 γον
512 4142 982 4213 ἁποτιναξώμεθα,
1016 4142 1178 4213 μηδὲν
1225 4139 1517 4212 ἡγούμενοι
1559 4138 1626 4191 τὰ
1659 4139 1716 4193 ὲν
1744 4136 1955 4200 τύποις,

384 4231 430 4282 εί
459 4229 534 4301 μὴ
564 4235 764 4286 νοοίντο
793 4231 1193 4303 πνευματικῶς.
1211 4230 1522 4292 Ἀσυντελὲς
1550 4229 1658 4301 γὰρ
1679 4229 1812 4299 πρὸς
1835 4228 1957 4299 ὄνη-

384 4337 467 4374 σιν
500 4323 534 4392 ή
576 4323 722 4387 σκιὰ,
754 4327 803 4379 εί
837 4323 912 4396 μὴ
945 4324 1006 4377 τὸ
1037 4322 1272 4394 Χριστοῦ
1309 4322 1599 4393 μυστήριον
1624 4320 1918 4390 ζωγραφεῖ.

2063 3396 2186 3452 Non
2208 3397 2428 3450 serriam
2454 3394 2606 3457 tibi’,
2623 3392 2776 3463 quasi
2797 3392 2959 3452 dicat,
2979 3387 3070 3443 Sic
3101 3396 3151 3441 te
3171 3385 3404 3457 gessisti,
3431 3394 3487 3439 ut
3511 3399 3626 3439 ser-

2057 3492 2283 3547 vitutem
2319 3503 2494 3542 meam
2530 3495 2831 3542 excuteres.
2855 3475 2985 3536 'Aut
3017 3480 3180 3551 igitur
3221 3479 3332 3532 haec
3365 3487 3624 3546 tanquam

2056 3597 2126 3636 ex
2152 3579 2461 3634 Iudaeorum
2493 3591 2722 3646 persona
2751 3573 3029 3636 dicuntur,
3054 3569 3146 3639 qui
3183 3568 3407 3623 subesse
3441 3564 3629 3620 Domi-

2055 3688 2129 3727 no
2161 3678 2435 3731 recusant,
2465 3676 2518 3722 et
2559 3682 2658 3722 nec
2703 3665 2827 3735 ipsi,
2859 3677 3034 3732 neque
3073 3660 3218 3715 Patri
3265 3660 3382 3729 ejus
3428 3658 3626 3728 subjici

2057 3764 2290 3818 volunt:
2326 3770 2419 3816 aut
2459 3767 2606 3816 certe
2655 3758 2890 3827 Spiritus
2938 3753 3223 3809 credentes
3267 3752 3522 3805 admonet
3571 3759 3628 3803 et

2062 3855 2193 3909 dicit
2217 3872 2230 3908 :
2257 3851 2334 3907 Ne
2363 3851 2726 3907 assimilemur
2755 3849 2823 3904 iis
2847 3847 2940 3918 qui
2965 3846 3180 3902 Christo
3208 3841 3447 3897 insidiati
3472 3850 3622 3904 sunt,

2061 3961 2234 4015 neque
2278 3953 2665 3999 connectamur
2718 3940 2850 4009 ipsis
2882 3934 3270 3993 consentiendo
3304 3951 3317 3986 :
3350 3933 3481 4000 quin
3528 3946 3626 4000 po-

2051 4039 2167 4095 tius
2195 4051 2354 4108 grave
2383 4034 2510 4088 illud
2544 4032 2743 4088 veteris
2773 4032 2905 4099 legis
2937 4044 3076 4083 ontts
3112 4025 3457 4095 abjiciamus,
3485 4023 3622 4076 nihil

2057 4130 2386 4185 aestimantes
2417 4135 2573 4198 typos
2609 4125 2752 4190 illos,
2780 4122 2884 4177 nisi
2925 4118 3282 4189 spiritualiter
3311 4114 3621 4184 intelligan-

2057 4231 2164 4277 tur.
2196 4218 2400 4274 Umbra
2434 4231 2670 4286 namque
2698 4231 2784 4270 res
2809 4213 3057 4284 quaedam
3081 4218 3165 4266 est
3195 4207 3510 4278 imperfecta
3540 4215 3623 4260 at-

2059 4322 2163 4382 Que
2197 4310 2424 4371 inutilis,
2453 4309 2498 4365 si
2524 4306 2726 4363 Christi
2755 4304 3074 4376 mysterium
3102 4317 3208 4357 non
3237 4299 3511 4356 describit.

1123 4436 1192 4490 Et
1231 4435 1286 4488 in
1313 4434 1407 4488 illa
1435 4432 1585 4487 verba
1607 4449 1625 4486 :
1653 4451 1672 4482 ι
1705 4431 1847 4486 Tunc
1876 4431 2116 4500 loquetur
2150 4425 2220 4481 ad
2248 4442 2333 4479 eos
2371 4427 2425 4478 in
2452 4425 2534 4477 ira
2561 4439 2677 4488 sua,
2709 4440 2727 4472 ι
2756 4437 2803 4474 υ.
2831 4420 2882 4476 5.

459 4554 828 4608 Ἀθανασίου.
849 4554 956 4625 (54)
971 4557 1123 4609 Τότε.
1145 4555 1301 4618 Πότε,
1323 4555 1356 4625 ἢ
1380 4554 1466 4606 ὅτε
1484 4553 1665 4620 ἔλεγον
1683 4569 1696 4584 ο
1716 4549 1955 4620 Διαρῤή-

2130 4545 2426 4602 Athanasii.
2459 4543 2629 4598 Tunc.
2661 4540 2908 4608 Quando,
2934 4539 3035 4594 nisi
3063 4553 3186 4593 cum
3213 4536 3454 4592 dicerent
3478 4552 3492 4589 :
3521 4533 3622 4588 Dio

374 4643 574 4712 ξωμεν
605 4642 746 4708 τοὺς
772 4642 1030 4713 δεσμοὺς
1053 4641 1281 4707 αὑτῶν;
1315 4643 1447 4696 Τίνα
1473 4641 1530 4694 δέ
1562 4643 1706 4694 ἐστιν
1726 4643 1784 4693 ὲν
1807 4641 1941 4711 ὀργῇ

372 4737 508 4806 παρ’
542 4734 707 4788 αὐτοῦ
734 4734 1059 4806 λαληθέντας
1098 4735 1241 4789 Οὐαὶ
1273 4734 1430 4803 ὑμῖν,
1455 4732 1822 4802 Γραμματεῖς
1845 4731 1943 4784 καὶ

370 4823 705 4891 Φαρισαῖοι,
745 4823 834 4876 ὅτι
877 4822 1201 4893 ἀρθήσεται
1244 4825 1344 4892 ἀφ’
1373 4820 1539 4892 ὑμῶν
1583 4821 1621 4888 ’ἡ
1658 4820 1943 4885 ,ϐασιλεία

367 4914 483 4969 τοῦ
515 4913 683 4967 Θεοῦ.
727 4913 837 4968 Καὶ
865 4915 988 4981 τοῖς
1011 4914 1296 4984 νομικοῖς,
1322 4913 1555 4968 οὺαί.Ἦ
1579 4912 1659 4978 τὸ,
1688 4912 1840 4970 Τότε,
1864 4911 1943 4973 εἰς

364 5007 463 5059 τὸν
509 5005 700 5076 καιρὸν
740 5005 841 5075 τῆς
879 5006 1109 5077 κρίσεως
1138 5007 1485 5078 ἀναφέρεται,
1522 5004 1666 5058 ὅταν
1693 5003 1942 5072 ὄψονται

364 5101 458 5163 εὶς
510 5095 585 5150 ὃν
626 5096 1044 5166 ἐξεκέντησαν.
1076 5098 1207 5151 Τότε
1240 5098 1348 5170 γὰρ
1375 5097 1595 5170 ταράξει
1626 5095 1822 5158 αὐτοὺς
1852 5093 1942 5147 λέ-

366 5205 486 5258 γων
505 5205 519 5219 ·
554 5190 884 5258 Πορεύεσθε
928 5190 1030 5244 ἀπ’
1061 5191 1206 5260 ἐμοῦ
1237 5194 1291 5245 οἱ
1329 5189 1740 5260 κατηραμένοι.
1759 5188 1942 5240 Ἐπει-

369 5279 620 5352 ράθησαν
651 5280 709 5334 δὲ
744 5280 891 5345 θείας
923 5283 1110 5354 ὀργῆς,
1135 5284 1226 5336 καὶ
1251 5283 1339 5336 ὅτε
1372 5285 1405 5354 ἡ
1455 5279 1732 5352 Ῥωμαῖκὴ
1761 5279 1943 5342 αὐτοῖς

368 5375 642 5430 ἐπιστᾶσα
687 5374 914 5447 στρατιὰ
956 5377 1055 5446 τήν
1097 5393 1157 5428 τε
1201 5375 1356 5428 πόλιν
1401 5375 1688 5446 ἐνέπρησε,
1724 5372 1817 5425 καὶ
1848 5369 1940 5423 τὸν

441 5510 553 5582 (53)
592 5508 718 5565 Hec
748 5509 1015 5563 habentur
1040 5507 1312 5576 superius,
1332 5504 1427 5562 sed
1452 5505 1720 5561 breviora.

441 5624 461 5654 "
497 5622 656 5680 Joan.
689 5639 744 5685 ν,
776 5621 866 5676 25.
941 5620 963 5653 ⁸
999 5622 1194 5676 Matth.
1229 5637 1305 5686 xt,
1342 5619 1431 5674 '50.
1508 5617 1530 5649 ⁹
1567 5615 1769 5672 Jerem.
1799 5609 1972 5681 11,20.

372 5696 453 5751 57.
533 5696 576 5727 ⁸⁸
614 5693 812 5748 Matth.
847 5706 971 5757 xxv,
1008 5692 1094 5746 Η.

2051 4655 2352 4708 rumpamus
2388 4635 2594 4690 vincula
2625 4631 2900 4704 ipsorum?
2943 4629 3112 4684 Porro
3165 4643 3286 4698 qua:
3331 4634 3458 4681 sunt
3503 4624 3621 4688 illa,

2049 4747 2171 4802 quae
2213 4731 2266 4784 in
2314 4729 2393 4783 ira
2429 4728 2496 4782 ab
2546 4728 2664 4796 ipso
2715 4725 2858 4778 dicta
2889 4721 3052 4775 sunt?
3085 4719 3207 4773 Haec
3238 4716 3486 4772 scilicet:
3530 4713 3620 4766 νω

2049 4822 2210 4886 vobis,
2244 4819 2444 4876 Scriba:
2481 4827 2531 4872 et
2569 4815 2850 4878 l’hariswi,
2897 4814 3020 4883 quia
3056 4811 3268 4864 tolletur
3291 4826 3324 4862 a
3346 4806 3484 4861 vobis
3529 4821 3615 4858 re-

2047 4929 2206 4982 gnum
2235 4911 2328 4964 Dei
2348 4910 2410 4964 ¹⁰.
2445 4907 2513 4961 Et
2541 4907 2678 4961 vobis
2704 4903 3040 4975 legisperitis,
3063 4917 3140 4953 va:
3161 4901 3224 4951 “.
3257 4897 3351 4949 Vel
3375 4902 3520 4949 certe
3551 4893 3616 4945 il-

2047 5003 2159 5067 lud,
2195 5012 2340 5064 tunc,
2374 4998 2605 5054 refertur
2643 4997 2708 5051 ad
2744 5006 2955 5063 tempus
2985 4991 3194 5060 judicii,
3229 4985 3446 5057 quando
3467 4983 3612 5036 vide-

2049 5092 2174 5146 bunt
2201 5092 2255 5144 in
2284 5105 2433 5161 quem
2463 5087 2840 5155 trans/ixerunt
2867 5083 2930 5133 ".
2966 5079 3120 5134 Tunc
3146 5077 3291 5132 enim
3321 5071 3612 5130 conturba-

2047 5183 2130 5240 bit
2159 5199 2273 5248 eos,
2296 5159 2488 5236 dicens
2521 5196 2535 5232 :
2572 5175 2836 5232 Discedite
2881 5190 2913 5227 a
2957 5188 3056 5235 me,
3103 5166 3368 5224 maledicti
3388 5164 3446 5216 ³³.
3476 5159 3615 5214 Divi-

2051 5290 2173 5328 nam
2206 5280 2386 5328 autem
2415 5271 2551 5324 iram
2577 5266 2749 5322 Judaei
2769 5264 2977 5334 experti
3006 5273 3150 5325 sunt,
3182 5273 3304 5312 cum
3334 5256 3611 5308 Romanus

2049 5366 2101 5420 in
2129 5364 2274 5434 ipsos
2305 5362 2516 5416 irruens
2538 5357 2810 5413 exercitus
2836 5356 3023 5409 urbem
3057 5348 3315 5413 incendit,
3346 5343 3609 5414 templum

2113 5495 2223 5569 (54)
2265 5493 2390 5550 Hac
2414 5493 2540 5548 item
2567 5491 2841 5562 superius,
2872 5485 2965 5542 sed
2991 5483 3267 5555 pauciora.

2054 5609 2095 5641 "
2138 5607 2328 5664 Matth.
2367 5621 2481 5672 xxr,
2513 5604 2604 5659 45.
2683 5603 2723 5635 ¹⁸
2767 5599 2898 5654 Luc.
2935 5613 3012 5664 xr,
3039 5593 3126 5649 46.
3205 5594 3250 5625 ¹¹
3288 5591 3443 5648 Joan.
3489 5605 3612 5656 ιω.
