  <div class='ocr_page' id='page_1' title='image "/cluster/home/n/w/nwhite01/storage/ocr_20150623/27/mdp.39015007065769/295.png"; bbox 0 0 3946 6222; ppageno 0'>
   <div class='ocr_carea' id='block_1_1' title="bbox 438 305 536 362">
    <p class='ocr_par' dir='ltr' id='par_1_1' title="bbox 438 305 536 362">
     <span class='ocr_line' id='line_1_1' title="bbox 438 305 536 362; baseline -0.01 0"><span class='ocrx_word' id='word_1_1' title='bbox 438 305 536 362; x_wconf 66' lang='grc' dir='ltr'><strong>εει</strong></span> 
     </span>
    </p>
   </div>
   <div class='ocr_carea' id='block_1_2' title="bbox 1292 294 3682 359">
    <p class='ocr_par' dir='ltr' id='par_1_2' title="bbox 1292 294 3682 359">
     <span class='ocr_line' id='line_1_2' title="bbox 1292 294 3682 359; baseline -0.005 -3"><span class='ocrx_word' id='word_1_2' title='bbox 1292 303 1352 359; x_wconf 85' lang='lat' dir='ltr'><strong>S.</strong></span> <span class='ocrx_word' id='word_1_3' title='bbox 1392 296 1758 355; x_wconf 78' lang='lat' dir='ltr'><strong>ATHANASll</strong></span> <span class='ocrx_word' id='word_1_4' title='bbox 1794 295 1945 352; x_wconf 79' lang='lat' dir='ltr'><strong>OPP.</strong></span> <span class='ocrx_word' id='word_1_5' title='bbox 1980 294 2163 353; x_wconf 77' lang='lat' dir='ltr'><strong>PARS</strong></span> <span class='ocrx_word' id='word_1_6' title='bbox 2196 294 2282 350; x_wconf 82' lang='lat' dir='ltr'><strong>Ill.</strong></span> <span class='ocrx_word' id='word_1_7' title='bbox 2326 326 2390 336; x_wconf 94' lang='lat'><strong>-—</strong></span> <span class='ocrx_word' id='word_1_8' title='bbox 2432 295 2848 351; x_wconf 71' lang='lat' dir='ltr'><strong>EXEGE&#39;HCA.</strong></span> <span class='ocrx_word' id='word_1_9' title='bbox 3575 305 3682 359; x_wconf 50' lang='grc' dir='ltr'><strong>τεθῇ</strong></span> 
     </span>
    </p>
   </div>
   <div class='ocr_carea' id='block_1_3' title="bbox 440 415 2023 493">
    <p class='ocr_par' dir='ltr' id='par_1_3' title="bbox 440 419 2008 493">
     <span class='ocr_line' id='line_1_3' title="bbox 440 419 2008 493; baseline -0.006 -13"><span class='ocrx_word' id='word_1_10' title='bbox 440 422 729 493; x_wconf 73' lang='lat' dir='ltr'><strong>expilavit,</strong></span> <span class='ocrx_word' id='word_1_11' title='bbox 777 430 831 476; x_wconf 90' lang='lat' dir='ltr'><strong>et</strong></span> <span class='ocrx_word' id='word_1_12' title='bbox 873 419 1106 490; x_wconf 90' lang='lat' dir='ltr'><strong>denique</strong></span> <span class='ocrx_word' id='word_1_13' title='bbox 1160 422 1452 474; x_wconf 75' lang='lat' dir='ltr'><strong>maximam</strong></span> <span class='ocrx_word' id='word_1_14' title='bbox 1510 419 1752 490; x_wconf 86' lang='lat' dir='ltr'><strong>ipsorum</strong></span> <span class='ocrx_word' id='word_1_15' title='bbox 1800 425 2008 488; x_wconf 86' lang='lat' dir='ltr'><strong>partem</strong></span> 
     </span>
    </p>
   </div>
   <div class='ocr_carea' id='block_1_4' title="bbox 2127 415 3682 493">
    <p class='ocr_par' dir='ltr' id='par_1_4' title="bbox 2127 415 3682 492">
     <span class='ocr_line' id='line_1_4' title="bbox 2127 415 3682 492; baseline 0.002 -22"><span class='ocrx_word' id='word_1_16' title='bbox 2127 416 2237 470; x_wconf 65' lang='grc' dir='ltr'>ναὸν</span> <span class='ocrx_word' id='word_1_17' title='bbox 2289 415 2577 486; x_wconf 74' lang='grc' dir='ltr'><strong>ἐπόρθησε,</strong></span> <span class='ocrx_word' id='word_1_18' title='bbox 2623 418 2715 471; x_wconf 81' lang='grc' dir='ltr'><strong>καὶ</strong></span> <span class='ocrx_word' id='word_1_19' title='bbox 2763 419 2886 481; x_wconf 69' lang='grc' dir='ltr'>τοὺς</span> <span class='ocrx_word' id='word_1_20' title='bbox 2938 416 3186 481; x_wconf 84' lang='grc' dir='ltr'>πλείονας</span> <span class='ocrx_word' id='word_1_21' title='bbox 3236 417 3415 473; x_wconf 78' lang='grc' dir='ltr'>αὐτῶν</span> <span class='ocrx_word' id='word_1_22' title='bbox 3472 418 3682 492; x_wconf 79' lang='grc' dir='ltr'><strong>Θανάτῳ</strong></span> 
     </span>
    </p>
   </div>
   <div class='ocr_carea' id='block_1_5' title="bbox 442 514 864 571">
    <p class='ocr_par' dir='ltr' id='par_1_5' title="bbox 442 514 864 571">
     <span class='ocr_line' id='line_1_5' title="bbox 442 514 864 571; baseline -0.012 0"><span class='ocrx_word' id='word_1_23' title='bbox 442 525 616 571; x_wconf 84' lang='lat' dir='ltr'><strong>morte</strong></span> <span class='ocrx_word' id='word_1_24' title='bbox 650 514 864 569; x_wconf 79' lang='lat' dir='ltr'><strong>delevit.</strong></span> 
     </span>
    </p>
   </div>
   <div class='ocr_carea' id='block_1_6' title="bbox 2116 507 2493 582">
    <p class='ocr_par' dir='ltr' id='par_1_6' title="bbox 2116 507 2493 582">
     <span class='ocr_line' id='line_1_6' title="bbox 2116 507 2493 582; baseline -0.011 -18"><span class='ocrx_word' id='word_1_25' title='bbox 2116 507 2493 582; x_wconf 72' lang='grc' dir='ltr'><strong>παρέπεμψεν.</strong></span> 
     </span>
    </p>
   </div>
   <div class='ocr_carea' id='block_1_7' title="bbox 1527 603 2605 675">
    <p class='ocr_par' dir='ltr' id='par_1_7' title="bbox 1527 603 2605 675">
     <span class='ocr_line' id='line_1_7' title="bbox 1527 603 2605 675; baseline -0.001 -17"><span class='ocrx_word' id='word_1_26' title='bbox 1527 605 1672 659; x_wconf 80' lang='lat' dir='ltr'><strong>Idem</strong></span> <span class='ocrx_word' id='word_1_27' title='bbox 1700 607 1754 660; x_wconf 80' lang='lat' dir='ltr'><strong>in</strong></span> <span class='ocrx_word' id='word_1_28' title='bbox 1785 606 2183 675; x_wconf 74' lang='lat' dir='ltr'><strong>inscriptionem</strong></span> <span class='ocrx_word' id='word_1_29' title='bbox 2215 603 2407 673; x_wconf 79' lang='lat' dir='ltr'><strong>psalmi</strong></span> <span class='ocrx_word' id='word_1_30' title='bbox 2439 605 2605 659; x_wconf 82' lang='lat' dir='ltr'><strong>tertii.</strong></span> 
     </span>
    </p>
   </div>
   <div class='ocr_carea' id='block_1_8' title="bbox 423 702 2010 775">
    <p class='ocr_par' dir='ltr' id='par_1_8' title="bbox 423 702 2010 775">
     <span class='ocr_line' id='line_1_8' title="bbox 423 702 2010 775; baseline 0.001 -17"><span class='ocrx_word' id='word_1_31' title='bbox 423 716 428 723; x_wconf 89' lang='lat'>&#39;</span> <span class='ocrx_word' id='word_1_32' title='bbox 515 704 789 758; x_wconf 73' lang='lat' dir='ltr'><strong>Athanasii</strong></span> <span class='ocrx_word' id='word_1_33' title='bbox 828 712 875 757; x_wconf 84' lang='lat' dir='ltr'><strong>et</strong></span> <span class='ocrx_word' id='word_1_34' title='bbox 906 702 1115 773; x_wconf 76' lang='lat' dir='ltr'><strong>Cyrilli.</strong></span> <span class='ocrx_word' id='word_1_35' title='bbox 1157 704 1319 757; x_wconf 86' lang='lat' dir='ltr'><strong>Tcrtii</strong></span> <span class='ocrx_word' id='word_1_36' title='bbox 1369 705 1563 774; x_wconf 82' lang='lat' dir='ltr'><strong>psalmi</strong></span> <span class='ocrx_word' id='word_1_37' title='bbox 1608 704 1888 775; x_wconf 74' lang='lat' dir='ltr'><strong>inscriptio</strong></span> <span class='ocrx_word' id='word_1_38' title='bbox 1924 720 2010 759; x_wconf 85' lang='lat' dir='ltr'><strong>re-</strong></span> 
     </span>
    </p>
   </div>
   <div class='ocr_carea' id='block_1_9' title="bbox 444 794 2006 865">
    <p class='ocr_par' dir='ltr' id='par_1_9' title="bbox 444 794 2006 865">
     <span class='ocr_line' id='line_1_9' title="bbox 444 794 2006 865; baseline -0.001 -14"><span class='ocrx_word' id='word_1_39' title='bbox 444 799 610 851; x_wconf 87' lang='lat' dir='ltr'><strong>mittit</strong></span> <span class='ocrx_word' id='word_1_40' title='bbox 663 812 762 851; x_wconf 85' lang='lat' dir='ltr'><strong>nos</strong></span> <span class='ocrx_word' id='word_1_41' title='bbox 808 794 871 847; x_wconf 83' lang='lat' dir='ltr'><strong>ad</strong></span> <span class='ocrx_word' id='word_1_42' title='bbox 923 794 1225 860; x_wconf 77' lang='lat' dir='ltr'><strong>historiam,</strong></span> <span class='ocrx_word' id='word_1_43' title='bbox 1277 812 1399 865; x_wconf 67' lang='lat' dir='ltr'><strong>quae</strong></span> <span class='ocrx_word' id='word_1_44' title='bbox 1442 808 1620 852; x_wconf 80' lang='lat' dir='ltr'><strong>exstat</strong></span> <span class='ocrx_word' id='word_1_45' title='bbox 1668 798 1721 852; x_wconf 94' lang='lat' dir='ltr'><strong>in</strong></span> <span class='ocrx_word' id='word_1_46' title='bbox 1766 796 2006 852; x_wconf 87' lang='lat' dir='ltr'><strong>secundo</strong></span> 
     </span>
    </p>
   </div>
   <div class='ocr_carea' id='block_1_10' title="bbox 448 884 2013 957">
    <p class='ocr_par' dir='ltr' id='par_1_10' title="bbox 448 884 2013 957">
     <span class='ocr_line' id='line_1_10' title="bbox 448 884 2013 957; baseline -0.001 -14"><span class='ocrx_word' id='word_1_47' title='bbox 448 890 586 944; x_wconf 84' lang='lat' dir='ltr'><strong>libro</strong></span> <span class='ocrx_word' id='word_1_48' title='bbox 620 887 950 957; x_wconf 78' lang='lat' dir='ltr'><strong>Regnorum.</strong></span> <span class='ocrx_word' id='word_1_49' title='bbox 983 884 1256 941; x_wconf 73' lang='lat' dir='ltr'><strong>Habuerat</strong></span> <span class='ocrx_word' id='word_1_50' title='bbox 1279 887 1445 943; x_wconf 88' lang='lat' dir='ltr'><strong>David</strong></span> <span class='ocrx_word' id='word_1_51' title='bbox 1474 906 1540 943; x_wconf 81' lang='lat' dir='ltr'><strong>ex</strong></span> <span class='ocrx_word' id='word_1_52' title='bbox 1568 889 1798 944; x_wconf 88' lang='lat' dir='ltr'><strong>diversis</strong></span> <span class='ocrx_word' id='word_1_53' title='bbox 1835 888 2013 942; x_wconf 75' lang='lat' dir='ltr'><strong>uxori-</strong></span> 
     </span>
    </p>
   </div>
   <div class='ocr_carea' id='block_1_11' title="bbox 444 980 2014 1050">
    <p class='ocr_par' dir='ltr' id='par_1_11' title="bbox 444 980 2014 1050">
     <span class='ocr_line' id='line_1_11' title="bbox 444 980 2014 1050; baseline -0.002 -15"><span class='ocrx_word' id='word_1_54' title='bbox 444 980 545 1035; x_wconf 74' lang='lat' dir='ltr'><strong>bus</strong></span> <span class='ocrx_word' id='word_1_55' title='bbox 589 980 896 1048; x_wconf 90' lang='lat' dir='ltr'><strong>complures</strong></span> <span class='ocrx_word' id='word_1_56' title='bbox 930 980 1090 1035; x_wconf 80' lang='lat' dir='ltr'><strong>ﬁlios.</strong></span> <span class='ocrx_word' id='word_1_57' title='bbox 1126 981 1271 1034; x_wconf 89' lang='lat' dir='ltr'><strong>luter</strong></span> <span class='ocrx_word' id='word_1_58' title='bbox 1298 980 1396 1035; x_wconf 89' lang='lat' dir='ltr'><strong>hos</strong></span> <span class='ocrx_word' id='word_1_59' title='bbox 1424 981 1636 1035; x_wconf 78' lang='lat' dir='ltr'><strong>Amnon</strong></span> <span class='ocrx_word' id='word_1_60' title='bbox 1667 988 1784 1035; x_wconf 86' lang='lat' dir='ltr'><strong>erat</strong></span> <span class='ocrx_word' id='word_1_61' title='bbox 1812 980 2014 1050; x_wconf 89' lang='lat' dir='ltr'><strong>primo-</strong></span> 
     </span>
    </p>
   </div>
   <div class='ocr_carea' id='block_1_12' title="bbox 445 1074 2008 1145">
    <p class='ocr_par' dir='ltr' id='par_1_12' title="bbox 445 1074 2008 1145">
     <span class='ocr_line' id='line_1_12' title="bbox 445 1074 2008 1145; baseline -0.001 -17"><span class='ocrx_word' id='word_1_62' title='bbox 445 1075 689 1145; x_wconf 86' lang='lat' dir='ltr'><strong>genitus;</strong></span> <span class='ocrx_word' id='word_1_63' title='bbox 722 1089 784 1126; x_wconf 86' lang='lat' dir='ltr'><strong>ex</strong></span> <span class='ocrx_word' id='word_1_64' title='bbox 820 1074 925 1127; x_wconf 87' lang='lat' dir='ltr'><strong>alia</strong></span> <span class='ocrx_word' id='word_1_65' title='bbox 964 1089 1092 1128; x_wconf 88' lang='lat' dir='ltr'><strong>vero</strong></span> <span class='ocrx_word' id='word_1_66' title='bbox 1138 1074 1368 1144; x_wconf 82' lang='lat' dir='ltr'><strong>conjuge</strong></span> <span class='ocrx_word' id='word_1_67' title='bbox 1397 1074 1632 1144; x_wconf 78' lang='lat' dir='ltr'><strong>suscepti</strong></span> <span class='ocrx_word' id='word_1_68' title='bbox 1674 1074 2008 1138; x_wconf 85' lang='lat' dir='ltr'><strong>Abessalom,</strong></span> 
     </span>
    </p>
   </div>
   <div class='ocr_carea' id='block_1_13' title="bbox 444 1165 2015 1239">
    <p class='ocr_par' dir='ltr' id='par_1_13' title="bbox 444 1165 2015 1239">
     <span class='ocr_line' id='line_1_13' title="bbox 444 1165 2015 1239; baseline -0.001 -18"><span class='ocrx_word' id='word_1_69' title='bbox 444 1178 499 1221; x_wconf 88' lang='lat' dir='ltr'><strong>et</strong></span> <span class='ocrx_word' id='word_1_70' title='bbox 520 1165 755 1220; x_wconf 82' lang='lat' dir='ltr'><strong>Thamar</strong></span> <span class='ocrx_word' id='word_1_71' title='bbox 790 1166 918 1231; x_wconf 83' lang='lat' dir='ltr'><strong>lilia,</strong></span> <span class='ocrx_word' id='word_1_72' title='bbox 947 1176 1175 1238; x_wconf 90' lang='lat' dir='ltr'><strong>uterque</strong></span> <span class='ocrx_word' id='word_1_73' title='bbox 1197 1166 1372 1222; x_wconf 83' lang='lat' dir='ltr'><strong>forma</strong></span> <span class='ocrx_word' id='word_1_74' title='bbox 1395 1169 1628 1239; x_wconf 85' lang='lat' dir='ltr'><strong>egregia.</strong></span> <span class='ocrx_word' id='word_1_75' title='bbox 1661 1167 1834 1238; x_wconf 88' lang='lat' dir='ltr'><strong>llnjus</strong></span> <span class='ocrx_word' id='word_1_76' title='bbox 1865 1184 2015 1221; x_wconf 80' lang='lat' dir='ltr'><strong>amu-</strong></span> 
     </span>
    </p>
   </div>
   <div class='ocr_carea' id='block_1_14' title="bbox 445 1260 2011 1329">
    <p class='ocr_par' dir='ltr' id='par_1_14' title="bbox 445 1260 2011 1329">
     <span class='ocr_line' id='line_1_14' title="bbox 445 1260 2011 1329; baseline 0 -16"><span class='ocrx_word' id='word_1_77' title='bbox 445 1275 506 1315; x_wconf 82' lang='lat' dir='ltr'><strong>re</strong></span> <span class='ocrx_word' id='word_1_78' title='bbox 532 1267 813 1329; x_wconf 87' lang='lat' dir='ltr'><strong>correptus</strong></span> <span class='ocrx_word' id='word_1_79' title='bbox 860 1260 1095 1328; x_wconf 84' lang='lat' dir='ltr'><strong>Amnon,</strong></span> <span class='ocrx_word' id='word_1_80' title='bbox 1127 1275 1189 1315; x_wconf 87' lang='lat' dir='ltr'><strong>ac</strong></span> <span class='ocrx_word' id='word_1_81' title='bbox 1245 1262 1497 1315; x_wconf 84' lang='lat' dir='ltr'><strong>morbum</strong></span> <span class='ocrx_word' id='word_1_82' title='bbox 1548 1263 1833 1325; x_wconf 86' lang='lat' dir='ltr'><strong>simulans,</strong></span> <span class='ocrx_word' id='word_1_83' title='bbox 1888 1276 2011 1314; x_wconf 90' lang='lat' dir='ltr'><strong>cum</strong></span> 
     </span>
    </p>
   </div>
   <div class='ocr_carea' id='block_1_15' title="bbox 444 1350 2010 1422">
    <p class='ocr_par' dir='ltr' id='par_1_15' title="bbox 444 1350 2010 1422">
     <span class='ocr_line' id='line_1_15' title="bbox 444 1350 2010 1422; baseline -0.003 -15"><span class='ocrx_word' id='word_1_84' title='bbox 444 1367 477 1407; x_wconf 70' lang='grc' dir='ltr'>ι</span> <span class='ocrx_word' id='word_1_85' title='bbox 507 1351 707 1407; x_wconf 87' lang='lat' dir='ltr'><strong>Davide</strong></span> <span class='ocrx_word' id='word_1_86' title='bbox 733 1354 1064 1417; x_wconf 84' lang='lat' dir='ltr'><strong>visitaretur,</strong></span> <span class='ocrx_word' id='word_1_87' title='bbox 1094 1352 1248 1422; x_wconf 86' lang='lat' dir='ltr'><strong>petiit</strong></span> <span class='ocrx_word' id='word_1_88' title='bbox 1275 1352 1344 1406; x_wconf 90' lang='lat' dir='ltr'><strong>ab</strong></span> <span class='ocrx_word' id='word_1_89' title='bbox 1375 1352 1517 1421; x_wconf 89' lang='lat' dir='ltr'><strong>ipso,</strong></span> <span class='ocrx_word' id='word_1_90' title='bbox 1553 1363 1613 1406; x_wconf 89' lang='lat' dir='ltr'><strong>ut</strong></span> <span class='ocrx_word' id='word_1_91' title='bbox 1638 1366 1878 1405; x_wconf 78' lang='lat' dir='ltr'><strong>sororem</strong></span> <span class='ocrx_word' id='word_1_92' title='bbox 1909 1350 2010 1403; x_wconf 84' lang='lat' dir='ltr'><strong>sibi</strong></span> 
     </span>
    </p>
   </div>
   <div class='ocr_carea' id='block_1_16' title="bbox 445 1441 2009 1513">
    <p class='ocr_par' dir='ltr' id='par_1_16' title="bbox 445 1441 2009 1513">
     <span class='ocr_line' id='line_1_16' title="bbox 445 1441 2009 1513; baseline -0.003 -15"><span class='ocrx_word' id='word_1_93' title='bbox 445 1445 767 1498; x_wconf 90' lang='lat' dir='ltr'><strong>curatricem</strong></span> <span class='ocrx_word' id='word_1_94' title='bbox 796 1445 985 1500; x_wconf 84' lang='lat' dir='ltr'><strong>adesse</strong></span> <span class='ocrx_word' id='word_1_95' title='bbox 1007 1444 1238 1513; x_wconf 89' lang='lat' dir='ltr'><strong>juberet.</strong></span> <span class='ocrx_word' id='word_1_96' title='bbox 1272 1442 1446 1511; x_wconf 85' lang='lat' dir='ltr'><strong>Atque</strong></span> <span class='ocrx_word' id='word_1_97' title='bbox 1475 1443 1549 1497; x_wconf 90' lang='lat' dir='ltr'><strong>ita</strong></span> <span class='ocrx_word' id='word_1_98' title='bbox 1580 1457 1698 1498; x_wconf 87' lang='lat' dir='ltr'><strong>eam</strong></span> <span class='ocrx_word' id='word_1_99' title='bbox 1729 1441 1969 1509; x_wconf 88' lang='lat' dir='ltr'><strong>corrupit</strong></span> <span class='ocrx_word' id='word_1_100' title='bbox 1996 1459 2009 1494; x_wconf 91' lang='lat'><strong>:</strong></span> 
     </span>
    </p>
   </div>
   <div class='ocr_carea' id='block_1_17' title="bbox 449 1522 2014 1605">
    <p class='ocr_par' dir='ltr' id='par_1_17' title="bbox 449 1522 2014 1605">
     <span class='ocr_line' id='line_1_17' title="bbox 449 1522 2014 1605; baseline -0.001 -15"><span class='ocrx_word' id='word_1_101' title='bbox 449 1522 570 1604; x_wconf 84' lang='lat' dir='ltr'><strong>post</strong></span> <span class='ocrx_word' id='word_1_102' title='bbox 599 1538 760 1592; x_wconf 85' lang='lat' dir='ltr'><strong>etiam</strong></span> <span class='ocrx_word' id='word_1_103' title='bbox 795 1537 921 1592; x_wconf 80' lang='lat' dir='ltr'><strong>odin</strong></span> <span class='ocrx_word' id='word_1_104' title='bbox 950 1537 1174 1603; x_wconf 83' lang='lat' dir='ltr'><strong>habens,</strong></span> <span class='ocrx_word' id='word_1_105' title='bbox 1217 1538 1379 1591; x_wconf 88' lang='lat' dir='ltr'><strong>domo</strong></span> <span class='ocrx_word' id='word_1_106' title='bbox 1400 1536 1580 1605; x_wconf 79' lang='lat' dir='ltr'><strong>ejecit.</strong></span> <span class='ocrx_word' id='word_1_107' title='bbox 1605 1537 1724 1605; x_wconf 87' lang='lat' dir='ltr'><strong>ipsa</strong></span> <span class='ocrx_word' id='word_1_108' title='bbox 1757 1549 1884 1589; x_wconf 89' lang='lat' dir='ltr'><strong>vero</strong></span> <span class='ocrx_word' id='word_1_109' title='bbox 1914 1534 2014 1589; x_wconf 88' lang='lat' dir='ltr'><strong>fra-</strong></span> 
     </span>
    </p>
   </div>
   <div class='ocr_carea' id='block_1_18' title="bbox 448 1626 2012 1698">
    <p class='ocr_par' dir='ltr' id='par_1_18' title="bbox 448 1626 2012 1698">
     <span class='ocr_line' id='line_1_18' title="bbox 448 1626 2012 1698; baseline 0 -17"><span class='ocrx_word' id='word_1_110' title='bbox 448 1628 517 1682; x_wconf 85' lang='lat' dir='ltr'><strong>tri.</strong></span> <span class='ocrx_word' id='word_1_111' title='bbox 546 1628 862 1684; x_wconf 83' lang='lat' dir='ltr'><strong>Ahessaloni</strong></span> <span class='ocrx_word' id='word_1_112' title='bbox 893 1629 959 1683; x_wconf 88' lang='lat' dir='ltr'><strong>de</strong></span> <span class='ocrx_word' id='word_1_113' title='bbox 989 1628 1186 1696; x_wconf 86' lang='lat' dir='ltr'><strong>injuria</strong></span> <span class='ocrx_word' id='word_1_114' title='bbox 1215 1629 1584 1698; x_wconf 85' lang='lat' dir='ltr'><strong>conqueritur.</strong></span> <span class='ocrx_word' id='word_1_115' title='bbox 1623 1626 1725 1694; x_wconf 86' lang='lat' dir='ltr'><strong>Qui</strong></span> <span class='ocrx_word' id='word_1_116' title='bbox 1766 1627 1892 1682; x_wconf 89' lang='lat' dir='ltr'><strong>licet</strong></span> <span class='ocrx_word' id='word_1_117' title='bbox 1920 1642 2012 1681; x_wconf 87' lang='lat' dir='ltr'><strong>ve-</strong></span> 
     </span>
    </p>
   </div>
   <div class='ocr_carea' id='block_1_19' title="bbox 2201 698 3682 770">
    <p class='ocr_par' dir='ltr' id='par_1_19' title="bbox 2201 698 3682 770">
     <span class='ocr_line' id='line_1_19' title="bbox 2201 698 3682 770; baseline -0.005 -15"><span class='ocrx_word' id='word_1_118' title='bbox 2201 702 2567 767; x_wconf 75' lang='grc' dir='ltr'>Ἄθανασίου,</span> <span class='ocrx_word' id='word_1_119' title='bbox 2591 699 2917 768; x_wconf 75' lang='grc' dir='ltr'>Κυρίλλου.</span> <span class='ocrx_word' id='word_1_120' title='bbox 2936 699 3029 754; x_wconf 82' lang='lat' dir='ltr'><strong>Sic</strong></span> <span class='ocrx_word' id='word_1_121' title='bbox 3049 698 3240 770; x_wconf 80' lang='lat' dir='ltr'><strong>absque</strong></span> <span class='ocrx_word' id='word_1_122' title='bbox 3261 699 3448 768; x_wconf 85' lang='lat' dir='ltr'><strong>copula</strong></span> <span class='ocrx_word' id='word_1_123' title='bbox 3477 708 3596 750; x_wconf 81' lang='lat' dir='ltr'><strong>utrn</strong></span> <span class='ocrx_word' id='word_1_124' title='bbox 3606 713 3682 749; x_wconf 84' lang='lat' dir='ltr'><strong>nt-</strong></span> 
     </span>
    </p>
   </div>
   <div class='ocr_carea' id='block_1_20' title="bbox 2117 792 3681 865">
    <p class='ocr_par' dir='ltr' id='par_1_20' title="bbox 2117 792 3681 865">
     <span class='ocr_line' id='line_1_20' title="bbox 2117 792 3681 865; baseline -0.004 -15"><span class='ocrx_word' id='word_1_125' title='bbox 2117 813 2213 865; x_wconf 86' lang='lat' dir='ltr'><strong>que</strong></span> <span class='ocrx_word' id='word_1_126' title='bbox 2250 811 2433 849; x_wconf 82' lang='lat' dir='ltr'><strong>nomen</strong></span> <span class='ocrx_word' id='word_1_127' title='bbox 2476 794 2791 863; x_wconf 74' lang='lat' dir='ltr'><strong>conjnngeus</strong></span> <span class='ocrx_word' id='word_1_128' title='bbox 2835 809 2853 846; x_wconf 92' lang='lat'><em>:</em></span> <span class='ocrx_word' id='word_1_129' title='bbox 2889 793 3023 861; x_wconf 80' lang='lat' dir='ltr'><strong>forte</strong></span> <span class='ocrx_word' id='word_1_130' title='bbox 3072 808 3134 846; x_wconf 83' lang='lat' dir='ltr'><strong>ea:</strong></span> <span class='ocrx_word' id='word_1_131' title='bbox 3165 804 3381 863; x_wconf 84' lang='lat' dir='ltr'><strong>utroque</strong></span> <span class='ocrx_word' id='word_1_132' title='bbox 3417 792 3681 861; x_wconf 55' lang='lat' dir='ltr'><strong>sequentia</strong></span> 
     </span>
    </p>
   </div>
   <div class='ocr_carea' id='block_1_21' title="bbox 2116 881 3678 958">
    <p class='ocr_par' dir='ltr' id='par_1_21' title="bbox 2116 881 3678 958">
     <span class='ocr_line' id='line_1_21' title="bbox 2116 881 3678 958; baseline -0.004 -16"><span class='ocrx_word' id='word_1_133' title='bbox 2116 890 2347 958; x_wconf 80' lang='lat' dir='ltr'><strong>cuttﬂala</strong></span> <span class='ocrx_word' id='word_1_134' title='bbox 2387 905 2498 941; x_wconf 85' lang='lat' dir='ltr'><strong>esse</strong></span> <span class='ocrx_word' id='word_1_135' title='bbox 2538 889 2755 940; x_wconf 83' lang='lat' dir='ltr'><strong>innuere</strong></span> <span class='ocrx_word' id='word_1_136' title='bbox 2793 887 3067 941; x_wconf 77' lang='lat' dir='ltr'><strong>rolens.’H</strong></span> <span class='ocrx_word' id='word_1_137' title='bbox 3109 885 3201 939; x_wconf 88' lang='grc' dir='ltr'><strong>τοῦ</strong></span> <span class='ocrx_word' id='word_1_138' title='bbox 3253 885 3435 956; x_wconf 81' lang='grc' dir='ltr'>τρίτου</span> <span class='ocrx_word' id='word_1_139' title='bbox 3464 881 3678 954; x_wconf 78' lang='grc' dir='ltr'>ψαλμοῦ</span> 
     </span>
    </p>
   </div>
   <div class='ocr_carea' id='block_1_22' title="bbox 2115 979 3678 1055">
    <p class='ocr_par' dir='ltr' id='par_1_22' title="bbox 2115 979 3678 1055">
     <span class='ocr_line' id='line_1_22' title="bbox 2115 979 3678 1055; baseline -0.005 -17"><span class='ocrx_word' id='word_1_140' title='bbox 2115 984 2391 1055; x_wconf 76' lang='grc' dir='ltr'>ἐπιγραφὴ</span> <span class='ocrx_word' id='word_1_141' title='bbox 2434 983 2571 1054; x_wconf 75' lang='grc' dir='ltr'>πρὸς</span> <span class='ocrx_word' id='word_1_142' title='bbox 2613 982 2710 1054; x_wconf 81' lang='grc' dir='ltr'><strong>τὴν</strong></span> <span class='ocrx_word' id='word_1_143' title='bbox 2759 983 2816 1036; x_wconf 82' lang='grc' dir='ltr'>ὲν</span> <span class='ocrx_word' id='word_1_144' title='bbox 2860 984 2924 1053; x_wconf 83' lang='grc' dir='ltr'>τῇ</span> <span class='ocrx_word' id='word_1_145' title='bbox 2961 981 3187 1052; x_wconf 78' lang='grc' dir='ltr'><strong>δευτέρᾳ</strong></span> <span class='ocrx_word' id='word_1_146' title='bbox 3234 979 3342 1033; x_wconf 82' lang='grc' dir='ltr'><strong>τῶν</strong></span> <span class='ocrx_word' id='word_1_147' title='bbox 3388 979 3678 1033; x_wconf 80' lang='grc' dir='ltr'>Βασιλειῶν</span> 
     </span>
    </p>
   </div>
   <div class='ocr_carea' id='block_1_23' title="bbox 2116 1071 3680 1148">
    <p class='ocr_par' dir='ltr' id='par_1_23' title="bbox 2116 1071 3680 1148">
     <span class='ocr_line' id='line_1_23' title="bbox 2116 1071 3680 1148; baseline -0.003 -19"><span class='ocrx_word' id='word_1_148' title='bbox 2116 1077 2354 1148; x_wconf 79' lang='grc' dir='ltr'><strong>ἱστορίαν</strong></span> <span class='ocrx_word' id='word_1_149' title='bbox 2396 1077 2541 1147; x_wconf 78' lang='grc' dir='ltr'>ἡμᾶς</span> <span class='ocrx_word' id='word_1_150' title='bbox 2588 1075 2967 1145; x_wconf 85' lang='grc' dir='ltr'>παραπέμπει.</span> <span class='ocrx_word' id='word_1_151' title='bbox 3001 1073 3090 1143; x_wconf 85' lang='grc' dir='ltr'>Τῷ</span> <span class='ocrx_word' id='word_1_152' title='bbox 3118 1072 3278 1126; x_wconf 79' lang='grc' dir='ltr'><strong>Δαυῖδ</strong></span> <span class='ocrx_word' id='word_1_153' title='bbox 3307 1075 3370 1125; x_wconf 83' lang='grc' dir='ltr'>ὲκ</span> <span class='ocrx_word' id='word_1_154' title='bbox 3413 1071 3680 1142; x_wconf 79' lang='grc' dir='ltr'>διαφόρων</span> 
     </span>
    </p>
   </div>
   <div class='ocr_carea' id='block_1_24' title="bbox 2114 1165 3681 1238">
    <p class='ocr_par' dir='ltr' id='par_1_24' title="bbox 2114 1165 3681 1238">
     <span class='ocr_line' id='line_1_24' title="bbox 2114 1165 3681 1238; baseline -0.002 -17"><span class='ocrx_word' id='word_1_155' title='bbox 2114 1169 2386 1238; x_wconf 84' lang='grc' dir='ltr'>γυναικῶν</span> <span class='ocrx_word' id='word_1_156' title='bbox 2417 1170 2600 1233; x_wconf 78' lang='grc' dir='ltr'>παῖδες</span> <span class='ocrx_word' id='word_1_157' title='bbox 2632 1169 2875 1237; x_wconf 75' lang='grc' dir='ltr'>ἐγένοντο</span> <span class='ocrx_word' id='word_1_158' title='bbox 2900 1167 3159 1230; x_wconf 85' lang='grc' dir='ltr'>πλείονες.</span> <span class='ocrx_word' id='word_1_159' title='bbox 3180 1167 3265 1219; x_wconf 84' lang='grc' dir='ltr'>Ἐν</span> <span class='ocrx_word' id='word_1_160' title='bbox 3292 1167 3501 1229; x_wconf 80' lang='grc' dir='ltr'><strong>τούτοις</strong></span> <span class='ocrx_word' id='word_1_161' title='bbox 3532 1165 3626 1219; x_wconf 75' lang='grc' dir='ltr'><strong>καὶ</strong></span> <span class='ocrx_word' id='word_1_162' title='bbox 3652 1166 3681 1218; x_wconf 99' lang='lat'><strong>6</strong></span> 
     </span>
    </p>
   </div>
   <div class='ocr_carea' id='block_1_25' title="bbox 2125 1256 3682 1334">
    <p class='ocr_par' dir='ltr' id='par_1_25' title="bbox 2125 1256 3682 1334">
     <span class='ocr_line' id='line_1_25' title="bbox 2125 1256 3682 1334; baseline -0.004 -18"><span class='ocrx_word' id='word_1_163' title='bbox 2125 1262 2335 1333; x_wconf 80' lang='grc' dir='ltr'>Ἀμνὼν</span> <span class='ocrx_word' id='word_1_164' title='bbox 2362 1258 2429 1334; x_wconf 84' lang='grc' dir='ltr'><strong>ῆν</strong></span> <span class='ocrx_word' id='word_1_165' title='bbox 2455 1263 2793 1334; x_wconf 88' lang='grc' dir='ltr'>πρωτότοκος</span> <span class='ocrx_word' id='word_1_166' title='bbox 2812 1279 2824 1292; x_wconf 72' lang='grc' dir='ltr'><strong><em>ο</em></strong></span> <span class='ocrx_word' id='word_1_167' title='bbox 2854 1261 2912 1327; x_wconf 77' lang='grc' dir='ltr'>ἐξ</span> <span class='ocrx_word' id='word_1_168' title='bbox 2960 1262 3151 1333; x_wconf 80' lang='grc' dir='ltr'>ἐτέρας</span> <span class='ocrx_word' id='word_1_169' title='bbox 3174 1260 3230 1313; x_wconf 74' lang='grc' dir='ltr'>δὲ</span> <span class='ocrx_word' id='word_1_170' title='bbox 3257 1261 3286 1312; x_wconf 90' lang='grc' dir='ltr'><strong>ὀ</strong></span> <span class='ocrx_word' id='word_1_171' title='bbox 3328 1256 3682 1326; x_wconf 83' lang='grc' dir='ltr'>Ἀϐεσσαλὼμ</span> 
     </span>
    </p>
   </div>
   <div class='ocr_carea' id='block_1_26' title="bbox 2118 1348 3679 1425">
    <p class='ocr_par' dir='ltr' id='par_1_26' title="bbox 2118 1348 3679 1425">
     <span class='ocr_line' id='line_1_26' title="bbox 2118 1348 3679 1425; baseline -0.004 -19"><span class='ocrx_word' id='word_1_172' title='bbox 2118 1352 2213 1407; x_wconf 87' lang='grc' dir='ltr'><strong>καὶ</strong></span> <span class='ocrx_word' id='word_1_173' title='bbox 2241 1356 2274 1424; x_wconf 85' lang='grc' dir='ltr'>ἡ</span> <span class='ocrx_word' id='word_1_174' title='bbox 2308 1353 2523 1425; x_wconf 85' lang='grc' dir='ltr'>Θάμαρ,</span> <span class='ocrx_word' id='word_1_175' title='bbox 2557 1353 2721 1423; x_wconf 84' lang='grc' dir='ltr'>άμφω</span> <span class='ocrx_word' id='word_1_176' title='bbox 2747 1352 2843 1423; x_wconf 81' lang='grc' dir='ltr'><strong>τὴν</strong></span> <span class='ocrx_word' id='word_1_177' title='bbox 2868 1353 2987 1422; x_wconf 66' lang='grc' dir='ltr'>ὄψιν</span> <span class='ocrx_word' id='word_1_178' title='bbox 3015 1351 3186 1406; x_wconf 87' lang='grc' dir='ltr'>καλοί.</span> <span class='ocrx_word' id='word_1_179' title='bbox 3210 1349 3422 1416; x_wconf 69' lang='grc' dir='ltr'>Ταύτης</span> <span class='ocrx_word' id='word_1_180' title='bbox 3469 1348 3679 1419; x_wconf 74' lang='grc' dir='ltr'>ἠράσθη</span> 
     </span>
    </p>
   </div>
   <div class='ocr_carea' id='block_1_27' title="bbox 2117 1438 3682 1516">
    <p class='ocr_par' dir='ltr' id='par_1_27' title="bbox 2117 1438 3682 1516">
     <span class='ocr_line' id='line_1_27' title="bbox 2117 1438 3682 1516; baseline -0.005 -17"><span class='ocrx_word' id='word_1_181' title='bbox 2117 1446 2145 1499; x_wconf 92' lang='lat'><strong>6</strong></span> <span class='ocrx_word' id='word_1_182' title='bbox 2190 1444 2400 1515; x_wconf 81' lang='grc' dir='ltr'>Ἀμνὼν</span> <span class='ocrx_word' id='word_1_183' title='bbox 2419 1462 2433 1475; x_wconf 78' lang='grc'><em>’</em></span> <span class='ocrx_word' id='word_1_184' title='bbox 2463 1446 2557 1498; x_wconf 84' lang='grc' dir='ltr'><strong>καὶ</strong></span> <span class='ocrx_word' id='word_1_185' title='bbox 2580 1448 2754 1498; x_wconf 83' lang='grc' dir='ltr'>νοσεῖν</span> <span class='ocrx_word' id='word_1_186' title='bbox 2783 1443 3234 1516; x_wconf 77' lang='grc' dir='ltr'>ὑποκρινάμενος,</span> <span class='ocrx_word' id='word_1_187' title='bbox 3259 1439 3444 1509; x_wconf 72' lang='grc' dir='ltr'>ἐπειδὴ</span> <span class='ocrx_word' id='word_1_188' title='bbox 3469 1440 3499 1492; x_wconf 93' lang='lat'><strong>6</strong></span> <span class='ocrx_word' id='word_1_189' title='bbox 3522 1438 3682 1492; x_wconf 85' lang='grc' dir='ltr'>Δαυῒδ</span> 
     </span>
    </p>
   </div>
   <div class='ocr_carea' id='block_1_28' title="bbox 2117 1530 3681 1609">
    <p class='ocr_par' dir='ltr' id='par_1_28' title="bbox 2117 1530 3681 1609">
     <span class='ocr_line' id='line_1_28' title="bbox 2117 1530 3681 1609; baseline -0.005 -18"><span class='ocrx_word' id='word_1_190' title='bbox 2117 1539 2279 1593; x_wconf 77' lang='grc' dir='ltr'>αὐτὸν</span> <span class='ocrx_word' id='word_1_191' title='bbox 2303 1537 2659 1607; x_wconf 65' lang='grc' dir='ltr'>ἐπεσκέψατο,</span> <span class='ocrx_word' id='word_1_192' title='bbox 2691 1540 2943 1609; x_wconf 85' lang='grc' dir='ltr'>παρεῖναι</span> <span class='ocrx_word' id='word_1_193' title='bbox 2965 1535 3116 1607; x_wconf 71' lang='grc' dir='ltr'>ἠξίου</span> <span class='ocrx_word' id='word_1_194' title='bbox 3145 1536 3243 1606; x_wconf 82' lang='grc' dir='ltr'><strong>τὴν</strong></span> <span class='ocrx_word' id='word_1_195' title='bbox 3266 1534 3499 1603; x_wconf 79' lang='grc' dir='ltr'>ἀδελφὴν</span> <span class='ocrx_word' id='word_1_196' title='bbox 3521 1530 3681 1586; x_wconf 76' lang='grc' dir='ltr'>αὐτὸν</span> 
     </span>
    </p>
   </div>
   <div class='ocr_carea' id='block_1_29' title="bbox 2119 1621 3683 1700">
    <p class='ocr_par' dir='ltr' id='par_1_29' title="bbox 2119 1621 3683 1700">
     <span class='ocr_line' id='line_1_29' title="bbox 2119 1621 3683 1700; baseline -0.003 -18"><span class='ocrx_word' id='word_1_197' title='bbox 2119 1628 2578 1700; x_wconf 86' lang='grc' dir='ltr'>θεραπεύσουσαν.</span> <span class='ocrx_word' id='word_1_198' title='bbox 2598 1629 2708 1681; x_wconf 84' lang='grc' dir='ltr'>Καὶ</span> <span class='ocrx_word' id='word_1_199' title='bbox 2731 1627 3067 1698; x_wconf 80' lang='grc' dir='ltr'>διαφθείρας,</span> <span class='ocrx_word' id='word_1_200' title='bbox 3098 1621 3216 1680; x_wconf 79' lang='grc' dir='ltr'>εἶτα</span> <span class='ocrx_word' id='word_1_201' title='bbox 3247 1626 3499 1696; x_wconf 76' lang='grc' dir='ltr'>μισήσας,</span> <span class='ocrx_word' id='word_1_202' title='bbox 3525 1621 3683 1685; x_wconf 79' lang='grc' dir='ltr'>εὐθὺς</span> 
     </span>
    </p>
   </div>
   <div class='ocr_carea' id='block_1_30' title="bbox 447 1712 2023 1804">
    <p class='ocr_par' dir='ltr' id='par_1_30' title="bbox 447 1718 2011 1786">
     <span class='ocr_line' id='line_1_30' title="bbox 447 1718 2011 1786; baseline -0.001 -12"><span class='ocrx_word' id='word_1_203' title='bbox 447 1718 729 1774; x_wconf 87' lang='lat' dir='ltr'><strong>hementer</strong></span> <span class='ocrx_word' id='word_1_204' title='bbox 770 1728 910 1775; x_wconf 86' lang='lat' dir='ltr'><strong>esset</strong></span> <span class='ocrx_word' id='word_1_205' title='bbox 952 1729 1284 1786; x_wconf 89' lang='lat' dir='ltr'><strong>commotus,</strong></span> <span class='ocrx_word' id='word_1_206' title='bbox 1316 1721 1450 1773; x_wconf 88' lang='lat' dir='ltr'><strong>iram</strong></span> <span class='ocrx_word' id='word_1_207' title='bbox 1477 1729 1654 1773; x_wconf 85' lang='lat' dir='ltr'><strong>tamen</strong></span> <span class='ocrx_word' id='word_1_208' title='bbox 1681 1718 2011 1774; x_wconf 86' lang='lat' dir='ltr'><strong>dissimulat.</strong></span> 
     </span>
    </p>
   </div>
   <div class='ocr_carea' id='block_1_31' title="bbox 2127 1712 3680 1804">
    <p class='ocr_par' dir='ltr' id='par_1_31' title="bbox 2127 1712 3680 1804">
     <span class='ocr_line' id='line_1_31' title="bbox 2127 1712 3680 1804; baseline -0.005 -33"><span class='ocrx_word' id='word_1_209' title='bbox 2127 1719 2523 1790; x_wconf 77' lang='grc' dir='ltr'>ὲξέπεμψεν.Ἠ</span> <span class='ocrx_word' id='word_1_210' title='bbox 2547 1719 2605 1773; x_wconf 80' lang='grc' dir='ltr'>δὲ</span> <span class='ocrx_word' id='word_1_211' title='bbox 2651 1718 2729 1791; x_wconf 84' lang='grc' dir='ltr'>τῷ</span> <span class='ocrx_word' id='word_1_212' title='bbox 2776 1718 2986 1789; x_wconf 76' lang='grc' dir='ltr'>ἀδελφῷ</span> <span class='ocrx_word' id='word_1_213' title='bbox 3026 1715 3374 1784; x_wconf 85' lang='grc' dir='ltr'>Ἀϐεσσαλὼμ</span> <span class='ocrx_word' id='word_1_214' title='bbox 3395 1713 3492 1785; x_wconf 77' lang='grc' dir='ltr'>τὴν</span> <span class='ocrx_word' id='word_1_215' title='bbox 3526 1712 3680 1804; x_wconf 88' lang='grc' dir='ltr'>ῦϐριν</span> 
     </span>
    </p>
   </div>
   <div class='ocr_carea' id='block_1_32' title="bbox 447 1810 2019 1881">
    <p class='ocr_par' dir='ltr' id='par_1_32' title="bbox 447 1810 2019 1881">
     <span class='ocr_line' id='line_1_32' title="bbox 447 1810 2019 1881; baseline -0.003 -15"><span class='ocrx_word' id='word_1_216' title='bbox 447 1811 518 1866; x_wconf 83' lang='lat' dir='ltr'><strong>At</strong></span> <span class='ocrx_word' id='word_1_217' title='bbox 547 1812 823 1881; x_wconf 89' lang='lat' dir='ltr'><strong>aliquanto</strong></span> <span class='ocrx_word' id='word_1_218' title='bbox 847 1818 971 1881; x_wconf 90' lang='lat' dir='ltr'><strong>post</strong></span> <span class='ocrx_word' id='word_1_219' title='bbox 1008 1820 1248 1881; x_wconf 88' lang='lat' dir='ltr'><strong>tempore</strong></span> <span class='ocrx_word' id='word_1_220' title='bbox 1270 1812 1572 1865; x_wconf 82' lang='lat' dir='ltr'><strong>Amnoncm</strong></span> <span class='ocrx_word' id='word_1_221' title='bbox 1596 1810 1661 1865; x_wconf 88' lang='lat' dir='ltr'><strong>ad</strong></span> <span class='ocrx_word' id='word_1_222' title='bbox 1689 1824 1900 1864; x_wconf 65' lang='lat' dir='ltr'><strong>coenam</strong></span> <span class='ocrx_word' id='word_1_223' title='bbox 1930 1825 2019 1863; x_wconf 87' lang='lat' dir='ltr'><strong>vo-</strong></span> 
     </span>
    </p>
   </div>
   <div class='ocr_carea' id='block_1_33' title="bbox 450 1902 2014 1973">
    <p class='ocr_par' dir='ltr' id='par_1_33' title="bbox 450 1902 2014 1973">
     <span class='ocr_line' id='line_1_33' title="bbox 450 1902 2014 1973; baseline 0.001 -17"><span class='ocrx_word' id='word_1_224' title='bbox 450 1910 631 1956; x_wconf 89' lang='lat' dir='ltr'><strong>catum</strong></span> <span class='ocrx_word' id='word_1_225' title='bbox 682 1902 965 1966; x_wconf 88' lang='lat' dir='ltr'><strong>interimit,</strong></span> <span class='ocrx_word' id='word_1_226' title='bbox 1014 1913 1373 1972; x_wconf 80' lang='lat' dir='ltr'><strong>metuensque</strong></span> <span class='ocrx_word' id='word_1_227' title='bbox 1420 1904 1588 1971; x_wconf 88' lang='lat' dir='ltr'><strong>patris</strong></span> <span class='ocrx_word' id='word_1_228' title='bbox 1630 1903 1789 1969; x_wconf 91' lang='lat' dir='ltr'><strong>iram,</strong></span> <span class='ocrx_word' id='word_1_229' title='bbox 1842 1902 2014 1973; x_wconf 79' lang='lat' dir='ltr'><strong>fugit:</strong></span> 
     </span>
    </p>
   </div>
   <div class='ocr_carea' id='block_1_34' title="bbox 451 1991 2018 2061">
    <p class='ocr_par' dir='ltr' id='par_1_34' title="bbox 451 1991 2018 2061">
     <span class='ocr_line' id='line_1_34' title="bbox 451 1991 2018 2061; baseline 0.004 -20"><span class='ocrx_word' id='word_1_230' title='bbox 451 1993 780 2061; x_wconf 67' lang='lat' dir='ltr'><strong>.lemumque</strong></span> <span class='ocrx_word' id='word_1_231' title='bbox 825 1999 949 2061; x_wconf 83' lang='lat' dir='ltr'><strong>pust</strong></span> <span class='ocrx_word' id='word_1_232' title='bbox 997 2001 1107 2047; x_wconf 92' lang='lat' dir='ltr'><strong>tres</strong></span> <span class='ocrx_word' id='word_1_233' title='bbox 1148 2006 1322 2046; x_wconf 87' lang='lat' dir='ltr'><strong>annos</strong></span> <span class='ocrx_word' id='word_1_234' title='bbox 1350 1992 1656 2057; x_wconf 86' lang='lat' dir='ltr'><strong>revertitur,</strong></span> <span class='ocrx_word' id='word_1_235' title='bbox 1690 1994 1769 2046; x_wconf 90' lang='lat' dir='ltr'><strong>ira</strong></span> <span class='ocrx_word' id='word_1_236' title='bbox 1806 1991 2018 2047; x_wconf 84' lang='lat' dir='ltr'><strong>Davidis</strong></span> 
     </span>
    </p>
   </div>
   <div class='ocr_carea' id='block_1_35' title="bbox 445 2082 2020 2153">
    <p class='ocr_par' dir='ltr' id='par_1_35' title="bbox 445 2082 2020 2153">
     <span class='ocr_line' id='line_1_35' title="bbox 445 2082 2020 2153; baseline 0 -15"><span class='ocrx_word' id='word_1_237' title='bbox 445 2082 559 2152; x_wconf 85' lang='lat' dir='ltr'><strong>jam</strong></span> <span class='ocrx_word' id='word_1_238' title='bbox 594 2084 845 2139; x_wconf 85' lang='lat' dir='ltr'><strong>remissa.</strong></span> <span class='ocrx_word' id='word_1_239' title='bbox 881 2082 998 2137; x_wconf 88' lang='lat' dir='ltr'><strong>Non</strong></span> <span class='ocrx_word' id='word_1_240' title='bbox 1037 2083 1183 2139; x_wconf 84' lang='lat' dir='ltr'><strong>illico</strong></span> <span class='ocrx_word' id='word_1_241' title='bbox 1217 2091 1397 2137; x_wconf 88' lang='lat' dir='ltr'><strong>tamen</strong></span> <span class='ocrx_word' id='word_1_242' title='bbox 1448 2083 1502 2138; x_wconf 91' lang='lat' dir='ltr'><strong>in</strong></span> <span class='ocrx_word' id='word_1_243' title='bbox 1537 2091 1887 2153; x_wconf 88' lang='lat' dir='ltr'><strong>conspectum</strong></span> <span class='ocrx_word' id='word_1_244' title='bbox 1918 2082 2020 2138; x_wconf 88' lang='lat' dir='ltr'><strong>Pa-</strong></span> 
     </span>
    </p>
   </div>
   <div class='ocr_carea' id='block_1_36' title="bbox 452 2173 2020 2244">
    <p class='ocr_par' dir='ltr' id='par_1_36' title="bbox 452 2173 2020 2244">
     <span class='ocr_line' id='line_1_36' title="bbox 452 2173 2020 2244; baseline 0.002 -17"><span class='ocrx_word' id='word_1_245' title='bbox 452 2174 555 2229; x_wconf 88' lang='lat' dir='ltr'><strong>tris</strong></span> <span class='ocrx_word' id='word_1_246' title='bbox 587 2173 882 2240; x_wconf 88' lang='lat' dir='ltr'><strong>admissus,</strong></span> <span class='ocrx_word' id='word_1_247' title='bbox 918 2174 1012 2229; x_wconf 89' lang='lat' dir='ltr'><strong>sed</strong></span> <span class='ocrx_word' id='word_1_248' title='bbox 1040 2175 1259 2229; x_wconf 90' lang='lat' dir='ltr'><strong>demum</strong></span> <span class='ocrx_word' id='word_1_249' title='bbox 1307 2182 1433 2244; x_wconf 86' lang='lat' dir='ltr'><strong>post</strong></span> <span class='ocrx_word' id='word_1_250' title='bbox 1476 2175 1613 2232; x_wconf 89' lang='lat' dir='ltr'><strong>duos</strong></span> <span class='ocrx_word' id='word_1_251' title='bbox 1644 2191 1836 2231; x_wconf 89' lang='lat' dir='ltr'><strong>annos.</strong></span> <span class='ocrx_word' id='word_1_252' title='bbox 1868 2175 2020 2230; x_wconf 92' lang='lat' dir='ltr'><strong>Tunc</strong></span> 
     </span>
    </p>
   </div>
   <div class='ocr_carea' id='block_1_37' title="bbox 449 2264 2022 2339">
    <p class='ocr_par' dir='ltr' id='par_1_37' title="bbox 449 2264 2022 2339">
     <span class='ocr_line' id='line_1_37' title="bbox 449 2264 2022 2339; baseline 0.005 -24"><span class='ocrx_word' id='word_1_253' title='bbox 449 2280 581 2319; x_wconf 77' lang='lat' dir='ltr'><strong>vero</strong></span> <span class='ocrx_word' id='word_1_254' title='bbox 607 2264 837 2320; x_wconf 88' lang='lat' dir='ltr'><strong>insidias</strong></span> <span class='ocrx_word' id='word_1_255' title='bbox 862 2265 1006 2320; x_wconf 84' lang='lat' dir='ltr'><strong>Patri</strong></span> <span class='ocrx_word' id='word_1_256' title='bbox 1044 2274 1257 2330; x_wconf 85' lang='lat' dir='ltr'><strong>struere</strong></span> <span class='ocrx_word' id='word_1_257' title='bbox 1292 2266 1478 2337; x_wconf 62' lang='lat' dir='ltr'><strong>coepit,</strong></span> <span class='ocrx_word' id='word_1_258' title='bbox 1509 2283 1807 2339; x_wconf 88' lang='lat' dir='ltr'><strong>currusque</strong></span> <span class='ocrx_word' id='word_1_259' title='bbox 1839 2269 1941 2323; x_wconf 87' lang='lat' dir='ltr'><strong>sibi</strong></span> <span class='ocrx_word' id='word_1_260' title='bbox 1968 2276 2022 2323; x_wconf 89' lang='lat' dir='ltr'><strong>et</strong></span> 
     </span>
    </p>
   </div>
   <div class='ocr_carea' id='block_1_38' title="bbox 450 2357 2021 2431">
    <p class='ocr_par' dir='ltr' id='par_1_38' title="bbox 450 2357 2021 2431">
     <span class='ocr_line' id='line_1_38' title="bbox 450 2357 2021 2431; baseline 0.003 -21"><span class='ocrx_word' id='word_1_261' title='bbox 450 2357 663 2425; x_wconf 88' lang='lat' dir='ltr'><strong>equites</strong></span> <span class='ocrx_word' id='word_1_262' title='bbox 695 2359 1050 2428; x_wconf 88' lang='lat' dir='ltr'><strong>comparavit,</strong></span> <span class='ocrx_word' id='word_1_263' title='bbox 1082 2359 1296 2427; x_wconf 87' lang='lat' dir='ltr'><strong>sibique</strong></span> <span class='ocrx_word' id='word_1_264' title='bbox 1320 2360 1633 2415; x_wconf 83' lang='lat' dir='ltr'><strong>conciliavit</strong></span> <span class='ocrx_word' id='word_1_265' title='bbox 1658 2375 1774 2424; x_wconf 89' lang='lat' dir='ltr'><strong>eos,</strong></span> <span class='ocrx_word' id='word_1_266' title='bbox 1809 2361 1903 2431; x_wconf 91' lang='lat' dir='ltr'><strong>qui</strong></span> <span class='ocrx_word' id='word_1_267' title='bbox 1936 2376 2021 2414; x_wconf 86' lang='lat' dir='ltr'><strong>re-</strong></span> 
     </span>
    </p>
   </div>
   <div class='ocr_carea' id='block_1_39' title="bbox 450 2449 2022 2520">
    <p class='ocr_par' dir='ltr' id='par_1_39' title="bbox 450 2449 2022 2520">
     <span class='ocr_line' id='line_1_39' title="bbox 450 2449 2022 2520; baseline 0.004 -18"><span class='ocrx_word' id='word_1_268' title='bbox 450 2463 571 2517; x_wconf 61' lang='lat' dir='ltr'><strong>gem</strong></span> <span class='ocrx_word' id='word_1_269' title='bbox 599 2449 790 2518; x_wconf 90' lang='lat' dir='ltr'><strong>judicii</strong></span> <span class='ocrx_word' id='word_1_270' title='bbox 817 2465 982 2505; x_wconf 89' lang='lat' dir='ltr'><strong>causa</strong></span> <span class='ocrx_word' id='word_1_271' title='bbox 1011 2451 1250 2517; x_wconf 83' lang='lat' dir='ltr'><strong>adibant,</strong></span> <span class='ocrx_word' id='word_1_272' title='bbox 1293 2452 1396 2506; x_wconf 90' lang='lat' dir='ltr'><strong>sub</strong></span> <span class='ocrx_word' id='word_1_273' title='bbox 1428 2454 1604 2520; x_wconf 89' lang='lat' dir='ltr'><strong>specie</strong></span> <span class='ocrx_word' id='word_1_274' title='bbox 1638 2454 2022 2509; x_wconf 72' lang='lat' dir='ltr'><strong>benevolentiae</strong></span> 
     </span>
    </p>
   </div>
   <div class='ocr_carea' id='block_1_40' title="bbox 448 2539 2023 2615">
    <p class='ocr_par' dir='ltr' id='par_1_40' title="bbox 448 2539 2023 2615">
     <span class='ocr_line' id='line_1_40' title="bbox 448 2539 2023 2615; baseline 0.006 -24"><span class='ocrx_word' id='word_1_275' title='bbox 448 2547 503 2592; x_wconf 84' lang='lat' dir='ltr'><strong>et</strong></span> <span class='ocrx_word' id='word_1_276' title='bbox 536 2539 834 2595; x_wconf 72' lang='lat' dir='ltr'><strong>clementia:</strong></span> <span class='ocrx_word' id='word_1_277' title='bbox 859 2540 1152 2610; x_wconf 89' lang='lat' dir='ltr'><strong>subjiciens</strong></span> <span class='ocrx_word' id='word_1_278' title='bbox 1177 2541 1279 2597; x_wconf 91' lang='lat' dir='ltr'><strong>sibi</strong></span> <span class='ocrx_word' id='word_1_279' title='bbox 1297 2541 1476 2598; x_wconf 86' lang='lat' dir='ltr'><strong>Patris</strong></span> <span class='ocrx_word' id='word_1_280' title='bbox 1506 2544 1773 2609; x_wconf 87' lang='lat' dir='ltr'><strong>subditos,</strong></span> <span class='ocrx_word' id='word_1_281' title='bbox 1797 2560 2023 2615; x_wconf 84' lang='lat' dir='ltr'><strong>cogens-</strong></span> 
     </span>
    </p>
   </div>
   <div class='ocr_carea' id='block_1_41' title="bbox 450 2628 2023 2701">
    <p class='ocr_par' dir='ltr' id='par_1_41' title="bbox 450 2628 2023 2701">
     <span class='ocr_line' id='line_1_41' title="bbox 450 2628 2023 2701; baseline 0.003 -18"><span class='ocrx_word' id='word_1_282' title='bbox 450 2643 559 2699; x_wconf 75' lang='lat' dir='ltr'><strong>Que</strong></span> <span class='ocrx_word' id='word_1_283' title='bbox 589 2628 856 2699; x_wconf 79' lang='lat' dir='ltr'><strong>ingentem</strong></span> <span class='ocrx_word' id='word_1_284' title='bbox 893 2630 1294 2701; x_wconf 78' lang='lat' dir='ltr'><strong>transfugarum</strong></span> <span class='ocrx_word' id='word_1_285' title='bbox 1322 2633 1746 2695; x_wconf 84' lang='lat' dir='ltr'><strong>multitudinem.</strong></span> <span class='ocrx_word' id='word_1_286' title='bbox 1783 2645 1839 2688; x_wconf 88' lang='lat' dir='ltr'><strong>ut</strong></span> <span class='ocrx_word' id='word_1_287' title='bbox 1874 2634 2023 2689; x_wconf 85' lang='lat' dir='ltr'><strong>Patri</strong></span> 
     </span>
    </p>
   </div>
   <div class='ocr_carea' id='block_1_42' title="bbox 452 2713 2023 2793">
    <p class='ocr_par' dir='ltr' id='par_1_42' title="bbox 452 2713 2023 2793">
     <span class='ocr_line' id='line_1_42' title="bbox 452 2713 2023 2793; baseline 0.008 -27"><span class='ocrx_word' id='word_1_288' title='bbox 452 2713 680 2769; x_wconf 85' lang='lat' dir='ltr'><strong>insidias</strong></span> <span class='ocrx_word' id='word_1_289' title='bbox 712 2717 970 2771; x_wconf 88' lang='lat' dir='ltr'><strong>tenderet.</strong></span> <span class='ocrx_word' id='word_1_290' title='bbox 1020 2716 1092 2770; x_wconf 70' lang='lat' dir='ltr'><strong>Ad</strong></span> <span class='ocrx_word' id='word_1_291' title='bbox 1126 2726 1454 2787; x_wconf 79' lang='lat' dir='ltr'><strong>extremum,</strong></span> <span class='ocrx_word' id='word_1_292' title='bbox 1488 2720 1703 2787; x_wconf 87' lang='lat' dir='ltr'><strong>defecit,</strong></span> <span class='ocrx_word' id='word_1_293' title='bbox 1737 2738 1903 2793; x_wconf 91' lang='lat' dir='ltr'><strong>seque</strong></span> <span class='ocrx_word' id='word_1_294' title='bbox 1931 2722 2023 2778; x_wconf 73' lang='lat' dir='ltr'><strong>&#39;re—</strong></span> 
     </span>
    </p>
   </div>
   <div class='ocr_carea' id='block_1_43' title="bbox 452 2809 2022 2881">
    <p class='ocr_par' dir='ltr' id='par_1_43' title="bbox 452 2809 2022 2881">
     <span class='ocr_line' id='line_1_43' title="bbox 452 2809 2022 2881; baseline 0.008 -21"><span class='ocrx_word' id='word_1_295' title='bbox 452 2822 572 2878; x_wconf 81' lang='lat' dir='ltr'><strong>gem</strong></span> <span class='ocrx_word' id='word_1_296' title='bbox 618 2809 968 2878; x_wconf 89' lang='lat' dir='ltr'><strong>nuncupavit.</strong></span> <span class='ocrx_word' id='word_1_297' title='bbox 996 2809 1311 2881; x_wconf 84' lang='lat' dir='ltr'><strong>Assumpsit</strong></span> <span class='ocrx_word' id='word_1_298' title='bbox 1354 2827 1483 2867; x_wconf 91' lang='lat' dir='ltr'><strong>vero</strong></span> <span class='ocrx_word' id='word_1_299' title='bbox 1515 2829 1640 2868; x_wconf 90' lang='lat' dir='ltr'><strong>cum</strong></span> <span class='ocrx_word' id='word_1_300' title='bbox 1681 2816 1869 2871; x_wconf 90' lang='lat' dir='ltr'><strong>multis</strong></span> <span class='ocrx_word' id='word_1_301' title='bbox 1900 2818 2022 2872; x_wconf 90' lang='lat' dir='ltr'><strong>aliis</strong></span> 
     </span>
    </p>
   </div>
   <div class='ocr_carea' id='block_1_44' title="bbox 450 2897 2025 2973">
    <p class='ocr_par' dir='ltr' id='par_1_44' title="bbox 450 2897 2025 2973">
     <span class='ocr_line' id='line_1_44' title="bbox 450 2897 2025 2973; baseline 0.008 -22"><span class='ocrx_word' id='word_1_302' title='bbox 450 2897 615 2951; x_wconf 85' lang='lat' dir='ltr'><strong>etiam</strong></span> <span class='ocrx_word' id='word_1_303' title='bbox 645 2898 1075 2969; x_wconf 82' lang='lat' dir='ltr'><strong>Achitophelem,</strong></span> <span class='ocrx_word' id='word_1_304' title='bbox 1110 2902 1203 2971; x_wconf 92' lang='lat' dir='ltr'><strong>qui</strong></span> <span class='ocrx_word' id='word_1_305' title='bbox 1236 2901 1420 2957; x_wconf 87' lang='lat' dir='ltr'><strong>Davidi</strong></span> <span class='ocrx_word' id='word_1_306' title='bbox 1446 2914 1563 2959; x_wconf 88' lang='lat' dir='ltr'><strong>erat</strong></span> <span class='ocrx_word' id='word_1_307' title='bbox 1600 2920 1631 2959; x_wconf 90' lang='lat' dir='ltr'><strong>a</strong></span> <span class='ocrx_word' id='word_1_308' title='bbox 1658 2907 1921 2973; x_wconf 84' lang='lat' dir='ltr'><strong>consiliis,</strong></span> <span class='ocrx_word' id='word_1_309' title='bbox 1943 2910 2025 2963; x_wconf 83' lang='lat' dir='ltr'><strong>vi-</strong></span> 
     </span>
    </p>
   </div>
   <div class='ocr_carea' id='block_1_45' title="bbox 453 2988 2021 3068">
    <p class='ocr_par' dir='ltr' id='par_1_45' title="bbox 453 2988 2021 3068">
     <span class='ocr_line' id='line_1_45' title="bbox 453 2988 2021 3068; baseline 0.008 -25"><span class='ocrx_word' id='word_1_310' title='bbox 453 3004 575 3043; x_wconf 90' lang='lat' dir='ltr'><strong>rum</strong></span> <span class='ocrx_word' id='word_1_311' title='bbox 604 2988 817 3045; x_wconf 83' lang='lat' dir='ltr'><strong>vafrum</strong></span> <span class='ocrx_word' id='word_1_312' title='bbox 843 3000 898 3046; x_wconf 91' lang='lat' dir='ltr'><strong>et</strong></span> <span class='ocrx_word' id='word_1_313' title='bbox 922 2992 1270 3048; x_wconf 90' lang='lat' dir='ltr'><strong>industrium.</strong></span> <span class='ocrx_word' id='word_1_314' title='bbox 1298 2993 1418 3060; x_wconf 86' lang='lat' dir='ltr'><strong>Quo</strong></span> <span class='ocrx_word' id='word_1_315' title='bbox 1451 2994 1659 3063; x_wconf 87' lang='lat' dir='ltr'><strong>audito,</strong></span> <span class='ocrx_word' id='word_1_316' title='bbox 1687 2995 1822 3068; x_wconf 87' lang='lat' dir='ltr'><strong>fugit</strong></span> <span class='ocrx_word' id='word_1_317' title='bbox 1853 2988 2021 3055; x_wconf 85' lang='lat' dir='ltr'><strong>David</strong></span> 
     </span>
    </p>
   </div>
   <div class='ocr_carea' id='block_1_46' title="bbox 2118 1803 3681 1882">
    <p class='ocr_par' dir='ltr' id='par_1_46' title="bbox 2118 1803 3681 1882">
     <span class='ocr_line' id='line_1_46' title="bbox 2118 1803 3681 1882; baseline -0.004 -19"><span class='ocrx_word' id='word_1_318' title='bbox 2118 1810 2436 1882; x_wconf 79' lang='grc' dir='ltr'>ἀπήγγειλε.</span> <span class='ocrx_word' id='word_1_319' title='bbox 2463 1811 2726 1873; x_wconf 81' lang='grc' dir='ltr'>Κάκεῖνος</span> <span class='ocrx_word' id='word_1_320' title='bbox 2756 1810 3055 1878; x_wconf 83' lang='grc' dir='ltr'>ἀγανακτεῖ</span> <span class='ocrx_word' id='word_1_321' title='bbox 3096 1807 3211 1878; x_wconf 82' lang='grc' dir='ltr'>μὲν,</span> <span class='ocrx_word' id='word_1_322' title='bbox 3239 1805 3468 1878; x_wconf 81' lang='grc' dir='ltr'>κρύπτει</span> <span class='ocrx_word' id='word_1_323' title='bbox 3503 1804 3558 1857; x_wconf 77' lang='grc' dir='ltr'>δὲ</span> <span class='ocrx_word' id='word_1_324' title='bbox 3585 1803 3681 1873; x_wconf 76' lang='grc' dir='ltr'><strong>τὴν</strong></span> 
     </span>
    </p>
   </div>
   <div class='ocr_carea' id='block_1_47' title="bbox 2117 1896 3682 1973">
    <p class='ocr_par' dir='ltr' id='par_1_47' title="bbox 2117 1896 3682 1973">
     <span class='ocr_line' id='line_1_47' title="bbox 2117 1896 3682 1973; baseline -0.003 -19"><span class='ocrx_word' id='word_1_325' title='bbox 2117 1902 2307 1973; x_wconf 83' lang='grc' dir='ltr'>ὀργήν.</span> <span class='ocrx_word' id='word_1_326' title='bbox 2344 1901 2500 1955; x_wconf 89' lang='grc' dir='ltr'>Μετά</span> <span class='ocrx_word' id='word_1_327' title='bbox 2530 1919 2650 1955; x_wconf 88' lang='grc' dir='ltr'>τινα</span> <span class='ocrx_word' id='word_1_328' title='bbox 2681 1901 2738 1954; x_wconf 83' lang='grc' dir='ltr'>δὲ</span> <span class='ocrx_word' id='word_1_329' title='bbox 2779 1901 2966 1972; x_wconf 85' lang='grc' dir='ltr'>καιρὸν</span> <span class='ocrx_word' id='word_1_330' title='bbox 2995 1900 3085 1954; x_wconf 77' lang='grc' dir='ltr'><strong>τὸν</strong></span> <span class='ocrx_word' id='word_1_331' title='bbox 3125 1896 3334 1971; x_wconf 86' lang='grc' dir='ltr'>Ἀμνὼν</span> <span class='ocrx_word' id='word_1_332' title='bbox 3364 1901 3441 1963; x_wconf 87' lang='grc' dir='ltr'><strong>είς</strong></span> <span class='ocrx_word' id='word_1_333' title='bbox 3474 1899 3682 1951; x_wconf 87' lang='grc' dir='ltr'>δεῖπνον</span> 
     </span>
    </p>
   </div>
   <div class='ocr_carea' id='block_1_48' title="bbox 2118 1990 3681 2064">
    <p class='ocr_par' dir='ltr' id='par_1_48' title="bbox 2118 1990 3681 2064">
     <span class='ocr_line' id='line_1_48' title="bbox 2118 1990 3681 2064; baseline -0.003 -17"><span class='ocrx_word' id='word_1_334' title='bbox 2118 1993 2371 2058; x_wconf 78' lang='grc' dir='ltr'>καλέσας,</span> <span class='ocrx_word' id='word_1_335' title='bbox 2399 1994 2704 2057; x_wconf 85' lang='grc' dir='ltr'>ἀπέκτεινε,</span> <span class='ocrx_word' id='word_1_336' title='bbox 2734 1994 2829 2047; x_wconf 83' lang='grc' dir='ltr'><strong>καὶ</strong></span> <span class='ocrx_word' id='word_1_337' title='bbox 2858 1992 3111 2063; x_wconf 80' lang='grc' dir='ltr'>φοϐηθεὶς</span> <span class='ocrx_word' id='word_1_338' title='bbox 3142 1992 3238 2064; x_wconf 82' lang='grc' dir='ltr'>τὴν</span> <span class='ocrx_word' id='word_1_339' title='bbox 3264 1991 3431 2063; x_wconf 82' lang='grc' dir='ltr'>ὀργὴν</span> <span class='ocrx_word' id='word_1_340' title='bbox 3454 1990 3546 2045; x_wconf 89' lang='grc' dir='ltr'><strong>τοῦ</strong></span> <span class='ocrx_word' id='word_1_341' title='bbox 3577 2006 3681 2043; x_wconf 86' lang='grc' dir='ltr'>πα-</span> 
     </span>
    </p>
   </div>
   <div class='ocr_carea' id='block_1_49' title="bbox 2117 2078 3680 2154">
    <p class='ocr_par' dir='ltr' id='par_1_49' title="bbox 2117 2078 3680 2154">
     <span class='ocr_line' id='line_1_49' title="bbox 2117 2078 3680 2154; baseline -0.001 -19"><span class='ocrx_word' id='word_1_342' title='bbox 2117 2081 2263 2154; x_wconf 74' lang='grc' dir='ltr'>τρὸς,</span> <span class='ocrx_word' id='word_1_343' title='bbox 2287 2083 2534 2152; x_wconf 82' lang='grc' dir='ltr'>ἀπέφυγε</span> <span class='ocrx_word' id='word_1_344' title='bbox 2551 2099 2564 2113; x_wconf 88' lang='grc'><strong>·</strong></span> <span class='ocrx_word' id='word_1_345' title='bbox 2603 2084 2739 2154; x_wconf 74' lang='grc' dir='ltr'>μετὰ</span> <span class='ocrx_word' id='word_1_346' title='bbox 2765 2082 2820 2135; x_wconf 80' lang='grc' dir='ltr'>δὲ</span> <span class='ocrx_word' id='word_1_347' title='bbox 2844 2081 2968 2152; x_wconf 88' lang='grc' dir='ltr'>τρία</span> <span class='ocrx_word' id='word_1_348' title='bbox 2990 2082 3083 2151; x_wconf 75' lang='grc' dir='ltr'>ἔτη</span> <span class='ocrx_word' id='word_1_349' title='bbox 3106 2082 3367 2146; x_wconf 81' lang='grc' dir='ltr'>ἐπάνεισι,</span> <span class='ocrx_word' id='word_1_350' title='bbox 3391 2081 3484 2135; x_wconf 87' lang='grc' dir='ltr'><strong>τοῦ</strong></span> <span class='ocrx_word' id='word_1_351' title='bbox 3511 2078 3680 2152; x_wconf 89' lang='grc' dir='ltr'>θυμοῦ</span> 
     </span>
    </p>
   </div>
   <div class='ocr_carea' id='block_1_50' title="bbox 2119 2172 3681 2245">
    <p class='ocr_par' dir='ltr' id='par_1_50' title="bbox 2119 2172 3681 2245">
     <span class='ocr_line' id='line_1_50' title="bbox 2119 2172 3681 2245; baseline -0.002 -16"><span class='ocrx_word' id='word_1_352' title='bbox 2119 2174 2455 2238; x_wconf 87' lang='grc' dir='ltr'>κοπάσαντος</span> <span class='ocrx_word' id='word_1_353' title='bbox 2500 2173 2578 2245; x_wconf 84' lang='grc' dir='ltr'>τῷ</span> <span class='ocrx_word' id='word_1_354' title='bbox 2622 2174 2802 2228; x_wconf 83' lang='grc' dir='ltr'>Δαυῒδ.</span> <span class='ocrx_word' id='word_1_355' title='bbox 2842 2176 2916 2229; x_wconf 86' lang='grc' dir='ltr'>Ού</span> <span class='ocrx_word' id='word_1_356' title='bbox 2952 2175 3057 2245; x_wconf 80' lang='grc' dir='ltr'>μὴν</span> <span class='ocrx_word' id='word_1_357' title='bbox 3088 2176 3181 2228; x_wconf 89' lang='grc' dir='ltr'><strong>καὶ</strong></span> <span class='ocrx_word' id='word_1_358' title='bbox 3221 2174 3396 2244; x_wconf 73' lang='grc' dir='ltr'>ὅψεως</span> <span class='ocrx_word' id='word_1_359' title='bbox 3442 2172 3681 2239; x_wconf 79' lang='grc' dir='ltr'>ἀξιοῦται</span> 
     </span>
    </p>
   </div>
   <div class='ocr_carea' id='block_1_51' title="bbox 2119 2265 3683 2337">
    <p class='ocr_par' dir='ltr' id='par_1_51' title="bbox 2119 2265 3683 2337">
     <span class='ocr_line' id='line_1_51' title="bbox 2119 2265 3683 2337; baseline 0.001 -18"><span class='ocrx_word' id='word_1_360' title='bbox 2119 2266 2217 2337; x_wconf 87' lang='grc' dir='ltr'><strong>τῆς</strong></span> <span class='ocrx_word' id='word_1_361' title='bbox 2246 2266 2520 2337; x_wconf 83' lang='grc' dir='ltr'>πατρικῆς</span> <span class='ocrx_word' id='word_1_362' title='bbox 2556 2266 2771 2330; x_wconf 80' lang='grc' dir='ltr'>αὐτίκα,</span> <span class='ocrx_word' id='word_1_363' title='bbox 2798 2265 2932 2319; x_wconf 80' lang='grc' dir='ltr'>ἀλλὰ</span> <span class='ocrx_word' id='word_1_364' title='bbox 2958 2266 3095 2337; x_wconf 76' lang='grc' dir='ltr'>μετὰ</span> <span class='ocrx_word' id='word_1_365' title='bbox 3116 2265 3209 2320; x_wconf 86' lang='grc' dir='ltr'><strong>δύο</strong></span> <span class='ocrx_word' id='word_1_366' title='bbox 3238 2265 3529 2327; x_wconf 74' lang='grc' dir='ltr'>ἐνιαυτούς.</span> <span class='ocrx_word' id='word_1_367' title='bbox 3548 2266 3683 2336; x_wconf 85' lang='grc' dir='ltr'><strong>Ἦρ-</strong></span> 
     </span>
    </p>
   </div>
   <div class='ocr_carea' id='block_1_52' title="bbox 2121 2356 3683 2430">
    <p class='ocr_par' dir='ltr' id='par_1_52' title="bbox 2121 2356 3683 2430">
     <span class='ocr_line' id='line_1_52' title="bbox 2121 2356 3683 2430; baseline 0.001 -19"><span class='ocrx_word' id='word_1_368' title='bbox 2121 2356 2247 2423; x_wconf 78' lang='grc' dir='ltr'>ξατο</span> <span class='ocrx_word' id='word_1_369' title='bbox 2288 2358 2344 2411; x_wconf 84' lang='grc' dir='ltr'>δὲ</span> <span class='ocrx_word' id='word_1_370' title='bbox 2394 2358 2762 2412; x_wconf 77' lang='grc' dir='ltr'>ἐπιϐουλεύειν</span> <span class='ocrx_word' id='word_1_371' title='bbox 2793 2358 2869 2429; x_wconf 82' lang='grc' dir='ltr'>τῷ</span> <span class='ocrx_word' id='word_1_372' title='bbox 2901 2359 3091 2430; x_wconf 89' lang='grc' dir='ltr'>πατρὶ,</span> <span class='ocrx_word' id='word_1_373' title='bbox 3130 2359 3225 2413; x_wconf 84' lang='grc' dir='ltr'><strong>καὶ</strong></span> <span class='ocrx_word' id='word_1_374' title='bbox 3252 2358 3473 2430; x_wconf 74' lang='grc' dir='ltr'>ἅρματα</span> <span class='ocrx_word' id='word_1_375' title='bbox 3507 2356 3683 2430; x_wconf 75' lang='grc' dir='ltr'>ἑαυτῷ</span> 
     </span>
    </p>
   </div>
   <div class='ocr_carea' id='block_1_53' title="bbox 2121 2448 3680 2521">
    <p class='ocr_par' dir='ltr' id='par_1_53' title="bbox 2121 2448 3680 2521">
     <span class='ocr_line' id='line_1_53' title="bbox 2121 2448 3680 2521; baseline 0.002 -19"><span class='ocrx_word' id='word_1_376' title='bbox 2121 2448 2214 2502; x_wconf 87' lang='grc' dir='ltr'><strong>καὶ</strong></span> <span class='ocrx_word' id='word_1_377' title='bbox 2248 2449 2433 2512; x_wconf 80' lang='grc' dir='ltr'>ἱππεῖς</span> <span class='ocrx_word' id='word_1_378' title='bbox 2461 2449 2699 2519; x_wconf 73' lang='grc' dir='ltr'>ἐποίησε,</span> <span class='ocrx_word' id='word_1_379' title='bbox 2735 2450 2827 2503; x_wconf 87' lang='grc' dir='ltr'><strong>καὶ</strong></span> <span class='ocrx_word' id='word_1_380' title='bbox 2863 2449 3163 2502; x_wconf 84' lang='grc' dir='ltr'>ίδιοποιεῖτο</span> <span class='ocrx_word' id='word_1_381' title='bbox 3201 2450 3326 2512; x_wconf 77' lang='grc' dir='ltr'>τοὺς</span> <span class='ocrx_word' id='word_1_382' title='bbox 3358 2449 3680 2521; x_wconf 78' lang='grc' dir='ltr'>ἐρχομένους</span> 
     </span>
    </p>
   </div>
   <div class='ocr_carea' id='block_1_54' title="bbox 2122 2536 3682 2611">
    <p class='ocr_par' dir='ltr' id='par_1_54' title="bbox 2122 2536 3682 2611">
     <span class='ocr_line' id='line_1_54' title="bbox 2122 2536 3682 2611; baseline 0.003 -21"><span class='ocrx_word' id='word_1_383' title='bbox 2122 2536 2375 2609; x_wconf 81' lang='grc' dir='ltr'>κριθῆναι</span> <span class='ocrx_word' id='word_1_384' title='bbox 2409 2538 2542 2610; x_wconf 80' lang='grc' dir='ltr'>πρὸς</span> <span class='ocrx_word' id='word_1_385' title='bbox 2573 2540 2662 2594; x_wconf 86' lang='grc' dir='ltr'><strong>τὸν</strong></span> <span class='ocrx_word' id='word_1_386' title='bbox 2701 2540 2941 2611; x_wconf 82' lang='grc' dir='ltr'>βασιλέα,</span> <span class='ocrx_word' id='word_1_387' title='bbox 2969 2542 3204 2611; x_wconf 82' lang='grc' dir='ltr'>σχήματι</span> <span class='ocrx_word' id='word_1_388' title='bbox 3250 2542 3543 2605; x_wconf 77' lang='grc' dir='ltr'>ἐπιεικείας</span> <span class='ocrx_word' id='word_1_389' title='bbox 3582 2543 3682 2595; x_wconf 87' lang='grc' dir='ltr'>ύπ-</span> 
     </span>
    </p>
   </div>
   <div class='ocr_carea' id='block_1_55' title="bbox 2122 2630 3682 2701">
    <p class='ocr_par' dir='ltr' id='par_1_55' title="bbox 2122 2630 3682 2701">
     <span class='ocr_line' id='line_1_55' title="bbox 2122 2630 3682 2701; baseline 0.003 -20"><span class='ocrx_word' id='word_1_390' title='bbox 2122 2630 2385 2699; x_wconf 84' lang='grc' dir='ltr'>αγόμενος</span> <span class='ocrx_word' id='word_1_391' title='bbox 2415 2630 2541 2693; x_wconf 72' lang='grc' dir='ltr'>τοὺς</span> <span class='ocrx_word' id='word_1_392' title='bbox 2566 2631 2856 2701; x_wconf 83' lang='grc' dir='ltr'>ὑπηκόους,</span> <span class='ocrx_word' id='word_1_393' title='bbox 2877 2632 2971 2685; x_wconf 88' lang='grc' dir='ltr'><strong>καὶ</strong></span> <span class='ocrx_word' id='word_1_394' title='bbox 2999 2631 3199 2697; x_wconf 85' lang='grc' dir='ltr'>πλῆθος</span> <span class='ocrx_word' id='word_1_395' title='bbox 3225 2631 3541 2686; x_wconf 82' lang='grc' dir='ltr'>ἀποστατῶν</span> <span class='ocrx_word' id='word_1_396' title='bbox 3562 2649 3682 2686; x_wconf 89' lang='grc' dir='ltr'>συν·</span> 
     </span>
    </p>
   </div>
   <div class='ocr_carea' id='block_1_56' title="bbox 2122 2715 3685 2792">
    <p class='ocr_par' dir='ltr' id='par_1_56' title="bbox 2122 2715 3685 2792">
     <span class='ocr_line' id='line_1_56' title="bbox 2122 2715 3685 2792; baseline 0.005 -23"><span class='ocrx_word' id='word_1_397' title='bbox 2122 2715 2406 2787; x_wconf 82' lang='grc' dir='ltr'>αθροίζων,</span> <span class='ocrx_word' id='word_1_398' title='bbox 2441 2718 2520 2781; x_wconf 86' lang='grc' dir='ltr'><strong>είς</strong></span> <span class='ocrx_word' id='word_1_399' title='bbox 2551 2718 2837 2791; x_wconf 75' lang='grc' dir='ltr'>ἐπιϐουλὴν</span> <span class='ocrx_word' id='word_1_400' title='bbox 2869 2720 2961 2774; x_wconf 88' lang='grc' dir='ltr'><strong>τοῦ</strong></span> <span class='ocrx_word' id='word_1_401' title='bbox 3011 2721 3231 2792; x_wconf 87' lang='grc' dir='ltr'>πατρός.</span> <span class='ocrx_word' id='word_1_402' title='bbox 3266 2722 3374 2777; x_wconf 84' lang='grc' dir='ltr'>Καὶ</span> <span class='ocrx_word' id='word_1_403' title='bbox 3399 2720 3550 2785; x_wconf 84' lang='grc' dir='ltr'>τέλος</span> <span class='ocrx_word' id='word_1_404' title='bbox 3585 2723 3685 2777; x_wconf 89' lang='grc' dir='ltr'>άπ-</span> 
     </span>
    </p>
   </div>
   <div class='ocr_carea' id='block_1_57' title="bbox 2122 2805 3686 2885">
    <p class='ocr_par' dir='ltr' id='par_1_57' title="bbox 2122 2805 3686 2885">
     <span class='ocr_line' id='line_1_57' title="bbox 2122 2805 3686 2885; baseline 0.006 -26"><span class='ocrx_word' id='word_1_405' title='bbox 2122 2805 2273 2878; x_wconf 85' lang='grc' dir='ltr'>έστη,</span> <span class='ocrx_word' id='word_1_406' title='bbox 2312 2808 2404 2861; x_wconf 81' lang='grc' dir='ltr'><strong>καὶ</strong></span> <span class='ocrx_word' id='word_1_407' title='bbox 2438 2808 2661 2878; x_wconf 78' lang='grc' dir='ltr'>βασιλέα</span> <span class='ocrx_word' id='word_1_408' title='bbox 2705 2812 2892 2864; x_wconf 81' lang='grc' dir='ltr'>ἑαυτὸν</span> <span class='ocrx_word' id='word_1_409' title='bbox 2923 2813 3272 2884; x_wconf 83' lang='grc' dir='ltr'>ἀνηγόρευσε.</span> <span class='ocrx_word' id='word_1_410' title='bbox 3320 2813 3686 2885; x_wconf 86' lang='grc' dir='ltr'>Προσελάϐετο</span> 
     </span>
    </p>
   </div>
   <div class='ocr_carea' id='block_1_58' title="bbox 2121 2896 3688 2975">
    <p class='ocr_par' dir='ltr' id='par_1_58' title="bbox 2121 2896 3688 2975">
     <span class='ocr_line' id='line_1_58' title="bbox 2121 2896 3688 2975; baseline 0.007 -26"><span class='ocrx_word' id='word_1_411' title='bbox 2121 2896 2179 2950; x_wconf 81' lang='grc' dir='ltr'>δὲ</span> <span class='ocrx_word' id='word_1_412' title='bbox 2211 2901 2307 2953; x_wconf 78' lang='grc' dir='ltr'><strong>σὺν</strong></span> <span class='ocrx_word' id='word_1_413' title='bbox 2340 2899 2517 2964; x_wconf 84' lang='grc' dir='ltr'>ἄλλοις</span> <span class='ocrx_word' id='word_1_414' title='bbox 2560 2901 2771 2966; x_wconf 84' lang='grc' dir='ltr'>πολλοῖς</span> <span class='ocrx_word' id='word_1_415' title='bbox 2812 2904 2903 2957; x_wconf 90' lang='grc' dir='ltr'><strong>καὶ</strong></span> <span class='ocrx_word' id='word_1_416' title='bbox 2932 2903 3021 2957; x_wconf 85' lang='grc' dir='ltr'><strong>τὸν</strong></span> <span class='ocrx_word' id='word_1_417' title='bbox 3059 2904 3355 2975; x_wconf 86' lang='grc' dir='ltr'>Ἀχιτόφελ,</span> <span class='ocrx_word' id='word_1_418' title='bbox 3390 2906 3448 2959; x_wconf 84' lang='grc' dir='ltr'><strong>δν</strong></span> <span class='ocrx_word' id='word_1_419' title='bbox 3475 2908 3504 2960; x_wconf 89' lang='lat'><strong>6</strong></span> <span class='ocrx_word' id='word_1_420' title='bbox 3527 2906 3688 2961; x_wconf 79' lang='grc' dir='ltr'><strong>Δαυῖδ</strong></span> 
     </span>
    </p>
   </div>
   <div class='ocr_carea' id='block_1_59' title="bbox 2125 2984 3685 3069">
    <p class='ocr_par' dir='ltr' id='par_1_59' title="bbox 2125 2984 3685 3069">
     <span class='ocr_line' id='line_1_59' title="bbox 2125 2984 3685 3069; baseline 0.006 -27"><span class='ocrx_word' id='word_1_421' title='bbox 2125 2984 2238 3060; x_wconf 80' lang='grc' dir='ltr'>εἶχε</span> <span class='ocrx_word' id='word_1_422' title='bbox 2269 2989 2589 3062; x_wconf 85' lang='grc' dir='ltr'>σύμϐουλον,</span> <span class='ocrx_word' id='word_1_423' title='bbox 2621 2993 2788 3064; x_wconf 83' lang='grc' dir='ltr'>ἄνδρα</span> <span class='ocrx_word' id='word_1_424' title='bbox 2822 2994 2993 3049; x_wconf 86' lang='grc' dir='ltr'>δεινὸν</span> <span class='ocrx_word' id='word_1_425' title='bbox 3030 2997 3124 3049; x_wconf 78' lang='grc' dir='ltr'><strong>καὶ</strong></span> <span class='ocrx_word' id='word_1_426' title='bbox 3155 2996 3499 3069; x_wconf 82' lang='grc' dir='ltr'>δραστήριον.</span> <span class='ocrx_word' id='word_1_427' title='bbox 3531 2998 3685 3052; x_wconf 79' lang='grc' dir='ltr'>Καὶό</span> 
     </span>
    </p>
   </div>
   <div class='ocr_carea' id='block_1_60' title="bbox 450 3080 2023 3159">
    <p class='ocr_par' dir='ltr' id='par_1_60' title="bbox 450 3080 2023 3156">
     <span class='ocr_line' id='line_1_60' title="bbox 450 3080 2023 3156; baseline 0.007 -22"><span class='ocrx_word' id='word_1_428' title='bbox 450 3094 579 3134; x_wconf 83' lang='lat' dir='ltr'><strong>cum</strong></span> <span class='ocrx_word' id='word_1_429' title='bbox 611 3080 698 3144; x_wconf 89' lang='lat' dir='ltr'><strong>iis,</strong></span> <span class='ocrx_word' id='word_1_430' title='bbox 721 3080 815 3150; x_wconf 88' lang='lat' dir='ltr'><strong>qui</strong></span> <span class='ocrx_word' id='word_1_431' title='bbox 838 3081 981 3137; x_wconf 85' lang='lat' dir='ltr'><strong>circa</strong></span> <span class='ocrx_word' id='word_1_432' title='bbox 1006 3082 1181 3152; x_wconf 91' lang='lat' dir='ltr'><strong>ipsum</strong></span> <span class='ocrx_word' id='word_1_433' title='bbox 1207 3092 1382 3151; x_wconf 86' lang='lat' dir='ltr'><strong>erant,</strong></span> <span class='ocrx_word' id='word_1_434' title='bbox 1414 3087 1577 3141; x_wconf 87' lang='lat' dir='ltr'><strong>nudis</strong></span> <span class='ocrx_word' id='word_1_435' title='bbox 1600 3087 1845 3156; x_wconf 86' lang='lat' dir='ltr'><strong>pedibus.</strong></span> <span class='ocrx_word' id='word_1_436' title='bbox 1868 3088 2023 3146; x_wconf 92' lang='lat' dir='ltr'><strong>Tunc</strong></span> 
     </span>
    </p>
   </div>
   <div class='ocr_carea' id='block_1_61' title="bbox 2127 3080 3684 3159">
    <p class='ocr_par' dir='ltr' id='par_1_61' title="bbox 2127 3080 3684 3159">
     <span class='ocr_line' id='line_1_61' title="bbox 2127 3080 3684 3159; baseline 0.005 -25"><span class='ocrx_word' id='word_1_437' title='bbox 2127 3080 2285 3135; x_wconf 84' lang='grc' dir='ltr'>Δαυῒδ</span> <span class='ocrx_word' id='word_1_438' title='bbox 2309 3082 2562 3146; x_wconf 86' lang='grc' dir='ltr'>ἀκούσας,</span> <span class='ocrx_word' id='word_1_439' title='bbox 2593 3085 2778 3154; x_wconf 83' lang='grc' dir='ltr'>φεύγει</span> <span class='ocrx_word' id='word_1_440' title='bbox 2826 3086 2961 3157; x_wconf 81' lang='grc' dir='ltr'>μετὰ</span> <span class='ocrx_word' id='word_1_441' title='bbox 2987 3087 3094 3140; x_wconf 87' lang='grc' dir='ltr'><strong>τῶν</strong></span> <span class='ocrx_word' id='word_1_442' title='bbox 3124 3090 3250 3159; x_wconf 89' lang='grc' dir='ltr'>περὶ</span> <span class='ocrx_word' id='word_1_443' title='bbox 3272 3088 3436 3143; x_wconf 83' lang='grc' dir='ltr'>αὑτὸν</span> <span class='ocrx_word' id='word_1_444' title='bbox 3462 3091 3684 3159; x_wconf 82' lang='grc' dir='ltr'>γυμνοῖς</span> 
     </span>
    </p>
   </div>
   <div class='ocr_carea' id='block_1_62' title="bbox 451 3172 2024 3244">
    <p class='ocr_par' dir='ltr' id='par_1_62' title="bbox 451 3172 2024 3244">
     <span class='ocr_line' id='line_1_62' title="bbox 451 3172 2024 3244; baseline 0.007 -17"><span class='ocrx_word' id='word_1_445' title='bbox 451 3173 616 3227; x_wconf 88' lang='lat' dir='ltr'><strong>etiam</strong></span> <span class='ocrx_word' id='word_1_446' title='bbox 667 3172 844 3228; x_wconf 89' lang='lat' dir='ltr'><strong>Semei</strong></span> <span class='ocrx_word' id='word_1_447' title='bbox 893 3175 1071 3244; x_wconf 89' lang='lat' dir='ltr'><strong>ipsum</strong></span> <span class='ocrx_word' id='word_1_448' title='bbox 1116 3186 1432 3232; x_wconf 83' lang='lat' dir='ltr'><strong>exsecratus</strong></span> <span class='ocrx_word' id='word_1_449' title='bbox 1475 3188 1577 3233; x_wconf 88' lang='lat' dir='ltr'><strong>est.</strong></span> <span class='ocrx_word' id='word_1_450' title='bbox 1613 3178 1871 3235; x_wconf 87' lang='lat' dir='ltr'><strong>Precatus</strong></span> <span class='ocrx_word' id='word_1_451' title='bbox 1896 3198 2024 3238; x_wconf 90' lang='lat' dir='ltr'><strong>vero</strong></span> 
     </span>
    </p>
   </div>
   <div class='ocr_carea' id='block_1_63' title="bbox 453 3262 2025 3338">
    <p class='ocr_par' dir='ltr' id='par_1_63' title="bbox 453 3262 2025 3338">
     <span class='ocr_line' id='line_1_63' title="bbox 453 3262 2025 3338; baseline 0.008 -22"><span class='ocrx_word' id='word_1_452' title='bbox 453 3262 647 3331; x_wconf 86' lang='lat' dir='ltr'><strong>David,</strong></span> <span class='ocrx_word' id='word_1_453' title='bbox 684 3274 743 3318; x_wconf 91' lang='lat' dir='ltr'><strong>ut</strong></span> <span class='ocrx_word' id='word_1_454' title='bbox 784 3263 928 3320; x_wconf 85' lang='lat' dir='ltr'><strong>Deus</strong></span> <span class='ocrx_word' id='word_1_455' title='bbox 973 3267 1260 3321; x_wconf 75' lang='lat' dir='ltr'><strong>consilium</strong></span> <span class='ocrx_word' id='word_1_456' title='bbox 1289 3268 1664 3338; x_wconf 85' lang='lat' dir='ltr'><strong>Achitophelis</strong></span> <span class='ocrx_word' id='word_1_457' title='bbox 1691 3272 1819 3326; x_wconf 88' lang='lat' dir='ltr'><strong>velit</strong></span> <span class='ocrx_word' id='word_1_458' title='bbox 1848 3272 2025 3329; x_wconf 87' lang='lat' dir='ltr'><strong>facere</strong></span> 
     </span>
    </p>
   </div>
   <div class='ocr_carea' id='block_1_64' title="bbox 454 3350 2026 3431">
    <p class='ocr_par' dir='ltr' id='par_1_64' title="bbox 454 3350 2026 3431">
     <span class='ocr_line' id='line_1_64' title="bbox 454 3350 2026 3431; baseline 0.006 -24"><span class='ocrx_word' id='word_1_459' title='bbox 454 3353 696 3421; x_wconf 84' lang='lat' dir='ltr'><strong>irritum,</strong></span> <span class='ocrx_word' id='word_1_460' title='bbox 724 3350 993 3411; x_wconf 90' lang='lat' dir='ltr'><strong>submittit</strong></span> <span class='ocrx_word' id='word_1_461' title='bbox 1024 3358 1185 3411; x_wconf 85' lang='lat' dir='ltr'><strong>etiam</strong></span> <span class='ocrx_word' id='word_1_462' title='bbox 1220 3356 1411 3424; x_wconf 88' lang='lat' dir='ltr'><strong>Chusi,</strong></span> <span class='ocrx_word' id='word_1_463' title='bbox 1449 3361 1683 3415; x_wconf 88' lang='lat' dir='ltr'><strong>amicum</strong></span> <span class='ocrx_word' id='word_1_464' title='bbox 1717 3377 1899 3427; x_wconf 91' lang='lat' dir='ltr'><strong>suum,</strong></span> <span class='ocrx_word' id='word_1_465' title='bbox 1931 3363 2026 3431; x_wconf 91' lang='lat' dir='ltr'><strong>qui</strong></span> 
     </span>
    </p>
   </div>
   <div class='ocr_carea' id='block_1_65' title="bbox 374 3440 2026 3521">
    <p class='ocr_par' dir='ltr' id='par_1_65' title="bbox 374 3440 2026 3521">
     <span class='ocr_line' id='line_1_65' title="bbox 374 3440 2026 3521; baseline 0.008 -24"><span class='ocrx_word' id='word_1_466' title='bbox 454 3446 738 3500; x_wconf 66' lang='lat' dir='ltr'><strong>sententiae</strong></span> <span class='ocrx_word' id='word_1_467' title='bbox 778 3447 924 3502; x_wconf 87' lang='lat' dir='ltr'><strong>illius</strong></span> <span class='ocrx_word' id='word_1_468' title='bbox 957 3450 1315 3510; x_wconf 87' lang='lat' dir='ltr'><strong>contradicat.</strong></span> <span class='ocrx_word' id='word_1_469' title='bbox 1350 3466 1413 3505; x_wconf 90' lang='lat' dir='ltr'><strong>ac</strong></span> <span class='ocrx_word' id='word_1_470' title='bbox 1443 3467 1539 3521; x_wconf 88' lang='lat' dir='ltr'><strong>per</strong></span> <span class='ocrx_word' id='word_1_471' title='bbox 1587 3454 1897 3511; x_wconf 86' lang='lat' dir='ltr'><strong>sacerdotes</strong></span> <span class='ocrx_word' id='word_1_472' title='bbox 1927 3454 2026 3510; x_wconf 89' lang='lat' dir='ltr'><strong>Sa-</strong></span> 
     </span>
    </p>
   </div>
   <div class='ocr_carea' id='block_1_66' title="bbox 455 3538 2028 3616">
    <p class='ocr_par' dir='ltr' id='par_1_66' title="bbox 455 3538 2028 3616">
     <span class='ocr_line' id='line_1_66' title="bbox 455 3538 2028 3616; baseline 0.008 -27"><span class='ocrx_word' id='word_1_473' title='bbox 455 3538 654 3591; x_wconf 84' lang='lat' dir='ltr'><strong>docum</strong></span> <span class='ocrx_word' id='word_1_474' title='bbox 685 3547 739 3593; x_wconf 88' lang='lat' dir='ltr'><strong>et</strong></span> <span class='ocrx_word' id='word_1_475' title='bbox 766 3538 1117 3595; x_wconf 81' lang='lat' dir='ltr'><strong>Ahiatbarem</strong></span> <span class='ocrx_word' id='word_1_476' title='bbox 1160 3542 1263 3597; x_wconf 90' lang='lat' dir='ltr'><strong>sibi</strong></span> <span class='ocrx_word' id='word_1_477' title='bbox 1289 3544 1473 3598; x_wconf 89' lang='lat' dir='ltr'><strong>omnia</strong></span> <span class='ocrx_word' id='word_1_478' title='bbox 1508 3544 1771 3616; x_wconf 88' lang='lat' dir='ltr'><strong>signiticet</strong></span> <span class='ocrx_word' id='word_1_479' title='bbox 1797 3547 2028 3602; x_wconf 81' lang='lat' dir='ltr'><strong>Abessa—</strong></span> 
     </span>
    </p>
   </div>
   <div class='ocr_carea' id='block_1_67' title="bbox 457 3630 2027 3708">
    <p class='ocr_par' dir='ltr' id='par_1_67' title="bbox 457 3630 2027 3708">
     <span class='ocr_line' id='line_1_67' title="bbox 457 3630 2027 3708; baseline 0.006 -24"><span class='ocrx_word' id='word_1_480' title='bbox 457 3630 601 3687; x_wconf 87' lang='lat' dir='ltr'><strong>lonis</strong></span> <span class='ocrx_word' id='word_1_481' title='bbox 645 3631 892 3686; x_wconf 88' lang='lat' dir='ltr'><strong>consilia.</strong></span> <span class='ocrx_word' id='word_1_482' title='bbox 917 3631 1085 3689; x_wconf 85' lang='lat' dir='ltr'><strong>Chusi</strong></span> <span class='ocrx_word' id='word_1_483' title='bbox 1110 3648 1259 3700; x_wconf 89' lang='lat' dir='ltr'><strong>vero,</strong></span> <span class='ocrx_word' id='word_1_484' title='bbox 1290 3635 1382 3689; x_wconf 89' lang='lat' dir='ltr'><strong>ubi</strong></span> <span class='ocrx_word' id='word_1_485' title='bbox 1432 3635 1501 3690; x_wconf 89' lang='lat' dir='ltr'><strong>ad</strong></span> <span class='ocrx_word' id='word_1_486' title='bbox 1552 3637 1874 3707; x_wconf 88' lang='lat' dir='ltr'><strong>parricidam</strong></span> <span class='ocrx_word' id='word_1_487' title='bbox 1902 3654 2027 3708; x_wconf 90' lang='lat' dir='ltr'><strong>per-</strong></span> 
     </span>
    </p>
   </div>
   <div class='ocr_carea' id='block_1_68' title="bbox 456 3722 2028 3794">
    <p class='ocr_par' dir='ltr' id='par_1_68' title="bbox 456 3722 2028 3794">
     <span class='ocr_line' id='line_1_68' title="bbox 456 3722 2028 3794; baseline 0.008 -19"><span class='ocrx_word' id='word_1_488' title='bbox 456 3722 626 3788; x_wconf 80' lang='lat' dir='ltr'><strong>vertit,</strong></span> <span class='ocrx_word' id='word_1_489' title='bbox 656 3723 725 3777; x_wconf 88' lang='lat' dir='ltr'><strong>ab</strong></span> <span class='ocrx_word' id='word_1_490' title='bbox 774 3722 892 3792; x_wconf 86' lang='lat' dir='ltr'><strong>ipso</strong></span> <span class='ocrx_word' id='word_1_491' title='bbox 940 3735 1199 3794; x_wconf 88' lang='lat' dir='ltr'><strong>tanquam</strong></span> <span class='ocrx_word' id='word_1_492' title='bbox 1231 3726 1404 3781; x_wconf 83' lang='lat' dir='ltr'><strong>fidelis</strong></span> <span class='ocrx_word' id='word_1_493' title='bbox 1439 3736 1494 3782; x_wconf 90' lang='lat' dir='ltr'><strong>et</strong></span> <span class='ocrx_word' id='word_1_494' title='bbox 1528 3729 1820 3785; x_wconf 87' lang='lat' dir='ltr'><strong>benevolus</strong></span> <span class='ocrx_word' id='word_1_495' title='bbox 1852 3730 2028 3786; x_wconf 88' lang='lat' dir='ltr'><strong>credi-</strong></span> 
     </span>
    </p>
   </div>
   <div class='ocr_carea' id='block_1_69' title="bbox 457 3815 2028 3894">
    <p class='ocr_par' dir='ltr' id='par_1_69' title="bbox 457 3815 2028 3894">
     <span class='ocr_line' id='line_1_69' title="bbox 457 3815 2028 3894; baseline 0.007 -27"><span class='ocrx_word' id='word_1_496' title='bbox 457 3823 570 3877; x_wconf 81' lang='lat' dir='ltr'><strong>tus,</strong></span> <span class='ocrx_word' id='word_1_497' title='bbox 601 3828 706 3868; x_wconf 88' lang='lat' dir='ltr'><strong>una</strong></span> <span class='ocrx_word' id='word_1_498' title='bbox 742 3830 865 3870; x_wconf 89' lang='lat' dir='ltr'><strong>cum</strong></span> <span class='ocrx_word' id='word_1_499' title='bbox 893 3815 1247 3887; x_wconf 83' lang='lat' dir='ltr'><strong>Achitophele</strong></span> <span class='ocrx_word' id='word_1_500' title='bbox 1271 3820 1324 3873; x_wconf 91' lang='lat' dir='ltr'><strong>in</strong></span> <span class='ocrx_word' id='word_1_501' title='bbox 1356 3820 1593 3876; x_wconf 90' lang='lat' dir='ltr'><strong>medium</strong></span> <span class='ocrx_word' id='word_1_502' title='bbox 1629 3823 2028 3894; x_wconf 88' lang='lat' dir='ltr'><strong>consulereju-</strong></span> 
     </span>
    </p>
   </div>
   <div class='ocr_carea' id='block_1_70' title="bbox 459 3905 2029 3980">
    <p class='ocr_par' dir='ltr' id='par_1_70' title="bbox 459 3905 2029 3980">
     <span class='ocr_line' id='line_1_70' title="bbox 459 3905 2029 3980; baseline 0.007 -22"><span class='ocrx_word' id='word_1_503' title='bbox 459 3905 638 3969; x_wconf 77' lang='lat' dir='ltr'><strong>Letur,</strong></span> <span class='ocrx_word' id='word_1_504' title='bbox 670 3920 781 3975; x_wconf 91' lang='lat' dir='ltr'><strong>quo</strong></span> <span class='ocrx_word' id='word_1_505' title='bbox 811 3914 971 3976; x_wconf 87' lang='lat' dir='ltr'><strong>pacto</strong></span> <span class='ocrx_word' id='word_1_506' title='bbox 1022 3908 1225 3964; x_wconf 88' lang='lat' dir='ltr'><strong>bellum</strong></span> <span class='ocrx_word' id='word_1_507' title='bbox 1269 3909 1382 3980; x_wconf 89' lang='lat' dir='ltr'><strong>geri</strong></span> <span class='ocrx_word' id='word_1_508' title='bbox 1415 3921 1681 3980; x_wconf 85' lang='lat' dir='ltr'><strong>oporteat.</strong></span> <span class='ocrx_word' id='word_1_509' title='bbox 1716 3911 1782 3967; x_wconf 84' lang='lat' dir='ltr'><strong>Et</strong></span> <span class='ocrx_word' id='word_1_510' title='bbox 1809 3913 2029 3969; x_wconf 75' lang='lat' dir='ltr'><strong>Achito—</strong></span> 
     </span>
    </p>
   </div>
   <div class='ocr_carea' id='block_1_71' title="bbox 458 3994 2025 4075">
    <p class='ocr_par' dir='ltr' id='par_1_71' title="bbox 458 3994 2025 4075">
     <span class='ocr_line' id='line_1_71' title="bbox 458 3994 2025 4075; baseline 0.009 -28"><span class='ocrx_word' id='word_1_511' title='bbox 458 3994 584 4063; x_wconf 86' lang='lat' dir='ltr'><strong>phel</strong></span> <span class='ocrx_word' id='word_1_512' title='bbox 615 3996 834 4066; x_wconf 88' lang='lat' dir='ltr'><strong>quidem</strong></span> <span class='ocrx_word' id='word_1_513' title='bbox 863 4009 1053 4053; x_wconf 85' lang='lat' dir='ltr'><strong>auctor</strong></span> <span class='ocrx_word' id='word_1_514' title='bbox 1079 4009 1181 4063; x_wconf 87' lang='lat' dir='ltr'><strong>est.</strong></span> <span class='ocrx_word' id='word_1_515' title='bbox 1208 4010 1267 4055; x_wconf 90' lang='lat' dir='ltr'><strong>ut</strong></span> <span class='ocrx_word' id='word_1_516' title='bbox 1297 4000 1633 4070; x_wconf 72' lang='lat' dir='ltr'><strong>Abessalon],</strong></span> <span class='ocrx_word' id='word_1_517' title='bbox 1661 4005 1814 4075; x_wconf 87' lang='lat' dir='ltr'><strong>prius</strong></span> <span class='ocrx_word' id='word_1_518' title='bbox 1848 4016 2025 4061; x_wconf 90' lang='lat' dir='ltr'><strong>tamen</strong></span> 
     </span>
    </p>
   </div>
   <div class='ocr_carea' id='block_1_72' title="bbox 458 4088 2030 4166">
    <p class='ocr_par' dir='ltr' id='par_1_72' title="bbox 458 4088 2030 4166">
     <span class='ocr_line' id='line_1_72' title="bbox 458 4088 2030 4166; baseline 0.006 -25"><span class='ocrx_word' id='word_1_519' title='bbox 458 4102 583 4142; x_wconf 88' lang='lat' dir='ltr'><strong>cum</strong></span> <span class='ocrx_word' id='word_1_520' title='bbox 621 4088 793 4157; x_wconf 86' lang='lat' dir='ltr'><strong>patris</strong></span> <span class='ocrx_word' id='word_1_521' title='bbox 822 4090 1108 4161; x_wconf 88' lang='lat' dir='ltr'><strong>pellicibus</strong></span> <span class='ocrx_word' id='word_1_522' title='bbox 1136 4106 1484 4164; x_wconf 85' lang='lat' dir='ltr'><strong>congressus,</strong></span> <span class='ocrx_word' id='word_1_523' title='bbox 1509 4110 1634 4150; x_wconf 89' lang='lat' dir='ltr'><strong>eum</strong></span> <span class='ocrx_word' id='word_1_524' title='bbox 1674 4113 1704 4150; x_wconf 91' lang='lat' dir='ltr'><strong>a</strong></span> <span class='ocrx_word' id='word_1_525' title='bbox 1738 4108 1888 4166; x_wconf 84' lang='lat' dir='ltr'><strong>tergo</strong></span> <span class='ocrx_word' id='word_1_526' title='bbox 1912 4114 2030 4166; x_wconf 90' lang='lat' dir='ltr'><strong>per-</strong></span> 
     </span>
    </p>
   </div>
   <div class='ocr_carea' id='block_1_73' title="bbox 461 4181 2029 4256">
    <p class='ocr_par' dir='ltr' id='par_1_73' title="bbox 461 4181 2029 4256">
     <span class='ocr_line' id='line_1_73' title="bbox 461 4181 2029 4256; baseline 0.003 -21"><span class='ocrx_word' id='word_1_527' title='bbox 461 4188 742 4250; x_wconf 87' lang='lat' dir='ltr'><strong>sequatur,</strong></span> <span class='ocrx_word' id='word_1_528' title='bbox 769 4189 932 4251; x_wconf 88' lang='lat' dir='ltr'><strong>atque</strong></span> <span class='ocrx_word' id='word_1_529' title='bbox 961 4181 1285 4252; x_wconf 86' lang='lat' dir='ltr'><strong>imparatum</strong></span> <span class='ocrx_word' id='word_1_530' title='bbox 1330 4186 1692 4256; x_wconf 82' lang='lat' dir='ltr'><strong>aggrediatur.</strong></span> <span class='ocrx_word' id='word_1_531' title='bbox 1719 4186 1886 4243; x_wconf 88' lang='lat' dir='ltr'><strong>Chusi</strong></span> <span class='ocrx_word' id='word_1_532' title='bbox 1928 4204 2029 4242; x_wconf 90' lang='lat' dir='ltr'><strong>an-</strong></span> 
     </span>
    </p>
   </div>
   <div class='ocr_carea' id='block_1_74' title="bbox 461 4274 2031 4347">
    <p class='ocr_par' dir='ltr' id='par_1_74' title="bbox 461 4274 2031 4347">
     <span class='ocr_line' id='line_1_74' title="bbox 461 4274 2031 4347; baseline 0.006 -18"><span class='ocrx_word' id='word_1_533' title='bbox 461 4281 593 4334; x_wconf 86' lang='lat' dir='ltr'><strong>tem.</strong></span> <span class='ocrx_word' id='word_1_534' title='bbox 627 4274 696 4330; x_wconf 89' lang='lat' dir='ltr'><strong>de</strong></span> <span class='ocrx_word' id='word_1_535' title='bbox 724 4275 1006 4345; x_wconf 89' lang='lat' dir='ltr'><strong>pellicibus</strong></span> <span class='ocrx_word' id='word_1_536' title='bbox 1036 4278 1253 4347; x_wconf 90' lang='lat' dir='ltr'><strong>quidem</strong></span> <span class='ocrx_word' id='word_1_537' title='bbox 1287 4279 1422 4332; x_wconf 87' lang='lat' dir='ltr'><strong>nihil</strong></span> <span class='ocrx_word' id='word_1_538' title='bbox 1448 4280 1660 4335; x_wconf 87' lang='lat' dir='ltr'><strong>consilii</strong></span> <span class='ocrx_word' id='word_1_539' title='bbox 1687 4280 1809 4346; x_wconf 90' lang='lat' dir='ltr'><strong>dat;</strong></span> <span class='ocrx_word' id='word_1_540' title='bbox 1833 4291 1889 4336; x_wconf 90' lang='lat' dir='ltr'><strong>at</strong></span> <span class='ocrx_word' id='word_1_541' title='bbox 1917 4292 1978 4337; x_wconf 91' lang='lat' dir='ltr'><strong>ut</strong></span> <span class='ocrx_word' id='word_1_542' title='bbox 2000 4298 2031 4338; x_wconf 88' lang='lat' dir='ltr'><strong>e</strong></span> 
     </span>
    </p>
   </div>
   <div class='ocr_carea' id='block_1_75' title="bbox 463 4365 2028 4439">
    <p class='ocr_par' dir='ltr' id='par_1_75' title="bbox 463 4365 2028 4439">
     <span class='ocr_line' id='line_1_75' title="bbox 463 4365 2028 4439; baseline 0.004 -19"><span class='ocrx_word' id='word_1_543' title='bbox 463 4365 692 4435; x_wconf 83' lang='lat' dir='ltr'><strong>vestigio</strong></span> <span class='ocrx_word' id='word_1_544' title='bbox 738 4366 793 4419; x_wconf 92' lang='lat' dir='ltr'><strong>in</strong></span> <span class='ocrx_word' id='word_1_545' title='bbox 834 4377 1038 4436; x_wconf 86' lang='lat' dir='ltr'><strong>patrem</strong></span> <span class='ocrx_word' id='word_1_546' title='bbox 1073 4369 1331 4439; x_wconf 89' lang='lat' dir='ltr'><strong>impetum</strong></span> <span class='ocrx_word' id='word_1_547' title='bbox 1358 4370 1540 4435; x_wconf 84' lang='lat' dir='ltr'><strong>faciat,</strong></span> <span class='ocrx_word' id='word_1_548' title='bbox 1581 4371 1686 4427; x_wconf 83' lang='lat' dir='ltr'><strong>hoc</strong></span> <span class='ocrx_word' id='word_1_549' title='bbox 1710 4372 2028 4427; x_wconf 85' lang='lat' dir='ltr'><strong>Abessaloni</strong></span> 
     </span>
    </p>
   </div>
   <div class='ocr_carea' id='block_1_76' title="bbox 2123 3175 3684 3253">
    <p class='ocr_par' dir='ltr' id='par_1_76' title="bbox 2123 3175 3684 3253">
     <span class='ocr_line' id='line_1_76' title="bbox 2123 3175 3684 3253; baseline 0.006 -27"><span class='ocrx_word' id='word_1_550' title='bbox 2123 3176 2234 3238; x_wconf 87' lang='grc' dir='ltr'>τοῖς</span> <span class='ocrx_word' id='word_1_551' title='bbox 2262 3175 2417 3228; x_wconf 86' lang='grc' dir='ltr'>ποσίν</span> <span class='ocrx_word' id='word_1_552' title='bbox 2436 3192 2449 3205; x_wconf 73' lang='grc'><strong><em>⁸</em></strong></span> <span class='ocrx_word' id='word_1_553' title='bbox 2486 3176 2573 3229; x_wconf 87' lang='grc' dir='ltr'>ὅτε</span> <span class='ocrx_word' id='word_1_554' title='bbox 2603 3178 2695 3231; x_wconf 84' lang='grc' dir='ltr'><strong>καὶ</strong></span> <span class='ocrx_word' id='word_1_555' title='bbox 2724 3178 2912 3248; x_wconf 81' lang='grc' dir='ltr'>Σεμεεὶ</span> <span class='ocrx_word' id='word_1_556' title='bbox 2940 3179 3087 3250; x_wconf 86' lang='grc' dir='ltr'>αύτῷ</span> <span class='ocrx_word' id='word_1_557' title='bbox 3112 3182 3407 3253; x_wconf 82' lang='grc' dir='ltr'>κατηρᾶτο.</span> <span class='ocrx_word' id='word_1_558' title='bbox 3441 3181 3684 3252; x_wconf 78' lang='grc' dir='ltr'>Εύχόμε-</span> 
     </span>
    </p>
   </div>
   <div class='ocr_carea' id='block_1_77' title="bbox 2124 3266 3689 3345">
    <p class='ocr_par' dir='ltr' id='par_1_77' title="bbox 2124 3266 3689 3345">
     <span class='ocr_line' id='line_1_77' title="bbox 2124 3266 3689 3345; baseline 0.008 -29"><span class='ocrx_word' id='word_1_559' title='bbox 2124 3282 2213 3329; x_wconf 91' lang='grc' dir='ltr'><strong>νος</strong></span> <span class='ocrx_word' id='word_1_560' title='bbox 2248 3266 2304 3319; x_wconf 83' lang='grc' dir='ltr'>δὲ</span> <span class='ocrx_word' id='word_1_561' title='bbox 2341 3267 2439 3337; x_wconf 76' lang='grc' dir='ltr'>τὴν</span> <span class='ocrx_word' id='word_1_562' title='bbox 2482 3266 2576 3320; x_wconf 85' lang='grc' dir='ltr'><strong>τοῦ</strong></span> <span class='ocrx_word' id='word_1_563' title='bbox 2620 3269 2896 3340; x_wconf 83' lang='grc' dir='ltr'>Ἀχιτόφελ</span> <span class='ocrx_word' id='word_1_564' title='bbox 2938 3271 3385 3343; x_wconf 81' lang='grc' dir='ltr'>διασκεδασθῆναι</span> <span class='ocrx_word' id='word_1_565' title='bbox 3433 3273 3625 3345; x_wconf 83' lang='grc' dir='ltr'>βουλὴν</span> <span class='ocrx_word' id='word_1_566' title='bbox 3656 3276 3689 3329; x_wconf 89' lang='lat'><strong>6</strong></span> 
     </span>
    </p>
   </div>
   <div class='ocr_carea' id='block_1_78' title="bbox 2124 3357 3689 3437">
    <p class='ocr_par' dir='ltr' id='par_1_78' title="bbox 2124 3357 3689 3437">
     <span class='ocr_line' id='line_1_78' title="bbox 2124 3357 3689 3437; baseline 0.007 -27"><span class='ocrx_word' id='word_1_567' title='bbox 2124 3357 2304 3423; x_wconf 81' lang='grc' dir='ltr'>Δαυῒδ,</span> <span class='ocrx_word' id='word_1_568' title='bbox 2335 3360 2540 3430; x_wconf 82' lang='grc' dir='ltr'>πέμπει</span> <span class='ocrx_word' id='word_1_569' title='bbox 2566 3362 2659 3413; x_wconf 85' lang='grc' dir='ltr'><strong>καὶ</strong></span> <span class='ocrx_word' id='word_1_570' title='bbox 2685 3362 2777 3416; x_wconf 78' lang='grc' dir='ltr'><strong>τὸν</strong></span> <span class='ocrx_word' id='word_1_571' title='bbox 2810 3363 3003 3416; x_wconf 77' lang='grc' dir='ltr'>ἑαυτοῦ</span> <span class='ocrx_word' id='word_1_572' title='bbox 3026 3364 3176 3434; x_wconf 84' lang='grc' dir='ltr'>φίλον</span> <span class='ocrx_word' id='word_1_573' title='bbox 3195 3366 3365 3420; x_wconf 91' lang='grc' dir='ltr'>Χουσὶ</span> <span class='ocrx_word' id='word_1_574' title='bbox 3387 3369 3451 3437; x_wconf 83' lang='grc' dir='ltr'>τῇ</span> <span class='ocrx_word' id='word_1_575' title='bbox 3480 3366 3689 3421; x_wconf 74' lang='grc' dir='ltr'>ἐκείνου</span> 
     </span>
    </p>
   </div>
   <div class='ocr_carea' id='block_1_79' title="bbox 2124 3450 3688 3529">
    <p class='ocr_par' dir='ltr' id='par_1_79' title="bbox 2124 3450 3688 3529">
     <span class='ocr_line' id='line_1_79' title="bbox 2124 3450 3688 3529; baseline 0.007 -28"><span class='ocrx_word' id='word_1_576' title='bbox 2124 3450 2319 3521; x_wconf 79' lang='grc' dir='ltr'>γνώμῃ</span> <span class='ocrx_word' id='word_1_577' title='bbox 2350 3451 2781 3523; x_wconf 81' lang='grc' dir='ltr'>ἀντιταξόμενον,</span> <span class='ocrx_word' id='word_1_578' title='bbox 2806 3457 2899 3507; x_wconf 87' lang='grc' dir='ltr'><strong>καὶ</strong></span> <span class='ocrx_word' id='word_1_579' title='bbox 2921 3455 3010 3510; x_wconf 75' lang='grc' dir='ltr'>διὰ</span> <span class='ocrx_word' id='word_1_580' title='bbox 3031 3455 3139 3512; x_wconf 85' lang='grc' dir='ltr'><strong>τῶν</strong></span> <span class='ocrx_word' id='word_1_581' title='bbox 3167 3458 3358 3529; x_wconf 84' lang='grc' dir='ltr'>ἱερέων</span> <span class='ocrx_word' id='word_1_582' title='bbox 3384 3457 3573 3512; x_wconf 81' lang='grc' dir='ltr'>Σαδὼκ</span> <span class='ocrx_word' id='word_1_583' title='bbox 3594 3458 3688 3512; x_wconf 85' lang='grc' dir='ltr'><strong>καὶ</strong></span> 
     </span>
    </p>
   </div>
   <div class='ocr_carea' id='block_1_80' title="bbox 2138 3539 3689 3621">
    <p class='ocr_par' dir='ltr' id='par_1_80' title="bbox 2138 3539 3689 3621">
     <span class='ocr_line' id='line_1_80' title="bbox 2138 3539 3689 3621; baseline 0.008 -29"><span class='ocrx_word' id='word_1_584' title='bbox 2138 3539 2397 3613; x_wconf 86' lang='grc' dir='ltr'>Ἀϐιάθαρ</span> <span class='ocrx_word' id='word_1_585' title='bbox 2439 3542 2744 3614; x_wconf 84' lang='grc' dir='ltr'>δηλώσοντα</span> <span class='ocrx_word' id='word_1_586' title='bbox 2790 3545 2934 3617; x_wconf 81' lang='grc' dir='ltr'>αύτῷ</span> <span class='ocrx_word' id='word_1_587' title='bbox 2971 3548 3079 3601; x_wconf 82' lang='grc' dir='ltr'><strong>πᾶν</strong></span> <span class='ocrx_word' id='word_1_588' title='bbox 3127 3547 3155 3601; x_wconf 84' lang='grc' dir='ltr'><strong>ὃ</strong></span> <span class='ocrx_word' id='word_1_589' title='bbox 3180 3547 3246 3602; x_wconf 81' lang='grc' dir='ltr'>ἂν</span> <span class='ocrx_word' id='word_1_590' title='bbox 3272 3548 3628 3621; x_wconf 81' lang='grc' dir='ltr'>βουλεύσηται</span> <span class='ocrx_word' id='word_1_591' title='bbox 3659 3552 3689 3605; x_wconf 89' lang='lat'><strong>6</strong></span> 
     </span>
    </p>
   </div>
   <div class='ocr_carea' id='block_1_81' title="bbox 2140 3632 3692 3713">
    <p class='ocr_par' dir='ltr' id='par_1_81' title="bbox 2140 3632 3692 3713">
     <span class='ocr_line' id='line_1_81' title="bbox 2140 3632 3692 3713; baseline 0.007 -27"><span class='ocrx_word' id='word_1_592' title='bbox 2140 3632 2504 3705; x_wconf 83' lang='grc' dir='ltr'>Ἀϐεσσαλώμ.</span> <span class='ocrx_word' id='word_1_593' title='bbox 2523 3635 2579 3688; x_wconf 83' lang='grc'><strong>’0</strong></span> <span class='ocrx_word' id='word_1_594' title='bbox 2598 3636 2654 3688; x_wconf 83' lang='grc' dir='ltr'>δὲ</span> <span class='ocrx_word' id='word_1_595' title='bbox 2673 3637 2861 3700; x_wconf 87' lang='grc' dir='ltr'>Χουσὶ,</span> <span class='ocrx_word' id='word_1_596' title='bbox 2878 3638 3065 3710; x_wconf 77' lang='grc' dir='ltr'>ἐπειδὴ</span> <span class='ocrx_word' id='word_1_597' title='bbox 3092 3639 3226 3710; x_wconf 77' lang='grc' dir='ltr'>πρὸς</span> <span class='ocrx_word' id='word_1_598' title='bbox 3245 3639 3336 3695; x_wconf 82' lang='grc' dir='ltr'><strong>τὸν</strong></span> <span class='ocrx_word' id='word_1_599' title='bbox 3360 3641 3692 3713; x_wconf 79' lang='grc' dir='ltr'>πατραλοίαν</span> 
     </span>
    </p>
   </div>
   <div class='ocr_carea' id='block_1_82' title="bbox 2125 3723 3690 3803">
    <p class='ocr_par' dir='ltr' id='par_1_82' title="bbox 2125 3723 3690 3803">
     <span class='ocr_line' id='line_1_82' title="bbox 2125 3723 3690 3803; baseline 0.008 -27"><span class='ocrx_word' id='word_1_600' title='bbox 2125 3723 2311 3778; x_wconf 87' lang='grc' dir='ltr'>τοῦτον</span> <span class='ocrx_word' id='word_1_601' title='bbox 2339 3726 2581 3794; x_wconf 81' lang='grc' dir='ltr'>ἀφίκετο,</span> <span class='ocrx_word' id='word_1_602' title='bbox 2603 3728 2906 3793; x_wconf 78' lang='grc' dir='ltr'>πιστευθεὶς</span> <span class='ocrx_word' id='word_1_603' title='bbox 2935 3724 3019 3794; x_wconf 79' lang='grc' dir='ltr'>ὡς’</span> <span class='ocrx_word' id='word_1_604' title='bbox 3036 3730 3222 3796; x_wconf 73' lang='grc' dir='ltr'>εὔνους</span> <span class='ocrx_word' id='word_1_605' title='bbox 3245 3733 3415 3803; x_wconf 81' lang='grc' dir='ltr'>αύτῷ,</span> <span class='ocrx_word' id='word_1_606' title='bbox 3445 3734 3606 3798; x_wconf 81' lang='grc' dir='ltr'>αὐτός</span> <span class='ocrx_word' id='word_1_607' title='bbox 3630 3751 3690 3789; x_wconf 79' lang='grc' dir='ltr'><strong>τε</strong></span> 
     </span>
    </p>
   </div>
   <div class='ocr_carea' id='block_1_83' title="bbox 2128 3816 3690 3895">
    <p class='ocr_par' dir='ltr' id='par_1_83' title="bbox 2128 3816 3690 3895">
     <span class='ocr_line' id='line_1_83' title="bbox 2128 3816 3690 3895; baseline 0.006 -27"><span class='ocrx_word' id='word_1_608' title='bbox 2128 3816 2221 3869; x_wconf 86' lang='grc' dir='ltr'><strong>καὶ</strong></span> <span class='ocrx_word' id='word_1_609' title='bbox 2259 3817 2538 3887; x_wconf 84' lang='grc' dir='ltr'>Ἀχιτόφελ</span> <span class='ocrx_word' id='word_1_610' title='bbox 2571 3818 2963 3891; x_wconf 84' lang='grc' dir='ltr'>προτρέπονται</span> <span class='ocrx_word' id='word_1_611' title='bbox 2995 3820 3024 3873; x_wconf 81' lang='grc' dir='ltr'><strong>ὃ</strong></span> <span class='ocrx_word' id='word_1_612' title='bbox 3056 3838 3110 3874; x_wconf 88' lang='grc' dir='ltr'><strong>τι</strong></span> <span class='ocrx_word' id='word_1_613' title='bbox 3148 3821 3263 3877; x_wconf 85' lang='grc' dir='ltr'>δέον</span> <span class='ocrx_word' id='word_1_614' title='bbox 3308 3824 3435 3894; x_wconf 80' lang='grc' dir='ltr'>περὶ</span> <span class='ocrx_word' id='word_1_615' title='bbox 3457 3824 3690 3895; x_wconf 83' lang='grc' dir='ltr'>πολέμου</span> 
     </span>
    </p>
   </div>
   <div class='ocr_carea' id='block_1_84' title="bbox 2127 3910 3693 3985">
    <p class='ocr_par' dir='ltr' id='par_1_84' title="bbox 2127 3910 3693 3985">
     <span class='ocr_line' id='line_1_84' title="bbox 2127 3910 3693 3985; baseline 0.008 -25"><span class='ocrx_word' id='word_1_616' title='bbox 2127 3910 2319 3977; x_wconf 77' lang='grc' dir='ltr'>εἰπεῖν.</span> <span class='ocrx_word' id='word_1_617' title='bbox 2352 3911 2461 3963; x_wconf 77' lang='grc' dir='ltr'>Καὶ</span> <span class='ocrx_word' id='word_1_618' title='bbox 2499 3912 2527 3963; x_wconf 90' lang='lat'><strong>6</strong></span> <span class='ocrx_word' id='word_1_619' title='bbox 2566 3910 2848 3981; x_wconf 86' lang='grc' dir='ltr'>Ἀχιτόφελ</span> <span class='ocrx_word' id='word_1_620' title='bbox 2876 3914 3260 3985; x_wconf 80' lang='grc' dir='ltr'>προτρέπεται,</span> <span class='ocrx_word' id='word_1_621' title='bbox 3286 3919 3408 3981; x_wconf 88' lang='grc' dir='ltr'>ταῖς</span> <span class='ocrx_word' id='word_1_622' title='bbox 3451 3915 3545 3971; x_wconf 84' lang='grc' dir='ltr'><strong>τοῦ</strong></span> <span class='ocrx_word' id='word_1_623' title='bbox 3589 3934 3693 3972; x_wconf 84' lang='grc' dir='ltr'>πα-</span> 
     </span>
    </p>
   </div>
   <div class='ocr_carea' id='block_1_85' title="bbox 2127 4000 3694 4073">
    <p class='ocr_par' dir='ltr' id='par_1_85' title="bbox 2127 4000 3694 4073">
     <span class='ocr_line' id='line_1_85' title="bbox 2127 4000 3694 4073; baseline 0.005 -20"><span class='ocrx_word' id='word_1_624' title='bbox 2127 4000 2253 4071; x_wconf 83' lang='grc' dir='ltr'>τρὸς</span> <span class='ocrx_word' id='word_1_625' title='bbox 2284 4000 2469 4055; x_wconf 89' lang='grc' dir='ltr'>τοῦτον</span> <span class='ocrx_word' id='word_1_626' title='bbox 2503 4002 2726 4072; x_wconf 79' lang='grc' dir='ltr'>μιγέντα</span> <span class='ocrx_word' id='word_1_627' title='bbox 2770 4003 3089 4068; x_wconf 79' lang='grc' dir='ltr'>παλλακαῖς,</span> <span class='ocrx_word' id='word_1_628' title='bbox 3117 4006 3292 4060; x_wconf 83' lang='grc' dir='ltr'>ὀπίσω</span> <span class='ocrx_word' id='word_1_629' title='bbox 3324 4005 3559 4073; x_wconf 88' lang='grc' dir='ltr'>διώκειν,</span> <span class='ocrx_word' id='word_1_630' title='bbox 3600 4009 3694 4061; x_wconf 79' lang='grc' dir='ltr'><strong>καὶ</strong></span> 
     </span>
    </p>
   </div>
   <div class='ocr_carea' id='block_1_86' title="bbox 2128 4091 3693 4169">
    <p class='ocr_par' dir='ltr' id='par_1_86' title="bbox 2128 4091 3693 4169">
     <span class='ocr_line' id='line_1_86' title="bbox 2128 4091 3693 4169; baseline 0.003 -24"><span class='ocrx_word' id='word_1_631' title='bbox 2128 4091 2444 4163; x_wconf 82' lang='grc' dir='ltr'>ἀσυντάκτῳ</span> <span class='ocrx_word' id='word_1_632' title='bbox 2494 4092 2831 4163; x_wconf 88' lang='grc' dir='ltr'>προσϐαλεῖν.</span> <span class='ocrx_word' id='word_1_633' title='bbox 2851 4095 2906 4147; x_wconf 89' lang='lat'><strong>&#39;0</strong></span> <span class='ocrx_word' id='word_1_634' title='bbox 2953 4094 3011 4150; x_wconf 83' lang='grc' dir='ltr'>δὲ</span> <span class='ocrx_word' id='word_1_635' title='bbox 3058 4096 3227 4149; x_wconf 81' lang='grc' dir='ltr'>Χουσὶ</span> <span class='ocrx_word' id='word_1_636' title='bbox 3272 4098 3399 4169; x_wconf 78' lang='grc' dir='ltr'>περὶ</span> <span class='ocrx_word' id='word_1_637' title='bbox 3444 4098 3541 4168; x_wconf 77' lang='grc' dir='ltr'><strong>μὲν</strong></span> <span class='ocrx_word' id='word_1_638' title='bbox 3585 4097 3693 4151; x_wconf 78' lang='grc' dir='ltr'>τῶν</span> 
     </span>
    </p>
   </div>
   <div class='ocr_carea' id='block_1_87' title="bbox 2130 4180 3692 4258">
    <p class='ocr_par' dir='ltr' id='par_1_87' title="bbox 2130 4180 3692 4258">
     <span class='ocr_line' id='line_1_87' title="bbox 2130 4180 3692 4258; baseline 0.004 -25"><span class='ocrx_word' id='word_1_639' title='bbox 2130 4180 2418 4235; x_wconf 87' lang='grc' dir='ltr'>παλλακῶν</span> <span class='ocrx_word' id='word_1_640' title='bbox 2462 4180 2612 4235; x_wconf 84' lang='grc' dir='ltr'>οὐδὲν</span> <span class='ocrx_word' id='word_1_641' title='bbox 2644 4184 2984 4256; x_wconf 82' lang='grc' dir='ltr'>ἀπεφήνατο·</span> <span class='ocrx_word' id='word_1_642' title='bbox 3017 4185 3251 4258; x_wconf 78' lang='grc' dir='ltr'>ἐξορμᾷν</span> <span class='ocrx_word' id='word_1_643' title='bbox 3282 4187 3339 4240; x_wconf 78' lang='grc' dir='ltr'>δὲ</span> <span class='ocrx_word' id='word_1_644' title='bbox 3370 4186 3528 4247; x_wconf 83' lang='grc' dir='ltr'>εὐθὺς</span> <span class='ocrx_word' id='word_1_645' title='bbox 3552 4184 3692 4240; x_wconf 78' lang='grc' dir='ltr'>κατὰ</span> 
     </span>
    </p>
   </div>
   <div class='ocr_carea' id='block_1_88' title="bbox 2128 4274 3693 4349">
    <p class='ocr_par' dir='ltr' id='par_1_88' title="bbox 2128 4274 3693 4349">
     <span class='ocr_line' id='line_1_88' title="bbox 2128 4274 3693 4349; baseline 0.001 -22"><span class='ocrx_word' id='word_1_646' title='bbox 2128 4274 2220 4327; x_wconf 90' lang='grc' dir='ltr'><strong>τοῦ</strong></span> <span class='ocrx_word' id='word_1_647' title='bbox 2253 4274 2454 4346; x_wconf 74' lang='grc' dir='ltr'>πατρὸς</span> <span class='ocrx_word' id='word_1_648' title='bbox 2490 4275 2550 4328; x_wconf 84' lang='grc' dir='ltr'><strong>ού</strong></span> <span class='ocrx_word' id='word_1_649' title='bbox 2598 4276 2889 4349; x_wconf 78' lang='grc' dir='ltr'>συνεχώρει</span> <span class='ocrx_word' id='word_1_650' title='bbox 2950 4277 3026 4349; x_wconf 83' lang='grc' dir='ltr'>τῷ</span> <span class='ocrx_word' id='word_1_651' title='bbox 3064 4278 3437 4348; x_wconf 82' lang='grc' dir='ltr'>Ἀϐεσσαλώμ⁶</span> <span class='ocrx_word' id='word_1_652' title='bbox 3465 4277 3552 4330; x_wconf 87' lang='grc' dir='ltr'>ἴνα</span> <span class='ocrx_word' id='word_1_653' title='bbox 3596 4278 3693 4349; x_wconf 78' lang='grc' dir='ltr'>μὴ,</span> 
     </span>
    </p>
   </div>
   <div class='ocr_carea' id='block_1_89' title="bbox 2130 4367 3694 4441">
    <p class='ocr_par' dir='ltr' id='par_1_89' title="bbox 2130 4367 3694 4441">
     <span class='ocr_line' id='line_1_89' title="bbox 2130 4367 3694 4441; baseline 0.001 -21"><span class='ocrx_word' id='word_1_654' title='bbox 2130 4369 2187 4420; x_wconf 82' lang='grc' dir='ltr'>ὲν</span> <span class='ocrx_word' id='word_1_655' title='bbox 2226 4367 2395 4439; x_wconf 77' lang='grc' dir='ltr'>ὄρεσι,</span> <span class='ocrx_word' id='word_1_656' title='bbox 2423 4368 2604 4437; x_wconf 84' lang='grc' dir='ltr'>φησὶν,</span> <span class='ocrx_word' id='word_1_657' title='bbox 2634 4369 2883 4440; x_wconf 79' lang='grc' dir='ltr'>ἐμπεσὼν</span> <span class='ocrx_word' id='word_1_658' title='bbox 2904 4370 2998 4423; x_wconf 91' lang='grc' dir='ltr'><strong>καὶ</strong></span> <span class='ocrx_word' id='word_1_659' title='bbox 3018 4371 3347 4441; x_wconf 86' lang='grc' dir='ltr'>δυσφορίαις,</span> <span class='ocrx_word' id='word_1_660' title='bbox 3366 4369 3426 4421; x_wconf 89' lang='grc' dir='ltr'><strong>τό</strong></span> <span class='ocrx_word' id='word_1_661' title='bbox 3449 4384 3508 4421; x_wconf 90' lang='grc' dir='ltr'><strong>τε</strong></span> <span class='ocrx_word' id='word_1_662' title='bbox 3532 4385 3694 4439; x_wconf 87' lang='grc' dir='ltr'>στρα-</span> 
     </span>
    </p>
   </div>
   <div class='ocr_carea' id='block_1_90' title="bbox 463 4445 2023 4532">
    <p class='ocr_par' dir='ltr' id='par_1_90' title="bbox 463 4454 2023 4532">
     <span class='ocr_line' id='line_1_90' title="bbox 463 4454 2023 4532; baseline 0.005 -23"><span class='ocrx_word' id='word_1_663' title='bbox 463 4454 760 4510; x_wconf 89' lang='lat' dir='ltr'><strong>dissuadet.</strong></span> <span class='ocrx_word' id='word_1_664' title='bbox 793 4455 889 4522; x_wconf 88' lang='lat' dir='ltr'><strong>Ne,</strong></span> <span class='ocrx_word' id='word_1_665' title='bbox 925 4457 1121 4527; x_wconf 91' lang='lat' dir='ltr'><strong>inquit,</strong></span> <span class='ocrx_word' id='word_1_666' title='bbox 1152 4459 1206 4512; x_wconf 92' lang='lat' dir='ltr'><strong>in</strong></span> <span class='ocrx_word' id='word_1_667' title='bbox 1236 4462 1512 4516; x_wconf 91' lang='lat' dir='ltr'><strong>montibus</strong></span> <span class='ocrx_word' id='word_1_668' title='bbox 1563 4463 1617 4515; x_wconf 92' lang='lat' dir='ltr'><strong>in</strong></span> <span class='ocrx_word' id='word_1_669' title='bbox 1667 4463 1842 4532; x_wconf 92' lang='lat' dir='ltr'><strong>ipsum</strong></span> <span class='ocrx_word' id='word_1_670' title='bbox 1893 4464 2023 4517; x_wconf 91' lang='lat' dir='ltr'><strong>inci-</strong></span> 
     </span>
    </p>
   </div>
   <div class='ocr_carea' id='block_1_91' title="bbox 2127 4445 3694 4532">
    <p class='ocr_par' dir='ltr' id='par_1_91' title="bbox 2130 4455 3694 4531">
     <span class='ocr_line' id='line_1_91' title="bbox 2130 4455 3694 4531; baseline 0 -22"><span class='ocrx_word' id='word_1_671' title='bbox 2130 4457 2349 4512; x_wconf 88' lang='grc' dir='ltr'>τόπεδον</span> <span class='ocrx_word' id='word_1_672' title='bbox 2386 4455 2721 4531; x_wconf 84' lang='grc' dir='ltr'>διαφθείρῃς,</span> <span class='ocrx_word' id='word_1_673' title='bbox 2751 4458 2847 4512; x_wconf 86' lang='grc' dir='ltr'><strong>καὶ</strong></span> <span class='ocrx_word' id='word_1_674' title='bbox 2890 4460 3049 4523; x_wconf 81' lang='grc' dir='ltr'>αὐτὸς</span> <span class='ocrx_word' id='word_1_675' title='bbox 3075 4462 3193 4527; x_wconf 86' lang='grc' dir='ltr'>ταῖς</span> <span class='ocrx_word' id='word_1_676' title='bbox 3219 4456 3312 4511; x_wconf 87' lang='grc' dir='ltr'><strong>τοῦ</strong></span> <span class='ocrx_word' id='word_1_677' title='bbox 3364 4457 3571 4528; x_wconf 84' lang='grc' dir='ltr'>πατρὸς</span> <span class='ocrx_word' id='word_1_678' title='bbox 3599 4457 3694 4529; x_wconf 82' lang='grc' dir='ltr'>λη-</span> 
     </span>
    </p>
   </div>
   <div class='ocr_carea' id='block_1_92' title="bbox 464 4546 2029 4623">
    <p class='ocr_par' dir='ltr' id='par_1_92' title="bbox 464 4546 2029 4623">
     <span class='ocr_line' id='line_1_92' title="bbox 464 4546 2029 4623; baseline 0.005 -23"><span class='ocrx_word' id='word_1_679' title='bbox 464 4546 621 4614; x_wconf 88' lang='lat' dir='ltr'><strong>dens,</strong></span> <span class='ocrx_word' id='word_1_680' title='bbox 668 4546 819 4603; x_wconf 90' lang='lat' dir='ltr'><strong>clade</strong></span> <span class='ocrx_word' id='word_1_681' title='bbox 865 4559 1104 4619; x_wconf 86' lang='lat' dir='ltr'><strong>accepta,</strong></span> <span class='ocrx_word' id='word_1_682' title='bbox 1134 4566 1259 4605; x_wconf 90' lang='lat' dir='ltr'><strong>cum</strong></span> <span class='ocrx_word' id='word_1_683' title='bbox 1312 4554 1612 4607; x_wconf 82' lang='lat' dir='ltr'><strong>exercitum</strong></span> <span class='ocrx_word' id='word_1_684' title='bbox 1662 4554 1877 4623; x_wconf 84' lang='lat' dir='ltr'><strong>perdas,</strong></span> <span class='ocrx_word' id='word_1_685' title='bbox 1914 4565 2029 4608; x_wconf 83' lang='lat' dir='ltr'><strong>tum</strong></span> 
     </span>
    </p>
   </div>
   <div class='ocr_carea' id='block_1_93' title="bbox 466 4638 2035 4712">
    <p class='ocr_par' dir='ltr' id='par_1_93' title="bbox 466 4638 2035 4712">
     <span class='ocr_line' id='line_1_93' title="bbox 466 4638 2035 4712; baseline 0.003 -21"><span class='ocrx_word' id='word_1_686' title='bbox 466 4653 596 4693; x_wconf 83' lang='lat' dir='ltr'><strong>vero</strong></span> <span class='ocrx_word' id='word_1_687' title='bbox 626 4638 741 4709; x_wconf 90' lang='lat' dir='ltr'><strong>ipse</strong></span> <span class='ocrx_word' id='word_1_688' title='bbox 785 4638 838 4693; x_wconf 91' lang='lat' dir='ltr'><strong>in</strong></span> <span class='ocrx_word' id='word_1_689' title='bbox 872 4642 1042 4710; x_wconf 89' lang='lat' dir='ltr'><strong>patris</strong></span> <span class='ocrx_word' id='word_1_690' title='bbox 1070 4656 1265 4697; x_wconf 89' lang='lat' dir='ltr'><strong>manus</strong></span> <span class='ocrx_word' id='word_1_691' title='bbox 1291 4644 1539 4712; x_wconf 86' lang='lat' dir='ltr'><strong>captivus</strong></span> <span class='ocrx_word' id='word_1_692' title='bbox 1580 4643 1880 4712; x_wconf 87' lang='lat' dir='ltr'><strong>pervenias.</strong></span> <span class='ocrx_word' id='word_1_693' title='bbox 1905 4641 2035 4696; x_wconf 64' lang='lat' dir='ltr'><strong>Par-</strong></span> 
     </span>
    </p>
   </div>
   <div class='ocr_carea' id='block_1_94' title="bbox 469 4729 2031 4801">
    <p class='ocr_par' dir='ltr' id='par_1_94' title="bbox 469 4729 2031 4801">
     <span class='ocr_line' id='line_1_94' title="bbox 469 4729 2031 4801; baseline 0.003 -17"><span class='ocrx_word' id='word_1_694' title='bbox 469 4729 637 4785; x_wconf 87' lang='lat' dir='ltr'><strong>ricida</strong></span> <span class='ocrx_word' id='word_1_695' title='bbox 686 4732 850 4801; x_wconf 75' lang='lat' dir='ltr'><strong>igitur</strong></span> <span class='ocrx_word' id='word_1_696' title='bbox 888 4734 1141 4789; x_wconf 88' lang='lat' dir='ltr'><strong>dicente:</strong></span> <span class='ocrx_word' id='word_1_697' title='bbox 1171 4733 1361 4789; x_wconf 78' lang='lat' dir='ltr'><strong>Melius</strong></span> <span class='ocrx_word' id='word_1_698' title='bbox 1411 4746 1489 4789; x_wconf 86' lang='lat' dir='ltr'><strong>est</strong></span> <span class='ocrx_word' id='word_1_699' title='bbox 1526 4733 1806 4788; x_wconf 81' lang='lat' dir='ltr'><strong>consilium</strong></span> <span class='ocrx_word' id='word_1_700' title='bbox 1849 4734 2031 4799; x_wconf 72' lang='lat' dir='ltr'><strong>Clausi,</strong></span> 
     </span>
    </p>
   </div>
   <div class='ocr_carea' id='block_1_95' title="bbox 467 4824 2036 4898">
    <p class='ocr_par' dir='ltr' id='par_1_95' title="bbox 467 4824 2036 4898">
     <span class='ocr_line' id='line_1_95' title="bbox 467 4824 2036 4898; baseline 0.006 -24"><span class='ocrx_word' id='word_1_701' title='bbox 467 4837 626 4893; x_wconf 84' lang='lat' dir='ltr'><strong>quam</strong></span> <span class='ocrx_word' id='word_1_702' title='bbox 660 4824 1088 4895; x_wconf 75' lang='lat' dir='ltr'><strong>Achitopltelis“,</strong></span> <span class='ocrx_word' id='word_1_703' title='bbox 1120 4842 1355 4882; x_wconf 65' lang='lat' dir='ltr'><strong>maerore</strong></span> <span class='ocrx_word' id='word_1_704' title='bbox 1388 4836 1671 4897; x_wconf 89' lang='lat' dir='ltr'><strong>correptus</strong></span> <span class='ocrx_word' id='word_1_705' title='bbox 1714 4827 2036 4898; x_wconf 83' lang='lat' dir='ltr'><strong>Achitnphel</strong></span> 
     </span>
    </p>
   </div>
   <div class='ocr_carea' id='block_1_96' title="bbox 469 4909 2036 4987">
    <p class='ocr_par' dir='ltr' id='par_1_96' title="bbox 469 4909 2036 4987">
     <span class='ocr_line' id='line_1_96' title="bbox 469 4909 2036 4987; baseline 0.004 -21"><span class='ocrx_word' id='word_1_706' title='bbox 469 4909 573 4966; x_wconf 88' lang='lat' dir='ltr'><strong>sibi</strong></span> <span class='ocrx_word' id='word_1_707' title='bbox 623 4909 724 4981; x_wconf 91' lang='lat' dir='ltr'><strong>ipsi</strong></span> <span class='ocrx_word' id='word_1_708' title='bbox 765 4912 958 4983; x_wconf 82' lang='lat' dir='ltr'><strong>laqueo</strong></span> <span class='ocrx_word' id='word_1_709' title='bbox 987 4915 1149 4971; x_wconf 89' lang='lat' dir='ltr'><strong>vitam</strong></span> <span class='ocrx_word' id='word_1_710' title='bbox 1197 4917 1413 4987; x_wconf 79' lang='lat' dir='ltr'><strong>eripuit.</strong></span> <span class='ocrx_word' id='word_1_711' title='bbox 1458 4917 1627 4973; x_wconf 90' lang='lat' dir='ltr'><strong>Chusi</strong></span> <span class='ocrx_word' id='word_1_712' title='bbox 1671 4934 1800 4973; x_wconf 90' lang='lat' dir='ltr'><strong>vero</strong></span> <span class='ocrx_word' id='word_1_713' title='bbox 1853 4919 2036 4974; x_wconf 85' lang='lat' dir='ltr'><strong>omnia</strong></span> 
     </span>
    </p>
   </div>
   <div class='ocr_carea' id='block_1_97' title="bbox 471 4999 2039 5079">
    <p class='ocr_par' dir='ltr' id='par_1_97' title="bbox 471 4999 2039 5079">
     <span class='ocr_line' id='line_1_97' title="bbox 471 4999 2039 5079; baseline 0.007 -26"><span class='ocrx_word' id='word_1_714' title='bbox 471 4999 659 5054; x_wconf 86' lang='lat' dir='ltr'><strong>Davidi</strong></span> <span class='ocrx_word' id='word_1_715' title='bbox 702 5017 797 5072; x_wconf 91' lang='lat' dir='ltr'><strong>per</strong></span> <span class='ocrx_word' id='word_1_716' title='bbox 847 5006 1157 5062; x_wconf 87' lang='lat' dir='ltr'><strong>sacerdotes</strong></span> <span class='ocrx_word' id='word_1_717' title='bbox 1184 5007 1511 5078; x_wconf 79' lang='lat' dir='ltr'><strong>significavit</strong></span> <span class='ocrx_word' id='word_1_718' title='bbox 1538 5025 1553 5061; x_wconf 88' lang='lat'><strong>:</strong></span> <span class='ocrx_word' id='word_1_719' title='bbox 1576 5008 1850 5079; x_wconf 88' lang='lat' dir='ltr'><strong>jussitque</strong></span> <span class='ocrx_word' id='word_1_720' title='bbox 1883 5010 2039 5064; x_wconf 87' lang='lat' dir='ltr'><strong>insu-</strong></span> 
     </span>
    </p>
   </div>
   <div class='ocr_carea' id='block_1_98' title="bbox 471 5093 2031 5166">
    <p class='ocr_par' dir='ltr' id='par_1_98' title="bbox 471 5093 2031 5166">
     <span class='ocr_line' id='line_1_98' title="bbox 471 5093 2031 5166; baseline 0.004 -20"><span class='ocrx_word' id='word_1_721' title='bbox 471 5106 566 5161; x_wconf 88' lang='lat' dir='ltr'><strong>per</strong></span> <span class='ocrx_word' id='word_1_722' title='bbox 613 5093 775 5147; x_wconf 89' lang='lat' dir='ltr'><strong>etiam</strong></span> <span class='ocrx_word' id='word_1_723' title='bbox 829 5093 1031 5165; x_wconf 83' lang='lat' dir='ltr'><strong>fugere.</strong></span> <span class='ocrx_word' id='word_1_724' title='bbox 1066 5095 1327 5166; x_wconf 80' lang='lat' dir='ltr'><strong>Deinceps</strong></span> <span class='ocrx_word' id='word_1_725' title='bbox 1364 5114 1493 5153; x_wconf 85' lang='lat' dir='ltr'><strong>vero</strong></span> <span class='ocrx_word' id='word_1_726' title='bbox 1547 5114 1671 5153; x_wconf 88' lang='lat' dir='ltr'><strong>cum</strong></span> <span class='ocrx_word' id='word_1_727' title='bbox 1714 5099 2031 5153; x_wconf 85' lang='lat' dir='ltr'><strong>Abessalom</strong></span> 
     </span>
    </p>
   </div>
   <div class='ocr_carea' id='block_1_99' title="bbox 471 5185 2035 5260">
    <p class='ocr_par' dir='ltr' id='par_1_99' title="bbox 471 5185 2035 5260">
     <span class='ocr_line' id='line_1_99' title="bbox 471 5185 2035 5260; baseline 0.005 -24"><span class='ocrx_word' id='word_1_728' title='bbox 471 5185 636 5238; x_wconf 75' lang='lat' dir='ltr'><strong>rebus</strong></span> <span class='ocrx_word' id='word_1_729' title='bbox 659 5186 910 5240; x_wconf 89' lang='lat' dir='ltr'><strong>omnibus</strong></span> <span class='ocrx_word' id='word_1_730' title='bbox 930 5187 1231 5254; x_wconf 88' lang='lat' dir='ltr'><strong>instructis,</strong></span> <span class='ocrx_word' id='word_1_731' title='bbox 1260 5189 1533 5260; x_wconf 90' lang='lat' dir='ltr'><strong>corruptis</strong></span> <span class='ocrx_word' id='word_1_732' title='bbox 1561 5188 1724 5245; x_wconf 88' lang='lat' dir='ltr'><strong>etiam</strong></span> <span class='ocrx_word' id='word_1_733' title='bbox 1756 5190 1905 5259; x_wconf 85' lang='lat' dir='ltr'><strong>prius</strong></span> <span class='ocrx_word' id='word_1_734' title='bbox 1936 5205 2035 5259; x_wconf 84' lang='lat' dir='ltr'><strong>pa-</strong></span> 
     </span>
    </p>
   </div>
   <div class='ocr_carea' id='block_1_100' title="bbox 475 5277 2031 5352">
    <p class='ocr_par' dir='ltr' id='par_1_100' title="bbox 475 5277 2031 5352">
     <span class='ocr_line' id='line_1_100' title="bbox 475 5277 2031 5352; baseline 0.004 -24"><span class='ocrx_word' id='word_1_735' title='bbox 475 5277 575 5329; x_wconf 90' lang='lat' dir='ltr'><strong>tris</strong></span> <span class='ocrx_word' id='word_1_736' title='bbox 605 5277 889 5346; x_wconf 86' lang='lat' dir='ltr'><strong>pellicibus</strong></span> <span class='ocrx_word' id='word_1_737' title='bbox 915 5278 1075 5348; x_wconf 89' lang='lat' dir='ltr'><strong>idque</strong></span> <span class='ocrx_word' id='word_1_738' title='bbox 1092 5280 1325 5348; x_wconf 88' lang='lat' dir='ltr'><strong>publice,</strong></span> <span class='ocrx_word' id='word_1_739' title='bbox 1357 5293 1563 5352; x_wconf 85' lang='lat' dir='ltr'><strong>patrem</strong></span> <span class='ocrx_word' id='word_1_740' title='bbox 1590 5291 2031 5352; x_wconf 87' lang='lat' dir='ltr'><strong>persequeretur,</strong></span> 
     </span>
    </p>
   </div>
   <div class='ocr_carea' id='block_1_101' title="bbox 475 5363 2037 5441">
    <p class='ocr_par' dir='ltr' id='par_1_101' title="bbox 475 5363 2037 5441">
     <span class='ocr_line' id='line_1_101' title="bbox 475 5363 2037 5441; baseline 0.006 -25"><span class='ocrx_word' id='word_1_741' title='bbox 475 5363 642 5418; x_wconf 82' lang='lat' dir='ltr'><strong>David</strong></span> <span class='ocrx_word' id='word_1_742' title='bbox 674 5366 891 5436; x_wconf 90' lang='lat' dir='ltr'><strong>quidem</strong></span> <span class='ocrx_word' id='word_1_743' title='bbox 945 5366 1062 5437; x_wconf 88' lang='lat' dir='ltr'><strong>ipse</strong></span> <span class='ocrx_word' id='word_1_744' title='bbox 1108 5369 1162 5423; x_wconf 91' lang='lat' dir='ltr'><strong>in</strong></span> <span class='ocrx_word' id='word_1_745' title='bbox 1193 5370 1364 5425; x_wconf 85' lang='lat' dir='ltr'><strong>aciem</strong></span> <span class='ocrx_word' id='word_1_746' title='bbox 1394 5386 1501 5426; x_wconf 91' lang='lat' dir='ltr'><strong>non</strong></span> <span class='ocrx_word' id='word_1_747' title='bbox 1535 5372 1770 5441; x_wconf 88' lang='lat' dir='ltr'><strong>prodiit;</strong></span> <span class='ocrx_word' id='word_1_748' title='bbox 1805 5372 2037 5426; x_wconf 88' lang='lat' dir='ltr'><strong>ducibus</strong></span> 
     </span>
    </p>
   </div>
   <div class='ocr_carea' id='block_1_102' title="bbox 474 5459 2035 5534">
    <p class='ocr_par' dir='ltr' id='par_1_102' title="bbox 474 5459 2035 5534">
     <span class='ocr_line' id='line_1_102' title="bbox 474 5459 2035 5534; baseline 0.006 -28"><span class='ocrx_word' id='word_1_749' title='bbox 474 5469 605 5509; x_wconf 77' lang='lat' dir='ltr'><strong>vero</strong></span> <span class='ocrx_word' id='word_1_750' title='bbox 636 5459 751 5513; x_wconf 90' lang='lat' dir='ltr'><strong>suis</strong></span> <span class='ocrx_word' id='word_1_751' title='bbox 779 5459 988 5515; x_wconf 86' lang='lat' dir='ltr'><strong>credito</strong></span> <span class='ocrx_word' id='word_1_752' title='bbox 1028 5462 1270 5516; x_wconf 79' lang='lat' dir='ltr'><strong>exercitu</strong></span> <span class='ocrx_word' id='word_1_753' title='bbox 1321 5465 1578 5534; x_wconf 70' lang='lat' dir='ltr'><strong>praecepit</strong></span> <span class='ocrx_word' id='word_1_754' title='bbox 1626 5463 1779 5533; x_wconf 89' lang='lat' dir='ltr'><strong>ipsis,</strong></span> <span class='ocrx_word' id='word_1_755' title='bbox 1809 5464 1993 5519; x_wconf 86' lang='lat' dir='ltr'><strong>dicens</strong></span> <span class='ocrx_word' id='word_1_756' title='bbox 2021 5482 2035 5515; x_wconf 75' lang='grc' dir='ltr'><strong>ι</strong></span> 
     </span>
    </p>
   </div>
   <div class='ocr_carea' id='block_1_103' title="bbox 479 5540 2038 5617">
    <p class='ocr_par' dir='ltr' id='par_1_103' title="bbox 479 5540 2038 5617">
     <span class='ocr_line' id='line_1_103' title="bbox 479 5540 2038 5617; baseline 0.006 -21"><span class='ocrx_word' id='word_1_757' title='bbox 479 5540 691 5600; x_wconf 79' lang='lat' dir='ltr'><strong>Parcite</strong></span> <span class='ocrx_word' id='word_1_758' title='bbox 737 5548 849 5617; x_wconf 76' lang='lat' dir='ltr'><strong>ﬁlio</strong></span> <span class='ocrx_word' id='word_1_759' title='bbox 896 5565 1009 5604; x_wconf 80' lang='lat' dir='ltr'><strong>meo</strong></span> <span class='ocrx_word' id='word_1_760' title='bbox 1049 5550 1438 5607; x_wconf 78' lang='lat' dir='ltr'><strong>Abessaloni&quot;.</strong></span> <span class='ocrx_word' id='word_1_761' title='bbox 1493 5551 1688 5609; x_wconf 64' lang='lat' dir='ltr'><strong>Prelio</strong></span> <span class='ocrx_word' id='word_1_762' title='bbox 1737 5567 1867 5609; x_wconf 83' lang='lat' dir='ltr'><strong>vero</strong></span> <span class='ocrx_word' id='word_1_763' title='bbox 1926 5552 2038 5606; x_wconf 85' lang='lat' dir='ltr'><strong>acri</strong></span> 
     </span>
    </p>
   </div>
   <div class='ocr_carea' id='block_1_104' title="bbox 553 5699 1738 5783">
    <p class='ocr_par' dir='ltr' id='par_1_104' title="bbox 553 5699 1738 5783">
     <span class='ocr_line' id='line_1_104' title="bbox 553 5699 1738 5783; baseline 0.009 -30"><span class='ocrx_word' id='word_1_764' title='bbox 553 5699 597 5732; x_wconf 77' lang='lat'>“</span> <span class='ocrx_word' id='word_1_765' title='bbox 635 5699 676 5754; x_wconf 89' lang='lat' dir='ltr'><strong>ll</strong></span> <span class='ocrx_word' id='word_1_766' title='bbox 706 5701 835 5776; x_wconf 84' lang='lat' dir='ltr'><strong>Reg.</strong></span> <span class='ocrx_word' id='word_1_767' title='bbox 870 5723 999 5773; x_wconf 77' lang='lat' dir='ltr'><strong>xvn,</strong></span> <span class='ocrx_word' id='word_1_768' title='bbox 1037 5710 1121 5775; x_wconf 75' lang='lat' dir='ltr'><strong>ll.</strong></span> <span class='ocrx_word' id='word_1_769' title='bbox 1199 5712 1241 5743; x_wconf 84' lang='grc'><strong>¹⁵</strong></span> <span class='ocrx_word' id='word_1_770' title='bbox 1282 5710 1321 5766; x_wconf 92' lang='lat' dir='ltr'><strong>ll</strong></span> <span class='ocrx_word' id='word_1_771' title='bbox 1347 5709 1475 5783; x_wconf 82' lang='lat' dir='ltr'><strong>Reg.</strong></span> <span class='ocrx_word' id='word_1_772' title='bbox 1505 5727 1659 5780; x_wconf 75' lang='lat' dir='ltr'><strong>xvut,</strong></span> <span class='ocrx_word' id='word_1_773' title='bbox 1684 5712 1738 5765; x_wconf 85' lang='lat'><strong>5.</strong></span> 
     </span>
    </p>
   </div>
   <div class='ocr_carea' id='block_1_105' title="bbox 2132 4546 3692 4620">
    <p class='ocr_par' dir='ltr' id='par_1_105' title="bbox 2132 4546 3692 4620">
     <span class='ocr_line' id='line_1_105' title="bbox 2132 4546 3692 4620; baseline 0 -20"><span class='ocrx_word' id='word_1_774' title='bbox 2132 4546 2322 4618; x_wconf 82' lang='grc' dir='ltr'>φθείης</span> <span class='ocrx_word' id='word_1_775' title='bbox 2364 4549 2539 4619; x_wconf 88' lang='grc' dir='ltr'>χερσί.</span> <span class='ocrx_word' id='word_1_776' title='bbox 2571 4548 2676 4601; x_wconf 87' lang='grc' dir='ltr'>Τοῦ</span> <span class='ocrx_word' id='word_1_777' title='bbox 2705 4548 2762 4602; x_wconf 82' lang='grc' dir='ltr'>δὲ</span> <span class='ocrx_word' id='word_1_778' title='bbox 2800 4548 3127 4620; x_wconf 85' lang='grc' dir='ltr'>πατραλοίου</span> <span class='ocrx_word' id='word_1_779' title='bbox 3176 4547 3443 4610; x_wconf 69' lang='grc' dir='ltr'>εἰπόντος·</span> <span class='ocrx_word' id='word_1_780' title='bbox 3488 4546 3692 4617; x_wconf 73' lang='grc' dir='ltr'>Ἄγαθὴ</span> 
     </span>
    </p>
   </div>
   <div class='ocr_carea' id='block_1_106' title="bbox 2127 4639 3697 4711">
    <p class='ocr_par' dir='ltr' id='par_1_106' title="bbox 2127 4639 3697 4711">
     <span class='ocr_line' id='line_1_106' title="bbox 2127 4639 3697 4711; baseline -0.001 -17"><span class='ocrx_word' id='word_1_781' title='bbox 2127 4639 2329 4709; x_wconf 79' lang='grc' dir='ltr'>,ϐουλὴ</span> <span class='ocrx_word' id='word_1_782' title='bbox 2364 4639 2551 4694; x_wconf 78' lang='grc' dir='ltr'>Χουσὶ</span> <span class='ocrx_word' id='word_1_783' title='bbox 2581 4640 2732 4710; x_wconf 78' lang='grc' dir='ltr'>ὑπὲρ</span> <span class='ocrx_word' id='word_1_784' title='bbox 2760 4640 2874 4711; x_wconf 77' lang='grc' dir='ltr'><strong>τὴν</strong></span> <span class='ocrx_word' id='word_1_785' title='bbox 2892 4641 3137 4710; x_wconf 75' lang='grc' dir='ltr'>,βουλὴν</span> <span class='ocrx_word' id='word_1_786' title='bbox 3175 4640 3495 4709; x_wconf 64' lang='grc' dir='ltr'>Ἀχιτόφελῑ.</span> <span class='ocrx_word' id='word_1_787' title='bbox 3532 4639 3697 4711; x_wconf 74' lang='grc' dir='ltr'><strong>λυπη⁴</strong></span> 
     </span>
    </p>
   </div>
   <div class='ocr_carea' id='block_1_107' title="bbox 2134 4729 3695 4802">
    <p class='ocr_par' dir='ltr' id='par_1_107' title="bbox 2134 4729 3695 4802">
     <span class='ocr_line' id='line_1_107' title="bbox 2134 4729 3695 4802; baseline 0 -18"><span class='ocrx_word' id='word_1_788' title='bbox 2134 4730 2246 4794; x_wconf 87' lang='grc' dir='ltr'>θεὶς</span> <span class='ocrx_word' id='word_1_789' title='bbox 2270 4731 2550 4801; x_wconf 86' lang='grc' dir='ltr'>Ἀχιτόφελ</span> <span class='ocrx_word' id='word_1_790' title='bbox 2573 4731 2875 4802; x_wconf 82' lang='grc' dir='ltr'>ἀπήγξατο.</span> <span class='ocrx_word' id='word_1_791' title='bbox 2893 4732 2950 4785; x_wconf 86' lang='lat'><strong>&#39;0</strong></span> <span class='ocrx_word' id='word_1_792' title='bbox 2967 4732 3025 4785; x_wconf 83' lang='grc' dir='ltr'>δὲ</span> <span class='ocrx_word' id='word_1_793' title='bbox 3045 4733 3213 4785; x_wconf 83' lang='grc' dir='ltr'>Χουσὶ</span> <span class='ocrx_word' id='word_1_794' title='bbox 3241 4731 3318 4802; x_wconf 82' lang='grc' dir='ltr'>τῷ</span> <span class='ocrx_word' id='word_1_795' title='bbox 3336 4729 3498 4784; x_wconf 76' lang='grc' dir='ltr'>Δαυῒδ</span> <span class='ocrx_word' id='word_1_796' title='bbox 3522 4731 3695 4785; x_wconf 87' lang='grc' dir='ltr'>πάντα</span> 
     </span>
    </p>
   </div>
   <div class='ocr_carea' id='block_1_108' title="bbox 2133 4821 3691 4896">
    <p class='ocr_par' dir='ltr' id='par_1_108' title="bbox 2133 4821 3691 4896">
     <span class='ocr_line' id='line_1_108' title="bbox 2133 4821 3691 4896; baseline 0.001 -21"><span class='ocrx_word' id='word_1_797' title='bbox 2133 4822 2219 4876; x_wconf 65' lang='grc' dir='ltr'><strong>διὰ</strong></span> <span class='ocrx_word' id='word_1_798' title='bbox 2242 4822 2351 4876; x_wconf 84' lang='grc' dir='ltr'><strong>τῶν</strong></span> <span class='ocrx_word' id='word_1_799' title='bbox 2382 4824 2569 4895; x_wconf 78' lang='grc' dir='ltr'>ἱερέων</span> <span class='ocrx_word' id='word_1_800' title='bbox 2601 4824 2854 4896; x_wconf 75' lang='grc' dir='ltr'>ἐδήλωσε,</span> <span class='ocrx_word' id='word_1_801' title='bbox 2888 4823 2984 4879; x_wconf 89' lang='grc' dir='ltr'><strong>καὶ</strong></span> <span class='ocrx_word' id='word_1_802' title='bbox 3021 4824 3239 4895; x_wconf 80' lang='grc' dir='ltr'>φεύγειν</span> <span class='ocrx_word' id='word_1_803' title='bbox 3269 4822 3350 4875; x_wconf 74' lang='grc' dir='ltr'>ἔτι</span> <span class='ocrx_word' id='word_1_804' title='bbox 3390 4821 3691 4878; x_wconf 75' lang='grc' dir='ltr'>ἐκέλευσεν.</span> 
     </span>
    </p>
   </div>
   <div class='ocr_carea' id='block_1_109' title="bbox 2147 4911 3697 4988">
    <p class='ocr_par' dir='ltr' id='par_1_109' title="bbox 2147 4911 3697 4988">
     <span class='ocr_line' id='line_1_109' title="bbox 2147 4911 3697 4988; baseline -0.001 -19"><span class='ocrx_word' id='word_1_805' title='bbox 2147 4914 2297 4969; x_wconf 85' lang='grc' dir='ltr'>Ἐπεὶ</span> <span class='ocrx_word' id='word_1_806' title='bbox 2348 4915 2407 4969; x_wconf 83' lang='grc' dir='ltr'>δὲ</span> <span class='ocrx_word' id='word_1_807' title='bbox 2456 4916 3012 4988; x_wconf 86' lang='grc' dir='ltr'>παρασκευασάμενος</span> <span class='ocrx_word' id='word_1_808' title='bbox 3054 4917 3083 4969; x_wconf 91' lang='lat'><strong>6</strong></span> <span class='ocrx_word' id='word_1_809' title='bbox 3130 4911 3479 4983; x_wconf 83' lang='grc' dir='ltr'>Ἀϐεσσαλὼμ</span> <span class='ocrx_word' id='word_1_810' title='bbox 3525 4913 3697 4969; x_wconf 82' lang='grc' dir='ltr'>ὀπίσω</span> 
     </span>
    </p>
   </div>
   <div class='ocr_carea' id='block_1_110' title="bbox 2135 5004 3697 5082">
    <p class='ocr_par' dir='ltr' id='par_1_110' title="bbox 2135 5004 3697 5082">
     <span class='ocr_line' id='line_1_110' title="bbox 2135 5004 3697 5082; baseline -0.001 -21"><span class='ocrx_word' id='word_1_811' title='bbox 2135 5008 2227 5062; x_wconf 88' lang='grc' dir='ltr'><strong>τοῦ</strong></span> <span class='ocrx_word' id='word_1_812' title='bbox 2262 5009 2465 5082; x_wconf 82' lang='grc' dir='ltr'>πατρὸς</span> <span class='ocrx_word' id='word_1_813' title='bbox 2509 5008 2819 5075; x_wconf 76' lang='grc' dir='ltr'>κατεδίωξε,</span> <span class='ocrx_word' id='word_1_814' title='bbox 2856 5008 3115 5080; x_wconf 85' lang='grc' dir='ltr'>πρότερον</span> <span class='ocrx_word' id='word_1_815' title='bbox 3165 5008 3284 5070; x_wconf 87' lang='grc' dir='ltr'>ταῖς</span> <span class='ocrx_word' id='word_1_816' title='bbox 3326 5004 3533 5059; x_wconf 80' lang='grc' dir='ltr'>ἐκείνου</span> <span class='ocrx_word' id='word_1_817' title='bbox 3569 5006 3697 5060; x_wconf 84' lang='grc' dir='ltr'>παλ-</span> 
     </span>
    </p>
   </div>
   <div class='ocr_carea' id='block_1_111' title="bbox 2136 5098 3700 5175">
    <p class='ocr_par' dir='ltr' id='par_1_111' title="bbox 2136 5098 3700 5175">
     <span class='ocr_line' id='line_1_111' title="bbox 2136 5098 3700 5175; baseline -0.001 -20"><span class='ocrx_word' id='word_1_818' title='bbox 2136 5103 2327 5167; x_wconf 83' lang='grc' dir='ltr'>λακαῖς</span> <span class='ocrx_word' id='word_1_819' title='bbox 2368 5105 2425 5157; x_wconf 83' lang='grc' dir='ltr'>ὲν</span> <span class='ocrx_word' id='word_1_820' title='bbox 2467 5101 2714 5175; x_wconf 82' lang='grc' dir='ltr'>ὑπαίθρῳ</span> <span class='ocrx_word' id='word_1_821' title='bbox 2755 5104 2953 5173; x_wconf 88' lang='grc' dir='ltr'>μιγεὶς,</span> <span class='ocrx_word' id='word_1_822' title='bbox 2985 5103 3014 5156; x_wconf 90' lang='lat'><strong>6</strong></span> <span class='ocrx_word' id='word_1_823' title='bbox 3044 5101 3142 5173; x_wconf 79' lang='grc' dir='ltr'><strong>μὲν</strong></span> <span class='ocrx_word' id='word_1_824' title='bbox 3168 5099 3330 5154; x_wconf 79' lang='grc' dir='ltr'><strong>Δαυῖδ</strong></span> <span class='ocrx_word' id='word_1_825' title='bbox 3356 5099 3456 5153; x_wconf 88' lang='grc' dir='ltr'><strong>ούκ</strong></span> <span class='ocrx_word' id='word_1_826' title='bbox 3483 5098 3700 5169; x_wconf 75' lang='grc' dir='ltr'>ἐξῆλθεν</span> 
     </span>
    </p>
   </div>
   <div class='ocr_carea' id='block_1_112' title="bbox 2138 5190 3699 5265">
    <p class='ocr_par' dir='ltr' id='par_1_112' title="bbox 2138 5190 3699 5265">
     <span class='ocr_line' id='line_1_112' title="bbox 2138 5190 3699 5265; baseline -0.001 -20"><span class='ocrx_word' id='word_1_827' title='bbox 2138 5194 2298 5257; x_wconf 78' lang='grc' dir='ltr'>αὐτὸς</span> <span class='ocrx_word' id='word_1_828' title='bbox 2331 5196 2409 5258; x_wconf 85' lang='grc' dir='ltr'><strong>είς</strong></span> <span class='ocrx_word' id='word_1_829' title='bbox 2448 5193 2891 5265; x_wconf 75' lang='grc' dir='ltr'>ἀντιπαράταξιν,</span> <span class='ocrx_word' id='word_1_830' title='bbox 2927 5195 3157 5265; x_wconf 69' lang='grc' dir='ltr'>ἡγεμόσι</span> <span class='ocrx_word' id='word_1_831' title='bbox 3201 5192 3258 5247; x_wconf 76' lang='grc' dir='ltr'>δὲ</span> <span class='ocrx_word' id='word_1_832' title='bbox 3303 5191 3603 5255; x_wconf 89' lang='grc' dir='ltr'>πιστεύσας</span> <span class='ocrx_word' id='word_1_833' title='bbox 3644 5190 3699 5243; x_wconf 82' lang='grc' dir='ltr'><strong>τὸ</strong></span> 
     </span>
    </p>
   </div>
   <div class='ocr_carea' id='block_1_113' title="bbox 2141 5284 3699 5357">
    <p class='ocr_par' dir='ltr' id='par_1_113' title="bbox 2141 5284 3699 5357">
     <span class='ocr_line' id='line_1_113' title="bbox 2141 5284 3699 5357; baseline 0.001 -20"><span class='ocrx_word' id='word_1_834' title='bbox 2141 5285 2471 5357; x_wconf 85' lang='grc' dir='ltr'>στράτευμα,</span> <span class='ocrx_word' id='word_1_835' title='bbox 2506 5284 2804 5340; x_wconf 77' lang='grc' dir='ltr'>ἐνετείλατο</span> <span class='ocrx_word' id='word_1_836' title='bbox 2830 5285 3010 5350; x_wconf 80' lang='grc' dir='ltr'>αὐτοῖς</span> <span class='ocrx_word' id='word_1_837' title='bbox 3037 5286 3211 5354; x_wconf 86' lang='grc' dir='ltr'>λέγων</span> <span class='ocrx_word' id='word_1_838' title='bbox 3228 5301 3244 5316; x_wconf 73' lang='grc'>⁸</span> <span class='ocrx_word' id='word_1_839' title='bbox 3267 5284 3567 5339; x_wconf 80' lang='grc' dir='ltr'>Φείσασθέ</span> <span class='ocrx_word' id='word_1_840' title='bbox 3584 5298 3699 5353; x_wconf 81' lang='grc' dir='ltr'><strong>μου</strong></span> 
     </span>
    </p>
   </div>
   <div class='ocr_carea' id='block_1_114' title="bbox 2138 5374 3699 5447">
    <p class='ocr_par' dir='ltr' id='par_1_114' title="bbox 2138 5374 3699 5447">
     <span class='ocr_line' id='line_1_114' title="bbox 2138 5374 3699 5447; baseline -0.003 -16"><span class='ocrx_word' id='word_1_841' title='bbox 2138 5377 2244 5431; x_wconf 80' lang='grc' dir='ltr'><strong>τοῦ</strong></span> <span class='ocrx_word' id='word_1_842' title='bbox 2272 5376 2587 5445; x_wconf 77' lang='grc' dir='ltr'>παιδαρίου</span> <span class='ocrx_word' id='word_1_843' title='bbox 2614 5375 3003 5446; x_wconf 69' lang='grc' dir='ltr'>Ἀϐεσσαλώμ.</span> <span class='ocrx_word' id='word_1_844' title='bbox 3026 5375 3133 5429; x_wconf 89' lang='grc' dir='ltr'><strong>Τοῦ</strong></span> <span class='ocrx_word' id='word_1_845' title='bbox 3156 5375 3214 5429; x_wconf 76' lang='grc' dir='ltr'>δὲ</span> <span class='ocrx_word' id='word_1_846' title='bbox 3240 5374 3479 5447; x_wconf 79' lang='grc' dir='ltr'>πολέμου</span> <span class='ocrx_word' id='word_1_847' title='bbox 3505 5375 3699 5445; x_wconf 64' lang='grc' dir='ltr'>συρρα-</span> 
     </span>
    </p>
   </div>
   <div class='ocr_carea' id='block_1_115' title="bbox 2139 5462 3697 5540">
    <p class='ocr_par' dir='ltr' id='par_1_115' title="bbox 2139 5462 3697 5540">
     <span class='ocr_line' id='line_1_115' title="bbox 2139 5462 3697 5540; baseline -0.006 -18"><span class='ocrx_word' id='word_1_848' title='bbox 2139 5468 2325 5537; x_wconf 87' lang='grc' dir='ltr'>γέντος</span> <span class='ocrx_word' id='word_1_849' title='bbox 2364 5470 2421 5522; x_wconf 78' lang='grc' dir='ltr'>ὲν</span> <span class='ocrx_word' id='word_1_850' title='bbox 2455 5467 2536 5539; x_wconf 83' lang='grc' dir='ltr'>τῷ</span> <span class='ocrx_word' id='word_1_851' title='bbox 2569 5466 2761 5540; x_wconf 87' lang='grc' dir='ltr'>δρυμῷ</span> <span class='ocrx_word' id='word_1_852' title='bbox 2804 5465 3060 5540; x_wconf 80' lang='grc' dir='ltr'>Ἐφραῖμ,</span> <span class='ocrx_word' id='word_1_853' title='bbox 3088 5466 3345 5520; x_wconf 79' lang='grc' dir='ltr'>πίπτουσι</span> <span class='ocrx_word' id='word_1_854' title='bbox 3391 5463 3492 5535; x_wconf 70' lang='grc' dir='ltr'>μὲν</span> <span class='ocrx_word' id='word_1_855' title='bbox 3535 5462 3697 5516; x_wconf 76' lang='grc' dir='ltr'>εἴκοσι</span> 
     </span>
    </p>
   </div>
   <div class='ocr_carea' id='block_1_116' title="bbox 2139 5554 3702 5638">
    <p class='ocr_par' dir='ltr' id='par_1_116' title="bbox 2139 5554 3702 5638">
     <span class='ocr_line' id='line_1_116' title="bbox 2139 5554 3702 5638; baseline -0.004 -26"><span class='ocrx_word' id='word_1_856' title='bbox 2139 5558 2369 5631; x_wconf 82' lang='grc' dir='ltr'>χιλιάδες</span> <span class='ocrx_word' id='word_1_857' title='bbox 2398 5558 2609 5629; x_wconf 85' lang='grc' dir='ltr'>ἀνδρῶν</span> <span class='ocrx_word' id='word_1_858' title='bbox 2634 5558 2742 5613; x_wconf 80' lang='grc' dir='ltr'><strong>ἀπὸ</strong></span> <span class='ocrx_word' id='word_1_859' title='bbox 2763 5557 2857 5611; x_wconf 90' lang='grc' dir='ltr'><strong>τοῦ</strong></span> <span class='ocrx_word' id='word_1_860' title='bbox 2885 5555 3292 5638; x_wconf 73' lang='grc' dir='ltr'>στρατεύματος</span> <span class='ocrx_word' id='word_1_861' title='bbox 3321 5554 3416 5609; x_wconf 88' lang='grc' dir='ltr'><strong>τοῦ</strong></span> <span class='ocrx_word' id='word_1_862' title='bbox 3457 5555 3702 5609; x_wconf 76' lang='grc' dir='ltr'>Ἀϐεσσαο</span> 
     </span>
    </p>
   </div>
  </div>
