3946 6222
238 278 343 336 £335

1234 274 1663 337 FRAGMENTA
1705 268 2066 335 COMMENT.
2101 273 2170 329 IN
2208 268 2549 331 PSALMOS.

3412 270 3521 332 I256

242 392 364 468 λώμ
383 412 400 428 ’
431 392 600 462 αὐτὸς
634 396 714 462 δὲ,
746 392 822 462 ὦς
849 392 1014 471 εἶχεν.
1055 397 1252 469 ἔφευγε
1288 397 1524 469 στρέψας
1554 396 1644 451 τὸν
1675 396 1829 468 χαλι-

1959 394 2255 458 εοιιιιιιὶεεο,
2281 394 2335 449 in
2391 402 2651 465 querceto
2700 391 3144 465 Ephraemitico.
3205 392 3411 455 cadunt
3455 395 3523 450 de

250 487 356 542 νύν.
386 488 621 543 Βαθεῖαν
668 490 724 545 δὲ
768 492 869 563 τὴν
916 491 1092 563 κόμην
1119 492 1213 545 nul.
1242 490 1444 562 πολλὴν
1469 490 1706 563 τρέφων,
1739 492 1838 561 ὲμ-

254 582 512 635 πλέκεται
537 583 745 655 ταύτην
766 583 887 656 δρυῒ
905 601 918 614 ·
950 586 1095 655 xuii;
1122 584 1219 656 μὲν
1250 582 1473 655 ἡμίονος
1502 583 1565 635 ἐκ
1583 581 1692 636 τῶν
1714 598 1839 635 σκε-

253 676 360 731 λῶν
404 679 572 733 αὐτοῦ
606 681 990 753 διωλίσθησεν·
1025 684 1054 736 6
1081 681 1138 735 δὲ
1174 680 1446 753 μετέωρος
1480 681 1571 734 ἐπὶ
1595 680 1690 734 τοῦ
1724 680 1841 734 δέν-

255 770 378 842 δρου
410 776 705 846 ὲκρεμᾶτο,
734 776 858 839 ἕως,
894 775 1016 830 ἰδών
1058 792 1141 840 τις
1180 776 1363 839 αὐτὸν,
1391 772 1722 843 ἀπαγγέλλει
1761 770 1840 842 τῷ

267 863 445 919 Ἰωάὀ.
478 861 573 930 Εἷς
615 867 673 921 δὲ
718 868 825 921 τῶν
863 867 958 921 τοῦ
995 867 1155 922 Δαυῒδ
1182 868 1462 940 ἡγεμόνων
1489 862 1556 937 ἦν
1589 868 1617 920 6
1660 865 1837 921 Ἰωάδ.

257 954 365 1011 Καὶ
387 954 559 1024 οὗτος,
593 959 718 1033 τρία
743 960 868 1033 βέλη
892 960 1071 1015 λαὸὼν
1101 961 1211 1015 ἀπὸ
1238 961 1439 1033 χειρὸς.
1477 963 1557 1025 είς
1583 960 1682 1031 τὴν
1710 976 1843 1031 καρ-

255 1050 375 1105 δίαν
422 1049 518 1105 τοῦ
559 1053 913 1125 Ἀὅεσσαλὼμ
936 1053 1187 1123 ἐνέπηξε,
1218 1054 1312 1107 καὶ
1346 1053 1552 1107 ἀνεῖλεν
1582 1053 1766 1106 αὐτόν.
1786 1053 1843 1106 ’0

256 1142 313 1197 δὲ
335 1143 519 1211 Δαυῖδ,
549 1145 811 1212 ἀκούσας,
860 1146 1048 1201 πενθεῖ
1070 1160 1084 1177 δ
1116 1146 1209 1201 Υὶέ
1251 1164 1392 1216 μου,
1439 1145 1635 1215 λέγων,
1655 1146 1846 1200 Ἀϐεσ-

256 1236 494 1308 σαλὼμ,
526 1236 618 1290 υιέ
649 1255 792 1307 μου.
835 1240 930 1306 Τίς
969 1238 1088 1307 δῴη
1128 1238 1234 1293 τὸν
1264 1238 1524 1293 θάνατόν
1556 1257 1676 1309 μου
1710 1240 1843 1293 ἀντὶ

256 1327 411 1392 σοῦ;
450 1328 558 1381 Καὶ
585 1324 727 1382 οὕτω
768 1328 863 1383 τοῦ
891 1331 1156 1402 τυράννου
1185 1331 1593 1404 διαφθαρέντος,
1629 1332 1790 1387 πάλιν
1817 1334 1846 1386 6

258 1406 429 1472 Δαυῖδ
473 1417 570 1490 τὴν
600 1418 878 1489 βασιλείαν
922 1420 1313 1491 ἀναλαμϐάνει.
1334 1421 1493 1474 Ἀλλά
1538 1421 1696 1476 τοῦτο
1748 1423 1846 1494 μὲν

263 1507 513 1580 ὕστερον.
541 1509 644 1563 Τὸν
690 1510 747 1563 δὲ
795 1510 930 1581 μετὰ
976 1514 1164 1583 χεῖρας
1208 1513 1421 1584 ψαλμὸν
1452 1513 1739 1581 συνέταξεν
1768 1513 1848 1568 ἔτι

260 1599 609 1671 διωκόμενος.
645 1602 736 1655 Διὸ
781 1604 875 1655 καὶ
920 1603 1148 1676 θρήνους
1197 1604 1309 1677 ἔχει
1356 1606 1448 1659 καὶ
1474 1606 1844 1680 ¹ὀλοφυρμούς.

274 1692 665 1766 Ἀναχθήσεται
694 1694 749 1747 δὲ
780 1696 872 1748 καὶ
898 1697 978 1758 εἰς
1006 1696 1239 1768 Χριστὸν
1273 1699 1301 1750 6
1326 1696 1560 1768 ψαλμὸς,
1588 1700 1680 1752 τὸν
1718 1700 1850 1771 ἀλη-

261 1785 403 1840 θινὸν
436 1787 627 1841 Δαυῖδ·
664 1787 827 1842 Δαυῗδ
870 1788 978 1860 γὰρ
1029 1788 1387 1861 ἑρμηνεύεται
1435 1791 1850 1859 πεποθημένος

262 1877 359 1934 καὶ
407 1878 617 1945 ἱκανὸς
648 1880 820 1949 χειρί.
858 1880 953 1943 Τίς
987 1879 1033 1933 δ’
1060 1879 1123 1933 ἂν
1149 1881 1233 1953 εἴη
1265 1883 1292 1935 6
1321 1884 1478 1953 φύσει
1508 1885 1601 1938 καὶ
1632 1883 1850 1954 ἀληθῶς

263 1966 645 2039 πεποθημένος
675 1969 707 2040 ῆ
756 1971 783 2022 6
821 1968 1075 2041 Χριστὸς,
1107 1974 1140 2024 ὁ
1171 1972 1383 2041 ὡραῖος
1429 1975 1643 2029 κάλλει
1692 1978 1853 2045 παρὰ

261 2060 404 2126 τοὺς
434 2059 608 2127 υἱοὺς
633 2059 751 2115 τῶν
776 2061 1141 2131 ἀνθρώπων;
1176 2065 1270 2139 Τίς
1298 2066 1355 2120 δὲ
1389 2069 1570 2132 ἱκανὸς
1596 2072 1659 2141 τῇ
1686 2068 1849 2140 χειρὶ,

264 2152 311 2204 εί
341 2151 416 2222 μὴ
446 2154 475 2206 6
505 2154 726 2226 ἰσχυρὸς
764 2155 991 2225 Ἰησοῦς,
1024 2159 1052 2209 ὁ
1093 2159 1160 2229 τῇ
1211 2156 1438 2231 δυνάμει
1471 2159 1569 2232 τῆς
1604 2160 1853 2232 θεότητος

267 2241 476 2306 πάντας
521 2244 655 2307 τοὺς
708 2244 1037 2313 ἀλλοφύλους
1087 2250 1510 2320 τροπωσάμενος
1547 2251 1851 2322 δαίμονας;

264 2334 469 2389 Τοῦτον
493 2335 602 2409 γὰρ
628 2336 871 2401 ἐδίωκεν,
899 2337 976 2402 ὡς
1007 2337 1161 2403 ἄλλος
1185 2356 1270 2405 τις
1310 2342 1683 2414 Ἀὂεσσαλὼμ,
1712 2346 1740 2397 6
1766 2345 1852 2396 αί-

268 2428 467 2499 σθητὸς
509 2430 605 2482 καὶ
649 2429 790 2484 κατά
837 2432 1015 2504 σάρκα
1057 2432 1295 2507 Ἰσραὴλ,
1330 2436 1379 2489 οί
1420 2436 1680 2490 Ἰουδαῖοι.
1716 2435 1853 2507 Περὶ⁸

264 2510 343 2573 ὧν
374 2519 523 2589 λέγει
545 2520 636 2574 διὰ
660 2522 883 2577 Ἡσαΐου
907 2542 920 2556 ·
958 2527 1129 2592 Υἱοὺς
1152 2528 1458 2599 ἐγέννησα
1488 2529 1585 2583 καὶ
1614 2529 1851 2596 ὕψωσα·

266 2610 440 2664 αὐτοὶ
483 2609 553 2666 δέ
584 2628 663 2682 με
693 2612 1016 2682 ἠθέτησαν.
1048 2617 1315 2689 Συνήργει
1347 2619 1403 2672 δὲ
1447 2619 1581 2689 πρὸς
1608 2618 1706 2689 τὴν
1735 2614 1858 2671 δίω-

271 2698 375 2768 ξιν,
408 2700 499 2758 οἷά
520 2720 603 2770 τις
646 2708 925 2778 Ἀχιτόφελ
956 2710 985 2762 6
1030 2706 1228 2776 Ἰούδας
1251 2729 1263 2742 ’
1301 2711 1360 2766 ὃν
1392 2710 1691 2781 σύμὸουλον
1717 2709 1861 2781 εἶχεν

261 2797 300 2850 ὁ
322 2796 515 2868 νοητὸς
546 2796 711 2852 Δαυῒδ
736 2800 765 2851 6
785 2800 1039 2871 Χριστός.
1070 2803 1205 2873 Περὶ
1229 2801 1395 2856 αὑτοῦ
1426 2802 1535 2873 γὰρ
1565 2804 1777 2874 εἴρηται
1804 2802 1861 2857 ἔν

276 2905 384 2942 τινι
413 2888 524 2943 τῶν
545 2889 811 2961 ψαλμῶνδ
848 2892 932 2946 Σὺ
959 2891 1047 2958 δὲ,
1082 2892 1355 2963 ἄνθρωπε
1401 2896 1684 2964 lady-v18,
1724 2897 1862 2965 ἡγε-

254 2977 397 3048 ,μὼν
427 2996 571 3049 μου,
605 2981 705 3035 καὶ
748 2981 979 3052 ⁸γννωοντέ
1023 2984 1343 3051 μου.Ἀλλά
1369 2984 1475 3056 γὰρ
1526 2983 1725 3048 Ἰούδας
1764 2985 1863 3054 μὲν

268 3072 674 3143 παραπλησίως
701 3074 779 3145 τῷ
822 3075 1103 3147 Ἀχιτόφελ
1128 3076 1377 3131 ἀπελθὼν
1411 3078 1694 3149 ἀπήγξατο
1712 3095 1724 3108 ’
1753 3080 1782 3131 6
1806 3077 1862 3130 δὲ

265 3164 531 3235 Χριστὸς,
561 3166 905 3221 ἀποστέλλων
945 3173 1071 3234 τοὺς
1119 3171 1390 3242 ἡγεμόνας
1415 3169 1579 3224 αὐτοῦ
1610 3170 1859 3242 μαθητὰς

264 3257 351 3321 ei;
383 3257 475 3310 τὸν
505 3259 646 3312 κατὰ
670 3258 777 3312 τῶν
806 3261 1016 3335 ἐχθρῶν
1041 3263 1205 3316 αὑτοῦ
1248 3263 1505 3335 πόλεμον,
1535 3262 1859 3328 ἐνετέλλετο,

264 3347 463 3420 ὥσπερ
490 3352 519 3403 6
542 3349 724 3414 Δαυῒδ,
755 3353 841 3406 ἴνα
875 3354 1166 3423 φείσωνται
1194 3355 1287 3409 τοῦ
1317 3355 1695 3427 Ἀϐεσσαλὼμ,
1718 3354 1862 3409 οὓτω

267 3440 364 3492 καὶ
387 3439 523 3492 αὐτὸ
532 3457 577 3504 ς,
599 3441 687 3495 ἵνα
706 3442 834 3506 τοὺς
850 3444 1187 3516 Ἰσραηλίτας
1208 3447 1282 3519 μὴ
1301 3465 1375 3501 πα
1382 3447 1670 3518 ρόψωνται·
1695 3449 1865 3502 Ἐσε-

268 3535 385 3584 003
425 3530 538 3600 γάρ
579 3550 703 3602 μοι,
741 3537 894 3607 φησὶ,
934 3536 1192 3605 κήρυκές
1225 3556 1288 3591 τε
1332 3540 1432 3592 καὶ
1472 3539 1770 3610 μάρτυρες
1795 3541 1866 3594 ἐν

283 3616 697 3695 Ἰερουσαλὴμ,
724 3627 825 3680 καὶ
871 3629 942 3682 ἐν
973 3629 1142 3698 πάσῃ
1184 3629 1259 3699 τῇ
1295 3631 1566 3700 Ἰουδαίᾳ,
1609 3633 1706 3685 καὶ
1752 3637 1866 3688 Σα-

262 3707 512 3775 μαρείᾳ,
539 3715 767 3783 ωὶέως
786 3718 1052 3786 ἐσχάτου
1078 3719 1186 3788 τῆς
1214 3721 1567 3794 γῆς-,Ὥσπερ
1600 3723 1655 3776 δὲ
1694 3724 1787 3776 καὶ
1829 3725 1862 3794 ή

272 3799 504 3870 ἡμίονος
549 3803 644 3856 καί
688 3806 745 3857 αἱ
779 3811 960 3881 τρίχες
1009 3813 1099 3865 τὸν
1140 3813 1494 3885 Ἀϐεσσαλὼμ
1539 3814 1617 3885 τῷ
1648 3815 1863 3886 θανάτῳ

272 3889 630 3961 παρέδωκαν,
670 3895 812 3950 οὕτω
851 3902 975 3963 τοὺς
1015 3902 1300 3966 Ἰουδαίους
1351 3907 1384 3973 ή
1436 3904 1628 3973 ἀλογία
1667 3907 1759 3958 καὶ
1804 3905 1864 3959 τὸ

273 3983 428 4051 μέγα
454 3989 670 4055 φρονεῖν
703 3989 795 4041 ἐπὶ
831 3993 943 4054 τοῖς
986 3991 1092 4059 ἔξω
1122 3994 1217 4047 καί
1250 3999 1582 4065 σωματικοῖς
1608 3997 1707 4069 τῆς
1729 3996 1865 4067 ἀλη-

270 4068 433 4144 θινῆς
466 4073 613 4146 ζωῆς
636 4079 998 4152 ἀπεστέρησε·
1032 4083 1127 4136 καὶ
1156 4081 1280 4136 οὔτε
1308 4084 1409 4155 τῆς
1436 4086 1543 4157 γῆς
1574 4068 1866 4140 ἀπολαύειν

270 4164 485 4232 εἴασεν,
514 4167 638 4222 οὔτε
667 4171 759 4224 τοῦ
788 4173 1041 4246 ούρανοῦ.

1937 487 2178 542 exercitu
2210 487 2564 543 Abessalonis
2593 486 2757 543 vicies
2785 486 2932 542 mille
2969 502 2983 539 :
3027 486 3145 557 ipse
3179 500 3329 551 vero,
3358 487 3521 553 laxis,

1937 588 2100 648 prout
2131 578 2365 643 valebat,
2389 579 2616 635 habenis
2643 577 2877 649 aufugit.
2917 578 3021 635 Sed
3050 580 3180 650 quia
3205 580 3428 635 densam
3460 593 3525 634 ac

1938 671 2229 742 plurimam
2284 686 2497 728 comam
2548 673 2780 735 aluerat,
2816 689 2879 728 ea
2927 674 2982 728 in
3027 688 3233 743 quercu
3285 672 3521 743 quadam

1940 765 2223 836 implicita,
2248 766 2395 819 mula
2427 765 2619 820 subtus
2667 766 2787 835 ipso
2825 765 3080 830 abeunte,
3117 766 3232 834 ipse
3272 764 3524 820 sublimis

1940 861 1996 915 in
2025 860 2224 914 arbore
2257 858 2567 927 pendebat:
2599 859 2772 913 donec
2818 857 2959 912 forte
3004 858 3354 927 conspicatus
3400 856 3525 926 qui-

1942 954 2065 1007 dam
2098 952 2149 1006 id
2181 951 2353 1006 Joabo
2386 955 2683 1007 renuntiat.
2717 950 2847 1006 Erat
2880 966 3009 1006 vero
3034 950 3121 1005 hic
3160 966 3303 1006 unus
3326 949 3393 1005 de
3418 948 3527 1003 Da-

1942 1046 2083 1100 vidis
2134 1045 2383 1099 ducibus.
2421 1043 2471 1098 Is
2503 1060 2633 1115 ergo
2684 1044 2918 1114 sumptis
2971 1044 3148 1098 tribus
3206 1043 3397 1110 hastis,
3430 1058 3528 1095 cur

1942 1136 2294 1192 Abessalonis
2325 1138 2752 1199 transverberat,
2781 1145 2943 1207 atque
2976 1139 3049 1191 ita
3084 1137 3260 1211 ipsum
3288 1153 3319 1190 e
3344 1137 3528 1189 medio

1945 1230 2105 1284 tollit.
2137 1229 2257 1296 Quo
2313 1230 2519 1295 audito,
2564 1231 2892 1285 lamentatur
2939 1229 3106 1284 David
3142 1248 3154 1282 :
3190 1228 3233 1283 0
3296 1228 3378 1297 ﬁli
3432 1230 3523 1287 mi,

1946 1322 2119 1386 aiens,
2153 1320 2482 1386 Abessalom,
2507 1337 2537 1374 ο
2561 1322 2642 1392 ﬁli
2668 1323 2758 1376 mi.
2795 1322 2928 1389 Quis
2968 1323 3170 1377 dederit
3205 1332 3262 1376 ut
3297 1338 3388 1392 ego
3418 1339 3532 1375 mo-

1947 1415 2060 1469 riar
2080 1432 2174 1485 pro
2202 1412 2456 1470 te“?Sic
2480 1414 2663 1485 igitur,
2695 1416 2910 1471 sublato
2938 1424 3189 1487 tyranno,
3218 1414 3380 1469 llavid
3412 1431 3532 1467 rur-

1950 1520 2071 1561 sum
2098 1508 2149 1560 in
2187 1522 2409 1577 regnum
2438 1506 2763 1560 restituitur.
2791 1505 2896 1560 Sed
2918 1507 3031 1561 haec
3060 1508 3353 1576 posterius.
3373 1503 3529 1571 Quod

1949 1614 2078 1653 vero
2113 1611 2432 1668 praesentem
2477 1598 2746 1668 psalmum
2783 1600 2999 1666 attinet,
3032 1598 3360 1668 conscripsit
3407 1613 3533 1652 eum

1956 1688 2144 1756 David,
2175 1707 2298 1745 cum
2324 1691 2503 1745 adhuc
2540 1691 2973 1760 persecutionem
3003 1700 3302 1761 pateretur.
3330 1690 3536 1756 Quam»

1953 1783 2140 1836 obrem
2180 1782 2347 1837 etiam
2379 1783 2633 1852 planctus
2671 1790 2917 1837 continet
2962 1790 3016 1836 et
3061 1781 3316 1851 ejulatus.
3353 1781 3538 1835 Potest

1951 1886 2133 1929 autem
2163 1876 2327 1929 etiam
2373 1876 2440 1929 de
2479 1874 2701 1929 Christo
2738 1874 2985 1945 intelligi,
3016 1889 3149 1929 vero
3186 1875 3279 1928 illo
3314 1873 3533 1928 Davide.

1953 1967 2121 2023 David
2176 1968 2318 2022 enim
2372 1968 2417 2024 si
2466 1969 2684 2032 reddas,
2736 1968 3042 2039 significat,
3087 1968 3445 2022 desideratum
3486 1979 3539 2019 et

1954 2078 2116 2115 manu
2146 2071 2465 2130 promptum.
2494 2059 2628 2128 Quis
2661 2072 2842 2116 autem
2872 2070 3066 2116 natura
3095 2072 3152 2117 et
3181 2075 3307 2115 vere
3329 2060 3540 2115 deside-

1954 2160 2128 2216 ratus,
2177 2152 2281 2206 nisi
2319 2152 2434 2221 ipse
2462 2151 2750 2220 Christus;
2798 2162 2983 2224 utpote
3015 2154 3110 2225 qui
3153 2162 3238 2209 est
3277 2155 3540 2223 speciosus

1957 2244 2128 2314 forma
2171 2260 2283 2313 prce
2329 2244 2457 2313 ﬁliis
2507 2244 2776 2299 hominum
2795 2246 2877 2300 ’7'!
2920 2247 3029 2300 Aut
3070 2248 3194 2315 quis
3227 2262 3391 2301 manu
3427 2256 3540 2301 tam

1956 2345 2263 2407 promptus,
2296 2352 2460 2407 quam
2492 2347 2577 2392 est
2609 2337 2768 2393 fortis
2799 2336 2981 2405 Iesus,
3014 2339 3105 2410 qui
3158 2339 3398 2408 potentia
3428 2338 3544 2393 dei-
3617 2390 3632 2405 ,

1958 2429 2087 2483 tatis
2114 2444 2226 2483 suae
2255 2429 2321 2483 de
2350 2429 2609 2484 universa
2637 2430 3059 2501 al10phylorum,
3097 2447 3194 2487 seu
3232 2432 3540 2487 daemonum

1960 2519 2310 2574 multitudine
2355 2529 2557 2590 tmpaea
2593 2520 2805 2574 erexit?
2834 2518 2989 2575 Hunc
3033 2520 3178 2575 enim
3224 2531 3544 2592 persecutus

1958 2622 2064 2676 est,
2094 2619 2157 2666 ut
2194 2612 2471 2667 secundus
2505 2611 2728 2682 quidam
2761 2613 3104 2679 Abessalom,
3130 2613 3407 2668 sensibilis
3430 2611 3543 2677 ille,

1962 2714 2017 2759 et
2048 2706 2347 2760 secundum
2376 2720 2596 2760 carnem
2630 2704 2830 2771 Israel;
2856 2704 3040 2760 Judaei
3063 2706 3292 2761 scilicet.
3319 2705 3394 2761 De
3418 2705 3546 2775 qui-

1962 2796 2065 2851 bus
2091 2797 2408 2866 pronuntiat
2433 2812 2530 2867 per
2551 2796 2746 2851 Isaiam
2779 2816 2792 2851 :
2826 2796 2997 2850 Filios
3018 2799 3175 2868 genui
3196 2808 3247 2851 et
3276 2797 3545 2852 exaltari:

1964 2891 2062 2959 ipsi
2097 2907 2214 2945 vero
2248 2900 2551 2960 spreverunt
2599 2891 2762 2945 me".
2797 2891 3020 2961 Adjuvit
3054 2907 3181 2947 vero
3207 2894 3546 2961 persecutio-

1965 2997 2088 3036 nem
2147 2984 2319 3037 instar
2347 2982 2723 3054 Achitnphelis
2773 2986 3082 3056 cujusdam,
3132 2985 3337 3052 Judas;
3382 3004 3548 3058 quem

1966 3073 2323 3128 consiliorum
2372 3090 2599 3129 suorum
2646 3076 2965 3148 participem
3015 3077 3251 3133 habebat
3274 3080 3548 3144 Christus.

1966 3162 2321 3235 intelligibilis
2351 3165 2439 3220 ille
2469 3165 2659 3220 David.
2697 3167 2771 3221 De
2796 3167 2892 3221 illo
2923 3168 3068 3222 enim
3100 3169 3301 3224 dicitur
3334 3169 3389 3223 in
3413 3185 3526 3239 quo

1966 3256 2093 3310 dam
2121 3257 2331 3327 psalmo
2365 3277 2377 3312 :
2412 3255 2491 3311 Tu
2519 3275 2658 3325 vero,
2688 3275 2718 3313 ο
2736 3260 2889 3314 homo
2928 3261 3219 3323 unanimis.
3248 3261 3359 3315 dua:
3381 3277 3550 3327 meus,

1967 3360 2017 3405 et
2060 3361 2214 3408 notus
2257 3370 2402 3408 meus
2426 3356 2488 3409 “'.
2518 3353 2688 3410 Judas
2727 3356 2890 3410 etiam
2934 3355 3289 3411 consimiliter
3329 3353 3553 3408 Acbito-

1968 3444 2113 3514 pheli
2143 3446 2384 3516 seipsum
2409 3446 2606 3517 laqueo
2630 3446 2947 3513 suﬂ‘ocavit;
2976 3447 3228 3502 Christus
3250 3461 3381 3500 vero
3402 3444 3552 3500 emit-

1970 3548 2090 3593 tens
2122 3538 2291 3594 duces
2323 3554 2456 3594 suos
2487 3539 2787 3608 discipulos
2815 3541 2882 3594 ad
2909 3540 3109 3595 bellum
3144 3548 3335 3595 contra
3370 3540 3555 3593 hostes

1970 3643 2103 3684 suos
2127 3629 2448 3699 gerendum,
2482 3632 2741 3699 praecepit
2767 3631 2920 3700 ipsis,
2954 3629 3416 3699 quemadmodum
3448 3629 3554 3681 Da-

1971 3720 2082 3784 vid,
2114 3730 2173 3774 ut
2199 3731 2487 3790 parcerent
2514 3722 2857 3787 Abessaloui,
2887 3722 2969 3777 sic
2995 3731 3052 3777 et
3081 3722 3217 3791 ipse,
3250 3736 3318 3776 ne
3344 3720 3554 3775 Israeli-

1970 3821 2056 3868 tas
2102 3815 2458 3884 negligerent.
2509 3815 2677 3870 Eritis
2716 3820 2878 3882 enim,
2920 3817 3116 3886 inquit,
3151 3816 3253 3869 mei
3290 3830 3555 3884 prazcones

1971 3915 2225 3977 testesque
2252 3908 2304 3959 in
2328 3905 2650 3974 Jerusalem,
2677 3918 2731 3962 et
2759 3912 2815 3962 in
2846 3911 3089 3963 universa
3119 3907 3311 3962 Judtea
3347 3916 3398 3960 et
3440 3904 3555 3962 Sa—

1970 3998 2165 4064 maria,
2198 4008 2247 4051 et
2276 4014 2437 4069 usque
2470 4000 2540 4053 ad
2569 4001 2816 4055 ultimum
2845 4002 3083 4056 terrae".
3112 4001 3192 4056 Ad
3217 4001 3332 4054 haec
3361 4014 3557 4069 quem-

1971 4086 2263 4141 admodum
2300 4090 2481 4145 tnulus
2508 4101 2563 4145 et
2587 4106 2758 4145 coma:
2786 4091 3177 4147 Abessalonem
3209 4090 3328 4145 neci
3384 4090 3558 4144 tradi-

1972 4180 2193 4242 derunt,
2241 4180 2320 4236 sic
2347 4182 2510 4237 etiam
2540 4181 2759 4238 Iudaeos
2784 4183 2946 4238 bruta
2962 4186 3203 4252 ipsorum
3222 4180 3557 4250 insipientia.

269 4269 330 4317 et
364 4261 591 4317 animus
620 4262 675 4317 in
704 4264 868 4321 rebus
895 4267 1134 4322 externis
1157 4276 1213 4324 et
1247 4269 1626 4340 corporalibus
1657 4269 1892 4337 deﬁxus,
1934 4270 2101 4341 inque
2140 4272 2209 4328 iis
2236 4289 2453 4329 omnem
2483 4290 2634 4347 spem
2665 4291 2898 4346 ponens,
2948 4290 3075 4331 vera
3115 4275 3227 4331 vita
3257 4276 3507 4346 iprivavit
3542 4294 3559 4329 :

270 4364 331 4410 et
364 4370 472 4411 nec
499 4363 665 4423 terra,
697 4372 876 4428 neque
908 4360 1049 4415 coelo
1078 4361 1281 4432 perfrui
1312 4364 1581 4434 permisit.

643 4469 839 4526 Deinde
868 4473 1206 4544 subsequitur
1230 4475 1514 4531 Athanasii
1537 4480 1748 4533 nomine
1774 4486 2143 4549 argumentum
2171 4476 2366 4547 psalmi
2395 4491 2470 4530 vn
2494 4485 2653 4547 prout
2680 4475 2905 4532 habetur
2937 4476 3202 4547 superius.

313 4561 456 4618 Item
480 4562 582 4617 illa
600 4563 754 4617 verba
765 4566 960 4634 psalmi
977 4583 1054 4634 xi,
1078 4568 1201 4622 Ὅτι
1217 4569 1612 4640 ὠλιγὼθησαν
1636 4570 1854 4638 ἀλήθειε

1959 4579 2081 4637 etc.,
2112 4571 2391 4640 prwmissa
2408 4571 2556 4640 prius
2580 4569 2945 4640 Chrysostomi
2965 4573 3247 4637 sententia,
3267 4568 3481 4640 subjicit
3507 4584 3526 4622 :
3562 4569 3572 4595 ‘

346 4679 466 4752 (55)
506 4679 667 4734 Κατά
695 4680 752 4734 δὲ
783 4681 874 4735 τὸν
902 4682 1077 4754 μέγαν
1105 4684 1421 4742 Ἀθανάσιον
1455 4686 1642 4757 σαφῶς
1666 4689 1694 4741 6
1718 4687 1854 4757 λόγος

2050 4686 2155 4743 Sed
2187 4689 2490 4745 secundum
2542 4704 2802 4759 magnum
2850 4690 3004 4745 illum
3049 4690 3412 4746 Athanasium
3446 4690 3566 4745 evi-

265 4771 517 4826 ἐνταῦθα
551 4771 651 4843 τὴν
685 4772 953 4827 Ἰουδαίων
986 4774 1244 4829 ἀπιστίαν
1277 4777 1509 4847 ἐλέγχει.
1540 4777 1631 4832 Διὸ
1668 4779 1854 4850 Μωσῆς

1979 4780 2169 4835 denter
2216 4790 2455 4852 arguunt
2486 4782 2603 4837 haec
2630 4784 2796 4838 verba
2820 4780 3136 4838 Iudaeorum
3163 4783 3564 4838 inﬁdelitatem.

266 4864 417 4930 ’πρὶς
470 4863 670 4926 αὐτοὺς
715 4864 966 4918 ἀπέτεινε
1012 4864 1269 4933 φάσκων·
1306 4865 1426 4919 Υἱοὶ
1463 4867 1766 4939 ἀνθρώπων
1791 4862 1873 4932 οἷς

267 4947 381 5003 οὐκ
417 4946 533 5002 Εοτι.
565 4953 748 5019 πίστις
775 4956 833 5007 ἐν
861 4957 1066 5020 αὐτοῖς.

1979 4870 2160 4939 Quare
2203 4873 2383 4930 Moses
2437 4874 2506 4929 ad
2556 4889 2653 4930 eos
2699 4876 2960 4944 respexit,
2989 4890 3116 4930 cum
3160 4877 3409 4931 diceret:
3442 4869 3565 4924 Filii

1981 4964 2294 5031 hominum,
2320 4965 2375 5019 in
2403 4967 2604 5036 quibus
2632 4967 2781 5021 nulla
2808 4966 2944 5021 lides
2971 4968 3135 5021 est“.

649 5068 715 5123 Et
737 5074 793 5125 in
819 5074 1055 5143 ejusdem
1084 5077 1280 5146 psalmi
1306 5094 1509 5133 versum
1534 5087 1853 5149 sequentem,
1890 5082 2171 5148 prwmissa
2198 5099 2407 5137 rursum
2444 5081 2810 5154 Chrysostomi
2831 5085 3205 5154 explicatione.

356 5184 665 5250 Κιιρίλλου
715 5186 813 5238 καὶ
856 5186 1223 5243 Ἆθανασίου.
1260 5190 1431 5244 Τοῦτο
1468 5193 1561 5245 καὶ
1607 5194 1698 5245 ἐπὶ
1742 5195 1871 5246 Ἰου-

264 5271 450 5326 δαίων
470 5269 697 5340 ἀληθές·
732 5275 1025 5343 Ἕκαστος
1051 5277 1319 5347 ἐλάλησε
1338 5279 1562 5349 μάταια
1591 5281 1741 5348 πρὸς
1767 5281 1873 5334 τὸν

268 5364 582 5431 πλησίον,
611 5361 712 5425 τὰς
738 5366 881 5416 κατὰ
903 5367 998 5422 τοῦ
1025 5370 1278 5442 Σωτῆρος
1299 5371 1456 5442 ἡμῶν
1485 5372 1732 5440 συνάγων
1757 5373 1876 5426 ἐπι·-

266 5455 504 5521 oculis.

356 5619 463 5674 “II
490 5619 623 5693 Reg.
658 5619 878 5683 ιιχνιθ.
956 5621 1157 5683 "Psal.
1196 5643 1340 5696 xuv,
1373 5630 1427 5685 4.
1522 5631 1684 5687 "Isa.
1725 5646 1762 5692 ι,
1788 5629 1843 5683 ‘2.

1923 5625 1967 5659 ¹⁹
1984 5626 2128 5684 Psal.
2158 5631 2375 5698 Liv,M.
2452 5632 2497 5664 ¹⁰
2520 5632 2640 5685 Act.
2674 5647 2713 5697 ι,
2750 5630 2804 5683 8.

2051 5192 2243 5266 Cyrilli
2285 5206 2335 5250 et
2374 5195 2679 5251 Athanasii.
2720 5196 2834 5253 Hoc
2863 5198 3024 5254 etiam
3055 5198 3121 5251 de
3147 5195 3349 5253 Judais
3372 5210 3560 5249 verum

1981 5296 2063 5341 est
2097 5305 2109 5340 :
2141 5285 2504 5358 Unusquisque
2540 5290 2692 5343 enim
2740 5307 2872 5344 vana
2908 5291 3111 5344 locutus
3155 5298 3232 5342 est
3277 5288 3346 5341 ad
3384 5290 3567 5357 promi-

1985 5396 2127 5433 mum
2156 5398 2332 5445 suum,
2360 5381 2633 5437 Salvatori
2661 5395 2852 5438 nostro
2880 5382 3107 5437 insidias
3134 5392 3371 5437 struens.

2881 5629 2922 5660 ²¹
2948 5627 3102 5681 Deut.
3140 5640 3311 5690 χχιιι,
3353 5625 3408 5696 5,
3437 5624 3496 5686 6.

351 5745 474 5821 (55)
515 5745 644 5803 Haec
662 5746 908 5816 apprime
928 5749 1256 5804 conveniunt
1276 5769 1399 5807 cum
1425 5754 1867 5822 interpretatione
1905 5752 2101 5821 psalmi
2130 5770 2206 5819 χι,
2230 5753 2322 5808 ubi
2354 5753 2421 5807 ad
2455 5753 2672 5808 Judaaos
2698 5754 2813 5807 hrec
2840 5751 3170 5805 referuntur.

587 5843 863 5903 Ριιτιιοι..
888 5840 1005 5902 Gn.
1042 5843 1307 5906 XXVII.

3171 5838 3244 5902 18
