  <div class='ocr_page' id='page_1' title='image "/cluster/home/n/w/nwhite01/storage/ocr_20150623/27/mdp.39015007065769/297.png"; bbox 0 0 3946 6222; ppageno 0'>
   <div class='ocr_carea' id='block_1_1' title="bbox 444 316 2005 420">
    <p class='ocr_par' dir='ltr' id='par_1_1' title="bbox 444 352 2005 413">
     <span class='ocr_line' id='line_1_1' title="bbox 444 352 2005 413; baseline 0 -1"><span class='ocrx_word' id='word_1_1' title='bbox 444 355 552 413; x_wconf 78' lang='lat'><strong>535</strong></span> <span class='ocrx_word' id='word_1_2' title='bbox 1277 357 1333 411; x_wconf 83' lang='lat' dir='ltr'><strong>S.</strong></span> <span class='ocrx_word' id='word_1_3' title='bbox 1374 352 1747 411; x_wconf 73' lang='lat' dir='ltr'><strong>ATHANASII</strong></span> <span class='ocrx_word' id='word_1_4' title='bbox 1787 357 1937 412; x_wconf 84' lang='lat' dir='ltr'><strong>OPP.</strong></span> <span class='ocrx_word' id='word_1_5' title='bbox 1972 358 2005 412; x_wconf 77' lang='grc' dir='ltr'>Ρ</span> 
     </span>
    </p>
   </div>
   <div class='ocr_carea' id='block_1_2' title="bbox 2115 316 3689 420">
    <p class='ocr_par' dir='ltr' id='par_1_2' title="bbox 2115 316 3689 420">
     <span class='ocr_line' id='line_1_2' title="bbox 2115 316 3689 420; baseline 0.004 -7"><span class='ocrx_word' id='word_1_6' title='bbox 2115 357 2153 413; x_wconf 90' lang='lat' dir='ltr'><strong>s</strong></span> <span class='ocrx_word' id='word_1_7' title='bbox 2206 356 2294 411; x_wconf 85' lang='grc' dir='ltr'>ιιι.</span> <span class='ocrx_word' id='word_1_8' title='bbox 2321 385 2390 397; x_wconf 80' lang='grc'><strong>-</strong></span> <span class='ocrx_word' id='word_1_9' title='bbox 2432 352 2852 414; x_wconf 76' lang='lat' dir='ltr'><strong>EXEGETICA.</strong></span> <span class='ocrx_word' id='word_1_10' title='bbox 3193 326 3196 330; x_wconf 63' lang='grc'><em>’</em></span> <span class='ocrx_word' id='word_1_11' title='bbox 3586 359 3689 420; x_wconf 80' lang='lat'><strong>556</strong></span> 
     </span>
    </p>
   </div>
   <div class='ocr_carea' id='block_1_3' title="bbox 518 474 2005 553">
    <p class='ocr_par' dir='ltr' id='par_1_3' title="bbox 518 481 2005 551">
     <span class='ocr_line' id='line_1_3' title="bbox 518 481 2005 551; baseline -0.003 -12"><span class='ocrx_word' id='word_1_12' title='bbox 518 485 654 539; x_wconf 87' lang='lat' dir='ltr'><strong>Tum</strong></span> <span class='ocrx_word' id='word_1_13' title='bbox 710 485 870 541; x_wconf 90' lang='lat' dir='ltr'><strong>etiam</strong></span> <span class='ocrx_word' id='word_1_14' title='bbox 927 482 1236 539; x_wconf 70' lang='lat' dir='ltr'><strong>Grazcorum</strong></span> <span class='ocrx_word' id='word_1_15' title='bbox 1284 490 1454 551; x_wconf 72' lang='lat' dir='ltr'><strong>poetae</strong></span> <span class='ocrx_word' id='word_1_16' title='bbox 1503 490 1557 535; x_wconf 91' lang='lat' dir='ltr'><strong>et</strong></span> <span class='ocrx_word' id='word_1_17' title='bbox 1603 491 1869 547; x_wconf 83' lang='lat' dir='ltr'><strong>oratores,</strong></span> <span class='ocrx_word' id='word_1_18' title='bbox 1918 481 2005 551; x_wconf 86' lang='lat' dir='ltr'><strong>qui</strong></span> 
     </span>
    </p>
   </div>
   <div class='ocr_carea' id='block_1_4' title="bbox 2115 474 3690 553">
    <p class='ocr_par' dir='ltr' id='par_1_4' title="bbox 2170 474 3690 553">
     <span class='ocr_line' id='line_1_4' title="bbox 2170 474 3690 553; baseline 0.002 -19"><span class='ocrx_word' id='word_1_19' title='bbox 2170 474 2297 535; x_wconf 72' lang='grc' dir='ltr'>’Καὶ</span> <span class='ocrx_word' id='word_1_20' title='bbox 2313 482 2359 534; x_wconf 88' lang='grc' dir='ltr'>οἱ</span> <span class='ocrx_word' id='word_1_21' title='bbox 2383 483 2510 551; x_wconf 86' lang='grc' dir='ltr'>παρ’</span> <span class='ocrx_word' id='word_1_22' title='bbox 2535 479 2755 550; x_wconf 87' lang='grc' dir='ltr'>Ἕλλησι</span> <span class='ocrx_word' id='word_1_23' title='bbox 2776 479 2833 532; x_wconf 81' lang='grc' dir='ltr'><strong>δὲ</strong></span> <span class='ocrx_word' id='word_1_24' title='bbox 2853 484 3072 552; x_wconf 76' lang='grc' dir='ltr'>ποιηταὶ</span> <span class='ocrx_word' id='word_1_25' title='bbox 3098 483 3190 535; x_wconf 70' lang='grc' dir='ltr'><strong>καὶ</strong></span> <span class='ocrx_word' id='word_1_26' title='bbox 3211 481 3556 553; x_wconf 78' lang='grc' dir='ltr'><strong>λογογράφοι,</strong></span> <span class='ocrx_word' id='word_1_27' title='bbox 3572 481 3690 537; x_wconf 68' lang='grc' dir='ltr'>κατ’</span> 
     </span>
    </p>
   </div>
   <div class='ocr_carea' id='block_1_5' title="bbox 440 569 2005 644">
    <p class='ocr_par' dir='ltr' id='par_1_5' title="bbox 440 572 2005 643">
     <span class='ocr_line' id='line_1_5' title="bbox 440 572 2005 643; baseline -0.003 -12"><span class='ocrx_word' id='word_1_28' title='bbox 440 592 570 632; x_wconf 85' lang='lat' dir='ltr'><strong>cum</strong></span> <span class='ocrx_word' id='word_1_29' title='bbox 602 576 824 630; x_wconf 89' lang='lat' dir='ltr'><strong>omnino</strong></span> <span class='ocrx_word' id='word_1_30' title='bbox 859 575 1061 629; x_wconf 89' lang='lat' dir='ltr'><strong>nullam</strong></span> <span class='ocrx_word' id='word_1_31' title='bbox 1089 572 1207 643; x_wconf 84' lang='lat' dir='ltr'><strong>ejus</strong></span> <span class='ocrx_word' id='word_1_32' title='bbox 1228 573 1303 627; x_wconf 90' lang='lat' dir='ltr'><strong>rei</strong></span> <span class='ocrx_word' id='word_1_33' title='bbox 1335 588 1521 627; x_wconf 87' lang='lat' dir='ltr'><strong>curam</strong></span> <span class='ocrx_word' id='word_1_34' title='bbox 1558 572 1838 635; x_wconf 89' lang='lat' dir='ltr'><strong>haberent,</strong></span> <span class='ocrx_word' id='word_1_35' title='bbox 1868 588 2005 626; x_wconf 44' lang='lat' dir='ltr'><strong>vera.</strong></span> 
     </span>
    </p>
   </div>
   <div class='ocr_carea' id='block_1_6' title="bbox 2115 569 3691 644">
    <p class='ocr_par' dir='ltr' id='par_1_6' title="bbox 2117 569 3691 644">
     <span class='ocr_line' id='line_1_6' title="bbox 2117 569 3691 644; baseline 0 -17"><span class='ocrx_word' id='word_1_36' title='bbox 2117 574 2305 628; x_wconf 81' lang='grc' dir='ltr'>οὺδένα</span> <span class='ocrx_word' id='word_1_37' title='bbox 2354 573 2551 644; x_wconf 77' lang='grc' dir='ltr'>τρόπον</span> <span class='ocrx_word' id='word_1_38' title='bbox 2591 572 2685 626; x_wconf 83' lang='grc' dir='ltr'><strong>τοῦ</strong></span> <span class='ocrx_word' id='word_1_39' title='bbox 2715 573 2932 644; x_wconf 79' lang='grc' dir='ltr'>ἀληθεῖς</span> <span class='ocrx_word' id='word_1_40' title='bbox 2971 569 3109 626; x_wconf 82' lang='grc' dir='ltr'>εἶναι</span> <span class='ocrx_word' id='word_1_41' title='bbox 3141 574 3543 642; x_wconf 82' lang='grc' dir='ltr'>φροντίσαντες,</span> <span class='ocrx_word' id='word_1_42' title='bbox 3574 591 3691 627; x_wconf 86' lang='grc' dir='ltr'>συν-</span> 
     </span>
    </p>
   </div>
   <div class='ocr_carea' id='block_1_7' title="bbox 446 661 2005 738">
    <p class='ocr_par' dir='ltr' id='par_1_7' title="bbox 446 663 2005 738">
     <span class='ocr_line' id='line_1_7' title="bbox 446 663 2005 738; baseline -0.004 -14"><span class='ocrx_word' id='word_1_43' title='bbox 446 685 516 723; x_wconf 81' lang='lat' dir='ltr'><strong>ne</strong></span> <span class='ocrx_word' id='word_1_44' title='bbox 544 676 728 724; x_wconf 90' lang='lat' dir='ltr'><strong>essent</strong></span> <span class='ocrx_word' id='word_1_45' title='bbox 757 682 877 738; x_wconf 81' lang='lat' dir='ltr'><strong>quae</strong></span> <span class='ocrx_word' id='word_1_46' title='bbox 908 666 1168 729; x_wconf 91' lang='lat' dir='ltr'><strong>dicerent,</strong></span> <span class='ocrx_word' id='word_1_47' title='bbox 1202 664 1639 733; x_wconf 85' lang='lat' dir='ltr'><strong>conscripserunt</strong></span> <span class='ocrx_word' id='word_1_48' title='bbox 1694 663 1914 733; x_wconf 82' lang='lat' dir='ltr'><strong>singuli,</strong></span> <span class='ocrx_word' id='word_1_49' title='bbox 1951 663 2005 717; x_wconf 90' lang='lat' dir='ltr'><strong>si-</strong></span> 
     </span>
    </p>
   </div>
   <div class='ocr_carea' id='block_1_8' title="bbox 2115 661 3690 738">
    <p class='ocr_par' dir='ltr' id='par_1_8' title="bbox 2118 661 3690 729">
     <span class='ocr_line' id='line_1_8' title="bbox 2118 661 3690 729; baseline 0.001 -15"><span class='ocrx_word' id='word_1_50' title='bbox 2118 661 2421 714; x_wconf 85' lang='grc' dir='ltr'>τεΟείκασιν</span> <span class='ocrx_word' id='word_1_51' title='bbox 2472 661 2847 725; x_wconf 79' lang='grc' dir='ltr'>ἀϐασανίστως</span> <span class='ocrx_word' id='word_1_52' title='bbox 2890 662 2949 716; x_wconf 85' lang='grc' dir='ltr'><strong>τὸ</strong></span> <span class='ocrx_word' id='word_1_53' title='bbox 2994 664 3175 727; x_wconf 80' lang='grc' dir='ltr'>αὐτοῖς</span> <span class='ocrx_word' id='word_1_54' title='bbox 3223 664 3432 729; x_wconf 75' lang='grc' dir='ltr'>δοκοῦν,</span> <span class='ocrx_word' id='word_1_55' title='bbox 3494 664 3690 716; x_wconf 76' lang='grc' dir='ltr'>σκοπὸν</span> 
     </span>
    </p>
   </div>
   <div class='ocr_carea' id='block_1_9' title="bbox 447 754 2026 831">
    <p class='ocr_par' dir='ltr' id='par_1_9' title="bbox 447 754 2026 831">
     <span class='ocr_line' id='line_1_9' title="bbox 447 754 2026 831; baseline -0.005 -16"><span class='ocrx_word' id='word_1_56' title='bbox 447 776 516 815; x_wconf 88' lang='lat' dir='ltr'><strong>ne</strong></span> <span class='ocrx_word' id='word_1_57' title='bbox 543 759 744 831; x_wconf 64' lang='lat' dir='ltr'><strong>praevio</strong></span> <span class='ocrx_word' id='word_1_58' title='bbox 772 758 1041 823; x_wconf 82' lang='lat' dir='ltr'><strong>examine,</strong></span> <span class='ocrx_word' id='word_1_59' title='bbox 1067 772 1188 826; x_wconf 86' lang='lat' dir='ltr'><strong>quae</strong></span> <span class='ocrx_word' id='word_1_60' title='bbox 1218 755 1348 823; x_wconf 86' lang='lat' dir='ltr'><strong>ipsis</strong></span> <span class='ocrx_word' id='word_1_61' title='bbox 1379 756 1719 816; x_wconf 87' lang='lat' dir='ltr'><strong>videbantur,</strong></span> <span class='ocrx_word' id='word_1_62' title='bbox 1755 754 1900 808; x_wconf 91' lang='lat' dir='ltr'><strong>hunc</strong></span> <span class='ocrx_word' id='word_1_63' title='bbox 1933 768 2026 808; x_wconf 84' lang='lat' dir='ltr'><strong>so-</strong></span> 
     </span>
    </p>
   </div>
   <div class='ocr_carea' id='block_1_10' title="bbox 444 845 2026 917">
    <p class='ocr_par' dir='ltr' id='par_1_10' title="bbox 444 845 2026 917">
     <span class='ocr_line' id='line_1_10' title="bbox 444 845 2026 917; baseline -0.007 -9"><span class='ocrx_word' id='word_1_64' title='bbox 444 854 560 908; x_wconf 91' lang='lat' dir='ltr'><strong>lum</strong></span> <span class='ocrx_word' id='word_1_65' title='bbox 605 853 767 907; x_wconf 92' lang='lat' dir='ltr'><strong>ﬁnem</strong></span> <span class='ocrx_word' id='word_1_66' title='bbox 805 851 1088 912; x_wconf 76' lang='lat' dir='ltr'><strong>habentes,</strong></span> <span class='ocrx_word' id='word_1_67' title='bbox 1123 858 1182 904; x_wconf 89' lang='lat' dir='ltr'><strong>ut</strong></span> <span class='ocrx_word' id='word_1_68' title='bbox 1227 848 1484 903; x_wconf 88' lang='lat' dir='ltr'><strong>nimirum</strong></span> <span class='ocrx_word' id='word_1_69' title='bbox 1536 846 1734 917; x_wconf 69' lang='lat' dir='ltr'><strong>lingua:</strong></span> <span class='ocrx_word' id='word_1_70' title='bbox 1768 860 1882 900; x_wconf 84' lang='lat' dir='ltr'><strong>suae</strong></span> <span class='ocrx_word' id='word_1_71' title='bbox 1913 845 2026 899; x_wconf 92' lang='lat' dir='ltr'><strong>ele-</strong></span> 
     </span>
    </p>
   </div>
   <div class='ocr_carea' id='block_1_11' title="bbox 396 938 1081 1020">
    <p class='ocr_par' dir='ltr' id='par_1_11' title="bbox 396 938 1081 1020">
     <span class='ocr_line' id='line_1_11' title="bbox 396 938 1081 1020; baseline -0.01 -15"><span class='ocrx_word' id='word_1_72' title='bbox 396 938 399 945; x_wconf 71' lang='grc'><em>’</em></span> <span class='ocrx_word' id='word_1_73' title='bbox 446 949 687 1020; x_wconf 77' lang='lat' dir='ltr'><strong>gantiam</strong></span> <span class='ocrx_word' id='word_1_74' title='bbox 720 954 1081 1003; x_wconf 85' lang='lat' dir='ltr'><strong>ostentarent.</strong></span> 
     </span>
    </p>
   </div>
   <div class='ocr_carea' id='block_1_12' title="bbox 2120 752 3515 827">
    <p class='ocr_par' dir='ltr' id='par_1_12' title="bbox 2120 752 3515 827">
     <span class='ocr_line' id='line_1_12' title="bbox 2120 752 3515 827; baseline 0.004 -24"><span class='ocrx_word' id='word_1_75' title='bbox 2120 752 2333 822; x_wconf 72' lang='grc' dir='ltr'>ἔχοντες</span> <span class='ocrx_word' id='word_1_76' title='bbox 2364 753 2481 818; x_wconf 76' lang='grc' dir='ltr'>ἕνα,</span> <span class='ocrx_word' id='word_1_77' title='bbox 2513 753 2575 807; x_wconf 83' lang='grc' dir='ltr'><strong>τὸ</strong></span> <span class='ocrx_word' id='word_1_78' title='bbox 2607 753 2865 818; x_wconf 75' lang='grc' dir='ltr'>ἐπίδειξιν</span> <span class='ocrx_word' id='word_1_79' title='bbox 2896 755 3220 827; x_wconf 84' lang='grc' dir='ltr'>ποιήσασθαι</span> <span class='ocrx_word' id='word_1_80' title='bbox 3254 755 3515 825; x_wconf 80' lang='grc' dir='ltr'><strong>γλώττης.</strong></span> 
     </span>
    </p>
   </div>
   <div class='ocr_carea' id='block_1_13' title="bbox 1601 1034 2541 1106">
    <p class='ocr_par' dir='ltr' id='par_1_13' title="bbox 1601 1034 2541 1106">
     <span class='ocr_line' id='line_1_13' title="bbox 1601 1034 2541 1106; baseline 0.004 -18"><span class='ocrx_word' id='word_1_81' title='bbox 1601 1034 1733 1090; x_wconf 89' lang='lat' dir='ltr'><strong>Item</strong></span> <span class='ocrx_word' id='word_1_82' title='bbox 1759 1036 1811 1089; x_wconf 91' lang='lat' dir='ltr'><strong>in</strong></span> <span class='ocrx_word' id='word_1_83' title='bbox 1837 1034 2028 1104; x_wconf 76' lang='lat' dir='ltr'><strong>psatm.</strong></span> <span class='ocrx_word' id='word_1_84' title='bbox 2062 1050 2161 1088; x_wconf 77' lang='lat' dir='ltr'><strong>xm</strong></span> <span class='ocrx_word' id='word_1_85' title='bbox 2186 1034 2541 1106; x_wconf 70' lang='grc' dir='ltr'>ἐπιπραςρήν.</span> 
     </span>
    </p>
   </div>
   <div class='ocr_carea' id='block_1_14' title="bbox 518 1130 2011 1204">
    <p class='ocr_par' dir='ltr' id='par_1_14' title="bbox 518 1130 2011 1204">
     <span class='ocr_line' id='line_1_14' title="bbox 518 1130 2011 1204; baseline -0.007 -10"><span class='ocrx_word' id='word_1_86' title='bbox 518 1138 814 1194; x_wconf 78' lang='lat' dir='ltr'><strong>Athanasii.</strong></span> <span class='ocrx_word' id='word_1_87' title='bbox 858 1134 1166 1191; x_wconf 92' lang='lat' dir='ltr'><strong>Secundum</strong></span> <span class='ocrx_word' id='word_1_88' title='bbox 1209 1148 1484 1204; x_wconf 88' lang='lat' dir='ltr'><strong>anagogen</strong></span> <span class='ocrx_word' id='word_1_89' title='bbox 1534 1144 1681 1197; x_wconf 87' lang='lat' dir='ltr'><strong>vero,</strong></span> <span class='ocrx_word' id='word_1_90' title='bbox 1735 1131 1907 1200; x_wconf 90' lang='lat' dir='ltr'><strong>aperit</strong></span> <span class='ocrx_word' id='word_1_91' title='bbox 1955 1130 2011 1185; x_wconf 88' lang='lat' dir='ltr'><strong>in</strong></span> 
     </span>
    </p>
   </div>
   <div class='ocr_carea' id='block_1_15' title="bbox 434 1222 2014 1301">
    <p class='ocr_par' dir='ltr' id='par_1_15' title="bbox 434 1222 2014 1301">
     <span class='ocr_line' id='line_1_15' title="bbox 434 1222 2014 1301; baseline -0.006 -15"><span class='ocrx_word' id='word_1_92' title='bbox 434 1231 548 1286; x_wconf 77' lang='lat' dir='ltr'><strong>hoc</strong></span> <span class='ocrx_word' id='word_1_93' title='bbox 579 1232 788 1301; x_wconf 89' lang='lat' dir='ltr'><strong>psalmo</strong></span> <span class='ocrx_word' id='word_1_94' title='bbox 822 1238 875 1285; x_wconf 88' lang='lat' dir='ltr'><strong>et</strong></span> <span class='ocrx_word' id='word_1_95' title='bbox 903 1228 1137 1298; x_wconf 66' lang='lat' dir='ltr'><strong>errplicat</strong></span> <span class='ocrx_word' id='word_1_96' title='bbox 1169 1226 1473 1281; x_wconf 90' lang='lat' dir='ltr'><strong>clarissime</strong></span> <span class='ocrx_word' id='word_1_97' title='bbox 1510 1224 1794 1278; x_wconf 90' lang='lat' dir='ltr'><strong>hominum</strong></span> <span class='ocrx_word' id='word_1_98' title='bbox 1822 1222 2014 1292; x_wconf 90' lang='lat' dir='ltr'><strong>impie-</strong></span> 
     </span>
    </p>
   </div>
   <div class='ocr_carea' id='block_1_16' title="bbox 428 1314 2011 1389">
    <p class='ocr_par' dir='ltr' id='par_1_16' title="bbox 428 1314 2011 1389">
     <span class='ocr_line' id='line_1_16' title="bbox 428 1314 2011 1389; baseline -0.005 -14"><span class='ocrx_word' id='word_1_99' title='bbox 428 1330 610 1376; x_wconf 70' lang='lat' dir='ltr'><strong>tatem</strong></span> <span class='ocrx_word' id='word_1_100' title='bbox 636 1329 690 1375; x_wconf 85' lang='lat' dir='ltr'><strong>et</strong></span> <span class='ocrx_word' id='word_1_101' title='bbox 716 1320 849 1389; x_wconf 81' lang='lat' dir='ltr'><strong>legis</strong></span> <span class='ocrx_word' id='word_1_102' title='bbox 878 1317 1377 1389; x_wconf 75' lang='lat' dir='ltr'><strong>przevaricationem</strong></span> <span class='ocrx_word' id='word_1_103' title='bbox 1404 1316 1456 1369; x_wconf 92' lang='lat' dir='ltr'><strong>in</strong></span> <span class='ocrx_word' id='word_1_104' title='bbox 1488 1314 1742 1369; x_wconf 89' lang='lat' dir='ltr'><strong>omnibus</strong></span> <span class='ocrx_word' id='word_1_105' title='bbox 1768 1314 1883 1368; x_wconf 91' lang='lat' dir='ltr'><strong>suis</strong></span> <span class='ocrx_word' id='word_1_106' title='bbox 1917 1327 2011 1368; x_wconf 83' lang='lat' dir='ltr'><strong>co-</strong></span> 
     </span>
    </p>
   </div>
   <div class='ocr_carea' id='block_1_17' title="bbox 430 1400 2014 1474">
    <p class='ocr_par' dir='ltr' id='par_1_17' title="bbox 430 1400 2014 1474">
     <span class='ocr_line' id='line_1_17' title="bbox 430 1400 2014 1474; baseline -0.004 -8"><span class='ocrx_word' id='word_1_107' title='bbox 430 1413 664 1467; x_wconf 78' lang='lat' dir='ltr'><strong>natibus</strong></span> <span class='ocrx_word' id='word_1_108' title='bbox 689 1430 702 1465; x_wconf 89' lang='lat'><strong>:</strong></span> <span class='ocrx_word' id='word_1_109' title='bbox 729 1421 788 1465; x_wconf 92' lang='lat' dir='ltr'><strong>ut</strong></span> <span class='ocrx_word' id='word_1_110' title='bbox 811 1411 937 1465; x_wconf 92' lang='lat' dir='ltr'><strong>hinc</strong></span> <span class='ocrx_word' id='word_1_111' title='bbox 961 1410 1336 1465; x_wconf 85' lang='lat' dir='ltr'><strong>necessitatem</strong></span> <span class='ocrx_word' id='word_1_112' title='bbox 1359 1408 1621 1463; x_wconf 79' lang='lat' dir='ltr'><strong>adventus</strong></span> <span class='ocrx_word' id='word_1_113' title='bbox 1647 1405 1852 1460; x_wconf 80' lang='lat' dir='ltr'><strong>Christi</strong></span> <span class='ocrx_word' id='word_1_114' title='bbox 1870 1400 2014 1474; x_wconf 72' lang='lat' dir='ltr'><strong>&#39;prae-</strong></span> 
     </span>
    </p>
   </div>
   <div class='ocr_carea' id='block_1_18' title="bbox 443 1496 2010 1573">
    <p class='ocr_par' dir='ltr' id='par_1_18' title="bbox 443 1496 2010 1573">
     <span class='ocr_line' id='line_1_18' title="bbox 443 1496 2010 1573; baseline -0.007 -15"><span class='ocrx_word' id='word_1_115' title='bbox 443 1505 605 1559; x_wconf 90' lang='lat' dir='ltr'><strong>dicet.</strong></span> <span class='ocrx_word' id='word_1_116' title='bbox 643 1504 818 1573; x_wconf 81' lang='lat' dir='ltr'><strong>Atque</strong></span> <span class='ocrx_word' id='word_1_117' title='bbox 844 1502 923 1558; x_wconf 90' lang='lat' dir='ltr'><strong>sic</strong></span> <span class='ocrx_word' id='word_1_118' title='bbox 952 1501 1171 1571; x_wconf 86' lang='lat' dir='ltr'><strong>quidem</strong></span> <span class='ocrx_word' id='word_1_119' title='bbox 1220 1500 1380 1554; x_wconf 89' lang='lat' dir='ltr'><strong>divus</strong></span> <span class='ocrx_word' id='word_1_120' title='bbox 1405 1496 1778 1552; x_wconf 82' lang='lat' dir='ltr'><strong>Athanasius:</strong></span> <span class='ocrx_word' id='word_1_121' title='bbox 1812 1510 2010 1551; x_wconf 86' lang='lat' dir='ltr'><strong>secun-</strong></span> 
     </span>
    </p>
   </div>
   <div class='ocr_carea' id='block_1_19' title="bbox 428 1591 1505 1664">
    <p class='ocr_par' dir='ltr' id='par_1_19' title="bbox 428 1591 1505 1664">
     <span class='ocr_line' id='line_1_19' title="bbox 428 1591 1505 1664; baseline -0.006 -13"><span class='ocrx_word' id='word_1_122' title='bbox 428 1597 571 1651; x_wconf 68' lang='lat' dir='ltr'><strong>‘dum</strong></span> <span class='ocrx_word' id='word_1_123' title='bbox 605 1604 783 1650; x_wconf 86' lang='lat' dir='ltr'><strong>autem</strong></span> <span class='ocrx_word' id='word_1_124' title='bbox 814 1609 1068 1664; x_wconf 84' lang='lat' dir='ltr'><strong>magnum</strong></span> <span class='ocrx_word' id='word_1_125' title='bbox 1092 1591 1370 1655; x_wconf 87' lang='lat' dir='ltr'><strong>Basilium,</strong></span> <span class='ocrx_word' id='word_1_126' title='bbox 1397 1598 1505 1645; x_wconf 87' lang='lat' dir='ltr'><strong>etc.</strong></span> 
     </span>
    </p>
   </div>
   <div class='ocr_carea' id='block_1_20' title="bbox 2191 1130 3686 1207">
    <p class='ocr_par' dir='ltr' id='par_1_20' title="bbox 2191 1130 3686 1207">
     <span class='ocr_line' id='line_1_20' title="bbox 2191 1130 3686 1207; baseline 0.001 -22"><span class='ocrx_word' id='word_1_127' title='bbox 2191 1131 2302 1203; x_wconf 83' lang='lat'><strong>(56)</strong></span> <span class='ocrx_word' id='word_1_128' title='bbox 2341 1132 2705 1188; x_wconf 78' lang='grc' dir='ltr'>Ἄθανασίου.</span> <span class='ocrx_word' id='word_1_129' title='bbox 2737 1134 2893 1189; x_wconf 86' lang='grc' dir='ltr'>Κατά</span> <span class='ocrx_word' id='word_1_130' title='bbox 2921 1134 3101 1207; x_wconf 86' lang='grc' dir='ltr'>μέντοι</span> <span class='ocrx_word' id='word_1_131' title='bbox 3130 1133 3437 1204; x_wconf 73' lang='grc' dir='ltr'>ἀναγωγὴν,</span> <span class='ocrx_word' id='word_1_132' title='bbox 3467 1130 3686 1205; x_wconf 63' lang='grc' dir='ltr'>διαρρῆ-</span> 
     </span>
    </p>
   </div>
   <div class='ocr_carea' id='block_1_21' title="bbox 2112 1223 3685 1299">
    <p class='ocr_par' dir='ltr' id='par_1_21' title="bbox 2112 1223 3685 1299">
     <span class='ocr_line' id='line_1_21' title="bbox 2112 1223 3685 1299; baseline 0.002 -23"><span class='ocrx_word' id='word_1_133' title='bbox 2112 1223 2209 1296; x_wconf 83' lang='grc' dir='ltr'>δην</span> <span class='ocrx_word' id='word_1_134' title='bbox 2247 1226 2305 1278; x_wconf 85' lang='grc' dir='ltr'>ὲν</span> <span class='ocrx_word' id='word_1_135' title='bbox 2337 1224 2414 1295; x_wconf 85' lang='grc' dir='ltr'>τῷ</span> <span class='ocrx_word' id='word_1_136' title='bbox 2448 1228 2671 1296; x_wconf 81' lang='grc' dir='ltr'><strong>παρόντι</strong></span> <span class='ocrx_word' id='word_1_137' title='bbox 2701 1226 2902 1299; x_wconf 70' lang='grc' dir='ltr'>ψαλμῷ</span> <span class='ocrx_word' id='word_1_138' title='bbox 2930 1227 3211 1298; x_wconf 81' lang='grc' dir='ltr'>σαφηνίζει</span> <span class='ocrx_word' id='word_1_139' title='bbox 3237 1226 3345 1279; x_wconf 82' lang='grc' dir='ltr'><strong>τῶν</strong></span> <span class='ocrx_word' id='word_1_140' title='bbox 3388 1226 3685 1298; x_wconf 79' lang='grc' dir='ltr'>ἀνθρώπων</span> 
     </span>
    </p>
   </div>
   <div class='ocr_carea' id='block_1_22' title="bbox 2114 1316 3685 1391">
    <p class='ocr_par' dir='ltr' id='par_1_22' title="bbox 2114 1316 3685 1391">
     <span class='ocr_line' id='line_1_22' title="bbox 2114 1316 3685 1391; baseline 0.004 -24"><span class='ocrx_word' id='word_1_141' title='bbox 2114 1316 2212 1385; x_wconf 81' lang='grc' dir='ltr'><strong>τὴν</strong></span> <span class='ocrx_word' id='word_1_142' title='bbox 2243 1319 2323 1381; x_wconf 86' lang='grc' dir='ltr'><strong>είς</strong></span> <span class='ocrx_word' id='word_1_143' title='bbox 2351 1318 2411 1371; x_wconf 85' lang='grc' dir='ltr'><strong>τὸ</strong></span> <span class='ocrx_word' id='word_1_144' title='bbox 2440 1319 2697 1381; x_wconf 81' lang='grc' dir='ltr'>παντελὲς</span> <span class='ocrx_word' id='word_1_145' title='bbox 2721 1319 2827 1372; x_wconf 83' lang='grc' dir='ltr'><strong>τῶν</strong></span> <span class='ocrx_word' id='word_1_146' title='bbox 2860 1320 3301 1391; x_wconf 80' lang='grc' dir='ltr'>ἐπιτηδευμάτων</span> <span class='ocrx_word' id='word_1_147' title='bbox 3325 1319 3575 1373; x_wconf 78' lang='grc' dir='ltr'>ἀσέϐειαν</span> <span class='ocrx_word' id='word_1_148' title='bbox 3595 1320 3685 1373; x_wconf 64' lang='grc' dir='ltr'>καὶ</span> 
     </span>
    </p>
   </div>
   <div class='ocr_carea' id='block_1_23' title="bbox 2113 1409 3684 1483">
    <p class='ocr_par' dir='ltr' id='par_1_23' title="bbox 2113 1409 3684 1483">
     <span class='ocr_line' id='line_1_23' title="bbox 2113 1409 3684 1483; baseline 0.004 -24"><span class='ocrx_word' id='word_1_149' title='bbox 2113 1409 2480 1480; x_wconf 79' lang='grc' dir='ltr'>παρανομίαν,</span> <span class='ocrx_word' id='word_1_150' title='bbox 2515 1411 2601 1464; x_wconf 83' lang='grc' dir='ltr'><strong>ἴνα</strong></span> <span class='ocrx_word' id='word_1_151' title='bbox 2636 1412 2695 1465; x_wconf 79' lang='grc' dir='ltr'>τὸ</span> <span class='ocrx_word' id='word_1_152' title='bbox 2738 1413 3031 1481; x_wconf 87' lang='grc' dir='ltr'>ἀναγκαῖον</span> <span class='ocrx_word' id='word_1_153' title='bbox 3077 1413 3177 1483; x_wconf 86' lang='grc' dir='ltr'>τῆς</span> <span class='ocrx_word' id='word_1_154' title='bbox 3212 1412 3684 1481; x_wconf 71' lang='grc' dir='ltr'>ἐπιφανείαςάναιι</span> 
     </span>
    </p>
   </div>
   <div class='ocr_carea' id='block_1_24' title="bbox 2112 1500 3680 1575">
    <p class='ocr_par' dir='ltr' id='par_1_24' title="bbox 2112 1500 3680 1575">
     <span class='ocr_line' id='line_1_24' title="bbox 2112 1500 3680 1575; baseline 0.004 -24"><span class='ocrx_word' id='word_1_155' title='bbox 2112 1500 2324 1572; x_wconf 72' lang='grc' dir='ltr'>κηρύξῃ</span> <span class='ocrx_word' id='word_1_156' title='bbox 2358 1501 2615 1573; x_wconf 71' lang='grc' dir='ltr'>Χριστοῦ.</span> <span class='ocrx_word' id='word_1_157' title='bbox 2653 1504 2762 1556; x_wconf 80' lang='grc' dir='ltr'>Καὶ</span> <span class='ocrx_word' id='word_1_158' title='bbox 2794 1503 2965 1567; x_wconf 74' lang='grc' dir='ltr'>οὕτως</span> <span class='ocrx_word' id='word_1_159' title='bbox 2997 1505 3093 1575; x_wconf 81' lang='grc' dir='ltr'>μὲν</span> <span class='ocrx_word' id='word_1_160' title='bbox 3114 1506 3141 1557; x_wconf 97' lang='lat'><strong>6</strong></span> <span class='ocrx_word' id='word_1_161' title='bbox 3167 1504 3305 1567; x_wconf 84' lang='grc' dir='ltr'>θεῖος</span> <span class='ocrx_word' id='word_1_162' title='bbox 3338 1505 3680 1569; x_wconf 74' lang='grc' dir='ltr'>Ἀθανάσιος·</span> 
     </span>
    </p>
   </div>
   <div class='ocr_carea' id='block_1_25' title="bbox 2110 1590 3107 1664">
    <p class='ocr_par' dir='ltr' id='par_1_25' title="bbox 2110 1590 3107 1664">
     <span class='ocr_line' id='line_1_25' title="bbox 2110 1590 3107 1664; baseline 0.002 -20"><span class='ocrx_word' id='word_1_163' title='bbox 2110 1590 2250 1644; x_wconf 75' lang='grc' dir='ltr'>κατὰ</span> <span class='ocrx_word' id='word_1_164' title='bbox 2275 1590 2331 1645; x_wconf 85' lang='grc' dir='ltr'><strong>δὲ</strong></span> <span class='ocrx_word' id='word_1_165' title='bbox 2356 1592 2445 1645; x_wconf 84' lang='grc' dir='ltr'><strong>τὸν</strong></span> <span class='ocrx_word' id='word_1_166' title='bbox 2478 1593 2649 1664; x_wconf 84' lang='grc' dir='ltr'>μέγαν</span> <span class='ocrx_word' id='word_1_167' title='bbox 2675 1592 2972 1657; x_wconf 75' lang='grc' dir='ltr'>Βασίλειον,</span> <span class='ocrx_word' id='word_1_168' title='bbox 3003 1604 3107 1648; x_wconf 87' lang='lat' dir='ltr'><strong>etc.</strong></span> 
     </span>
    </p>
   </div>
   <div class='ocr_carea' id='block_1_26' title="bbox 986 1703 3163 1785">
    <p class='ocr_par' dir='ltr' id='par_1_26' title="bbox 986 1703 3163 1785">
     <span class='ocr_line' id='line_1_26' title="bbox 986 1703 3163 1785; baseline -0.001 -24"><span class='ocrx_word' id='word_1_169' title='bbox 986 1704 1243 1785; x_wconf 64' lang='lat' dir='ltr'><strong>Simititer</strong></span> <span class='ocrx_word' id='word_1_170' title='bbox 1269 1708 1323 1759; x_wconf 86' lang='lat' dir='ltr'><strong>in</strong></span> <span class='ocrx_word' id='word_1_171' title='bbox 1347 1705 1558 1761; x_wconf 77' lang='lat' dir='ltr'><strong>titulum</strong></span> <span class='ocrx_word' id='word_1_172' title='bbox 1580 1705 1771 1776; x_wconf 85' lang='lat' dir='ltr'><strong>psalm.</strong></span> <span class='ocrx_word' id='word_1_173' title='bbox 1813 1721 1927 1769; x_wconf 80' lang='lat' dir='ltr'><strong>xw,</strong></span> <span class='ocrx_word' id='word_1_174' title='bbox 1961 1705 2240 1775; x_wconf 80' lang='lat' dir='ltr'><strong>prtemissa</strong></span> <span class='ocrx_word' id='word_1_175' title='bbox 2266 1703 2578 1759; x_wconf 78' lang='lat' dir='ltr'><strong>Theodoreti</strong></span> <span class='ocrx_word' id='word_1_176' title='bbox 2606 1707 2885 1770; x_wconf 80' lang='lat' dir='ltr'><strong>sententia,</strong></span> <span class='ocrx_word' id='word_1_177' title='bbox 2913 1704 3121 1775; x_wconf 82' lang='lat' dir='ltr'><strong>subjicit</strong></span> <span class='ocrx_word' id='word_1_178' title='bbox 3144 1720 3163 1758; x_wconf 91' lang='lat'><strong><em>:</em></strong></span> 
     </span>
    </p>
   </div>
   <div class='ocr_carea' id='block_1_27' title="bbox 515 1799 2081 1871">
    <p class='ocr_par' dir='ltr' id='par_1_27' title="bbox 515 1799 2081 1871">
     <span class='ocr_line' id='line_1_27' title="bbox 515 1799 2081 1871; baseline -0.003 -12"><span class='ocrx_word' id='word_1_179' title='bbox 515 1804 844 1859; x_wconf 76' lang='lat' dir='ltr'><strong>Athanasius</strong></span> <span class='ocrx_word' id='word_1_180' title='bbox 874 1814 1053 1857; x_wconf 88' lang='lat' dir='ltr'><strong>autem</strong></span> <span class='ocrx_word' id='word_1_181' title='bbox 1086 1810 1140 1858; x_wconf 90' lang='lat' dir='ltr'><strong>et</strong></span> <span class='ocrx_word' id='word_1_182' title='bbox 1167 1801 1420 1867; x_wconf 86' lang='lat' dir='ltr'><strong>Basilius,</strong></span> <span class='ocrx_word' id='word_1_183' title='bbox 1451 1802 1630 1871; x_wconf 81' lang='lat' dir='ltr'><strong>magni</strong></span> <span class='ocrx_word' id='word_1_184' title='bbox 1678 1801 1754 1854; x_wconf 86' lang='lat' dir='ltr'><strong>illi</strong></span> <span class='ocrx_word' id='word_1_185' title='bbox 1781 1799 2000 1869; x_wconf 18' lang='lat' dir='ltr'><strong>“Patres,</strong></span> <span class='ocrx_word' id='word_1_186' title='bbox 2036 1804 2081 1865; x_wconf 81' lang='grc' dir='ltr'><strong>Β</strong></span> 
     </span>
    </p>
   </div>
   <div class='ocr_carea' id='block_1_28' title="bbox 438 1891 2010 1961">
    <p class='ocr_par' dir='ltr' id='par_1_28' title="bbox 438 1891 2010 1961">
     <span class='ocr_line' id='line_1_28' title="bbox 438 1891 2010 1961; baseline -0.002 -12"><span class='ocrx_word' id='word_1_187' title='bbox 438 1903 614 1960; x_wconf 78' lang='lat' dir='ltr'><strong>aiunt,</strong></span> <span class='ocrx_word' id='word_1_188' title='bbox 643 1892 895 1947; x_wconf 86' lang='lat' dir='ltr'><strong>Davidem</strong></span> <span class='ocrx_word' id='word_1_189' title='bbox 943 1892 1212 1961; x_wconf 84' lang='lat' dir='ltr'><strong>psalmum</strong></span> <span class='ocrx_word' id='word_1_190' title='bbox 1258 1892 1404 1946; x_wconf 92' lang='lat' dir='ltr'><strong>hunc</strong></span> <span class='ocrx_word' id='word_1_191' title='bbox 1433 1891 1716 1955; x_wconf 84' lang='lat' dir='ltr'><strong>cecinisse,</strong></span> <span class='ocrx_word' id='word_1_192' title='bbox 1754 1899 1812 1944; x_wconf 93' lang='lat' dir='ltr'><strong>ut</strong></span> <span class='ocrx_word' id='word_1_193' title='bbox 1847 1891 2010 1946; x_wconf 89' lang='lat' dir='ltr'><strong>doce-</strong></span> 
     </span>
    </p>
   </div>
   <div class='ocr_carea' id='block_1_29' title="bbox 443 1980 2009 2052">
    <p class='ocr_par' dir='ltr' id='par_1_29' title="bbox 443 1980 2009 2052">
     <span class='ocr_line' id='line_1_29' title="bbox 443 1980 2009 2052; baseline -0.002 -15"><span class='ocrx_word' id='word_1_194' title='bbox 443 1994 544 2047; x_wconf 91' lang='lat' dir='ltr'><strong>ret,</strong></span> <span class='ocrx_word' id='word_1_195' title='bbox 577 1983 835 2052; x_wconf 87' lang='lat' dir='ltr'><strong>quidnam</strong></span> <span class='ocrx_word' id='word_1_196' title='bbox 874 1982 1004 2035; x_wconf 88' lang='lat' dir='ltr'><strong>illud</strong></span> <span class='ocrx_word' id='word_1_197' title='bbox 1033 1981 1124 2045; x_wconf 89' lang='lat' dir='ltr'><strong>sit,</strong></span> <span class='ocrx_word' id='word_1_198' title='bbox 1159 1981 1309 2051; x_wconf 90' lang='lat' dir='ltr'><strong>quod</strong></span> <span class='ocrx_word' id='word_1_199' title='bbox 1338 1981 1614 2034; x_wconf 89' lang='lat' dir='ltr'><strong>hominem</strong></span> <span class='ocrx_word' id='word_1_200' title='bbox 1647 1989 1911 2050; x_wconf 63' lang='lat' dir='ltr'><strong>praeparet</strong></span> <span class='ocrx_word' id='word_1_201' title='bbox 1940 1980 2009 2034; x_wconf 87' lang='lat' dir='ltr'><strong>ad</strong></span> 
     </span>
    </p>
   </div>
   <div class='ocr_carea' id='block_1_30' title="bbox 443 2068 2007 2141">
    <p class='ocr_par' dir='ltr' id='par_1_30' title="bbox 443 2068 2007 2141">
     <span class='ocr_line' id='line_1_30' title="bbox 443 2068 2007 2141; baseline -0.001 -16"><span class='ocrx_word' id='word_1_202' title='bbox 443 2072 653 2127; x_wconf 80' lang='lat' dir='ltr'><strong>beatam</strong></span> <span class='ocrx_word' id='word_1_203' title='bbox 699 2072 846 2127; x_wconf 89' lang='lat' dir='ltr'><strong>illam</strong></span> <span class='ocrx_word' id='word_1_204' title='bbox 886 2071 1121 2141; x_wconf 87' lang='lat' dir='ltr'><strong>quietem</strong></span> <span class='ocrx_word' id='word_1_205' title='bbox 1152 2070 1609 2141; x_wconf 91' lang='lat' dir='ltr'><strong>consequendam.</strong></span> <span class='ocrx_word' id='word_1_206' title='bbox 1649 2068 1847 2135; x_wconf 86' lang='lat' dir='ltr'><strong>Quare,</strong></span> <span class='ocrx_word' id='word_1_207' title='bbox 1882 2085 2007 2125; x_wconf 91' lang='lat' dir='ltr'><strong>cum</strong></span> 
     </span>
    </p>
   </div>
   <div class='ocr_carea' id='block_1_31' title="bbox 428 2157 2010 2233">
    <p class='ocr_par' dir='ltr' id='par_1_31' title="bbox 428 2157 2010 2233">
     <span class='ocr_line' id='line_1_31' title="bbox 428 2157 2010 2233; baseline -0.003 -18"><span class='ocrx_word' id='word_1_208' title='bbox 428 2163 779 2233; x_wconf 84' lang='lat' dir='ltr'><strong>propositum</strong></span> <span class='ocrx_word' id='word_1_209' title='bbox 832 2169 979 2216; x_wconf 87' lang='lat' dir='ltr'><strong>esset</strong></span> <span class='ocrx_word' id='word_1_210' title='bbox 1033 2161 1088 2214; x_wconf 91' lang='lat' dir='ltr'><strong>in</strong></span> <span class='ocrx_word' id='word_1_211' title='bbox 1135 2163 1239 2215; x_wconf 88' lang='lat' dir='ltr'><strong>hoc</strong></span> <span class='ocrx_word' id='word_1_212' title='bbox 1267 2159 1477 2230; x_wconf 86' lang='lat' dir='ltr'><strong>psalmo</strong></span> <span class='ocrx_word' id='word_1_213' title='bbox 1520 2158 1795 2213; x_wconf 88' lang='lat' dir='ltr'><strong>hominem</strong></span> <span class='ocrx_word' id='word_1_214' title='bbox 1836 2157 2010 2227; x_wconf 81' lang='lat' dir='ltr'><strong>perfe-</strong></span> 
     </span>
    </p>
   </div>
   <div class='ocr_carea' id='block_1_32' title="bbox 440 2247 2005 2321">
    <p class='ocr_par' dir='ltr' id='par_1_32' title="bbox 440 2247 2005 2321">
     <span class='ocr_line' id='line_1_32' title="bbox 440 2247 2005 2321; baseline -0.006 -11"><span class='ocrx_word' id='word_1_215' title='bbox 440 2265 588 2310; x_wconf 90' lang='lat' dir='ltr'><strong>ctum</strong></span> <span class='ocrx_word' id='word_1_216' title='bbox 640 2253 965 2320; x_wconf 85' lang='lat' dir='ltr'><strong>describere,</strong></span> <span class='ocrx_word' id='word_1_217' title='bbox 1013 2266 1171 2319; x_wconf 87' lang='lat' dir='ltr'><strong>cum,</strong></span> <span class='ocrx_word' id='word_1_218' title='bbox 1218 2252 1461 2321; x_wconf 90' lang='lat' dir='ltr'><strong>inquam,</strong></span> <span class='ocrx_word' id='word_1_219' title='bbox 1508 2251 1602 2319; x_wconf 85' lang='lat' dir='ltr'><strong>qui</strong></span> <span class='ocrx_word' id='word_1_220' title='bbox 1654 2247 2005 2303; x_wconf 86' lang='lat' dir='ltr'><strong>beatitudinis</strong></span> 
     </span>
    </p>
   </div>
   <div class='ocr_carea' id='block_1_33' title="bbox 436 2330 2004 2417">
    <p class='ocr_par' dir='ltr' id='par_1_33' title="bbox 436 2330 2004 2417">
     <span class='ocr_line' id='line_1_33' title="bbox 436 2330 2004 2417; baseline -0.004 -18"><span class='ocrx_word' id='word_1_221' title='bbox 436 2348 710 2417; x_wconf 78' lang='lat' dir='ltr'><strong>particeps</strong></span> <span class='ocrx_word' id='word_1_222' title='bbox 756 2330 972 2400; x_wconf 81' lang='lat' dir='ltr'><strong>futurus</strong></span> <span class='ocrx_word' id='word_1_223' title='bbox 1009 2355 1109 2411; x_wconf 87' lang='lat' dir='ltr'><strong>est,</strong></span> <span class='ocrx_word' id='word_1_224' title='bbox 1140 2343 1329 2399; x_wconf 77' lang='lat' dir='ltr'><strong>ordine</strong></span> <span class='ocrx_word' id='word_1_225' title='bbox 1362 2357 1428 2399; x_wconf 91' lang='lat' dir='ltr'><strong>ac</strong></span> <span class='ocrx_word' id='word_1_226' title='bbox 1454 2342 1538 2397; x_wconf 81' lang='lat' dir='ltr'><strong>via</strong></span> <span class='ocrx_word' id='word_1_227' title='bbox 1563 2342 1798 2412; x_wconf 85' lang='lat' dir='ltr'><strong>quadam</strong></span> <span class='ocrx_word' id='word_1_228' title='bbox 1834 2341 2004 2394; x_wconf 89' lang='lat' dir='ltr'><strong>utitur</strong></span> 
     </span>
    </p>
   </div>
   <div class='ocr_carea' id='block_1_34' title="bbox 338 2432 2005 2508">
    <p class='ocr_par' dir='ltr' id='par_1_34' title="bbox 338 2432 2005 2508">
     <span class='ocr_line' id='line_1_34' title="bbox 338 2432 2005 2508; baseline -0.004 -15"><span class='ocrx_word' id='word_1_229' title='bbox 338 2440 351 2454; x_wconf 85' lang='lat'><strong><em>‘</em></strong></span> <span class='ocrx_word' id='word_1_230' title='bbox 440 2440 494 2493; x_wconf 89' lang='lat' dir='ltr'><strong>in</strong></span> <span class='ocrx_word' id='word_1_231' title='bbox 537 2439 603 2492; x_wconf 89' lang='lat' dir='ltr'><strong>iis</strong></span> <span class='ocrx_word' id='word_1_232' title='bbox 646 2454 767 2508; x_wconf 65' lang='lat' dir='ltr'><strong>quae</strong></span> <span class='ocrx_word' id='word_1_233' title='bbox 814 2439 870 2491; x_wconf 92' lang='lat' dir='ltr'><strong>in</strong></span> <span class='ocrx_word' id='word_1_234' title='bbox 922 2437 1040 2507; x_wconf 84' lang='lat' dir='ltr'><strong>ipso</strong></span> <span class='ocrx_word' id='word_1_235' title='bbox 1075 2437 1307 2506; x_wconf 88' lang='lat' dir='ltr'><strong>spectari</strong></span> <span class='ocrx_word' id='word_1_236' title='bbox 1352 2433 1548 2500; x_wconf 87' lang='lat' dir='ltr'><strong>solent,</strong></span> <span class='ocrx_word' id='word_1_237' title='bbox 1578 2432 1897 2505; x_wconf 78' lang='lat' dir='ltr'><strong>aproximis</strong></span> <span class='ocrx_word' id='word_1_238' title='bbox 1941 2447 2005 2487; x_wconf 94' lang='lat' dir='ltr'><strong>ac</strong></span> 
     </span>
    </p>
   </div>
   <div class='ocr_carea' id='block_1_35' title="bbox 430 2526 2001 2600">
    <p class='ocr_par' dir='ltr' id='par_1_35' title="bbox 430 2526 2001 2600">
     <span class='ocr_line' id='line_1_35' title="bbox 430 2526 2001 2600; baseline -0.004 -16"><span class='ocrx_word' id='word_1_239' title='bbox 430 2530 630 2600; x_wconf 82' lang='lat' dir='ltr'><strong>primis</strong></span> <span class='ocrx_word' id='word_1_240' title='bbox 653 2528 795 2584; x_wconf 78' lang='lat' dir='ltr'><strong>facto</strong></span> <span class='ocrx_word' id='word_1_241' title='bbox 822 2528 1066 2584; x_wconf 79' lang='lat' dir='ltr'><strong>exordio.</strong></span> <span class='ocrx_word' id='word_1_242' title='bbox 1096 2528 1187 2583; x_wconf 91' lang='lat' dir='ltr'><strong>Sic</strong></span> <span class='ocrx_word' id='word_1_243' title='bbox 1217 2527 1382 2599; x_wconf 68' lang='lat' dir='ltr'><strong>igitur</strong></span> <span class='ocrx_word' id='word_1_244' title='bbox 1404 2526 1613 2597; x_wconf 88' lang='lat' dir='ltr'><strong>incipit,</strong></span> <span class='ocrx_word' id='word_1_245' title='bbox 1635 2526 1874 2591; x_wconf 86' lang='lat' dir='ltr'><strong>Domine,</strong></span> <span class='ocrx_word' id='word_1_246' title='bbox 1894 2535 2001 2580; x_wconf 88' lang='lat' dir='ltr'><strong>etc.</strong></span> 
     </span>
    </p>
   </div>
   <div class='ocr_carea' id='block_1_36' title="bbox 2181 1796 3682 1870">
    <p class='ocr_par' dir='ltr' id='par_1_36' title="bbox 2181 1796 3682 1870">
     <span class='ocr_line' id='line_1_36' title="bbox 2181 1796 3682 1870; baseline -0.002 -17"><span class='ocrx_word' id='word_1_247' title='bbox 2181 1796 2292 1870; x_wconf 85' lang='lat'><strong>(57)</strong></span> <span class='ocrx_word' id='word_1_248' title='bbox 2346 1799 2659 1863; x_wconf 84' lang='grc' dir='ltr'>Ἀθανάσιος</span> <span class='ocrx_word' id='word_1_249' title='bbox 2694 1800 2748 1853; x_wconf 79' lang='grc' dir='ltr'>δὲ</span> <span class='ocrx_word' id='word_1_250' title='bbox 2776 1801 2867 1854; x_wconf 82' lang='grc' dir='ltr'><strong>καὶ</strong></span> <span class='ocrx_word' id='word_1_251' title='bbox 2901 1800 3198 1863; x_wconf 85' lang='grc' dir='ltr'>Βασίλειος,</span> <span class='ocrx_word' id='word_1_252' title='bbox 3232 1800 3281 1852; x_wconf 89' lang='grc' dir='ltr'><strong>οί</strong></span> <span class='ocrx_word' id='word_1_253' title='bbox 3323 1798 3545 1870; x_wconf 81' lang='grc' dir='ltr'>μεγάλοι</span> <span class='ocrx_word' id='word_1_254' title='bbox 3572 1798 3682 1850; x_wconf 80' lang='grc' dir='ltr'><strong>Παο</strong></span> 
     </span>
    </p>
   </div>
   <div class='ocr_carea' id='block_1_37' title="bbox 2112 1888 3682 1963">
    <p class='ocr_par' dir='ltr' id='par_1_37' title="bbox 2112 1888 3682 1963">
     <span class='ocr_line' id='line_1_37' title="bbox 2112 1888 3682 1963; baseline 0 -21"><span class='ocrx_word' id='word_1_255' title='bbox 2112 1889 2285 1959; x_wconf 84' lang='grc' dir='ltr'>τέρες,</span> <span class='ocrx_word' id='word_1_256' title='bbox 2323 1891 2485 1959; x_wconf 88' lang='grc' dir='ltr'>φασίν</span> <span class='ocrx_word' id='word_1_257' title='bbox 2504 1907 2516 1921; x_wconf 89' lang='grc'><strong>·</strong></span> <span class='ocrx_word' id='word_1_258' title='bbox 2550 1892 2629 1945; x_wconf 82' lang='grc' dir='ltr'>ὅτι</span> <span class='ocrx_word' id='word_1_259' title='bbox 2654 1891 2837 1944; x_wconf 76' lang='grc' dir='ltr'>τοῦτον</span> <span class='ocrx_word' id='word_1_260' title='bbox 2862 1891 2973 1963; x_wconf 79' lang='grc' dir='ltr'>ᾄδει</span> <span class='ocrx_word' id='word_1_261' title='bbox 3002 1892 3090 1944; x_wconf 76' lang='grc' dir='ltr'><strong>τὸν</strong></span> <span class='ocrx_word' id='word_1_262' title='bbox 3114 1890 3323 1961; x_wconf 69' lang='grc' dir='ltr'>ψαλμὸν</span> <span class='ocrx_word' id='word_1_263' title='bbox 3363 1892 3391 1945; x_wconf 89' lang='lat'><strong>6</strong></span> <span class='ocrx_word' id='word_1_264' title='bbox 3423 1888 3583 1943; x_wconf 82' lang='grc' dir='ltr'>Δαυῒδ</span> <span class='ocrx_word' id='word_1_265' title='bbox 3605 1892 3682 1943; x_wconf 73' lang='grc' dir='ltr'><strong>δι-</strong></span> 
     </span>
    </p>
   </div>
   <div class='ocr_carea' id='block_1_38' title="bbox 2108 1980 3681 2054">
    <p class='ocr_par' dir='ltr' id='par_1_38' title="bbox 2108 1980 3681 2054">
     <span class='ocr_line' id='line_1_38' title="bbox 2108 1980 3681 2054; baseline 0.001 -21"><span class='ocrx_word' id='word_1_266' title='bbox 2108 1980 2342 2046; x_wconf 85' lang='grc' dir='ltr'>δάσκων,</span> <span class='ocrx_word' id='word_1_267' title='bbox 2372 1980 2424 2033; x_wconf 89' lang='grc' dir='ltr'><strong>τί</strong></span> <span class='ocrx_word' id='word_1_268' title='bbox 2465 1980 2531 2034; x_wconf 89' lang='grc' dir='ltr'><strong>ἂν</strong></span> <span class='ocrx_word' id='word_1_269' title='bbox 2580 1982 2859 2053; x_wconf 85' lang='grc' dir='ltr'>ἄνθρωπον</span> <span class='ocrx_word' id='word_1_270' title='bbox 2906 1982 3313 2054; x_wconf 87' lang='grc' dir='ltr'>παρασκευάσοι</span> <span class='ocrx_word' id='word_1_271' title='bbox 3365 1982 3464 2052; x_wconf 82' lang='grc' dir='ltr'>τῆς</span> <span class='ocrx_word' id='word_1_272' title='bbox 3510 1998 3681 2052; x_wconf 83' lang='grc' dir='ltr'>μακα-</span> 
     </span>
    </p>
   </div>
   <div class='ocr_carea' id='block_1_39' title="bbox 2115 2068 3683 2142">
    <p class='ocr_par' dir='ltr' id='par_1_39' title="bbox 2115 2068 3683 2142">
     <span class='ocr_line' id='line_1_39' title="bbox 2115 2068 3683 2142; baseline 0.001 -20"><span class='ocrx_word' id='word_1_273' title='bbox 2115 2070 2233 2142; x_wconf 85' lang='grc' dir='ltr'>ρίας</span> <span class='ocrx_word' id='word_1_274' title='bbox 2265 2071 2481 2142; x_wconf 80' lang='grc' dir='ltr'><strong>ἐκείνης</strong></span> <span class='ocrx_word' id='word_1_275' title='bbox 2512 2074 2695 2142; x_wconf 84' lang='grc' dir='ltr'>τυχεῖν</span> <span class='ocrx_word' id='word_1_276' title='bbox 2741 2069 2962 2141; x_wconf 75' lang='grc' dir='ltr'>λήξεως.</span> <span class='ocrx_word' id='word_1_277' title='bbox 3010 2073 3101 2125; x_wconf 81' lang='grc' dir='ltr'>Διὸ</span> <span class='ocrx_word' id='word_1_278' title='bbox 3141 2073 3232 2127; x_wconf 86' lang='grc' dir='ltr'><strong>τὸν</strong></span> <span class='ocrx_word' id='word_1_279' title='bbox 3277 2071 3478 2126; x_wconf 79' lang='grc' dir='ltr'>τέλειον</span> <span class='ocrx_word' id='word_1_280' title='bbox 3505 2073 3632 2142; x_wconf 82' lang='grc' dir='ltr'>ἡμῖν</span> <span class='ocrx_word' id='word_1_281' title='bbox 3654 2068 3683 2123; x_wconf 70' lang='grc' dir='ltr'><strong>ὅ</strong></span> 
     </span>
    </p>
   </div>
   <div class='ocr_carea' id='block_1_40' title="bbox 2109 2160 3681 2236">
    <p class='ocr_par' dir='ltr' id='par_1_40' title="bbox 2109 2160 3681 2236">
     <span class='ocr_line' id='line_1_40' title="bbox 2109 2160 3681 2236; baseline -0.001 -20"><span class='ocrx_word' id='word_1_282' title='bbox 2109 2161 2290 2232; x_wconf 73' lang='grc' dir='ltr'>λόγος.</span> <span class='ocrx_word' id='word_1_283' title='bbox 2312 2164 2623 2236; x_wconf 72' lang='grc' dir='ltr'>ὑπογράψαι</span> <span class='ocrx_word' id='word_1_284' title='bbox 2671 2160 3007 2235; x_wconf 71' lang='grc' dir='ltr'>βουλόμενός,</span> <span class='ocrx_word' id='word_1_285' title='bbox 3036 2164 3128 2219; x_wconf 80' lang='grc' dir='ltr'><strong>τὸν</strong></span> <span class='ocrx_word' id='word_1_286' title='bbox 3159 2164 3266 2218; x_wconf 85' lang='grc' dir='ltr'><strong>τῶν</strong></span> <span class='ocrx_word' id='word_1_287' title='bbox 3301 2163 3681 2235; x_wconf 77' lang='grc' dir='ltr'>μακαρισμιῖιν,</span> 
     </span>
    </p>
   </div>
   <div class='ocr_carea' id='block_1_41' title="bbox 2112 2252 3681 2328">
    <p class='ocr_par' dir='ltr' id='par_1_41' title="bbox 2112 2252 3681 2328">
     <span class='ocr_line' id='line_1_41' title="bbox 2112 2252 3681 2328; baseline 0 -21"><span class='ocrx_word' id='word_1_288' title='bbox 2112 2255 2489 2328; x_wconf 73' lang='grc' dir='ltr'>ἐπιτυγχάνειν</span> <span class='ocrx_word' id='word_1_289' title='bbox 2519 2256 2796 2327; x_wconf 86' lang='grc' dir='ltr'>μέλλοντα,</span> <span class='ocrx_word' id='word_1_290' title='bbox 2829 2254 2977 2320; x_wconf 83' lang='grc' dir='ltr'>τάξει</span> <span class='ocrx_word' id='word_1_291' title='bbox 3012 2257 3118 2310; x_wconf 74' lang='grc' dir='ltr'>τινὶ</span> <span class='ocrx_word' id='word_1_292' title='bbox 3157 2258 3253 2310; x_wconf 74' lang='grc' dir='ltr'><strong>καὶ</strong></span> <span class='ocrx_word' id='word_1_293' title='bbox 3278 2256 3381 2326; x_wconf 78' lang='grc' dir='ltr'><strong>ὀδῷ</strong></span> <span class='ocrx_word' id='word_1_294' title='bbox 3414 2257 3521 2309; x_wconf 82' lang='grc' dir='ltr'><strong>τῶν</strong></span> <span class='ocrx_word' id='word_1_295' title='bbox 3558 2252 3681 2325; x_wconf 76' lang='grc' dir='ltr'>περὶ</span> 
     </span>
    </p>
   </div>
   <div class='ocr_carea' id='block_1_42' title="bbox 2111 2346 3682 2421">
    <p class='ocr_par' dir='ltr' id='par_1_42' title="bbox 2111 2346 3682 2421">
     <span class='ocr_line' id='line_1_42' title="bbox 2111 2346 3682 2421; baseline 0.001 -22"><span class='ocrx_word' id='word_1_296' title='bbox 2111 2346 2273 2400; x_wconf 82' lang='grc' dir='ltr'>αὑτὸν</span> <span class='ocrx_word' id='word_1_297' title='bbox 2316 2347 2702 2420; x_wconf 81' lang='grc' dir='ltr'>θεωρουμένων</span> <span class='ocrx_word' id='word_1_298' title='bbox 2752 2348 3111 2419; x_wconf 84' lang='grc' dir='ltr'>χρησάμενος,</span> <span class='ocrx_word' id='word_1_299' title='bbox 3138 2347 3246 2403; x_wconf 78' lang='grc' dir='ltr'><strong>ἀπὸ</strong></span> <span class='ocrx_word' id='word_1_300' title='bbox 3275 2348 3382 2401; x_wconf 84' lang='grc' dir='ltr'>τῶν</span> <span class='ocrx_word' id='word_1_301' title='bbox 3422 2364 3682 2421; x_wconf 63' lang='grc' dir='ltr'>προσελι-</span> 
     </span>
    </p>
   </div>
   <div class='ocr_carea' id='block_1_43' title="bbox 2113 2436 3679 2509">
    <p class='ocr_par' dir='ltr' id='par_1_43' title="bbox 2113 2436 3679 2509">
     <span class='ocr_line' id='line_1_43' title="bbox 2113 2436 3679 2509; baseline -0.001 -19"><span class='ocrx_word' id='word_1_302' title='bbox 2113 2436 2317 2509; x_wconf 88' lang='grc' dir='ltr'>στέρων</span> <span class='ocrx_word' id='word_1_303' title='bbox 2365 2438 2457 2491; x_wconf 69' lang='grc' dir='ltr'><strong>καὶ</strong></span> <span class='ocrx_word' id='word_1_304' title='bbox 2492 2436 2720 2509; x_wconf 81' lang='grc' dir='ltr'>πρώτων</span> <span class='ocrx_word' id='word_1_305' title='bbox 2765 2437 2862 2509; x_wconf 76' lang='grc' dir='ltr'>τὴν</span> <span class='ocrx_word' id='word_1_306' title='bbox 2895 2438 3066 2509; x_wconf 75' lang='grc' dir='ltr'>ἀρχὴν</span> <span class='ocrx_word' id='word_1_307' title='bbox 3093 2437 3679 2509; x_wconf 61' lang='grc' dir='ltr'>πεποίηταιη.’Δρχὸμεο</span> 
     </span>
    </p>
   </div>
   <div class='ocr_carea' id='block_1_44' title="bbox 2110 2522 2861 2598">
    <p class='ocr_par' dir='ltr' id='par_1_44' title="bbox 2110 2522 2861 2598">
     <span class='ocr_line' id='line_1_44' title="bbox 2110 2522 2861 2598; baseline 0.004 -18"><span class='ocrx_word' id='word_1_308' title='bbox 2110 2544 2198 2591; x_wconf 90' lang='grc' dir='ltr'><strong>νος</strong></span> <span class='ocrx_word' id='word_1_309' title='bbox 2226 2522 2317 2581; x_wconf 75' lang='grc' dir='ltr'><strong>οὖν</strong></span> <span class='ocrx_word' id='word_1_310' title='bbox 2348 2544 2508 2598; x_wconf 76' lang='grc' dir='ltr'>φησιο</span> <span class='ocrx_word' id='word_1_311' title='bbox 2535 2530 2732 2597; x_wconf 80' lang='grc' dir='ltr'>Κύριε,</span> <span class='ocrx_word' id='word_1_312' title='bbox 2758 2536 2861 2584; x_wconf 86' lang='lat' dir='ltr'><strong>etc.</strong></span> 
     </span>
    </p>
   </div>
   <div class='ocr_carea' id='block_1_45' title="bbox 990 2640 3126 2714">
    <p class='ocr_par' dir='ltr' id='par_1_45' title="bbox 990 2640 3126 2714">
     <span class='ocr_line' id='line_1_45' title="bbox 990 2640 3126 2714; baseline 0 -16"><span class='ocrx_word' id='word_1_313' title='bbox 990 2644 1216 2699; x_wconf 84' lang='lat' dir='ltr'><strong>Rursum</strong></span> <span class='ocrx_word' id='word_1_314' title='bbox 1245 2644 1298 2697; x_wconf 87' lang='lat' dir='ltr'><strong>in</strong></span> <span class='ocrx_word' id='word_1_315' title='bbox 1319 2644 1509 2714; x_wconf 87' lang='lat' dir='ltr'><strong>psalm.</strong></span> <span class='ocrx_word' id='word_1_316' title='bbox 1538 2659 1608 2697; x_wconf 79' lang='lat' dir='ltr'><strong>xv</strong></span> <span class='ocrx_word' id='word_1_317' title='bbox 1634 2642 1729 2697; x_wconf 86' lang='lat' dir='ltr'><strong>illa</strong></span> <span class='ocrx_word' id='word_1_318' title='bbox 1765 2643 1936 2706; x_wconf 87' lang='lat' dir='ltr'><strong>verba,</strong></span> <span class='ocrx_word' id='word_1_319' title='bbox 1968 2660 1989 2694; x_wconf 84' lang='grc'><strong>‹</strong></span> <span class='ocrx_word' id='word_1_320' title='bbox 2021 2640 2233 2697; x_wconf 82' lang='lat' dir='ltr'><strong>Sanctis</strong></span> <span class='ocrx_word' id='word_1_321' title='bbox 2262 2643 2351 2712; x_wconf 86' lang='lat' dir='ltr'><strong>qui</strong></span> <span class='ocrx_word' id='word_1_322' title='bbox 2385 2652 2506 2696; x_wconf 85' lang='lat' dir='ltr'><strong>sunt</strong></span> <span class='ocrx_word' id='word_1_323' title='bbox 2532 2643 2587 2695; x_wconf 87' lang='lat' dir='ltr'><strong>in</strong></span> <span class='ocrx_word' id='word_1_324' title='bbox 2617 2653 2775 2709; x_wconf 86' lang='lat' dir='ltr'><strong>terra,</strong></span> <span class='ocrx_word' id='word_1_325' title='bbox 2805 2663 2825 2696; x_wconf 73' lang='grc' dir='ltr'><strong>ι</strong></span> <span class='ocrx_word' id='word_1_326' title='bbox 2852 2652 2974 2709; x_wconf 89' lang='lat' dir='ltr'><strong>etc.,</strong></span> <span class='ocrx_word' id='word_1_327' title='bbox 3004 2661 3053 2698; x_wconf 85' lang='grc' dir='ltr'>υ.</span> <span class='ocrx_word' id='word_1_328' title='bbox 3076 2644 3126 2698; x_wconf 83' lang='grc'><strong>5.</strong></span> 
     </span>
    </p>
   </div>
   <div class='ocr_carea' id='block_1_46' title="bbox 507 2737 2003 2808">
    <p class='ocr_par' dir='ltr' id='par_1_46' title="bbox 507 2737 2003 2808">
     <span class='ocr_line' id='line_1_46' title="bbox 507 2737 2003 2808; baseline -0.001 -15"><span class='ocrx_word' id='word_1_329' title='bbox 507 2741 849 2796; x_wconf 76' lang='lat' dir='ltr'><strong>Athanasius.</strong></span> <span class='ocrx_word' id='word_1_330' title='bbox 894 2739 1122 2795; x_wconf 88' lang='lat' dir='ltr'><strong>Sanctos</strong></span> <span class='ocrx_word' id='word_1_331' title='bbox 1156 2754 1275 2795; x_wconf 88' lang='lat' dir='ltr'><strong>esse</strong></span> <span class='ocrx_word' id='word_1_332' title='bbox 1322 2739 1397 2794; x_wconf 88' lang='lat' dir='ltr'><strong>ait</strong></span> <span class='ocrx_word' id='word_1_333' title='bbox 1449 2739 1555 2806; x_wconf 91' lang='lat' dir='ltr'><strong>hic,</strong></span> <span class='ocrx_word' id='word_1_334' title='bbox 1584 2738 1675 2808; x_wconf 89' lang='lat' dir='ltr'><strong>qui</strong></span> <span class='ocrx_word' id='word_1_335' title='bbox 1715 2738 1768 2791; x_wconf 89' lang='lat' dir='ltr'><strong>in</strong></span> <span class='ocrx_word' id='word_1_336' title='bbox 1799 2737 2003 2807; x_wconf 87' lang='lat' dir='ltr'><strong>Spiritu</strong></span> 
     </span>
    </p>
   </div>
   <div class='ocr_carea' id='block_1_47' title="bbox 439 2828 2001 2894">
    <p class='ocr_par' dir='ltr' id='par_1_47' title="bbox 439 2828 2001 2894">
     <span class='ocr_line' id='line_1_47' title="bbox 439 2828 2001 2894; baseline -0.001 -7"><span class='ocrx_word' id='word_1_337' title='bbox 439 2842 566 2887; x_wconf 88' lang='lat' dir='ltr'><strong>sunt</strong></span> <span class='ocrx_word' id='word_1_338' title='bbox 606 2834 932 2888; x_wconf 87' lang='lat' dir='ltr'><strong>sanctiﬁcati</strong></span> <span class='ocrx_word' id='word_1_339' title='bbox 976 2851 989 2887; x_wconf 91' lang='lat'>:</span> <span class='ocrx_word' id='word_1_340' title='bbox 1024 2831 1228 2886; x_wconf 84' lang='lat' dir='ltr'><strong>Christi</strong></span> <span class='ocrx_word' id='word_1_341' title='bbox 1267 2846 1391 2885; x_wconf 86' lang='lat' dir='ltr'><strong>vero</strong></span> <span class='ocrx_word' id='word_1_342' title='bbox 1425 2839 1647 2894; x_wconf 90' lang='lat' dir='ltr'><strong>terram,</strong></span> <span class='ocrx_word' id='word_1_343' title='bbox 1681 2828 2001 2887; x_wconf 86' lang='lat' dir='ltr'><strong>Ecclesiam.</strong></span> 
     </span>
    </p>
   </div>
   <div class='ocr_carea' id='block_1_48' title="bbox 438 2917 2002 2991">
    <p class='ocr_par' dir='ltr' id='par_1_48' title="bbox 438 2917 2002 2991">
     <span class='ocr_line' id='line_1_48' title="bbox 438 2917 2002 2991; baseline -0.001 -16"><span class='ocrx_word' id='word_1_344' title='bbox 438 2920 571 2975; x_wconf 86' lang='lat' dir='ltr'><strong>Illud</strong></span> <span class='ocrx_word' id='word_1_345' title='bbox 594 2937 741 2987; x_wconf 83' lang='lat' dir='ltr'><strong>vero,</strong></span> <span class='ocrx_word' id='word_1_346' title='bbox 774 2921 1096 2991; x_wconf 73' lang='lat' dir='ltr'><strong>Miriﬁcasti,</strong></span> <span class='ocrx_word' id='word_1_347' title='bbox 1129 2919 1601 2989; x_wconf 87' lang='lat' dir='ltr'><strong>pro,-Declarasti,</strong></span> <span class='ocrx_word' id='word_1_348' title='bbox 1634 2920 1872 2988; x_wconf 90' lang='lat' dir='ltr'><strong>ponitur.</strong></span> <span class='ocrx_word' id='word_1_349' title='bbox 1902 2917 2002 2973; x_wconf 82' lang='lat' dir='ltr'><strong>Vo-</strong></span> 
     </span>
    </p>
   </div>
   <div class='ocr_carea' id='block_1_49' title="bbox 438 3010 2002 3085">
    <p class='ocr_par' dir='ltr' id='par_1_49' title="bbox 438 3010 2002 3085">
     <span class='ocr_line' id='line_1_49' title="bbox 438 3010 2002 3085; baseline -0.001 -16"><span class='ocrx_word' id='word_1_350' title='bbox 438 3016 671 3070; x_wconf 87' lang='lat' dir='ltr'><strong>lnntatcs</strong></span> <span class='ocrx_word' id='word_1_351' title='bbox 720 3030 883 3085; x_wconf 90' lang='lat' dir='ltr'><strong>porro</strong></span> <span class='ocrx_word' id='word_1_352' title='bbox 929 3014 1098 3083; x_wconf 90' lang='lat' dir='ltr'><strong>ipsius</strong></span> <span class='ocrx_word' id='word_1_353' title='bbox 1127 3011 1301 3067; x_wconf 87' lang='lat' dir='ltr'><strong>Patris</strong></span> <span class='ocrx_word' id='word_1_354' title='bbox 1333 3012 1599 3082; x_wconf 80' lang='lat' dir='ltr'><strong>intelligit.</strong></span> <span class='ocrx_word' id='word_1_355' title='bbox 1631 3010 1702 3066; x_wconf 89' lang='lat' dir='ltr'><strong>Ut</strong></span> <span class='ocrx_word' id='word_1_356' title='bbox 1729 3013 2002 3067; x_wconf 89' lang='lat' dir='ltr'><strong>universo-</strong></span> 
     </span>
    </p>
   </div>
   <div class='ocr_carea' id='block_1_50' title="bbox 439 3103 2000 3175">
    <p class='ocr_par' dir='ltr' id='par_1_50' title="bbox 439 3103 2000 3175">
     <span class='ocr_line' id='line_1_50' title="bbox 439 3103 2000 3175; baseline -0.001 -15"><span class='ocrx_word' id='word_1_357' title='bbox 439 3122 560 3160; x_wconf 90' lang='lat' dir='ltr'><strong>rum</strong></span> <span class='ocrx_word' id='word_1_358' title='bbox 594 3106 681 3160; x_wconf 77' lang='lat' dir='ltr'><strong>liic</strong></span> <span class='ocrx_word' id='word_1_359' title='bbox 706 3107 774 3159; x_wconf 88' lang='lat' dir='ltr'><strong>sit</strong></span> <span class='ocrx_word' id='word_1_360' title='bbox 801 3121 995 3161; x_wconf 86' lang='lat' dir='ltr'><strong>sensus</strong></span> <span class='ocrx_word' id='word_1_361' title='bbox 1027 3123 1041 3160; x_wconf 87' lang='lat'><strong>:</strong></span> <span class='ocrx_word' id='word_1_362' title='bbox 1068 3103 1138 3159; x_wconf 89' lang='lat' dir='ltr'><strong>Iis</strong></span> <span class='ocrx_word' id='word_1_363' title='bbox 1161 3106 1255 3175; x_wconf 88' lang='lat' dir='ltr'><strong>qui</strong></span> <span class='ocrx_word' id='word_1_364' title='bbox 1284 3104 1339 3157; x_wconf 92' lang='lat' dir='ltr'><strong>in</strong></span> <span class='ocrx_word' id='word_1_365' title='bbox 1367 3103 1472 3158; x_wconf 88' lang='lat' dir='ltr'><strong>ﬁde</strong></span> <span class='ocrx_word' id='word_1_366' title='bbox 1501 3104 1822 3159; x_wconf 85' lang='lat' dir='ltr'><strong>sanctiﬁcati</strong></span> <span class='ocrx_word' id='word_1_367' title='bbox 1850 3114 2000 3172; x_wconf 89' lang='lat' dir='ltr'><strong>sunt,</strong></span> 
     </span>
    </p>
   </div>
   <div class='ocr_carea' id='block_1_51' title="bbox 436 3194 2006 3268">
    <p class='ocr_par' dir='ltr' id='par_1_51' title="bbox 436 3194 2006 3268">
     <span class='ocr_line' id='line_1_51' title="bbox 436 3194 2006 3268; baseline -0.001 -16"><span class='ocrx_word' id='word_1_368' title='bbox 436 3198 709 3268; x_wconf 83' lang='lat' dir='ltr'><strong>cognitam</strong></span> <span class='ocrx_word' id='word_1_369' title='bbox 762 3197 993 3251; x_wconf 82' lang='lat' dir='ltr'><strong>reddidit</strong></span> <span class='ocrx_word' id='word_1_370' title='bbox 1039 3195 1371 3250; x_wconf 81' lang='lat' dir='ltr'><strong>voluntatem</strong></span> <span class='ocrx_word' id='word_1_371' title='bbox 1398 3194 1596 3250; x_wconf 84' lang='lat' dir='ltr'><strong>Patris.</strong></span> <span class='ocrx_word' id='word_1_372' title='bbox 1627 3194 1788 3250; x_wconf 86' lang='lat' dir='ltr'><strong>Potes</strong></span> <span class='ocrx_word' id='word_1_373' title='bbox 1823 3206 2006 3250; x_wconf 85' lang='lat' dir='ltr'><strong>tamen</strong></span> 
     </span>
    </p>
   </div>
   <div class='ocr_carea' id='block_1_52' title="bbox 436 3286 2009 3357">
    <p class='ocr_par' dir='ltr' id='par_1_52' title="bbox 436 3286 2009 3357">
     <span class='ocr_line' id='line_1_52' title="bbox 436 3286 2009 3357; baseline -0.001 -16"><span class='ocrx_word' id='word_1_374' title='bbox 436 3288 585 3342; x_wconf 79' lang='lat' dir='ltr'><strong>hunc</strong></span> <span class='ocrx_word' id='word_1_375' title='bbox 625 3303 841 3342; x_wconf 86' lang='lat' dir='ltr'><strong>versum</strong></span> <span class='ocrx_word' id='word_1_376' title='bbox 884 3287 964 3341; x_wconf 91' lang='lat' dir='ltr'><strong>sic</strong></span> <span class='ocrx_word' id='word_1_377' title='bbox 1010 3286 1339 3357; x_wconf 85' lang='lat' dir='ltr'><strong>intelligere:</strong></span> <span class='ocrx_word' id='word_1_378' title='bbox 1374 3286 1735 3340; x_wconf 87' lang='lat' dir='ltr'><strong>Admirabiles</strong></span> <span class='ocrx_word' id='word_1_379' title='bbox 1777 3286 2009 3340; x_wconf 85' lang='lat' dir='ltr'><strong>reddidit</strong></span> 
     </span>
    </p>
   </div>
   <div class='ocr_carea' id='block_1_53' title="bbox 436 3375 2005 3447">
    <p class='ocr_par' dir='ltr' id='par_1_53' title="bbox 436 3375 2005 3447">
     <span class='ocr_line' id='line_1_53' title="bbox 436 3375 2005 3447; baseline 0.001 -17"><span class='ocrx_word' id='word_1_380' title='bbox 436 3377 581 3433; x_wconf 88' lang='lat' dir='ltr'><strong>Deus</strong></span> <span class='ocrx_word' id='word_1_381' title='bbox 625 3388 843 3433; x_wconf 90' lang='lat' dir='ltr'><strong>sanctos</strong></span> <span class='ocrx_word' id='word_1_382' title='bbox 890 3393 1038 3432; x_wconf 84' lang='lat' dir='ltr'><strong>suos.</strong></span> <span class='ocrx_word' id='word_1_383' title='bbox 1082 3375 1303 3443; x_wconf 84' lang='lat' dir='ltr'><strong>Quare?</strong></span> <span class='ocrx_word' id='word_1_384' title='bbox 1345 3375 1482 3443; x_wconf 85' lang='lat' dir='ltr'><strong>Quia</strong></span> <span class='ocrx_word' id='word_1_385' title='bbox 1534 3377 1840 3432; x_wconf 81' lang='lat' dir='ltr'><strong>voluntates</strong></span> <span class='ocrx_word' id='word_1_386' title='bbox 1885 3376 2005 3447; x_wconf 84' lang='lat' dir='ltr'><strong>ejus</strong></span> 
     </span>
    </p>
   </div>
   <div class='ocr_carea' id='block_1_54' title="bbox 434 3469 1849 3540">
    <p class='ocr_par' dir='ltr' id='par_1_54' title="bbox 434 3469 1849 3540">
     <span class='ocr_line' id='line_1_54' title="bbox 434 3469 1849 3540; baseline -0.003 -16"><span class='ocrx_word' id='word_1_387' title='bbox 434 3485 626 3526; x_wconf 79' lang='lat' dir='ltr'><strong>omnes</strong></span> <span class='ocrx_word' id='word_1_388' title='bbox 659 3470 714 3524; x_wconf 91' lang='lat' dir='ltr'><strong>in</strong></span> <span class='ocrx_word' id='word_1_389' title='bbox 747 3471 878 3540; x_wconf 89' lang='lat' dir='ltr'><strong>ipsis</strong></span> <span class='ocrx_word' id='word_1_390' title='bbox 904 3478 1079 3533; x_wconf 88' lang='lat' dir='ltr'><strong>erant,</strong></span> <span class='ocrx_word' id='word_1_391' title='bbox 1114 3477 1169 3523; x_wconf 91' lang='lat' dir='ltr'><strong>et</strong></span> <span class='ocrx_word' id='word_1_392' title='bbox 1192 3469 1261 3523; x_wconf 89' lang='lat' dir='ltr'><strong>ab</strong></span> <span class='ocrx_word' id='word_1_393' title='bbox 1295 3469 1427 3538; x_wconf 88' lang='lat' dir='ltr'><strong>ipsis</strong></span> <span class='ocrx_word' id='word_1_394' title='bbox 1460 3469 1849 3538; x_wconf 87' lang='lat' dir='ltr'><strong>implebantur.</strong></span> 
     </span>
    </p>
   </div>
   <div class='ocr_carea' id='block_1_55' title="bbox 2183 2733 3679 2807">
    <p class='ocr_par' dir='ltr' id='par_1_55' title="bbox 2183 2733 3679 2807">
     <span class='ocr_line' id='line_1_55' title="bbox 2183 2733 3679 2807; baseline 0 -17"><span class='ocrx_word' id='word_1_395' title='bbox 2183 2736 2297 2807; x_wconf 85' lang='lat'><strong>(58)</strong></span> <span class='ocrx_word' id='word_1_396' title='bbox 2330 2735 2689 2802; x_wconf 79' lang='grc' dir='ltr'>Ἀθανάσιος.</span> <span class='ocrx_word' id='word_1_397' title='bbox 2722 2737 2931 2805; x_wconf 75' lang='grc' dir='ltr'>Ἀγίους</span> <span class='ocrx_word' id='word_1_398' title='bbox 2960 2733 3099 2790; x_wconf 82' lang='grc' dir='ltr'>εἶναί</span> <span class='ocrx_word' id='word_1_399' title='bbox 3124 2755 3284 2807; x_wconf 81' lang='grc' dir='ltr'>φησιν</span> <span class='ocrx_word' id='word_1_400' title='bbox 3305 2737 3536 2791; x_wconf 81' lang='grc' dir='ltr'>ἐνταῦθα</span> <span class='ocrx_word' id='word_1_401' title='bbox 3555 2738 3679 2801; x_wconf 74' lang='grc' dir='ltr'>τοὺς</span> 
     </span>
    </p>
   </div>
   <div class='ocr_carea' id='block_1_56' title="bbox 2109 2827 3678 2902">
    <p class='ocr_par' dir='ltr' id='par_1_56' title="bbox 2109 2827 3678 2902">
     <span class='ocr_line' id='line_1_56' title="bbox 2109 2827 3678 2902; baseline 0.001 -22"><span class='ocrx_word' id='word_1_402' title='bbox 2109 2827 2472 2899; x_wconf 81' lang='grc' dir='ltr'>ἡγιασμένους</span> <span class='ocrx_word' id='word_1_403' title='bbox 2515 2831 2571 2882; x_wconf 81' lang='grc' dir='ltr'>ὲν</span> <span class='ocrx_word' id='word_1_404' title='bbox 2616 2830 2925 2900; x_wconf 73' lang='grc' dir='ltr'>Πνεύματιο</span> <span class='ocrx_word' id='word_1_405' title='bbox 2951 2829 3185 2902; x_wconf 80' lang='grc' dir='ltr'>Χριστοῦ</span> <span class='ocrx_word' id='word_1_406' title='bbox 3214 2829 3272 2882; x_wconf 77' lang='grc' dir='ltr'>δὲ</span> <span class='ocrx_word' id='word_1_407' title='bbox 3302 2830 3403 2900; x_wconf 77' lang='grc' dir='ltr'>γῆν</span> <span class='ocrx_word' id='word_1_408' title='bbox 3424 2831 3523 2900; x_wconf 78' lang='grc' dir='ltr'>τὴν</span> <span class='ocrx_word' id='word_1_409' title='bbox 3560 2830 3678 2882; x_wconf 82' lang='grc' dir='ltr'><strong>Ἐκ-</strong></span> 
     </span>
    </p>
   </div>
   <div class='ocr_carea' id='block_1_57' title="bbox 2109 2922 3677 2995">
    <p class='ocr_par' dir='ltr' id='par_1_57' title="bbox 2109 2922 3677 2995">
     <span class='ocr_line' id='line_1_57' title="bbox 2109 2922 3677 2995; baseline 0 -21"><span class='ocrx_word' id='word_1_410' title='bbox 2109 2922 2332 2995; x_wconf 83' lang='grc' dir='ltr'>κλησίαν</span> <span class='ocrx_word' id='word_1_411' title='bbox 2347 2939 2359 2951; x_wconf 73' lang='grc' dir='ltr'><strong>ο</strong></span> <span class='ocrx_word' id='word_1_412' title='bbox 2379 2922 2533 2993; x_wconf 73' lang='grc' dir='ltr'>τὸδὲ,</span> <span class='ocrx_word' id='word_1_413' title='bbox 2550 2923 3066 2993; x_wconf 82' lang='grc' dir='ltr'>Ἐθαυμὰστωσας,</span> <span class='ocrx_word' id='word_1_414' title='bbox 3088 2923 3206 2977; x_wconf 79' lang='grc' dir='ltr'>ἀντὶ</span> <span class='ocrx_word' id='word_1_415' title='bbox 3230 2922 3347 2986; x_wconf 79' lang='grc' dir='ltr'>τοῦ,</span> <span class='ocrx_word' id='word_1_416' title='bbox 3377 2922 3677 2993; x_wconf 72' lang='grc' dir='ltr'>Ἐφανέρω-</span> 
     </span>
    </p>
   </div>
   <div class='ocr_carea' id='block_1_58' title="bbox 2110 3010 3677 3088">
    <p class='ocr_par' dir='ltr' id='par_1_58' title="bbox 2110 3010 3677 3088">
     <span class='ocr_line' id='line_1_58' title="bbox 2110 3010 3677 3088; baseline 0.001 -22"><span class='ocrx_word' id='word_1_417' title='bbox 2110 3030 2225 3077; x_wconf 87' lang='grc' dir='ltr'>σας.</span> <span class='ocrx_word' id='word_1_418' title='bbox 2281 3014 2571 3085; x_wconf 85' lang='grc' dir='ltr'>Θελήματα</span> <span class='ocrx_word' id='word_1_419' title='bbox 2619 3016 2676 3069; x_wconf 82' lang='grc' dir='ltr'><strong>δὲ</strong></span> <span class='ocrx_word' id='word_1_420' title='bbox 2724 3015 2884 3069; x_wconf 74' lang='grc' dir='ltr'>αὐτοῦ</span> <span class='ocrx_word' id='word_1_421' title='bbox 2913 3015 3007 3068; x_wconf 80' lang='grc' dir='ltr'>τοῦ</span> <span class='ocrx_word' id='word_1_422' title='bbox 3037 3015 3248 3088; x_wconf 83' lang='grc' dir='ltr'>Πατρός</span> <span class='ocrx_word' id='word_1_423' title='bbox 3267 3030 3281 3048; x_wconf 68' lang='grc' dir='ltr'><strong>ε</strong></span> <span class='ocrx_word' id='word_1_424' title='bbox 3310 3015 3374 3066; x_wconf 82' lang='grc' dir='ltr'>ἵν’</span> <span class='ocrx_word' id='word_1_425' title='bbox 3468 3014 3528 3067; x_wconf 83' lang='grc' dir='ltr'>τὸ</span> <span class='ocrx_word' id='word_1_426' title='bbox 3560 3014 3677 3068; x_wconf 77' lang='grc' dir='ltr'>ὅλον</span> 
     </span>
    </p>
   </div>
   <div class='ocr_carea' id='block_1_59' title="bbox 2103 3103 3676 3178">
    <p class='ocr_par' dir='ltr' id='par_1_59' title="bbox 2103 3103 3676 3178">
     <span class='ocr_line' id='line_1_59' title="bbox 2103 3103 3676 3178; baseline 0 -21"><span class='ocrx_word' id='word_1_427' title='bbox 2103 3104 2273 3158; x_wconf 71' lang='grc' dir='ltr'><strong>οὕτω⁸</strong></span> <span class='ocrx_word' id='word_1_428' title='bbox 2299 3106 2422 3169; x_wconf 85' lang='grc' dir='ltr'>Τοῖς</span> <span class='ocrx_word' id='word_1_429' title='bbox 2446 3106 2795 3178; x_wconf 78' lang='grc' dir='ltr'>ἡγιασμένοις</span> <span class='ocrx_word' id='word_1_430' title='bbox 2820 3109 2876 3160; x_wconf 84' lang='grc' dir='ltr'><strong>ὲν</strong></span> <span class='ocrx_word' id='word_1_431' title='bbox 2905 3108 3084 3160; x_wconf 78' lang='grc' dir='ltr'>πίστει</span> <span class='ocrx_word' id='word_1_432' title='bbox 3107 3106 3344 3177; x_wconf 82' lang='grc' dir='ltr'>γνωστὸν</span> <span class='ocrx_word' id='word_1_433' title='bbox 3373 3106 3593 3176; x_wconf 77' lang='grc' dir='ltr'>ἐποίησε</span> <span class='ocrx_word' id='word_1_434' title='bbox 3617 3103 3676 3158; x_wconf 67' lang='grc' dir='ltr'>τὸ</span> 
     </span>
    </p>
   </div>
   <div class='ocr_carea' id='block_1_60' title="bbox 2105 3191 3669 3269">
    <p class='ocr_par' dir='ltr' id='par_1_60' title="bbox 2105 3191 3669 3269">
     <span class='ocr_line' id='line_1_60' title="bbox 2105 3191 3669 3269; baseline -0.001 -20"><span class='ocrx_word' id='word_1_435' title='bbox 2105 3195 2313 3268; x_wconf 84' lang='grc' dir='ltr'>θέλημα</span> <span class='ocrx_word' id='word_1_436' title='bbox 2335 3195 2428 3249; x_wconf 83' lang='grc' dir='ltr'>τοῦ</span> <span class='ocrx_word' id='word_1_437' title='bbox 2457 3191 2686 3268; x_wconf 83' lang='grc' dir='ltr'>Πατρός.</span> <span class='ocrx_word' id='word_1_438' title='bbox 2715 3198 2947 3269; x_wconf 84' lang='grc' dir='ltr'>Νοήσεις</span> <span class='ocrx_word' id='word_1_439' title='bbox 2973 3198 3029 3251; x_wconf 86' lang='grc' dir='ltr'><strong>δὲ</strong></span> <span class='ocrx_word' id='word_1_440' title='bbox 3048 3198 3138 3251; x_wconf 81' lang='grc' dir='ltr'><strong>τὸν</strong></span> <span class='ocrx_word' id='word_1_441' title='bbox 3166 3195 3342 3266; x_wconf 84' lang='grc' dir='ltr'>στίχον</span> <span class='ocrx_word' id='word_1_442' title='bbox 3367 3197 3461 3248; x_wconf 76' lang='grc' dir='ltr'><strong>καὶ</strong></span> <span class='ocrx_word' id='word_1_443' title='bbox 3480 3194 3669 3256; x_wconf 78' lang='grc' dir='ltr'>οὕτως·</span> 
     </span>
    </p>
   </div>
   <div class='ocr_carea' id='block_1_61' title="bbox 2116 3284 3675 3357">
    <p class='ocr_par' dir='ltr' id='par_1_61' title="bbox 2116 3284 3675 3357">
     <span class='ocr_line' id='line_1_61' title="bbox 2116 3284 3675 3357; baseline -0.001 -18"><span class='ocrx_word' id='word_1_444' title='bbox 2116 3284 2531 3357; x_wconf 86' lang='grc' dir='ltr'>Ἐθαυμάστωσε</span> <span class='ocrx_word' id='word_1_445' title='bbox 2562 3287 2688 3351; x_wconf 81' lang='grc' dir='ltr'>τοὺς</span> <span class='ocrx_word' id='word_1_446' title='bbox 2714 3287 2902 3355; x_wconf 82' lang='grc' dir='ltr'>ἁγίους</span> <span class='ocrx_word' id='word_1_447' title='bbox 2943 3290 2972 3341; x_wconf 89' lang='lat'><strong>6</strong></span> <span class='ocrx_word' id='word_1_448' title='bbox 3018 3288 3165 3350; x_wconf 80' lang='grc' dir='ltr'>Θεός.</span> <span class='ocrx_word' id='word_1_449' title='bbox 3197 3286 3294 3339; x_wconf 90' lang='grc' dir='ltr'>Διά</span> <span class='ocrx_word' id='word_1_450' title='bbox 3325 3286 3407 3348; x_wconf 88' lang='grc' dir='ltr'>τί;</span> <span class='ocrx_word' id='word_1_451' title='bbox 3442 3284 3587 3337; x_wconf 87' lang='grc' dir='ltr'>Διότι</span> <span class='ocrx_word' id='word_1_452' title='bbox 3608 3285 3675 3337; x_wconf 81' lang='grc' dir='ltr'><strong>τά</strong></span> 
     </span>
    </p>
   </div>
   <div class='ocr_carea' id='block_1_62' title="bbox 2104 3374 3675 3450">
    <p class='ocr_par' dir='ltr' id='par_1_62' title="bbox 2104 3374 3675 3450">
     <span class='ocr_line' id='line_1_62' title="bbox 2104 3374 3675 3450; baseline 0 -21"><span class='ocrx_word' id='word_1_453' title='bbox 2104 3374 2382 3449; x_wconf 84' lang='grc' dir='ltr'>θελήματα</span> <span class='ocrx_word' id='word_1_454' title='bbox 2426 3378 2590 3432; x_wconf 81' lang='grc' dir='ltr'>αὐτοῦ</span> <span class='ocrx_word' id='word_1_455' title='bbox 2619 3379 2795 3434; x_wconf 88' lang='grc' dir='ltr'>πάντα</span> <span class='ocrx_word' id='word_1_456' title='bbox 2824 3380 2882 3433; x_wconf 82' lang='grc' dir='ltr'><strong>ὲν</strong></span> <span class='ocrx_word' id='word_1_457' title='bbox 2908 3380 3088 3443; x_wconf 83' lang='grc' dir='ltr'>αὐτοῖς</span> <span class='ocrx_word' id='word_1_458' title='bbox 3115 3375 3276 3450; x_wconf 79' lang='grc' dir='ltr'>ἦσαν,</span> <span class='ocrx_word' id='word_1_459' title='bbox 3303 3378 3398 3430; x_wconf 74' lang='grc' dir='ltr'><strong>καὶ</strong></span> <span class='ocrx_word' id='word_1_460' title='bbox 3428 3376 3554 3446; x_wconf 82' lang='grc' dir='ltr'>παρ’</span> <span class='ocrx_word' id='word_1_461' title='bbox 3586 3376 3675 3428; x_wconf 78' lang='grc' dir='ltr'><strong>αὖ·</strong></span> 
     </span>
    </p>
   </div>
   <div class='ocr_carea' id='block_1_63' title="bbox 2101 3469 2504 3538">
    <p class='ocr_par' dir='ltr' id='par_1_63' title="bbox 2101 3469 2504 3538">
     <span class='ocr_line' id='line_1_63' title="bbox 2101 3469 2504 3538; baseline 0.007 -18"><span class='ocrx_word' id='word_1_462' title='bbox 2101 3471 2216 3532; x_wconf 86' lang='grc' dir='ltr'>τοῖς</span> <span class='ocrx_word' id='word_1_463' title='bbox 2246 3469 2504 3538; x_wconf 80' lang='grc' dir='ltr'>ἐγίνοντο.</span> 
     </span>
    </p>
   </div>
   <div class='ocr_carea' id='block_1_64' title="bbox 1512 3585 2596 3657">
    <p class='ocr_par' dir='ltr' id='par_1_64' title="bbox 1512 3585 2596 3657">
     <span class='ocr_line' id='line_1_64' title="bbox 1512 3585 2596 3657; baseline 0 -16"><span class='ocrx_word' id='word_1_464' title='bbox 1512 3587 1697 3641; x_wconf 86' lang='lat' dir='ltr'><strong>Adhuc</strong></span> <span class='ocrx_word' id='word_1_465' title='bbox 1734 3586 1803 3641; x_wconf 86' lang='lat' dir='ltr'><strong>ad</strong></span> <span class='ocrx_word' id='word_1_466' title='bbox 1832 3585 2224 3656; x_wconf 78' lang='lat' dir='ltr'><strong>inscriptionem</strong></span> <span class='ocrx_word' id='word_1_467' title='bbox 2260 3587 2404 3657; x_wconf 83' lang='lat' dir='ltr'><strong>psal.</strong></span> <span class='ocrx_word' id='word_1_468' title='bbox 2436 3590 2596 3642; x_wconf 79' lang='lat' dir='ltr'><strong>xviu.</strong></span> 
     </span>
    </p>
   </div>
   <div class='ocr_carea' id='block_1_65' title="bbox 505 3700 1998 3771">
    <p class='ocr_par' dir='ltr' id='par_1_65' title="bbox 505 3700 1998 3771">
     <span class='ocr_line' id='line_1_65' title="bbox 505 3700 1998 3771; baseline -0.003 -12"><span class='ocrx_word' id='word_1_469' title='bbox 505 3704 847 3759; x_wconf 77' lang='lat' dir='ltr'><strong>Athanasius.</strong></span> <span class='ocrx_word' id='word_1_470' title='bbox 881 3701 1331 3771; x_wconf 89' lang='lat' dir='ltr'><strong>Quandoquidem</strong></span> <span class='ocrx_word' id='word_1_471' title='bbox 1377 3700 1550 3756; x_wconf 82' lang='lat' dir='ltr'><strong>David</strong></span> <span class='ocrx_word' id='word_1_472' title='bbox 1595 3702 1699 3756; x_wconf 92' lang='lat' dir='ltr'><strong>hoc</strong></span> <span class='ocrx_word' id='word_1_473' title='bbox 1742 3701 1865 3756; x_wconf 93' lang='lat' dir='ltr'><strong>loco</strong></span> <span class='ocrx_word' id='word_1_474' title='bbox 1905 3715 1998 3755; x_wconf 83' lang='lat' dir='ltr'><strong>ca-</strong></span> 
     </span>
    </p>
   </div>
   <div class='ocr_carea' id='block_1_66' title="bbox 432 3789 1996 3860">
    <p class='ocr_par' dir='ltr' id='par_1_66' title="bbox 432 3789 1996 3860">
     <span class='ocr_line' id='line_1_66' title="bbox 432 3789 1996 3860; baseline -0.001 -16"><span class='ocrx_word' id='word_1_475' title='bbox 432 3791 533 3854; x_wconf 80' lang='lat' dir='ltr'><strong>nit,</strong></span> <span class='ocrx_word' id='word_1_476' title='bbox 565 3799 624 3845; x_wconf 90' lang='lat' dir='ltr'><strong>ut</strong></span> <span class='ocrx_word' id='word_1_477' title='bbox 652 3800 705 3845; x_wconf 92' lang='lat' dir='ltr'><strong>et</strong></span> <span class='ocrx_word' id='word_1_478' title='bbox 737 3791 791 3843; x_wconf 90' lang='lat' dir='ltr'><strong>in</strong></span> <span class='ocrx_word' id='word_1_479' title='bbox 810 3789 1199 3859; x_wconf 76' lang='lat' dir='ltr'><strong>xxrnpsalmo,</strong></span> <span class='ocrx_word' id='word_1_480' title='bbox 1223 3805 1402 3844; x_wconf 85' lang='lat' dir='ltr'><strong>rerum</strong></span> <span class='ocrx_word' id='word_1_481' title='bbox 1429 3790 1674 3844; x_wconf 88' lang='lat' dir='ltr'><strong>omnium</strong></span> <span class='ocrx_word' id='word_1_482' title='bbox 1693 3789 1996 3860; x_wconf 86' lang='lat' dir='ltr'><strong>opiﬁcium,</strong></span> 
     </span>
    </p>
   </div>
   <div class='ocr_carea' id='block_1_67' title="bbox 433 3881 1996 3952">
    <p class='ocr_par' dir='ltr' id='par_1_67' title="bbox 433 3881 1996 3952">
     <span class='ocr_line' id='line_1_67' title="bbox 433 3881 1996 3952; baseline -0.001 -16"><span class='ocrx_word' id='word_1_483' title='bbox 433 3881 779 3952; x_wconf 84' lang='lat' dir='ltr'><strong>reprehendit</strong></span> <span class='ocrx_word' id='word_1_484' title='bbox 805 3897 918 3944; x_wconf 86' lang='lat' dir='ltr'><strong>eos,</strong></span> <span class='ocrx_word' id='word_1_485' title='bbox 952 3881 1044 3951; x_wconf 90' lang='lat' dir='ltr'><strong>qui</strong></span> <span class='ocrx_word' id='word_1_486' title='bbox 1075 3881 1341 3935; x_wconf 81' lang='lat' dir='ltr'><strong>mundum</strong></span> <span class='ocrx_word' id='word_1_487' title='bbox 1371 3897 1403 3936; x_wconf 90' lang='lat' dir='ltr'><strong>a</strong></span> <span class='ocrx_word' id='word_1_488' title='bbox 1432 3885 1612 3951; x_wconf 90' lang='lat' dir='ltr'><strong>scipso</strong></span> <span class='ocrx_word' id='word_1_489' title='bbox 1650 3891 1705 3936; x_wconf 91' lang='lat' dir='ltr'><strong>et</strong></span> <span class='ocrx_word' id='word_1_490' title='bbox 1733 3897 1866 3937; x_wconf 91' lang='lat' dir='ltr'><strong>casu</strong></span> <span class='ocrx_word' id='word_1_491' title='bbox 1894 3897 1996 3935; x_wconf 72' lang='lat' dir='ltr'><strong>ex-</strong></span> 
     </span>
    </p>
   </div>
   <div class='ocr_carea' id='block_1_68' title="bbox 434 3971 1999 4043">
    <p class='ocr_par' dir='ltr' id='par_1_68' title="bbox 434 3971 1999 4043">
     <span class='ocr_line' id='line_1_68' title="bbox 434 3971 1999 4043; baseline 0.001 -18"><span class='ocrx_word' id='word_1_492' title='bbox 434 3971 638 4025; x_wconf 86' lang='lat' dir='ltr'><strong>stitisse</strong></span> <span class='ocrx_word' id='word_1_493' title='bbox 696 3972 902 4035; x_wconf 90' lang='lat' dir='ltr'><strong>dicunt,</strong></span> <span class='ocrx_word' id='word_1_494' title='bbox 963 3980 1017 4026; x_wconf 81' lang='lat' dir='ltr'><strong>et</strong></span> <span class='ocrx_word' id='word_1_495' title='bbox 1059 3972 1203 4025; x_wconf 89' lang='lat' dir='ltr'><strong>nulla</strong></span> <span class='ocrx_word' id='word_1_496' title='bbox 1278 3972 1390 4042; x_wconf 87' lang='lat' dir='ltr'><strong>regi</strong></span> <span class='ocrx_word' id='word_1_497' title='bbox 1431 3972 1771 4043; x_wconf 85' lang='lat' dir='ltr'><strong>providentia</strong></span> <span class='ocrx_word' id='word_1_498' title='bbox 1817 3990 1831 4027; x_wconf 90' lang='lat'><strong>:</strong></span> <span class='ocrx_word' id='word_1_499' title='bbox 1878 3972 1999 4027; x_wconf 89' lang='lat' dir='ltr'><strong>illos</strong></span> 
     </span>
    </p>
   </div>
   <div class='ocr_carea' id='block_1_69' title="bbox 420 4062 1996 4134">
    <p class='ocr_par' dir='ltr' id='par_1_69' title="bbox 420 4062 1996 4134">
     <span class='ocr_line' id='line_1_69' title="bbox 420 4062 1996 4134; baseline 0.001 -19"><span class='ocrx_word' id='word_1_500' title='bbox 420 4062 618 4127; x_wconf 77' lang='lat' dir='ltr'><strong>etiam,</strong></span> <span class='ocrx_word' id='word_1_501' title='bbox 646 4063 738 4131; x_wconf 91' lang='lat' dir='ltr'><strong>qui</strong></span> <span class='ocrx_word' id='word_1_502' title='bbox 777 4063 1021 4117; x_wconf 86' lang='lat' dir='ltr'><strong>serviunt</strong></span> <span class='ocrx_word' id='word_1_503' title='bbox 1053 4074 1322 4119; x_wconf 73' lang='lat' dir='ltr'><strong>creaturae</strong></span> <span class='ocrx_word' id='word_1_504' title='bbox 1365 4079 1477 4134; x_wconf 71' lang='lat' dir='ltr'><strong>prte</strong></span> <span class='ocrx_word' id='word_1_505' title='bbox 1528 4064 1805 4119; x_wconf 87' lang='lat' dir='ltr'><strong>Creatore.</strong></span> <span class='ocrx_word' id='word_1_506' title='bbox 1856 4064 1996 4129; x_wconf 90' lang='lat' dir='ltr'><strong>Quid</strong></span> 
     </span>
    </p>
   </div>
   <div class='ocr_carea' id='block_1_70' title="bbox 434 4155 1978 4227">
    <p class='ocr_par' dir='ltr' id='par_1_70' title="bbox 434 4155 1978 4227">
     <span class='ocr_line' id='line_1_70' title="bbox 434 4155 1978 4227; baseline 0 -20"><span class='ocrx_word' id='word_1_507' title='bbox 434 4156 597 4225; x_wconf 78' lang='lat' dir='ltr'><strong>igitur</strong></span> <span class='ocrx_word' id='word_1_508' title='bbox 625 4156 864 4224; x_wconf 85' lang='lat' dir='ltr'><strong>loquitur</strong></span> <span class='ocrx_word' id='word_1_509' title='bbox 893 4156 961 4209; x_wconf 89' lang='lat' dir='ltr'><strong>ad</strong></span> <span class='ocrx_word' id='word_1_510' title='bbox 985 4171 1078 4211; x_wconf 91' lang='lat' dir='ltr'><strong>eos</strong></span> <span class='ocrx_word' id='word_1_511' title='bbox 1123 4157 1218 4225; x_wconf 89' lang='lat' dir='ltr'><strong>qui</strong></span> <span class='ocrx_word' id='word_1_512' title='bbox 1247 4170 1313 4211; x_wconf 85' lang='lat' dir='ltr'><strong>ex</strong></span> <span class='ocrx_word' id='word_1_513' title='bbox 1335 4156 1584 4227; x_wconf 88' lang='lat' dir='ltr'><strong>gentibus</strong></span> <span class='ocrx_word' id='word_1_514' title='bbox 1611 4157 1789 4211; x_wconf 88' lang='lat' dir='ltr'><strong>vocati</strong></span> <span class='ocrx_word' id='word_1_515' title='bbox 1813 4155 1978 4211; x_wconf 87' lang='lat' dir='ltr'><strong>sunt?</strong></span> 
     </span>
    </p>
   </div>
   <div class='ocr_carea' id='block_1_71' title="bbox 2179 3683 3664 3773">
    <p class='ocr_par' dir='ltr' id='par_1_71' title="bbox 2179 3683 3664 3773">
     <span class='ocr_line' id='line_1_71' title="bbox 2179 3683 3664 3773; baseline -0.017 -15"><span class='ocrx_word' id='word_1_516' title='bbox 2179 3700 2292 3773; x_wconf 83' lang='lat'><strong>(59)</strong></span> <span class='ocrx_word' id='word_1_517' title='bbox 2332 3700 2707 3769; x_wconf 82' lang='grc' dir='ltr'>Ἀθανὰσιος.</span> <span class='ocrx_word' id='word_1_518' title='bbox 2762 3699 3026 3755; x_wconf 79' lang='grc' dir='ltr'>Ἐνταῦθα</span> <span class='ocrx_word' id='word_1_519' title='bbox 3081 3698 3261 3769; x_wconf 83' lang='grc' dir='ltr'>μέντοι</span> <span class='ocrx_word' id='word_1_520' title='bbox 3303 3698 3331 3749; x_wconf 91' lang='lat'><strong>6</strong></span> <span class='ocrx_word' id='word_1_521' title='bbox 3371 3683 3664 3749; x_wconf 51' lang='grc' dir='ltr'>Δαύιλομαὼζ</span> 
     </span>
    </p>
   </div>
   <div class='ocr_carea' id='block_1_72' title="bbox 2101 3775 3666 3863">
    <p class='ocr_par' dir='ltr' id='par_1_72' title="bbox 2101 3775 3666 3863">
     <span class='ocr_line' id='line_1_72' title="bbox 2101 3775 3666 3863; baseline -0.004 -17"><span class='ocrx_word' id='word_1_522' title='bbox 2101 3792 2160 3843; x_wconf 83' lang='grc' dir='ltr'>ὲν</span> <span class='ocrx_word' id='word_1_523' title='bbox 2200 3790 2280 3862; x_wconf 83' lang='grc' dir='ltr'><strong>τῷ</strong></span> <span class='ocrx_word' id='word_1_524' title='bbox 2323 3793 2552 3862; x_wconf 80' lang='grc' dir='ltr'>εἰκοστῷ</span> <span class='ocrx_word' id='word_1_525' title='bbox 2583 3792 2750 3863; x_wconf 81' lang='grc' dir='ltr'>τρίτῳ</span> <span class='ocrx_word' id='word_1_526' title='bbox 2780 3789 2979 3861; x_wconf 76' lang='grc' dir='ltr'>ψαλμῷ</span> <span class='ocrx_word' id='word_1_527' title='bbox 3001 3831 3015 3854; x_wconf 87' lang='grc'><strong>,</strong></span> <span class='ocrx_word' id='word_1_528' title='bbox 3047 3788 3261 3859; x_wconf 76' lang='grc' dir='ltr'>ψάλλων</span> <span class='ocrx_word' id='word_1_529' title='bbox 3288 3784 3353 3833; x_wconf 71' lang='grc' dir='ltr'>τὰ</span> <span class='ocrx_word' id='word_1_530' title='bbox 3388 3778 3486 3846; x_wconf 80' lang='grc' dir='ltr'><strong>τῆς</strong></span> <span class='ocrx_word' id='word_1_531' title='bbox 3512 3775 3666 3844; x_wconf 76' lang='grc' dir='ltr'>γενέ-</span> 
     </span>
    </p>
   </div>
   <div class='ocr_carea' id='block_1_73' title="bbox 2103 3870 3663 3955">
    <p class='ocr_par' dir='ltr' id='par_1_73' title="bbox 2103 3870 3663 3955">
     <span class='ocr_line' id='line_1_73' title="bbox 2103 3870 3663 3955; baseline -0.012 -17"><span class='ocrx_word' id='word_1_532' title='bbox 2103 3900 2259 3949; x_wconf 87' lang='grc' dir='ltr'>σεως,</span> <span class='ocrx_word' id='word_1_533' title='bbox 2287 3885 2525 3939; x_wconf 80' lang='grc' dir='ltr'>αἰτιᾶται</span> <span class='ocrx_word' id='word_1_534' title='bbox 2555 3888 2680 3948; x_wconf 81' lang='grc' dir='ltr'>τοὺς</span> <span class='ocrx_word' id='word_1_535' title='bbox 2708 3885 2988 3955; x_wconf 78' lang='grc' dir='ltr'>αὐτόματα</span> <span class='ocrx_word' id='word_1_536' title='bbox 3012 3882 3260 3947; x_wconf 83' lang='grc' dir='ltr'>λέγοντας</span> <span class='ocrx_word' id='word_1_537' title='bbox 3282 3871 3573 3941; x_wconf 74' lang='grc' dir='ltr'>ὑφεστάναι</span> <span class='ocrx_word' id='word_1_538' title='bbox 3597 3870 3663 3921; x_wconf 72' lang='grc' dir='ltr'>τὰ</span> 
     </span>
    </p>
   </div>
   <div class='ocr_carea' id='block_1_74' title="bbox 2102 3959 3662 4047">
    <p class='ocr_par' dir='ltr' id='par_1_74' title="bbox 2102 3959 3662 4047">
     <span class='ocr_line' id='line_1_74' title="bbox 2102 3959 3662 4047; baseline -0.013 -18"><span class='ocrx_word' id='word_1_539' title='bbox 2102 3974 2232 4029; x_wconf 76' lang='grc' dir='ltr'>ὄντα</span> <span class='ocrx_word' id='word_1_540' title='bbox 2264 3974 2357 4028; x_wconf 78' lang='grc' dir='ltr'><strong>καὶ</strong></span> <span class='ocrx_word' id='word_1_541' title='bbox 2395 3976 2703 4047; x_wconf 87' lang='grc' dir='ltr'>ἀπρονόητα</span> <span class='ocrx_word' id='word_1_542' title='bbox 2731 3969 2890 4037; x_wconf 78' lang='grc' dir='ltr'>εἶναι,</span> <span class='ocrx_word' id='word_1_543' title='bbox 2926 3975 3018 4023; x_wconf 85' lang='grc' dir='ltr'><strong>καὶ</strong></span> <span class='ocrx_word' id='word_1_544' title='bbox 3048 3969 3170 4029; x_wconf 73' lang='grc' dir='ltr'>τοὺς</span> <span class='ocrx_word' id='word_1_545' title='bbox 3197 3961 3553 4034; x_wconf 74' lang='grc' dir='ltr'>λατρεύοντας</span> <span class='ocrx_word' id='word_1_546' title='bbox 3597 3959 3662 4027; x_wconf 71' lang='grc' dir='ltr'>τῇ</span> 
     </span>
    </p>
   </div>
   <div class='ocr_carea' id='block_1_75' title="bbox 2101 4049 3662 4139">
    <p class='ocr_par' dir='ltr' id='par_1_75' title="bbox 2101 4049 3662 4139">
     <span class='ocr_line' id='line_1_75' title="bbox 2101 4049 3662 4139; baseline -0.011 -19"><span class='ocrx_word' id='word_1_547' title='bbox 2101 4068 2275 4121; x_wconf 84' lang='grc' dir='ltr'>κτίσει</span> <span class='ocrx_word' id='word_1_548' title='bbox 2310 4068 2460 4139; x_wconf 77' lang='grc' dir='ltr'>παρά</span> <span class='ocrx_word' id='word_1_549' title='bbox 2485 4066 2575 4119; x_wconf 85' lang='grc' dir='ltr'><strong>τὸν</strong></span> <span class='ocrx_word' id='word_1_550' title='bbox 2617 4066 2895 4119; x_wconf 84' lang='grc' dir='ltr'>κτίσαντα.</span> <span class='ocrx_word' id='word_1_551' title='bbox 2943 4063 3008 4114; x_wconf 90' lang='grc' dir='ltr'>Τί</span> <span class='ocrx_word' id='word_1_552' title='bbox 3041 4054 3132 4115; x_wconf 80' lang='grc' dir='ltr'><strong>οὖν</strong></span> <span class='ocrx_word' id='word_1_553' title='bbox 3164 4058 3270 4129; x_wconf 77' lang='grc' dir='ltr'>ἄρα</span> <span class='ocrx_word' id='word_1_554' title='bbox 3298 4055 3431 4125; x_wconf 78' lang='grc' dir='ltr'>φησὶ</span> <span class='ocrx_word' id='word_1_555' title='bbox 3464 4054 3579 4116; x_wconf 81' lang='grc' dir='ltr'>τοῖς</span> <span class='ocrx_word' id='word_1_556' title='bbox 3605 4049 3662 4116; x_wconf 72' lang='grc' dir='ltr'><strong>ἐξ</strong></span> 
     </span>
    </p>
   </div>
   <div class='ocr_carea' id='block_1_76' title="bbox 2113 4146 3474 4227">
    <p class='ocr_par' dir='ltr' id='par_1_76' title="bbox 2113 4146 3474 4227">
     <span class='ocr_line' id='line_1_76' title="bbox 2113 4146 3474 4227; baseline -0.008 -19"><span class='ocrx_word' id='word_1_557' title='bbox 2113 4155 2281 4209; x_wconf 73' lang='grc' dir='ltr'>ἐθνῶν</span> <span class='ocrx_word' id='word_1_558' title='bbox 2308 4154 2703 4227; x_wconf 76' lang='grc' dir='ltr'>κεκλημένοις;</span> <span class='ocrx_word' id='word_1_559' title='bbox 2742 4154 2829 4209; x_wconf 87' lang='lat' dir='ltr'><strong>Sic</strong></span> <span class='ocrx_word' id='word_1_560' title='bbox 2863 4154 2936 4207; x_wconf 88' lang='lat' dir='ltr'><strong>ibi</strong></span> <span class='ocrx_word' id='word_1_561' title='bbox 2969 4167 3121 4205; x_wconf 86' lang='lat' dir='ltr'><strong>sensu</strong></span> <span class='ocrx_word' id='word_1_562' title='bbox 3145 4146 3474 4217; x_wconf 80' lang='lat' dir='ltr'><strong>incompleto.</strong></span> 
     </span>
    </p>
   </div>
   <div class='ocr_carea' id='block_1_77' title="bbox 1089 4264 2005 4342">
    <p class='ocr_par' dir='ltr' id='par_1_77' title="bbox 1089 4264 1983 4338">
     <span class='ocr_line' id='line_1_77' title="bbox 1089 4264 1983 4338; baseline -0.001 -19"><span class='ocrx_word' id='word_1_563' title='bbox 1089 4264 1226 4321; x_wconf 83' lang='lat' dir='ltr'><strong>Item</strong></span> <span class='ocrx_word' id='word_1_564' title='bbox 1257 4268 1311 4322; x_wconf 84' lang='lat' dir='ltr'><strong>in</strong></span> <span class='ocrx_word' id='word_1_565' title='bbox 1341 4268 1575 4338; x_wconf 83' lang='lat' dir='ltr'><strong>ejusdem</strong></span> <span class='ocrx_word' id='word_1_566' title='bbox 1602 4267 1797 4338; x_wconf 84' lang='lat' dir='ltr'><strong>psalmi</strong></span> <span class='ocrx_word' id='word_1_567' title='bbox 1830 4268 1983 4321; x_wconf 86' lang='lat' dir='ltr'><strong>verba</strong></span> 
     </span>
    </p>
   </div>
   <div class='ocr_carea' id='block_1_78' title="bbox 2115 4264 2992 4342">
    <p class='ocr_par' dir='ltr' id='par_1_78' title="bbox 2121 4265 2992 4342">
     <span class='ocr_line' id='line_1_78' title="bbox 2121 4265 2992 4342; baseline -0.003 -22"><span class='ocrx_word' id='word_1_568' title='bbox 2121 4307 2137 4334; x_wconf 91' lang='lat'><strong>,</strong></span> <span class='ocrx_word' id='word_1_569' title='bbox 2185 4270 2307 4321; x_wconf 81' lang='grc' dir='ltr'><strong>Οὐκ</strong></span> <span class='ocrx_word' id='word_1_570' title='bbox 2331 4265 2450 4322; x_wconf 78' lang='grc' dir='ltr'>εἰσὶ</span> <span class='ocrx_word' id='word_1_571' title='bbox 2472 4269 2693 4342; x_wconf 52' lang='lat' dir='ltr'><strong>lustrati,</strong></span> <span class='ocrx_word' id='word_1_572' title='bbox 2716 4277 2841 4333; x_wconf 86' lang='lat' dir='ltr'><strong>etc.,</strong></span> <span class='ocrx_word' id='word_1_573' title='bbox 2868 4283 2916 4322; x_wconf 88' lang='grc' dir='ltr'><strong>υ.</strong></span> <span class='ocrx_word' id='word_1_574' title='bbox 2939 4266 2992 4318; x_wconf 76' lang='grc'><strong>4.</strong></span> 
     </span>
    </p>
   </div>
   <div class='ocr_carea' id='block_1_79' title="bbox 503 4381 2077 4456">
    <p class='ocr_par' dir='ltr' id='par_1_79' title="bbox 503 4381 2077 4456">
     <span class='ocr_line' id='line_1_79' title="bbox 503 4381 2077 4456; baseline 0.003 -20"><span class='ocrx_word' id='word_1_575' title='bbox 503 4381 673 4437; x_wconf 91' lang='lat' dir='ltr'><strong>Porro</strong></span> <span class='ocrx_word' id='word_1_576' title='bbox 722 4385 779 4439; x_wconf 84' lang='lat' dir='ltr'><strong>S.</strong></span> <span class='ocrx_word' id='word_1_577' title='bbox 827 4384 1059 4456; x_wconf 80' lang='lat' dir='ltr'><strong>Cyrillus</strong></span> <span class='ocrx_word' id='word_1_578' title='bbox 1111 4394 1166 4439; x_wconf 89' lang='lat' dir='ltr'><strong>et</strong></span> <span class='ocrx_word' id='word_1_579' title='bbox 1210 4387 1483 4442; x_wconf 81' lang='lat' dir='ltr'><strong>maximus</strong></span> <span class='ocrx_word' id='word_1_580' title='bbox 1530 4386 1618 4440; x_wconf 89' lang='lat' dir='ltr'><strong>ille</strong></span> <span class='ocrx_word' id='word_1_581' title='bbox 1666 4386 1999 4441; x_wconf 86' lang='lat' dir='ltr'><strong>Athanasius</strong></span> <span class='ocrx_word' id='word_1_582' title='bbox 2032 4392 2077 4446; x_wconf 82' lang='lat'><strong>1)</strong></span> 
     </span>
    </p>
   </div>
   <div class='ocr_carea' id='block_1_80' title="bbox 431 4476 1999 4547">
    <p class='ocr_par' dir='ltr' id='par_1_80' title="bbox 431 4476 1999 4547">
     <span class='ocr_line' id='line_1_80' title="bbox 431 4476 1999 4547; baseline 0.001 -18"><span class='ocrx_word' id='word_1_583' title='bbox 431 4489 530 4546; x_wconf 87' lang='lat' dir='ltr'><strong>per</strong></span> <span class='ocrx_word' id='word_1_584' title='bbox 562 4476 782 4531; x_wconf 85' lang='lat' dir='ltr'><strong>modum</strong></span> <span class='ocrx_word' id='word_1_585' title='bbox 817 4476 1261 4547; x_wconf 86' lang='lat' dir='ltr'><strong>interrogationis</strong></span> <span class='ocrx_word' id='word_1_586' title='bbox 1308 4477 1520 4547; x_wconf 84' lang='lat' dir='ltr'><strong>legunt,</strong></span> <span class='ocrx_word' id='word_1_587' title='bbox 1549 4477 1696 4547; x_wconf 91' lang='lat' dir='ltr'><strong>quod</strong></span> <span class='ocrx_word' id='word_1_588' title='bbox 1727 4476 1816 4530; x_wconf 89' lang='lat' dir='ltr'><strong>hic</strong></span> <span class='ocrx_word' id='word_1_589' title='bbox 1863 4477 1999 4531; x_wconf 82' lang='lat' dir='ltr'><strong>dici—</strong></span> 
     </span>
    </p>
   </div>
   <div class='ocr_carea' id='block_1_81' title="bbox 437 4562 2000 4637">
    <p class='ocr_par' dir='ltr' id='par_1_81' title="bbox 437 4562 2000 4637">
     <span class='ocr_line' id='line_1_81' title="bbox 437 4562 2000 4637; baseline 0.001 -20"><span class='ocrx_word' id='word_1_590' title='bbox 437 4573 558 4617; x_wconf 83' lang='lat' dir='ltr'><strong>tur:</strong></span> <span class='ocrx_word' id='word_1_591' title='bbox 591 4562 778 4619; x_wconf 88' lang='lat' dir='ltr'><strong>Nonne</strong></span> <span class='ocrx_word' id='word_1_592' title='bbox 810 4576 929 4620; x_wconf 91' lang='lat' dir='ltr'><strong>sunt</strong></span> <span class='ocrx_word' id='word_1_593' title='bbox 969 4566 1207 4637; x_wconf 75' lang='lat' dir='ltr'><strong>loquelw,</strong></span> <span class='ocrx_word' id='word_1_594' title='bbox 1231 4578 1322 4621; x_wconf 81' lang='lat' dir='ltr'><strong>aut</strong></span> <span class='ocrx_word' id='word_1_595' title='bbox 1356 4582 1638 4631; x_wconf 87' lang='lat' dir='ltr'><strong>sermones,</strong></span> <span class='ocrx_word' id='word_1_596' title='bbox 1671 4578 1895 4636; x_wconf 88' lang='lat' dir='ltr'><strong>quorum</strong></span> <span class='ocrx_word' id='word_1_597' title='bbox 1916 4581 2000 4619; x_wconf 81' lang='lat' dir='ltr'><strong>vo-</strong></span> 
     </span>
    </p>
   </div>
   <div class='ocr_carea' id='block_1_82' title="bbox 431 4655 1995 4728">
    <p class='ocr_par' dir='ltr' id='par_1_82' title="bbox 431 4655 1995 4728">
     <span class='ocr_line' id='line_1_82' title="bbox 431 4655 1995 4728; baseline 0.001 -21"><span class='ocrx_word' id='word_1_598' title='bbox 431 4670 512 4708; x_wconf 86' lang='lat' dir='ltr'><strong>ces</strong></span> <span class='ocrx_word' id='word_1_599' title='bbox 543 4672 645 4708; x_wconf 87' lang='lat' dir='ltr'><strong>non</strong></span> <span class='ocrx_word' id='word_1_600' title='bbox 687 4657 1017 4712; x_wconf 79' lang='lat' dir='ltr'><strong>audientur?</strong></span> <span class='ocrx_word' id='word_1_601' title='bbox 1054 4659 1210 4728; x_wconf 88' lang='lat' dir='ltr'><strong>quasi</strong></span> <span class='ocrx_word' id='word_1_602' title='bbox 1248 4659 1395 4713; x_wconf 86' lang='lat' dir='ltr'><strong>dicat</strong></span> <span class='ocrx_word' id='word_1_603' title='bbox 1422 4657 1627 4711; x_wconf 85' lang='lat' dir='ltr'><strong>David:</strong></span> <span class='ocrx_word' id='word_1_604' title='bbox 1673 4655 1865 4710; x_wconf 88' lang='lat' dir='ltr'><strong>Nonne</strong></span> <span class='ocrx_word' id='word_1_605' title='bbox 1895 4671 1995 4709; x_wconf 87' lang='lat' dir='ltr'><strong>au-</strong></span> 
     </span>
    </p>
   </div>
   <div class='ocr_carea' id='block_1_83' title="bbox 433 4746 1997 4817">
    <p class='ocr_par' dir='ltr' id='par_1_83' title="bbox 433 4746 1997 4817">
     <span class='ocr_line' id='line_1_83' title="bbox 433 4746 1997 4817; baseline 0.001 -18"><span class='ocrx_word' id='word_1_606' title='bbox 433 4746 662 4801; x_wconf 89' lang='lat' dir='ltr'><strong>diuntur</strong></span> <span class='ocrx_word' id='word_1_607' title='bbox 683 4749 848 4803; x_wconf 90' lang='lat' dir='ltr'><strong>etiam</strong></span> <span class='ocrx_word' id='word_1_608' title='bbox 880 4759 1157 4805; x_wconf 90' lang='lat' dir='ltr'><strong>mutarum</strong></span> <span class='ocrx_word' id='word_1_609' title='bbox 1206 4751 1320 4806; x_wconf 89' lang='lat' dir='ltr'><strong>sive</strong></span> <span class='ocrx_word' id='word_1_610' title='bbox 1366 4764 1570 4813; x_wconf 90' lang='lat' dir='ltr'><strong>rerum,</strong></span> <span class='ocrx_word' id='word_1_611' title='bbox 1625 4749 1997 4817; x_wconf 85' lang='lat' dir='ltr'><strong>sive-operum</strong></span> 
     </span>
    </p>
   </div>
   <div class='ocr_carea' id='block_1_84' title="bbox 428 4840 1996 4913">
    <p class='ocr_par' dir='ltr' id='par_1_84' title="bbox 428 4840 1996 4913">
     <span class='ocr_line' id='line_1_84' title="bbox 428 4840 1996 4913; baseline 0.001 -20"><span class='ocrx_word' id='word_1_612' title='bbox 428 4854 592 4895; x_wconf 77' lang='lat' dir='ltr'><strong>voces</strong></span> <span class='ocrx_word' id='word_1_613' title='bbox 633 4841 836 4912; x_wconf 87' lang='lat' dir='ltr'><strong>absque</strong></span> <span class='ocrx_word' id='word_1_614' title='bbox 894 4859 1146 4897; x_wconf 88' lang='lat' dir='ltr'><strong>sermone</strong></span> <span class='ocrx_word' id='word_1_615' title='bbox 1164 4852 1219 4898; x_wconf 89' lang='lat' dir='ltr'><strong>et</strong></span> <span class='ocrx_word' id='word_1_616' title='bbox 1268 4840 1684 4913; x_wconf 85' lang='lat' dir='ltr'><strong>lingua?Sane,</strong></span> <span class='ocrx_word' id='word_1_617' title='bbox 1714 4841 1858 4896; x_wconf 87' lang='lat' dir='ltr'><strong>dicat</strong></span> <span class='ocrx_word' id='word_1_618' title='bbox 1895 4840 1996 4894; x_wconf 82' lang='lat' dir='ltr'><strong>ali-</strong></span> 
     </span>
    </p>
   </div>
   <div class='ocr_carea' id='block_1_85' title="bbox 420 4931 1993 5005">
    <p class='ocr_par' dir='ltr' id='par_1_85' title="bbox 420 4931 1993 5005">
     <span class='ocr_line' id='line_1_85' title="bbox 420 4931 1993 5005; baseline 0.002 -19"><span class='ocrx_word' id='word_1_619' title='bbox 420 4932 572 5002; x_wconf 80' lang='lat' dir='ltr'><strong>quis.</strong></span> <span class='ocrx_word' id='word_1_620' title='bbox 598 4931 731 4987; x_wconf 82' lang='lat' dir='ltr'><strong>Nam</strong></span> <span class='ocrx_word' id='word_1_621' title='bbox 771 4934 1229 5005; x_wconf 87' lang='lat' dir='ltr'><strong>quemadmodum</strong></span> <span class='ocrx_word' id='word_1_622' title='bbox 1266 4935 1496 4990; x_wconf 71' lang='lat' dir='ltr'><strong>textoris</strong></span> <span class='ocrx_word' id='word_1_623' title='bbox 1550 4935 1841 4990; x_wconf 88' lang='lat' dir='ltr'><strong>artiﬁcium</strong></span> <span class='ocrx_word' id='word_1_624' title='bbox 1881 4936 1993 4989; x_wconf 87' lang='lat' dir='ltr'><strong>cla-</strong></span> 
     </span>
    </p>
   </div>
   <div class='ocr_carea' id='block_1_86' title="bbox 430 5026 1993 5097">
    <p class='ocr_par' dir='ltr' id='par_1_86' title="bbox 430 5026 1993 5097">
     <span class='ocr_line' id='line_1_86' title="bbox 430 5026 1993 5097; baseline 0.003 -19"><span class='ocrx_word' id='word_1_625' title='bbox 430 5036 540 5079; x_wconf 88' lang='lat' dir='ltr'><strong>mat</strong></span> <span class='ocrx_word' id='word_1_626' title='bbox 598 5026 745 5080; x_wconf 85' lang='lat' dir='ltr'><strong>varia</strong></span> <span class='ocrx_word' id='word_1_627' title='bbox 790 5042 854 5082; x_wconf 87' lang='lat' dir='ltr'><strong>ac</strong></span> <span class='ocrx_word' id='word_1_628' title='bbox 886 5028 1184 5084; x_wconf 83' lang='lat' dir='ltr'><strong>versicolor</strong></span> <span class='ocrx_word' id='word_1_629' title='bbox 1215 5026 1418 5094; x_wconf 70' lang='lat' dir='ltr'><strong>vestis;</strong></span> <span class='ocrx_word' id='word_1_630' title='bbox 1453 5042 1518 5083; x_wconf 90' lang='lat' dir='ltr'><strong>ac</strong></span> <span class='ocrx_word' id='word_1_631' title='bbox 1552 5028 1729 5091; x_wconf 87' lang='lat' dir='ltr'><strong>navis,</strong></span> <span class='ocrx_word' id='word_1_632' title='bbox 1786 5029 1841 5081; x_wconf 87' lang='lat' dir='ltr'><strong>in</strong></span> <span class='ocrx_word' id='word_1_633' title='bbox 1884 5042 1993 5097; x_wconf 84' lang='lat' dir='ltr'><strong>qua</strong></span> 
     </span>
    </p>
   </div>
   <div class='ocr_carea' id='block_1_87' title="bbox 428 5117 1989 5190">
    <p class='ocr_par' dir='ltr' id='par_1_87' title="bbox 428 5117 1989 5190">
     <span class='ocr_line' id='line_1_87' title="bbox 428 5117 1989 5190; baseline 0.003 -21"><span class='ocrx_word' id='word_1_634' title='bbox 428 5117 565 5173; x_wconf 85' lang='lat' dir='ltr'><strong>nihil</strong></span> <span class='ocrx_word' id='word_1_635' title='bbox 597 5118 918 5189; x_wconf 88' lang='lat' dir='ltr'><strong>reprehendi</strong></span> <span class='ocrx_word' id='word_1_636' title='bbox 959 5130 1156 5190; x_wconf 89' lang='lat' dir='ltr'><strong>potest,</strong></span> <span class='ocrx_word' id='word_1_637' title='bbox 1195 5121 1446 5190; x_wconf 87' lang='lat' dir='ltr'><strong>opiﬁcem</strong></span> <span class='ocrx_word' id='word_1_638' title='bbox 1492 5136 1652 5175; x_wconf 91' lang='lat' dir='ltr'><strong>suum</strong></span> <span class='ocrx_word' id='word_1_639' title='bbox 1682 5120 1943 5189; x_wconf 74' lang='lat' dir='ltr'><strong>praedicat</strong></span> <span class='ocrx_word' id='word_1_640' title='bbox 1974 5137 1989 5185; x_wconf 88' lang='lat'><strong>;</strong></span> 
     </span>
    </p>
   </div>
   <div class='ocr_carea' id='block_1_88' title="bbox 429 5212 1991 5287">
    <p class='ocr_par' dir='ltr' id='par_1_88' title="bbox 429 5212 1991 5287">
     <span class='ocr_line' id='line_1_88' title="bbox 429 5212 1991 5287; baseline 0 -22"><span class='ocrx_word' id='word_1_641' title='bbox 429 5212 643 5270; x_wconf 74' lang='lat' dir='ltr'><strong>fabrum</strong></span> <span class='ocrx_word' id='word_1_642' title='bbox 670 5216 904 5286; x_wconf 89' lang='lat' dir='ltr'><strong>denique</strong></span> <span class='ocrx_word' id='word_1_643' title='bbox 936 5217 1106 5287; x_wconf 89' lang='lat' dir='ltr'><strong>ipsius</strong></span> <span class='ocrx_word' id='word_1_644' title='bbox 1131 5231 1269 5286; x_wconf 90' lang='lat' dir='ltr'><strong>opus</strong></span> <span class='ocrx_word' id='word_1_645' title='bbox 1298 5234 1311 5269; x_wconf 93' lang='lat'>:</span> <span class='ocrx_word' id='word_1_646' title='bbox 1353 5215 1433 5270; x_wconf 92' lang='lat' dir='ltr'><strong>sic</strong></span> <span class='ocrx_word' id='word_1_647' title='bbox 1457 5223 1510 5270; x_wconf 91' lang='lat' dir='ltr'><strong>et</strong></span> <span class='ocrx_word' id='word_1_648' title='bbox 1536 5224 1809 5279; x_wconf 88' lang='lat' dir='ltr'><strong>creatura,</strong></span> <span class='ocrx_word' id='word_1_649' title='bbox 1834 5212 1991 5281; x_wconf 84' lang='lat' dir='ltr'><strong>cujus</strong></span> 
     </span>
    </p>
   </div>
   <div class='ocr_carea' id='block_1_89' title="bbox 426 5304 1993 5371">
    <p class='ocr_par' dir='ltr' id='par_1_89' title="bbox 426 5304 1993 5371">
     <span class='ocr_line' id='line_1_89' title="bbox 426 5304 1993 5371; baseline -0.001 -12"><span class='ocrx_word' id='word_1_650' title='bbox 426 5309 759 5364; x_wconf 83' lang='lat' dir='ltr'><strong>mentionem</strong></span> <span class='ocrx_word' id='word_1_651' title='bbox 812 5308 1074 5371; x_wconf 81' lang='lat' dir='ltr'><strong>fecimus,</strong></span> <span class='ocrx_word' id='word_1_652' title='bbox 1106 5310 1207 5363; x_wconf 89' lang='lat' dir='ltr'><strong>etsi</strong></span> <span class='ocrx_word' id='word_1_653' title='bbox 1243 5323 1498 5362; x_wconf 88' lang='lat' dir='ltr'><strong>sermone</strong></span> <span class='ocrx_word' id='word_1_654' title='bbox 1534 5322 1599 5362; x_wconf 85' lang='lat' dir='ltr'><strong>ac</strong></span> <span class='ocrx_word' id='word_1_655' title='bbox 1631 5306 1840 5361; x_wconf 90' lang='lat' dir='ltr'><strong>ratione</strong></span> <span class='ocrx_word' id='word_1_656' title='bbox 1896 5304 1993 5359; x_wconf 88' lang='lat' dir='ltr'><strong>de-</strong></span> 
     </span>
    </p>
   </div>
   <div class='ocr_carea' id='block_1_90' title="bbox 502 5456 1999 5533">
    <p class='ocr_par' dir='ltr' id='par_1_90' title="bbox 502 5456 1999 5533">
     <span class='ocr_line' id='line_1_90' title="bbox 502 5456 1999 5533; baseline -0.006 -16"><span class='ocrx_word' id='word_1_657' title='bbox 502 5463 614 5529; x_wconf 80' lang='lat'><strong>(56)</strong></span> <span class='ocrx_word' id='word_1_658' title='bbox 655 5465 767 5520; x_wconf 89' lang='lat' dir='ltr'><strong>lloe</strong></span> <span class='ocrx_word' id='word_1_659' title='bbox 792 5474 1169 5533; x_wconf 82' lang='lat' dir='ltr'><strong>argumentum</strong></span> <span class='ocrx_word' id='word_1_660' title='bbox 1216 5463 1466 5531; x_wconf 86' lang='lat' dir='ltr'><strong>superius</strong></span> <span class='ocrx_word' id='word_1_661' title='bbox 1490 5458 1834 5533; x_wconf 70' lang='lat' dir='ltr'><strong>przemittitur</strong></span> <span class='ocrx_word' id='word_1_662' title='bbox 1857 5456 1999 5533; x_wconf 75' lang='lat' dir='ltr'><strong>psal-</strong></span> 
     </span>
    </p>
   </div>
   <div class='ocr_carea' id='block_1_91' title="bbox 434 5530 1992 5607">
    <p class='ocr_par' dir='ltr' id='par_1_91' title="bbox 434 5530 1992 5607">
     <span class='ocr_line' id='line_1_91' title="bbox 434 5530 1992 5607; baseline 0 -26"><span class='ocrx_word' id='word_1_663' title='bbox 434 5543 524 5607; x_wconf 69' lang='lat' dir='ltr'><strong>mo</strong></span> <span class='ocrx_word' id='word_1_664' title='bbox 553 5546 677 5607; x_wconf 70' lang='grc' dir='ltr'><strong>⁸ιιιί,</strong></span> <span class='ocrx_word' id='word_1_665' title='bbox 708 5536 801 5589; x_wconf 87' lang='lat' dir='ltr'><strong>sed</strong></span> <span class='ocrx_word' id='word_1_666' title='bbox 833 5530 1014 5603; x_wconf 74' lang='lat' dir='ltr'><strong>priora</strong></span> <span class='ocrx_word' id='word_1_667' title='bbox 1059 5534 1244 5599; x_wconf 84' lang='lat' dir='ltr'><strong>verba,</strong></span> <span class='ocrx_word' id='word_1_668' title='bbox 1278 5530 1421 5585; x_wconf 72' lang='grc' dir='ltr'>κατὰ</span> <span class='ocrx_word' id='word_1_669' title='bbox 1474 5530 1654 5602; x_wconf 77' lang='grc' dir='ltr'>μέντοι</span> <span class='ocrx_word' id='word_1_670' title='bbox 1683 5530 1992 5596; x_wconf 81' lang='grc' dir='ltr'>ἀναγωγήν,</span> 
     </span>
    </p>
   </div>
   <div class='ocr_carea' id='block_1_92' title="bbox 433 5597 745 5655">
    <p class='ocr_par' dir='ltr' id='par_1_92' title="bbox 433 5597 745 5655">
     <span class='ocr_line' id='line_1_92' title="bbox 433 5597 745 5655; baseline 0.019 -6"><span class='ocrx_word' id='word_1_671' title='bbox 433 5597 506 5651; x_wconf 80' lang='lat' dir='ltr'><strong>ibi</strong></span> <span class='ocrx_word' id='word_1_672' title='bbox 536 5599 745 5655; x_wconf 85' lang='lat' dir='ltr'><strong>desunt.</strong></span> 
     </span>
    </p>
   </div>
   <div class='ocr_carea' id='block_1_93' title="bbox 503 5666 1091 5743">
    <p class='ocr_par' dir='ltr' id='par_1_93' title="bbox 503 5666 1091 5743">
     <span class='ocr_line' id='line_1_93' title="bbox 503 5666 1091 5743; baseline 0.015 -25"><span class='ocrx_word' id='word_1_673' title='bbox 655 5668 784 5743; x_wconf 79' lang='lat' dir='ltr'><strong>_V_idc</strong></span> <span class='ocrx_word' id='word_1_674' title='bbox 817 5673 950 5739; x_wconf 89' lang='lat' dir='ltr'><strong>psal.</strong></span> <span class='ocrx_word' id='word_1_675' title='bbox 973 5689 1091 5727; x_wconf 51' lang='grc' dir='ltr'>σιν.</span> 
     </span>
    </p>
   </div>
   <div class='ocr_carea' id='block_1_94' title="bbox 503 5734 1988 5812">
    <p class='ocr_par' dir='ltr' id='par_1_94' title="bbox 503 5734 1988 5812">
     <span class='ocr_line' id='line_1_94' title="bbox 503 5734 1988 5812; baseline -0.004 -13"><span class='ocrx_word' id='word_1_676' title='bbox 503 5734 615 5803; x_wconf 81' lang='grc'><strong>(58)</strong></span> <span class='ocrx_word' id='word_1_677' title='bbox 655 5738 774 5794; x_wconf 79' lang='lat' dir='ltr'><strong>ILec</strong></span> <span class='ocrx_word' id='word_1_678' title='bbox 801 5734 1050 5810; x_wconf 58' lang='lat' dir='ltr'><strong>leguntur</strong></span> <span class='ocrx_word' id='word_1_679' title='bbox 1074 5744 1139 5799; x_wconf 90' lang='lat' dir='ltr'><strong>ad</strong></span> <span class='ocrx_word' id='word_1_680' title='bbox 1172 5759 1383 5800; x_wconf 78' lang='lat' dir='ltr'><strong>versum</strong></span> <span class='ocrx_word' id='word_1_681' title='bbox 1413 5743 1445 5797; x_wconf 74' lang='grc'>5</span> <span class='ocrx_word' id='word_1_682' title='bbox 1484 5740 1619 5812; x_wconf 88' lang='lat' dir='ltr'><strong>psal.</strong></span> <span class='ocrx_word' id='word_1_683' title='bbox 1654 5745 1823 5805; x_wconf 79' lang='lat' dir='ltr'><strong>xv,.et</strong></span> <span class='ocrx_word' id='word_1_684' title='bbox 1859 5753 1988 5809; x_wconf 88' lang='lat' dir='ltr'><strong>pau-</strong></span> 
     </span>
    </p>
   </div>
   <div class='ocr_carea' id='block_1_95' title="bbox 2173 4376 3662 4456">
    <p class='ocr_par' dir='ltr' id='par_1_95' title="bbox 2173 4376 3662 4456">
     <span class='ocr_line' id='line_1_95' title="bbox 2173 4376 3662 4456; baseline -0.007 -18"><span class='ocrx_word' id='word_1_685' title='bbox 2173 4384 2285 4456; x_wconf 88' lang='lat'><strong>(60)</strong></span> <span class='ocrx_word' id='word_1_686' title='bbox 2319 4385 2379 4439; x_wconf 85' lang='lat'><strong>&#39;0</strong></span> <span class='ocrx_word' id='word_1_687' title='bbox 2402 4384 2459 4438; x_wconf 81' lang='grc' dir='ltr'><strong>δὲ</strong></span> <span class='ocrx_word' id='word_1_688' title='bbox 2492 4385 2646 4454; x_wconf 79' lang='grc' dir='ltr'>ἅγιος</span> <span class='ocrx_word' id='word_1_689' title='bbox 2674 4381 2941 4454; x_wconf 81' lang='grc' dir='ltr'>Κύριλλος</span> <span class='ocrx_word' id='word_1_690' title='bbox 2986 4382 3081 4435; x_wconf 73' lang='grc' dir='ltr'>καὶ</span> <span class='ocrx_word' id='word_1_691' title='bbox 3110 4382 3139 4435; x_wconf 91' lang='lat'><strong>6</strong></span> <span class='ocrx_word' id='word_1_692' title='bbox 3168 4378 3467 4450; x_wconf 83' lang='grc' dir='ltr'>παμμέγας</span> <span class='ocrx_word' id='word_1_693' title='bbox 3504 4376 3662 4429; x_wconf 80' lang='grc' dir='ltr'>Ἀθα-</span> 
     </span>
    </p>
   </div>
   <div class='ocr_carea' id='block_1_96' title="bbox 2096 4469 3665 4548">
    <p class='ocr_par' dir='ltr' id='par_1_96' title="bbox 2096 4469 3665 4548">
     <span class='ocr_line' id='line_1_96' title="bbox 2096 4469 3665 4548; baseline -0.006 -17"><span class='ocrx_word' id='word_1_694' title='bbox 2096 4476 2282 4541; x_wconf 82' lang='grc' dir='ltr'>νάσιος</span> <span class='ocrx_word' id='word_1_695' title='bbox 2314 4478 2371 4530; x_wconf 85' lang='grc' dir='ltr'><strong>ὲν</strong></span> <span class='ocrx_word' id='word_1_696' title='bbox 2397 4479 2661 4548; x_wconf 74' lang='grc' dir='ltr'>ἐρωτήσει</span> <span class='ocrx_word' id='word_1_697' title='bbox 2694 4473 3120 4544; x_wconf 82' lang='grc' dir='ltr'>ἀναγινώσκουσι</span> <span class='ocrx_word' id='word_1_698' title='bbox 3151 4473 3230 4538; x_wconf 81' lang='grc' dir='ltr'><strong>τὸ,</strong></span> <span class='ocrx_word' id='word_1_699' title='bbox 3262 4474 3383 4527; x_wconf 76' lang='grc' dir='ltr'><strong>Οὐκ</strong></span> <span class='ocrx_word' id='word_1_700' title='bbox 3409 4469 3527 4523; x_wconf 70' lang='lat' dir='ltr'><strong>alat</strong></span> <span class='ocrx_word' id='word_1_701' title='bbox 3558 4472 3665 4523; x_wconf 73' lang='grc' dir='ltr'><strong>λα-</strong></span> 
     </span>
    </p>
   </div>
   <div class='ocr_carea' id='block_1_97' title="bbox 2098 4557 3661 4639">
    <p class='ocr_par' dir='ltr' id='par_1_97' title="bbox 2098 4557 3661 4639">
     <span class='ocr_line' id='line_1_97' title="bbox 2098 4557 3661 4639; baseline -0.008 -15"><span class='ocrx_word' id='word_1_702' title='bbox 2098 4570 2242 4633; x_wconf 76' lang='grc' dir='ltr'>λιαὶ,</span> <span class='ocrx_word' id='word_1_703' title='bbox 2278 4568 2421 4623; x_wconf 83' lang='grc' dir='ltr'><strong>οὐδὲ</strong></span> <span class='ocrx_word' id='word_1_704' title='bbox 2447 4572 2637 4639; x_wconf 78' lang='grc' dir='ltr'>λόγοι,</span> <span class='ocrx_word' id='word_1_705' title='bbox 2667 4562 2755 4621; x_wconf 74' lang='grc' dir='ltr'><strong>ὧν</strong></span> <span class='ocrx_word' id='word_1_706' title='bbox 2800 4568 2934 4637; x_wconf 81' lang='grc' dir='ltr'><strong><em>οὐχὶ</em></strong></span> <span class='ocrx_word' id='word_1_707' title='bbox 2978 4567 3340 4621; x_wconf 74' lang='grc' dir='ltr'>ἀκούσονται</span> <span class='ocrx_word' id='word_1_708' title='bbox 3376 4565 3434 4617; x_wconf 76' lang='lat' dir='ltr'><strong>al</strong></span> <span class='ocrx_word' id='word_1_709' title='bbox 3476 4557 3661 4630; x_wconf 64' lang='lat' dir='ltr'><strong>satura!</strong></span> 
     </span>
    </p>
   </div>
   <div class='ocr_carea' id='block_1_98' title="bbox 2099 4651 3659 4731">
    <p class='ocr_par' dir='ltr' id='par_1_98' title="bbox 2099 4651 3659 4731">
     <span class='ocr_line' id='line_1_98' title="bbox 2099 4651 3659 4731; baseline -0.008 -15"><span class='ocrx_word' id='word_1_710' title='bbox 2099 4661 2327 4726; x_wconf 81' lang='grc' dir='ltr'><strong>αὐτῶν;</strong></span> <span class='ocrx_word' id='word_1_711' title='bbox 2349 4660 2623 4715; x_wconf 82' lang='grc' dir='ltr'>τουτέστιν</span> <span class='ocrx_word' id='word_1_712' title='bbox 2645 4678 2659 4691; x_wconf 72' lang='grc' dir='ltr'><strong>ο</strong></span> <span class='ocrx_word' id='word_1_713' title='bbox 2692 4656 2838 4731; x_wconf 70' lang='grc' dir='ltr'>’Ἄρα</span> <span class='ocrx_word' id='word_1_714' title='bbox 2870 4660 2969 4712; x_wconf 74' lang='grc' dir='ltr'><strong>οὐκ</strong></span> <span class='ocrx_word' id='word_1_715' title='bbox 2995 4659 3101 4711; x_wconf 78' lang='grc' dir='ltr'>εἰσὶ</span> <span class='ocrx_word' id='word_1_716' title='bbox 3149 4658 3243 4710; x_wconf 73' lang='grc' dir='ltr'><strong>καὶ</strong></span> <span class='ocrx_word' id='word_1_717' title='bbox 3269 4655 3378 4708; x_wconf 78' lang='grc' dir='ltr'>τῶν</span> <span class='ocrx_word' id='word_1_718' title='bbox 3408 4651 3659 4721; x_wconf 79' lang='grc' dir='ltr'>ἀφώνων,</span> 
     </span>
    </p>
   </div>
   <div class='ocr_carea' id='block_1_99' title="bbox 2099 4746 3663 4827">
    <p class='ocr_par' dir='ltr' id='par_1_99' title="bbox 2099 4746 3663 4827">
     <span class='ocr_line' id='line_1_99' title="bbox 2099 4746 3663 4827; baseline -0.007 -19"><span class='ocrx_word' id='word_1_719' title='bbox 2099 4755 2133 4825; x_wconf 81' lang='grc' dir='ltr'>ἢ</span> <span class='ocrx_word' id='word_1_720' title='bbox 2190 4754 2564 4827; x_wconf 87' lang='grc' dir='ltr'>πραγμάτων,</span> <span class='ocrx_word' id='word_1_721' title='bbox 2607 4753 2640 4825; x_wconf 84' lang='grc' dir='ltr'>ἢ</span> <span class='ocrx_word' id='word_1_722' title='bbox 2703 4753 2901 4824; x_wconf 78' lang='grc' dir='ltr'>ἔργων,</span> <span class='ocrx_word' id='word_1_723' title='bbox 2929 4752 3104 4822; x_wconf 80' lang='grc' dir='ltr'>φωναὶ</span> <span class='ocrx_word' id='word_1_724' title='bbox 3146 4750 3313 4821; x_wconf 78' lang='grc' dir='ltr'>χωρὶς</span> <span class='ocrx_word' id='word_1_725' title='bbox 3361 4748 3520 4817; x_wconf 86' lang='grc' dir='ltr'>λόγου</span> <span class='ocrx_word' id='word_1_726' title='bbox 3573 4746 3663 4799; x_wconf 78' lang='grc' dir='ltr'>καὶ</span> 
     </span>
    </p>
   </div>
   <div class='ocr_carea' id='block_1_100' title="bbox 2098 4837 3662 4916">
    <p class='ocr_par' dir='ltr' id='par_1_100' title="bbox 2098 4837 3662 4916">
     <span class='ocr_line' id='line_1_100' title="bbox 2098 4837 3662 4916; baseline -0.006 -18"><span class='ocrx_word' id='word_1_727' title='bbox 2098 4845 2383 4916; x_wconf 77' lang='grc' dir='ltr'>γλώττηςς</span> <span class='ocrx_word' id='word_1_728' title='bbox 2420 4845 2547 4908; x_wconf 73' lang='grc' dir='ltr'>Ναὶ,</span> <span class='ocrx_word' id='word_1_729' title='bbox 2580 4845 2712 4915; x_wconf 85' lang='grc' dir='ltr'>φαίη</span> <span class='ocrx_word' id='word_1_730' title='bbox 2740 4844 2803 4897; x_wconf 82' lang='grc' dir='ltr'><strong>ἀν</strong></span> <span class='ocrx_word' id='word_1_731' title='bbox 2829 4861 2933 4906; x_wconf 85' lang='grc' dir='ltr'>τις.</span> <span class='ocrx_word' id='word_1_732' title='bbox 2973 4845 3181 4913; x_wconf 80' lang='grc' dir='ltr'>Ὠσπερ</span> <span class='ocrx_word' id='word_1_733' title='bbox 3209 4840 3316 4913; x_wconf 84' lang='grc' dir='ltr'>γὰρ</span> <span class='ocrx_word' id='word_1_734' title='bbox 3344 4838 3436 4891; x_wconf 78' lang='grc' dir='ltr'>τοῦ</span> <span class='ocrx_word' id='word_1_735' title='bbox 3492 4837 3662 4906; x_wconf 81' lang='grc' dir='ltr'>ὑφάν-</span> 
     </span>
    </p>
   </div>
   <div class='ocr_carea' id='block_1_101' title="bbox 2100 4923 3659 5010">
    <p class='ocr_par' dir='ltr' id='par_1_101' title="bbox 2100 4923 3659 5010">
     <span class='ocr_line' id='line_1_101' title="bbox 2100 4923 3659 5010; baseline -0.006 -18"><span class='ocrx_word' id='word_1_736' title='bbox 2100 4957 2193 4992; x_wconf 82' lang='grc' dir='ltr'><strong>του</strong></span> <span class='ocrx_word' id='word_1_737' title='bbox 2216 4939 2312 5010; x_wconf 81' lang='grc' dir='ltr'><strong>τὴν</strong></span> <span class='ocrx_word' id='word_1_738' title='bbox 2345 4938 2539 5010; x_wconf 80' lang='grc' dir='ltr'>τέχνην</span> <span class='ocrx_word' id='word_1_739' title='bbox 2589 4940 2622 5008; x_wconf 84' lang='grc' dir='ltr'>ἡ</span> <span class='ocrx_word' id='word_1_740' title='bbox 2672 4936 3050 4998; x_wconf 86' lang='grc' dir='ltr'>πολυποίκιλος</span> <span class='ocrx_word' id='word_1_741' title='bbox 3092 4933 3254 5003; x_wconf 83' lang='grc' dir='ltr'>ἐσθὴς</span> <span class='ocrx_word' id='word_1_742' title='bbox 3305 4929 3526 5000; x_wconf 73' lang='grc' dir='ltr'>ἀναὸοᾷ,</span> <span class='ocrx_word' id='word_1_743' title='bbox 3571 4923 3659 4976; x_wconf 72' lang='grc' dir='ltr'><strong>καὶ</strong></span> 
     </span>
    </p>
   </div>
   <div class='ocr_carea' id='block_1_102' title="bbox 2100 5014 3657 5100">
    <p class='ocr_par' dir='ltr' id='par_1_102' title="bbox 2100 5014 3657 5100">
     <span class='ocr_line' id='line_1_102' title="bbox 2100 5014 3657 5100; baseline -0.011 -17"><span class='ocrx_word' id='word_1_744' title='bbox 2100 5029 2190 5083; x_wconf 84' lang='grc' dir='ltr'>τὸν</span> <span class='ocrx_word' id='word_1_745' title='bbox 2217 5030 2497 5100; x_wconf 86' lang='grc' dir='ltr'>ναυπηγὸν</span> <span class='ocrx_word' id='word_1_746' title='bbox 2529 5031 2561 5099; x_wconf 80' lang='grc' dir='ltr'>ἡ</span> <span class='ocrx_word' id='word_1_747' title='bbox 2596 5028 2931 5098; x_wconf 81' lang='grc' dir='ltr'>άδιαϐλήτως</span> <span class='ocrx_word' id='word_1_748' title='bbox 2965 5026 3162 5097; x_wconf 77' lang='grc' dir='ltr'>ἔχουσα</span> <span class='ocrx_word' id='word_1_749' title='bbox 3188 5023 3321 5086; x_wconf 84' lang='grc' dir='ltr'>ναῦς</span> <span class='ocrx_word' id='word_1_750' title='bbox 3353 5014 3657 5086; x_wconf 76' lang='grc' dir='ltr'>ἀνακηρύτ-</span> 
     </span>
    </p>
   </div>
   <div class='ocr_carea' id='block_1_103' title="bbox 2100 5103 3654 5193">
    <p class='ocr_par' dir='ltr' id='par_1_103' title="bbox 2100 5103 3654 5193">
     <span class='ocr_line' id='line_1_103' title="bbox 2100 5103 3654 5193; baseline -0.013 -17"><span class='ocrx_word' id='word_1_751' title='bbox 2100 5140 2202 5186; x_wconf 88' lang='grc' dir='ltr'>τει,</span> <span class='ocrx_word' id='word_1_752' title='bbox 2228 5124 2321 5176; x_wconf 73' lang='grc' dir='ltr'><strong>καὶ</strong></span> <span class='ocrx_word' id='word_1_753' title='bbox 2346 5123 2433 5175; x_wconf 83' lang='grc' dir='ltr'><strong>τὸν</strong></span> <span class='ocrx_word' id='word_1_754' title='bbox 2469 5121 2586 5191; x_wconf 87' lang='grc' dir='ltr'>σιδη</span> <span class='ocrx_word' id='word_1_755' title='bbox 2595 5121 2692 5193; x_wconf 87' lang='grc' dir='ltr'><strong>ρέα</strong></span> <span class='ocrx_word' id='word_1_756' title='bbox 2715 5119 2775 5172; x_wconf 88' lang='grc' dir='ltr'><strong>τὸ</strong></span> <span class='ocrx_word' id='word_1_757' title='bbox 2799 5118 2959 5190; x_wconf 79' lang='grc' dir='ltr'>ἔργον</span> <span class='ocrx_word' id='word_1_758' title='bbox 2978 5113 3142 5172; x_wconf 77' lang='grc' dir='ltr'>αὐτοῦ</span> <span class='ocrx_word' id='word_1_759' title='bbox 3164 5134 3175 5143; x_wconf 90' lang='grc'>·</span> <span class='ocrx_word' id='word_1_760' title='bbox 3205 5114 3344 5165; x_wconf 80' lang='grc' dir='ltr'>οὕτω</span> <span class='ocrx_word' id='word_1_761' title='bbox 3366 5109 3457 5164; x_wconf 71' lang='grc' dir='ltr'>καὶ</span> <span class='ocrx_word' id='word_1_762' title='bbox 3483 5111 3516 5177; x_wconf 82' lang='grc' dir='ltr'>ἡ</span> <span class='ocrx_word' id='word_1_763' title='bbox 3543 5103 3654 5159; x_wconf 85' lang='grc' dir='ltr'>κτί-</span> 
     </span>
    </p>
   </div>
   <div class='ocr_carea' id='block_1_104' title="bbox 2103 5199 3653 5285">
    <p class='ocr_par' dir='ltr' id='par_1_104' title="bbox 2103 5199 3653 5285">
     <span class='ocr_line' id='line_1_104' title="bbox 2103 5199 3653 5285; baseline -0.015 -14"><span class='ocrx_word' id='word_1_764' title='bbox 2103 5209 2301 5285; x_wconf 81' lang='grc' dir='ltr'>σις,·ἦς</span> <span class='ocrx_word' id='word_1_765' title='bbox 2329 5214 2529 5285; x_wconf 86' lang='grc' dir='ltr'>ἀρτίως</span> <span class='ocrx_word' id='word_1_766' title='bbox 2550 5211 3103 5282; x_wconf 80' lang='grc' dir='ltr'>διεμνημονεύσαμεν,</span> <span class='ocrx_word' id='word_1_767' title='bbox 3127 5207 3337 5275; x_wconf 82' lang='grc' dir='ltr'>ἄφωνος</span> <span class='ocrx_word' id='word_1_768' title='bbox 3360 5202 3474 5272; x_wconf 87' lang='grc' dir='ltr'>μὲν,</span> <span class='ocrx_word' id='word_1_769' title='bbox 3494 5199 3653 5269; x_wconf 70' lang='grc' dir='ltr'>ἤγουν</span> 
     </span>
    </p>
   </div>
   <div class='ocr_carea' id='block_1_105' title="bbox 2095 5289 3654 5377">
    <p class='ocr_par' dir='ltr' id='par_1_105' title="bbox 2095 5289 3654 5377">
     <span class='ocr_line' id='line_1_105' title="bbox 2095 5289 3654 5377; baseline -0.008 -16"><span class='ocrx_word' id='word_1_770' title='bbox 2095 5308 2318 5377; x_wconf 80' lang='grc' dir='ltr'>ἄλογος·</span> <span class='ocrx_word' id='word_1_771' title='bbox 2348 5306 2505 5360; x_wconf 76' lang='grc' dir='ltr'>λαλιὰ</span> <span class='ocrx_word' id='word_1_772' title='bbox 2536 5306 2592 5358; x_wconf 83' lang='grc' dir='ltr'><strong>δὲ</strong></span> <span class='ocrx_word' id='word_1_773' title='bbox 2621 5305 2810 5376; x_wconf 81' lang='grc' dir='ltr'>ὥσπερ</span> <span class='ocrx_word' id='word_1_774' title='bbox 2838 5303 3006 5373; x_wconf 76' lang='grc' dir='ltr'>αὐτῆς</span> <span class='ocrx_word' id='word_1_775' title='bbox 3045 5301 3106 5354; x_wconf 83' lang='grc' dir='ltr'>τὸ</span> <span class='ocrx_word' id='word_1_776' title='bbox 3157 5296 3338 5366; x_wconf 72' lang='grc' dir='ltr'><strong>Θαῦμά</strong></span> <span class='ocrx_word' id='word_1_777' title='bbox 3373 5294 3513 5355; x_wconf 72' lang='grc' dir='ltr'>ἐστι.</span> <span class='ocrx_word' id='word_1_778' title='bbox 3564 5289 3654 5341; x_wconf 69' lang='grc' dir='ltr'><strong>καὶ</strong></span> 
     </span>
    </p>
   </div>
   <div class='ocr_carea' id='block_1_106' title="bbox 2092 5450 3380 5529">
    <p class='ocr_par' dir='ltr' id='par_1_106' title="bbox 2092 5450 3380 5529">
     <span class='ocr_line' id='line_1_106' title="bbox 2092 5450 3380 5529; baseline -0.015 -13"><span class='ocrx_word' id='word_1_779' title='bbox 2092 5461 2204 5516; x_wconf 92' lang='lat' dir='ltr'><strong>lum</strong></span> <span class='ocrx_word' id='word_1_780' title='bbox 2242 5450 2447 5515; x_wconf 77' lang='lat' dir='ltr'><strong>mutata</strong></span> <span class='ocrx_word' id='word_1_781' title='bbox 2476 5468 2530 5513; x_wconf 83' lang='lat' dir='ltr'><strong>et</strong></span> <span class='ocrx_word' id='word_1_782' title='bbox 2560 5459 2806 5514; x_wconf 87' lang='lat' dir='ltr'><strong>auctiora</strong></span> <span class='ocrx_word' id='word_1_783' title='bbox 2835 5457 3099 5529; x_wconf 80' lang='lat' dir='ltr'><strong>hic_sun_t_.</strong></span> <span class='ocrx_word' id='word_1_784' title='bbox 3368 5516 3380 5528; x_wconf 42' lang='lat'><em>.</em></span> 
     </span>
    </p>
   </div>
   <div class='ocr_carea' id='block_1_107' title="bbox 2165 5509 3643 5600">
    <p class='ocr_par' dir='ltr' id='par_1_107' title="bbox 2165 5509 3643 5600">
     <span class='ocr_line' id='line_1_107' title="bbox 2165 5509 3643 5600; baseline -0.01 -15"><span class='ocrx_word' id='word_1_785' title='bbox 2165 5509 2447 5600; x_wconf 35' lang='lat' dir='ltr'><strong>(iiii-inlinie—</strong></span> <span class='ocrx_word' id='word_1_786' title='bbox 2481 5509 2909 5600; x_wconf 59' lang='grc' dir='ltr'><strong>ὶιόἷιέεέιίᾱιᾱέ</strong></span> <span class='ocrx_word' id='word_1_787' title='bbox 2939 5523 2994 5576; x_wconf 92' lang='lat' dir='ltr'><strong>in</strong></span> <span class='ocrx_word' id='word_1_788' title='bbox 3044 5516 3477 5588; x_wconf 71' lang='lat' dir='ltr'><strong>Expositionibus</strong></span> <span class='ocrx_word' id='word_1_789' title='bbox 3499 5554 3516 5585; x_wconf 85' lang='lat'><strong>,</strong></span> <span class='ocrx_word' id='word_1_790' title='bbox 3550 5509 3643 5570; x_wconf 80' lang='lat' dir='ltr'><strong>sed</strong></span> 
     </span>
    </p>
   </div>
   <div class='ocr_carea' id='block_1_108' title="bbox 2094 5599 2741 5666">
    <p class='ocr_par' dir='ltr' id='par_1_108' title="bbox 2094 5599 2741 5666">
     <span class='ocr_line' id='line_1_108' title="bbox 2094 5599 2741 5666; baseline -0.012 -10"><span class='ocrx_word' id='word_1_791' title='bbox 2094 5613 2223 5656; x_wconf 87' lang='lat' dir='ltr'><strong>sunt</strong></span> <span class='ocrx_word' id='word_1_792' title='bbox 2250 5599 2545 5653; x_wconf 88' lang='lat' dir='ltr'><strong>Athanasio</strong></span> <span class='ocrx_word' id='word_1_793' title='bbox 2559 5599 2741 5666; x_wconf 87' lang='lat' dir='ltr'><strong>digna.</strong></span> 
     </span>
    </p>
   </div>
   <div class='ocr_carea' id='block_1_109' title="bbox 2160 5657 3300 5741">
    <p class='ocr_par' dir='ltr' id='par_1_109' title="bbox 2160 5657 3300 5741">
     <span class='ocr_line' id='line_1_109' title="bbox 2160 5657 3300 5741; baseline -0.009 -19"><span class='ocrx_word' id='word_1_794' title='bbox 2160 5669 2271 5741; x_wconf 88' lang='lat'><strong>(60)</strong></span> <span class='ocrx_word' id='word_1_795' title='bbox 2301 5668 2433 5723; x_wconf 75' lang='lat' dir='ltr'><strong>Vide</strong></span> <span class='ocrx_word' id='word_1_796' title='bbox 2458 5669 2585 5724; x_wconf 88' lang='lat' dir='ltr'><strong>ibid.</strong></span> <span class='ocrx_word' id='word_1_797' title='bbox 2611 5657 2862 5736; x_wconf 76' lang='lat' dir='ltr'><strong>superius</strong></span> <span class='ocrx_word' id='word_1_798' title='bbox 2892 5662 2959 5719; x_wconf 85' lang='lat' dir='ltr'><strong>ad</strong></span> <span class='ocrx_word' id='word_1_799' title='bbox 2990 5673 3209 5716; x_wconf 83' lang='lat' dir='ltr'><strong>versum</strong></span> <span class='ocrx_word' id='word_1_800' title='bbox 3244 5657 3300 5712; x_wconf 77' lang='grc'><strong>4.</strong></span> 
     </span>
    </p>
   </div>
  </div>
