3946 6222
278 345 378 402 557

1272 342 1698 401 FRAGMENTA
1733 344 2092 400 COMMENT.
2135 343 2204 401 IN
2245 343 2586 402 ρεΑωιοε.

3420 342 3523 405 558

273 454 388 519 οἷον
408 462 561 535 φωνὴ
584 464 646 517 τὸ
670 462 861 526 κάλλος
891 463 986 516 καὶ
1011 460 1252 527 εὐταξία.
1284 463 1358 516 Τὸ
1380 462 1490 535 γὰρ
1518 463 1765 535 διήγημα
1790 463 1852 516 rb

1965 465 2219 531 stituitur,
2270 464 2495 533 loquelas
2522 475 2702 518 tamen
2733 463 2906 518 instar
2939 462 3055 533 ipsa
3073 470 3178 525 est,
3204 460 3524 516 admiranda

276 555 528 627 οὐράνιον
558 556 654 611 καὶ
685 556 747 610 τό
778 557 926 627 ῥῆμα
955 556 1014 609 τὸ
1058 556 1209 627 παρά
1240 556 1339 626 τῆς
1383 555 1597 626 ἡμέρας
1644 555 1851 627 βοώμε-

278 660 366 699 νον
396 646 549 717 φωνὴ
586 646 685 718 μὲν
716 646 974 718 ἔναρθρος
1016 647 1116 701 οὐκ
1162 646 1339 712 ἐστιν,
1386 645 1509 700 οὔτε
1560 647 1720 701 λαλιὰ
1765 647 1853 701 διὰ

278 738 546 808 πόματος
564 756 577 769 ’
609 739 922 793 διδασκαλία
940 739 996 792 δὲ
1021 739 1167 805 Θείας
1194 740 1475 811 δυνάμεως
1508 740 1716 809 γίνεται
1742 743 1854 805 τοῖς

278 830 493 884 ἐπαΐειν
517 832 904 901 ἐπισταμένοις
930 829 1219 900 σιωπώσης
1240 831 1442 902 φωνῆς.
1470 831 1617 901 Πλὴν
1642 831 1852 900 ἄφωνον

276 918 375 989 τὴν
411 919 589 972 κτίσιν
640 920 810 973 εἰπὼν
847 923 875 974 ό
903 920 1084 983 Δαυῒδ,
1109 921 1419 991 ἀπέφηνεν,
1453 922 1533 974 ὄτι
1575 924 1711 993 μήτε
1749 922 1850 993 ἔμ-

278 1024 464 1073 πνους,
507 1011 643 1079 μήτε
686 1009 899 1081 λογικὴ,
948 1010 1089 1062 κατὰ
1114 1010 1181 1062 ’τὸ
1213 1009 1403 1063 δοκοῦν
1434 1012 1546 1073 τοῖς
1587 1009 1851 1080 Ἐλλήνων

278 1108 484 1173 σοφοῖς.
508 1104 652 1158 Ζῶον
684 1104 793 1176 γὰρ
820 1101 959 1158 εἷναί
994 1121 1157 1173 φασιν
1181 1103 1239 1157 ἓν
1268 1104 1359 1157 τὸν
1406 1103 1696 1175 σύμπαντα
1724 1102 1851 1157 τοῦ-

275 1212 365 1251 τον
386 1196 624 1269 κόσμονο
658 1197 771 1262 ζῶα
790 1198 849 1250 δὲ
881 1198 1079 1269 ὁμοίως
1108 1198 1201 1251 καὶ
1225 1198 1295 1251 τά
1329 1198 1490 1269 μέρη,
1520 1198 1579 1262 ἐξ
1608 1191 1683 1251 ὧν
1715 1215 1854 1268 συμ-

280 1289 608 1361 πληροῦται.

1963 557 2138 627 ipsius
2171 556 2509 626 magnitudo,
2540 571 2753 627 voxque
2782 564 2867 612 est
2921 550 3121 610 eximia
3179 554 3354 625 ipsius
3407 556 3561 623 pulv;

1961 648 2212 703 chritudo
2259 658 2313 702 et
2369 648 2778 703 ordinatissima
2847 647 3156 718 dispositio.
3243 630 3559 701 C(elorum"

1960 756 2196 811 namque
2240 742 2504 804 narratio,
2557 742 2849 811 verbaque,
2902 756 3025 810 quae
3070 740 3187 795 dies
3233 739 3476 810 loquitur
3509 734 3554 801 ,⁸

1963 832 2314 901 quantumvis
2362 843 2468 887 no‘n
2515 843 2764 887 constent
2817 847 2950 887 voce
3008 833 3312 895 articulata,
3351 848 3528 901 neque

1962 923 2094 978 ﬁant
2133 924 2434 978 ministerio
2483 925 2636 989 oris;
2687 923 2882 978 docent
2914 934 3093 978 tamen
3132 925 3373 979 divinam
3430 940 3529 993 po-

1960 1016 2184 1071 tentiam
2224 1032 2338 1080 eos,
2373 1016 2467 1081 qui
2498 1031 2681 1071 vocem
2714 1024 2919 1071 mutam
2977 1016 3166 1070 audire
3209 1032 3279 1070 ac
3326 1017 3525 1072 intelli-

1962 1122 2089 1179 gere
2126 1118 2347 1163 norunt.
2385 1107 2709 1178 Quanquam
2736 1111 2899 1164 etiam
2934 1109 3039 1163 hoc
3064 1109 3300 1163 asseruit
3331 1106 3526 1169 David,

1963 1216 2086 1255 cum
2120 1210 2329 1256 mutam
2361 1203 2565 1257 diceret
2589 1211 2917 1265 creaturam,
2948 1202 3094 1271 quod
3129 1202 3389 1256 nimirum
3427 1216 3526 1255 ne-

1963 1307 2070 1361 que
2108 1293 2368 1357 animata,
2402 1309 2578 1363 neque
2636 1293 2918 1348 rationalis
2953 1294 3065 1357 sit,
3104 1302 3163 1346 ut
3210 1293 3523 1347 Graecorum

278 1386 615 1456 sapientibus
661 1387 853 1457 placet.
913 1386 979 1441 IIi
1012 1387 1270 1457 :‘namque
1321 1386 1522 1440 animal
1563 1387 1840 1457 quoddam
1881 1403 2050 1441 unum
2086 1403 2209 1443 esse
2234 1388 2425 1442 dicunt
2459 1389 2772 1444 universum
2815 1389 2963 1443 hunc
3007 1388 3299 1441 mundum:
3338 1387 3529 1441 imoet

285 1487 469 1534 Wartes
501 1478 729 1548 ejus,‘ex
766 1481 966 1551 quibus
1015 1489 1251 1545 constat,
1284 1480 1542 1533 animalia
1574 1480 1911 1535 existimant.

1504 1589 1642 1646 Item
1674 1593 1730 1646 in
1772 1592 1987 1647 titulum
2018 1593 2158 1663 psal.
2191 1608 2305 1648 ιιι.

346 1711 461 1783 (61)
512 1714 615 1778 Εἰς
652 1711 719 1766 τὸ
768 1710 943 1776 τέλος
992 1711 1087 1765 καὶ
1128 1703 1279 1776 οὗτος
1329 1713 1357 1765 ό
1400 1709 1613 1781 ψαλμδς
1657 1710 1845 1779 ἐπιγέ-

2022 1711 2316 1783 Inscriptio
2343 1715 2505 1769 etiam
2532 1712 2699 1784 huius
2727 1716 2922 1785 psalmi
2953 1724 3058 1781 est,
3092 1713 3157 1768 In
3188 1714 3365 1784 ﬁnem,
3394 1714 3524 1783 quia

273 1820 542 1876 γραπται,
580 1804 880 1876 μελλόντων
904 1805 1065 1858 τινῶν
1088 1803 1225 1875 ἔχων
1247 1805 1666 1876 προαγόρευσιν.
1698 1804 1854 1858 Κατὰ

286 1898 396 1969 γάρ
424 1897 517 1949 τὸν
550 1898 721 1967 μέγαν
752 1896 1088 1960 ’Δθανάσιον,
1114 1896 1330 1965 λέγεται
1364 1897 1462 1968 μὲν
1482 1899 1510 1951 ό
1539 1896 1751 1967 ψαλμὸς
1774 1897 1849 1961 ὡς

278 1990 342 2042 ἐκ
371 1987 666 2060 προσώπου
693 1988 800 2041 τῶν
835 1989 963 2059 περ)⁸
986 1988 1076 2043 τὸν
1108 1989 1271 2043 Δαυῒδ
1302 1989 1553 2061 ἑταίρων,
1590 1988 1738 2060 αὐτῷ
1776 1988 1855 2058 τῷ

278 2078 440 2133 Δαυῒδ
472 2079 853 2151 ἐπευχομένων
878 2079 1118 2133 ποιοῦντι
1149 2078 1338 2133 θυσίαν
1375 2097 1388 2109 ·
1427 2079 1758 2151 ἀναφέρεται
1797 2079 1855 2132 δὲ

281 2172 374 2225 καὶ
406 2174 489 2236 εἰς
513 2174 805 2243 πρόσωπον
835 2173 943 2225 τῶν
977 2173 1314 2237 ἀποστόλων,
1336 2172 1412 2237 ὡς
1441 2173 1498 2225 ὲν
1543 2172 1727 2243 ἡμέρα
1757 2170 1852 2224 τοῦ

279 2264 516 2336 σταυροῦ
544 2263 624 2335 τῷ
650 2264 871 2335 Χριστῷ
894 2264 1323 2335 συνευχομένων.

1964 1804 2272 1861 futurorum
2353 1807 2716 1876 quorumdam
2775 1808 3182 1877 praedictionem
3255 1807 3522 1861 continet.

1962 1895 2097 1949 Nam
2156 1896 2456 1952 secundum
2487 1913 2744 1968 magnum
2775 1898 2928 1951 illum
2977 1897 3361 1960 Athanasium,
3398 1897 3528 1950 dici-

1963 1999 2054 2044 tur
2099 1990 2186 2044 hic
2241 1990 2483 2059 psalmus
2544 1990 2597 2043 in
2657 2005 2888 2059 persona
2926 1990 3227 2044 amicorum
3282 1987 3524 2048 Davidis.

1962 2082 2067 2151 ipsi
2117 2081 2451 2136 sacriﬁcanti
2508 2082 2802 2136 astantium
2862 2082 3108 2151 beneque
3161 2080 3523 2150 precantium.

1961 2172 2173 2228 Referri
2195 2182 2373 2227 tamen
2406 2181 2583 2241 potest
2606 2174 2769 2227 etiam
2798 2172 2865 2225 ad
2893 2172 3191 2241 apostolos,
3222 2172 3314 2240 qui
3367 2170 3528 2224 Chri-

1960 2273 2066 2326 sto,
2106 2278 2229 2318 cum
2256 2260 2683 2332 crucifigeretur,
2718 2276 2906 2332 preces
2936 2276 3065 2317 suas
3107 2260 3524 2330 coujungebant.

830 2377 900 2432 Et
924 2371 980 2432 in
1014 2379 1152 2449 psal.
1191 2395 1362 2435 xxvut
1389 2379 1499 2433 hare
1538 2380 1714 2441 verba,
1754 2397 1772 2430 ι
1808 2376 1879 2430 Et
1909 2385 2141 2431 conteret
2169 2375 2348 2430 cedros
2388 2373 2602 2442 Libani,
2632 2393 2652 2426 ι
2680 2384 2809 2440 etc.,
2840 2391 2887 2429 υ.
2921 2374 2970 2428 5.

343 2494 456 2567 (62)
480 2495 642 2550 Κατά
673 2496 729 2550 δὲ
756 2497 847 2551 τὸν
890 2486 1075 2567 μέγαν
1102 2495 1438 2561 Ἀθανάσιον,
1467 2496 1646 2567 κέδροι
1686 2495 1854 2549 Λιϐά-

276 2605 365 2642 νου
399 2590 450 2642 οἱ
480 2588 673 2660 ὑψηλοὶ
703 2588 795 2642 τοῦ
840 2588 950 2642 τῶν
991 2588 1257 2642 Ἰουδαίων
1298 2586 1452 2651 λαοῦ,
1498 2586 1583 2640 διὰ
1614 2586 1677 2639 τὸ
1719 2586 1854 2640 ὣνο-

280 2677 487 2747 μάσθαι
542 2677 801 2742 πολλάκις
843 2679 901 2731 ἐν
931 2680 998 2750 τῇ
1051 2678 1170 2750 θεία
1220 2677 1412 2749 Γραφῇ
1462 2677 1693 2732 Λίϐανον
1753 2678 1852 2748 τὴν

285 2768 665 2842 Ἰερουσαλήμ.
710 2771 768 2823 ’0
811 2770 868 2823 δὲ
912 2771 1110 2842 μόσχος
1148 2769 1210 2822 τὸ
1249 2768 1633 2840 θυσιαστήριον
1680 2768 1847 2840 δηλοῖ.

276 2859 661 2929 Συντρίὸονται
689 2856 782 2915 οὖν
807 2861 959 2916 αὐτοί
991 2879 1051 2915 τε
1073 2862 1165 2915 καὶ
1194 2860 1256 2914 τὸ
1274 2862 1404 2933 παρ’
1436 2860 1620 2923 αὐτοῖς
1644 2862 1723 2924 εἰς
1762 2852 1851 2912 τέ-

276 2948 366 3015 λος
399 2950 808 3025 θυσιαστήριον.

2032 2494 2101 2549 At
2132 2493 2431 2550 secundum
2460 2508 2718 2560 magnum
2753 2491 3128 2555 Athanasium,
3158 2491 3303 2546 cedri
3328 2486 3527 2546 Libani

1966 2587 2222 2643 dicuntur
2252 2587 2637 2640 eminentiores
2670 2586 2726 2638 in
2756 2585 2956 2653 populo
2981 2582 3226 2648 Iudaico,
3254 2599 3319 2638 eo
3377 2596 3525 2653 quoa

1960 2678 2265 2735 Jerusalem
2293 2695 2533 2750 persaepe
2573 2676 2811 2733 Libanus
2849 2689 3072 2733 vocetur
3100 2679 3154 2731 in
3186 2694 3341 2732 sacra
3368 2676 3525 2734 'Scrie

1960 2783 2141 2846 ptura.
2179 2773 2393 2828 Vitulus
2430 2789 2560 2827 vero
2610 2770 2881 2841 significat
2929 2773 3116 2825 altare.
3151 2770 3523 2826 Conteruntur

1968 2865 2136 2936 igitur
2164 2865 2220 2919 in
2253 2863 2414 2920 ﬁnem
2445 2873 2499 2919 et
2532 2864 2634 2934 ipsi
2661 2862 2831 2918 Judaei
2866 2874 3132 2919 eteorum
3174 2864 3363 2918 altare.

625 3070 695 3123 At
716 3071 768 3123 in
795 3070 933 3141 psal.
965 3087 1152 3137 xxxw,
1187 3071 1342 3125 verba
1379 3072 1505 3138 ista,
1540 3088 1560 3122 ι
1596 3068 1663 3124 Et
1695 3073 1867 3124 oratio
1897 3086 2012 3123 mea
2041 3069 2097 3123 in
2116 3068 2291 3122 sinum
2330 3084 2522 3132 meum,
2556 3084 2575 3116 ι
2606 3077 2732 3131 etc.,
2773 3068 3014 3135 adnotat,
3045 3086 3092 3123 υ.
3123 3069 3209 3123 15.

346 3186 461 3259 (63)
504 3185 664 3241 Κατά
696 3186 753 3240 δὲ
798 3187 891 3241 τὸν
919 3186 1062 3241 θεῖον
1115 3187 1450 3254 Ἀθανάσιον,
1484 3190 1544 3242 τὸ
1576 3190 1854 3259 ἀποστρα-

2033 3185 2344 3240 Secundum
2373 3200 2503 3239 vero
2536 3184 2721 3239 divum
2775 3185 3152 3250 Athanasium,
3192 3184 3337 3254 quod
3366 3184 3527 3239 Chri-

277 3279 445 3350 φῆναι
477 3281 559 3342 είς
606 3279 803 3333 κόλπον
833 3280 932 3351 τὴν
978 3280 1120 3353 ὑπὲρ
1162 3282 1431 3335 Ἰουδαίων
1476 3281 1571 3334 τοῦ
1613 3280 1850 3352 Χριστοῦ

277 3372 587 3444 προσευχὴν
622 3374 953 3444 σημαντικὸν
983 3374 1049 3427 ἂν
1074 3373 1159 3445 εἴη
1194 3373 1288 3426 τοῦ
1317 3376 1666 3445 ὲναπομεῖναι
1708 3372 1855 3426 ὲκεί-

1960 3279 2028 3334 sti
2061 3278 2301 3349 precatio
2327 3292 2427 3347 pro
2462 3275 2664 3331 Iudaeis
2718 3278 2773 3331 in
2826 3278 3007 3332 sinum
3041 3278 3160 3347 ejus
3215 3279 3525 3337 revertitur,

1962 3372 2193 3425 denotat
2221 3385 2315 3425 eos
2345 3377 2568 3439 peccato
2598 3384 2697 3423 suo
2716 3366 3042 3433 'immanere,
3075 3386 3177 3425 nec
3228 3370 3526 3440 quidquam

279 3481 402 3530 νους
431 3468 497 3536 τῇ
531 3466 796 3537 ἁμαρτία,
831 3466 927 3519 καὶ
959 3467 1126 3538 μηδὲν
1162 3467 1545 3537 ὠφεληθῆναι,
1576 3469 1644 3538 τῇ
1688 3467 1854 3536 ὑπερ-

1965 3462 2137 3531 iuvari
2170 3478 2234 3516 eo
2261 3461 2405 3531 quod
2452 3461 2679 3515 insania:
2705 3478 2818 3516 sua:
2846 3463 3228 3532 exsuperantia
3262 3461 3523 3523 efliciuut,

280 3553 409 3627 ϐολῇ
440 3555 543 3625 τῆς
571 3556 828 3618 ἀπονοίας
848 3557 946 3628 τὴν
980 3558 1287 3630 προσευχὴν
1320 3557 1508 3631 ὥσπερ
1536 3556 1857 3628 ἀνακάμψαι

284 3649 635 3716 ποιήσαντας.
683 3647 742 3701 '0
773 3649 870 3718 μὲν
903 3649 1010 3721 γάρ
1038 3650 1261 3721 Κύριος,
1313 3648 1532 3721 θεωρῶν
1562 3650 1654 3702 τὸν
1688 3666 1858 3702 κατα-

284 3734 586 3806 ληψόμενον
618 3742 813 3803 αὐτοὺς
852 3741 1076 3815 ὄλεθρον
1102 3783 1117 3806 ,
1171 3746 1266 3797 καὶ
1315 3742 1413 3813 τὴν
1470 3743 1702 3814 ἐσχάτην
1751 3744 1856 3796 ἀπ-

285 3826 502 3893 ώλειαν,
540 3832 753 3887 ἐπένθει
785 3834 926 3905 ὑπὲρ
955 3834 1134 3888 αὐτῶν
1167 3852 1181 3866 ·
1214 3836 1261 3886 οἱ
1291 3835 1348 3888 δὲ
1376 3834 1601 3887 τοιαῦτα
1657 3834 1856 3905 ἔπρατ-

285 3936 393 3982 τον,
418 3919 495 3983 ὡς
521 3920 620 3993 τὴν
657 3924 820 3995 εὐχὴν
850 3926 1013 3979 αὑτοῦ
1043 3927 1143 3997 τὴν
1184 3927 1322 3996 ὑπὲρ
1350 3925 1531 3979 αὐτῶν
1566 3926 1640 3997 μὴ
1671 3943 1850 3999 παρα-

287 4011 596 4082 πέμπεσθαι
628 4018 707 4080 et;
738 4018 805 4071 τὰ
846 4012 962 4074 ὦτα
1007 4020 1103 4074 τοῦ
1136 4020 1369 4092 Πατρὸς,
1403 4018 1518 4072 ἀλλ’
1547 4018 1735 4089 ὥσπερ
1764 4020 1856 4071 ἀν-

284 4102 677 4173 τικρουομὲνην
703 4105 807 4159 ὑπὸ
838 4108 930 4161 τοῦ
980 4109 1242 4180 μεγέθους
1289 4109 1390 4180 τῆς
1449 4107 1629 4161 αὐτῶν
1665 4107 1855 4160 δυσσε-

286 4189 455 4255 ϐείας,
492 4193 851 4250 καθέλκεσθαι
881 4198 973 4251 καὶ
1003 4198 1429 4269 ἐπαναστρέφειν
1486 4197 1621 4268 πρὸς
1671 4197 1851 4250 αὐτόν.

285 4283 373 4336 Διὸ
400 4282 554 4353 ἔλεγε
583 4300 599 4314 ·
629 4288 741 4341 Καὶ
770 4289 808 4356 ἠ
839 4288 1146 4360 προσευχὴ
1195 4308 1316 4359 μου
1342 4292 1430 4356 εις
1460 4290 1693 4343 κόλπον
1733 4306 1853 4358 μου

284 4373 832 4446 ἀποστραφήσεται.
862 4381 925 4434 Εἰ
957 4382 1067 4452 γὰρ
1097 4381 1361 4447 σώζεσθαι
1392 4380 1613 4453 ἔμελλον
1635 4380 1729 4435 καὶ
1765 4396 1856 4451 με·

282 4467 533 4529 πόαλείν
558 4471 665 4523 τῶν
692 4465 1074 4544 ἀσεϐημάτων,
1111 4473 1518 4546 εὐθυδρομοῦσα
1557 4474 1591 4543 ἡ
1620 4488 1852 4542 προσευ-

1958 3563 2021 3609 ut
2048 3569 2237 3624 preces
2279 3552 2482 3607 Christi
2517 3553 2675 3622 quasi
2716 3565 3016 3610 retrorsum
3043 3553 3358 3609 ﬂectantur.
3411 3554 3523 3608 Do-

1957 3647 2141 3701 minus
2169 3645 2336 3710 enim,
2368 3660 2493 3700 cum
2527 3645 2827 3700 intueretur
2873 3655 3169 3701 extremam
3228 3645 3524 3715 perniciem

1957 3751 2079 3808 quae
2113 3737 2261 3807 ipsos
2291 3738 2754 3806 comprehensura
2775 3746 2912 3801 erat,
2938 3752 3174 3792 maerore
3208 3738 3409 3807 ingenti
3433 3752 3527 3791 eo-

1959 3843 2081 3882 rum
2111 3844 2279 3883 causa
2309 3829 2641 3883 adiciebatur
2678 3849 2692 3884 :
2730 3830 2832 3899 ipsi
2857 3844 2987 3884 vero
3015 3829 3142 3883 talia
3185 3829 3435 3899 agebant,
3466 3839 3528 3880 ut

1957 3936 2148 3990 preces
2180 3920 2385 3976 Christi
2414 3936 2511 3991 pro
2562 3922 2695 3991 ipsis
2729 3923 3047 3991 neutiquam
3090 3921 3525 3975 transmittere"-

1959 4020 2047 4065 tur
2066 4012 2133 4065 ad
2163 4027 2324 4066 aures
2355 4027 2525 4081 usque
2552 4009 2750 4075 Patris,
2778 4012 2871 4066 sed
2902 4025 3231 4079 repercussae
3260 4015 3527 4080 quodam—

1957 4104 2122 4158 modo
2171 4119 2204 4158 a
2236 4104 2609 4175 magnitudine
2653 4103 2944 4173 impietatis
2984 4105 3225 4173 ipsorum
3281 4104 3527 4157 retrahe-

1956 4204 2146 4250 rentur
2177 4210 2243 4249 ac
2282 4204 2682 4250 reverterentur
2715 4196 2780 4249 ad
2813 4193 3124 4250 Dominum.
3162 4193 3398 4265 Ideoque
3422 4193 3527 4247 aie-

1961 4289 2058 4344 bat
2091 4307 2103 4341 :
2141 4286 2209 4341 Et
2239 4290 2409 4342 oratio
2438 4305 2553 4342 mea
2580 4290 2638 4341 in
2665 4288 2841 4340 sinum
2866 4303 3036 4341 meum
3060 4296 3361 4340 revertetur.
3386 4284 3524 4341 Nam

1958 4382 2006 4435 si
2030 4381 2276 4436 salvandi
2310 4380 2542 4437 fuissent
2582 4392 2637 4437 et
2683 4382 2753 4436 ab
2803 4380 3082 4451 impietate
3114 4379 3465 4435 convertendi
3500 4420 3518 4443 ,

1956 4473 2272 4528 transiisset
2301 4473 2489 4544 utique
2538 4476 2785 4544 precatio
2821 4474 3123 4529 Salvatoris
3152 4482 3301 4528 recto
3332 4488 3521 4534 cursu.

282 4560 348 4631 χὴ
367 4560 464 4614 τοῦ
495 4562 750 4635 Σωτῆρος
802 4566 1094 4630 ἀκωλύτως
1144 4566 1209 4620 ἂν
1254 4567 1348 4619 καὶ
1393 4564 1851 4636 ἀπαραποδεστως

1965 4575 2128 4635 atque
2156 4579 2187 4619 a
2214 4566 2430 4621 nemine
2459 4567 2717 4637 impedita
2749 4566 2815 4621 ad
2842 4580 3004 4620 aures
3050 4580 3222 4635 usque
3268 4574 3526 4634 paternas

281 4653 372 4707 ἐπὶ
404 4654 477 4709 τὰ
506 4650 620 4710 ὦτα
651 4658 720 4711 τὰ
754 4658 996 4730 πατρικὰ
1026 4659 1246 4732 παρῄει.

1958 4654 2300 4709 accessisset.

931 4772 995 4827 1η
1021 4774 1157 4845 psal.
1188 4789 1393 4829 xxxvtn
1423 4768 1599 4837 verba,
1638 4790 1658 4824 ‹
1694 4766 1885 4841 Utique
1920 4770 1977 4822 in
2010 4769 2242 4840 imagine
2264 4770 2503 4825 ambulat
2529 4770 2704 4834 homo,
2737 4789 2755 4822 ι
2785 4788 2833 4824 υ.
2865 4771 2920 4825 7.

352 4885 464 4955 (65)
490 4887 647 4941 Κατά
673 4888 731 4941 δὲ
763 4890 887 4953 τοὺς
914 4890 1054 4943 πάνυ
1095 4888 1409 4944 Ἀθανάσιον
1432 4890 1528 4943 καὶ
1558 4888 1849 4959 Κύριλλονο

296 4972 512 5051 Ἐπειδὴ
544 4981 606 5033 ἐν
627 4980 796 5034 εἰκόνι
826 4983 919 5035 καὶ
945 4982 1043 5035 οὐκ
1069 4985 1128 5035 ἐν
1155 4983 1382 5053 ἀληθεία
1400 4982 1495 5035 νῦν
1528 4980 1850 5052 διαπορεύε-

285 5080 375 5117 ται
401 5063 431 5114 ό
459 5069 742 5138 ἄνθρωπος
762 5088 775 5100 ⁸
807 5074 841 5141 ὴ
871 5072 981 5143 γὰρ
1012 5072 1217 5143 ἀληθὴς
1258 5071 1371 5144 ζωὴ
1419 5073 1560 5126 κατὰ
1591 5073 1682 5124 τὸν
1724 5070 1852 5142 μελ-

287 5152 440 5209 λοντα
465 5158 640 5213 αἰῶνά
657 5163 802 5213 ἐστιν
822 5178 835 5190 ο
862 5163 1084 5226 εἰκότως
1111 5164 1141 5216 ό
1164 5163 1382 5232 ψάλλων
1405 5165 1506 5236 τὴν
1527 5165 1712 5218 είκόνα
1750 5182 1854 5234 μα-

285 5245 540 5317 ταιότητα
586 5252 905 5320 προσεῖπεν.
944 5253 1159 5324 Ἐπειδὴ
1205 5254 1266 5306 οὐ
1307 5255 1405 5324 τὴν
1439 5255 1699 5326 ἀληθινὴν
1754 5254 1851 5307 νῦν

289 5335 466 5407 ζῶμεν
499 5337 668 5407 ζωὴν,
714 5341 851 5395 ἀλλά
881 5342 979 5414 τὴν
1019 5343 1096 5407 ὡς
1135 5346 1192 5398 ἐν
1224 5346 1414 5406 εἰκόνι,
1449 5346 1570 5399 οὑδὲ
1602 5347 1731 5418 περὶ
1782 5347 1853 5401 τὰ

287 5426 446 5493 ὅντως
469 5428 653 5498 ἀγαθά
682 5433 982 5500 ποιούμεθα
1006 5435 1105 5506 τὴν
1136 5438 1389 5508 σπουδὴν,
1422 5439 1501 5491 διὸ
1548 5439 1725 5509 μάτην
1756 5456 1852 5491 τα-

377 5607 465 5683 fil)
490 5607 593 5683 _I‘_Is_t
619 5618 1001 5683 argumentum
1024 5614 1222 5683 psalm.
1256 5631 1367 5669 xu.

376 5678 464 5745 62)
489 5679 733 5747 Uabetur
759 5680 887 5733 ibid.

376 5749 465 5819 65)
490 5749 620 5805 Haec
646 5748 917 5804 habentur
938 5751 1153 5820 ibidem,
1180 5755 1274 5809 sed
1302 5754 1472 5810 multo
1507 5754 1782 5825 pauciora.

2035 4887 2312 4944 Sententia
2361 4904 2493 4946 vero
2545 4905 2865 4961 magnorum
2912 4890 3196 4948 Athanasii
3237 4901 3290 4948 et
3338 4890 3528 4959 Cyrilli

1961 4980 2079 5035 haec
2111 4991 2233 5034 est:
2269 4979 2721 5051 Quandoquidem
2756 4983 2918 5036 homo
2961 5000 3106 5038 nunc
3138 5001 3245 5041 non
3290 4984 3344 5038 in
3378 4986 3528 5039 veri-

1956 5081 2085 5136 tate,
2125 5072 2220 5127 sed
2251 5073 2305 5126 in
2334 5072 2571 5145 imagine
2597 5073 2946 5137 incedit,vita
2975 5075 3121 5129 enim
3153 5090 3279 5129 vera
3304 5074 3524 5127 demum

1956 5166 2012 5217 in
2044 5163 2228 5219 futuro
2258 5164 2365 5218 erit
2396 5164 2618 5228 saeculo,
2653 5164 2856 5219 idcirco
2896 5163 3150 5221 fortassis
3176 5165 3389 5219 Psaltes
3432 5180 3527 5217 va-

1956 5258 2178 5312 nitatem
2209 5256 2498 5327 appellavit
2527 5256 2843 5326 imaginem.
2875 5254 3013 5322 Quia
3048 5272 3176 5325 ergo
3205 5271 3310 5307 non
3339 5270 3521 5309 veram

1955 5349 2046 5404 hic
2072 5349 2312 5403 vivimus
2339 5349 2530 5409 vitam,
2589 5349 2684 5403 sed
2736 5348 2918 5409 talem,
2954 5362 3075 5414 qua:
3118 5354 3203 5399 est
3255 5344 3410 5414 quasi
3467 5346 3523 5398 in

1956 5441 2212 5511 imagine,
2240 5455 2418 5510 neque
2449 5440 2598 5495 circa
2629 5455 2757 5494 vera
2790 5440 2929 5493 bona
2963 5451 3267 5498 versamur,
3320 5435 3522 5491 idcirco

2028 5623 2138 5748 £64)
2170 5624 2503 5692 Expressum
2540 5637 2606 5677 ex
2643 5618 3087 5687 interpretatione
3142 5618 3305 5673 hu'us
3347 5616 3520 5673 versi-

2049 5712 2084 5748 I.
2120 5710 2304 5748 sunra.

1956 5710 2084 5761 cun,
2120 5710 2304 5763 supra.
