3946 6222
403 359 506 415 559

1236 355 1300 416 S.
1337 354 1706 414 ATHANASII
1743 358 1894 415 OPP.
1937 356 2117 415 PARS
2155 357 2243 414 lll.
2285 388 2357 399 -—
2394 354 2802 412 EXEGETICA.

3540 357 3645 416 566

415 479 617 534 frustra
648 478 1038 533 conturbamur
1085 474 1228 531 circa
1256 476 1530 531 mundana
1572 476 1841 532 desideria
1873 492 1972 533 nos

2079 476 2391 547 ρασσόμεθα
2437 474 2565 544 περὶ
2598 470 2868 544 κοσμικὰς
2920 470 3218 543 ἐπιθυμίας
3264 468 3644 542 στρεφόμενοι,

418 569 714 636 volventes,
741 585 804 625 ac
835 577 1187 639 congerentes
1237 567 1547 632 thesauros,
1578 583 1813 637 quorum
1868 568 1973 622 hae-

408 659 564 716 redcs
587 658 801 717 futuros
835 659 1244 719 nonnovimus.

2078 571 2170 623 καὶ
2202 569 2527 637 συνάγοντες
2565 567 2870 640 θησαυροὺς
2906 558 2982 619 ὧν
3028 565 3128 618 οὐκ
3161 566 3319 636 ῐσμεν
3357 562 3486 626 τοὺς
3526 561 3646 616 δια·-

2079 661 2287 731 δόχους.

1108 776 1173 831 In
1204 777 1302 831 illa
1329 778 1483 833 verba
1509 778 1649 848 psal.
1686 792 1797 842 XLI,
1831 796 1849 829 ι
1891 777 2347 845 Quemadmodum
2378 780 2643 834 desiderat
2681 794 2878 834 cervus.
2911 796 2931 831 ι

476 896 547 951 At
577 896 875 951 secundum
906 909 1132 966 magnos
1160 894 1521 950 Athanasium
1560 903 1616 949 et
1656 892 1921 966 Cyrillum
1955 914 1968 948 :

407 988 545 1055 Quia
580 988 639 1068 _in
671 990 920 1059 proxime
959 988 1295 1058 praecedente
1341 986 1553 1057 psalmo
1609 1001 1677 1041 ex
1736 1002 1968 1056 persona

404 1079 607 1134 Christi
640 1081 707 1135 ad
755 1079 972 1135 Patrem
1021 1080 1136 1134 haec
1168 1079 1312 1134 dicta
1344 1087 1472 1134 sunt
1502 1096 1515 1132 :
1553 1076 1747 1132 Excita
1785 1094 1887 1145 me,
1921 1086 1970 1132 et

404 1175 693 1227 retribuam
723 1173 852 1242 ipsis
888 1173 956 1240 ",
987 1172 1191 1227 idcirco
1226 1171 1315 1226 hic
1368 1170 1651 1227 Christum
1685 1171 1836 1226 cruci
1892 1169 1970 1225 af-

402 1267 685 1337 iigentium
749 1283 980 1339 persona
1024 1267 1338 1333 inducitur,
1396 1265 1490 1336 qui
1556 1264 1970 1321 intolerabiliter

402 1359 755 1424 laborabant;
789 1377 913 1415 eum
937 1358 1289 1415 manifestum
1324 1357 1415 1424 sit,
1438 1374 1534 1414 eos
1562 1358 1777 1414 tandem
1811 1375 1969 1414 assu-

401 1451 628 1506 mendos
660 1466 801 1515 esse,
860 1452 1114 1516 insertos,
1158 1460 1218 1505 ut
1270 1450 1347 1504 ait
1396 1449 1600 1506 Paulus
1627 1452 1695 1516 ”,
1734 1452 1969 1522 propria:

384 1542 548 1599 olere.
584 1543 692 1598 Ista
732 1544 895 1614 igitur
918 1542 1085 1598 Israel
1114 1543 1439 1613 resipiscens
1467 1543 1727 1614 loquitur.

2078 886 2266 967 E(65)
2298 896 2454 950 Κατὰ
2478 895 2535 948 δὲ
2582 895 2706 959 τοὺς
2739 895 3005 967 μεγάλους
3052 894 3366 950 ’Δθανάσιον
3398 894 3490 950 καὶ
3532 890 3646 948 Κόι

2082 988 2278 1062 ριλλον·
2317 988 2577 1059 Ἐπείπερ
2623 989 2680 1041 ἐν
2712 987 2790 1059 τῷ
2831 988 2938 1059 πρὸ
2975 987 3166 1042 τούτου
3210 986 3410 1060 ψαλμῷ
3448 988 3512 1040 ἐκ
3550 985 3643 1040 τοῦ

2077 1084 2330 1155 Σωτῆρος
2352 1082 2486 1155 πρὸς
2513 1082 2601 1136 τὸν
2624 1082 2843 1153 Πατέρα
2861 1082 3073 1154 εἴρηται
3097 1099 3111 1113 ⁸
3154 1080 3523 1151 Ἀνάστησώρ
3544 1098 3643 1151 με,

2077 1177 2175 1231 καὶ
2208 1174 2607 1230 ἀνταποδώσω
2636 1175 2859 1241 αὐτοῖς,
2908 1175 3002 1229 νῦν
3042 1175 3102 1229 τὸ
3143 1175 3254 1230 τῶν
3307 1175 3648 1249 ἐσταυρωκό-

2076 1287 2184 1324 των
2214 1269 2494 1323 ὑπόκειται
2520 1268 2829 1339 πρόσωπον,
2868 1268 2916 1321 οἳ
2950 1269 3280 1325 πεπόνθασιν
3313 1271 3592 1342 ἀνήκεστα
3626 1308 3644 1335 ,

2079 1359 2343 1434 προδήλου
2362 1362 2534 1429 ὄντος,
2562 1362 2636 1425 ὡς
2660 1361 2883 1434 ὕστερον
2903 1363 3432 1435 προσληφθήσονται,
3462 1365 3649 1431 ἐγκεν-

2077 1455 2407 1528 τρισθέντες,
2442 1454 2518 1519 ὥς
2552 1473 2684 1527 φησι
2726 1456 2958 1521 Παῦλος,
3004 1460 3070 1529 τῇ
3109 1456 3214 1530 ἰδίᾳ
3255 1455 3433 1528 ἐλαία.
3463 1457 3647 1511 Μετα-

2077 1544 2365 1614 γινώσκων
2398 1542 2489 1600 οὖν
2514 1548 2542 1600 ὁ
2587 1546 2798 1618 Ἰσραὴλ
2822 1546 2995 1602 ταῦτά
3018 1564 3222 1617 φησιν..

1030 1654 1119 1711 Sic
1147 1673 1204 1710 ιη
1239 1673 1413 1711 versus
1440 1664 1699 1711 scorteum
1732 1658 1906 1725 verba,
1943 1677 1962 1711 ‹
1995 1657 2175 1715 Silivit
2198 1660 2379 1714 anima
2410 1676 2524 1714 mea
2548 1660 2618 1713 ad
2645 1660 2953 1716 Dominum.
2991 1679 3011 1713 ι

452 1771 752 1825 'Atnanasri
768 1779 816 1824 et
851 1756 1061 1841 Cyr-illi.
1093 1770 1541 1841 Quandoquidem
1572 1772 1665 1842 qui
1690 1770 1967 1828 Christum

2105 1776 2125 1783 ’
2151 1776 2510 1832 Ἀθανασίου
2553 1777 2652 1832 καί
2699 1778 3027 1846 Κυρίλλου.
3072 1776 3387 1847 Ἀλγοῦντες
3437 1776 3533 1831 ἐπὶ
3579 1779 3645 1850 τῇ

399 1864 453 1917 in
475 1878 693 1919 crucem
729 1863 983 1929 tulerant,
1020 1862 1207 1918 dolent
1257 1864 1324 1918 de
1354 1879 1454 1918 suo
1485 1879 1617 1918 casu
1671 1879 1735 1919 ac
1774 1866 1964 1935 resipi-

391 1964 575 2019 scunt,
614 1955 814 2011 idcirco
852 1955 1062 2020 dicunt,
1097 1970 1156 2009 se
1206 1955 1359 2010 sitire
1401 1954 1591 2022 Deum,
1643 1972 1707 2011 ac
1736 1956 1965 2022 fontem,

397 2049 491 2118 qui
541 2048 683 2118 apud
731 2048 909 2118 ipsum
968 2058 1072 2113 est,
1108 2048 1466 2105 desiderare:
1499 2049 1567 2105 de
1616 2066 1724 2120 quo
1762 2051 1965 2107 dictum

392 2154 519 2200 est:
553 2144 694 2210 Quia
714 2145 928 2215 apud‘te
960 2154 1037 2199 est
1073 2144 1192 2215 fons
1221 2145 1420 2200 vitaz".
1454 2143 1778 2201 Desiderant
1798 2146 1963 2202 etiam

396 2236 510 2291 Deo
546 2237 1018 2306 appropinquare,
1055 2236 1250 2292 affectu
1298 2237 1506 2293 scilicet
1551 2246 1606 2292 et
1656 2239 1967 2294 sanctiﬁca-

396 2333 546 2386 tione
571 2346 692 2401 quze
745 2339 829 2386 est
875 2347 969 2401 per
1026 2330 1184 2385 tidem
1228 2331 1282 2386 in
1314 2331 1553 2386 Christo.
1604 2330 1669 2386 Et
1705 2346 1866 2403 quem
1898 2331 1964 2388 ad

394 2431 624 2476 mortem
682 2422 1016 2477 tradiderant
1070 2430 1236 2492 atque
1295 2422 1706 2490 interfecerant,
1761 2422 1965 2494 princi-

392 2528 537 2583 pem,
585 2515 829 2584 inquam,
865 2515 991 2570 vita:
1025 2523 1263 2580 nostra},
1307 2529 1432 2569 eum
1475 2513 1749 2586 appellant
1789 2511 1963 2569 Deum

390 2608 682 2663 viventem.
713 2608 846 2663 Illud
875 2624 1001 2663 vero
1028 2628 1041 2663 :
1092 2608 1319 2675 Quando
1371 2609 1616 2665 veniam?
1645 2606 1967 2663 desideran-
2000 2669 2037 2693 ,υ

389 2698 526 2771 tium
566 2708 661 2773 est
712 2700 1049 2757 vacationem
1092 2699 1354 2763 futuram,
1382 2707 1437 2755 et
1478 2714 1809 2769 cognoscere
1865 2715 1964 2755 eu-

390 2792 655 2861 pientium
697 2801 910 2863 tempus
970 2794 1123 2859 illud,
1174 2793 1228 2847 in
1264 2808 1373 2864 quo
1409 2793 1573 2847 etiam
1631 2792 1735 2862 ipsi
1774 2806 1963 2847 coram
1996 2795 2009 2799 ”

390 2878 531 2936 facie
561 2880 657 2935 Dei
683 2893 735 2937 et
760 2881 937 2937 Patris
960 2882 1328 2959 versabnntur
1378 2880 1537 2952 (quae
1564 2881 1755 2935 eadem
1789 2881 1957 2936 etiam

389 2971 513 3027 Filii
563 2972 699 3045 est),
758 2974 1107 3043 quantumvis
1169 2990 1317 3029 nunc
1372 2974 1482 3029 sint
1536 2990 1567 3028 ιι
1613 2972 1723 3029 Deo
1759 2973 1958 3029 aversi.

390 3066 644 3121 Avertam
677 3065 843 3134 enim,
875 3066 1071 3137 inquit,
1098 3068 1289 3122 oculos
1314 3081 1463 3122 meos
1488 3081 1519 3120 a
1551 3065 1725 3121 vobis.
1751 3064 1960 3133 Quam-

389 3160 617 3216 obrem?
651 3159 844 3217 Manus
869 3162 1015 3217 enim
1051 3173 1244 3217 vestrae
1275 3162 1445 3233 plena:
1471 3168 1602 3216 sunt
1646 3160 1934 3231 sanguine.
1987 3157 2029 3216 C

2074 1868 2345 1924 ἐκπτώσει
2382 1870 2431 1923 οἱ
2471 1869 2780 1941 σταυρωταὶ
2810 1868 2904 1922 τοῦ
2953 1868 3159 1940 Κυρίου
3199 1867 3293 1922 καὶ
3341 1865 3645 1938 μεταγινὼ-

2076 1976 2314 2026 σκοντες,
2348 1960 2507 2033 διψῇν
2539 1960 2756 2031 λέγουσι
2787 1960 2879 2014 τὸν
2908 1959 3063 2023 Θεὸν,
3090 1960 3183 2013 καὶ
3210 1960 3309 2030 τῆς
3338 1958 3470 2031 παρ’
3498 1957 3647 2029 αὐτῷ

2074 2053 2257 2124 πηγῆς
2285 2052 2601 2125 ἐπιθυμεῖν
2634 2052 2762 2123 περὶ
2800 2044 2867 2125 ἧς
2910 2051 3156 2123 εἴρηται·
3189 2047 3319 2104 Ὀτι
3355 2051 3515 2118 παρὰ
3544 2049 3645 2103 σοί

2071 2144 2234 2215 πηγὴ
2284 2144 2455 2215 ζωῆς.
2508 2145 2620 2200 Καὶ
2669 2143 2923 2199 ποθοῦσιν
2969 2145 3137 2213 ἐγγὺς
3183 2142 3436 2213 γενέσθαι
3486 2139 3643 2205 Θεοῦ,

2071 2236 2215 2292 κατὰ
2251 2236 2491 2291 διάθεσιν
2518 2239 2613 2291 καὶ
2635 2236 2906 2308 ἁγιασμὸν
2930 2235 3021 2289 τὸν
3061 2235 3151 2291 διὰ
3192 2235 3429 2299 πίστεως
3459 2234 3562 2304 τῆς
3588 2234 3645 2287 ἐν

2069 2328 2311 2402 Χριστῷ.
2346 2332 2457 2384 Kal
2487 2329 2545 2383 ὃν
2575 2328 2928 2394 ἀπεκτόνασι,
2957 2328 3049 2382 τὸν
3083 2326 3323 2400 ἀρχηγὸν
3371 2326 3469 2397 τῆς
3499 2325 3645 2396 ζωῆς

2068 2421 2251 2494 ἡμῶν,
2285 2421 2379 2475 καὶ
2410 2419 2489 2492 τῷ
2515 2420 2728 2492 θανάτῳ
2761 2420 3106 2491 παρέδωκαν,
3139 2421 3326 2473 τοῦτον
3360 2418 3492 2472 θεὸν
3524 2418 3644 2472 ὀνο-

2073 2516 2306 2589 μάζουσι
2331 2513 2510 2579 ζῶντα
2537 2511 2671 2585 (66).
2708 2512 2781 2567 Τὸ
2803 2512 2880 2577 δὲ’,
2915 2513 3066 2566 Πότε
3091 2510 3217 2577 ἥξω
3243 2527 3261 2574 ;
3308 2509 3645 2582 γλιχομένων

2070 2610 2164 2663 ἐπὶ
2196 2608 2295 2680 τῆς
2323 2609 2403 2672 είς
2436 2606 2662 2678 ὕστερον
2694 2605 2960 2677 κλήσεως,
2988 2607 3081 2659 καὶ
3106 2604 3411 2676 ζητούντων
3453 2602 3643 2675 μαθεῖν

2066 2702 2160 2758 τὸν
2194 2695 2406 2774 καιρὸν,
2442 2699 2563 2755 καθ’
2601 2697 2661 2751 ὃν
2701 2698 2796 2753 καὶ
2824 2697 2977 2751 αὐτοὶ¹
3020 2700 3283 2769 ἐμφανεῖς
3312 2697 3522 2751 ἔσονται
3548 2694 3642 2749 τοῦ

2023 2786 2037 2801 ”
2069 2793 2366 2867 προσώπου
2392 2792 2486 2847 τοῦ
2516 2791 2651 2846 Θεοῦ
2685 2792 2778 2845 καὶ
2810 2791 3024 2864 Πατρὸς
3076 2790 3292 2862 (ταυτὸν
3314 2790 3371 2844 δέ
3400 2791 3515 2843 ἐστι
3546 2787 3642 2843 καὶ

2065 2887 2146 2961 τῷ
2172 2887 2265 2943 τοῦ
2290 2886 2476 2959 Υἱοῦ)·
2506 2889 2553 2940 εί
2585 2885 2679 2940 καὶ
2707 2885 2802 2940 νῦν
2834 2886 2969 2942 εἰσιν
3002 2885 3060 2937 ἐν
3101 2884 3439 2956 ἀποστροφῇ.
3479 2883 3643 2935 Ἀπο-

2071 2981 2289 3053 meum
2316 2980 2449 3051 γὰρ,
2481 2980 2640 3053 φησὶ,
2668 2978 2794 3042 τοὺς
2847 2978 3158 3049 ὀφθαλμούς
3206 2993 3306 3048 μου
3347 2976 3439 3045 ἀφ’
3465 2973 3639 3046 ὑμῶν.

2065 3070 2169 3126 Διὰ
2195 3071 2279 3138 τί;
2307 3072 2374 3124 Δί
2397 3069 2505 3143 γὰρ
2535 3074 2717 3144 χεῖρες
2749 3070 2904 3141 ὑμῶν
2927 3070 3157 3141 αἵματος
3180 3069 3426 3140 πλήρεις.

1557 3272 1779 3329 'iursum
1822 3275 1877 3329 in
1921 3289 2127 3329 versum
2170 3281 2485 3345 sequentem.

462 3391 783 3445 Athanasius
815 3399 865 3444 et
897 3390 1152 3460 Cyrillus.
1193 3389 1331 3456 Quia
1383 3389 1637 3446 Christus
1691 3389 1960 3461 praedixe-

385 3491 492 3548 rat,
522 3482 816 3552 inquiens:
850 3481 1080 3548 Quando
1126 3481 1376 3538 videritis
1406 3482 1801 3554 Jerosolymam
1853 3483 1959 3538 eir-

385 3590 726 3631 cumsessam
763 3573 958 3630 castris
989 3575 1072 3640 ¹³;
1104 3574 1199 3628 ubi
1247 3574 1470 3629 verbum
1523 3574 1667 3629 istud
1720 3574 1774 3628 in
1820 3589 1959 3644 opus

390 3667 588 3737 erupit,
617 3666 880 3723 Romanis
906 3681 1025 3721 eam
1053 3666 1454 3736 diripientibus,
1489 3667 1765 3737 ejnlabant
1792 3685 1804 3721 :
1852 3667 1961 3737 pri-

384 3777 535 3816 mum
562 3761 803 3831 quidem,
834 3759 981 3830 quod
1013 3767 1203 3814 contra
1231 3757 1399 3813 Deum
1426 3759 1834 3830 quodammodo
1861 3757 1957 3812 im-

384 3854 694 3925 pegissent;
726 3852 919 3909 deinde.
947 3852 1095 3923 quod
1142 3852 1473 3907 excidissent
1521 3868 1552 3907 a
1587 3852 1792 3915 salute;
1834 3865 1957 3921 quae

385 3950 454 4003 ab
478 3949 596 4020 ipso
631 3957 747 4015 est;
780 3946 937 4002 tertio
965 3946 1221 4016 denique,
1254 3946 1405 4015 quod
1434 3944 1596 4000 vicini
1625 3944 1773 4013 ipsos
1803 3942 1957 3997 inva—

382 4041 572 4097 dentes
600 4054 761 4111 atque
787 4039 1051 4097 conviciis
1080 4039 1409 4095 insectantes
1432 4037 1711 4094 dicerent:
1750 4035 1854 4091 Ubi
1876 4043 1956 4091 est

376 4132 519 4188 Deus
553 4134 710 4187 tuus?

2065 3392 2085 3454 ἱ
2136 3388 2249 3461 (67)
2314 3386 2661 3453 Ἀθανάσιος
2704 3385 2802 3440 καί
2864 3384 3181 3452 Κύριλλος.
3234 3381 3342 3436 Τοῦ
3394 3381 3640 3453 Σωτῆρος

2067 3481 2422 3557 προειπόντος
2444 3497 2459 3513 ο
2497 3481 2666 3535 Ὀταν
2712 3479 2858 3550 ἴδητε
2887 3478 2987 3549 τὴν
3031 3474 3389 3548 Ἰερουσαλὴμ
3420 3475 3638 3529 κυκλου-

2069 3575 2239 3649 μένην
2273 3573 2379 3628 ὑπδ
2429 3571 2842 3645 στρατοπέδωνο
2889 3571 2979 3623 ὅτε
3027 3568 3164 3633 πρὸς
3214 3567 3375 3640 ἔργον
3421 3566 3580 3638 ἐξέϐη
3610 3561 3637 3617 ὅ

2067 3668 2247 3738 λόγος,
2294 3664 2581 3737 Ῥωμαίων
2629 3662 2832 3726 αὐτοὺς
2887 3658 3296 3732 πορθησάντων.
3343 3656 3633 3729 ἐθρήνουν

2067 3758 2283 3835 πρῶτον
2316 3756 2415 3829 μὲν
2443 3755 2519 3819 ὡς
2542 3749 3045 3825 προσκεκρουκότες
3074 3746 3194 3817 Θεῷ
3221 3761 3236 3777 ·
3270 3739 3391 3799 εἶτα
3420 3743 3495 3803 ὡς
3533 3738 3635 3835 ᾗς

2065 3831 2124 3920 ἐξ
2158 3851 2322 3906 αὐτοῦ
2355 3848 2628 3921 σωτηρίας
2657 3842 3075 3904 ἐκπεπτωκότες
3096 3856 3110 3870 ο
3142 3840 3237 3893 καὶ
3281 3835 3461 3906 τρίτον
3483 3872 3498 3898 ,
3528 3831 3630 3885 ὅτι»

2065 3961 2172 4017 περ
2207 3940 2387 4006 αὐτοῖς
2415 3942 2464 3995 οἱ
2508 3936 2890 4009 ἀστυγείτονες
2928 3931 3348 4003 ἐπεμϐαίνοντες
3384 3925 3467 3991 τὸ,
3513 3921 3635 3979 Ποῦ

2060 4037 2235 4092 ἔστιν
2259 4037 2293 4089 ό
2331 4032 2476 4099 Θεός
2506 4046 2623 4087 σου
2639 4045 2661 4096 ;
2689 4026 3037 4100 διασύροντες
3082 4022 3285 4091 ἔλεγον.

1596 4283 1665 4339 In
1696 4281 1949 4354 prooemio
1971 4278 2111 4351 psal.
2144 4292 2256 4333 xm
2292 4274 2425 4347 (68).

449 4449 750 4504 Athanasio
780 4460 913 4503 vero
944 4447 1019 4502 illi
1044 4459 1245 4517 magno
1266 4445 1408 4501 idem
1442 4444 1660 4500 videtur
1687 4457 1810 4498 esse
1844 4441 1953 4496 hn-
1985 4445 2029 4500 D

375 4543 463 4613 ius
498 4542 693 4612 psalmi
723 4552 1099 4612 argumentum
1131 4548 1296 4609 atque
1345 4536 1719 4609 prazcedentis.
1769 4536 1948 4590 Israe-

376 4636 485 4689 lita:
513 4634 657 4689 enim
689 4647 908 4688 rursum
938 4630 1223 4689 accedunt.
1248 4629 1505 4693 salutem,
1537 4643 1659 4698 qua:
1681 4640 1777 4696 per
1795 4623 1951 4681 Chri-

377 4737 520 4782 stum
557 4733 660 4791 cst,
697 4725 1060 4796 postulantes.
1094 4721 1224 4777 ldeo
1276 4721 1634 4792 alloquuntur
1682 4718 1894 4773 Patrem
1928 4736 1941 4771 :

374 4819 575 4875 Emitte
608 4819 778 4873 lucem
814 4827 960 4871 tuam
997 4826 1045 4871 et
1096 4816 1369 4871 veritatem
1402 4822 1571 4866 tuam.
1625 4809 1746 4881 ipse
1797 4809 1944 4864 enim

370 4927 466 4967 eos
515 4911 569 4965 in
603 4919 851 4965 sanetum
884 4917 1123 4963 montem
1159 4907 1423 4960 ducturus
1476 4910 1633 4958 erat:
1700 4900 1803 4954 hoc
1834 4909 1939 4965 est,

371 5007 424 5060 in
461 5005 657 5061 caelum
691 5012 745 5058 et
776 5016 1040 5073 supernas
1068 5000 1188 5055 illas
1215 4996 1527 5052 mansiones
1554 4996 1575 5066 (
1601 5009 1738 5064 quas
1771 4993 1938 5048 etiam

366 5097 716 5153 iabernacula
773 5094 1043 5166 appellat)
1078 5102 1132 5148 et
1187 5091 1255 5146 ad
1304 5090 1477 5145 altare
1526 5085 1938 5142 intellectuale:

368 5191 484 5260 ipse
507 5190 671 5245 etiam
703 5202 893 5243 eorum
918 5185 1321 5240 exhilaraturus
1346 5181 1713 5251 iuventutem.
1741 5174 1940 5231 Juven-

369 5292 535 5337 tutem
566 5297 697 5337 vero
753 5280 987 5350 appellat
1032 5278 1294 5337 lmtitiam,
1338 5283 1393 5329 et
1440 5280 1757 5329 renovatam
1798 5269 1940 5339 ipso-

369 5387 489 5427 rum
520 5376 781 5429 animam.
806 5372 962 5428 Unde
991 5381 1043 5426 et
1074 5371 1400 5441 promittunt
1425 5382 1484 5422 se
1509 5364 1613 5435 ipsi
1647 5363 1700 5417 in
1722 5356 1933 5417 cithara

2143 4433 2447 4505 ’Δθανασίῳ
2478 4431 2535 4485 δὲ
2563 4428 2642 4501 τῷ
2682 4427 2823 4482 πάνυ
2853 4424 2952 4498 τὴν
2981 4422 3153 4495 αὐτὴν
3202 4415 3460 4473 ὑπόθεσιν
3493 4414 3636 4487 ἔχειν

2056 4530 2136 4603 τῷ
2180 4524 2609 4600 προτεταγμένῳ
2638 4522 2732 4576 καὶ
2754 4522 2782 4574 ὁ
2816 4515 3004 4591 παρὼν
3023 4517 3171 4571 δοκεῖ
3197 4511 3428 4584 ψαλμός.
3456 4511 3636 4603 Προσζ

2057 4597 2307 4697 ἔρχονται
2356 4618 2465 4689 γὰρ
2495 4616 2656 4671 πάλιν
2693 4616 2744 4668 οἱ
2775 4613 2837 4678 ἐξ
2874 4609 3092 4682 Ἰσραὴλ
3118 4607 3218 4680 τὴν
3264 4605 3353 4660 διὰ
3395 4597 3634 4697 Χριστοῦ

2060 4695 2334 4787 σωτηρίαν
2389 4708 2718 4783 αἰτούμενοι.
2772 4706 2864 4760 Διό
2908 4719 3041 4775 φασι
3075 4700 3212 4771 πρὸς
3241 4699 3331 4753 τὸν
3362 4695 3592 4787 Πατέρα
3615 4708 3632 4725 ο

2070 4784 2539 4871 Ἐξαέτόστειλον
2590 4800 2658 4856 τὸ
2706 4799 2831 4870 φῶς
2877 4812 2994 4852 σου
3021 4793 3119 4849 καὶ
3173 4792 3290 4861 τὴν
3343 4784 3635 4855 ἀλήθειάν

2050 4914 2191 4956 σου.
2225 4898 2397 4962 Αὐτὸς
2425 4897 2534 4967 γὰρ
2581 4895 2779 4957 αὐτοὺς
2829 4895 2908 4956 εἰς
2942 4890 3003 4945 τὸ
3037 4888 3192 4958 ἅγιον
3246 4885 3371 4957 ὅρος
3398 4880 3633 4947 εἰσάξειν

2050 4990 2273 5063 ἔμελλε·
2313 4987 2610 5052 τουτέστιν,
2652 4987 2731 5050 είς
2762 4984 2854 5038 τὸν
2897 4980 3127 5054 οὐρανὸν
3165 4978 3259 5031 καὶ
3292 4977 3371 5039 είς
3396 4973 3496 5035 τὰς
3521 4970 3629 5024 ἄνω

2054 5083 2221 5157 μονὰς
2245 5082 2330 5155 (ἃς
2353 5081 2447 5136 καὶ
2494 5076 2826 5151 σκηνώματα
2853 5071 3154 5146 ὀνομάζει),
3185 5072 3281 5124 καὶ
3305 5070 3386 5128 εις
3410 5064 3471 5157 το
3500 5076 3627 5157 νοη-

2047 5150 2139 5232 τὸν
2174 5150 2560 5246 θυσιαστήριον
2576 5150 2594 5202 ’ί
2623 5172 2718 5224 καὶ
2747 5168 2909 5229 αὐτὸς
2937 5164 3115 5219 αὐτῶν
3146 5159 3369 5232 ἔμελλεν
3403 5150 3628 5222 εὐφραία

2049 5284 2162 5323 νειν
2185 5265 2282 5337 τὴν
2310 5265 2557 5333 νεότητα.
2594 5259 2841 5329 Νεότητα
2867 5257 2923 5310 δὲ
2953 5253 3109 5309 καλεῖ
3133 5251 3232 5322 τὴν
3266 5246 3622 5337 εὐφροσύνην,

2047 5360 2147 5431 τὴν
2173 5335 2269 5412 καὶ
2290 5352 2691 5426 ἁνανεουμέννν
2723 5350 2904 5407 αὐτῶν
2947 5348 3047 5420 τὴν
3072 5344 3269 5416 ψυχήν.
3302 5335 3397 5390 Διὸ
3446 5336 3506 5389 ἐν
3542 5350 3625 5386 κι-

436 5551 480 5581 ²²
508 5548 649 5605 Psal.
677 5567 766 5618 ιι,
800 5553 883 5606 ll.
960 5552 1008 5583 ”
1045 5551 1205 5603 Rom.
1240 5562 1318 5610 ιι,
1355 5544 1448 5599 24.
1526 5542 1736 5598 “Psal.
1772 5554 1940 5603 xxxv,
1976 5558 1979 5568 ί

2106 5538 2152 5572 ³⁸
2179 5536 2312 5590 Luc.
2338 5549 2453 5599 xix,
2484 5532 2575 5587 43.

438 5711 548 5778 (65)
581 5711 909 5783 Cupressum
942 5728 1007 5766 ex
1045 5711 1489 5782 interpretatione
1524 5709 1687 5776 hujus
1710 5703 1924 5778 psalmi.

443 5784 552 5848 (6(5)
588 5781 709 5838 llajc
734 5784 999 5839 habentur
1022 5781 1270 5854 supra’ad
1303 5783 1446 5837 hunc
1475 5795 1715 5838 versum.

2044 5713 2064 5750 ιι
2118 5703 2229 5774 (67)
2264 5701 2389 5774 [iam
2414 5695 2814 5774 nonhabentur
2840 5687 3091 5761 superius
3116 5683 3182 5743 ad
3212 5683 3360 5741 hunc
3377 5693 3621 5743 verum

2114 5770 2226 5844 (68)
2263 5770 2397 5829 Vide
2424 5770 2557 5827 ibid.
