3946 6222
333 339 439 398 561
1351 344 1776 404 FRAGMENTA
1812 346 1891 403 C0

2007 343 2165 400 ENT.
2207 342 2276 400 IN
2308 342 2647 399 PSALMOS.
3448 337 3564 400 ’569

336 454 478 528 θάρᾳ
508 455 896 529 ὑπισχνοῦνται
922 456 1250 531 προσφὲρειν
1278 460 1427 531 αὐτῷ
1462 460 1559 533 τὴν
1585 462 1891 533 ἐξομολόγη-

2009 458 2288 514 oblaturos
2334 455 2754 512 confessionem.
2807 454 2910 511 Per
2944 453 3206 511 citharam
3247 468 3387 511 vero
3426 472 3562 527 saepe

337 559 442 599 σιν.
473 545 726 618 Κιθάραν
751 546 808 600 δὲ
834 547 1092 612 πολλάκις
1117 548 1178 601 τὸ
1220 548 1378 620 σῶμα
1408 552 1546 605 νοεῖν
1579 549 1833 616 ἐδίδαξεν.

2010 565 2208 621 corpus
2241 549 2467 619 intelligi
2490 548 2696 604 docuit.

936 702 1006 760 Et
1033 704 1089 759 in
1108 703 1342 775 ejusdem
1362 706 1557 775 psalmi
1577 708 1749 774 verba,
1781 725 1800 759 ι
1834 707 1970 771 Quia
1993 715 2051 762 tu
2079 722 2133 761 es
2161 708 2301 764 Deus
2334 706 2593 779 fortitudo
2620 702 2813 773 mea,'t
2840 720 2887 759 υ.
2921 704 2977 759 2.

410 857 527 932 (69)
557 860 918 927 ‘Aaartimoc,
950 862 1265 929 Κύριλνῖος,
1296 862 1680 931 Θεοδώρητος.
1712 862 1818 916 Καὶ
1845 864 1891 915 οε

2072 862 2418 927 Athanasius,
2445 861 2703 932 Cyrillus,
2746 858 3120 914 Tlteodoretus.
3146 857 3213 913 Et
3235 859 3327 930 qui
3358 874 3425 915 ex
3456 860 3560 915 cir-

334 952 401 1007 ἐκ
421 955 721 1025 περιτομῆς
741 953 1232 1026 μεταγινώσκοντες
1248 955 1489 1027 κραταίω
1497 973 1573 1026 μα
1585 956 1788 1008 ἑαυτῶν
1805 955 1891 1009 τὸν

2007 955 2334 1011 eumcisione
2361 954 2714 1024 resipiscunt,
2762 950 2932 1005 Deum
2966 950 3367 1006 ﬁrmamentum
3401 967 3562 1007 suum

332 1044 467 1098 Θεὸν
514 1045 938 1118 ἐπιγράφονταιο
970 1045 1064 1100 καὶ
1111 1046 1158 1099 oi
1204 1045 1263 1111 ἐξ
1306 1045 1476 1101 ἐθνῶν
1510 1047 1891 1110 πιστεύσαντες

2007 1045 2298 1114 appellant:
2324 1053 2376 1098 et
2405 1045 2498 1113 qui
2526 1058 2589 1097 ex
2629 1039 2916 1111 gentibus,
2957 1038 3133 1108 ipsum
3189 1038 3562 1096 fortitudinem

331 1135 523 1190 τοῦτον
571 1137 722 1207 ίσχὺν
776 1138 979 1190 ἑαυτῶν
1019 1137 1290 1192 τίθενται·
1341 1139 1435 1192 καὶ
1466 1140 1513 1191 οί
1568 1139 1891 1210 αἰχμάλωτα

2007 1151 2156 1191 suam
2187 1135 2375 1190 dicunt
2403 1153 2416 1188 :
2457 1143 2519 1188 et
2539 1133 2634 1202 qui
2682 1131 2879 1202 captivi
2912 1142 3067 1194 sunt,
3091 1131 3160 1186 ab
3190 1132 3297 1186 alio
3325 1146 3384 1187 se
3428 1131 3562 1187 libe-

332 1225 465 1296 παρ’
492 1224 648 1279 ἄλλου
683 1224 1020 1298 λυτρωθῆναι
1045 1227 1145 1281 οὐκ
1180 1226 1531 1292 ἐλπίζουσινμ

2000 1225 2203 1282 randos
2232 1239 2341 1279 non
2373 1232 2612 1293 sperant.

701 1394 733 1427 θ
831 1384 973 1441 Item
996 1386 1053 1441 in
1087 1385 1191 1439 ista
1223 1384 1397 1449 verba,
1437 1404 1457 1438 ι
1492 1385 1791 1456 Conﬁtebor
1814 1384 1909 1439 tibi
1935 1384 1989 1438 in
2020 1384 2251 1449 cithara,
2283 1386 2451 1451 Deus,
2483 1383 2622 1438 Deus
2653 1401 2814 1450 meus,
2856 1402 2949 1440 μιν.
2982 1384 3038 1441 4.

414 1542 790 1612 Ἀθανάσιος,
816 1541 1131 1612 Κύριλλος.
1167 1538 1412 1611 Κιθάραν
1440 1540 1499 1593 τὸ
1540 1540 1698 1610 σῶμα
1724 1538 1889 1607 λέγει,

327 1632 393 1687 δι’
421 1627 483 1687 οὗ
510 1633 751 1703 πέφυκεν
791 1634 821 1686 ὁ
846 1632 968 1696 νοῦς
1014 1629 1450 1702 ἀνακρούεσθαι,
1500 1628 1749 1701 καθάπερ
1803 1630 1890 1683 διὰ

2074 1538 2419 1605 Athanasius,
2452 1538 2705 1610 Cyrillus.
2736 1537 3012 1593 Citharam
3058 1541 3291 1610 appellat
3339 1556 3557 1612 corpus,

1998 1644 2106 1699 quo
2148 1645 2302 1685 mens
2339 1646 2435 1701 per
2484 1646 2678 1687 sensus
2728 1631 2885 1700 quasi
2915 1646 3008 1701 per
3035 1632 3268 1688 chordas
3296 1633 3556 1703 quasdam

327 1722 534 1795 χορδῶν
564 1723 671 1777 τῶν
698 1721 1065 1794 αἰσθητηρίων
1100 1718 1362 1791 μελῳδίαν
1390 1718 1725 1790 ἀναπέμπων
1753 1719 1891 1790 Θεῷ.

2007 1724 2273 1778 :anticum
2304 1722 2412 1778 Deo
2438 1738 2656 1780 sursum
2683 1724 2866 1778 mittit.
2899 1722 3178 1793 Signiﬁcat
3226 1740 3355 1780 vero
3386 1725 3557 1779 citha-

329 1809 491 1881 Δηλοῖ
521 1810 578 1863 δέ
608 1811 642 1880 ἡ
681 1807 880 1879 κιθάρα
918 1807 1013 1861 καὶ
1060 1806 1159 1876 τὴν
1192 1804 1464 1874 νέκρωσιν.
1485 1804 1577 1857 τοῦ
1604 1803 1851 1875 σώματος
1875 1844 1890 1868 ,

327 1902 420 1956 καὶ
444 1901 541 1972 τὴν
554 1900 867 1972 συμφωνίαν
887 1898 993 1952 τῶν
1012 1896 1240 1970 ἀρετῶν.
1261 1897 1370 1969 Τὴν
1396 1897 1494 1967 μὲν
1509 1896 1616 1969 γὰρ
1629 1896 1895 1969 νέκρωσιν

326 1995 382 2046 al
415 1993 625 2065 νευραὶ,
648 1993 744 2064 τὴν
767 1993 824 2047 δὲ
847 1990 1161 2063 συμφωνίαν
1193 1992 1249 2044 αἱ
1277 1991 1530 2062 ἁρμονίαι
1552 1992 1891 2048 αἰνίττονται.

328 2083 537 2149 Ἐδειξε
558 2084 615 2137 δὲ
635 2084 732 2157 τὴν
751 2084 846 2155 μὲν
864 2083 1191 2156 φαιδρότητα
1206 2086 1270 2154 τῇ
1293 2084 1391 2155 τῆς
1410 2084 1640 2156 κιθάρας
1656 2085 1897 2158 προσθή-

325 2188 418 2245 κῃ,
433 2172 529 2245 τὴν
548 2174 605 2227 δέ
626 2173 845 2243 ἀγάπην
860 2174 917 2226 ἐν
932 2175 996 2245 τῇ
1018 2173 1393 2245 προσφωνήσει
1407 2176 1472 2245 τῇ
1485 2174 1565 2238 δὶς
1585 2174 1825 2228 ἐπαναλα
1832 2192 1896 2246 μ-

323 2264 617 2337 ϐανομὲνῃ·
634 2265 695 2317 '0
710 2264 851 2330 Θεὸς
865 2263 990 2335 γὰρ,
1004 2263 1185 2334 φησὶν,
1206 2267 1237 2318 ό
1255 2266 1398 2330 Θεός
1413 2265 1677 2334 μου.⁸Ίνα
1696 2265 1892 2339 μάθῃς,

324 2355 404 2408 ὃτι
423 2355 514 2408 τὸν
536 2356 629 2408 ἐπὶ
646 2355 861 2409 πάντων
879 2354 1031 2420 Θεὸν,
1049 2353 1234 2408 τοῦτον
1250 2355 1526 2426 ἐξαίρετον
1542 2355 1672 2411 Θεὸν
1693 2356 1779 2410 διὰ
1795 2357 1862 2428 ζῆ
1878 2387 1894 2399 -

325 2446 417 2500 λον
444 2447 541 2500 καὶ
565 2447 746 2500 πίστιν
781 2448 831 2500 ot
855 2448 919 2500 ἐκ
940 2446 1239 2519 περιτομῆς
1263 2445 1779 2517 μεταγινώσκοντες,
1799 2452 1894 2504 καὶ

324 2539 376 2591 οἱ
406 2537 469 2603 ἐξ
501 2538 669 2593 ἐθνῶν
722 2537 1065 2602 πιστεύοντες
1125 2538 1518 2611 ἐπιγράφονται
1555 2554 1570 2569 '
1605 2534 1688 2605 οἷς
1721 2543 1814 2595 καὶ
1858 2537 1907 2613 η’

326 2630 670 2703 πνευματικὴ
695 2631 881 2699 νεότης
905 2629 1270 2702 εὐφραίνεται,
1295 2631 1681 2702 ἀντικειμένως
1698 2632 1895 2703 ἔχουσα

328 2721 466 2792 πρὸς
493 2722 585 2775 τὸν
628 2722 856 2777 παλαιὸν
882 2722 1389 2794 άνθρωπον.,Μόνος
1437 2722 1546 2795 γὰρ
1574 2725 1602 2777 ὁ
1626 2724 1895 2794 πνεύματι

311 2810 420 2863 καὶ
453 2811 762 2882 φρονήματι
788 2811 993 2876 νεάζων
1021 2812 1293 2881 συγγενῶς
1327 2811 1404 2883 τῷ
1429 2813 1600 2885 καινῷ
1626 2814 1896 2889 ἀνθρώπῳ

324 2901 418 2954 καὶ
440 2904 505 2973 τῇ
533 2903 806 2973 καινότητι
830 2902 925 2957 τοῦ
942 2904 1245 2975 πνεύματος
1264 2904 1453 2959 εἴσεισι
1479 2905 1613 2979 πρὸς
1630 2906 1727 2960 τὸν
1742 2907 1895 2977 Θεὸν,

326 2991 415 3049 τὸν
444 2994 805 3068 εὐφραίνοντα
830 2996 928 3069 τὴν
952 2999 1201 3070 τοιαύτην
1233 3000 1495 3069 νεότητα..

1996 1831 2077 1881 ra,
2111 1824 2224 1871 tum
2276 1816 2746 1871 mortiﬁcationem
2804 1816 3070 1886 corporis,
3102 1825 3213 1870 tum
3246 1831 3559 1871 consonan-

1998 1907 2126 1962 tiam
2163 1908 2448 1962 virtutum.
2479 1905 2613 1962 Nam
2661 1907 3157 1971 mortiﬁcationem,
3199 1909 3384 1963 nervi:
3427 1922 3557 1961 con-

1997 2000 2307 2055 sonantiam
2348 2016 2475 2056 vero
2534 2001 2834 2056 harmoniae
2860 1999 3113 2054 innuunt.
3155 1999 3559 2055 Demonstravit

1997 2100 2177 2147 autem
2214 2091 2544 2146 hilaritatem
2572 2090 2788 2161 quidem
2838 2089 3142 2159 adiectione
3173 2089 3427 2145 citharae:
3476 2089 3559 2144 di-

1997 2183 2283 2239 lectionem
2319 2190 2523 2248 autem,
2560 2184 2614 2238 in
2653 2183 2982 2237 allocutione
3028 2182 3121 2236 illa
3169 2182 3252 2237 bis
3309 2181 3554 2252 repetita.

1995 2275 2130 2331 Nam
2177 2276 2399 2346 inquit:
2441 2275 2581 2330 Deus
2637 2274 2778 2328 Deus
2805 2291 2948 2328 meus
2967 2290 2998 2328 ιε
3054 2282 3112 2328 ut
3164 2274 3345 2328 discas
3410 2273 3555 2343 quod

1995 2367 2165 2423 Deum
2201 2355 2375 2434 illum,
2403 2369 2494 2437 qui
2523 2383 2687 2437 supra
2718 2366 2900 2422 omnia
2929 2375 3031 2429 est,
3058 2367 3202 2420 hunc
3244 2365 3409 2419 Deum
3436 2363 3555 2419 exi-

1996 2460 2164 2515 mium
2219 2468 2438 2529 propter
2472 2458 2649 2515 zelum
2680 2465 2735 2513 et
2773 2457 2954 2522 fidem,
2993 2457 3085 2526 qui
3141 2471 3207 2510 ex
3264 2453 3556 2523 circumci-

1996 2553 2148 2609 sione
2173 2552 2534 2623 resipuerunt,
2572 2559 2626 2605 et
2655 2550 2748 2619 qui
2784 2565 2849 2604 ex
2884 2548 3136 2619 gentibus
3168 2546 3514 2602 crediderunt
3537 2587 3552 2611 ,

1996 2643 2286 2713 appellant.
2332 2641 2544 2709 Quibus
2579 2639 2743 2695 etiam
2782 2638 3081 2709 spiritualis
3117 2637 3376 2707 juventus
3401 2635 3553 2689 laeta—

1997 2742 2107 2799 tur,
2134 2749 2446 2805 repugnans
2478 2732 2644 2786 veteri
2682 2730 2909 2786 homini.
2964 2730 3056 2784 llle
3096 2728 3240 2783 enim
3278 2728 3427 2783 solus
3461 2742 3555 2780 ac-

1996 2825 2141 2881 cedit
2162 2825 2229 2880 ad
2265 2825 2435 2879 Deum
2474 2822 2871 2878 exbilarantem
2930 2821 3196 2891 ejusmodi
3248 2820 3554 2890 juventam,

1997 2914 2089 2984 qui
2123 2914 2318 2984 spiritu
2352 2919 2407 2967 et
2450 2920 2632 2967 mente
2674 2920 2972 2966 renovatur
3024 2910 3383 2967 consimiliter
3411 2923 3554 2964 novo

1998 3004 2208 3060 homini
2242 3013 2297 3060 et
2322 3003 2553 3059 novitati
2580 3002 2827 3073 spiritus.

1524 3155 1590 3212 Et
1620 3158 1672 3212 in
1705 3160 1953 3229 prooemio
1981 3160 2123 3231 psal.
2157 3175 2312 3215 mu.

417 3308 507 3380 70)
542 3308 699 3362 Κατά
732 3325 828 3379 μεν
849 3325 939 3363 τον
981 3308 1150 3379 μέγαν
1196 3309 1533 3376 Ἀθανάσιον,
1561 3311 1641 3365 ἔτι
1672 3313 1766 3366 καὶ
1803 3303 1891 3366 οῦ-

2069 3313 2378 3369 Secundum
2407 3313 2629 3385 quidem
2668 3326 2922 3384 magnum
2975 3311 3350 3375 Athanasium,
3394 3312 3555 3368 etiam

323 3417 411 3464 τος
442 3403 471 3454 ὁ
494 3400 706 3470 ψαλμὸς
757 3401 856 3472 τῆς
887 3400 1057 3470 αὐτῆς
1101 3401 1405 3467 ὑποθέσεως
1454 3403 1655 3475 ἔχεται,
1707 3405 1803 3470 τάς
1835 3423 1894 3459 τε

324 3491 557 3553 παλαιὰς
607 3491 923 3562 εὐεργεσίας
968 3492 1334 3565 διηγουμένων
1384 3495 1493 3550 τῶν
1530 3497 1587 3562 ἐξ
1655 3497 1887 3569 Ἰσραὴλ,

328 3582 839 3650 μεταγινωσκόντων
865 3582 959 3637 καὶ
986 3584 1390 3656 προσληφθῖψαι
1420 3585 1708 3655 ἀξιούντων
1743 3587 1891 3658 παρὰ

327 3670 581 3741 Χριστοῦ,
615 3670 703 3724 διά
728 3671 787 3724 τὸ
816 3672 963 3743 αύτῷ
997 3673 1395 3744 ἐπιγράφεσθαι
1420 3676 1519 3747 τὴν
1555 3675 1765 3739 ἐλπίδα,
1798 3678 1891 3731 καὶ

326 3762 416 3815 ἐπὶ
445 3762 523 3832 τῷ
550 3762 773 3833 ὀνόματι
808 3763 969 3818 αὐτοῦ
1013 3764 1449 3834 ἐξομολογεῖσθαι
1473 3782 1485 3796 ο
1520 3766 1660 3820 κατὰ
1703 3767 1759 3821 δὲ
1799 3769 1919 3822 τὸν.

325 3845 650 3924 χρυσολόγον
675 3853 910 3927 Πατέρα,
946 3873 1002 3910 κ,
1024 3873 1076 3910 τ,
1094 3856 1144 3910 λ,

2001 3405 2090 3460 hic
2120 3406 2362 3476 psalmus
2414 3406 2656 3476 ejusdem
2689 3403 2994 3475 argumenti
3051 3412 3133 3457 est
3179 3418 3304 3457 cum
3357 3419 3555 3472 prch-

1995 3497 2265 3560 dentibus,
2320 3512 2385 3552 eo
2419 3496 2564 3567 quod
2612 3503 2835 3549 narrent
2868 3494 3124 3549 lsraelitte
3162 3500 3343 3548 vetera
3379 3492 3469 3547 Dei
3502 3494 3554 3547 in

1998 3605 2055 3644 se
2084 3588 2365 3651 beneficia,
2400 3603 2464 3643 ac
2492 3588 2875 3657 resipiscentes
2906 3592 3062 3640 orent
3101 3585 3268 3655 recipi
3318 3600 3347 3638 a
3397 3584 3555 3639 Chri—

1998 3687 2107 3743 sto,
2138 3688 2422 3750 propterea
2483 3678 2629 3748 quod
2664 3692 2813 3746 spem
2870 3691 3024 3732 suam
3058 3677 3112 3729 in
3149 3677 3268 3746 ipso
3307 3684 3509 3744 ponant
3540 3712 3555 3734 ,

2000 3781 2053 3825 et
2082 3771 2291 3825 nomini
2343 3770 2515 3841 ipsius
2569 3770 2929 3824 conﬁteantur
2961 3781 2975 3820 :
3013 3777 3069 3821 at
3110 3766 3409 3821 secundum
3461 3779 3558 3819 au-

1999 3875 2129 3915 reos
2154 3874 2437 3914 sermones
2472 3857 2788 3912 fundentem
2819 3854 3054 3921 Patrem,
3094 3862 3199 3909 etc.

1085 4014 1219 4071 Item
1248 4017 1301 4069 in
1337 4015 1436 4070 illa
1469 4018 1623 4072 verba
1656 4019 1910 4087 ejusdem,
1953 4036 1971 4069 ι
2003 4018 2320 4076 Convertiin
2361 4034 2452 4073 nos
2485 4030 2787 4074 retrorsum.
2829 4036 2845 4056 ε

382 4169 494 4243 (71)
511 4171 873 4238 Ἀθανὰσιος.
887 4171 1079 4237 Πάλαι,
1093 4171 1252 4242 φησι,
1276 4174 1730 4244 συνσστρατήγεις
1742 4173 1892 4243 ἡμῖν’

330 4260 415 4318 ὧν
444 4264 505 4317 δὲ
535 4265 597 4317 οὐ
632 4263 795 4335 μόνον
820 4264 880 4317 οὐ
906 4262 1137 4334 συνέρχῃ
1168 4264 1319 4333 ἡμῖν,
1349 4261 1483 4316 ἀλλὰ
1508 4264 1600 4317 καὶ
1630 4263 1894 4334 ἀπέστρε-

321 4355 428 4423 Qui;
466 4357 611 4426 ἡμᾶς
637 4395 651 4421 ,
701 4354 796 4409 καὶ
839 4355 1099 4425 ἐσχάτους
1133 4353 1325 4420 ἔταξας
1373 4354 1573 4417 παντὸς
1624 4354 1883 4413 ἐναντίου·

318 4443 394 4510 ὡς
426 4448 521 4500 καὶ
578 4450 689 4512 τοῖς
736 4445 987 4519 μισοῦσιν
1030 4448 1177 4519 ἡμᾶς
1228 4447 1481 4517 γενέσθαι
1529 4449 1608 4513 είς
1658 4449 1888 4521 διαρπα-

2078 4174 2420 4233 Athanasius.
2436 4172 2599 4236 Olim,
2616 4170 2809 4241 inquit,
2825 4167 2986 4227 simul
3004 4165 3283 4221 nobiscum
3298 4165 3361 4219 ad
3378 4164 3558 4236 prtelia

2000 4265 2187 4321 exibas
2215 4280 2392 4319 :nunc
2419 4279 2544 4320 vero
2567 4278 2681 4317 non
2695 4260 2854 4316 modo
2882 4275 2991 4315 non
3019 4256 3269 4329 adjungis
3299 4266 3352 4311 te
3380 4255 3556 4319 nobis,

1996 4357 2088 4413 sed
2104 4363 2158 4412 et
2176 4355 2417 4412 avertisti
2439 4369 2560 4416 nos,
2582 4359 2635 4407 et
2652 4350 2932 4421 subjecisti
2962 4365 3062 4407 nos
3078 4348 3329 4405 omnibus
3363 4348 3559 4401 nostris

1992 4450 2245 4514 inimicis,
2261 4448 2396 4505 adeo
2409 4457 2469 4502 ut
2488 4447 2651 4502 etiam
2674 4444 2854 4517 praeda
2873 4441 3001 4498 facti
3019 4443 3189 4498 simus
3213 4440 3339 4495 odio
3359 4439 3560 4493 haben-

319 4539 442 4610 τήν.
518 4540 629 4593 Καὶ
680 4541 1038 4612 περιέστηκεν
1093 4542 1241 4611 ἡμᾶς
1284 4543 1318 4611 ἡ
1370 4540 1489 4593 τότε
1543 4539 1886 4610 κατασχοῦσα

2007 4541 2138 4596 .ibus
2160 4554 2301 4597 nos.-
2328 4537 2752 4610 Comprehendit
2777 4535 2941 4591 etiam
2971 4550 3069 4593 nos
3108 4530 3562 4604 ignominia,qu2e

322 4629 445 4692 τοὺς
472 4628 764 4700 πολεμίους
795 4630 1055 4702 αἱσχύνη,’
1071 4630 1164 4685 καὶ¹
1191 4630 1495 4701 γεγόναμεν
1517 4630 1888 4701 ἠλαττωμένοι

320 4720 449 4791 παρ’
479 4721 708 4785 ἐκείνοις
755 4717 829 4776 ὧν
859 4719 1197 4793 ἐκρατοῦμεν
1219 4721 1281 4774 τὸ
1314 4721 1598 4793 πρότερον,
1627 4722 1720 4775 καὶ
1742 4720 1891 4791 διηρ-

321 4808 608 4881 πάσθημεν
637 4811 730 4864 ὑπ’
782 4811 965 4864 αὐτῶν
1009 4809 1103 4874 οὓς
1151 4810 1552 4882 διηρπάσαμεν.
1604 4809 1787 4864 Ταῦτα
1833 4810 1889 4863 δέ

319 4915 481 4972 φησιν
525 4902 555 4955 ό
590 4902 746 4973 χορὸς
777 4903 807 4954 ό
835 4902 1171 4974 προφητικὸς
1211 4902 1352 4957 κατά
1390 4903 1481 4957 τὸν
1524 4903 1695 4974 μέγαν
1733 4901 1889 4957 Ἀθα-

324 4993 501 5046 νάσιον
532 4994 669 5063 (72),
696 4995 1064 5066 οίκοιούμενος
1106 4994 1203 5050 τοῦ
1250 4994 1379 5049 λαοῦ
1423 4996 1520 5061 τὰς
1565 4995 1849 5067 συμφοράς
1875 5013 1890 5029 ·

324 5083 458 5137 κατά
485 5085 544 5137 δὲ
565 5086 700 5149 τοὺς
720 5085 930 5152 ἄλλους,
961 5090 990 5142 ὁ
1014 5086 1123 5140 τῶν
1151 5086 1526 5142 Μακκαϐαίων
1567 5090 1816 5159 στρατός.

1994 4634 2122 4688 olim
2140 4631 2392 4688 inimicos
2413 4629 2884 4693 nostrostenebat,
2904 4636 2959 4683 et
2975 4625 3184 4682 subacti
3203 4623 3476 4680 sumusab
3495 4623 3560 4675 iis

1996 4722 2193 4791 quibus
2205 4731 2330 4777 ante
2346 4721 2785 4785 dominabamur,
2803 4717 2998 4789 direpti
3018 4717 3252 4786 denique
3275 4729 3466 4771 sumus
3493 4713 3561 4766 ab

1999 4811 2065 4866 iis
2096 4827 2237 4882 quos
2262 4810 2606 4882 diripuimus.
2650 4809 2773 4866 Haec
2798 4823 2962 4880 porro
2984 4806 3146 4861 verba
3177 4819 3243 4859 ex
3294 4799 3560 4858 sententia

2000 4902 2183 4973 magni
2214 4902 2503 4958 Athanasii
2547 4910 2675 4958 sunt
2721 4900 2876 4956 chori
2920 4895 3245 4968 prophetici,
3277 4891 3560 4948 calamita-

2001 5005 2082 5050 tes
2113 4995 2299 5066 populi
2358 4995 2515 5066 quasi
2555 4995 2659 5050 sibi
2709 4992 2884 5049 factas
2934 4990 3283 5061 reputantis:
3339 4993 3400 5039 ut
3431 4994 3561 5037 vero

1999 5087 2123 5143 aliis
2153 5087 2350 5158 placet,
2383 5086 2657 5143 exercitus
2686 5083 3140 5140 Macbabzeorum.

949 5242 1176 5297 Rursum
1219 5244 1272 5296 in
1308 5243 1460 5298 verba
1488 5260 1506 5299 :
1540 5262 1560 5297 ι
1592 5243 1927 5300 Oblivisceris
1957 5244 2288 5313 paupertatis
2323 5252 2537 5308 nostra’,
2578 5261 2596 5294 ι
2630 5253 2753 5306 etc.,
2787 5259 2835 5297 υ.
2866 5238 2956 5294 9.5.

393 5354 505 5425 (ἴὸ)
560 5356 920 5425 Ἀθανάσιος.
968 5360 1163 5432 ’Υπνῳ
1210 5362 1311 5432 μὲν
1355 5357 1455 5415 οῦν
1495 5361 1898 5434 παραϐάλλουσι

332 5514 505 5641 mgf-(ll)
530 5512 678 5570 Nihil
710 5516 902 5573 horum
942 5518 1172 5575 habetur
1196 5520 1450 5591 superius
1480 5521 1549 5577 ad
1585 5522 1729 5579 hunc
1752 5538 1894 5595 psal-

424 5630 511 5727 Ζἔθ’)
543 5655 863 5733 Huiusmodi
887 5630 1300 5733 argumentum,
1321 5661 1464 5731 quod
1496 5661 1708 5733 videtur
1758 5680 1889 5733 sane

379 5728 638 5795 thauasii,
671 5743 779 5785 non
815 5728 1044 5785 habetur
1075 5730 1128 5784 in
1158 5728 1607 5788 Exoositionibns.
1634 5764 1642 5777 ο

2075 5361 2427 5417 Athanasius.
2466 5361 2672 5418 Somno
2700 5362 2866 5433 igitur
2903 5359 3219 5426 comparant
3246 5351 3559 5406 diuturnam

2076 5523 2187 5595 (7t)
2210 5522 2335 5595 [jac
2350 5523 2600 5595 superius
2630 5521 2693 5576 a-J
2718 5520 2861 5574 hunc
2892 5529 3128 5578 versum,
3151 5510 3242 5567 sed
3279 5507 3556 5579 pauciora.

2077 5592 2191 5665 (72’)
2218 5592 2352 5665 Yide
2385 5594 2607 5665 ibidem.
2677 5657 2713 5665 κ
2854 5657 2864 5665 _
2898 5656 2909 5665 _
2990 5654 3000 5663 .

2079 5652 2191 5736 (75)
2216 5662 2339 5723 Hart:
2365 5664 2560 5722 desunt
2586 5664 2642 5718 in
2669 5652 3099 5728 Expositiouibus
3129 5665 3314 5723 supra.
