3946 6222
435 346 539 403 563

1280 347 1335 402 s.
1377 346 1745 403 A’l‘HANASll
1781 345 1932 401 ουρ.
1989 344 2167 401 ruas
2204 344 2291 401 tn.
2331 377 2403 389 —
2444 324 2865 403 EXECETICA.‘

3544 341 3645 399 564

427 463 521 520 Dei
561 462 895 526 ditationem,
945 474 1051 530 qua
1086 476 1219 515 usus
1264 472 1346 516 est
1396 477 1523 531 erga
1575 462 1815 531 ipsorum
1857 475 2025 530 pec-1

2087 461 2179 531 τὴν
2218 460 2418 531 πολλὴν
2473 461 2669 532 ἀνοχὴν
2717 462 2813 514 τοῦ
2849 462 2979 515 Θεοῦ
3010 463 3075 532 ἢν
3123 461 3357 515 ἐποιεῖτο
3402 460 3490 515 διὰ
3546 463 3644 526 τὰς

427 558 570 606 cata.
597 548 896 603 Precantur
929 564 1079 613 vero,
1119 559 1176 603 ut
1204 550 1303 604 sibi
1336 552 1619 620 contingat
1645 552 1734 605 ille
1782 550 1987 605 Christi

424 646 709 709 adventus,
744 645 835 714 qui
890 643 1003 698 sub.
1028 653 1266 698 extrema
1304 654 1548 713 tempora
1582 644 1801 699 futurus
1849 654 1984 709 erat,

422 753 493 792 ne
526 746 773 807 expertes
805 737 915 791 sint
947 736 1103 799 vitae,
1137 752 1261 805 quae
1296 738 1364 791 ab
1393 738 1513 807 ipso
1560 745 1680 792 est:
1715 748 1875 806 atque
1905 738 1990 791 in-

423 826 653 897 quiunt:
682 825 792 881 Cur
814 827 1090 881 abscondis
1144 826 1333 895 faciem
1378 838 1544 890 tuam,
1581 838 1631 883 et
1669 827 1985 883 Oblivisceris

423 920 789 973 calamitatum
822 930 871 971 et
894 919 1235 988 aﬂiictionum
1258 930 1560 974 nostrarum
1587 921 1613 974 Ρ
1640 919 1721 981 Tu
1741 920 1983 991 quidem,

423 1026 457 1061 υ
491 1009 649 1074 Deus,
686 1009 982 1065 abscondis
1020 1019 1073 1065 et
1102 1009 1303 1064 avertis
1336 1009 1531 1065 faciem
1583 1019 1759 1075 tuam,
1807 1026 1876 1064 ne
1903 1010 1985 1063 vi-

421 1100 550 1154 deas
583 1100 783 1168 turpia,
829 1109 883 1155 et
928 1098 1153 1168 indigna
1192 1098 1357 1166 facta,
1393 1107 1556 1169 atque
1600 1107 1693 1153 tuo
1740 1100 1983 1154 contuitu

422 1191 619 1244 aliena.
652 1189 849 1245 Verum
884 1190 1008 1260 quia
1035 1191 1193 1245 nobis
1217 1191 1270 1243 in
1312 1190 1644 1249 enumeratis
1675 1190 1802 1244 istis
1826 1190 1982 1245 factis

420 1278 698 1346 praeclaris
753 1279 949 1333 ﬁducia
984 1280 1164 1348 aliqua
1201 1286 1494 1348 superest,
1542 1294 1643 1331 cur
1689 1278 1981 1333 abscondis

419 1369 612 1424 faciem
640 1369 827 1423 tuam?
852 1369 1098 1437 Cumque
1138 1376 1216 1424 tot
1249 1369 1395 1439 passi
1426 1370 1566 1423 mala
1602 1370 1777 1424 simus
1800 1371 1982 1425 cultus

420 1460 499 1514 tui
549 1476 612 1515 ac
658 1462 871 1534 pietatis
922 1477 1109 1527 causa,
1160 1477 1259 1516 cur
1299 1462 1643 1518 Oblivisceris
1674 1463 1982 1519 amictionis
2021 1519 2028 1525 ,

420 1559 513 1605 aut
554 1552 884 1621 paupertatis
909 1549 1296 1606 nostrae?Nam
1328 1551 1454 1606 licet
1502 1567 1566 1607 ea
1614 1569 1723 1607 non
1756 1554 1980 1623 perinde

420 1657 617 1711 magna
651 1642 760 1695 sint
789 1642 929 1710 apud
986 1651 1037 1697 te
1062 1680 1078 1707 ,
1113 1652 1173 1696 ut
1210 1642 1350 1710 apud
1388 1658 1489 1697 nos
1513 1682 1528 1707 ,
1585 1643 1678 1697 sed
1711 1659 1877 1713 egena
1924 1656 1979 1700 et

2090 552 2360 623 ἁμαρτίας
2391 551 2589 606 αὐτῶν.
2633 551 2892 624 Εῦχονται
2945 553 3002 607 δὲ
3052 552 3266 623 δοθῆναι
3318 553 3498 617 αὐτοῖς
3546 554 3644 625 τὴν

2089 644 2406 711 ἐπιφάνειαν
2435 642 2528 695 τοῦ
2558 643 2789 717 Χριστοῦ
2823 643 2918 714 τὴν
2965 643 3051 696 ἐπ’
3099 642 3338 712 ἐσχάτων
3375 642 3479 696 τῶν
3527 660 3647 696 καις-

2092 734 2217 804 ρῶν,
2254 733 2341 785 ἴνα
2377 733 2453 804 μὴ
2481 733 2577 803 τῆς
2603 720 2734 803 παρ’
2775 731 2937 787 αὐτοῦ
2971 734 3310 805 ἀμοιρήσωσι
3341 734 3483 804 ζωῆς
3504 750 3519 765 ·
3549 735 3644 788 καί

2087 841 2249 893 φασιν
2270 841 2284 854 ο
2316 823 2442 876 Ἵνα
2470 825 2526 876 τί
2558 824 2624 876 τὸ
2670 825 2991 891 πρόσωπόν
3029 839 3146 878 σου
3198 825 3595 895 ἀποκρύπτεις
3623 868 3639 891 ,

2085 915 2185 968 καὶ
2237 912 2607 983 ἐπιλανθάνῃ
2640 913 2751 982 τῆς
2792 915 3106 982 κακώσεως
3147 915 3315 986 ἡμῶν
3361 918 3459 972 καὶ
3514 920 3641 973 θλι-

2084 1008 2279 1073 ψεως;
2314 1004 2591 1077 Κρύπτεις
2629 1006 2726 1076 μὲν
2754 1007 2813 1059 τὸ
2841 1006 3062 1061 σεαυτοῦ
3096 1008 3400 1081 πρόσωπον,
3429 1012 3457 1065 ὀ
3488 1011 3637 1077 Θεὸς,

2082 1096 2178 1149 καὶ
2208 1095 2585 1165 ἀποστρέφεις,
2618 1095 2751 1165 πρὸς
2772 1095 2833 1147 τὸ
2863 1096 2936 1166 μὴ
2971 1095 3184 1166 βλέπειν
3216 1098 3283 1152 τὰ
3311 1100 3510 1171 αἰσχρά
3547 1104 3641 1157 καὶ

2082 1185 2328 1255 ἀπρεπῆ,
2363 1185 2458 1236 καὶ
2486 1185 2583 1253 τῆς
2608 1185 2704 1255 σῆς
2734 1183 2859 1248 θέας
2883 1186 3134 1257 ἀλλότρια
3155 1203 3169 1216 ⁸
3194 1187 3308 1241 ἀλλ’
3337 1190 3457 1242 ἐπεὶ
3483 1191 3643 1261 ήμεῇ

2082 1278 2175 1330 ἐπὶ
2209 1280 2322 1340 τοῖς
2350 1275 2585 1346 λεχθεῖσι
2617 1276 2999 1349 κατορθώμασι
3039 1281 3348 1351 παρρησίαν
3394 1282 3596 1355 ἄγομεν
3621 1323 3637 1349 ,

2082 1368 2167 1420 ἵνα
2196 1367 2249 1419 τί
2272 1366 2331 1420 τὸ
2358 1365 2645 1436 πρόσωπόν
2696 1384 2788 1419 σου
2830 1367 3121 1437 κρύπτειςις
3163 1370 3409 1425 Τοσαῦτα
3444 1373 3501 1427 δὲ
3537 1393 3644 1428 πα-Δ

2081 1458 2313 1527 σχόντων
2345 1458 2438 1510 καὶ
2473 1457 2922 1511 κακοπαθούντων
2956 1460 3052 1531 τῆς
3100 1461 3198 1532 σῆς
3246 1462 3428 1519 ἕνεκεν
3479 1465 3633 1519 εὐσε-

2079 1548 2250 1612 ϐεΓας,
2275 1550 2360 1602 ἵνα
2378 1550 2430 1601 τί
2449 1549 2775 1624 ἐπιλανθάνῃ
2798 1552 2894 1621 τῆς
2916 1551 3206 1617 κακώσεως
3220 1554 3394 1625 ἡμῶν,
3411 1556 3528 1626 ἦτοι
3545 1557 3639 1629 τῆς

2080 1641 2381 1710 πτωχείας;
2413 1641 2474 1693 Ei
2504 1641 2610 1712 γὰρ
2641 1643 2735 1695 καὶ
2767 1644 2975 1713 μεγάλα
3003 1644 3175 1699 ταῦτα
3208 1647 3283 1711 ὡς
3317 1648 3450 1719 πρὸς
3492 1651 3639 1719 ἡμᾶς

422 1747 584 1799 parva
635 1740 689 1785 et
733 1730 1097 1800 paucissima:
1135 1747 1328 1802 magna
1364 1741 1567 1797 tamen,
1602 1744 1867 1803 quatenus
1910 1750 1977 1790 ex

2087 1730 2145 1783 τὰ
2177 1729 2591 1802 κατορθώματα,
2642 1734 2758 1786 ἀλλ’
2807 1734 2881 1798 ὡς
2935 1735 3069 1806 πρὸς
3123 1737 3182 1789 σὲ
3221 1739 3396 1791 πάντα
3446 1739 3638 1809 πτωχὰ

420 1824 574 1877 nobis
624 1832 770 1878 sunt.
820 1822 1006 1893 Itaque
1056 1825 1466 1894 supplicamus,
1521 1842 1590 1881 ne
1638 1823 2025 1883 obliviscaris]

2087 1824 2173 1876 καὶ
2204 1823 2409 1894 σμικρᾶ
2442 1824 2534 1876 καὶ
2564 1824 2833 1894 ὀλίγιστα·
2869 1828 3007 1900 πλὴν
3036 1829 3110 1893 ὠς
3131 1829 3189 1894 ἐξ
3225 1830 3379 1901 ἡμῶν
3407 1832 3633 1902 μεγάλα.

418 1915 755 1985 paupertatis
780 1923 998 1982 nostra},
1034 1932 1067 1971 ο
1096 1915 1326 1972 Domine
1358 1934 1371 1971 :
1406 1917 1537 1987 quin
1591 1918 1772 1988 potius
1811 1921 1975 1974 remi-

419 2006 650 2069 niscaris
674 2006 999 2073 aﬁlictionis,
1021 2024 1183 2079 quam
1214 2010 1579 2067 sustinuimus
1612 2011 1688 2065 tui
1716 2026 1901 2068 causa.

2081 1916 2173 1969 Διὸ
2212 1916 2518 1986 ἱκετεύομεν
2553 1916 2625 1985 μὴ
2658 1917 2826 1989 λήθην
2868 1919 3191 1991 ποιήσασθαι
3239 1921 3339 1990 τῆς
3367 1921 3636 1993 ἡμετέρας

2082 2007 2350 2077 πτωχείας
2373 2024 2386 2036 ’
2420 2007 2717 2079 μνησθῆναι
2742 2011 2797 2064 δὲ
2837 2012 3053 2083 καὶτῆς
3094 2013 3321 2084 θλίψεως
3366 2014 3541 2085 ἡμῶν,
3565 2009 3635 2086 ἧς

2083 2099 2452 2171 ὑπεμείναμεν
2478 2099 2635 2180 χάριν
2664 2101 2779 2166 σοῦ,
2810 2097 2853 2156 ὦ
2882 2106 3142 2167 Δέσποτα.

1611 2248 1685 2305 Et
1715 2254 1768 2306 in
1796 2270 1999 2309 versum
2022 2266 2313 2327 sequentem
2341 2257 2428 2312 25.

486 2401 826 2459 Athanasius.
879 2403 1049 2461 Porro
1077 2407 1389 2477 depressam
1438 2410 1543 2465 sibi
1582 2418 1818 2465 mentem
1853 2426 1975 2466 esse

416 2491 604 2545 dicunt
630 2493 791 2548 etiam
821 2492 989 2551 Judaei
1019 2516 1031 2551 :
1065 2500 1191 2567 quia
1225 2510 1511 2571 postquam
1541 2518 1603 2557 ea
1649 2518 1770 2573 quae.
1814 2501 1976 2557 Chri-

415 2582 484 2641 sti
518 2591 645 2635 sunt
673 2586 877 2642 sentire
912 2600 1254 2660 recusarunt,
1287 2592 1609 2649 deciderunt
1653 2594 1708 2651 in
1743 2610 1967 2656 sensum

415 2672 721 2733 carnalem,

2153 2413 2265 2484 (74)
2317 2413 2677 2481 Ἀθανάσιος.
2736 2417 3172 2473 Τεταπεινῶσθαι
3217 2418 3274 2472 δὲ
3319 2419 3497 2473 αὐτῶν
3537 2421 3635 2490 τὴν

2079 2504 2255 2575 ψυχήν
2300 2523 2430 2575 φασι
2460 2508 2553 2560 καὶ
2608 2508 2877 2562 Ἰουδαῖοι·
2930 2510 3143 2581 ἐπειδὴ,
3190 2511 3536 2582 ἀπωσάμενοι
3576 2515 3637 2568 τὸ

2082 2601 2295 2668 φρονεῖν
2326 2596 2397 2651 τὰ
2440 2599 2673 2670 Χριστοῦ
2701 2639 2717 2666 ,
2752 2602 2831 2666 εἰς
2878 2600 3130 2673 φρόνημα
3167 2602 3463 2659 κατέπεσον
3509 2619 3641 2676 σαρ-

2082 2687 2253 2747 κικόν.

1633 2835 1767 2894 Item
1798 2842 1849 2896 in
1881 2856 2085 2898 versum
2114 2846 2382 2904 ultimum.

483 2984 825 3039 Athanasius.
870 2984 1073 3042 Deinde
1113 2987 1356 3046 indicant
1386 2991 1443 3045 bi
1500 3008 1689 3056 versus
1726 2997 1967 3055 vocatio-
1999 3005 2025 3067 (

2303 3004 2660 3074 Ἀϐανάσιος.
2696 3008 2806 3061 Καὶ
2832 3009 2939 3080 τὴν·
2963 3009 3020 3062 ὲν
3050 3009 3295 3081 ὕστέροις
3326 3011 3382 3063 δὲ
3429 3013 3641 3083 καιροῖς

421 3105 540 3143 nem
602 3086 753 3143 illam
808 3094 863 3143 et
910 3102 1324 3143 conversionem
1383 3088 1754 3145 lsraelitarum
1786 3127 1803 3154 ,
1856 3104 1975 3157 quae

2087 3098 2343 3169 ἐσομένην
2370 3099 2462 3153 τοῦ
2501 3101 2716 3173 Ἰσραὴλ
2745 3103 3072 3173 ἐπιστροφὴν
3110 3103 3203 3154 καὶ
3235 3103 3422 3174 κλῆσιν
3450 3106 3500 3157 οἱ
3530 3103 3643 3157 στί-

416 3185 625 3238 nltimis
652 3184 987 3252 temporibus
1024 3182 1256 3238 accidet.
1289 3182 1395 3248 Qui
1417 3184 1580 3239 etiam
1607 3184 1796 3239 dicunt
1824 3202 1837 3238 :
1864 3182 1975 3240 Re-

2087 3204 2165 3257 χοι
2200 3189 2568 3257 σημαίνουσιν.
2599 3192 2661 3243 Οἳ
2686 3193 2777 3245 καί
2802 3208 2963 3261 φασιν
2987 3208 3000 3221 '
3046 3192 3352 3246 Ἀντιλάϐου
3380 3193 3442 3264 δὴ
3463 3193 3638 3265 ἡμῶν,

417 3276 537 3343 cipe
562 3288 685 3339 nos,
730 3283 788 3328 et
816 3275 901 3329 sis
937 3262 1098 3329 nobis
1131 3275 1420 3344 propitius.
1474 3275 1711 3346 Tempus
1757 3291 1978 3346 quoque

2087 3272 2174 3329 καὶ
2204 3272 2341 3326 δίδου
2370 3275 2431 3328 τὸ
2458 3276 2702 3346 εὐμενές.
2728 3279 2837 3331 Καὶ
2867 3278 3054 3349 καιρὸν
3079 3279 3413 3350 ἐπιστροφῆς
3432 3262 3534 3352 τήν
3561 3281 3642 3344 είς

416 3367 793 3420 conversionis
823 3382 954 3431 suae,
981 3365 1142 3421 ﬁdem
1167 3367 1376 3422 scilicet
1408 3368 1462 3421 in
1496 3376 1569 3430 te,
1618 3384 1651 3423 ο
1685 3366 1849 3434 Deus,
1882 3381 1977 3421 ve-

2092 3363 2152 3417 σὲ
2200 3366 2455 3437 ἀληθινὴν
2517 3368 2696 3422 πίστιν
2748 3369 3096 3440 ὁμολογοῦσιν
3135 3388 3148 3402 ο
3186 3372 3477 3440 ἐπάγοντες
3528 3371 3591 3425 τό
3623 3387 3639 3404 ⁶

420 3472 533 3511 ram
589 3457 952 3525 conﬁtentur;
992 3460 1346 3528 subjicientes
1387 3458 1513 3512 illud
1558 3480 1570 3513 :
1610 3457 1835 3525 Propter
1884 3475 1978 3512 no-

2087 3454 2335 3511 ’Ἐνεκεν
2370 3456 2476 3511 τοῦ
2519 3460 2806 3529 ὀνόματός
2843 3477 2980 3526 σου,
3020 3461 3316 3533 διαρρήδην
3354 3461 3642 3532 ὁμολογοῦ-

419 3564 535 3602 men
579 3559 748 3612 tuum,
796 3550 999 3606 diserte
1039 3549 1313 3616 fatentur,
1354 3550 1498 3622 quod
1534 3566 1642 3607 non
1687 3549 1797 3605 sint
1831 3547 1981 3618 digni

2087 3566 2168 3602 σιν
2199 3588 2213 3611 ,
2242 3549 2315 3613 ὡς
2344 3550 2442 3603 οὐκ
2469 3549 2608 3616 ἄξιοι
2634 3551 2726 3604 τοῦ
2765 3551 3029 3605 ἐλεεῖσθαι
3079 3554 3214 3609 εἰσιν
3250 3554 3298 3605 οἱ
3332 3553 3471 3607 κατὰ
3510 3554 3642 3623 Χρι-

418 3641 511 3710 qui
554 3642 983 3697 misericordiam
1038 3653 1469 3713 consequantur,
1521 3642 1665 3711 quod
1719 3640 1979 3696 contrarii

2087 3640 2209 3694 στοῦ
2238 3641 2533 3720 γενόμενοι.
2565 3642 2770 3713 Πρέπει
2810 3659 2873 3711 γε
2911 3645 3015 3715 μὴν
3039 3644 3099 3697 τὸ
3130 3644 3298 3697 ἐλεεῖν
3346 3644 3514 3714 αὐτῷ,
3547 3644 3639 3697 καὶ

419 3731 638 3785 Christo
666 3730 890 3789 fuerint.
922 3733 989 3791 Et
1022 3744 1201 3790 tamen
1236 3736 1461 3805 dignum
1503 3740 1585 3788 est
1636 3733 1772 3802 ipso,
1820 3734 1982 3787 mise-

2087 3732 2473 3804 κατοικτείρειν
2506 3736 2617 3796 τοῖς
2647 3734 3005 3804 ἀνθρωπίνοις
3056 3735 3358 3806 πταίσμασι
3382 3736 3469 3790 ’δι’
3517 3737 3640 3789 ἑαυ-

420 3824 527 3877 reri
552 3834 603 3878 et
626 3825 906 3896 ignoscere
931 3828 1173 3898 lapsibus
1194 3828 1447 3882 humanis
1472 3832 1690 3895 propter
1718 3825 1979 3893 seipsum.

2087 3824 2192 3877 τόν.
2226 3826 2363 3896 Φησὶ
2393 3824 2533 3895 γάρ·
2569 3828 2649 3878 Οὐ
2675 3825 2749 3878 δι’
2782 3825 2936 3894 ὑμᾶς
2968 3826 3082 3896 ἐγὼ
3111 3826 3276 3893 ποιῶ,
3309 3825 3470 3899 λέγει
3513 3825 3638 3883 Κύ-

416 3914 506 3969 Ait
536 3917 679 3971 enim
706 3937 720 3972 :
765 3918 887 3974 Non
914 3920 1053 3990 facio
1084 3930 1300 3990 propter
1341 3936 1451 3985 vos,
1482 3918 1658 3989 inquit“
1693 3916 1976 3981 Dominus,

2087 3932 2226 3983 ριος,
2255 3916 2391 3971 ἀλλ’
2423 3916 2459 3986 ἢ
2494 3916 2592 3971 διὰ
2611 3919 2676 3971 τὸ
2699 3915 2887 3988 ὄνομά
2911 3935 3050 3987 μου.

416 4003 507 4060 sed
538 4017 748 4076 prapter
776 4025 961 4064 nomen
999 4026 1168 4064 meum
1186 4012 1254 4065 “.

495 4144 687 4226 Deinde
713 4147 948 4215 sequitur
990 4157 1355 4217 argumentum
1387 4149 1441 4201 in
1474 4148 1735 4216 psalmum
1770 4157 1891 4201 mv
1935 4141 2131 4196 eisdem
2167 4157 2381 4195 prorsus
2411 4140 2575 4193 verbis
2625 4139 2813 4209 quibus
2865 4138 3085 4192 habetur
3137 4153 3337 4207 supra;
3379 4153 3540 4208 quare

418 4230 669 4271 omissum
701 4227 796 4272 est.
3430 4254 3431 4257 “

767 4379 834 4434 Et
859 4382 912 4433 in
940 4394 1141 4433 versum
1190 4378 1441 4447 primum,
1469 4376 1748 4447 prtemissa
1794 4372 2009 4439 Basilii,
2034 4366 2395 4441 Citrysostomi
2425 4376 2473 4423 et
2519 4365 2736 4422 Eusebii
2760 4367 3038 4432 sententia,
3074 4365 3304 4435 subjicit.

492 4531 716 4602 Magnus
746 4547 874 4587 vero
907 4532 1328 4597 Athanasius,et
1357 4533 1514 4588 divus
1540 4531 1798 4602 Cyrillus,
1819 4527 1975 4598 quasi
2010 4547 2025 4601 ι

2153 4523 2264 4593 (76)
2300 4523 2613 4587 Ἀθανάσιος
2642 4523 2697 4576 δὲ
2718 4525 2746 4577 ὁ
2772 4524 2911 4577 πάνυ
2942 4522 3037 4577 καὶ
3056 4524 3085 4575 ὁ
3107 4520 3247 4584 θεῖος
3275 4516 3537 4590 Κύριλλος
3570 4514 3644 4577 ὡς

419 4627 533 4679 btec
566 4640 629 4680 ex
663 4639 895 4695 persona
937 4622 1031 4678 Dei
1087 4632 1143 4676 et
1190 4621 1368 4676 Patris
1406 4623 1736 4683 dicerentur,
1782 4618 1981 4673 intelli-

2087 4620 2145 4672 ἐκ
2173 4615 2464 4686 προσώπου
2498 4615 2591 4668 τοῦ
2632 4614 2766 4668 Θεοῦ
2798 4616 2893 4668 καὶ
2938 4613 3147 4685 Πατρὸς
3177 4609 3429 4679 λέγεσθαι
3474 4607 3645 4670 ταῦτα

421 4724 554 4787 gunt
580 4731 641 4770 ea
679 4715 747 4771 de
778 4713 977 4780 Verbo,
1007 4714 1153 4784 quod
1178 4714 1317 4783 apud
1340 4713 1554 4767 Patrem
1595 4718 1713 4766 erat
1742 4711 1794 4764 in
1829 4711 1980 4779 prin-

2087 4711 2259 4762 νοοῦσι
2294 4708 2421 4779 περὶ
2450 4705 2549 4759 τοῦ
2572 4707 2630 4759 ὲν
2658 4707 2800 4778 ἀρχῇ
2826 4704 2975 4767 ὄντος
3003 4703 3139 4774 πρὸς
3172 4701 3332 4754 αὑτὸν
3364 4698 3558 4769 Λόγου,
3586 4696 3644 4750 δν

420 4810 561 4876 cipio
587 4826 601 4869 ;
631 4807 796 4877 quod,
832 4807 1107 4876 inquiunt,
1147 4804 1551 4875 quodammodo
1583 4818 1647 4857 ex
1681 4801 1841 4857 corde
1888 4807 1983 4853 aut

2087 4802 2149 4854 ὲκ
2179 4802 2278 4871 τῆς
2305 4800 2466 4853 οἱονεὶ
2490 4798 2715 4870 καρδίας
2743 4797 2776 4867 ἢ
2807 4796 2985 4851 αὐτῶν
3006 4796 3111 4848 τῶν
3128 4794 3468 4864 σπλάγχνων,
3493 4790 3643 4862 φασὶ,

418 4895 554 4964 ipsis
589 4894 894 4949 visceribus
943 4894 1247 4963 progenuit.
1280 4893 1356 4947 De
1397 4908 1506 4963 quo
1532 4892 1695 4946 etiam
1726 4891 1859 4945 dicit
1887 4905 1982 4959 per

2087 4893 2389 4965 προήγαγε.
2439 4890 2574 4963 Περὶ
2604 4882 2666 4942 οῦ
2702 4890 2796 4943 καὶ
2824 4886 2973 4956 λέγει
3016 4886 3102 4940 διὰ
3143 4886 3336 4939 Δαυῖδ·
3383 4882 3648 4953 tam“)-

419 4985 675 5041 Davidetn
704 5005 717 5040 :
750 4986 1023 5041 Eructavit
1055 5003 1146 5040 cor
1176 5001 1347 5038 meum
1382 4985 1591 5038 verbum
1618 4985 1829 5037 bonum.
1850 4981 1983 5036 Pro-

2089 4984 2238 5050 ξατο
2271 4985 2310 5051 ή
2331 4981 2542 5050 καρδία
2560 4999 2678 5050 μου
2699 4982 2885 5048 λόγον
2907 4979 3144 5049 ἀγαθόν.
3166 4978 3207 5030 Γ
3208 4976 3492 5046 εγέννηται
3517 4974 3641 5042 γὰρ,

419 5087 615 5148 gnatus
638 5095 872 5149 namque
918 5088 999 5135 est
1026 5078 1226 5141 Filius,
1256 5085 1316 5133 ut
1347 5092 1528 5132 sermo
1556 5090 1621 5130 ex
1652 5083 1854 5139 mente,
1882 5073 1983 5128 bo-

2088 5076 2165 5138 ὡς
2186 5074 2341 5142 λόγος
2373 5074 2438 5127 ὲκ
2472 5070 2587 5135 νοῦ,
2621 5071 2824 5140 ἀγαθὸς
2855 5069 2915 5135 ἐξ
2950 5066 3175 5139 ἀγαθοῦ,
3212 5067 3344 5131 Θεὸς
3382 5068 3447 5118 ὲκ
3490 5061 3640 5118 Θεοῦ.

419 5183 523 5221 nus
555 5182 620 5222 ex
656 5168 821 5235 bono,
868 5168 1012 5223 Deus
1049 5184 1115 5223 ex
1147 5167 1277 5223 Deo.
1331 5165 1742 5223 Observandum
1799 5180 1981 5235 porro,

2092 5166 2282 5237 Ἀθρει
2329 5164 2386 5218 δὲ
2418 5164 2493 5228 ὡς
2524 5163 2651 5235 περὶ
2700 5162 3211 5234 ὲνανθρωπήσαντος
3256 5158 3349 5213 τοῦ
3387 5155 3519 5211 Υίοῦ
3565 5153 3646 5207 λέ-

422 5258 568 5327 loqui
596 5258 809 5315 Patrem
844 5260 911 5315 de
935 5259 1071 5315 Filio
1107 5268 1362 5326 tanquam
1388 5260 1690 5321 incarnato,
1726 5272 1854 5311 cum
1886 5256 1981 5310 ait:

2088 5272 2253 5325 γοντα
2284 5253 2374 5307 τὸν
2408 5252 2625 5323 Πατέρα
2650 5269 2663 5282 ·
2701 5250 2862 5321 Λέγω
2889 5249 3003 5319 ἐγὼ
3034 5250 3105 5304 τὰ
3134 5250 3275 5318 ἔργα
3293 5262 3413 5315 μου
3443 5239 3519 5307 τῷ
3535 5241 3645 5305 βα-

419 5345 551 5401 Dico
572 5365 663 5420 ego
692 5367 847 5420 opera
874 5367 987 5405 mea
1013 5351 1139 5420 regi.
1180 5348 1314 5403 Nam
1373 5357 1583 5405 tantum
1618 5362 1726 5401 non
1756 5346 1987 5413 promit-

2091 5346 2273 5406 szZ.
2290 5347 2525 5401 Μονονου
2531 5344 2588 5415 xi
2607 5343 2679 5413 γά
2684 5361 2716 5415 ρ
2730 5343 3171 5414 καθυπισχνεῖται
3183 5338 3453 5394 διδάσκειν
3466 5334 3644 5401 αὑτὸν,

523 5525 581 5584 ³⁸,
599 5523 789 5582 Ezecb.
830 5542 921 5590 xx,
953 5525 1045 5587 ﬂ.

519 5680 607 5758 ξε)
634 5680 845 5758 ltzccim
887 5700 1029 5758 vine.
1502 5755 1537 5758 Α
1680 5756 1688 5758 Α
1726 5757 1731 5758 ί
1818 5755 1845 5758 γ’
2171 5685 2279 5758 (76)
2309 5687 2643 5756 Expressum
2696 5700 2760 5740 ex
2794 5676 3231 5752 interpretatione
3277 5674 3474 5745 psalmi
3503 5684 3637 5731 xm.

496 5745 603 5813 (75)
633 5748 754 5804 Haec
781 5753 1022 5807 auctiora
1059 5762 1185 5809 sunt
1205 5770 1367 5816 quam
1412 5758 1466 5812 in
1490 5755 1944 5813 Expositionibus.

2040 5842 2121 5864 ..πρε
