3946 6222
370 279 477 338 565

1396 283 1825 341 FRAGMENTA
1863 285 2222 341 COMMENT.
2268 285 2336 339 ΙΝ
2372 282 2714 339 PSALMOS.

3530 284 3630 342 566

367 396 573 463 ὁποίοις
594 402 709 453 τισὶ
725 399 903 468 λόγοις
941 401 1224 471 χρήσεται.
1273 399 1584 472 ἐμϐιϐάζων
1620 404 1765 474 ἡμᾶς
1788 405 1866 465 εἰς
1892 402 1937 456 τε

2056 402 2121 456 tit
2150 416 2208 456 se
2240 401 2419 470 ipsum
2450 398 2774 454 edocturum
2795 435 2809 460 ,
2844 397 3153 467 cujusmodi
3206 400 3387 457 verbis
3420 405 3498 457 uti
3535 406 3630 461 de-

366 487 501 560 δρᾷν
536 487 605 541 τά
626 488 766 560 ἔργα
784 488 1157 561 αὐτοῦ.Ἔργα
1177 490 1235 544 δὲ
1259 489 1395 543 Θεοῦ
1424 508 1604 562 φαμεν
1632 492 1728 563 τὴν
1754 491 1948 563 εὐσεϐῆ

365 579 790 651 ﬁnemﬁnem
801 580 888 635 διὰ
903 581 1009 635 τῶν
1021 582 1392 651 εὐαγγελικῶν
1409 600 1478 654 κη
1488 601 1586 655 ρυγ
1595 583 1775 653 μάτων
1791 586 1951 653 γέγο-

366 687 457 725 νεν
478 673 612 743 ἡμῖν
635 673 905 743 ἐμφανής.
939 671 1265 744 Προσλαλῶν
1297 672 1354 725 δὲ
1389 672 1623 745 Χριστὸς
1677 673 1949 737 Ἰουδαίοις

364 764 435 818 τὰ
463 766 712 837 χρήσιμα
742 765 880 837 πρὸς
915 767 1212 837 σωτηρίαν,
1248 766 1326 837 τῷ
1362 768 1536 838 Πατρὶ
1587 768 1712 831 τοὺς
1752 766 1945 821 ἑαυτοῦ

365 857 558 926 λόγους
583 858 815 911 ἀνετίθει
849 858 1019 926 λέγων
1039 875 1053 889 ·
1094 860 1219 912 Ἀπ’
1255 859 1514 928 ἐμαυτοῦ
1548 858 1694 912 ποιῶ
1720 859 1899 911 οὐδέν
1930 876 1943 889 ·

364 949 460 1003 καὶ
491 948 652 1002 πάλιν
677 966 690 980 ·
743 949 797 999 '0
830 948 1034 1016 Πατὴρ
1056 946 1259 1019 ἀγαπᾷ
1293 948 1399 1002 τὸν
1435 947 1589 1011 Υἰόν,
1620 949 1716 1001 καὶ
1750 947 1947 1001 πάντα

363 1040 680 1095 deberetur
724 1039 884 1105 αὐτῷ
923 1038 962 1093 ἀ
1005 1040 1189 1106 αὐτὸς
1235 1039 1410 1094 ποιεῖ.
1460 1039 1631 1093 Καλεῖ
1683 1039 1738 1092 δὲ
1784 1039 1945 1092 αὑτὸν

366 1130 590 1203 βασιλέα
619 1130 763 1184 κατά
796 1131 988 1201 καιρὸν
1020 1133 1048 1184 6
1094 1131 1305 1202 Πατὴρ,
1355 1131 1429 1194 ὡς
1484 1132 1550 1184 ἂν
1608 1130 1683 1202 μὴ
1738 1129 1814 1201 τῷ
1847 1131 1947 1201 τῆς

364 1224 837 1296 ἐνανθρωπήσεως
869 1224 1054 1296 μέτρῳ
1081 1223 1205 1295 δόξῃ
1241 1224 1339 1293 τῆς
1368 1222 1595 1293 ἐνούσης
1622 1222 1770 1293 αὐτῷ
1802 1222 1944 1275 κατὰ

363 1318 524 1389 φύσιν
557 1317 714 1383 ἀξίας
743 1317 1134 1390 ἀποφέρεσθαι.
1164 1319 1384 1387 Ἔμεινε
1419 1317 1529 1387 γὰρ
1557 1317 1652 1371 καὶ
1682 1315 1820 1387 μετὰ
1844 1317 1943 1386 τὴν

360 1412 672 1482 οἰκονομίαν
692 1411 843 1465 οὐδὲν
864 1408 1047 1484 ἦττον,
1083 1413 1147 1463 ὲκ
1171 1409 1432 1481 βασιλέως
1461 1408 1537 1464 ὢν
1576 1410 1669 1464 τοῦ
1704 1410 1938 1479 Πατρὸς,

362 1503 639 1574 βασιλεὺς,
675 1504 769 1557 καὶ
816 1504 1006 1573 ὥσπερ
1053 1502 1303 1572 βασιλεὺς
1339 1502 1597 1572 ὑπάρχων
1648 1501 1747 1554 καὶ
1786 1502 1939 1564 Θεὸς,

359 1599 435 1661 εἰς
463 1596 731 1666 βασιλέως
763 1596 938 1668 ἀρχὴν
972 1596 1192 1664 λέγεται
1222 1592 1498 1666 ἔρχεσθαι,
1528 1593 1617 1648 διὰ
1648 1593 1710 1647 τὸ
1744 1610 1940 1664 σεσαρ-

356 1689 586 1744 κῶσθαι.
623 1688 781 1744 Οὕτω
818 1691 913 1744 καὶ
965 1690 1108 1761 άπερ
1168 1685 1275 1742 οἶδε
1324 1688 1567 1758 φυσικῶς
1598 1731 1612 1755 ,
1663 1689 1738 1752 ὡς
1781 1689 1934 1752 Θεὸς,

2052 495 2198 562 beat,
2229 494 2494 549 inducens
2516 506 2640 557 nos,
2687 497 2749 545 ut
2792 488 3060 545 faciamus
3093 506 3265 561 opera
3284 493 3424 563 ejus.
3453 494 3628 566 Opera

2052 602 2184 644 vero
2218 586 2321 641 Dei
2363 586 2623 649 dicimus,
2667 583 2814 654 piam
2858 585 3357 654 conversationem,
3387 602 3509 657 quae
3536 603 3630 657 per

2051 679 2492 751 praedicationem
2528 676 2901 746 evangelieam
2941 676 3103 732 nobis
3133 675 3486 733 manifestata
3523 689 3630 734 est.

2050 769 2303 826 Christus
2337 786 2486 836 vero,
2521 785 2645 825 eum
2676 777 2975 840 exponeret
3021 767 3225 825 Iudaeis
3273 786 3396 840 quae
3430 771 3499 826 ad
3535 786 3628 825 sa-

2049 865 2219 919 lutem
2260 864 2522 931 facerent,
2572 863 2801 918 ascribit
2844 878 2909 918 ea
2949 861 3097 917 Patri
3134 879 3268 929 suo,
3324 864 3578 934 inquiens
3612 883 3626 916 :

2050 958 2094 1011 Α
2139 973 2219 1010 me
2269 958 2382 1026 ipso
2412 955 2545 1009 nihil
2600 955 2777 1024 facio;
2833 959 2887 1009 et
2934 968 3156 1008 rursum
3202 951 3410 1007 :Pater
3444 954 3626 1023 diligit

2050 1046 2275 1111 Filium,
2306 1056 2354 1100 et
2379 1045 2607 1100 ostendit
2642 1047 2744 1115 ipsi
2777 1047 2954 1098 omnia
2993 1061 3110 1115 quae
3142 1045 3354 1114 facit".
3377 1046 3628 1115 Appellat

2046 1154 2176 1194 vero
2229 1139 2391 1193 etiam
2430 1137 2590 1192 Pater
2620 1137 2821 1192 Filium
2860 1153 3041 1209 regem
3089 1152 3189 1207 pro
3236 1147 3498 1207 tempore,
3558 1156 3627 1195 ne

2048 1230 2302 1286 videatur
2331 1230 2713 1285 mediocritate
2749 1228 3149 1287 incarnationis
3198 1229 3403 1299 aliquid
3437 1231 3620 1285 detra-

2046 1322 2176 1376 here
2207 1322 2500 1391 majestati,
2549 1339 2714 1392 quam
2770 1338 2868 1392 per
2899 1334 3150 1379 naturam
3183 1323 3369 1378 habet.
3415 1321 3618 1379 Mansit

2044 1413 2190 1470 enim
2218 1416 2383 1468 etiam
2430 1426 2551 1483 post
2592 1417 3029 1470 incarnationem
3079 1416 3442 1472 nihilominus
3497 1433 3617 1483 rex,

2046 1517 2290 1562 natusex
2324 1507 2485 1563 Patre
2516 1525 2673 1579 rege:
2703 1517 2757 1564 et
2789 1509 2911 1563 licet
2951 1525 3045 1563 rex
3086 1519 3250 1580 atque
3276 1507 3448 1572 Deus.
3480 1508 3620 1564 dici-

2046 1608 2135 1653 tur
2166 1599 2232 1652 ad
2262 1601 2465 1668 regiam
2505 1600 2824 1671 dignitatem
2869 1602 3067 1664 evehi,
3101 1611 3322 1671 prepter
3364 1600 3617 1654 incarna-

2045 1691 2273 1745 tionem.
2304 1689 2585 1757 Similiter,
2617 1708 2957 1762 qutecunque
2989 1694 3313 1748 naturaliter
3354 1694 3509 1748 novit
3559 1702 3618 1747 ut

353 1784 524 1837 ταῦτα
558 1783 724 1837 πάλιν
752 1783 974 1837 ἀκούειν
1002 1782 1220 1852 λέγεται
1254 1782 1343 1836 διὰ
1378 1783 1439 1836 τὸ
1472 1781 1809 1854 ἀνθρώπινον
1860 1785 1937 1835 ol-

2046 1780 2214 1844 Deus,
2249 1783 2435 1836 eadem
2473 1799 2691 1837 rursum
2727 1783 2917 1839 audire
2943 1786 3143 1839 dicitur
3167 1784 3464 1840 secundum
3512 1785 3618 1838 hu—

351 1875 682 1947 κονομικῶς.
710 1875 946 1949 Χριστὸς
974 1876 1083 1947 γάρ
1107 1877 1254 1930 ἐστιν
1282 1877 1309 1927 6
1336 1875 1609 1947 βασιλεὺς,
1707 1874 1775 1927 τὰ
1802 1874 1940 1946 ἔργα

350 1967 496 2036 λέγει
547 1970 577 2021 6
640 1968 851 2037 Πατήρ.
911 1969 1007 2020 Ὃν
1053 1966 1109 2019 δὲ
1166 1967 1355 2037 εἴρηκε
1402 1966 1593 2034 Λόγον,
1628 1964 1939 2017 τοῦτονκαὶ

347 2059 611 2130 γλῶσσαν.
625 2058 792 2114 αὑτοῦ
822 2058 1122 2112 ἀποκαλεῖ·
1145 2059 1220 2122 ὠς
1242 2059 1341 2128 οὐχ
1371 2058 1557 2129 ἕτερόν
1588 2074 1642 2110 τι
1671 2056 1937 2110 λαλοῦντα

347 2153 489 2225 πλὴν
520 2154 550 2206 ὃ
571 2172 626 2207 τι
654 2153 711 2205 ὲν
742 2151 892 2223 αὐτῷ
914 2152 1180 2223 πατρικόν
1202 2154 1319 2205 ἐστι
1351 2149 1621 2222 βούλημα.
1655 2151 1766 2203 Καὶ
1802 2147 1935 2218 παρ’

342 2247 478 2319 ἡμῖν
514 2246 621 2319 γὰρ
652 2247 871 2316 γλῶττα
902 2244 1296 2317 διαπορθμεύει
1332 2248 1445 2307 τοῖς
1494 2244 1598 2309 ἔξω
1649 2243 1740 2296 τὸν
1786 2241 1931 2296 νοῦν.

341 2338 629 2409 Κάλαμος
656 2339 726 2393 δὲ
768 2337 1154 2410 γραμματέως
1185 2335 1528 2406 όξυγρὰφου
1568 2335 1883 2409 ὠνόμασται
1918 2374 1933 2400 ,

341 2430 431 2485 διὰ
460 2432 523 2484 τὸ
560 2432 743 2501 λέγειν
774 2449 829 2485 τι
858 2432 953 2485 καὶ
979 2431 1180 2494 εὐθέως
1212 2429 1487 2499 γενέσθαι,
1519 2428 1594 2493 ὡς
1621 2428 1683 2481 τό
1704 2446 1717 2458 ο
1747 2427 1931 2498 Λέγωξο

342 2520 776 2593 Καθαρίσθητι,
812 2523 914 2577 καὶ
940 2521 1161 2588 εὐθέως
1184 2521 1553 2590 ἐκαθαρίσθη
1574 2536 1588 2549 ο
1613 2519 1932 2581 Νεανίσκε,

340 2617 441 2670 σοὶ
497 2615 678 2687 λέγω,
739 2616 1033 2686 ἐγέρθητι,
1070 2615 1169 2668 καὶ
1205 2612 1424 2679 εὐθέως
1471 2611 1713 2683 ἠγέρθη.
1775 2609 1936 2663 Ἀλλά

2042 1872 2382 1937 manitatem,
2418 1889 2641 1942 prepter
2660 1875 3147 1944 dispensationem.
3184 1875 3441 1931 Christus
3470 1877 3619 1929 enim

2042 1974 2125 2019 est
2146 1980 2239 2019 rex
2280 1965 2390 2028 ille,
2437 1967 2526 2019 cui
2578 1980 2742 2036 opera
2794 1982 2890 2023 sua
2942 1967 3102 2024 Pater
3152 1968 3396 2039 exponit.
3445 1967 3617 2023 Ponro

2041 2074 2204 2128 quem
2242 2057 2477 2113 Verbum
2520 2059 2677 2126 dixit,
2724 2061 2870 2115 hunc
2915 2062 3155 2131 linguam
3197 2077 3352 2117 suam
3401 2077 3619 2133 quoque

2040 2152 2309 2221 appellat:
2337 2167 2401 2206 eo
2432 2153 2576 2223 quod
2623 2153 2761 2207 nihil
2814 2154 2961 2209 aliud
2995 2170 3165 2225 quam
3207 2153 3388 2210 Patris
3420 2154 3617 2210 volun-

2040 2251 2207 2297 tatem
2235 2243 2512 2313 loquatur.
2540 2242 2673 2299 Nam
2698 2248 2861 2300 etiam
2891 2246 2944 2300 in
2972 2247 3135 2301 nobis
3168 2247 3374 2317 lingua,
3410 2247 3614 2301 mentis

2039 2350 2200 2391 sensa
2229 2336 2352 2392 aliis
2378 2338 2537 2409 quasi
2568 2337 2924 2393 transfretare
2947 2337 3099 2394 facit.
3133 2338 3342 2394 Dicitur
3373 2354 3613 2408 quoque,

2038 2423 2276 2479 calamus
2310 2425 2497 2480 scriba:
2549 2427 2796 2481 velociter
2844 2428 3145 2493 scribentis,
3182 2428 3330 2498 quod
3372 2444 3495 2500 qua:
3528 2427 3615 2482 lo-

2038 2517 2244 2586 quitur,
2279 2518 2426 2573 illico
2459 2519 2621 2574 etiam
2665 2520 2720 2574 in
2751 2518 3001 2575 eﬂ‘ectum
3029 2520 3297 2576 deducat:
3342 2520 3614 2591 quemad~

2038 2608 2259 2664 modum
2284 2610 2454 2666 illud:
2490 2609 2773 2676 Mundare,
2796 2622 2846 2666 et
2885 2613 3067 2669 statim
3105 2611 3391 2665 mundatus
3426 2621 3502 2665 est
3540 2611 3610 2666 ".

342 2708 439 2761 καὶ
469 2708 548 2771 ὼς
578 2707 827 2779 κάλαμος
856 2708 1023 2774 ὀξέως
1057 2706 1323 2777 ἐγγράφει
1346 2707 1467 2769 ταῖς
1497 2705 1745 2777 καρδίαις
1777 2706 1934 2776 ἡμῶν

2046 2698 2373 2769 Adolescens,
2404 2702 2523 2756 dico
2576 2702 2694 2768 tibi,
2740 2701 2931 2774 Surge,
2968 2712 3020 2757 et
3046 2704 3231 2757 statim
3268 2703 3502 2756 surrexit
3543 2701 3613 2757 ”.

340 2800 400 2852 τὸ
432 2798 688 2869 βούλημα
713 2798 806 2853 τοῦ
848 2798 1084 2871 Πατρός.
1116 2797 1373 2868 Βούλημα
1418 2796 1497 2861 δὲ,
1552 2797 1717 2867 φησὶν
1746 2796 1929 2861 αὐτὸς,

2036 2787 2360 2861 Quanquam
2406 2793 2570 2846 etiam
2626 2794 2681 2848 in
2720 2794 2980 2850 cordibus
3030 2793 3234 2849 nostris
3264 2801 3324 2846 ut
3366 2792 3612 2846 calamus

337 2892 434 2945 τοῦ
476 2892 716 2964 Πατρὸς,
752 2892 878 2947 Ἵνα
906 2889 1025 2945 πᾶν
1062 2889 1093 2944 ὃ
1122 2890 1343 2943 δέδωκέ
1364 2907 1487 2959 μοι,
1518 2890 1605 2959 μὴ
1650 2889 1933 2943 ἀπολέσω

2046 2883 2296 2938 velociter
2326 2884 2590 2939 inscribat
2628 2886 2963 2941 voluntatem
2991 2883 3189 2939 Patris.
3226 2882 3486 2939 Voluntas
3512 2899 3612 2936 au-

338 2984 406 3050 ὲξ
442 2985 659 3040 αὑτοῦ.
705 2984 861 3049 Ὀξὺς
888 2984 946 3038 δὲ
970 2986 999 3038 6
1037 2983 1400 3055 κάλαμοςτοῦ
1445 2983 1679 3054 Πατρός.
1727 2983 1785 3036 '0
1834 2983 1932 3052 μὲν

2046 2982 2145 3029 tem
2178 2974 2359 3032 Patris
2395 2986 2499 3045 est,
2543 2987 2601 3032 ut
2634 2979 2864 3047 ipsemet
2905 2978 3014 3032 ait:
3054 2976 3116 3032 Ut
3149 2991 3299 3031 omne
3350 2973 3488 3046 quod
3528 2979 3613 3027 de-

342 3079 733 3151 γὰρ,Μωσέως
761 3079 926 3149 νόμος
945 3078 1034 3133 διὰ
1062 3077 1169 3132 τῶν
1192 3077 1334 3131 κατὰ
1361 3077 1422 3130 τὸ
1445 3078 1681 3150 γράμμα
1714 3076 1932 3132 κύκλων

2046 3067 2115 3121 dit
2134 3068 2287 3134 mihi,
2320 3069 2456 3125 nihil
2476 3070 2696 3139 perdam
2724 3084 2789 3125 ea:
2810 3085 2869 3123 eo
2896 3069 2962 3124 ³⁰.
2997 3065 3166 3127 Velox
3194 3082 3323 3121 vero
3350 3074 3435 3120 est
3467 3063 3614 3121 caia-

340 3170 604 3244 ἀμυδρῶς
662 3171 851 3242 ἐδήλου
900 3170 972 3224 τὰ
1013 3171 1293 3242 χρήσιμα·
1337 3172 1366 3223 ὁ
1409 3171 1467 3223 δὲ
1515 3170 1692 3234 κοινὸς
1739 3169 1929 3241 Σωτὴρ

2046 3178 2162 3219 mus
2188 3162 2389 3219 Patris.
2421 3162 2532 3222 Lex
2564 3179 2801 3233 namque
2849 3162 3017 3221 Mosis
3053 3176 3147 3231 per
3178 3160 3376 3215 ductus
3406 3158 3615 3213 littera-

343 3263 628 3334 συντόμως
651 3263 889 3334 ἐδήλωσε
917 3263 979 3317 τὸ
1013 3262 1226 3332 θέλημα
1247 3261 1342 3315 τοῦ
1366 3263 1600 3334 Πατρός.
1636 3263 1931 3335 Ἕστιηγὰρ

2046 3273 2158 3312 rum
2183 3256 2507 3326 perobseure
2540 3255 2866 3325 significavit
2899 3270 2964 3310 ea
3017 3269 3139 3323 quae
3191 3252 3260 3307 ad
3313 3252 3608 3306 utilitatem

339 3356 603 3426 Μεγάλης
627 3355 827 3431 βουλῆς,
858 3356 1104 3425 ἄγγελος.
1142 3354 1256 3410 Καὶ
1280 3358 1487 3427 λόγον,
1521 3357 1675 3428 φησὶ,
1711 3373 1927 3411 συντε-

2046 3344 2322 3398 hominum
2355 3353 2524 3399 sunt:
2559 3342 2809 3399 Salvator
2842 3359 2971 3398 vero
3015 3341 3318 3397 communis
3348 3341 3402 3395 in
3458 3356 3611 3397 com-

339 3448 647 3519 τμημένον
668 3428 909 3514 ποιήσει
939 3447 1161 3518 Κύριος
1192 3450 1262 3503 ἐν
1286 3446 1362 3519 τῇ
1386 3449 1707 3520 οἰκουμένῃ
1738 3448 1871 3521 ὅλῃ.

2046 3437 2235 3507 pendio
2266 3436 2662 3493 demonstravit
2692 3437 2852 3491 nobis
2892 3436 3230 3492 voluntatem
3270 3433 3467 3489 Patris.
3516 3428 3615 3486 Est

2037 3526 2181 3581 enim
2205 3526 2391 3597 magni
2427 3527 2643 3583 consilii
2682 3527 2931 3599 angelus.
2990 3524 3061 3580 Et
3106 3525 3357 3589 verbum,
3399 3523 3610 3593 inquit,

2037 3621 2395 3679 abbreviatum
2429 3620 2590 3689 faciet
2618 3618 2877 3675 Dominus
2900 3620 2953 3672 in
2985 3619 3230 3673 universo
3269 3616 3392 3670 orbe
3415 3614 3480 3668 ³¹.

344 3793 409 3850 Et
444 3797 499 3848 in
531 3794 767 3865 ejusdem
791 3796 988 3864 psalmi
1004 3797 1122 3853 Itazc
1148 3786 1304 3852 verba
1333 3812 1355 3852 :
1390 3816 1409 3850 ι
1446 3798 1610 3865 Audi,
1642 3799 1781 3867 ﬁlia,
1811 3806 1860 3852 et
1897 3796 2030 3859 vide,
2057 3782 2091 3850 ἰ
2123 3806 2248 3861 etc.,
2284 3804 2560 3866 postquam
2592 3795 2787 3854 Basilii
2821 3804 2870 3850 et
2899 3793 3269 3867 Chrysostomi
3304 3790 3610 3846 exelicatio-

887 3884 1023 3936 nem,
1055 3870 1145 3939 qui
1181 3876 1348 3923 totum
1376 3868 1513 3923 hunc
1552 3866 1725 3924 locum
1753 3870 1816 3924 de
1848 3867 2089 3922 Ecclesia
2119 3867 2443 3937 intelligunt,
2474 3868 2754 3936 praemisit,
2787 3866 2997 3933 subjicit
3025 3882 3044 3919 :

432 4027 526 4097 77)
572 4026 888 4092 Ἀθανάσιος
918 4028 975 4082 δὲ
1003 4030 1031 4082 6
1071 4033 1213 4084 πάνυ
1259 4031 1351 4083 καὶ
1388 4033 1454 4101 τῇ
1502 4031 1635 4101 ἁγίᾳ
1679 4030 1927 4101 Θεοτὸκῳ

2107 4027 2439 4082 Athanasius
2472 4041 2601 4081 vero
2632 4026 2719 4081 ille
2751 4042 3001 4095 magnus,
3031 4042 3098 4080 ae
3123 4034 3366 4081 sanctam
3390 4040 3609 4097 quoque

336 4120 627 4191 ἀνατίθησι
655 4121 749 4175 τό⁶
784 4123 1108 4187 Ἄκουσον,
1162 4124 1436 4192 θύγατερ,
1479 4125 1573 4179 καὶ
1599 4123 1661 4176 τό
1685 4141 1697 4154 ο
1733 4125 1925 4189 Αὐτός

2046 4118 2318 4189 Deiparam
2343 4117 2526 4181 refert,
2554 4117 2696 4186 quod
2719 4117 2940 4182 dicitur,
2969 4117 3131 4181 Audi,
3157 4117 3271 4185 ﬁlia
3296 4133 3314 4170 :
3343 4127 3395 4171 et
3420 4116 3563 4173 istud
3587 4134 3605 4169 :

336 4210 465 4263 ἐστι
485 4212 708 4280 Κύριός
737 4212 1095 4284 σου.”Ωσπερ
1120 4211 1304 4282 ὅμοιόν
1334 4213 1449 4264 ἐστι
1481 4211 1562 4265 τό.
1594 4210 1789 4280 Χαῖρε,
1822 4227 1920 4264 κε-

2046 4210 2153 4280 lpse
2185 4212 2319 4264 enim
2354 4208 2614 4263 Dominus
2649 4218 2792 4269 tuus.
2825 4207 2922 4262 Cui
2951 4208 3129 4263 simile
3158 4217 3240 4263 est
3273 4207 3402 4263 illud
3438 4226 3450 4262 :
3482 4206 3606 4273 Ave,

338 4302 731 4372 χαριτωμένη,
751 4305 784 4357 ό
809 4304 1022 4371 Κύριος
1034 4304 1187 4371 μετὰ
1215 4303 1353 4358 σοῦ.
1379 4302 1634 4375 Είρηκὼς
1659 4304 1789 4375 γὰρ,
1811 4320 1917 4373 φη-

2046 4303 2202 4369 ιναιὶα
2218 4301 2393 4371 plena,
2418 4300 2672 4359 Dominus
2692 4309 2862 4354 tecum
2880 4298 3133 4370 "‘.,Natn
3157 4309 3444 4371 postquam
3472 4299 3608 4354 dixit

342 4396 443 4459 σιν,
460 4397 490 4449 6
504 4393 673 4449 Δαυῒδ
690 4395 924 4467 Χριστὸν
935 4395 1024 4449 τὸν
1040 4396 1214 4465 Λόγον
1230 4396 1326 4450 τοῦ
1349 4396 1506 4460 Θεοῦ,
1528 4395 1690 4461 εὐθὺς
1714 4395 1806 4449 καὶ
1822 4396 1920 4467 τὴν

2046 4395 2216 4462 )avid,
2243 4393 2522 4453 Christum
2554 4408 2676 4449 esse
2702 4390 2943 4447 Verbum
2975 4391 3099 4460 Dei,
3135 4393 3282 4449 illico
3310 4393 3605 4447 humanam

338 4484 688 4558 ἀνθρωπίνην
722 4485 976 4556 γέννησιν
1008 4484 1302 4556 δεδήλωκε,
1359 4485 1458 4557 τὴν
1514 4487 1579 4539 ἐκ
1627 4484 1920 4556 παρθένου.

2046 4502 2246 4557 [noque
2300 4486 2419 4557 ejus
2449 4500 2515 4541 ex
2559 4484 2770 4555 virgine
2818 4484 3154 4540 nativitatem
3201 4485 3469 4555 exposuit.
3544 4482 3609 4539 Et

336 4578 443 4632 Καὶ
469 4580 499 4631 6
536 4578 641 4649 μὲν
674 4577 714 4629 Γ
716 4577 916 4649 αὸριὴλ
971 4577 1422 4650 κεχαριτωμένην
1473 4576 1658 4641 ἁπλῶς
1718 4576 1873 4630 καλεῖ
1905 4619 1918 4643 ,

2046 4578 2496 4649 3abrielquidem
2539 4577 2862 4648 simpliciter
2890 4577 3064 4649 gratia
3104 4576 3320 4651 plenam
3353 4577 3607 4648 appellat,

336 4669 481 4736 ξένος
514 4669 594 4723 ὣν
628 4669 800 4740 αὐτῆς
847 4670 990 4724 κατὰ
1022 4670 1118 4742 τὴν
1168 4672 1423 4742 γέννησιν
1448 4688 1462 4703 ·
1507 4674 1535 4725 6
1566 4673 1622 4726 δὲ
1653 4672 1815 4726 Δαυῒδ
1857 4673 1923 4726 ὲκ

2046 4670 2091 4727 :b
2134 4671 2280 4742 quod
2328 4671 2541 4726 alienus
2592 4670 2661 4724 ab
2695 4685 2760 4724 ea
2795 4678 2942 4725 esset
2973 4671 3154 4741 quoad
3203 4686 3373 4742 genus
3400 4689 3412 4724 :
3441 4669 3607 4724 David

337 4759 425 4813 τοῦ
456 4759 775 4831 σπέρματος
803 4758 970 4814 αὐτοῦ
1000 4761 1378 4832 τυγχάνουσαν
1424 4760 1700 4832 θυγατέρα
1753 4779 1923 4834 προσ-

2046 4781 2157 4820 vero
2193 4766 2360 4821 ﬁliam
2400 4764 2575 4829 dicit,
2633 4762 2780 4834 quod
2823 4778 2945 4819 eam
2989 4780 3055 4820 ex
3098 4765 3309 4820 semine
3336 4778 3438 4823 suo
3486 4775 3607 4822 esse

337 4855 519 4922 φωνεῖ.

2046 4858 2207 4915 Lcirel.

1486 5013 1543 5067 At
1582 5013 1635 5066 in
1666 5012 2058 5087 inscriptionem
2085 5016 2281 5085 psalmi
2315 5034 2459 5073 XLVI.

403 5170 513 5241 (78)
567 5172 921 5241 Ἀθανάσιος’
944 5175 1043 5229 καὶ
1087 5172 1410 5242 Κύριλλος.
1440 5175 1646 5248 Κλῆσιν
1679 5175 1847 5229 ἐθνῶν
1888 5178 1939 5229 δ’

2095 5179 2420 5235 Athanasius
2443 5189 2490 5233 et
2519 5179 2771 5251 Cyrillus.
2821 5177 3213 5252 Praesignilicat
3245 5177 3334 5232 hic
3360 5174 3607 5244 psalmus

339 5258 546 5332 ’ᾇαλμὸς
582 5266 858 5336 σημαίνει,
889 5265 1149 5338 ᾁδόμενος
1176 5267 1241 5319 ἐκ
1276 5265 1572 5338 προσώπου
1607 5267 1715 5320 τῶν
1746 5267 1917 5336 ἁγίων

2046 5273 2365 5328 νοοοιὶοηοηι
2411 5272 2691 5343 gentium,
2742 5288 2866 5329 cum
2910 5287 2976 5328 ex
3008 5284 3240 5341 persona
3291 5276 3603 5322 sanctorum

340 5352 646 5412 ἀποστόλων
699 5358 1108 5430 παραινούντων
1135 5362 1270 5429 ξτοῐς
1319 5357 1529 5414 ἔθνεσιν
1580 5361 1914 5432 ἀνασκιρτᾷν

2046 5367 2393 5434 lpostolorum
2427 5374 2657 5421 canatur
2684 5408 2697 5433 ,
2749 5365 2841 5437 qui
2878 5373 3062 5435 gentes
3092 5361 3485 5427 cohortantur,
3548 5369 3604 5412 ut

415 5515 457 5544 ³⁷
486 5513 646 5570 Joan.
679 5533 732 5585 v,
757 5516 848 5575 20.
929 5520 974 5553 ³⁸
1006 5517 1196 5575 Matth.
1272 5536 1393 5587 vm,
1433 5523 1485 5575 5.
1575 5523 1620 5554 ¹⁹
1658 5522 1791 5580 Luc.
1825 5541 1922 5590 vlt,

2126 5527 2169 5559 ³⁰
2203 5524 2360 5583 Joan.
2395 5543 2468 5591 vr,
2500 5528 2589 5581 '59.
2661 5525 2702 5557 ³¹
2736 5524 2835 5579 lsa.
2877 5539 2954 5588 xl,
2979 5523 3069 5575 25.

410 5667 520 5739 (7'7)
552 5669 689 5748 llaze
709 5672 1091 5748 diversasunt
1120 5674 1566 5748 ablexpositioue
1600 5677 1763 5748 hujus
1797 5696 1916 5734 ver-

343 5752 433 5793 sus
465 5758 477 5795 :
514 5741 605 5797 ubi
642 5741 692 5799 id
725 5743 790 5801 de
824 5743 1065 5802 Ecclesia
1100 5741 1333 5817 explicat
1364 5741 1698 5808 Athanasius
1725 5767 1910 5822 supra.

3174 5523 3239 5553 ³¹¹
3268 5520 3401 5577 Luc.
3440 5537 3479 5589 ι,
3510 5517 3600 5574 28.

2099 5684 2208 5757 (78)
2237 5683 2369 5740 Vide
2398 5690 2775 5756 argumentum
2806 5678 3000 5749 psalmi
3036 5694 3178 5735 xui.
