3946 6222
403 305 503 359 567

1259 301 1317 357 S.
1358 301 1917 375 ATHANASIKOPP.
1954 301 2133 359 PARS
2166 301 2257 360 lli.
2298 332 2369 344 --
2407 302 2821 360 EXEGETICA.

3549 305 3654 363 568

395 437 490 491 per
514 419 758 475 actiones
790 419 962 473 bonas
992 432 1055 473 ac
1080 418 1370 488 praeclaras
1395 420 1668 474 exsultent
1690 435 1753 473 ac
1789 419 1983 472 trium-
2009 448 2023 480 λ

2091 418 2171 473 5ιὰ
2216 418 2466 490 πράξεων
2516 419 2736 489 ἀγαθῶν
2786 420 2880 473 ἐπὶ
2911 423 2977 491 τῇ
3011 418 3275 492 γενομένῃ
3332 418 3458 493 νίκῃ
3513 420 3658 477 κατά

398 512 568 582 phent
595 512 662 566 de
696 520 852 581 parta
886 511 1114 565 victoria
1160 511 1227 565 de
1258 511 1597 567 daemonibus
1626 511 1980 580 perniciosis-

396 603 577 659 simis.
637 601 938 674 lnscriptus
989 618 1153 673 porro
1201 611 1306 667 est,
1342 602 1449 657 Pro
1481 603 1613 673 [iliis
1652 599 1785 657 Core
1819 617 1837 655 :
1872 616 1981 655 non

400 696 547 764 quod
577 697 822 768 ipsorum
856 711 1024 750 causa
1057 696 1359 765 composita
1392 696 1507 750 haec
1541 694 1645 748 oda
1667 734 1682 757 ,
1717 693 1812 748 sed
1835 692 1982 763 quod

400 806 496 859 per
534 791 681 860 ipsos
712 789 1098 861 praecineretur
1123 830 1139 854 ,
1177 796 1362 859 utpote
1428 787 1494 842 ad
1532 787 1720 842 laudes
1750 785 1862 840 Deo
1896 785 1981 840 of-

403 881 657 937 ferendas
686 884 1038 937 constitutos.
1091 879 1358 935 Dicuntur
1385 890 1566 935 autem
1601 880 1740 942 ista,
1780 887 1840 932 ut
1863 880 1978 948 jam

404 972 783 1042 praemissum,
833 972 887 1025 in
935 987 1169 1042 persona
1223 980 1535 1027 sanctorum
1587 971 1981 1040 apostolorum,

404 1078 589 1137 utpote
630 1065 725 1137 qui
768 1065 911 1137 jussi
941 1074 1098 1119 erant
1126 1064 1323 1120 docere
1350 1078 1546 1118 omnes
1575 1072 1783 1133 gentes.
1843 1061 1981 1130 Quia

400 1174 529 1212 vero
572 1159 707 1214 ﬁdes
759 1158 1121 1229 plurimorum
1170 1166 1224 1212 et
1294 1156 1656 1211 maximorum
1713 1156 1982 1211 bonorum

402 1251 747 1307 conciliatrix
781 1252 1033 1320 gentibus
1066 1249 1241 1306 fuerat
1272 1269 1285 1304 :
1319 1266 1416 1320 per
1457 1252 1595 1306 hanc
1626 1251 1772 1305 enim
1805 1250 1982 1304 vocati

399 1348 558 1393 erant
588 1339 641 1394 in
672 1340 1018 1411 adoptionem
1058 1339 1186 1406 Dei,
1227 1356 1290 1394 ac
1317 1342 1786 1411 participationem
1818 1340 1986 1410 Spiri-

402 1441 490 1486 tus
527 1432 743 1496 sancti,
790 1434 990 1488 divina:
1039 1448 1260 1503 quoque
1294 1441 1503 1488 natura;
1537 1427 1980 1489 communionem

402 1523 617 1590 sortiti,
655 1539 719 1579 ac
752 1525 993 1595 opulenti
1028 1524 1221 1579 redditi
1259 1526 1447 1593 gratiis
1477 1524 1788 1580 caslestibus
1810 1566 1826 1587 ,
1856 1539 1983 1593 par-

399 1617 593 1685 ticipes
622 1618 856 1688 denique
888 1618 1013 1673 facti
1048 1626 1206 1674 erant
1238 1618 1353 1689 spei
1386 1626 1700 1672 sanctorum
1720 1657 1737 1681 ,
1780 1617 1984 1672 idcirco

401 1709 574 1780 igitur
602 1722 656 1764 et
687 1711 908 1780 quidem
937 1728 1045 1766 non
1079 1713 1286 1782 absque
1310 1713 1518 1767 ratione
1539 1752 1555 1777 ,
1586 1711 1848 1781 iubentur
1881 1726 1981 1782 pu-

401 1802 572 1860 blicas
600 1802 924 1860 festivitates
952 1819 1226 1875 peragere.

2010 1772 2058 1833 Β

2082 509 2191 563 τῶν
2246 512 2539 583 ἀλιτηρίων
2581 512 2873 583 δαιμόνων.
2930 512 3363 583 Ἐπιγέγραπται
3394 510 3451 565 δὲ
3488 511 3663 580 ’Υπὲρ

2084 603 2203 658 τῶν
2237 603 2384 658 υἱῶν
2419 605 2589 671 Κορέ·
2619 606 2718 675 ούχ
2743 604 2820 668 ὡς
2847 605 2987 675 ὑπὲρ
3008 604 3230 658 ἐκείνων
3260 604 3476 667 πάντως
3499 620 3657 673 γεγε-

2083 712 2148 767 νη
2158 695 2324 767 μένης
2352 696 2448 767 τῆς
2475 696 2638 767 ᾠδῆς,
2673 696 2787 750 ἀλλ’
2813 696 2889 760 ὼς
2926 697 2991 751 δι’
3037 695 3215 750 αὐτῶν
3244 697 3538 768 ὑπηρετεῖν
3570 713 3656 750 τε-

2084 788 2373 859 ταγμένων
2400 791 2467 860 τῇ
2495 790 2741 861 ἀναφορᾷ
2769 790 2866 861 τῆς
2886 789 3053 860 ῲδῆς.
3098 789 3255 842 Ἔστι
3279 789 3358 850 δὲ,
3384 789 3460 853 ὡς
3503 790 3656 862 εἴρη-

2082 899 2171 935 ται
2190 920 2204 944 ,
2230 880 2342 934 τῶν
2372 881 2545 950 ἁγίων
2572 881 2884 935 ἀποστόλων
2928 881 2988 934 τὸ
3036 881 3346 953 πρόσωπον,
3384 881 3460 945 ῶς
3496 898 3654 935 κεκε-

2083 970 2395 1042 λευσμένων
2427 970 2606 1025 πάντα
2663 970 3002 1041 μαθητεῦσαι
3040 969 3109 1024 τά
3145 970 3292 1042 ἔθνη.
3335 970 3551 1041 Ἐπειδὴ
3599 970 3656 1024 δὲ

2085 1064 2354 1118 πλείστων
2386 1063 2526 1117 ὅσων
2559 1063 2741 1127 αὐτοῖς
2763 1064 2857 1117 καὶ
2882 1062 3132 1133 μεγάλων
3165 1062 3387 1130 ἀγαθῶν
3410 1062 3655 1134 προμνή-

2086 1173 2246 1227 στρια
2278 1156 2503 1225 γέγονεν
2533 1156 2566 1227 ἠ
2600 1155 2801 1218 πίστις·
2820 1155 3113 1226 κέκληνται
3142 1155 3252 1227 γὰρ
3282 1155 3349 1208 δι’
3378 1155 3547 1225 αὐτῆς
3576 1156 3654 1218 εἰς

2084 1247 2358 1302 υἱοθεσίαν
2410 1248 2583 1314 θεοῦ,
2628 1250 2709 1312 είς
2749 1248 2963 1319 μέθεξίν
3001 1265 3061 1300 τε
3114 1248 3269 1317 ἁγίου
3317 1246 3654 1317 Πνεύματος,

2085 1342 2235 1406 θείας
2263 1359 2323 1396 τε
2350 1341 2563 1411 φύσεως
2589 1341 2844 1411 γεγόνασι
2877 1342 3144 1406 κοινωνοὶ,
3182 1341 3254 1395 τά
3283 1358 3344 1394 τε
3394 1339 3455 1405 ἐξ
3503 1341 3652 1411 ούρα-

2082 1434 2176 1489 νοῦ
2214 1434 2528 1506 χαρίσματα
2577 1433 3008 1503 πεπλουτήκασι,
3042 1434 3137 1486 καὶ
3187 1432 3289 1502 τῆς
3337 1432 3445 1485 τῶν
3488 1431 3659 1501 ἁγίων

2084 1525 2297 1589 ἐλπίδος
2331 1526 2664 1598 συμμέτοχοι
2692 1525 3097 1597 καθεστήκασι*
3128 1525 3299 1596 ταύτῃ
3328 1541 3408 1577 τοι
3430 1526 3525 1580 καὶ
3557 1522 3657 1596 μᾶ.-

2083 1620 2151 1677 λα
2176 1620 2402 1684 εἰκότως
2426 1617 2813 1695 πανηγυρίζειν
2843 1620 3027 1682 αὐτοῖς
3048 1616 3452 1675 ἐπιτάττουσιν.

957 1959 1020 2014 Et
1052 1962 1102 2014 in
1132 1961 1364 2032 ejusdem
1397 1961 1589 2031 psalmi
1614 1962 1769 2016 verba
1795 1960 1901 2015 ista
1921 1977 1940 2014 :
1970 1978 1989 2011 ι
2026 1958 2259 2030 Subjccit
2285 1959 2502 2029 populos
2528 1958 2676 2013 nobis
2699 2000 2715 2026 ,
2744 1976 2764 2012 ι
2812 1968 2936 2023 etc.,
2970 1974 3019 2012 υ.
3054 1956 3088 2011 4

475 2117 640 2173 Divus
674 2134 802 2174 vero
834 2117 1167 2172 Athanasius
1187 2158 1201 2180 ,
1233 2132 1328 2187 per
1352 2117 1582 2187 populos
1611 2125 1664 2172 ct
1692 2125 1876 2188 gentes
1899 2115 1984 2169 in-

407 2211 601 2280 telligit
637 2209 918 2276 Satanam,
946 2219 1000 2266 et
1024 2227 1144 2281 quae
1169 2226 1294 2265 cum
1334 2225 1401 2265 eo
1436 2220 1564 2265 sunt
1592 2210 1856 2279 malignas
1888 2224 1985 2279 po-

406 2309 648 2355 testates.
681 2299 757 2355 De
783 2302 983 2371 quibus
1010 2301 1146 2355 dixit
1176 2299 1425 2356 Salvator
1451 2319 1465 2355 :
1495 2300 1627 2356 Ecce
1672 2301 1794 2355 dedi
1839 2302 1983 2355 vobis

399 2400 714 2459 potestatem
746 2391 1020 2445 incedendi
1052 2408 1208 2459 super
1245 2391 1568 2461 serpentibus
1595 2399 1646 2445 et
1693 2392 1985 2459 scorpioni-

406 2479 633 2536 bus"".
670 2480 985 2536 Daemonum
1017 2498 1254 2553 namque
1277 2494 1466 2553 gentes
1490 2482 1719 2553 subjecit
1753 2482 1983 2552 pedibus

403 2574 798 2642 apostolorum.

2159 2114 2270 2185 (79)
2309 2116 2368 2168 '0
2394 2115 2451 2167 δὲ
2485 2114 2627 2180 θεῖος
2660 2113 2978 2177 ’Δθανάσιος
3001 2113 3163 2177 λαοὺς
3190 2113 3283 2167 καὶ
3317 2113 3444 2185 ἔθνη
3471 2113 3564 2167 τόν
3600 2129 3659 2168 τε

2088 2207 2329 2260 Σατανᾶν
2358 2207 2452 2260 καὶ⁵
2488 2205 2586 2271 τὰς
2634 2207 2732 2261 σὺν
2764 2205 2913 2277 αὐτῷ
2955 2206 3198 2279 πονηρὰς
3226 2207 3483 2277 δυνάμεις
3522 2200 3659 2260 εἶναί

2088 2317 2221 2371 φησι
2243 2317 2253 2328 ·
2288 2300 2416 2372 περὶ
2441 2293 2517 2354 ὧν
2542 2299 2728 2368 ἔλεγεν
2750 2301 2779 2353 ὁ
2803 2301 2997 2372 Σωτήρ
3020 2316 3034 2330 ⁸
3086 2299 3230 2354 Ἰδοὺ
3269 2298 3499 2353 δέδωκα
3519 2297 3656 2369 ὑμῖν

2089 2390 2302 2445 πατεῖν
2325 2393 2525 2446 ἐπάνω
2551 2392 2748 2461 ὄφεων
2775 2392 2872 2445 καί
2921 2393 3249 2461 σκορπίων.
3280 2391 3363 2446 Τὰ
3394 2391 3504 2463 γὰρ
3533 2390 3655 2449 ἐθνι

2087 2483 2195 2539 τῶν
2220 2484 2490 2540 δαιμόνων
2510 2484 2746 2552 ὑπέταξε
2776 2486 2890 2548 τοῖς
2921 2484 3029 2539 τῶν
3058 2483 3368 2541 ἀποστόλων
3411 2480 3589 2537 ποσίν.

1617 2664 1746 2719 Item
1776 2666 1830 2719 iu
1858 2666 2108 2735 prooemio
2132 2664 2267 2736 psal.
2301 2679 2468 2722 XLVII.

478 2825 824 2879 Athanasius.
862 2823 1089 2878 Canitur
1111 2822 1276 2892 igitur
1305 2831 1361 2877 et
1389 2822 1476 2876 hic
1502 2821 1744 2891 psalmus
1772 2836 1835 2875 ex
1869 2836 1987 2891 per-
2012 2829 2023 2882 1

2161 2819 2274 2892 (80)
2306 2822 2362 2878 'A
2372 2823 2618 2878 θανάσιο
2626 2843 2679 2890 ς.
2699 2821 2918 2894 ’ᾼδεται
2938 2821 3120 2893 μέντοι
3138 2822 3228 2875 καὶ
3239 2816 3395 2886 οὗτος
3410 2823 3439 2875 ό
3453 2817 3657 2891 enim

406 2931 539 2971 sona
592 2925 909 2971 sanctorum
957 2916 1328 2985 apostolorum
1356 2955 1371 2980 ,
1426 2914 1799 2969 enarrantium
1844 2929 1982 2984 quas

406 3008 556 3075 passi
586 3016 714 3063 sunt
742 3008 1153 3077 persecutiones
1180 3014 1400 3077 propter
1428 3005 1896 3075 praedicationem,
1931 3014 1986 3061 et

407 3099 667 3155 victorias
712 3115 851 3171 quas
887 3100 940 3154 in
992 3097 1467 3169 persecutionibus
1514 3099 1834 3153 retulerunt.
1897 3094 1987 3152 ln-

406 3194 667 3248 seribitur
698 3204 878 3247 autem
929 3190 1206 3248 Canticum
1238 3191 1465 3261 psalmi,
1512 3205 1577 3246 eo
1613 3193 1759 3261 quod
1803 3190 1986 3246 ethica

407 3286 749 3357 philosophia
788 3302 911 3342 cum
951 3284 1244 3340 theoretica
1275 3284 1329 3337 in
1353 3299 1417 3339 eo
1440 3285 1732 3355 conjuncta
1760 3286 1852 3340 sit.

2088 2914 2153 2967 ἐκ
2204 2914 2498 2988 προσώπου
2546 2915 2656 2969 τῶν
2700 2914 2869 2983 ἁγίων
2911 2914 3243 2979 ἀποστόλων,
3293 2913 3660 2985 διηγουμένων

2089 3007 2216 3069 τοὺς
2250 3006 2341 3060 διὰ
2365 3007 2427 3060 τὸ
2458 3008 2721 3079 κήρυγμα
2757 3006 3050 3076 διωγμοὺς,
3085 3006 3180 3059 καλ⁸
3214 3004 3315 3070 τὰς
3355 3006 3512 3069 νίκας
3562 3002 3659 3068 τὰς

2090 3098 2183 3153 ἐπὶ
2211 3098 2421 3162 τούτοις
2446 3098 2762 3169 γενομένας.
2805 3095 2944 3167 ᾮδὴ
2995 3096 3052 3150 δὲ
3087 3096 3333 3166 ψαλμοῦ
3363 3096 3660 3170 ἐπιγέγρα-

2093 3208 2246 3254 πται,
2285 3190 2360 3254 ὼς
2387 3191 2486 3261 τῆς
2515 3189 2713 3262 ὴθικῆς
2745 3187 3064 3261 φιλοσοφίας
3104 3189 3241 3263 πρὸς
3274 3188 3373 3260 τὴν
3399 3189 3657 3261 θεωρητι-

2096 3281 2198 3352 κῆν
2230 3280 2659 3353 συνδραμούσης.

902 3442 973 3496 Ει
999 3444 1054 3497 in
1086 3446 1240 3499 verba
1273 3443 1385 3512 ejus
1411 3459 1431 3498 :
1463 3462 1482 3496 ε
1514 3444 1778 3510 Quoniam
1806 3458 1920 3497 ecce
1948 3459 2090 3513 reges
2123 3451 2278 3498 terra:
2306 3441 2607 3514 congregati
2635 3448 2783 3505 sunt,
2811 3459 2831 3493 ι
2866 3450 2963 3496 etc.
2985 3482 3000 3510 ,
3030 3458 3079 3497 υ.
3114 3438 3169 3495 5.

479 3602 548 3657 At
578 3604 875 3658 secundum
908 3619 1167 3674 magnum
1213 3604 1569 3660 Athanasium
1598 3645 1614 3670 ,
1647 3604 1987 3674 significatur

406 3696 496 3750 hic
529 3695 755 3758 bellum,
785 3697 929 3764 quod
958 3698 1029 3751 ob
1064 3697 1505 3766 praedicationem
1543 3706 1731 3751 contra
1764 3705 1982 3764 aposto-

407 3786 490 3841 los
521 3778 734 3856 gestum
771 3794 893 3849 est,
922 3795 1037 3841 tam
1074 3802 1105 3842 a
1136 3787 1443 3842 visibilibus
1475 3788 1716 3858 gentium
1740 3786 2003 3856 regibus,

406 3892 572 3948 quam
603 3877 672 3932 ab
703 3877 1071 3933 invisibilibus
1119 3880 1491 3945 daemonibus,
1527 3881 1620 3949 qui
1645 3880 1772 3934 olim
1801 3879 1982 3933 domi-

406 3969 699 4024 nabantur.
726 3970 827 4037 Qui
852 3980 907 4026 et
931 3972 1242 4027 conturbati
1266 3982 1393 4027 sunt
1415 3988 1478 4027 ac
1499 3982 1677 4027 mente
1700 3974 1979 4039 commoti,

409 4060 501 4114 uhi
530 4061 783 4117 viderunt
815 4062 986 4117 Deum
1032 4064 1237 4120 sanctis
1281 4064 1397 4119 suis
1431 4064 1703 4118 auxiliari.
1767 4062 1983 4134 Insigne

406 4151 552 4207 enim
589 4154 755 4208 robur
784 4156 1055 4211 servantis
1082 4171 1210 4222 eos,
1249 4155 1663 4210 admirationem
1710 4165 1764 4210 et
1796 4165 1983 4225 stupo—

408 4257 520 4296 rem
551 4244 751 4297 attulit.
815 4244 1016 4299 Deinde
1048 4243 1209 4299 etiam
1240 4244 1546 4300 conturbati
1582 4252 1711 4299 sunt
1734 4284 1749 4307 ,
1801 4253 1860 4299 ut
1889 4245 1983 4313 qui

410 4334 609 4387 bellum
639 4332 749 4388 Deo
776 4335 1122 4401 intulissent,
1170 4351 1236 4392 ac
1270 4336 1322 4390 in
1354 4336 1585 4391 summis
1630 4335 1782 4392 fuere
1828 4336 1983 4391 dolo-
2019 4337 2023 4388 Ι

2091 4337 2484 4407 ἐταράχθησαν,
2507 4336 2582 4399 ὡς
2612 4334 2677 4389 ἂν
2698 4333 2833 4388 Θεοῦ
2863 4336 3235 4397 καταστάντες
3270 4333 3539 4405 πολέμιοι,
3564 4333 3657 4388 καὶ
3764 4328 3770 4335 ’

406 4425 581 4478 ribus.
616 4423 768 4491 Quod
807 4440 935 4479 vero
968 4426 1224 4497 deinceps
1249 4428 1567 4497 subjicitur,
1601 4428 1743 4483 scias
1765 4467 1778 4490 ,
1813 4444 1979 4484 naves

405 4513 632 4571 Tharsis
658 4516 764 4571 dici
792 4531 913 4586 qua:
940 4516 1184 4587 ingentes
1209 4519 1428 4574 divitias
1466 4517 1743 4573 Salomoni
1783 4518 1978 4574 aliere-

402 4605 567 4668 bant,
605 4607 1062 4676 quemadntodum
1093 4609 1147 4662 in
1176 4610 1402 4665 historia
1434 4609 1745 4681 Regnorum
1778 4626 1979 4681 cogno—

399 4695 607 4770 vimus.
659 4695 839 4764 Quare
864 4700 1027 4755 etiam
1072 4699 1161 4756 hic
1190 4715 1285 4770 per
1315 4679 1578 4756 contritas
1608 4715 1774 4756 naves
1804 4679 1978 4755 Tliar-

400 4788 479 4843 eis
502 4829 517 4854 ,
550 4767 874 4861 signiﬁcavit
899 4767 1406 4849 exterminationem
1434 4810 1597 4864 opum
1624 4803 1678 4850 et
1725 4797 1975 4865 potentiae

401 4896 588 4952 regum
622 4883 1024 4951 prmdictorum.
1070 4884 1329 4956 Spiritum
1364 4900 1495 4941 vero
1538 4886 1832 4943 violentum
1878 4905 1973 4945 su-

404 4989 516 5029 mes
547 4988 646 5043 pro
668 4977 924 5044 potentiis
951 4977 1429 5045 intellectualibus,
1457 4994 1551 5049 per
1581 4994 1719 5049 quas
1752 4988 1973 5051 aposto-

403 5066 575 5121 lorum
612 5067 798 5124 hostes
822 5069 1125 5125 debellavit.

2164 3602 2275 3673 (81)
2300 3602 2464 3656 Κατὰ
2488 3602 2544 3655 δὲ
2576 3602 2665 3657 τὸν
2697 3603 2868 3673 μέγαν
2914 3600 3251 3665 Ἀθανάσιον,
3304 3603 3333 3656 δ
3366 3600 3508 3657 κατά
3553 3604 3663 3655 τῶν

2089 3695 2404 3749 ἀποστόλων
2432 3694 2517 3749 διὰ
2547 3695 2607 3748 τὸ
2634 3696 2898 3767 κήρυγμα
2916 3695 3202 3765 γενόμενος
3231 3694 3465 3766 πόλεμος
3481 3694 3586 3747 ὑπο
3600 3710 3657 3746 τε

2089 3783 2199 3837 τῶν
2225 3783 2498 3856 αἰσθητῶν
2522 3784 2784 3855 βασιλέων
2805 3784 2911 3838 τῶν
2931 3783 3120 3847 ἐθνῶν,
3155 3784 3249 3838 καὶ
3285 3783 3392 3855 μὴν
3422 3784 3516 3837 καὶ
3552 3784 3660 3837 τῶν

2089 3876 2336 3948 ἀοράτων
2364 3877 2632 3947 δαιμόνων
2656 3876 2764 3929 τῶν
2798 3875 2964 3929 πάλαι
2984 3874 3394 3945 βασιλευόντων,
3428 3875 3659 3929 ἐνταῦθα

2091 3966 2433 4038 σημαίνεται.
2462 3965 2523 4020 Οἳ
2546 3966 2641 4020 καὶ
2671 3965 3090 4036 κατεπλάγησαν
3116 3964 3208 4017 καὶ
3231 3963 3545 4035 ἐξέστησαν,
3561 3965 3659 4036 τὴν

2091 4058 2392 4130 γενομένην
2423 4058 2671 4130 βοήθειαν
2699 4060 2849 4128 παρά
2879 4056 2973 4110 τοῦ
3001 4055 3135 4109 Θεοῦ
3166 4058 3278 4119 τοῖς
3310 4057 3486 4124 ἁγίοις
3527 4055 3658 4109 θεω-

2090 4152 2327 4221 ροῦντες.
2376 4152 2441 4205 Ἡ
2469 4152 2577 4223 γὰρ
2604 4149 2876 4222 ὑπερϐολὴ
2900 4151 2999 4220 τῆς
3041 4149 3221 4219 ἰσχύος
3258 4148 3352 4204 τοῦ
3394 4148 3658 4214 σώζοντος

2083 4246 2145 4297 τὸ
2177 4244 2363 4314 θαῦμα
2393 4244 2575 4307 αὑτοῖς
2596 4244 2688 4296 καὶ
2706 4243 2808 4312 τὴν
2825 4242 3164 4312 κατάπληξιν
3191 4240 3496 4312 εἴργασται.
3525 4238 3658 4295 Εἶτα

2084 4421 2226 4495 ἦσαν
2252 4425 2328 4488 ὡς
2360 4426 2417 4477 ἐν
2447 4424 2621 4478 ὠδῖσι.
2666 4425 2740 4477 Τό
2784 4441 2846 4494 γε
2890 4426 2996 4497 μὴν
3040 4425 3165 4496 ἐξῆς
3200 4425 3489 4497 εἰρημένον
3536 4426 3658 4478 ἐπι-

2086 4519 2289 4588 στήσας
2317 4519 2549 4588 νοήσεις,
2583 4517 2659 4581 ὡς
2684 4519 2809 4588 νῆες
2850 4517 3084 4589 Θαρσεῖς
3108 4517 3374 4586 ἐλέγοντο,
3426 4517 3657 4573 πλοῦτον

2085 4610 2346 4681 φέρουσαι
2376 4613 2548 4682 μέγαν
2585 4612 2662 4681 τῷ
2700 4610 3024 4680 Σολομῶντι,
3068 4611 3319 4683 καθάπερ
3358 4612 3416 4665 ἐν
3448 4613 3515 4683 τῇ
3548 4612 3653 4665 τῶν
3704 4680 3709 4687 ἢ

2083 4700 2382 4756 Βασιλειῶν
2413 4701 2730 4772 ἐγνώκαμεν
2766 4701 2996 4775 ἱστορίᾳ.
3029 4703 3118 4756 Διὸ
3147 4703 3242 4757 καὶ
3291 4702 3386 4757 νῦν
3428 4702 3519 4757 διὰ
3547 4702 3653 4757 τῶν

2086 4791 2521 4863 συντριϐομένων
2566 4792 2767 4846 πλοίων
2808 4792 3041 4864 Θαρσεῖς
3090 4794 3188 4864 τὴν
3237 4794 3511 4847 ἀπώλειαν
3560 4791 3651 4847 τοῦ

2081 4883 2319 4937 πλούτου
2355 4884 2447 4937 καὶ
2472 4884 2572 4955 τῆς
2603 4884 2923 4947 δυναστείας
2957 4882 3067 4937 τῶν
3092 4883 3497 4962 προλεχθέντων
3529 4884 3651 4956 ἐδή-

2078 4977 2218 5031 λωσε
2256 4976 2542 5048 βασιλέων.
2593 4978 2819 5048 Πνεῦμα
2860 4978 2918 5032 δὲ
2946 4977 3122 5048 βίαιον
3153 4976 3348 5047 νοητὰς
3393 4976 3649 5047 δυνάμεις

2079 5069 2231 5133 τινάς
2266 5071 2503 5141 νοήσεις,
2548 5069 2614 5123 δι’
2641 5062 2717 5124 ὧν
2745 5072 2871 5135 τοὺς
2920 5070 3149 5143 ἐχθροὺς
3195 5067 3304 5123 τῶν
3343 5067 3649 5121 ἀποστόλων

2084 5159 2551 5232 κατεπολέμησεν.

1222 5294 1231 5359 ζ
1257 5290 1387 5346 Item
1416 5292 1471 5345 in
1502 5291 1596 5346 illa
1627 5292 1778 5346 verba
1808 5308 1826 5344 :
1861 5310 1880 5346 ι
1912 5290 2135 5361 Propter
2160 5293 2373 5365 judicia
2402 5303 2515 5358 tua,
2543 5292 2782 5349 Domine.
2823 5313 2842 5347 ι

467 5424 771 5485 Athanasii.
811 5428 972 5496 Quia,
1007 5431 1202 5502 inquit,
1233 5432 1541 5502 dijudicans
1567 5435 1807 5507 gentium
1834 5452 1966 5492 cau-

468 5537 512 5571 ⁸³
541 5540 671 5596 Luc.
693 5562 722 5599 ι
743 5585 757 5603 .
779 5548 868 5603 19.

607 5635 735 5718 de}:
759 5643 809 5718 in
828 5652 1155 5718 argumento
1178 5644 1340 5716 hujus
1365 5647 1601 5718 psalmia

470 5701 578 5762 (80)
615 5706 741 5761 Vide
770 5701 986 5771 ibidént.

2148 5436 2259 5506 (82\
2296 5436 2674 5491 Ἀθανασίου.
2697 5439 2817 5493 ’Ότι
2840 5440 3026 5513 κρίνας
3049 5439 3147 5513 τὴν
3158 5439 3315 5512 δίκην
3328 5438 3438 5495 τῶν
3460 5437 3647 5505 ἐθνῶν,

2144 5647 2255 5717 (8i)
2289 5645 2363 5717 ibi
2399 5647 2615 5703 videsis.

2144 5714 2251 5788 (δε)
2291 5714 2421 5773 Vide
2451 5718 2582 5775 ibid.
