3946 6222
305 300 406 356 569
1275 305 1698 364 FRAGMENTA
1754 311 2112 368 COMMENT.
2154 312 2220 368 1N
2259 313 2602 371 PSALMOS.
3447 322 3555 379 570

313 421 586 492 ἑξήλασας
612 428 704 478 τὸν
732 426 850 479 κατ’
892 423 1070 480 αὐτῶν
1110 424 1365 495 πολέμιον
1412 426 1659 499 δαίμονα.
1709 431 1773 483 Εἰ
1825 431 1923 495 δελ

2032 451 2124 502 tm,
2157 435 2363 505 eiecisti
2405 435 2706 489 daemonem
2737 448 2883 504 ipsas
2911 433 3337 507 impugnantem.
3368 434 3577 511 Quod'u

320 514 517 587 ﬁbﬁls't,
539 516 668 588 ὅρος
701 516 837 571 Σιὼν
858 519 907 571 oi
927 517 988 571 τὸ
1014 517 1147 589 ὕψος
1166 519 1265 590 τῆς
1295 519 1573 589 θεολογίας
1592 538 1855 575 πεπιστευ
1871 552 1887 562 -

2032 529 2039 581 i
2070 528 2143 582 ita
2165 527 2268 589 vis,
2294 541 2452 582 mons
2478 525 2630 593 Sion,
2655 527 2766 583 sint
2790 525 2988 597 quibus
3007 542 3258 597 suprema
3289 512 3567 596 theologia!-

326 607 472 679 μένοι
493 624 508 637 ·
542 606 841 680 θυγατέρες
881 609 937 664 δὲ
976 611 1074 680 τῆς
1134 612 1387 676 Ἰουδαίας
1418 613 1472 666 αί
1515 613 1658 666 κατὰ
1686 611 1781 684 τὴν
1810 613 1894 666 oi-

2032 616 2304 672 oncredita
2328 625 2412 673 est
2438 635 2455 671 ε
2477 615 2601 672 tiliae
2633 633 2762 673 vero
2786 616 3004 684 Judaaae,
3038 616 3294 676 Ecclesiae
3321 631 3443 689 quae
3464 598 3573 699 per;

323 716 416 753 που
424 700 595 773 μένην
632 702 971 773 Ἐκκλησίαι,
999 703 1075 767 ὡς
1095 704 1200 759 ὑπὸ
1228 704 1337 758 τῶν
1359 705 1673 760 ἀποστόλων
1694 709 1889 775 παγεῖο

325 808 435 858 σαι,
465 794 515 846 οἳ
539 792 602 846 τὸ
629 793 784 864 γένος
812 794 871 862 ἐξ
907 796 1174 849 Ἰουδαίων
1216 797 1473 868 κατῆγον.
1516 799 1808 870 Παρεγγυᾷ
1835 798 1893 853 δὲ

2032 816 2165 856 enus
2192 816 2260 856 ex
2287 797 2492 855 Judreis
2523 800 2825 866 ducebant,
2856 799 3187 859 constitutae.
3243 797 3403 854 lubet
3432 812 3563 853 vero

325 886 416 937 καὶ
456 887 571 949 τοῖς
617 885 977 959 κηρύττουσιν
1026 888 1410 961 εὐφραίνεσθαι
1461 889 1624 943 ἕνεκα
1680 889 1791 943 τῶν
1821 891 1894 944 δι-

2032 896 2157 949 tiam
2182 891 2569 964 pradicatores
2602 892 2837 960 gaudere
2872 900 3088 962 propter
3109 891 3256 961 j'usta
3294 889 3389 946 Dei
3416 889 3564 962 judi—

327 977 493 1030 καίων
517 978 609 1031 τοῦ
632 979 765 1033 Θεοῦ
795 981 1097 1051 χριμάτων,
1127 977 1207 1044 οἷς
1252 981 1616 1054 χρησάμενος,
1648 981 1744 1055 τὴν
1793 982 1893 1054 τῆς

2032 986 2101 1052 ia,
2132 998 2255 1056 quae
2283 998 2547 1039 exercens
2572 982 2722 1039 orbis
2750 983 2982 1038 salutem
2999 990 3253 1053 operatus
3275 989 3380 1037 est.

327 1070 475 1122 οίκου
484 1070 651 1142 μένης
671 1073 941 1145 σωτηρίαν
967 1073 1476 1144 ἐπραγματεύσατο.

865 1227 1001 1283 Item
1033 1233 1088 1284 in
1117 1228 1254 1297 psal.
1287 1243 1414 1285 xu:
1448 1227 1543 1282 illa
1573 1227 1723 1283 verba
1750 1245 1768 1283 :
1803 1247 1822 1281 ι
1852 1226 1936 1281 Ea:
1959 1225 2088 1284 Sion
2118 1229 2307 1299 species
2335 1229 2534 1283 decoris
2559 1230 2671 1299 ejus
2694 1271 2706 1293 ,
2744 1247 2767 1281 ι
2795 1238 2917 1293 etc.,
2942 1241 2988 1280 υ.
3015 1232 3075 1281 2.
3543 1174 3558 1229 ς

396 1391 514 1462 (85)
554 1392 710 1446 Κατά
738 1391 795 1446 δὲ
822 1390 913 1444 τὸν
942 1390 1113 1462 μέγαν
1155 1388 1466 1446 Ἀθανάσιον
1489 1426 1506 1453 ,
1550 1389 1614 1441 ὲκ
1657 1391 1756 1459 τῆς
1787 1389 1899 1443 ἄνω

2076 1394 2146 1440 At
2180 1387 2476 1441 secundum
2509 1402 2764 1458 magnum
2805 1386 3199 1453 Athanasium,
3227 1401 3295 1441 ex
3322 1387 3573 1456 superna

334 1481 470 1537 Σιὼν
500 1486 528 1536 ὁ
562 1484 763 1555 Κύριος
795 1483 895 1554 τὴν
921 1482 1178 1554 δευτέραν
1226 1480 1531 1551 παρουσίαν
1576 1481 1858 1552 ποιήσεται
1882 1521 1897 1542 ,

2032 1479 2173 1533 iione
2204 1479 2501 1533 secundum
2553 1479 2843 1534 adventum
2874 1495 3031 1533 suum
3060 1480 3357 1534 constituet
3382 1479 3574 1534 Domi-

332 1576 427 1645 τὴν
456 1576 693 1647 ἐπιφανῆ
716 1577 808 1629 καὶ
833 1575 1071 1645 ἔνδοξον,
1112 1575 1177 1644 ἢν
1221 1574 1316 1629 καὶ
1348 1573 1681 1644 εὐπρέπειαν
1708 1573 1904 1642 ὡραιό-

2032 1587 2132 1633 IIIS,
2168 1572 2457 1638 illustrem,
2486 1571 2708 1640 inquam
2730 1613 2744 1637 ,
2776 1572 2927 1625 illum
2960 1580 3015 1626 et
3042 1572 3338 1642 gloriosum
3359 1612 3376 1639 ,
3409 1586 3572 1642 quem

335 1681 491 1736 τητος
521 1667 810 1739 κέκληκεν.

2032 1666 2171 1721 :tiam
2200 1666 2402 1722 idcirco
2434 1667 2669 1737 speciem
2704 1667 2920 1722 decoris
2956 1666 3264 1738 appellavit.

1033 1823 1101 1879 In
1130 1825 1268 1897 μιαί.
1302 1841 1333 1879 ι.
1365 1823 1516 1879 verba
1539 1840 1558 1878 :
1590 1842 1609 1876 ι
1640 1824 1745 1880 Cor
1770 1826 1923 1881 mund

2044 1845 2162 1882 area
2187 1829 2244 1882 in
2270 1844 2382 1894 me,
2423 1826 2559 1881 Deus
2583 1864 2603 1887 ,
2638 1845 2659 1876 ι
2690 1844 2739 1880 ν.
2780 1824 2869 1879 12.

403 1985 513 2056 (84)
539 1986 698 2041 Κατά
724 1976 781 2040 δὲ
820 1986 913 2040 τὸν
947 1986 1119 2058 μέγαν
1165 1987 1499 2054 ’Δθανάσιον,
1552 1990 1771 2063 Πνεῦμα
1797 1993 1891 2046 τὸν

2067 1990 2377 2048 Secundum
2433 2003 2613 2049 autem
2674 2009 2932 2064 magnum
2987 1992 3142 2049 iilum
3193 1993 3579 2059 Athanasium,

339 2078 458 2132 νοῦν
486 2078 745 2134 ἐκάλεσεν
769 2097 782 2110 ·
814 2080 970 2144 esea;
1017 2080 1076 2134 δὲ
1107 2080 1271 2135 αὑτοῦ
1319 2082 1380 2136 τὸ
1428 2083 1674 2155 ἑδραῖονο
1701 2084 1905 2143 ὡσανεὶ

2032 2084 2274 2154 Spiritum
2323 2088 2612 2157 appellarit
2664 2087 2836 2157 ipsam
2870 2098 3137 2150 mentem;
3199 2086 3579 2142 rectitudinem

338 2168 516 2239 λέγοι·
559 2172 880 2242 Ἅσφάλισαί
914 2190 1014 2243 μου
1035 2173 1128 2230 τὸν
1158 2173 1307 2241 νοῦν,
1332 2175 1427 2231 τοῦ
1464 2177 1663 2251 μηκέτι
1683 2177 1907 2236 εὔκολον

2032 2192 2138 2232 'ero
2172 2193 2269 2245 pro
2296 2178 2551 2234 ﬁrmitate
2577 2179 2695 2249 ejus
2725 2180 2881 2244 dixit,
2904 2180 3061 2249 quasi
3084 2179 3308 2235 dixisset
3331 2198 3346 2235 :
3369 2179 3581 2234 Conﬁs-

339 2256 474 2319 εῐναι
504 2265 867 2324 καταπίπτειν
903 2269 981 2331 εἰς
1006 2268 1309 2341 ἁμαρτίαν.

2032 2283 2096 2321 na
2127 2279 2361 2322 mentem
2394 2285 2589 2336 meam,
2616 2279 2676 2324 ut
2697 2285 3039 2339 nequaquam
3063 2270 3319 2341 proclivis
3340 2272 3412 2327 sit
3431 2269 3582 2330 dein-

2008 2374 2136 2429 ceps
2163 2360 2233 2416 ad
2271 2362 2664 2430 prolabendum
2703 2362 2759 2416 in
2794 2370 3095 2431 peccatum.

936 2515 1002 2571 In
1038 2515 1177 2587 psal.
1207 2531 1278 2572 1.x
1314 2517 1411 2571 illa
1441 2518 1593 2574 verba
1624 2535 1647 2573 :
1676 2535 1696 2569 ι
1728 2517 1773 2571 Α
1799 2518 1923 2586 ﬁnib

2032 2527 2181 2572 terra!
2205 2514 2275 2569 ad
2305 2526 2354 2571 te
2391 2515 2638 2578 clamavi,
2670 2534 2689 2567 ι
2725 2523 2853 2578 εισι..
2880 2530 2928 2569 υ.
2960 2512 3015 2570 5.

423 2671 786 2727 Ἀθανωσίου
827 2673 926 2727 καὶ
978 2674 1294 2730 Εὐσεόἰου.
1340 2674 1564 2745 Ἀκηδιᾷ
1609 2675 1665 2728 δὲ
1699 2673 1914 2744 ἀληθῶς

2083 2673 2367 2729 Athanasii
2420 2680 2470 2726 et
2525 2670 2761 2725 Eusebii.
2818 2669 3029 2723 Anxius
3069 2678 3219 2725 certe
3249 2678 3409 2724 estet
3440 2667 3586 2725 dolet

343 2760 436 2814 καὶ
472 2761 732 2830 ἀδημονεί
776 2765 884 2826 πᾶς
925 2762 1176 2834 θεοφιλὴς
1213 2764 1293 2835 τῷ
1335 2763 1514 2836 θνητῷ
1562 2764 1913 2835 ἐνδιατρίὸων

2032 2765 2201 2820 omnis
2234 2764 2327 2819 Dei
2361 2778 2570 2827 amans,
2595 2762 2722 2816 dum
2747 2760 2859 2831 agit
2889 2760 2942 2814 in
2978 2761 3079 2814 hae
3104 2761 3213 2814 vita
3240 2778 3252 2815 :
3279 2760 3425 2814 dolet
3456 2773 3586 2815 vero

344 2852 447 2923 βίῳ
471 2870 484 2881 ·
518 2853 779 2924 ἀδημονεῖ
803 2854 860 2908 δὲ
897 2855 989 2910 καὶ
1015 2854 1104 2908 διὰ
1131 2856 1558 2926 φιλανθρωπίαν,
1611 2855 1673 2908 τὸ
1710 2854 1913 2925 πλῆθος

2032 2859 2181 2913 etiam
2223 2856 2292 2911 ob
2335 2854 2758 2910 benevolentiam
2782 2894 2797 2919 ,
2832 2853 3023 2907 videns
3068 2860 3271 2906 tantam
3305 2852 3587 2906 hominum

338 2963 451 2997 των
494 2946 882 3017 ἀπολλυμένων
916 2948 1155 3019 θεωρῶν.
1203 2948 1419 3019 Ἐπειδὴ
1453 2944 1545 3001 οῦν
1575 2947 1669 3001 κα)⁸
1707 2946 1871 3002 Δαυῖδ
1893 2988 1908 3013 ,

2032 2948 2413 3003 uultitudinem
2448 2947 2643 3016 perire.
2681 2943 2820 3011 Quia
2850 2944 3015 3016 igitur
3043 2944 3205 2999 etiam
3236 2942 3401 2996 David
3422 2984 3438 3008 ,
3462 2957 3590 2996 cum

344 3037 425 3097 είς
490 3036 587 3106 τὴν
637 3036 1100 3091 καταδυναστείαν
1150 3039 1244 3092 καὶ
1293 3037 1584 3108 τυραννίδα
1631 3037 1739 3090 τῶν
1788 3037 1906 3090 δαι-

2032 3041 2308 3109 ἐερὶοοι-ει
2341 3039 2406 3093 ad
2438 3038 2731 3107 potentiam
2778 3052 2842 3091 ac
2885 3034 3224 3108 tyrannidem
3257 3035 3589 3101 daemonum,

346 3129 523 3200 μόνων
568 3128 810 3200 θεωρῶν,
867 3130 1098 3201 ἀκηδίας
1129 3131 1490 3203 πεπλήρωτο,
1525 3131 1715 3185 τούτου
1750 3132 1910 3204 χάριν

2032 3133 2289 3186 mxietate
2326 3131 2723 3201 corripiebatur
2747 3170 2761 3195 ,
2817 3129 3022 3184 idcirco
3048 3128 3317 3198 supplicat
3355 3125 3466 3182 Deo
3489 3168 3503 3193 ,
3533 3134 3590 3182 ut

343 3220 601 3283 ἱκετεύει,
625 3222 793 3284 ὅπως,
828 3222 1110 3291 ἐπιφανεὶς
1144 3224 1173 3279 ὁ
1214 3221 1438 3295 Κύριος,
1467 3223 1567 3294 τῆς
1593 3223 1702 3277 τῶν
1731 3223 1907 3294 βιαζο-

2032 3227 2283 3282 Dominus
2313 3228 2371 3280 in
2395 3242 2554 3280 carne
2583 3242 2641 3281 se
2671 3225 3026 3280 manifestans
3047 3267 3062 3291 ,
3097 3241 3198 3279 nos
3226 3221 3293 3277 de
3339 3220 3591 3275 manibus

346 3311 526 3380 μένων
552 3314 703 3383 ἡμᾶς
726 3313 975 3383 ἐξέληται
1016 3314 1198 3385 χειρός
1226 3314 1359 3386 (85).
1410 3315 1484 3369 Τὸ
1529 3316 1607 3381 δὲ,
1646 3317 1764 3370 ἀπὸ
1791 3315 1912 3371 τῶν

2032 3317 2389 3387 ιοιηιιθιιιὶυηι
2412 3325 2587 3371 eruat.
2618 3315 2750 3371 Illud
2777 3330 2927 3380 vero,
2951 3333 2982 3368 a
3012 3315 3203 3385 ﬁnibus
3230 3323 3403 3377 teme,
3428 3310 3591 3382 signi-

343 3402 623 3470 κεράτων
653 3404 762 3473 τῆς
791 3403 923 3475 γῆς,
951 3405 1204 3478 σημαίνει
1235 3408 1377 3480 ὑπὲρ
1420 3410 1598 3479 πάσης
1636 3409 1798 3462 αὐτὸν
1820 3410 1919 3480 τῆς

2032 3412 2148 3465 llcat
2178 3410 2354 3479 ipsum
2392 3424 2490 3479 pro
2520 3410 2775 3464 universo
2810 3417 3075 3463 terrarum
3103 3407 3234 3463 orbe
3258 3420 3447 3477 preces
3470 3402 3593 3457 iun-

1992 708 2181 764 orbem
2224 717 2495 763 terrarum
2541 707 2801 778 dispersa:
2849 717 3009 774 sunt,
3037 708 3104 763 ab
3130 707 3427 778 apostolis,
3464 703 3591 776 qui“
3704 727 3710 733 ε

344 3494 672 3566 οἰκουμένης
704 3497 1021 3567 ποιούμενον
1050 3497 1150 3562 τὰς
1177 3498 1347 3563 λιτάς.
1380 3499 1453 3555 Ού
1482 3501 1639 3572 μόνον
1662 3501 1739 3565 δὲ,
1784 3501 1918 3555 ἀλλὰ

346 3586 444 3641 καὶ
464 3587 527 3639 τὸ
561 3587 723 3658 μέσον
763 3588 898 3643 Θεοῦ
941 3591 1036 3644 καὶ
1067 3590 1369 3663 ἀνθρώπιον
1401 3593 1589 3658 ούσίας
1615 3594 1749 3648 πολὺ
1778 3612 1921 3667 παρ-

350 3678 610 3741 ιστῶπα,
666 3682 807 3735 κατά
850 3682 913 3735 τὸ
955 3685 1013 3736 ὲν
1044 3682 1121 3754 τῷ
1171 3683 1604 3757 Ἐκκλησιαστῇο
1667 3687 1729 3739 Ὀ
1773 3686 1918 3752 Θεὸς

346 3766 419 3820 ἐν
446 3764 528 3832 τῷ
556 3768 790 3836 οὐρανῷ
816 3768 959 3833 ἀνω,
999 3769 1100 3823 καὶ
1143 3770 1224 3825 σὺ
1267 3771 1339 3824 ἐν
1379 3769 1451 3839 τῇ
1486 3770 1563 3841 τῇ
1596 3771 1789 3826 accitam?
1813 3771 1919 3825 Τοῦ

356 3860 543 3927 μέντοι
574 3861 874 3931 Συμμάχου
910 3862 1245 3934 σαφέστερον
1281 3862 1547 3929 εἰπόντος,
1577 3863 1648 3915 ἐν
1672 3862 1750 3928 τῷ
1781 3862 1924 3940 ἀδη-

346 3953 579 4023 μονεῖν,
616 3954 1006 4026 ἐναργέστερον
1038 3957 1132 4007 καὶ
1172 3953 1642 4025 ἐμφαντικώτερον
1686 3950 1838 4010 εἷπον
1876 3957 1925 4011 oi

2025 3501 2172 3555 dere.
2222 3499 2409 3570 Neque
2435 3501 2537 3554 hoc
2561 3510 2769 3555 tantum
2797 3540 2812 3563 ,
2862 3499 2957 3554 sed
2992 3507 3045 3554 et
3068 3498 3306 3553 medium
3338 3494 3594 3565 quiddam

2026 3593 2167 3647 inter
2227 3592 2319 3648 Dei
2374 3609 2438 3649 ac
2491 3592 2771 3647 hominum
2832 3591 3191 3647 substantiam
3242 3589 3595 3651 constituere,

2027 3683 2323 3740 secundum
2375 3683 2505 3737 illud
2540 3682 2920 3737 Ecclesiastae:
2957 3681 3090 3734 Deus
3131 3681 3185 3734 in
3232 3680 3358 3734 caelo
3389 3690 3595 3731 sursum

2027 3782 2145 3830 est:
2170 3785 2220 3829 et
2264 3785 2319 3828 tu
2349 3775 2403 3827 in
2446 3783 2586 3828 terra
2613 3774 2758 3843 infra
2785 3774 2849 3825 ⁸’.
2891 3772 2955 3826 Et
2981 3772 3343 3843 Symmachus
3376 3768 3595 3839 quidem

2030 3867 2111 3922 sic
2139 3868 2285 3920 clare
2314 3867 2462 3920 hunc
2490 3867 2668 3919 locum
2698 3864 2950 3929 reddidit,
2983 3862 3114 3919 Cum
3147 3863 3396 3916 dolerem.
3426 3857 3579 3928 Signi

2029 3958 2244 4013 cantius
2281 3972 2413 4012 vero
2443 3965 2495 4011 et
2526 3956 2764 4028 apertius
2795 3953 3145 4025 Septuaginta
3181 3972 3194 4007 :
3236 3952 3371 4005 Dum
3404 3950 3598 4005 anxius

367 4043 794 4114 Ἐὀδομήκοντα,
834 4046 930 4098 Ἐν
966 4044 1047 4111 τῷ
1074 4044 1418 4114 ἀκηδιάσαι.
1467 4047 1778 4119 Ἀδημονεῖν
1817 4049 1923 4121 γὰρ

2032 4066 2209 4104 essem.
2250 4047 2410 4103 Dolor
2431 4049 2577 4103 enim
2605 4049 2766 4104 etiam
2803 4047 2871 4103 de
2910 4046 3135 4101 minutis
3176 4045 3333 4100 malis
3363 4042 3597 4099 dicitur:

357 4139 451 4190 καὶ
489 4137 585 4191 ἐπὶ
613 4140 725 4201 τοῖς
774 4141 990 4210 μικροῖς
1022 4139 1273 4207 λέγεται’
1315 4140 1543 4212 ἀκηδιᾷν
1584 4140 1641 4194 δὲ
1669 4141 1762 4194 ἐπὶ
1810 4143 1926 4205 τοῖς

359 4229 615 4298 μεγάλοις
640 4229 876 4294 πάντως,
908 4231 1035 4285 ὅταν
1062 4231 1149 4285 διὰ
1173 4232 1233 4285 τὺ
1263 4231 1466 4303 πλῆθος
1492 4231 1597 4287 τῶν
1621 4233 1804 4286 κακῶν
1825 4233 1929 4287 λοι-

2034 4141 2279 4196 anxietas
2333 4156 2465 4196 vero
2503 4141 2571 4195 de
2615 4141 2827 4212 magnis
2874 4140 3252 4194 tantummodo
3280 4178 3296 4203 ,
3358 4135 3598 4208 quando,

2030 4234 2373 4289 multitudine
2401 4233 2665 4288 malorum
2704 4233 3108 4287 circumventus
3149 4230 3308 4301 quis,
3359 4232 3598 4283 animum

357 4320 456 4373 πδν
483 4320 596 4374 τῶν
629 4322 686 4373 ὲν
732 4321 881 4391 μέσῳ
932 4338 1017 4385 τις
1066 4321 1563 4393 περιλαμϐάνεται,
1612 4320 1923 4394 ἀπαγορεύῃ

2032 4325 2327 4396 despondet
2366 4341 2429 4381 ac
2455 4326 2611 4394 quasi
2658 4325 2944 4394 desperat,
2996 4323 3207 4393 ahjecto
3251 4322 3401 4378 omni
3433 4320 3601 4377 animi

360 4415 494 4484 πρὸς
515 4413 657 4467 αὐτά
685 4416 779 4468 καὶ
807 4410 919 4467 οἷον
943 4414 1330 4485 ἀπογινώσκει,
1362 4415 1521 4486 ῥίψας
1549 4416 1643 4473 τοῦ
1676 4414 1794 4478 νοὸς
1819 4414 1934 4486 βου-

361 4504 625 4577 λεύματα,
646 4506 719 4571 ὡς
753 4506 950 4581 μηκέτι
979 4508 1165 4581 φέρειν
1196 4502 1306 4571 οἷός
1339 4525 1396 4560 τε
1425 4506 1519 4561 ών.

2028 4420 2282 4488 consilio,
2316 4428 2377 4476 ut
2411 4420 2505 4491 qui
2539 4419 2682 4475 malo
2710 4417 2935 4475 ferendo
2965 4433 3063 4491 par
3088 4433 3196 4473 non
3229 4416 3319 4473 sit.

1035 4746 1049 4767 η
1162 4689 1233 4743 Et
1262 4691 1313 4743 in
1345 4706 1477 4746 vers.
1507 4700 1795 4749 sequentem
1830 4704 1848 4744 :
1883 4707 1901 4741 σ
1934 4687 1999 4741 In
2031 4697 2179 4757 petra
2205 4689 2454 4743 exaltasti
2479 4705 2558 4742 me
2579 4730 2595 4755 ,
2630 4707 2650 4742 ι
2682 4704 2728 4743 υ.
2759 4688 2812 4743 5.

436 4852 546 4925 (86)
585 4852 954 4919 Ἀθανάσιος.
996 4852 1140 4925 Πρὸς
1170 4852 1228 4906 δὲ
1256 4852 1492 4909 διάνοιαν
1526 4849 1808 4922 κρείττους
1835 4865 1923 4917 γε·

2037 4849 2091 4920 f
2108 4851 2452 4904 Athanasius.
2491 4849 2801 4905 Secundum
2835 4849 3165 4905 intellectum
3194 4863 3344 4912 vero,
3371 4849 3477 4903 sire
3496 4862 3606 4901 sena

366 4948 599 5018 γόναμεν
623 4946 736 5003 τῶν
780 4945 1194 5019 ἐπηρεαζόντων
1224 4945 1493 5016 δαιμόνων
1536 4944 1623 4997 διὰ
1668 4943 1927 5015 Χριστοῦ,

368 5038 422 5102 ὃς
449 5040 624 5112 πέτρα
655 5038 731 5111 τις.
762 5041 1013 5112 μακαρίῳ
1033 5040 1447 5109 κατωνόμασται
1472 5038 1687 5109 Παύλῳ.
1716 5038 1825 5089 Καὶ
1845 5036 1932 5089 ἵνα

368 5134 454 5188 τὸν
482 5135 606 5189 νοῦν
639 5133 856 5188 ἃπαντα
896 5133 996 5203 τῆς
1040 5131 1358 5203 ψαλμῳδίας
1389 5129 1546 5193 εἴπω,
1580 5127 1930 5198 εὐχαριστίαν

373 5230 573 5299 ὀλόγος
605 5229 871 5301 περιέχει.
921 5228 1105 5281 Ταῦτα
1147 5226 1256 5297 γάρ
1290 5242 1398 5297 μοι.
1452 5226 1635 5295 φησὶν,
1685 5222 1929 5294 ὑπῆρξαν

376 5322 469 5377 ὅσα
494 5323 823 5395 προείρηκα,
862 5319 1046 5390 ἐπειδὴ
1066 5321 1129 5373 σὺ
1148 5317 1330 5382 αὐτὸς,
1363 5318 1392 5369 ὁ
1423 5316 1577 5382 Θεὸς,
1597 5313 1807 5385 ἐπῆράς
1840 5330 1927 5384 με,

435 5458 478 5490 ³³
514 5458 697 5514 Eccle.
730 5473 784 5520 v,
822 5456 871 5510 l.
950 5454 994 5485 ³³
1022 5452 1043 5507 Ι
1074 5454 1200 5509 Cor.
1233 5469 1290 5517 ι,
1316 5453 1368 5506 4.

435 5600 545 5666 (εει)
576 5599 718 5656 Vide
745 5596 877 5651 ibid.

432 5663 543 5734 (84)
586 5670 727 5725 Vide
766 5683 929 5738 supra
963 5666 1026 5720 ad
1056 5663 1427 5738 hunc__locum.

582 5742 720 5798 Haec
770 5729 1039 5796 habentur
1088 5737 1143 5790 iu
1190 5731 1624 5805 Eatpositionibus
1671 5730 1737 5787 ad
1789 5729 1931 5784 hunc

2038 4960 2153 4997 sum
2184 4944 2536 5013 spiritualem,
2564 4944 2844 4998 victoriam
2878 4942 3276 5013 reportavimus
3308 4941 3376 4996 de
3404 4940 3607 4994 daemo—

2040 5035 2223 5099 nibus,
2272 5035 2365 5105 qui
2421 5034 2903 5101 nosinfestabant,
2944 5050 3039 5104 per
3081 5033 3378 5095 Christum,
3431 5028 3522 5098 qui
3572 5042 3604 5081 a

2042 5126 2102 5183 D.
2124 5127 2291 5183 Paulo
2319 5136 2467 5198 petra
2493 5127 2793 5197 appellatur
2818 5126 2880 5180 ³⁸.
2905 5125 2970 5179 Ει
2993 5134 3051 5179 ut
3076 5123 3269 5195 psalmi
3301 5120 3462 5190 hujus
3479 5133 3605 5173 sen-

2039 5237 2158 5275 sum
2196 5221 2508 5276 universum
2543 5235 2850 5290 exponam,
2909 5218 3151 5272 continet
3203 5215 3249 5269 is
3302 5211 3603 5283 gratiarum

2041 5314 2330 5368 actionem.
2353 5311 2457 5368 Ista
2485 5313 2630 5368 enim
2662 5314 2869 5379 omnia,
2894 5310 3087 5383 inquit,
3119 5323 3239 5379 qua:
3266 5302 3606 5374 enumeravi,

2045 5595 2279 5636 versum.

2113 5654 2222 5725 (86)
2263 5653 2337 5710 lbi
2370 5651 2491 5709 vide
2521 5648 2793 5721 superius.
