3946 6222
430 355 532 412 5τηί

1277 352 1333 407 S.
1376 352 1745 408 ATHANASII
1780 352 1931 409 OPP.
1974 352 2155 407 PARS
2183 352 2272 408 ill.
2300 382 2371 392 —-
2411 349 2819 406 EXEGETICA.

3556 342 3666 403 δη

424 474 742 530 acciderunt
779 474 913 527 mihi
938 473 1194 542 quoniam
1231 482 1310 536 tu,
1343 490 1376 528 ο
1403 474 1567 539 Deus,
1597 475 1846 529 exaltasti
1889 491 1997 543 me,
2027 526 2036 544 Α

2109 474 2194 528 καὶ
2221 474 2441 544 ὕψωσας
2474 476 2531 527 ὲν
2561 477 2625 544 τῇ
2654 472 2804 543 παρά
2838 475 2923 525 eoi”
2949 471 3141 540 πέτρᾳ,
3166 469 3285 538 ἣτις
3318 468 3465 518 ἐστὶν
3510 466 3539 518 ό
3577 466 3669 530 σὸς

421 576 481 623 ct
498 566 739 622 extulisti
771 581 859 620 me
899 567 954 619 in
978 574 1153 635 petra,
1194 581 1315 635 quae
1349 568 1490 635 apud
1528 577 1581 621 te
1608 577 1712 635 est,
1744 568 1797 622 in
1834 568 1996 622 verbo

425 661 637 717 scilicet
663 669 758 714 tuo
785 677 799 712 :
828 657 1080 714 Christus
1109 660 1254 713 enim
1287 669 1405 714 erat
1429 670 1581 730 petra
1606 661 1718 716 illa.
1745 660 1879 727 Quia
1904 661 1998 731 igi-

422 758 515 808 tur
538 751 706 806 verbo
738 760 833 805 tuo
864 764 950 804 me
975 749 1253 812 exaltasti,
1286 761 1448 821 atque
1477 751 1854 806 ita-sublimem
1875 751 1999 806 feci-

425 847 519 913 sti,
559 852 619 899 ut
643 860 748 898 non
784 843 1018 913 amplius
1047 844 1100 897 in
1130 843 1309 898 medio
1330 854 1521 909 terrae,
1541 843 1632 898 sed
1658 844 1710 897 in
1742 843 1998 897 extremis

425 940 546 1008 ejus
571 938 807 992 habitem
847 956 859 990 :
900 937 1123 1006 insuper
1153 938 1317 991 etiam
1344 939 1478 1007 quia
1510 938 1778 992 deduxisti
1807 952 1912 999 me,
1942 945 2001 989 ut

419 1030 536 1099 jam
587 1030 924 1099 propinquus
949 1029 1047 1083 tibi
1088 1028 1263 1084 factus
1303 1031 1428 1094 sim,
1465 1039 1520 1084 et
1551 1030 1674 1099 quia
1706 1044 1831 1098 spes
1863 1046 2002 1098 quo-

423 1137 531 1192 que
560 1135 678 1175 mea
711 1118 886 1175 factus
917 1137 975 1174 es
1001 1163 1016 1185 ,
1054 1137 1160 1190 qua
1210 1122 1490 1176 conlidens
1535 1137 1641 1174 non
1678 1120 2002 1185 eonfundar,

424 1211 553 1281 quia
603 1210 839 1278 denique
878 1225 1002 1264 cum
1040 1212 1224 1265 hostes
1278 1212 1429 1267 multi
1461 1226 1545 1265 me
1594 1212 1910 1280 intpclet'cnl.
1943 1226 2007 1265 ac

424 1316 734 1380 quaererent
765 1307 1007 1359 animam
1060 1319 1271 1367 meam,
1315 1313 1369 1357 tu
1413 1304 1561 1357 solus
1587 1315 1773 1357 contra
1816 1318 2008 1356 omnes

429 1400 758 1463 suﬂiciebas,
790 1397 965 1451 factus
984 1395 1116 1449 mihi
1147 1396 1316 1449 turris
1338 1393 1708 1460 fortitudinis;
1744 1396 1883 1455 ham,
1913 1395 1997 1446 in-

424 1508 613 1564 quam,
654 1491 836 1546 omnia
867 1503 987 1541 cum
1029 1503 1059 1541 a
1089 1494 1141 1540 te
1165 1497 1490 1542 consecutus
1519 1487 1644 1549 sim,
1675 1487 1867 1539 merito
1903 1486 1997 1538 tibi

425 1586 660 1654 hymnos
681 1581 867 1647 otl‘ero,
890 1590 951 1634 ut
976 1577 1070 1648 qui
1096 1577 1229 1632 mihi
1254 1579 1497 1632 omnium
1522 1578 1789 1632 honorum
1810 1587 2000 1632 auctor

426 1677 615 1734 fueris.

2101 570 2259 638 λόγος
2281 588 2294 600 υ
2331 572 2364 640 ἡ
2402 571 2576 641 πέτρα
2604 569 2711 642 γὰρ
2738 566 2804 642 ἦν
2836 572 2864 622 ὁ
2890 568 3136 641 Χριστός.
3186 565 3336 618 Ἐπεὶ
3372 564 3551 616 τοίνυν
3592 562 3671 634 τῷ

2101 661 2243 731 λόγῳ
2277 677 2369 713 σου
2409 660 2628 730 ὖψωσάς
2675 679 2763 732 με,
2814 663 2914 714 καὶ
2961 659 3229 730 μετέωρον
3270 656 3565 724 ἐποίησας,
3595 655 3671 718 ὡς

2107 752 2302 824 μηκέτι
2336 755 2606 805 κατοικεῖν
2633 752 2700 805 τά
2739 751 2876 822 μέσα
2908 749 3009 819 τῆς
3059 748 3183 817 γῆς,
3232 745 3343 799 ἀλλ’
3378 747 3435 797 ἐν
3481 745 3671 814 ἄκροις

2107 847 2275 917 αὐτῆς
2301 844 2590 913 γενέσθαι·
2640 845 2739 915 ἤδη
2779 844 2833 896 δὲ
2892 844 2986 895 καὶ
3040 839 3326 911 ὼδήγησάς
3375 855 3441 908 με
3466 877 3491 901 ,.
3531 836 3669 889 ὥστε

2108 939 2333 1008 πλησίον
2382 954 2473 989 σου
2506 936 2726 1005 φθάσαι.
2758 933 2985 1002 γέγονάς
3028 950 3085 985 τε
3136 931 3288 994 ἐλπίς
3337 948 3460 1000 μου,
3506 928 3554 982 δι
3606 930 3671 999 ἣν

2108 1029 2293 1084 ἐλπίδα
2316 1029 2375 1080 ού
2407 1025 2943 1097 καταισχυνθήσομαι
2964 1041 2978 1054 ο
3008 1021 3141 1076 άλλά
3177 1021 3268 1074 καὶ
3298 1019 3507 1073 πολλῶν
3554 1021 3672 1070 ἑπι-

2107 1122 2375 1193 κειμένων
2405 1119 2608 1188 νοητῶν
2634 1116 2860 1188 ἐχθρῶν,
2893 1117 3000 1168 τῶν
3037 1114 3339 1185 ζητούντων
3367 1114 3465 1183 τὴν
3492 1113 3671 1181 ᾠυχήν

2112 1231 2233 1284 μου,
2267 1213 2386 1265 ἀντὶ
2415 1211 2628 1263 πάντων
2657 1209 2893 1280 ἦρκεσας
2923 1209 2986 1260 σὺ
3030 1207 3207 1277 μόνος,
3242 1205 3449 1276 πύργος
3489 1205 3671 1275 ἰσχύος

2112 1322 2201 1376 μοι
2225 1306 2511 1373 γενόμενος
2531 1321 2544 1333 ο
2573 1302 2799 1364 εἰκότως
2830 1300 3031 1353 τούτων
3057 1299 3310 1353 ἁπάντων
3354 1297 3552 1368 τυχὼν,
3608 1298 3672 1351 σὺ

2102 1404 2117 1467 (
2143 1398 2293 1466 forte
2311 1398 2424 1461 σοὶ)
2453 1397 2578 1458 τοὺς
2609 1393 2809 1462 ὕμνους
2838 1391 3164 1463 ἀναπέμπω,
3193 1389 3269 1455 ὡς
3292 1390 3565 1445 ἁπάντων
3584 1404 3693 1461 μοι.

2100 1489 2206 1543 τῶν
2236 1486 2748 1557 ἀγα,θῶν.νενομένῳ
2781 1485 2982 1556 deign-

1274 1766 1344 1820 Et
1376 1769 1426 1822 in
1450 1782 1651 1821 versum
1684 1773 2012 1833 sequentem:
2048 1782 2066 1811 ι
2104 1760 2385 1816 Deduxiin
2412 1777 2509 1827 me,
2540 1779 2571 1811 »ς
2601 1769 2723 1827 etc.,
2752 1777 2798 1814 υ.
2828 1759 2883 1811 Li

509 1936 790 1991 Athanasii
812 1945 861 1988 et
886 1931 1097 2002 Cyrilli.
1138 1930 1273 1997 Quia
1306 1946 1433 1985 vero
1482 1930 1583 1983 viae
1634 1927 1833 1982 ducum
1880 1904 2077 1995 pro-‘1)

428 2029 604 2099 prium
635 2035 719 2080 est
743 2027 1138 2089 demonstrare,
1174 2038 1421 2093 quaenam
1450 2022 1546 2074 viae
1585 2029 1701 2073 tuta
1751 2020 1841 2082 sit,
1880 2034 1999 2087 quae

430 2135 558 2175 vero
592 2118 893 2189 periculosa
925 2126 979 2171 et
1021 2116 1324 2185 perniciosa
1354 2132 1366 2167 :
1403 2113 1568 2167 etiam
1602 2113 1704 2165 hoc
1745 2109 1999 2165 Christus

430 2210 626 2265 fecisse
659 2208 1012 2277 comperitur,
1064 2205 1191 2259 dum
1235 2205 1317 2257 ait-
1335 2221 1355 2256 επ
1386 2203 1506 2271 Ego
1523 2217 1640 2255 sum
1685 2201 1769 2254 via
1818 2209 1866 2253 et
1909 2216 1995 2252 οε-

432 2303 563 2354 tium
607 2300 674 2354 ⁸³.
713 2299 849 2353 Illud
875 2312 1027 2361 vero,
1055 2297 1222 2351 turris
1258 2294 1608 2357 fortitudinis,
1640 2292 1779 2345 idem
1823 2299 1919 2345 est=
1938 2306 2000 2345 ac

430 2393 475 2446 si
504 2392 773 2446 dixisset:
815 2388 1003 2443 Murus
1053 2404 1117 2443 ac
1162 2395 1403 2440 tutamen
1431 2386 1566 2440 mihi
1599 2383 1775 2438 iactus
1826 2399 1907 2446 es,
1940 2390 1999 2437 ut

429 2483 563 2537 nihil
600 2483 732 2536 mihi
770 2481 983 2536 accidat
1010 2481 1159 2544 mali,
1195 2494 1318 2534 cum
1357 2479 1409 2530 hi
1442 2476 1743 2531 molestiam
1780 2476 1999 2544 pariunt

429 2574 653 2628 inimici.
683 2571 932 2628 Christus
960 2586 1196 2642 namque
1226 2570 1411 2641 turris
1444 2577 1531 2625 est
1576 2568 1788 2624 stabilis
1836 2579 1998 2638 atque

430 2667 776 2723 inconcussa.

2180 1926 2289 1996 (87)
2334 1926 2680 1981 Ἀθανασίου
2726 1927 2824 1979 καὶ
2874 1925 3194 1995 Κυρίλλου.
3240 1924 3418 1996 ,Ἐπεὶ
3468 1925 3525 1978 δὲ
3570 1925 3700 1979 τῶν.

2099 2017 2434 2088 όδηγούντων
2486 2018 2614 2070 ἴδιον
2648 2018 2710 2070 τὸ
2755 2017 3039 2082 δεικνύειν,
3099 2017 3243 2071 ποία-
3288 2018 3387 2088 μὲν
3431 2017 3675 2087 ἀσφαλὴς

2098 2109 2237 2173 ὁδὸς,
2262 2109 2390 2161 ποία
2415 2109 2744 2180 δὲσφαλερά
2772 2111 2864 2163 καὶ
2891 2108 3126 2181 βλαϐερά
3159 2108 3564 2181 μαρτύρεσθαι·
3586 2110 3677 2162 καὶ

2097 2201 2255 2254 τοῦτο
2285 2201 2520 2272 Χριστὸς
2552 2198 2865 2269 πεποιηκὼς
2890 2200 3201 2271 εὑρίσκεται
3230 2239 3244 2263 ,
3270 2201 3330 2251 ἐν
3357 2198 3436 2269 τῷ
3459 2199 3674 2267 λέγειν’

2114 2292 2261 2360 Ἐγώ
2280 2296 2397 2361 εἰμι
2424 2295 2462 2361 ἡ
2488 2291 2626 2357 ὁδὸς
2653 2293 2751 2344 καὶ
2778 2292 2815 2359 ἠ
2844 2292 3011 2361 θύρα.
3042 2292 3114 2345 Τὸ
3135 2293 3212 2353 δὲ’,
3242 2292 3452 2363 πύργος
3476 2292 3676 2362 ἰσχύος,

2103 2388 2286 2455 ὅμοιον
2320 2385 2450 2437 ὡσεὶ
2472 2383 2650 2452 λέγοι·
2685 2384 2873 2455 Τοῖχος
2906 2383 2998 2436 καὶ
3027 2384 3296 2452 ἀσφάλεια
3325 2382 3573 2452 γέγονας,
3598 2384 3683 2445 εἰς

2102 2476 2162 2528 τὸ
2200 2474 2363 2546 μηδὲν
2390 2475 2581 2527 παθεῖν
2614 2474 3029 2545 ἐπηρεαζόντων
3052 2473 3159 2525 τῶν
3200 2473 3429 2545 ἐχθρῶν.
3462 2473 3697 2544 Πύργος-

2102 2568 2211 2639 γὰρ
2242 2568 2474 2639 ἑδραῖος,
2508 2566 2900 2629 ἀκατάσειστος
2923 2567 2951 2618 ό
2989 2567 3242 2638 Χριστός.

1118 2776 1187 2831 Ει
1216 2777 1272 2831 in
1304 2776 1576 2847 sequentia
1606 2788 1630 2831 :
1667 2793 1688 2827 ι
1727 2774 1997 2830 Habitaho
2028 2778 2036 2828 1‘

2114 2770 2456 2829 tabernaculo
2484 2780 2611 2838 tuo,
2639 2789 2658 2824 ›
2687 2781 2813 2840 δια,
2844 2790 2903 2827 υ..
2925 2773 2985 2827 5.

501 2942 849 3008 Athanasius,
878 2943 1136 3015 Cyrillus.
1171 2943 1252 2998 Ad
1285 2957 1506 2999 sensum
1534 2958 1666 2999 vero
1696 2942 1812 2998 :Ex
1840 2944 2013 2999 bonist

430 3049 553 3104 qua:
574 3035 684 3106 jam
710 3052 741 3090 a
766 3037 876 3093 Deo
900 3044 1202 3107 acceperat,
1247 3052 1395 3105 spem
1430 3036 1533 3091 sibi
1569 3035 1700 3091 facit
1740 3035 1902 3090 etiam
1933 3035 2001 3089 de

430 3127 653 3194 futuris,
690 3131 837 3198 quod
871 3130 1131 3184 nimirum
1176 3138 1425 3198 receptus
1455 3129 1510 3182 in
1542 3144 1777 3198 superna
1817 3129 1998 3182 taber-

430 3220 650 3283 uacula,
683 3236 898 3290 semper
934 3221 1036 3275 sub
1063 3221 1155 3274 Dei
1196 3220 1299 3274 erit
1333 3220 1687 3288 protectione.
1731 3217 2002 3285 Quemad—

432 3308 652 3361 modum
709 3309 853 3363 enim
908 3309 1001 3379 qui
1052 3308 1250 3364 festum
1294 3308 1513 3376 aliquod
1546 3309 1719 3362 acturi
1756 3316 1903 3372 sunt,
1938 3323 2004 3362 eo

425 3399 535 3470 jam
570 3417 677 3470 pra:
707 3399 918 3457 foribus
966 3403 1282 3466 exsistente,
1334 3401 1674 3470 jucunditate
1723 3418 1786 3457 ac
1819 3402 2003 3456 laetitia

431 3491 665 3560 quadam
704 3491 1127 3561 perfunduntur,
1176 3502 1231 3549 et
1282 3495 1429 3564 quod
1466 3493 1707 3548 nondum
1764 3508 2004 3562 praesens

432 3584 588 3652 quasi
618 3599 857 3653 praesens
912 3584 1238 3641 intuentur:
1288 3586 1368 3640 sic
1415 3586 1579 3639 etiam
1628 3584 1823 3649 sancti,
1876 3600 2002 3639 cum

430 3676 604 3734 bonas
653 3692 777 3747 spes
820 3676 1055 3732 habeant
1102 3677 1169 3731 de
1208 3676 1392 3731 futura
1438 3677 1543 3731 vita
1574 3716 1595 3742 ,
1642 3677 1889 3731 laetantur
1933 3675 2001 3730 de

430 3770 566 3838 ipsa.
603 3769 729 3824 Alas
752 3785 880 3824 vero
905 3770 1141 3840 appellat
1161 3769 1517 3825 Providentia:
1539 3770 1736 3824 divinae
1765 3778 2002 3839 potesta-

431 3867 578 3912 tem:
614 3874 645 3911 a
679 3875 786 3929 qua
829 3867 1003 3915 teetus
1037 3860 1214 3916 omnis
1263 3859 1356 3914 Dei
1393 3877 1584 3933 amans
1617 3876 1894 3931 nunquam
1931 3875 1998 3914 ex

431 3947 782 4003 tabernaculo
828 3946 924 4004 Dei
970 3950 1203 4016 excedit,
1247 3951 1338 4006 sed
1387 3952 1442 4006 in
1478 3960 1740 4006 aeternum
1794 3950 1849 4004 in
1881 3950 1999 4020 ipsa

430 4048 733 4109 permanet.

2179 2934 2289 3013 (88)
2336 2938 2697 3005 Ἄθανάσιος,
2721 2938 3040 3004 Κύριλλος.
3071 2934 3455 3007 Πρὸς-δὲνοῦν,
3491 2924 3679 3002 ἀφ’ὧν

2108 3033 2209 3103 ἤδη
2239 3032 2456 3103 εἴληφεν
2478 3030 2717 3099 ἀγαθῶν,
2741 3030 2835 3083 καὶ
2867 3029 2994 3099 περὶ
3040 3028 3146 3081 τῶν
3192 3026 3493 3098 μελλόντων
3527 3025 3671 3078 timi-

2110 3122 2213 3188 ζει,
2246 3125 2325 3177 ὅτι
2360 3123 2445 3196 δὴ,
2504 3125 2581 3185 εἰς
2629 3120 2726 3182 τὰς
2754 3121 2864 3176 ἄνω
2898 3120 3104 3189 σκηνὰς
3134 3118 3391 3187 γεγονὼς,
3427 3117 3531 3171 ὑπὸ
3580 3116 3678 3187 τὴν

2109 3213 2271 3269 αὐτοῦ
2299 3213 2388 3266 διὰ
2420 3212 2619 3274 παντὸς
2658 3211 2946 3280 γενήσεται
2984 3208 3212 3277 σκέπην,
3250 3208 3462 3278 Ὠσπερ
3494 3206 3604 3278 γὰρ
3630 3206 3678 3259 οἱ

2108 3306 2388 3377 μέλλοντες
2413 3303 2681 3359 ἐπιτελεῖν
2714 3303 2926 3374 ἑορτὴν,
2961 3302 3126 3370 ἐγγύς
3155 3318 3215 3353 τε
3238 3301 3330 3353 καὶ
3362 3301 3454 3352 ἐπὶ
3487 3298 3677 3370 θύραις

2102 3397 2313 3469 ἔχοντες
2331 3398 2522 3468 αὐτὴν,
2554 3392 3108 3467 προαναπίμπλανται
3135 3391 3423 3463 θυμηδίας,
3466 3392 3562 3443 καὶ
3581 3390 3678 3460 τὴν

2102 3484 2252 3545 οὔπω
2287 3489 2565 3562 παροῦσαν
2595 3489 2670 3551 ὡς
2702 3489 2805 3560 ἤδη
2833 3486 3112 3559 παροῦσαν
3141 3485 3340 3555 ὁρῶσιν
3363 3502 3376 3514 ·
3408 3483 3552 3537 οὕτω
3584 3483 3677 3536 καὶ

2098 3583 2342 3650 οίνᾶγιοι,
2373 3580 2612 3653 χρηστὰς
2651 3579 2867 3650 ἔχοντες
2912 3578 3134 3641 ἐλπίδας
3161 3579 3254 3631 ἐπὶ
3298 3580 3365 3648 τῇ
3404 3576 3675 3648 μελλούσῃ

2103 3673 2236 3746 ζωῇ,
2269 3674 2546 3745 χαίρουσιν
2574 3672 2660 3724 ἐπ’
2687 3672 2847 3743 αὐτῇ.
2881 3670 3162 3743 Πτέρυγας
3187 3670 3244 3723 δὲ
3270 3669 3428 3723 καλεῖ
3455 3666 3557 3731 τὰς
3579 3665 3673 3719 τοῦ

2099 3766 2233 3820 Θεοῦ
2268 3763 2627 3838 προνοητικάς
2653 3762 2912 3836 δυνάμεις
2936 3779 2948 3792 ’
2985 3763 3073 3832 ὑφ’
3102 3762 3169 3826 ἃς
3206 3761 3467 3814 σκέπεται
3494 3763 3521 3813 ό
3556 3759 3674 3813 Oso-

2103 3859 2280 3929 φιλὴς,
2324 3857 2592 3928 μηδέποτε
2636 3856 2735 3926 τῆς
2788 3855 2991 3925 σκηνῆς
3042 3852 3339 3925 ἀναχωρῶν
3373 3851 3477 3907 τοῦ
3492 3846 3675 3924 ﬂecti,

2104 3949 2238 4004 ἀλλά
2272 3949 2337 4003 δι’
2374 3947 2568 4012 αἰῶνος
2591 3948 2649 4001 ἐν
2674 3947 2813 4019 αὐτῇ
2840 3945 3130 4001 κατοικῶν.

958 4157 1030 4212 Et
1055 4159 1226 4214 adhuc
1259 4160 1312 4213 in
1344 4160 1498 4215 verba
1519 4175 1537 4212 :
1582 4178 1601 4210 ι
1636 4159 1843 4213 Dedisti
1877 4159 2231 4214 hereditatem
2265 4158 2570 4213 timentibus
2595 4173 2781 4213 nomen
2810 4165 2978 4223 tuum,
3010 4165 3148 4211 rete.

503 4309 718 4366 Eusebii
754 4321 803 4367 et
857 4312 1155 4367 Athanasii.
1211 4313 1502 4368 Sciendum
1539 4311 1726 4384 porro,
1778 4328 1899 4369 esse
1943 4313 1996 4367 in

432 4400 520 4457 his
564 4402 745 4458 verbis
798 4405 1087 4458 obscuram
1149 4405 1601 4475 signiﬁcationem
1652 4420 1795 4459 verat
1854 4404 1999 4460 illius

433 4494 782 4551 haereditatis.
818 4496 890 4549 Ea
924 4511 1052 4550 vero
1089 4505 1174 4551 est
1202 4496 1309 4549 vita
1349 4506 1571 4550 mterna.
1612 4495 1716 4550 Sed
1747 4511 1870 4549 cum
1894 4495 1998 4550 ista

432 4585 648 4640 demum
682 4587 733 4641 in
767 4586 952 4641 futuro
979 4589 1179 4642 saeculo
1203 4587 1378 4642 danda
1423 4587 1515 4651 sit,
1566 4586 1838 4657 quomodo
1869 4602 1998 4657 ergo

431 4677 508 4731 ait
539 4677 728 4747 David,
768 4679 966 4733 Dedisti
989 4681 1013 4734 ?
1043 4680 1162 4735 Ideo
1192 4680 1474 4746 nimirum,
1498 4681 1623 4750 quia
1654 4681 1777 4735 licet
1807 4694 1868 4734 ea
1901 4695 1997 4734 ex-

430 4778 705 4838 spectetur
755 4779 879 4840 post
930 4772 1383 4826 resurrectionem
1413 4812 1429 4836 ,
1482 4770 1607 4824 data
1662 4779 1844 4825 tamen
1892 4778 1994 4834 est,

431 4859 558 4929 quia
586 4860 698 4929 jam
731 4863 861 4915 olim
895 4873 1084 4932 parata
1116 4873 1195 4917 est
1225 4864 1293 4919 iis
1319 4862 1412 4933 qui
1454 4878 1556 4918 suo
1593 4871 1834 4932 tempore
1876 4876 1997 4916 eam

432 4960 560 5007 sunt
603 4953 869 5021 adepturi.
923 4950 1162 5007 Observa
1220 4962 1425 5021 autem,
1473 4953 1638 5008 etiam
1684 4952 1999 5006 timentibus

430 5040 600 5096 Deum
629 5043 812 5096 datam
852 5059 975 5098 esse
1024 5044 1413 5098 haareditatem.
1453 5042 1511 5097 Si
1539 5043 1723 5111 itaque
1773 5039 1857 5094 his
1906 5039 1999 5108 qui

430 5133 591 5205 longe
631 5134 918 5191 inferiores
948 5147 1076 5192 sunt
1100 5152 1162 5190 ea
1192 5137 1315 5191 data
1349 5143 1467 5190 est:
1504 5135 1675 5188 multo
1707 5147 1839 5203 ergo
1880 5147 1998 5185 ma-

431 5227 514 5295 gis
542 5228 609 5284 iis
638 5228 731 5297 qui
768 5230 927 5300 longe
979 5229 1142 5284 altius
1181 5228 1638 5293 conscenderunt,
1670 5226 1774 5280 hoc
1800 5232 1883 5278 est
1911 5222 1995 5277 di-

360 5382 364 5393 .
428 5315 722 5386 ligentihus
755 5316 945 5373 Deum.
977 5317 1133 5385 Quod
1166 5334 1293 5373 vero
1314 5318 1589 5376 indeﬁnite
1619 5316 1772 5379 dixit,
1807 5316 1995 5368 timen-

431 5405 595 5470 tibus,
643 5424 745 5465 nec
788 5409 996 5465 addidit
1040 5409 1243 5465 ludatis
1276 5418 1371 5464 aut
1416 5409 1666 5480 gentibus
1694 5447 1707 5471 ,
1756 5421 1822 5461 eo
1876 5408 1992 5475 ipso

432 5498 688 5564 expandit
744 5501 973 5570 gratiam
1008 5516 1163 5557 suam
1199 5517 1364 5571 super
1407 5500 1690 5556 universos
1722 5498 1989 5553 homines.

502 5627 721 5686 “Joan.
752 5649 859 5700 xtv,
882 5633 947 5703 6;
976 5651 1032 5705 ι,
1058 5637 1110 5692 9.

506 5747 614 5818 (5‘7)
650 5748 780 5807 Vide
806 5756 1056 5824 superius
1085 5757 1137 5811 in
1170 5754 1622 5826 Expositionibus.

2175 4313 2470 4367 Εὐσεόἰου
2519 4311 2617 4365 καὶ
2671 4313 3039 4368 Ἀθανασίου.
3103 4314 3294 4367 Ἰστέον
3330 4315 3533 4386 μέντοι,
3591 4332 3673 4369 ον,

2105 4399 2278 4454 ταῦτα
2304 4400 2530 4471 αἴνιγμα
2578 4400 2689 4471 ἔχει
2737 4401 2830 4454 καὶ
2879 4402 2979 4472 τῆς
3012 4402 3242 4473 ἀληθοῦς
3295 4403 3669 4478 κληρονομίας.

2104 4491 2252 4563 Αὕτη
2280 4492 2339 4546 δέ
2372 4494 2520 4546 ἐστιν
2558 4495 2590 4564 ή
2645 4492 2861 4559 αἰώνιος
2907 4494 3041 4566 ζωή.
3110 4495 3269 4550 Ἀλλά
3309 4501 3414 4569 μὴν
3445 4497 3581 4568 αὕτη
3614 4500 3672 4551 ὲν

2104 4586 2180 4655 τῷ
2207 4586 2449 4656 μέλλοντι
2480 4585 2636 4640 αἰῶνι
2662 4586 2947 4657 δοθήσεται
2966 4604 2982 4618 ο
3019 4586 3135 4650 πῶς
3172 4583 3264 4642 οὖν
3297 4584 3418 4642 εἷπε
3437 4629 3452 4653 ,
3487 4588 3670 4642 Λέδω-

2104 4693 2256 4743 κας;
2288 4678 2431 4740 Ὅτι,
2467 4679 2515 4730 εἰ
2540 4678 2635 4732 καὶ
2669 4678 3033 4748 προσδοκᾶται
3071 4678 3213 4749 μετά
3238 4680 3335 4750 τὴν
3356 4680 3666 4744 ἀνάστασιν,

2103 4768 2240 4820 ἀλλά
2264 4785 2326 4835 γε
2343 4766 2418 4837 τῷ
2439 4767 2537 4838 ἤδη
2559 4767 2948 4839 εὐπρέπεσθαι,
2978 4769 3182 4823 δέδοται
3201 4772 3313 4835 τοῖς
3338 4771 3506 4842 αὐτὴν
3531 4769 3670 4824 κατὰ

2104 4860 2293 4930 καιρὸν
2324 4859 2413 4912 τὸν
2432 4859 2620 4913 δέοντα
2651 4858 2993 4929 ληψομένοις.
3023 4861 3163 4931 Ὅρα
3212 4861 3294 4928 δὲ,
3324 4862 3405 4914 ὅτι
3439 4862 3533 4915 καὶ
3558 4863 3670 4923 τοῖς

2104 4951 2456 5022 φοϐουμένοις
2478 4951 2571 5004 civ
2591 4951 2721 5005 Θεὸν
2747 4950 2954 5004 δέδοται
2985 4955 3017 5022 ἡ
3070 4952 3422 5023 κληρονομία.
3471 4954 3534 5006 Ei
3577 4949 3667 5006 οὖν

2102 5045 2285 5107 αὐτοῖς
2325 5044 2731 5116 ὑποδεεστέροις
2762 5041 2913 5108 οὖσι,
2948 5043 3125 5114 πολλῷ
3157 5044 3320 5099 πλέον
3364 5048 3475 5109 τοῖς
3503 5046 3668 5116 ὑπερ·

2100 5134 2508 5204 ἀναϐεϐηκόσιν,
2531 5134 2706 5186 εἶτουν
2738 5132 2991 5201 ἀγαπῶσι
3010 5132 3099 5186 τὸν
3122 5131 3273 5187 Θεόν.
3293 5133 3587 5204 Ἀορίστως
3608 5130 3664 5185 δὲ

2100 5226 2291 5288 εἰπὼν,
2316 5229 2429 5288 τοῖς
2451 5225 2822 5295 φοϐουμένοις,
2846 5226 2936 5279 καὶ
2964 5226 3022 5278 ού
3055 5224 3329 5296 προσθεὶς,
3371 5222 3659 5286 Ἰουδαίοις,

2099 5317 2446 5387 ῆξἜλλησιν,
2482 5317 2702 5386 ἦπλωσε
2736 5317 2835 5388 τὴν
2872 5317 3027 5387 χάριν
3062 5317 3155 5369 ἐπὶ
3204 5316 3411 5379 πάντας
3454 5313 3661 5385 ἀνθρώ-

2100 5423 2265 5468 πους·
2293 5408 2524 5475 μάλιστα
2563 5406 2620 5458 δὲ
2659 5406 2785 5469 τοὺς
2808 5404 2865 5472 ἐξ
2893 5404 3058 5458 ἐθνῶν
3087 5405 3426 5477 προσιόντας,
3471 5404 3659 5475 φοϐου-

2103 5497 2298 5563 μένους
2326 5498 2416 5551 τὸν
2449 5497 2675 5568 Κύριον,
2706 5496 2896 5551 εἴωθεν
2918 5497 3211 5550 ἀποκαλεῖν
3246 5499 3275 5550 ό
3300 5496 3475 5566 λόγος.
3526 5494 3661 5552 Ποία

2164 5749 2273 5823 (88)
2318 5748 2393 5806 Ita
2426 5750 2537 5809 fere
2561 5750 2616 5807 in
2648 5750 3075 5821 b'xpositionibu:
3105 5766 3285 5823 SUpra.
