3946 6222
293 307 400 364 573

1252 315 1679 372 FRAGMENTA
1718 318 2077 377 GOM‘MENT.
2115 321 2180 377 ΙΝ
2218 316 2556 376 PSALMOS.

3430 326 3547 382 5η

288 418 401 491 δὲή
432 420 778 494 κληρονομία
811 427 922 480 ἀλλ’
954 428 1044 500 iii}
1078 429 1319 499 βασιλεία
1360 432 1467 484 τῶν
1502 431 1743 505 οὐρανῶν
1763 434 1857 504 ςὴη

1974 438 2108 491 Cum
2141 437 2332 507 primis
2364 448 2568 499 autem,
2604 435 2858 492 timentes
2888 429 3056 493 Deum
3092 438 3228 494 solet
3270 440 3540 508 appellare

287 513 351 571 ἐν
375 517 493 579 τοῖς
515 522 892 591 μακαρισμοῖς
919 522 1137 592 εἴρηκεν
1160 524 1189 576 ὁ
1213 522 1423 595 Σωτήρ.

1977 528 2279 598 Scriptura,
2322 530 2417 598 qui
2444 545 2508 583 ex
2537 528 2787 600 gentibus
2812 530 3101 584 accedunt.
3123 530 3254 596 Quae
3284 546 3413 585 vero
3436 531 3540 586 alia

1974 623 2260 677 hmredilas
2281 631 2384 686 est,
2407 638 2569 692 quam
2596 637 2821 692 regnum
2850 623 3157 677 ccelorum?
3184 639 3349 694 quam
3371 624 3538 679 etiam

1971 718 2027 772 in
2060 717 2481 774 beatitudiuibus
2509 717 2804 773 celebravit
2830 714 3101 773 Salvator.

976 880 1040 936 Et
1065 882 1117 934 in
1143 885 1449 952 sequentia:
1479 901 1497 934 ι
1526 882 1674 935 Diem
1702 897 1867 950 supra.
1886 879 2026 935 diem
2058 878 2192 948 regis
2224 894 2468 948 oppones,
2504 898 2524 931 ι
2553 888 2676 943 etc.,
2708 894 2756 933 υ.
2793 876 2843 931 7.

366 1036 474 1106 (89)
509 1038 827 1099 Εὑσεὸίου,
865 1040 1231 1102 Ἀθανασίου,
1266 1041 1588 1109 Κυρίλλου.
1634 1040 1777 1111 Πρδς
1809 1040 1866 1094 δὲ

298 1128 419 1182 νοῦν
445 1130 703 1199 σημαίνει
737 1131 765 1182 ὁ
792 1128 967 1198 λόγος,
997 1130 1072 1194 ὡς
1099 1131 1193 1184 καὶ
1228 1132 1385 1184 τοῦτο
1411 1132 1576 1203 μέρος
1602 1131 1861 1203 κληρονο-

299 1218 425 1288 μίας
463 1219 613 1270 ἐστὶν
645 1221 678 1288 ἡ
708 1219 919 1282 αἰώνιος
940 1220 1073 1292 ζωή.
1111 1221 1280 1275 Τοῦτο
1297 1222 1404 1292 γάρ
1422 1225 1535 1275 ἐστι
1566 1222 1625 1276 τὸ
1653 1224 1865 1293 ἡμέρας

295 1309 516 1380 ἡμερῶν
537 1311 648 1373 τοῖς
676 1310 819 1363 ἔτεσι
845 1310 934 1363 τοῦ
964 1310 1224 1381 βασιλέως
1254 1313 1577 1384 προσθῆναι.
1602 1315 1862 1383 Σημαίνει

293 1401 400 1471 γὰρ
432 1400 521 1454 διὰ
549 1402 657 1454 τῶν
688 1403 905 1474 ἡμερῶν
934 1404 1157 1474 χρόνους
1185 1405 1334 1470 τινὰς
1374 1406 1467 1458 καὶ
1506 1406 1727 1470 αἰῶνας.
1776 1406 1862 1477 Μὴ

294 1491 575 1565 ὑπολάϐῃς
603 1494 680 1556 δὲ,
711 1495 792 1546 ὅτι
815 1495 941 1564 περὶ
969 1486 1086 1558 ἑνός
1116 1513 1258 1560 τινος
1296 1497 1557 1567 βασιλέως
1601 1499 1669 1551 τὰ
1690 1497 1864 1552 τοιάδε

2034 1046 2269 1110 Eusebii,
2300 1043 2604 1109 Athanasii,
2640 1038 2849 1111 Cyrilli.
2883 1039 3089 1095 Sensus
3123 1054 3252 1094 vero
3283 1040 3533 1109 spiritua-

1966 1138 2041 1198 lis
2057 1147 2176 1193 est:
2212 1138 2451 1191 indicant
2485 1135 2598 1189 haec
2637 1134 2823 1199 verba,
2854 1132 2997 1202 quod
3019 1133 3181 1186 etiam
3210 1132 3327 1186 haec
3354 1133 3539 1202 portio

1966 1228 2295 1283 brcretlitatis
2345 1227 2455 1280 vita
2488 1236 2687 1279 aeterna
2743 1225 2832 1279 sit.
2884 1221 2999 1278 Hoc
3031 1225 3173 1277 enim
3209 1234 3308 1289 est,
3370 1223 3538 1278 annis

1965 1319 2108 1388 regis
2143 1319 2378 1388 adjicere
2413 1318 2530 1372 dies
2574 1317 2811 1371 dierum.
2846 1314 3111 1369 Denotant
3142 1332 3374 1387 namque
3413 1318 3531 1373 dies

1967 1418 2209 1477 tempora
2247 1408 2493 1478 quaedam
2538 1416 2590 1461 et
2622 1406 2840 1462 saecula.
2892 1408 3034 1462 Cave
3061 1424 3191 1463 vero
3238 1423 3306 1461 ne
3349 1408 3533 1463 existi-

1961 1516 2079 1554 mes
2110 1501 2221 1554 haac
2252 1500 2378 1554 talia
2404 1499 2470 1553 de
2495 1499 2677 1567 aliquo
2704 1513 2830 1569 rege
2852 1499 2958 1552 dici
2990 1517 3003 1552 :
3032 1500 3160 1565 quin
3186 1500 3365 1569 potius
3391 1500 3530 1554 scito

293 1585 458 1655 φησίν
475 1603 487 1615 ·
515 1585 624 1639 ῐσθι
651 1585 709 1638 δὲ
741 1586 958 1657 μᾶλλον,
982 1588 1062 1640 ὅτι
1084 1590 1212 1659 περὶ
1239 1588 1439 1652 παντὸς
1470 1588 1562 1642 τοῦ
1592 1588 1857 1659 κεκλημέ-

1967 1593 2075 1647 haec
2110 1593 2174 1646 de
2208 1592 2485 1657 omnibus,
2519 1592 2610 1659 qui
2641 1590 2694 1643 in
2731 1605 2953 1660 regnum
2987 1589 3079 1643 Dei
3116 1601 3404 1657 vocantur,
3434 1606 3528 1646 ac-

290 1692 385 1729 νου
407 1680 498 1741 εἰς
519 1676 793 1747 βασιλείαν
826 1680 1070 1750 οὐρανῶν
1095 1697 1109 1709 ·
1137 1680 1196 1733 ὃν
1237 1682 1330 1735 καὶ
1384 1681 1653 1750 διαμένειν
1701 1683 1857 1752 φησὶν

1967 1683 2205 1753 cipienda
2262 1698 2423 1738 esse:
2471 1697 2624 1751 quos
2683 1680 2872 1748 utique
2920 1682 3083 1735 etiam
3140 1696 3543 1750 permansuros.

288 1769 371 1838 ei;
391 1769 487 1821 τὸν
516 1769 687 1824 αἰῶνα
713 1770 943 1825 ἐνώπιον
969 1771 1064 1825 τοῦ
1090 1771 1246 1825 Θεοῦ.
1305 1774 1373 1825 Οίο
1401 1773 1510 1845 γὰρ
1551 1773 1857 1844 σύμμορφοι

1967 1778 2038 1830 ait
2068 1776 2123 1828 in
2156 1785 2419 1830 aeternum
2462 1775 2516 1828 in
2552 1783 2844 1840 conspectu
2888 1771 3001 1825 Dei.
3046 1771 3149 1838 Qui
3200 1771 3344 1827 enim
3396 1788 3537 1827 con-7

287 1860 575 1929 γενόμενοι
624 1862 731 1914 τῶν
783 1863 1120 1933 παθημάτων
1150 1862 1313 1916 αὑτοῦ
1357 1863 1453 1917 καὶ
1501 1862 1857 1932 συμϐασιλεύ-

1967 1867 2168 1923 formes
2194 1868 2387 1921 redditi
2433 1874 2563 1922 sunt
2594 1864 2945 1935 passionibus
2977 1864 3116 1934 ejus,
3151 1864 3189 1917 ii
3229 1865 3531 1934 regnabant

290 1968 477 2004 σουσιν
504 1951 650 2021 αὑτῷ
667 1952 945 2024 διηνεκῶς.
971 1953 1252 2026 Προειπὼν
1277 1953 1459 2024 μέντοι
1489 1956 1516 2007 ὁ
1550 1954 1861 2025 Προφήτης,

287 2046 368 2097 ὅτι
383 2046 482 2106 Σὺ,
496 2048 524 2097 ὁ
539 2044 692 2109 Θεὸς,
711 2047 1033 2117 είσήκουσας
1046 2047 1154 2099 τῶν
1172 2047 1342 2118 εὐχῶν
1362 2064 1485 2117 μου,
1499 2045 1621 2100 καθ’
1636 2044 1866 2115 ὑπερϐαη

285 2136 373 2187 τὸν
391 2136 597 2206 συνῆψε
611 2136 672 2189 τό
689 2152 703 2162 ⁸
729 2136 970 2207 Ἡμέρας
985 2138 1066 2205 ἐφ’
1088 2137 1196 2208 ήμέ
1202 2155 1301 2208 ρας
1314 2137 1409 2191 τοῦ
1424 2136 1681 2207 βασιλέως
1699 2152 1865 2206 προσ-υ

287 2227 497 2300 θήσεις.
532 2230 810 2292 Ἤκουσας
842 2231 971 2300 γὰρ,
1004 2230 1156 2301 φησὶ,
1190 2229 1298 2283 τῶν
1313 2229 1485 2300 εὐχῶν
1508 2247 1605 2301 μου
1625 2229 1865 2299 ’ἡμέρας

285 2320 369 2389 ἐφ’
405 2319 619 2390 ἡμέρας
677 2318 1040 2388 προσέθηκας.
1084 2320 1182 2374 Διὰ
1235 2320 1409 2390 μέσου.
1426 2319 1482 2372 δὲ
1513 2317 1773 2388 ἐνεϐλήθη
1822 2320 1855 2387 ὴ

286 2412 415 2483 περὶ
431 2411 542 2464 τῶν
563 2410 727 2479 φοϐου
736 2411 909 2481 μένων
924 2412 985 2465 τὸ
1001 2411 1169 2482 ὄνομα
1191 2412 1394 2484 Κυρίου
1426 2412 1529 2483 μνή
1538 2428 1613 2482 μη
1634 2426 1647 2438 ·
1674 2409 1859 2481 ἐπειδὴ

285 2504 380 2557 καὶ
408 2503 596 2566 αὐτοῖς
623 2502 953 2574 ἐπήγγελται
968 2504 1067 2575 τὴν
1095 2504 1457 2577 κληρονομίαν
1475 2505 1509 2575 ἡ
1535 2503 1861 2576 προφητεία.

1964 1975 2183 2031 quoque
2226 1975 2349 2015 cum
2398 1959 2517 2028 ipso
2549 1958 2600 2012 in
2652 1966 2995 2026 perpetuum.
3029 1956 3166 2022 Quia
3199 1957 3364 2026 igitur
3395 1954 3530 2010 Pro-

1963 2053 2135 2123 pheta.
2160 2050 2442 2122 praemisit,
2493 2050 2621 2120 quia
2655 2048 2758 2115 Tu,
2805 2047 3019 2102 oDeus
3045 2062 3222 2111 meus,
3260 2046 3529 2101 exaudisti

1963 2158 2162 2213 preces
2180 2158 2329 2199 meas
2350 2159 2377 2208 ;,
2401 2142 2597 2208 adjecit
2624 2155 2719 2209 per
2752 2138 3039 2208 quemdam
3078 2137 3366 2191 verborum
3417 2145 3531 2191 tra-

1962 2238 2163 2305 jectum
2189 2237 2353 2303 illud;
2375 2236 2495 2291 Dies
2527 2235 2594 2291 ad
2632 2235 2748 2290 dies
2775 2235 2918 2304 regis
2944 2234 3183 2304 adjicies.
3229 2232 3385 2299 Nam,
3439 2234 3529 2287 in-

1965 2327 2108 2397 quit,
2137 2327 2265 2396 quia
2290 2325 2559 2381 exaudisti
2591 2338 2778 2394 preces
2806 2339 2977 2387 meas,
3009 2322 3264 2377 addidisti
3293 2322 3409 2377 dies
3435 2339 3529 2378 su-

1964 2434 2061 2488 pra
2110 2418 2247 2472 dies.
2301 2417 2618 2485 Interposita
2672 2429 2802 2469 vero
2849 2421 2932 2469 est
2978 2413 3117 2468 inter
3161 2412 3277 2467 haec
3321 2412 3526 2466 mentio

1963 2509 2269 2562 timentium
2322 2521 2521 2561 nomen
2582 2505 2840 2570 Domini,
2890 2503 3017 2573 quia
3082 2503 3244 2558 etiam
3316 2502 3436 2558 istis
3491 2517 3527 2557 a

284 2591 404 2655 Ἦν-
422 2596 481 2649 δὲ
515 2597 551 2667 ἡ
582 2593 796 2660 αἰώνιος
819 2595 954 2668 ζωή.

1967 2598 2231 2668 Propheta
2269 2595 2546 2666 promissa
2592 2603 2681 2651 est
2726 2592 3033 2652 haereditas.
3083 2590 3210 2647 limo
3253 2606 3383 2646 vero
3441 2597 3533 2646 est.

1964 2687 2074 2742 vita
2108 2697 2333 2743 aeterna.

969 2848 1034 2902 Et
1066 2850 1236 2904 adhuc
1268 2851 1324 2903 in
1349 2860 1641 2920 sequentem
1668 2864 1867 2905 versum
1894 2862 1915 2901 :
1950 2866 1968 2898 ί
1996 2846 2331 2903 Permanebit
2362 2849 2414 2903 in
2434 2848 2704 2916 swculum,
2742 2866 2761 2900 ι
2786 2857 2891 2903 etc.

354 2957 467 3028 (90)
510 2958 876 3026 ’Aﬂardo‘wc.
909 2958 999 3028 Ἐξ
1029 2962 1371 3033 ἀναστροφῆς
1406 2962 1462 3015 δὲ
1490 2963 1518 3014 ὁ
1548 2961 1724 3030 λόγος,
1774 2960 1857 3014 ἵνα

2030 2960 2377 3016 Athanasius.
2411 2960 2628 3017 Inversa
2669 2969 2751 3016 est
2797 2959 3008 3014 oratio:
3059 2958 3182 3015 talis
3212 2959 3357 3014 enim
3404 2973 3526 3014 esse

286 3045 319 3120 ᾖ
353 3050 598 3114 τοιοῦτος
617 3066 632 3081 ⁹
667 3050 736 3104 Εἴ
761 3068 843 3115 τις
870 3052 1165 3124 ὲκζητήσει
1190 3053 1248 3106 τὸ
1270 3053 1417 3116 ἔλεος
1450 3053 1613 3106 αὑτοῦ
1644 3054 1735 3107 καὶ
1766 3052 1857 3124 τὴν

1967 3050 2166 3105 debet:
2200 3048 2523 3120 Quicunque
2549 3050 2903 3120 exquisiverit
2932 3049 3357 3105 misericordiam
3403 3048 3531 3119 ejus

286 3142 566 3212 ἀλήθειαν,
596 3134 751 3206 οὗτος
783 3144 846 3197 ὲν
871 3146 983 3207 τοῖς
1015 3146 1391 3217 ἀτελευτήτοις
1428 3145 1586 3199 αἱῶσι
1620 3145 1857 3216 διαμενεί

1967 3151 2017 3199 et
2043 3143 2346 3211 veritatem,
2376 3144 2422 3198 is
2450 3142 2786 3214 permanebit
2812 3143 2867 3197 in
2898 3150 3189 3211 conspectu
3225 3140 3316 3196 Dei
3344 3141 3398 3196 in
3423 3156 3527 3196 sa:-

283 3234 514 3289 ὲνῶπιον
543 3235 638 3288 τοῦ
672 3235 825 3288 Θεοῦ.
862 3235 1032 3289 Τοῦτο
1059 3236 1116 3290 δὲ
1141 3238 1473 3308 σαφέστερον
1501 3239 1529 3290 ὀ
1570 3236 1857 3307 Σύμμαχος

1967 3236 2084 3290 cula
2115 3251 2393 3306 nunquam
2422 3233 2784 3291 terminanda.
2834 3233 2950 3289 Hoc
2988 3248 3150 3303 porro
3195 3234 3368 3303 magis
3404 3248 3527 3302 per-

282 3331 648 3400 ήρμήνευσεν·
704 3329 914 3394 Ἔλεος
941 3329 1041 3382 καὶ
1083 3329 1333 3398 ἀλήθεια
1386 3328 1857 3398 διατηρήσουσιν

1967 3330 2153 3399 spicue
2194 3329 2459 3397 expressit
2496 3326 2875 3400 Symmachus,
2922 3326 3039 3382 sic:
3083 3324 3448 3379 Misericordia
3473 3332 3525 3378 et

283 3424 487 3476 αὐτόν.
514 3422 701 3475 Ταῦτα
724 3420 831 3492 γὰρ
858 3421 955 3491 τῆς
982 3420 1277 3486 ἀθανασίας
1309 3421 1458 3492 αὐτῷ
1504 3421 1656 3475 ἔσται
1687 3422 1856 3490 αἴτια,

283 3512 344 3566 τὸ
364 3513 457 3566 τοῦ
485 3511 618 3566 Θεοῦ
646 3512 793 3575 ἕλεος
821 3514 963 3583 καὶὴ
992 3512 1237 3583 ἀλήθεια.
1262 3513 1421 3567 Κατὰ
1446 3513 1503 3567 δὲ
1521 3516 1646 3579 τοὺς
1678 3514 1858 3567 Ἑϐδο-

288 3606 560 3675 μήκοντα·
596 3604 713 3667 Τίς,
754 3605 935 3674 φησὶν,
963 3604 1144 3667 ἱκανὸς
1165 3604 1257 3657 τὸν
1286 3607 1608 3675 κεκριμένον
1652 3604 1747 3657 καὶ
1773 3604 1854 3657 δί-

283 3711 437 3749 καιον
468 3695 562 3748 τοῦ
587 3695 722 3748 Θεοῦ
753 3695 900 3747 ἔλεον
933 3694 1266 3765 καταμαθεῖν
1316 3695 1596 3767 ἁκριϐὦς;
1628 3695 1710 3749 Τὰ
1741 3696 1852 3767 γὰρ

285 3789 525 3860 κρίματα
549 3786 715 3840 αὐτοῦ
749 3786 980 3850 ἄϐυσσος
1012 3786 1202 3858 πολλή.

1958 3420 2156 3473 veritas
2196 3418 2488 3473 custodient
2536 3419 2727 3487 ipsum.
2777 3414 2870 3472 Ha:
2916 3416 3060 3471 enim
3110 3431 3287 3472 causa:
3341 3423 3523 3480 erunt,

1961 3512 2106 3582 quod
2142 3512 2259 3580 ipse
2288 3511 2749 3566 immortalitatem
2800 3517 3187 3579 consequatur,
3217 3507 3312 3562 Dei
3358 3508 3525 3563 mise-

1960 3603 2194 3659 ricordia
2227 3611 2282 3658 et
2329 3603 2550 3659 veritas.
2583 3603 2654 3657 At
2684 3601 2982 3657 secundum
3043 3600 3392 3670 Septuaginta
3432 3599 3524 3655 hic

1959 3705 2044 3751 est
2070 3710 2264 3751 sensus
2290 3712 2304 3749 :
2342 3693 2476 3761 Quis
2504 3702 2683 3764 potest
2711 3701 2960 3749 accurate
2991 3706 3316 3761 cognoscere
3341 3689 3525 3745 occul-

1961 3795 2070 3840 tam
2104 3795 2162 3840 οι
2209 3787 2414 3856 justam
2464 3784 2562 3840 Dei
2603 3783 3079 3841 misericordiam?
3127 3781 3338 3837 Iudicia
3374 3781 3523 3837 enim

1959 3877 2082 3957 ejus
2110 3877 2339 3948 abyssus
2362 3875 2550 3931 multa.

357 4013 561 4089 Exinde
590 4014 826 4085 sequitur
857 4024 1218 4085 argumentum
1241 4015 1435 4085 psalmi
1471 4030 1603 4071 mu
1632 4016 1703 4071 ad
1724 4015 1937 4071 verbum
1964 4024 2025 4072 ut
2051 4016 2246 4089 legitur
2282 4019 2340 4072 in
2369 4014 2824 4086 Expositionibus,
2864 4014 3079 4085 ideoque
3106 4014 3276 4085 ipsum
3300 4021 3519 4084 prseter-

289 4088 549 4141 misimus.

1010 4172 1141 4227 Item
1166 4172 1222 4226 in
1254 4170 1350 4225 illa
1377 4171 1566 4226 verba:
1602 4190 1621 4224 ε
1659 4170 1765 4237 Qui
1791 4183 2045 4228 acuerunt
2070 4182 2128 4227 ut
2162 4174 2420 4245 gladium,
2461 4196 2481 4230 ι
2512 4184 2636 4243 etc.,
2659 4194 2707 4234 tt.
2730 4176 2785 4232 4.

353 4299 467 4369 (91)
504 4301 863 4369 Ἁθανὰσιος.
903 4303 1046 4376 Πρὸς
1075 4302 1132 4355 δὲ
1158 4301 1284 4357 νοῦν
1314 4300 1488 4355 ταῦτά
1514 4318 1647 4371 φησι
1678 4300 1766 4355 διὰ
1788 4300 1849 4353 τὸ

2023 4300 2367 4357 Athanasius.
2400 4300 2573 4357 Sensu
2612 4315 2745 4356 vero
2780 4298 3074 4357 secretiore
3112 4297 3368 4354 dicuntur
3398 4298 3525 4359 haec,

285 4391 735 4465 βλασφημοῦντας
758 4397 955 4461 αὐτοὺς
990 4397 1082 4450 τὸν
1128 4397 1333 4468 Ἰησοῦν
1360 4396 1537 4466 λέγειν
1576 4398 1689 4460 τοῖς
1714 4398 1852 4450 ἀπο-

286 4485 491 4551 στόλοις
510 4504 524 4517 :
558 4491 641 4542 Οὐ
653 4490 1020 4560 παραγγελίᾳ
1037 4490 1519 4559 παρηγγείλαμεν
1531 4488 1694 4557 ὑμῖν,
1706 4486 1859 4557 μηδ-

282 4576 371 4632 ert
410 4578 626 4632 λαλεῖν
661 4579 761 4633 ἐπὶ
796 4578 876 4646 τῷ
917 4580 1159 4649 ὀνόματι
1208 4579 1432 4646 τούτῳ;
1483 4579 1623 4641 Τοὺς
1673 4576 1856 4648 μέντοι

285 4668 470 4740 λόγους
492 4674 587 4744 τῆς
608 4673 856 4744 διαϐολῆς
884 4673 1151 4745 ῥομφαίαν
1176 4674 1344 4741 ὴκονη
1354 4672 1523 4742 μένην
1548 4670 1852 4737 ὠνόμασεν,

285 4762 371 4816 ἵνα
394 4764 543 4838 δείξῃ
573 4765 635 4818 τὸ
655 4765 907 4837 ὀξύτερον
939 4765 1075 4836 πρὸς
1103 4764 1380 4835 ἀναίρεσιν
1399 4781 1412 4795 ⁸
1447 4764 1541 4817 καὶ
1589 4762 1727 4833 τόξῳ
1754 4760 1851 4832 τὴν

283 4853 533 4923 γλῶσσαν
576 4856 672 4909 τοῦ
714 4859 1046 4926 συκοφάντου
1077 4858 1432 4929 παρείκασεν,
1466 4857 1549 4911 ὅτι
1584 4856 1679 4909 καὶ
1725 4855 1851 4917 τοὺς

272 4945 471 5027 ,πόρρω
522 4948 768 5017 βλάπτει.
831 4949 1056 5012 Οὐδενὸς
1087 4949 1195 5020 γὰρ
1252 4946 1377 5001 οὔτε
1406 4948 1671 5019 παρόντος
1727 4945 1852 5000 οὔτε

283 5037 510 5102 ἀπόντος
537 5042 565 5092 ὁ
587 5039 823 5115 λοίδορος
858 5042 952 5095 καὶ
982 5042 1322 5111 συκοφάντης
1346 5039 1600 5109 φείδεται.

1962 4392 2017 4447 in
2068 4390 2377 4448 Judaeorum
2426 4393 2732 4464 principes,
2777 4408 2847 4449 eo
2875 4392 3018 4463 quod
3054 4389 3416 4461 blasphemias
3463 4391 3520 4445 in

1959 4481 2141 4538 .Iesum
2174 4482 2462 4554 jacientes,
2503 4484 2748 4561 dicerent
2775 4482 3081 4554 apostolis:
3117 4480 3304 4536 Nonne
3330 4483 3521 4551 praeci-

1957 4577 2146 4647 piendo
2187 4578 2517 4647 praecipimus
2572 4564 2749 4645 vobis,
2806 4594 2870 4633 ne
2913 4578 3165 4632 doceretis
3213 4577 3270 4631 in
3312 4576 3526 4631 nomine

1961 4670 2167 4724 isto”?
2198 4668 2371 4724 Verba
2398 4669 2582 4739 itaque
2606 4670 2943 4725 calumniosa
2967 4708 2984 4735 ,
3041 4668 3330 4739 appellavit
3373 4682 3524 4722 rom—

1960 4762 2168 4832 phaeam
2202 4769 2440 4825 acutam,
2470 4771 2529 4816 ut
2559 4763 2751 4817 innuat
2777 4771 2830 4817 et
2859 4763 2975 4832 ipsa
3001 4771 3159 4816 acuta
3191 4775 3313 4816 esse
3341 4767 3396 4815 et
3439 4758 3522 4814 fa;

1957 4856 2061 4910 cile
2091 4856 2377 4925 perimere.
2425 4852 2690 4924 Linguam
2728 4868 2856 4908 vero
2894 4853 3244 4925 sycophantae
3294 4865 3520 4919 compa-

1958 4948 2100 5002 ravit
2126 4948 2365 5017 sagittae,
2387 4961 2453 5002 eo
2479 4946 2623 5016 quod
2650 4946 2813 5000 etiam
2853 4946 3010 5017 longe
3050 4944 3300 5001 absentes
3339 4943 3519 4996 laedat.

1959 5039 2256 5095 Maledictis
2297 5040 2443 5095 enim
2477 5047 2530 5121 et
2554 5039 2887 5110 sycophanta
2915 5039 3073 5106 nulli,
3123 5047 3223 5094 nec
3242 5031 3520 5108 praesenti,
3627 5039 3646 5052 ‘

1963 5149 2066 5189 nec
2093 5133 2303 5190 absenti
2331 5132 2524 5203 parcit.

756 5261 891 5317 Item
925 5264 980 5318 in
1005 5264 1101 5317 illa
1128 5262 1323 5333 psalmi
1360 5262 1616 5333 ejusdem,
1653 5281 1673 5315 ‹
1706 5263 2025 5319 Conturbati
2051 5273 2171 5319 sunt
2204 5280 2382 5320 omnes
2407 5264 2497 5336 qui
2518 5264 2648 5327 vid.,
2689 5281 2709 5316 ι
2739 5274 2863 5329 etc.,
2886 5280 2934 5318 υ.
2964 5263 3051 5319 10,

242 5377 267 5397 θ
346 5378 457 5451 (92)
500 5379 865 5447 Ἆθανάσιος.
896 5382 958 5436 Oi
989 5378 1336 5451 θεωροῦντες,
1359 5379 1513 5450 φησὶ,
1531 5378 1659 5442 τοὺς
1676 5377 1855 5433 τοιού-

349 5489 393 5523 ³⁹
415 5490 531 5547 Act.
555 5509 605 5546 ν.
636 5492 729 5547 28.

348 5605 457 5671 (89)
495 5605 631 5663 Vide
656 5607 712 5662 in
743 5606 1193 5677 Expositionibus.

272 5678 453 5803 {50:32)
490 5677 671 5750 llujus
702 5679 807 5734 loci
833 5682 979 5735 nulla
1005 5691 1085 5737 est
1123 5681 1494 5753 interpretatio
1525 5681 1581 5738 in
1613 5683 1842 5750 Exposi-

440 5767 527 5805 us.

2033 5379 2378 5434 Athanasius.
2406 5377 2684 5450 Quotquot
2711 5379 2915 5445 vident,
2947 5374 3125 5447 inquit
3191 5372 3325 5429 tales
3372 5384 3519 5428 Viros

2028 5613 2143 5741 (9|?
2179 5609 2313 5669 Vide
2342 5613 2740 5684 expositionem
2765 5613 2818 5666 in
2854 5612 2998 5667 hunc
3030 5626 3274 5666 versum.

2028 5683 2113 5741 (92
2164 5681 2335 5741 Huius
2363 5684 2466 5741 loci
2506 5684 2650 5739 nulla
2680 5691 2763 5739 est
2799 5682 3168 5741 interpretatio
3197 5683 3251 5739 in
3286 5678 3489 5741 Εενοδί

1958 5753 1995 5806 ι,
2024 5678 2135 5807 (9ῗὶ
2164 5681 2335 5754 Hujus
2363 5678 2466 5742 loci
2506 5684 2650 5739 nulla
2680 5691 2763 5739 est
2799 5682 3168 5753 interpretatio
3197 5683 3251 5739 in
3286 5678 3521 5752 Exposi-

1981 5769 2086 5808 tont
2126 5769 2205 5810 us.
