3946 6222
429 333 537 390 575

1285 333 1346 391 S.
1386 333 1764 390 ATHANASII
1802 334 1962 395 OPP.
1996 337 2178 395 PARS
2216 339 2303 397 Ill.
2342 372 2413 384 ——
2447 340 2859 400 EXEGETICA.
3568 345 3672 401 576

431 451 598 506 tantis
625 450 875 509 excidere
929 451 1161 524 negotiis
1201 460 1256 507 et
1303 467 1334 506 a
1381 451 1664 522 proposito
1713 454 1990 521 aberrare,

2102 474 2223 523 τους
2248 459 2345 515 καὶ
2367 458 2653 526 τοσούτους
2685 460 2796 515 τῶν
2824 460 3246 535 ἐγχειρημάτωνὶ
3273 461 3672 535 διαμαρτόντας

431 544 828 600 conturbantur
875 560 940 602 ac
998 544 1372 614 corripiuntur
1411 553 1583 611 metu,
1638 553 1697 601 et
1759 545 2000 601 divinam
2053 559 2066 572 '

429 632 702 689 mirantur
736 634 1160 706 providentiam.
1191 632 1331 686 Dum
1361 632 1506 688 enim
1549 634 1788 689 divinam
1820 642 2002 705 prote-

432 725 669 781 ctionem
722 726 867 797 apud
920 741 981 783 se
1031 726 1401 792 considerant,
1454 734 1726 782 terrentur
1779 725 2005 782 horrore

432 815 603 871 divini
642 817 859 887 iudicii,
894 832 960 873 ac
1009 816 1323 890 intelligunt
1368 833 1562 873 omnes
1591 816 1761 872 Deum
1811 816 2001 885 fuisse,

431 909 527 979 qui
553 909 707 966 dolos
735 919 789 965 et
818 909 1047 966 insidias
1087 925 1279 966 eorum
1323 910 1507 966 irritas
1551 908 1696 977 fecit,
1742 925 1806 965 eo
1854 910 2002 980 quod

432 1016 556 1071 qua!
585 1010 777 1057 contra
803 1017 892 1058 me
931 1002 1168 1058 inierant
1207 1002 1432 1059 consilia
1463 1017 1604 1058 vana
1632 1002 2003 1058 demonstrata

432 1103 579 1148 sunt.
611 1092 764 1149 Adeo
787 1102 846 1149 ut
861 1093 974 1164 jam
1002 1109 1198 1151 omnes
1218 1094 1594 1164 pronuntient,
1623 1102 1779 1149 tuum
1810 1093 2000 1161 fuisse,

430 1198 467 1239 ο
527 1182 777 1254 Domine,
834 1186 938 1242 hoc
995 1201 1161 1256 opus,
1204 1186 1411 1257 tibique
1459 1194 1654 1242 cuncta
1697 1184 1995 1241 ascribant.

429 1275 566 1345 Quis
598 1278 745 1333 enim
776 1294 889 1334 non
922 1287 1147 1344 metuat,
1200 1279 1291 1334 ubi
1342 1279 1488 1335 videt
1525 1277 1620 1335 Dei
1662 1277 2003 1333 animadver-

2111 553 2208 607 καὶ
2238 545 2654 626 ἀστοχήσαντας
2676 555 2907 628 θορύὁου
2958 558 3053 612 καὶ
3097 556 3249 622 δέους
3298 557 3670 630 ἐπλήσθησαν,

2104 643 2199 696 καὶ
2228 643 2326 715 τὴν
2357 642 2508 699 θείαν
2531 644 2845 717 ἐθαύμασαν
2872 648 3146 722 πρόνοιαν.
3183 644 3269 702 Ἐν
3294 649 3542 721 περινοίᾳ
3563 649 3681 723 γὰρ.

2103 735 2206 806 τῆς
2224 734 2316 789 τοῦ
2346 736 2482 790 Θεοῦ
2518 736 2843 810 κηδεμονίας
2868 738 3179 810 γενόμενοι,.
3202 739 3265 793 τὸ
3295 739 3435 794 θεῖον
3471 741 3670 812 κριτή-

2107 844 2221 902 ριον
2264 827 2495 894 ἔδεισαν,
2525 830 2619 883 καὶ
2665 829 2863 894 πάντες
2912 832 3170 901 συνῆκαν,
3220 832 3300 886 ὅτι
3355 832 3505 904 παρὰ
3534 831 3687 886 Θεοῦτ

2106 919 2503 993 κατεργάζεται
2534 921 2598 975 τὸ
2621 922 2720 992 τῆς
2741 920 2916 976 αὐτῶν
2946 922 3243 995 δολιότητος
3273 922 3670 996 ἄπρακτον.ὄτι

2102 1013 2172 1069 τὰ
2204 1014 2324 1068 κατ’
2357 1011 2488 1084 ἐμοῦ
2520 1012 2722 1085 μάταια
2741 1012 3002 1086 ἠλέγχθη.
3035 1015 3123 1078 Ὠς
3148 1014 3354 1078 πάντας
3394 1015 3669 1084 ἀπαγγέλ-

2101 1103 2235 1169 λειν,
2259 1103 2340 1156 ὃτι
2368 1104 2486 1169 Σὸν,
2515 1097 2560 1157 ὦ
2590 1104 2853 1171 Δέσποτα,
2880 1104 3038 1177 ἔργον
3061 1104 3240 1168 τοῦτο,
3262 1107 3357 1159 καὶ
3381 1107 3462 1158 σοὶ
3485 1107 3554 1159 τὰ
3580 1122 3669 1175 γε-

2104 1195 2305 1267 νόμενα
2329 1195 2712 1267 ἐπιγράφουσι.
2741 1197 2852 1269 (95)
2892 1197 2988 1260 Τίς
3019 1197 3128 1271 γὰρ
3153 1199 3252 1251 οὐκ
3283 1198 3350 1252 ἂν
3383 1198 3666 1270 φοϐηθείη,

2105 1287 2408 1361 ἐπισκοπὴν
2432 1289 2501 1343 ὲκ
2517 1287 2650 1341 Θεοῦ
2666 1288 2807 1361 ὀρῶν
2833 1289 3122 1361 γινομένην
3144 1288 3285 1343 κατὰ
3302 1291 3418 1346 τῶν.
3433 1290 3682 1359 ἀσεϐῶν,,

430 1368 637 1424 sionem
679 1369 736 1426 in
774 1370 1008 1443 impios.
1058 1381 1114 1427 et
1167 1371 1430 1427 ultionem
1472 1386 1573 1443 pro
1618 1370 1820 1442 injuste
1865 1369 1997 1425 actis

2107 1380 2202 1437 καὶ
2231 1380 2508 1451 ἐκδίκησιν
2536 1380 2676 1454 ὑπὲρ
2701 1379 2808 1437 τῶν
2847 1381 3208 1453 ἀδικουμένων
3231 1398 3251 1450 ;

427 1460 653 1517 relatam
673 1460 700 1516 1'

1168 1576 1306 1633 Item
1328 1579 1386 1633 in
1421 1576 1635 1632 titulum
1669 1593 1808 1647 psa..
1840 1586 2286 1644 thv,.prtemtssa
2318 1567 2620 1623 Theodoreti
2650 1574 2924 1624 sententia.

500 1689 845 1749 Athanasius.
883 1693 1189 1765 Conjuncta
1209 1711 1372 1767 porro
1399 1704 1484 1752 est
1512 1712 1636 1752 cum
1678 1695 1870 1750 harum
1905 1709 1992 1750 re-
2024 1696 2068 1755 Β

428 1802 551 1840 rum
585 1788 936 1857 praedictione
980 1790 1147 1844 etiam
1207 1789 1490 1859 prophetia
1538 1789 1605 1844 de
1633 1788 1808 1844 salute
1859 1803 1993 1859 gen-

425 1878 587 1931 tium.
614 1876 784 1932 David
815 1893 1052 1947 namque
1083 1876 1379 1933 introducit
1404 1878 1493 1933 hic
1521 1894 1614 1933 eos
1647 1878 1741 1948 qui
1770 1893 1835 1932 ex
1867 1892 1997 1947 gen--

428 1969 573 2024 tibus
594 1969 648 2024 in
674 1968 954 2024 Christum
980 1968 1347 2037 crediderunt,
1376 1969 1534 2041 quasi
1560 1969 1995 2025 contradicentes

426 2061 760 2130 sapientibus
794 2060 958 2130 hujus
987 2060 1191 2125 saeculi,
1224 2076 1288 2116 ac
1319 2070 1539 2117 orantes
1573 2061 1772 2131 prioris
1803 2061 1996 2131 impie-

425 2151 554 2207 tatis
586 2152 984 2209 dimissionem.
1039 2153 1175 2209 Orat
1225 2152 1422 2209 deinde
1450 2154 1612 2209 etiam
1654 2169 1753 2224 pro
1801 2152 1868 2207 iis
1900 2152 1994 2222 qui

426 2243 553 2298 olim
584 2244 798 2301 steriles
820 2254 874 2300 et
897 2244 1227 2301 infructuosi
1257 2255 1435 2312 erant,
1458 2260 1605 2300 nunc
1630 2260 1758 2301 vero
1788 2243 1993 2300 fertiles

427 2336 553 2391 facti
592 2345 721 2392 sunt
750 2353 844 2408 per
874 2338 1037 2392 tidem
1074 2337 1128 2393 in
1153 2337 1457 2394 Christum.
1503 2336 1717 2393 Dictum
1749 2343 1995 2391 verorest

422 2426 531 2498 iam
585 2437 729 2495 ante,
785 2428 933 2502 quod
980 2429 1224 2499 psalmus
1271 2430 1487 2499 praxin,
1537 2429 1812 2485 canticum
1863 2442 2004 2483 vero

422 2518 690 2575 theoriam
743 2520 983 2575 denotet.
1046 2518 1283 2585 Quando
1332 2519 1497 2591 igitur
1552 2535 1648 2590 per
1698 2531 2009 2589 utrumque-

422 2609 650 2666 istorum
690 2625 781 2666 res
809 2610 993 2681 aliqua
1027 2611 1289 2682 praclare
1317 2624 1466 2682 gesta
1497 2620 1613 2679 est,
1644 2612 1823 2666 ethica
1849 2611 1990 2668 scili-

421 2710 507 2757 cet
537 2699 880 2771 phil050phia
919 2715 1042 2756 cum
1076 2700 1379 2755 theoretica
1407 2709 1788 2763 concurrente,
1840 2699 1991 2769 psal»

421 2810 547 2851 mus
576 2794 774 2850 cantici
807 2793 1044 2850 exsistit.
1088 2791 1207 2849 Vita
1236 2792 1380 2848 enim
1413 2793 1832 2862 contemplativa
1860 2806 1989 2863 ope—

421 2888 571 2942 ribus
601 2894 816 2952 ornata,
856 2884 1034 2941 reddit
1062 2884 1360 2956 perfectum
1402 2884 1701 2940 hominem.
1945 2881 1955 2886 ’

2171 1689 2279 1761 (94)
2333 1686 2697 1754 Ἀθανὰσιος.
2738 1687 3130 1759 Ἀναμέμικται
3169 1687 3226 1742 δὲ
3264 1692 3331 1761 τῇ
3377 1690 3503 1765 περὶ
3535 1691 3681 1746 τοῦ..

2098 1799 2204 1836 των
2234 1781 2535 1853 προρρήσει
2566 1780 2661 1833 καὶ
2686 1779 2787 1850 τῆς
2821 1779 2930 1833 τῶν
2963 1779 3132 1834 ἐθνῶν
3168 1783 3439 1855 σωτηρίας
3474 1786 3507 1856 ἡ
3534 1803 3681 1861 προ-τ.

2100 1872 2314 1945 φητεία.
2342 1870 2564 1940 Εἰσάγει
2598 1870 2708 1943 γὰρ
2734 1873 2762 1924 6
2781 1868 2943 1925 Δαυῒδ
2975 1870 3206 1929 ἐνταῦθα
3232 1874 3357 1936 τοὺς
3395 1873 3455 1939 ἐξ
3495 1874 3685 1929 ἐθνῶν,

2098 1963 2496 2028 πιστεύσαντας
2524 1966 2601 2028 εἰς
2629 1963 2864 2035 Χριστὸν
2882 2004 2898 2031 ,
2940 1963 3321 2028 καταϐοῶντας
3346 1966 3454 2019 τῶν
3487 1967 3666 2037 σοφῶν

2097 2057 2191 2113 τοῦ
2221 2058 2418 2122 αίῶνος
2441 2056 2651 2122 τούτου,
2699 2056 2984 2121 αἰτοῦντας
3007 2075 3064 2113 τε
3087 2057 3186 2129 τῆς
3219 2058 3486 2132 προτέρας
3537 2061 3667 2115 ἀσε-

2098 2151 2251 2214 ϐείας
2281 2150 2503 2220 ἄφεσινο
2532 2148 2610 2203 ἔτι
2640 2166 2699 2202 τε
2730 2150 2893 2222 εὐχὴν
2930 2149 3243 2221 ἀναπέμπει
3288 2151 3424 2223 ὑπὲρ
3463 2152 3663 2218 αὐτῶν,

2096 2241 2265 2295 ὄντων
2301 2240 2399 2311 μὲν
2428 2239 2592 2293 πάλαι
2640 2237 2909 2309 ἀκάρπων
2932 2278 2947 2303 ,
2984 2237 3290 2310 γενομένων
3316 2238 3375 2291 δὲ
3419 2234 3666 2310 εὐφόρων

2094 2331 2182 2386 διὰ
2207 2332 2307 2403 τῆς
2335 2333 2414 2395 είς
2440 2330 2675 2402 Χριστὸν
2726 2328 2980 2393 πίστεως.
3012 2328 3240 2402 Εἴρηται
3293 2329 3351 2383 δὲ
3379 2328 3685 2401 πρότερονςμ

2093 2424 2169 2489 ὡς
2206 2423 2403 2496 πρᾶξιν
2462 2424 2558 2496 μὲν
2586 2424 2615 2476 6
2651 2420 2895 2493 ψαλμδς,
2934 2419 3166 2494 θεωρίαν
3203 2419 3259 2474 δὲ
3286 2423 3319 2494 ἡ
3350 2421 3461 2494 ᾠδὴ
3493 2420 3645 2492 δηλοί

2096 2517 2266 2572 Ὀταν
2294 2511 2387 2571 οὖν
2413 2515 2481 2573 δι’
2503 2510 2877 2588 ἀμφοτέρωνῇ
2900 2515 2960 2568 τὸ
2985 2512 3185 2583 ἀγαθὸν
3215 2512 3687 2585 κατορθούμενον,,

2094 2608 2196 2680 τῆς
2219 2607 2415 2681 ἠθικῆς
2447 2606 2758 2678 φιλοσοφίας
2791 2607 2933 2679 πρὸς,
2946 2607 3044 2678 τὴν
3069 2605 3403 2679 θεωρητικὴν
3438 2607 3666 2678 συνδρα-

2101 2700 2328 2774 μούσης,
2365 2700 2577 2772 ψαλμὸς
2623 2699 2767 2772 ᾠδῆς
2798 2698 3025 2768 γίνεται.
3068 2699 3126 2753 '0
3181 2699 3508 2771 θεωρητικὸς
3558 2697 3681 2769 γὰρ.

2096 2792 2214 2863 ἅμα
2256 2792 2335 2864 τῷ
2367 2790 2652 2864 πρακτικῶ
2676 2789 3103 2855 κατορθούμενος
3131 2790 3230 2862 βίῳ
3268 2790 3443 2862 ἄνδρα
3467 2788 3666 2844 τέλειον

2091 2884 2484 2943 ἀποδείκνυσιν.

422 3039 490 3096 In
511 3041 748 3113 ejusdem
775 3044 972 3114 psalmi
1007 3042 1188 3109 verba,
1213 3060 1233 3094 ι
1268 3041 1472 3097 Beatus
1498 3056 1650 3114 quem
1691 3041 1922 3115 elegisti,
1954 3051 2215 3167 »κειαὶώητ
2337 3042 2640 3115 Postquam:
2668 3060 2743 3117 ex.
2778 3043 3101 3098 Theodoreto
3135 3020 3342 3098 sensum
3382 3042 3666 3100 (inermem

1789 3124 2046 3167 exposuit.
2078 3130 2102 3166 δ
2178 3129 2265 3167 ne:
2296 3129 2355 3167 Λευ
3624 3141 3632 3149 -

1789 3129 1997 3183 exposui

2107 3129 2299 3182 unjust
2322 3129 2355 3169 ευ
3624 3141 3632 3149 .

491 3229 840 3286 Athanasius.
866 3229 1240 3302 Spiritualiter
1259 3244 1392 3286 vero
1415 3228 1705 3286 adumbrat
1727 3230 1989 3301 papulum

2166 3237 2279 3308 (95)
2345 3236 2707 3304 Ἀθανὰσνος.
2765 3236 2907 3309 Πρὸς
2962 3234 3019 3289 δὲ
3076 3234 3311 3289 διάνοιαν
3373 3233 3679 3288 αἰνίττεται-

420 3322 577 3377 illum
612 3339 834 3391 novum,
868 3325 964 3395 qui
991 3323 1212 3381 Christo
1244 3325 1299 3380 in
1332 3332 1535 3381 sortem
1568 3323 1898 3380 hereditatis
1926 3340 1997 3382 ex

419 3415 672 3486 gentibus
697 3416 906 3473 electus
949 3424 1053 3471 est.
1102 3416 1275 3474 Aulas
1318 3431 1450 3473 vero
1491 3416 1792 3487 intelligere
1831 3416 1996 3473 debe-

420 3522 547 3564 mus
590 3507 867 3566 Ecclesias
916 3524 1015 3581 per
1052 3510 1305 3581 regiones
1346 3511 1640 3581 dispersas.
1686 3509 1836 3565 Alias
1865 3525 2001 3566 vero

419 3600 643 3657 beatum
676 3602 843 3658 etiam
871 3603 1126 3673 praedicat
1159 3603 1250 3659 hic
1275 3602 1546 3674 Propheta
1573 3617 1721 3668 eum,
1751 3602 1844 3673 qui
1882 3602 1995 3657 vir-

338 3754 344 3762 ,
422 3694 632 3751 tutihus
667 3702 753 3750 est
795 3705 1230 3752 consummatus.
1269 3694 1414 3752 Deus
1467 3695 1612 3751 enim
1645 3709 1773 3750 eum
1822 3694 1996 3767 eligit,

420 3788 516 3857 qui
548 3787 617 3842 ad
645 3788 967 3844 certandum
998 3796 1053 3844 et
1088 3804 1255 3845 cursu
1297 3787 1738 3844 contendendum
1766 3796 1850 3843 est
1878 3787 1997 3843 ido-

418 3894 596 3947 neus;
641 3881 737 3952 qui
780 3896 911 3937 vero
943 3881 1228 3938 victoriam
1274 3880 1388 3952 jam
1416 3881 1733 3952 reportavit,
1771 3881 1997 3951 praecla-

417 3986 592 4043 roque
619 3973 729 4032 ﬁne
775 3973 945 4029 vitam
998 3974 1289 4042 conclusit,
1338 3974 1485 4030 hunc
1514 3972 1749 4030 assumit
1775 3973 1828 4027 in
1878 3988 1993 4032 coe-

418 4065 558 4131 lum,
606 4065 700 4121 ubi
726 4066 891 4123 etiam
925 4068 1029 4138 ipsi
1068 4068 1484 4124 tabernaculum
1535 4067 1748 4132 tribuit,
1784 4067 1837 4122 in
1868 4082 1994 4137 pro-

419 4157 554 4228 priis
578 4158 680 4214 sibi
720 4159 884 4225 aulis,
920 4158 989 4214 de
1019 4159 1220 4230 quibus
1250 4160 1453 4215 dictum
1486 4169 1606 4216 est:
1658 4159 1839 4215 Multae
1865 4168 1995 4215 sunt

420 4249 943 4325 mansionesﬂapud
957 4249 1265 4325 Patremﬂ‘.
1302 4250 1370 4306 Ut
1417 4253 1487 4307 ita
1521 4250 1813 4323 perfectius
1841 4252 1994 4321 quid-

420 4336 545 4392 dam
583 4339 653 4394 sit
679 4321 1456 4412 assumnb'eligenténquam
1509 4343 1653 4413 eligi.
1709 4340 1844 4396 Nam
1898 4342 1991 4397 ubi

420 4431 514 4503 qui
559 4433 762 4488 electus
812 4442 898 4488 est
939 4433 1123 4488 omnia
1168 4435 1469 4491 secundum
1515 4433 1609 4489 Dei
1659 4434 1990 4488 voluntatem

2093 3326 2189 3381 τὸν
2240 3327 2367 3382 λαὸν
2425 3326 2543 3395 τὺνι
2572 3328 2711 3393 νέον,
2766 3326 2858 3381 τὸν
2912 3325 2972 3394 ἐξ
3033 3325 3201 3380 ἐθνῶν
3247 3325 3538 3394 ὲκλεγέντα
3586 3322 3673 3397 τῷ

2093 3419 2315 3492 Χριστῷ
2354 3422 2434 3484 εἰς
2484 3419 2866 3492 κληρονομίαν.
2915 3417 3095 3483 Αὑλὰς
3131 3418 3199 3473 δὲ,
3230 3416 3331 3481 τὰς
3365 3415 3509 3470 κατὰ
3554 3415 3667 3487 χὼ-

2098 3526 2197 3583 ραν
2239 3512 2566 3583 Ἐκκλησίας
2597 3513 2954 3584 ὑποληπτέον.
2998 3512 3232 3584 Ἑτέρως
3257 3511 3314 3566 δὲ
3469 3511 3562 3565 τὸν
3583 3527 3667 3564 τε-

2095 3602 2382 3658 λειωθέντα
2411 3607 2469 3658 ὲν
2498 3606 2740 3678 ἀρεταῖς,
2772 3604 2960 3659 τοῦτον
2982 3604 3128 3658 καὶὸ
3160 3604 3451 3675 Προφήτης
3490 3619 3668 3674 μακα-

2099 3678 2253 3767 ρίζει.
2296 3695 2612 3766 Ἐκλέγεται
2657 3695 2756 3768 μὲν
2801 3695 2912 3768 γὰρ
2966 3698 2995 3750 6
3025 3695 3156 3760 Θεὸς
3183 3695 3273 3751 τὸν
3305 3693 3665 3764 ἀγωνίζεσθαι

2096 3787 2191 3840 καὶ
2227 3787 2454 3859 δραμεῖν
2482 3787 2820 3860 ὲπιτήδειον’
2854 3788 2945 3843 τὸν
2971 3788 3030 3842 δὲ
3056 3788 3157 3860 ἤδη
3198 3787 3539 3861 νενικηκότα,
3574 3788 3666 3842 καὶ

2096 3879 2247 3952 καλῷ
2293 3880 2437 3934 τέλει
2489 3881 2590 3953 τὴν
2646 3881 2793 3953 ζωὴν
2843 3882 3281 3955 περικλείσαντα,
3340 3885 3421 3948 εἰς
3440 3882 3667 3956 οὐρανὸν

2098 3972 2596 4045 προσλαμϐάνεται,
2622 3972 2753 4029 ἔνθα
2784 3974 2880 4029 καὶ
2929 3973 3131 4048 σκηνὴν
3184 3975 3332 4047 αὐτῷ
3363 3978 3479 4040 ταῖς
3508 3975 3666 4040 ἰδίαις

2093 4064 2284 4128 αὐλαῖς
2310 4064 2647 4137 ἀποκληροῖο
2674 4066 2804 4140 περὶ
2845 4059 2919 4121 ὧν
2970 4067 3215 4140 εἴρηταιο
3260 4067 3458 4122 Πολλαὶ
3509 4068 3667 4139 μοναὶ

2096 4159 2245 4232 παρὰ
2279 4156 2356 4229 τῷ
2384 4156 2582 4229 Πατρί.
2626 4157 2789 4214 Ὥστε
2821 4157 3151 4231 τελειότερον
3172 4156 3264 4212 τοῦ
3292 4158 3582 4229 ὲκλεγῆναι
3605 4155 3666 4211 τδ

2096 4252 2506 4325 προσληφθῆναι
2541 4250 2692 4323 παρὰ
2719 4251 2813 4305 τοῦ
2849 4252 3233 4323 ἐκλεξαμένου.
3278 4253 3446 4305 Ὅταν
3487 4252 3597 4324 γὰρ
3637 4252 3669 4305 6

2094 4343 2338 4411 ὲκλεγεὶς
2361 4342 2537 4397 πάντα
2558 4342 2698 4397 κατὰ
2722 4342 2974 4416 βούλησιν
2993 4343 3127 4397 Θεοῦ
3152 4342 3354 4416 πράξῃ,
3384 4344 3501 4397 τότε
3530 4343 3667 4415 μετὰ

2093 4435 2252 4504 δόξης
2274 4436 2352 4498 είς
2383 4433 2483 4498 τὰς
2529 4435 2857 4505 ἐπαγγελίας
2888 4434 3381 4507 προσλαμϐάνεται,
3406 4437 3499 4489 καὶ
3534 4453 3667 4506 μετ·-

421 4522 720 4593 peregerit,
774 4532 904 4580 tunc
946 4523 1165 4579 demum
1215 4541 1341 4580 cum
1384 4525 1554 4596 gloria
1606 4525 1663 4581 in
1723 4525 1990 4595 promissa

2102 4526 2355 4590 οικισθεὶς
2381 4525 2474 4580 τοῦ
2510 4528 2637 4599 περὶ
2664 4528 2766 4599 γῆν
2822 4527 3010 4589 τόπου,
3051 4529 3168 4581 ἐκεῖ
3215 4531 3564 4600 κατασκηνοῖ,
3608 4530 3665 4581 έν

421 4611 562 4667 bona
613 4615 955 4683 assumitur,
1008 4625 1105 4682 et,
1154 4617 1434 4672 domicilio
1485 4618 1603 4688 ejus
1653 4618 1718 4673 de
1761 4619 1990 4673 terrenis

421 4705 559 4762 locis
592 4708 877 4776 translato,
908 4709 1019 4765 illic
1049 4710 1458 4765 tabernaculum
1496 4711 1631 4782 ﬁgit,
1668 4711 1722 4766 in
1755 4711 1991 4782 palatiis,

421 4797 675 4868 inquam,
737 4801 986 4873 eligentis
1037 4817 1117 4858 se.
1164 4784 1407 4870 Quorum
1448 4803 1720 4859 desiderio
1770 4805 1991 4873 quidam

420 4893 531 4948 illic
557 4895 736 4950 adhuc
773 4897 1106 4953 constitutus
1138 4913 1261 4952 cum
1311 4905 1613 4965 teneretur,
1667 4899 1988 4968 inquiebat:

290 5029 305 5039 .
418 4987 614 5040 Anima
663 5004 778 5043 mea
819 4988 998 5061 deﬁcit
1029 4991 1086 5045 in
1131 4992 1273 5044 atria
1306 4989 1600 5046 Domini".
1633 4988 1809 5046 Verba
1863 5006 1992 5063 ergo

419 5073 571 5134 haec:
602 5078 802 5135 Beatus
846 5099 998 5155 quem
1028 5082 1230 5154 elegisti
1275 5092 1325 5138 et
1382 5084 1737 5154 assumpsisti,
1790 5083 1987 5139 merito

2094 4623 2215 4684 ταῖς
2245 4620 2433 4684 αὐλαῖς
2460 4619 2555 4674 τοῦ
2590 4621 2967 4693 ὲκλεξαμένου.
3002 4616 3099 4676 Ὧν
3125 4621 3370 4675 ἐντεῦθεν
3400 4622 3479 4676 ἔτι
3503 4621 3663 4675 πόθον

2094 4727 2177 4772 τις
2204 4709 2365 4780 ἔχων,
2407 4707 2592 4764 εἶπεν·
2660 4712 2954 4767 Ἐκλείπει
3005 4714 3043 4781 ἡ
3072 4711 3242 4781 ψυχή
3276 4731 3395 4784 μου
3442 4716 3530 4781 εὶς
3559 4712 3663 4779 τὰς

2097 4802 2289 4867 αὐλὰς
2322 4800 2426 4856 τοῦ
2460 4802 2701 4873 Kt'plov.
2741 4803 2901 4857 Ὥστε
2928 4802 3024 4867 τὰς
3062 4802 3232 4867 λέξεις
3266 4803 3486 4867 ταύτας,
3521 4804 3663 4874 φημι

2092 4892 2157 4964 δὴ
2180 4893 2260 4958 τὸ,
2280 4893 2598 4964 Μακάριος,
2619 4894 2691 4950 δν
2708 4895 2963 4961 ἐξελέξω
2988 4896 3083 4951 καὶ
3102 4896 3501 4967 προσελάΰου,
3523 4893 3663 4949 εἰκό-
3700 4959 3711 4965 _

2095 5002 2203 5049 τως
2235 4987 2597 5060 προφέρουσιν
2633 4989 2682 5042 oi
2708 4989 2836 5053 τοὺς
2868 4988 3277 5060 ἀπαλλαγέντας
3299 4990 3392 5044 τοῦ
3424 4989 3538 5063 βίου
3568 4989 3663 5060 ζη-

2092 5079 2310 5143 λοῦντες
2334 5082 2426 5134 καὶ
2466 5080 2875 5154 μακαρίζοντες.

419 5169 768 5237 protulerint,
798 5172 892 5244 qui
926 5173 1180 5241 praesenti
1203 5172 1313 5227 vita
1343 5173 1650 5229 abstractos
1684 5172 1988 5236 imitantur,
2017 5187 2082 5227 ac
2116 5171 2300 5226 beatos
2324 5172 2639 5242 praedicant.

690 5282 760 5337 Et
790 5284 842 5337 in
867 5300 1071 5338 versum
1100 5296 1398 5355 sequentem
1421 5302 1441 5340 :
1471 5288 1748 5358 prwmissa
1772 5303 1983 5341 rursum
2014 5286 2236 5341 litterati
2264 5286 2610 5356 explicatione
2637 5305 2703 5343 ea:
2728 5289 3049 5347 Theodoreto
3069 5333 3085 5361 ,
3124 5294 3377 5364 sequitur.

490 5397 790 5452 Athanasii.
841 5395 1047 5453 Horum
1096 5400 1362 5455 sententia
1415 5402 1551 5459 haec.
1605 5403 1754 5459 Bona
1788 5403 1983 5459 domus

491 5508 536 5539 “
557 5509 716 5565 Joan.
738 5526 850 5578 xw,
887 5510 942 5565 2.
1018 5511 1066 5543 ³⁷
1089 5510 1233 5568 Psal.
1260 5529 1490 5582 Lxxxul,
1517 5517 1569 5571 5.

426 5619 615 5744 vagiit
787 5623 843 5680 in
883 5623 1312 5696 Exposuiwu’”
1343 5629 1411 5685 ad
1437 5628 1731 5686 εθθυηάθω
1776 5638 1979 5699 Partem

506 5758 615 5831 (94)
651 5760 775 5820 Haec
804 5754 1044 5826 auctiora
1080 5778 1207 5828 sunt
1234 5785 1396 5841 quam
1436 5768 1491 5825 in
1526 5766 1974 5840 Expositionibus.

2176 5402 2287 5475 (96)
2359 5403 2723 5459 Ἂθανασίου.
2782 5406 2923 5479 Πρὸς
2972 5407 3029 5461 δὲ
3082 5408 3238 5463 νοῦν·
3308 5407 3510 5477 Ἀγαθὰ
3566 5417 3657 5476 τοῦ

2165 5628 2278 5705 (οξ)
2299 5627 2422 5705 [iure
2442 5646 2548 5685 non
2568 5631 2836 5705 habentur
2866 5634 3116 5705 superius
3151 5637 3217 5691 ad
3249 5636 3395 5694 hunc
3416 5647 3651 5692 versum.

2087 5698 2500 5826 νοίὲιῗίηηοΐωη
2531 5704 2776 5775 (ιυίνάειηι
2815 5698 3064 5778 superius
3110 5707 3380 5765 habentur
3411 5708 3478 5765 ad
3516 5709 3652 5762 hunc
