3946 6222
209 333 308 391 577

1191 314 1617 376 FRAGMENTA
1658 310 2013 372 COMMENT.
2055 305 2120 368 ΙΝ
2157 306 2495 366 PSALMOS.

3355 298 3459 356 578

212 452 360 512 οἴκου
415 450 510 503 τοῦ
558 447 701 502 Θεοῦ
755 447 823 501 τὰ
861 443 954 501 τοῦ
986 443 1302 515 Πνεύματος
1348 442 1581 512 διάφορα
1628 440 1832 513 χαρί-λ

1938 437 2006 504 ei,
2029 437 2306 496 dicuntur,
2333 433 2544 486 diversa
2571 428 2807 499 Spiritus
2835 426 3007 482 sancti
3038 425 3199 480 dona.
3227 421 3464 478 Domum

215 562 420 616 σματα.
478 537 641 596 Οἶκον
688 541 745 595 δὲ
786 539 920 594 Θεοῦ
966 537 1064 610 τὴν
1121 536 1444 609 Ἐκκλησίαν
1499 537 1530 588 ὁ
1584 534 1794 599 Παῦλος

214 631 393 685 καλεῖ.
437 631 526 685 Ἐν
551 631 608 684 δὲ
631 629 804 700 τούτῳ
832 627 1158 699 θαυμαστῶς
1183 626 1510 681 ἐπιτελεῖται
1533 627 1565 698 ἠ
1601 625 1792 698 ἀρετὴ,

217 722 527 793 καλουμένη
551 721 882 790 δικαιοσύνη.
924 719 982 772 '0
1004 719 1182 772 τοίνυν
1204 718 1472 772 πιστεύων
1499 718 1591 771 καὶ
1621 717 1796 790 ἔργων

217 813 440 882 ἀγαθῶν
467 812 775 883 πληρωθεὶς
807 811 918 882 ἔχει
947 809 1038 862 τὸν
1067 808 1271 880 Κύριον
1306 811 1362 862 ὲν
1393 808 1591 879 ἐαυτῷ.
1626 810 1795 880 Εἴρη-

218 926 309 962 ται
341 907 452 977 γὰρ
483 906 569 959 ate
593 906 690 976 τῆς
720 904 954 968 πίστεως
982 907 1255 958 κατοικεῖν
1297 903 1386 956 τὸν
1432 903 1666 974 Χριστὸν
1718 905 1796 968 εἰς

220 1001 312 1054 τὸν
342 1000 452 1053 ἔσω
471 998 774 1069 ἄνθρωπον,
812 998 906 1050 καὶ
935 997 1070 1068 πρὸς
1101 997 1192 1050 τὸν
1216 995 1485 1069 τηροῦντα
1513 995 1604 1049 τὸν
1639 997 1794 1065 λόγον

222 1092 391 1149 αὐτοῦ
423 1089 561 1163 μετὰ
581 1088 673 1143 τοῦ
709 1089 921 1161 Πατρὸς
973 1087 1264 1159 ἐρχόμενος
1317 1087 1482 1158 μονὴν
1538 1091 1793 1142 ποιεῖται.

223 1187 334 1242 Καὶ
361 1185 570 1254 γίνεται
600 1185 628 1237 ὁ
647 1183 884 1245 τοιοῦτος
916 1181 1062 1244 ναὸς,
1101 1180 1263 1252 (κατά
1298 1180 1358 1233 τό
1379 1195 1392 1208 '
1438 1180 1558 1234 Οὐκ
1578 1181 1796 1246 οἴδατε,

225 1279 313 1334 ὅτι
337 1278 488 1344 ναὸς
505 1277 652 1332 Θεοῦ
677 1277 817 1330 ἐστε
839 1275 877 1344 ;)
919 1275 977 1338 ὃς
1002 1275 1094 1328 καὶ
1109 1271 1450 1345 δικαιοσύνην
1475 1274 1801 1344 θαυμαστῶς

228 1371 504 1444 κατορθοῖ,
524 1370 620 1443 τὴν
645 1369 732 1422 διὰ
761 1369 998 1432 πίστεως
1028 1366 1441 1438 συνισταμένην.
1471 1367 1658 1435 ’Ἄγιος
1690 1368 1808 1438 μέν·

227 1480 310 1519 τοι
343 1465 492 1518 ἐστὶν
525 1463 601 1526 ὡς
632 1461 887 1533 καθαρὸς,
920 1457 1230 1530 θαυμαστὸς
1267 1457 1324 1511 δὲ
1367 1459 1460 1511 ἐπὶ
1507 1461 1574 1530 τῇ
1607 1459 1807 1513 δικαιο-

227 1557 388 1632 δύνῃ.

1892 537 2073 584 autem
2105 525 2196 580 Dei
2233 531 2395 579 vocat
2431 521 2633 575 Paulus
2675 521 2847 590 ipsam
2902 515 3224 572 Ecclesiam.
3258 513 3317 568 ln
3365 515 3469 569 hac

1891 635 2020 674 vero
2069 617 2232 672 domo
2282 612 2606 669 mirabiliter
2648 609 2926 680 perficitur
2958 608 3134 662 virtus
3184 608 3296 669 illa,
3346 620 3469 673 qum

1893 709 2198 781 appellatur
2235 705 2468 776 iustitia.
2496 703 2598 770 Qui
2635 703 2801 772 igitur
2831 701 3023 766 credit,
3057 715 3120 754 ac
3150 697 3310 752 bonis
3343 712 3472 766 opu-

1895 804 2047 859 ribus
2070 801 2330 858 abundat,
2359 798 2405 850 is
2437 795 2905 850 habetDmuinum
2937 793 2989 846 in
3022 792 3221 861 seipso.
3253 789 3470 842 Dictum

1897 909 2131 962 namque
2165 899 2248 945 est
2278 888 2428 952 alibi,
2472 886 2615 956 quod
2644 884 2895 938 Christus
2929 882 3134 936 habitet
3166 881 3220 933 in
3251 880 3474 932 homine

1900 984 2154 1039 interiore
2185 997 2279 1051 per
2307 979 2464 1033 ﬁdem
2493 985 2577 1030 :et
2598 976 2742 1046 quod
2768 984 3029 1027 venturus
3059 973 3128 1025 sit
3159 987 3281 1025 cum
3313 969 3475 1023 Patre

1902 1077 1968 1132 ad
2000 1091 2122 1128 eum
2159 1075 2250 1142 qui
2282 1084 2590 1126 sermonem
2635 1068 2755 1136 ejus
2795 1075 2996 1124 servat,
3029 1080 3092 1118 ac
3133 1061 3476 1116 mansionem

1907 1168 2046 1238 apud
2088 1167 2266 1236 ipsum
2301 1164 2568 1217 facturus.
2598 1160 2775 1228 Atque
2805 1159 2877 1211 ita
2905 1157 2963 1210 lit
2992 1156 3080 1210 hic
3115 1154 3236 1208 Ialis
3278 1153 3478 1206 domus

1907 1261 2002 1314 Dei
2029 1279 2042 1314 :
2078 1260 2095 1328 (
2123 1258 2418 1313 secundum
2464 1254 2591 1308 illud
2622 1273 2635 1306 :
2677 1251 2908 1304 Nescitis
2949 1249 3196 1319 quoniam
3228 1246 3480 1314 tempt'um

1910 1350 2007 1404 Dei
2035 1350 2158 1403 estis
2179 1348 2226 1381 ³⁸
2248 1350 2306 1419 ?)
2339 1346 2431 1416 qui
2466 1347 2628 1399 etiam
2664 1342 2988 1395 mirabiliter
3033 1348 3287 1408 operatur
3318 1335 3483 1406 justi-

1909 1445 2061 1506 tiam,
2094 1443 2266 1503 illam,
2309 1442 2552 1509 inquam,
2587 1452 2707 1504 qua:
2740 1451 2833 1504 per
2863 1433 3020 1486 fidem
3062 1430 3293 1485 exsistit.
3341 1425 3483 1482 San—

1911 1543 2033 1586 ctus
2069 1532 2232 1600 igitur
2260 1538 2362 1592 est,
2397 1528 2523 1598 quia
2564 1541 2732 1596 purus
2761 1540 2775 1589 ;
2807 1519 3076 1575 mirabilis
3108 1532 3238 1573 vero
3268 1526 3486 1587 propter

1905 1623 2198 1695 justitiam.

393 1729 464 1784 Et
506 1731 563 1783 in
595 1729 832 1800 ejusdem
852 1726 1047 1797 psalmi
1068 1727 1224 1782 verba
1253 1741 1272 1780 :
1308 1745 1326 1778 ι
1367 1726 1470 1793 Qui
1492 1742 1760 1799 purpurat
1789 1748 2019 1798 montes,
2059 1755 2077 1787 ι
2111 1745 2235 1794 etc.,
2262 1751 2310 1789 v.
2342 1733 2396 1786 7.
2443 1729 2708 1786 Similiter
2739 1727 3014 1798 praemissa
3040 1723 3347 1779 Theodoreti

1205 1821 1493 1887 sententia,
1545 1826 2324 1893 subjectoAthanasiinomine,
2367 1824 2487 1876 ait:

301 1939 449 2010 Πρὸς
473 1936 530 1990 δὲ
560 1935 828 1989 διάνοιαν·
861 1933 956 1994 Σὺ,
991 1933 1176 2004 φησὶν,
1209 1927 1253 1985 ,ί
1281 1935 1310 1986 ὁ
1351 1933 1418 1987 τά
1464 1933 1590 2007 ὅρη,
1637 1937 1806 2008 ἤγουν

1982 1920 2062 1972 Ad
2089 1926 2321 1971 mentem
2354 1931 2480 1969 vero
2509 1935 2522 1968 :
2551 1913 2653 1975 Tu,
2675 1911 2870 1980 inquit,
2897 1925 2976 1974 es,
3007 1908 3098 1977 qui
3134 1918 3365 1968 montes,
3390 1907 3493 1962 hoc

234 2035 332 2097 τὰς
359 2029 743 2098 ἀντικειμένας
769 2028 1045 2098 δυνάμεις,
1086 2026 1392 2096 ὲτοιμάζων
1416 2028 1497 2090 εἰς
1539 2030 1811 2101 τιμωρίαν

238 2123 605 2195 (ἡτοίμασται
651 2119 758 2189 γὰρ
823 2118 1015 2181 αὐταῖς
1083 2118 1117 2189 η
1169 2116 1469 2180 ἄϐυσσος)ο
1535 2118 1691 2172 τοῦτο
1752 2121 1812 2174 δὲ

239 2224 508 2288 ποιήσεις,
545 2211 768 2274 δυνατὸς
797 2208 894 2265 ὧν.

1918 2018 2003 2063 est
2047 2007 2388 2063 adversarius
2439 2015 2751 2075 potestates,
2799 2015 3072 2070 pret-paras
3115 2001 3183 2052 ad
3231 1997 3493 2066 supplicia

1921 2104 1937 2172 (
1963 2101 2081 2156 istis
2109 2101 2254 2155 enim
2298 2109 2598 2168 praeparata
2625 2106 2707 2151 est
2726 2093 3000 2164 abyssus)
3035 2109 3050 2144 :
3087 2098 3141 2147 et
3169 2090 3273 2144 hoc
3305 2090 3498 2158 facies,

1919 2195 2044 2263 quia
2076 2204 2268 2262 potens
2295 2206 2376 2245 es.

915 2365 983 2422 Et
1022 2368 1073 2420 in
1105 2384 1306 2421 versum
1338 2379 1629 2440 sequentem
1669 2368 1977 2424 Theodoreti
2000 2370 2340 2439 explicationi
2370 2369 2478 2421 haec
2504 2366 2756 2434 subjicit:

323 2485 679 2540 Ἀθανασίου
725 2482 820 2536 καὶ
880 2482 1205 2549 Κυρίλλου.
1258 2482 1404 2554 Πρὸς
1431 2483 1488 2535 δὲ
1543 2484 1820 2537 διάνοιανο

235 2575 618 2648 -Συνταράσσει
644 2572 872 2646 Χριστὸς
895 2567 1005 2624 οἷόν
1026 2589 1076 2624 τι
1105 2571 1263 2634 κύτος
1287 2574 1380 2625 καὶ
1405 2571 1604 2635 πλάτος
1621 2573 1824 2625 θαλάσ-

247 2686 343 2740 σης
369 2667 442 2720 τά
477 2665 653 2738 πλήθη
683 2665 791 2716 τῶν
820 2661 1010 2728 ἐθνῶν,
1042 2660 1116 2732 μὴ
1153 2663 1512 2733 συγχωρήσας
1538 2662 1676 2714 αὐτὰ
1703 2663 1829 2732 ἡρε-

241 2764 364 2833 μεῖν
402 2762 463 2812 ὲν
492 2762 611 2823 ταῖς
646 2755 901 2830 ἀρχαίαις
943 2753 1179 2817 ἀπάταις
1202 2771 1215 2783 ⁸
1255 2754 1560 2824 κεκινηκὼς
1592 2753 1648 2806 δὲ
1696 2753 1830 2823 μᾶλ-

241 2852 331 2905 λον
367 2853 452 2914 εἰς
477 2849 769 2918 ἐπίγνωσιν
807 2847 906 2918 τῆς
952 2845 1144 2899 ἑαυτοῦ
1191 2844 1492 2915 δυνάμεως,
1521 2845 1615 2897 καὶ
1642 2843 1831 2915 ὥσπερ

243 2946 397 3008 τινὰς
431 2945 595 3015 ἤχους
625 2939 904 3010 κυμάτων,
937 2937 1310 2999 ἀνασαλεύσας
1341 2937 1596 2990 ἁπάντων
1615 2937 1713 2999 τὰς
1745 2937 1830 2987 ἐπ’

245 3037 398 3109 αὐτῷ
452 3033 778 3102 δοξολογῐας.
815 3033 885 3084 Ἢ
919 3030 1193 3084 θάλασσαν
1241 3029 1475 3082 ἐνταῦθα
1523 3028 1583 3081 τὸ
1630 3028 1832 3099 πλῆθος

245 3131 348 3184 τῶν
394 3126 731 3198 ἀκαθάρτων
755 3123 1082 3194 πνευμάτων
1116 3122 1300 3192 φησὶν,
1341 3121 1369 3174 ὃ
1402 3121 1833 3191 συνταράσσεται

244 3227 306 3296 τῇ
337 3221 446 3276 τοῦ
471 3219 704 3291 Χριστοῦ
735 3217 1025 3288 παρουσίᾳ.
1052 3215 1142 3268 Διὸ
1167 3217 1257 3269 καὶ
1277 3213 1598 3286 φοϐούμενοι
1626 3213 1831 3282 ἔλεγον·

1999 2483 2277 2537 Athanasii
2311 2494 2359 2536 et
2392 2481 2606 2551 Cyrilli.
2639 2479 2762 2534 lla’c
2786 2489 2965 2533 autem
2996 2479 3076 2534 sic‘
3103 2475 3506 2551 intelliguntur:

1929 2575 2210 2631 Christum
2257 2590 2378 2630 esse
2423 2575 2517 2644 qui
2575 2573 2864 2627 conturbat
2917 2571 3318 2628 multitudinem
3374 2590 3506 2644 gen-

1933 2670 2066 2722 tium
2101 2669 2272 2723 instar
2307 2667 2473 2720 maris
2503 2666 2754 2735 profundi
2787 2680 2852 2719 ac
2896 2665 3174 2730 latissimi,
3222 2666 3349 2719 dum
3399 2681 3504 2719 non

1934 2762 2062 2816 sinit
2091 2777 2187 2816 eas
2228 2761 2622 2829 conquiescere
2674 2759 2726 2811 in
2762 2757 3000 2826 antiquis
3045 2757 3362 2811 erroribus:
3414 2757 3508 2812 sed

1933 2854 2116 2921 potius
2148 2861 2454 2908 commovet
2481 2859 2536 2905 et
2584 2850 2830 2920 perducit
2875 2851 2938 2903 ad
2996 2850 3359 2920 cognitionem
3399 2864 3510 2904 suae

1935 2943 2209 3011 potentiae,
2242 2958 2305 2997 ac
2337 2956 2530 2996 omnes
2580 2939 2646 2994 ad
2691 2940 2776 2994 sui
2807 2938 3022 2993 laudem
3057 2939 3215 3008 quasi
3261 2938 3512 2994 fremitus

1934 3028 2199 3084 ﬂuctuum
2227 3031 2444 3085 excitat.
2483 3028 2577 3083 Vel
2605 3029 2841 3098 appellat
2891 3029 2979 3082 hic
3028 3044 3200 3093 mare,
3242 3029 3513 3100 ingentem

1937 3123 2087 3177 illam
2122 3123 2527 3178 multitudinem
2555 3121 2844 3190 spirituum
2872 3121 3230 3190 impurorum,
3266 3122 3358 3190 qui
3389 3136 3518 3176 con-

1938 3217 2230 3289 turbantur
2257 3215 2462 3270 Christi
2507 3215 2761 3269 adventu.
2815 3210 2968 3267 Unde
2996 3212 3160 3266 etiam
3212 3224 3519 3268 metuentes

243 3312 476 3377 Ἦλθες
493 3306 607 3365 ὦδε
633 3311 746 3380 πρὸ
785 3308 992 3377 καιροῦ
1009 3309 1348 3372 βασανίσαι
1378 3306 1555 3377 ἡμᾶς.
1621 3308 1691 3360 Ἢ
1741 3306 1832 3360 θά-

1942 3311 2197 3368 dicebant
2229 3327 2242 3362 :
2277 3307 2478 3362 Venisti
2506 3316 2628 3360 ante
2657 3316 2855 3376 tempus
2903 3315 3142 3375 torquere
3177 3321 3269 3357 nos
3294 3305 3360 3358 ³⁸.
3420 3303 3516 3358 Vel

241 3409 463 3463 1::an
517 3406 612 3477 μὲν
645 3403 708 3456 τὸ
758 3401 956 3472 πλῆθος
1013 3399 1168 3453 καλεί
1210 3399 1317 3451 τῶν
1356 3398 1631 3470 τυράννων
1659 3397 1747 3450 διὰ
1777 3396 1838 3450 τὸ

246 3496 504 3570 ἁλμυρὸν
529 3496 628 3565 τῆς
652 3489 1096 3563 ιῖδωλολατρείας
1117 3489 1316 3553 αὐτῶν,
1348 3489 1513 3560 ἡχους
1559 3489 1615 3542 δὲ
1660 3489 1839 3559 κυμά-

242 3608 349 3645 των
375 3587 493 3652 ad;
525 3586 666 3640 κατά
694 3584 802 3637 τῶν
834 3580 1126 3654 μαρτύρων
1179 3580 1472 3644 ἐπιϐουλάς
1530 3581 1624 3632 καὶ
1674 3579 1841 3649 βασά-

240 3697 392 3744 νους.
429 3680 541 3741 ‘Ac;
567 3675 651 3738 τίς
674 3675 995 3743 ὑπέμεινεν.
1025 3673 1074 3725 εί
1118 3671 1194 3744 μὴ
1228 3673 1294 3744 τῇ
1341 3672 1567 3743 δυνάμει
1599 3669 1838 3743 Χριστοῦ

247 3767 656 3841 ἐνεδυναμοῦτο
686 3765 781 3819 καὶ
812 3761 1128 3835 ἐστηρίζετο
1151 3779 1168 3831 ;

1941 3412 2087 3460 certe
2115 3417 2264 3456 mare
2293 3400 2514 3471 quidem
2545 3399 2679 3454 dicit
2710 3397 3115 3452 multitudinem
3141 3407 3518 3468 tyrannorum,

1939 3503 2164 3567 pr0pter
2179 3491 2506 3546 salsedinem
2536 3491 2649 3546 sive
2665 3489 3015 3544 acerbitatem
3034 3487 3352 3542 idololatria:
3378 3488 3524 3557 ipso—

1945 3603 2067 3642 rum
2101 3604 2116 3652 ;
2149 3584 2399 3639 fremitus
2422 3598 2551 3637 vero
2588 3581 2878 3644 ﬂuctuum,
2913 3581 3140 3635 insidias
3174 3590 3228 3635 et
3253 3587 3525 3634 tormenta

1943 3679 2148 3734 sanctis
2183 3676 2508 3746 martyribus
2556 3675 2624 3728 ab
2655 3674 2789 3743 ipsis
2823 3672 3047 3730 inﬂicta.
3083 3672 3214 3737 Quae
3239 3673 3363 3741 quis
3402 3686 3528 3726 sus-

1956 3769 2198 3831 tinuerit,
2234 3767 2340 3822 nisi
2385 3767 2480 3836 qui
2527 3765 2769 3834 potentia
2795 3763 2998 3819 Christi
3043 3764 3328 3818 roboratus
3363 3771 3527 3817 atque

1881 3942 1890 3950 ⁹
1959 3863 2211 3920 suﬂ‘ultus
2239 3858 2440 3914 fuerit?

904 4004 974 4060 Et
1007 4004 1178 4058 adhuc
1206 4003 1262 4058 in
1291 4018 1496 4058 versum
1524 4009 1818 4072 sequentem
1860 3998 2170 4053 Theodoreti
2197 3993 2545 4066 explicationi
2577 3991 2847 4062 subjungit
2875 4008 2892 4042 :

331 4124 721 4182 Ἄθανασίου.
776 4120 1136 4194 Παρεδήλωσε
1174 4117 1231 4172 δὲ
1284 4115 1378 4171 καὶ
1425 4112 1486 4169 τὸ
1539 4113 1646 4166 τῶν
1679 4112 1848 4179 ἁγίων

249 4221 583 4274 ἀποστόλων
615 4219 875 4290 κήρυγμα
896 4230 910 4245 ·
940 4216 1077 4286 ὅπερ
1098 4212 1188 4267 διὰ
1215 4211 1275 4265 τὸ
1319 4208 1485 4280 ἄηθες
1517 4207 1610 4262 καὶ
1657 4206 1747 4260 διὰ
1789 4207 1850 4260 τὸ

255 4305 640 4364 καταλύεσθαι
661 4305 722 4359 τὸ
755 4303 1006 4376 πατρῷον
1031 4302 1139 4356 τῶν
1173 4299 1340 4355 ὲθνῶν
1369 4298 1554 4361 σέϐας,
1598 4297 1693 4350 καὶ
1747 4296 1846 4366 τὴν

253 4405 547 4460 πολιτείαν
579 4400 761 4457 αὐτῶν
799 4395 1143 4470 ἀμείϐεσθαι,
1171 4392 1414 4465 ταραχὴν
1446 4389 1606 4452 εὐθὺς
1638 4389 1732 4442 καὶ
1755 4390 1852 4451 ζά-

255 4499 353 4573 λην
398 4503 522 4563 τοῖς
584 4493 894 4566 ἀνθρώποις
947 4491 1165 4562 ἐκίνησε
1197 4488 1338 4542 κατά
1390 4484 1488 4557 τὴν
1514 4482 1606 4538 τοῦ
1641 4481 1847 4554 Κυρίου

257 4569 471 4664 φωνὴν,
506 4586 748 4660 χωρίζον
775 4583 994 4654 νύμφην
1019 4584 1082 4635 ὲκ
1109 4577 1394 4649 πενθερᾶς,
1420 4576 1514 4629 καὶ
1542 4573 1756 4644 πατέρα
1789 4569 1850 4635 ὲξ

256 4683 396 4737 υἱοῦ.
427 4680 600 4737 Μετά
619 4678 675 4731 δὲ
693 4677 793 4749 τὴν
825 4676 994 4742 ζάλην
1016 4673 1349 4735 κατέπαυσε,
1381 4671 1475 4723 καὶ
1505 4668 1604 4738 τὴν
1629 4666 1853 4737 εἰρήνην

257 4774 468 4828 ἅπασιν
501 4768 934 4842 ὲπρυτάνευσεν.
961 4766 1090 4818 Ὅτε
1111 4757 1224 4826 οὖν,
1252 4759 1406 4832 φησὶ,
1429 4758 1497 4812 τά
1527 4756 1653 4828 ἔθνη
1689 4769 1856 4825 ταρα-

259 4865 590 4937 χθήσονταο,
646 4860 891 4914 τουτέστι
946 4856 1055 4911 τῶν
1097 4853 1364 4924 δαιμόνων
1415 4851 1483 4904 τὰ
1511 4850 1854 4919 συστήματα,

258 4957 380 5011 τότε
423 4958 492 5027 δὴ
531 4955 662 5007 τότε
715 4953 807 5005 καὶ
830 4953 878 5004 οἱ
913 4953 969 5004 ὲν
998 4949 1111 5011 τοῖς
1161 4945 1362 5017 πέρασι
1402 4943 1500 5012 τῆς
1532 4938 1858 5009 οἰκουμένης

261 5049 548 5122 ἄνθρωποι
585 5040 985 5116 φοϐηθήσονται
1011 5057 1091 5104 σε,
1133 5037 1202 5092 τὰ
1243 5034 1454 5106 μεγάλα
1497 5035 1697 5103 στοδμεῖα
1724 5029 1859 5083 θεω-

267 5144 566 5217 ρήσαντες,
597 5137 669 5190 τὰ
702 5136 795 5188 ἐπὶ
819 5137 884 5206 τῇ
923 5137 988 5205 σῇ
1016 5129 1289 5206 παρουσίᾳ¹
1317 5123 1676 5197 γεγενημένα.

2018 4111 2318 4164 Athanasii.
2356 4107 2696 4178 Signiﬁcavit
2724 4121 2854 4160 vero
2886 4103 3049 4161 simul
3100 4103 3263 4158 etiam
3295 4109 3518 4158 sancto-

1950 4220 2071 4258 rum
2115 4202 2488 4273 apostolorum
2532 4199 2999 4269 pra’dicationem,
3046 4212 3168 4266 quae
3216 4205 3329 4249 tum
3377 4192 3528 4265 quod

1954 4295 2275 4349 inconsueta
2305 4299 2470 4357 esset,
2505 4298 2616 4344 tum
2660 4289 2822 4343 etiam
2860 4287 3007 4358 quod
3037 4285 3390 4342 demoliretur
3413 4283 3532 4338 avi-

1953 4398 2070 4444 tum
2121 4387 2404 4458 gentilium
2465 4383 2698 4447 cultum,
2750 4381 3025 4451 vitamque
3081 4394 3271 4434 eorum
3301 4392 3364 4432 ac
3397 4390 3531 4431 con-

1952 4481 2314 4537 versationem
2393 4476 2725 4546 corrigeret,
2797 4473 2943 4528 illico
3001 4471 3188 4527 turbas
3240 4483 3305 4524 ac
3349 4475 3539 4523 motus

1957 4571 2104 4627 dedit
2131 4569 2272 4624 inter
2317 4566 2590 4632 homines,
2640 4579 2706 4619 ac
2757 4561 3055 4617 secundum
3111 4560 3260 4614 illam
3312 4555 3532 4611 Domini

1957 4676 2175 4725 vocem,
2203 4675 2400 4715 nurum
2431 4673 2462 4712 a
2512 4672 2696 4720 socru,
2732 4666 2787 4710 et
2821 4654 2991 4708 tilium
3025 4668 3054 4706 a
3097 4660 3249 4722 patre
3282 4663 3535 4720 segrega-

1958 4753 2054 4808 bat
2076 4752 2143 4808 ‘°.
2181 4749 2506 4819 Quanquam
2532 4755 2658 4818 post
2682 4746 2846 4800 etiam
2877 4751 3057 4797 motus
3088 4743 3209 4796 illos
3241 4727 3534 4800 sedaverit,

1960 4853 2013 4898 et
2042 4857 2230 4912 pacem
2260 4839 2476 4895 cunctis
2506 4837 2821 4892 reddiderit.
2854 4835 3081 4902 Quando
3114 4833 3299 4903 igitur,
3331 4827 3529 4898 inquit,

1963 4943 2172 5007 gentes,
2223 4933 2329 4987 hoc
2367 4930 2781 4986 estdazmonum
2827 4927 3081 4982 examina
3111 4919 3534 5007 commovebun-

1962 5034 2073 5090 tur,
2116 5033 2248 5078 tunc
2283 5031 2334 5076 te
2377 5026 2620 5074 metuent
2667 5018 2916 5072 homines
2965 5017 3018 5070 in
3065 4998 3342 5069 extremis.
3375 5014 3539 5058 terra:

1968 5116 2174 5171 ﬁnibus
2203 5110 2507 5174 constituti,
2545 5108 2810 5163 miracula
2844 5107 3082 5178 ingentia
3117 5097 3535 5170 conspicientes,

1969 5222 2091 5278 quae
2119 5204 2222 5260 sub
2252 5203 2546 5258 adventum
2581 5209 2733 5254 tuum
2772 5200 3019 5254 edentur.

1561 5352 1699 5408 Item
1727 5351 1781 5405 in
1813 5354 2109 5420 sequentem
2140 5359 2188 5398 υ.
2220 5341 2272 5396 9.

349 5468 744 5525 Ἆθανασιου,
780 5458 1072 5513 Εὐσεϐἰου
1112 5455 1210 5509 καὶ
1241 5453 1564 5523 Κυρίλλου.
1601 5449 1710 5502 Καὶ
1745 5447 1871 5517 μέν·

265 5575 345 5615 τοι
375 5560 509 5612 ὅταν
526 5554 605 5609 τὰ
634 5550 846 5622 μεγάλα
876 5552 1073 5621 σημεῖα
1099 5546 1470 5617 θεωρήσαντες
1495 5543 1543 5594 οἱ
1568 5540 1666 5611 τὴν
1685 5540 1866 5591 οἰκου-

2050 5436 2352 5502 Athanasii,
2401 5433 2616 5488 Eusebi:
2665 5441 2714 5486 et
2766 5426 2975 5499 Cyr-illi.
3035 5423 3100 5478 Et
3145 5421 3363 5493 quidem
3420 5434 3544 5476 cum

1979 5532 2432 5599 viderintmagna
2475 5526 2562 5581 illa
2587 5524 2739 5595 signa
2772 5521 2864 5591 qui
2914 5515 3100 5572 orbem
3150 5524 3428 5569 terrarum
3459 5509 3548 5567 in-

338 5689 430 5746 ³³1
455 5691 592 5746 Cor.
629 5685 822 5753 m,l(i.
885 5685 950 5770 ’³⁸η
967 5682 1155 5738 Matth.
1199 5695 1313 5744 vin,
1347 5676 1436 5731 2|.
1482 5751 1489 5755 _
1517 5675 1560 5708 ⁸ο
1584 5673 1771 5729 Matth.
1797 5669 1970 5741 x,~55.
