3946 6222
428 292 547 349 sio
1279 289 1336 344 s.
1364 288 1920 362 aruanssnppp.
1952 288 2016 343 ei

2115 287 2140 342 Ξ
2179 284 2272 342 HI.
2310 307 2380 324 ά·-
2417 282 2826 339 ΕΧΕΟΕΤΙΕΑ.
3557 265 3664 326 580

427 409 648 475 ~colunt,
682 423 745 464 ac
772 408 1054 463 timuerint
1091 409 1196 463 sibi
1224 409 1419 462 timore
1444 408 1605 473 bono,
1636 419 1765 462 tunc
1812 407 2001 478 utique

2115 405 2269 474 ιιένην
2324 401 2597 465 οἰκοῦντες
2626 399 2901 472 φοϐηθῶσι
2949 397 3041 450 τὸν
3090 394 3292 460 ἀγαθὸν
3324 392 3507 461 φόϐον,
3541 389 3663 442 τότε

443 510 555 555 tam
607 499 892 554 matutinis
933 512 1095 567 quam
1150 497 1469 567 vespertinis
1501 496 1810 559 egressibus
1859 497 2004 567 (hoc

442 602 544 656 est,
579 589 1042 661 omnitempore)
1092 590 1334 644 laetantes
1375 588 1784 643 oblectabantur
1835 589 1889 642 in
1936 589 2004 643 iis

439 696 567 752 quae
596 681 799 736 Christi
830 680 1093 734 adventus
1128 677 1414 748 reparavit.
1442 676 1610 732 Porro
1641 678 2003 746 ipsiusetiam

442 773 648 828 Christi
697 772 807 825 duo
847 780 975 826 sunt
1021 786 1295 840 egressus,
1343 777 1438 823 aut
1482 784 1838 839 progressus:
1873 771 2006 825 alter

444 865 663 935 quidem
698 878 879 927 mane,
909 864 1010 917 hoc
1035 870 1119 916 est
1167 870 1292 915 ante
1320 876 1534 915 onmem
1563 862 1911 916 aeternitatem
1940 878 2007 917 ex

444 955 604 1009 Patre
642 952 841 1017 factus,
886 954 1182 1008 secundum
1233 949 1408 1006 illud:
1456 949 1792 1021 Egressiones
1823 955 1936 1021 ejus
1974 968 2008 1004 a

430 1045 703 1116 principio
748 1061 781 1097 a
824 1045 1005 1098 diebus
1041 1045 1246 1097 wternis
1269 1043 1315 1075 δι
1353 1061 1368 1110 ;
1412 1043 1548 1097 alter
1594 1058 1724 1097 vero
1762 1043 2005 1112 vesperi,

444 1138 537 1192 ille
563 1138 824 1192 nimirum
877 1154 943 1191 ex
988 1136 1215 1206 virgine,
1249 1135 1343 1205 qui
1376 1134 1603 1204 contigit
1651 1134 1706 1188 in
1750 1150 2007 1190 consum-

443 1230 688 1285 matione
745 1230 1092 1285 saeculorum.
1143 1224 1383 1298 Uterque
1427 1236 1609 1282 autem
1667 1227 2009 1281 delectationi

444 1334 529 1377 est
550 1330 604 1376 et
633 1322 850 1393 gaudio.
885 1320 1245 1391 Symmachus
1271 1319 1487 1389 quidem
1532 1319 1780 1382 reddens,
1823 1320 2011 1371 Acces-

444 1415 617 1469 siones
669 1413 925 1467 matutini
971 1421 1021 1467 εει
1055 1428 1277 1482 vespera:
1326 1411 1571 1465 laudibus
1618 1411 1859 1479 e/ferunt,
1909 1411 2012 1464 hoc

444 1505 627 1561 dicere
672 1505 910 1567 videtur,
939 1505 1085 1574 quod
1123 1513 1177 1559 et
1206 1503 1485 1559 exoriente
1536 1511 1590 1556 et
1620 1503 1897 1557 desinente
1925 1502 2012 1556 die

434 1605 725 1667 acceptam
756 1596 865 1651 Deo
900 1594 1125 1651 oﬂ‘ei'ent
1153 1595 1367 1649 laudem
1408 1594 1467 1660 ii,
1501 1594 1597 1663 qui
1641 1608 1826 1648 errore
1855 1593 2012 1647 dere-

444 1686 596 1755 licto,
631 1699 823 1744 natura
855 1687 1025 1743 Deum
1059 1695 1449 1759 cognoverunt.

2059 522 2066 528 ·
2102 499 2166 570 δὴ
2201 499 2292 551 καὶ
2317 498 2396 561 εἰς
2442 497 2540 560 τάς
2564 495 2775 567 πρωίας
2802 494 2895 546 καὶ
2922 493 3001 554 είς
3025 489 3120 552 τὰς
3153 486 3391 555 ἑσπέρας
3429 483 3663 550 ἐξόδους,

2102 590 2378 643 τουτέστιν
2405 590 2465 642 ὲν
2501 588 2665 641 παντὶ
2684 584 2879 657 καιρῷ,
2909 582 3097 654 τέρψις
3124 579 3273 633 ἔσται
3296 579 3476 639 αὐτοῖς
3496 574 3665 643 ἀγαλ-

2104 681 2404 752 λιωμένοις,
2434 680 2518 749 ἐφ’
2555 673 2635 743 οἷς
2662 676 3022 748 κατώρθωσεν
3054 676 3087 743 ἡ
3110 669 3343 743 Χριστοῦ
3373 665 3664 740 παρουσία..

2105 776 2214 827 Καὶ
2240 773 2402 828 αὑτοῦ
2424 773 2480 826 δὲ
2518 771 2609 825 τοῦ
2636 768 2870 842 Χριστοῦ
2900 766 2991 821 δύο
3010 765 3197 833 ἔξοδοι,
3229 764 3391 834 ἤγουν
3421 758 3663 827 πρόοδοιδ

2105 868 2139 939 ἡ
2170 867 2266 938 μὲν
2304 865 2513 936 πρωῒας
2536 903 2554 931 ,
2598 864 2701 934 πρὸ
2733 863 2947 915 πάντων
2983 859 3091 911 τῶν
3119 856 3326 910 αἰώνων
3359 857 3423 907 ἐκ
3455 850 3667 921 Πατρδς

2105 938 2388 1027 γενομένη,
2409 954 2549 1008 κατά
2576 954 2637 1007 τό
2660 972 2675 984 ·
2709 955 2778 1005 Αἱ
2804 950 3001 1015 ἔξοδοι
3030 944 3215 1002 αὑτοῦ
3240 946 3338 1000 ἀπ’
3375 940 3567 1011 ἀρχῆς
3599 938 3667 1002 ἐξ

2106 1048 2340 1119 ἡμερῶν
2365 1045 2606 1113 αἰῶνος
2643 1047 2675 1116 ἡ
2701 1044 2757 1097 δὲ
2780 1042 3040 1114 ἑσπέρας,
3067 1042 3101 1110 ἡ
3126 1040 3191 1092 ὲκ
3227 1035 3515 1108 παρθένου,
3548 1032 3669 1102 ἦτις

2109 1144 2200 1196 ἐπὶ
2228 1141 2504 1213 συντελείᾳ
2546 1140 2657 1193 τῶν
2688 1137 2895 1193 αἰώνων
2934 1137 3261 1207 ἀπήντησεν.
3318 1128 3581 1196 Ἐκατέρα
3612 1124 3671 1178 δὲ

2110 1234 2298 1304 τέρψις
2343 1233 2458 1286 ἐστὶ
2514 1231 2606 1285 καὶ
2664 1229 2999 1298 ἀγαλλίασις.
3052 1225 3111 1279 Ὀ
3165 1222 3347 1294 μέντοι
3374 1219 3671 1289 Σύμμαχος

2110 1322 2297 1388 εἰπὼν,
2348 1323 2455 1389 Τὰς
2510 1324 2938 1390 προσελεύσεις
2992 1319 3098 1374 τοῦ
3150 1318 3360 1385 ὄρθρου
3411 1311 3508 1364 καὶ
3560 1307 3672 1375 τῆς

2111 1409 2186 1469 έσ
2189 1414 2372 1483 πέρας
2395 1415 2820 1484 ὑμνολογοῦονι,
2857 1413 3014 1468 τοῦτο
3039 1413 3186 1466 δοκεῖ
3219 1409 3418 1477 λέγειν,
3454 1407 3541 1458 ὅτι
3579 1402 3672 1455 καὶ

2111 1498 2417 1574 ἀρχομένης
2447 1504 2540 1557 καλ⁸
2560 1503 2831 1575 ληγούσης
2848 1503 3061 1575 ἡμέρας
3084 1495 3180 1570 τὴν
3203 1495 3435 1570 ἀρεστὴν
3457 1493 3531 1581 τῷ
3553 1491 3674 1562 Θεῷ

2115 1596 2489 1666 προσοίσουσιν
2520 1595 2787 1666 ὑμνῳδίαν
2805 1597 2853 1648 οἱ
2881 1595 2977 1665 τὴν
3024 1594 3230 1664 πλάνην
3263 1587 3649 1645 καταλιπόντες

2114 1685 2202 1738 τὸν
2233 1684 2289 1736 δὲ
2322 1685 2478 1754 φύσει
2522 1687 2739 1754 γνόντες
2771 1686 2921 1739 Θεόν.

792 1799 863 1855 Et
898 1802 953 1856 in
978 1816 1182 1856 versum
1212 1796 1383 1854 adhuc
1408 1809 1723 1871 sequentem,
1753 1792 1974 1852 iitterali
1998 1798 2319 1868 expositione
2344 1814 2411 1853 ea:
2447 1798 2764 1854 Theadoreto
2786 1800 3123 1866 prwcedeute,
3151 1814 3196 1851 υ,
3232 1795 3296 1850 10
3320 1804 3339 1848 ‘:

520 1916 863 1971 Athanasius.
915 1899 1224 1971 Secundum
1259 1915 1590 1970 intellectum
1631 1924 1809 1970 autem
1839 1933 1853 1969 :
1907 1914 2012 1968 Ex-
2043 1926 2085 1980 Β

438 2007 730 2073 σεειυτιιειί,
762 2008 956 2077 inquit,
1000 2017 1198 2064 terram
1229 2008 1537 2062 universam
1579 2007 1736 2062 bonis
1781 2007 1887 2060 tuis
1918 2007 2012 2060 de-

448 2114 690 2165 sursum,
721 2099 1009 2168 implevisti
1038 2099 1226 2171 gratiis
1268 2099 1639 2168 spiritualibus
1679 2114 1868 2153 omnes
1918 2099 2012 2168 qui

448 2190 552 2245 sub
593 2190 731 2244 caelo
764 2190 1006 2261 degunt;
1056 2206 1157 2245 nos
1209 2206 1336 2245 vero
1393 2200 1520 2245 tunc
1556 2190 1914 2253 errabundas,
1950 2205 2015 2244 ac

448 2284 623 2339 instar
647 2293 804 2339 terrae
832 2284 997 2339 aridae
1025 2293 1080 2339 et
1099 2285 1377 2353 iuaquosae
1412 2284 1761 2347 constitutos,
1791 2281 2012 2347 fertiles,

445 2374 560 2429 imo
591 2373 1010 2430 fecundissimos
1035 2391 1099 2430 ac
1138 2390 1264 2431 vere
1291 2389 1480 2430 sacros
1503 2373 1808 2430 reddidisti.

2195 1914 2555 1981 Ἀθανάσιος»
2614 1914 2756 1986 Πρὸς
2807 1915 2863 1967 δὲ
2905 1915 3173 1968 διάνοιαν·
3241 1914 3622 1983 Κατεκόρεσας
3651 1938 3673 1969 s

2120 2008 2272 2080 φησὶ,
2308 2008 2412 2061 τῶν
2438 2006 2641 2060 ἄνωθεν
2666 2006 2883 2076 ἀγαθῶν
2923 2009 3021 2078 τὴν
3071 2009 3360 2077 σύμπασαν
3409 2005 3544 2074 γῆν
3578 2020 3675 2055 πε-

2118 2101 2412 2173 πλήρωκας
2440 2099 2547 2154 τῶν
2573 2100 2953 2171 πνευματικῶν
2984 2099 3337 2170 χαρισμάτων
3368 2098 3491 2155 τοὺς
3534 2095 3673 2149 κατὰ

2119 2194 2297 2246 πᾶσαν
2327 2192 2487 2255 ὄντας
2533 2192 2631 2262 τὴν
2663 2193 2754 2246 ὑπ’
2785 2192 3008 2263 οὐρανόν
3031 2210 3044 2222 ·
3074 2193 3105 2261 ή
3116 2193 3221 2259 μᾶς
3275 2190 3332 2242 δὲ
3388 2190 3512 2251 τοὺς
3554 2185 3673 2239 τότε

2118 2282 2520 2353 πλανωμένους,
2546 2283 2648 2353 γῆν
2671 2282 2858 2353 ὥσπερ
2879 2281 2999 2335 τινὰ
3028 2282 3196 2353 ξηράν
3227 2281 3383 2343 ὄντας
3442 2281 3537 2332 καὶ
3580 2278 3672 2332 ἄν·

2120 2375 2294 2447 υδρον,
2324 2375 2666 2446 καρποφόρον
2693 2373 2998 2441 ἀνέδειξας,
3033 2374 3125 2428 καὶ
3147 2373 3542 2445 γονιμωτάτην,
3581 2369 3673 2424 καὶ

2120 2467 2165 2518 ίε
2174 2466 2270 2538 ραν
2300 2467 2399 2538 ἀλη
2407 2466 2532 2530 θῶς.

1459 2574 1654 2629 Itidem
1683 2585 1731 2630 et
1754 2576 1812 2629 in
1850 2576 2308 2649 versam’proxime
2336 2590 2645 2652 sequentem.

502 2686 866 2741 ‘Athanasius.
904 2683 1212 2741 Secundum
1259 2695 1438 2743 autem
1478 2688 1881 2759 intelligentiam
1911 2689 2013 2744 ﬂu—

2196 2692 2555 2758 Ἆθανάσιος.
2595 2692 2738 2765 Πρὸς
2783 2683 2839 2744 δὲ
2880 2689 3005 2745 νοῦν
3047 2681 3291 2761 ποταμὸς
3336 2690 3468 2743 Θεοῦ
3503 2691 3532 2742 ό
3564 2682 3674 2744 Mo-

446 2775 724 2846 viuleei
778 2786 860 2832 est
908 2777 1215 2846 unigenitus
1266 2778 1385 2848 ejus
1411 2777 1599 2834 Filius.
1648 2780 2014 2845 Quemadmo-

2116 2784 2356 2854 νογενής.
2400 2782 2486 2846 Ὠς
2506 2782 2612 2853 γὰρ
2630 2782 2735 2835 ἀπὸ
2757 2780 2937 2854 πηγῆς
2966 2780 3179 2851 ἔρχεται
3226 2781 3481 2851 ποταμὸς,
3538 2779 3677 2835 οὕτω

442 2869 583 2924 dum
627 2869 772 2923 enim
817 2883 880 2923 ex
916 2866 1065 2923 fonte
1096 2869 1318 2938 proﬂuit
1360 2872 1556 2928 ﬂuvius
1581 2915 1594 2937 ,
1637 2874 1710 2928 ita
1753 2876 1913 2929 etiam
1949 2888 2016 2930 ex

2119 2875 2213 2931 καὶ
2238 2874 2398 2938 αὐτὸς
2420 2877 2483 2928 ἐκ
2511 2874 2609 2945 τῆς
2629 2873 2720 2927 τοῦ
2752 2873 3000 2934 τεκόντος
3023 2871 3229 2935 οὐσίας,
3259 2873 3350 2925 καὶ
3376 2872 3521 2925 ἐστιν
3546 2875 3676 2943 ὁμο-

448 2960 756 3015 substantia
806 2960 1113 3029 generantis
1161 2963 1401 3018 nascitur
1434 2963 1626 3029 Filius,
1677 2974 1730 3020 et
1780 2975 1884 3022 est'
1914 2968 2016 3037 ipsi

2120 2963 2299 3027 ούσιος
2332 2963 2506 3033 αὐτῷ·
2532 2963 2588 3026 ὃς
2627 2963 2837 3033 πλήρης
2864 2960 3069 3015 ὑδάτων
3098 2956 3243 3014 ἐστίν
3265 2977 3278 2989 ·
3312 2962 3431 3014 ἐπεὶ
3458 2963 3518 3015 τὸ
3542 2962 3676 3033 πλή-

448 3051 956 3108 -c0nsubstantialis.
993 3051 1091 3107 Est
1114 3054 1283 3108 etiam
1309 3056 1499 3125 plenus
1525 3057 1702 3126 aquis,
1742 3059 1868 3128 quia
1903 3060 2014 3129 ple-

2126 3065 2281 3124 ρωμα
2313 3052 2409 3123 τῆς
2435 3052 2683 3122 θεότητος
2711 3055 2768 3107 ἑν
2791 3051 2936 3123 αὐτῷ
2979 3053 3241 3106 κατοικεῖ.
3297 3051 3407 3106 Καὶ
3434 3044 3678 3107 ἐθεασᾶ-

447 3142 642 3199 nitudo
678 3143 893 3199 deitatis
922 3144 1132 3199 habitat
1157 3145 1210 3199 in
1241 3147 1358 3214 ipso
1384 3165 1397 3201 :
1424 3145 1498 3199 Et
1530 3148 1754 3202 vidimus
1795 3151 2018 3220 gloriam

444 3234 694 3305 ejus,fqui
724 3234 906 3303 plenus
936 3244 1049 3288 erat
1087 3237 1265 3306 gratia
1291 3246 1339 3290 et
1364 3239 1577 3292 veritate
1598 3238 1663 3293 "'.
1696 3238 2018 3311 Quanquam

451 3326 615 3379 etiam
643 3341 739 3394 per
765 3325 989 3379 ﬂuvium
1024 3327 1197 3396 possit
1225 3328 1450 3399 intelligi
1483 3329 1597 3398 ipse
1627 3328 1861 3400 Spiritus
1889 3349 2019 3388 san-

448 3423 601 3482 ctus,
634 3416 727 3485 qui
779 3418 973 3486 plenus
1009 3427 1092 3472 est
1134 3420 1312 3489 aquis,
1369 3422 1472 3477 hoc
1509 3430 1593 3476 est
1637 3423 1801 3479 variis
1837 3425 2020 3495 gratiae

449 3506 636 3561 donis.
668 3506 1012 3577 Praeparatus
1040 3520 1220 3566 autem
1266 3526 1387 3567 esse
1433 3514 1630 3568 dicitur
1674 3516 1825 3569 cibus
1862 3516 2020 3580 spiri-

453 3597 640 3661 tualis,
674 3612 741 3652 eo
785 3598 929 3666 quod
962 3608 1087 3654 ante
1112 3600 1259 3669 iacta
1295 3602 1480 3656 mundi
1531 3601 1900 3669 fundamenta,
1924 3605 2020 3659 aleo

451 3688 669 3743 ﬁnitum
705 3704 771 3745 ac
801 3689 1078 3745 decretum
1136 3701 1253 3747 erat
1297 3692 1501 3749 Christi
1548 3696 1888 3765 mysterium,
1925 3697 2018 3766 qui

450 3782 606 3849 panis
634 3791 734 3845 est,
769 3782 860 3853 qui
885 3782 946 3835 de
969 3783 1095 3836 cwlo
1119 3783 1404 3849 descendit,
1446 3800 1508 3839 ae
1541 3787 1635 3839 dat
1673 3789 1836 3841 vitam
1866 3805 2019 3843 mun-

453 3864 603 3927 do".
642 3871 802 3939 Quia,
848 3873 1044 3942 inquit,
1090 3877 1205 3931 haec
1244 3886 1328 3932 est
1371 3877 1460 3932 illa
1511 3880 1852 3948 praeparatio,
1904 3880 2019 3935 veri

450 3964 602 4019 cibi:
653 3967 796 4034 quod
836 3967 950 4037 ipse
994 3982 1120 4021 eum
1163 3970 1517 4038 praeparasti,
1574 3980 1627 4024 et
1667 3986 1775 4024 non
1819 3972 2014 4027 aliter:

452 4055 611 4127 quasi
649 4057 872 4122 diceret,
903 4073 1116 4112 summa
1150 4059 1483 4128 providentia
1532 4075 1596 4114 ac
1644 4058 1804 4129 digne
1854 4062 2019 4128 maie-

454 4157 595 4203 state
644 4150 842 4203 divina.
882 4149 991 4204 Deo
1027 4150 1171 4204 enim
1217 4152 1470 4206 convenit
1517 4152 1642 4205 talia
1688 4167 2015 4221 praeparare,
2053 4200 2057 4204 .

454 4252 690 4306 quorum
736 4241 830 4309 qui
875 4240 1008 4295 fiunt
1055 4243 1363 4312 participes,
1415 4244 1449 4296 ii
1497 4259 1590 4312 per
1646 4245 2013 4313 paenitentiam

453 4334 827 4387 conscendunt
861 4335 929 4387 ad
958 4333 1194 4388 divinam
1228 4336 1618 4406 dignationem.

2115 3145 2266 3212 μεθα
2292 3143 2406 3211 τὴν
2437 3143 2621 3208 δόξαν
2642 3143 2826 3197 αὑτοῦ
2850 3159 2863 3173 ’
2891 3143 3126 3211 πλήρης
3142 3142 3378 3213 χάριτος
3399 3145 3499 3199 καί
3531 3147 3679 3213 ἀλη-

2120 3233 2301 3299 θείας.
2334 3234 2567 3305 Νοηθείη
2621 3233 2664 3285 δ’
2692 3232 2758 3286 ἂν
2805 3233 3045 3305 ποταμὸς
3092 3236 3185 3288 καὶ
3228 3236 3287 3289 τὸ
3345 3236 3570 3308 Πνεῦμα
3619 3234 3681 3290 τὺ

2120 3326 2292 3392 ἆγιον,
2347 3325 2550 3397 πλῆρες
2592 3324 2797 3379 ὑδάτων
2828 3325 2934 3379 τῶν
2984 3327 3252 3400 διαφόρων
3303 3330 3678 3400 χαρισμάτων.

2132 3417 2484 3488 Ἠτοιμάσθαι
2509 3417 2566 3470 δέ
2599 3434 2728 3489 φησι
2755 3419 2854 3488 τὴν
2882 3421 3251 3492 πνευματικὴν
3292 3421 3512 3492 τροφὴν,
3542 3418 3675 3475 διότι

2122 3509 2227 3581 πρὸ
2256 3509 2557 3580 καταϐολῆς
2585 3509 2790 3578 κόσμου
2820 3508 3045 3581 ὥρισται
3096 3510 3156 3564 τὸ
3179 3513 3412 3582 Χριστοῦ
3467 3515 3673 3586 μυστή-

2124 3616 2255 3673 ριον,
2287 3603 2345 3666 ὃς
2373 3602 2543 3656 ἐστιν
2574 3604 2752 3673 ἄρτος
2781 3605 2850 3659 ἐκ
2867 3604 2971 3659 τοῦ
2993 3605 3248 3672 οὐρανοῦ
3282 3606 3559 3671 καταϐὰς,
3582 3596 3681 3659 καί

2122 3691 2273 3760 ζωὴν
2291 3692 2494 3760 διδοὺς
2527 3694 2607 3760 τῷ
2633 3697 2853 3765 κόσμῳ.
2892 3695 3012 3750 ’Ὁτι
3037 3695 3225 3759 οὕτως,
3261 3698 3443 3768 φησιν,
3472 3699 3504 3768 ἡ
3541 3698 3679 3750 ἑτοι-

2123 3785 2292 3854 μασία
2332 3786 2434 3856 τῆς
2477 3786 2733 3859 ἀληθινῆς
2764 3788 3003 3859 τροφῆς,
3033 3788 3109 3853 ὡς
3155 3786 3316 3852 αὐτὸς
3361 3790 3677 3861 ἡτοίμασας.

2120 3878 2215 3931 καὶ
2237 3878 2334 3932 οὐκ
2348 3878 2519 3943 ἄλλως
2536 3879 2596 3949 (f.
2615 3879 2811 3944 ἄλλοςἰ·
2838 3882 2955 3935 ἀντὶ
2970 3881 3082 3945 τοῦ,
3102 3882 3574 3953 προνοητικὼτατα
3587 3883 3678 3935 καὶ

2121 3967 2454 4040 θεοπρεπῶς.
2479 3969 2597 4040 Θεῷ
2623 3974 2729 4041 γὰρ
2755 3970 2952 4041 πρέπει
2977 3970 3197 4024 τοιαῦτα
3224 3970 3530 4041 ἑτοιμάζειν
3554 4014 3568 4033 ,
3599 3967 3672 4025 ὧν

2118 4058 2168 4111 οἳ
2205 4059 2702 4131 μεταλαμϐάνονται
2735 4063 2814 4124 εἰς
2834 4060 2986 4126 ἀξίαν
3007 4063 3141 4116 Θεοῦ
3156 4062 3242 4115 διά
3270 4065 3365 4134 τῆς
3398 4065 3678 4134 μετανοίας

2120 4146 2513 4205 ἀναϐαίνουσιν.

982 4446 1167 4499 Adhuc
1193 4448 1470 4501 inversum
1503 4460 1815 4517 sequentem,
1846 4457 2118 4521 praemissa
2143 4475 2325 4512 rursus
2359 4456 2667 4516 Theodoreti
2690 4465 2965 4528 sententia,
2992 4482 3041 4520 υ.
3070 4465 3157 4519 ii.

529 4538 812 4592 Athanasii
832 4545 880 4590 et
906 4536 1136 4593 Eusebii.
1165 4539 1352 4593 Altiori
1383 4556 1509 4595 vero
1526 4545 2012 4612 contemplatione:

2202 4551 2545 4606 Ἃθιινασίου
2569 4552 2667 4607 καί
2698 4556 3006 4610 Εὑσεϐίου.
3036 4556 3392 4628 Θεωρητικῶς
3540 4554 3679 4611 Ἐπί·

458 4626 671 4684 Morare
700 4629 898 4691 adhuc,
944 4630 1138 4699 inquit,
1166 4645 1200 4681 o
1243 4632 1487 4694 Domine,
1538 4648 1600 4686 ac
1639 4634 1753 4703 riga
1790 4637 2016 4705 profun-

454 4717 653 4774 ditates
685 4719 929 4775 cordium
971 4720 1331 4775 humanorum
1386 4729 1443 4774 ut
1477 4723 1677 4785 sulcos,
1713 4734 1767 4779 et
1811 4726 2018 4781 inebria

454 4826 550 4865 eas
583 4827 647 4866 ac
680 4812 844 4867 redde
884 4811 1109 4877 fertiles,
1144 4823 1203 4867 ut
1232 4814 1655 4883 multiplicemur
1688 4816 1894 4873 fructus
1928 4819 2019 4889 ju-

456 4902 616 4956 stitia
641 4903 922 4972 ipsorum;
963 4920 1072 4958 non
1106 4905 1280 4959 solum
1317 4922 1411 4974 per
1463 4907 1684 4962 ﬂuvium
1731 4910 1750 4978 (
1783 4910 1885 4964 hoc
1936 4920 2019 4966 est

454 5006 552 5062 per
578 4994 801 5062 gratiam
829 4996 1002 5049 sancti
1034 4991 1312 5067 Spiritus),
1346 4998 1439 5053 sed
1484 5009 1536 5053 et
1574 5014 1669 5069 per
1722 5001 1894 5071 stillas
1927 5017 2016 5056 ro-

455 5092 638 5139 rantes
655 5086 994 5156 amagistris,
1016 5095 1273 5156 tanquam
1302 5103 1368 5142 ex
1396 5089 1631 5146 nubibus
1654 5093 2010 5162 quihusdam:

458 5173 565 5231 hoc
620 5186 704 5232 est
762 5193 858 5247 per
926 5179 1173 5234 notitiam
1220 5190 1273 5233 et
1326 5181 1656 5237 intellectum
1709 5186 2018 5240 divinarum

461 5261 886 5336 Scripturarum.
968 5305 974 5312 -

2124 4659 2325 4713 μεινον,
2356 4646 2507 4714 φησι,
2535 4645 2794 4710 Δέσποτα,
2829 4645 2899 4698 τὰ
2922 4645 3056 4717 βάθη
3082 4648 3180 4716 τῆς
3205 4647 3427 4717 καρδίας
3453 4647 3563 4700 τῶν
3588 4648 3678 4700 ἀν-

2123 4732 2352 4805 θρώπων
2381 4733 2630 4806 καθάπερ
2664 4735 2814 4799 τινὰς
2846 4735 3090 4800 αὔλακας
3117 4737 3314 4808 ἄρδων,
3369 4738 3462 4790 καὶ
3512 4737 3675 4808 μεθὺ-

2126 4842 2291 4891 σκων,
2319 4828 2414 4879 καὶ
2438 4828 2516 4890 εἰς
2539 4829 2902 4900 καρπογονίαν
2933 4829 3240 4900 διεγείρων·
3272 4829 3414 4883 ὥστε
3447 4830 3678 4900 πληθυν·

2125 4916 2283 4986 θῆναι
2320 4918 2388 4970 τὰ
2414 4921 2725 4990 γεννήματα
2755 4920 2853 4991 τῆς
2879 4920 3221 4992 δικαιοσύνης
3253 4921 3460 4983 αὐτῶν,
3492 4922 3553 4974 οὐ
3583 4922 3675 4991 μό·-

2122 5025 2210 5061 νον
2257 5008 2343 5062 διὰ
2385 5009 2478 5064 τοῦ
2515 5011 2754 5082 ποταμοῦ
2784 5012 3058 5083 (τουτέστι
3108 5012 3208 5081 τῆς
3244 5011 3337 5065 τοῦ
3367 5012 3679 5081 Πνεύματος

2119 5101 2381 5171 χάριτος),
2432 5103 2566 5157 ἀλλά
2592 5106 2684 5156 καὶ
2722 5104 2808 5157 διὰ
2838 5105 2944 5157 τῶν
2973 5103 3574 5175 φερομένων-ψεκάδων,
3607 5103 3676 5164 ὡς

2120 5192 2269 5262 παρά
2290 5210 2449 5245 τινων
2476 5194 2710 5262 νεφελῶν
2756 5195 2862 5246 τῶν
2899 5193 3230 5248 διδασκάλων
3252 5235 3267 5259 ,
3305 5194 3549 5247 τουτέστι
3594 5192 3678 5244 διά

2117 5281 2224 5335 τῶν
2248 5284 2529 5352 νοημάτων
2556 5284 2661 5337 τῶν
2689 5284 2846 5338 θείων
2878 5286 3123 5356 Γραφῶν.

1629 5387 1693 5441 Et
1717 5389 1771 5442 in
1802 5391 2039 5459 proxime
2072 5406 2329 5448 annexum
2357 5415 2405 5452 ι’.
2440 5397 2519 5452 12.

531 5468 870 5533 Athanasius.
925 5477 1081 5545 Quod
1121 5480 1283 5551 igitur
1335 5478 1401 5536 ad
1454 5481 1741 5536 verborum
1794 5499 2014 5537 sensum

456 5560 670 5630 attinet,
718 5582 918 5624 annum
954 5573 1298 5643 benignitatis
1330 5575 1672 5630 benedictum
1729 5576 2018 5645 appellavit

531 5671 572 5702 “
596 5673 755 5730 Mich.
792 5696 844 5745 ν,
883 5682 939 5740 2,
1014 5683 1230 5738 “Joan.
1254 5703 1290 5749 ι,
1332 5687 1413 5742 Li.
1492 5687 1533 5717 ³³
1562 5685 1715 5740 Joan.
1750 5703 1821 5754 vr,
1848 5688 1935 5741 '55.

2205 5488 2569 5556 Ἀθανάσιος.
2622 5491 2779 5546 Κατὰ
2827 5492 2923 5563 μὲν
2960 5488 3051 5548 οὖν
3104 5492 3164 5548 τὸ
3220 5494 3401 5567 ῥητὸν,
3436 5489 3674 5549 ἐνιαυτὸν

2123 5578 2484 5651 χρηστότητος
2511 5579 2892 5652 εὐλογοῦμενον
2916 5585 3004 5638 τὸν
3030 5586 3127 5656 τῆς
3174 5585 3423 5657 εὐθηνίας
3463 5586 3674 5657 ὠνόμακ-
