3946 6222
333 306 444 363 581

1334 301 1752 358 FRAGMENTA
1789 301 2146 358 COMMENT.
2190 301 2258 354 IN
2297 298 2636 356 PSALMOS.

3484 300 3591 356 582

341 439 462 484 σιν,
495 423 569 485 ὡς
605 424 671 492 τῇ
704 421 797 474 τοῦ
841 419 974 474 Θεοῦ
1012 420 1334 490 χρηστότητι
1371 421 1469 491 τὴν
1506 422 1792 492 εὐετηρίαν
1841 421 1924 474 δε-

2030 436 2146 475 eum
2175 419 2268 489 qui
2297 433 2586 489 prosperos
2623 431 2908 473 successus
2947 417 3156 482 habuit,
3186 426 3247 472 ut
3291 417 3382 486 qui
3413 433 3442 471 a
3497 418 3590 471 Dei

346 511 594 584 χὸμενον,
621 513 718 564 καὶ
743 512 987 580 εὐλογίας
1019 511 1104 564 διὰ
1131 512 1226 581 τῆς
1249 511 1498 582 εὐθηνίας
1526 511 1915 584 πληρούμενονο

348 605 490 674 πρὸς
521 603 577 654 δὲ
605 603 754 657 νοῦν.
797 603 1078 672 Sequentia
1102 603 1292 671 Cyrilli
1317 613 1456 657 sunt.
1495 603 1560 656 Et
1591 606 1746 670 paulo
1781 615 1917 674 post,

351 693 734 762 Θεοδωρήτου
775 695 872 747 καὶ
909 695 1280 749 Ἀθανασίου.
1314 695 1412 764 Είη
1450 696 1493 747 δ’
1528 695 1591 748 ἂν
1619 697 1712 749 καὶ
1743 699 1771 748 ὁ
1793 697 1920 766 μέλε⁸

352 787 461 840 λων
509 787 642 841 αἰὼν
682 789 942 856 στέφανος
995 789 1380 860 χρηστότητος,
1423 788 1510 842 διὰ
1571 789 1720 843 τὸέν
1755 791 1919 863 πολλῇ

347 880 682 951 ,χρηστότητι
709 882 833 942 τοὺς
857 879 1040 950 ἁγίους
1069 882 1126 934 ἐν
1146 880 1293 950 αὐτῷ
1325 881 1734 949 στεφανοῦσθαι.

2021 513 2350 580 benignitate
2378 510 2714 565 commodam
2752 511 2893 564 acris
2925 510 3236 578 temperiem
3267 510 3492 578 accepit,
3526 524 3591 563 ac

2022 608 2169 660 omni
2187 606 2552 660 benedictione
2563 613 2775 674 propter
2792 617 3100 672 prosperam
3119 619 3296 657 rerum
3314 602 3382 657 io;
3401 613 3589 656 tunam

2024 699 2126 753 fuit
2155 699 2422 768 impletus.
2449 697 2514 750 Et
2535 697 2693 766 paulo
2718 705 2851 764 post,
2881 695 3190 750 Theodoreti
3214 704 3262 748 et
3286 694 3583 747 Athanasii.

1985 840 1989 844 .
2024 791 2210 846 Fuerit
2241 807 2367 846 vero
2407 807 2608 847 corona
2640 792 2982 862 benignitatis
3022 791 3183 845 etiam
3215 789 3455 843 futurum
3487 803 3589 842 san-

2022 884 2229 945 culum,
2269 897 2333 937 eo
2362 883 2505 952 quod
2537 883 2588 936 in
2619 897 2686 937 eo
2706 899 2899 953 magna
2933 883 3264 952 benignitate
3301 882 3472 936 sancti
3504 895 3585 934 co-

2024 972 2249 1025 ronandi
2281 972 2407 1025 sint.

354 1102 488 1157 Item
514 1104 567 1156 in
604 1102 701 1156 illa
725 1119 744 1156 :
776 1123 794 1155 ι
821 1100 882 1156 Et
909 1105 1079 1173 campi
1104 1104 1182 1157 tui
1205 1105 1598 1172 complebantur
1625 1105 1954 1176 pinguedine.
1981 1126 2001 1159 ›
2037 1107 2326 1163 Prwmissa
2361 1106 2669 1164 Theodoreti
2695 1109 2916 1164 litterati
2944 1109 3290 1176 explicatione
3328 1107 3587 1194 subtexit.

434 1219 814 1272 Ἀθανασίου.
863 1219 1004 1290 Πρὸς
1064 1220 1120 1272 δὲ
1169 1220 1292 1272 νοῦν
1351 1219 1552 1282 πεδίοις
1592 1221 1684 1271 καὶ
1741 1219 1926 1288 γαίαις

335 1310 678 1380 ’παρεικάζει
706 1311 804 1373 τὰς
857 1311 967 1363 τῶν
1017 1313 1376 1365 πιστευόντων
1426 1311 1620 1381 ψυχάς.
1676 1312 1771 1374 “Ag
1812 1315 1924 1375 τοῖς

349 1401 518 1466 θείοις
552 1405 645 1456 καὶ
675 1407 1059 1474 πνευματικοῖς
1080 1405 1379 1474 χαρίσμασι
1407 1405 1748 1456 καταπιαίνει
1770 1403 1919 1468 Θεὸς,

341 1493 438 1547 ἵνα
456 1495 716 1550 δύνωνται
740 1497 923 1566 φέρειν
951 1497 1074 1559 τοὺς
1108 1497 1204 1568 τῆς
1243 1495 1522 1560 εὐσεϐείας
1545 1495 1808 1566 καρπούς.

2028 1225 2064 1278 κ
2101 1221 2400 1276 Athanasii.
2430 1221 2601 1277 Sensu
2633 1238 2760 1278 vero
2803 1223 3068 1292 spirituali
3103 1231 3382 1292 comparat
3422 1220 3587 1274 David

2029 1315 2239 1368 animas
2271 1315 2600 1369 credentium
2631 1317 2836 1384 campis
2861 1324 2913 1368 et
2936 1317 3097 1386 agris.
3127 1315 3272 1379 Quas
3305 1314 3447 1367 Deus
3479 1314 3588 1382 spi-

2026 1403 2319 1459 ritualibus
2353 1417 2403 1459 et
2443 1407 2641 1459 divinis
2675 1407 2829 1459 donis
2865 1407 2934 1460 ita
2966 1403 3314 1475 piugueiacit,
3353 1413 3414 1458 ut
3459 1419 3587 1474 pro-

2023 1494 2165 1550 Terre
2193 1497 2400 1566 possint
2441 1497 2658 1566 pietatis
2689 1498 2918 1550 i‘ructus.

1154 1632 1220 1686 Et
1251 1635 1304 1686 in
1325 1632 1476 1687 verba
1499 1648 1518 1686 :
1553 1651 1572 1684 ‹
1613 1631 1956 1702 Pinguescant
1985 1636 2218 1700 speciosa
2246 1634 2459 1698 deserti,
2501 1651 2520 1685 )
2554 1642 2683 1697 etc.,
2718 1648 2768 1687 υ.
2800 1633 2886 1685 15.

421 1751 533 1824 (97)
569 1752 947 1806 Ἀθανασίου.
981 1750 1124 1822 Πρὸς
1152 1750 1207 1802 δὲ
1236 1749 1356 1803 νοῦν
1383 1750 1556 1821 ὡραῖα
1582 1751 1704 1815 τοὺς
1737 1753 1922 1817 ἁγίους

2096 1751 2394 1804 Athanasii.
2448 1750 2754 1804 Secundum
2803 1766 2933 1804 vero
2988 1749 3416 1818 intelligentiam,
3467 1765 3592 1820 spe-

347 1845 684 1906 ἀποστόλους
717 1843 810 1895 καὶ
871 1841 1263 1910 εὐαγγελιστάς
1306 1859 1458 1911 φησι,
1482 1845 1607 1905 τοὺς
1637 1845 1921 1912 εὐτραφεῖς

349 1937 746 2007 γεγενημένους
765 1937 876 1997 τοῖς
903 1937 1290 2003 πνευματικοῖς
1310 1934 1639 2004 χαρίσμασιν
1657 1936 1745 1986 .“Ἐ
1755 1951 1817 2006 ρη
1827 1951 1922 2005 μον

348 2029 406 2081 δὲ
431 2031 531 2098 τὴν
562 2025 883 2095 Ἐκκλησίαν
914 2025 1194 2090 ἀποκαλεῖ,
1217 2025 1314 2096 τὴν
1336 2025 1500 2078 παλαι
1525 2024 1728 2097 ἔρημον
1759 2021 1923 2078 οὖσαν

349 2119 448 2188 τῆς
483 2117 612 2188 περὶ
642 2115 777 2169 Θεοῦ
810 2115 1084 2185 γνώσεως.

2027 1843 2176 1898 ciosa
2220 1844 2293 1895 ait
2333 1843 2481 1910 ipsos
2531 1851 2750 1894 sanctos
2791 1840 3066 1910 apostolos
3110 1850 3163 1893 et
3205 1841 3586 1908 evangelistas,

2029 1935 2121 2004 qui
2165 1934 2301 1988 bene
2335 1933 2562 2000 saginati
2609 1932 2823 1985 fuerant
2867 1931 3240 2000 spiritualibus
3270 1932 3444 1984 donis.
3484 1931 3588 1983 De.

2031 2036 2233 2080 sertum
2271 2036 2449 2079 autem
2484 2034 2641 2078 vocat
2670 2023 2986 2088 Bcclcsiam,
3017 2025 3163 2094 quod
3213 2022 3342 2077 olim
3375 2024 3587 2078 deserta

2030 2132 2096 2172 ac
2130 2134 2298 2172 vacua
2328 2130 2470 2172 esset
2493 2118 2801 2186 cognitione
2827 2114 2942 2171 Dei.

925 2254 997 2310 Et
1027 2257 1078 2309 in
1104 2255 1254 2310 verba
1291 2255 1578 2325 sequentia,
1609 2270 1656 2309 ιι.
1685 2254 1738 2307 ’5.
1772 2250 2080 2306 Theodoreti
2127 2252 2468 2322 explicationi
2507 2253 2859 2321 subjiciuntur
2895 2253 3025 2309 hwc.

406 2373 785 2437 Ἅθανασίου,
805 2372 1137 2440 Κυρίλλου.
1157 2373 1298 2442 Πρὸς
1314 2371 1369 2424 δὲ
1386 2369 1528 2423 νοῦν·
1545 2370 1656 2439 Τῆς
1675 2369 1768 2423 τοῦ
1784 2367 1916 2421 Θεοῦ

339 2465 621 2536 φανείσης
650 2464 1090 2535 χρηστότητος,ἠ
1126 2464 1290 2516 πάλαι
1333 2462 1537 2534 ἕρημος
1569 2461 1920 2532 καρποφορή-

337 2571 456 2621 ’σει,
481 2559 578 2610 καὶ
594 2559 643 2609 οἱ
685 2556 881 2624 βουνοὶ,
916 2557 962 2607 οί
1001 2558 1120 2617 ταῖς
1148 2554 1448 2616 είδωλικαῖς
1479 2553 1688 2615 θυσίαις
1720 2551 1921 2621 μιαινό-

353 2665 526 2719 μενοι,
557 2647 686 2708 τοὺς
712 2646 803 2698 τὸν
835 2645 1121 2714 ἀγγελικὺν
1168 2643 1520 2716 αἱρουμένους
1552 2644 1662 2713 βίον
1697 2642 1922 2712 δεξάμε-

348 2756 451 2803 νοι,
475 2737 960 2809 εὐφρανθήσονται.
994 2738 1062 2788 Ἢ
1094 2737 1298 2807 βουνοῖς
1330 2736 1610 2800 ἀπεικάζει
1637 2737 1761 2798 τούς
1783 2734 1922 2787 κατὰ

333 2833 580 2903 -καιροὺς
602 2831 709 2884 τῶν
729 2831 897 2898 ἁγίων
929 2829 1259 2900 Ἑκκλησιῶν
1287 2829 1637 2900 ἡγουμένους,
1662 2829 1755 2880 καὶ
1780 2826 1923 2878 λαῶν

2061 2367 2402 2430 'Athanasii,
2457 2365 2666 2435 Cyritli.
2719 2367 2799 2420 Ad
2840 2367 3167 2421 intellectum
3205 2382 3373 2423 vero:
3407 2370 3588 2439 Appa-

2025 2472 2178 2515 rente
2220 2462 2310 2514 Dei
2361 2461 2688 2531 benignitate
2717 2499 2732 2523 ,
2779 2475 2898 2529 qua:
2949 2460 3076 2513 olim
3125 2461 3337 2514 deserta
3393 2461 3587 2528 fuerat,

2028 2557 2262 2610 fructum
2296 2550 2451 2614 feret,
2485 2561 2538 2605 et
2567 2550 2733 2605 colles
2773 2550 3037 2603 idolorum
3066 2549 3349 2603 sacrificiis
3376 2553 3588 2620 pollut.,

2028 2648 2381 2716 suscipientes
2425 2659 2520 2699 eos
2559 2643 2652 2712 qui
2699 2643 2996 2713 angelicam
3038 2643 3206 2696 vitam
3267 2655 3542 2700 sectantur
3569 2689 3584 2708 ,

2027 2739 2395 2795 exsultabunt.
2437 2735 2533 2790 Vel
2581 2745 2726 2790 certe
2770 2735 3002 2790 collibus
3049 2737 3315 2792 assimilat
3346 2755 3460 2802 eos,
3493 2741 3586 2808 qui

2029 2831 2312 2901 quibusvis
2334 2829 2666 2897 temporibus
2687 2837 2998 2883 sanctarum
3026 2826 3391 2883 Ecclesiarum
3422 2831 3589 2886 ducrs

353 2925 784 2998 προεστηκότας,
805 2924 922 2993 ἦτοι
942 2923 1204 2993 ποιμένας
1230 2922 1699 2984 καὶδιδασκάὶους.
1721 2920 1891 2971 ’Ὠσπε
1900 2936 1928 2989 ρ

2033 2931 2191 2985 sunt,
2245 2935 2309 2974 ac
2359 2920 2680 2990 pupulorum
2732 2918 3031 2988 praesides,
3089 2919 3201 2974 sive
3239 2931 3486 2989 pastores
3538 2935 3593 2978 rt

353 3015 460 3085 γὰρ
492 3014 593 3082 τῆς
619 3012 784 3082 ἄλλης
809 3013 1026 3082 ἀπάσης
1054 3013 1158 3081 γῆς
1182 3011 1575 3083 ὑπερανέχουσι
1604 3011 1672 3063 τὰ
1703 3010 1803 3081 ὅρη
1834 3010 1927 3062 καὶ

355 3107 402 3158 οἱ
430 3105 641 3175 βουνοί·
677 3105 767 3157 τὸν
788 3105 945 3158 αὐτὸν
976 3104 1177 3175 τρόπον
1201 3104 1293 3156 καὶ
1319 3105 1350 3174 ἡ
1376 3103 1484 3155 τῶν
1522 3103 1690 3171 ἁγίων
1719 3119 1922 3173 μυστα-

356 3196 551 3264 γωγῶν
580 3195 704 3259 ἀξία
732 3195 1038 3266 ὑψηλοτέρα
1082 3195 1187 3247 τῶν
1239 3194 1410 3249 ἄλλων
1437 3195 1603 3246 ἐστίν.
1634 3187 1789 3246 Οὗτοι
1832 3194 1925 3246 καὶ

357 3287 680 3356 ἀγαλλίασιν
702 3287 1145 3358 περιζώννυνται,
1167 3286 1410 3341 τουτέστι
1441 3287 1536 3357 τὴν
1564 3284 1656 3338 τοῦ
1686 3285 1814 3338 πνεύ
1825 3303 1926 3357 μα-

357 3395 446 3442 τος
483 3379 842 3450 παράκλησιν.

2031 3014 2296 3068 doctores.
2346 3010 2811 3076 Quemadmodum
2866 3010 3010 3063 enim
3066 3023 3276 3065 montes
3327 3022 3380 3066 et
3425 3013 3591 3066 colles

2030 3112 2252 3158 caeteras
2276 3115 2463 3155 oumes
2493 3109 2647 3153 terrae
2668 3108 2848 3168 partes
2877 3098 3161 3153 altitudine
3181 3099 3470 3167 excedunt,
3517 3102 3590 3156 ita

2029 3196 2191 3250 etiam
2255 3194 2412 3246 altior
2476 3201 2559 3247 est
2618 3191 2850 3262 dignitas
2911 3201 3223 3246 sanctorum
3263 3192 3589 3256 doctorum,

2031 3300 2196 3354 quam
2244 3284 2474 3336 aliorum
2521 3282 2820 3335 hominum.
2869 3281 2936 3335 Et
2973 3281 3026 3334 hi
3081 3284 3438 3338 exsultatione
3484 3285 3592 3339 cir-

2030 3374 2466 3443 cumcinguntur,
2504 3371 2607 3426 hoc
2633 3382 2714 3426 est
2737 3371 3107 3427 consolatione
3130 3374 3373 3442 spiritus.

1083 3515 1311 3570 Rursum
1343 3517 1398 3569 in
1430 3516 1582 3570 verba
1609 3517 1710 3570 ista
1730 3531 1748 3568 :
1793 3533 1812 3566 ι
1850 3523 1920 3567 ιιι
1948 3512 2108 3568 valles
2142 3510 2480 3566 abundabunt
2507 3512 2790 3581 frumento.
2822 3531 2840 3564 ι

431 3633 762 3700 Γρηγορίου
816 3634 1106 3700 Θεολόγου
1153 3634 1250 3688 καὶ
1287 3635 1662 3690 Ἀθανασίου.
1723 3638 1786 3688 Αἱ
1825 3634 1922 3704 μὲν

361 3726 458 3793 τῆς
491 3726 594 3794 γῆς
622 3725 710 3778 τὸν
741 3726 992 3794 αἰσθητὸν
1026 3727 1120 3778 καὶ
1175 3728 1466 3798 ἐφήμερον·
1499 3731 1554 3781 αἱ
1590 3729 1645 3780 δὲ
1683 3730 1788 3781 τῶν
1820 3713 1924 3798 ψυέ

365 3819 472 3889 χῶν
497 3815 603 3868 τῶν
637 3815 816 3877 καλῶς
863 3817 940 3886 τῷ
978 3817 1138 3887 -λὸγῳ
1165 3819 1585 3888 γεωργουμένων
1634 3819 1723 3871 τὸν
1771 3837 1930 3872 πνευ-

369 3907 592 3977 ματικὸν
620 3909 714 3959 καὶ
742 3906 975 3962 αἰώνιον.
1011 3909 1074 3960 Αἱ
1124 3909 1231 3979 γὰρ
1274 3909 1460 3972 πάλαι,
1497 3911 1677 3979 φησὶν,
1711 3910 1928 3980 ἀπορώ-

359 4013 519 4050 ταται
550 3998 643 4050 καὶ
675 3998 855 4064 ἄγονοι
879 3997 985 4051 τῶν
1012 3997 1177 4051 ἐθνῶν
1201 3998 1371 4070 ψυχαὶ
1421 4000 1771 4070 πνευματικῷ
1796 4018 1932 4073 καρ-

366 4089 451 4158 πῷ
486 4089 696 4141 ἔσονται
723 4089 963 4160 πλήρεις.

2103 3631 2340 3702 Gregorii
2372 3629 2638 3699 Theologi,
2665 3641 2712 3683 et
2752 3629 3054 3684 Athanasii.
3099 3627 3405 3682 Terrestres
3433 3627 3595 3680 nimi-

1973 3749 1987 3764 ο
2031 3741 2151 3778 rum
2187 3725 2373 3786 valles,
2410 3723 2666 3777 sensibile
2701 3722 3043 3789 diariumque
3095 3720 3422 3773 frumentum
3476 3719 3595 3774 fun-

2033 3818 2197 3881 dent;
2231 3817 2426 3869 auimaa
2455 3830 2580 3868 vero
2612 3829 2798 3866 eorum
2834 3815 2926 3881 qui
2962 3813 3219 3882 przcclare
3255 3813 3420 3866 verbo
3461 3813 3592 3866 culti

2035 3915 2180 3966 sunt.
2229 3906 2510 3974 spirituale
2543 3906 2673 3959 illud
2707 3915 2869 3974 atque
2901 3914 3182 3959 aeternum.
3235 3903 3590 3958 Ethnicorum

2006 4001 2179 4054 enim
2217 4001 2433 4067 animae,
2470 4001 2663 4068 inquit,
2712 4015 2831 4069 qua
2861 4000 2986 4052 olim
3038 3999 3397 4070 egentissima:
3436 4009 3593 4054 erant

2028 4103 2188 4160 atque
2217 4089 2538 4154 infecundae,
2569 4089 2746 4144 fructu
2781 4089 3046 4158 spirituali
3076 4089 3445 4142 abundabunt.

1306 4225 1372 4278 Et
1401 4227 1452 4278 in
1483 4225 1636 4280 verba
1660 4226 1870 4291 ultima,
1907 4224 2222 4278 Theorinreto
2255 4223 2611 4294 subjungitur.

449 4335 823 4404 ’Aoardo'toc.
892 4337 1102 4401 Ἀπλῶς
1141 4338 1245 4405 δὲοἶ
1283 4339 1574 4401 Ἅπαντες,
1639 4339 1822 4409 φησιν,
1878 4339 1925 4390 οἱ
1961 4340 2003 4394 Ι)
2100 4336 2444 4390 Athanasius.
2504 4335 2830 4406 Simpliciter
2880 4353 3010 4394 vero
3054 4337 3338 4402 :Omnes,
3393 4337 3592 4409 inquit,

364 4429 755 4500 προλεχθέντες
804 4431 898 4483 σὺν
953 4430 1104 4501 πάσῃ
1139 4430 1411 4503 προθυμίᾳ
1452 4431 1541 4485 τὸν
1583 4431 1710 4484 Θεὸν
1753 4433 1927 4500 ἀνυμ-

363 4526 609 4595 νήσουσι,
641 4526 738 4597 τὴν
790 4524 1045 4596 τοιαύτην
1075 4525 1372 4597 μεταϐολὴν
1401 4528 1464 4596 τῇ
1493 4525 1599 4578 τῶν
1629 4525 1929 4597 ἀνθρώπων

353 4614 748 4686 δωρησάμενον
780 4616 962 4685 φύσει.

2034 4431 2273 4499 praedicti
2328 4445 2451 4484 cum
2504 4431 2653 4484 omni
2726 4431 3001 4486 alacritate
3055 4433 3349 4487 laudabunt
3403 4433 3590 4496 Deum,

2032 4522 2126 4590 qui
2181 4523 2340 4576 talem
2394 4521 2848 4590 permutationem
2914 4534 3120 4578 naturae
3178 4525 3461 4579 hominum
3492 4526 3594 4581 do-

2027 4615 2193 4669 navit.

897 4756 959 4811 In
985 4758 1174 4828 psalmi
1199 4774 1300 4812 va
1335 4775 1536 4812 versum
1571 4759 1820 4828 primum,
1847 4767 1960 4826 post
1990 4757 2295 4812 Theodoreti
2347 4759 2749 4828 explicationem
2796 4761 3047 4830 sequitur.

465 4872 836 4927 Ἆθανασιόυ.
893 4870 1024 4945 (98)
1080 4875 1235 4928 Κατὰ
1283 4874 1338 4926 δὲ
1405 4873 1635 4945 θεωρίαν
1663 4916 1677 4938 ,
1727 4875 1930 4928 ἀλαλα-

365 4965 505 5033 γμός
554 4966 703 5018 ἐστιν
769 4965 1031 5029 ἐπινίκιος
1080 4966 1244 5036 ὕμνος
1300 4967 1388 5020 ἐπὶ
1452 4967 1664 5037 ἐχθροῖς
1711 4985 1929 5020 πεπτω-

368 5057 516 5108 κόσιν
555 5056 832 5127 ᾀδόμενος.
884 5057 967 5120 Ὡς
1011 5054 1101 5110 οῦν
1138 5059 1490 5129 ἀνῃρημένων
1518 5059 1623 5112 τῶν
1657 5060 1933 5130 ἀρχόντων

366 5145 457 5198 τοῦ
518 5146 712 5210 αἰῶνος
773 5146 960 5200 τούτου
1019 5147 1106 5200 διὰ
1155 5151 1253 5218 τῆς
1303 5148 1535 5220 Χριστοῦ
1595 5151 1930 5220 παρουσίας,

369 5239 542 5291 πάντα
569 5237 640 5290 τὰ
692 5237 820 5306 ἔθνη
843 5240 968 5301 τοὺς
1013 5240 1308 5302 ἐπινικίους
1357 5239 1556 5311 ῦμνους
1587 5241 1931 5311 ἀναπέμπειν

369 5329 800 5400 παρακελεύεται
846 5330 923 5400 τῷ
978 5331 1077 5400 τῆς
1129 5331 1282 5401 νίκης
1342 5333 1495 5404 αἰτίῳ
1547 5331 1665 5402 Θεῷ
1710 5334 1803 5386 καὶ
1852 5331 1930 5402 τῷ

365 5419 588 5492 ὀνόματι
633 5421 824 5486 αὐτοῦ,
870 5423 1110 5476 τουτέστι
1168 5423 1245 5492 τῷ
1302 5423 1434 5494 Υἰῷ.

432 5593 709 5667 (θηητεε
739 5584 1117 5667 ειιῤοίιιεέιιο
1153 5600 1274 5654 loco
1302 5599 1590 5655 habentur.

2039 4906 2041 4909 -
2106 4873 2405 4928 Athanasii.
2447 4876 2515 4928 Αἰ
2541 4875 2837 4930 secundum
2874 4875 3118 4930 altiorem
3149 4874 3589 4946 intelligentiam:

2032 4965 2285 5034 jubilatio
2315 4977 2397 5020 est
2436 4966 2694 5037 hymnus,
2740 4967 2831 5035 qui
2865 4976 3118 5021 cantatur
3148 4977 3365 5036 propter
3410 4967 3594 5022 hostes

2037 5058 2296 5112 devictos.
2349 5057 2486 5123 Quia
2541 5058 2704 5128 igitur
2738 5059 3008 5127 principes
3060 5060 3242 5113 saeculi
3291 5059 3450 5126 hujus
3500 5073 3595 5126 per

2037 5149 2239 5204 Christi
2283 5152 2618 5219 praesentiam
2693 5151 2890 5206 sublati
2959 5160 3085 5206 sunt
3131 5168 3144 5204 :
3192 5150 3388 5203 idcirco
3441 5148 3598 5216 jubet

2039 5255 2229 5295 omnes
2260 5251 2465 5310 gentes,
2496 5251 2555 5295 ut
2583 5241 2770 5296 laudes
2811 5241 3161 5310 triumphales
3191 5239 3299 5292 Deo
3343 5237 3593 5305 oﬂ'eraut,

2043 5341 2100 5385 ut
2141 5332 2231 5400 qui
2265 5347 2429 5386 causa
2469 5331 2632 5386 fuerit
2664 5331 2898 5387 victoria:
2927 5349 2942 5397 ;
2977 5341 3031 5384 et
3064 5329 3266 5383 nomini
3301 5329 3418 5399 ejus
3443 5367 3458 5391 ,
3493 5330 3597 5384 hoc

2044 5433 2125 5479 est
2146 5422 2302 5479 Filio.
2352 5417 2482 5478 Nam
2509 5424 2960 5496 quemadmodum
2983 5436 3082 5475 nos
3098 5435 3163 5474 ex
3189 5420 3404 5475 nomine
3425 5421 3598 5491 ipsius

426 5665 540 5734 (98)
590 5668 717 5725 [late
750 5665 1017 5724 habentur
1060 5672 1307 5736 superius
1333 5686 1432 5727 suo
1481 5674 1618 5737 loco,
1653 5669 1742 5725 scd
1776 5670 2052 5736 pauciora.
