3946 6222
448 304 485 361 »ξ
493 307 561 362 85

1301 303 1359 359 S.
1399 302 1770 360 ATIIANASII
1809 300 1952 360 OPP.
2007 304 2185 363 PARS
2222 304 2313 363 Ill.
2353 332 2422 348 -~
2462 301 2876 365 EXECETICA.

3599 320 3695 380 581

456 426 880 496 cognoscimur,
931 426 1013 481 sic
1038 493 1055 497 Ν
1075 427 1428 498 cognoscitur
1473 427 1637 483 etiam
1704 426 1865 483 Pater
1931 444 2018 500 per

2139 430 2227 494 Ὠς
2257 430 2365 502 γὰρ
2391 432 2555 502 ἡμεῖς
2577 431 2663 484 διὰ
2695 431 2785 485 τοῦ
2813 432 3075 504 ὀνόματος
3115 434 3278 489 αὑτοῦ
3304 440 3695 512 γνωριζόμεθα,

451 518 678 577 Filium.

2132 521 2274 575 οὕτω
2297 523 2390 576 καὶ
2413 525 2441 576 ὁ
2468 524 2657 595 Πατὴρ
2687 524 2775 577 διὰ
2795 524 2889 578 τοῦ
2920 526 3069 583 Υίοῦ.

1004 652 1255 733 \Rursum
1284 678 1337 731 in
1362 688 1655 750 sequentem
1684 694 1887 734 verrunt
1914 678 1971 732 9..
2002 677 2262 733 Praecedit
2310 679 2559 734 similiter
2598 678 2951 739 Theodoretus
2978 684 3114 757 (99).

527 805 780 874 Cyrinus,
825 799 1170 853 Mnanasius.
1217 798 1287 853 At
1333 798 1421 853 hic
1464 798 1681 869 quidem
1730 797 2019 854 verborum

2170 797 2484 865 Κύριλλος,
2505 798 2874 865 Ἀθανάστος.
2891 801 2999 854 Καὶ
3015 800 3156 854 οὕτω
3174 798 3272 873 μὲν
3290 800 3421 875 πρὸς
3438 800 3692 878 ἱστορίαι·

446 915 647 956 sensus
695 905 780 952 est
829 894 1143 949 historicus.
1212 893 1282 946 At
1333 893 1630 947 secundum
1686 893 2018 963 spiritualem

2121 889 2256 961 πρὸς
2270 889 2327 943 δὲ
2341 891 2711 961 πνευματικὴν
2737 891 2962 964 ἐκληψιν
2990 893 3110 946 λίαν
3122 894 3403 969 φοϐερὰτὰ
3421 896 3556 968 ἔργα
3576 901 3675 969 Χρι

447 992 853 1061 acceptionem,
890 987 1045 1043 valde
1077 986 1366 1041 metuenda
1401 996 1529 1044 sunt
1574 986 1779 1041 Christi
1832 1000 2018 1056 opera,

448 1085 567 1141 sive
598 1082 781 1137 divina
813 1080 932 1151 ejus
960 1078 1247 1142 miracula,
1282 1092 1336 1133 et
1363 1078 1511 1150 quod
1536 1076 1608 1133 de
1639 1078 1818 1133 medio
1846 1079 2015 1133 nostri

445 1174 670 1235 sustulit
736 1174 1077 1242 impurorum
1130 1171 1522 1227 daemoniorum
1584 1171 2010 1226 multitudinem.

445 1267 735 1324 Multitudo
765 1276 942 1321 autem
987 1274 1041 1321 et
1090 1264 1418 1320 abundantia
1450 1264 1724 1334 potentiae,
1771 1277 2017 1317 resurre-

443 1362 556 1419 ctio
586 1360 756 1430 ipsius
780 1369 864 1416 est
891 1374 906 1413 :
937 1374 1059 1431 qua}
1091 1359 1309 1429 quidem
1358 1358 1625 1414 subvertit
1663 1357 1830 1411 robur
1868 1372 2016 1411 mor-

448 1454 522 1512 tis
551 1472 566 1522 ;
594 1454 872 1510 revocavit
895 1470 1025 1509 vero
1068 1454 1134 1508 ad
1186 1453 1651 1523 incorruptionem
1704 1451 2011 1505 universam

446 1546 691 1603 hominis
724 1556 997 1602 naturam.
1031 1547 1167 1613 Quia
1197 1554 1375 1601 autem
1412 1544 1604 1611 Judaei,
1640 1559 1762 1599 cum
1800 1552 2013 1613 specta-

449 1647 600 1696 tores
643 1648 831 1696 essent
886 1640 1275 1695 miraculorum
1337 1635 1540 1695 Christi
1569 1675 1585 1702 ,
1633 1636 1727 1692 ubi
1794 1647 2012 1705 stupere

448 1730 755 1801 oportebat,
784 1729 886 1800 ipsi
915 1745 1105 1785 eorum
1139 1739 1416 1784 auctorem
1442 1728 1916 1784 calumniahantur
1949 1742 2012 1781 ac

2122 981 2271 1047 στοῦ,
2302 984 2475 1036 εῖτουν
2498 985 2552 1036 ai
2584 983 2918 1055 θεοσημεῖαι,
2942 986 3037 1039 καὶ
3065 987 3146 1051 τὸ,
3177 988 3423 1042 ἐκποδὼν
3448 990 3686 1059 γενέσθαι

2116 1074 2227 1126 τῶν
2251 1073 2573 1146 ἀκαθάρτων
2590 1074 2858 1146 δαιμόνων
2874 1076 2941 1129 τὰ
2962 1076 3163 1149 πλήθη.
3183 1078 3392 1150 Πλῆθος
3417 1080 3471 1133 δὲ
3488 1081 3582 1133 καὶ
3599 1097 3688 1133 m-

2124 1168 2334 1240 ριουσία
2360 1167 2641 1238 δυνάμεως
2668 1170 2700 1239 ή
2727 1169 3019 1234 ἀνάστασις
3041 1170 3227 1236 αὑτοῦ,
3245 1175 3686 1244 καταστρέφουσα

2123 1260 2220 1330 μὲν
2249 1258 2340 1312 τοῦ
2371 1257 2600 1313 θανάτου
2635 1259 2695 1313 τὸ
2726 1260 2945 1333 κράτος,
2989 1262 3205 1316 ἃπασαν
3236 1264 3290 1316 δὲ
3340 1265 3440 1336 τὴν
3484 1265 3685 1331 ἀνθρώ-

2120 1371 2230 1406 που
2249 1352 2409 1423 φύσιν
2454 1355 2535 1418 είς
2589 1354 2898 1426 ἀφθαρσίαν
2952 1356 3392 1421 άνακαινίζουσα.
3449 1359 3601 1411 Ἐπεὶ
3633 1359 3685 1413 δὲ

2132 1445 2392 1507 Ἰουδαῖοι,
2422 1443 2530 1496 τῶν
2549 1446 2784 1517 Χριστοῦ
2818 1445 3109 1517 θαυμάτων
3168 1448 3446 1519 γενόμενοι
3474 1447 3683 1522 θεωροὶ,

2118 1537 2236 1591 δέον
2260 1536 2675 1608 ἐκπλήττεσθαι,
2699 1537 2790 1591 τὸν
2818 1524 3180 1611 τερατουργὸν
3211 1540 3566 1604 ὲνδιέϐαλλον,
3598 1544 3680 1594 καὶ

2125 1630 2324 1685 πλάνον
2345 1630 2592 1693 ἐκάλουν,
2620 1630 2961 1701 ἐπιπλήττων
2994 1632 3022 1683 ὁ
3051 1630 3265 1700 ψάλλων
3295 1632 3445 1702 φησί·
3468 1633 3681 1685 Παύσα-

2121 1728 2233 1792 σθε,
2264 1728 2452 1781 εἴπατε
2481 1726 2539 1779 δὲ
2596 1723 2792 1796 μᾶλλον
2840 1723 3010 1795 αὐτῷ,
3059 1724 3139 1776 ὃτι
3189 1723 3397 1796 Φοϐερά
3432 1725 3503 1778 τὰ
3552 1725 3681 1798 ἔργα

440 1821 797 1893 impostorem
833 1822 1117 1887 vocabant,
1165 1822 1370 1878 idcirco
1405 1821 1703 1893 objurgans
1741 1835 1835 1876 eos
1866 1818 2012 1875 Psal-

2113 1835 2229 1876 σου.
2266 1815 2399 1873 Εἶτα
2427 1818 2548 1871 ἐπεὶ
2574 1814 2929 1879 ἀπειθοῦντας
2956 1815 3123 1889 ἐώρα,
3151 1817 3308 1886 ἀφεὶς
3331 1816 3393 1868 τὸ
3426 1817 3562 1888 πρὸς
3592 1819 3681 1871 αὑ-

440 1923 526 1970 tes
559 1915 637 1969 ait
665 1933 677 1969 :
707 1914 981 1980 Desistite,
1013 1932 1076 1972 ac
1109 1917 1288 1985 potius
1328 1916 1492 1972 dicite
1531 1916 1673 1985 ipsi:
1702 1913 2007 1970 Tremenda

439 2014 569 2061 sunt
595 2021 758 2077 opera
789 2016 901 2062 tua.
938 2007 1160 2075 Deinde,
1201 2010 1459 2079 quoniam
1509 2008 1732 2063 videbat
1772 2021 1868 2062 eos
1904 2005 2007 2062 sibi

437 2111 649 2153 morem
692 2114 800 2153 non
847 2114 1067 2170 gerere,
1121 2115 1317 2154 averso
1366 2100 1434 2154 ab
1473 2098 1608 2170 ipsis
1643 2113 1897 2154 sermone
1938 2097 2006 2152 ad

434 2187 716 2245 Christum
744 2190 1037 2247 calumniis
1070 2192 1376 2262 impetitum
1412 2206 1469 2247 se
1496 2192 1761 2246 convertit
1781 2192 2003 2247 dicens:

436 2280 604 2336 Multa
633 2290 715 2337 est
742 2284 982 2353 potentia
1027 2292 1140 2347 tua,
1178 2294 1664 2353 quantumcunque
1711 2283 1895 2338 hostes
1925 2281 2004 2337 tui

431 2373 501 2428 de
539 2382 590 2429 te
635 2375 844 2430 mentiti
886 2375 1022 2439 sint,
1074 2385 1266 2445 sponte
1312 2391 1411 2431 sua
1448 2376 1639 2430 oculos
1683 2375 2001 2431 claudentes

432 2467 501 2522 ad
548 2467 793 2523 divinum
842 2477 999 2523 tuum
1045 2469 1229 2524 lumen
1268 2469 1416 2540 quod
1464 2469 1668 2527 mundo
1713 2471 1999 2540 apparuit,

430 2559 568 2615 adeo
594 2569 655 2615 ut
690 2575 758 2615 ne
802 2561 1020 2630 quidem
1064 2562 1425 2632 praecellentia
1476 2562 1869 2617 miraculorum
1906 2577 2002 2617 eos
2038 2590 2047 2619 ,ο

429 2649 498 2705 ad
559 2650 921 2706 obedientiam
992 2668 1309 2724 permovere
1348 2653 1607 2724 potuerit.
1671 2651 1809 2707 Nam
1872 2668 1998 2709 eum

428 2741 695 2800 Dominus
750 2753 935 2800 noster
1001 2745 1346 2805 multitudine
1403 2746 1660 2815 potentia:
1720 2762 1874 2802 suam
1929 2765 1996 2804 ex

2115 1913 2239 1979 τοὺς
2266 1910 2627 1980 διαλέγεσθαι,
2662 1910 2739 1981 τῷ
2764 1909 3248 1982 συκοφαντουμένῳ
3275 1910 3496 1981 Χριστῷ
3518 1928 3680 1982 προσ-

2115 2006 2294 2077 ομιλεῖ
2325 2044 2340 2070 ,
2393 2005 2586 2072 λέγων·
2652 2002 2827 2073 Πολλή
2875 2019 2968 2056 σου
3024 2003 3057 2072 ἡ
3114 2001 3362 2072 δύναμις,
3420 2004 3469 2054 εί
3517 2004 3609 2056 καὶ
3632 2004 3679 2056 oi

2110 2097 2293 2169 ἐχθροί
2320 2113 2412 2149 σου
2434 2094 2727 2164 ἐψεύσαντό
2756 2111 2837 2158 σε,
2862 2093 3123 2157 ἑκουσίως
3155 2093 3289 2165 πρὸς
3324 2092 3384 2147 τὸ
3413 2095 3578 2162 φανὲν
3605 2095 3679 2165 τῷ

2110 2190 2300 2261 κόσμῳ
2327 2189 2467 2242 θεῖόν
2502 2204 2593 2241 σου
2629 2186 2744 2256 φῶς
2773 2185 3061 2258 μύσαντες,
3110 2187 3207 2239 καὶ
3248 2185 3381 2256 μηδὲ
3407 2184 3515 2238 τῶν
3551 2186 3678 2239 θαυ-

2109 2284 2297 2354 μάτων
2323 2283 2421 2354 τῆς
2465 2279 2769 2352 ὑπερϐολῆς
2791 2281 3237 2350 παρενεγκούσής
3288 2277 3485 2351 αὐτοῦς
3509 2279 3587 2340 εἰς
3621 2278 3678 2331 τὸ

2107 2376 2408 2431 πείθεσθαι.
2437 2374 2636 2446 Πλήθει
2681 2373 2789 2444 γὰρ
2815 2371 3095 2443 δυνάμεως
3123 2371 3217 2425 τοῦ
3274 2372 3477 2443 Κυρίου
3525 2370 3677 2442 ήμῶν

2108 2470 2490 2533 ἐκτελέσαντος
2511 2468 2608 2539 τὴν
2626 2466 2832 2519 οἰκείαν
2865 2467 2929 2518 ὲκ
2958 2463 3165 2536 νεκρῶν
3220 2464 3514 2518 ἀνάστασιν
3541 2462 3676 2517 κατὰ

2106 2563 2169 2616 τὸ
2221 2560 2557 2634 ἀνθρώπινον
2583 2597 2599 2626 ,
2660 2559 2708 2612 οἱ
2779 2557 2961 2629 ἐχθροὶ
3011 2554 3175 2610 αὐτοῦ
3238 2556 3475 2625 Ἐὕραίοι
3522 2556 3676 2624 ἐψευ·

2109 2671 2268 2708 σαντο
2334 2651 2495 2708 αὐτόν
2515 2667 2528 2683 ’
2593 2649 2900 2716 τουτέστιν,
2972 2645 3306 2702 meeum»
3379 2647 3479 2718 τὴν
3546 2647 3676 2701 ἀνά-

2106 2765 2315 2802 στασιν.

428 2839 662 2895 mortuis
709 2838 898 2910 (quod
945 2839 1014 2894 ad
1081 2840 1379 2895 human-am
1448 2850 1699 2897 naturam
1768 2846 2001 2913 attinet,
2055 2841 2519 2900 resurrectionem
2598 2833 2949 2907 perfecisset,
3021 2833 3421 2890 mentiebantur
3499 2833 3568 2889 de
3614 2848 3677 2891 eo

428 2926 638 2986 Hebraei
691 2930 878 2989 hostes
911 2933 1032 3002 ejus
1064 2951 1079 2989 :
1120 2933 1224 2990 hoc
1251 2941 1337 2990 est
1385 2935 1856 2993 calumniabantur
1890 2940 2008 3011 ejus
2037 2936 2517 2993 resurrectionem.

1507 3067 1575 3125 Et
1608 3069 1663 3123 in
1686 3084 1888 3125 versum
1913 3071 2152 3141 proxime
2177 3068 2520 3123 coltwrentem
2548 3063 2582 3118 4

482 3180 842 3250 ΔΑιΙιαηαειιιιι,
870 3181 1126 3253 Cyrillus,
1171 3180 1452 3256 Gregorius
1495 3182 1790 3254 .Vyssenus.
1826 3184 1996 3249 Licet,
2027 3192 2069 3250 C

424 3274 622 3347 inquit,
667 3273 839 3329 Judaei
890 3284 942 3330 te
975 3275 1219 3345 negaturi
1271 3277 1402 3340 sint,
1456 3276 1777 3346 subjicietur
1810 3285 1995 3332 tamen

422 3368 521 3424 tibi
551 3382 651 3438 pro
686 3368 822 3437 ipsis
856 3375 910 3421 et
932 3367 1183 3421 adorabit
1215 3379 1266 3423 te
1300 3368 1480 3424 omnis
1526 3376 1688 3432 terra,
1719 3369 1834 3424 sive
1866 3386 1995 3440 geu-

420 3470 505 3516 tes
543 3475 666 3529 qua:
689 3459 1073 3513 inhabitabant
1111 3469 1332 3514 terram.
1358 3458 1546 3531 Neque
1584 3461 1728 3515 enim
1758 3462 1994 3531 amplius

420 3550 668 3629 adoratio
719 3550 809 3604 tiet
836 3549 1231 3620 Jerosolymis:
1264 3565 1387 3605 cum
1414 3548 1528 3620 jam
1574 3549 1763 3620 legalis
1799 3552 1991 3605 umbra

419 3644 722 3700 cessaverit
744 3643 1043 3699 secundum
1069 3642 1241 3698 illud:
1277 3643 1587 3697 Adorabunt
1610 3660 1729 3697 eum
1771 3645 1990 3713 quisque

418 3751 485 3791 ea:
514 3735 629 3790 loco
658 3753 754 3791 suo
775 3735 842 3801 “,
878 3743 932 3791 et
959 3735 1206 3791 adoratio
1232 3735 1344 3805 jam
1372 3735 1467 3790 ﬁat
1497 3735 1549 3789 in
1576 3735 1772 3806 spiritu
1820 3746 1874 3791 et
1897 3751 1990 3791 ve-

417 3828 600 3890 ritate,
632 3841 697 3882 eo
723 3824 869 3898 quod
913 3825 1268 3895 congruentia
1315 3835 1651 3896 peraguntur
1697 3839 1860 3895 Opera
1894 3823 1988 3880 Dei

415 3918 748 3988 adoratinni,
791 3918 963 3990 ipsius
1012 3917 1377 3989 appellatione
1417 3918 1527 3973 illis
1571 3917 1844 3988 imposita.
1877 3919 1986 3973 Ista

412 4024 603 4082 porro,
659 4009 943 4081 praedictio
984 4018 1115 4065 sunt
1156 4009 1441 4080 praesentis
1483 4009 1650 4079 hujus
1695 4010 1982 4080 temporis,

413 4118 525 4173 quo
554 4103 608 4157 in
639 4102 893 4159 omnibus
920 4102 1170 4174 gentibus
1196 4102 1573 4157 universorum
1597 4103 1739 4157 Deus
1767 4102 1986 4173 hymnis

414 4196 739 4262 celebratur,
770 4212 835 4253 ac
869 4195 1136 4252 Dominus
1183 4204 1369 4251 noster
1398 4193 1556 4252 Jesus
1596 4195 1873 4262 Christus,
1906 4195 1985 4250 al-

412 4287 664 4344 tissimus
678 4288 746 4343 ab
775 4288 1030 4343 omnibus
1058 4296 1309 4343 vocatur.

2178 3182 2255 3255 (1)
2288 3180 2664 3246 Ἀθανάσιος,
2702 3178 3019 3247 Κύριλλος,
3051 3175 3376 3246 Γρηγήριος
3400 3175 3674 3243 Νύσσης.

2100 3277 2164 3330 Εἰ
2206 3275 2301 3328 καὶ
2341 3273 2601 3339 Ἰουδαῖοι,
2634 3272 2819 3342 φησιν,
2844 3267 3167 3342 ἀρνήσονται
3198 3285 3280 3331 σε,
3311 3268 3423 3321 ἀντ’
3453 3267 3678 3322 ἐκείνων

2100 3366 2522 3438 ὐποκλιθήσεταί
2559 3382 2639 3417 σοι
2673 3364 2766 3417 καὶ
2788 3362 3157 3434 προσκυνήσει
3183 3362 3333 3413 πᾶσα
3360 3361 3392 3431 ή
3429 3359 3525 3430 γῆ,
3559 3360 3674 3431 ἦτοι

2096 3460 2165 3514 τὰ
2192 3458 2318 3530 ἔθνη
2354 3458 2422 3511 τὰ
2450 3455 2807 3511 κατοικοῦντα
2847 3455 2946 3526 τὴν
2969 3453 3091 3523 γῆν.
3118 3452 3315 3506 Οὐκέτι
3344 3452 3452 3523 γὰρ
3479 3454 3536 3505 ὲν
3582 3452 3677 3504 Ἰει

2099 3551 2379 3625 ρουσαλὴμ
2407 3552 2440 3620 ἡ
2471 3548 2858 3620 προσκύνησις,
2883 3546 2984 3617 τῆς
3030 3544 3260 3616 νομικῆς
3312 3543 3675 3614 παυσαμένης

2095 3646 2273 3711 σκιᾶς,
2309 3643 2449 3698 κατὰ
2473 3641 2555 3694 τό·
2604 3638 3153 3710 Προσκυνήσουσιν
3206 3633 3367 3701 αὑτῷ
3415 3634 3671 3699 ἕκαστος

2091 3738 2161 3792 ἐκ
2184 3736 2290 3791 τοῦ
2324 3737 2511 3790 τόπου
2542 3733 2751 3801 αὐτοῦ,
2778 3728 3023 3802 mixti};
3060 3731 3482 3802 προσκυνήσεως
3512 3744 3668 3797 γενο-

2095 3830 2263 3901 μένης
2283 3829 2339 3882 ὲν
2367 3827 2634 3899 πνεύματι
2663 3825 2756 3879 καὶ
2788 3823 3033 3895 ἀληθεία,
3093 3820 3443 3892 καταλλήλων
3492 3819 3669 3892 ἔργων

2089 3921 2386 3991 γινομένων
2407 3922 2472 3992 τῇ
2508 3917 2873 3990 προσκυνήσει
2896 3914 3054 3973 Θεοῦ,
3080 3913 3181 3984 τῆς
3205 3911 3371 3965 αὑτοῦ
3399 3927 3669 3982 προσηγοι

2096 4013 2215 4084 ρίας
2244 4007 2632 4082 ὲπικληθείσης
2668 4008 2869 4070 αὐτοῖς.
2904 4006 3218 4077 Πρόρρησις
3263 4003 3321 4057 δὲ
3370 4002 3544 4056 ταῦτα
3570 4003 3663 4055 τοῦ

2095 4103 2357 4174 παρόντος
2381 4100 2592 4173 καιροῦ,
2619 4098 2738 4151 καθ’
2765 4098 2822 4151 ὃν
2850 4099 2908 4149 ἐν
2937 4097 3108 4150 ἅπασι
3134 4098 3246 4159 τοίς
3275 4093 3483 4148 ἔθνεσιν
3504 4095 3534 4145 ὁ
3557 4092 3664 4146 τῶν

2094 4195 2231 4249 ὅλων
2254 4195 2501 4265 ὑμνεῖται
2519 4191 2669 4255 Θεὸς,
2696 4191 2793 4244 καὶ
2821 4192 2849 4244 ό
2877 4189 3151 4258 Δεσπότης
3176 4186 3409 4259 Χριστὸς
3443 4186 3664 4243 ὕψιστο-

2094 4286 2245 4358 παρὰ
2271 4285 2487 4338 πάντων
2515 4282 2780 4337 καλεῖται.

1107 4422 1338 4505 Rursum
1362 4427 1419 4479 ίη
1443 4422 1548 4477 ista
1575 4422 1728 4479 verba
1753 4440 1773 4477 :
1806 4442 1826 4475 ι
1875 4419 2056 4478 Venite
2076 4435 2126 4479 et
2162 4423 2329 4478 videte
2355 4438 2512 4492 opera
2545 4419 2660 4483 Dei,
2695 4438 2714 4471 ι
2745 4427 2866 4484 etc.,
2903 4414 2957 4473 5.

479 4537 824 4594 Athanasius.
875 4535 1088 4595 Inducit
1120 4540 1211 4595 hic
1256 4542 1629 4612 apostolorum
1681 4555 1973 4611 personam
2009 4543 2018 4598 1

2154 4537 2231 4611 (2)
2285 4534 2661 4603 Ἀθανάσιος.
2693 4534 2815 4588 Τῶν
2848 4530 3163 4589 ἀποστόλων
3185 4528 3421 4587 ἐνταῦθα
3452 4532 3658 4602 εἰσάγει

408 4631 503 4698 qui
530 4631 764 4686 doceant
789 4639 996 4703 gentes,
1026 4633 1172 4703 quod
1207 4633 1312 4688 iste
1333 4633 1426 4704 qui
1460 4633 1514 4688 in
1545 4635 1833 4700 praesentia
1876 4648 1976 4689 sua

408 4725 708 4780 secundum
763 4738 983 4779 carnem
1035 4724 1216 4779 divina
1268 4724 1360 4780 illa
1414 4727 1673 4781 miracula
1719 4733 1977 4794 operatus

404 4823 512 4880 est,
544 4816 661 4887 ipse
690 4815 831 4870 idem
863 4815 954 4881 sit,
986 4814 1081 4885 qui
1105 4815 1236 4869 olim
1268 4828 1418 4869 mare
1444 4812 1689 4876 Rubrum
1726 4814 1969 4880 arefecit,

403 4911 460 4961 et
482 4903 735 4960 Jordanis
760 4902 960 4960 ﬂuenta
985 4905 1189 4971 divisit,
1219 4904 1356 4960 adeo
1391 4913 1449 4960 ut
1478 4906 1609 4975 pede
1632 4920 1756 4960 eum
1791 4903 1974 4959 Israe-

352 5008 357 5017 ‘
401 4997 514 5054 litae
563 4998 876 5053 transirent.
931 4997 1108 5069 Inquit
1157 4997 1359 5067 igitur:
1408 4995 1740 5069 Cognoscite
1777 4996 1966 5051 animo

402 5100 566 5161 atque
597 5090 877 5162 intelligite
906 5105 974 5144 ex
999 5089 1231 5160 singulis
1258 5104 1380 5159 quae
1401 5103 1429 5141 a
1464 5089 1610 5143 bono
1639 5087 1750 5142 Deo
1776 5085 1966 5142 eﬂ‘ecta

400 5190 549 5249 sunt,
583 5197 745 5250 quam
785 5182 831 5236 is
860 5180 931 5235 sit
957 5182 1009 5234 in
1040 5180 1289 5235 consiliis
1334 5181 1448 5235 suis
1492 5179 1963 5250 incomprehensi-

397 5271 565 5329 bilis:
612 5273 957 5328 admiremini
1000 5275 1162 5328 etiam
1203 5271 1527 5328 ineﬂ‘abilem
1577 5272 1698 5342 ejus
1745 5272 1985 5341 sapienm

397 5363 551 5432 tiam,
581 5382 678 5435 per
710 5381 875 5437 quam
911 5366 1210 5420 humanum
1247 5380 1418 5437 genus
1465 5364 1710 5435 perducit
1754 5363 1821 5418 ad
1850 5363 1963 5433 pie-

465 5537 516 5571 “
539 5537 772 5608 Sophon.
813 5557 873 5606 tl,
902 5542 955 5596 5.

467 5668 730 5748 (ῼθῃὶωο
756 5675 1027 5731 habentur
1055 5678 1300 5748 superius
1328 5677 1393 5734 ad
1426 5679 1572 5733 hunc
1597 5692 1841 5734 versum.

468 5740 544 5806 (Ι)
577 5739 700 5797 Ηωο
727 5748 981 5814 superius
1013 5752 1079 5804 ad
1121 5739 1266 5805 hunc
1296 5766 1533 5805 versum.

2083 4632 2145 4686 τὸ
2177 4630 2486 4704 πρόσωπον,
2504 4628 2861 4683 διδασκόντων
2893 4627 2962 4680 τὰ
2989 4626 3135 4698 ἔθνη,
3151 4625 3226 4691 ὡς
3250 4626 3359 4699 ἄρα
3370 4619 3524 4691 οὗτος
3547 4628 3577 4680 ό
3600 4629 3657 4680 ἐν

2084 4728 2149 4797 τῇ
2176 4723 2316 4779 κατὰ
2350 4725 2525 4795 σάρκα
2555 4722 2826 4794 παρουσίᾳ
2861 4719 2960 4785 τὰς
2993 4719 3318 4791 θεοσημείας
3354 4718 3657 4792 ὲργαζόμεὲ

2083 4833 2192 4881 νος,
2224 4815 2384 4881 αὑτός
2413 4817 2557 4868 ἐστιν
2613 4817 2642 4868 ὁ
2690 4813 2857 4867 πάλαι
2910 4812 3008 4882 τὴν
3075 4811 3343 4883 Ἐρυθρὰν
3383 4812 3656 4867 θάλασσαν

2084 4908 2344 4981 ξηράνας,
2391 4908 2485 4962 καὶ
2520 4906 2623 4980 μὴν
2673 4907 2768 4961 καὶ
2821 4905 2914 4960 τοῦ
2958 4903 3222 4976 Ἰορδάνου
3268 4904 3550 4975 ἀνακύψας
3588 4905 3657 4958 τὰ

2086 5001 2352 5072 ῥεύματα,
2396 5001 2472 5064 ὡς
2526 4999 2649 5052 1:981
2681 4997 2968 5070 παρελθεῖν
3028 4997 3154 5060 τοὺς
3207 4997 3357 5060 υἱοὺς
3414 4996 3650 5068 Ἰσραήλ.

2079 5093 2247 5163 Φησὶν
2273 5088 2386 5146 οὖν’
2428 5091 2788 5163 Ἐπιστήσατε
2840 5089 2932 5143 τὸν
2966 5088 3092 5142 νοῦν
3146 5089 3239 5142 καὶ
3280 5090 3651 5162 κατανοήσατε

2076 5181 2185 5234 τῶν
2215 5182 2319 5235 ὑπὸ
2345 5180 2437 5234 τοῦ
2467 5180 2671 5250 ἀγαθοῦ
2706 5179 2839 5233 Θεοῦ
2874 5179 3175 5251 γινομένων
3207 5178 3473 5243 ἑκάστων,
3505 5181 3652 5244 ὅπως

2077 5274 2221 5326 ἐστὶν
2254 5276 2310 5326 ὲν
2338 5272 2549 5344 βουλαῖς
2600 5272 3000 5343 ἀκατάληπτοςο
3030 5273 3126 5327 καὶ
3161 5273 3259 5342 τὴν
3291 5272 3531 5345 ἄρρητον
3556 5274 3651 5326 a0-

2073 5365 2166 5418 τοῦ
2194 5365 2383 5435 σοφίαν
2407 5365 2742 5436 θαυμάσατε,
2775 5365 2842 5419 δι’
2862 5360 2929 5437 ἦς
2951 5365 3012 5419 τὸ
3036 5366 3143 5419 τῶν
3171 5364 3477 5437 ἀνθρώπων
3494 5365 3649 5437 γένος

2136 5676 2213 5749 (2)
2252 5676 2374 5734 lima
2401 5695 2588 5752 supra.
2618 5681 2710 5737 sed
2740 5680 3009 5737 breviora.
