3946 6222
248 265 336 322 585

1193 269 1618 325 FRAGMENTA
1654 267 2004 325 COMMENT.
2047 265 2110 320 IN
2155 259 2496 320 PSALMOS.

3339 249 3445 306 586

249 382 449 452 ποδηγεῖ
483 382 616 452 πρὸς
671 383 967 437 εὐσέὸειαν.
1001 386 1260 458 Φοϐεραῖς
1293 385 1399 457 γὰρ
1434 403 1526 438 και
1577 389 1788 454 θαυμα-

1911 391 2075 438 atem.
2112 377 2432 434 Tremendis
2462 387 2698 442 namque
2727 381 2782 428 et
2812 368 3145 426 admirandis
3183 364 3450 421 machinis

249 477 378 536 σταῖς
416 477 688 544 μηχαναῖς
725 477 864 548 ὑπὲρ
888 477 987 546 τῆς
1015 477 1120 530 τῶν
1173 477 1470 548 ἀνθρώπων
1523 479 1785 547 κέχρηται

249 561 513 633 σωτηρίας.

1896 491 2028 530 usus
2053 484 2133 530 νει
2162 481 2380 542 pr0pter
2409 467 2689 525 hominum
2720 465 2970 520 salutem.

1118 657 1185 711 In
1217 658 1364 711 verba
1392 658 1619 726 ejusdem
1648 673 1663 709 :
1695 677 1712 708 ι
1756 655 1836 709 Ibi
1874 653 2189 717 (tutabimur,
2226 670 2244 702 ›
2280 658 2403 714 etc.,
2437 664 2482 699 υ.
2513 645 2566 697 6.

310 770 584 826 Prwmissa
615 773 961 841 explicatione
982 789 1045 827 ea:
1077 773 1416 837 Theodoreto,
1441 774 1788 844 sequiturtl’s).

260 864 614 917 Ἀθανασίου.
651 864 793 935 Πρὸς
825 865 881 918 δὲ
916 865 1058 919 νοῦν·
1103 867 1247 918 Ἐκεῖ
1290 867 1384 919 σὺν
1443 865 1660 937 Χριστῷ
1702 865 1794 934 βα-

250 953 564 1024 σιλεύσομεν,
602 956 760 1026 ἡνίκα
788 956 882 1009 τοῦ
933 957 1054 1010 νέου
1089 957 1279 1019 αἰῶνος
1314 957 1640 1028 βασιλεύσει,
1698 957 1793 1010 καὶ

249 1046 710 1117 εὐφρανθησόμεθα
735 1049 820 1101 ἐπ’
843 1048 1009 1118 αὐτῷ.
1064 1049 1478 1120 Εὑφραινόμεθα
1523 1047 1580 1100 δὲ
1613 1050 1668 1100 ὲν
1715 1047 1793 1116 τῷ

249 1139 509 1208 ποιήσαντι
539 1138 607 1191 τὰ
631 1139 861 1211 δυσχερῆ
895 1141 1068 1211 ῥᾴδια.

1965 770 2266 824 Athanasii.
2319 765 2422 820 Sed
2456 764 2520 818 ad
2559 761 2887 816 intellectum
2916 776 2928 810 :
2955 756 3066 810 Illic
3102 751 3449 823 regnabimns

1895 879 2017 919 cum
2049 862 2290 924 Christo,
2336 873 2460 912 eum
2491 869 2633 910 novo
2663 853 2752 908 ille
2799 849 2998 906 sarculo
3045 844 3348 916 imperabit.
3396 853 3450 896 et

1893 954 2202 1010 la’tabimur
2231 966 2394 1020 super
2425 949 2561 1018 ipso.
2612 943 2942 999 Lsetabimur
2977 953 3104 994 vero
3150 937 3204 991 in
3239 951 3322 1001 eo,
3353 933 3448 1003 qui

1895 1063 2016 1116 qua:
2043 1043 2277 1099 difﬁcilia
2305 1050 2480 1104 erant,
2515 1041 2648 1094 levia
2677 1035 2926 1092 reddidit.

1359 1230 1614 1286 Similiter
1637 1231 1688 1284 in
1714 1244 1914 1285 versum
1945 1233 2239 1295 sequentem
2267 1222 2316 1275 7.

319 1321 668 1389 Ἂθανάσιος,
726 1326 1031 1392 Εὐσέϐιος.
1087 1328 1241 1379 Κατὰ
1317 1328 1373 1378 δὲ
1426 1326 1794 1396 πνευματικὴν

249 1414 448 1485 ἐκδοχὴν
471 1415 780 1487 ὀφθαλμοὺς
812 1416 945 1470 Θεοῦ
989 1419 1114 1482 τοὺς
1155 1418 1479 1481 ἀποστόλους
1509 1419 1792 1487 νοήσομενο

248 1507 762 1578 παραπικραίνοντας
795 1509 850 1562 δὲ
878 1511 1004 1568 τοὺς
1032 1510 1335 1572 Ἰουδαίους,
1362 1509 1453 1572 οὒς
1486 1510 1580 1561 καὶ
1601 1511 1648 1562 oi.
1671 1525 1794 1579 προ-

247 1599 391 1668 φῆται
432 1595 579 1666 οἷκον
632 1599 867 1653 ἐκάλουν
920 1600 1444 1671 παραπικραίνοντα.
1507 1599 1602 1662 Τίς
1661 1598 1791 1669 γὰρ,

247 1693 409 1761 φησὶν,
448 1693 476 1743 6
509 1692 964 1763 παραπικραίνων
993 1693 1160 1764 ἀλλ’ἢ
1194 1694 1221 1744 6
1249 1687 1395 1755 οἶκος
1439 1689 1796 1763 ’1σραήλ;Τῷ

247 1782 360 1849 γοῦν
385 1783 789 1855 παραπτώματι
820 1784 914 1837 τοῦ
973 1784 1185 1855 Ἰσραὴλ
1209 1785 1301 1836 ἐπὶ
1332 1782 1400 1836 τὰ
1429 1781 1555 1854 ἔθνη
1591 1783 1799 1836 ἐπεῖδεν

245 1875 270 1927 6
293 1874 500 1945 Κύριος.
539 1875 696 1928 Ὅθεν
725 1876 797 1946 μὴ
823 1876 1173 1944 ὑψοῦσθωσαν
1199 1878 1246 1928 οἱ
1276 1875 1510 1938 ἀσεϐεῖς,
1537 1875 1610 1938 ὡς
1643 1874 1800 1928 δυνά-

249 1983 380 2036 μενοι
403 1965 662 2020 ἀπολέσαι
691 1969 815 2027 τοὺς
847 1967 924 2038 τῷ
965 1968 1278 2039 Εὑαγγελίῳ
1312 1967 1795 2040 προσερχομένους·

245 2056 364 2111 ἀλλὰ
389 2059 509 2130 μηδ’
545 2061 574 2112 ό
606 2061 914 2131 ὑπερόπτης
947 2060 1092 2124 λαὸς,
1128 2061 1294 2132 ἤγουν
1327 2061 1356 2112 6
1395 2059 1629 2131 Ἰσραὴλ,
1656 2059 1797 2131 μέγα

247 2152 506 2220 φρονείτω,
537 2153 673 2223 μηδὲ
723 2152 862 2206 κατὰ
885 2153 985 2222 τῆς
1021 2152 1128 2206 τῶν
1174 2152 1344 2206 ἐθνῶν
1397 2152 1631 2222 πληθύος
1663 2153 1799 2224 ὑψη-

245 2242 328 2314 λὴν
355 2246 626 2318 ὲπαιρέτω
665 2247 761 2318 τὴν
805 2249 993 2318 ὀφρύν.
1035 2249 1125 2321 Μὴ
1176 2251 1378 2320 λεγέτω
1433 2250 1552 2303 καθ’
1585 2249 1794 2303 ὲαυτόνο

255 2335 379 2404 Ἐγὼ
409 2338 611 2406 γέγονα
667 2340 1005 2410 πρωτότοκος
1042 2343 1098 2394 ἐν
1128 2343 1336 2406 τέκνοις
1379 2342 1535 2396 Θεοῦ·
1583 2342 1713 2395 ῐστω
1741 2342 1798 2396 δὲ

247 2428 443 2498 μᾶλλον,
465 2432 552 2482 ὅτι
578 2448 716 2502 παρε
730 2434 953 2503 πίκρανε
984 2433 1073 2485 τὸν
1103 2434 1380 2488 κτίσαντα.
1424 2435 1514 2488 Διὸ
1543 2435 1634 2487 καὶ
1665 2452 1793 2504 μετ-

243 2515 447 2592 έστησεν
479 2522 580 2576 ἀπ’
619 2525 782 2577 αὑτοῦ
822 2526 920 2595 τὴν
952 2527 1272 2597 ἐπισκοπὴν.

1969 1321 2314 1386 Athanasius,
2349 1317 2626 1372 Eusebius.
2682 1315 2738 1369 Si
2785 1329 2912 1369 vero
2942 1311 3290 1382 spiritualiter
3337 1307 3452 1361 ha'c

1895 1415 2272 1485 accipiantur,
2328 1411 2519 1466 oculos
2567 1408 2658 1464 Dei
2719 1406 2992 1476 apostolos
3034 1403 3140 1458 dici
3187 1400 3453 1470 intellige-

1897 1522 2020 1561 mus
2047 1524 2059 1557 :
2085 1503 2472 1559 exacerbantes
2499 1515 2646 1565 vero,
2675 1497 2914 1563 Judzeos,
2949 1511 3087 1566 quos
3114 1495 3277 1549 etiam
3323 1507 3451 1562 pro—

1900 1599 2079 1669 pheta:
2105 1595 2603 1650 vocaruntdomum
2634 1591 3041 1647 exacerbantem
3060 1589 3122 1642 ⁸⁸.
3149 1587 3282 1654 Quis
3305 1587 3449 1642 enim

1897 1697 2001 1755 est,
2025 1688 2100 1742 ait
2132 1685 2290 1750 Deus,
2313 1685 2404 1755 qui
2433 1699 2519 1739 me
2542 1683 2846 1746 exacerbat,
2883 1680 2986 1736 nisi
3020 1680 3215 1735 domus
3252 1677 3454 1734 Israel?

1901 1775 2038 1832 Cum
2071 1775 2235 1846 igitur
2263 1773 2428 1828 Israel
2453 1772 2762 1834 excidisset,
2793 1770 3028 1840 respexit
3063 1769 3203 1823 Deus
3233 1767 3301 1822 ad
3326 1783 3454 1836 gen-

1899 1875 2001 1922 tes.
2049 1865 2316 1931 Quocirca
2375 1878 2484 1918 non
2531 1871 2614 1916 est
2663 1876 2762 1915 cur
2818 1875 2937 1914 sese
2986 1859 3138 1928 impii
3179 1857 3450 1927 jactitent,

1899 1958 2058 2030 quasi
2083 1959 2174 2027 qui
2222 1955 2584 2011 exterminare
2631 1953 2845 2022 possint
2873 1967 2968 2006 eos
3021 1953 3114 2022 qui
3162 1949 3454 2020 Evangelio

1900 2047 2206 2103 accedunt:
2235 2046 2344 2099 imo
2382 2059 2490 2098 non
2537 2052 2640 2106 est,
2678 2051 2736 2096 ut
2785 2039 3052 2110 superbus
3086 2039 3174 2093 ille
3205 2037 3454 2108 populus,

1901 2139 2156 2195 Israelem
2188 2138 2331 2202 dico,
2363 2136 2534 2190 altum
2589 2134 2782 2204 sapiat,
2829 2147 3006 2202 neque
3041 2131 3202 2186 etiam
3254 2130 3456 2184 elatum

1904 2232 2057 2288 tollat
2101 2229 2453 2302 supercilium
2499 2235 2690 2281 contra
2737 2224 2979 2295 gentium
3031 2221 3452 2277 multitudinem.

1901 2323 1979 2378 Ne
2002 2323 2145 2378 dicat
2175 2323 2316 2392 apud
2344 2322 2582 2390 seipsum
2609 2338 2622 2372 :
2654 2318 2765 2387 Ego
2791 2333 2910 2372 sum
2945 2314 3332 2386 primogenitus
3373 2315 3454 2367 in-

1903 2425 1984 2470 ter
2013 2415 2152 2470 ﬁlios
2197 2414 2314 2479 Dei,
2354 2413 2486 2483 quin
2515 2411 2698 2482 potius
2745 2413 2882 2464 sciat
2925 2409 3070 2478 quod
3113 2405 3456 2462 exacerbavit

1901 2507 2211 2562 Creatorem
2261 2520 2442 2561 suum.
2487 2502 2846 2570 Quamobrem
2895 2499 3059 2554 etiam
3101 2497 3188 2552 hic
3233 2497 3299 2552 ad
3329 2511 3454 2554 eum

1898 2598 2168 2668 respicere
2197 2597 2412 2654 desinit.

1342 2714 1542 2769 Eadem
1566 2716 1766 2770 ratione
1793 2717 1844 2770 in
1874 2716 2028 2770 verba
2053 2717 2340 2788 sequentia.

314 2805 668 2874 Ἀθανάσιος.
717 2809 858 2880 Πρὸς
899 2809 956 2863 δὲ
1004 2809 1128 2862 νοῦν
1185 2811 1234 2862 oi
1285 2811 1571 2865 ἀπόστολοι
1601 2817 1712 2876 τοῖς
1741 2811 1799 2876 ἐξ

241 2891 389 2948 ἐθνῶν
416 2914 602 2965 φασιν·
623 2898 787 2950 Ὅταν
812 2898 1079 2970 ἀκούσητε
1107 2917 1178 2951 πα
1189 2901 1233 2970 ρ’
1251 2901 1430 2970 ἡμῶν,
1457 2901 1574 2955 τίνα
1599 2903 1797 2976 τρόπον

241 2987 486 3057 προσήκει
536 2988 864 3057 δοξολογεῖν,
913 2990 1035 3042 τότε
1085 2991 1201 3061 μεθ’
1238 2993 1393 3062 ἡμῶν
1445 2994 1795 3064 εὐλογήσατε,

238 3076 326 3129 οὐκ
348 3077 422 3131 ἔτι
446 3081 574 3143 τοὺς
595 3080 837 3149 ψευδωνύ
847 3099 979 3152 μους
1005 3081 1178 3145 θεοὺς.
1206 3083 1341 3137 ἀλλὰ
1373 3083 1462 3137 τὸν
1487 3085 1617 3137 Θεὸν
1643 3085 1798 3156 ἡμῶν

238 3167 318 3223 τὸν
337 3172 428 3241 τῆς
449 3171 598 3244 ζωῆς
619 3172 837 3244 δοτῆρα.
884 3174 1005 3245 Ζωὴ
1034 3175 1142 3246 γὰρ
1177 3171 1244 3246 ἦν
1277 3178 1307 3246 ὴ
1339 3177 1430 3229 τοῦ
1476 3179 1799 3250 παραδείσου

238 3263 419 3334 τρυφὴ,
454 3267 510 3317 ὲν
542 3258 594 3333 ᾦ
618 3265 768 3319 ἔθετο
805 3268 832 3318 6
859 3267 990 3330 Θεὸς
1028 3269 1118 3320 τὸν
1164 3267 1448 3338 ἄνθρωπον
1475 3270 1800 3341 ἐργάζεσθαι

239 3354 320 3406 καὶ
344 3355 636 3424 φυλάσσειν
671 3356 853 3410 αὐτόν.

1969 2814 2312 2867 Athanasius.
2371 2810 2680 2866 Secundum
2735 2819 2968 2865 mentem
3019 2823 3169 2874 vero,
3225 2805 3455 2878 apostoli

1898 2905 1978 2960 sic
2000 2905 2350 2975 alloquuntur
2379 2905 2604 2976 gentiles
2637 2922 2650 2959 :
2685 2900 2784 2957 Ubi
2835 2901 3114 2957 audieritis
3159 2915 3224 2955 ex
3278 2898 3455 2965 nobis,

1826 3027 1867 3084 ο
1901 2997 2178 3066 quomodo
2214 2995 2358 3052 Deus
2384 2997 2454 3050 sit
2482 2995 2734 3050 laudibus
2775 2993 3151 3059 celebrandus,
3182 3003 3312 3047 tunc
3339 2991 3458 3044 lau-

1901 3089 2022 3143 date
2058 3089 2364 3152 nobiscum,
2401 3104 2508 3142 non
2535 3087 2647 3156 jam
2696 3087 2928 3156 amplius
2978 3084 3116 3140 falso
3164 3084 3243 3138 sic
3283 3082 3458 3137 dictos

1901 3181 2054 3245 deos,
2101 3180 2193 3235 sed
2248 3179 2418 3235 Deum
2473 3189 2719 3236 nostrum
2779 3179 2904 3232 vita:
2953 3176 3283 3246 largitorem.
3342 3171 3459 3227 Vita

1904 3287 2142 3341 namque
2176 3280 2297 3325 erat
2346 3271 2584 3341 paradisi
2618 3270 2868 3340 voluptas
2913 3287 2926 3323 :
2962 3269 3018 3323 in
3071 3283 3180 3338 quo
3205 3274 3462 3336 posuerat

1905 3362 2049 3418 Deus
2079 3362 2377 3429 hominem,
2411 3371 2469 3417 ut
2493 3378 2618 3418 eum
2653 3362 2857 3417 coleret
2882 3369 3048 3431 atque
3073 3357 3386 3415 custodiret.

1002 3475 1200 3530 Eodem
1229 3477 1380 3530 modo
1411 3479 1464 3533 in
1487 3479 1637 3533 verba
1657 3497 1675 3534 :
1712 3499 1730 3530 ι
1770 3483 2018 3534 Probasti
2045 3498 2158 3547 nos,
2191 3480 2352 3545 Deus,
2395 3499 2416 3534 ι
2450 3491 2573 3544 etc.,
2605 3496 2654 3536 υ.
2688 3479 2774 3532 I0.

311 3563 690 3630 Ἀθανασίου,
742 3567 1065 3637 Κυρίλλου.
1095 3570 1169 3640 (4)
1228 3572 1372 3643 Πρὸς
1404 3572 1462 3626 δὲ
1520 3573 1643 3627 νοῦν
1701 3573 1801 3637 τὰς

235 3653 424 3724 θλίψεις
473 3659 572 3723 τὰς
632 3661 928 3730 γενομένας
969 3660 1057 3714 διὰ
1093 3662 1153 3714 τὸ
1203 3665 1460 3734 κήρυγμα
1511 3665 1623 3728 τοῖς
1661 3665 1798 3718 ἀπο-

237 3747 423 3813 στόλοις
447 3751 508 3803 τὸ
565 3749 797 3821 Πνεῦμα
829 3757 1229 3823 προαναφωνεῖ,
1285 3757 1348 3808 ἐκ
1377 3755 1667 3826 προσώπου
1699 3756 1828 3827 αὑ-⁹

236 3839 331 3894 τῶν
356 3842 556 3905 ταύτας
587 3842 910 3911 καταλέγον.
941 3845 1151 3916 Ὥσπερ
1185 3846 1290 3917 γὰρ
1340 3849 1369 3900 6
1399 3847 1638 3918 ἄργυρος
1667 3849 1799 3919 πυρὶ

239 3933 519 4005 τηκόμενος
551 3932 611 3990 εὖ
643 3936 788 4007 μάλα
819 3936 1249 4007 διακαθαίρεται,
1281 3937 1422 3992 οὕτω
1455 3940 1551 3992 καὶ
1602 3942 1655 3992 αἱ
1689 3939 1798 3994 τῶν

237 4023 394 4092 ἁγίων
422 4027 595 4100 ψυχαὶ
624 4027 826 4092 παντὸς
853 4029 1281 4082 ἀπαλλάττονται
1313 4028 1504 4100 ῥύπου,
1539 4033 1659 4093 ταῖς
1695 4031 1803 4084 τῶν

238 4120 542 4190 πειρασμῶν
602 4121 814 4188 ἐφόδοις
857 4119 1287 4192 προσϐάλλουσαι
1315 4119 1596 4184 νεανικῶς.
1633 4123 1803 4194 Καὶή

237 4208 400 4263 αὐτῶν
430 4213 788 4284 εὐδοκίμησις
835 4213 924 4266 διὰ
947 4213 1240 4284 πυρώσεως
1261 4213 1490 4281 γίνεται,
1518 4213 1803 4285 δοκιμαζο-

241 4297 401 4367 μένων
427 4303 504 4367 ὡς
528 4302 619 4357 διὰ
645 4303 840 4375 πυρός.
873 4303 1087 4366 Ταύτας
1132 4302 1230 4367 τὰς
1273 4304 1454 4373 φωνὰς
1488 4307 1598 4368 τοῖς
1628 4306 1806 4373 ἁγίοις

1973 3577 2276 3644 Athanasii,
2307 3574 2517 3645 Cyrilli'.
2567 3574 2638 3628 At
2684 3588 2812 3628 vero
2844 3572 2910 3628 ad
2942 3572 3295 3636 intellectum,
3329 3584 3466 3640 pra!-

1905 3668 2037 3723 dicit
2063 3668 2296 3737 Spiritus
2326 3677 2546 3722 sanctus
2597 3667 2932 3720 calamitates
2975 3663 3234 3734 apostolis
3264 3662 3464 3716 obvenv

1905 3770 2057 3816 turas
2096 3774 2316 3832 propter
2341 3761 2777 3831 prazdicationem
2807 3758 3103 3827 Evangelii,
3136 3769 3465 3812 enumerans

1904 3865 1998 3906 eas
2029 3851 2082 3904 in
2116 3851 2488 3920 apostolorum
2532 3862 2783 3917 perstma.
2816 3843 3280 3911 Quemadmodum
3318 3841 3463 3894 enim

1907 3949 2192 4009 argentum
2225 3939 2348 4009 igne
2371 3937 2720 4008 liquefactum
2747 3936 2948 4006 optime
2977 3943 3355 4005 perpurgatur,
3383 3931 3466 3987 ἐς

1905 4031 2069 4086 etiam
2126 4040 2436 4086 sanctorum
2510 4030 2706 4084 anima:
2765 4028 3120 4082 tentationum
3175 4024 3466 4080 insultibus

1907 4131 2129 4176 strenue
2171 4122 2506 4188 resistentes,
2553 4122 2620 4175 ab
2645 4121 2900 4174 omnibus
2933 4120 3263 4173 mundantur
3291 4117 3467 4172 sordi-

1907 4213 2029 4267 bus.
2064 4212 2264 4267 Earum
2297 4223 2476 4268 autem
2498 4213 2746 4283 probatio
2773 4228 2869 4282 per
2895 4208 3326 4267 combustionem
3355 4209 3466 4262 elli-

1907 4306 2086 4360 citnr:
2125 4320 2248 4360 nam
2277 4321 2372 4375 per
2402 4307 2578 4376 ignem
2617 4305 2935 4376 probantur.
2967 4301 3076 4358 Has
3099 4317 3261 4372 porro
3311 4315 3468 4356 voces

243 4392 492 4463 μάρτυσιν
527 4399 557 4449 6
595 4395 810 4459 Παῦλος
829 4395 1162 4466 ἀνατίθησιν.
1208 4395 1367 4449 Ἀλλὰ
1397 4397 1490 4450 καὶ
1515 4399 1562 4450 οἱ
1588 4396 1673 4450 διὰ
1703 4414 1799 4449 πυ-

1910 4397 2077 4452 refert
2098 4399 2255 4452 divus
2270 4397 2474 4452 Paulus
2503 4398 2566 4452 ad
2596 4407 2816 4452 sanctos
2843 4403 3127 4466 martyres.
3148 4392 3470 4462 Quanquam

243 4483 322 4552 ρὸς
343 4489 431 4541 καὶ
464 4488 661 4549 ὓδατος
690 4487 783 4540 τοῦ
817 4487 1028 4552 ζέοντος
1057 4487 1249 4558 θυμοῦ,
1297 4490 1390 4541 καὶ
1423 4489 1522 4558 τῆς
1549 4489 1804 4559 διακεχυ-

243 4576 392 4648 μένης
448 4581 649 4651 ἡδονῆς
708 4581 803 4633 καὶ
861 4579 1152 4651 ἐπιθυμίας
1197 4578 1522 4642 διελθόντες,
1580 4580 1673 4632 καὶ
1726 4579 1802 4650 μὴ

240 4665 684 4740 ἑναπομείναντες
712 4670 920 4734 τούτοις
946 4674 1058 4734 τοῖς
1085 4671 1332 4736 πάθεσιν,
1363 4672 1677 4742 εὑρίσκουσι
1706 4671 1803 4741 τὴν

239 4757 505 4829 metuam.

1910 4491 2072 4544 etiam
2125 4491 2161 4544 ii
2213 4490 2557 4560 refrigerium
2615 4489 2901 4544 inveniunt
2921 4487 3011 4558 qni
3049 4502 3145 4557 per
3195 4486 3370 4554 ignem
3416 4492 3473 4538 et

1910 4596 2108 4651 aquam
2152 4581 2412 4637 ferventis
2446 4582 2558 4648 irae,
2591 4597 2656 4637 ac
2684 4580 3002 4636 diﬂ‘usarum
3034 4578 3370 4648 voluptatum
3407 4589 3473 4630 ac

1910 4674 2274 4743 cupiditatum
2316 4682 2719 4744 pertranseunt,
2764 4671 2812 4728 si
2851 4673 2905 4726 in
2956 4667 3262 4726 istiusmodi
3305 4664 3472 4720 animi

1913 4767 2264 4835 passionibus
2288 4782 2395 4820 non
2427 4763 2846 4836 permanserint.

999 4879 1133 4934 Item
1163 4881 1217 4934 in
1247 4882 1432 4934 verba:
1460 4899 1478 4932 ι
1515 4878 1752 4934 Introibo
1784 4881 1838 4933 in
1870 4879 2084 4935 domum
2113 4890 2278 4946 tuam,
2315 4899 2333 4932 ›
2363 4889 2488 4947 etc.,
2525 4897 2572 4934 υ.
2613 4879 2697 4933 I5.

301 4992 372 5062 (5)
414 4994 796 5060 Ἀθανάσιος.
832 4995 975 5066 Πρὸς
1035 4994 1158 5048 νοῦν
1187 4995 1349 5063 φασὶν
1398 4995 1447 5046 οἱ
1475 4993 1762 5046 ἀπόστολοι
1790 5011 1803 5023 ·

241 5082 662 5159 Εἰσελευσόμεθα
688 5089 765 5150 εἰς
795 5087 883 5140 τὸν
934 5087 1058 5140 ναὸν
1111 5087 1203 5139 τὸν
1252 5087 1573 5156 ἐπουράνιον
1604 5086 1701 5138 οὑκ
1750 5087 1807 5138 ἐν

241 5175 520 5246 αἰσθητοῖς,
579 5179 700 5233 ἀλλ’
733 5180 790 5231 ἐν
845 5181 1055 5250 νοητοῖς
1102 5176 1563 5248 ὁλοκαυτώμασιν.
1620 5176 1810 5240 Ὅλους

241 5265 336 5338 γὰρ
363 5269 590 5333 ἑαυτοὺς
652 5267 924 5338 ἀνέθηκαν
977 5267 1053 5336 τῷ
1096 5267 1216 5336 Θεῷ
1253 5269 1308 5321 ἐν
1333 5266 1483 5332 τάξει
1511 5267 1813 5322 ὁλοκαυτω-

245 5373 435 5424 ματων.

303 5495 561 5552 “Ezech.
602 5513 668 5561 ιι,
709 5497 741 5549 5
789 5504 843 5550 et
875 5511 1024 5564 seqq.

306 5609 378 5678 (3)
406 5609 530 5682 Haec
561 5611 791 5682 paulum
823 5609 1034 5664 diversa
1067 5625 1254 5682 supra.

308 5681 384 5752 (4)
415 5681 540 5738 limo
566 5681 850 5750 superius,
884 5681 1101 5750 paulum
1136 5681 1371 5736 diversa.

553 5779 832 5839 PATBOL.
865 5779 982 5837 Gn.
1023 5775 1283 5836 XXVII.

1976 4995 2318 5048 Athanasius.
2376 4995 2456 5049 Ad
2507 4993 2837 5048 intellectum
2893 5006 3022 5045 vero
3057 4987 3424 5044 :Intrabimus
3453 5025 3470 5049 ,

1908 5087 2161 5158 inquiunt
2207 5086 2468 5157 apostoli,
2524 5085 2577 5138 in
2628 5085 2850 5138 domum
2897 5080 3194 5140 caelestem,
3252 5089 3358 5128 non
3418 5072 3474 5127 in

1912 5181 2282 5244 sensibilibus,
2325 5179 2418 5234 sed
2451 5182 2506 5232 in
2540 5174 2969 5244 intelligibilibus
2997 5162 3470 5226 bolocautomatis.

1915 5272 1985 5327 Se
2039 5287 2277 5342 namque
2331 5279 2496 5332 totos,
2554 5269 2726 5323 instar
2778 5267 3313 5322 holocautomatum,
3362 5253 3473 5308 Deo

1916 5372 2328 5420 consecrarunt.

1987 5609 2065 5679 (5)
2095 5605 2219 5664 Haec
2251 5607 2522 5678 superius,
2558 5603 2651 5662 sed
2676 5599 2939 5658 breviora.

3167 5755 3242 5818 19
