3934 6218
476 277 581 334 587

1355 278 1410 334 S.
1451 276 1819 334 Α’ῙἪΑΝΑΒΙΙ
1856 278 2008 338 ΟΡΡ.
2050 281 2226 339 PARS
2261 283 2347 340 111.
2389 315 2456 327 --
2494 283 2903 344 EXEGETICA.

3600 285 3705 344 688

1803 392 1988 447 Adhuc
2012 395 2069 447 in
2098 398 2381 467 sequentia.

547 505 889 573 Athanasius,
936 506 1198 577 Cyrillus,
1243 506 1499 562 Basilius.
1562 507 1687 564 Haec
1741 520 1826 565 est
1877 511 2038 567 altior
2065 521 2108 577 Α

479 599 790 654 sententia:
829 596 1022 655 Omnia
1071 608 1200 653 sunt
1242 600 1564 670 spiritualia,
1610 610 1666 657 et
1722 601 2039 658 holocauto-

478 697 647 756 mata,
673 700 726 744 et
758 695 944 755 boves,
990 701 1042 745 et
1076 690 1236 757 hirci,
1266 707 1404 761 quos
1448 692 1757 747 oblaturum
1806 709 1864 747 se
1908 709 2036 763 pro—

478 781 665 837 mittit.
699 781 1039 836 Sacriﬁcium
1073 798 1290 853 quoque
1317 784 1542 838 oﬁ‘ertur
1593 800 1716 839 cum
1753 785 2037 841 arietibus.

478 870 619 928 Sunt
647 890 774 930 vero
820 876 1018 931 arietes
1066 886 1248 932 motus
1287 886 1448 948 atque
1492 878 1727 948 impetus
1758 880 1929 934 animi
1973 880 2042 935 ab

478 967 741 1024 irascibili
768 971 885 1040 ejus
931 980 1082 1041 parte
1115 972 1374 1028 excitati:
1420 982 1514 1028 aut
1549 982 1696 1029 certe
1740 975 2036 1030 ratiocina-

476 1061 653 1117 tiones
692 1063 935 1118 rectricis
973 1066 1170 1120 animae
1207 1064 1503 1129 facultatis,
1551 1066 1834 1136 passiones
1879 1068 2035 1138 quasi

475 1153 735 1210 cornibus
770 1164 1015 1225 petentes
1047 1167 1100 1212 et
1131 1157 1532 1227 impugnantes.
1563 1157 1760 1214 Bovem
1792 1174 1921 1214 vero
1948 1176 2036 1215 sa-

474 1247 703 1316 criﬁcat,
736 1250 826 1319 qui
857 1251 1096 1320 seipsum
1133 1250 1242 1306 Deo
1267 1250 1422 1305 offert
1449 1251 1678 1306 hostiam
1713 1253 1909 1317 vivam,
1941 1267 2036 1321 per

2217 514 2579 582 Ἀθανάσιος,
2612 513 2932 583 Eripe/Hoc,
2960 514 3296 581 Βασίλειος.
3328 510 3473 584 Πρὸς
3505 511 3561 566 δὲ
3597 512 3704 567 διά-

2137 621 2301 660 νοιαν·
2334 607 2681 676 Πνευματικὰ
2710 606 2885 659 πάντα
2913 606 3005 659 καὶ
3050 603 3118 658 τὰ
3145 602 3587 673 ὁλοκαυτώματα,
3613 604 3706 656 καὶ⁸

2137 700 2186 751 οἱ
2228 699 2366 769 βόες,
2399 701 2489 752 καὶ
2510 701 2557 752 οἱ
2584 700 2823 770 χίμαροι,
2847 697 2938 762 οὒς
2969 697 3265 752 ἀποδώσειν
3294 695 3702 765 ἐπαγγέλλεται.

2132 789 2251 843 Καὶ
2293 790 2427 860 μετά
2456 789 2624 859 κριῶν
2653 790 2710 844 δὲ
2754 790 3035 862 προσφορά
3078 789 3301 858 γίνεται.
3326 788 3447 840 Εἰσὶ
3475 786 3533 839 δὲ
3564 786 3705 857 κριοὶ

2141 881 2381 951 κινήσεις
2409 882 2502 934 καὶ
2526 881 2694 953 ὁρμαὶ
2718 881 2823 933 ἀπὸ
2870 880 2963 934 τοῦ
3016 878 3245 951 θυμικοῦ
3271 878 3369 946 τῆς
3405 876 3581 947 ψυχῆς
3609 876 3706 944 τὴν

2140 973 2314 1045 ὁρμὴν
2337 972 2574 1043 ἔχουσαι,
2614 974 2647 1046 ἢ
2684 972 2931 1041 λογισμοὶ
2968 972 3284 1043 ἡγεμονικοὶ
3321 970 3389 1023 τὰ
3436 968 3582 1038 πάθη
3615 985 3709 1021 κε·-

2139 1064 2468 1137 ρατίζοντες.
2501 1063 2636 1118 Βοῦν
2668 1064 2726 1117 δὲ
2772 1064 3048 1136 ίερουργεί
3099 1064 3127 1115 6
3174 1060 3466 1132 προσάγων
3518 1058 3706 1113 θυσίαν

2137 1156 2314 1222 ζῶσαν
2342 1156 2531 1210 ἑαυτὸν
2560 1156 2646 1210 διὰ
2668 1155 2937 1227 πράξεως.
2977 1154 3253 1224 Ἀναλογεῖ
3274 1153 3381 1225 γὰρ
3412 1153 3491 1224 τῷ
3520 1154 3583 1205 ὲκ
3607 1151 3707 1220 τῆς

2134 1250 2236 1319 γῆς
2270 1249 2557 1302 πλασθέντι
2600 1248 2831 1319 σώματι,
2870 1248 3141 1317 γεωπόνον
3200 1247 3442 1319 ὑπάρχον
3475 1244 3537 1298 τὸ
3570 1244 3706 1307 ζῶον

474 1338 718 1394 actiones
747 1340 1023 1396 honestas.
1070 1339 1243 1397 Habet
1288 1342 1433 1396 enim
1484 1340 1581 1402 bos
1620 1339 2032 1397 similitudinem

2133 1342 2161 1394 6
2193 1341 2336 1410 βοῦς.
2368 1341 2606 1413 Χίμαροι
2645 1341 2701 1393 δὲ
2735 1339 2804 1394 τὰ
2862 1339 3145 1412 μετανοίας
3176 1339 3331 1410 ἓργαυ
3364 1337 3493 1408 περὶ
3523 1337 3704 1407 ἀμαρ-

472 1429 762 1499 quamdam
807 1447 932 1487 cum
995 1447 1221 1502 corpore
1270 1447 1336 1487 ex
1383 1440 1525 1487 terra
1580 1431 1856 1498 formato,
1907 1448 2029 1487 cum

2136 1432 2255 1497 τίας
2291 1433 2400 1505 γὰρ
2444 1433 2861 1505 προσεφέροντο.
2911 1432 3172 1502 Θυμίαμα
3197 1430 3253 1483 δὲ
3305 1429 3707 1501 ήάποπνέουσα

473 1529 631 1576 teme
676 1522 912 1578 colenda:
955 1524 1295 1579 adhibeatur.
1342 1522 1488 1579 Hirci
1531 1538 1658 1578 vero
1691 1532 1819 1579 sunt
1867 1540 2031 1595 opera

2134 1525 2240 1579 τῶν
2275 1525 2530 1598 καθαρῶν
2561 1525 2746 1597 ψυχῶν
2781 1525 2995 1578 εὐωδία.

470 1615 892 1686 τεείρῙεοεηιίειεε
926 1619 1002 1674 illi
1041 1635 1276 1690 namque
1330 1635 1427 1690 pro
1473 1628 1692 1690 peccato
1744 1618 2125 1677 oﬂ‘erebantur.
2163 1619 2382 1676 Suﬁitus
2411 1633 2590 1677 autem
2631 1632 2713 1677 est
2750 1622 2928 1677 bonus
2959 1621 3092 1676 odor
3124 1634 3283 1691 quem
3318 1633 3468 1689 pura:
3514 1615 3710 1671 anime

468 1707 741 1763 exhalant.

1470 1803 1538 1859 Et
1560 1807 1615 1858 in
1640 1805 1794 1860 verba
1817 1820 1836 1858 :
1870 1820 1889 1857 ι
1933 1802 2133 1872 Venite,
2163 1804 2364 1869 audite,
2402 1821 2420 1856 ι
2453 1813 2577 1867 etc.,
2620 1801 2707 1857 16.
2748 1842 2751 1847 .

540 1915 880 1970 Athanasius.
911 1916 1156 1987 Apostoli
1184 1917 1402 1987 quidem
1434 1932 1540 1972 non
1564 1932 1748 1972 rerum
1779 1916 2029 1987 antiqua-

2212 1914 2572 1979 Ἀθανάσιος.
2635 1914 2697 1966 Οἱ
2753 1912 2937 1983 μέντοι
2995 1908 3279 1963 ἀπόστολοι
3327 1909 3425 1962 οὐκ
3463 1908 3709 1980 ἀρχαίων

473 2020 592 2059 rum
632 2018 897 2061 renovant
928 2007 1248 2062 memoriam
1280 2025 1293 2061 :
1327 2007 1420 2063 sed
1455 2006 1695 2062 recentia
1733 2005 2028 2061 Salvatoris

472 2099 643 2154 nostri
675 2099 943 2155 mirantur
991 2116 1177 2171 opera,
1210 2116 1330 2172 qua:
1383 2100 1430 2157 is
1482 2102 1728 2157 omnium
1778 2109 2027 2156 nostrum

471 2191 756 2248 animabus
794 2192 1021 2263 largitus
1051 2203 1152 2248 est.

2132 2009 2482 2083 διηγημάτων
2510 2006 2786 2061 ποιοῦνται
2822 2006 3058 2076 μνήμηψ
3095 2002 3227 2057 ἀλλὰ
3252 2001 3320 2055 τά
3348 2002 3442 2055 νέα
3466 2000 3562 2054 τοῦ
3602 2000 3709 2053 Σω-

2132 2102 2295 2176 τῆρος
2342 2100 2499 2172 ἡμῶν
2557 2096 2894 2170 θαυμάζουσι
2952 2095 3373 2169 κατορθώματα,
3431 2094 3533 2148 ὅσα
3585 2093 3707 2157 ταῖς

2131 2194 2383 2247 ἁπάντων
2412 2190 2566 2264 ἡμῶν
2593 2191 2789 2262 ψυχαῖς
2820 2186 3131 2261 ἐχαρίσατο.

1083 2311 1217 2366 Item
1239 2313 1294 2367 in
1318 2311 1456 2382 psal.
1479 2327 1625 2367 van
1655 2312 1847 2367 verba:
1880 2328 1899 2365 ι
1938 2310 2085 2367 Sicut
2108 2311 2283 2382 deﬁcit
2321 2311 2516 2381 fumus,
2548 2308 2817 2379 deﬁciant,
2857 2328 2873 2360 ι
2909 2319 3034 2375 etc.,
3066 2306 3117 2362 5.

540 2426 843 2483 Athanasii.
880 2425 1198 2483 Peccatores
1218 2444 1348 2484 vero
1382 2428 1617 2484 fortasse
1643 2429 1901 2484 dicuntur
1926 2429 2030 2500 ipsa

469 2519 745 2575 daemones
777 2499 986 2589 peccati
1016 2520 1365 2574 inventores:
1420 2520 1514 2590 qui
1544 2521 1707 2574 etiam
1753 2530 1812 2574 ut
1848 2519 2031 2574 fumus

470 2611 750 2679 deﬁciunt,
788 2627 819 2666 a
851 2621 1041 2667 sancto
1070 2609 1275 2681 Spiritu
1307 2612 1547 2667 submoti
1573 2629 1636 2667 ac
1661 2613 1935 2682 dispersi:
1980 2621 2034 2667 et

468 2708 531 2757 ut
576 2717 700 2757 cera
742 2702 1026 2773 liqueﬁunt
1066 2704 1487 2760 succumbentes
1517 2706 1767 2760 adventui
1801 2705 2028 2774 Christi,

465 2794 562 2864 qui
592 2794 733 2865 ignis
762 2795 962 2849 dicitur
988 2809 1319 2850 consumens
1352 2796 1777 2865 improbitatem.
1807 2796 1882 2853 De
1919 2815 2029 2853 ca:-

468 2892 587 2940 tero
615 2886 827 2941 sublata
870 2887 1177 2941 daamonum
1216 2889 1523 2958 tyrannide,
1553 2889 1648 2959 qui
1691 2905 1757 2944 ex
1806 2890 1913 2946 ﬁde
1940 2891 2029 2962 ju-

464 2976 683 3037 stiﬂcati
707 2987 854 3044 sunt,
879 2978 1151 3034 laetantur.

2221 2428 2597 2483 Ἀθανασίου.
2634 2426 2784 2495 Τάχα
2804 2424 2861 2478 δὲ
2884 2422 3195 2494 ἁμαρτωλοὶ
3220 2424 3269 2476 οί
3301 2421 3400 2492 τῆς
3432 2421 3704 2494 ἁμαρτίας

2135 2521 2352 2592 εὑρεταὶ
2378 2520 2646 2590 δαίμονες·
2682 2519 2732 2571 οἳ
2764 2517 2857 2570 καὶ
2910 2517 2985 2580 ὡς
3013 2515 3219 2579 καπνὸς
3260 2513 3592 2579 ἐκλείπουσι,
3624 2516 3702 2585 τῷ

2135 2613 2273 2684 ἁγίῳ
2311 2611 2584 2682 Πνεύματι
2618 2610 2960 2679 ἐλαυνόμενοι
3013 2609 3107 2662 καὶ
3146 2606 3578 2677 σκεδαννύμενοι·
3609 2607 3703 2659 καί⁵

2133 2707 2209 2769 ὡς
2236 2707 2403 2776 κηρὸς
2457 2705 2715 2774 τήκονται
2765 2702 3123 2773 ὑπορρέοντες
3183 2703 3247 2770 τῇ
3279 2698 3568 2769 ἐπιφανείᾳ
3608 2697 3701 2751 τοῦ

2132 2795 2387 2868 Χριστοῦ,
2417 2795 2474 2859 ὃς
2508 2794 2619 2866 πῦρ
2665 2793 2881 2861 λέγεται
2940 2791 3328 2845 καταναλίσκον
3368 2789 3465 2861 τὴν
3500 2787 3703 2860 μοχθη-

2134 2887 2277 2959 ρίαν.
2325 2887 2432 2940 Καὶ
2459 2884 2641 2938 λοιπὸν
2662 2885 2712 2936 οἱ
2736 2883 3111 2945 δικαιωθέντες
3148 2883 3211 2935 ὲκ
3243 2880 3493 2943 πίστεως,
3535 2895 3701 2933 κατα-

2132 2978 2382 3049 λυθείσης
2432 2978 2530 3050 τῆς
2587 2976 2896 3048 τυραννίδος
2958 2975 3068 3029 τῶν
3122 2973 3420 3045 δαιμόνων,
3472 2970 3699 3043 εὐφραί-

2132 3089 2288 3125 νοντα
2295 3089 2329 3125 ι.

1129 3183 1265 3239 Item
1292 3186 1348 3239 in
1375 3185 1606 3254 ejusdem
1626 3186 1818 3255 psalmi
1842 3185 2031 3242 verba:
2076 3207 2094 3241 ι
2137 3188 2328 3243 Paz'ate
2360 3190 2498 3242 viam
2521 3188 2590 3254 ei,
2621 3187 2731 3257 qui,
2770 3204 2789 3238 ι
2822 3194 2947 3250 etc.,
2979 3184 3031 3239 5.

534 3290 768 3359 Eusebii,
804 3294 1102 3349 Athanasii.
1126 3293 1190 3351 Et
1217 3297 1298 3352 sol
1319 3313 1535 3368 quoque
1563 3298 1651 3353 ille
1668 3298 1893 3369 iustitia:
1914 3298 2027 3354 for-
2055 3330 2057 3343 ι

2195 3304 2508 3367 Εὐσεόίου,
2553 3301 2932 3356 Ἀθανασίου.
2984 3298 3095 3352 Καὶ
3141 3300 3169 3352 6
3205 3297 3304 3368 τῆς
3356 3294 3701 3365 δικαιοσύνης

465 3397 610 3437 mam
639 3384 782 3438 servi
821 3384 1148 3454 suscipiens,
1180 3401 1245 3440 ac
1272 3387 1453 3442 radios
1481 3387 1694 3443 deitatis
1726 3404 1840 3444 sua:
1866 3391 2024 3459 quasi

466 3471 798 3540 subducens,
844 3472 1019 3544 deque
1066 3474 1206 3529 coelo
1250 3474 1609 3542 descendens,
1664 3475 1717 3530 in
1775 3490 2022 3545 corpore,

465 3563 578 3618 imo
610 3578 741 3618 vero
781 3563 946 3618 etiam
996 3563 1052 3618 in
1099 3565 1216 3634 ipsa
1252 3574 1452 3630 morte,
1503 3565 1724 3620 sustulit
1772 3566 2025 3620 tenebras

464 3652 751 3708 hominum
777 3652 976 3709 animis
1007 3653 1234 3710 oﬁ‘usas.
1266 3657 1333 3711 Et
1361 3656 1487 3712 licet
1514 3657 1569 3711 in
1598 3665 1838 3711 nostram
1865 3671 2026 3712 vene-

462 3750 536 3807 rit
559 3758 954 3821 paupertatem,
989 3753 1375 3822 prapriamque
1404 3753 1634 3824 gloriam
1680 3768 1775 3824 per
1803 3767 2026 3809 meone-

460 3844 631 3898 miam
664 3844 856 3899 umbra
881 3844 1284 3915 quodammodo
1309 3845 1634 3911 obscurarit,
1667 3860 1790 3900 cum
1825 3844 1890 3899 ad
1921 3844 2023 3899 ho-

460 3935 639 3992 mines
661 3936 1032 3997 descenderet,
1065 3951 1129 3991 ac
1157 3951 1379 3991 carnem
1409 3936 1719 3992 inhabitare
1748 3937 2021 4007 erupisset,

458 4027 821 4083 nihilominus
852 4036 1030 4083 tamen
1076 4026 1341 4084 Dominus
1379 4038 1464 4083 est
1492 4044 1686 4083 nomen
1734 4029 1858 4098 ipsi.
1887 4026 2022 4082 Nam

460 4120 625 4173 etiam
654 4119 817 4174 homo
843 4118 1020 4175 factus
1047 4132 1157 4174 non
1185 4108 1349 4176 desiit
1395 4134 1516 4174 esse
1557 4118 1722 4175 Deus.
1755 4117 2023 4173 Jubentur

460 4209 629 4283 igitur
664 4212 839 4268 sancti
871 4213 1098 4282 apostoli
1138 4213 1224 4268 his
1267 4212 1469 4279 verbis,
1517 4222 1576 4267 ut
1606 4213 1941 4267 exsultantes
1972 4221 2025 4267 et

456 4303 749 4359 laudantes
776 4304 935 4375 pleno
965 4320 1127 4360 cursu
1152 4305 1221 4360 ad
1252 4306 1481 4377 gentiles
1506 4304 1769 4371 ferantur,
1790 4320 1854 4360 ac
1876 4306 2020 4359 viam

454 4395 769 4450 animarum
816 4396 1059 4466 ipsorum
1095 4412 1190 4467 per
1218 4398 1661 4467 praedicationem
1715 4405 2024 4468 praeparent

458 4489 840 4545 universorum
869 4488 1023 4560 Regi.
1052 4488 1293 4546 Occasus
1328 4505 1455 4546 vero
1496 4491 1658 4545 etiam
1690 4505 1756 4546 ac
1806 4498 2018 4552 noctes.

453 4582 710 4639 fortassis
733 4593 860 4640 sunt
882 4586 1094 4651 animae,
1119 4601 1240 4656 qua
1260 4601 1325 4641 ex
1353 4587 1466 4642 sole
1491 4586 1716 4657 justitite
1737 4586 2019 4642 excident:

2126 3397 2293 3468 ἥλιος,
2325 3396 2537 3468 μορφὴν
2573 3395 2757 3449 δούλου
2821 3392 3019 3458 λαϐὼν,
3070 3391 3165 3445 καὶ
3225 3391 3322 3454 τὰς
3350 3391 3572 3453 ἀκτῖνας
3600 3390 3700 3460 τῆς

2124 3488 2285 3542 αὑτοῦ
2320 3487 2507 3559 ὥσπερ
2532 3486 2811 3548 συστείλας
2840 3485 3109 3554 θεότητος,
3144 3482 3238 3537 καὶ
3264 3482 3495 3545 καταδὺς
3537 3481 3596 3535 ὲν
3621 3479 3699 3548 τῷ

2125 3581 2357 3654 σώματι,
2389 3582 2422 3653 ἢ
2448 3581 2542 3635 καὶ
2562 3584 2618 3634 ὲν
2653 3578 2800 3650 αὑτῷ
2830 3578 2906 3650 τῷ
2942 3578 3175 3648 θανάτῳ,
3215 3577 3275 3630 τὸ
3323 3573 3700 3646 κατακεχυμέ-

2124 3691 2213 3729 νον
2248 3673 2353 3728 τῶν
2381 3673 2731 3744 ἀνθρωπείων
2769 3671 2955 3742 ψυχῶν
3001 3670 3189 3733 σκότος
3247 3668 3517 3738 ἀπήλασε.
3550 3665 3699 3736 Πλὴν

2086 3814 2101 3825 .
2123 3768 2172 3819 εί
2197 3765 2291 3820 καὶ
2319 3767 2418 3836 τῆς
2448 3765 2716 3837 ἡμετέρας
2750 3764 2917 3834 ἐπέϐη
2954 3762 3243 3832 πτωχείας.
3260 3760 3355 3814 καὶ
3375 3758 3471 3831 τὴν
3493 3757 3698 3811 οἰκείαν

2121 3857 2474 3927 οἰκονομικῶς
2503 3856 2822 3911 συνεσκίασε
2850 3854 3028 3919 δόξαν,
3076 3853 3183 3925 τὴν
3234 3854 3312 3915 εἰς
3376 3849 3697 3923 ἀνθρώπους

2124 3946 2489 4018 ποιησάμενος
2531 3945 2761 4017 πάροδον
2802 3945 2896 3999 καὶ
2941 3943 3039 4016 τὴν
3091 3943 3353 4015 ἔνσαρκον
3408 3941 3694 4012 ὲνδημίαν,

2122 4039 2234 4092 ἀλλ’
2266 4036 2358 4093 οὖν
2391 4039 2593 4111 Κύριος
2616 4040 2785 4111 ὄνομα
2806 4037 2970 4110 αὐτῷ.
3005 4038 3113 4093 Καὶ
3154 4037 3262 4108 γὰρ
3293 4035 3579 4108 ἄνθρωπος
3606 4049 3699 4103 γε·

2122 4133 2293 4200 γονὼς
2324 4134 2424 4185 οὐκ
2475 4132 2714 4186 ἀπέϐαλε
2765 4132 2826 4185 τὸ
2863 4127 3000 4185 εἶναι
3057 4130 3207 4192 Θεός.
3258 4127 3639 4200 Παρακελεύετ
3679 4146 3699 4180 ι

2118 4223 2296 4277 τοίνυν
2319 4226 2347 4278 6
2399 4224 2554 4293 λόγος
2581 4228 2695 4288 τοῖς
2747 4225 2909 4295 ἱεροῖς
2951 4222 3268 4281 ἀποστόλοις
3301 4221 3437 4292 μετά
3479 4221 3699 4291 χορείας

2123 4317 2215 4370 καὶ
2244 4316 2515 4388 ὑμνῳδίας
2548 4318 2628 4380 είς
2659 4316 2728 4370 τὰ
2749 4315 2874 4387 ἔθνη
2911 4316 3155 4387 δραμεῖν,
3178 4313 3272 4368 καὶ
3300 4313 3395 4385 τὴν
3425 4312 3542 4365 ὁδὸν
3589 4311 3700 4366 τῶν

2120 4406 2307 4479 ψυχῶν
2335 4408 2514 4461 αὐτῶν
2560 4408 2877 4480 εὐτρεπίσαι
2903 4408 2980 4476 τῷ
3023 4407 3133 4460 τῶν
3179 4406 3313 4459 ὅλων
3356 4402 3704 4474 παμϐασιλεῖ

2120 4500 2210 4554 διὰ
2231 4500 2325 4554 τοῦ
2358 4500 2730 4573 κηρύγματος.
2758 4497 2882 4554 Εἶεν
2910 4500 2955 4552 δ’
2974 4500 3041 4554 ἂν
3073 4499 3274 4569 δυσμαὶ
3300 4497 3476 4551 εἵτουν
3503 4496 3703 4558 νύκτες

2123 4591 2216 4644 καὶ
2241 4592 2296 4645 αί
2326 4591 2419 4645 τοῦ
2448 4593 2546 4663 τῆς
2574 4591 2919 4661 δικαιοσύνης
2961 4591 3113 4662 ἡλίου
3144 4588 3471 4644 ἐκπεσοῦσαι
3505 4586 3700 4659 ψυχαί·

456 4689 490 4730 a
519 4675 718 4746 quibus
745 4674 996 4737 Christus
1016 4678 1223 4734 erroris
1249 4678 1500 4734 tenebras
1528 4678 1832 4750 depulerat,
1860 4680 2016 4734 inha-
2054 4666 2057 4716 ¹

2133 4676 2195 4736 ὧν
2220 4684 2453 4755 Χριστὸς
2479 4685 2571 4737 τὸν
2601 4684 2703 4754 τῆς
2731 4682 2937 4755 πλάνης
2967 4681 3127 4752 ζόφον
3161 4681 3442 4752 ἐξήλασεν,
3480 4680 3706 4749 ἐνοική-

450 4771 635 4829 bitans
660 4772 794 4843 ipsis
822 4788 918 4844 per
942 4772 1129 4828 ﬁdem.

2133 4789 2220 4837 τας
2248 4775 2433 4840 αὑταῖς
2454 4774 2538 4828 διὰ
2563 4776 2816 4838 πίστεως.

1050 4887 1186 4942 Item
1220 4888 1273 4943 in
1308 4889 1499 4959 psalm.
1525 4905 1674 4944 Lxxu
1707 4888 1903 4944 verba:
1934 4891 2044 4944 Καὶ

2133 4891 2365 4945 τέλαεων
2388 4891 2487 4945 τοῦ
2518 4891 2740 4956 γνῶναι,
2773 4901 2898 4954 etc.,
2930 4908 2976 4944 υ.
3006 4888 3091 4942 16.

519 5042 587 5100 At
610 5043 908 5101 secundum
934 5042 1000 5098 D.
1029 5043 1384 5101 Athanasium
1410 5045 1487 5099 ait
1519 5042 1709 5109 David,
1742 5061 1864 5100 cum
1893 5046 2013 5100 θεῖα-

2192 5045 2265 5115 (6)
2294 5045 2449 5099 Κατὰ
2476 5047 2530 5099 δὲ
2556 5047 2644 5100 τὸν
2666 5046 2805 5099 θεῖον
2832 5045 3164 5106 Ἀθανάσιον,
3192 5043 3519 5114 ὑπονοήσας,
3540 5042 3704 5112 φησὶ,

452 5139 730 5194 stimarem
772 5151 934 5206 posse
983 5152 1069 5192 me
1111 5153 1449 5206 cognoscere
1483 5146 1590 5192 tam
1612 5136 1890 5208 'profunda
1922 5146 2012 5191 tua

2133 5135 2186 5188 τὰ
2215 5135 2357 5189 οὕτω
2390 5134 2558 5205 βαθέα
2597 5136 2800 5204 γνῶναι
2832 5135 3097 5205 κρίματα,
3138 5136 3195 5186 ὲν
3256 5132 3409 5201 κόπῳ
3438 5130 3708 5184 ἐνέϐαλον

445 5235 674 5307 judicia,
710 5231 917 5303 conjeci
950 5247 1034 5287 me
1061 5233 1113 5285 in
1145 5232 1465 5287 molestias:
1500 5246 1624 5285 cum
1659 5231 1749 5286 illa
1780 5230 1891 5285 sint
1923 5229 1999 5283 in-

2133 5226 2373 5297 ἐμαυτὸν,
2405 5225 2500 5279 ἆτε
2525 5226 2957 5297 ἀνεξερευνήτων
2985 5225 3173 5279 ὄντων.
3218 5221 3365 5295 Πλὴν
3388 5221 3480 5275 τὸν
3507 5221 3709 5277 δέοντα

450 5325 786 5383 scrutabilia.
834 5323 902 5377 Et
936 5332 1113 5377 tamen
1152 5322 1406 5376 idoneum
1450 5335 1640 5375 eorum
1674 5334 2006 5390 cognoscen-

2133 5320 2196 5381 είς
2226 5317 2323 5390 τὴν
2353 5316 2556 5371 τούτων
2598 5317 2797 5387 γνῶσιν
2859 5315 3077 5388 ἐμαυτῷ
3109 5316 3444 5387 πεπόρισμαι
3479 5314 3707 5385 καιρόν.

449 5414 642 5470 dorum
675 5425 887 5485 tempus
929 5414 1061 5468 mihi
1093 5412 1380 5483 acquisivi.
1414 5410 1468 5466 ιιι
1511 5427 1636 5466 vero
1682 5419 1766 5466 est
1793 5419 2004 5480 tempus

2133 5402 2278 5470 ὶῦτος
2314 5408 2369 5460 δὲ
2401 5402 2468 5478 ἦν
2491 5409 2517 5460 6
2542 5406 2635 5460 τοῦ
2665 5407 3010 5478 δικαστηρίου
3039 5407 3247 5477 καιρὸς,
3269 5406 3357 5457 ὅτε
3393 5400 3712 5470 ἀποδώσεις

450 5495 662 5571 iudicii,
691 5505 912 5574 quando
959 5502 1154 5558 reddes
1182 5502 1476 5571 unicuique
1500 5502 1803 5576 secundum
1842 5514 2006 5571 opera

2133 5499 2329 5571 εκάστῳ
2362 5499 2504 5554 κατά
2530 5498 2596 5553 τὰ
2632 5500 2766 5572 ἔργα
2794 5499 2977 5569 αὐτοῦ.
3024 5499 3156 5553 Τότε
3215 5497 3323 5571 γὰρ
3369 5495 3620 5569 ἀκριόὦς
3652 5497 3714 5553 οἱ

520 5674 600 5746 (6)
618 5674 741 5734 Hec
765 5680 1036 5751 superius,
1072 5680 1163 5734 sed
1195 5680 1464 5734 breviora.
