3934 6218
442 289 539 344 591
1299 284 1355 338 S.
1401 282 1774 339 ATHANASII
1807 283 1953 339 OPP.
1997 284 2174 340 PARS
2215 285 2301 342 111.
2360 321 2404 330 --
2439 282 2848 345 EXEGETICA.
3570 287 3662 343 59E

1159 722 1384 806 ΤΟΥ
1458 724 1600 809 ΕΝ
1675 718 2035 810 ΑΓΙΟΙΣ
2108 724 2536 838 ΠΑΤΡΟΣ
2610 727 2712 810 Hl

1380 724 1384 738 ’
1458 724 1600 809 EN
1675 718 2035 810 Al‘IOIZ
2108 724 2536 838 ΠΑΤΡΟΣ
2610 725 2933 820 ΗΜΩΝ

1393 934 2704 1074 ΑΘΑΝΑΣΙΟΥ

790 1224 2073 1342 ΑΡΧΙΕΠΙΣΚΟΠΟΥ
2182 1213 3328 1338 ΑΛΕΞΑΝΔΡΕΙΑΣ

967 1493 1800 1696 EPMHNEIA
1944 1499 2279 1628 ΤΩΝ
2405 1502 2520 1626 Ψ

1574 1493 1800 1626 ΞΙΑ
1944 1499 2279 1628 ΤΩΝ
2405 1492 3127 1631 ΨΑΛΜΩΝ

2035 1747 2080 1798 Η

1266 1933 1522 2020 ΠΕΡΙ
1611 1934 2232 2021 ΕΠΙΓΡΑΦΗΣ
2302 1935 2815 2026 ΨΑΛΜΩΝ.

1070 2337 1228 2493 s.
1335 2343 1507 2490 P.
1669 2340 1852 2493 N.
2000 2273 3092 2493 ATHANASII

1532 2605 2058 2663 ARCHIEPISCOPI
2096 2603 2564 2662 ALEXANDRUE

872 2784 2152 2966 INTERPRETATIO
2262 2780 3225 2917 PSALMORUM

1978 3044 2119 3087 ειη

1255 3206 1401 3294 DE
1477 3207 1967 3296 TITULIS
2040 3209 2820 3300 PSALMORUM.

804 3546 1210 3612 EPISTOLA
1267 3549 1662 3613 PRAEFIXA
1717 3549 2115 3616 EDITIONI
2157 3549 2357 3614 ΗΘΜ

1757 3549 2115 3616 ἴΙὶΙΤΙΟΝΙ
2157 3549 2535 3615 ΒΟΜΑΝίΕ
2591 3551 2813 3616 ΑΝΝΙ
2856 3551 3310 3617 MDCCXLYI.

1649 3889 1845 3935 SACRO
1897 3891 1975 3935 AC
2027 3889 2404 3935 VENERABILI

547 3989 795 4039 SANCTAE
846 3990 1119 4038 ΗΟΜΑΝᾸΞ
1175 3991 1475 4037 ECCLESIE
1528 3992 1952 4039 CARDINALIUM
1979 3992 2298 4052 COLLEGIO,
2355 3973 2684 4049 EfPlSCOPIS,
2725 3987 3168 4047 PRESBYTERIS,
3227 3987 3536 4035 DIACONIS.

505 4149 724 4225 Magnus
766 4155 1118 4220 Athanasius,
1152 4171 1313 4226 quem
1350 4155 1574 4211 laudare
1602 4156 1861 4212 virtutem
1914 4156 2142 4213 laudare
2174 4165 2277 4222 est;
2311 4158 2492 4212 aiebat
2528 4157 2586 4211 S.
2629 4157 2925 4227 Gregorius
2953 4154 3326 4211 Nazianzenus
3369 4157 3469 4227 (l),
3501 4161 3658 4214 novis

424 4246 666 4314 quotidie
690 4245 1016 4301 Arianorum
1055 4246 1345 4302 calumniis
1375 4258 1622 4311 vexatus,
1657 4254 1712 4302 et
1747 4263 2041 4317 pravorum
2085 4248 2371 4302 hominum
2407 4249 2816 4302 circumventus
2846 4247 3079 4312 insidiis,
3117 4244 3368 4310 Romam,
3397 4247 3556 4314 quasi
3589 4245 3655 4299 ad

426 4339 758 4393 tutissimum
786 4340 1186 4395 communionis
1223 4357 1336 4396 suae
1379 4350 1592 4410 portum
1639 4341 1900 4412 confugit,
1937 4352 1995 4396 ut
2033 4356 2173 4411 quos
2223 4357 2324 4396 nec
2361 4343 2642 4396 hominum
2673 4341 2870 4410 pudor,
2904 4355 3002 4395 nec
3047 4338 3136 4393 Dei
3170 4340 3332 4393 timor
3363 4339 3654 4400 retinebat,

423 4434 637 4504 prolato
666 4449 732 4488 ex
757 4433 905 4489 Petri
952 4435 1208 4490 cathedra
1238 4435 1400 4506 iusta:
1431 4435 1802 4491 damnationis
1827 4435 2068 4499 decreto,
2103 4435 2347 4490 Romana
2381 4447 2657 4492 coerceret
2687 4435 3003 4490 auctoritas.
3045 4433 3407 4505 Posteaquam
3435 4450 3568 4489 vero
3603 4435 3657 4486 in

425 4530 624 4589 Urbem
660 4534 920 4604 pervenit,
951 4533 1011 4589 B.
1051 4532 1250 4601 Julius,
1289 4534 1383 4604 qui
1423 4544 1536 4589 tum
1573 4533 1829 4589 Romana:
1862 4533 2119 4590 Ecclesiae
2163 4543 2415 4603 praeerat,
2458 4544 2512 4590 et
2540 4533 2944 4589 ecclesiasticus
2975 4537 3219 4594 senatus,
3251 4529 3345 4598 qui
3384 4527 3484 4597 ipsi
3517 4528 3660 4581 assi-

423 4629 604 4697 debat,
638 4639 980 4700 peramanter
1015 4643 1142 4684 eum
1170 4628 1616 4700 exceperuntﬁ),
1642 4628 1897 4683 amictum
1927 4629 2193 4683 consolati
2217 4638 2363 4692 sunt,
2396 4629 2664 4699 dcjectum
2691 4628 3066 4687 sublevarunt,
3095 4624 3439 4678 innocentem
3467 4621 3662 4677 defen-

420 4720 640 4783 derunt,
693 4730 942 4775 sanctum
986 4728 1041 4774 et
1090 4719 1240 4773 omni
1291 4721 1555 4772 virtutum
1599 4733 1796 4788 genere
1841 4719 2217 4782 cumulatum,
2278 4719 2496 4789 rejectis
2549 4720 2932 4775 haereticorum
2987 4714 3333 4781 criminibus,
3388 4716 3658 4784 prazclaro

420 4817 734 4875 testimonio
771 4832 870 4872 suo
911 4817 1164 4870 universo
1186 4816 1305 4870 orbi
1335 4814 1704 4869 declararunt.
1740 4813 1859 4868 Duo
1899 4824 2080 4868 autem
2113 4830 2178 4869 ex
2218 4813 2467 4870 Romano
2503 4814 2864 4887 presbyterio,
2897 4811 3140 4881 ejusdem
3179 4807 3308 4863 Julii
3350 4809 3657 4872 voluntate,

420 4912 668 4984 Elpidius
705 4922 760 4965 et
791 4909 1126 4965 Philoxenus
1155 4908 1476 4978 legationem
1502 4917 1860 4975 susceperunt
1891 4906 1957 4960 ad
1994 4905 2331 4962 Eusebianos
2365 4908 2670 4976 episcopos,
2703 4913 2761 4958 ut
2789 4918 2885 4959 eos
2923 4905 2990 4959 ad
3021 4904 3323 4958 Romanam
3358 4905 3657 4975 synodum,

417 5020 584 5075 quam
629 5004 730 5074 ipsi
771 5004 1198 5073 postulaverant,
1234 5013 1547 5058 evocarent.
1583 5002 1689 5056 Sed
1731 5002 1950 5071 expavit
1979 5003 2045 5056 ad
2091 5002 2365 5058 Romanos
2409 5003 2604 5059 aﬂ‘atus
2640 5002 2841 5056 Ariana
2871 5001 3162 5067 calliditas,
3192 5009 3247 5054 et
3279 4999 3658 5055 Romanorum

417 5093 577 5148 ﬁdem
613 5093 910 5162 pertimuit,
945 5108 1084 5160 quaz,
1123 5092 1386 5161 Apostolo
1427 5092 1775 5161 praedicante,
1805 5092 2023 5146 laudata
2049 5101 2134 5146 est
2170 5109 2183 5157 ;
2227 5105 2280 5148 et
2316 5095 2382 5148 ad
2427 5110 2522 5150 eos
2567 5095 2748 5150 venire
2791 5106 3109 5162 renuerunt,
3149 5099 3214 5150 ad
3248 5112 3386 5166 quos
3426 5097 3656 5165 perﬁdia

419 5184 620 5239 habere
653 5198 763 5239 non
797 5190 977 5251 potest
1005 5196 1310 5236 accessum.
1346 5182 1530 5250 Itaque
1565 5180 1767 5236 frustra
1804 5182 1896 5235 diu
1933 5184 2289 5251 exspectatis,
2320 5200 2444 5237 cum
2475 5185 2801 5240 delictorum
2840 5203 3068 5242 suorum
3107 5187 3444 5242 conscientia
3478 5190 3656 5242 territi

416 5274 483 5329 ad
518 5274 878 5345 prastitutam
913 5274 1078 5340 diem,
1116 5274 1298 5329 varias
1337 5274 1696 5329 contumacia:
1745 5289 1859 5327 sua:
1895 5283 2252 5341 praetexentes
2294 5292 2510 5342 causas,
2553 5277 2763 5347 judicio
2802 5281 2947 5335 sedis
2989 5280 3299 5349 apostolicae
3333 5295 3389 5334 se
3423 5280 3656 5334 minime

493 5472 567 5536 (l)
607 5473 664 5526 In
693 5472 844 5527 Orat.
887 5473 952 5527 de
993 5471 1050 5525 S.
1085 5473 1282 5526 Athan.
1319 5470 1538 5526 Hieron.
1583 5473 1635 5526 in
1681 5471 1963 5541 Epitaplu'o
2001 5472 2290 5528 Marcellw.

489 5541 562 5611 (Ξ)
602 5543 674 5618 [)e
703 5543 1202 5618 Adianasiiitinere
1224 5543 1472 5618 Ilomano
1499 5542 1972 5618 c(._cths-Apolog._
2005 5545 2479 5618 εοιψεα-ᾼνὶᾳηοε,
2517 5558 2648 5602 tom.
2679 5547 2721 5612 l,
2751 5565 2869 5618 pag.
2909 5549 3044 5613 110,
3078 5558 3131 5602 et
3167 5547 3308 5604 Hist.
3351 5553 3538 5607 Arian.
3583 5554 3651 5603 ad

413 5611 681 5690 monach.,
726 5628 779 5681 p.
817 5613 960 5678 9.27;
999 5612 1054 5668 S.
1083 5612 1354 5684 .Cyprian.
1389 5628 1475 5681 ep.
1537 5613 1627 5678 55,
1672 5612 1741 5664 ad
1780 5611 2040 5690 Cornle
2083 5612 2138 5668 S.
2192 5612 2296 5669 Jul.
2349 5616 2402 5670 in
2441 5611 2594 5687 epist.
2658 5611 2724 5672 ad
2752 5611 3009 5673 'Ifanium
3034 5611 3039 5613 ’
3064 5621 3296 5689 aliosque
3353 5621 3651 5678 Orientales

407 5681 690 5749 episcopos.
