3934 6218
317 352 424 413 593
1027 351 1114 408 DE
1157 351 1429 409 TITULIS
1469 351 1911 411 PSALMORUM.
1949 384 2015 392 -—
2057 350 2443 408 ANTONELLI
2485 350 2872 409 PREFATIO.
3464 358 3568 413 594

321 476 599 538 sisterent,
626 483 950 543 congregata
979 481 1062 527 est
1093 474 1310 527 demum
1345 471 1591 527 Romana
1619 474 1861 545 synodus
1900 475 1956 528 in
2003 490 2107 527 una
2148 488 2211 528 ex
2257 473 2452 528 vestris
2490 472 2804 528 titularibus
2848 473 3115 539 ecclesiis,
3153 474 3246 529 ubi
3282 473 3565 532 Romanus

320 565 609 638 presbyter
650 565 775 621 Vito
809 574 1110 620 conventus
1155 566 1368 635 agebat.
1411 564 1458 619 ls
1490 564 1635 620 enim
1679 581 1785 620 una
1830 580 1953 620 eum
2004 564 2292 621 Vincentio
2324 564 2556 621 Niczenae
2600 567 2811 638 synodo
2849 564 3119 632 interfuit,
3158 576 3212 621 et
3243 568 3372 637 quia
3403 569 3567 622 ambo

320 666 527 712 rectam
577 656 868 710 Athanasii
914 655 1072 708 fidem
1124 670 1449 723 morumque
1501 655 1864 724 integritatem
1914 656 2082 725 probe
2129 654 2405 724 cognitam
2454 665 2901 725 perspectamque
2944 657 3235 722 habebant,
3265 660 3566 717 verisimile

320 748 610 802 admodum
638 758 745 813 est,
768 747 910 801 sicut
948 760 1046 815 pro
1080 739 1334 797 Marcello
1364 742 1655 812 Ancyrano
1681 744 1959 813 episcopo,
1992 746 2164 797 multo
2205 744 2378 814 magis
2410 759 2509 812 pro
2542 745 2892 800 sanctissimo
2921 744 3292 803 Alexandrino
3320 749 3564 807 antistite

321 836 695 891 testimonium
721 851 817 890 eos
844 834 1049 889 dixisse
1081 832 1134 885 in
1166 846 1324 886 sacro
1353 830 1446 885 illo
1481 843 1775 896 conventu,
1813 834 1905 903 qui
1949 834 2191 888 unanimi
2239 849 2602 904 supremoque
2635 835 2845 905 judicio
2872 835 3153 891 Athanasii
3194 842 3559 896 innocentiam

321 929 581 983 adversus
619 927 946 982 Arianorum
987 926 1142 982 dolos
1170 942 1236 981 ac
1268 926 1489 982 fraudes
1522 927 1840 997 vindicavit,
1881 944 2115 1000 eamque
2149 930 2415 985 sententia
2458 946 2558 986 sua
2604 932 2849 989 veritatis
2885 948 2951 989 ac
2985 934 3213 1003 justitia:
3261 936 3561 1005 ponderata

319 1024 628 1089 libramine,
658 1021 998 1078 manifestam
1028 1023 1285 1078 omnibus
1312 1038 1377 1077 ac
1420 1030 1669 1078 testatam
1693 1039 1817 1079 esse
1850 1024 2043 1079 voluit.
2072 1024 2440 1090 Quamobrem
2483 1025 2725 1094 pontifex
2746 1024 2941 1089 Julius,
2970 1025 3112 1081 datis
3145 1025 3340 1081 deinde
3368 1025 3562 1081 litteris

320 1119 385 1172 ad
418 1118 626 1173 clerum
675 1125 731 1171 et
773 1115 1036 1186 populant
1070 1115 1526 1181 Alexandrinum,
1581 1118 1783 1186 quibus
1826 1116 1895 1172 de
1942 1117 2227 1172 Athanasii
2273 1118 2340 1171 ad
2380 1132 2478 1171 eos
2507 1117 2684 1172 reditu
2724 1119 3026 1189 gratulatus
3072 1126 3174 1182 est,
3227 1126 3348 1187 post
3377 1117 3560 1187 plures

321 1211 530 1274 laudes,
559 1210 762 1280 quibus
793 1217 1045 1264 sanctum
1080 1209 1392 1279 episcopum
1423 1210 1619 1265 merito
1648 1212 1801 1265 ell'ert
1833 1230 1845 1265 :
1883 1209 2024 1277 Quid
2056 1221 2261 1276 autem,
2292 1211 2490 1282 inquit,
2519 1221 2672 1268 tanto
2692 1213 2808 1268 viro
2840 1214 3062 1284 dignum
3091 1212 3325 1284 proferri
3361 1223 3557 1283 potest'

320 1304 412 1373 qui
468 1313 565 1364 tot,
618 1310 672 1355 et
713 1302 876 1356 tantis
929 1300 1300 1370 periculorum
1346 1302 1636 1356 exantlatis
1684 1302 1968 1358 laboribus
2024 1302 2269 1358 redditur
2307 1303 2524 1358 tandem
2575 1304 2731 1360 vobis
2774 1304 3086 1371 incolumis,
3143 1319 3254 1359 non
3296 1304 3559 1361 beneflcio

321 1395 493 1450 nostri
543 1392 944 1457 tantummodo,
993 1406 1179 1445 verum
1225 1390 1389 1445 etiam
1432 1392 1598 1446 totius
1643 1392 1859 1446 concilii
1904 1392 2112 1462 judicio
2146 1393 2271 1448 talis
2313 1393 2678 1451 declaratus?
2714 1395 2844 1452 Post
2889 1397 3004 1452 hinc
3042 1407 3248 1463 autem,
3285 1397 3554 1452 malorum

320 1488 601 1540 hominum
635 1486 762 1539 odio
796 1499 861 1539 ac
902 1480 1103 1536 invidia
1138 1482 1311 1551 magis
1353 1481 1631 1553 magisque
1666 1482 1946 1554 gliscente,
1992 1499 2274 1555 novasque
2321 1499 2537 1555 semper
2567 1485 2796 1543 insidias
2825 1495 3017 1542 contra
3046 1488 3330 1544 Athanasii
3358 1501 3557 1542 nomen

319 1582 669 1636 molientibus
688 1578 927 1646 Arianis,
964 1575 1304 1632 Sardicensis
1329 1579 1668 1633 meumenica
1696 1578 1937 1650 synodus
1968 1589 2263 1635 convocata
2302 1591 2408 1649 est,
2442 1582 2530 1638 cui
2560 1584 2670 1638 duo
2695 1581 2924 1640 Romani
2949 1585 3247 1656 presbyteri
3271 1584 3539 1640 Archida-

318 1696 441 1735 mus
475 1688 530 1733 et
565 1677 896 1732 Philosenus
957 1690 1081 1730 eum
1113 1672 1281 1730 llosio
1312 1675 1649 1731 Cordubensi
1689 1676 1966 1747 episcopo,
2000 1676 2223 1732 nomine
2249 1694 2313 1733 ac
2344 1679 2462 1734 vice
2484 1678 2615 1734 Julii
2660 1678 2931 1750 pontificis
2954 1674 3330 1747 praefuerunt;
3365 1677 3422 1731 in
3453 1675 3558 1731 hac

316 1789 446 1829 vero
497 1771 783 1826 Athanasii
838 1770 957 1825 fidei
1006 1771 1289 1842 integritas
1335 1772 1878 1841 vitiequesanctitas
1932 1788 2125 1828 rursus
2180 1774 2249 1828 ab
2305 1776 2558 1830 universa
2597 1775 2807 1846 synodo
2853 1773 3033 1844 agnita
3073 1781 3178 1838 est,
3216 1779 3272 1826 et
3306 1769 3553 1826 omnium

316 1863 592 1935 suffragiis
620 1872 808 1919 contra
855 1864 1091 1932 perfidos
1115 1872 1170 1918 et
1200 1864 1479 1920 catholicae
1514 1865 1761 1920 veritatis
1799 1874 1855 1920 et
1896 1864 2181 1922 Athanasii
2212 1868 2537 1923 innocentia:
2560 1868 2813 1923 inimicos
2835 1866 3206 1936 comprobata.
3253 1864 3359 1921 Sed
3383 1878 3556 1934 quor-

317 1974 439 2013 sum
491 1959 605 2012 htee
653 1966 762 2010 tam
799 1956 958 2027 longe
1008 1956 1259 2025 repetita.
1296 1965 1351 2010 et
1393 1956 1463 2011 ab
1513 1956 1640 2011 altis
1688 1965 1941 2011 revocata
1992 1957 2324 2027 principiis?
2360 1957 2647 2019 Nimirum,
2695 1968 2753 2012 ut
2789 1971 2979 2013 omnes
3025 1955 3347 2025 intelligant,
3389 1969 3554 2024 quam

315 2061 743 2109 consentaneum
775 2062 830 2107 et
856 2048 1185 2108 conveniens
1236 2046 1419 2110 fuerit,
1456 2056 1515 2102 ut
1554 2062 1692 2116 opus
1726 2046 1784 2101 S.
1815 2047 2126 2113 Athanasii,
2163 2048 2322 2118 cujus
2366 2049 2427 2103 Β.
2472 2048 2835 2119 Hieronymus
2875 2046 3143 2110 meminit,
3186 2045 3335 2116 quod
3374 2043 3451 2116 pii
3492 2059 3558 2099 ac

313 2145 515 2201 eruditi
551 2146 803 2200 homines
847 2141 1373 2205 diu'dcsiderarunt,
1438 2148 1493 2193 et
1532 2140 1734 2195 frustra
1778 2141 2090 2211 quaesitum,
2129 2143 2294 2197 veluti
2345 2143 2608 2198 amissum
2651 2158 2715 2198 ac
2748 2143 3086 2212 deperditum
3123 2141 3555 2212 complorarent,

315 2252 439 2291 cum
486 2252 633 2291 nunc
666 2238 902 2307 primum
941 2235 994 2290 in
1021 2236 1198 2291 lucem
1246 2235 1494 2306 prodeat,
1530 2235 1661 2290 illud
1696 2246 1877 2292 vestro
1920 2237 2118 2293 illustri
2163 2238 2385 2292 nomine
2430 2238 2774 2307 inscriptum,
2816 2248 2872 2293 et
2913 2239 3090 2304 vobis,
3135 2236 3556 2293 eminentissimi

315 2327 526 2390 Patres,
560 2329 800 2383 dicatum
832 2328 886 2382 in
911 2327 1190 2399 publicum
1220 2328 1434 2384 edatur.
1471 2327 1579 2383 Vos
1606 2331 1752 2383 enim
1784 2330 1927 2385 sacri
1963 2330 2111 2385 illius
2155 2334 2397 2397 senatus,
2420 2330 2514 2399 qui
2540 2345 2796 2400 magnum
2825 2329 3184 2386 Athanasium
3212 2328 3280 2384 ad
3313 2329 3373 2382 Β.
3409 2325 3557 2382 Petri

312 2420 656 2484 cathedram,
679 2419 747 2475 ad
779 2430 1027 2476 centrum
1057 2422 1302 2486 unitatis,
1325 2423 1392 2477 ad
1429 2422 1633 2478 fontem
1668 2424 1954 2479 catholica:
1996 2426 2405 2481 communionis
2450 2424 2853 2496 confugientem
2890 2426 3210 2496 complexus
3250 2433 3363 2489 est,
3397 2423 3554 2488 fovit,

313 2527 525 2573 tutatus
558 2530 677 2583 est,
714 2518 860 2573 vices
905 2520 1100 2574 tenetis
1130 2530 1184 2575 et
1218 2520 1569 2590 dignitatem;
1625 2523 1737 2575 imo
1772 2537 1901 2574 vero
1934 2537 2059 2576 cum
2086 2522 2141 2575 in
2173 2533 2418 2577 vestrum
2450 2521 2819 2577 clarissimum
2846 2531 3049 2577 emtum
3096 2531 3292 2591 prmter
3319 2526 3551 2589 septem,

314 2631 461 2668 nunc
488 2629 619 2668 vero
648 2630 741 2669 sex
774 2613 1080 2669 cardinales
1111 2615 1397 2685 episcopos
1434 2616 1673 2670 urbanos
1704 2632 1800 2669 seu
1840 2616 2268 2683 suburbicarios,
2299 2616 2639 2673 selectissimi
2678 2632 2745 2671 ex
2780 2624 2896 2670 toto
2927 2614 3059 2669 orbe
3087 2614 3240 2684 juxta
3271 2624 3553 2668 sacrorum

313 2722 589 2761 canonum
615 2708 925 2776 praescripta
950 2706 1027 2777 (5)
1067 2720 1098 2758 a
1128 2703 1388 2759 Romanis
1419 2704 1768 2774 pontificibus
1797 2707 2087 2776 cooptantli
2118 2706 2248 2774 sint,
2274 2707 2581 2763 admirabili
2609 2707 2808 2762 divinae
2829 2705 3189 2761 Providentiae
3224 2703 3280 2758 in
3309 2699 3554 2758 Ecclesia

315 2819 410 2858 sua
445 2803 729 2871 dirigenda
754 2819 819 2857 ac
857 2800 1209 2873 gubernanda
1235 2799 1487 2866 consilio,
1516 2815 1582 2854 eo
1605 2799 1868 2869 perducta
1905 2817 1994 2856 res
2014 2808 2119 2867 est,
2147 2811 2204 2856 ut
2229 2802 2607 2872 amplissimus
2633 2811 2816 2858 vester
2849 2801 2985 2856 ordo
3010 2815 3042 2855 e
3070 2799 3246 2854 tribus
3282 2795 3556 2867 supremis

314 2896 366 2951 in
398 2896 644 2951 Ecclesia
687 2896 991 2962 ordinibus,
1025 2911 1218 2966 nempe
1249 2895 1543 2965 episcopis,
1578 2896 1909 2967 presbyteris
1951 2905 2008 2951 et
2045 2897 2369 2952 diaconibus
2406 2896 2466 2950 S.
2506 2896 2573 2951 li.
2606 2896 2670 2952 Ε.
2704 2896 3077 2953 cardinalibus
3111 2891 3449 2961 compositus
3484 2902 3553 2943 ex

314 2993 573 3047 universo
597 3002 862 3045 ferratum
905 2992 1059 3056 urbe,
1098 3000 1159 3047 ut
1189 3000 1392 3046 sancta'
1440 2989 1696 3045 Ecclesize
1737 3005 1980 3046 canones
2018 2992 2244 3060 provide
2271 2991 2653 3062 sapienterque
2698 2996 3117 3058 consuluerunt,
3147 2990 3364 3047 selectis
3391 2998 3555 3060 atque

313 3089 613 3154 arcessitis,
648 3103 754 3143 non
782 3088 947 3142 modo
971 3087 1256 3157 antiquum
1303 3084 1611 3140 Romanum
1640 3085 2038 3156 presbyterium
2072 3094 2440 3157 repraesentet,
2471 3089 2565 3142 sed
2606 3085 2866 3143 Romanae
2891 3088 3106 3160 synodi,
3133 3100 3256 3157 quae
3293 3100 3325 3140 a
3361 3082 3554 3155 primis

310 3184 595 3239 catholicae
627 3183 747 3237 fidei
792 3183 1131 3252 temporibus
1170 3181 1416 3237 Romano
1460 3180 1703 3251 pontifici
1732 3183 2077 3251 gravissimis
2109 3184 2178 3238 de
2224 3183 2387 3239 rebus
2420 3184 2738 3240 deliberanti
2782 3200 2999 3255 semper
3037 3184 3245 3247 aderat,
3285 3190 3341 3238 et
3386 3195 3552 3251 quam

310 3279 483 3334 Graeci
513 3277 885 3348 ἐπιδημοῦσαν
919 3293 1014 3332 seu
1042 3277 1381 3347 ὲνδημοῦσαν
1423 3289 1642 3342 vocant,
1697 3284 1752 3331 et
1790 3293 1863 3349 egi

1995 3278 2202 3334 icabulo
2233 3278 2466 3335 fortasse
2511 3280 2654 3335 haud
2698 3281 2881 3351 inepto
2922 3286 3231 3347 praesentem
3278 3271 3548 3337 dixerim,

310 3374 490 3427 locum
536 3371 765 3440 adeptus
806 3370 878 3424 sit
917 3378 972 3424 et
1013 3368 1389 3423 auctoritatem
1426 3366 1599 3436 :quin
1641 3368 1829 3435 etiam,
1887 3367 2033 3438 quod
2085 3369 2242 3440 longe
2286 3371 2460 3441 magis
2514 3380 2618 3439 est,
2678 3368 3005 3425 universalis
3054 3363 3464 3437 quodamnodo,
3499 3368 3555 3417 et

312 3464 634 3528 t'omestiei,
674 3473 733 3518 ut
772 3465 873 3519 hoc
920 3464 1137 3517 nomine
1182 3472 1325 3527 utar,
1366 3462 1585 3517 concilii
1629 3461 1875 3518 Romano
1920 3465 2166 3534 pontifici
2208 3467 2464 3521 continue
2506 3466 2800 3521 assidentis
2838 3462 3348 3536 praestantissimam
3393 3458 3554 3513 nobis

313 3558 549 3624 speciem
584 3554 1119 3624 puleherrimamque
1150 3551 1440 3622 imaginem
1469 3551 1741 3617 exhibeat,
1773 3561 1827 3606 ct
1878 3561 2200 3622 potestatem
2229 3553 2391 3607 etiam
2428 3568 2537 3607 non
2568 3553 2792 3607 minima
2832 3568 2899 3607 ex
2939 3560 3093 3623 parte
3129 3549 3554 3619 dignitatemque

311 3649 579 3703 obtineat.
615 3647 696 3700 Ad
726 3646 839 3700 luce
880 3645 1110 3709 accedit,
1144 3641 1289 3713 quod
1320 3642 1500 3696 tenuis
1528 3641 1645 3697 haec
1684 3641 1887 3711 ingenii
1921 3643 2030 3695 mei
2057 3641 2310 3707 facultas,
2347 3650 2402 3696 et
2436 3643 2489 3694 in
2529 3641 2917 3697 ecclesiasticis
2939 3640 3172 3709 aliisque
3207 3637 3372 3692 rebus
3398 3634 3554 3689 labor

309 3751 364 3797 et
390 3742 686 3802 industria.
725 3753 1064 3808 quaecunque
1104 3751 1167 3791 ea
1212 3736 1305 3803 sit,
1334 3751 1498 3805 quam
1547 3736 1745 3799 sentio,
1780 3751 1946 3806 quam
1996 3738 2071 3791 sit
2115 3738 2337 3808 exigua,
2380 3746 2494 3791 tota
2537 3746 2718 3792 vestra
2764 3746 2869 3803 est,
2920 3744 3038 3790 tum
3087 3734 3303 3788 ratione
3362 3743 3555 3784 mune-

313 3833 408 3895 ris,
462 3846 574 3901 quo
613 3830 828 3900 fungor,
883 3838 997 3883 tum
1050 3824 1315 3881 electione
1364 3824 1660 3881 voluntatis
1696 3844 1710 3879 :
1744 3826 1957 3881 ratione
2008 3826 2228 3896 quidem
2262 3829 2528 3891 muneris,
2559 3828 2687 3898 quia
2737 3828 2938 3882 abbinc
2982 3825 3260 3881 biennium
3305 3820 3552 3876 omnium

311 3940 559 3983 vestrum
599 3925 870 3995 suffragiis
916 3938 947 3976 a
992 3921 1219 3976 secretis
1257 3919 1660 3988 praeclarissimi
1695 3920 1907 3989 collegii
1946 3921 2112 3975 vestri
2156 3920 2501 3976 renuntiatus
2541 3936 2687 3987 sum,
2721 3930 2775 3975 et
2809 3918 3205 3975 humanissima
3242 3914 3553 3970 animorum

312 4026 622 4071 ve~trorum
670 4011 1066 4084 significatione
1106 4017 1366 4078 exceptus
1399 4025 1414 4075 ;
1450 4008 1715 4063 electione
1769 4018 1952 4063 autem
2011 4010 2329 4075 voluntatis,
2356 4012 2482 4078 quia
2524 4026 2626 4082 ego
2669 4026 2884 4080 semper
2911 4007 3424 4079 praestantissimum
3461 4017 3556 4060 ve-

312 4125 488 4168 strum
524 4117 727 4165 coetum
764 4122 980 4163 summo
1005 4105 1174 4161 animi
1199 4102 1485 4173 obsequio,
1508 4112 1561 4157 et
1588 4117 1652 4157 ea
1687 4103 2057 4169 veneratione,
2091 4118 2201 4172 qua
2231 4118 2331 4172 par
2355 4114 2497 4171 erat,
2531 4114 2857 4173 prosecutus
2890 4114 3032 4156 sum.
3059 4096 3270 4152 Etenim
3311 4109 3343 4149 a
3374 4092 3554 4165 prima

305 4210 617 4278 jnventnte,
653 4204 904 4276 quamvis
943 4217 1009 4258 eo
1046 4214 1287 4272 tempore
1326 4200 1604 4255 assiduam
1653 4200 1796 4269 apud
1839 4200 2130 4256 duodecim
2174 4200 2360 4267 viros,
2403 4214 2544 4271 quos
2589 4200 2744 4255 Rotas
2788 4198 3065 4254 auditores
3097 4201 3332 4257 vocant,
3369 4189 3555 4247 0308i“

310 4297 708 4368 cognoscendis
736 4309 956 4364 operam
1001 4294 1208 4358 darem,
1251 4290 1319 4345 de
1349 4289 1633 4346 titulorum
1658 4289 1890 4360 origine,
1919 4290 2014 4360 qui
2043 4305 2074 4344 a
2102 4299 2294 4344 sancto
2333 4288 2585 4345 Evaristo
2614 4289 2878 4346 Romanis
2905 4286 3236 4360 presbyteris
3274 4278 3555 4340 distributi

310 4400 463 4457 sunt,
511 4390 690 4458 deque
759 4404 913 4443 sacra
949 4388 1193 4457 liturgia,
1221 4395 1275 4441 et
1318 4386 1385 4441 de
1428 4386 1676 4441 collectis
1713 4401 1808 4440 seu
1840 4386 2227 4457 eleemosynis,
2260 4386 2494 4457 aliisque
2517 4388 2700 4454 rebus,
2733 4402 2855 4458 qum
2882 4386 2949 4440 ad
2973 4385 3179 4450 titulos,
3216 4391 3271 4438 et
3295 4379 3555 4436 ecclesias

308 4493 529 4537 vestras
561 4482 926 4551 pertinebant,
956 4480 1198 4534 libellum
1231 4484 1284 4533 in
1318 4479 1591 4549 publicam
1615 4479 1793 4533 lucem
1828 4480 2010 4536 emisi.
2039 4479 2151 4536 Nec
2178 4483 2353 4536 multo
2378 4490 2523 4550 post,
2547 4496 2660 4535 uno
2689 4497 2755 4535 es
2786 4487 2965 4536 vestro
2994 4476 3223 4548 collegio
3256 4483 3312 4530 et
3339 4472 3555 4545 generis

309 4574 621 4639 nobilitate,
670 4582 724 4628 et
762 4586 976 4626 morum
1010 4571 1317 4640 integritate
1361 4570 1588 4633 eximio,
1633 4570 1728 4639 qui
1752 4569 2085 4639 jampridem
2133 4586 2196 4625 ex
2247 4571 2351 4624 hac
2397 4570 2615 4624 mortali
2660 4570 2771 4623 vita
2806 4569 2871 4623 ad
2902 4568 3178 4623 caelestem
3209 4564 3467 4635 patriam,
3494 4568 3558 4617 nt

309 4690 538 4744 sperare
566 4673 648 4729 fas
681 4681 786 4735 est,
820 4671 1094 4739 migravit,
1122 4670 1377 4723 hortante
1402 4684 1465 4723 ac
1493 4668 1779 4733 suadente,
1805 4658 2050 4723 vestrum
2082 4669 2492 4724 sanctissimum
2522 4684 2745 4735 nomen,
2781 4676 3129 4737 vestramque
3151 4661 3553 4724 auctoritatem,

308 4787 433 4842 qua:
461 4769 826 4840 quorumdam
875 4766 1247 4837 improborum
1294 4762 1642 4819 sermonibus
1690 4762 2076 4832 impetcbatur,
2110 4763 2251 4817 tueri
2283 4762 2468 4816 curavi
2512 4762 2728 4831 prolixo
2770 4774 2933 4832 Opere
2967 4757 3194 4826 scripto,
3232 4752 3378 4824 quod
3411 4764 3553 4804 nun-

308 4878 475 4932 quam
512 4861 749 4931 prodivit
782 4862 834 4913 in
884 4860 1182 4929 publicum,
1218 4860 1347 4929 quia
1391 4874 1570 4929 neque
1615 4858 1755 4912 ratio
1791 4866 2122 4927 temporum,
2152 4872 2274 4926 qua:
2299 4868 2487 4926 postea
2517 4858 2815 4913 subsecuta
2861 4861 3010 4918 sunt,
3036 4863 3216 4921 neque
3245 4843 3555 4916 reipublicae

309 4950 548 5014 utilitas,
578 4965 756 5017 neque
788 4949 896 5003 ulla
924 4948 1172 5017 ejusdem
1206 4947 1386 5017 Operis
1416 4946 1734 5016 praestantia
1762 4944 2029 5013 exigebat.
2057 4943 2261 5000 Deinde
2296 4961 2424 4999 vero
2451 4946 2717 5015 singulari
2737 4943 3087 5001 benilicentia
3113 4949 3320 4998 sancta:
3345 4949 3555 4990 meme.-

308 5044 404 5095 ria:
434 5039 736 5095 Clementis
771 5038 863 5092 ΧΠ
912 5042 1116 5095 credita
1163 5041 1296 5095 mihi
1329 5049 1413 5095 est
1460 5041 1707 5095 custodia
1753 5040 2049 5094 sanctioris
2087 5041 2295 5095 archivi
2336 5042 2502 5097 castri
2556 5041 2616 5095 S.
2664 5042 2876 5113 Angeli,
2907 5050 2963 5096 et
2991 5039 3155 5110 paulo
3188 5042 3311 5107 post
3350 5043 3554 5087 munus

308 5140 712 5197 abbreviatoris
745 5142 812 5197 de
843 5143 1018 5207 curia,
1048 5142 1330 5212 quibusin
1371 5140 1713 5206 muneribus,
1749 5139 1928 5209 quoad
1969 5139 2144 5209 potui,
2189 5154 2252 5194 ea
2298 5155 2433 5195 cura
2475 5154 2539 5193 ac
2578 5138 2861 5209 diligentia
2899 5139 3149 5190 versatus
3193 5139 3339 5189 sum.
3367 5130 3427 5177 ιιι
3456 5134 3555 5175 νοί

308 5234 418 5305 ipsi
440 5233 644 5302 saepius
673 5233 741 5287 de
771 5249 858 5287 me
887 5233 1499 5289 honorificentissimam
1542 5232 1920 5287 testimonium
1951 5230 2240 5301 perhibere
2270 5248 2379 5288 non
2408 5231 2811 5287 dubitaveritis.
2846 5231 3057 5284 interea
3091 5236 3221 5279 vero
3249 5220 3316 5274 iis
3343 5223 3552 5285 tempoa

308 5345 436 5385 rum
472 5328 798 5394 interVallis,
825 5344 946 5398 quae
968 5330 1100 5383 mihi
1126 5346 1156 5384 a
1178 5329 1407 5399 reliquis
1434 5328 1891 5398 occupationibus
1918 5328 2386 5393 concedebantur,
2414 5328 2647 5383 multum
2676 5341 2856 5398 opera:
2882 5320 3198 5387 laborisque
3235 5308 3552 5381 consumpsi

310 5422 369 5475 in
402 5419 745 5475 adornandis
775 5419 1273 5486 observationibus,
1301 5418 1770 5489 longioribusque,
1810 5418 1855 5472 si
1888 5418 2110 5487 quando
2150 5433 2291 5487 opus
2330 5417 2456 5481 fuit,
2499 5415 2980 5473 dissertationibus
3008 5407 3148 5480 typis
3174 5407 3338 5461 etiam
3373 5406 3427 5457 in
3453 5419 3555 5473 pu-

309 5512 516 5569 blicum
559 5511 746 5573 editis,
777 5525 876 5579 pro
918 5513 1254 5581 corrigendis
1284 5511 1675 5567 ecclesiasticis
1699 5508 2062 5566 Orientalium
2099 5513 2385 5567 nationum
2427 5513 2605 5577 libris,
2646 5521 2706 5568 ut
2726 5528 2791 5567 ex
2819 5506 3085 5564 sententia
3115 5498 3555 5574 congregationis

310 5607 704 5661 nonnullorum
737 5612 942 5659 sanctae
965 5604 1225 5659 Romanze
1250 5603 1507 5660 Ecclesiae
1543 5601 1925 5668 cardinalium,
1962 5605 2117 5673 cujus
2149 5619 2250 5674 ego
2290 5620 2319 5659 a
2355 5605 2582 5661 secretis
2616 5605 2685 5659 ab
2716 5605 2905 5660 eodem
2942 5602 3218 5659 Clemente
3247 5585 3365 5666 ΧΠ,
3416 5610 3559 5667 pone.

386 5746 462 5811 (3)
500 5744 712 5800 Concil.
739 5743 982 5801 Trident.
1014 5745 1087 5800 De
1115 5746 1351 5815 reform.,
1384 5761 1518 5802 sess.
1544 5760 1691 5810 xxiv,
1715 5759 1833 5814 cap.
1872 5744 1919 5800 i.
