3934 6218
352 366 458 422 595
1200 365 1256 422 8.
1296 366 1667 426 ATHANASII
1706 371 1857 428 OPP.
1900 374 2077 429 PARS
2113 374 2200 429 lll.
2233 407 2302 417 --
2334 369 2742 430 EXEGETICA.
3488 368 3590 423 598

356 483 595 540 tilcatus
647 482 733 539 sui
783 481 962 549 initio,
1000 482 1071 537 cl.
1110 498 1276 538 mem.
1322 484 1589 539 cardinali
1638 484 1933 543 Francisco
1979 488 2280 544 Barherino
2327 487 2640 557 postulante
2682 482 3034 548 constitutus,
3076 486 3131 534 et
3176 495 3205 534 a
3246 478 3592 535 sanctissimo

355 579 583 635 domino
610 585 800 634 nostro
835 577 1131 632 Benedicto
1170 577 1285 632 XIV
1309 579 1664 636 conﬁrmatus
1700 579 1800 648 fui,
1835 582 2109 637 emendati
2150 582 2211 636 in.
2236 579 2595 652 typographia
2629 592 2800 632 sacra:
2837 574 3274 647 congregationis
3297 575 3363 630 de
3384 573 3591 642 Propa-

357 677 534 747 ganda
565 676 697 730 Fide
722 675 791 730 ad
827 688 1174 729 communem
1197 682 1507 730 exterarum
1545 677 1829 731 nationum
1861 678 2149 731 utilitatem
2180 676 2646 746 imprimerentur.
2676 672 2902 726 Demum
2949 687 3043 741 per
3086 671 3274 726 eadem
3307 670 3422 724 lucc
3456 678 3594 722 tem-

357 778 516 835 pora,
557 765 773 833 quaties
808 762 943 817 mihi
971 761 1358 818 demandatum
1389 773 1493 829 est,
1527 774 1581 820 et
1603 778 1866 836 quantum
1906 768 2105 836 ingenii
2135 767 2238 821 mei
2281 764 2625 820 imbecillitas
2651 763 2876 833 aliaeque
2907 765 3293 834 occupationes
3322 761 3594 825 sinebant,

358 871 471 912 non
502 857 650 912 defui
676 858 729 911 in
761 858 1070 912 asserendis
1096 855 1359 914 Romanze
1399 858 1656 915 Ecclesiae
1684 861 2386 931 juribus,defendendaque
2414 860 2533 929 ejus
2556 859 2819 928 dignitate
2851 869 2904 913 et
2930 857 3279 919 auctoritate,
3301 865 3354 909 et
3374 853 3596 924 potissi-

362 965 512 1004 mum
534 950 587 1004 in
613 950 816 1004 tuendo
832 947 953 1016 ejus
968 949 1216 1005 dominio
1236 961 1399 1022 atque
1421 953 1646 1022 imperio
1666 954 1716 1008 in
1739 956 2083 1011 nobilissima
2108 955 2227 1024 ejus
2245 955 2556 1026 patrimonii
2576 962 2744 1024 parte,
2763 968 2882 1022 quae
2898 954 3127 1007 aliorum
3145 951 3312 1005 armis
3334 957 3597 1018 occupata

362 1047 658 1103 etiamnum
680 1047 952 1103 immerito
974 1047 1257 1110 retinetur,
1277 1050 1451 1105 donec
1471 1052 1674 1106 sedatis
1697 1061 1973 1107 tantorum
1992 1051 2255 1107 bellorum
2275 1052 2533 1114 motibus,
2550 1059 2598 1104 et
2620 1049 2822 1119 pacatis
2838 1044 3151 1101 bellantium
3169 1042 3472 1112 principum
3487 1054 3599 1093 ant-

362 1138 487 1204 mis,
506 1153 601 1208 per
616 1155 762 1206 eum,
786 1141 879 1212 qui
901 1138 1037 1195 mari
1058 1150 1113 1197 et
1138 1146 1315 1200 ventis
1334 1145 1586 1215 imperat,
1604 1162 1667 1202 ac
1692 1147 2136 1217 tranquillitatem
2166 1148 2315 1211 facit,
2338 1162 2462 1217 spes
2487 1147 2680 1200 melior
2702 1144 2931 1213 Europae
2955 1153 3007 1197 et
3046 1140 3307 1194 Romana:
3338 1135 3599 1192 Ecclesia:

363 1229 527 1286 rebus
572 1231 849 1304 all‘ulgeat.
879 1234 1061 1302 Quare
1107 1241 1431 1312 intelligitis,
1479 1242 1900 1299 eminentissimi
1947 1243 2159 1312 Patres,
2207 1260 2329 1299 mea
2363 1243 2568 1308 omnia,
2617 1241 3018 1313 qualiacunque
3055 1237 3184 1300 sint,
3223 1244 3409 1290 vestra
3452 1247 3595 1300 esse,

364 1339 489 1380 cum
523 1342 553 1382 a
580 1330 775 1399 primis
797 1333 1100 1403 iuventutis
1133 1339 1292 1395 annis
1329 1354 1492 1394 omne
1514 1355 1696 1396 meum
1744 1340 2011 1408 studium,
2047 1341 2349 1412 ingenium,
2382 1355 2629 1410 operam,
2664 1338 2901 1391 laborem
2940 1344 3101 1403 atque
3154 1329 3477 1385 industriam
3509 1342 3601 1383 ve-

367 1428 482 1476 stro
514 1425 744 1493 nomini,
776 1438 830 1482 et
853 1418 1167 1498 apostolicae
1196 1433 1309 1489 sedi
1353 1434 1567 1504 penitus
1596 1434 1897 1490 addixerim
1937 1451 2002 1492 ac
2031 1436 2349 1491 dicaverim.
2380 1435 2459 1489 Ex
2500 1434 2584 1489 bis
2613 1442 2792 1488 autem
2822 1441 3153 1500 cognoscere
3179 1424 3429 1494 potestis,
3465 1431 3600 1492 quot

367 1513 683 1571 nominibus
713 1518 869 1574 vobis
890 1520 1175 1577 deberetur
1200 1524 1521 1592 praclarum
1548 1524 1652 1580 hoc
1678 1525 1860 1595 magni
1891 1525 2177 1581 Athanasii
2211 1542 2372 1596 opus,
2410 1526 2464 1579 in
2511 1540 2621 1592 quo
2654 1538 2684 1579 e
2723 1521 2913 1577 Graeco
2947 1519 3001 1572 in
3034 1516 3288 1570 Latinum
3313 1512 3595 1577 vertendo,

367 1603 641 1672 corruptis
664 1605 720 1659 in
748 1606 906 1673 locis,
935 1611 1112 1678 quoad
1139 1611 1308 1676 valui,
1340 1612 1702 1679 emendando,
1729 1621 1784 1668 et
1812 1613 2094 1668 nonnullis
2124 1614 2307 1683 parvis
2332 1613 2475 1667 notis
2506 1610 2827 1666 illustrando
2852 1608 3169 1677 auctorique
3187 1621 3287 1661 suo
3310 1604 3602 1660 asserenda

368 1706 476 1750 non
508 1711 699 1766 parum
733 1701 1050 1757 allaboravi.
1092 1702 1160 1757 Ut
1183 1719 1310 1760 vero
1341 1708 1729 1762 munusculum
1759 1707 1882 1773 hoc,
1907 1707 2055 1778 quod
2085 1707 2241 1763 vobis
2276 1706 2580 1762 humillime
2616 1704 2817 1768 ol‘l‘ero,
2844 1702 3048 1758 lubenti
3080 1702 3262 1756 animo
3295 1698 3600 1768 excipiatis,

370 1786 505 1843 satis
533 1802 654 1844 esse
681 1801 811 1860 puto
837 1792 1118 1849 Athanasii
1149 1810 1347 1851 nomen
1377 1814 1391 1851 :
1434 1798 1537 1852 hac
1568 1814 1677 1853 una
1712 1799 1858 1854 enim
1898 1798 2394 1864 commendatione,
2459 1805 2642 1851 certus
2677 1809 2799 1849 sum
2846 1792 3003 1847 vobis
3049 1789 3169 1845 fore
3199 1787 3604 1858 gratissimum.

371 1875 507 1933 Nam
528 1881 994 1940 eminentissimus
1021 1884 1310 1951 Baronius,
1356 1903 1614 1958 magnum
1641 1889 1847 1944 ordinis
1870 1888 2037 1944 vestri
2057 1898 2439 1944 ornamentum
2458 1899 2512 1942 et
2530 1887 2719 1951 decus,
2746 1885 2799 1939 in
2824 1885 2940 1940 suis
2964 1881 3351 1937 Ecclesiasticis
3381 1877 3608 1932 Annali-

374 1966 591 2042 θ“³(4)τ
618 1989 637 2024 σ
660 1973 829 2041 Adeo,
864 1976 1063 2047 inquit,
1086 1992 1210 2051 post
1246 1992 1323 2038 tot
1344 1992 1602 2054 tantaque
1630 1984 1749 2054 ejus
1775 2000 1876 2055 pro
1891 1994 2036 2039 recta
2060 1985 2163 2039 ﬁde
2180 1984 2498 2045 certamina,
2517 1980 3009 2036 Athanasiinomen
3030 1977 3262 2049 posteris
3275 1975 3534 2030 doctrinae
3555 1980 3610 2026 et

374 2060 683 2119 sanctitatis
708 2063 1010 2134 fulgoribus
1038 2070 1245 2127 clarum
1284 2073 1508 2141 ell‘ulsit,
1536 2082 1596 2128 ut
1628 2090 1859 2145 quaeque
1885 2075 2060 2144 ipsius
2091 2076 2296 2144 scripta
2331 2089 2441 2129 non
2476 2075 2640 2128 modo
2666 2074 2821 2127 avide
2854 2072 3182 2141 legerentur,
3216 2067 3309 2123 sed
3343 2058 3606 2135 singulari

375 2156 609 2223 quadam
642 2161 947 2216 reverentia
977 2162 1305 2217 colerentur.
1347 2182 1366 2215 ι
1397 2162 1583 2233 Itaque
1605 2164 1742 2217 nihil
1769 2163 1916 2217 aliud
1955 2164 2088 2218 mihi
2122 2164 2392 2234 reliquum
2422 2173 2531 2228 est,
2561 2164 2666 2217 nisi
2693 2171 2751 2217 ut
2779 2162 2949 2217 Deum
2978 2160 3342 2216 immortalem
3370 2153 3611 2211 submis-

375 2243 455 2300 sis
479 2247 735 2315 precibus
762 2265 935 2319 orem,
967 2262 1143 2308 utvos
1165 2252 1259 2307 diu
1295 2266 1459 2308 sanos
1485 2262 1649 2324 atque
1680 2255 1982 2310 incolumes
2012 2265 2228 2325 prastet
2263 2271 2389 2310 cum
2433 2270 2692 2325 supremo
2739 2263 2947 2316 nostro,
2985 2260 3148 2320 atque
3192 2247 3440 2302 omnium
3470 2242 3605 2298 iide-

377 2334 511 2391 lium
540 2349 762 2408 pastore
784 2340 1077 2401 Benedicto
1097 2345 1239 2415 XIV,
1264 2350 1549 2406 catholicae
1575 2350 1847 2418 Ecclesiae,
1872 2352 2254 2422 plaudentibus
2286 2350 2561 2414 omnibus,
2595 2343 2855 2405 divinitus
2892 2347 3042 2413 dato,
3073 2344 3163 2415 qui
3187 2350 3450 2413 quantum
3473 2338 3614 2392 inter

377 2431 616 2504 reliquos
642 2439 902 2493 mortales
923 2441 1183 2512 dignitate
1204 2459 1268 2499 ac
1299 2453 1564 2514 potestate
1593 2446 1928 2516 praeeminet,
1963 2453 2173 2501 tantum
2204 2445 2421 2516 ingenio
2448 2458 2745 2512 rerumque
2783 2438 3138 2510 intelligentia
3181 2432 3439 2505 praecellit
3469 2448 3482 2484 :
3516 2428 3609 2497 qui

379 2538 502 2579 cum
535 2530 820 2598 apostolici
849 2534 1049 2601 gradus
1089 2533 1420 2590 sublimitate
1465 2550 1632 2606 supra
1664 2550 1853 2590 omnes
1893 2536 1983 2602 sit,
2028 2537 2368 2590 humanitate
2402 2550 2467 2588 ac
2503 2534 2833 2604 benignitate
2864 2531 3004 2597 infra
3054 2542 3245 2585 omnes
3294 2539 3415 2580 esse
3457 2520 3611 2576 vides

379 2626 467 2674 tur
514 2639 529 2675 :
586 2622 680 2691 qui
739 2640 824 2679 me
874 2626 1053 2681 adhuc
1084 2628 1479 2685 adolescentem
1523 2629 1785 2700 singulari
1835 2629 2207 2685 benevolentia
2239 2630 2558 2698 complexus
2597 2637 2680 2682 est
2711 2646 2724 2680 :
2759 2627 2853 2697 qui
2901 2640 2989 2679 me
3021 2639 3128 2678 non
3181 2621 3354 2678 solum
3388 2616 3610 2682 verbis,

378 2716 475 2769 sed
526 2718 688 2772 etiam
741 2720 1001 2789 praeclaro
1046 2724 1295 2793 exemplo
1342 2740 1465 2789 suo,
1503 2734 1558 2779 et
1607 2725 1674 2780 ad
1722 2725 1867 2795 juris
1914 2734 2022 2778 tam
2079 2724 2273 2793 privati
2334 2738 2498 2792 quam
2553 2721 2753 2792 publici
2805 2718 3054 2775 notitiam
3088 2710 3513 2783 assequendum,
3557 2716 3613 2763 et

380 2804 449 2858 ad
519 2806 634 2862 hac
694 2807 800 2862 alia
857 2810 1130 2865 sanctiora
1188 2813 1399 2874 studia,
1458 2830 1581 2884 quae
1638 2814 1692 2868 in
1761 2823 1962 2870 sortem
2027 2813 2123 2868 Dei
2178 2822 2402 2868 vocatos
2468 2814 2706 2867 maxime
2769 2812 2999 2874 decent,
3071 2807 3252 2862 verbis
3312 2804 3427 2860 suis
3496 2801 3610 2868 jam

381 2900 511 2955 olim
547 2901 763 2972 impulit
801 2918 865 2960 ac
908 2905 1255 2960 stimulavit:
1292 2907 1386 2976 qui
1450 2922 1699 2962 summus
1756 2907 2013 2963 Ecclesiae
2055 2904 2299 2976 pontifex
2344 2905 2711 2965 renuntiatus,
2767 2913 2983 2972 postero
3040 2897 3328 2955 electionis
3392 2894 3501 2958 die,
3550 2905 3617 2949 ut

382 2993 668 3051 liberiores
690 2997 823 3051 mihi
851 2998 917 3052 ad
948 3012 1072 3053 eum
1100 2997 1278 3052 aditus
1319 3006 1526 3063 essent,
1570 2998 1710 3053 inter
1750 2997 2068 3061 familiares,
2109 2995 2201 3068 qui
2245 2995 2314 3050 ab
2354 2995 2547 3049 intimo
2572 2993 2827 3048 cubiculo
2874 2999 3023 3056 sunt,
3077 2989 3316 3059 primum
3367 2982 3612 3038 omnium

380 3087 602 3151 ascivit,
626 3097 682 3143 et
717 3090 1102 3159 triennio-post
1128 3104 1160 3144 a
1209 3089 1431 3145 secretis
1457 3104 1628 3145 sacrae
1661 3088 2098 3159 congregationis
2135 3102 2300 3157 super
2329 3086 2493 3141 rebus
2523 3082 2998 3141 consistorialibus
3034 3077 3330 3135 declaravit
3357 3094 3371 3130 :
3397 3073 3492 3143 qui
3518 3072 3614 3127 de-

385 3193 559 3242 mum,
590 3194 715 3234 cum
762 3196 944 3236 rerum
986 3179 1480 3236 ecclesiasticarum
1525 3178 1830 3244 scientiam,
1860 3187 1913 3234 et
1942 3193 2220 3233 sacrarum
2275 3177 2577 3232 litterarum
2612 3173 2791 3230 studia
2825 3189 2934 3229 non
2989 3170 3152 3226 modo
3188 3169 3241 3222 in
3273 3182 3332 3222 se
3362 3172 3508 3219 amet
3553 3176 3616 3217 ac

385 3268 594 3339 diligat,
625 3269 719 3325 sed
741 3271 903 3325 etiam
935 3270 989 3323 in
1015 3270 1138 3325 aliis
1164 3284 1285 3324 esse
1314 3274 1476 3338 qu‘am
1506 3270 1742 3324 maxime
1765 3268 1971 3338 cupiat,
2015 3283 2239 3337 parvam
2286 3281 2462 3320 meam
2493 3264 2877 3319 bibliothecam
2905 3259 3182 3331 prmclaris
3215 3256 3332 3311 suis
3360 3250 3615 3323 operibus

390 3354 465 3409 De
514 3357 900 3425 beati/icatione
947 3367 997 3412 et
1058 3359 1460 3413 canonizatione
1512 3374 1781 3414 servorum
1830 3357 1965 3424 Dei,
2012 3357 2089 3411 De
2143 3356 2272 3411 Iesu
2319 3355 2517 3411 Christi
2576 3353 2868 3422 Matrisque
2917 3354 3031 3423 ejus
3096 3350 3273 3418 festis,
3324 3343 3401 3400 De
3446 3342 3618 3395 Μίδεω

386 3448 649 3517 sacriﬁcio
698 3451 993 3506 liberaliter
1042 3450 1260 3509 donatis
1298 3453 1596 3520 instruxit,
1646 3469 1755 3524 quo
1780 3468 2006 3509 munere
2034 3453 2167 3507 nihil
2195 3452 2325 3506 mihi
2359 3450 2696 3522 splendidius
2726 3442 3264 3518 magniﬁcentiusque
3296 3451 3419 3492 esse
3456 3435 3615 3490 duco.

391 3537 598 3598 Valete.

634 3701 798 3753 Romae
862 3704 1092 3753 Kalendis
1114 3703 1243 3753 Junii
1286 3705 1400 3753 l7l6
2556 3755 2787 3805 Nimbus
2807 3757 3118 3803 Amm;ng

1968 3850 2195 3913 Ejusdem
2221 3861 2318 3899 sae.
2348 3848 2556 3910 Collegii
2581 3854 2633 3896 et
2651 3860 2747 3895 sae.
2772 3843 3053 3895 Consistorii
3079 3856 3104 3890 a
3130 3837 3342 3890 secretis

462 3980 540 4049 (εἴ
573 3980 653 4037 Ad
679 3996 771 4039 an.
799 3982 921 4048 540,
950 4000 1003 4038 n.
1037 3978 1127 4035 ΧΙ.
