  <div class='ocr_page' id='page_1' title='image "/cluster/home/n/w/nwhite01/storage/ocr_20150623/27/mdp.39015007065769/320.png"; bbox 0 0 3934 6218; ppageno 0'>
   <div class='ocr_carea' id='block_1_1' title="bbox 326 357 3553 436">
    <p class='ocr_par' dir='ltr' id='par_1_1' title="bbox 326 357 3553 436">
     <span class='ocr_line' id='line_1_1' title="bbox 326 357 3553 436; baseline 0.003 -21"><span class='ocrx_word' id='word_1_1' title='bbox 326 357 419 415; x_wconf 68' lang='grc' dir='ltr'><strong>ωΙ</strong></span> <span class='ocrx_word' id='word_1_2' title='bbox 992 366 1079 423; x_wconf 86' lang='lat' dir='ltr'><strong>DE</strong></span> <span class='ocrx_word' id='word_1_3' title='bbox 1122 368 1395 429; x_wconf 83' lang='lat' dir='ltr'><strong>TITULIS</strong></span> <span class='ocrx_word' id='word_1_4' title='bbox 1437 373 1885 434; x_wconf 79' lang='lat' dir='ltr'><strong>PSALMORUM.</strong></span> <span class='ocrx_word' id='word_1_5' title='bbox 1922 407 1994 420; x_wconf 89' lang='lat'><strong><em>—</em></strong></span> <span class='ocrx_word' id='word_1_6' title='bbox 2029 373 2842 436; x_wconf 63' lang='lat' dir='ltr'><strong>ANTONELLIiPREFATlO.</strong></span> <span class='ocrx_word' id='word_1_7' title='bbox 3447 369 3553 425; x_wconf 75' lang='lat'><strong>602</strong></span> 
     </span>
    </p>
   </div>
   <div class='ocr_carea' id='block_1_2' title="bbox 324 479 3551 554">
    <p class='ocr_par' dir='ltr' id='par_1_2' title="bbox 324 479 3551 554">
     <span class='ocr_line' id='line_1_2' title="bbox 324 479 3551 554; baseline 0.003 -27"><span class='ocrx_word' id='word_1_8' title='bbox 324 489 542 543; x_wconf 75' lang='lat' dir='ltr'><strong>sequor,</strong></span> <span class='ocrx_word' id='word_1_9' title='bbox 569 492 601 533; x_wconf 86' lang='lat' dir='ltr'><strong>a</strong></span> <span class='ocrx_word' id='word_1_10' title='bbox 630 479 918 546; x_wconf 77' lang='lat' dir='ltr'><strong>sententia,</strong></span> <span class='ocrx_word' id='word_1_11' title='bbox 944 489 998 535; x_wconf 89' lang='lat' dir='ltr'><strong>et</strong></span> <span class='ocrx_word' id='word_1_12' title='bbox 1029 492 1211 540; x_wconf 92' lang='lat' dir='ltr'><strong>mente</strong></span> <span class='ocrx_word' id='word_1_13' title='bbox 1242 488 1579 545; x_wconf 84' lang='lat' dir='ltr'><strong>sanctissimi</strong></span> <span class='ocrx_word' id='word_1_14' title='bbox 1623 491 1868 547; x_wconf 88' lang='lat' dir='ltr'><strong>doctoris</strong></span> <span class='ocrx_word' id='word_1_15' title='bbox 1914 490 2268 547; x_wconf 75' lang='lat' dir='ltr'><strong>discederem.</strong></span> <span class='ocrx_word' id='word_1_16' title='bbox 2315 489 2569 545; x_wconf 89' lang='lat' dir='ltr'><strong>Albertus</strong></span> <span class='ocrx_word' id='word_1_17' title='bbox 2613 487 2896 543; x_wconf 90' lang='lat' dir='ltr'><strong>Fabriclus</strong></span> <span class='ocrx_word' id='word_1_18' title='bbox 2926 483 3111 540; x_wconf 78' lang='lat' dir='ltr'><strong>scribit</strong></span> <span class='ocrx_word' id='word_1_19' title='bbox 3160 480 3453 554; x_wconf 84' lang='lat' dir='ltr'><strong>Hamburgi</strong></span> <span class='ocrx_word' id='word_1_20' title='bbox 3494 483 3551 539; x_wconf 93' lang='lat' dir='ltr'><strong>in</strong></span> 
     </span>
    </p>
   </div>
   <div class='ocr_carea' id='block_1_3' title="bbox 323 566 3554 650">
    <p class='ocr_par' dir='ltr' id='par_1_3' title="bbox 323 566 3554 650">
     <span class='ocr_line' id='line_1_3' title="bbox 323 566 3554 650; baseline 0.003 -27"><span class='ocrx_word' id='word_1_21' title='bbox 323 566 652 625; x_wconf 78' lang='lat' dir='ltr'><strong>bibliotheca</strong></span> <span class='ocrx_word' id='word_1_22' title='bbox 678 568 922 626; x_wconf 87' lang='lat' dir='ltr'><strong>Joannea</strong></span> <span class='ocrx_word' id='word_1_23' title='bbox 951 583 1165 631; x_wconf 78' lang='lat' dir='ltr'><strong>exstare</strong></span> <span class='ocrx_word' id='word_1_24' title='bbox 1194 580 1619 650; x_wconf 90' lang='lat' dir='ltr'><strong>manuscriptam</strong></span> <span class='ocrx_word' id='word_1_25' title='bbox 1654 583 1959 638; x_wconf 78' lang='lat' dir='ltr'><strong>versionem</strong></span> <span class='ocrx_word' id='word_1_26' title='bbox 2006 581 2253 637; x_wconf 81' lang='lat' dir='ltr'><strong>Latinam</strong></span> <span class='ocrx_word' id='word_1_27' title='bbox 2306 579 2363 635; x_wconf 90' lang='lat' dir='ltr'><strong>S.</strong></span> <span class='ocrx_word' id='word_1_28' title='bbox 2406 580 2686 635; x_wconf 80' lang='lat' dir='ltr'><strong>Athanasii</strong></span> <span class='ocrx_word' id='word_1_29' title='bbox 2732 580 2787 633; x_wconf 85' lang='lat' dir='ltr'><strong>in</strong></span> <span class='ocrx_word' id='word_1_30' title='bbox 2823 579 3064 634; x_wconf 80' lang='lat' dir='ltr'><strong>Psalmos</strong></span> <span class='ocrx_word' id='word_1_31' title='bbox 3115 579 3444 636; x_wconf 83' lang='lat' dir='ltr'><strong>elaboratam</strong></span> <span class='ocrx_word' id='word_1_32' title='bbox 3461 580 3554 635; x_wconf 62' lang='lat' dir='ltr'><strong>rab</strong></span> 
     </span>
    </p>
   </div>
   <div class='ocr_carea' id='block_1_4' title="bbox 323 658 3550 742">
    <p class='ocr_par' dir='ltr' id='par_1_4' title="bbox 323 658 3550 742">
     <span class='ocr_line' id='line_1_4' title="bbox 323 658 3550 742; baseline 0.002 -28"><span class='ocrx_word' id='word_1_33' title='bbox 323 658 439 715; x_wconf 85' lang='lat' dir='ltr'><strong>Elia</strong></span> <span class='ocrx_word' id='word_1_34' title='bbox 474 661 771 734; x_wconf 76' lang='lat' dir='ltr'><strong>Eliingero,</strong></span> <span class='ocrx_word' id='word_1_35' title='bbox 813 663 906 733; x_wconf 88' lang='lat' dir='ltr'><strong>qui</strong></span> <span class='ocrx_word' id='word_1_36' title='bbox 954 665 1142 720; x_wconf 82' lang='lat' dir='ltr'><strong>codice</strong></span> <span class='ocrx_word' id='word_1_37' title='bbox 1173 667 1361 722; x_wconf 64' lang='lat' dir='ltr'><strong>Graeco</strong></span> <span class='ocrx_word' id='word_1_38' title='bbox 1411 669 1753 726; x_wconf 66' lang='lat' dir='ltr'><strong>bibliotheca:</strong></span> <span class='ocrx_word' id='word_1_39' title='bbox 1793 670 2124 742; x_wconf 76' lang='lat' dir='ltr'><strong>Augustanae</strong></span> <span class='ocrx_word' id='word_1_40' title='bbox 2158 686 2292 726; x_wconf 89' lang='lat' dir='ltr'><strong>usus</strong></span> <span class='ocrx_word' id='word_1_41' title='bbox 2323 676 2426 725; x_wconf 88' lang='lat' dir='ltr'><strong>est.</strong></span> <span class='ocrx_word' id='word_1_42' title='bbox 2474 670 2555 723; x_wconf 91' lang='lat' dir='ltr'><strong>An</strong></span> <span class='ocrx_word' id='word_1_43' title='bbox 2601 669 2691 723; x_wconf 89' lang='lat' dir='ltr'><strong>illa</strong></span> <span class='ocrx_word' id='word_1_44' title='bbox 2726 668 3010 724; x_wconf 83' lang='lat' dir='ltr'><strong>translatio</strong></span> <span class='ocrx_word' id='word_1_45' title='bbox 3038 668 3109 722; x_wconf 90' lang='lat' dir='ltr'><strong>sit</strong></span> <span class='ocrx_word' id='word_1_46' title='bbox 3139 666 3366 736; x_wconf 86' lang='lat' dir='ltr'><strong>hujusce</strong></span> <span class='ocrx_word' id='word_1_47' title='bbox 3403 681 3550 721; x_wconf 65' lang='lat' dir='ltr'><strong>como</strong></span> 
     </span>
    </p>
   </div>
   <div class='ocr_carea' id='block_1_5' title="bbox 324 754 3555 830">
    <p class='ocr_par' dir='ltr' id='par_1_5' title="bbox 324 754 3555 830">
     <span class='ocr_line' id='line_1_5' title="bbox 324 754 3555 830; baseline 0.002 -23"><span class='ocrx_word' id='word_1_48' title='bbox 324 754 601 820; x_wconf 88' lang='lat' dir='ltr'><strong>mentarii,</strong></span> <span class='ocrx_word' id='word_1_49' title='bbox 639 770 735 810; x_wconf 87' lang='lat' dir='ltr'><strong>seu</strong></span> <span class='ocrx_word' id='word_1_50' title='bbox 764 756 1145 828; x_wconf 84' lang='lat' dir='ltr'><strong>metaphrasis,</strong></span> <span class='ocrx_word' id='word_1_51' title='bbox 1172 776 1334 830; x_wconf 91' lang='lat' dir='ltr'><strong>quam</strong></span> <span class='ocrx_word' id='word_1_52' title='bbox 1368 778 1514 819; x_wconf 90' lang='lat' dir='ltr'><strong>nunc</strong></span> <span class='ocrx_word' id='word_1_53' title='bbox 1566 764 1618 817; x_wconf 91' lang='lat' dir='ltr'><strong>in</strong></span> <span class='ocrx_word' id='word_1_54' title='bbox 1661 765 1831 820; x_wconf 91' lang='lat' dir='ltr'><strong>lucem</strong></span> <span class='ocrx_word' id='word_1_55' title='bbox 1859 766 2078 829; x_wconf 87' lang='lat' dir='ltr'><strong>damus,</strong></span> <span class='ocrx_word' id='word_1_56' title='bbox 2107 780 2174 819; x_wconf 89' lang='lat' dir='ltr'><strong>an</strong></span> <span class='ocrx_word' id='word_1_57' title='bbox 2201 780 2330 820; x_wconf 90' lang='lat' dir='ltr'><strong>vero</strong></span> <span class='ocrx_word' id='word_1_58' title='bbox 2360 764 2584 818; x_wconf 87' lang='lat' dir='ltr'><strong>alterius</strong></span> <span class='ocrx_word' id='word_1_59' title='bbox 2611 762 2833 817; x_wconf 94' lang='lat' dir='ltr'><strong>omnino</strong></span> <span class='ocrx_word' id='word_1_60' title='bbox 2862 762 3107 825; x_wconf 64' lang='lat' dir='ltr'><strong>diversae,</strong></span> <span class='ocrx_word' id='word_1_61' title='bbox 3135 769 3285 815; x_wconf 89' lang='lat' dir='ltr'><strong>certo</strong></span> <span class='ocrx_word' id='word_1_62' title='bbox 3317 769 3555 816; x_wconf 87' lang='lat' dir='ltr'><strong>statuere</strong></span> 
     </span>
    </p>
   </div>
   <div class='ocr_carea' id='block_1_6' title="bbox 324 850 3551 926">
    <p class='ocr_par' dir='ltr' id='par_1_6' title="bbox 324 850 3551 926">
     <span class='ocr_line' id='line_1_6' title="bbox 324 850 3551 926; baseline 0 -23"><span class='ocrx_word' id='word_1_63' title='bbox 324 864 433 904; x_wconf 87' lang='lat' dir='ltr'><strong>non</strong></span> <span class='ocrx_word' id='word_1_64' title='bbox 468 852 671 919; x_wconf 83' lang='lat' dir='ltr'><strong>ausim,</strong></span> <span class='ocrx_word' id='word_1_65' title='bbox 703 868 826 907; x_wconf 89' lang='lat' dir='ltr'><strong>cum</strong></span> <span class='ocrx_word' id='word_1_66' title='bbox 854 852 920 907; x_wconf 91' lang='lat' dir='ltr'><strong>ad</strong></span> <span class='ocrx_word' id='word_1_67' title='bbox 951 867 1146 907; x_wconf 91' lang='lat' dir='ltr'><strong>manus</strong></span> <span class='ocrx_word' id='word_1_68' title='bbox 1192 868 1341 909; x_wconf 89' lang='lat' dir='ltr'><strong>meas</strong></span> <span class='ocrx_word' id='word_1_69' title='bbox 1373 870 1480 909; x_wconf 93' lang='lat' dir='ltr'><strong>non</strong></span> <span class='ocrx_word' id='word_1_70' title='bbox 1525 858 1849 925; x_wconf 69' lang='lat' dir='ltr'><strong>pervenerit.</strong></span> <span class='ocrx_word' id='word_1_71' title='bbox 1902 855 2004 911; x_wconf 90' lang='lat' dir='ltr'><strong>Sed</strong></span> <span class='ocrx_word' id='word_1_72' title='bbox 2041 857 2086 912; x_wconf 89' lang='lat' dir='ltr'><strong>si</strong></span> <span class='ocrx_word' id='word_1_73' title='bbox 2117 856 2431 925; x_wconf 83' lang='lat' dir='ltr'><strong>conjectura</strong></span> <span class='ocrx_word' id='word_1_74' title='bbox 2466 868 2623 926; x_wconf 89' lang='lat' dir='ltr'><strong>agere</strong></span> <span class='ocrx_word' id='word_1_75' title='bbox 2651 854 2795 918; x_wconf 91' lang='lat' dir='ltr'><strong>licet,</strong></span> <span class='ocrx_word' id='word_1_76' title='bbox 2836 853 3302 907; x_wconf 89' lang='lat' dir='ltr'><strong>verosimillimum</strong></span> <span class='ocrx_word' id='word_1_77' title='bbox 3333 850 3551 921; x_wconf 85' lang='lat' dir='ltr'><strong>quidem</strong></span> 
     </span>
    </p>
   </div>
   <div class='ocr_carea' id='block_1_7' title="bbox 325 945 3551 1021">
    <p class='ocr_par' dir='ltr' id='par_1_7' title="bbox 325 945 3551 1021">
     <span class='ocr_line' id='line_1_7' title="bbox 325 945 3551 1021; baseline -0 -21"><span class='ocrx_word' id='word_1_78' title='bbox 325 952 428 1009; x_wconf 89' lang='lat' dir='ltr'><strong>est,</strong></span> <span class='ocrx_word' id='word_1_79' title='bbox 464 945 772 1015; x_wconf 89' lang='lat' dir='ltr'><strong>hujusmodi</strong></span> <span class='ocrx_word' id='word_1_80' title='bbox 802 947 1252 1001; x_wconf 85' lang='lat' dir='ltr'><strong>commentarium</strong></span> <span class='ocrx_word' id='word_1_81' title='bbox 1298 946 1354 1004; x_wconf 90' lang='lat' dir='ltr'><strong>S.</strong></span> <span class='ocrx_word' id='word_1_82' title='bbox 1398 949 1699 1006; x_wconf 83' lang='lat' dir='ltr'><strong>Athanasio</strong></span> <span class='ocrx_word' id='word_1_83' title='bbox 1733 953 2026 1021; x_wconf 88' lang='lat' dir='ltr'><strong>ascriptum</strong></span> <span class='ocrx_word' id='word_1_84' title='bbox 2062 952 2183 1006; x_wconf 90' lang='lat' dir='ltr'><strong>aliis</strong></span> <span class='ocrx_word' id='word_1_85' title='bbox 2205 951 2314 1021; x_wconf 88' lang='lat' dir='ltr'><strong>jam</strong></span> <span class='ocrx_word' id='word_1_86' title='bbox 2343 952 2394 1004; x_wconf 92' lang='lat' dir='ltr'><strong>in</strong></span> <span class='ocrx_word' id='word_1_87' title='bbox 2420 951 2594 1005; x_wconf 88' lang='lat' dir='ltr'><strong>lucem</strong></span> <span class='ocrx_word' id='word_1_88' title='bbox 2619 950 2779 1005; x_wconf 86' lang='lat' dir='ltr'><strong>editis</strong></span> <span class='ocrx_word' id='word_1_89' title='bbox 2807 948 3029 1003; x_wconf 90' lang='lat' dir='ltr'><strong>minime</strong></span> <span class='ocrx_word' id='word_1_90' title='bbox 3049 962 3173 1002; x_wconf 91' lang='lat' dir='ltr'><strong>esse</strong></span> <span class='ocrx_word' id='word_1_91' title='bbox 3198 946 3551 1012; x_wconf 88' lang='lat' dir='ltr'><strong>dissimilem;</strong></span> 
     </span>
    </p>
   </div>
   <div class='ocr_carea' id='block_1_8' title="bbox 297 1023 3555 1109">
    <p class='ocr_par' dir='ltr' id='par_1_8' title="bbox 297 1023 3555 1109">
     <span class='ocr_line' id='line_1_8' title="bbox 297 1023 3555 1109; baseline 0.001 -19"><span class='ocrx_word' id='word_1_92' title='bbox 297 1023 450 1091; x_wconf 68' lang='lat' dir='ltr'><strong>&#39;nam</strong></span> <span class='ocrx_word' id='word_1_93' title='bbox 483 1038 528 1093; x_wconf 89' lang='lat' dir='ltr'><strong>si</strong></span> <span class='ocrx_word' id='word_1_94' title='bbox 562 1054 720 1097; x_wconf 89' lang='lat' dir='ltr'><strong>secus</strong></span> <span class='ocrx_word' id='word_1_95' title='bbox 750 1040 909 1108; x_wconf 82' lang='lat' dir='ltr'><strong>foret,</strong></span> <span class='ocrx_word' id='word_1_96' title='bbox 947 1041 998 1095; x_wconf 90' lang='lat' dir='ltr'><strong>id</strong></span> <span class='ocrx_word' id='word_1_97' title='bbox 1032 1044 1206 1109; x_wconf 81' lang='lat' dir='ltr'><strong>ipsum</strong></span> <span class='ocrx_word' id='word_1_98' title='bbox 1233 1039 1688 1107; x_wconf 80' lang='lat' dir='ltr'><strong>animadvertere,</strong></span> <span class='ocrx_word' id='word_1_99' title='bbox 1715 1058 1779 1097; x_wconf 90' lang='lat' dir='ltr'><strong>ac</strong></span> <span class='ocrx_word' id='word_1_100' title='bbox 1807 1043 2106 1098; x_wconf 84' lang='lat' dir='ltr'><strong>lectoribus</strong></span> <span class='ocrx_word' id='word_1_101' title='bbox 2138 1042 2253 1097; x_wconf 88' lang='lat' dir='ltr'><strong>suis</strong></span> <span class='ocrx_word' id='word_1_102' title='bbox 2285 1042 2545 1108; x_wconf 88' lang='lat' dir='ltr'><strong>indicare,</strong></span> <span class='ocrx_word' id='word_1_103' title='bbox 2578 1043 2716 1096; x_wconf 90' lang='lat' dir='ltr'><strong>utin</strong></span> <span class='ocrx_word' id='word_1_104' title='bbox 2749 1054 2846 1095; x_wconf 91' lang='lat' dir='ltr'><strong>sua</strong></span> <span class='ocrx_word' id='word_1_105' title='bbox 2881 1037 3205 1092; x_wconf 78' lang='lat' dir='ltr'><strong>Bibliotheca</strong></span> <span class='ocrx_word' id='word_1_106' title='bbox 3240 1039 3441 1109; x_wconf 87' lang='lat' dir='ltr'><strong>passim</strong></span> <span class='ocrx_word' id='word_1_107' title='bbox 3474 1036 3555 1093; x_wconf 87' lang='lat' dir='ltr'><strong>fa-</strong></span> 
     </span>
    </p>
   </div>
   <div class='ocr_carea' id='block_1_9' title="bbox 321 1130 2513 1204">
    <p class='ocr_par' dir='ltr' id='par_1_9' title="bbox 321 1130 2513 1204">
     <span class='ocr_line' id='line_1_9' title="bbox 321 1130 2513 1204; baseline 0.003 -22"><span class='ocrx_word' id='word_1_108' title='bbox 321 1142 444 1183; x_wconf 87' lang='lat' dir='ltr'><strong>cere</strong></span> <span class='ocrx_word' id='word_1_109' title='bbox 471 1130 608 1185; x_wconf 89' lang='lat' dir='ltr'><strong>solet</strong></span> <span class='ocrx_word' id='word_1_110' title='bbox 630 1132 1032 1187; x_wconf 81' lang='lat' dir='ltr'><strong>eruditissimus</strong></span> <span class='ocrx_word' id='word_1_111' title='bbox 1060 1146 1214 1199; x_wconf 65' lang='lat' dir='ltr'><strong>aeque</strong></span> <span class='ocrx_word' id='word_1_112' title='bbox 1241 1145 1306 1185; x_wconf 89' lang='lat' dir='ltr'><strong>ac</strong></span> <span class='ocrx_word' id='word_1_113' title='bbox 1331 1132 1777 1200; x_wconf 90' lang='lat' dir='ltr'><strong>diligentissimus</strong></span> <span class='ocrx_word' id='word_1_114' title='bbox 1809 1134 1913 1199; x_wconf 90' lang='lat' dir='ltr'><strong>vir,</strong></span> <span class='ocrx_word' id='word_1_115' title='bbox 1941 1150 2049 1188; x_wconf 93' lang='lat' dir='ltr'><strong>non</strong></span> <span class='ocrx_word' id='word_1_116' title='bbox 2081 1135 2513 1204; x_wconf 65' lang='lat' dir='ltr'><strong>praetermisisset</strong></span> 
     </span>
    </p>
   </div>
   <div class='ocr_carea' id='block_1_10' title="bbox 391 1222 3553 1297">
    <p class='ocr_par' dir='ltr' id='par_1_10' title="bbox 391 1222 3553 1297">
     <span class='ocr_line' id='line_1_10' title="bbox 391 1222 3553 1297; baseline 0 -20"><span class='ocrx_word' id='word_1_117' title='bbox 391 1223 482 1277; x_wconf 65' lang='grc' dir='ltr'><strong>ιγ.</strong></span> <span class='ocrx_word' id='word_1_118' title='bbox 526 1223 628 1279; x_wconf 90' lang='lat' dir='ltr'><strong>Sed</strong></span> <span class='ocrx_word' id='word_1_119' title='bbox 657 1227 916 1296; x_wconf 90' lang='lat' dir='ltr'><strong>quoniam</strong></span> <span class='ocrx_word' id='word_1_120' title='bbox 950 1225 1090 1280; x_wconf 91' lang='lat' dir='ltr'><strong>idem</strong></span> <span class='ocrx_word' id='word_1_121' title='bbox 1126 1226 1385 1279; x_wconf 88' lang='lat' dir='ltr'><strong>Albertus</strong></span> <span class='ocrx_word' id='word_1_122' title='bbox 1415 1223 1697 1281; x_wconf 86' lang='lat' dir='ltr'><strong>Fabricius</strong></span> <span class='ocrx_word' id='word_1_123' title='bbox 1731 1226 1912 1281; x_wconf 89' lang='lat' dir='ltr'><strong>varias</strong></span> <span class='ocrx_word' id='word_1_124' title='bbox 1939 1224 2282 1280; x_wconf 90' lang='lat' dir='ltr'><strong>Psalmorum</strong></span> <span class='ocrx_word' id='word_1_125' title='bbox 2317 1227 2705 1297; x_wconf 84' lang='lat' dir='ltr'><strong>expositiones,</strong></span> <span class='ocrx_word' id='word_1_126' title='bbox 2738 1240 2860 1295; x_wconf 73' lang='lat' dir='ltr'><strong>quae</strong></span> <span class='ocrx_word' id='word_1_127' title='bbox 2901 1222 2957 1279; x_wconf 90' lang='lat' dir='ltr'><strong>S.</strong></span> <span class='ocrx_word' id='word_1_128' title='bbox 2985 1222 3283 1278; x_wconf 86' lang='lat' dir='ltr'><strong>Athanasio</strong></span> <span class='ocrx_word' id='word_1_129' title='bbox 3305 1222 3553 1294; x_wconf 75' lang='lat' dir='ltr'><strong>tribuun-</strong></span> 
     </span>
    </p>
   </div>
   <div class='ocr_carea' id='block_1_11' title="bbox 322 1304 3555 1394">
    <p class='ocr_par' dir='ltr' id='par_1_11' title="bbox 322 1304 3555 1394">
     <span class='ocr_line' id='line_1_11' title="bbox 322 1304 3555 1394; baseline 0.002 -21"><span class='ocrx_word' id='word_1_130' title='bbox 322 1329 431 1384; x_wconf 89' lang='lat' dir='ltr'><strong>tur,</strong></span> <span class='ocrx_word' id='word_1_131' title='bbox 467 1332 714 1375; x_wconf 88' lang='lat' dir='ltr'><strong>recenset</strong></span> <span class='ocrx_word' id='word_1_132' title='bbox 739 1321 839 1391; x_wconf 67' lang='grc'><strong>(5),</strong></span> <span class='ocrx_word' id='word_1_133' title='bbox 867 1337 1044 1391; x_wconf 74' lang='lat' dir='ltr'><strong>opera:</strong></span> <span class='ocrx_word' id='word_1_134' title='bbox 1079 1320 1312 1390; x_wconf 86' lang='lat' dir='ltr'><strong>pretium</strong></span> <span class='ocrx_word' id='word_1_135' title='bbox 1341 1330 1425 1375; x_wconf 89' lang='lat' dir='ltr'><strong>est</strong></span> <span class='ocrx_word' id='word_1_136' title='bbox 1460 1320 1581 1389; x_wconf 85' lang='lat' dir='ltr'><strong>ejus</strong></span> <span class='ocrx_word' id='word_1_137' title='bbox 1610 1322 1774 1377; x_wconf 83' lang='lat' dir='ltr'><strong>verba</strong></span> <span class='ocrx_word' id='word_1_138' title='bbox 1800 1322 1903 1376; x_wconf 90' lang='lat' dir='ltr'><strong>hoc</strong></span> <span class='ocrx_word' id='word_1_139' title='bbox 1925 1322 2045 1376; x_wconf 91' lang='lat' dir='ltr'><strong>loco</strong></span> <span class='ocrx_word' id='word_1_140' title='bbox 2080 1321 2281 1378; x_wconf 86' lang='lat' dir='ltr'><strong>referre</strong></span> <span class='ocrx_word' id='word_1_141' title='bbox 2308 1339 2320 1374; x_wconf 89' lang='lat'>:</span> <span class='ocrx_word' id='word_1_142' title='bbox 2349 1342 2367 1374; x_wconf 74' lang='grc' dir='ltr'>ι</span> <span class='ocrx_word' id='word_1_143' title='bbox 2394 1304 2772 1393; x_wconf 80' lang='lat' dir='ltr'><strong>Expositiones</strong></span> <span class='ocrx_word' id='word_1_144' title='bbox 2806 1325 2857 1378; x_wconf 84' lang='lat' dir='ltr'><strong>in</strong></span> <span class='ocrx_word' id='word_1_145' title='bbox 2892 1324 3154 1391; x_wconf 75' lang='lat' dir='ltr'><strong>Psalmos,</strong></span> <span class='ocrx_word' id='word_1_146' title='bbox 3187 1344 3207 1376; x_wconf 77' lang='grc' dir='ltr'><strong><em>ι</em></strong></span> <span class='ocrx_word' id='word_1_147' title='bbox 3228 1325 3300 1378; x_wconf 89' lang='lat' dir='ltr'><strong>ait</strong></span> <span class='ocrx_word' id='word_1_148' title='bbox 3328 1325 3555 1394; x_wconf 78' lang='lat' dir='ltr'><strong>loquens</strong></span> 
     </span>
    </p>
   </div>
   <div class='ocr_carea' id='block_1_12' title="bbox 319 1408 3555 1487">
    <p class='ocr_par' dir='ltr' id='par_1_12' title="bbox 319 1408 3555 1487">
     <span class='ocr_line' id='line_1_12' title="bbox 319 1408 3555 1487; baseline 0.003 -25"><span class='ocrx_word' id='word_1_149' title='bbox 319 1408 386 1463; x_wconf 88' lang='lat' dir='ltr'><strong>de</strong></span> <span class='ocrx_word' id='word_1_150' title='bbox 426 1409 686 1477; x_wconf 88' lang='lat' dir='ltr'><strong>operibus</strong></span> <span class='ocrx_word' id='word_1_151' title='bbox 715 1411 889 1464; x_wconf 87' lang='lat' dir='ltr'><strong>sancti</strong></span> <span class='ocrx_word' id='word_1_152' title='bbox 918 1409 1222 1477; x_wconf 86' lang='lat' dir='ltr'><strong>Athanasii,</strong></span> <span class='ocrx_word' id='word_1_153' title='bbox 1259 1430 1277 1461; x_wconf 72' lang='grc' dir='ltr'>ι</span> <span class='ocrx_word' id='word_1_154' title='bbox 1302 1426 1535 1479; x_wconf 89' lang='lat' dir='ltr'><strong>quarum</strong></span> <span class='ocrx_word' id='word_1_155' title='bbox 1567 1412 1763 1482; x_wconf 73' lang='lat' dir='ltr'><strong>exigua</strong></span> <span class='ocrx_word' id='word_1_156' title='bbox 1793 1413 2194 1482; x_wconf 83' lang='lat' dir='ltr'><strong>apospasmalia</strong></span> <span class='ocrx_word' id='word_1_157' title='bbox 2237 1414 2481 1481; x_wconf 63' lang='lat' dir='ltr'><strong>quaedam</strong></span> <span class='ocrx_word' id='word_1_158' title='bbox 2513 1422 2745 1468; x_wconf 86' lang='lat' dir='ltr'><strong>verterat</strong></span> <span class='ocrx_word' id='word_1_159' title='bbox 2778 1413 3099 1484; x_wconf 81' lang='lat' dir='ltr'><strong>Politianus,</strong></span> <span class='ocrx_word' id='word_1_160' title='bbox 3143 1425 3305 1486; x_wconf 89' lang='lat' dir='ltr'><strong>atque</strong></span> <span class='ocrx_word' id='word_1_161' title='bbox 3342 1418 3555 1487; x_wconf 86' lang='lat' dir='ltr'><strong>priores</strong></span> 
     </span>
    </p>
   </div>
   <div class='ocr_carea' id='block_1_13' title="bbox 318 1502 3556 1579">
    <p class='ocr_par' dir='ltr' id='par_1_13' title="bbox 318 1502 3556 1579">
     <span class='ocr_line' id='line_1_13' title="bbox 318 1502 3556 1579; baseline 0.003 -23"><span class='ocrx_word' id='word_1_162' title='bbox 318 1503 584 1558; x_wconf 88' lang='lat' dir='ltr'><strong>editiones</strong></span> <span class='ocrx_word' id='word_1_163' title='bbox 614 1502 814 1558; x_wconf 64' lang='lat' dir='ltr'><strong>Graeca:</strong></span> <span class='ocrx_word' id='word_1_164' title='bbox 840 1512 892 1558; x_wconf 87' lang='lat' dir='ltr'><strong>et</strong></span> <span class='ocrx_word' id='word_1_165' title='bbox 925 1502 1130 1559; x_wconf 72' lang='lat' dir='ltr'><strong>Latina:</strong></span> <span class='ocrx_word' id='word_1_166' title='bbox 1158 1506 1543 1567; x_wconf 78' lang='lat' dir='ltr'><strong>exhibuerant,</strong></span> <span class='ocrx_word' id='word_1_167' title='bbox 1573 1504 1761 1560; x_wconf 87' lang='lat' dir='ltr'><strong>Daniel</strong></span> <span class='ocrx_word' id='word_1_168' title='bbox 1790 1506 1918 1560; x_wconf 89' lang='lat' dir='ltr'><strong>item</strong></span> <span class='ocrx_word' id='word_1_169' title='bbox 1948 1506 2222 1562; x_wconf 87' lang='lat' dir='ltr'><strong>Barbarus</strong></span> <span class='ocrx_word' id='word_1_170' title='bbox 2256 1508 2516 1561; x_wconf 78' lang='lat' dir='ltr'><strong>nonnulla</strong></span> <span class='ocrx_word' id='word_1_171' title='bbox 2549 1519 2601 1562; x_wconf 88' lang='lat' dir='ltr'><strong>ct</strong></span> <span class='ocrx_word' id='word_1_172' title='bbox 2625 1508 2918 1564; x_wconf 83' lang='lat' dir='ltr'><strong>Corderius</strong></span> <span class='ocrx_word' id='word_1_173' title='bbox 2947 1510 3290 1579; x_wconf 88' lang='lat' dir='ltr'><strong>vulgaverant</strong></span> <span class='ocrx_word' id='word_1_174' title='bbox 3324 1509 3376 1564; x_wconf 93' lang='lat' dir='ltr'><strong>in</strong></span> <span class='ocrx_word' id='word_1_175' title='bbox 3408 1520 3556 1565; x_wconf 55' lang='lat' dir='ltr'><strong>cate.</strong></span> 
     </span>
    </p>
   </div>
   <div class='ocr_carea' id='block_1_14' title="bbox 319 1594 3556 1671">
    <p class='ocr_par' dir='ltr' id='par_1_14' title="bbox 319 1594 3556 1671">
     <span class='ocr_line' id='line_1_14' title="bbox 319 1594 3556 1671; baseline 0.002 -21"><span class='ocrx_word' id='word_1_176' title='bbox 319 1596 405 1651; x_wconf 83' lang='lat' dir='ltr'><strong>nis</strong></span> <span class='ocrx_word' id='word_1_177' title='bbox 432 1594 652 1650; x_wconf 85' lang='lat' dir='ltr'><strong>Patrum</strong></span> <span class='ocrx_word' id='word_1_178' title='bbox 684 1597 753 1649; x_wconf 80' lang='lat' dir='ltr'><strong>ad</strong></span> <span class='ocrx_word' id='word_1_179' title='bbox 778 1595 1022 1649; x_wconf 76' lang='lat' dir='ltr'><strong>Psalmos</strong></span> <span class='ocrx_word' id='word_1_180' title='bbox 1047 1612 1066 1650; x_wconf 90' lang='lat'><strong><em>:</em></strong></span> <span class='ocrx_word' id='word_1_181' title='bbox 1098 1597 1190 1651; x_wconf 89' lang='lat' dir='ltr'><strong>sed</strong></span> <span class='ocrx_word' id='word_1_182' title='bbox 1222 1594 1559 1650; x_wconf 86' lang='lat' dir='ltr'><strong>Benedictini</strong></span> <span class='ocrx_word' id='word_1_183' title='bbox 1595 1597 1753 1667; x_wconf 90' lang='lat' dir='ltr'><strong>longe</strong></span> <span class='ocrx_word' id='word_1_184' title='bbox 1785 1598 2125 1667; x_wconf 86' lang='lat' dir='ltr'><strong>copiosiores</strong></span> <span class='ocrx_word' id='word_1_185' title='bbox 2160 1597 2213 1651; x_wconf 92' lang='lat' dir='ltr'><strong>in</strong></span> <span class='ocrx_word' id='word_1_186' title='bbox 2247 1606 2420 1652; x_wconf 92' lang='lat' dir='ltr'><strong>totum</strong></span> <span class='ocrx_word' id='word_1_187' title='bbox 2458 1597 2779 1654; x_wconf 84' lang='lat' dir='ltr'><strong>Psalterium</strong></span> <span class='ocrx_word' id='word_1_188' title='bbox 2800 1640 2815 1662; x_wconf 89' lang='lat'><strong>,</strong></span> <span class='ocrx_word' id='word_1_189' title='bbox 2846 1600 2972 1654; x_wconf 92' lang='lat' dir='ltr'><strong>licet</strong></span> <span class='ocrx_word' id='word_1_190' title='bbox 2996 1616 3097 1654; x_wconf 91' lang='lat' dir='ltr'><strong>nec</strong></span> <span class='ocrx_word' id='word_1_191' title='bbox 3122 1601 3195 1655; x_wconf 89' lang='lat' dir='ltr'><strong>ita</strong></span> <span class='ocrx_word' id='word_1_192' title='bbox 3224 1602 3430 1671; x_wconf 87' lang='lat' dir='ltr'><strong>plenas,</strong></span> <span class='ocrx_word' id='word_1_193' title='bbox 3458 1610 3556 1657; x_wconf 92' lang='lat' dir='ltr'><strong>aut</strong></span> 
     </span>
    </p>
   </div>
   <div class='ocr_carea' id='block_1_15' title="bbox 317 1688 3552 1764">
    <p class='ocr_par' dir='ltr' id='par_1_15' title="bbox 317 1688 3552 1764">
     <span class='ocr_line' id='line_1_15' title="bbox 317 1688 3552 1764; baseline 0.002 -20"><span class='ocrx_word' id='word_1_194' title='bbox 317 1690 580 1760; x_wconf 87' lang='lat' dir='ltr'><strong>integras,</strong></span> <span class='ocrx_word' id='word_1_195' title='bbox 608 1705 638 1744; x_wconf 90' lang='lat' dir='ltr'><strong>e</strong></span> <span class='ocrx_word' id='word_1_196' title='bbox 668 1689 944 1744; x_wconf 87' lang='lat' dir='ltr'><strong>codicibus</strong></span> <span class='ocrx_word' id='word_1_197' title='bbox 974 1688 1155 1760; x_wconf 75' lang='lat' dir='ltr'><strong>Regiis</strong></span> <span class='ocrx_word' id='word_1_198' title='bbox 1179 1698 1234 1745; x_wconf 93' lang='lat' dir='ltr'><strong>et</strong></span> <span class='ocrx_word' id='word_1_199' title='bbox 1265 1688 1596 1744; x_wconf 89' lang='lat' dir='ltr'><strong>Colbertinis</strong></span> <span class='ocrx_word' id='word_1_200' title='bbox 1625 1698 1964 1755; x_wconf 89' lang='lat' dir='ltr'><strong>catenarum,</strong></span> <span class='ocrx_word' id='word_1_201' title='bbox 1993 1700 2048 1744; x_wconf 89' lang='lat' dir='ltr'><strong>et</strong></span> <span class='ocrx_word' id='word_1_202' title='bbox 2073 1691 2475 1761; x_wconf 85' lang='lat' dir='ltr'><strong>expositionum</strong></span> <span class='ocrx_word' id='word_1_203' title='bbox 2519 1692 2575 1743; x_wconf 86' lang='lat' dir='ltr'><strong>in</strong></span> <span class='ocrx_word' id='word_1_204' title='bbox 2607 1689 2850 1746; x_wconf 75' lang='lat' dir='ltr'><strong>Psalmos</strong></span> <span class='ocrx_word' id='word_1_205' title='bbox 2881 1693 3113 1747; x_wconf 83' lang='lat' dir='ltr'><strong>offerunt</strong></span> <span class='ocrx_word' id='word_1_206' title='bbox 3144 1710 3195 1764; x_wconf 92' lang='lat' dir='ltr'><strong>p.</strong></span> <span class='ocrx_word' id='word_1_207' title='bbox 3223 1694 3552 1751; x_wconf 72' lang='lat'><strong>1009-1239.</strong></span> 
     </span>
    </p>
   </div>
   <div class='ocr_carea' id='block_1_16' title="bbox 314 1772 3554 1857">
    <p class='ocr_par' dir='ltr' id='par_1_16' title="bbox 314 1772 3554 1857">
     <span class='ocr_line' id='line_1_16' title="bbox 314 1772 3554 1857; baseline 0.003 -24"><span class='ocrx_word' id='word_1_208' title='bbox 314 1779 607 1835; x_wconf 79' lang='lat' dir='ltr'><strong>Mediolani</strong></span> <span class='ocrx_word' id='word_1_209' title='bbox 655 1781 709 1834; x_wconf 90' lang='lat' dir='ltr'><strong>in</strong></span> <span class='ocrx_word' id='word_1_210' title='bbox 760 1779 1083 1836; x_wconf 89' lang='lat' dir='ltr'><strong>bibliotheca</strong></span> <span class='ocrx_word' id='word_1_211' title='bbox 1119 1780 1481 1835; x_wconf 89' lang='lat' dir='ltr'><strong>Ambrosiana</strong></span> <span class='ocrx_word' id='word_1_212' title='bbox 1513 1782 1811 1835; x_wconf 84' lang='lat' dir='ltr'><strong>occurrunt</strong></span> <span class='ocrx_word' id='word_1_213' title='bbox 1863 1782 2255 1836; x_wconf 88' lang='lat' dir='ltr'><strong>commentaria</strong></span> <span class='ocrx_word' id='word_1_214' title='bbox 2286 1772 2566 1837; x_wconf 85' lang='lat' dir='ltr'><strong>Athanasii</strong></span> <span class='ocrx_word' id='word_1_215' title='bbox 2612 1783 2668 1835; x_wconf 86' lang='lat' dir='ltr'><strong>in</strong></span> <span class='ocrx_word' id='word_1_216' title='bbox 2703 1782 2943 1838; x_wconf 74' lang='lat' dir='ltr'><strong>I’salmas</strong></span> <span class='ocrx_word' id='word_1_217' title='bbox 2969 1782 3154 1840; x_wconf 68' lang='lat' dir='ltr'><strong>Graece</strong></span> <span class='ocrx_word' id='word_1_218' title='bbox 3180 1786 3448 1857; x_wconf 87' lang='lat' dir='ltr'><strong>descripta</strong></span> <span class='ocrx_word' id='word_1_219' title='bbox 3486 1804 3554 1843; x_wconf 78' lang='lat' dir='ltr'><strong>ex</strong></span> 
     </span>
    </p>
   </div>
   <div class='ocr_carea' id='block_1_17' title="bbox 314 1869 3552 1949">
    <p class='ocr_par' dir='ltr' id='par_1_17' title="bbox 314 1869 3552 1949">
     <span class='ocr_line' id='line_1_17' title="bbox 314 1869 3552 1949; baseline 0.003 -24"><span class='ocrx_word' id='word_1_220' title='bbox 314 1871 504 1926; x_wconf 89' lang='lat' dir='ltr'><strong>codice</strong></span> <span class='ocrx_word' id='word_1_221' title='bbox 535 1871 668 1925; x_wconf 90' lang='lat' dir='ltr'><strong>bibl.</strong></span> <span class='ocrx_word' id='word_1_222' title='bbox 701 1869 1050 1939; x_wconf 89' lang='lat' dir='ltr'><strong>Scorialensi,</strong></span> <span class='ocrx_word' id='word_1_223' title='bbox 1088 1883 1140 1927; x_wconf 90' lang='lat' dir='ltr'><strong>et</strong></span> <span class='ocrx_word' id='word_1_224' title='bbox 1167 1871 1357 1927; x_wconf 88' lang='lat' dir='ltr'><strong>Latine</strong></span> <span class='ocrx_word' id='word_1_225' title='bbox 1384 1872 1593 1927; x_wconf 89' lang='lat' dir='ltr'><strong>reddita</strong></span> <span class='ocrx_word' id='word_1_226' title='bbox 1625 1873 1739 1927; x_wconf 88' lang='lat' dir='ltr'><strong>sive</strong></span> <span class='ocrx_word' id='word_1_227' title='bbox 1765 1872 1834 1927; x_wconf 88' lang='lat' dir='ltr'><strong>ab</strong></span> <span class='ocrx_word' id='word_1_228' title='bbox 1862 1872 2098 1928; x_wconf 91' lang='lat' dir='ltr'><strong>Antonio</strong></span> <span class='ocrx_word' id='word_1_229' title='bbox 2121 1873 2343 1943; x_wconf 86' lang='lat' dir='ltr'><strong>Gi‘ggeo,</strong></span> <span class='ocrx_word' id='word_1_230' title='bbox 2381 1874 2495 1928; x_wconf 85' lang='lat' dir='ltr'><strong>sive</strong></span> <span class='ocrx_word' id='word_1_231' title='bbox 2522 1874 2629 1927; x_wconf 91' lang='lat' dir='ltr'><strong>alio</strong></span> <span class='ocrx_word' id='word_1_232' title='bbox 2650 1876 2908 1943; x_wconf 85' lang='lat' dir='ltr'><strong>quodam.</strong></span> <span class='ocrx_word' id='word_1_233' title='bbox 2936 1876 3012 1931; x_wconf 73' lang='lat' dir='ltr'><strong>Ex</strong></span> <span class='ocrx_word' id='word_1_234' title='bbox 3042 1878 3148 1933; x_wconf 90' lang='lat' dir='ltr'><strong>illis</strong></span> <span class='ocrx_word' id='word_1_235' title='bbox 3173 1890 3552 1949; x_wconf 83' lang='lat' dir='ltr'><strong>argumentum</strong></span> 
     </span>
    </p>
   </div>
   <div class='ocr_carea' id='block_1_18' title="bbox 313 1962 3555 2036">
    <p class='ocr_par' dir='ltr' id='par_1_18' title="bbox 313 1962 3555 2036">
     <span class='ocr_line' id='line_1_18' title="bbox 313 1962 3555 2036; baseline 0.003 -20"><span class='ocrx_word' id='word_1_236' title='bbox 313 1963 371 2017; x_wconf 82' lang='lat' dir='ltr'><strong>in</strong></span> <span class='ocrx_word' id='word_1_237' title='bbox 390 1962 634 2018; x_wconf 77' lang='lat' dir='ltr'><strong>Psalmos</strong></span> <span class='ocrx_word' id='word_1_238' title='bbox 655 1964 877 2036; x_wconf 85' lang='lat' dir='ltr'><strong>dignum</strong></span> <span class='ocrx_word' id='word_1_239' title='bbox 906 1965 1049 2020; x_wconf 90' lang='lat' dir='ltr'><strong>lectu</strong></span> <span class='ocrx_word' id='word_1_240' title='bbox 1074 1975 1127 2018; x_wconf 90' lang='lat' dir='ltr'><strong>et</strong></span> <span class='ocrx_word' id='word_1_241' title='bbox 1153 1966 1528 2033; x_wconf 86' lang='lat' dir='ltr'><strong>supplementa</strong></span> <span class='ocrx_word' id='word_1_242' title='bbox 1551 1965 1797 2034; x_wconf 70' lang='lat' dir='ltr'><strong>quaedam</strong></span> <span class='ocrx_word' id='word_1_243' title='bbox 1830 1967 2349 2020; x_wconf 86' lang='lat' dir='ltr'><strong>commentariorum</strong></span> <span class='ocrx_word' id='word_1_244' title='bbox 2376 1966 2523 2019; x_wconf 88' lang='lat' dir='ltr'><strong>dedit</strong></span> <span class='ocrx_word' id='word_1_245' title='bbox 2545 1964 2984 2024; x_wconf 85' lang='lat' dir='ltr'><strong>Montfauconius</strong></span> <span class='ocrx_word' id='word_1_246' title='bbox 3012 1968 3067 2023; x_wconf 89' lang='lat' dir='ltr'><strong>in</strong></span> <span class='ocrx_word' id='word_1_247' title='bbox 3082 1968 3397 2025; x_wconf 85' lang='lat' dir='ltr'><strong>Collectione</strong></span> <span class='ocrx_word' id='word_1_248' title='bbox 3421 1989 3555 2027; x_wconf 85' lang='lat' dir='ltr'><strong>nova</strong></span> 
     </span>
    </p>
   </div>
   <div class='ocr_carea' id='block_1_19' title="bbox 317 2052 3553 2131">
    <p class='ocr_par' dir='ltr' id='par_1_19' title="bbox 317 2052 3553 2131">
     <span class='ocr_line' id='line_1_19' title="bbox 317 2052 3553 2131; baseline 0.003 -25"><span class='ocrx_word' id='word_1_249' title='bbox 317 2052 568 2119; x_wconf 76' lang='lat' dir='ltr'><strong>Patrum,</strong></span> <span class='ocrx_word' id='word_1_250' title='bbox 607 2065 740 2109; x_wconf 91' lang='lat' dir='ltr'><strong>tom.</strong></span> <span class='ocrx_word' id='word_1_251' title='bbox 774 2054 838 2123; x_wconf 89' lang='lat' dir='ltr'><strong>ll,</strong></span> <span class='ocrx_word' id='word_1_252' title='bbox 874 2071 996 2127; x_wconf 89' lang='lat' dir='ltr'><strong>pag.</strong></span> <span class='ocrx_word' id='word_1_253' title='bbox 1030 2056 1252 2110; x_wconf 88' lang='lat'><strong>70—101.</strong></span> <span class='ocrx_word' id='word_1_254' title='bbox 1278 2054 1832 2109; x_wconf 86' lang='lat' dir='ltr'><strong>Animadvertendum</strong></span> <span class='ocrx_word' id='word_1_255' title='bbox 1859 2062 1961 2118; x_wconf 90' lang='lat' dir='ltr'><strong>est,</strong></span> <span class='ocrx_word' id='word_1_256' title='bbox 1999 2055 2175 2125; x_wconf 85' lang='lat' dir='ltr'><strong>inquit</strong></span> <span class='ocrx_word' id='word_1_257' title='bbox 2205 2055 2346 2109; x_wconf 88' lang='lat' dir='ltr'><strong>idem</strong></span> <span class='ocrx_word' id='word_1_258' title='bbox 2380 2055 2464 2108; x_wconf 86' lang='lat' dir='ltr'><strong>vir</strong></span> <span class='ocrx_word' id='word_1_259' title='bbox 2490 2054 2828 2111; x_wconf 86' lang='lat' dir='ltr'><strong>clarissimus</strong></span> <span class='ocrx_word' id='word_1_260' title='bbox 2851 2057 2906 2111; x_wconf 91' lang='lat' dir='ltr'><strong>in</strong></span> <span class='ocrx_word' id='word_1_261' title='bbox 2942 2058 3122 2112; x_wconf 86' lang='lat' dir='ltr'><strong>Diario</strong></span> <span class='ocrx_word' id='word_1_262' title='bbox 3146 2059 3357 2124; x_wconf 83' lang='lat' dir='ltr'><strong>Italico,</strong></span> <span class='ocrx_word' id='word_1_263' title='bbox 3385 2078 3437 2131; x_wconf 92' lang='lat' dir='ltr'><strong>p.</strong></span> <span class='ocrx_word' id='word_1_264' title='bbox 3467 2062 3553 2128; x_wconf 73' lang='lat'><strong>12,</strong></span> 
     </span>
    </p>
   </div>
   <div class='ocr_carea' id='block_1_20' title="bbox 316 2144 3556 2225">
    <p class='ocr_par' dir='ltr' id='par_1_20' title="bbox 316 2144 3556 2225">
     <span class='ocr_line' id='line_1_20' title="bbox 316 2144 3556 2225; baseline 0.003 -25"><span class='ocrx_word' id='word_1_265' title='bbox 316 2147 482 2201; x_wconf 86' lang='lat' dir='ltr'><strong>alium</strong></span> <span class='ocrx_word' id='word_1_266' title='bbox 514 2148 678 2225; x_wconf 85' lang='lat' dir='ltr'><strong>etiam</strong></span> <span class='ocrx_word' id='word_1_267' title='bbox 714 2148 1169 2203; x_wconf 86' lang='lat' dir='ltr'><strong>commentarium</strong></span> <span class='ocrx_word' id='word_1_268' title='bbox 1202 2145 1255 2200; x_wconf 92' lang='lat' dir='ltr'><strong>in</strong></span> <span class='ocrx_word' id='word_1_269' title='bbox 1285 2147 1388 2201; x_wconf 89' lang='lat' dir='ltr'><strong>ista</strong></span> <span class='ocrx_word' id='word_1_270' title='bbox 1419 2145 1770 2208; x_wconf 87' lang='lat' dir='ltr'><strong>bibliotheca,</strong></span> <span class='ocrx_word' id='word_1_271' title='bbox 1802 2160 1900 2199; x_wconf 91' lang='lat' dir='ltr'><strong>nec</strong></span> <span class='ocrx_word' id='word_1_272' title='bbox 1929 2160 2039 2199; x_wconf 91' lang='lat' dir='ltr'><strong>non</strong></span> <span class='ocrx_word' id='word_1_273' title='bbox 2069 2146 2123 2199; x_wconf 92' lang='lat' dir='ltr'><strong>in</strong></span> <span class='ocrx_word' id='word_1_274' title='bbox 2156 2144 2343 2199; x_wconf 80' lang='lat' dir='ltr'><strong>Museo</strong></span> <span class='ocrx_word' id='word_1_275' title='bbox 2374 2144 2715 2200; x_wconf 86' lang='lat' dir='ltr'><strong>Justinianeo</strong></span> <span class='ocrx_word' id='word_1_276' title='bbox 2748 2145 2985 2206; x_wconf 83' lang='lat' dir='ltr'><strong>Venetiis</strong></span> <span class='ocrx_word' id='word_1_277' title='bbox 3010 2152 3166 2221; x_wconf 89' lang='lat' dir='ltr'><strong>(adde</strong></span> <span class='ocrx_word' id='word_1_278' title='bbox 3195 2170 3315 2225; x_wconf 86' lang='lat' dir='ltr'><strong>pag.</strong></span> <span class='ocrx_word' id='word_1_279' title='bbox 3342 2154 3431 2225; x_wconf 86' lang='lat'><strong>69)</strong></span> <span class='ocrx_word' id='word_1_280' title='bbox 3460 2170 3556 2210; x_wconf 52' lang='lat' dir='ltr'><strong>oc.</strong></span> 
     </span>
    </p>
   </div>
   <div class='ocr_carea' id='block_1_21' title="bbox 313 2224 3554 2316">
    <p class='ocr_par' dir='ltr' id='par_1_21' title="bbox 313 2224 3554 2316">
     <span class='ocr_line' id='line_1_21' title="bbox 313 2224 3554 2316; baseline 0.002 -20"><span class='ocrx_word' id='word_1_281' title='bbox 313 2254 557 2302; x_wconf 85' lang='lat' dir='ltr'><strong>currere,</strong></span> <span class='ocrx_word' id='word_1_282' title='bbox 582 2224 675 2307; x_wconf 79' lang='lat' dir='ltr'><strong>qui</strong></span> <span class='ocrx_word' id='word_1_283' title='bbox 697 2239 984 2295; x_wconf 85' lang='lat' dir='ltr'><strong>Athanasii</strong></span> <span class='ocrx_word' id='word_1_284' title='bbox 1007 2252 1205 2292; x_wconf 87' lang='lat' dir='ltr'><strong>nomen</strong></span> <span class='ocrx_word' id='word_1_285' title='bbox 1230 2235 1467 2306; x_wconf 76' lang='lat' dir='ltr'><strong>praefert.</strong></span> <span class='ocrx_word' id='word_1_286' title='bbox 1484 2243 1539 2289; x_wconf 90' lang='lat' dir='ltr'><strong>at</strong></span> <span class='ocrx_word' id='word_1_287' title='bbox 1567 2236 1850 2290; x_wconf 88' lang='lat' dir='ltr'><strong>Athanasii</strong></span> <span class='ocrx_word' id='word_1_288' title='bbox 1882 2235 2062 2306; x_wconf 85' lang='lat' dir='ltr'><strong>magni</strong></span> <span class='ocrx_word' id='word_1_289' title='bbox 2088 2251 2213 2291; x_wconf 86' lang='lat' dir='ltr'><strong>esse</strong></span> <span class='ocrx_word' id='word_1_290' title='bbox 2243 2237 2450 2306; x_wconf 82' lang='lat' dir='ltr'><strong>nequit.</strong></span> <span class='ocrx_word' id='word_1_291' title='bbox 2481 2235 2642 2291; x_wconf 83' lang='lat' dir='ltr'><strong>Istius</strong></span> <span class='ocrx_word' id='word_1_292' title='bbox 2665 2239 2879 2294; x_wconf 91' lang='lat' dir='ltr'><strong>initium</strong></span> <span class='ocrx_word' id='word_1_293' title='bbox 2899 2250 3014 2295; x_wconf 87' lang='lat' dir='ltr'><strong>est:</strong></span> <span class='ocrx_word' id='word_1_294' title='bbox 3039 2224 3321 2315; x_wconf 78' lang='grc' dir='ltr'><strong>Μακάριος</strong></span> <span class='ocrx_word' id='word_1_295' title='bbox 3345 2245 3554 2316; x_wconf 85' lang='grc' dir='ltr'><strong>ἀνὴρ...</strong></span> 
     </span>
    </p>
   </div>
   <div class='ocr_carea' id='block_1_22' title="bbox 313 2328 1866 2402">
    <p class='ocr_par' dir='ltr' id='par_1_22' title="bbox 313 2328 1866 2402">
     <span class='ocr_line' id='line_1_22' title="bbox 313 2328 1866 2402; baseline 0 -20"><span class='ocrx_word' id='word_1_296' title='bbox 313 2328 454 2383; x_wconf 74' lang='grc' dir='ltr'><strong>αὐτὴ</strong></span> <span class='ocrx_word' id='word_1_297' title='bbox 484 2330 518 2394; x_wconf 81' lang='grc' dir='ltr'>ἡ</span> <span class='ocrx_word' id='word_1_298' title='bbox 547 2330 852 2399; x_wconf 81' lang='grc' dir='ltr'><strong>προφητεία</strong></span> <span class='ocrx_word' id='word_1_299' title='bbox 885 2329 1184 2402; x_wconf 80' lang='grc' dir='ltr'><strong>πληροῦται</strong></span> <span class='ocrx_word' id='word_1_300' title='bbox 1212 2332 1292 2393; x_wconf 80' lang='grc' dir='ltr'>εἰς</span> <span class='ocrx_word' id='word_1_301' title='bbox 1320 2329 1411 2383; x_wconf 79' lang='grc' dir='ltr'><strong>τὸν</strong></span> <span class='ocrx_word' id='word_1_302' title='bbox 1462 2329 1661 2400; x_wconf 79' lang='grc' dir='ltr'><strong>Ἰωσὴφ</strong></span> <span class='ocrx_word' id='word_1_303' title='bbox 1691 2330 1781 2382; x_wconf 81' lang='grc' dir='ltr'><strong>τὸν</strong></span> <span class='ocrx_word' id='word_1_304' title='bbox 1817 2330 1866 2382; x_wconf 82' lang='grc' dir='ltr'>Ἀ</span> 
     </span>
    </p>
   </div>
   <div class='ocr_carea' id='block_1_23' title="bbox 2001 2328 3554 2402">
    <p class='ocr_par' dir='ltr' id='par_1_23' title="bbox 2001 2329 3554 2394">
     <span class='ocr_line' id='line_1_23' title="bbox 2001 2329 3554 2394; baseline 0.008 -12"><span class='ocrx_word' id='word_1_305' title='bbox 2001 2329 2161 2394; x_wconf 85' lang='grc' dir='ltr'><strong>ιθίας.</strong></span> <span class='ocrx_word' id='word_1_306' title='bbox 2208 2330 2537 2385; x_wconf 81' lang='lat' dir='ltr'><strong>Athanasius</strong></span> <span class='ocrx_word' id='word_1_307' title='bbox 2590 2332 2646 2384; x_wconf 89' lang='lat' dir='ltr'><strong>in</strong></span> <span class='ocrx_word' id='word_1_308' title='bbox 2678 2331 2922 2389; x_wconf 76' lang='lat' dir='ltr'><strong>Psalmos</strong></span> <span class='ocrx_word' id='word_1_309' title='bbox 2969 2349 3035 2389; x_wconf 84' lang='lat' dir='ltr'><strong>ex</strong></span> <span class='ocrx_word' id='word_1_310' title='bbox 3076 2338 3324 2393; x_wconf 82' lang='lat' dir='ltr'><strong>versione</strong></span> <span class='ocrx_word' id='word_1_311' title='bbox 3362 2336 3554 2394; x_wconf 90' lang='lat' dir='ltr'><strong>Latina</strong></span> 
     </span>
    </p>
   </div>
   <div class='ocr_carea' id='block_1_24' title="bbox 315 2409 3557 2495">
    <p class='ocr_par' dir='ltr' id='par_1_24' title="bbox 315 2409 3557 2495">
     <span class='ocr_line' id='line_1_24' title="bbox 315 2409 3557 2495; baseline 0.005 -27"><span class='ocrx_word' id='word_1_312' title='bbox 315 2415 446 2471; x_wconf 71' lang='lat' dir='ltr'><strong>Eliae</strong></span> <span class='ocrx_word' id='word_1_313' title='bbox 471 2409 751 2487; x_wconf 78' lang='lat' dir='ltr'><strong>Eliingeri,</strong></span> <span class='ocrx_word' id='word_1_314' title='bbox 775 2419 868 2488; x_wconf 91' lang='lat' dir='ltr'><strong>qui</strong></span> <span class='ocrx_word' id='word_1_315' title='bbox 897 2417 1084 2472; x_wconf 86' lang='lat' dir='ltr'><strong>codice</strong></span> <span class='ocrx_word' id='word_1_316' title='bbox 1107 2417 1294 2473; x_wconf 67' lang='lat' dir='ltr'><strong>Graeco</strong></span> <span class='ocrx_word' id='word_1_317' title='bbox 1318 2417 1657 2471; x_wconf 60' lang='lat' dir='ltr'><strong>bibliothecae</strong></span> <span class='ocrx_word' id='word_1_318' title='bbox 1698 2417 2029 2487; x_wconf 71' lang='lat' dir='ltr'><strong>Augustana:</strong></span> <span class='ocrx_word' id='word_1_319' title='bbox 2053 2434 2185 2473; x_wconf 91' lang='lat' dir='ltr'><strong>usus</strong></span> <span class='ocrx_word' id='word_1_320' title='bbox 2214 2416 2336 2485; x_wconf 90' lang='lat' dir='ltr'><strong>fuit,</strong></span> <span class='ocrx_word' id='word_1_321' title='bbox 2355 2429 2531 2474; x_wconf 83' lang='lat' dir='ltr'><strong>exstat</strong></span> <span class='ocrx_word' id='word_1_322' title='bbox 2557 2436 2659 2475; x_wconf 89' lang='lat' dir='ltr'><strong>ms.</strong></span> <span class='ocrx_word' id='word_1_323' title='bbox 2694 2422 2748 2475; x_wconf 91' lang='lat' dir='ltr'><strong>in</strong></span> <span class='ocrx_word' id='word_1_324' title='bbox 2779 2422 3097 2479; x_wconf 85' lang='lat' dir='ltr'><strong>bibliotheca</strong></span> <span class='ocrx_word' id='word_1_325' title='bbox 3120 2424 3359 2479; x_wconf 83' lang='lat' dir='ltr'><strong>Joannea</strong></span> <span class='ocrx_word' id='word_1_326' title='bbox 3394 2427 3557 2495; x_wconf 87' lang='lat' dir='ltr'><strong>hujus</strong></span> 
     </span>
    </p>
   </div>
   <div class='ocr_carea' id='block_1_25' title="bbox 311 2509 3561 2597">
    <p class='ocr_par' dir='ltr' id='par_1_25' title="bbox 311 2509 3561 2597">
     <span class='ocr_line' id='line_1_25' title="bbox 311 2509 3561 2597; baseline 0.005 -32"><span class='ocrx_word' id='word_1_327' title='bbox 311 2510 465 2565; x_wconf 81' lang='lat' dir='ltr'><strong>urbis</strong></span> <span class='ocrx_word' id='word_1_328' title='bbox 495 2509 946 2581; x_wconf 82' lang='lat' dir='ltr'><strong>llamburgensis.</strong></span> <span class='ocrx_word' id='word_1_329' title='bbox 985 2509 1181 2566; x_wconf 82' lang='lat' dir='ltr'><strong>Habuit</strong></span> <span class='ocrx_word' id='word_1_330' title='bbox 1217 2511 1382 2566; x_wconf 89' lang='lat' dir='ltr'><strong>etiam</strong></span> <span class='ocrx_word' id='word_1_331' title='bbox 1436 2512 1721 2567; x_wconf 84' lang='lat' dir='ltr'><strong>Athanasii</strong></span> <span class='ocrx_word' id='word_1_332' title='bbox 1754 2514 1809 2565; x_wconf 87' lang='lat' dir='ltr'><strong>in</strong></span> <span class='ocrx_word' id='word_1_333' title='bbox 1844 2510 2087 2565; x_wconf 75' lang='lat' dir='ltr'><strong>Psalmos</strong></span> <span class='ocrx_word' id='word_1_334' title='bbox 2125 2516 2579 2567; x_wconf 88' lang='lat' dir='ltr'><strong>commentarium</strong></span> <span class='ocrx_word' id='word_1_335' title='bbox 2610 2513 2794 2570; x_wconf 63' lang='lat' dir='ltr'><strong>Graece</strong></span> <span class='ocrx_word' id='word_1_336' title='bbox 2821 2516 3148 2587; x_wconf 90' lang='lat' dir='ltr'><strong>descriptum</strong></span> <span class='ocrx_word' id='word_1_337' title='bbox 3178 2519 3561 2597; x_wconf 70' lang='lat' dir='ltr'><strong>Wagensclius</strong></span> 
     </span>
    </p>
   </div>
   <div class='ocr_carea' id='block_1_26' title="bbox 311 2602 3555 2684">
    <p class='ocr_par' dir='ltr' id='par_1_26' title="bbox 311 2602 3555 2684">
     <span class='ocr_line' id='line_1_26' title="bbox 311 2602 3555 2684; baseline 0.004 -27"><span class='ocrx_word' id='word_1_338' title='bbox 311 2603 342 2657; x_wconf 76' lang='grc' dir='ltr'>ὁ</span> <span class='ocrx_word' id='word_1_339' title='bbox 368 2602 709 2674; x_wconf 78' lang='grc' dir='ltr'><strong>μακαρίτης,</strong></span> <span class='ocrx_word' id='word_1_340' title='bbox 743 2603 885 2657; x_wconf 88' lang='lat' dir='ltr'><strong>unde</strong></span> <span class='ocrx_word' id='word_1_341' title='bbox 914 2611 1159 2657; x_wconf 87' lang='lat' dir='ltr'><strong>asservat</strong></span> <span class='ocrx_word' id='word_1_342' title='bbox 1187 2603 1436 2657; x_wconf 88' lang='lat' dir='ltr'><strong>eumdem</strong></span> <span class='ocrx_word' id='word_1_343' title='bbox 1479 2602 1679 2673; x_wconf 62' lang='lat' dir='ltr'><strong>Lipsiae</strong></span> <span class='ocrx_word' id='word_1_344' title='bbox 1710 2603 1761 2657; x_wconf 93' lang='lat' dir='ltr'><strong>in</strong></span> <span class='ocrx_word' id='word_1_345' title='bbox 1792 2604 1965 2672; x_wconf 89' lang='lat' dir='ltr'><strong>patria</strong></span> <span class='ocrx_word' id='word_1_346' title='bbox 2004 2619 2120 2656; x_wconf 90' lang='lat' dir='ltr'><strong>mea</strong></span> <span class='ocrx_word' id='word_1_347' title='bbox 2155 2604 2445 2658; x_wconf 86' lang='lat' dir='ltr'><strong>thesaurus</strong></span> <span class='ocrx_word' id='word_1_348' title='bbox 2478 2604 2730 2659; x_wconf 87' lang='lat' dir='ltr'><strong>librarius</strong></span> <span class='ocrx_word' id='word_1_349' title='bbox 2762 2607 3081 2676; x_wconf 84' lang='lat' dir='ltr'><strong>amplissimi</strong></span> <span class='ocrx_word' id='word_1_350' title='bbox 3110 2622 3352 2667; x_wconf 90' lang='lat' dir='ltr'><strong>senatus.</strong></span> <span class='ocrx_word' id='word_1_351' title='bbox 3375 2612 3555 2684; x_wconf 84' lang='lat' dir='ltr'><strong>Expo-</strong></span> 
     </span>
    </p>
   </div>
   <div class='ocr_carea' id='block_1_27' title="bbox 312 2683 3562 2766">
    <p class='ocr_par' dir='ltr' id='par_1_27' title="bbox 312 2683 3562 2766">
     <span class='ocr_line' id='line_1_27' title="bbox 312 2683 3562 2766; baseline 0.005 -21"><span class='ocrx_word' id='word_1_352' title='bbox 312 2695 566 2747; x_wconf 79' lang='lat' dir='ltr'><strong>sitionem</strong></span> <span class='ocrx_word' id='word_1_353' title='bbox 597 2693 883 2746; x_wconf 83' lang='lat' dir='ltr'><strong>Athanasii</strong></span> <span class='ocrx_word' id='word_1_354' title='bbox 916 2695 967 2745; x_wconf 79' lang='lat' dir='ltr'><strong>in</strong></span> <span class='ocrx_word' id='word_1_355' title='bbox 990 2693 1232 2747; x_wconf 79' lang='lat' dir='ltr'><strong>Psalntos</strong></span> <span class='ocrx_word' id='word_1_356' title='bbox 1264 2694 1524 2748; x_wconf 85' lang='lat' dir='ltr'><strong>Serviaua</strong></span> <span class='ocrx_word' id='word_1_357' title='bbox 1562 2697 1743 2765; x_wconf 83' lang='lat' dir='ltr'><strong>lingua</strong></span> <span class='ocrx_word' id='word_1_358' title='bbox 1774 2700 1878 2763; x_wconf 89' lang='lat' dir='ltr'><strong>(est</strong></span> <span class='ocrx_word' id='word_1_359' title='bbox 1908 2695 2021 2749; x_wconf 61' lang='lat' dir='ltr'><strong>hac</strong></span> <span class='ocrx_word' id='word_1_360' title='bbox 2046 2685 2258 2750; x_wconf 84' lang='lat' dir='ltr'><strong>Slavica</strong></span> <span class='ocrx_word' id='word_1_361' title='bbox 2289 2696 2575 2766; x_wconf 89' lang='lat' dir='ltr'><strong>dialectus)</strong></span> <span class='ocrx_word' id='word_1_362' title='bbox 2598 2711 2712 2751; x_wconf 87' lang='lat' dir='ltr'><strong>ms.</strong></span> <span class='ocrx_word' id='word_1_363' title='bbox 2743 2698 2794 2750; x_wconf 89' lang='lat' dir='ltr'><strong>in</strong></span> <span class='ocrx_word' id='word_1_364' title='bbox 2820 2699 3144 2757; x_wconf 88' lang='lat' dir='ltr'><strong>bibliotheca</strong></span> <span class='ocrx_word' id='word_1_365' title='bbox 3172 2702 3229 2758; x_wconf 89' lang='lat' dir='ltr'><strong>S.</strong></span> <span class='ocrx_word' id='word_1_366' title='bbox 3258 2683 3562 2766; x_wconf 78' lang='lat' dir='ltr'><strong>Salvator-is</strong></span> 
     </span>
    </p>
   </div>
   <div class='ocr_carea' id='block_1_28' title="bbox 314 2782 3553 2856">
    <p class='ocr_par' dir='ltr' id='par_1_28' title="bbox 314 2782 3553 2856">
     <span class='ocr_line' id='line_1_28' title="bbox 314 2782 3553 2856; baseline 0.005 -17"><span class='ocrx_word' id='word_1_367' title='bbox 314 2782 599 2849; x_wconf 63' lang='lat' dir='ltr'><strong>Bononiae,</strong></span> <span class='ocrx_word' id='word_1_368' title='bbox 626 2795 790 2855; x_wconf 91' lang='lat' dir='ltr'><strong>atque</strong></span> <span class='ocrx_word' id='word_1_369' title='bbox 817 2786 1047 2841; x_wconf 89' lang='lat' dir='ltr'><strong>Arahice</strong></span> <span class='ocrx_word' id='word_1_370' title='bbox 1073 2803 1176 2840; x_wconf 91' lang='lat' dir='ltr'><strong>una</strong></span> <span class='ocrx_word' id='word_1_371' title='bbox 1201 2804 1324 2841; x_wconf 91' lang='lat' dir='ltr'><strong>cum</strong></span> <span class='ocrx_word' id='word_1_372' title='bbox 1351 2787 1593 2856; x_wconf 64' lang='lat' dir='ltr'><strong>Epistot’a</strong></span> <span class='ocrx_word' id='word_1_373' title='bbox 1626 2789 1694 2841; x_wconf 88' lang='lat' dir='ltr'><strong>ad</strong></span> <span class='ocrx_word' id='word_1_374' title='bbox 1725 2787 2097 2843; x_wconf 77' lang='lat' dir='ltr'><strong>Marcellinum</strong></span> <span class='ocrx_word' id='word_1_375' title='bbox 2128 2791 2180 2844; x_wconf 87' lang='lat' dir='ltr'><strong>in</strong></span> <span class='ocrx_word' id='word_1_376' title='bbox 2208 2791 2532 2845; x_wconf 88' lang='lat' dir='ltr'><strong>bibliotheca</strong></span> <span class='ocrx_word' id='word_1_377' title='bbox 2560 2792 2918 2846; x_wconf 88' lang='lat' dir='ltr'><strong>Ambrosiana</strong></span> <span class='ocrx_word' id='word_1_378' title='bbox 2941 2795 3126 2850; x_wconf 86' lang='lat' dir='ltr'><strong>codice</strong></span> <span class='ocrx_word' id='word_1_379' title='bbox 3153 2795 3257 2850; x_wconf 80' lang='lat'><strong>500</strong></span> <span class='ocrx_word' id='word_1_380' title='bbox 3285 2814 3553 2855; x_wconf 83' lang='lat' dir='ltr'><strong>aunomm</strong></span> 
     </span>
    </p>
   </div>
   <div class='ocr_carea' id='block_1_29' title="bbox 315 2876 3554 2952">
    <p class='ocr_par' dir='ltr' id='par_1_29' title="bbox 315 2876 3554 2952">
     <span class='ocr_line' id='line_1_29' title="bbox 315 2876 3554 2952; baseline 0.004 -21"><span class='ocrx_word' id='word_1_381' title='bbox 315 2886 583 2932; x_wconf 87' lang='lat' dir='ltr'><strong>memorat</strong></span> <span class='ocrx_word' id='word_1_382' title='bbox 623 2877 763 2930; x_wconf 91' lang='lat' dir='ltr'><strong>idem</strong></span> <span class='ocrx_word' id='word_1_383' title='bbox 801 2876 1239 2933; x_wconf 85' lang='lat' dir='ltr'><strong>Montfauconius</strong></span> <span class='ocrx_word' id='word_1_384' title='bbox 1273 2877 1341 2931; x_wconf 90' lang='lat' dir='ltr'><strong>ad</strong></span> <span class='ocrx_word' id='word_1_385' title='bbox 1385 2878 1744 2932; x_wconf 83' lang='lat' dir='ltr'><strong>Athanasium</strong></span> <span class='ocrx_word' id='word_1_386' title='bbox 1780 2886 1911 2930; x_wconf 86' lang='lat' dir='ltr'><strong>tom.</strong></span> <span class='ocrx_word' id='word_1_387' title='bbox 1956 2876 2012 2944; x_wconf 91' lang='lat' dir='ltr'><strong>l,</strong></span> <span class='ocrx_word' id='word_1_388' title='bbox 2068 2895 2189 2949; x_wconf 83' lang='lat' dir='ltr'><strong>pag.</strong></span> <span class='ocrx_word' id='word_1_389' title='bbox 2227 2879 2363 2934; x_wconf 84' lang='lat'><strong>1005</strong></span> <span class='ocrx_word' id='word_1_390' title='bbox 2405 2890 2456 2933; x_wconf 89' lang='lat' dir='ltr'><strong>et</strong></span> <span class='ocrx_word' id='word_1_391' title='bbox 2492 2878 2651 2935; x_wconf 87' lang='lat'><strong>1006.</strong></span> <span class='ocrx_word' id='word_1_392' title='bbox 2685 2879 3005 2952; x_wconf 85' lang='lat' dir='ltr'><strong>Fragmenta</strong></span> <span class='ocrx_word' id='word_1_393' title='bbox 3041 2886 3554 2943; x_wconf 77' lang='lat' dir='ltr'><strong>commentarioer</strong></span> 
     </span>
    </p>
   </div>
   <div class='ocr_carea' id='block_1_30' title="bbox 310 2969 3558 3052">
    <p class='ocr_par' dir='ltr' id='par_1_30' title="bbox 310 2969 3558 3052">
     <span class='ocr_line' id='line_1_30' title="bbox 310 2969 3558 3052; baseline 0.003 -28"><span class='ocrx_word' id='word_1_394' title='bbox 310 2971 601 3027; x_wconf 80' lang='lat' dir='ltr'><strong>Athanasii</strong></span> <span class='ocrx_word' id='word_1_395' title='bbox 631 2972 684 3024; x_wconf 86' lang='lat' dir='ltr'><strong>in</strong></span> <span class='ocrx_word' id='word_1_396' title='bbox 718 2969 960 3025; x_wconf 76' lang='lat' dir='ltr'><strong>Psalmos</strong></span> <span class='ocrx_word' id='word_1_397' title='bbox 992 2988 1020 3024; x_wconf 89' lang='lat' dir='ltr'><strong>a</strong></span> <span class='ocrx_word' id='word_1_398' title='bbox 1064 2971 1225 3027; x_wconf 89' lang='lat' dir='ltr'><strong>Petro</strong></span> <span class='ocrx_word' id='word_1_399' title='bbox 1252 2971 1621 3029; x_wconf 86' lang='lat' dir='ltr'><strong>Felckmanno</strong></span> <span class='ocrx_word' id='word_1_400' title='bbox 1667 2974 1892 3028; x_wconf 90' lang='lat' dir='ltr'><strong>collecta</strong></span> <span class='ocrx_word' id='word_1_401' title='bbox 1925 2989 1955 3028; x_wconf 91' lang='lat' dir='ltr'><strong>e</strong></span> <span class='ocrx_word' id='word_1_402' title='bbox 1990 2972 2190 3029; x_wconf 74' lang='lat' dir='ltr'><strong>Niceta:</strong></span> <span class='ocrx_word' id='word_1_403' title='bbox 2223 2976 2578 3044; x_wconf 68' lang='lat' dir='ltr'><strong>metropolitaz</strong></span> <span class='ocrx_word' id='word_1_404' title='bbox 2607 2973 2875 3031; x_wconf 70' lang='lat' dir='ltr'><strong>Heraclea:</strong></span> <span class='ocrx_word' id='word_1_405' title='bbox 2901 2976 3196 3049; x_wconf 80' lang='grc' dir='ltr'><strong>Συναγωγῇ</strong></span> <span class='ocrx_word' id='word_1_406' title='bbox 3243 2978 3558 3052; x_wconf 68' lang='grc' dir='ltr'><strong>ἐξηγήσεων</strong></span> 
     </span>
    </p>
   </div>
   <div class='ocr_carea' id='block_1_31' title="bbox 311 3066 3557 3143">
    <p class='ocr_par' dir='ltr' id='par_1_31' title="bbox 311 3066 3557 3143">
     <span class='ocr_line' id='line_1_31' title="bbox 311 3066 3557 3143; baseline 0.003 -22"><span class='ocrx_word' id='word_1_407' title='bbox 311 3067 366 3121; x_wconf 86' lang='lat' dir='ltr'><strong>in</strong></span> <span class='ocrx_word' id='word_1_408' title='bbox 400 3068 619 3137; x_wconf 87' lang='lat' dir='ltr'><strong>priores</strong></span> <span class='ocrx_word' id='word_1_409' title='bbox 653 3066 896 3136; x_wconf 89' lang='lat' dir='ltr'><strong>psalmos</strong></span> <span class='ocrx_word' id='word_1_410' title='bbox 925 3067 994 3120; x_wconf 76' lang='grc'><strong>’72</strong></span> <span class='ocrx_word' id='word_1_411' title='bbox 1025 3077 1393 3140; x_wconf 86' lang='lat' dir='ltr'><strong>manuscnpta</strong></span> <span class='ocrx_word' id='word_1_412' title='bbox 1420 3070 1474 3123; x_wconf 90' lang='lat' dir='ltr'><strong>in</strong></span> <span class='ocrx_word' id='word_1_413' title='bbox 1504 3070 1830 3125; x_wconf 85' lang='lat' dir='ltr'><strong>bibliotheca</strong></span> <span class='ocrx_word' id='word_1_414' title='bbox 1863 3068 2132 3137; x_wconf 90' lang='lat' dir='ltr'><strong>Palatina,</strong></span> <span class='ocrx_word' id='word_1_415' title='bbox 2170 3088 2291 3141; x_wconf 86' lang='lat' dir='ltr'><strong>pag.</strong></span> <span class='ocrx_word' id='word_1_416' title='bbox 2329 3070 2654 3139; x_wconf 66' lang='lat'><strong>1211-1262,</strong></span> <span class='ocrx_word' id='word_1_417' title='bbox 2698 3072 2791 3126; x_wconf 93' lang='lat' dir='ltr'><strong>lib.</strong></span> <span class='ocrx_word' id='word_1_418' title='bbox 2820 3087 2893 3138; x_wconf 85' lang='grc' dir='ltr'><strong>ιι,</strong></span> <span class='ocrx_word' id='word_1_419' title='bbox 2918 3086 3038 3143; x_wconf 85' lang='lat' dir='ltr'><strong>pag.</strong></span> <span class='ocrx_word' id='word_1_420' title='bbox 3075 3074 3199 3127; x_wconf 85' lang='lat'><strong>511.</strong></span> <span class='ocrx_word' id='word_1_421' title='bbox 3226 3094 3244 3126; x_wconf 71' lang='grc' dir='ltr'><strong>ι</strong></span> <span class='ocrx_word' id='word_1_422' title='bbox 3286 3074 3557 3132; x_wconf 85' lang='lat' dir='ltr'><strong>Hactenus</strong></span> 
     </span>
    </p>
   </div>
   <div class='ocr_carea' id='block_1_32' title="bbox 310 3162 618 3218">
    <p class='ocr_par' dir='ltr' id='par_1_32' title="bbox 310 3162 618 3218">
     <span class='ocr_line' id='line_1_32' title="bbox 310 3162 618 3218; baseline 0.003 -1"><span class='ocrx_word' id='word_1_423' title='bbox 310 3162 618 3218; x_wconf 79' lang='lat' dir='ltr'><strong>Fabricius.</strong></span> 
     </span>
    </p>
   </div>
   <div class='ocr_carea' id='block_1_33' title="bbox 382 3256 3561 3331">
    <p class='ocr_par' dir='ltr' id='par_1_33' title="bbox 382 3256 3561 3331">
     <span class='ocr_line' id='line_1_33' title="bbox 382 3256 3561 3331; baseline 0.001 -18"><span class='ocrx_word' id='word_1_424' title='bbox 382 3260 447 3314; x_wconf 84' lang='lat' dir='ltr'><strong>V.</strong></span> <span class='ocrx_word' id='word_1_425' title='bbox 477 3260 867 3325; x_wconf 88' lang='lat' dir='ltr'><strong>Quamobrem,</strong></span> <span class='ocrx_word' id='word_1_426' title='bbox 912 3275 1036 3316; x_wconf 91' lang='lat' dir='ltr'><strong>cum</strong></span> <span class='ocrx_word' id='word_1_427' title='bbox 1067 3256 1250 3326; x_wconf 92' lang='lat' dir='ltr'><strong>plures</strong></span> <span class='ocrx_word' id='word_1_428' title='bbox 1275 3257 1385 3313; x_wconf 88' lang='lat' dir='ltr'><strong>sint</strong></span> <span class='ocrx_word' id='word_1_429' title='bbox 1412 3256 1757 3315; x_wconf 90' lang='lat' dir='ltr'><strong>Psalmorum</strong></span> <span class='ocrx_word' id='word_1_430' title='bbox 1783 3259 2174 3329; x_wconf 81' lang='lat' dir='ltr'><strong>expositiones,</strong></span> <span class='ocrx_word' id='word_1_431' title='bbox 2203 3276 2324 3330; x_wconf 64' lang='lat' dir='ltr'><strong>qua:</strong></span> <span class='ocrx_word' id='word_1_432' title='bbox 2352 3257 2408 3314; x_wconf 90' lang='lat' dir='ltr'><strong>S.</strong></span> <span class='ocrx_word' id='word_1_433' title='bbox 2440 3258 2723 3314; x_wconf 88' lang='lat' dir='ltr'><strong>Athanasii</strong></span> <span class='ocrx_word' id='word_1_434' title='bbox 2750 3275 2945 3315; x_wconf 88' lang='lat' dir='ltr'><strong>nomen</strong></span> <span class='ocrx_word' id='word_1_435' title='bbox 2983 3261 3303 3331; x_wconf 91' lang='lat' dir='ltr'><strong>inscriptum</strong></span> <span class='ocrx_word' id='word_1_436' title='bbox 3348 3277 3459 3331; x_wconf 72' lang='lat' dir='ltr'><strong>prae</strong></span> <span class='ocrx_word' id='word_1_437' title='bbox 3499 3277 3561 3316; x_wconf 74' lang='lat' dir='ltr'><strong>se</strong></span> 
     </span>
    </p>
   </div>
   <div class='ocr_carea' id='block_1_34' title="bbox 311 3349 3558 3423">
    <p class='ocr_par' dir='ltr' id='par_1_34' title="bbox 311 3349 3558 3423">
     <span class='ocr_line' id='line_1_34' title="bbox 311 3349 3558 3423; baseline 0.001 -20"><span class='ocrx_word' id='word_1_438' title='bbox 311 3349 517 3414; x_wconf 85' lang='lat' dir='ltr'><strong>ferunt,</strong></span> <span class='ocrx_word' id='word_1_439' title='bbox 541 3366 765 3407; x_wconf 87' lang='lat' dir='ltr'><strong>necesse</strong></span> <span class='ocrx_word' id='word_1_440' title='bbox 784 3360 867 3407; x_wconf 89' lang='lat' dir='ltr'><strong>est</strong></span> <span class='ocrx_word' id='word_1_441' title='bbox 887 3351 1110 3422; x_wconf 90' lang='lat' dir='ltr'><strong>paulum</strong></span> <span class='ocrx_word' id='word_1_442' title='bbox 1137 3349 1341 3420; x_wconf 90' lang='lat' dir='ltr'><strong>aliquid</strong></span> <span class='ocrx_word' id='word_1_443' title='bbox 1366 3351 1433 3405; x_wconf 91' lang='lat' dir='ltr'><strong>de</strong></span> <span class='ocrx_word' id='word_1_444' title='bbox 1466 3350 1576 3405; x_wconf 92' lang='lat' dir='ltr'><strong>illis</strong></span> <span class='ocrx_word' id='word_1_445' title='bbox 1602 3351 1891 3411; x_wconf 88' lang='lat' dir='ltr'><strong>disserere.</strong></span> <span class='ocrx_word' id='word_1_446' title='bbox 1920 3366 2028 3421; x_wconf 91' lang='lat' dir='ltr'><strong>quo</strong></span> <span class='ocrx_word' id='word_1_447' title='bbox 2058 3353 2231 3421; x_wconf 87' lang='lat' dir='ltr'><strong>magis</strong></span> <span class='ocrx_word' id='word_1_448' title='bbox 2256 3362 2594 3415; x_wconf 85' lang='lat' dir='ltr'><strong>compertum</strong></span> <span class='ocrx_word' id='word_1_449' title='bbox 2622 3352 2733 3419; x_wconf 84' lang='lat' dir='ltr'><strong>fiat,</strong></span> <span class='ocrx_word' id='word_1_450' title='bbox 2761 3368 2827 3406; x_wconf 91' lang='lat' dir='ltr'><strong>an</strong></span> <span class='ocrx_word' id='word_1_451' title='bbox 2861 3368 2945 3417; x_wconf 90' lang='lat' dir='ltr'><strong>ea,</strong></span> <span class='ocrx_word' id='word_1_452' title='bbox 2974 3369 3135 3423; x_wconf 90' lang='lat' dir='ltr'><strong>quam</strong></span> <span class='ocrx_word' id='word_1_453' title='bbox 3168 3356 3219 3406; x_wconf 92' lang='lat' dir='ltr'><strong>in</strong></span> <span class='ocrx_word' id='word_1_454' title='bbox 3253 3355 3426 3408; x_wconf 91' lang='lat' dir='ltr'><strong>lucem</strong></span> <span class='ocrx_word' id='word_1_455' title='bbox 3459 3355 3558 3408; x_wconf 84' lang='lat' dir='ltr'><strong>da-</strong></span> 
     </span>
    </p>
   </div>
   <div class='ocr_carea' id='block_1_35' title="bbox 312 3439 3561 3521">
    <p class='ocr_par' dir='ltr' id='par_1_35' title="bbox 312 3439 3561 3521">
     <span class='ocr_line' id='line_1_35' title="bbox 312 3439 3561 3521; baseline 0.002 -28"><span class='ocrx_word' id='word_1_456' title='bbox 312 3454 455 3500; x_wconf 86' lang='lat' dir='ltr'><strong>mus.</strong></span> <span class='ocrx_word' id='word_1_457' title='bbox 484 3450 743 3510; x_wconf 84' lang='lat' dir='ltr'><strong>tanquam</strong></span> <span class='ocrx_word' id='word_1_458' title='bbox 770 3443 1066 3521; x_wconf 87' lang='lat' dir='ltr'><strong>genuinum</strong></span> <span class='ocrx_word' id='word_1_459' title='bbox 1113 3441 1233 3511; x_wconf 84' lang='lat' dir='ltr'><strong>ejus</strong></span> <span class='ocrx_word' id='word_1_460' title='bbox 1264 3456 1401 3510; x_wconf 91' lang='lat' dir='ltr'><strong>opus</strong></span> <span class='ocrx_word' id='word_1_461' title='bbox 1447 3441 1799 3496; x_wconf 86' lang='lat' dir='ltr'><strong>sanctissimo</strong></span> <span class='ocrx_word' id='word_1_462' title='bbox 1831 3439 2054 3494; x_wconf 88' lang='lat' dir='ltr'><strong>Doctori</strong></span> <span class='ocrx_word' id='word_1_463' title='bbox 2084 3443 2155 3495; x_wconf 91' lang='lat' dir='ltr'><strong>sit</strong></span> <span class='ocrx_word' id='word_1_464' title='bbox 2188 3440 2529 3496; x_wconf 87' lang='lat' dir='ltr'><strong>ascribenda.</strong></span> <span class='ocrx_word' id='word_1_465' title='bbox 2566 3442 2642 3495; x_wconf 89' lang='lat' dir='ltr'><strong>Ac</strong></span> <span class='ocrx_word' id='word_1_466' title='bbox 2677 3444 2907 3511; x_wconf 90' lang='lat' dir='ltr'><strong>primum</strong></span> <span class='ocrx_word' id='word_1_467' title='bbox 2936 3442 3097 3496; x_wconf 89' lang='lat' dir='ltr'><strong>verba</strong></span> <span class='ocrx_word' id='word_1_468' title='bbox 3132 3441 3328 3498; x_wconf 83' lang='lat' dir='ltr'><strong>faciam</strong></span> <span class='ocrx_word' id='word_1_469' title='bbox 3371 3442 3437 3497; x_wconf 90' lang='lat' dir='ltr'><strong>de</strong></span> <span class='ocrx_word' id='word_1_470' title='bbox 3469 3442 3561 3498; x_wconf 68' lang='lat' dir='ltr'><strong>illa</strong></span> 
     </span>
    </p>
   </div>
   <div class='ocr_carea' id='block_1_36' title="bbox 310 3532 3562 3606">
    <p class='ocr_par' dir='ltr' id='par_1_36' title="bbox 310 3532 3562 3606">
     <span class='ocr_line' id='line_1_36' title="bbox 310 3532 3562 3606; baseline 0.001 -18"><span class='ocrx_word' id='word_1_471' title='bbox 310 3550 431 3604; x_wconf 73' lang='lat' dir='ltr'><strong>quc</strong></span> <span class='ocrx_word' id='word_1_472' title='bbox 458 3532 749 3589; x_wconf 83' lang='lat' dir='ltr'><strong>Mediolani</strong></span> <span class='ocrx_word' id='word_1_473' title='bbox 785 3535 838 3588; x_wconf 92' lang='lat' dir='ltr'><strong>in</strong></span> <span class='ocrx_word' id='word_1_474' title='bbox 868 3534 1199 3591; x_wconf 88' lang='lat' dir='ltr'><strong>bibliotheca</strong></span> <span class='ocrx_word' id='word_1_475' title='bbox 1230 3536 1612 3603; x_wconf 82' lang='lat' dir='ltr'><strong>Ambrosiana,</strong></span> <span class='ocrx_word' id='word_1_476' title='bbox 1643 3548 1698 3591; x_wconf 89' lang='lat' dir='ltr'><strong>et</strong></span> <span class='ocrx_word' id='word_1_477' title='bbox 1728 3536 1969 3591; x_wconf 74' lang='lat' dir='ltr'><strong>Vcnetiis</strong></span> <span class='ocrx_word' id='word_1_478' title='bbox 2019 3536 2074 3590; x_wconf 89' lang='lat' dir='ltr'><strong>in</strong></span> <span class='ocrx_word' id='word_1_479' title='bbox 2120 3536 2446 3592; x_wconf 87' lang='lat' dir='ltr'><strong>bibliotheca</strong></span> <span class='ocrx_word' id='word_1_480' title='bbox 2481 3534 2819 3591; x_wconf 85' lang='lat' dir='ltr'><strong>Justinianea</strong></span> <span class='ocrx_word' id='word_1_481' title='bbox 2855 3540 3141 3606; x_wconf 83' lang='lat' dir='ltr'><strong>reperitur.</strong></span> <span class='ocrx_word' id='word_1_482' title='bbox 3187 3536 3336 3591; x_wconf 90' lang='lat' dir='ltr'><strong>llanc</strong></span> <span class='ocrx_word' id='word_1_483' title='bbox 3376 3548 3562 3593; x_wconf 84' lang='lat' dir='ltr'><strong>autem</strong></span> 
     </span>
    </p>
   </div>
   <div class='ocr_carea' id='block_1_37' title="bbox 309 3626 3559 3700">
    <p class='ocr_par' dir='ltr' id='par_1_37' title="bbox 309 3626 3559 3700">
     <span class='ocr_line' id='line_1_37' title="bbox 309 3626 3559 3700; baseline -0.002 -15"><span class='ocrx_word' id='word_1_484' title='bbox 309 3638 504 3685; x_wconf 68' lang='lat' dir='ltr'><strong>sancto</strong></span> <span class='ocrx_word' id='word_1_485' title='bbox 530 3629 833 3686; x_wconf 81' lang='lat' dir='ltr'><strong>Athanasio</strong></span> <span class='ocrx_word' id='word_1_486' title='bbox 857 3631 1140 3700; x_wconf 87' lang='lat' dir='ltr'><strong>abjudicat</strong></span> <span class='ocrx_word' id='word_1_487' title='bbox 1169 3627 1330 3683; x_wconf 88' lang='lat' dir='ltr'><strong>Pater</strong></span> <span class='ocrx_word' id='word_1_488' title='bbox 1354 3628 1819 3693; x_wconf 80' lang='lat' dir='ltr'><strong>Montfauconius,</strong></span> <span class='ocrx_word' id='word_1_489' title='bbox 1843 3629 2228 3697; x_wconf 80' lang='lat' dir='ltr'><strong>existimatque</strong></span> <span class='ocrx_word' id='word_1_490' title='bbox 2251 3628 2335 3680; x_wconf 87' lang='lat' dir='ltr'><strong>vel</strong></span> <span class='ocrx_word' id='word_1_491' title='bbox 2371 3626 2508 3681; x_wconf 83' lang='lat' dir='ltr'><strong>falso</strong></span> <span class='ocrx_word' id='word_1_492' title='bbox 2537 3628 2817 3682; x_wconf 88' lang='lat' dir='ltr'><strong>Athanasii</strong></span> <span class='ocrx_word' id='word_1_493' title='bbox 2841 3643 3036 3681; x_wconf 85' lang='lat' dir='ltr'><strong>nomen</strong></span> <span class='ocrx_word' id='word_1_494' title='bbox 3066 3627 3384 3694; x_wconf 84' lang='lat' dir='ltr'><strong>inscriptum</strong></span> <span class='ocrx_word' id='word_1_495' title='bbox 3413 3643 3559 3692; x_wconf 87' lang='lat' dir='ltr'><strong>esse,</strong></span> 
     </span>
    </p>
   </div>
   <div class='ocr_carea' id='block_1_38' title="bbox 308 3720 3559 3794">
    <p class='ocr_par' dir='ltr' id='par_1_38' title="bbox 308 3720 3559 3794">
     <span class='ocr_line' id='line_1_38' title="bbox 308 3720 3559 3794; baseline -0.001 -15"><span class='ocrx_word' id='word_1_496' title='bbox 308 3726 394 3779; x_wconf 72' lang='lat' dir='ltr'><strong>vel</strong></span> <span class='ocrx_word' id='word_1_497' title='bbox 423 3726 650 3780; x_wconf 88' lang='lat' dir='ltr'><strong>alterius</strong></span> <span class='ocrx_word' id='word_1_498' title='bbox 692 3726 977 3781; x_wconf 86' lang='lat' dir='ltr'><strong>Athanasii</strong></span> <span class='ocrx_word' id='word_1_499' title='bbox 1013 3726 1179 3780; x_wconf 85' lang='lat' dir='ltr'><strong>fuisse</strong></span> <span class='ocrx_word' id='word_1_500' title='bbox 1222 3740 1419 3794; x_wconf 83' lang='lat' dir='ltr'><strong>magno</strong></span> <span class='ocrx_word' id='word_1_501' title='bbox 1449 3723 1750 3779; x_wconf 87' lang='lat' dir='ltr'><strong>Athanasio</strong></span> <span class='ocrx_word' id='word_1_502' title='bbox 1789 3723 2128 3779; x_wconf 88' lang='lat' dir='ltr'><strong>recentioris.</strong></span> <span class='ocrx_word' id='word_1_503' title='bbox 2194 3720 2328 3775; x_wconf 83' lang='lat' dir='ltr'><strong>Nam</strong></span> <span class='ocrx_word' id='word_1_504' title='bbox 2362 3723 2415 3774; x_wconf 92' lang='lat' dir='ltr'><strong>in</strong></span> <span class='ocrx_word' id='word_1_505' title='bbox 2448 3723 2821 3776; x_wconf 89' lang='lat' dir='ltr'><strong>admonitione</strong></span> <span class='ocrx_word' id='word_1_506' title='bbox 2849 3738 2969 3792; x_wconf 68' lang='lat' dir='ltr'><strong>quae</strong></span> <span class='ocrx_word' id='word_1_507' title='bbox 2996 3722 3273 3791; x_wconf 89' lang='lat' dir='ltr'><strong>proposita</strong></span> <span class='ocrx_word' id='word_1_508' title='bbox 3305 3733 3389 3775; x_wconf 85' lang='lat' dir='ltr'><strong>est</strong></span> <span class='ocrx_word' id='word_1_509' title='bbox 3426 3736 3559 3792; x_wconf 81' lang='lat' dir='ltr'><strong>sup-</strong></span> 
     </span>
    </p>
   </div>
   <div class='ocr_carea' id='block_1_39' title="bbox 306 3811 3558 3888">
    <p class='ocr_par' dir='ltr' id='par_1_39' title="bbox 306 3811 3558 3888">
     <span class='ocr_line' id='line_1_39' title="bbox 306 3811 3558 3888; baseline -0.002 -17"><span class='ocrx_word' id='word_1_510' title='bbox 306 3818 585 3888; x_wconf 83' lang='lat' dir='ltr'><strong>plemento</strong></span> <span class='ocrx_word' id='word_1_511' title='bbox 616 3818 1132 3873; x_wconf 88' lang='lat' dir='ltr'><strong>commentariorum</strong></span> <span class='ocrx_word' id='word_1_512' title='bbox 1162 3821 1216 3871; x_wconf 83' lang='lat' dir='ltr'><strong>in</strong></span> <span class='ocrx_word' id='word_1_513' title='bbox 1243 3818 1489 3871; x_wconf 74' lang='lat' dir='ltr'><strong>Psalmoa</strong></span> <span class='ocrx_word' id='word_1_514' title='bbox 1517 3818 1570 3871; x_wconf 89' lang='lat' dir='ltr'><strong>in</strong></span> <span class='ocrx_word' id='word_1_515' title='bbox 1600 3816 1755 3870; x_wconf 88' lang='lat' dir='ltr'><strong>Nova</strong></span> <span class='ocrx_word' id='word_1_516' title='bbox 1786 3815 2093 3869; x_wconf 84' lang='lat' dir='ltr'><strong>collectione</strong></span> <span class='ocrx_word' id='word_1_517' title='bbox 2123 3813 2349 3867; x_wconf 80' lang='lat' dir='ltr'><strong>Patrum</strong></span> <span class='ocrx_word' id='word_1_518' title='bbox 2382 3822 2431 3867; x_wconf 88' lang='lat' dir='ltr'><strong>et</strong></span> <span class='ocrx_word' id='word_1_519' title='bbox 2462 3815 2779 3882; x_wconf 83' lang='lat' dir='ltr'><strong>scriptorum</strong></span> <span class='ocrx_word' id='word_1_520' title='bbox 2807 3812 3130 3877; x_wconf 71' lang='lat' dir='ltr'><strong>Graecorum,</strong></span> <span class='ocrx_word' id='word_1_521' title='bbox 3164 3813 3289 3866; x_wconf 85' lang='lat' dir='ltr'><strong>talia</strong></span> <span class='ocrx_word' id='word_1_522' title='bbox 3326 3811 3519 3867; x_wconf 84' lang='lat' dir='ltr'><strong>scribit</strong></span> <span class='ocrx_word' id='word_1_523' title='bbox 3541 3828 3558 3842; x_wconf 74' lang='grc' dir='ltr'><strong>ο</strong></span> 
     </span>
    </p>
   </div>
   <div class='ocr_carea' id='block_1_40' title="bbox 314 3899 3557 3980">
    <p class='ocr_par' dir='ltr' id='par_1_40' title="bbox 314 3899 3557 3980">
     <span class='ocr_line' id='line_1_40' title="bbox 314 3899 3557 3980; baseline -0.002 -19"><span class='ocrx_word' id='word_1_524' title='bbox 314 3910 634 3966; x_wconf 68' lang='grc' dir='ltr'><strong>ιιθειοτεπι</strong></span> <span class='ocrx_word' id='word_1_525' title='bbox 659 3926 878 3966; x_wconf 87' lang='lat' dir='ltr'><strong>monere</strong></span> <span class='ocrx_word' id='word_1_526' title='bbox 895 3910 1070 3980; x_wconf 84' lang='lat' dir='ltr'><strong>juvat,</strong></span> <span class='ocrx_word' id='word_1_527' title='bbox 1093 3911 1544 3966; x_wconf 86' lang='lat' dir='ltr'><strong>commentarium</strong></span> <span class='ocrx_word' id='word_1_528' title='bbox 1573 3909 1738 3963; x_wconf 91' lang='lat' dir='ltr'><strong>alium</strong></span> <span class='ocrx_word' id='word_1_529' title='bbox 1763 3906 2046 3961; x_wconf 83' lang='lat' dir='ltr'><strong>Athanasii</strong></span> <span class='ocrx_word' id='word_1_530' title='bbox 2072 3908 2292 3958; x_wconf 87' lang='lat' dir='ltr'><strong>nomine</strong></span> <span class='ocrx_word' id='word_1_531' title='bbox 2324 3903 2453 3958; x_wconf 91' lang='lat' dir='ltr'><strong>ferri</strong></span> <span class='ocrx_word' id='word_1_532' title='bbox 2490 3904 2542 3956; x_wconf 91' lang='lat' dir='ltr'><strong>in</strong></span> <span class='ocrx_word' id='word_1_533' title='bbox 2571 3902 2899 3957; x_wconf 89' lang='lat' dir='ltr'><strong>bibliotheca</strong></span> <span class='ocrx_word' id='word_1_534' title='bbox 2928 3900 3268 3955; x_wconf 87' lang='lat' dir='ltr'><strong>Justinianea</strong></span> <span class='ocrx_word' id='word_1_535' title='bbox 3298 3899 3557 3966; x_wconf 80' lang='lat' dir='ltr'><strong>Venetiis,</strong></span> 
     </span>
    </p>
   </div>
   <div class='ocr_carea' id='block_1_41' title="bbox 306 3993 1859 4074">
    <p class='ocr_par' dir='ltr' id='par_1_41' title="bbox 306 4000 1859 4074">
     <span class='ocr_line' id='line_1_41' title="bbox 306 4000 1859 4074; baseline -0.005 -15"><span class='ocrx_word' id='word_1_536' title='bbox 306 4003 480 4074; x_wconf 79' lang='lat' dir='ltr'><strong>inque</strong></span> <span class='ocrx_word' id='word_1_537' title='bbox 510 4002 870 4057; x_wconf 85' lang='lat' dir='ltr'><strong>Ambrosiana</strong></span> <span class='ocrx_word' id='word_1_538' title='bbox 900 4001 1213 4064; x_wconf 85' lang='lat' dir='ltr'><strong>Mediolani,</strong></span> <span class='ocrx_word' id='word_1_539' title='bbox 1248 4016 1476 4072; x_wconf 89' lang='lat' dir='ltr'><strong>prorsus</strong></span> <span class='ocrx_word' id='word_1_540' title='bbox 1501 4001 1778 4054; x_wconf 85' lang='lat' dir='ltr'><strong>diversum</strong></span> <span class='ocrx_word' id='word_1_541' title='bbox 1808 4000 1859 4053; x_wconf 85' lang='lat' dir='ltr'><strong>al</strong></span> 
     </span>
    </p>
   </div>
   <div class='ocr_carea' id='block_1_42' title="bbox 2005 3993 3558 4074">
    <p class='ocr_par' dir='ltr' id='par_1_42' title="bbox 2005 3993 3558 4067">
     <span class='ocr_line' id='line_1_42' title="bbox 2005 3993 3558 4067; baseline -0.003 -17"><span class='ocrx_word' id='word_1_542' title='bbox 2005 4005 2072 4063; x_wconf 81' lang='lat' dir='ltr'><strong>lo,</strong></span> <span class='ocrx_word' id='word_1_543' title='bbox 2105 3996 2262 4067; x_wconf 88' lang='lat' dir='ltr'><strong>cujus</strong></span> <span class='ocrx_word' id='word_1_544' title='bbox 2292 3996 2506 4051; x_wconf 85' lang='lat' dir='ltr'><strong>initium</strong></span> <span class='ocrx_word' id='word_1_545' title='bbox 2535 4015 2547 4049; x_wconf 92' lang='lat'>:</span> <span class='ocrx_word' id='word_1_546' title='bbox 2590 3996 2653 4047; x_wconf 83' lang='lat' dir='ltr'><strong>&#39;H</strong></span> <span class='ocrx_word' id='word_1_547' title='bbox 2680 3996 2776 4065; x_wconf 80' lang='grc' dir='ltr'>μὲν</span> <span class='ocrx_word' id='word_1_548' title='bbox 2802 3993 3104 4066; x_wconf 76' lang='grc' dir='ltr'>προφητεία</span> <span class='ocrx_word' id='word_1_549' title='bbox 3152 3993 3451 4065; x_wconf 76' lang='grc' dir='ltr'><strong>πληροῦται</strong></span> <span class='ocrx_word' id='word_1_550' title='bbox 3478 3993 3558 4056; x_wconf 75' lang='grc' dir='ltr'><strong>εις</strong></span> 
     </span>
    </p>
   </div>
   <div class='ocr_carea' id='block_1_43' title="bbox 302 4091 1855 4169">
    <p class='ocr_par' dir='ltr' id='par_1_43' title="bbox 302 4095 1855 4169">
     <span class='ocr_line' id='line_1_43' title="bbox 302 4095 1855 4169; baseline -0.001 -17"><span class='ocrx_word' id='word_1_551' title='bbox 302 4099 401 4153; x_wconf 74' lang='grc' dir='ltr'><strong>τὸν</strong></span> <span class='ocrx_word' id='word_1_552' title='bbox 443 4098 645 4169; x_wconf 79' lang='grc' dir='ltr'><strong>Ἰωσὴφ</strong></span> <span class='ocrx_word' id='word_1_553' title='bbox 676 4097 768 4150; x_wconf 79' lang='grc' dir='ltr'><strong>τὸν</strong></span> <span class='ocrx_word' id='word_1_554' title='bbox 802 4095 1156 4169; x_wconf 81' lang='grc' dir='ltr'>Ἀριμαοαίον</span> <span class='ocrx_word' id='word_1_555' title='bbox 1182 4114 1195 4128; x_wconf 90' lang='grc'><strong>·</strong></span> <span class='ocrx_word' id='word_1_556' title='bbox 1231 4098 1325 4152; x_wconf 92' lang='lat' dir='ltr'><strong>sed</strong></span> <span class='ocrx_word' id='word_1_557' title='bbox 1357 4113 1479 4151; x_wconf 85' lang='lat' dir='ltr'><strong>cum</strong></span> <span class='ocrx_word' id='word_1_558' title='bbox 1513 4113 1543 4150; x_wconf 89' lang='lat' dir='ltr'><strong>a</strong></span> <span class='ocrx_word' id='word_1_559' title='bbox 1578 4096 1795 4151; x_wconf 92' lang='lat' dir='ltr'><strong>nemine</strong></span> <span class='ocrx_word' id='word_1_560' title='bbox 1821 4112 1855 4151; x_wconf 42' lang='lat' dir='ltr'><strong>si</strong></span> 
     </span>
    </p>
   </div>
   <div class='ocr_carea' id='block_1_44' title="bbox 2003 4091 3556 4169">
    <p class='ocr_par' dir='ltr' id='par_1_44' title="bbox 2003 4091 3556 4160">
     <span class='ocr_line' id='line_1_44' title="bbox 2003 4091 3556 4160; baseline -0.005 -11"><span class='ocrx_word' id='word_1_561' title='bbox 2003 4111 2152 4149; x_wconf 84' lang='lat' dir='ltr'><strong>orum</strong></span> <span class='ocrx_word' id='word_1_562' title='bbox 2184 4101 2542 4157; x_wconf 89' lang='lat' dir='ltr'><strong>memoretur,</strong></span> <span class='ocrx_word' id='word_1_563' title='bbox 2573 4092 2657 4145; x_wconf 88' lang='lat' dir='ltr'><strong>vel</strong></span> <span class='ocrx_word' id='word_1_564' title='bbox 2684 4091 2905 4145; x_wconf 88' lang='lat' dir='ltr'><strong>alterius</strong></span> <span class='ocrx_word' id='word_1_565' title='bbox 2949 4098 3137 4144; x_wconf 87' lang='lat' dir='ltr'><strong>nostro</strong></span> <span class='ocrx_word' id='word_1_566' title='bbox 3167 4091 3383 4160; x_wconf 76' lang='lat' dir='ltr'><strong>gentilis</strong></span> <span class='ocrx_word' id='word_1_567' title='bbox 3420 4104 3556 4156; x_wconf 86' lang='lat' dir='ltr'><strong>opus</strong></span> 
     </span>
    </p>
   </div>
   <div class='ocr_carea' id='block_1_45' title="bbox 250 4182 3561 4262">
    <p class='ocr_par' dir='ltr' id='par_1_45' title="bbox 250 4182 3561 4262">
     <span class='ocr_line' id='line_1_45' title="bbox 250 4182 3561 4262; baseline -0.004 -14"><span class='ocrx_word' id='word_1_568' title='bbox 250 4226 258 4234; x_wconf 90' lang='lat'><strong>-</strong></span> <span class='ocrx_word' id='word_1_569' title='bbox 304 4192 497 4255; x_wconf 78' lang='lat' dir='ltr'><strong>fuerit,</strong></span> <span class='ocrx_word' id='word_1_570' title='bbox 526 4192 611 4247; x_wconf 80' lang='lat' dir='ltr'><strong>vel</strong></span> <span class='ocrx_word' id='word_1_571' title='bbox 643 4192 997 4247; x_wconf 86' lang='lat' dir='ltr'><strong>Athanasium</strong></span> <span class='ocrx_word' id='word_1_572' title='bbox 1031 4192 1180 4247; x_wconf 89' lang='lat' dir='ltr'><strong>illum</strong></span> <span class='ocrx_word' id='word_1_573' title='bbox 1213 4207 1466 4262; x_wconf 89' lang='lat' dir='ltr'><strong>magnum</strong></span> <span class='ocrx_word' id='word_1_574' title='bbox 1498 4190 1810 4245; x_wconf 89' lang='lat' dir='ltr'><strong>ementitur.</strong></span> <span class='ocrx_word' id='word_1_575' title='bbox 1835 4209 1853 4242; x_wconf 75' lang='grc' dir='ltr'><strong><em>ι</em></strong></span> <span class='ocrx_word' id='word_1_576' title='bbox 1875 4188 1940 4243; x_wconf 83' lang='lat' dir='ltr'><strong>Et</strong></span> <span class='ocrx_word' id='word_1_577' title='bbox 1964 4190 2019 4242; x_wconf 93' lang='lat' dir='ltr'><strong>in</strong></span> <span class='ocrx_word' id='word_1_578' title='bbox 2053 4187 2241 4242; x_wconf 83' lang='lat' dir='ltr'><strong>Diariu</strong></span> <span class='ocrx_word' id='word_1_579' title='bbox 2272 4185 2302 4240; x_wconf 83' lang='grc' dir='ltr'><strong><em>Ι</em></strong></span> <span class='ocrx_word' id='word_1_580' title='bbox 2309 4186 2466 4240; x_wconf 72' lang='lat' dir='ltr'><strong>(alica</strong></span> <span class='ocrx_word' id='word_1_581' title='bbox 2481 4185 2555 4256; x_wconf 86' lang='lat'><strong>(6)</strong></span> <span class='ocrx_word' id='word_1_582' title='bbox 2583 4200 2872 4240; x_wconf 88' lang='lat' dir='ltr'><strong>recensens</strong></span> <span class='ocrx_word' id='word_1_583' title='bbox 2894 4184 3112 4238; x_wconf 88' lang='lat' dir='ltr'><strong>codices</strong></span> <span class='ocrx_word' id='word_1_584' title='bbox 3133 4199 3164 4237; x_wconf 91' lang='lat' dir='ltr'><strong>a</strong></span> <span class='ocrx_word' id='word_1_585' title='bbox 3195 4199 3253 4238; x_wconf 90' lang='lat' dir='ltr'><strong>se</strong></span> <span class='ocrx_word' id='word_1_586' title='bbox 3281 4183 3333 4236; x_wconf 93' lang='lat' dir='ltr'><strong>in</strong></span> <span class='ocrx_word' id='word_1_587' title='bbox 3364 4182 3561 4237; x_wconf 92' lang='lat' dir='ltr'><strong>biblio-</strong></span> 
     </span>
    </p>
   </div>
   <div class='ocr_carea' id='block_1_46' title="bbox 306 4279 3560 4358">
    <p class='ocr_par' dir='ltr' id='par_1_46' title="bbox 306 4279 3560 4358">
     <span class='ocr_line' id='line_1_46' title="bbox 306 4279 3560 4358; baseline -0.002 -18"><span class='ocrx_word' id='word_1_588' title='bbox 306 4288 476 4341; x_wconf 87' lang='lat' dir='ltr'><strong>theca</strong></span> <span class='ocrx_word' id='word_1_589' title='bbox 505 4286 874 4342; x_wconf 87' lang='lat' dir='ltr'><strong>Ambrosiana</strong></span> <span class='ocrx_word' id='word_1_590' title='bbox 903 4287 1179 4358; x_wconf 86' lang='lat' dir='ltr'><strong>inspectos</strong></span> <span class='ocrx_word' id='word_1_591' title='bbox 1213 4305 1226 4338; x_wconf 90' lang='lat'><strong>:</strong></span> <span class='ocrx_word' id='word_1_592' title='bbox 1256 4285 1834 4340; x_wconf 66' lang='lat' dir='ltr'><strong>«Animadvertendum</strong></span> <span class='ocrx_word' id='word_1_593' title='bbox 1864 4293 1967 4351; x_wconf 89' lang='lat' dir='ltr'><strong>est,</strong></span> <span class='ocrx_word' id='word_1_594' title='bbox 1995 4283 2371 4354; x_wconf 88' lang='lat' dir='ltr'><strong>inquit,alium</strong></span> <span class='ocrx_word' id='word_1_595' title='bbox 2395 4280 2847 4337; x_wconf 87' lang='lat' dir='ltr'><strong>commentarium</strong></span> <span class='ocrx_word' id='word_1_596' title='bbox 2879 4280 2931 4333; x_wconf 91' lang='lat' dir='ltr'><strong>in</strong></span> <span class='ocrx_word' id='word_1_597' title='bbox 2960 4279 3061 4334; x_wconf 90' lang='lat' dir='ltr'><strong>ista</strong></span> <span class='ocrx_word' id='word_1_598' title='bbox 3093 4279 3437 4341; x_wconf 87' lang='lat' dir='ltr'><strong>bibliotheca,</strong></span> <span class='ocrx_word' id='word_1_599' title='bbox 3460 4292 3560 4333; x_wconf 91' lang='lat' dir='ltr'><strong>nec</strong></span> 
     </span>
    </p>
   </div>
   <div class='ocr_carea' id='block_1_47' title="bbox 306 4372 3561 4450">
    <p class='ocr_par' dir='ltr' id='par_1_47' title="bbox 306 4372 3561 4450">
     <span class='ocr_line' id='line_1_47' title="bbox 306 4372 3561 4450; baseline -0.003 -14"><span class='ocrx_word' id='word_1_600' title='bbox 306 4396 423 4437; x_wconf 89' lang='lat' dir='ltr'><strong>non</strong></span> <span class='ocrx_word' id='word_1_601' title='bbox 456 4382 512 4435; x_wconf 93' lang='lat' dir='ltr'><strong>in</strong></span> <span class='ocrx_word' id='word_1_602' title='bbox 538 4380 724 4436; x_wconf 81' lang='lat' dir='ltr'><strong>Musco</strong></span> <span class='ocrx_word' id='word_1_603' title='bbox 749 4380 1088 4436; x_wconf 81' lang='lat' dir='ltr'><strong>Justinianeo</strong></span> <span class='ocrx_word' id='word_1_604' title='bbox 1114 4380 1358 4435; x_wconf 75' lang='lat' dir='ltr'><strong>Venetiis</strong></span> <span class='ocrx_word' id='word_1_605' title='bbox 1386 4395 1696 4447; x_wconf 89' lang='lat' dir='ltr'><strong>occurrere,</strong></span> <span class='ocrx_word' id='word_1_606' title='bbox 1725 4380 1816 4450; x_wconf 91' lang='lat' dir='ltr'><strong>qui</strong></span> <span class='ocrx_word' id='word_1_607' title='bbox 1847 4379 2132 4433; x_wconf 90' lang='lat' dir='ltr'><strong>Athanasii</strong></span> <span class='ocrx_word' id='word_1_608' title='bbox 2162 4392 2361 4432; x_wconf 90' lang='lat' dir='ltr'><strong>nomen</strong></span> <span class='ocrx_word' id='word_1_609' title='bbox 2388 4379 2518 4430; x_wconf 87' lang='lat' dir='ltr'><strong>item</strong></span> <span class='ocrx_word' id='word_1_610' title='bbox 2552 4373 2807 4445; x_wconf 66' lang='lat' dir='ltr'><strong>praefert:</strong></span> <span class='ocrx_word' id='word_1_611' title='bbox 2838 4373 3197 4427; x_wconf 87' lang='lat' dir='ltr'><strong>atAthanasii</strong></span> <span class='ocrx_word' id='word_1_612' title='bbox 3235 4372 3412 4440; x_wconf 83' lang='lat' dir='ltr'><strong>magni</strong></span> <span class='ocrx_word' id='word_1_613' title='bbox 3438 4386 3561 4426; x_wconf 90' lang='lat' dir='ltr'><strong>esse</strong></span> 
     </span>
    </p>
   </div>
   <div class='ocr_carea' id='block_1_48' title="bbox 307 4461 3564 4545">
    <p class='ocr_par' dir='ltr' id='par_1_48' title="bbox 307 4461 3564 4545">
     <span class='ocr_line' id='line_1_48' title="bbox 307 4461 3564 4545; baseline -0.003 -20"><span class='ocrx_word' id='word_1_614' title='bbox 307 4473 524 4544; x_wconf 90' lang='lat' dir='ltr'><strong>nequit.</strong></span> <span class='ocrx_word' id='word_1_615' title='bbox 558 4472 889 4529; x_wconf 86' lang='lat' dir='ltr'><strong>Germanum</strong></span> <span class='ocrx_word' id='word_1_616' title='bbox 930 4475 1076 4528; x_wconf 92' lang='lat' dir='ltr'><strong>enim</strong></span> <span class='ocrx_word' id='word_1_617' title='bbox 1112 4475 1342 4545; x_wconf 77' lang='lat' dir='ltr'><strong>singulis</strong></span> <span class='ocrx_word' id='word_1_618' title='bbox 1372 4474 1544 4529; x_wconf 85' lang='lat' dir='ltr'><strong>ferme</strong></span> <span class='ocrx_word' id='word_1_619' title='bbox 1576 4472 1789 4543; x_wconf 89' lang='lat' dir='ltr'><strong>paginis</strong></span> <span class='ocrx_word' id='word_1_620' title='bbox 1816 4471 2006 4527; x_wconf 90' lang='lat' dir='ltr'><strong>multis</strong></span> <span class='ocrx_word' id='word_1_621' title='bbox 2046 4478 2169 4541; x_wconf 92' lang='lat' dir='ltr'><strong>post</strong></span> <span class='ocrx_word' id='word_1_622' title='bbox 2199 4468 2558 4523; x_wconf 88' lang='lat' dir='ltr'><strong>Athanasium</strong></span> <span class='ocrx_word' id='word_1_623' title='bbox 2596 4465 2811 4522; x_wconf 58' lang='lat' dir='ltr'><strong>saeculis</strong></span> <span class='ocrx_word' id='word_1_624' title='bbox 2844 4464 3208 4533; x_wconf 86' lang='lat' dir='ltr'><strong>patriarcham</strong></span> <span class='ocrx_word' id='word_1_625' title='bbox 3248 4461 3564 4516; x_wconf 84' lang='lat' dir='ltr'><strong>Constanti-</strong></span> 
     </span>
    </p>
   </div>
   <div class='ocr_carea' id='block_1_49' title="bbox 307 4554 3562 4641">
    <p class='ocr_par' dir='ltr' id='par_1_49' title="bbox 307 4554 3562 4641">
     <span class='ocr_line' id='line_1_49' title="bbox 307 4554 3562 4641; baseline -0.005 -18"><span class='ocrx_word' id='word_1_626' title='bbox 307 4569 690 4641; x_wconf 89' lang='lat' dir='ltr'><strong>nopolitanum</strong></span> <span class='ocrx_word' id='word_1_627' title='bbox 713 4579 1073 4625; x_wconf 90' lang='lat' dir='ltr'><strong>memoratum</strong></span> <span class='ocrx_word' id='word_1_628' title='bbox 1105 4572 1376 4626; x_wconf 90' lang='lat' dir='ltr'><strong>novimus.</strong></span> <span class='ocrx_word' id='word_1_629' title='bbox 1399 4568 1558 4624; x_wconf 91' lang='lat' dir='ltr'><strong>lstius</strong></span> <span class='ocrx_word' id='word_1_630' title='bbox 1587 4567 1801 4622; x_wconf 90' lang='lat' dir='ltr'><strong>initium</strong></span> <span class='ocrx_word' id='word_1_631' title='bbox 1826 4574 1909 4622; x_wconf 91' lang='lat' dir='ltr'><strong>est</strong></span> <span class='ocrx_word' id='word_1_632' title='bbox 1934 4583 1947 4617; x_wconf 87' lang='lat'><strong>:</strong></span> <span class='ocrx_word' id='word_1_633' title='bbox 1970 4564 2254 4636; x_wconf 77' lang='grc' dir='ltr'><strong>Μακάριος</strong></span> <span class='ocrx_word' id='word_1_634' title='bbox 2287 4564 2478 4635; x_wconf 76' lang='grc' dir='ltr'>ἁνήρ,ι</span> <span class='ocrx_word' id='word_1_635' title='bbox 2508 4569 2612 4616; x_wconf 90' lang='lat' dir='ltr'><strong>ete.</strong></span> <span class='ocrx_word' id='word_1_636' title='bbox 2638 4559 2705 4614; x_wconf 84' lang='lat' dir='ltr'><strong>Et</strong></span> <span class='ocrx_word' id='word_1_637' title='bbox 2737 4558 2791 4612; x_wconf 91' lang='lat' dir='ltr'><strong>in</strong></span> <span class='ocrx_word' id='word_1_638' title='bbox 2819 4558 3006 4613; x_wconf 88' lang='lat' dir='ltr'><strong>eodem</strong></span> <span class='ocrx_word' id='word_1_639' title='bbox 3027 4556 3210 4607; x_wconf 84' lang='lat' dir='ltr'><strong>Diario</strong></span> <span class='ocrx_word' id='word_1_640' title='bbox 3241 4555 3468 4625; x_wconf 86' lang='lat' dir='ltr'><strong>loquens</strong></span> <span class='ocrx_word' id='word_1_641' title='bbox 3494 4554 3562 4608; x_wconf 87' lang='lat' dir='ltr'><strong>de</strong></span> 
     </span>
    </p>
   </div>
   <div class='ocr_carea' id='block_1_50' title="bbox 304 4650 3564 4732">
    <p class='ocr_par' dir='ltr' id='par_1_50' title="bbox 304 4650 3564 4732">
     <span class='ocr_line' id='line_1_50' title="bbox 304 4650 3564 4732; baseline -0.005 -14"><span class='ocrx_word' id='word_1_642' title='bbox 304 4663 616 4718; x_wconf 86' lang='lat' dir='ltr'><strong>bibiotheca</strong></span> <span class='ocrx_word' id='word_1_643' title='bbox 642 4662 980 4719; x_wconf 88' lang='lat' dir='ltr'><strong>Justinianea</strong></span> <span class='ocrx_word' id='word_1_644' title='bbox 1008 4664 1084 4719; x_wconf 88' lang='lat' dir='ltr'><strong>ait</strong></span> <span class='ocrx_word' id='word_1_645' title='bbox 1109 4679 1125 4716; x_wconf 89' lang='lat'><strong>:</strong></span> <span class='ocrx_word' id='word_1_646' title='bbox 1160 4664 1356 4718; x_wconf 70' lang='lat' dir='ltr'><strong>«Adest</strong></span> <span class='ocrx_word' id='word_1_647' title='bbox 1376 4678 1593 4732; x_wconf 91' lang='lat' dir='ltr'><strong>quoque</strong></span> <span class='ocrx_word' id='word_1_648' title='bbox 1617 4660 2048 4716; x_wconf 87' lang='lat' dir='ltr'><strong>commentarius</strong></span> <span class='ocrx_word' id='word_1_649' title='bbox 2074 4657 2357 4713; x_wconf 87' lang='lat' dir='ltr'><strong>Athanasii</strong></span> <span class='ocrx_word' id='word_1_650' title='bbox 2389 4658 2445 4710; x_wconf 84' lang='lat' dir='ltr'><strong>in</strong></span> <span class='ocrx_word' id='word_1_651' title='bbox 2473 4654 2737 4720; x_wconf 75' lang='lat' dir='ltr'><strong>Psalmos,</strong></span> <span class='ocrx_word' id='word_1_652' title='bbox 2761 4655 2918 4723; x_wconf 91' lang='lat' dir='ltr'><strong>cujus</strong></span> <span class='ocrx_word' id='word_1_653' title='bbox 2942 4652 3194 4721; x_wconf 89' lang='lat' dir='ltr'><strong>scriptor,</strong></span> <span class='ocrx_word' id='word_1_654' title='bbox 3215 4651 3296 4704; x_wconf 90' lang='lat' dir='ltr'><strong>vel</strong></span> <span class='ocrx_word' id='word_1_655' title='bbox 3319 4650 3564 4703; x_wconf 81' lang='lat' dir='ltr'><strong>Athana-</strong></span> 
     </span>
    </p>
   </div>
   <div class='ocr_carea' id='block_1_51' title="bbox 305 4741 1858 4830">
    <p class='ocr_par' dir='ltr' id='par_1_51' title="bbox 305 4756 1858 4830">
     <span class='ocr_line' id='line_1_51' title="bbox 305 4756 1858 4830; baseline -0.005 -16"><span class='ocrx_word' id='word_1_656' title='bbox 305 4760 454 4814; x_wconf 88' lang='lat' dir='ltr'><strong>sium</strong></span> <span class='ocrx_word' id='word_1_657' title='bbox 485 4759 812 4827; x_wconf 87' lang='lat' dir='ltr'><strong>ementitur,</strong></span> <span class='ocrx_word' id='word_1_658' title='bbox 850 4761 933 4814; x_wconf 90' lang='lat' dir='ltr'><strong>vel</strong></span> <span class='ocrx_word' id='word_1_659' title='bbox 963 4759 1103 4815; x_wconf 90' lang='lat' dir='ltr'><strong>alius</strong></span> <span class='ocrx_word' id='word_1_660' title='bbox 1134 4758 1423 4830; x_wconf 83' lang='grc' dir='ltr'><strong>ὁμώνυμος</strong></span> <span class='ocrx_word' id='word_1_661' title='bbox 1456 4768 1539 4813; x_wconf 87' lang='lat' dir='ltr'><strong>est</strong></span> <span class='ocrx_word' id='word_1_662' title='bbox 1567 4757 1758 4812; x_wconf 89' lang='lat' dir='ltr'><strong>titulus</strong></span> <span class='ocrx_word' id='word_1_663' title='bbox 1789 4772 1803 4808; x_wconf 87' lang='lat'><strong>:</strong></span> <span class='ocrx_word' id='word_1_664' title='bbox 1837 4756 1858 4807; x_wconf 84' lang='grc' dir='ltr'>Ι</span> 
     </span>
    </p>
   </div>
   <div class='ocr_carea' id='block_1_52' title="bbox 2004 4741 3557 4830">
    <p class='ocr_par' dir='ltr' id='par_1_52' title="bbox 2004 4741 3557 4825">
     <span class='ocr_line' id='line_1_52' title="bbox 2004 4741 3557 4825; baseline -0.011 -17"><span class='ocrx_word' id='word_1_665' title='bbox 2004 4774 2023 4818; x_wconf 73' lang='grc' dir='ltr'>ς</span> <span class='ocrx_word' id='word_1_666' title='bbox 2056 4754 2150 4807; x_wconf 83' lang='grc' dir='ltr'><strong>τοῦ</strong></span> <span class='ocrx_word' id='word_1_667' title='bbox 2187 4752 2637 4825; x_wconf 74' lang='grc' dir='ltr'>προερητάνακτος</span> <span class='ocrx_word' id='word_1_668' title='bbox 2672 4749 2853 4810; x_wconf 73' lang='grc' dir='ltr'><strong>Δαῆὶδ,</strong></span> <span class='ocrx_word' id='word_1_669' title='bbox 2883 4747 2977 4799; x_wconf 77' lang='grc' dir='ltr'>καὶ</span> <span class='ocrx_word' id='word_1_670' title='bbox 3012 4743 3154 4797; x_wconf 78' lang='grc' dir='ltr'>θείου</span> <span class='ocrx_word' id='word_1_671' title='bbox 3186 4741 3557 4813; x_wconf 81' lang='grc' dir='ltr'>ὑμνογράφου,</span> 
     </span>
    </p>
   </div>
   <div class='ocr_carea' id='block_1_53' title="bbox 305 4831 1858 4922">
    <p class='ocr_par' dir='ltr' id='par_1_53' title="bbox 305 4849 1851 4922">
     <span class='ocr_line' id='line_1_53' title="bbox 305 4849 1851 4922; baseline -0.001 -20"><span class='ocrx_word' id='word_1_672' title='bbox 305 4849 471 4903; x_wconf 69' lang='lat' dir='ltr'><strong>Liber</strong></span> <span class='ocrx_word' id='word_1_673' title='bbox 521 4852 782 4919; x_wconf 79' lang='lat' dir='ltr'><strong>propheta:</strong></span> <span class='ocrx_word' id='word_1_674' title='bbox 821 4854 974 4922; x_wconf 85' lang='lat' dir='ltr'><strong>regis,</strong></span> <span class='ocrx_word' id='word_1_675' title='bbox 1024 4868 1087 4905; x_wconf 85' lang='lat' dir='ltr'><strong>ac</strong></span> <span class='ocrx_word' id='word_1_676' title='bbox 1125 4850 1289 4904; x_wconf 85' lang='lat' dir='ltr'><strong>divini</strong></span> <span class='ocrx_word' id='word_1_677' title='bbox 1321 4852 1630 4919; x_wconf 78' lang='lat' dir='ltr'><strong>hymnorum</strong></span> <span class='ocrx_word' id='word_1_678' title='bbox 1657 4849 1851 4919; x_wconf 72' lang='lat' dir='ltr'><strong>scripto</strong></span> 
     </span>
    </p>
   </div>
   <div class='ocr_carea' id='block_1_54' title="bbox 2007 4831 3560 4922">
    <p class='ocr_par' dir='ltr' id='par_1_54' title="bbox 2007 4831 3560 4915">
     <span class='ocr_line' id='line_1_54' title="bbox 2007 4831 3560 4915; baseline -0.009 -16"><span class='ocrx_word' id='word_1_679' title='bbox 2007 4847 2194 4900; x_wconf 77' lang='lat' dir='ltr'><strong>avidis.</strong></span> <span class='ocrx_word' id='word_1_680' title='bbox 2232 4845 2361 4901; x_wconf 80' lang='lat' dir='ltr'><strong>Post</strong></span> <span class='ocrx_word' id='word_1_681' title='bbox 2393 4848 2505 4900; x_wconf 63' lang='lat' dir='ltr'><strong>haec</strong></span> <span class='ocrx_word' id='word_1_682' title='bbox 2533 4861 2547 4896; x_wconf 90' lang='lat'><strong>:</strong></span> <span class='ocrx_word' id='word_1_683' title='bbox 2590 4842 2880 4915; x_wconf 77' lang='grc' dir='ltr'><strong>Ἐξήγησις</strong></span> <span class='ocrx_word' id='word_1_684' title='bbox 2917 4837 3011 4891; x_wconf 84' lang='grc' dir='ltr'><strong>τοῦ</strong></span> <span class='ocrx_word' id='word_1_685' title='bbox 3054 4840 3111 4891; x_wconf 80' lang='grc' dir='ltr'>ἐν</span> <span class='ocrx_word' id='word_1_686' title='bbox 3139 4836 3313 4905; x_wconf 78' lang='grc' dir='ltr'><strong>ἁγίοις</strong></span> <span class='ocrx_word' id='word_1_687' title='bbox 3347 4831 3560 4905; x_wconf 84' lang='grc' dir='ltr'>Πατρὺς</span> 
     </span>
    </p>
   </div>
   <div class='ocr_carea' id='block_1_55' title="bbox 302 4925 3559 5013">
    <p class='ocr_par' dir='ltr' id='par_1_55' title="bbox 302 4925 3559 5013">
     <span class='ocr_line' id='line_1_55' title="bbox 302 4925 3559 5013; baseline -0.005 -20"><span class='ocrx_word' id='word_1_688' title='bbox 302 4939 470 5011; x_wconf 76' lang='grc' dir='ltr'><strong>ἡμῶν</strong></span> <span class='ocrx_word' id='word_1_689' title='bbox 530 4941 875 4994; x_wconf 73' lang='grc' dir='ltr'><strong>Ἀθανασεου·</strong></span> <span class='ocrx_word' id='word_1_690' title='bbox 928 4942 1207 5013; x_wconf 73' lang='lat' dir='ltr'><strong>Expositio</strong></span> <span class='ocrx_word' id='word_1_691' title='bbox 1248 4941 1306 4997; x_wconf 90' lang='lat' dir='ltr'><strong>S.</strong></span> <span class='ocrx_word' id='word_1_692' title='bbox 1332 4941 1514 4995; x_wconf 82' lang='lat' dir='ltr'><strong>Patris</strong></span> <span class='ocrx_word' id='word_1_693' title='bbox 1561 4941 1726 4996; x_wconf 73' lang='lat' dir='ltr'><strong>nostri</strong></span> <span class='ocrx_word' id='word_1_694' title='bbox 1764 4938 2065 4993; x_wconf 80' lang='lat' dir='ltr'><strong>Athanasii.</strong></span> <span class='ocrx_word' id='word_1_695' title='bbox 2109 4936 2252 4992; x_wconf 86' lang='lat' dir='ltr'><strong>Idem</strong></span> <span class='ocrx_word' id='word_1_696' title='bbox 2302 4935 2724 4991; x_wconf 81' lang='lat' dir='ltr'><strong>commentarius</strong></span> <span class='ocrx_word' id='word_1_697' title='bbox 2766 4942 2880 4997; x_wconf 87' lang='lat' dir='ltr'><strong>est,</strong></span> <span class='ocrx_word' id='word_1_698' title='bbox 2913 4939 3073 5000; x_wconf 88' lang='lat' dir='ltr'><strong>atque</strong></span> <span class='ocrx_word' id='word_1_699' title='bbox 3117 4930 3206 4983; x_wconf 84' lang='lat' dir='ltr'><strong>ille</strong></span> <span class='ocrx_word' id='word_1_700' title='bbox 3250 4929 3315 4983; x_wconf 89' lang='lat' dir='ltr'><strong>de</strong></span> <span class='ocrx_word' id='word_1_701' title='bbox 3344 4942 3452 4996; x_wconf 91' lang='lat' dir='ltr'><strong>quo</strong></span> <span class='ocrx_word' id='word_1_702' title='bbox 3503 4925 3559 4977; x_wconf 89' lang='lat' dir='ltr'><strong>in</strong></span> 
     </span>
    </p>
   </div>
   <div class='ocr_carea' id='block_1_56' title="bbox 304 5015 3555 5105">
    <p class='ocr_par' dir='ltr' id='par_1_56' title="bbox 304 5015 3555 5105">
     <span class='ocr_line' id='line_1_56' title="bbox 304 5015 3555 5105; baseline -0.006 -21"><span class='ocrx_word' id='word_1_703' title='bbox 304 5030 674 5087; x_wconf 87' lang='lat' dir='ltr'><strong>Ambrosiana</strong></span> <span class='ocrx_word' id='word_1_704' title='bbox 701 5049 922 5102; x_wconf 64' lang='lat' dir='ltr'><strong>supra.»</strong></span> <span class='ocrx_word' id='word_1_705' title='bbox 949 5033 1015 5087; x_wconf 88' lang='lat' dir='ltr'><strong>Et</strong></span> <span class='ocrx_word' id='word_1_706' title='bbox 1033 5033 1293 5105; x_wconf 88' lang='lat' dir='ltr'><strong>quoniam</strong></span> <span class='ocrx_word' id='word_1_707' title='bbox 1316 5033 1421 5086; x_wconf 89' lang='lat' dir='ltr'><strong>erit</strong></span> <span class='ocrx_word' id='word_1_708' title='bbox 1446 5031 1678 5086; x_wconf 78' lang='lat' dir='ltr'><strong>fortasse</strong></span> <span class='ocrx_word' id='word_1_709' title='bbox 1702 5031 1901 5100; x_wconf 88' lang='lat' dir='ltr'><strong>aliquis</strong></span> <span class='ocrx_word' id='word_1_710' title='bbox 1925 5045 2107 5083; x_wconf 88' lang='lat' dir='ltr'><strong>rerum</strong></span> <span class='ocrx_word' id='word_1_711' title='bbox 2132 5027 2618 5081; x_wconf 78' lang='lat' dir='ltr'><strong>ecclesiasticarum</strong></span> <span class='ocrx_word' id='word_1_712' title='bbox 2645 5022 2943 5083; x_wconf 85' lang='lat' dir='ltr'><strong>studiosus,</strong></span> <span class='ocrx_word' id='word_1_713' title='bbox 2961 5021 3051 5090; x_wconf 90' lang='lat' dir='ltr'><strong>qui</strong></span> <span class='ocrx_word' id='word_1_714' title='bbox 3082 5015 3555 5077; x_wconf 90' lang='lat' dir='ltr'><strong>commentarium,</strong></span> 
     </span>
    </p>
   </div>
   <div class='ocr_carea' id='block_1_57' title="bbox 306 5109 3555 5194">
    <p class='ocr_par' dir='ltr' id='par_1_57' title="bbox 306 5109 3555 5194">
     <span class='ocr_line' id='line_1_57' title="bbox 306 5109 3555 5194; baseline -0.005 -17"><span class='ocrx_word' id='word_1_715' title='bbox 306 5122 470 5192; x_wconf 87' lang='lat' dir='ltr'><strong>cujus</strong></span> <span class='ocrx_word' id='word_1_716' title='bbox 504 5122 642 5178; x_wconf 89' lang='lat' dir='ltr'><strong>locis</strong></span> <span class='ocrx_word' id='word_1_717' title='bbox 671 5138 835 5194; x_wconf 86' lang='lat' dir='ltr'><strong>supra</strong></span> <span class='ocrx_word' id='word_1_718' title='bbox 872 5124 1104 5181; x_wconf 89' lang='lat' dir='ltr'><strong>laudatis</strong></span> <span class='ocrx_word' id='word_1_719' title='bbox 1147 5121 1405 5179; x_wconf 89' lang='lat' dir='ltr'><strong>meminit</strong></span> <span class='ocrx_word' id='word_1_720' title='bbox 1439 5121 1878 5177; x_wconf 87' lang='lat' dir='ltr'><strong>Montfauconius</strong></span> <span class='ocrx_word' id='word_1_721' title='bbox 1899 5159 1914 5185; x_wconf 89' lang='lat'><strong>,</strong></span> <span class='ocrx_word' id='word_1_722' title='bbox 1957 5119 2003 5175; x_wconf 89' lang='lat' dir='ltr'><strong>si</strong></span> <span class='ocrx_word' id='word_1_723' title='bbox 2047 5134 2154 5172; x_wconf 90' lang='lat' dir='ltr'><strong>non</strong></span> <span class='ocrx_word' id='word_1_724' title='bbox 2208 5126 2378 5171; x_wconf 91' lang='lat' dir='ltr'><strong>totum</strong></span> <span class='ocrx_word' id='word_1_725' title='bbox 2400 5157 2415 5181; x_wconf 91' lang='lat'><strong>,</strong></span> <span class='ocrx_word' id='word_1_726' title='bbox 2452 5122 2597 5170; x_wconf 89' lang='lat' dir='ltr'><strong>certe</strong></span> <span class='ocrx_word' id='word_1_727' title='bbox 2622 5130 2685 5169; x_wconf 80' lang='lat' dir='ltr'><strong>ex</strong></span> <span class='ocrx_word' id='word_1_728' title='bbox 2719 5128 2871 5182; x_wconf 88' lang='lat' dir='ltr'><strong>parte</strong></span> <span class='ocrx_word' id='word_1_729' title='bbox 2902 5115 3167 5186; x_wconf 88' lang='lat' dir='ltr'><strong>inspicere</strong></span> <span class='ocrx_word' id='word_1_730' title='bbox 3189 5109 3555 5173; x_wconf 83' lang='lat' dir='ltr'><strong>desiderabit;</strong></span> 
     </span>
    </p>
   </div>
   <div class='ocr_carea' id='block_1_58' title="bbox 305 5204 3555 5286">
    <p class='ocr_par' dir='ltr' id='par_1_58' title="bbox 305 5204 3555 5286">
     <span class='ocr_line' id='line_1_58' title="bbox 305 5204 3555 5286; baseline -0.004 -17"><span class='ocrx_word' id='word_1_731' title='bbox 305 5214 455 5271; x_wconf 87' lang='lat' dir='ltr'><strong>haud</strong></span> <span class='ocrx_word' id='word_1_732' title='bbox 490 5216 758 5286; x_wconf 88' lang='lat' dir='ltr'><strong>ingratam</strong></span> <span class='ocrx_word' id='word_1_733' title='bbox 788 5232 876 5273; x_wconf 91' lang='lat' dir='ltr'><strong>me</strong></span> <span class='ocrx_word' id='word_1_734' title='bbox 919 5219 1111 5275; x_wconf 88' lang='lat' dir='ltr'><strong>lectori</strong></span> <span class='ocrx_word' id='word_1_735' title='bbox 1141 5217 1564 5274; x_wconf 87' lang='lat' dir='ltr'><strong>rem.facturum</strong></span> <span class='ocrx_word' id='word_1_736' title='bbox 1593 5218 1822 5285; x_wconf 88' lang='lat' dir='ltr'><strong>credidi,</strong></span> <span class='ocrx_word' id='word_1_737' title='bbox 1854 5225 1914 5270; x_wconf 94' lang='lat' dir='ltr'><strong>ut</strong></span> <span class='ocrx_word' id='word_1_738' title='bbox 1944 5230 2100 5270; x_wconf 90' lang='lat' dir='ltr'><strong>suam</strong></span> <span class='ocrx_word' id='word_1_739' title='bbox 2132 5214 2199 5268; x_wconf 88' lang='lat' dir='ltr'><strong>de</strong></span> <span class='ocrx_word' id='word_1_740' title='bbox 2228 5228 2293 5266; x_wconf 89' lang='lat' dir='ltr'><strong>co</strong></span> <span class='ocrx_word' id='word_1_741' title='bbox 2325 5211 2652 5266; x_wconf 80' lang='lat' dir='ltr'><strong>sententiam</strong></span> <span class='ocrx_word' id='word_1_742' title='bbox 2682 5220 2852 5266; x_wconf 77' lang='lat' dir='ltr'><strong>tutius</strong></span> <span class='ocrx_word' id='word_1_743' title='bbox 2886 5210 3029 5265; x_wconf 90' lang='lat' dir='ltr'><strong>ferre</strong></span> <span class='ocrx_word' id='word_1_744' title='bbox 3058 5206 3247 5279; x_wconf 90' lang='lat' dir='ltr'><strong>possit,</strong></span> <span class='ocrx_word' id='word_1_745' title='bbox 3278 5204 3323 5259; x_wconf 91' lang='lat' dir='ltr'><strong>si</strong></span> <span class='ocrx_word' id='word_1_746' title='bbox 3358 5219 3422 5258; x_wconf 80' lang='lat' dir='ltr'><strong>ex</strong></span> <span class='ocrx_word' id='word_1_747' title='bbox 3457 5218 3555 5257; x_wconf 89' lang='lat' dir='ltr'><strong>eo-</strong></span> 
     </span>
    </p>
   </div>
   <div class='ocr_carea' id='block_1_59' title="bbox 242 5296 3552 5382">
    <p class='ocr_par' dir='ltr' id='par_1_59' title="bbox 242 5296 3552 5382">
     <span class='ocr_line' id='line_1_59' title="bbox 242 5296 3552 5382; baseline -0.005 -18"><span class='ocrx_word' id='word_1_748' title='bbox 242 5334 252 5342; x_wconf 97' lang='lat'><strong><em>-</em></strong></span> <span class='ocrx_word' id='word_1_749' title='bbox 306 5308 434 5364; x_wconf 88' lang='lat' dir='ltr'><strong>dem</strong></span> <span class='ocrx_word' id='word_1_750' title='bbox 468 5311 868 5365; x_wconf 89' lang='lat' dir='ltr'><strong>commentario</strong></span> <span class='ocrx_word' id='word_1_751' title='bbox 899 5313 1296 5381; x_wconf 81' lang='lat' dir='ltr'><strong>expositionem</strong></span> <span class='ocrx_word' id='word_1_752' title='bbox 1326 5314 1380 5368; x_wconf 92' lang='lat' dir='ltr'><strong>in</strong></span> <span class='ocrx_word' id='word_1_753' title='bbox 1409 5313 1649 5382; x_wconf 87' lang='lat' dir='ltr'><strong>primum</strong></span> <span class='ocrx_word' id='word_1_754' title='bbox 1683 5312 1740 5366; x_wconf 92' lang='lat' dir='ltr'><strong>S.</strong></span> <span class='ocrx_word' id='word_1_755' title='bbox 1779 5311 1924 5381; x_wconf 86' lang='lat' dir='ltr'><strong>regis</strong></span> <span class='ocrx_word' id='word_1_756' title='bbox 1952 5309 2176 5364; x_wconf 89' lang='lat' dir='ltr'><strong>Davidis</strong></span> <span class='ocrx_word' id='word_1_757' title='bbox 2210 5308 2479 5377; x_wconf 90' lang='lat' dir='ltr'><strong>psalmum</strong></span> <span class='ocrx_word' id='word_1_758' title='bbox 2517 5308 2621 5362; x_wconf 90' lang='lat' dir='ltr'><strong>hoc</strong></span> <span class='ocrx_word' id='word_1_759' title='bbox 2650 5307 2770 5362; x_wconf 92' lang='lat' dir='ltr'><strong>loco</strong></span> <span class='ocrx_word' id='word_1_760' title='bbox 2792 5303 3171 5375; x_wconf 86' lang='lat' dir='ltr'><strong>ascripserim;</strong></span> <span class='ocrx_word' id='word_1_761' title='bbox 3193 5312 3312 5354; x_wconf 88' lang='lat' dir='ltr'><strong>eam</strong></span> <span class='ocrx_word' id='word_1_762' title='bbox 3335 5296 3552 5366; x_wconf 90' lang='lat' dir='ltr'><strong>quidem</strong></span> 
     </span>
    </p>
   </div>
   <div class='ocr_carea' id='block_1_60' title="bbox 303 5398 3558 5480">
    <p class='ocr_par' dir='ltr' id='par_1_60' title="bbox 303 5398 3558 5480">
     <span class='ocr_line' id='line_1_60' title="bbox 303 5398 3558 5480; baseline -0.004 -22"><span class='ocrx_word' id='word_1_763' title='bbox 303 5405 571 5475; x_wconf 81' lang='lat' dir='ltr'><strong>scriptam</strong></span> <span class='ocrx_word' id='word_1_764' title='bbox 606 5404 788 5461; x_wconf 87' lang='lat' dir='ltr'><strong>inveni</strong></span> <span class='ocrx_word' id='word_1_765' title='bbox 817 5406 870 5460; x_wconf 93' lang='lat' dir='ltr'><strong>in</strong></span> <span class='ocrx_word' id='word_1_766' title='bbox 902 5409 1107 5480; x_wconf 89' lang='lat' dir='ltr'><strong>pagella</strong></span> <span class='ocrx_word' id='word_1_767' title='bbox 1138 5409 1345 5464; x_wconf 89' lang='lat' dir='ltr'><strong>inserta</strong></span> <span class='ocrx_word' id='word_1_768' title='bbox 1375 5408 1429 5462; x_wconf 92' lang='lat' dir='ltr'><strong>in</strong></span> <span class='ocrx_word' id='word_1_769' title='bbox 1460 5416 1712 5463; x_wconf 80' lang='lat' dir='ltr'><strong>nostrum</strong></span> <span class='ocrx_word' id='word_1_770' title='bbox 1743 5407 2010 5471; x_wconf 90' lang='lat' dir='ltr'><strong>codicem,</strong></span> <span class='ocrx_word' id='word_1_771' title='bbox 2034 5415 2089 5460; x_wconf 90' lang='lat' dir='ltr'><strong>et</strong></span> <span class='ocrx_word' id='word_1_772' title='bbox 2116 5405 2342 5459; x_wconf 88' lang='lat' dir='ltr'><strong>minime</strong></span> <span class='ocrx_word' id='word_1_773' title='bbox 2361 5419 2484 5459; x_wconf 92' lang='lat' dir='ltr'><strong>cum</strong></span> <span class='ocrx_word' id='word_1_774' title='bbox 2508 5403 2631 5457; x_wconf 91' lang='lat' dir='ltr'><strong>aliis</strong></span> <span class='ocrx_word' id='word_1_775' title='bbox 2656 5399 2862 5457; x_wconf 82' lang='lat' dir='ltr'><strong>codicis</strong></span> <span class='ocrx_word' id='word_1_776' title='bbox 2890 5398 3099 5468; x_wconf 90' lang='lat' dir='ltr'><strong>paginis</strong></span> <span class='ocrx_word' id='word_1_777' title='bbox 3127 5401 3313 5447; x_wconf 89' lang='lat' dir='ltr'><strong>assuta</strong></span> <span class='ocrx_word' id='word_1_778' title='bbox 3347 5399 3402 5447; x_wconf 90' lang='lat' dir='ltr'><strong>ct</strong></span> <span class='ocrx_word' id='word_1_779' title='bbox 3423 5406 3558 5448; x_wconf 80' lang='lat' dir='ltr'><strong>con-</strong></span> 
     </span>
    </p>
   </div>
   <div class='ocr_carea' id='block_1_61' title="bbox 306 5490 3563 5574">
    <p class='ocr_par' dir='ltr' id='par_1_61' title="bbox 306 5490 3563 5574">
     <span class='ocr_line' id='line_1_61' title="bbox 306 5490 3563 5574; baseline -0.001 -24"><span class='ocrx_word' id='word_1_780' title='bbox 306 5499 596 5567; x_wconf 72' lang='lat' dir='ltr'><strong>glutinata.</strong></span> <span class='ocrx_word' id='word_1_781' title='bbox 631 5501 786 5567; x_wconf 81' lang='lat' dir='ltr'><strong>Quod</strong></span> <span class='ocrx_word' id='word_1_782' title='bbox 817 5518 883 5558; x_wconf 88' lang='lat' dir='ltr'><strong>eo</strong></span> <span class='ocrx_word' id='word_1_783' title='bbox 915 5504 1170 5559; x_wconf 89' lang='lat' dir='ltr'><strong>libentius</strong></span> <span class='ocrx_word' id='word_1_784' title='bbox 1204 5505 1367 5567; x_wconf 84' lang='lat' dir='ltr'><strong>facio,</strong></span> <span class='ocrx_word' id='word_1_785' title='bbox 1404 5503 1533 5573; x_wconf 90' lang='lat' dir='ltr'><strong>quia</strong></span> <span class='ocrx_word' id='word_1_786' title='bbox 1565 5505 1619 5557; x_wconf 92' lang='lat' dir='ltr'><strong>in</strong></span> <span class='ocrx_word' id='word_1_787' title='bbox 1650 5504 2012 5574; x_wconf 78' lang='lat' dir='ltr'><strong>expositione,</strong></span> <span class='ocrx_word' id='word_1_788' title='bbox 2057 5520 2220 5574; x_wconf 90' lang='lat' dir='ltr'><strong>quam</strong></span> <span class='ocrx_word' id='word_1_789' title='bbox 2258 5502 2312 5556; x_wconf 90' lang='lat' dir='ltr'><strong>in</strong></span> <span class='ocrx_word' id='word_1_790' title='bbox 2342 5502 2621 5572; x_wconf 89' lang='lat' dir='ltr'><strong>publicum</strong></span> <span class='ocrx_word' id='word_1_791' title='bbox 2648 5500 2808 5556; x_wconf 88' lang='lat' dir='ltr'><strong>edere</strong></span> <span class='ocrx_word' id='word_1_792' title='bbox 2837 5493 3021 5560; x_wconf 88' lang='lat' dir='ltr'><strong>statui,</strong></span> <span class='ocrx_word' id='word_1_793' title='bbox 3054 5505 3247 5547; x_wconf 80' lang='lat' dir='ltr'><strong>manca</strong></span> <span class='ocrx_word' id='word_1_794' title='bbox 3274 5500 3359 5546; x_wconf 90' lang='lat' dir='ltr'><strong>est</strong></span> <span class='ocrx_word' id='word_1_795' title='bbox 3391 5490 3563 5547; x_wconf 75' lang='lat' dir='ltr'><strong>inter—</strong></span> 
     </span>
    </p>
   </div>
   <div class='ocr_carea' id='block_1_62' title="bbox 305 5595 2795 5670">
    <p class='ocr_par' dir='ltr' id='par_1_62' title="bbox 305 5595 2795 5670">
     <span class='ocr_line' id='line_1_62' title="bbox 305 5595 2795 5670; baseline 0 -23"><span class='ocrx_word' id='word_1_796' title='bbox 305 5595 542 5662; x_wconf 87' lang='lat' dir='ltr'><strong>pretatio</strong></span> <span class='ocrx_word' id='word_1_797' title='bbox 575 5595 739 5664; x_wconf 89' lang='lat' dir='ltr'><strong>primi</strong></span> <span class='ocrx_word' id='word_1_798' title='bbox 775 5599 990 5667; x_wconf 89' lang='lat' dir='ltr'><strong>psalmi.</strong></span> <span class='ocrx_word' id='word_1_799' title='bbox 1022 5599 1209 5670; x_wconf 86' lang='lat' dir='ltr'><strong>Itaque</strong></span> <span class='ocrx_word' id='word_1_800' title='bbox 1239 5599 1384 5654; x_wconf 90' lang='lat' dir='ltr'><strong>illius</strong></span> <span class='ocrx_word' id='word_1_801' title='bbox 1417 5599 1539 5654; x_wconf 91' lang='lat' dir='ltr'><strong>loco</strong></span> <span class='ocrx_word' id='word_1_802' title='bbox 1565 5600 1925 5669; x_wconf 87' lang='lat' dir='ltr'><strong>supplementi</strong></span> <span class='ocrx_word' id='word_1_803' title='bbox 1953 5600 2068 5655; x_wconf 83' lang='lat' dir='ltr'><strong>vice</strong></span> <span class='ocrx_word' id='word_1_804' title='bbox 2096 5600 2212 5655; x_wconf 69' lang='lat' dir='ltr'><strong>haec</strong></span> <span class='ocrx_word' id='word_1_805' title='bbox 2241 5598 2364 5663; x_wconf 90' lang='lat' dir='ltr'><strong>erit,</strong></span> <span class='ocrx_word' id='word_1_806' title='bbox 2392 5614 2513 5668; x_wconf 69' lang='lat' dir='ltr'><strong>qua:</strong></span> <span class='ocrx_word' id='word_1_807' title='bbox 2538 5595 2661 5652; x_wconf 83' lang='lat' dir='ltr'><strong>talis</strong></span> <span class='ocrx_word' id='word_1_808' title='bbox 2693 5601 2795 5649; x_wconf 84' lang='lat' dir='ltr'><strong>est.</strong></span> 
     </span>
    </p>
   </div>
   <div class='ocr_carea' id='block_1_63' title="bbox 378 5749 1736 5830">
    <p class='ocr_par' dir='ltr' id='par_1_63' title="bbox 378 5749 1736 5830">
     <span class='ocr_line' id='line_1_63' title="bbox 378 5749 1736 5830; baseline 0.007 -27"><span class='ocrx_word' id='word_1_809' title='bbox 488 5749 627 5830; x_wconf 62' lang='grc' dir='ltr'><strong>μὴ.</strong></span> <span class='ocrx_word' id='word_1_810' title='bbox 654 5768 688 5830; x_wconf 58' lang='grc' dir='ltr'><strong>ξ’</strong></span> <span class='ocrx_word' id='word_1_811' title='bbox 717 5751 855 5806; x_wconf 82' lang='lat' dir='ltr'><strong>Bibl.</strong></span> <span class='ocrx_word' id='word_1_812' title='bbox 887 5755 1084 5824; x_wconf 62' lang='grc' dir='ltr'><strong>(ἔντεα,</strong></span> <span class='ocrx_word' id='word_1_813' title='bbox 1119 5775 1237 5830; x_wconf 87' lang='lat' dir='ltr'><strong>pag.</strong></span> <span class='ocrx_word' id='word_1_814' title='bbox 1266 5759 1372 5814; x_wconf 65' lang='lat'><strong>501</strong></span> <span class='ocrx_word' id='word_1_815' title='bbox 1406 5758 1532 5830; x_wconf 82' lang='lat' dir='ltr'><strong>(vet.</strong></span> <span class='ocrx_word' id='word_1_816' title='bbox 1564 5758 1736 5829; x_wconf 84' lang='lat' dir='ltr'><strong>edit.).</strong></span> 
     </span>
    </p>
   </div>
   <div class='ocr_carea' id='block_1_64' title="bbox 374 5822 982 5893">
    <p class='ocr_par' dir='ltr' id='par_1_64' title="bbox 374 5822 982 5893">
     <span class='ocr_line' id='line_1_64' title="bbox 374 5822 982 5893; baseline 0.013 -20"><span class='ocrx_word' id='word_1_817' title='bbox 374 5822 454 5891; x_wconf 82' lang='lat' dir='ltr'><strong>(ti)</strong></span> <span class='ocrx_word' id='word_1_818' title='bbox 481 5823 616 5891; x_wconf 80' lang='lat' dir='ltr'><strong>Cap.</strong></span> <span class='ocrx_word' id='word_1_819' title='bbox 648 5822 704 5881; x_wconf 76' lang='lat'><strong>‘2,</strong></span> <span class='ocrx_word' id='word_1_820' title='bbox 737 5838 855 5893; x_wconf 83' lang='lat' dir='ltr'><strong>pag.</strong></span> <span class='ocrx_word' id='word_1_821' title='bbox 901 5830 982 5882; x_wconf 71' lang='grc'><strong>12.</strong></span> 
     </span>
    </p>
   </div>
  </div>
