3934 6218
247 365 340 422 605
886 360 976 416 DE
1015 359 1293 417 TITULIS
1330 357 1786 416 PSALMORUM.
1827 389 1901 401 —
1938 351 2329 413 ANTONELLI
2363 348 2761 427 PREFATIO.
3372 338 3474 391 Cliti

244 479 627 551 exscripsimus.
658 479 860 552 Estque
883 484 1055 538 codex
1086 484 1175 538 ille
1204 497 1395 537 recens
1419 482 1488 536 ab
1517 481 1816 552 antiquiori
1850 474 2180 537 Scorialensi
2208 476 2553 545 desumptus.
2585 470 2723 527 Nam
2754 477 2815 526 ut
2839 468 2893 524 in
2924 464 3207 522 Athanasii
3240 461 3407 524 edito,
3440 475 3470 513 a

244 574 383 630 nobis
409 570 545 627 haud
593 571 667 626 ita
721 572 927 643 pridem
972 571 1259 638 adornato,
1306 571 1644 638 monuimus,
1687 570 2056 641 expositiones
2084 568 2188 623 illae
2230 565 2513 621 Athanasii
2543 580 2649 620 non
2680 562 2934 618 omnibus
2964 559 3080 615 suis
3118 554 3388 627 partibus,
3419 559 3472 605 et

243 660 465 716 numeris
490 660 755 717 absolutae
778 670 928 729 sunt,
967 662 1063 716 sed
1092 662 1509 717 amanuensium
1539 661 1768 717 ausibus
1797 664 1998 731 passim
2031 668 2310 722 truncata,
2340 670 2393 713 et
2422 658 2475 712 in
2509 655 2888 727 compendium
2918 652 3148 706 redacta:
3178 666 3191 703 :
3220 643 3469 716 quaedam

241 754 386 810 etiam
415 769 479 807 ex
511 754 718 808 catenis
748 762 942 809 erutae.
975 750 1119 806 Nihil
1159 769 1343 808 moror
1390 753 1709 823 scriptorem
1740 766 2006 822 nuperum
2036 793 2051 818 ,
2101 751 2194 821 qui
2224 749 2595 820 expositiones
2642 748 2764 803 illas
2811 746 2867 798 in
2916 743 3155 797 Psalmos
3201 754 3308 793 non
3348 747 3470 789 esse

243 846 500 901 Athanasii
527 862 870 917 praepropere
895 850 1307 917 pronuntiavit;
1336 850 1429 904 sed
1466 850 1614 903 nulla
1640 850 1819 903 oblata
1852 849 2081 918 negandi
2113 849 2340 902 ratione.
2368 844 2513 899 Nihil
2556 845 2643 898 ille
2677 840 2908 903 curavit,
2945 838 3057 891 imo
3092 834 3274 906 potius
3306 829 3470 885 dissi-

243 939 469 1001 mulavit,
506 938 609 993 hoc
641 940 844 1008 operis,
878 940 1137 994 omnibus
1168 948 1289 1011 post
1318 941 1677 997 Athanasium
1704 941 1941 1006 sreculis,
1972 938 2256 994 Athanasii
2289 940 2532 999 nomine,
2564 936 2741 990 allatis
2765 933 3085 1003 plerumque
3127 926 3283 986 locis,
3320 931 3377 976 ul
3412 921 3467 975 in

245 1034 483 1088 hodierno
509 1034 902 1089 commentario
930 1043 1166 1099 exstant,
1205 1050 1235 1089 a
1268 1036 1541 1105 plerisque
1576 1036 1935 1106 scriptoribus
1985 1033 2279 1088 memorari
2312 1050 2325 1085 :
2356 1031 2491 1086 nihil
2524 1029 2692 1083 movit
2729 1026 2957 1081 aliinitas
3006 1022 3149 1113 styli,
3195 1020 3468 1088 verbaque

243 1123 524 1194 frequentia
554 1124 917 1179 Athanasiani
945 1143 1098 1190 usus,
1130 1128 1263 1181 nihil
1296 1128 1569 1193 codicum,
1601 1129 1742 1181 unde
1765 1126 2107 1196 prodierunt,
2139 1133 2378 1178 vetustas
2404 1140 2418 1190 ;
2451 1136 2571 1188 qua:
2599 1134 2729 1173 sane
2764 1123 3017 1172 accurato
3038 1110 3281 1173 censori,
3315 1115 3469 1162 ante-

241 1228 386 1283 quam
412 1213 729 1268 sententiam
773 1213 958 1281 ferret,
1006 1217 1151 1272 serio
1178 1225 1334 1272 erant
1379 1219 1721 1273 excutienda.
1767 1217 1964 1272 Verum
2008 1216 2100 1271 ille
2130 1217 2307 1270 nasuti
2338 1230 2397 1269 se
2439 1212 2610 1267 critici
2648 1220 2823 1280 partes
2847 1208 3022 1277 egisse
3051 1202 3291 1273 putavit.
3318 1214 3465 1262 cum:

242 1308 390 1363 missa
425 1308 734 1376 importuna
781 1309 873 1364 illa
916 1310 1274 1381 investigandi
1305 1320 1360 1366 et
1388 1312 1727 1383 disquirendi
1776 1328 1962 1383 opera,
2009 1313 2386 1367 incunctanter
2413 1307 2818 1380 pronuntiavit:
2850 1301 2971 1356 Non
2999 1309 3119 1356 sunt
3153 1295 3468 1359 Athanasii;

242 1406 319 1459 cui
345 1419 437 1460 nos
467 1406 584 1474 pari
616 1405 876 1461 facilitate
908 1408 1224 1476 reponimus
1254 1425 1267 1461 :
1295 1408 1429 1464 Sunt
1466 1410 1785 1473 Athanasii;
1829 1425 1859 1463 a
1887 1425 1994 1479 qua
2022 1424 2079 1461 re
2103 1408 2282 1463 denuo
2313 1402 2716 1474 comprobanda
2744 1415 2844 1454 nos
2870 1394 3140 1460 exemisti,
3169 1393 3296 1447 dum
3333 1388 3468 1443 nihil

248 1495 418 1560 aﬂ‘ers,
446 1510 554 1565 quo
587 1504 665 1551 tot
693 1496 1021 1567 scriptorum
1053 1497 1385 1565 testimonia,
1418 1508 1602 1570 totque
1628 1500 1734 1554 alia
1771 1499 2124 1572 γνησιότητος
2168 1505 2483 1567 argumenta
2512 1493 2805 1550 convcllas.
2832 1489 3002 1544 Nemo
3028 1501 3159 1542 sane
3190 1482 3347 1538 nobis
3386 1480 3470 1534 di-

241 1599 345 1638 cam
372 1584 665 1656 impingat,
700 1588 846 1656 quod
880 1604 946 1642 ex
975 1587 1164 1644 aﬂ‘ccta
1214 1590 1296 1644 vel
1330 1590 1682 1661 prtejudicala
1715 1591 1974 1661 opinione
2004 1590 2190 1661 spuria
2222 1590 2306 1644 vel
2337 1588 2502 1643 dubia
2536 1601 2701 1656 opera
2729 1598 2826 1654 pro
2860 1578 3135 1652 germanis
3164 1587 3217 1631 et
3245 1571 3471 1629 assertis

238 1674 557 1743 dederimus;
589 1692 712 1731 nam
754 1692 853 1748 pro
879 1680 1044 1745 virili,
1080 1689 1133 1733 et
1167 1691 1227 1735 ut
1256 1681 1397 1750 aequi
1432 1681 1570 1739 ratio
1599 1684 1791 1753 postul:

1914 1722 1926 1748 ,
1958 1682 2202 1746 νοθείας,
2237 1679 2320 1733 vel
2348 1678 2700 1749 γνησιότητος
2732 1681 2887 1727 notas
2911 1669 3217 1739 quibusque
3252 1661 3467 1734 praemi-

239 1773 411 1827 simus.
435 1774 513 1829 Ac
541 1773 670 1829 licet
705 1776 905 1846 cuique
935 1777 1166 1833 liberum
1197 1781 1479 1835 sententia:
1503 1781 1792 1835 adversum
1828 1796 1929 1835 nos
1960 1779 2195 1834 ferendae
2229 1776 2516 1832 arbitrium
2548 1773 2859 1831 mittamus,
2898 1765 2945 1820 si
2975 1765 3097 1834 quis
3122 1773 3299 1815 tamen
3332 1756 3471 1810 hanc

240 1865 554 1933 provinciam
589 1865 768 1933 adeat,
802 1870 1017 1924 nonnisi
1048 1872 1295 1928 excussis
1325 1874 1683 1943 argumentis,
1719 1883 1773 1929 et
1820 1872 1983 1937 notis,
2012 1888 2151 1943 quas
2177 1885 2274 1941 pro
2301 1868 2558 1923 facultate
2590 1861 2912 1919 tractatibus
2943 1855 3172 1926 singulis
3199 1847 3471 1923 praemisi-

239 1976 364 2025 mus,
384 1963 587 2030 judicis
615 1973 667 2020 et
699 1966 946 2022 censoris
980 1976 1165 2036 partes
1198 1977 1448 2039 occupet.
1487 1989 1507 2022 ι

302 2055 401 2113 VII.
440 2057 639 2113 Postea
670 2076 802 2115 vero
835 2064 1164 2119 severiorem
1200 2081 1488 2120 censuram
1535 2067 1589 2121 in
1639 2065 2089 2122 commentarium
2133 2080 2290 2133 super
2328 2060 2594 2122 Psalmos,
2637 2064 2691 2113 et.
2738 2054 2792 2108 in
2841 2048 2946 2104 alia
2978 2058 3140 2114 opera
3167 2040 3222 2094 in
3258 2049 3470 2133 sacram

241 2145 556 2219 Scripturam
590 2151 878 2207 Athanasii
928 2157 1152 2211 nomine
1189 2170 1220 2210 a
1259 2154 1365 2210 PP.
1394 2156 1760 2212 Benedictinis
1792 2173 1885 2212 seu
1920 2156 1979 2212 P.
2015 2127 2398 2211 Montfaucono
2441 2152 2584 2208 edita
2630 2147 2755 2203 tulit
2799 2138 3103 2196 Casimirus
3132 2130 3380 2188 Oudinus
3417 2127 3472 2181 in

243 2239 374 2296 hunc
402 2242 622 2297 modum
662 2246 739 2313 (9)
769 2264 780 2299 :
816 2264 835 2297 ι
865 2245 999 2312 Quis
1044 2248 1230 2303 credat
1267 2265 1505 2319 unquam
1544 2266 1802 2320 magnum
1829 2249 2211 2314 Athanasium,
2243 2249 2296 2301 in
2331 2245 2478 2301 onmi
2506 2243 2614 2296 vita
2651 2247 2731 2293 tot
2765 2230 2994 2291 exsiliis,
3029 2225 3172 2320 fugi:
3203 2230 3257 2276 et
3285 2233 3473 2320 perse-

244 2335 533 2392 cutionibus
564 2339 833 2409 agitatum
861 2380 877 2404 ,
914 2349 1125 2394 tantum
1159 2341 1416 2396 habuisse
1449 2344 1589 2407 otii,
1626 2353 1684 2398 ut
1715 2342 2138 2398 commentarios
2173 2342 2226 2395 in
2271 2332 2540 2401 Psalmos,
2572 2331 2788 2391 Iobnm,
2847 2320 3092 2383 Cantit-a,
3125 2311 3473 2382 Evangelium

240 2427 476 2496 Matthrci,
510 2441 565 2488 et
596 2433 775 2497 Lucae,
810 2434 1108 2505 Epistolam
1145 2438 1211 2491 ad
1260 2435 1551 2503 Hebraeos,
1582 2447 1638 2493 et
1662 2439 2053 2507 expositionem
2096 2439 2150 2491 in
2196 2432 2512 2507 Symbolum
2560 2423 2857 2482 scriberet?
2894 2419 3032 2474 Sunt
3060 2416 3176 2469 haec
3211 2425 3387 2481 nugae,
3422 2415 3478 2463 et

238 2534 525 2579 cimmenta
551 2527 879 2581 recentioris
898 2525 1119 2582 Graeciae
1149 2526 1394 2597 antiquis
1419 2529 1699 2597 incognita
1731 2529 2112 2600 scriptoribus,
2138 2542 2368 2598 quorum
2399 2522 2584 2578 nullus
2607 2526 2850 2571 veterum
2877 2508 3204 2566 mentionem
3233 2511 3474 2600 umquam

245 2607 378 2666 fecit.
408 2613 574 2669 Miror
605 2615 988 2672 Bcnedictinos
1021 2592 1320 2676 monachos
1346 2619 1418 2672 ita
1448 2592 1646 2684 pueros
1685 2592 1874 2685 fuisse,
1905 2630 1965 2675 ut
1992 2592 2262 2688 excerptis
2302 2616 2421 2672 istis
2452 2624 2506 2667 et
2529 2605 2937 2668 commentariis
2969 2600 3257 2657 adhibeant
3292 2592 3477 2688 fidem,

242 2703 388 2761 θυι)ῖο
412 2711 625 2779 Ρτοουι,
656 2720 716 2765 ut
763 2713 818 2766 in
859 2712 965 2766 hac
998 2725 1135 2763 "0V8
1171 2724 1268 2764 Sila
1316 2710 1575 2775 ﬁditione,
1604 2727 1806 2767 novum
1852 2713 2053 2783 aliquid
2076 2754 2090 2779 ,
2126 2713 2251 2766 licet
2283 2710 2475 2766 falsum
2523 2707 2704 2776 magni
2737 2695 3017 2754 Athanasii
3050 2687 3370 2762 produxisse
3394 2683 3480 2737 vi-

241 2795 472 2857 dcantur.
502 2803 949 2859 Commentarius
976 2804 1029 2857 in
1055 2801 1302 2856 Psalmos
1332 2803 1559 2859 eductus
1580 2820 1647 2859 ex
1672 2806 1959 2860 recentiori
1991 2805 2329 2859 bibliotheca:
2359 2799 2735 2855 Ambrosiam:
2757 2794 2963 2858 codice,
2990 2790 3083 2861 qui
3111 2793 3479 2840 trecentorum.

241 2908 489 2950 annorum
520 2913 635 2953 non
666 2907 770 2965 est,
805 2899 1008 2970 quique
1052 2901 1256 2954 rectius
1284 2900 1456 2955 multo
1485 2902 1556 2957 ob
1585 2901 1789 2957 codicis
1834 2902 2127 2956 novitatem
2169 2898 2474 2953 Athanasio
2527 2892 2846 2965 patriarcha:
2878 2878 3482 2947 Constantinopolitano

245 2988 581 3057 tribueretur,
620 2993 713 3063 qui
750 2994 852 3049 sub
885 2993 1199 3050 Andronico
1229 2996 1445 3050 seniore
1473 2995 1617 3051 circa
1663 3011 1865 3050 annum
1900 2994 2032 3051 1500
2087 2994 2304 3060 ﬂoruit,
2333 2992 2493 3062 cujus
2526 2998 2738 3045 aetatem
2778 2985 2960 3040 refert.
3014 2981 3126 3034 Imo
3166 2976 3300 3031 alter
3331 2986 3485 3028 com-

244 3085 527 3140 mentarius
556 3088 620 3140 in
645 3085 888 3141 Psalmoa
932 3086 984 3140 in
1015 3089 1204 3142 eadem
1254 3088 1584 3144 bibliotheca
1613 3088 1773 3162 longe
1799 3088 2064 3160 prolixior
2094 3087 2197 3142 sub
2236 3084 2519 3141 Athanasii
2549 3081 2794 3152 ejusdem
2823 3077 3062 3141 nomine,
3094 3085 3256 3142 quem
3301 3076 3481 3162 tamen

248 3173 405 3242 ipsius
430 3192 697 3248 nongesse
741 3177 1002 3234 evincunt
1027 3179 1319 3236 citationes
1352 3179 1576 3235 Patrum
1607 3156 1910 3236 Athanasio
1946 3179 2337 3245 recentiorum,
2377 3177 2454 3232 uti
2488 3174 2687 3231 fatetur
2716 3173 2832 3242 ipse
2860 3165 3170 3223 Bernartius
3202 3161 3270 3216 de
3304 3156 3485 3211 κοπι-

243 3264 476 3325 fauconio
513 3272 567 3325 in
624 3270 816 3326 Diario
842 3270 1060 3338 Italico,
1092 3289 1214 3343 cap.
1246 3273 1300 3336 2,
1334 3289 1453 3343 pag.
1498 3273 1585 3339 12,
1615 3274 1706 3328 ubi
1733 3273 2065 3329 Germanum
2099 3270 2286 3326 multis
2316 3279 2438 3340 post
2479 3265 2839 3321 Athanasium
2877 3258 3091 3316 saeculis
3116 3249 3485 3326 patriarcham

242 3355 893 3432 Constantinopolitanum
930 3374 1293 3420 memoratum
1341 3366 1525 3421 refert.
1563 3384 1581 3417 ι
1614 3363 1738 3420 Haec
1765 3364 2010 3421 convicia
2041 3362 2222 3432 potius
2263 3377 2427 3433 quam
2477 3372 2766 3414 censuram
2809 3351 3006 3409 acriori
3046 3343 3328 3404 stomacho
3355 3354 3488 3396 evo-

245 3451 367 3505 muit
393 3454 473 3506 vir
499 3469 530 3507 a
558 3453 846 3509 catholicre
894 3456 1173 3527 religionis
1207 3458 1404 3513 castris
1441 3457 1724 3528 transfuga
1754 3467 1809 3514 et
1839 3456 2074 3522 rebellis,
2121 3455 2279 3526 cujus
2326 3453 2634 3509 refellenda:
2662 3448 2903 3506 audaciae
2931 3441 3268 3514 provinciam
3316 3434 3491 3489 Βθιιθ·

249 3540 448 3598 dictinis
476 3543 735 3600 Patribus
764 3546 1037 3617 relinquo.
1067 3544 1264 3602 Verum
1292 3548 1425 3604 illud
1451 3527 1971 3620 praetermittendum
1998 3564 2108 3605 non
2138 3558 2242 3613 est,
2271 3547 2414 3615 quod
2437 3544 2686 3615 superius
2715 3538 2972 3597 admonui
3020 3556 3035 3591 :
3069 3527 3492 3590 commentarios

246 3634 296 3685 in
330 3633 563 3693 Psalmos
598 3640 887 3695 Athanasii
922 3642 1147 3697 nomine
1179 3643 1249 3698 ab
1280 3643 1415 3713 ipsis
1441 3645 1617 3700 editos
1642 3646 1711 3700 ad
1754 3660 2009 3716 magnum
2046 3643 2409 3698 Athanasium
2442 3658 2548 3696 non
2584 3638 2879 3710 pertinere,
2913 3648 3019 3686 non
3050 3629 3170 3700 ejus
3206 3624 3368 3680 unius
3399 3620 3493 3690 ju-

249 3723 434 3781 dicium
461 3738 575 3796 est,
611 3729 709 3785 sed
737 3731 970 3788 aliorum
1000 3735 1165 3789 etiam
1208 3734 1491 3791 doctorum
1525 3736 1792 3802 virorum,
1840 3737 1936 3806 qui
1969 3736 2022 3790 in
2057 3735 2301 3807 legendis
2346 3733 2681 3789 sanctissimi
2726 3720 3119 3794 archiepiscopi
3150 3717 3492 3807 aliorumque

249 3825 475 3872 Veterum
513 3818 741 3874 Patrum
788 3823 1049 3893 operibus
1080 3825 1281 3879 versati
1314 3836 1460 3881 sunt.
1496 3800 1877 3882 Tillemontius
1898 3867 1912 3891 ,
1942 3835 2003 3881 ut
2047 3800 2184 3881 alios
2214 3826 2460 3880 omittam
2481 3863 2495 3888 ,
2526 3823 2607 3876 vir
2636 3817 2928 3891 smgularis
2957 3806 3319 3893 eruditionis,
3349 3800 3494 3854 alitr-

249 3917 352 3962 mat
378 3910 507 3985 (I0),
542 3928 603 3969 se
635 3913 691 3967 in
722 3892 1156 3980 commentariis,
1208 3916 1276 3972 de
1308 3917 1510 3988 quibus
1544 3919 1744 3989 agitur,
1779 3919 1960 3991 aliqua
1992 3918 2228 3973 aliorum
2264 3917 2590 3986 scriptorum
2626 3915 2740 3969 loca
2767 3952 2783 3977 ,
2824 3919 2987 3975 quam
3040 3892 3363 3955 Athanasii,
3407 3901 3495 3991 cui

247 3999 574 4072 tribuuntur,
610 4002 958 4059 observasse.
995 4003 1103 4059 Sed
1129 3985 1394 4063 hactenus
1418 4006 1486 4062 de
1506 3985 1918 4063 commentariis
1950 4021 2104 4076 super
2124 3985 2430 4062 Psalmosa
2457 4002 2563 4058 PP.
2601 3999 2960 4058 Benedictinis
2992 3997 3047 4051 in
3083 3991 3356 4065 publicam
3388 3985 3495 4041 uti-

253 4091 445 4149 litatem
484 4094 790 4167 evulgatis;
824 4111 973 4151 nunc
996 4097 1063 4153 de
1089 4095 1302 4154 Slavica
1325 4113 1423 4155 seu
1451 4097 1662 4171 Illyrica
1685 4097 2027 4154 Psalmorum
2057 4097 2525 4168 interpretatione,
2555 4095 2610 4149 in
2632 4108 2741 4165 qua
2770 4091 2957 4147 itidem
2989 4083 3273 4142 Athanasii
3297 4092 3498 4137 nomen

252 4183 568 4256 inscriptum
605 4187 874 4255 occurrit,
912 4188 1120 4258 aliquid
1151 4189 1288 4244 mihi
1317 4190 1606 4246 dicendum
1643 4198 1914 4261 superest.

319 4278 444 4336 VIII.
488 4282 728 4338 Exhibet
757 4284 813 4338 in
846 4298 947 4340 suo
977 4283 1166 4339 Diario
1199 4283 1398 4340 Italico
1432 4286 1548 4356 (II)
1576 4258 1822 4341 claravir
1845 4284 2004 4341 Pater
2034 4282 2346 4339 Bernartius
2374 4279 2724 4337 Montl‘aucon
2756 4284 2944 4332 notam
2977 4270 3227 4329 codicum
3261 4258 3502 4356 emnobii

253 4370 650 4429 Canonicorum
682 4373 1040 4444 Regularium
1073 4373 1132 4431 S.
1170 4374 1490 4433 Salvatoris.
1527 4376 1674 4433 Inter
1703 4386 1932 4433 caeteros
1965 4384 2146 4432 autem
2179 4374 2632 4432 commentarium
2659 4374 2714 4426 in
2743 4369 2994 4427 Psolmos
3019 4359 3193 4418 sancti
3217 4351 3503 4410 Athanasii

257 4460 456 4521 Slavica
491 4466 683 4540 lingua
718 4468 983 4539 scriptum
1023 4469 1109 4525 his
1139 4470 1321 4526 verbis
1352 4470 1641 4526 enuntiat:
1678 4490 1696 4523 ι
1728 4468 1911 4525 Codex
1959 4485 2069 4524 non
2116 4467 2436 4539 spernenda:
2468 4468 2790 4531 vetustatis,
2824 4467 2881 4520 in
2930 4477 3041 4534 quo
3072 4458 3266 4531 psalmi
3312 4455 3506 4510 chara-

253 4572 385 4621 ctere
413 4564 657 4625 Slavico.
692 4587 711 4621 ι
746 4567 804 4622 In
832 4566 1209 4624 admenitione
1237 4576 1444 4634 autem,
1468 4582 1592 4637 quae
1615 4565 1962 4637 praemittitur
1987 4562 2325 4620 Exaositioni
2349 4562 2686 4618 Psalmorum
2713 4560 2886 4615 sancti
2917 4553 3224 4616 Athanasii,
3253 4562 3419 4620 quam
3448 4544 3509 4599 in

253 4670 395 4729 parte
422 4664 666 4719 secunda
699 4664 833 4720 torni
867 4664 1031 4735 primi
1061 4678 1289 4735 operum
1315 4664 1562 4735 ejusdem
1598 4661 1931 4718 sanctissimi
1963 4659 2213 4717 Doctoris
2247 4660 2362 4730 ipse
2402 4659 2592 4723 edidit,
2625 4657 2751 4712 talia
2778 4654 3085 4710 habentur:
3128 4667 3145 4700 ι
3176 4644 3365 4700 Narrat
3400 4640 3508 4735 Ga-

257 4756 382 4813 briel
413 4759 746 4828 Grodecius,
778 4760 1170 4829 Dantzicanus,
1219 4760 1500 4832 professor
1528 4758 1808 4816 Hebraicze
1856 4758 2054 4828 lingua:
2084 4756 2139 4810 in
2174 4753 2455 4811 academia
2483 4751 2739 4823 Lipsiana
2761 4794 2776 4817 ,
2811 4752 2893 4803 vir
2920 4747 3138 4805 doctus,
3173 4757 3239 4795 ac
3268 4734 3510 4793 necessi-

259 4850 433 4909 tudine
463 4853 604 4909 mihi
653 4852 1008 4923 conjunctus,
1036 4827 1255 4907 exstare
1285 4851 1340 4905 in
1370 4850 1701 4906 bibliotheca
1745 4847 1803 4903 S.
1839 4827 2141 4903 Salvatoris
2167 4845 2526 4901 Bononiensis
2558 4845 2611 4899 in
2646 4842 2835 4898 codice
2859 4837 3180 4909 pet-antiquo
3212 4827 3508 4923 expositio--

255 4957 373 4998 nem
401 4943 693 4999 Athanasii
716 4918 774 4997 in
800 4942 1046 4997 Paalmos
1073 4940 1332 4996 Serviana
1366 4941 1573 5013 lingua,
1598 4955 1720 5011 quae
1749 4948 1833 4994 est.
1868 4937 2083 4993 Slavica
2109 4936 2401 4999 dialectus,
2434 4943 2562 4989 sunt
2592 4941 2769 4987 autem
2797 4930 2969 4986 Servii
2994 4927 3180 5000 Mysiae
3199 4918 3509 4993 superioris

258 5035 455 5103 populi,
493 5051 599 5090 nec
628 5034 848 5106 ambigo
882 5050 946 5110 ex
993 5034 1077 5088 his
1105 5033 1310 5089 nostris
1341 5011 1774 5103 expositionibus
1807 5028 2021 5084 Slavice
2045 5042 2262 5083 versam
2292 5025 2482 5083 tuisse.
2521 5043 2540 5076 ι
2570 5023 2677 5078 Sed
2725 5020 2930 5078 fallitur
2971 5022 3054 5074 vir
3080 5017 3327 5073 eruditus
3360 5029 3373 5065 :
3406 5011 3511 5063 iste

259 5130 397 5185 enim
427 5131 868 5187 commentarius
899 5114 1111 5185 Slavica
1141 5145 1235 5184 seu
1271 5127 1505 5201 Illyrica,
1533 5144 1640 5184 non
1671 5136 1849 5183 autem
1886 5124 2147 5181 Serviana
2172 5125 2356 5196 lingua
2390 5123 2628 5192 scriptus
2654 5129 2774 5186 est;
2815 5130 2990 5186 neque
3025 5121 3110 5167 est
3148 5110 3202 5162 in
3236 5103 3506 5201 Slavicam

260 5220 549 5279 dialectum
585 5223 887 5279 translatus
918 5237 985 5277 ex
1028 5220 1235 5276 Graecis
1264 5195 1714 5289 expositionibus,
1748 5230 1888 5287 quas
1931 5215 2048 5285 ipse
2097 5215 2239 5269 inter
2268 5195 2435 5283 ’opera
2475 5211 2534 5265 S.
2561 5209 2845 5264 Athanasii
2888 5205 3088 5267 edidit,
3122 5198 3214 5254 sed
3259 5195 3406 5289 idem
3428 5199 3511 5246 est

261 5333 323 5375 ac
348 5321 438 5376 ille
465 5322 563 5392 qui
600 5320 809 5376 Graecis
836 5319 1031 5375 litteris
1059 5332 1125 5372 ac
1154 5284 1351 5370 verbis
1382 5312 1618 5382 scriptus
1653 5318 1708 5365 et
1744 5284 2085 5378 compositus
2112 5303 2355 5361 Venetiis
2386 5304 2442 5358 in
2474 5302 2811 5358 Justinianea
2835 5341 2849 5366 ,
2885 5307 2939 5352 et
2968 5290 3255 5392 Mediolani
3381 5284 3510 5337 Am-

260 5374 515 5470 ιιι-θείειιέ
544 5413 881 5469 bibliotheca
913 5410 1200 5481 reperitur,
1233 5414 1287 5462 et
1315 5374 1513 5474 quem,
1542 5411 1601 5456 ut
1630 5401 1794 5472 paulo
1827 5374 1952 5455 ante
1978 5399 2113 5462 dixi,
2148 5413 2255 5452 non
2281 5411 2404 5452 esse
2427 5393 2735 5455 Athanasii,
2772 5390 2836 5445 P.
2868 5382 3217 5440 Montfaucon
3253 5374 3509 5480 affirmat.

262 5503 522 5578 Equidem
546 5506 719 5576 hujus
748 5468 1124 5560 commentarii
1159 5497 1397 5561 initium,
1437 5509 1630 5563 nempe
1673 5492 1980 5547 orationem
2029 5504 2152 5559 quae
2203 5486 2600 5543 commentario
2630 5480 2986 5555 praeponitur,
3024 5482 3079 5530 ct.
3107 5468 3509 5542 expositionem

227 5664 231 5669 η
330 5624 405 5695 (9)
445 5624 659 5681 Comm.
697 5625 760 5678 de
784 5622 971 5695 script.
998 5618 1169 5695 Ιζςςζε,
1193 5625 1323 5670 tom.
1355 5613 1552 5695 lustre.
1584 5625 1659 5679 tv,
1690 5628 1741 5668 c.
1772 5608 1825 5675 8,
1862 5578 2007 5666 Diu.
2041 5607 2105 5663 de
2129 5624 2213 5679 op.
2243 5604 2302 5663 S.
2340 5607 2561 5671 Atham,
2593 5616 2718 5673 pag.
2750 5597 2872 5653 38L

333 5683 441 5763 (I0)
483 5696 651 5750 Mém.
687 5693 837 5755 eccl.,
872 5683 1167 5763 tomLVIII,
1196 5702 1317 5757 pag.
1354 5683 1479 5738 257‘.

334 5700 419 5763 (It)
483 5700 651 5750 Mém.
687 5700 837 5755 eccl.,
872 5701 1004 5747 tom.
1035 5700 1063 5743 ν

334 5700 445 5839 (il;
478 5768 619 5838 Cap.
650 5765 743 5831 Ti,
779 5779 898 5835 pag.
935 5761 1063 5818 407.
