3934 6218
362 298 461 356 007
1202 302 1257 358 S.
1302 304 1669 359 ATIlANASi‘I
1709 305 1859 360 O‘PP.
1902 305 2084 361 PARS
2124 306 2208 364 Ill.
2250 339 2317 347 —
2344 304 2753 362 EXEGETICA.
3498 302 3606 360 008

362 432 420 473 m
452 420 687 488 primum
734 419 1007 489 psalmum
1043 421 1206 486 dabo,
1241 440 1406 492 quam
1446 432 1637 479 nactus
1672 441 1790 479 sum
1850 436 1899 480 et
1941 443 2102 498 opera
2138 435 2192 482 et
2235 442 2365 482 cura
2414 423 2847 481 reverendissimi
2880 422 2938 478 P.
2973 423 3185 479 abbatis
3238 421 3605 493 Migliavacca,

364 513 624 568 Canonici
656 513 942 584 Regularis
973 516 1184 572 ordinis
1215 516 1273 573 S.
1307 518 1635 585 Salvator-is,
1668 522 1760 590 qui
1795 522 1959 577 etiam
2000 540 2058 578 se
2097 523 2166 579 ab
2194 522 2316 576 aliis
2343 521 2618 576 audivisse
2666 519 2798 574 mihi
2854 520 3095 573 narravit
3127 536 3141 573 :
3174 517 3235 573 P.
3271 516 3610 573 Montfaucoo

366 620 521 668 num,
565 619 687 658 cum
722 622 816 674 per
850 605 1151 662 Bononiam
1184 608 1286 663 iter
1315 608 1538 673 laceret,
1576 614 1893 668 monasterii
1928 613 1985 668 S.
2022 614 2320 669 Salvatoris
2351 614 2733 669 bibliothecam
2763 611 3021 674 adivisse,
3053 620 3216 681 atque
3252 611 3304 664 in
3335 625 3399 664 ea
3427 611 3609 679 inspe-

367 695 470 751 etis
499 696 737 765 antiquis
771 697 1055 752 codicibus
1083 701 1500 771 manuscriptis.
1550 704 1753 772 quibus
1801 703 2127 759 bibliotheca
2166 705 2255 758 illa
2308 712 2552 773 praestat,
2599 718 2722 757 cum
2771 704 2916 762 hunc
2948 706 3017 761 de
3062 723 3172 777 quo
3201 706 3380 778 agitur
3410 716 3614 761 attente

368 788 793 853 considerasset,
826 790 1070 845 suasisse
1104 790 1542 856 bibliotltettario,
1568 802 1628 846 ut
1655 807 1851 847 nomen
1884 792 2167 847 Athanasii
2199 793 2423 859 deleret,
2456 802 2618 863 atque
2649 795 2701 847 in
2733 793 2910 851 fronte
2938 797 3142 853 codicis
3172 799 3471 853 ascriberet
3510 812 3613 851 no-

370 896 493 935 men
530 880 586 935 S.
621 882 809 953 Cyrilli
843 883 1233 954 Alexandrini;
1266 895 1321 941 et
1348 887 1567 956 quidem
1611 895 1670 941 ut
1700 887 1766 941 ab
1794 888 1974 942 amico
2005 888 2107 942 sibi
2142 889 2437 943 novissime
2464 888 2828 959 signiﬁcatum
2878 904 2999 944 esse
3039 889 3337 954 asserebat,
3374 903 3520 943 nunc
3560 889 3612 941 in

338 974 341 977 ’
371 989 535 1044 parva
569 975 789 1041 scheda,
826 992 948 1044 quas
979 978 1030 1030 in
1057 977 1247 1032 eodem
1295 976 1484 1031 codice
1519 975 1770 1039 exsistit,
1819 975 2109 1029 recentiori
2157 978 2471 1031 charactere
2502 977 2758 1048 scriptum
2795 980 2898 1046 legi
2947 995 3142 1034 nomen
3176 978 3235 1034 S.
3267 978 3452 1051 Cyrilli
3504 980 3620 1049 epi-

372 1071 524 1141 scopi
548 1071 934 1137 Alexandrini;
986 1075 1041 1127 in
1078 1072 1315 1145 tegmine
1364 1082 1545 1125 autem
1602 1070 1811 1125 codicis
1854 1070 2037 1125 adhuc
2080 1085 2364 1126 remanere
2413 1086 2608 1126 nomen
2642 1072 2947 1127 Athanasii.
2992 1071 3106 1138 Qua
3136 1072 3203 1126 de
3236 1086 3403 1126 causa
3436 1080 3617 1125 autem

307 1197 315 1206 -
372 1167 620 1223 eruditus
647 1168 729 1221 vir
760 1168 811 1223 id
841 1168 1148 1224 faciendum
1184 1167 1480 1231 censuerit,
1507 1181 1594 1219 me
1625 1165 1775 1220 latet.
1803 1164 1990 1236 Itaque
2020 1167 2397 1237 cujuscunque
2418 1168 2659 1223 auctoris
2690 1169 3117 1223 commentarius
3151 1169 3239 1223 ille
3268 1168 3359 1235 sit,
3387 1183 3474 1222 me
3503 1182 3618 1221 rem

374 1270 583 1332 gratam
613 1263 833 1318 curioso
859 1264 1046 1318 lectori
1099 1260 1365 1315 facturum
1396 1258 1675 1321 existimo,
1704 1258 1748 1313 si
1785 1258 1906 1328 ejus
1946 1258 2159 1314 initium
2208 1258 2451 1331 Illyrica,
2487 1270 2541 1316 et
2568 1260 2760 1317 Latina
2801 1263 2984 1330 lingua
3038 1262 3138 1317 hoc
3171 1262 3311 1326 loco,
3357 1269 3417 1316 ut
3447 1261 3612 1331 paulo

377 1364 499 1409 ante
530 1356 803 1425 pollicitus
828 1372 973 1421 smn,
1004 1355 1290 1411 exhibeam
1323 1352 1451 1423 (l2).

448 1446 554 1504 Ter
590 1461 780 1506 sancta
811 1450 1050 1505 Trinitas
1081 1450 1248 1505 totius
1275 1448 1461 1503 mundi
1504 1446 1723 1516 adjuva.
1779 1455 1835 1503 et
1863 1445 1948 1501 di-

377 1520 491 1589 rige
530 1536 624 1574 cor
649 1538 828 1576 meum
858 1524 922 1575 ad
976 1521 1344 1589 incipiendum
1404 1534 1528 1574 cum
1562 1517 1942 1589 intelligentia,

379 1588 761 1646 et’ﬁniendum
794 1607 933 1662 opus
967 1588 1170 1662 bonum
1208 1606 1238 1645 a
1299 1589 1406 1643 Deo
1466 1589 1714 1662 inspirati
1783 1588 1948 1655 lmjus

380 1662 523 1725 libri,
545 1676 708 1731 quem
751 1658 975 1716 sanctus
1008 1660 1244 1731 Spiritus
1267 1676 1362 1729 per
1404 1673 1493 1731 os;
1535 1658 1702 1712 David
1736 1668 1951 1713 eructa-

381 1731 480 1792 vit,
507 1728 769 1813 et‘quem
818 1728 1134 1813 aggredior_
1162 1732 1410 1786 recitare.
1470 1728 1951 1813 Agnosccns‘vero

384 1817 559 1855 meam
623 1801 1010 1871 ignorantiam,
1070 1801 1240 1855 adoro
1297 1809 1666 1871 teiexorans,
1699 1806 1753 1852 et
1795 1808 1949 1871 tuum

384 1869 893 1933 auxilium—invoco,
921 1872 1148 1926 Domine
1173 1871 1302 1925 Jesu
1353 1869 1592 1928 Christe,
1638 1869 1771 1923 doce
1802 1869 1957 1922 intel-

385 1941 583 1996 lectum
609 1958 792 1996 meum
845 1958 950 1997 non
985 1943 1038 1994 in
1074 1941 1423 1996 sermonibus
1485 1940 1754 1994 labiorum
1799 1939 1949 1993 oble-

2050 1450 2208 1511 ctnri,
2247 1451 2338 1506 sed
2393 1451 2445 1504 in
2486 1451 2797 1521 cognitione
2850 1452 3190 1522 eloquiorum
3257 1453 3511 1522 gaudere,
3569 1460 3624 1507 et

2093 1536 2358 1589 ra3parare
2404 1538 2490 1575 me
2540 1523 2619 1589 ad
2683 1522 2929 1577 facienda
2984 1538 3172 1590 opera,
3220 1538 3340 1591 quae
3382 1523 3538 1577 disco
3572 1526 3625 1576 et

2072 1607 2265 1659 oqttor,
2342 1601 2399 1645 ιιι
2458 1593 2616 1647 bouis
2666 1594 2923 1660 Operibtts
2989 1593 3351 1659 illuminatns,
3419 1594 3473 1646 in
3528 1602 3624 1646 tuo

2050 1662 2259 1730 judicio
2299 1664 2536 1716 dextera:
2562 1663 2735 1731 partis
2784 1665 3058 1733 particeps
3088 1662 3234 1716 ﬁam.
3259 1661 3325 1716 Et
3352 1680 3496 1718 nunc
3523 1663 3623 1716 Do-

2055 1733 2216 1795 mine,
2249 1733 2497 1797 benedic,
2523 1744 2582 1786 ut
2615 1750 2683 1787 ex
2704 1735 2868 1788 corde
2890 1736 3156 1804 producto
3204 1735 3466 1806 suspirio,
3519 1734 3620 1787 litt-

2056 1818 2159 1870 gua
2185 1818 2409 1856 canam:

2059 1916 2254 1970 Beatus
2294 1920 2374 1971 vir
2402 1918 2492 1988 qui
2517 1934 2617 1971 non
2670 1917 2801 1971 abiit
2826 1918 3171 1972 inconsilium
3196 1920 3626 1988 impiorum,etc.

386 2093 721 2135 NALTERIUI
762 2096 919 2135 DAVID
973 2095 1129 2136 REGIS
1175 2094 1390 2134 SANCTIE
1428 2092 1701 2132 CIVITATIS
1724 2091 1850 2130 FILII
1891 2091 2021 2131 JESSI

2098 2092 2155 2128 ET
2201 2092 2345 2130 JUDJE
2379 2090 2655 2130 SECUNDUM
2708 2090 3007 2130 PROGENIEI
3036 2090 3137 2130 ΡΙιο
3159 2088 3319 2128 PRIIO
3364 2086 3627 2128 ALLBLUIA

1168 2189 1376 2229 ιΝιτιωί
1404 2189 1551 2228 PBIMI
1580 2187 1744 2233 LIBRI,
1782 2188 1869 2235 QUI
1892 2188 1991 2226 EST
2026 2188 2162 2226 APUD
2199 2187 2408 2227 JIIDJ‘IOS
2441 2187 2626 2225 PSALII.
2664 2186 2699 2224 I.

460 2292 513 2347 1.
551 2292 750 2348 Beatus
778 2293 878 2358 vir,
915 2295 1004 2363 qui
1038 2310 1144 2348 non
1172 2295 1305 2349 abiit
1332 2296 1385 2347 in
1421 2292 1708 2363 consilium
1752 2291 1948 2360 impio-

390 2378 534 2428 rum,
566 2366 690 2416 etin
722 2365 806 2418 via
836 2362 1182 2433 peccatorum
1239 2382 1344 2419 non
1380 2364 1545 2427 stetit,
1596 2371 1650 2417 et
1676 2362 1729 2415 in
1759 2364 1942 2417 cathe-

390 2433 488 2487 dra
518 2435 833 2501 pestilt-ntize
863 2451 967 2488 non
1003 2437 1159 2489 sedit.

460 2504 514 2555 2.
555 2502 656 2557 Sed
692 2505 742 2557 in
781 2507 892 2573 lege
916 2504 1127 2558 Domini
1162 2506 1415 2559 voluntas
1449 2504 1587 2573 ejus,
1618 2512 1674 2559 et
1730 2503 1783 2556 in
1837 2504 1952 2574 lege

391 2573 513 2643 ejus
541 2575 885 2629 meditabitur
906 2577 991 2630 die
1025 2592 1088 2631 ac
1120 2588 1297 2631 nocte.

466 2643 730 2717 5._Etcrit
769 2655 1027 2714 tanquam
1061 2647 1264 2717 lignum
1286 2645 1428 2716 quod
1457 2644 1759 2713 plantatum
1784 2653 1866 2699 est
1889 2659 1974 2699 se-

397 2729 496 2784 cus
513 2715 776 2770 decursus
806 2732 1066 2784 aquarum
1087 2735 1099 2769 :

467 2783 519 2836 4.
544 2784 698 2851 Quod
729 2783 963 2840 fructum
1003 2802 1162 2841 suum
1209 2786 1364 2840 dabit
1394 2786 1447 2838 in
1470 2797 1715 2854 tempore
1743 2798 1864 2839 suo.

2145 2291 2197 2345 5.
2224 2290 2287 2344 Et
2320 2290 2507 2345 folium
2544 2292 2665 2360 ejus
2696 2308 2801 2346 non
2834 2290 3076 2353 defluat,

2141 2362 2194 2415 6.
2226 2363 2289 2414 Et
2304 2365 2485 2417 omnia
2503 2357 2840 2431 quaecunque
2857 2360 3058 2420 fecerit,
3086 2358 3546 2431 prosperabuntur
3564 2357 3633 2431 ei.

2146 2432 2198 2486 7.
2235 2431 2350 2485 Non
2405 2434 2482 2486 sic
2508 2434 2679 2502 impii,
2717 2428 2822 2486 non
2852 2433 2950 2497 sic,
2986 2428 3097 2485 sed,
3128 2428 3387 2501 tanquam
3435 2428 3635 2497 pulvis,

2076 2504 2483 2574 quem_projicit
2510 2514 2704 2557 ventus
2756 2519 2786 2556 a
2839 2502 2976 2557 facie
3012 2512 3199 2574 terras.

2151 2577 2204 2627 8.
2241 2569 2378 2627 Ideo'
2402 2589 2507 2627 non
2558 2581 2839 2643 resurgent
2894 2573 3044 2641 impii
3100 2574 3154 2626 in
3198 2569 3427 2642 judicio,
3462 2583 3637 2637 neque

2084 2652 2396 2712 peceatores
2421 2644 2472 2696 in
2499 2645 2728 2697 consilio
2752 2643 3046 2713 justorum.

2171 2714 2223 2767 9.
2275 2713 2539 2778 Quoniam
2573 2716 2724 2767 novit
2757 2712 3039 2769 Dominus
3095 2712 3234 2768 viam
3261 2712 3562 2784 justorum,
3589 2719 3639 2762 et

2084 2784 2187 2837 iter
2219 2786 2506 2853 impiorum
2532 2785 2748 2853 peribit.
3515 2790 3531 2808 ‘

1211 2915 1626 2971 ATHANASU
1672 2914 2272 2972 COMMENTARIUS
2331 2915 2417 2969 IN
2478 2895 2832 2972 PSALMO'S.

912 3032 1158 3087 Psalmus
1189 3033 1357 3087 David
1408 3051 1448 3089 t.

473 3168 525 3222 l.
565 3167 852 3238 Prophetia
882 3168 997 3224 hate
1029 3167 1352 3236 adimpletur
1378 3167 1428 3221 itt
1462 3167 1700 3237 Joscpho
1747 3169 1817 3224 ab
1844 3168 1970 3224 Ari-

404 3238 660 3301 mathzea,
687 3241 946 3307 quoniam
990 3255 1109 3309 non
1151 3238 1411 3309 venit_ad
1478 3238 1719 3304 Judaeos,
1767 3241 1859 3309 qui
1917 3243 1972 3296 in

408 3309 688 3364 Christum
708 3306 946 3363 insidias
979 3308 1268 3362 faciebant.
1308 3306 1624 3377 Proprietas
1656 3306 1836 3365 autein
1858 3326 1974 3365 scr—

407 3380 585 3431 monis
631 3379 794 3445 hujus
843 3379 1057 3433 beatum
1086 3380 1221 3450 dicit
1268 3394 1482 3450 omnem
1543 3381 1845 3444 hominem,
1879 3382 1974 3450 qui

405 3461 514 3502 non
542 3450 931 3512 communicat,
971 3465 1069 3503 nec
1094 3464 1151 3504 se
1212 3447 1482 3503 immiscet
1539 3450 1723 3519 iniqua
1747 3447 1974 3506 consilia

407 3519 729 3590 agentibus,
793 3529 887 3572 aut
943 3520 1178 3588 aliquem
1245 3519 1447 3585 injuste
1491 3522 1966 3590 persequentibus.

405 3585 560 3654 Quod
604 3605 730 3643 vero
756 3591 1002 3644 additur:
1037 3585 1183 3643 Elin
1234 3591 1339 3649 via,
1367 3585 1508 3643 viani
1566 3585 1687 3645 esse
1741 3607 1979 3659 praesen-

411 3666 515 3711 tem
549 3660 713 3714 vitam
746 3661 968 3725 asserit;
1002 3677 1101 3716 nos
1151 3660 1293 3713 enim
1326 3660 1566 3716 Vl\0[llOS
1593 3661 1659 3715 ad
1696 3661 1977 3716 interitum

410 3728 536 3782 vitae
562 3731 765 3785 sensim
799 3733 1129 3786 accedimus.

485 3805 540 3857 2.
575 3803 741 3854 Aliter
775 3802 921 3855 enim
960 3817 1066 3854 non
1096 3802 1601 3865 instrueturhomo,
1663 3810 1722 3866 ut
1758 3802 1979 3856 recedat

410 3893 441 3930 a
472 3872 639 3936 malo,
682 3871 783 3925 nisi
812 3888 870 3926 se
898 3875 1203 3927 excreuerit
1232 3872 1464 3929 lecrione
1487 3874 1773 3936 librorum,
1797 3888 1861 3928 ac
1891 3874 1983 3927 do-

411 3948 549 4002 trina
581 3943 904 4010 sapientum.

481 4018 533 4070 3.
573 4011 707 4066 Nam
761 4022 917 4082 prout
977 4014 1121 4084 ligna
1164 4015 1401 4078 plantata
1449 4013 1516 4067 ad
1558 4028 1731 4082 aquas
1771 4029 1985 4083 semper

411 4095 542 4142 sunt
582 4099 817 4144 ammna,
883 4085 955 4137 ita
990 4085 1297 4139 intellectus
1347 4098 1510 4137 sacra
1563 4085 1824 4146 librorum
1879 4090 1980 4138 do—

411 4158 586 4211 ctrina
609 4155 867 4223 irrigatus
900 4155 1116 4222 pulchre
1152 4154 1328 4217 ﬁoret,
1360 4165 1414 4208 et
1443 4154 1714 4208 salutares
1765 4170 1984 4222 semper

412 4225 771 4295 cogitationes
851 4226 1029 4277 habet.
1094 4225 1323 4293 Lignum
1395 4224 1553 4278 etiam
1631 4225 1735 4278 hoc
1788 4225 1989 4279 dicitur

414 4294 549 4350 crux
623 4294 863 4346 fontibus
916 4295 1340 4365 baptismalibus
1439 4295 1816 4362 circumdata,
1892 4310 1989 4365 per

415 4381 580 4437 quam
635 4379 733 4418 nos
790 4364 1129 4419 laetiﬁcamur
1161 4381 1226 4420 ac
1258 4365 1653 4420 illuminamur.

2143 3032 2264 3085 4—6.
2322 3029 2379 3084 In
2424 3040 2664 3099 tempore
2701 3047 2802 3085 suo
2839 3029 3183 3084 fructiﬁcavit
3213 3045 3346 3084 crux
3400 3039 3642 3084 nostr-am

2080 3103 2307 3157 salutem
2348 3123 2358 3156 ε
2397 3102 2605 3157 fruetus
2669 3111 2852 3170 utpote
2902 3102 3136 3165 vivaces,
3195 3109 3250 3155 et
3296 3099 3422 3155 folia
3467 3102 3644 3155 crucis

2077 3183 2206 3227 sunt
2237 3172 2440 3232 ﬁdeles,
2477 3173 2569 3240 qui
2615 3188 2729 3241 per?
2761 3172 2906 3225 illam
2967 3172 3184 3233 muniti,
3210 3180 3271 3241 et
3304 3171 3357 3224 in
3401 3171 3501 3241 illa,
3526 3187 3647 3238 per-

2077 3252 2384 3306 manentes,
2430 3258 2535 3295 non
2581 3240 2838 3295 tlecidunt
2892 3257 2985 3295 seu
3040 3256 3143 3293 non
3177 3240 3426 3295 deﬂuunt
3457 3240 3524 3295 ab
3553 3256 3646 3295 ca-

2076 3313 2249 3368 dem:
2325 3313 2508 3366 omnia
2580 3313 2722 3365 cnim
2755 3353 2768 3375 ,
2828 3328 2950 3381 quae
3002 3322 3215 3381 propter
3279 3327 3494 3365 crucem
3551 3326 3647 3365 seu

2077 3382 2285 3438 Christi
2320 3384 2633 3452 passionem
2691 3382 2856 3447 fiunt,
2888 3397 3145 3452 prospere
3190 3383 3510 3437 succedunt.

2152 3475 2202 3527 Ἰ.
2239 3473 2385 3528 Crux
2414 3475 2558 3528 enim
2596 3475 2708 3539 illa,
2743 3490 2863 3545 quae
2892 3476 2960 3528 ab
3006 3475 3295 3537 hmreticis,
3342 3474 3565 3538 Iudaeis,
3596 3483 3650 3530 et

2081 3546 2316 3600 ethnicis
2373 3561 2479 3599 non
2538 3547 2778 3609 colitur,
2832 3546 2973 3613 apud
3011 3561 3105 3598 cos
3149 3562 3256 3598 non
3317 3545 3647 3609 fructiﬁcat,

2080 3616 2175 3670 sed
2205 3624 2463 3683 tanquam
2501 3617 2775 3682 pulverem
2806 3631 2900 3669 eos
2930 3615 3177 3683 dissipat.
3206 3613 3296 3670 Sic
3321 3615 3491 3670 Judzci
3522 3630 3647 3668 cum

2082 3688 2153 3740 ob
2202 3685 2635 3740 incredulitatem
2699 3701 2761 3739 ac
2821 3686 3189 3755 insipientiam
3241 3687 3573 3741 defecissent
3618 3702 3649 3739 a

2082 3756 2339 3821 Christo,
2377 3756 2605 3825 dispersi
2657 3767 2785 3809 sunt
2821 3771 2914 3825 per
2944 3758 3256 3811 universam
3319 3766 3542 3811 terram.

2176 3847 2227 3902 8.
2266 3846 2399 3901 Nam
2431 3848 2524 3916 qui
2556 3847 2723 3902 Deum
2775 3863 2882 3902 non
2932 3858 3291 3917 agnoverunt,
3342 3850 3424 3902 vel
3480 3849 3652 3902 solam

2088 3921 2228 3973 hanc
2277 3920 2608 3987 impietatem
2634 3934 2815 3973 secum
2843 3919 3097 3983 ferentes,
3146 3929 3269 3989 post
3300 3920 3655 3974 resurrectio-

2089 4005 2210 4043 nem
2242 3990 2308 4043 de
2337 3991 2458 4042 aliis
2485 3990 2666 4044 causis
2698 4006 2805 4043 non
2829 3989 3473 4059 interrogabutttttr;jam
3502 3990 3649 4044 enim

2090 4061 2367 4114 habebunt
2396 4061 2800 4114 damnationem
2854 4060 3023 4114 libere
3060 4076 3156 4128 per
3206 4060 3529 4129 semctipsos
3558 4075 3655 4112 vo-

2089 4131 2264 4197 litant,
2294 4146 2394 4185 nec
2433 4131 2743 4185 invenietur
2766 4131 2822 4183 in
2868 4131 3001 4198 ipsis
3040 4131 3208 4187 ullum
3245 4146 3384 4200 opus
3407 4131 3655 4200 justitize.

2177 4222 2230 4277 9.
2258 4220 2444 4276 Noscit
2466 4222 2609 4276 enim
2637 4236 2854 4275 omnem
2881 4223 3021 4276 viam
3043 4232 3153 4275 tam
3185 4221 3458 4291 justorum
3491 4235 3655 4290 quam

2096 4293 2448 4361 injustorum,
2482 4302 2535 4346 ct
2569 4292 2775 4360 primos
2823 4296 3042 4362 quidem
3077 4295 3272 4355 salvat,
3308 4294 3508 4347 alteros
3531 4306 3661 4346 vero

2094 4366 2341 4429 damnat,
2367 4377 2432 4417 ac
2459 4378 2490 4416 a
2515 4378 2574 4418 se
2601 4363 2798 4432 rejicit,
2826 4372 3018 4434 utpote
3044 4364 3281 4419 inutiles.

498 4519 587 4573 IX.
621 4519 729 4590 Age
751 4519 1179 4590 vero,quoniam
1222 4520 1376 4575 locus
1396 4520 1617 4589 hicjam
1649 4520 1916 4590 postulat,
1947 4518 2016 4574 de
2046 4529 2272 4575 auctore
2300 4520 2662 4590 expositionis
2722 4537 2885 4591 quam
2925 4522 3229 4577 Athanasio
3256 4522 3310 4576 in
3351 4520 3657 4576 Barherino

412 4616 603 4672 codice
637 4616 932 4681 ascriptum
963 4628 1109 4667 nunc
1143 4613 1379 4683 primum
1436 4614 1489 4667 in
1526 4615 1703 4669 lucem
1746 4617 1934 4681 trado,
1972 4615 2137 4669 verba
2180 4614 2465 4671 faciamus.
2524 4614 2777 4671 Profecto
2831 4625 2888 4670 ut
2931 4633 3052 4672 eam
3111 4632 3309 4688 magno
3356 4614 3663 4671 Athanasio

416 4712 760 4766 tribuendam
815 4712 1148 4773 existimem,
1211 4710 1447 4779 primum
1479 4725 1702 4764 moveor
1756 4710 1966 4778 judicio
2023 4710 2259 4764 duorum
2309 4710 2755 4766 doctissimorum
2800 4714 3042 4766 virorum
3069 4711 3299 4765 Andreae
3342 4710 3580 4772 Schotti,
3615 4716 3669 4763 et

416 4803 576 4859 Lucae
606 4803 896 4869 llolstcnii,
923 4819 1154 4872 quorum
1182 4805 1319 4857 alter
1344 4819 1408 4856 ex
1436 4803 1663 4872 antiquo
1687 4803 1877 4857 codice
1910 4803 2242 4873 Augustanm
2272 4803 2614 4858 bibliothecae
2637 4801 3054 4858 describendam
3084 4804 3334 4868 curavit;
3372 4801 3511 4854 alter
3538 4813 3670 4853 vero

414 4920 523 4959 nm
583 4903 757 4958 solum
799 4901 1192 4972 praefationem,
1242 4900 1460 4955 brevem
1501 4899 1759 4968 quidem,
1816 4902 1910 4956 sed
1972 4900 2268 4956 admodum
2322 4901 2646 4969 elegantem,
2692 4908 2746 4952 et
2783 4907 2935 4952 tanto
2981 4896 3099 4949 viro
3122 4895 3338 4965 dignam
3370 4891 3667 4960 ascripsit,

414 4998 508 5055 sed
548 4998 776 5051 ulterius
810 4997 915 5050 hoc
950 4993 1236 5048 Athanasii
1268 5009 1407 5063 opus
1434 4993 1576 5045 inter
1602 5000 1803 5048 caetera
1840 4993 2178 5048 sanctissimi
2219 4992 2463 5047 doctoris
2511 4994 2787 5061 praecipue
2814 4989 3109 5045 excellens.
3136 4995 3190 5039 et
3224 4983 3486 5039 eximium
3542 4996 3671 5037 esse

414 5098 648 5160 censuit,
701 5104 755 5150 et
794 5106 850 5149 ut
885 5094 1070 5148 verbis
1104 5090 1444 5145 Tillemontii
1485 5100 1608 5144 utar
1649 5090 1785 5161 (l5),
1826 5107 2025 5145 comme
2074 5091 2121 5144 te
2157 5090 2535 5158 cltef-d‘ccuvre
2583 5089 2646 5142 de
2681 5086 2739 5142 S.
2782 5085 3075 5139 Atltanase.
3117 5078 3327 5134 Etenim
3360 5091 3450 5130 an.
3516 5074 3661 5128 1627

415 5205 539 5243 eum
575 5188 878 5257 accepisset
911 5201 1111 5240 novam
1149 5201 1375 5256 operum
1416 5185 1474 5240 S.
1512 5187 1801 5241 Athanasii
1824 5187 2119 5242 editionem
2149 5169 2405 5240 Parisiis‘
2428 5185 2708 5246 adornari,
2768 5193 2975 5253 septem
3008 5178 3263 5234 homilias
3292 5174 3348 5229 S.
3379 5172 3669 5228 Athanasii

417 5282 636 5337 nomine
670 5282 987 5350 inscriptas,
1026 5294 1150 5346 qua:
1189 5278 1370 5332 adhuc
1399 5280 1577 5334 lucem
1611 5293 1721 5333 non
1754 5277 2026 5339 viderant,
2071 5277 2136 5331 ad
2211 5276 2613 5347 typographum
2656 5273 3029 5328 Parisiensem
3070 5269 3242 5324 misit.
3288 5266 3383 5337 qui
3415 5279 3477 5318 ea
3510 5264 3578 5317 de
3611 5277 3672 5317 re

417 5374 675 5430 lectorem
708 5375 924 5430 monuit
980 5374 1069 5428 his
1099 5373 1281 5427 verbis
1309 5392 1321 5426 :
1357 5391 1376 5426 ι
1406 5372 1694 5428 Postremo
1724 5372 1808 5426 vir
1836 5370 2088 5426 eruditus
2121 5369 2300 5425 Lucas
2346 5367 2683 5434 Iiolstenius,
2731 5365 3186 5434 IIamburgensis,
3238 5369 3529 5429 postquam
3568 5369 3672 5409 nos

490 5526 601 5594 (1'2)
644 5526 874 5583 Exhibet
918 5528 1006 5582 ille
1068 5527 1286 5596 quidem
1357 5527 1460 5582 hoc
1503 5528 1623 5581 loco
1683 5527 1896 5581 initium
1971 5526 2349 5597 commentarii
2388 5525 2595 5597 Illyrica
2648 5535 2702 5578 ct
2744 5523 2935 5597 Latina
2967 5522 3151 5590 lingua
3180 5533 3331 5597 annos
3368 5513 3669 5597 veroLati—

421 5586 545 5650 nam
581 5586 788 5651 tantum
848 5586 1157 5668 versionem
1187 5609 1242 5651 et
1306 5598 1805 5668 interpretationem
1837 5597 2177 5651 exhibemus.
2219 5595 2276 5649 Si
2301 5598 2425 5665 quis
2452 5586 2539 5653 cst
2562 5597 2813 5652 curiosus
2849 5586 3076 5659 lector;
3102 5600 3157 5647 et
3186 5588 3413 5644 Slavicar
3475 5586 3667 5655 linguae

423 5667 819 5737 peritus,__illud
852 5668 1032 5721 videat
1057 5670 1111 5722 in
1142 5667 1389 5723 Romana
1419 5667 1575 5729 cdit.,
1615 5684 1665 5737 p.
1696 5684 1806 5721 XIX.

493 5735 606 5805 (l5)
640 5734 795 5789 Mém.
835 5739 959 5790 εειι.
1016 5748 1143 5791 tom.
1177 5737 1310 5803 VIII,
1356 5754 1408 5807 p.
1452 5740 1566 5805 I30,
1617 5734 1729 5793 itot.
1767 5738 1867 5794 110
1914 5754 2007 5792 sur
2050 5735 2105 5791 S.
2136 5735 2422 5789 Athanasr.
