3934 6218
293 301 398 359 609
978 308 1067 364 DE
1106 309 1386 369 TITULIS
1415 313 1860 375 PSALMORUM.
1898 349 1967 364 -ν
1999 317 2389 376 ANTONELLI
2426 321 2822 384 PREFATIO.
3424 342 3535 398 6&0

295 422 692 489 admonuisset,
747 424 948 488 habere
980 440 1039 481 se
1069 441 1101 480 e
1136 426 1299 497 Regia
1356 438 1408 484 et
1466 429 1758 503 Oxoniensr
1813 436 2163 503 bihliotheca,
2188 447 2242 492 et
2274 455 2304 494 e
2337 442 2716 512 manuscripto
2742 443 2908 498 etiam
2963 447 3152 504 codice
3186 450 3250 506 ll.
3307 452 3367 507 P.
3404 455 3528 510 Sir-

295 515 482 569 mondi
517 531 548 570 e
589 514 864 573 Societate
915 514 1044 573 Jesu
1095 517 1351 574 homilias
1402 536 1634 578 numero
1664 535 1869 595 septem
1895 531 2134 583 nondum
2181 531 2377 595 editas,
2432 547 2571 602 quas
2599 530 2789 587 Latine
2835 539 3212 605 convertisset,
3251 553 3472 613 rogatus
3504 558 3536 599 a

294 610 454 664 nobis
492 609 699 666 lubenti
738 612 924 667 animo
953 615 1245 679 concessit,
1289 624 1349 670 ut
1389 633 1503 685 cas,
1561 622 1689 689 quia
1721 625 1898 680 serius
1931 627 2034 680 hoc
2062 626 2410 692 rescivimus,
2467 628 2634 683 veluti
2670 645 2768 699 per
2832 635 3188 703 appendicem
3245 609 3536 709 posteriori

286 713 444 798 samo
473 707 889 777 subjiceremus.
932 728 951 760 ι
987 705 1084 765 His
1122 720 1301 766 autem
1370 725 1576 785 septem
1638 720 1900 787 homiliis,
1942 736 2081 789 quas
2141 722 2223 777 vir
2274 723 2580 779 eruditione
2639 742 2794 796 aeque
2825 743 2888 782 ac
2944 729 3147 798 pietate
3203 705 3440 786 erimius
3480 732 3535 786 in

294 796 551 853 Latinum
583 810 837 868 verterat,
862 800 1148 871 epistolam
1198 802 1266 857 ad
1314 803 1574 861 lectorem
1623 808 1906 877 praemisit,
1962 824 2082 864 eam
2134 825 2364 866 exorsus
2393 812 2446 866 in
2495 813 2642 869 hunc
2704 796 3131 887 modumin):
3176 836 3195 868 ‹
3230 818 3365 874 Cum
3422 820 3536 878 divi

294 891 581 948 Athanasii
608 894 784 965 Opera
811 896 995 951 recudi
1015 909 1045 949 a
1072 897 1421 966 typographis
1442 900 1711 968 audirem,
1746 918 1859 957 rem
1890 918 1977 958 me
2001 902 2271 959 factm-um
2288 905 2621 971 existimavi,
2656 915 2711 961 et
2746 908 2959 977 publice
2986 909 3193 976 utilem,
3221 927 3322 966 nec
3354 911 3533 975 bonis,

291 981 579 1052 doctisque
606 986 892 1057 ingratam,
921 988 965 1043 si
989 1000 1185 1046 caetera
1219 995 1552 1050 sanctissimi
1597 996 1775 1054 Patris
1826 1000 2090 1055 ἀνέκδοτα
2114 1002 2530 1072 [eonquirerem,
2564 1003 2701 1058 etin
2739 1004 2913 1075 lucem
2950 1006 3051 1061 hac
3098 1008 3387 1063 occasione
3414 1024 3539 1079 pro-

294 1079 577 1136 ducerem.
610 1084 814 1154 Collegi
867 1102 998 1156 ergo
1053 1102 1216 1157 opera
1269 1093 1623 1147 tumultuaria
1678 1110 1742 1149 ex
1795 1093 2251 1151 Chnstianissimi
2314 1098 2455 1167 regis
2485 1098 2835 1165 bibliotheca,
2886 1109 3051 1169 atque
3077 1116 3144 1155 ex
3178 1101 3313 1155 clar.
3369 1117 3536 1156 mern.

294 1169 362 1225 Β.
416 1171 480 1225 Ρ.
517 1171 815 1242 Sirmondi,
850 1179 1094 1250 meisque
1129 1185 1347 1239 schedis
1378 1187 1631 1244 bomilias
1684 1200 1890 1260 septem
1912 1192 2198 1247 Athanasii
2228 1195 2448 1248 nomine
2476 1203 2843 1264 praanotatas:
2876 1212 3052 1266 neque
3080 1198 3223 1252 enim
3250 1198 3535 1266 Athanasii

293 1285 488 1324 omnes
534 1286 656 1325 csse
710 1273 915 1342 credat,
947 1277 1033 1330 cui
1085 1280 1166 1334 vel
1214 1281 1499 1337 minimum
1554 1287 1608 1340 in
1648 1286 1794 1343 hisce
1840 1289 2036 1344 studiis
2079 1290 2296 1359 judicii,
2346 1291 2557 1361 quique
2614 1293 2699 1345 vel
2731 1292 2905 1347 obiter
2941 1299 3151 1345 tantum
3187 1300 3381 1346 czetera
3418 1289 3541 1359 ejus

294 1362 496 1431 Scripta
528 1362 857 1433 inspexerit;
884 1386 902 1418 ι
945 1368 999 1424 in
1036 1372 1142 1428 [ine
1186 1384 1368 1431 autem
1399 1379 1644 1449 ejusdem
1670 1383 1918 1451 epistola:
1949 1371 2020 1439 de
2065 1385 2241 1440 sancti
2289 1386 2577 1441 Athanasii
2610 1387 3014 1441 commentario
3052 1398 3241 1441 nostro
3272 1388 3325 1438 in
3371 1384 3534 1438 Psal-

294 1468 427 1520 πιοεν
474 1470 659 1522 quem.
710 1468 769 1513 ut
798 1470 949 1526 puto,
1015 1462 1243 1529 viderat,
1279 1466 1373 1521 sed
1410 1481 1518 1521 non
1550 1468 1730 1522 adhuc
1759 1470 1826 1525 ab
1885 1469 2093 1526 Andrea
2151 1465 2385 1526 Schotto
2430 1483 2625 1528 nactus
2674 1474 2871 1539 fuerat,
2924 1477 2996 1529 ita
3051 1476 3324 1545 luquilttr:
3370 1493 3387 1526 ι
3416 1475 3534 1528 Cre-

297 1554 431 1614 tera,
471 1566 594 1620 qua:
618 1553 795 1608 adhuc
822 1561 987 1611 latent
1049 1561 1104 1614 in
1158 1558 1323 1617 Italia:
1364 1556 1418 1616 et
1447 1561 1725 1632 Hispaniae
1783 1564 2133 1622 bibliothecis
2167 1567 2260 1622 alit
2294 1568 2524 1630 dabunt,
2574 1571 2876 1640 praesertim
2925 1568 3380 1622 commentarium
3406 1581 3530 1636 per-

294 1651 520 1712 petuum
547 1647 599 1698 in
642 1646 910 1717 Psalmos,
941 1653 1088 1722 quod
1112 1667 1213 1723 ego
1273 1653 1599 1723 palmarium
1631 1653 1919 1711 Athanasii
1972 1671 2112 1727 opus
2138 1658 2419 1715 existimo.
2450 1679 2469 1711 ι
2529 1659 2653 1715 Haec
2701 1660 3038 1715 Holstenius.

364 1736 435 1792 Χ.
490 1740 646 1807 Quod
681 1755 861 1800 autem
897 1763 1127 1818 magnus
1157 1749 1490 1805 Athanasius
1514 1751 1797 1821 scripserit
1840 1752 2007 1808 etiam
2038 1771 2197 1825 super
2225 1753 2495 1821 Psalmos,
2545 1772 2707 1812 nemo
2754 1766 2837 1812 est
2905 1754 2997 1825 qui
3054 1754 3305 1809 dubitare
3338 1752 3533 1822 possit.

299 1832 470 1904 Hujus
493 1838 637 1892 enim
695 1842 772 1894 rei
836 1842 1077 1913 locuples
1105 1846 1257 1900 testis
1304 1856 1388 1901 est
1442 1847 1634 1901 beatus
1688 1847 2054 1921 Hieronymus
2109 1851 2163 1905 in
2188 1851 2327 1908 libro
2360 1851 2437 1906 De
2470 1851 2813 1922 scriptoribus
2859 1849 3225 1906 ecclesiasticis
3248 1847 3392 1919 (cap.
3420 1845 3536 1915 87).

296 1927 410 1993 ubi,
452 1933 787 1987 enumeratis
822 1936 1152 1990 sanctissimi
1184 1937 1423 2008 episcopi
1475 1938 1761 1993 Athanasii
1822 1940 2104 2010 operibus,
2138 1942 2281 1997 inter
2320 1944 2427 1997 alia
2476 1953 2722 1997 recenset
2779 1943 2978 1996 librum
3027 1941 3104 1993 De
3165 1937 3334 1991 titulis
3381 1937 3536 1990 Psal-

294 2028 682 2098 morum.Qn:e
716 2034 1012 2088 beatissimi
1055 2034 1293 2089 doctoris
1343 2034 1508 2088 verba
1560 2034 1615 2088 in
1661 2032 1905 2089 Graecam
1950 2036 2192 2107 linguam
2246 2037 2323 2093 ita
2363 2038 2527 2092 vertit
2585 2036 2928 2107 Sophronias
2971 2054 2982 2088 :
3045 2034 3180 2106 Περῖ
3229 2032 3538 2104 ἐπιγραφῆς

293 2121 581 2195 Ψαλμῶν,
663 2125 741 2180 De
813 2127 1151 2195 inscriptione
1221 2125 1563 2181 Psalmorum
1636 2126 1959 2197 llujusmodi
2012 2140 2193 2185 autem
2260 2131 2724 2199 nuncupationem
2792 2146 2901 2184 non
2965 2131 3099 2183 bene
3151 2129 3326 2198 aptari
3389 2141 3539 2181 com-

295 2218 564 2272 mentario
590 2219 648 2271 in
674 2218 939 2286 Psalmos,
961 2236 1121 2290 quem
1143 2219 1428 2274 ediderunt
1452 2218 1635 2276 Patres
1678 2220 2034 2285 Benedictini,
2095 2222 2184 2277 ubi
2232 2222 2301 2277 de
2347 2223 2518 2276 titulis
2553 2221 2892 2276 Psalmorum
2947 2238 3022 2275 ne
3049 2221 3271 2277 verbum
3296 2217 3539 2290 quidem,

293 2312 398 2382 ipsi
461 2317 696 2385 ingenue
726 2313 857 2370 fassi
889 2325 1036 2371 sunt.
1071 2315 1140 2370 At
1168 2330 1300 2370 vero
1348 2315 1402 2368 in
1458 2316 1878 2385 expositionem,
1927 2332 2091 2387 quam
2149 2334 2248 2373 nos
2308 2318 2489 2387 magni
2528 2316 2814 2371 Athanasii
2868 2318 3089 2371 nomine
3124 2297 3443 2385 inscriptam
3481 2316 3535 2369 in

294 2406 469 2462 lucem
502 2408 719 2475 damus,
751 2391 1303 2480 optime‘convenire,
1336 2413 1609 2468 neminem
1643 2428 1769 2469 esse
1790 2421 1922 2483 puto
1946 2414 2039 2483 qui
2074 2414 2288 2468 inﬁcias
2318 2414 2498 2468 iverit.
2528 2411 2808 2482 Siquidem
2849 2412 3004 2466 initio
3031 2412 3299 2481 cujusque
3337 2412 3535 2482 psalmi

294 2499 416 2571 ejus
441 2501 636 2556 titulus
662 2518 755 2557 seu
786 2504 1071 2574 inscriptio
1096 2515 1351 2560 accurate
1374 2519 1439 2559 ac
1469 2505 1757 2576 diligenter
1794 2505 2100 2576 explicatur
2138 2524 2151 2561 :
2204 2505 2400 2561 deinde
2455 2504 2864 2572 convenienter,
2912 2515 3419 2574 consequenterque
3468 2502 3534 2556 ad

294 2591 438 2648 tituli
470 2594 883 2662 inscriptionem
913 2596 1144 2667 ejusque
1166 2597 1672 2666 interpretationem
1703 2598 1946 2667 psalmus
1976 2606 2123 2651 tctus
2157 2597 2476 2666 exponitur.

363 2682 458 2737 XI.
492 2682 883 2738 Commentarii
925 2684 983 2739 S.
1039 2685 1326 2741 Athanasii
1364 2687 1419 2740 in
1452 2687 1693 2741 Psalmos
1725 2687 1975 2741 meminit
2003 2687 2166 2742 etiam
2194 2685 2412 2742 Nicaena
2441 2689 2706 2758 synodus,
2746 2697 2801 2742 et
2833 2704 2994 2758 quem
3048 2688 3409 2759 Hieronymus
3464 2686 3535 2741 De

296 2775 464 2830 titulis
548 2774 882 2829 Psalmorum
948 2784 1002 2830 et
1072 2772 1417 2843 Sophronius
1478 2772 1563 2827 De
1612 2774 1953 2843 inscriptione
2030 2773 2370 2827 Psalmorum
2450 2775 2694 2846 synodus
2753 2789 2911 2830 vocat
2990 2776 3209 2830 Librum
3279 2779 3534 2845 interpre-

296 2866 516 2943 tationis
551 2864 916 2930 Psalmorum,
950 2865 1112 2935 eique
1141 2880 1243 2919 nos
1288 2864 1451 2918 docet
1503 2865 1782 2933 praebitam
1811 2863 1982 2920 fuisse
2028 2865 2273 2934 ejusdem
2332 2865 2614 2921 Athanasii
2666 2866 2960 2935 Epistolam
3020 2870 3090 2922 ad
3143 2869 3534 2927 Marcellinum.

293 2958 450 3017 Unde
475 2961 636 3017 etiam
685 2969 1026 3031 compertum
1083 2958 1163 3024 ﬁt,
1206 2959 1408 3014 librum
1435 2958 1513 3014 De
1546 2959 1717 3013 titulis
1740 2960 2083 3015 Psalmorum
2134 2976 2241 3015 non
2283 2961 2533 3015 eumdem
2574 2960 2745 3017 fuisse
2778 2978 2842 3017 ac
2895 2962 3090 3015 librum
3116 2978 3210 3017 seu
3246 2962 3534 3033 Epistulam

293 3055 363 3137 qd
385 3052 782 3119 Marcellinum,
810 3065 870 3106 ut
892 3052 1096 3123 aliquis
1126 3052 1440 3121 suspicatus
1476 3060 1579 3107 est.
1609 3052 1784 3106 Verba
1813 3062 1994 3106 autem
2029 3067 2153 3122 quae
2193 3052 2250 3106 in
2302 3052 2517 3107 actione
2555 3054 2748 3124 synodi
2773 3062 2927 3131 sexta
2957 3054 3237 3108 memoria:
3270 3054 3529 3109 traditum

293 3159 378 3206 est
410 3151 551 3205 lecta
578 3148 751 3206 fuisse
797 3149 866 3203 ab
898 3147 1201 3219 Epiphanio
1255 3147 1508 3212 diacono,
1561 3157 1691 3203 sunt
1737 3147 2095 3217 huiusmodi:
2137 3167 2157 3199 ι
2195 3148 2299 3214 Qui
2342 3163 2474 3202 vero
2522 3149 2592 3201 ab
2647 3147 3058 3202 immortalitate
3105 3163 3305 3202 nomen
3367 3149 3533 3203 habet

291 3247 653 3314 Athanasius,
686 3245 992 3301 clarissime
1022 3245 1182 3301 nobis
1210 3244 1264 3298 in
1309 3244 1550 3312 Epistola
1596 3245 1666 3298 ad
1699 3244 2070 3299 Marcellinum
2127 3246 2262 3315 (15),
2292 3261 2455 3316 quam
2508 3245 2809 3315 praeposuit
2867 3245 3006 3299 libro
3066 3243 3533 3314 interpretationis

289 3338 659 3403 Psalmorum,
684 3338 904 3393 disserit
933 3338 1015 3393 sic
1038 3337 1257 3392 dicens:
1292 3351 1311 3386 ι
1340 3336 1562 3390 Librum
1586 3335 1932 3392 Psalmorum
1968 3338 2168 3407 aliquis
2205 3353 2517 3403 assumens,
2568 3337 2885 3407 prophetias
2923 3338 2990 3389 de
3041 3336 3326 3391 Salvatore
3362 3337 3531 3392 conti-

291 3446 422 3495 nuo,
459 3440 521 3485 ut
564 3430 619 3485 in
663 3429 785 3485 aliis
832 3428 1133 3499 Scripturis
1169 3428 1494 3490 admiratus,
1546 3435 1603 3481 et
1659 3435 1900 3483 adorans
1933 3437 2174 3489 enarrat.
2208 3447 2225 3480 ι
2266 3438 2374 3483 etc.
2406 3426 2560 3483 Hane
2603 3436 2783 3481 autem
2814 3425 3131 3496 epistolam,
3157 3426 3225 3479 de
3258 3440 3364 3494 qua
3391 3440 3532 3479 men-

291 3525 365 3577 tio
391 3520 538 3578 facta
572 3530 656 3576 est
688 3523 742 3575 in
772 3519 990 3575 Nicasna
1019 3522 1228 3591 synodo
1274 3517 1358 3584 (ut
1412 3519 1703 3573 occasione
1743 3520 1878 3574 mihi
1925 3521 2053 3575 data
2100 3522 2357 3575 lectorem
2416 3519 2761 3583 admoneam,
2803 3517 3045 3588 factique
3095 3517 3198 3571 mei
3259 3517 3526 3571 rationem

290 3613 536 3684 reddam)
569 3612 918 3683 explicationi
955 3610 1506 3680 Psalmorum,quam
1536 3612 1591 3665 in
1617 3612 1902 3682 publicum
1958 3615 2171 3681 emitto,
2221 3612 2537 3685 adjungam,
2570 3623 2631 3668 ut
2662 3613 2934 3683 integrum
2990 3610 3325 3665 sanctissimi
3356 3608 3533 3665 Patris

286 3720 447 3777 opus,
509 3704 969 3775 quemadmodum
1022 3702 1092 3758 ab
1123 3703 1244 3773 ipso
1299 3702 1504 3757 editum
1535 3717 1656 3757 esse
1709 3703 1964 3771 traditur,
2011 3704 2324 3760 exhibeam.
3056 3762 3063 3767 ,

354 3800 474 3855 XII.
514 3798 894 3870 Eritlfortasse
921 3798 1196 3868 quispiam
1234 3813 1423 3853 eorum
1452 3798 1655 3869 quibus
1682 3801 1880 3870 volupe
1903 3810 2009 3865 est,
2038 3810 2099 3855 ut
2127 3802 2201 3856 ita
2242 3801 2442 3867 dicam,
2485 3799 2702 3871 magnis
2739 3799 3041 3855 clarescere
3104 3797 3428 3863 inimicitiis,
3474 3809 3528 3854 et

281 3907 559 3959 emunctae
582 3898 735 3952 naris
764 3896 1009 3953 censoris
1048 3909 1248 3949 nomen
1289 3893 1543 3962 adipisci,
1571 3895 1665 3963 qui
1708 3904 1988 3951 contracta
2026 3894 2224 3961 fronte,
2270 3903 2326 3950 et
2371 3895 2559 3966 grandi
2606 3893 2899 3963 supercilio
2925 3891 3251 3961 opusculum
3278 3900 3528 3946 nostrum

284 4010 319 4050 ι
366 3993 725 4049 sanctissimo
742 3988 1158 4058 archiepiscopo
1187 3985 1614 4056 abjudicandum
1644 4002 1767 4044 esse
1810 3990 2083 4053 decernet,
2112 3988 2193 4042 vel
2232 3988 2359 4057 quia
2404 3994 2600 4041 auctor
2644 3982 3111 4054 interpretationis
3162 3979 3531 4048 Psalmorum,

282 4105 452 4160 quam
484 4091 702 4151 damus,
738 4085 1039 4158 pueriliter,
1067 4093 1128 4139 ut
1151 4082 1292 4138 forte
1313 4082 1416 4139 sibi
1446 4082 1734 4149 videbitur,
1761 4086 1814 4138 in
1842 4085 2183 4155 explicandis
2220 4082 2565 4138 Psalmorum
2601 4080 2770 4134 titulis
2824 4076 3216 4131 Iiebraicorum
3248 4074 3530 4129 nominum

278 4178 791 4252 interpretationem
838 4185 1100 4241 sectatur,
1133 4174 1219 4228 vel
1256 4173 1383 4243 quia
1426 4173 1672 4243 psalmos
1722 4191 1916 4234 omnes
1939 4180 1993 4231 in
2040 4175 2389 4246 allegoricum
2448 4189 2670 4232 sensum
2722 4171 2966 4241 exponit.
3019 4166 3132 4237 Ego
3168 4176 3352 4222 autem
3388 4183 3419 4222 e
3448 4169 3530 4224 di-

280 4291 445 4333 verso
502 4282 711 4330 tantum
735 4271 929 4326 abesse
970 4268 1249 4330 existimo,
1298 4275 1359 4321 ut
1407 4267 1559 4324 hisce
1621 4270 1687 4325 de
1725 4271 1908 4327 causis
1959 4271 2245 4325 Athanasii
2296 4285 2494 4324 nomen
2548 4285 2579 4326 e
2634 4267 2810 4321 fronte
2864 4261 3245 4318 commentarii
3294 4277 3529 4337 expungi

274 4373 516 4435 debeat,
562 4367 692 4438 quin
739 4367 919 4437 potius
956 4362 1079 4418 inde
1128 4372 1334 4432 putem,
1377 4362 1488 4417 duo
1511 4367 1832 4434 gravissima
1875 4374 2195 4438 argumenta
2237 4376 2544 4437 suppetere,
2577 4364 2778 4433 quibus
2803 4360 2941 4415 liber
2984 4371 3181 4428 magno
3206 4355 3529 4425 Athanasio,

275 4462 445 4533 cujus
497 4475 695 4515 nomen
749 4456 987 4527 praefert,
1061 4453 1391 4509 vindicetur.

356 4556 506 4612 XIII.
556 4553 711 4620 Quod
742 4562 802 4607 ut
822 4552 1041 4620 planum
1079 4548 1296 4613 faciam,
1356 4562 1494 4618 Opus
1527 4554 1612 4601 est
1663 4544 1852 4614 paucis
1893 4545 2185 4613 disserere,
2220 4545 2345 4616 quis
2391 4546 2598 4616 primus
2642 4553 2833 4599 auctor
2883 4544 3066 4611 fuerit,
3114 4544 3206 4615 qui
3263 4542 3528 4600 Hebraica

279 4648 511 4702 nomina
537 4644 691 4714 juxta
723 4658 915 4697 eorum
966 4639 1327 4712 etymologias
1377 4638 1573 4693 ordine
1617 4636 1964 4705 alphabetico
2008 4637 2061 4691 in
2100 4638 2350 4693 Grzeeum
2400 4637 2645 4706 exposita
2686 4637 2905 4706 publico
2953 4638 3096 4702 usui,
3136 4645 3187 4691 et
3236 4638 3522 4692 sacrarum

276 4738 587 4796 litterarum
616 4734 985 4789 studiosorum
1019 4731 1392 4787 commoditati
1416 4731 1482 4784 ad
1506 4743 1789 4784 sacrarum
1825 4726 2232 4799 Scripturarum
2266 4730 2680 4800 intelligentiam
2705 4728 2922 4782 facilius
2949 4725 3352 4797 assequendam
3384 4742 3522 4797 pro-

272 4833 506 4891 diderit.
534 4829 691 4896 Quod
729 4844 859 4883 sane
878 4826 1094 4881 difficile
1119 4827 1260 4881 haud
1290 4838 1406 4893 est;
1441 4822 1773 4894 posteritatis
1832 4824 1978 4876 enim
2015 4823 2294 4877 memoria:
2340 4823 2390 4877 id
2428 4821 2712 4875 mandavit
2764 4819 3137 4890 Hieronymus
3188 4815 3342 4888 (16):
3379 4836 3397 4868 t
3423 4816 3526 4883 Qui

273 4926 464 4990 Philo,
522 4922 719 4992 inquit,
768 4922 853 4975 vir
891 4920 1290 4975 disertissimus
1312 4918 1652 4984 Iudaeorum,
1703 4914 1954 4987 Origenis
1991 4933 2213 4987 quoque
2255 4916 2570 4972 testimonio
2615 4915 3020 4984 comprobatur
3051 4913 3287 4967 edidisse
3328 4912 3525 4967 librum

276 5021 676 5079 Hebraicorum
707 5019 1001 5082 nominum,
1034 5030 1336 5085 eorumque
1362 5006 1723 5085 etymologias
1785 5012 1945 5081 juxta
1998 5013 2247 5069 ordinem
2286 5012 2593 5066 litterarum
2625 5025 2656 5063 e
2703 5009 2874 5063 latere
2906 5008 3215 5077 eopulasse.
3249 5005 3354 5071 Qui
3397 5020 3522 5058 cum

272 5121 443 5190 vulgo
472 5115 792 5169 babeatura
818 5111 1046 5173 Graecis,
1076 5119 1131 5165 et
1178 5109 1539 5164 bibliothecas
1568 5109 1723 5163 orbis
1757 5107 2086 5177 impleverit,
2140 5106 2308 5162 studii
2360 5105 2538 5161 nostri
2587 5105 2693 5159 fuit
2747 5104 2800 5158 in
2832 5102 3083 5157 Latinam
3122 5102 3366 5168 linguam
3397 5114 3523 5152 eum

272 5227 514 5273 vertere.
543 5231 563 5265 ι
596 5210 663 5264 Ει
688 5218 981 5279 antequam
1012 5205 1380 5277 Hieronymus
1414 5205 1488 5258 ita
1517 5204 1805 5269 scriberet,
1835 5202 2109 5257 Eusebius
2138 5201 2495 5257 Caesariensis
2522 5200 2590 5255 de
2626 5198 2819 5253 eodem
2849 5196 3079 5251 Philone
3119 5195 3173 5247 in
3217 5209 3315 5247 sua
3363 5192 3523 5246 eccle-

272 5312 503 5368 siastica
533 5302 779 5358 Historia
805 5301 917 5372 (l7)
958 5299 1154 5353 litteris
1182 5297 1518 5353 tradiderat:
1556 5315 1575 5347 ι
1603 5295 1709 5351 Sed
1744 5304 1800 5350 et
1830 5293 2224 5349 Hebraicorum
2254 5294 2566 5356 nominum,
2617 5306 2740 5361 quae
2771 5291 2826 5344 in
2873 5290 2991 5358 lege
3030 5297 3084 5341 et
3146 5285 3200 5338 in
3243 5281 3521 5353 prophetis
3563 5282 3566 5285 λ

271 5410 604 5469 occurrunt,
641 5397 1122 5468 interpretationes
1157 5396 1227 5450 ab
1255 5395 1378 5465 ipso
1409 5394 1725 5463 composita:
1746 5408 1868 5448 esse
1900 5393 2179 5447 dicuntur.
2212 5411 2230 5443 ι
2263 5390 2423 5445 Pbi'lo
2449 5400 2655 5452 autem,
2680 5397 2839 5460 gente
2864 5402 2930 5441 ac
2987 5381 3248 5452 religione
3276 5378 3520 5453 ludatis,

342 5524 462 5591 (14⁸)
486 5520 625 5577 Vide
656 5530 790 5591 ton}.
829 5516 894 5570 IV
925 5514 1162 5591 Operurn
1190 5511 1249 5566 S.
1277 5511 1563 5591 Athanasii
1592 5521 1793 5566 nostra:
1823 5510 2178 5577 recensionis,
2215 5509 2318 5565 col.
2348 5508 2471 5563 9M.
2514 5507 2672 5562 Eot'r.
2703 5503 2869 5558 Pun.

343 5580 462 5664 (153
500 5590 712 5664 Synod.
891 5602 949 5652 ιι,
976 5580 1091 5664 ath
1115 5586 1170 5664 6,
1202 5598 1257 5651 p.
1295 5580 1452 5664 l5l8.

343 5649 459 5730 ἰωῇ
492 5649 714 5716 Ple‘at.
740 5661 792 5713 in
816 5649 954 5730 libro
974 5655 1050 5710 De
1074 5649 1343 5709 interpret.
1380 5666 1521 5706 nam.
1552 5649 1711 5707 Hebr.

343 5664 436 5730 (16
492 5664 714 5716 Ρνεῖειῐ.
740 5664 792 5713 in
816 5664 954 5712 libro

341 5664 459 5805 (ni
488 5732 611 5787 Lib.
643 5747 706 5794 II,
730 5744 848 5799 cap.
882 5725 965 5779 18.
