3934 6218
398 273 494 328 Gil
1240 272 1298 327 S.
1338 270 1709 327 ATHANASH
1747 271 1898 326 OPP.
1940 268 2120 324 PARS
2154 266 2245 322 lll.
2290 298 2359 310 -—
2396 264 2801 322 EXEGETICA.
3534 257 3640 314 61?.

398 391 575 461 patria
605 388 826 460 quidem
856 388 961 444 fuit
992 389 1415 445 Alexandrinus.
1440 388 1623 455 Quare
1647 389 1689 443 si
1721 388 1842 458 ejus
1879 388 2018 442 liber
2052 386 2127 440 De
2155 385 2452 439 nominibus
2488 383 2763 438 Hebraicis
2790 381 2926 438 adeo
2960 378 3190 437 celebris
3218 386 3273 434 et
3295 376 3556 448 frequens
3583 376 3644 431 in

397 483 765 540 litteratorum
792 486 1050 540 manibus
1074 494 1213 548 erat,
1241 493 1300 539 ut
1331 500 1362 539 a
1395 484 1601 539 Graecis
1628 484 1791 555 vulgo
1820 484 2133 549 haberetur,
2193 489 2249 536 et
2277 481 2426 535 nulla
2480 491 2648 547 esset,
2687 488 2824 534 teste
2854 478 3206 547 Hieronymo,
3256 474 3407 529 orbis
3448 471 3649 527 biblio-

398 580 553 635 theca
588 597 709 650 quae
742 582 920 650 ipsum
968 595 1075 634 non
1121 589 1390 647 servaret,
1448 579 1574 633 inde
1628 579 2002 648 conjecturam
2042 576 2225 633 facere
2284 575 2411 629 licet
2468 585 2673 644 quanto
2722 574 2777 629 in
2808 574 2984 643 pretio
3042 580 3355 641 quantoque
3419 566 3474 620 in
3541 579 3649 621 usu

399 678 541 742 apud
568 690 700 730 suos
729 682 1017 744 populares
1037 674 1462 739 Alexandrinos,
1494 673 1838 730 Christianos
1864 677 2164 745 praesertim
2199 673 2283 727 vel
2319 672 2597 735 Hebrceos,
2626 683 2793 726 esset.
2827 669 2893 723 Et
2921 669 3139 738 quidem
3196 666 3298 720 hac
3349 662 3417 719 de
3447 678 3506 717 re
3541 674 3647 715 που

402 765 517 821 leve
545 778 930 836 argumentum
958 767 1043 821 vel
1071 766 1195 821 inde
1218 766 1358 820 sumi
1385 774 1591 836 potest,
1627 766 1773 837 quod
1808 765 2126 835 hujusmodi
2157 765 2294 818 liber
2322 779 2499 833 neque
2549 763 2697 832 ipsos
2731 756 2957 832 gentiles
2986 758 3388 813 Alexandrinos
3416 757 3648 825 scripto-

402 873 492 911 res
525 858 701 921 latuit,
733 875 857 914 cum
886 876 953 914 ex
980 876 1046 915 eo
1078 860 1239 930 plura
1268 860 1321 914 in
1344 876 1503 915 suum
1535 877 1698 915 usum
1722 861 2116 930 decerpserint.
2141 857 2277 914 Nam
2310 874 2432 928 quae
2469 856 2771 929 Hesychius
2802 854 3196 926 grammaticus
3240 850 3649 906 Alexandrinus

400 954 469 1011 de
503 953 785 1010 Hebraicis
823 957 1139 1019 nominibus
1171 958 1225 1010 in
1253 955 1515 1011 Lexicum
1546 973 1708 1013 suum
1741 957 1976 1022 induxit,
2022 971 2088 1010 ex
2136 971 2202 1010 eo
2254 962 2446 1009 mutuo
2488 952 2768 1023 accepisse
2825 950 3124 1005 verisimile
3186 956 3287 1003 est.
3343 946 3400 1001 ld
3464 955 3646 1000 autem

396 1051 509 1122 jam
542 1062 699 1107 antea
730 1054 1186 1110 animadvertisse
1221 1055 1462 1126 comperi
1520 1053 1788 1109 Joannem
1845 1054 2241 1118 Martianaeum,
2285 1047 2380 1121 qui
2426 1050 2696 1122 probabili
2750 1049 3063 1118 conjectura
3090 1046 3206 1100 haec
3234 1045 3455 1099 adnotat
3484 1043 3598 1114 (l8)
3630 1059 3647 1094 :

407 1164 427 1198 ι
467 1145 667 1213 Quarta
691 1149 898 1217 species
958 1150 1247 1205 verborum
1276 1160 1330 1206 et
1370 1150 1879 1221 interpretationum
1923 1149 2470 1217 Philonissuperest,
2525 1145 2579 1200 ni
2617 1144 2793 1209 fallor,
2847 1143 2902 1197 in
2925 1141 3114 1197 Graeco
3140 1139 3342 1193 Lexico
3371 1134 3646 1209 Hesychii,

399 1241 740 1309 grammatici
772 1241 1150 1307 Alexandrini,
1184 1245 1277 1314 qui
1314 1260 1421 1300 non
1456 1246 1525 1300 ab
1575 1245 1684 1313 alio
1716 1261 1879 1315 quam
1914 1260 1945 1301 e
1974 1245 2116 1299 libro
2142 1243 2333 1299 Graeco
2363 1240 2679 1296 Iudaeorum
2711 1237 3061 1294 disertissimi
3097 1234 3428 1298 Hellenistze,
3487 1231 3538 1286 id
3567 1237 3656 1286 est

397 1345 466 1386 ex
499 1333 638 1399 libro
670 1337 952 1392 nominum
992 1337 1385 1395 Hebraicorum
1419 1342 1656 1395 mutuari
1707 1341 1885 1410 potuit
1916 1342 2141 1395 nomina
2166 1340 2302 1394 bene
2347 1338 2539 1402 multa,
2581 1352 2705 1407 quae
2752 1337 2868 1404 ipse
2918 1335 3308 1403 interpretatur
3332 1330 3488 1399 juxta
3525 1341 3651 1395 pro-

399 1424 685 1490 prietatcm
711 1428 912 1500 lingua:
946 1430 1249 1491 Hebraicze.
1282 1434 1415 1490 Nam
1457 1440 1600 1492 unde
1621 1438 1775 1491 ﬂuxit
1802 1438 1944 1507 apud
1978 1436 2311 1508 Hesychinm
2349 1443 2496 1491 tanta
2547 1433 2703 1503 c0pia
2734 1432 3295 1497 nominum,quorum
3332 1426 3471 1479 ratio
3499 1424 3650 1493 igno-

402 1527 523 1572 rata
557 1528 676 1573 erat
698 1522 767 1576 ab
791 1525 1051 1581 omnibus
1087 1526 1294 1584 Graecis
1318 1530 1680 1601 scriptoribus
1721 1531 1989 1601 profanis,
2010 1530 2115 1585 nisi
2146 1529 2333 1585 abillo
2370 1528 2548 1598 primo
2576 1526 2861 1581 conditore
2899 1520 3195 1576 voluminis
3252 1516 3648 1571 Hebraicorum

398 1623 619 1678 vocum,
666 1615 780 1670 sive
804 1616 991 1673 Lexici
1030 1622 1194 1685 sacri,
1227 1623 1384 1693 cujus
1415 1638 1639 1677 usuram
1665 1623 1919 1677 habuisse
1945 1621 2330 1675 Alexandrinis
2359 1618 2520 1673 facile
2545 1616 2735 1672 licuit?
2767 1635 2785 1667 ι
2817 1614 2873 1669 Si
2897 1624 3079 1669 autem
3102 1610 3443 1665 Alexandriae
3465 1607 3649 1661 Philo-

402 1703 487 1759 nis
519 1705 658 1761 liber
692 1724 892 1780 magno
916 1712 969 1765 in
995 1715 1171 1782 pretio
1200 1715 1505 1769 habebatur
1530 1714 1671 1785 apud
1708 1715 1960 1770 homines
1996 1729 2028 1768 a
2061 1711 2290 1768 Judaica
2341 1711 2606 1781 religione
2660 1717 2712 1763 et
2768 1707 3077 1762 Christiana
3137 1703 3359 1758 veritate
3415 1700 3645 1761 alienos,

406 1797 642 1867 quisque
681 1800 807 1855 inde
842 1804 1215 1871 conjecturam
1271 1821 1467 1876 capere
1514 1814 1692 1876 potest
1717 1814 1925 1876 quanta
1975 1802 2118 1874 apud
2172 1801 2521 1858 Christianos
2567 1800 2623 1853 in
2656 1798 3067 1855 existimatione
3102 1802 3418 1864 quantoque
3460 1792 3515 1843 in
3550 1803 3649 1843 usu

404 1889 462 1946 in
493 1893 669 1947 sacris
707 1892 1009 1964 Scripturis
1026 1899 1362 1966 explicandis
1381 1907 1548 1954 esset.

473 1984 617 2042 XIV.
648 1986 802 2054 Quod
832 1990 877 2045 si
911 1991 1183 2060 quispiam
1210 2003 1354 2048 esset
1386 1994 1481 2063 qui
1526 2008 1589 2048 ea
1638 1993 1706 2047 de
1748 2006 1809 2047 re
1844 1990 2138 2057 dubitaret,
2176 1988 2336 2045 facile
2398 1989 2580 2045 omnis
2609 2003 2675 2042 ex
2729 1986 2913 2040 animo
2955 1982 3311 2039 dubitationis
3356 1979 3652 2050 scrupulus

400 2081 557 2136 evelli
605 2092 792 2152 posset
817 2098 884 2138 ex
926 2085 992 2140 iis
1017 2102 1138 2154 qua!
1167 2086 1231 2141 de
1260 2084 1494 2158 Origene
1518 2087 1685 2141 tradit
1707 2085 2111 2157 Hieronymus:
2148 2086 2410 2139 nimirum
2451 2085 2597 2154 quod
2623 2084 2678 2136 in
2732 2080 3017 2135 Hebraicis
3078 2078 3395 2133 nominibus
3434 2075 3650 2130 Veteris

402 2173 735 2230 Testamenti
768 2174 970 2235 fecerat
998 2177 1175 2245 Philo,
1224 2180 1277 2232 id
1307 2181 1361 2234 in
1392 2180 1710 2235 nominibus
1738 2178 1870 2235 Novi
1899 2178 2237 2235 Testamenti
2293 2178 2616 2250 praestitisse
2685 2176 2999 2246 Origenem,
3040 2189 3104 2228 ea
3150 2173 3310 2228 laude
3341 2182 3505 2241 atque
3530 2186 3651 2226 om-

404 2268 556 2323 nium
590 2269 879 2324 ductorum
912 2273 1157 2327 virorum
1192 2275 1604 2343 approbatione,
1658 2284 1718 2329 ut
1750 2286 2096 2344 eum,postea
2128 2275 2244 2343 ipse
2268 2273 2636 2343 Hieronymus
2673 2270 2919 2324 imitatus
2950 2265 3375 2353 sitvertendoin
3403 2264 3650 2335 linguam

400 2360 675 2428 Latinam,
707 2382 830 2434 qua:
851 2365 1038 2422 Graece
1066 2379 1279 2424 tantum
1309 2370 1855 2437 circumferebantur,
1884 2379 1946 2425 ut
1996 2370 2144 2440 quod
2203 2369 2376 2425 Graeci
2403 2367 2669 2431 Philonis,
2703 2377 2757 2420 et
2801 2364 3055 2436 Origenis
3084 2360 3292 2425 labore,
3353 2366 3520 2427 atque
3560 2357 3647 2409 ins-

400 2453 615 2509 dustria
649 2454 944 2521 habebant,
990 2457 1044 2511 id
1088 2456 1271 2512 Latini
1308 2459 1559 2515 lectionis
1618 2476 1899 2516 sacrarum
1977 2458 2385 2530 Scripturarum
2429 2458 2661 2514 studiosi
2709 2474 2864 2522 cura,
2896 2466 3059 2526 atque
3115 2469 3280 2524 opera
3322 2448 3655 2508 sanctissimi

405 2544 659 2601 Doctoris
696 2547 1154 2616 adipiscerentur.
1185 2548 1363 2605 Verba
1406 2550 1468 2606 Β.
1511 2550 1829 2622 Hieronymi
1862 2550 1992 2606 talia
2014 2560 2142 2606 sunt
2176 2548 2323 2620 (l9):
2370 2568 2390 2601 ι
2427 2548 2507 2603 Ac
2534 2563 2603 2602 ne
2631 2546 2773 2602 forte
2796 2552 3181 2602 consummato
3209 2542 3458 2605 aediﬁcio,
3491 2539 3651 2611 quasi

399 2646 647 2693 extrema
677 2638 894 2695 deesset
940 2656 1161 2709 manus,
1200 2641 1336 2698 Novi
1369 2643 1707 2700 Testamenti
1734 2645 1895 2700 verba
1944 2652 1996 2700 et
2024 2644 2249 2699 nomina
2285 2644 2678 2713 interpretatus
2724 2657 2881 2708 sum;
2937 2638 3143 2694 imitari
3182 2637 3375 2692 volens
3407 2651 3476 2689 ex
3503 2641 3655 2704 parte

402 2727 714 2804 Origenem,
743 2750 907 2804 quem
945 2745 1065 2806 post
1097 2739 1402 2806 apostolos,
1432 2738 1805 2796 Ecclesiarum
1862 2738 2207 2810 magistrum,
2254 2753 2439 2803 nemo,
2489 2737 2596 2792 nisi
2649 2736 2939 2805 imperitus
2994 2732 3234 2805 negabit.
3278 2729 3425 2785 lnter
3457 2738 3656 2785 caetera

405 2826 551 2880 enim
581 2826 785 2897 ingenii
821 2832 909 2885 sui
940 2832 1201 2900 praeclara
1230 2844 1584 2889 monumenta
1621 2834 1791 2888 etiam
1845 2833 1900 2887 in
1934 2834 2038 2888 hoc
2065 2833 2357 2898 laboravit,
2406 2841 2463 2886 ut
2511 2830 2660 2901 quod
2707 2829 2865 2883 Philo
2912 2827 3069 2897 quasi
3107 2824 3327 2879 Judaeus
3371 2822 3655 2885 omiserat.

410 2918 500 2974 hic
525 2928 590 2985 ut,
610 2920 957 2977 Christianus
989 2923 1258 2993 impleret.
1291 2942 1310 2976 ι
1347 2923 1427 2979 Ex
1460 2925 1546 2981 his
1577 2940 1708 2981 vero
1748 2940 1872 2996 quae
1921 2923 2288 2994 Hieronymus
2311 2922 2556 2992 scripsit,
2601 2922 2711 2977 duo
2741 2920 2809 2974 ad
2851 2935 2968 2973 rem
3012 2925 3254 2971 nostram
3280 2910 3654 2983 colliguntur:

409 3009 803 3070 Hebraicorum
840 3017 1130 3071 nominum
1184 3017 1715 3088 interpretationem,
1754 3033 1869 3072 rem
1901 3018 2167 3087 puerilem
2187 3025 2242 3072 et
2276 3016 2481 3071 nullius
2512 3014 2790 3079 utilitatis,
2845 3020 2903 3065 ut
2937 3011 3162 3080 quidam
3206 3012 3518 3069 autumant,
3552 3001 3654 3057 mi—

405 3107 553 3163 nime
601 3109 936 3165 censendam
995 3125 1141 3174 esse,
1173 3125 1300 3167 cum
1350 3111 1409 3165 in
1448 3127 1510 3167 ea
1563 3113 1669 3167 tria
1718 3112 2141 3182 praeclarissima
2187 3112 2437 3167 omnium
2466 3117 2690 3165 aetatum
2747 3105 2962 3174 ingenia
3006 3101 3428 3163 elaboraverint,
3479 3095 3659 3161 Philo,

404 3196 691 3271 Origenes,
721 3198 1122 3273 Hieronymus;
1153 3210 1207 3257 et
1235 3211 1480 3258 nostram
1507 3202 1851 3259 Psalmorum
1885 3202 2260 3274 metapltrasin
2296 3216 2399 3257 seu
2429 3198 2885 3257 commentarium
2929 3198 2985 3251 in
3019 3211 3127 3265 quo
3153 3200 3412 3249 accurate
3451 3199 3509 3245 et
3540 3188 3660 3244 dill-

408 3302 600 3363 genter
632 3294 796 3350 allata
853 3293 1250 3351 Hebraicorum
1283 3298 1566 3352 nominum
1596 3298 2069 3367 interpretatione,
2114 3296 2459 3352 Psalmorum
2504 3294 2648 3349 tituli
2705 3301 3074 3363 exponuntur,
3109 3297 3388 3342 auctorem
3456 3296 3657 3355 praese—

405 3387 553 3445 ferre
584 3389 913 3458 scriptorem
973 3389 1432 3458 Alexandrinum,
1468 3392 1805 3464 minimeque
1831 3408 1953 3449 eam
1990 3392 2174 3464 magni
2203 3391 2487 3448 Athanasii
2523 3389 2608 3445 vel
2638 3388 2808 3451 aetati,
2833 3386 2919 3442 vel
2974 3384 3184 3455 patriae,
3219 3383 3306 3438 vel
3347 3381 3567 3446 studiis,
3592 3387 3647 3435 et

407 3496 578 3541 sacrm
606 3483 872 3538 doctrina:
903 3498 1230 3553 repugnare,
1260 3486 1358 3541 sed
1390 3502 1555 3556 quam
1583 3488 1825 3543 maxime
1865 3486 2179 3543 convenire.

476 3571 596 3627 XV.
628 3571 787 3627 Nunc
813 3588 945 3629 vero
975 3576 1242 3646 agendum
1280 3584 1364 3632 est
1388 3577 1456 3633 de
1485 3578 1777 3649 allegorica
1802 3577 2275 3648 interpretatione,
2299 3577 2455 3647 juxta
2497 3591 2663 3647 quam
2707 3582 2973 3644 perpetuo
3019 3569 3414 3627 commentario
3462 3566 3662 3622 Psalmi

406 3674 773 3735 exponuntur.
795 3664 1039 3746 Primum
1064 3650 1368 3739 allegoricae
1384 3686 1665 3727 sacrarum
1693 3672 2103 3743 Scripturarum
2127 3671 2594 3743 interpretationis
2615 3679 2891 3725 auctorem
2913 3674 3126 3721 veteres
3142 3664 3438 3734 scriptores
3461 3663 3666 3718 faciunt

407 3757 692 3815 Philonem
719 3758 1023 3817 Hebraeum.
1058 3760 1427 3819 Scribitenim
1455 3765 1523 3821 de
1551 3780 1616 3821 eo
1659 3765 1712 3819 in
1753 3780 1855 3820 sua
1893 3765 2223 3821 Bibliotheca
2272 3764 2387 3837 (20)
2430 3763 2694 3818 Photius:
2732 3780 2749 3813 ι
2789 3759 3265 3816 Circumferuntur
3289 3757 3536 3829 ejusdem
3562 3753 3665 3809 alia

407 3866 625 3923 quoque
653 3854 802 3909 varia
835 3856 1099 3925 opuscula
1119 3899 1135 3923 ,
1163 3858 1361 3928 quibus
1388 3859 1788 3929 disputationes
1822 3858 1934 3915 fere
1965 3861 2034 3916 de
2059 3860 2309 3916 moribus
2334 3859 2684 3914 continentur
2702 3899 2717 3921 ,
2743 3854 3068 3925 Veterisque
3092 3852 3431 3909 Testamenti
3479 3849 3667 3920 expla-

410 3945 658 4001 nationes
685 3946 751 4000 ad
779 3948 1094 4018 allegoriam
1128 3958 1187 4004 ut
1214 3951 1508 4018 plurimum
1544 3952 1660 4021 ipsa
1691 3952 1869 4007 littera
1897 3961 2099 4022 aptata.
2130 3950 2199 4005 Et
2225 3967 2352 4005 vero
2388 3952 2455 4004 ab
2476 3950 2579 4004 hoc
2608 3948 2842 4004 arbitror
2867 3962 3082 4002 omnem
3113 3945 3467 4016 allegoricum
3498 3956 3667 3998 sacrae

409 4035 707 4107 Scriptura:
735 4054 1044 4095 sermonem
1084 4043 1137 4097 in
1176 4041 1471 4098 Ecclesiam
1504 4044 2171 4114 promanassealsautem
2203 4043 2577 4108 Alexandriae,
2622 4043 2712 4097 ubi
2751 4050 2913 4095 natus
2948 4050 3099 4103 erat,
3154 4037 3402 4107 scripsit,
3455 4046 3512 4090 et
3561 4051 3666 4087 non

410 4126 585 4181 solum
618 4129 758 4183 inter
786 4147 936 4197 suos,
963 4133 1055 4187 sed
1089 4133 1251 4188 etiam
1286 4134 1427 4188 inter
1451 4135 1795 4191 Christianos
1822 4135 2020 4190 celebri
2051 4135 2271 4191 nomine
2301 4135 2370 4189 ob
2392 4148 2670 4188 sacrarum
2706 4133 3109 4202 Scripturarum
3139 4129 3447 4194 scientiam,
3466 4137 3521 4183 et
3545 4143 3670 4199 pro-

412 4213 663 4273 fanarum
696 4222 1066 4277 doctrinarum
1092 4226 1454 4283 eruditionem
1489 4229 1612 4291 fuit,
1646 4230 1758 4284 imo
1785 4228 1952 4283 etiam
1984 4226 2309 4284 Christiana:
2341 4225 2588 4296 religioni
2620 4240 2816 4280 nomen
2850 4223 3099 4291 dedisse,
3142 4238 3171 4277 a
3201 4221 3528 4293 quibusdam
3561 4230 3669 4274 tra'

412 4306 587 4363 ditum
622 4322 725 4367 est.
762 4314 906 4371 Sane
929 4315 1294 4389 Hieronymus
1329 4321 1393 4375 de
1424 4337 1490 4375 eo
1515 4321 1703 4377 scribit
1731 4322 1841 4392 (2t)
1863 4363 1878 4387 ,
1910 4322 2111 4375 famam
2142 4319 2310 4375 fuisse
2330 4359 2345 4383 ,
2373 4335 2495 4373 eum
2517 4360 2532 4385 ,
2567 4334 2691 4374 cum
2720 4319 2773 4373 in
2802 4319 3042 4374 secunda
3072 4319 3341 4390 legatione
3377 4316 3447 4371 ad
3476 4315 3667 4370 Caium

418 4399 646 4458 Romam
675 4409 933 4474 venisset,
970 4412 1210 4468 locutum
1233 4430 1355 4469 esse
1388 4432 1510 4470 cum
1542 4416 1787 4485 apostolo
1810 4414 1991 4481 Petro,
2022 4416 2251 4485 ejusque
2284 4413 2540 4468 habuisse
2575 4414 2869 4480 amicitias,
2900 4421 2955 4467 et
2985 4413 3055 4468 ob
3084 4413 3225 4467 hanc
3251 4426 3473 4466 causam
3504 4411 3668 4465 etiam

417 4494 582 4553 Marci
609 4499 860 4573 discipuli
890 4503 1056 4567 Petri,
1089 4507 1231 4576 apud
1257 4508 1643 4562 Alexandriam
1676 4518 1974 4563 sectatores
1996 4523 2226 4563 ornasse
2253 4507 2539 4572 laudibus;
2563 4515 2757 4563 etante
2778 4508 3168 4580 Hieronymum
3197 4506 3339 4561 idem
3361 4505 3427 4561 de
3443 4503 3671 4558 Philone

417 4591 715 4649 tradiderat
750 4593 1018 4651 Eusebius
1044 4598 1416 4665 Caesariensis,
1441 4600 1534 4668 qui
1566 4600 1944 4655 doctissimum
1973 4597 2217 4653 Judaeum
2260 4600 2473 4671 magnis
2514 4599 2766 4655 laudibus
2805 4608 2990 4667 ornat;
3042 4602 3183 4653 unde
3220 4607 3435 4653 constat
3468 4607 3672 4668 quanto

420 4686 641 4740 nomine
662 4696 715 4741 et
734 4703 843 4758 quo
864 4689 915 4742 in
951 4693 1156 4745 honore
1183 4692 1270 4747 ille
1291 4703 1434 4748 esset
1456 4692 1673 4748 Eusebii
1695 4707 1914 4762 quoque
1940 4700 2099 4745 aetate
2123 4693 2266 4761 apud
2291 4692 2662 4747 Christianos:
2698 4691 2798 4746 Hic
2826 4706 3016 4761 porro,
3042 4691 3218 4760 inquit
3246 4688 3517 4745 Eusebius
3536 4689 3669 4762 (23),

419 4774 501 4826 vir
525 4777 576 4829 in
611 4777 843 4834 dicendo
874 4782 1129 4850 copiosus
1149 4824 1164 4848 ,
1198 4783 1250 4836 in
1288 4784 1572 4837 sententiis
1605 4783 1874 4851 locuples,
1909 4782 1961 4836 in
1986 4782 2184 4836 divinae
2209 4780 2504 4851 Scriptura:
2534 4782 2885 4852 intelligentia
2911 4781 3160 4837 sublimis
3194 4791 3358 4851 atque
3388 4781 3671 4836 excelsus.

418 4871 626 4924 variam
651 4886 714 4925 ac
751 4873 1100 4940 multiplicem
1125 4892 1406 4931 sacrorum
1439 4876 1775 4930 voluminum
1803 4876 2199 4946 expositionem
2220 4876 2412 4931 edidit.
2446 4876 2484 4930 Ε
2510 4876 2737 4932 Philone
2761 4878 2953 4948 igitur,
2983 4878 3075 4947 qui
3109 4875 3247 4947 ἀνὴρ
3270 4876 3339 4929 τὰ
3370 4876 3549 4930 πάντα
3587 4874 3672 4928 εὖ·

423 4961 589 5026 δοξος,
619 4963 694 5016 ait
713 4962 983 5033 Iosephus
1016 4968 1152 5036 (25).
1189 4983 1292 5020 non
1317 4968 1492 5022 solum
1526 4969 1578 5020 in
1600 4968 1772 5022 sacris
1803 4966 2105 5036 Scripturis
2127 4970 2457 5024 excellenter
2491 4979 2763 5035 versatus,
2791 4971 2882 5025 sed
2909 4970 3072 5024 etiam
3106 4968 3346 5024 externis
3369 4968 3671 5038 disciplinis

421 5056 635 5125 egregie
668 5056 915 5110 excultus
950 5059 1207 5126 praeclara
1233 5074 1397 5129 opera
1429 5060 1484 5112 in
1514 5058 1791 5127 publicum
1831 5058 2109 5123 ediderat,
2145 5059 2489 5130 allegoricam
2545 5075 2824 5115 sacrarum
2861 5059 3268 5130 Scripturarum
3307 5061 3668 5129 interpretan-

420 5149 613 5201 darum
651 5148 912 5202 rationem
961 5149 1017 5203 in
1054 5150 1478 5206 Alexandrinam
1510 5150 1944 5205 Christianorum
1990 5150 2234 5206 scholam
2285 5152 2465 5221 aliqua
2501 5167 2565 5206 ex
2603 5161 2792 5221 parte,
2826 5162 2880 5208 et
2931 5152 3334 5225 quadamtenus
3373 5151 3667 5208 dcrivatam

422 5238 609 5301 fuisse,
638 5254 802 5307 quam
828 5238 1281 5294 verisimillimum
1311 5257 1453 5305 esse,
1485 5257 1670 5307 nemo,
1701 5249 1762 5294 ut
1784 5252 1935 5311 puto,
1964 5243 2205 5312 negabit.

493 5374 909 5447 (1:8)_Tom.ll
961 5377 1099 5447 Opp.
1171 5378 1227 5432 S.
1291 5378 1535 5444 Hieron.,
1604 5393 1657 5447 p.
1697 5378 1765 5432 90
1789 5377 1923 5432 edit.
1996 5374 2173 5432 Paris.

495 5443 606 5516 (l9)
632 5445 751 5516 Lib.
788 5462 873 5510 ιιι,
897 5443 1022 5516 cap.
1045 5443 1099 5512 3,
1138 5468 1194 5504 ιι.
1224 5450 1277 5503 7.

498 5514 609 5581 (9.0)
644 5514 844 5569 Codice
868 5532 952 5570 (ἲν.

499 5583 610 5654 t2!)
649 5582 719 5654 ρπβ
741 5587 922 5654 script.
959 5586 1140 5639 eccles.
1172 5603 1224 5638 n.
1258 5585 1341 5637 Η.
1405 5618 1413 5624 -

498 5651 612 5723 (ἐξ.)
650 5650 789 5723 Hist.
810 5650 937 5708 eccl.
965 5657 1057 5707 lih.
1092 5672 1149 5720 tt,
1175 5672 1294 5723 cap.
1332 5656 1409 5709 l8.

502 5721 615 5768 rem
649 5721 822 5775 Antia.
853 5724 1071 5778 Iudaic.
1098 5742 1214 5782 can.
1246 5721 1296 5779 9.
