  <div class='ocr_page' id='page_1' title='image "/cluster/home/n/w/nwhite01/storage/ocr_20150623/27/mdp.39015007065769/326.png"; bbox 0 0 3934 6218; ppageno 0'>
   <div class='ocr_carea' id='block_1_1' title="bbox 2686 100 2711 117">
    <p class='ocr_par' dir='ltr' id='par_1_1' title="bbox 2686 100 2711 117">
     <span class='ocr_line' id='line_1_1' title="bbox 2686 100 2711 117; baseline 0 0"><span class='ocrx_word' id='word_1_1' title='bbox 2686 100 2711 117; x_wconf 78' lang='grc' dir='ltr'><em>Ι</em></span> 
     </span>
    </p>
   </div>
   <div class='ocr_carea' id='block_1_2' title="bbox 294 287 3549 351">
    <p class='ocr_par' dir='ltr' id='par_1_2' title="bbox 294 287 3549 351">
     <span class='ocr_line' id='line_1_2' title="bbox 294 287 3549 351; baseline 0.002 -6"><span class='ocrx_word' id='word_1_2' title='bbox 294 290 398 345; x_wconf 72' lang='grc'><strong>613</strong></span> <span class='ocrx_word' id='word_1_3' title='bbox 972 289 1060 346; x_wconf 87' lang='lat' dir='ltr'><strong>DE</strong></span> <span class='ocrx_word' id='word_1_4' title='bbox 1099 288 1378 346; x_wconf 77' lang='lat' dir='ltr'><strong>TITULIS</strong></span> <span class='ocrx_word' id='word_1_5' title='bbox 1414 287 1866 345; x_wconf 74' lang='lat' dir='ltr'><strong>PSALMORUM.</strong></span> <span class='ocrx_word' id='word_1_6' title='bbox 1896 318 1966 329; x_wconf 89' lang='lat'><strong>—-</strong></span> <span class='ocrx_word' id='word_1_7' title='bbox 2001 288 2393 343; x_wconf 80' lang='lat' dir='ltr'><strong>ANTONELLI</strong></span> <span class='ocrx_word' id='word_1_8' title='bbox 2427 289 2826 347; x_wconf 65' lang='lat' dir='ltr'><strong>PREFATIO.</strong></span> <span class='ocrx_word' id='word_1_9' title='bbox 3437 297 3549 351; x_wconf 78' lang='grc'><strong>614</strong></span> 
     </span>
    </p>
   </div>
   <div class='ocr_carea' id='block_1_3' title="bbox 363 398 3554 482">
    <p class='ocr_par' dir='ltr' id='par_1_3' title="bbox 363 398 3554 482">
     <span class='ocr_line' id='line_1_3' title="bbox 363 398 3554 482; baseline 0.003 -21"><span class='ocrx_word' id='word_1_10' title='bbox 363 405 505 461; x_wconf 80' lang='lat' dir='ltr'><strong>XVI.</strong></span> <span class='ocrx_word' id='word_1_11' title='bbox 533 405 691 474; x_wconf 83' lang='lat' dir='ltr'><strong>Quod</strong></span> <span class='ocrx_word' id='word_1_12' title='bbox 725 413 906 462; x_wconf 80' lang='lat' dir='ltr'><strong>autem</strong></span> <span class='ocrx_word' id='word_1_13' title='bbox 936 405 1123 461; x_wconf 82' lang='lat' dir='ltr'><strong>schola</strong></span> <span class='ocrx_word' id='word_1_14' title='bbox 1154 405 1517 461; x_wconf 79' lang='lat' dir='ltr'><strong>Alexandrina</strong></span> <span class='ocrx_word' id='word_1_15' title='bbox 1548 404 1896 476; x_wconf 83' lang='lat' dir='ltr'><strong>allegoricam</strong></span> <span class='ocrx_word' id='word_1_16' title='bbox 1930 406 2432 477; x_wconf 84' lang='lat' dir='ltr'><strong>interpretationem</strong></span> <span class='ocrx_word' id='word_1_17' title='bbox 2458 417 2642 464; x_wconf 89' lang='lat' dir='ltr'><strong>secuta</strong></span> <span class='ocrx_word' id='word_1_18' title='bbox 2674 410 2767 472; x_wconf 88' lang='lat' dir='ltr'><strong>sit,</strong></span> <span class='ocrx_word' id='word_1_19' title='bbox 2801 417 3126 481; x_wconf 84' lang='lat' dir='ltr'><strong>argumento</strong></span> <span class='ocrx_word' id='word_1_20' title='bbox 3160 425 3286 467; x_wconf 79' lang='lat' dir='ltr'><strong>esse</strong></span> <span class='ocrx_word' id='word_1_21' title='bbox 3318 398 3554 482; x_wconf 87' lang='lat' dir='ltr'><strong>possunt</strong></span> 
     </span>
    </p>
   </div>
   <div class='ocr_carea' id='block_1_4' title="bbox 292 494 3553 569">
    <p class='ocr_par' dir='ltr' id='par_1_4' title="bbox 292 494 3553 569">
     <span class='ocr_line' id='line_1_4' title="bbox 292 494 3553 569; baseline 0.002 -17"><span class='ocrx_word' id='word_1_22' title='bbox 292 514 459 569; x_wconf 80' lang='lat' dir='ltr'><strong>opera</strong></span> <span class='ocrx_word' id='word_1_23' title='bbox 495 496 795 553; x_wconf 76' lang='lat' dir='ltr'><strong>Clementis</strong></span> <span class='ocrx_word' id='word_1_24' title='bbox 824 506 879 552; x_wconf 91' lang='lat' dir='ltr'><strong>ct</strong></span> <span class='ocrx_word' id='word_1_25' title='bbox 906 495 1153 565; x_wconf 88' lang='lat' dir='ltr'><strong>Origenis</strong></span> <span class='ocrx_word' id='word_1_26' title='bbox 1177 536 1192 562; x_wconf 92' lang='lat'><strong>,</strong></span> <span class='ocrx_word' id='word_1_27' title='bbox 1220 496 1314 566; x_wconf 89' lang='lat' dir='ltr'><strong>qui</strong></span> <span class='ocrx_word' id='word_1_28' title='bbox 1345 495 1506 550; x_wconf 71' lang='lat' dir='ltr'><strong>8“th</strong></span> <span class='ocrx_word' id='word_1_29' title='bbox 1533 494 1913 550; x_wconf 66' lang='lat' dir='ltr'><strong>Alexandrina:</strong></span> <span class='ocrx_word' id='word_1_30' title='bbox 1944 496 2144 551; x_wconf 70' lang='lat' dir='ltr'><strong>schola:</strong></span> <span class='ocrx_word' id='word_1_31' title='bbox 2174 496 2528 563; x_wconf 65' lang='lat' dir='ltr'><strong>prazfuerunt.</strong></span> <span class='ocrx_word' id='word_1_32' title='bbox 2571 498 2817 565; x_wconf 88' lang='lat' dir='ltr'><strong>Quorum</strong></span> <span class='ocrx_word' id='word_1_33' title='bbox 2858 499 3071 569; x_wconf 88' lang='lat' dir='ltr'><strong>primus</strong></span> <span class='ocrx_word' id='word_1_34' title='bbox 3103 502 3157 554; x_wconf 93' lang='lat' dir='ltr'><strong>in</strong></span> <span class='ocrx_word' id='word_1_35' title='bbox 3192 501 3369 556; x_wconf 85' lang='lat' dir='ltr'><strong>sacris</strong></span> <span class='ocrx_word' id='word_1_36' title='bbox 3406 498 3553 558; x_wconf 85' lang='lat' dir='ltr'><strong>Scri-</strong></span> 
     </span>
    </p>
   </div>
   <div class='ocr_carea' id='block_1_5' title="bbox 293 586 3551 661">
    <p class='ocr_par' dir='ltr' id='par_1_5' title="bbox 293 586 3551 661">
     <span class='ocr_line' id='line_1_5' title="bbox 293 586 3551 661; baseline -0.001 -17"><span class='ocrx_word' id='word_1_37' title='bbox 293 591 474 661; x_wconf 87' lang='lat' dir='ltr'><strong>pturis</strong></span> <span class='ocrx_word' id='word_1_38' title='bbox 496 589 837 660; x_wconf 79' lang='lat' dir='ltr'><strong>explicandis</strong></span> <span class='ocrx_word' id='word_1_39' title='bbox 860 588 1160 657; x_wconf 66' lang='lat' dir='ltr'><strong>swpissime</strong></span> <span class='ocrx_word' id='word_1_40' title='bbox 1190 587 1465 655; x_wconf 85' lang='lat' dir='ltr'><strong>allegoriis</strong></span> <span class='ocrx_word' id='word_1_41' title='bbox 1491 587 1681 651; x_wconf 86' lang='lat' dir='ltr'><strong>utitur,</strong></span> <span class='ocrx_word' id='word_1_42' title='bbox 1705 586 1799 641; x_wconf 89' lang='lat' dir='ltr'><strong>sed</strong></span> <span class='ocrx_word' id='word_1_43' title='bbox 1824 586 1876 639; x_wconf 92' lang='lat' dir='ltr'><strong>in</strong></span> <span class='ocrx_word' id='word_1_44' title='bbox 1899 586 2051 641; x_wconf 80' lang='lat' dir='ltr'><strong>libris</strong></span> <span class='ocrx_word' id='word_1_45' title='bbox 2082 586 2410 641; x_wconf 82' lang='lat' dir='ltr'><strong>Stromatum</strong></span> <span class='ocrx_word' id='word_1_46' title='bbox 2435 590 2694 660; x_wconf 83' lang='lat' dir='ltr'><strong>mysticos</strong></span> <span class='ocrx_word' id='word_1_47' title='bbox 2722 588 3127 659; x_wconf 83' lang='lat' dir='ltr'><strong>Scripturarum</strong></span> <span class='ocrx_word' id='word_1_48' title='bbox 3154 605 3351 645; x_wconf 85' lang='lat' dir='ltr'><strong>sensus</strong></span> <span class='ocrx_word' id='word_1_49' title='bbox 3378 588 3551 660; x_wconf 83' lang='lat' dir='ltr'><strong>potis-</strong></span> 
     </span>
    </p>
   </div>
   <div class='ocr_carea' id='block_1_6' title="bbox 292 677 3556 756">
    <p class='ocr_par' dir='ltr' id='par_1_6' title="bbox 292 677 3556 756">
     <span class='ocr_line' id='line_1_6' title="bbox 292 677 3556 756; baseline -0.001 -18"><span class='ocrx_word' id='word_1_50' title='bbox 292 682 495 739; x_wconf 83' lang='lat' dir='ltr'><strong>simum</strong></span> <span class='ocrx_word' id='word_1_51' title='bbox 526 683 812 753; x_wconf 76' lang='lat' dir='ltr'><strong>amplexus</strong></span> <span class='ocrx_word' id='word_1_52' title='bbox 837 695 951 746; x_wconf 84' lang='lat' dir='ltr'><strong>est;</strong></span> <span class='ocrx_word' id='word_1_53' title='bbox 989 680 1254 749; x_wconf 81' lang='lat' dir='ltr'><strong>siquidem</strong></span> <span class='ocrx_word' id='word_1_54' title='bbox 1285 679 1387 733; x_wconf 90' lang='lat' dir='ltr'><strong>tria</strong></span> <span class='ocrx_word' id='word_1_55' title='bbox 1419 695 1516 733; x_wconf 90' lang='lat' dir='ltr'><strong>sua</strong></span> <span class='ocrx_word' id='word_1_56' title='bbox 1546 679 1805 748; x_wconf 80' lang='lat' dir='ltr'><strong>praeclara</strong></span> <span class='ocrx_word' id='word_1_57' title='bbox 1837 693 2035 756; x_wconf 84' lang='lat' dir='ltr'><strong>opera,</strong></span> <span class='ocrx_word' id='word_1_58' title='bbox 2070 677 2435 749; x_wconf 83' lang='lat' dir='ltr'><strong>Pratrepticon</strong></span> <span class='ocrx_word' id='word_1_59' title='bbox 2456 722 2471 746; x_wconf 91' lang='lat'><strong>,</strong></span> <span class='ocrx_word' id='word_1_60' title='bbox 2504 679 2840 752; x_wconf 66' lang='lat' dir='ltr'><strong>Paedagogon</strong></span> <span class='ocrx_word' id='word_1_61' title='bbox 2863 722 2877 747; x_wconf 92' lang='lat'><strong>,</strong></span> <span class='ocrx_word' id='word_1_62' title='bbox 2931 691 2984 736; x_wconf 90' lang='lat' dir='ltr'><strong>et</strong></span> <span class='ocrx_word' id='word_1_63' title='bbox 3016 681 3345 736; x_wconf 79' lang='lat' dir='ltr'><strong>Stromntum</strong></span> <span class='ocrx_word' id='word_1_64' title='bbox 3387 682 3556 735; x_wconf 85' lang='lat' dir='ltr'><strong>libros</strong></span> 
     </span>
    </p>
   </div>
   <div class='ocr_carea' id='block_1_7' title="bbox 292 769 3556 841">
    <p class='ocr_par' dir='ltr' id='par_1_7' title="bbox 292 769 3556 841">
     <span class='ocr_line' id='line_1_7' title="bbox 292 769 3556 841; baseline -0.002 -12"><span class='ocrx_word' id='word_1_65' title='bbox 292 790 360 830; x_wconf 89' lang='lat' dir='ltr'><strong>eo</strong></span> <span class='ocrx_word' id='word_1_66' title='bbox 393 776 613 839; x_wconf 86' lang='lat' dir='ltr'><strong>ordine,</strong></span> <span class='ocrx_word' id='word_1_67' title='bbox 649 785 702 828; x_wconf 88' lang='lat' dir='ltr'><strong>et</strong></span> <span class='ocrx_word' id='word_1_68' title='bbox 724 774 935 827; x_wconf 84' lang='lat' dir='ltr'><strong>ratione</strong></span> <span class='ocrx_word' id='word_1_69' title='bbox 964 771 1196 825; x_wconf 88' lang='lat' dir='ltr'><strong>instituit</strong></span> <span class='ocrx_word' id='word_1_70' title='bbox 1222 769 1357 839; x_wconf 52' lang='grc' dir='ltr'><strong>(ἰν-4).</strong></span> <span class='ocrx_word' id='word_1_71' title='bbox 1387 779 1448 826; x_wconf 91' lang='lat' dir='ltr'><strong>ut</strong></span> <span class='ocrx_word' id='word_1_72' title='bbox 1478 770 1761 840; x_wconf 84' lang='lat' dir='ltr'><strong>gentilium</strong></span> <span class='ocrx_word' id='word_1_73' title='bbox 1791 782 2231 841; x_wconf 75' lang='lat' dir='ltr'><strong>mystagogorum</strong></span> <span class='ocrx_word' id='word_1_74' title='bbox 2253 810 2267 835; x_wconf 90' lang='lat'><strong>,</strong></span> <span class='ocrx_word' id='word_1_75' title='bbox 2299 786 2365 825; x_wconf 90' lang='lat' dir='ltr'><strong>ac</strong></span> <span class='ocrx_word' id='word_1_76' title='bbox 2395 782 2638 825; x_wconf 84' lang='lat' dir='ltr'><strong>veterum</strong></span> <span class='ocrx_word' id='word_1_77' title='bbox 2670 772 3118 841; x_wconf 86' lang='lat' dir='ltr'><strong>philosophorum</strong></span> <span class='ocrx_word' id='word_1_78' title='bbox 3153 772 3407 840; x_wconf 81' lang='lat' dir='ltr'><strong>exemplo</strong></span> <span class='ocrx_word' id='word_1_79' title='bbox 3443 781 3556 824; x_wconf 89' lang='lat' dir='ltr'><strong>tres</strong></span> 
     </span>
    </p>
   </div>
   <div class='ocr_carea' id='block_1_8' title="bbox 293 859 1846 938">
    <p class='ocr_par' dir='ltr' id='par_1_8' title="bbox 293 859 1846 938">
     <span class='ocr_line' id='line_1_8' title="bbox 293 859 1846 938; baseline 0 -19"><span class='ocrx_word' id='word_1_80' title='bbox 293 867 497 938; x_wconf 77' lang='lat' dir='ltr'><strong>gradus</strong></span> <span class='ocrx_word' id='word_1_81' title='bbox 517 905 531 929; x_wconf 87' lang='lat'><strong>,</strong></span> <span class='ocrx_word' id='word_1_82' title='bbox 562 862 936 934; x_wconf 64' lang='grc' dir='ltr'><strong>ἀποκάθαρσιν</strong></span> <span class='ocrx_word' id='word_1_83' title='bbox 956 901 971 927; x_wconf 88' lang='grc'><strong>,</strong></span> <span class='ocrx_word' id='word_1_84' title='bbox 1010 860 1240 932; x_wconf 80' lang='grc' dir='ltr'><strong>μύησιν,</strong></span> <span class='ocrx_word' id='word_1_85' title='bbox 1269 862 1562 915; x_wconf 74' lang='grc' dir='ltr'>ἐποπτείαν</span> <span class='ocrx_word' id='word_1_86' title='bbox 1594 859 1707 916; x_wconf 87' lang='lat' dir='ltr'><strong>refe</strong></span> <span class='ocrx_word' id='word_1_87' title='bbox 1721 873 1846 919; x_wconf 73' lang='grc' dir='ltr'><strong>Πει-</strong></span> 
     </span>
    </p>
   </div>
   <div class='ocr_carea' id='block_1_9' title="bbox 2002 859 3555 938">
    <p class='ocr_par' dir='ltr' id='par_1_9' title="bbox 2002 863 3555 934">
     <span class='ocr_line' id='line_1_9' title="bbox 2002 863 3555 934; baseline 0.005 -23"><span class='ocrx_word' id='word_1_88' title='bbox 2002 879 2034 917; x_wconf 56' lang='lat' dir='ltr'><strong>:r</strong></span> <span class='ocrx_word' id='word_1_89' title='bbox 2059 878 2186 918; x_wconf 89' lang='lat' dir='ltr'><strong>vero</strong></span> <span class='ocrx_word' id='word_1_90' title='bbox 2223 863 2278 917; x_wconf 90' lang='lat' dir='ltr'><strong>in</strong></span> <span class='ocrx_word' id='word_1_91' title='bbox 2321 863 2595 934; x_wconf 88' lang='lat' dir='ltr'><strong>allegoriis</strong></span> <span class='ocrx_word' id='word_1_92' title='bbox 2623 864 2898 920; x_wconf 87' lang='lat' dir='ltr'><strong>sectandis</strong></span> <span class='ocrx_word' id='word_1_93' title='bbox 2926 865 3062 919; x_wconf 88' lang='lat' dir='ltr'><strong>adeo</strong></span> <span class='ocrx_word' id='word_1_94' title='bbox 3097 865 3298 919; x_wconf 89' lang='lat' dir='ltr'><strong>nimius</strong></span> <span class='ocrx_word' id='word_1_95' title='bbox 3324 864 3461 930; x_wconf 89' lang='lat' dir='ltr'><strong>fuit,</strong></span> <span class='ocrx_word' id='word_1_96' title='bbox 3499 873 3555 918; x_wconf 91' lang='lat' dir='ltr'><strong>ut</strong></span> 
     </span>
    </p>
   </div>
   <div class='ocr_carea' id='block_1_10' title="bbox 292 954 3556 1027">
    <p class='ocr_par' dir='ltr' id='par_1_10' title="bbox 292 954 3556 1027">
     <span class='ocr_line' id='line_1_10' title="bbox 292 954 3556 1027; baseline -0.001 -12"><span class='ocrx_word' id='word_1_97' title='bbox 292 960 459 1015; x_wconf 89' lang='lat' dir='ltr'><strong>etiam</strong></span> <span class='ocrx_word' id='word_1_98' title='bbox 489 959 595 1013; x_wconf 89' lang='lat' dir='ltr'><strong>hoc</strong></span> <span class='ocrx_word' id='word_1_99' title='bbox 620 957 841 1012; x_wconf 84' lang='lat' dir='ltr'><strong>nomine</strong></span> <span class='ocrx_word' id='word_1_100' title='bbox 883 971 913 1009; x_wconf 83' lang='lat' dir='ltr'><strong>a</strong></span> <span class='ocrx_word' id='word_1_101' title='bbox 956 954 1142 1010; x_wconf 87' lang='lat' dir='ltr'><strong>multis</strong></span> <span class='ocrx_word' id='word_1_102' title='bbox 1169 954 1615 1024; x_wconf 78' lang='lat' dir='ltr'><strong>reprehendatur.</strong></span> <span class='ocrx_word' id='word_1_103' title='bbox 1666 954 1849 1020; x_wconf 81' lang='lat' dir='ltr'><strong>Quare</strong></span> <span class='ocrx_word' id='word_1_104' title='bbox 1890 963 1946 1009; x_wconf 89' lang='lat' dir='ltr'><strong>et</strong></span> <span class='ocrx_word' id='word_1_105' title='bbox 1976 964 2231 1010; x_wconf 87' lang='lat' dir='ltr'><strong>accurata</strong></span> <span class='ocrx_word' id='word_1_106' title='bbox 2275 954 2665 1012; x_wconf 81' lang='lat' dir='ltr'><strong>Hebraicorum</strong></span> <span class='ocrx_word' id='word_1_107' title='bbox 2713 958 2998 1012; x_wconf 89' lang='lat' dir='ltr'><strong>nominum</strong></span> <span class='ocrx_word' id='word_1_108' title='bbox 3049 958 3460 1027; x_wconf 83' lang='lat' dir='ltr'><strong>interpretatio,</strong></span> <span class='ocrx_word' id='word_1_109' title='bbox 3500 970 3556 1016; x_wconf 86' lang='lat' dir='ltr'><strong>et</strong></span> 
     </span>
    </p>
   </div>
   <div class='ocr_carea' id='block_1_11' title="bbox 293 1046 3556 1122">
    <p class='ocr_par' dir='ltr' id='par_1_11' title="bbox 293 1046 3556 1122">
     <span class='ocr_line' id='line_1_11' title="bbox 293 1046 3556 1122; baseline -0.001 -14"><span class='ocrx_word' id='word_1_110' title='bbox 293 1053 582 1122; x_wconf 79' lang='lat' dir='ltr'><strong>allegorica</strong></span> <span class='ocrx_word' id='word_1_111' title='bbox 619 1048 1008 1120; x_wconf 86' lang='lat' dir='ltr'><strong>interpretandi</strong></span> <span class='ocrx_word' id='word_1_112' title='bbox 1042 1048 1183 1102; x_wconf 90' lang='lat' dir='ltr'><strong>ratio</strong></span> <span class='ocrx_word' id='word_1_113' title='bbox 1216 1046 1270 1101; x_wconf 93' lang='lat' dir='ltr'><strong>in</strong></span> <span class='ocrx_word' id='word_1_114' title='bbox 1299 1062 1466 1103; x_wconf 89' lang='lat' dir='ltr'><strong>causa</strong></span> <span class='ocrx_word' id='word_1_115' title='bbox 1511 1062 1634 1103; x_wconf 89' lang='lat' dir='ltr'><strong>esse</strong></span> <span class='ocrx_word' id='word_1_116' title='bbox 1676 1063 1786 1104; x_wconf 89' lang='lat' dir='ltr'><strong>non</strong></span> <span class='ocrx_word' id='word_1_117' title='bbox 1834 1058 2103 1120; x_wconf 89' lang='lat' dir='ltr'><strong>possunt,</strong></span> <span class='ocrx_word' id='word_1_118' title='bbox 2154 1066 2254 1104; x_wconf 91' lang='lat' dir='ltr'><strong>cur</strong></span> <span class='ocrx_word' id='word_1_119' title='bbox 2294 1062 2477 1106; x_wconf 88' lang='lat' dir='ltr'><strong>noster</strong></span> <span class='ocrx_word' id='word_1_120' title='bbox 2518 1049 2860 1107; x_wconf 85' lang='lat' dir='ltr'><strong>Psalmorum</strong></span> <span class='ocrx_word' id='word_1_121' title='bbox 2897 1053 3324 1107; x_wconf 84' lang='lat' dir='ltr'><strong>commentarius</strong></span> <span class='ocrx_word' id='word_1_122' title='bbox 3357 1066 3556 1121; x_wconf 80' lang='lat' dir='ltr'><strong>magno</strong></span> 
     </span>
    </p>
   </div>
   <div class='ocr_carea' id='block_1_12' title="bbox 293 1142 3555 1216">
    <p class='ocr_par' dir='ltr' id='par_1_12' title="bbox 293 1142 3555 1216">
     <span class='ocr_line' id='line_1_12' title="bbox 293 1142 3555 1216; baseline -0 -15"><span class='ocrx_word' id='word_1_123' title='bbox 293 1145 600 1201; x_wconf 81' lang='lat' dir='ltr'><strong>Athanasio</strong></span> <span class='ocrx_word' id='word_1_124' title='bbox 629 1144 1005 1213; x_wconf 87' lang='lat' dir='ltr'><strong>abjudicetur,</strong></span> <span class='ocrx_word' id='word_1_125' title='bbox 1035 1142 1129 1196; x_wconf 91' lang='lat' dir='ltr'><strong>sed</strong></span> <span class='ocrx_word' id='word_1_126' title='bbox 1161 1142 1343 1212; x_wconf 90' lang='lat' dir='ltr'><strong>potius</strong></span> <span class='ocrx_word' id='word_1_127' title='bbox 1372 1153 1695 1212; x_wconf 87' lang='lat' dir='ltr'><strong>argumento</strong></span> <span class='ocrx_word' id='word_1_128' title='bbox 1722 1158 1844 1199; x_wconf 88' lang='lat' dir='ltr'><strong>esse</strong></span> <span class='ocrx_word' id='word_1_129' title='bbox 1874 1142 2073 1210; x_wconf 88' lang='lat' dir='ltr'><strong>debet,</strong></span> <span class='ocrx_word' id='word_1_130' title='bbox 2113 1159 2212 1198; x_wconf 92' lang='lat' dir='ltr'><strong>cur</strong></span> <span class='ocrx_word' id='word_1_131' title='bbox 2245 1144 2397 1198; x_wconf 90' lang='lat' dir='ltr'><strong>illum</strong></span> <span class='ocrx_word' id='word_1_132' title='bbox 2442 1146 2791 1202; x_wconf 87' lang='lat' dir='ltr'><strong>sanctissimo</strong></span> <span class='ocrx_word' id='word_1_133' title='bbox 2825 1147 3081 1216; x_wconf 85' lang='lat' dir='ltr'><strong>episcopo</strong></span> <span class='ocrx_word' id='word_1_134' title='bbox 3101 1186 3116 1211; x_wconf 90' lang='lat'><strong>,</strong></span> <span class='ocrx_word' id='word_1_135' title='bbox 3154 1144 3312 1214; x_wconf 79' lang='lat' dir='ltr'><strong>Cujus</strong></span> <span class='ocrx_word' id='word_1_136' title='bbox 3354 1158 3555 1197; x_wconf 86' lang='lat' dir='ltr'><strong>nomen</strong></span> 
     </span>
    </p>
   </div>
   <div class='ocr_carea' id='block_1_13' title="bbox 293 1231 3555 1307">
    <p class='ocr_par' dir='ltr' id='par_1_13' title="bbox 293 1231 3555 1307">
     <span class='ocr_line' id='line_1_13' title="bbox 293 1231 3555 1307; baseline -0.002 -15"><span class='ocrx_word' id='word_1_137' title='bbox 293 1236 548 1307; x_wconf 65' lang='lat' dir='ltr'><strong>praefert,</strong></span> <span class='ocrx_word' id='word_1_138' title='bbox 576 1251 910 1292; x_wconf 84' lang='lat' dir='ltr'><strong>asseramus.</strong></span> <span class='ocrx_word' id='word_1_139' title='bbox 934 1233 1068 1287; x_wconf 79' lang='lat' dir='ltr'><strong>Nam</strong></span> <span class='ocrx_word' id='word_1_140' title='bbox 1094 1244 1321 1303; x_wconf 84' lang='lat' dir='ltr'><strong>utraque</strong></span> <span class='ocrx_word' id='word_1_141' title='bbox 1355 1234 1600 1300; x_wconf 88' lang='lat' dir='ltr'><strong>intento,</strong></span> <span class='ocrx_word' id='word_1_142' title='bbox 1632 1243 1691 1288; x_wconf 92' lang='lat' dir='ltr'><strong>ut</strong></span> <span class='ocrx_word' id='word_1_143' title='bbox 1722 1235 1797 1288; x_wconf 87' lang='lat' dir='ltr'><strong>ita</strong></span> <span class='ocrx_word' id='word_1_144' title='bbox 1840 1234 2056 1301; x_wconf 90' lang='lat' dir='ltr'><strong>dicam,</strong></span> <span class='ocrx_word' id='word_1_145' title='bbox 2093 1235 2265 1306; x_wconf 89' lang='lat' dir='ltr'><strong>digito</strong></span> <span class='ocrx_word' id='word_1_146' title='bbox 2298 1236 2538 1291; x_wconf 85' lang='lat' dir='ltr'><strong>indicare</strong></span> <span class='ocrx_word' id='word_1_147' title='bbox 2573 1238 2813 1303; x_wconf 87' lang='lat' dir='ltr'><strong>videtur,</strong></span> <span class='ocrx_word' id='word_1_148' title='bbox 2856 1245 3133 1291; x_wconf 83' lang='lat' dir='ltr'><strong>auctorem</strong></span> <span class='ocrx_word' id='word_1_149' title='bbox 3174 1231 3555 1289; x_wconf 78' lang='lat' dir='ltr'><strong>commentarii</strong></span> 
     </span>
    </p>
   </div>
   <div class='ocr_carea' id='block_1_14' title="bbox 294 1326 3554 1401">
    <p class='ocr_par' dir='ltr' id='par_1_14' title="bbox 294 1326 3554 1401">
     <span class='ocr_line' id='line_1_14' title="bbox 294 1326 3554 1401; baseline -0.003 -14"><span class='ocrx_word' id='word_1_150' title='bbox 294 1332 616 1401; x_wconf 87' lang='lat' dir='ltr'><strong>scriptorem</strong></span> <span class='ocrx_word' id='word_1_151' title='bbox 646 1330 1072 1383; x_wconf 78' lang='lat' dir='ltr'><strong>Alexandrinum</strong></span> <span class='ocrx_word' id='word_1_152' title='bbox 1106 1327 1306 1393; x_wconf 88' lang='lat' dir='ltr'><strong>fuisse,</strong></span> <span class='ocrx_word' id='word_1_153' title='bbox 1337 1327 1681 1382; x_wconf 73' lang='lat' dir='ltr'><strong>Alexandria:</strong></span> <span class='ocrx_word' id='word_1_154' title='bbox 1710 1339 1899 1383; x_wconf 88' lang='lat' dir='ltr'><strong>natum</strong></span> <span class='ocrx_word' id='word_1_155' title='bbox 1922 1369 1937 1392; x_wconf 94' lang='lat'><strong>,</strong></span> <span class='ocrx_word' id='word_1_156' title='bbox 1986 1336 2040 1382; x_wconf 90' lang='lat' dir='ltr'><strong>et</strong></span> <span class='ocrx_word' id='word_1_157' title='bbox 2072 1327 2125 1382; x_wconf 89' lang='lat' dir='ltr'><strong>in</strong></span> <span class='ocrx_word' id='word_1_158' title='bbox 2170 1328 2538 1383; x_wconf 71' lang='lat' dir='ltr'><strong>Alexandrina</strong></span> <span class='ocrx_word' id='word_1_159' title='bbox 2583 1330 2769 1383; x_wconf 82' lang='lat' dir='ltr'><strong>schola</strong></span> <span class='ocrx_word' id='word_1_160' title='bbox 2798 1330 3111 1384; x_wconf 83' lang='lat' dir='ltr'><strong>educatum.</strong></span> <span class='ocrx_word' id='word_1_161' title='bbox 3146 1326 3399 1394; x_wconf 86' lang='lat' dir='ltr'><strong>Profecto</strong></span> <span class='ocrx_word' id='word_1_162' title='bbox 3443 1340 3554 1379; x_wconf 87' lang='lat' dir='ltr'><strong>non</strong></span> 
     </span>
    </p>
   </div>
   <div class='ocr_carea' id='block_1_15' title="bbox 291 1418 3555 1491">
    <p class='ocr_par' dir='ltr' id='par_1_15' title="bbox 291 1418 3555 1491">
     <span class='ocr_line' id='line_1_15' title="bbox 291 1418 3555 1491; baseline -0.003 -11"><span class='ocrx_word' id='word_1_163' title='bbox 291 1422 548 1480; x_wconf 82' lang='lat' dir='ltr'><strong>dissimili</strong></span> <span class='ocrx_word' id='word_1_164' title='bbox 575 1425 806 1485; x_wconf 81' lang='lat' dir='ltr'><strong>ratione,</strong></span> <span class='ocrx_word' id='word_1_165' title='bbox 840 1437 944 1491; x_wconf 86' lang='lat' dir='ltr'><strong>qua</strong></span> <span class='ocrx_word' id='word_1_166' title='bbox 967 1420 1298 1475; x_wconf 85' lang='lat' dir='ltr'><strong>Athanasius</strong></span> <span class='ocrx_word' id='word_1_167' title='bbox 1332 1419 1383 1471; x_wconf 92' lang='lat' dir='ltr'><strong>in</strong></span> <span class='ocrx_word' id='word_1_168' title='bbox 1419 1434 1520 1474; x_wconf 88' lang='lat' dir='ltr'><strong>suo</strong></span> <span class='ocrx_word' id='word_1_169' title='bbox 1548 1420 1942 1474; x_wconf 88' lang='lat' dir='ltr'><strong>commentario</strong></span> <span class='ocrx_word' id='word_1_170' title='bbox 1971 1420 2252 1475; x_wconf 87' lang='lat' dir='ltr'><strong>titulorum</strong></span> <span class='ocrx_word' id='word_1_171' title='bbox 2282 1420 2786 1491; x_wconf 83' lang='lat' dir='ltr'><strong>interpretationem</strong></span> <span class='ocrx_word' id='word_1_172' title='bbox 2823 1430 3147 1491; x_wconf 88' lang='lat' dir='ltr'><strong>prosecutus</strong></span> <span class='ocrx_word' id='word_1_173' title='bbox 3177 1429 3279 1484; x_wconf 87' lang='lat' dir='ltr'><strong>est,</strong></span> <span class='ocrx_word' id='word_1_174' title='bbox 3313 1418 3555 1473; x_wconf 90' lang='lat' dir='ltr'><strong>nonnul-</strong></span> 
     </span>
    </p>
   </div>
   <div class='ocr_carea' id='block_1_16' title="bbox 293 1509 3555 1584">
    <p class='ocr_par' dir='ltr' id='par_1_16' title="bbox 293 1509 3555 1584">
     <span class='ocr_line' id='line_1_16' title="bbox 293 1509 3555 1584; baseline -0.003 -14"><span class='ocrx_word' id='word_1_175' title='bbox 293 1517 469 1571; x_wconf 90' lang='lat' dir='ltr'><strong>lorum</strong></span> <span class='ocrx_word' id='word_1_176' title='bbox 496 1515 836 1584; x_wconf 80' lang='lat' dir='ltr'><strong>psalmorum</strong></span> <span class='ocrx_word' id='word_1_177' title='bbox 867 1514 1054 1569; x_wconf 88' lang='lat' dir='ltr'><strong>titulos</strong></span> <span class='ocrx_word' id='word_1_178' title='bbox 1082 1512 1369 1581; x_wconf 82' lang='lat' dir='ltr'><strong>Origenem</strong></span> <span class='ocrx_word' id='word_1_179' title='bbox 1394 1527 1612 1581; x_wconf 87' lang='lat' dir='ltr'><strong>quoque</strong></span> <span class='ocrx_word' id='word_1_180' title='bbox 1639 1514 1971 1582; x_wconf 81' lang='lat' dir='ltr'><strong>explicassc,</strong></span> <span class='ocrx_word' id='word_1_181' title='bbox 2032 1514 2191 1568; x_wconf 81' lang='lat' dir='ltr'><strong>fidem</strong></span> <span class='ocrx_word' id='word_1_182' title='bbox 2232 1513 2364 1569; x_wconf 83' lang='lat' dir='ltr'><strong>facit</strong></span> <span class='ocrx_word' id='word_1_183' title='bbox 2395 1513 2760 1584; x_wconf 84' lang='lat' dir='ltr'><strong>fragmentum</strong></span> <span class='ocrx_word' id='word_1_184' title='bbox 2795 1512 3174 1568; x_wconf 87' lang='lat' dir='ltr'><strong>commentarii</strong></span> <span class='ocrx_word' id='word_1_185' title='bbox 3215 1509 3467 1579; x_wconf 86' lang='lat' dir='ltr'><strong>Origenis</strong></span> <span class='ocrx_word' id='word_1_186' title='bbox 3499 1509 3555 1562; x_wconf 90' lang='lat' dir='ltr'><strong>in</strong></span> 
     </span>
    </p>
   </div>
   <div class='ocr_carea' id='block_1_17' title="bbox 293 1599 3555 1675">
    <p class='ocr_par' dir='ltr' id='par_1_17' title="bbox 293 1599 3555 1675">
     <span class='ocr_line' id='line_1_17' title="bbox 293 1599 3555 1675; baseline -0.002 -15"><span class='ocrx_word' id='word_1_187' title='bbox 293 1604 568 1669; x_wconf 84' lang='lat' dir='ltr'><strong>Psalmos,</strong></span> <span class='ocrx_word' id='word_1_188' title='bbox 592 1604 738 1675; x_wconf 90' lang='lat' dir='ltr'><strong>quod</strong></span> <span class='ocrx_word' id='word_1_189' title='bbox 765 1620 830 1659; x_wconf 82' lang='lat' dir='ltr'><strong>ex</strong></span> <span class='ocrx_word' id='word_1_190' title='bbox 856 1605 1042 1660; x_wconf 85' lang='lat' dir='ltr'><strong>codice</strong></span> <span class='ocrx_word' id='word_1_191' title='bbox 1070 1601 1333 1656; x_wconf 84' lang='lat' dir='ltr'><strong>Vaticano</strong></span> <span class='ocrx_word' id='word_1_192' title='bbox 1359 1618 1483 1656; x_wconf 90' lang='lat' dir='ltr'><strong>cum</strong></span> <span class='ocrx_word' id='word_1_193' title='bbox 1517 1602 1640 1658; x_wconf 91' lang='lat' dir='ltr'><strong>aliis</strong></span> <span class='ocrx_word' id='word_1_194' title='bbox 1666 1604 1720 1656; x_wconf 89' lang='lat' dir='ltr'><strong>in</strong></span> <span class='ocrx_word' id='word_1_195' title='bbox 1753 1604 1928 1658; x_wconf 89' lang='lat' dir='ltr'><strong>lucem</strong></span> <span class='ocrx_word' id='word_1_196' title='bbox 1962 1602 2131 1659; x_wconf 89' lang='lat' dir='ltr'><strong>edidit</strong></span> <span class='ocrx_word' id='word_1_197' title='bbox 2155 1602 2219 1658; x_wconf 92' lang='lat' dir='ltr'><strong>P.</strong></span> <span class='ocrx_word' id='word_1_198' title='bbox 2250 1603 2787 1672; x_wconf 79' lang='lat' dir='ltr'><strong>Montfauconius,et</strong></span> <span class='ocrx_word' id='word_1_199' title='bbox 2810 1621 2922 1660; x_wconf 60' lang='lat' dir='ltr'><strong>suae</strong></span> <span class='ocrx_word' id='word_1_200' title='bbox 2941 1603 3305 1674; x_wconf 72' lang='lat' dir='ltr'><strong>Hexaplorum</strong></span> <span class='ocrx_word' id='word_1_201' title='bbox 3332 1599 3555 1656; x_wconf 86' lang='lat' dir='ltr'><strong>editioni</strong></span> 
     </span>
    </p>
   </div>
   <div class='ocr_carea' id='block_1_18' title="bbox 294 1693 3557 1768">
    <p class='ocr_par' dir='ltr' id='par_1_18' title="bbox 294 1693 3557 1768">
     <span class='ocr_line' id='line_1_18' title="bbox 294 1693 3557 1768; baseline -0.002 -17"><span class='ocrx_word' id='word_1_202' title='bbox 294 1697 561 1767; x_wconf 68' lang='lat' dir='ltr'><strong>praemisit</strong></span> <span class='ocrx_word' id='word_1_203' title='bbox 586 1696 736 1765; x_wconf 66' lang='lat'><strong>(£5);</strong></span> <span class='ocrx_word' id='word_1_204' title='bbox 767 1712 830 1751; x_wconf 88' lang='lat' dir='ltr'><strong>ac</strong></span> <span class='ocrx_word' id='word_1_205' title='bbox 859 1695 1086 1764; x_wconf 87' lang='lat' dir='ltr'><strong>proinde</strong></span> <span class='ocrx_word' id='word_1_206' title='bbox 1107 1695 1176 1749; x_wconf 89' lang='lat' dir='ltr'><strong>de</strong></span> <span class='ocrx_word' id='word_1_207' title='bbox 1195 1693 1520 1762; x_wconf 86' lang='lat' dir='ltr'><strong>antiquitate</strong></span> <span class='ocrx_word' id='word_1_208' title='bbox 1549 1708 1711 1759; x_wconf 85' lang='lat' dir='ltr'><strong>usus,</strong></span> <span class='ocrx_word' id='word_1_209' title='bbox 1740 1710 1806 1749; x_wconf 90' lang='lat' dir='ltr'><strong>ac</strong></span> <span class='ocrx_word' id='word_1_210' title='bbox 1830 1695 2131 1764; x_wconf 73' lang='lat' dir='ltr'><strong>disciplinae</strong></span> <span class='ocrx_word' id='word_1_211' title='bbox 2158 1695 2551 1767; x_wconf 84' lang='lat' dir='ltr'><strong>interpretandi</strong></span> <span class='ocrx_word' id='word_1_212' title='bbox 2576 1698 2629 1752; x_wconf 91' lang='lat' dir='ltr'><strong>in</strong></span> <span class='ocrx_word' id='word_1_213' title='bbox 2661 1697 3013 1768; x_wconf 83' lang='lat' dir='ltr'><strong>allegoricum</strong></span> <span class='ocrx_word' id='word_1_214' title='bbox 3039 1711 3261 1753; x_wconf 86' lang='lat' dir='ltr'><strong>sensum</strong></span> <span class='ocrx_word' id='word_1_215' title='bbox 3312 1693 3557 1765; x_wconf 67' lang='lat' dir='ltr'><strong>psalmos</strong></span> 
     </span>
    </p>
   </div>
   <div class='ocr_carea' id='block_1_19' title="bbox 293 1783 2152 1858">
    <p class='ocr_par' dir='ltr' id='par_1_19' title="bbox 293 1783 2152 1858">
     <span class='ocr_line' id='line_1_19' title="bbox 293 1783 2152 1858; baseline -0.001 -16"><span class='ocrx_word' id='word_1_216' title='bbox 293 1786 741 1858; x_wconf 87' lang='lat' dir='ltr'><strong>psalmorumque</strong></span> <span class='ocrx_word' id='word_1_217' title='bbox 771 1786 958 1840; x_wconf 89' lang='lat' dir='ltr'><strong>titulos</strong></span> <span class='ocrx_word' id='word_1_218' title='bbox 987 1786 1042 1839; x_wconf 93' lang='lat' dir='ltr'><strong>in</strong></span> <span class='ocrx_word' id='word_1_219' title='bbox 1070 1784 1256 1839; x_wconf 87' lang='lat' dir='ltr'><strong>schola</strong></span> <span class='ocrx_word' id='word_1_220' title='bbox 1283 1783 1647 1838; x_wconf 77' lang='lat' dir='ltr'><strong>Alexandrina</strong></span> <span class='ocrx_word' id='word_1_221' title='bbox 1680 1784 1917 1838; x_wconf 88' lang='lat' dir='ltr'><strong>dubitari</strong></span> <span class='ocrx_word' id='word_1_222' title='bbox 1944 1786 2152 1856; x_wconf 88' lang='lat' dir='ltr'><strong>nequit.</strong></span> 
     </span>
    </p>
   </div>
   <div class='ocr_carea' id='block_1_20' title="bbox 364 1866 3548 1947">
    <p class='ocr_par' dir='ltr' id='par_1_20' title="bbox 364 1866 3548 1947">
     <span class='ocr_line' id='line_1_20' title="bbox 364 1866 3548 1947; baseline -0.001 -14"><span class='ocrx_word' id='word_1_223' title='bbox 364 1876 528 1934; x_wconf 75' lang='lat' dir='ltr'><strong>XV&quot;.</strong></span> <span class='ocrx_word' id='word_1_224' title='bbox 563 1875 704 1943; x_wconf 83' lang='lat' dir='ltr'><strong>Quin</strong></span> <span class='ocrx_word' id='word_1_225' title='bbox 733 1877 844 1931; x_wconf 91' lang='lat' dir='ltr'><strong>imo</strong></span> <span class='ocrx_word' id='word_1_226' title='bbox 875 1877 1033 1945; x_wconf 87' lang='lat' dir='ltr'><strong>longe</strong></span> <span class='ocrx_word' id='word_1_227' title='bbox 1054 1882 1179 1929; x_wconf 89' lang='lat' dir='ltr'><strong>ante</strong></span> <span class='ocrx_word' id='word_1_228' title='bbox 1204 1872 1444 1927; x_wconf 72' lang='lat' dir='ltr'><strong>Pantteni</strong></span> <span class='ocrx_word' id='word_1_229' title='bbox 1469 1912 1484 1936; x_wconf 93' lang='lat'><strong>,</strong></span> <span class='ocrx_word' id='word_1_230' title='bbox 1523 1872 1818 1929; x_wconf 80' lang='lat' dir='ltr'><strong>Clementis</strong></span> <span class='ocrx_word' id='word_1_231' title='bbox 1843 1880 1897 1927; x_wconf 89' lang='lat' dir='ltr'><strong>et</strong></span> <span class='ocrx_word' id='word_1_232' title='bbox 1924 1866 2174 1944; x_wconf 67' lang='lat' dir='ltr'><strong>Ofigenis</strong></span> <span class='ocrx_word' id='word_1_233' title='bbox 2200 1884 2413 1932; x_wconf 69' lang='lat' dir='ltr'><strong>aetatem</strong></span> <span class='ocrx_word' id='word_1_234' title='bbox 2433 1917 2448 1941; x_wconf 92' lang='lat'><strong>,</strong></span> <span class='ocrx_word' id='word_1_235' title='bbox 2475 1877 2571 1947; x_wconf 86' lang='lat' dir='ltr'><strong>qui</strong></span> <span class='ocrx_word' id='word_1_236' title='bbox 2599 1866 2928 1932; x_wconf 71' lang='lat' dir='ltr'><strong>successit/Is</strong></span> <span class='ocrx_word' id='word_1_237' title='bbox 2957 1876 3295 1947; x_wconf 83' lang='lat' dir='ltr'><strong>temporibus</strong></span> <span class='ocrx_word' id='word_1_238' title='bbox 3324 1874 3548 1930; x_wconf 80' lang='lat' dir='ltr'><strong>Alexan-</strong></span> 
     </span>
    </p>
   </div>
   <div class='ocr_carea' id='block_1_21' title="bbox 294 1961 3562 2037">
    <p class='ocr_par' dir='ltr' id='par_1_21' title="bbox 294 1961 3562 2037">
     <span class='ocr_line' id='line_1_21' title="bbox 294 1961 3562 2037; baseline -0.002 -13"><span class='ocrx_word' id='word_1_239' title='bbox 294 1968 507 2024; x_wconf 85' lang='lat' dir='ltr'><strong>drinam</strong></span> <span class='ocrx_word' id='word_1_240' title='bbox 532 1967 777 2024; x_wconf 80' lang='lat' dir='ltr'><strong>scholam</strong></span> <span class='ocrx_word' id='word_1_241' title='bbox 811 1971 1104 2030; x_wconf 76' lang='lat' dir='ltr'><strong>rexerant,</strong></span> <span class='ocrx_word' id='word_1_242' title='bbox 1134 1961 1455 2032; x_wconf 74' lang='lat' dir='ltr'><strong>allegoricus</strong></span> <span class='ocrx_word' id='word_1_243' title='bbox 1482 1974 1535 2015; x_wconf 83' lang='lat' dir='ltr'><strong>et</strong></span> <span class='ocrx_word' id='word_1_244' title='bbox 1565 1963 1824 2032; x_wconf 85' lang='lat' dir='ltr'><strong>mysticas</strong></span> <span class='ocrx_word' id='word_1_245' title='bbox 1849 1961 2259 2033; x_wconf 89' lang='lat' dir='ltr'><strong>Scripturarum</strong></span> <span class='ocrx_word' id='word_1_246' title='bbox 2299 1968 2670 2037; x_wconf 79' lang='lat' dir='ltr'><strong>expositiones</strong></span> <span class='ocrx_word' id='word_1_247' title='bbox 2717 1983 2820 2023; x_wconf 90' lang='lat' dir='ltr'><strong>usu</strong></span> <span class='ocrx_word' id='word_1_248' title='bbox 2868 1969 3012 2037; x_wconf 85' lang='lat' dir='ltr'><strong>apud</strong></span> <span class='ocrx_word' id='word_1_249' title='bbox 3053 1968 3399 2022; x_wconf 89' lang='lat' dir='ltr'><strong>Christianos</strong></span> <span class='ocrx_word' id='word_1_250' title='bbox 3435 1967 3562 2020; x_wconf 42' lang='lat' dir='ltr'><strong>Ales</strong></span> 
     </span>
    </p>
   </div>
   <div class='ocr_carea' id='block_1_22' title="bbox 294 2054 3555 2129">
    <p class='ocr_par' dir='ltr' id='par_1_22' title="bbox 294 2054 3555 2129">
     <span class='ocr_line' id='line_1_22' title="bbox 294 2054 3555 2129; baseline -0.003 -12"><span class='ocrx_word' id='word_1_251' title='bbox 294 2062 594 2119; x_wconf 78' lang='lat' dir='ltr'><strong>xandrinos</strong></span> <span class='ocrx_word' id='word_1_252' title='bbox 622 2070 867 2129; x_wconf 85' lang='lat' dir='ltr'><strong>receptas</strong></span> <span class='ocrx_word' id='word_1_253' title='bbox 893 2055 1086 2121; x_wconf 91' lang='lat' dir='ltr'><strong>fuisse,</strong></span> <span class='ocrx_word' id='word_1_254' title='bbox 1114 2054 1426 2110; x_wconf 88' lang='lat' dir='ltr'><strong>testimonio</strong></span> <span class='ocrx_word' id='word_1_255' title='bbox 1448 2068 1569 2109; x_wconf 85' lang='lat' dir='ltr'><strong>esse</strong></span> <span class='ocrx_word' id='word_1_256' title='bbox 1600 2061 1853 2124; x_wconf 89' lang='lat' dir='ltr'><strong>possunt,</strong></span> <span class='ocrx_word' id='word_1_257' title='bbox 1874 2070 1995 2124; x_wconf 73' lang='lat' dir='ltr'><strong>qua:</strong></span> <span class='ocrx_word' id='word_1_258' title='bbox 2023 2057 2303 2112; x_wconf 74' lang='lat' dir='ltr'><strong>memoria:</strong></span> <span class='ocrx_word' id='word_1_259' title='bbox 2330 2057 2671 2128; x_wconf 87' lang='lat' dir='ltr'><strong>posteritatis</strong></span> <span class='ocrx_word' id='word_1_260' title='bbox 2692 2056 2893 2111; x_wconf 87' lang='lat' dir='ltr'><strong>tradita</strong></span> <span class='ocrx_word' id='word_1_261' title='bbox 2919 2067 3048 2112; x_wconf 88' lang='lat' dir='ltr'><strong>sunt</strong></span> <span class='ocrx_word' id='word_1_262' title='bbox 3075 2058 3143 2113; x_wconf 92' lang='lat' dir='ltr'><strong>de</strong></span> <span class='ocrx_word' id='word_1_263' title='bbox 3171 2055 3555 2124; x_wconf 73' lang='lat' dir='ltr'><strong>Therapeutis.</strong></span> 
     </span>
    </p>
   </div>
   <div class='ocr_carea' id='block_1_23' title="bbox 292 2145 3557 2224">
    <p class='ocr_par' dir='ltr' id='par_1_23' title="bbox 292 2145 3557 2224">
     <span class='ocr_line' id='line_1_23' title="bbox 292 2145 3557 2224; baseline -0.002 -14"><span class='ocrx_word' id='word_1_264' title='bbox 292 2169 530 2224; x_wconf 83' lang='lat' dir='ltr'><strong>quorum</strong></span> <span class='ocrx_word' id='word_1_265' title='bbox 557 2151 778 2206; x_wconf 86' lang='lat' dir='ltr'><strong>nomine</strong></span> <span class='ocrx_word' id='word_1_266' title='bbox 801 2157 1009 2204; x_wconf 89' lang='lat' dir='ltr'><strong>veteres</strong></span> <span class='ocrx_word' id='word_1_267' title='bbox 1034 2148 1157 2202; x_wconf 90' lang='lat' dir='ltr'><strong>illos</strong></span> <span class='ocrx_word' id='word_1_268' title='bbox 1177 2145 1524 2202; x_wconf 87' lang='lat' dir='ltr'><strong>Christianos</strong></span> <span class='ocrx_word' id='word_1_269' title='bbox 1547 2146 1710 2201; x_wconf 84' lang='lat' dir='ltr'><strong>Marci</strong></span> <span class='ocrx_word' id='word_1_270' title='bbox 1730 2149 2076 2217; x_wconf 72' lang='lat' dir='ltr'><strong>evangelista:</strong></span> <span class='ocrx_word' id='word_1_271' title='bbox 2095 2149 2399 2220; x_wconf 87' lang='lat' dir='ltr'><strong>discipulos</strong></span> <span class='ocrx_word' id='word_1_272' title='bbox 2424 2150 2759 2222; x_wconf 74' lang='lat' dir='ltr'><strong>signiﬁcatos</strong></span> <span class='ocrx_word' id='word_1_273' title='bbox 2786 2150 2960 2205; x_wconf 89' lang='lat' dir='ltr'><strong>fuisse</strong></span> <span class='ocrx_word' id='word_1_274' title='bbox 2977 2151 3185 2220; x_wconf 91' lang='lat' dir='ltr'><strong>antiqui</strong></span> <span class='ocrx_word' id='word_1_275' title='bbox 3212 2148 3401 2205; x_wconf 82' lang='lat' dir='ltr'><strong>Patres</strong></span> <span class='ocrx_word' id='word_1_276' title='bbox 3420 2146 3557 2219; x_wconf 70' lang='grc'><strong>(26),</strong></span> 
     </span>
    </p>
   </div>
   <div class='ocr_carea' id='block_1_24' title="bbox 294 2239 3559 2316">
    <p class='ocr_par' dir='ltr' id='par_1_24' title="bbox 294 2239 3559 2316">
     <span class='ocr_line' id='line_1_24' title="bbox 294 2239 3559 2316; baseline -0.002 -15"><span class='ocrx_word' id='word_1_277' title='bbox 294 2257 350 2301; x_wconf 85' lang='lat' dir='ltr'><strong>et</strong></span> <span class='ocrx_word' id='word_1_278' title='bbox 378 2248 563 2316; x_wconf 86' lang='lat' dir='ltr'><strong>plures</strong></span> <span class='ocrx_word' id='word_1_279' title='bbox 596 2260 659 2300; x_wconf 81' lang='lat' dir='ltr'><strong>ex</strong></span> <span class='ocrx_word' id='word_1_280' title='bbox 692 2241 1092 2297; x_wconf 89' lang='lat' dir='ltr'><strong>recentioribus</strong></span> <span class='ocrx_word' id='word_1_281' title='bbox 1115 2239 1474 2309; x_wconf 83' lang='lat' dir='ltr'><strong>scriptoribus</strong></span> <span class='ocrx_word' id='word_1_282' title='bbox 1502 2241 1909 2294; x_wconf 80' lang='lat' dir='ltr'><strong>existimarunt.</strong></span> <span class='ocrx_word' id='word_1_283' title='bbox 1944 2240 2123 2299; x_wconf 85' lang='lat' dir='ltr'><strong>Mores</strong></span> <span class='ocrx_word' id='word_1_284' title='bbox 2160 2244 2304 2297; x_wconf 93' lang='lat' dir='ltr'><strong>enim</strong></span> <span class='ocrx_word' id='word_1_285' title='bbox 2326 2284 2342 2309; x_wconf 91' lang='lat'><strong>,</strong></span> <span class='ocrx_word' id='word_1_286' title='bbox 2391 2254 2443 2297; x_wconf 90' lang='lat' dir='ltr'><strong>et</strong></span> <span class='ocrx_word' id='word_1_287' title='bbox 2468 2243 2743 2311; x_wconf 70' lang='lat' dir='ltr'><strong>linstituta</strong></span> <span class='ocrx_word' id='word_1_288' title='bbox 2793 2242 3261 2313; x_wconf 88' lang='lat' dir='ltr'><strong>Therapeutarum</strong></span> <span class='ocrx_word' id='word_1_289' title='bbox 3316 2241 3559 2296; x_wconf 88' lang='lat' dir='ltr'><strong>referens</strong></span> 
     </span>
    </p>
   </div>
   <div class='ocr_carea' id='block_1_25' title="bbox 295 2330 3561 2409">
    <p class='ocr_par' dir='ltr' id='par_1_25' title="bbox 295 2330 3561 2409">
     <span class='ocr_line' id='line_1_25' title="bbox 295 2330 3561 2409; baseline -0.003 -15"><span class='ocrx_word' id='word_1_290' title='bbox 295 2340 451 2394; x_wconf 85' lang='lat' dir='ltr'><strong>Philo</strong></span> <span class='ocrx_word' id='word_1_291' title='bbox 483 2339 629 2409; x_wconf 73' lang='lat'><strong>(27):</strong></span> <span class='ocrx_word' id='word_1_292' title='bbox 667 2356 686 2389; x_wconf 72' lang='grc' dir='ltr'>ι</span> <span class='ocrx_word' id='word_1_293' title='bbox 715 2335 909 2389; x_wconf 83' lang='lat' dir='ltr'><strong>Totum</strong></span> <span class='ocrx_word' id='word_1_294' title='bbox 937 2347 1099 2399; x_wconf 87' lang='lat' dir='ltr'><strong>vero,</strong></span> <span class='ocrx_word' id='word_1_295' title='bbox 1125 2331 1332 2401; x_wconf 85' lang='lat' dir='ltr'><strong>inquit,</strong></span> <span class='ocrx_word' id='word_1_296' title='bbox 1363 2331 1468 2386; x_wconf 89' lang='lat' dir='ltr'><strong>diei</strong></span> <span class='ocrx_word' id='word_1_297' title='bbox 1498 2332 1766 2400; x_wconf 85' lang='lat' dir='ltr'><strong>spatium,</strong></span> <span class='ocrx_word' id='word_1_298' title='bbox 1793 2333 1939 2401; x_wconf 89' lang='lat' dir='ltr'><strong>quod</strong></span> <span class='ocrx_word' id='word_1_299' title='bbox 1970 2334 2040 2388; x_wconf 90' lang='lat' dir='ltr'><strong>ab</strong></span> <span class='ocrx_word' id='word_1_300' title='bbox 2064 2343 2182 2388; x_wconf 85' lang='lat' dir='ltr'><strong>ortu</strong></span> <span class='ocrx_word' id='word_1_301' title='bbox 2212 2330 2342 2389; x_wconf 85' lang='lat' dir='ltr'><strong>solis</strong></span> <span class='ocrx_word' id='word_1_302' title='bbox 2371 2334 2439 2389; x_wconf 90' lang='lat' dir='ltr'><strong>ad</strong></span> <span class='ocrx_word' id='word_1_303' title='bbox 2471 2349 2754 2404; x_wconf 87' lang='lat' dir='ltr'><strong>vesperum</strong></span> <span class='ocrx_word' id='word_1_304' title='bbox 2788 2336 3091 2404; x_wconf 81' lang='lat' dir='ltr'><strong>interjacet,</strong></span> <span class='ocrx_word' id='word_1_305' title='bbox 3129 2336 3181 2389; x_wconf 93' lang='lat' dir='ltr'><strong>in</strong></span> <span class='ocrx_word' id='word_1_306' title='bbox 3215 2333 3561 2389; x_wconf 86' lang='lat' dir='ltr'><strong>meditatione</strong></span> 
     </span>
    </p>
   </div>
   <div class='ocr_carea' id='block_1_26' title="bbox 295 2425 3559 2504">
    <p class='ocr_par' dir='ltr' id='par_1_26' title="bbox 295 2425 3559 2504">
     <span class='ocr_line' id='line_1_26' title="bbox 295 2425 3559 2504; baseline -0.003 -16"><span class='ocrx_word' id='word_1_307' title='bbox 295 2434 657 2504; x_wconf 63' lang='lat' dir='ltr'><strong>philosophiae</strong></span> <span class='ocrx_word' id='word_1_308' title='bbox 687 2432 998 2486; x_wconf 87' lang='lat' dir='ltr'><strong>traducunt.</strong></span> <span class='ocrx_word' id='word_1_309' title='bbox 1035 2426 1200 2481; x_wconf 85' lang='lat' dir='ltr'><strong>Sacra</strong></span> <span class='ocrx_word' id='word_1_310' title='bbox 1226 2427 1371 2480; x_wconf 91' lang='lat' dir='ltr'><strong>enim</strong></span> <span class='ocrx_word' id='word_1_311' title='bbox 1403 2426 1681 2480; x_wconf 78' lang='lat' dir='ltr'><strong>volumina</strong></span> <span class='ocrx_word' id='word_1_312' title='bbox 1709 2426 2016 2482; x_wconf 89' lang='lat' dir='ltr'><strong>lectitantes</strong></span> <span class='ocrx_word' id='word_1_313' title='bbox 2052 2426 2513 2497; x_wconf 86' lang='lat' dir='ltr'><strong>philosophantur</strong></span> <span class='ocrx_word' id='word_1_314' title='bbox 2537 2442 2689 2483; x_wconf 89' lang='lat' dir='ltr'><strong>more</strong></span> <span class='ocrx_word' id='word_1_315' title='bbox 2720 2429 2895 2497; x_wconf 86' lang='lat' dir='ltr'><strong>patrio</strong></span> <span class='ocrx_word' id='word_1_316' title='bbox 2924 2437 3188 2498; x_wconf 62' lang='lat' dir='ltr'><strong>praacepta</strong></span> <span class='ocrx_word' id='word_1_317' title='bbox 3224 2425 3504 2495; x_wconf 74' lang='lat' dir='ltr'><strong>sapientia:</strong></span> <span class='ocrx_word' id='word_1_318' title='bbox 3527 2436 3559 2476; x_wconf 68' lang='grc' dir='ltr'><strong>θ</strong></span> 
     </span>
    </p>
   </div>
   <div class='ocr_carea' id='block_1_27' title="bbox 294 2518 3561 2598">
    <p class='ocr_par' dir='ltr' id='par_1_27' title="bbox 294 2518 3561 2598">
     <span class='ocr_line' id='line_1_27' title="bbox 294 2518 3561 2598; baseline -0.003 -15"><span class='ocrx_word' id='word_1_319' title='bbox 294 2527 598 2598; x_wconf 83' lang='lat' dir='ltr'><strong>majoribus</strong></span> <span class='ocrx_word' id='word_1_320' title='bbox 629 2525 825 2581; x_wconf 88' lang='lat' dir='ltr'><strong>tradita</strong></span> <span class='ocrx_word' id='word_1_321' title='bbox 852 2522 1143 2593; x_wconf 81' lang='lat' dir='ltr'><strong>allegorice</strong></span> <span class='ocrx_word' id='word_1_322' title='bbox 1163 2519 1506 2590; x_wconf 73' lang='lat' dir='ltr'><strong>eitplicando.</strong></span> <span class='ocrx_word' id='word_1_323' title='bbox 1540 2518 1751 2589; x_wconf 82' lang='lat' dir='ltr'><strong>Quippe</strong></span> <span class='ocrx_word' id='word_1_324' title='bbox 1779 2518 2096 2574; x_wconf 82' lang='lat' dir='ltr'><strong>existimant</strong></span> <span class='ocrx_word' id='word_1_325' title='bbox 2121 2519 2281 2573; x_wconf 86' lang='lat' dir='ltr'><strong>verba</strong></span> <span class='ocrx_word' id='word_1_326' title='bbox 2316 2520 2434 2590; x_wconf 86' lang='lat' dir='ltr'><strong>ipsa</strong></span> <span class='ocrx_word' id='word_1_327' title='bbox 2464 2520 2600 2574; x_wconf 86' lang='lat' dir='ltr'><strong>nihil</strong></span> <span class='ocrx_word' id='word_1_328' title='bbox 2643 2520 2791 2575; x_wconf 87' lang='lat' dir='ltr'><strong>aliud</strong></span> <span class='ocrx_word' id='word_1_329' title='bbox 2835 2535 2958 2575; x_wconf 89' lang='lat' dir='ltr'><strong>esse</strong></span> <span class='ocrx_word' id='word_1_330' title='bbox 3003 2535 3167 2589; x_wconf 86' lang='lat' dir='ltr'><strong>quam</strong></span> <span class='ocrx_word' id='word_1_331' title='bbox 3198 2518 3464 2587; x_wconf 78' lang='lat' dir='ltr'><strong>imagines</strong></span> <span class='ocrx_word' id='word_1_332' title='bbox 3504 2532 3561 2579; x_wconf 77' lang='lat' dir='ltr'><strong>et</strong></span> 
     </span>
    </p>
   </div>
   <div class='ocr_carea' id='block_1_28' title="bbox 294 2609 3558 2693">
    <p class='ocr_par' dir='ltr' id='par_1_28' title="bbox 294 2609 3558 2693">
     <span class='ocr_line' id='line_1_28' title="bbox 294 2609 3558 2693; baseline -0.003 -17"><span class='ocrx_word' id='word_1_333' title='bbox 294 2622 451 2693; x_wconf 87' lang='lat' dir='ltr'><strong>signa</strong></span> <span class='ocrx_word' id='word_1_334' title='bbox 486 2635 669 2674; x_wconf 88' lang='lat' dir='ltr'><strong>rerum</strong></span> <span class='ocrx_word' id='word_1_335' title='bbox 700 2617 1007 2673; x_wconf 88' lang='lat' dir='ltr'><strong>abditarum</strong></span> <span class='ocrx_word' id='word_1_336' title='bbox 1033 2654 1048 2680; x_wconf 91' lang='lat'><strong>,</strong></span> <span class='ocrx_word' id='word_1_337' title='bbox 1080 2628 1204 2683; x_wconf 80' lang='lat' dir='ltr'><strong>quae</strong></span> <span class='ocrx_word' id='word_1_338' title='bbox 1237 2626 1331 2682; x_wconf 91' lang='lat' dir='ltr'><strong>per</strong></span> <span class='ocrx_word' id='word_1_339' title='bbox 1368 2611 1656 2682; x_wconf 79' lang='lat' dir='ltr'><strong>allegorias</strong></span> <span class='ocrx_word' id='word_1_340' title='bbox 1681 2609 2021 2665; x_wconf 72' lang='lat' dir='ltr'><strong>dec&#39;arandae</strong></span> <span class='ocrx_word' id='word_1_341' title='bbox 2054 2621 2201 2666; x_wconf 89' lang='lat' dir='ltr'><strong>sunt.</strong></span> <span class='ocrx_word' id='word_1_342' title='bbox 2242 2611 2382 2667; x_wconf 88' lang='lat' dir='ltr'><strong>Sunt</strong></span> <span class='ocrx_word' id='word_1_343' title='bbox 2411 2612 2574 2667; x_wconf 91' lang='lat' dir='ltr'><strong>ctiam</strong></span> <span class='ocrx_word' id='word_1_344' title='bbox 2606 2611 2749 2682; x_wconf 91' lang='lat' dir='ltr'><strong>apud</strong></span> <span class='ocrx_word' id='word_1_345' title='bbox 2774 2626 2871 2667; x_wconf 88' lang='lat' dir='ltr'><strong>eos</strong></span> <span class='ocrx_word' id='word_1_346' title='bbox 2897 2611 3277 2666; x_wconf 89' lang='lat' dir='ltr'><strong>commentarii</strong></span> <span class='ocrx_word' id='word_1_347' title='bbox 3313 2619 3558 2665; x_wconf 79' lang='lat' dir='ltr'><strong>veterum</strong></span> 
     </span>
    </p>
   </div>
   <div class='ocr_carea' id='block_1_29' title="bbox 293 2704 3559 2786">
    <p class='ocr_par' dir='ltr' id='par_1_29' title="bbox 293 2704 3559 2786">
     <span class='ocr_line' id='line_1_29' title="bbox 293 2704 3559 2786; baseline -0.003 -16"><span class='ocrx_word' id='word_1_348' title='bbox 293 2715 683 2786; x_wconf 86' lang='lat' dir='ltr'><strong>quorumdam,</strong></span> <span class='ocrx_word' id='word_1_349' title='bbox 711 2714 803 2783; x_wconf 89' lang='lat' dir='ltr'><strong>qui</strong></span> <span class='ocrx_word' id='word_1_350' title='bbox 830 2721 992 2768; x_wconf 71' lang='lat' dir='ltr'><strong>sectae</strong></span> <span class='ocrx_word' id='word_1_351' title='bbox 1018 2709 1164 2763; x_wconf 91' lang='lat' dir='ltr'><strong>illius</strong></span> <span class='ocrx_word' id='word_1_352' title='bbox 1187 2715 1440 2761; x_wconf 89' lang='lat' dir='ltr'><strong>auctores</strong></span> <span class='ocrx_word' id='word_1_353' title='bbox 1464 2705 1868 2774; x_wconf 89' lang='lat' dir='ltr'><strong>quamplurima</strong></span> <span class='ocrx_word' id='word_1_354' title='bbox 1893 2704 1975 2759; x_wconf 89' lang='lat' dir='ltr'><strong>eis</strong></span> <span class='ocrx_word' id='word_1_355' title='bbox 1998 2716 2353 2760; x_wconf 88' lang='lat' dir='ltr'><strong>monumenta</strong></span> <span class='ocrx_word' id='word_1_356' title='bbox 2378 2706 2644 2761; x_wconf 68' lang='lat' dir='ltr'><strong>doc-trime</strong></span> <span class='ocrx_word' id='word_1_357' title='bbox 2674 2706 2840 2771; x_wconf 91' lang='lat' dir='ltr'><strong>illius,</strong></span> <span class='ocrx_word' id='word_1_358' title='bbox 2868 2720 2989 2775; x_wconf 72' lang='lat' dir='ltr'><strong>qua:</strong></span> <span class='ocrx_word' id='word_1_359' title='bbox 3013 2705 3066 2758; x_wconf 91' lang='lat' dir='ltr'><strong>in</strong></span> <span class='ocrx_word' id='word_1_360' title='bbox 3094 2704 3365 2774; x_wconf 84' lang='lat' dir='ltr'><strong>allegoriis</strong></span> <span class='ocrx_word' id='word_1_361' title='bbox 3386 2704 3559 2773; x_wconf 85' lang='lat' dir='ltr'><strong>posita</strong></span> 
     </span>
    </p>
   </div>
   <div class='ocr_carea' id='block_1_30' title="bbox 292 2796 3562 2877">
    <p class='ocr_par' dir='ltr' id='par_1_30' title="bbox 292 2796 3562 2877">
     <span class='ocr_line' id='line_1_30' title="bbox 292 2796 3562 2877; baseline -0.003 -16"><span class='ocrx_word' id='word_1_362' title='bbox 292 2822 398 2872; x_wconf 85' lang='lat' dir='ltr'><strong>est,</strong></span> <span class='ocrx_word' id='word_1_363' title='bbox 430 2806 789 2877; x_wconf 84' lang='lat' dir='ltr'><strong>reliquerunt.</strong></span> <span class='ocrx_word' id='word_1_364' title='bbox 817 2802 1031 2871; x_wconf 84' lang='lat' dir='ltr'><strong>Quibus</strong></span> <span class='ocrx_word' id='word_1_365' title='bbox 1054 2800 1142 2857; x_wconf 89' lang='lat' dir='ltr'><strong>isti</strong></span> <span class='ocrx_word' id='word_1_366' title='bbox 1177 2810 1438 2868; x_wconf 84' lang='lat' dir='ltr'><strong>tanquam</strong></span> <span class='ocrx_word' id='word_1_367' title='bbox 1468 2796 1874 2865; x_wconf 77' lang='lat' dir='ltr'><strong>exemplaribus</strong></span> <span class='ocrx_word' id='word_1_368' title='bbox 1905 2805 2118 2851; x_wconf 86' lang='lat' dir='ltr'><strong>utentes</strong></span> <span class='ocrx_word' id='word_1_369' title='bbox 2147 2813 2355 2852; x_wconf 89' lang='lat' dir='ltr'><strong>morem</strong></span> <span class='ocrx_word' id='word_1_370' title='bbox 2379 2798 3313 2869; x_wconf 67' lang='lat' dir='ltr'><strong>huncinstitutumqueimitantur.t</strong></span> <span class='ocrx_word' id='word_1_371' title='bbox 3342 2797 3422 2851; x_wconf 79' lang='lat' dir='ltr'><strong>Ad</strong></span> <span class='ocrx_word' id='word_1_372' title='bbox 3446 2797 3562 2851; x_wconf 66' lang='lat' dir='ltr'><strong>haec</strong></span> 
     </span>
    </p>
   </div>
   <div class='ocr_carea' id='block_1_31' title="bbox 294 2888 3565 2962">
    <p class='ocr_par' dir='ltr' id='par_1_31' title="bbox 294 2888 3565 2962">
     <span class='ocr_line' id='line_1_31' title="bbox 294 2888 3565 2962; baseline -0.003 -7"><span class='ocrx_word' id='word_1_373' title='bbox 294 2911 476 2957; x_wconf 87' lang='lat' dir='ltr'><strong>autem</strong></span> <span class='ocrx_word' id='word_1_374' title='bbox 504 2900 745 2955; x_wconf 85' lang='lat' dir='ltr'><strong>Philonis</strong></span> <span class='ocrx_word' id='word_1_375' title='bbox 769 2899 935 2954; x_wconf 88' lang='lat' dir='ltr'><strong>verba</strong></span> <span class='ocrx_word' id='word_1_376' title='bbox 961 2896 1090 2951; x_wconf 89' lang='lat' dir='ltr'><strong>talia</strong></span> <span class='ocrx_word' id='word_1_377' title='bbox 1112 2894 1292 2951; x_wconf 85' lang='lat' dir='ltr'><strong>subdit</strong></span> <span class='ocrx_word' id='word_1_378' title='bbox 1309 2890 1580 2947; x_wconf 86' lang='lat' dir='ltr'><strong>Eusebius</strong></span> <span class='ocrx_word' id='word_1_379' title='bbox 1598 2889 1742 2962; x_wconf 70' lang='lat'><strong>(28):</strong></span> <span class='ocrx_word' id='word_1_380' title='bbox 1770 2909 1788 2941; x_wconf 72' lang='lat' dir='ltr'><strong>r</strong></span> <span class='ocrx_word' id='word_1_381' title='bbox 1816 2888 1939 2944; x_wconf 64' lang='lat' dir='ltr'><strong>Haec</strong></span> <span class='ocrx_word' id='word_1_382' title='bbox 1963 2899 2106 2945; x_wconf 88' lang='lat' dir='ltr'><strong>certe</strong></span> <span class='ocrx_word' id='word_1_383' title='bbox 2130 2891 2199 2945; x_wconf 90' lang='lat' dir='ltr'><strong>ab</strong></span> <span class='ocrx_word' id='word_1_384' title='bbox 2219 2906 2283 2944; x_wconf 86' lang='lat' dir='ltr'><strong>eo</strong></span> <span class='ocrx_word' id='word_1_385' title='bbox 2303 2891 2523 2946; x_wconf 88' lang='lat' dir='ltr'><strong>homine</strong></span> <span class='ocrx_word' id='word_1_386' title='bbox 2545 2892 2687 2946; x_wconf 91' lang='lat' dir='ltr'><strong>dicta</strong></span> <span class='ocrx_word' id='word_1_387' title='bbox 2706 2892 2982 2956; x_wconf 89' lang='lat' dir='ltr'><strong>videntur,</strong></span> <span class='ocrx_word' id='word_1_388' title='bbox 3012 2892 3106 2962; x_wconf 85' lang='lat' dir='ltr'><strong>qui</strong></span> <span class='ocrx_word' id='word_1_389' title='bbox 3130 2900 3347 2946; x_wconf 89' lang='lat' dir='ltr'><strong>nostras</strong></span> <span class='ocrx_word' id='word_1_390' title='bbox 3375 2905 3565 2947; x_wconf 79' lang='lat' dir='ltr'><strong>sacras</strong></span> 
     </span>
    </p>
   </div>
   <div class='ocr_carea' id='block_1_32' title="bbox 294 2982 3561 3062">
    <p class='ocr_par' dir='ltr' id='par_1_32' title="bbox 294 2982 3561 3062">
     <span class='ocr_line' id='line_1_32' title="bbox 294 2982 3561 3062; baseline -0.003 -14"><span class='ocrx_word' id='word_1_391' title='bbox 294 2992 507 3048; x_wconf 87' lang='lat' dir='ltr'><strong>litteras</strong></span> <span class='ocrx_word' id='word_1_392' title='bbox 539 3001 872 3062; x_wconf 82' lang='lat' dir='ltr'><strong>exponentes</strong></span> <span class='ocrx_word' id='word_1_393' title='bbox 903 2988 1191 3044; x_wconf 71' lang='lat' dir='ltr'><strong>audiverit.</strong></span> <span class='ocrx_word' id='word_1_394' title='bbox 1220 2984 1371 3052; x_wconf 89' lang='lat' dir='ltr'><strong>Quos</strong></span> <span class='ocrx_word' id='word_1_395' title='bbox 1410 2995 1593 3038; x_wconf 86' lang='lat' dir='ltr'><strong>autem</strong></span> <span class='ocrx_word' id='word_1_396' title='bbox 1616 3021 1631 3046; x_wconf 93' lang='lat'><strong>,</strong></span> <span class='ocrx_word' id='word_1_397' title='bbox 1669 2982 1777 3048; x_wconf 85' lang='lat' dir='ltr'><strong>ait,</strong></span> <span class='ocrx_word' id='word_1_398' title='bbox 1812 2997 1981 3052; x_wconf 88' lang='lat' dir='ltr'><strong>penes</strong></span> <span class='ocrx_word' id='word_1_399' title='bbox 2028 2983 2151 3038; x_wconf 89' lang='lat' dir='ltr'><strong>illos</strong></span> <span class='ocrx_word' id='word_1_400' title='bbox 2191 2982 2361 3038; x_wconf 83' lang='lat' dir='ltr'><strong>fuisse</strong></span> <span class='ocrx_word' id='word_1_401' title='bbox 2405 2994 2648 3039; x_wconf 83' lang='lat' dir='ltr'><strong>veterum</strong></span> <span class='ocrx_word' id='word_1_402' title='bbox 2689 2983 3054 3054; x_wconf 86' lang='lat' dir='ltr'><strong>quorumdam</strong></span> <span class='ocrx_word' id='word_1_403' title='bbox 3102 2984 3561 3041; x_wconf 69' lang='lat' dir='ltr'><strong>commentarios.</strong></span> 
     </span>
    </p>
   </div>
   <div class='ocr_carea' id='block_1_33' title="bbox 293 3073 3560 3152">
    <p class='ocr_par' dir='ltr' id='par_1_33' title="bbox 293 3073 3560 3152">
     <span class='ocr_line' id='line_1_33' title="bbox 293 3073 3560 3152; baseline -0.003 -13"><span class='ocrx_word' id='word_1_404' title='bbox 293 3085 594 3142; x_wconf 71' lang='lat' dir='ltr'><strong>verisimile</strong></span> <span class='ocrx_word' id='word_1_405' title='bbox 623 3093 741 3148; x_wconf 90' lang='lat' dir='ltr'><strong>est,</strong></span> <span class='ocrx_word' id='word_1_406' title='bbox 766 3084 882 3152; x_wconf 89' lang='lat' dir='ltr'><strong>ipsa</strong></span> <span class='ocrx_word' id='word_1_407' title='bbox 911 3096 1033 3138; x_wconf 88' lang='lat' dir='ltr'><strong>esse</strong></span> <span class='ocrx_word' id='word_1_408' title='bbox 1066 3078 1356 3148; x_wconf 81' lang='lat' dir='ltr'><strong>Evangelia</strong></span> <span class='ocrx_word' id='word_1_409' title='bbox 1379 3119 1393 3143; x_wconf 91' lang='lat'><strong>,</strong></span> <span class='ocrx_word' id='word_1_410' title='bbox 1426 3084 1480 3130; x_wconf 90' lang='lat' dir='ltr'><strong>et</strong></span> <span class='ocrx_word' id='word_1_411' title='bbox 1503 3073 1873 3144; x_wconf 89' lang='lat' dir='ltr'><strong>apostolorum</strong></span> <span class='ocrx_word' id='word_1_412' title='bbox 1910 3073 2114 3144; x_wconf 89' lang='lat' dir='ltr'><strong>scripta</strong></span> <span class='ocrx_word' id='word_1_413' title='bbox 2134 3113 2150 3139; x_wconf 94' lang='lat'><strong>,</strong></span> <span class='ocrx_word' id='word_1_414' title='bbox 2186 3086 2238 3128; x_wconf 84' lang='lat' dir='ltr'><strong>et</strong></span> <span class='ocrx_word' id='word_1_415' title='bbox 2264 3076 2637 3145; x_wconf 85' lang='lat' dir='ltr'><strong>expositiones</strong></span> <span class='ocrx_word' id='word_1_416' title='bbox 2668 3076 2933 3147; x_wconf 89' lang='lat' dir='ltr'><strong>quasdam</strong></span> <span class='ocrx_word' id='word_1_417' title='bbox 2975 3085 3217 3130; x_wconf 78' lang='lat' dir='ltr'><strong>veterum</strong></span> <span class='ocrx_word' id='word_1_418' title='bbox 3267 3073 3560 3144; x_wconf 68' lang='lat' dir='ltr'><strong>propheta‘</strong></span> 
     </span>
    </p>
   </div>
   <div class='ocr_carea' id='block_1_34' title="bbox 293 3165 3557 3249">
    <p class='ocr_par' dir='ltr' id='par_1_34' title="bbox 293 3165 3557 3249">
     <span class='ocr_line' id='line_1_34' title="bbox 293 3165 3557 3249; baseline -0.006 -14"><span class='ocrx_word' id='word_1_419' title='bbox 293 3195 416 3235; x_wconf 60' lang='grc' dir='ltr'><strong>τις»</strong></span> <span class='ocrx_word' id='word_1_420' title='bbox 440 3197 453 3234; x_wconf 90' lang='lat'><strong>:</strong></span> <span class='ocrx_word' id='word_1_421' title='bbox 488 3177 795 3249; x_wconf 71' lang='lat' dir='ltr'><strong>cuiusmodi</strong></span> <span class='ocrx_word' id='word_1_422' title='bbox 823 3177 1009 3245; x_wconf 83' lang='lat' dir='ltr'><strong>plures</strong></span> <span class='ocrx_word' id='word_1_423' title='bbox 1035 3183 1148 3228; x_wconf 91' lang='lat' dir='ltr'><strong>tum</strong></span> <span class='ocrx_word' id='word_1_424' title='bbox 1177 3172 1231 3225; x_wconf 91' lang='lat' dir='ltr'><strong>in</strong></span> <span class='ocrx_word' id='word_1_425' title='bbox 1266 3169 1388 3224; x_wconf 90' lang='lat' dir='ltr'><strong>aliis</strong></span> <span class='ocrx_word' id='word_1_426' title='bbox 1417 3166 1573 3221; x_wconf 88' lang='lat' dir='ltr'><strong>Pauli</strong></span> <span class='ocrx_word' id='word_1_427' title='bbox 1608 3165 1892 3236; x_wconf 88' lang='lat' dir='ltr'><strong>Epistolis,</strong></span> <span class='ocrx_word' id='word_1_428' title='bbox 1924 3176 2042 3222; x_wconf 91' lang='lat' dir='ltr'><strong>tum</strong></span> <span class='ocrx_word' id='word_1_429' title='bbox 2072 3168 2125 3223; x_wconf 94' lang='lat' dir='ltr'><strong>in</strong></span> <span class='ocrx_word' id='word_1_430' title='bbox 2157 3166 2246 3220; x_wconf 90' lang='lat' dir='ltr'><strong>illa</strong></span> <span class='ocrx_word' id='word_1_431' title='bbox 2269 3183 2391 3236; x_wconf 81' lang='lat' dir='ltr'><strong>quae</strong></span> <span class='ocrx_word' id='word_1_432' title='bbox 2418 3167 2484 3222; x_wconf 89' lang='lat' dir='ltr'><strong>ad</strong></span> <span class='ocrx_word' id='word_1_433' title='bbox 2509 3166 2764 3223; x_wconf 64' lang='lat' dir='ltr'><strong>Hebraeos</strong></span> <span class='ocrx_word' id='word_1_434' title='bbox 2791 3170 2991 3238; x_wconf 88' lang='lat' dir='ltr'><strong>scripta</strong></span> <span class='ocrx_word' id='word_1_435' title='bbox 3012 3175 3115 3233; x_wconf 86' lang='lat' dir='ltr'><strong>est,</strong></span> <span class='ocrx_word' id='word_1_436' title='bbox 3146 3166 3511 3225; x_wconf 88' lang='lat' dir='ltr'><strong>continentur.</strong></span> <span class='ocrx_word' id='word_1_437' title='bbox 3535 3184 3557 3216; x_wconf 71' lang='grc' dir='ltr'><strong><em>ι</em></strong></span> 
     </span>
    </p>
   </div>
   <div class='ocr_carea' id='block_1_35' title="bbox 292 3256 3564 3333">
    <p class='ocr_par' dir='ltr' id='par_1_35' title="bbox 292 3256 3564 3333">
     <span class='ocr_line' id='line_1_35' title="bbox 292 3256 3564 3333; baseline -0.007 -6"><span class='ocrx_word' id='word_1_438' title='bbox 292 3272 360 3327; x_wconf 82' lang='lat' dir='ltr'><strong>At</strong></span> <span class='ocrx_word' id='word_1_439' title='bbox 385 3271 533 3326; x_wconf 86' lang='lat' dir='ltr'><strong>enim</strong></span> <span class='ocrx_word' id='word_1_440' title='bbox 562 3269 829 3325; x_wconf 82' lang='lat' dir='ltr'><strong>Henricus</strong></span> <span class='ocrx_word' id='word_1_441' title='bbox 854 3265 1105 3321; x_wconf 82' lang='lat' dir='ltr'><strong>Valesius</strong></span> <span class='ocrx_word' id='word_1_442' title='bbox 1128 3270 1312 3319; x_wconf 85' lang='lat' dir='ltr'><strong>censet</strong></span> <span class='ocrx_word' id='word_1_443' title='bbox 1342 3261 1513 3315; x_wconf 87' lang='lat' dir='ltr'><strong>libros</strong></span> <span class='ocrx_word' id='word_1_444' title='bbox 1540 3256 1676 3312; x_wconf 89' lang='lat' dir='ltr'><strong>Novi</strong></span> <span class='ocrx_word' id='word_1_445' title='bbox 1704 3256 2043 3313; x_wconf 87' lang='lat' dir='ltr'><strong>Testamenti</strong></span> <span class='ocrx_word' id='word_1_446' title='bbox 2078 3273 2108 3312; x_wconf 90' lang='lat' dir='ltr'><strong>a</strong></span> <span class='ocrx_word' id='word_1_447' title='bbox 2141 3256 2368 3313; x_wconf 83' lang='lat' dir='ltr'><strong>Philone</strong></span> <span class='ocrx_word' id='word_1_448' title='bbox 2407 3259 2552 3314; x_wconf 86' lang='lat' dir='ltr'><strong>haud</strong></span> <span class='ocrx_word' id='word_1_449' title='bbox 2584 3259 2881 3330; x_wconf 76' lang='lat' dir='ltr'><strong>signiﬁcari</strong></span> <span class='ocrx_word' id='word_1_450' title='bbox 2927 3260 3173 3333; x_wconf 85' lang='lat' dir='ltr'><strong>potuisse</strong></span> <span class='ocrx_word' id='word_1_451' title='bbox 3193 3300 3209 3323; x_wconf 91' lang='lat'><strong>,</strong></span> <span class='ocrx_word' id='word_1_452' title='bbox 3244 3272 3371 3312; x_wconf 88' lang='lat' dir='ltr'><strong>cum</strong></span> <span class='ocrx_word' id='word_1_453' title='bbox 3416 3256 3564 3311; x_wconf 81' lang='lat' dir='ltr'><strong>dicat</strong></span> 
     </span>
    </p>
   </div>
   <div class='ocr_carea' id='block_1_36' title="bbox 293 3348 1846 3436">
    <p class='ocr_par' dir='ltr' id='par_1_36' title="bbox 293 3349 1841 3436">
     <span class='ocr_line' id='line_1_36' title="bbox 293 3349 1841 3436; baseline -0.011 -16"><span class='ocrx_word' id='word_1_454' title='bbox 293 3365 703 3436; x_wconf 76' lang='grc' dir='ltr'><strong>συγγράμματα</strong></span> <span class='ocrx_word' id='word_1_455' title='bbox 735 3360 979 3416; x_wconf 82' lang='grc' dir='ltr'><strong>παλαιῶν</strong></span> <span class='ocrx_word' id='word_1_456' title='bbox 1008 3356 1237 3429; x_wconf 83' lang='grc' dir='ltr'><strong>ἀνδρῶν,</strong></span> <span class='ocrx_word' id='word_1_457' title='bbox 1261 3354 1452 3425; x_wconf 90' lang='lat' dir='ltr'><strong>quales</strong></span> <span class='ocrx_word' id='word_1_458' title='bbox 1480 3367 1587 3407; x_wconf 89' lang='lat' dir='ltr'><strong>non</strong></span> <span class='ocrx_word' id='word_1_459' title='bbox 1618 3361 1775 3406; x_wconf 86' lang='lat' dir='ltr'><strong>erant</strong></span> <span class='ocrx_word' id='word_1_460' title='bbox 1800 3349 1841 3403; x_wconf 91' lang='lat' dir='ltr'><strong>P</strong></span> 
     </span>
    </p>
   </div>
   <div class='ocr_carea' id='block_1_37' title="bbox 2008 3348 3561 3436">
    <p class='ocr_par' dir='ltr' id='par_1_37' title="bbox 2008 3348 3561 3422">
     <span class='ocr_line' id='line_1_37' title="bbox 2008 3348 3561 3422; baseline -0.001 -17"><span class='ocrx_word' id='word_1_461' title='bbox 2008 3351 2049 3405; x_wconf 90' lang='lat' dir='ltr'><strong>is</strong></span> <span class='ocrx_word' id='word_1_462' title='bbox 2077 3358 2235 3405; x_wconf 64' lang='lat' dir='ltr'><strong>relate</strong></span> <span class='ocrx_word' id='word_1_463' title='bbox 2262 3351 2495 3420; x_wconf 88' lang='lat' dir='ltr'><strong>apostoli</strong></span> <span class='ocrx_word' id='word_1_464' title='bbox 2515 3360 2569 3407; x_wconf 90' lang='lat' dir='ltr'><strong>et</strong></span> <span class='ocrx_word' id='word_1_465' title='bbox 2597 3352 2963 3422; x_wconf 62' lang='lat' dir='ltr'><strong>evangelista.</strong></span> <span class='ocrx_word' id='word_1_466' title='bbox 2987 3351 3102 3422; x_wconf 85' lang='lat' dir='ltr'><strong>Ego</strong></span> <span class='ocrx_word' id='word_1_467' title='bbox 3125 3360 3307 3407; x_wconf 85' lang='lat' dir='ltr'><strong>autem</strong></span> <span class='ocrx_word' id='word_1_468' title='bbox 3340 3348 3561 3411; x_wconf 77' lang='lat' dir='ltr'><strong>Eusebii</strong></span> 
     </span>
    </p>
   </div>
   <div class='ocr_carea' id='block_1_38' title="bbox 294 3446 3562 3527">
    <p class='ocr_par' dir='ltr' id='par_1_38' title="bbox 294 3446 3562 3527">
     <span class='ocr_line' id='line_1_38' title="bbox 294 3446 3562 3527; baseline -0.005 -11"><span class='ocrx_word' id='word_1_469' title='bbox 294 3461 624 3516; x_wconf 78' lang='lat' dir='ltr'><strong>sententiam</strong></span> <span class='ocrx_word' id='word_1_470' title='bbox 654 3458 798 3513; x_wconf 87' lang='lat' dir='ltr'><strong>haud</strong></span> <span class='ocrx_word' id='word_1_471' title='bbox 822 3471 1048 3527; x_wconf 88' lang='lat' dir='ltr'><strong>prorsus</strong></span> <span class='ocrx_word' id='word_1_472' title='bbox 1072 3455 1426 3524; x_wconf 87' lang='lat' dir='ltr'><strong>rejiciendam</strong></span> <span class='ocrx_word' id='word_1_473' title='bbox 1451 3467 1571 3509; x_wconf 88' lang='lat' dir='ltr'><strong>esse</strong></span> <span class='ocrx_word' id='word_1_474' title='bbox 1598 3460 1757 3522; x_wconf 88' lang='lat' dir='ltr'><strong>puto:</strong></span> <span class='ocrx_word' id='word_1_475' title='bbox 1794 3466 1917 3504; x_wconf 91' lang='lat' dir='ltr'><strong>nam</strong></span> <span class='ocrx_word' id='word_1_476' title='bbox 1953 3466 2096 3520; x_wconf 66' lang='lat' dir='ltr'><strong>saepe</strong></span> <span class='ocrx_word' id='word_1_477' title='bbox 2117 3450 2384 3517; x_wconf 84' lang='grc' dir='ltr'><strong>παλαιῶν,</strong></span> <span class='ocrx_word' id='word_1_478' title='bbox 2407 3466 2503 3507; x_wconf 88' lang='lat' dir='ltr'><strong>seu</strong></span> <span class='ocrx_word' id='word_1_479' title='bbox 2534 3460 2764 3506; x_wconf 79' lang='lat' dir='ltr'><strong>veterum</strong></span> <span class='ocrx_word' id='word_1_480' title='bbox 2792 3451 3015 3507; x_wconf 87' lang='lat' dir='ltr'><strong>nomine</strong></span> <span class='ocrx_word' id='word_1_481' title='bbox 3045 3450 3441 3521; x_wconf 86' lang='lat' dir='ltr'><strong>intelliguntur,</strong></span> <span class='ocrx_word' id='word_1_482' title='bbox 3467 3446 3562 3519; x_wconf 81' lang='lat' dir='ltr'><strong>qui</strong></span> 
     </span>
    </p>
   </div>
   <div class='ocr_carea' id='block_1_39' title="bbox 296 3544 3561 3619">
    <p class='ocr_par' dir='ltr' id='par_1_39' title="bbox 296 3544 3561 3619">
     <span class='ocr_line' id='line_1_39' title="bbox 296 3544 3561 3619; baseline -0.005 -8"><span class='ocrx_word' id='word_1_483' title='bbox 296 3572 406 3612; x_wconf 89' lang='lat' dir='ltr'><strong>una</strong></span> <span class='ocrx_word' id='word_1_484' title='bbox 433 3566 642 3611; x_wconf 88' lang='lat' dir='ltr'><strong>tantum</strong></span> <span class='ocrx_word' id='word_1_485' title='bbox 667 3562 823 3611; x_wconf 61' lang='lat' dir='ltr'><strong>astate</strong></span> <span class='ocrx_word' id='word_1_486' title='bbox 851 3565 947 3607; x_wconf 83' lang='lat' dir='ltr'><strong>seu</strong></span> <span class='ocrx_word' id='word_1_487' title='bbox 984 3550 1335 3619; x_wconf 86' lang='lat' dir='ltr'><strong>generatione</strong></span> <span class='ocrx_word' id='word_1_488' title='bbox 1360 3548 1473 3619; x_wconf 74' lang='grc'><strong>(29)</strong></span> <span class='ocrx_word' id='word_1_489' title='bbox 1505 3562 1604 3601; x_wconf 91' lang='lat' dir='ltr'><strong>nos</strong></span> <span class='ocrx_word' id='word_1_490' title='bbox 1636 3556 2067 3615; x_wconf 69' lang='lat' dir='ltr'><strong>praecesserunt:</strong></span> <span class='ocrx_word' id='word_1_491' title='bbox 2104 3544 2398 3616; x_wconf 83' lang='lat' dir='ltr'><strong>etquidem</strong></span> <span class='ocrx_word' id='word_1_492' title='bbox 2420 3584 2437 3610; x_wconf 94' lang='lat'><strong>,</strong></span> <span class='ocrx_word' id='word_1_493' title='bbox 2483 3545 2530 3600; x_wconf 90' lang='lat' dir='ltr'><strong>si</strong></span> <span class='ocrx_word' id='word_1_494' title='bbox 2574 3546 2628 3600; x_wconf 93' lang='lat' dir='ltr'><strong>in</strong></span> <span class='ocrx_word' id='word_1_495' title='bbox 2662 3561 2722 3601; x_wconf 92' lang='lat' dir='ltr'><strong>re</strong></span> <span class='ocrx_word' id='word_1_496' title='bbox 2761 3546 2922 3616; x_wconf 84' lang='lat' dir='ltr'><strong>longe</strong></span> <span class='ocrx_word' id='word_1_497' title='bbox 2957 3545 3133 3616; x_wconf 86' lang='lat' dir='ltr'><strong>posita</strong></span> <span class='ocrx_word' id='word_1_498' title='bbox 3163 3561 3195 3599; x_wconf 89' lang='lat' dir='ltr'><strong>a</strong></span> <span class='ocrx_word' id='word_1_499' title='bbox 3226 3553 3561 3600; x_wconf 60' lang='lat' dir='ltr'><strong>nostracme-</strong></span> 
     </span>
    </p>
   </div>
   <div class='ocr_carea' id='block_1_40' title="bbox 295 3636 3562 3720">
    <p class='ocr_par' dir='ltr' id='par_1_40' title="bbox 295 3636 3562 3720">
     <span class='ocr_line' id='line_1_40' title="bbox 295 3636 3562 3720; baseline -0.006 -13"><span class='ocrx_word' id='word_1_500' title='bbox 295 3652 474 3707; x_wconf 83' lang='lat' dir='ltr'><strong>moria</strong></span> <span class='ocrx_word' id='word_1_501' title='bbox 505 3660 667 3720; x_wconf 86' lang='lat' dir='ltr'><strong>atque</strong></span> <span class='ocrx_word' id='word_1_502' title='bbox 695 3657 874 3709; x_wconf 68' lang='lat' dir='ltr'><strong>aetate,</strong></span> <span class='ocrx_word' id='word_1_503' title='bbox 906 3647 982 3699; x_wconf 89' lang='lat' dir='ltr'><strong>uti</strong></span> <span class='ocrx_word' id='word_1_504' title='bbox 1019 3644 1331 3714; x_wconf 87' lang='lat' dir='ltr'><strong>conjectura</strong></span> <span class='ocrx_word' id='word_1_505' title='bbox 1365 3643 1511 3705; x_wconf 86' lang='lat' dir='ltr'><strong>licet,</strong></span> <span class='ocrx_word' id='word_1_506' title='bbox 1544 3656 1744 3695; x_wconf 85' lang='lat' dir='ltr'><strong>censeo</strong></span> <span class='ocrx_word' id='word_1_507' title='bbox 1812 3638 2095 3694; x_wconf 87' lang='lat' dir='ltr'><strong>Philonem</strong></span> <span class='ocrx_word' id='word_1_508' title='bbox 2126 3640 2644 3694; x_wconf 88' lang='lat' dir='ltr'><strong>commentariorum</strong></span> <span class='ocrx_word' id='word_1_509' title='bbox 2685 3639 2907 3695; x_wconf 88' lang='lat' dir='ltr'><strong>nomine</strong></span> <span class='ocrx_word' id='word_1_510' title='bbox 2941 3641 3084 3695; x_wconf 89' lang='lat' dir='ltr'><strong>inter</strong></span> <span class='ocrx_word' id='word_1_511' title='bbox 3106 3640 3241 3695; x_wconf 90' lang='lat' dir='ltr'><strong>alios</strong></span> <span class='ocrx_word' id='word_1_512' title='bbox 3273 3638 3441 3693; x_wconf 88' lang='lat' dir='ltr'><strong>libros</strong></span> <span class='ocrx_word' id='word_1_513' title='bbox 3472 3636 3562 3690; x_wconf 81' lang='lat' dir='ltr'><strong>in-</strong></span> 
     </span>
    </p>
   </div>
   <div class='ocr_carea' id='block_1_41' title="bbox 295 3729 3563 3808">
    <p class='ocr_par' dir='ltr' id='par_1_41' title="bbox 295 3729 3563 3808">
     <span class='ocr_line' id='line_1_41' title="bbox 295 3729 3563 3808; baseline -0.005 -8"><span class='ocrx_word' id='word_1_514' title='bbox 295 3747 482 3800; x_wconf 88' lang='lat' dir='ltr'><strong>dicare</strong></span> <span class='ocrx_word' id='word_1_515' title='bbox 508 3742 746 3797; x_wconf 87' lang='lat' dir='ltr'><strong>voluisse</strong></span> <span class='ocrx_word' id='word_1_516' title='bbox 773 3739 1122 3808; x_wconf 81' lang='lat' dir='ltr'><strong>Evangelium</strong></span> <span class='ocrx_word' id='word_1_517' title='bbox 1153 3735 1450 3791; x_wconf 89' lang='lat' dir='ltr'><strong>secundum</strong></span> <span class='ocrx_word' id='word_1_518' title='bbox 1482 3731 1786 3803; x_wconf 62' lang='lat' dir='ltr'><strong>Egyptios.</strong></span> <span class='ocrx_word' id='word_1_519' title='bbox 1819 3729 1953 3785; x_wconf 81' lang='lat' dir='ltr'><strong>Nam</strong></span> <span class='ocrx_word' id='word_1_520' title='bbox 1979 3735 2034 3785; x_wconf 88' lang='lat' dir='ltr'><strong>in</strong></span> <span class='ocrx_word' id='word_1_521' title='bbox 2062 3747 2129 3786; x_wconf 92' lang='lat' dir='ltr'><strong>eo</strong></span> <span class='ocrx_word' id='word_1_522' title='bbox 2153 3732 2431 3800; x_wconf 88' lang='lat' dir='ltr'><strong>peculiare</strong></span> <span class='ocrx_word' id='word_1_523' title='bbox 2468 3731 2741 3804; x_wconf 82' lang='lat' dir='ltr'><strong>quoddam</strong></span> <span class='ocrx_word' id='word_1_524' title='bbox 2776 3731 2948 3787; x_wconf 89' lang='lat' dir='ltr'><strong>fuisse</strong></span> <span class='ocrx_word' id='word_1_525' title='bbox 2979 3731 3193 3787; x_wconf 87' lang='lat' dir='ltr'><strong>dicendi</strong></span> <span class='ocrx_word' id='word_1_526' title='bbox 3222 3746 3393 3801; x_wconf 90' lang='lat' dir='ltr'><strong>genus</strong></span> <span class='ocrx_word' id='word_1_527' title='bbox 3425 3729 3563 3784; x_wconf 81' lang='lat' dir='ltr'><strong>alle-</strong></span> 
     </span>
    </p>
   </div>
   <div class='ocr_carea' id='block_1_42' title="bbox 295 3820 3560 3906">
    <p class='ocr_par' dir='ltr' id='par_1_42' title="bbox 295 3820 3560 3906">
     <span class='ocr_line' id='line_1_42' title="bbox 295 3820 3560 3906; baseline -0.004 -18"><span class='ocrx_word' id='word_1_528' title='bbox 295 3834 469 3906; x_wconf 80' lang='lat' dir='ltr'><strong>goriis</strong></span> <span class='ocrx_word' id='word_1_529' title='bbox 502 3842 556 3886; x_wconf 88' lang='lat' dir='ltr'><strong>et</strong></span> <span class='ocrx_word' id='word_1_530' title='bbox 577 3829 849 3885; x_wconf 88' lang='lat' dir='ltr'><strong>abstrusis</strong></span> <span class='ocrx_word' id='word_1_531' title='bbox 880 3843 945 3881; x_wconf 91' lang='lat' dir='ltr'><strong>ac</strong></span> <span class='ocrx_word' id='word_1_532' title='bbox 972 3824 1216 3896; x_wconf 86' lang='lat' dir='ltr'><strong>mysticis</strong></span> <span class='ocrx_word' id='word_1_533' title='bbox 1246 3822 1498 3877; x_wconf 87' lang='lat' dir='ltr'><strong>sensibus</strong></span> <span class='ocrx_word' id='word_1_534' title='bbox 1531 3822 1747 3889; x_wconf 88' lang='lat' dir='ltr'><strong>plenum</strong></span> <span class='ocrx_word' id='word_1_535' title='bbox 1767 3858 1783 3882; x_wconf 91' lang='lat'><strong>,</strong></span> <span class='ocrx_word' id='word_1_536' title='bbox 1812 3820 1969 3873; x_wconf 81' lang='lat' dir='ltr'><strong>fidem</strong></span> <span class='ocrx_word' id='word_1_537' title='bbox 2004 3820 2211 3875; x_wconf 91' lang='lat' dir='ltr'><strong>faciunt</strong></span> <span class='ocrx_word' id='word_1_538' title='bbox 2244 3821 2546 3892; x_wconf 88' lang='lat' dir='ltr'><strong>fragmenta</strong></span> <span class='ocrx_word' id='word_1_539' title='bbox 2578 3837 2699 3892; x_wconf 73' lang='lat' dir='ltr'><strong>quae</strong></span> <span class='ocrx_word' id='word_1_540' title='bbox 2731 3822 2801 3877; x_wconf 89' lang='lat' dir='ltr'><strong>ab</strong></span> <span class='ocrx_word' id='word_1_541' title='bbox 2826 3822 3067 3891; x_wconf 90' lang='lat' dir='ltr'><strong>antiquis</strong></span> <span class='ocrx_word' id='word_1_542' title='bbox 3092 3823 3454 3892; x_wconf 79' lang='lat' dir='ltr'><strong>scriptoribus</strong></span> <span class='ocrx_word' id='word_1_543' title='bbox 3491 3822 3560 3876; x_wconf 83' lang='lat' dir='ltr'><strong>ad</strong></span> 
     </span>
    </p>
   </div>
   <div class='ocr_carea' id='block_1_43' title="bbox 296 3912 3559 3993">
    <p class='ocr_par' dir='ltr' id='par_1_43' title="bbox 296 3912 3559 3993">
     <span class='ocr_line' id='line_1_43' title="bbox 296 3912 3559 3993; baseline -0.005 -10"><span class='ocrx_word' id='word_1_544' title='bbox 296 3937 542 3983; x_wconf 85' lang='lat' dir='ltr'><strong>nostram</strong></span> <span class='ocrx_word' id='word_1_545' title='bbox 571 3938 745 3993; x_wconf 89' lang='lat' dir='ltr'><strong>usque</strong></span> <span class='ocrx_word' id='word_1_546' title='bbox 772 3932 986 3977; x_wconf 68' lang='lat' dir='ltr'><strong>aetatem</strong></span> <span class='ocrx_word' id='word_1_547' title='bbox 1017 3927 1231 3972; x_wconf 80' lang='lat' dir='ltr'><strong>servata</strong></span> <span class='ocrx_word' id='word_1_548' title='bbox 1263 3924 1411 3969; x_wconf 90' lang='lat' dir='ltr'><strong>sunt.</strong></span> <span class='ocrx_word' id='word_1_549' title='bbox 1442 3912 1816 3983; x_wconf 68' lang='lat' dir='ltr'><strong>Ainigmatum</strong></span> <span class='ocrx_word' id='word_1_550' title='bbox 1845 3913 1990 3966; x_wconf 88' lang='lat' dir='ltr'><strong>enim</strong></span> <span class='ocrx_word' id='word_1_551' title='bbox 2015 3913 2188 3967; x_wconf 86' lang='lat' dir='ltr'><strong>instar</strong></span> <span class='ocrx_word' id='word_1_552' title='bbox 2217 3913 2309 3968; x_wconf 90' lang='lat' dir='ltr'><strong>illa</strong></span> <span class='ocrx_word' id='word_1_553' title='bbox 2337 3922 2466 3968; x_wconf 86' lang='lat' dir='ltr'><strong>sunt</strong></span> <span class='ocrx_word' id='word_1_554' title='bbox 2499 3930 2621 3984; x_wconf 67' lang='lat' dir='ltr'><strong>quae</strong></span> <span class='ocrx_word' id='word_1_555' title='bbox 2645 3930 2712 3968; x_wconf 81' lang='lat' dir='ltr'><strong>ex</strong></span> <span class='ocrx_word' id='word_1_556' title='bbox 2738 3914 2832 3968; x_wconf 91' lang='lat' dir='ltr'><strong>illo</strong></span> <span class='ocrx_word' id='word_1_557' title='bbox 2864 3913 3155 3984; x_wconf 83' lang='lat' dir='ltr'><strong>Evangelio</strong></span> <span class='ocrx_word' id='word_1_558' title='bbox 3188 3913 3482 3968; x_wconf 87' lang='lat' dir='ltr'><strong>laudantur</strong></span> <span class='ocrx_word' id='word_1_559' title='bbox 3507 3913 3559 3968; x_wconf 91' lang='lat' dir='ltr'><strong>in</strong></span> 
     </span>
    </p>
   </div>
   <div class='ocr_carea' id='block_1_44' title="bbox 297 4004 3557 4086">
    <p class='ocr_par' dir='ltr' id='par_1_44' title="bbox 297 4004 3557 4086">
     <span class='ocr_line' id='line_1_44' title="bbox 297 4004 3557 4086; baseline -0.004 -14"><span class='ocrx_word' id='word_1_560' title='bbox 297 4019 529 4086; x_wconf 78' lang='lat' dir='ltr'><strong>epistola</strong></span> <span class='ocrx_word' id='word_1_561' title='bbox 554 4017 791 4072; x_wconf 87' lang='lat' dir='ltr'><strong>secunda</strong></span> <span class='ocrx_word' id='word_1_562' title='bbox 828 4015 885 4068; x_wconf 82' lang='lat' dir='ltr'><strong>S.</strong></span> <span class='ocrx_word' id='word_1_563' title='bbox 918 4009 1215 4066; x_wconf 78' lang='lat' dir='ltr'><strong>Clementis</strong></span> <span class='ocrx_word' id='word_1_564' title='bbox 1251 4007 1520 4078; x_wconf 89' lang='lat' dir='ltr'><strong>pontilicis</strong></span> <span class='ocrx_word' id='word_1_565' title='bbox 1546 4004 1813 4070; x_wconf 77' lang='lat' dir='ltr'><strong>Romani,</strong></span> <span class='ocrx_word' id='word_1_566' title='bbox 1838 4013 1894 4060; x_wconf 89' lang='lat' dir='ltr'><strong>et</strong></span> <span class='ocrx_word' id='word_1_567' title='bbox 1924 4004 1981 4058; x_wconf 91' lang='lat' dir='ltr'><strong>in</strong></span> <span class='ocrx_word' id='word_1_568' title='bbox 2015 4006 2154 4059; x_wconf 83' lang='lat' dir='ltr'><strong>libro</strong></span> <span class='ocrx_word' id='word_1_569' title='bbox 2207 4006 2366 4060; x_wconf 88' lang='lat' dir='ltr'><strong>tertio</strong></span> <span class='ocrx_word' id='word_1_570' title='bbox 2395 4004 2723 4061; x_wconf 84' lang='lat' dir='ltr'><strong>Stromatum</strong></span> <span class='ocrx_word' id='word_1_571' title='bbox 2755 4006 2982 4061; x_wconf 86' lang='lat' dir='ltr'><strong>alterius</strong></span> <span class='ocrx_word' id='word_1_572' title='bbox 3020 4004 3320 4061; x_wconf 87' lang='lat' dir='ltr'><strong>Clementis</strong></span> <span class='ocrx_word' id='word_1_573' title='bbox 3353 4018 3557 4075; x_wconf 28' lang='lat' dir='ltr'><strong>cogito.-</strong></span> 
     </span>
    </p>
   </div>
   <div class='ocr_carea' id='block_1_45' title="bbox 300 4097 3563 4182">
    <p class='ocr_par' dir='ltr' id='par_1_45' title="bbox 300 4097 3563 4182">
     <span class='ocr_line' id='line_1_45' title="bbox 300 4097 3563 4182; baseline -0.005 -15"><span class='ocrx_word' id='word_1_574' title='bbox 300 4113 467 4167; x_wconf 90' lang='lat' dir='ltr'><strong>minis</strong></span> <span class='ocrx_word' id='word_1_575' title='bbox 491 4111 790 4182; x_wconf 80' lang='lat' dir='ltr'><strong>presbyteri</strong></span> <span class='ocrx_word' id='word_1_576' title='bbox 814 4107 1189 4171; x_wconf 76' lang='lat' dir='ltr'><strong>Alexandrini,</strong></span> <span class='ocrx_word' id='word_1_577' title='bbox 1222 4120 1286 4159; x_wconf 77' lang='lat' dir='ltr'><strong>ex</strong></span> <span class='ocrx_word' id='word_1_578' title='bbox 1308 4117 1544 4173; x_wconf 90' lang='lat' dir='ltr'><strong>quorum</strong></span> <span class='ocrx_word' id='word_1_579' title='bbox 1572 4100 1789 4170; x_wconf 90' lang='lat' dir='ltr'><strong>scriptis</strong></span> <span class='ocrx_word' id='word_1_580' title='bbox 1812 4101 2167 4163; x_wconf 82' lang='lat' dir='ltr'><strong>aliorumque-</strong></span> <span class='ocrx_word' id='word_1_581' title='bbox 2186 4110 2429 4156; x_wconf 89' lang='lat' dir='ltr'><strong>veterum</strong></span> <span class='ocrx_word' id='word_1_582' title='bbox 2463 4100 2687 4156; x_wconf 85' lang='lat' dir='ltr'><strong>Patrum</strong></span> <span class='ocrx_word' id='word_1_583' title='bbox 2716 4101 2877 4156; x_wconf 88' lang='lat' dir='ltr'><strong>nobis</strong></span> <span class='ocrx_word' id='word_1_584' title='bbox 2906 4109 3247 4170; x_wconf 87' lang='lat' dir='ltr'><strong>compertum</strong></span> <span class='ocrx_word' id='word_1_585' title='bbox 3272 4099 3352 4164; x_wconf 85' lang='lat' dir='ltr'><strong>fit,</strong></span> <span class='ocrx_word' id='word_1_586' title='bbox 3383 4097 3563 4152; x_wconf 82' lang='lat' dir='ltr'><strong>Evan-</strong></span> 
     </span>
    </p>
   </div>
   <div class='ocr_carea' id='block_1_46' title="bbox 298 4190 3562 4274">
    <p class='ocr_par' dir='ltr' id='par_1_46' title="bbox 298 4190 3562 4274">
     <span class='ocr_line' id='line_1_46' title="bbox 298 4190 3562 4274; baseline -0.004 -18"><span class='ocrx_word' id='word_1_587' title='bbox 298 4203 441 4274; x_wconf 87' lang='lat' dir='ltr'><strong>gelio</strong></span> <span class='ocrx_word' id='word_1_588' title='bbox 473 4202 600 4264; x_wconf 92' lang='lat' dir='ltr'><strong>illo,</strong></span> <span class='ocrx_word' id='word_1_589' title='bbox 631 4201 1009 4271; x_wconf 88' lang='lat' dir='ltr'><strong>qualecunque</strong></span> <span class='ocrx_word' id='word_1_590' title='bbox 1038 4196 1234 4260; x_wconf 79' lang='lat' dir='ltr'><strong>fuerit,</strong></span> <span class='ocrx_word' id='word_1_591' title='bbox 1271 4193 1527 4261; x_wconf 88' lang='lat' dir='ltr'><strong>antiquos</strong></span> <span class='ocrx_word' id='word_1_592' title='bbox 1558 4191 1680 4246; x_wconf 92' lang='lat' dir='ltr'><strong>illos</strong></span> <span class='ocrx_word' id='word_1_593' title='bbox 1705 4190 1912 4246; x_wconf 90' lang='lat' dir='ltr'><strong>Christi</strong></span> <span class='ocrx_word' id='word_1_594' title='bbox 1938 4208 1995 4246; x_wconf 82' lang='lat' dir='ltr'><strong>in</strong></span> <span class='ocrx_word' id='word_1_595' title='bbox 2032 4190 2268 4262; x_wconf 65' lang='lat' dir='ltr'><strong>Egypto</strong></span> <span class='ocrx_word' id='word_1_596' title='bbox 2296 4193 2535 4249; x_wconf 89' lang='lat' dir='ltr'><strong>asseclas</strong></span> <span class='ocrx_word' id='word_1_597' title='bbox 2559 4208 2688 4249; x_wconf 90' lang='lat' dir='ltr'><strong>usos</strong></span> <span class='ocrx_word' id='word_1_598' title='bbox 2716 4191 2903 4248; x_wconf 89' lang='lat' dir='ltr'><strong>fuisse.</strong></span> <span class='ocrx_word' id='word_1_599' title='bbox 2951 4191 3150 4247; x_wconf 81' lang='lat' dir='ltr'><strong>Verum</strong></span> <span class='ocrx_word' id='word_1_600' title='bbox 3195 4191 3340 4245; x_wconf 90' lang='lat' dir='ltr'><strong>enim</strong></span> <span class='ocrx_word' id='word_1_601' title='bbox 3377 4197 3562 4260; x_wconf 79' lang='lat' dir='ltr'><strong>postea</strong></span> 
     </span>
    </p>
   </div>
   <div class='ocr_carea' id='block_1_47' title="bbox 302 4282 3559 4367">
    <p class='ocr_par' dir='ltr' id='par_1_47' title="bbox 302 4282 3559 4367">
     <span class='ocr_line' id='line_1_47' title="bbox 302 4282 3559 4367; baseline -0.005 -16"><span class='ocrx_word' id='word_1_602' title='bbox 302 4296 589 4367; x_wconf 85' lang='lat' dir='ltr'><strong>temporis,</strong></span> <span class='ocrx_word' id='word_1_603' title='bbox 618 4309 740 4349; x_wconf 89' lang='lat' dir='ltr'><strong>cum</strong></span> <span class='ocrx_word' id='word_1_604' title='bbox 775 4293 827 4345; x_wconf 92' lang='lat' dir='ltr'><strong>in</strong></span> <span class='ocrx_word' id='word_1_605' title='bbox 856 4291 1112 4345; x_wconf 79' lang='lat' dir='ltr'><strong>universo</strong></span> <span class='ocrx_word' id='word_1_606' title='bbox 1136 4296 1413 4342; x_wconf 83' lang='lat' dir='ltr'><strong>terrarum</strong></span> <span class='ocrx_word' id='word_1_607' title='bbox 1439 4284 1572 4338; x_wconf 88' lang='lat' dir='ltr'><strong>orbe</strong></span> <span class='ocrx_word' id='word_1_608' title='bbox 1596 4282 1706 4338; x_wconf 87' lang='lat' dir='ltr'><strong>fere</strong></span> <span class='ocrx_word' id='word_1_609' title='bbox 1728 4284 1792 4339; x_wconf 91' lang='lat' dir='ltr'><strong>ad</strong></span> <span class='ocrx_word' id='word_1_610' title='bbox 1817 4300 2064 4338; x_wconf 72' lang='lat' dir='ltr'><strong>omnium</strong></span> <span class='ocrx_word' id='word_1_611' title='bbox 2090 4285 2330 4339; x_wconf 85' lang='lat' dir='ltr'><strong>ﬁdelium</strong></span> <span class='ocrx_word' id='word_1_612' title='bbox 2354 4300 2549 4341; x_wconf 87' lang='lat' dir='ltr'><strong>manus</strong></span> <span class='ocrx_word' id='word_1_613' title='bbox 2571 4286 2945 4355; x_wconf 87' lang='lat' dir='ltr'><strong>pervenissent</strong></span> <span class='ocrx_word' id='word_1_614' title='bbox 2992 4295 3226 4355; x_wconf 90' lang='lat' dir='ltr'><strong>quatuor</strong></span> <span class='ocrx_word' id='word_1_615' title='bbox 3247 4282 3559 4352; x_wconf 75' lang='lat' dir='ltr'><strong>Evangelia,</strong></span> 
     </span>
    </p>
   </div>
   <div class='ocr_carea' id='block_1_48' title="bbox 301 4374 3562 4454">
    <p class='ocr_par' dir='ltr' id='par_1_48' title="bbox 301 4374 3562 4454">
     <span class='ocr_line' id='line_1_48' title="bbox 301 4374 3562 4454; baseline -0.004 -13"><span class='ocrx_word' id='word_1_616' title='bbox 301 4386 532 4454; x_wconf 66' lang='lat' dir='ltr'><strong>aliaeque</strong></span> <span class='ocrx_word' id='word_1_617' title='bbox 557 4382 835 4438; x_wconf 68' lang='lat' dir='ltr'><strong>canonicae</strong></span> <span class='ocrx_word' id='word_1_618' title='bbox 865 4382 1176 4449; x_wconf 76' lang='lat' dir='ltr'><strong>Scripturae,</strong></span> <span class='ocrx_word' id='word_1_619' title='bbox 1209 4392 1330 4445; x_wconf 77' lang='lat' dir='ltr'><strong>qua:</strong></span> <span class='ocrx_word' id='word_1_620' title='bbox 1361 4391 1392 4429; x_wconf 89' lang='lat' dir='ltr'><strong>a</strong></span> <span class='ocrx_word' id='word_1_621' title='bbox 1418 4375 1591 4430; x_wconf 88' lang='lat' dir='ltr'><strong>sacris</strong></span> <span class='ocrx_word' id='word_1_622' title='bbox 1624 4375 1997 4444; x_wconf 81' lang='lat' dir='ltr'><strong>cvangelistis,</strong></span> <span class='ocrx_word' id='word_1_623' title='bbox 2030 4386 2084 4429; x_wconf 83' lang='lat' dir='ltr'><strong>et</strong></span> <span class='ocrx_word' id='word_1_624' title='bbox 2114 4376 2323 4432; x_wconf 86' lang='lat' dir='ltr'><strong>sanctis</strong></span> <span class='ocrx_word' id='word_1_625' title='bbox 2355 4377 2618 4446; x_wconf 88' lang='lat' dir='ltr'><strong>apostolis</strong></span> <span class='ocrx_word' id='word_1_626' title='bbox 2642 4376 3042 4443; x_wconf 80' lang='grc' dir='ltr'><strong>θεοπνεύστοις,</strong></span> <span class='ocrx_word' id='word_1_627' title='bbox 3068 4394 3101 4431; x_wconf 86' lang='grc' dir='ltr'><strong>ιι</strong></span> <span class='ocrx_word' id='word_1_628' title='bbox 3124 4376 3232 4430; x_wconf 85' lang='lat' dir='ltr'><strong>Deo</strong></span> <span class='ocrx_word' id='word_1_629' title='bbox 3265 4374 3562 4445; x_wconf 75' lang='lat' dir='ltr'><strong>inspiratis.</strong></span> 
     </span>
    </p>
   </div>
   <div class='ocr_carea' id='block_1_49' title="bbox 303 4467 3613 4545">
    <p class='ocr_par' dir='ltr' id='par_1_49' title="bbox 303 4467 3613 4545">
     <span class='ocr_line' id='line_1_49' title="bbox 303 4467 3613 4545; baseline -0.002 -11"><span class='ocrx_word' id='word_1_630' title='bbox 303 4479 358 4534; x_wconf 87' lang='lat' dir='ltr'><strong>in</strong></span> <span class='ocrx_word' id='word_1_631' title='bbox 383 4477 560 4533; x_wconf 87' lang='lat' dir='ltr'><strong>lidelis</strong></span> <span class='ocrx_word' id='word_1_632' title='bbox 590 4474 772 4545; x_wconf 86' lang='lat' dir='ltr'><strong>populi</strong></span> <span class='ocrx_word' id='word_1_633' title='bbox 799 4472 1092 4527; x_wconf 90' lang='lat' dir='ltr'><strong>utilitatem</strong></span> <span class='ocrx_word' id='word_1_634' title='bbox 1112 4509 1127 4532; x_wconf 94' lang='lat'><strong>,</strong></span> <span class='ocrx_word' id='word_1_635' title='bbox 1163 4477 1218 4522; x_wconf 90' lang='lat' dir='ltr'><strong>et</strong></span> <span class='ocrx_word' id='word_1_636' title='bbox 1250 4468 1503 4523; x_wconf 70' lang='lat' dir='ltr'><strong>Ecclesiae</strong></span> <span class='ocrx_word' id='word_1_637' title='bbox 1532 4467 1952 4522; x_wconf 54' lang='lat' dir='ltr'><strong>aedificationem</strong></span> <span class='ocrx_word' id='word_1_638' title='bbox 1981 4468 2141 4523; x_wconf 85' lang='lat' dir='ltr'><strong>nobis</strong></span> <span class='ocrx_word' id='word_1_639' title='bbox 2168 4468 2339 4523; x_wconf 91' lang='lat' dir='ltr'><strong>divini</strong></span> <span class='ocrx_word' id='word_1_640' title='bbox 2381 4469 2738 4527; x_wconf 81' lang='lat' dir='ltr'><strong>beneficentia</strong></span> <span class='ocrx_word' id='word_1_641' title='bbox 2768 4471 2963 4527; x_wconf 89' lang='lat' dir='ltr'><strong>tradita</strong></span> <span class='ocrx_word' id='word_1_642' title='bbox 2995 4479 3155 4537; x_wconf 90' lang='lat' dir='ltr'><strong>sunt;</strong></span> <span class='ocrx_word' id='word_1_643' title='bbox 3204 4468 3561 4539; x_wconf 83' lang='lat' dir='ltr'><strong>Evangelium</strong></span> <span class='ocrx_word' id='word_1_644' title='bbox 3600 4514 3613 4527; x_wconf 86' lang='lat'><strong>.</strong></span> 
     </span>
    </p>
   </div>
   <div class='ocr_carea' id='block_1_50' title="bbox 305 4559 3563 4639">
    <p class='ocr_par' dir='ltr' id='par_1_50' title="bbox 305 4559 3563 4639">
     <span class='ocr_line' id='line_1_50' title="bbox 305 4559 3563 4639; baseline -0.003 -11"><span class='ocrx_word' id='word_1_645' title='bbox 305 4573 436 4627; x_wconf 75' lang='lat' dir='ltr'><strong>illud</strong></span> <span class='ocrx_word' id='word_1_646' title='bbox 464 4568 814 4639; x_wconf 69' lang='lat' dir='ltr'><strong>allegorica&quot;:</strong></span> <span class='ocrx_word' id='word_1_647' title='bbox 838 4605 853 4629; x_wconf 91' lang='lat'><strong>,</strong></span> <span class='ocrx_word' id='word_1_648' title='bbox 879 4572 932 4619; x_wconf 90' lang='lat' dir='ltr'><strong>et</strong></span> <span class='ocrx_word' id='word_1_649' title='bbox 965 4562 1075 4616; x_wconf 90' lang='lat' dir='ltr'><strong>fere</strong></span> <span class='ocrx_word' id='word_1_650' title='bbox 1097 4560 1501 4628; x_wconf 69' lang='lat' dir='ltr'><strong>aenigmaticum</strong></span> <span class='ocrx_word' id='word_1_651' title='bbox 1522 4600 1536 4625; x_wconf 94' lang='lat'><strong>,</strong></span> <span class='ocrx_word' id='word_1_652' title='bbox 1570 4560 1649 4614; x_wconf 91' lang='lat' dir='ltr'><strong>uti</strong></span> <span class='ocrx_word' id='word_1_653' title='bbox 1673 4571 1866 4614; x_wconf 78' lang='lat' dir='ltr'><strong>exorto</strong></span> <span class='ocrx_word' id='word_1_654' title='bbox 1891 4570 1940 4614; x_wconf 87' lang='lat' dir='ltr'><strong>et</strong></span> <span class='ocrx_word' id='word_1_655' title='bbox 1979 4559 2325 4616; x_wconf 88' lang='lat' dir='ltr'><strong>illucescente</strong></span> <span class='ocrx_word' id='word_1_656' title='bbox 2358 4563 2474 4618; x_wconf 87' lang='lat' dir='ltr'><strong>sole</strong></span> <span class='ocrx_word' id='word_1_657' title='bbox 2503 4565 2716 4620; x_wconf 64' lang='lat' dir='ltr'><strong>nebula:</strong></span> <span class='ocrx_word' id='word_1_658' title='bbox 2759 4565 3156 4635; x_wconf 84' lang='lat' dir='ltr'><strong>dispelluntur,</strong></span> <span class='ocrx_word' id='word_1_659' title='bbox 3204 4562 3464 4633; x_wconf 85' lang='lat' dir='ltr'><strong>paulatim</strong></span> <span class='ocrx_word' id='word_1_660' title='bbox 3508 4563 3563 4617; x_wconf 79' lang='lat' dir='ltr'><strong>in</strong></span> 
     </span>
    </p>
   </div>
   <div class='ocr_carea' id='block_1_51' title="bbox 306 4653 3566 4731">
    <p class='ocr_par' dir='ltr' id='par_1_51' title="bbox 306 4653 3566 4731">
     <span class='ocr_line' id='line_1_51' title="bbox 306 4653 3566 4731; baseline -0.003 -7"><span class='ocrx_word' id='word_1_661' title='bbox 306 4665 718 4724; x_wconf 83' lang='lat' dir='ltr'><strong>desuetudinem</strong></span> <span class='ocrx_word' id='word_1_662' title='bbox 750 4659 917 4722; x_wconf 80' lang='lat' dir='ltr'><strong>abiit,</strong></span> <span class='ocrx_word' id='word_1_663' title='bbox 944 4665 999 4713; x_wconf 88' lang='lat' dir='ltr'><strong>et</strong></span> <span class='ocrx_word' id='word_1_664' title='bbox 1031 4673 1061 4711; x_wconf 92' lang='lat' dir='ltr'><strong>c</strong></span> <span class='ocrx_word' id='word_1_665' title='bbox 1090 4656 1326 4711; x_wconf 78' lang='lat' dir='ltr'><strong>ﬁdelium</strong></span> <span class='ocrx_word' id='word_1_666' title='bbox 1360 4653 1611 4709; x_wconf 88' lang='lat' dir='ltr'><strong>manibus</strong></span> <span class='ocrx_word' id='word_1_667' title='bbox 1637 4669 1931 4709; x_wconf 86' lang='lat' dir='ltr'><strong>excussum</strong></span> <span class='ocrx_word' id='word_1_668' title='bbox 1961 4662 2062 4708; x_wconf 91' lang='lat' dir='ltr'><strong>est.</strong></span> <span class='ocrx_word' id='word_1_669' title='bbox 2103 4653 2488 4713; x_wconf 83' lang='lat' dir='ltr'><strong>Verumtamen</strong></span> <span class='ocrx_word' id='word_1_670' title='bbox 2517 4670 2872 4731; x_wconf 88' lang='lat' dir='ltr'><strong>posteaquam</strong></span> <span class='ocrx_word' id='word_1_671' title='bbox 2905 4676 2971 4716; x_wconf 85' lang='lat' dir='ltr'><strong>ex</strong></span> <span class='ocrx_word' id='word_1_672' title='bbox 3016 4659 3261 4717; x_wconf 87' lang='lat' dir='ltr'><strong>Ecclesia</strong></span> <span class='ocrx_word' id='word_1_673' title='bbox 3296 4661 3566 4716; x_wconf 78' lang='lat' dir='ltr'><strong>catholica</strong></span> 
     </span>
    </p>
   </div>
   <div class='ocr_carea' id='block_1_52' title="bbox 306 4748 3564 4831">
    <p class='ocr_par' dir='ltr' id='par_1_52' title="bbox 306 4748 3564 4831">
     <span class='ocr_line' id='line_1_52' title="bbox 306 4748 3564 4831; baseline -0.003 -13"><span class='ocrx_word' id='word_1_674' title='bbox 306 4760 660 4831; x_wconf 82' lang='lat' dir='ltr'><strong>Evangelium</strong></span> <span class='ocrx_word' id='word_1_675' title='bbox 686 4753 984 4811; x_wconf 89' lang='lat' dir='ltr'><strong>secundum</strong></span> <span class='ocrx_word' id='word_1_676' title='bbox 1006 4750 1291 4822; x_wconf 66' lang='lat' dir='ltr'><strong>Aﬂgyptios</strong></span> <span class='ocrx_word' id='word_1_677' title='bbox 1310 4749 1648 4804; x_wconf 85' lang='lat' dir='ltr'><strong>eliminatum</strong></span> <span class='ocrx_word' id='word_1_678' title='bbox 1672 4755 1775 4812; x_wconf 89' lang='lat' dir='ltr'><strong>est,</strong></span> <span class='ocrx_word' id='word_1_679' title='bbox 1805 4748 2070 4817; x_wconf 78' lang='lat' dir='ltr'><strong>benignos</strong></span> <span class='ocrx_word' id='word_1_680' title='bbox 2085 4761 2395 4819; x_wconf 88' lang='lat' dir='ltr'><strong>receptores</strong></span> <span class='ocrx_word' id='word_1_681' title='bbox 2418 4752 2609 4808; x_wconf 85' lang='lat' dir='ltr'><strong>habuit</strong></span> <span class='ocrx_word' id='word_1_682' title='bbox 2638 4754 2921 4809; x_wconf 76' lang='lat' dir='ltr'><strong>luereticos</strong></span> <span class='ocrx_word' id='word_1_683' title='bbox 2940 4772 2955 4821; x_wconf 93' lang='lat'><strong>;</strong></span> <span class='ocrx_word' id='word_1_684' title='bbox 2977 4754 3105 4825; x_wconf 89' lang='lat' dir='ltr'><strong>quia</strong></span> <span class='ocrx_word' id='word_1_685' title='bbox 3127 4770 3250 4810; x_wconf 90' lang='lat' dir='ltr'><strong>cum</strong></span> <span class='ocrx_word' id='word_1_686' title='bbox 3280 4755 3564 4809; x_wconf 79' lang='lat' dir='ltr'><strong>abstrusos</strong></span> 
     </span>
    </p>
   </div>
   <div class='ocr_carea' id='block_1_53' title="bbox 309 4836 3560 4916">
    <p class='ocr_par' dir='ltr' id='par_1_53' title="bbox 309 4836 3560 4916">
     <span class='ocr_line' id='line_1_53' title="bbox 309 4836 3560 4916; baseline -0.003 -8"><span class='ocrx_word' id='word_1_687' title='bbox 309 4863 363 4909; x_wconf 84' lang='lat' dir='ltr'><strong>et</strong></span> <span class='ocrx_word' id='word_1_688' title='bbox 385 4849 674 4916; x_wconf 87' lang='lat' dir='ltr'><strong>ambiguos</strong></span> <span class='ocrx_word' id='word_1_689' title='bbox 706 4860 901 4899; x_wconf 87' lang='lat' dir='ltr'><strong>sensus</strong></span> <span class='ocrx_word' id='word_1_690' title='bbox 931 4841 1269 4903; x_wconf 90' lang='lat' dir='ltr'><strong>contineret,</strong></span> <span class='ocrx_word' id='word_1_691' title='bbox 1301 4838 1368 4892; x_wconf 89' lang='lat' dir='ltr'><strong>ad</strong></span> <span class='ocrx_word' id='word_1_692' title='bbox 1393 4852 1523 4893; x_wconf 85' lang='lat' dir='ltr'><strong>suos</strong></span> <span class='ocrx_word' id='word_1_693' title='bbox 1547 4836 1869 4893; x_wconf 84' lang='lat' dir='ltr'><strong>astruendos</strong></span> <span class='ocrx_word' id='word_1_694' title='bbox 1894 4854 2115 4895; x_wconf 86' lang='lat' dir='ltr'><strong>errores</strong></span> <span class='ocrx_word' id='word_1_695' title='bbox 2146 4842 2714 4914; x_wconf 85' lang='lat' dir='ltr'><strong>obtenebrandamque</strong></span> <span class='ocrx_word' id='word_1_696' title='bbox 2745 4846 3031 4901; x_wconf 87' lang='lat' dir='ltr'><strong>veritatem</strong></span> <span class='ocrx_word' id='word_1_697' title='bbox 3055 4884 3069 4909; x_wconf 91' lang='lat'><strong>,</strong></span> <span class='ocrx_word' id='word_1_698' title='bbox 3119 4846 3369 4916; x_wconf 85' lang='lat' dir='ltr'><strong>pluribus</strong></span> <span class='ocrx_word' id='word_1_699' title='bbox 3398 4846 3560 4899; x_wconf 85' lang='lat' dir='ltr'><strong>etiam</strong></span> 
     </span>
    </p>
   </div>
   <div class='ocr_carea' id='block_1_54' title="bbox 310 4930 3566 5013">
    <p class='ocr_par' dir='ltr' id='par_1_54' title="bbox 310 4930 3566 5013">
     <span class='ocr_line' id='line_1_54' title="bbox 310 4930 3566 5013; baseline -0.002 -11"><span class='ocrx_word' id='word_1_700' title='bbox 310 4945 376 5004; x_wconf 83' lang='lat' dir='ltr'><strong>de</strong></span> <span class='ocrx_word' id='word_1_701' title='bbox 395 4959 497 5000; x_wconf 85' lang='lat' dir='ltr'><strong>suo</strong></span> <span class='ocrx_word' id='word_1_702' title='bbox 520 4939 751 5011; x_wconf 88' lang='lat' dir='ltr'><strong>adjectis</strong></span> <span class='ocrx_word' id='word_1_703' title='bbox 782 4936 1205 5013; x_wconf 83' lang='lat' dir='ltr'><strong>suppositisque,</strong></span> <span class='ocrx_word' id='word_1_704' title='bbox 1244 4942 1549 5002; x_wconf 85' lang='lat' dir='ltr'><strong>Opportune</strong></span> <span class='ocrx_word' id='word_1_705' title='bbox 1567 4946 1634 4985; x_wconf 90' lang='lat' dir='ltr'><strong>eo</strong></span> <span class='ocrx_word' id='word_1_706' title='bbox 1664 4930 1740 4985; x_wconf 91' lang='lat' dir='ltr'><strong>uti</strong></span> <span class='ocrx_word' id='word_1_707' title='bbox 1768 4946 1930 5000; x_wconf 86' lang='lat' dir='ltr'><strong>posse</strong></span> <span class='ocrx_word' id='word_1_708' title='bbox 1955 4944 2311 4990; x_wconf 79' lang='lat' dir='ltr'><strong>censuerunt.</strong></span> <span class='ocrx_word' id='word_1_709' title='bbox 2340 4935 2592 4993; x_wconf 89' lang='lat' dir='ltr'><strong>Profecto</strong></span> <span class='ocrx_word' id='word_1_710' title='bbox 2630 4938 2925 4997; x_wconf 86' lang='lat' dir='ltr'><strong>Sabelliani</strong></span> <span class='ocrx_word' id='word_1_711' title='bbox 2958 4941 3161 5011; x_wconf 88' lang='lat' dir='ltr'><strong>aliique</strong></span> <span class='ocrx_word' id='word_1_712' title='bbox 3190 4940 3405 4994; x_wconf 80' lang='lat' dir='ltr'><strong>firmum</strong></span> <span class='ocrx_word' id='word_1_713' title='bbox 3439 4936 3566 4994; x_wconf 78' lang='lat' dir='ltr'><strong>inde</strong></span> 
     </span>
    </p>
   </div>
   <div class='ocr_carea' id='block_1_55' title="bbox 386 5155 1619 5247">
    <p class='ocr_par' dir='ltr' id='par_1_55' title="bbox 386 5155 1619 5247">
     <span class='ocr_line' id='line_1_55' title="bbox 386 5155 1619 5247; baseline -0.015 -20"><span class='ocrx_word' id='word_1_714' title='bbox 386 5175 494 5247; x_wconf 60' lang='lat' dir='ltr'><strong>(at)</strong></span> <span class='ocrx_word' id='word_1_715' title='bbox 521 5172 658 5247; x_wconf 60' lang='lat' dir='ltr'><strong>Qun.</strong></span> <span class='ocrx_word' id='word_1_716' title='bbox 688 5168 875 5247; x_wconf 64' lang='lat' dir='ltr'><strong>Heins.</strong></span> <span class='ocrx_word' id='word_1_717' title='bbox 894 5178 959 5247; x_wconf 51' lang='grc' dir='ltr'><strong>λη</strong></span> <span class='ocrx_word' id='word_1_718' title='bbox 976 5160 1156 5247; x_wconf 27' lang='lat' dir='ltr'><strong>praefq</strong></span> <span class='ocrx_word' id='word_1_719' title='bbox 1172 5158 1246 5247; x_wconf 34' lang='lat' dir='ltr'><strong>ad.</strong></span> <span class='ocrx_word' id='word_1_720' title='bbox 1264 5157 1437 5247; x_wconf 49' lang='lat' dir='ltr'><strong>Clem‘1</strong></span> <span class='ocrx_word' id='word_1_721' title='bbox 1454 5155 1619 5247; x_wconf 49' lang='lat' dir='ltr'><strong>‘nlex.</strong></span> 
     </span>
    </p>
   </div>
   <div class='ocr_carea' id='block_1_56' title="bbox 391 5227 1512 5311">
    <p class='ocr_par' dir='ltr' id='par_1_56' title="bbox 391 5227 1512 5311">
     <span class='ocr_line' id='line_1_56' title="bbox 391 5227 1512 5311; baseline -0.019 -10"><span class='ocrx_word' id='word_1_722' title='bbox 391 5227 503 5311; x_wconf 53' lang='grc' dir='ltr'><strong>ᾖδ’)</strong></span> <span class='ocrx_word' id='word_1_723' title='bbox 526 5242 663 5295; x_wconf 79' lang='lat' dir='ltr'><strong>Vide</strong></span> <span class='ocrx_word' id='word_1_724' title='bbox 692 5238 854 5311; x_wconf 64' lang='lat' dir='ltr'><strong>hujus</strong></span> <span class='ocrx_word' id='word_1_725' title='bbox 884 5227 1205 5311; x_wconf 64' lang='lat' dir='ltr'><strong>Patrologia:</strong></span> <span class='ocrx_word' id='word_1_726' title='bbox 1235 5227 1512 5311; x_wconf 58' lang='lat' dir='ltr'><strong>tom._3{V_.</strong></span> 
     </span>
    </p>
   </div>
   <div class='ocr_carea' id='block_1_57' title="bbox 392 5296 1945 5385">
    <p class='ocr_par' dir='ltr' id='par_1_57' title="bbox 392 5296 1945 5385">
     <span class='ocr_line' id='line_1_57' title="bbox 392 5296 1945 5385; baseline -0.008 -19"><span class='ocrx_word' id='word_1_727' title='bbox 392 5296 500 5385; x_wconf 55' lang='lat' dir='ltr'><strong>iis;</strong></span> <span class='ocrx_word' id='word_1_728' title='bbox 533 5312 733 5385; x_wconf 81' lang='lat' dir='ltr'><strong>Euseb.</strong></span> <span class='ocrx_word' id='word_1_729' title='bbox 766 5296 925 5361; x_wconf 72' lang='lat' dir='ltr'><strong>&#39;Hin.</strong></span> <span class='ocrx_word' id='word_1_730' title='bbox 953 5303 1082 5385; x_wconf 63' lang='lat' dir='ltr'><strong>ccci.</strong></span> <span class='ocrx_word' id='word_1_731' title='bbox 1107 5296 1153 5356; x_wconf 85' lang='grc' dir='ltr'><strong>Ἰ.</strong></span> <span class='ocrx_word' id='word_1_732' title='bbox 1191 5317 1242 5354; x_wconf 83' lang='grc' dir='ltr'><strong>ν.</strong></span> <span class='ocrx_word' id='word_1_733' title='bbox 1276 5300 1453 5363; x_wconf 73' lang='lat' dir='ltr'><strong>c.10;</strong></span> <span class='ocrx_word' id='word_1_734' title='bbox 1491 5297 1527 5350; x_wconf 91' lang='lat' dir='ltr'><strong>t.</strong></span> <span class='ocrx_word' id='word_1_735' title='bbox 1561 5312 1704 5364; x_wconf 57' lang='grc' dir='ltr'><strong>ηε.</strong></span> <span class='ocrx_word' id='word_1_736' title='bbox 1733 5299 1822 5363; x_wconf 70' lang='grc' dir='ltr'><strong>η,</strong></span> <span class='ocrx_word' id='word_1_737' title='bbox 1859 5298 1945 5353; x_wconf 72' lang='lat' dir='ltr'><strong>ts.</strong></span> 
     </span>
    </p>
   </div>
   <div class='ocr_carea' id='block_1_58' title="bbox 1156 5296 2709 5385">
    <p class='ocr_par' dir='ltr' id='par_1_58' title="bbox 1191 5296 2709 5364">
     <span class='ocr_line' id='line_1_58' title="bbox 1191 5296 2709 5364; baseline 0.001 -10"><span class='ocrx_word' id='word_1_738' title='bbox 1191 5317 1242 5354; x_wconf 83' lang='grc' dir='ltr'><strong>ν.</strong></span> <span class='ocrx_word' id='word_1_739' title='bbox 1276 5316 1325 5355; x_wconf 93' lang='lat' dir='ltr'><strong>c.</strong></span> <span class='ocrx_word' id='word_1_740' title='bbox 1354 5300 1453 5363; x_wconf 72' lang='lat'><strong>10;</strong></span> <span class='ocrx_word' id='word_1_741' title='bbox 1491 5297 1527 5350; x_wconf 86' lang='grc' dir='ltr'><strong>Ι.</strong></span> <span class='ocrx_word' id='word_1_742' title='bbox 1561 5312 1704 5364; x_wconf 77' lang='lat' dir='ltr'><strong>vr,c.</strong></span> <span class='ocrx_word' id='word_1_743' title='bbox 1733 5299 1822 5363; x_wconf 73' lang='lat' dir='ltr'><strong>M,</strong></span> <span class='ocrx_word' id='word_1_744' title='bbox 1859 5298 1949 5353; x_wconf 67' lang='grc'><strong>15.</strong></span> <span class='ocrx_word' id='word_1_745' title='bbox 1983 5296 2206 5354; x_wconf 82' lang='lat' dir='ltr'><strong>Hieron.</strong></span> <span class='ocrx_word' id='word_1_746' title='bbox 2240 5298 2317 5353; x_wconf 78' lang='lat' dir='ltr'><strong>De</strong></span> <span class='ocrx_word' id='word_1_747' title='bbox 2348 5301 2446 5355; x_wconf 81' lang='lat' dir='ltr'><strong>vir.</strong></span> <span class='ocrx_word' id='word_1_748' title='bbox 2494 5300 2709 5357; x_wconf 51' lang='lat' dir='ltr'><strong>illustra</strong></span> 
     </span>
    </p>
   </div>
   <div class='ocr_carea' id='block_1_59' title="bbox 394 5372 1094 5452">
    <p class='ocr_par' dir='ltr' id='par_1_59' title="bbox 394 5372 1094 5452">
     <span class='ocr_line' id='line_1_59' title="bbox 394 5372 1094 5452; baseline -0.027 -10"><span class='ocrx_word' id='word_1_749' title='bbox 394 5372 498 5452; x_wconf 46' lang='grc' dir='ltr'><strong>ἰέἸῇ</strong></span> <span class='ocrx_word' id='word_1_750' title='bbox 527 5384 603 5437; x_wconf 77' lang='lat' dir='ltr'><strong>De</strong></span> <span class='ocrx_word' id='word_1_751' title='bbox 668 5382 760 5436; x_wconf 77' lang='lat' dir='ltr'><strong>vit.</strong></span> <span class='ocrx_word' id='word_1_752' title='bbox 815 5373 1094 5452; x_wconf 62' lang='lat' dir='ltr'><strong>contempt.</strong></span> 
     </span>
    </p>
   </div>
   <div class='ocr_carea' id='block_1_60' title="bbox 397 5440 1950 5601">
    <p class='ocr_par' dir='ltr' id='par_1_60' title="bbox 397 5440 1950 5601">
     <span class='ocr_line' id='line_1_60' title="bbox 397 5440 1675 5531; baseline -0.025 -18"><span class='ocrx_word' id='word_1_753' title='bbox 397 5440 500 5531; x_wconf 58' lang='grc' dir='ltr'><strong>ἦξε)</strong></span> <span class='ocrx_word' id='word_1_754' title='bbox 543 5454 687 5507; x_wconf 68' lang='lat' dir='ltr'><strong>Hoc.</strong></span> <span class='ocrx_word' id='word_1_755' title='bbox 719 5447 843 5503; x_wconf 85' lang='lat' dir='ltr'><strong>eccl.</strong></span> <span class='ocrx_word' id='word_1_756' title='bbox 871 5447 965 5499; x_wconf 70' lang='grc' dir='ltr'><strong>ιη».</strong></span> <span class='ocrx_word' id='word_1_757' title='bbox 1000 5440 1059 5502; x_wconf 78' lang='lat' dir='ltr'><strong>n,</strong></span> <span class='ocrx_word' id='word_1_758' title='bbox 1096 5440 1261 5495; x_wconf 68' lang='lat' dir='ltr'><strong>c.17.</strong></span> <span class='ocrx_word' id='word_1_759' title='bbox 1400 5509 1411 5525; x_wconf 37' lang='grc' dir='ltr'><strong><em>ο</em></strong></span> <span class='ocrx_word' id='word_1_760' title='bbox 1608 5510 1619 5520; x_wconf 37' lang='lat'><em>.</em></span> <span class='ocrx_word' id='word_1_761' title='bbox 1664 5509 1675 5520; x_wconf 37' lang='lat'><strong>.</strong></span> 
     </span>
     <span class='ocr_line' id='line_1_61' title="bbox 401 5516 1950 5601; baseline -0.015 -18"><span class='ocrx_word' id='word_1_762' title='bbox 401 5531 506 5601; x_wconf 64' lang='grc' dir='ltr'><strong>μυ)</strong></span> <span class='ocrx_word' id='word_1_763' title='bbox 539 5525 676 5601; x_wconf 74' lang='lat' dir='ltr'><strong>Nam</strong></span> <span class='ocrx_word' id='word_1_764' title='bbox 701 5518 878 5601; x_wconf 46' lang='lat' dir='ltr'><strong>Tali-23¢&quot;</strong></span> <span class='ocrx_word' id='word_1_765' title='bbox 918 5524 997 5601; x_wconf 45' lang='lat' dir='ltr'><strong>est</strong></span> <span class='ocrx_word' id='word_1_766' title='bbox 1025 5526 1483 5601; x_wconf 16' lang='grc' dir='ltr'><strong>λτρξξξωγςταξξᾉιί,</strong></span> <span class='ocrx_word' id='word_1_767' title='bbox 1532 5516 1768 5601; x_wconf 45' lang='lat' dir='ltr'><strong>‘t‘rtqmtn</strong></span> <span class='ocrx_word' id='word_1_768' title='bbox 1808 5524 1950 5601; x_wconf 45' lang='lat' dir='ltr'><strong>fama</strong></span> 
     </span>
    </p>
   </div>
   <div class='ocr_carea' id='block_1_61' title="bbox 2014 5440 3567 5601">
    <p class='ocr_par' dir='ltr' id='par_1_61' title="bbox 2014 5496 3567 5601">
     <span class='ocr_line' id='line_1_62' title="bbox 2014 5496 3567 5601; baseline -0.011 -38"><span class='ocrx_word' id='word_1_769' title='bbox 2014 5526 2082 5601; x_wconf 56' lang='lat' dir='ltr'><strong>tut</strong></span> <span class='ocrx_word' id='word_1_770' title='bbox 2118 5510 2292 5601; x_wconf 48' lang='grc' dir='ltr'><strong>τηυξ,</strong></span> <span class='ocrx_word' id='word_1_771' title='bbox 2331 5516 2395 5601; x_wconf 50' lang='lat' dir='ltr'><strong>us</strong></span> <span class='ocrx_word' id='word_1_772' title='bbox 2415 5505 2751 5601; x_wconf 50' lang='lat' dir='ltr'><strong>Po‘qpltv&#39;rius</strong></span> <span class='ocrx_word' id='word_1_773' title='bbox 2796 5512 2945 5557; x_wconf 87' lang='lat' dir='ltr'><strong>notat</strong></span> <span class='ocrx_word' id='word_1_774' title='bbox 2989 5496 3567 5601; x_wconf 53' lang='lat' dir='ltr'><strong>inhﬂgqriricisnm</strong></span> 
     </span>
    </p>
   </div>
   <div class='ocr_carea' id='block_1_62' title="bbox 322 5565 3565 5655">
    <p class='ocr_par' dir='ltr' id='par_1_62' title="bbox 322 5565 3565 5655">
     <span class='ocr_line' id='line_1_63' title="bbox 322 5565 3565 5655; baseline -0.011 0"><span class='ocrx_word' id='word_1_775' title='bbox 322 5565 1043 5655; x_wconf 40' lang='lat' dir='ltr'><strong>K&#39;ulus&#39;hellius</strong></span> <span class='ocrx_word' id='word_1_776' title='bbox 1073 5565 1266 5655; x_wconf 24' lang='lat' dir='ltr'><strong>&#39;(liban</strong></span> <span class='ocrx_word' id='word_1_777' title='bbox 1322 5565 1482 5655; x_wconf 64' lang='grc' dir='ltr'><strong><em>Νοεεί</em></strong></span> <span class='ocrx_word' id='word_1_778' title='bbox 1514 5565 1775 5655; x_wconf 33' lang='lat' dir='ltr'><strong>Atticae.</strong></span> <span class='ocrx_word' id='word_1_779' title='bbox 1808 5578 1890 5648; x_wconf 69' lang='grc' dir='ltr'><strong>ὃ).</strong></span> <span class='ocrx_word' id='word_1_780' title='bbox 1932 5581 2170 5655; x_wconf 71' lang='lat' dir='ltr'><strong>codicem</strong></span> <span class='ocrx_word' id='word_1_781' title='bbox 2195 5565 2454 5655; x_wconf 61' lang='lat' dir='ltr'><strong>zEneidos</strong></span> <span class='ocrx_word' id='word_1_782' title='bbox 2480 5565 2688 5646; x_wconf 69' lang='lat' dir='ltr'><strong>Virgilii</strong></span> <span class='ocrx_word' id='word_1_783' title='bbox 2712 5614 2758 5655; x_wconf 39' lang='lat'><strong>,‘</strong></span> <span class='ocrx_word' id='word_1_784' title='bbox 2788 5570 3094 5655; x_wconf 34' lang='lat' dir='ltr'><strong>quem‘sibi</strong></span> <span class='ocrx_word' id='word_1_785' title='bbox 3126 5567 3311 5655; x_wconf 63' lang='lat' dir='ltr'><strong>iturine</strong></span> <span class='ocrx_word' id='word_1_786' title='bbox 3343 5565 3565 5655; x_wconf 43' lang='lat' dir='ltr'><strong>«atillam</strong></span> 
     </span>
    </p>
   </div>
   <div class='ocr_carea' id='block_1_63' title="bbox 324 5634 3573 5741">
    <p class='ocr_par' dir='ltr' id='par_1_63' title="bbox 324 5634 3573 5741">
     <span class='ocr_line' id='line_1_64' title="bbox 324 5634 3573 5741; baseline -0.011 -15"><span class='ocrx_word' id='word_1_787' title='bbox 324 5634 1390 5741; x_wconf 37' lang='lat' dir='ltr'><strong>Ig&#39;r&#39;ZiKSEiiéIé&#39;éindicit}.&quot;sagittariis</strong></span> <span class='ocrx_word' id='word_1_788' title='bbox 1446 5666 1514 5730; x_wconf 61' lang='lat' dir='ltr'><strong>xit</strong></span> <span class='ocrx_word' id='word_1_789' title='bbox 1544 5634 1744 5741; x_wconf 40' lang='lat' dir='ltr'><strong>.aureis</strong></span> <span class='ocrx_word' id='word_1_790' title='bbox 1812 5634 2170 5707; x_wconf 70' lang='lat' dir='ltr'><strong>ostenderat.</strong></span> <span class='ocrx_word' id='word_1_791' title='bbox 2201 5650 2461 5704; x_wconf 79' lang='lat' dir='ltr'><strong>miranda:</strong></span> <span class='ocrx_word' id='word_1_792' title='bbox 2510 5634 3002 5707; x_wconf 48' lang='lat' dir='ltr'><strong>ttet‘itstatis&#39;romt,</strong></span> <span class='ocrx_word' id='word_1_793' title='bbox 3033 5648 3087 5695; x_wconf 89' lang='lat' dir='ltr'><strong>et</strong></span> <span class='ocrx_word' id='word_1_794' title='bbox 3134 5651 3315 5694; x_wconf 90' lang='lat' dir='ltr'><strong>tamen</strong></span> <span class='ocrx_word' id='word_1_795' title='bbox 3366 5634 3573 5691; x_wconf 80' lang='lat' dir='ltr'><strong>Gellius</strong></span> 
     </span>
    </p>
   </div>
   <div class='ocr_carea' id='block_1_64' title="bbox 325 5719 1601 5800">
    <p class='ocr_par' dir='ltr' id='par_1_64' title="bbox 325 5719 1601 5800">
     <span class='ocr_line' id='line_1_65' title="bbox 325 5719 1601 5800; baseline -0.02 -2"><span class='ocrx_word' id='word_1_796' title='bbox 325 5719 597 5796; x_wconf 54' lang='lat' dir='ltr'><strong>Bbﬁ&#39;ciaéd</strong></span> <span class='ocrx_word' id='word_1_797' title='bbox 632 5733 791 5800; x_wconf 71' lang='lat' dir='ltr'><strong>longe</strong></span> <span class='ocrx_word' id='word_1_798' title='bbox 815 5719 934 5799; x_wconf 81' lang='lat' dir='ltr'><strong>post</strong></span> <span class='ocrx_word' id='word_1_799' title='bbox 964 5719 1186 5794; x_wconf 76' lang='lat' dir='ltr'><strong>Virgilii</strong></span> <span class='ocrx_word' id='word_1_800' title='bbox 1205 5731 1416 5776; x_wconf 81' lang='lat' dir='ltr'><strong>aetatem</strong></span> <span class='ocrx_word' id='word_1_801' title='bbox 1449 5719 1601 5773; x_wconf 74' lang='lat' dir='ltr'><strong>vixit.</strong></span> 
     </span>
    </p>
   </div>
  </div>
