3934 6218
1199 104 1238 138 \

401 297 527 357 6l5'
1234 301 1290 356 S.
1338 300 1708 356 ATIIANASII
1748 301 1898 357 OPP.
1941 302 2120 357 PARS
2159 302 2245 357 Ill.
2285 333 2354 341 —
2388 301 2802 358 EXEGETICA.
3532 305 3634 360 6l6

403 424 786 492 patrocinium,
827 434 885 476 ut
914 423 1014 491 ipsi
1047 425 1424 488 autumabant,
1457 425 1539 478 vel
1573 425 1636 477 ad
1664 422 1947 479 Trinitatis
1981 426 2296 496 mysterium
2324 424 2773 488 subvertendum,
2799 423 2879 476 vel
2915 422 2987 476 ad
3008 423 3274 492 legitimas
3305 421 3522 491 nuptias
3554 439 3637 476 re-

402 516 664 584 jiciendas
689 515 791 570 sibi
820 523 1227 584 compararunt.
1261 513 1448 583 Itaque
1475 516 1603 570 hinc
1626 515 1828 569 factum
1857 528 1958 582 est,
1989 524 2050 569 ut
2079 526 2266 585 postea
2295 514 2454 584 hujus
2486 513 2764 583 Evangelii
2793 530 2822 567 a
2851 513 3097 568 seetariis
3119 511 3359 580 corrupti
3385 521 3439 564 et
3467 511 3637 566 inter-

405 607 566 676 polati
589 648 603 672 ,
640 607 694 659 in
728 622 1033 676 pravosque
1066 622 1260 660 sensus
1289 606 1407 675 ejus
1435 609 1613 661 verbis
1637 609 1922 676 expositis,
1955 616 2212 677 tanquam
2229 606 2368 660 .libri
2405 607 2721 676 apocryphi,
2755 617 2807 660 et
2831 604 2995 659 veluti
3031 605 3229 674 putidae
3261 604 3636 658 luereticorum

405 701 603 752 mercis
632 700 974 753 meminerint
1003 698 1059 754 S.
1089 698 1452 768 Epiphanius,
1481 698 1538 752 S.
1565 699 1955 770 llieronymus,
1981 701 2239 770 Origenes
2259 739 2273 764 ,
2301 697 2456 754 Titus
2491 699 2827 764 Bostrensis,
2873 697 3309 767 TheOphylactus
3343 696 3477 767 (30).
3533 693 3638 749 Sed

402 805 464 844 eo
495 802 754 853 revertor,
798 792 940 845 unde
969 793 1130 860 paulo
1157 799 1282 844 ante
1313 791 1590 860 digressus
1621 807 1763 844 sum.

471 881 658 934 XVIII.
691 882 982 937 Enimvero
1013 899 1120 936 non
1145 883 1319 937 solum
1348 884 1708 949 Alexandria3,
1742 884 1836 939 sed
1869 884 2031 938 etiam
2058 884 2258 953 ubique
2289 883 2654 938 Ecclesiarum
2683 881 2919 937 Orientis
2953 881 3145 952 primis
3171 881 3494 961 Christiana:
3517 879 3638 934 ﬁdei

403 975 618 1028 saeculis
647 976 937 1044 allegorica
970 991 1249 1030 sacrarum
1282 974 1684 1044 Seripturarum
1721 978 2090 1045 interpretatio
2117 978 2372 1032 obtinuit.
2406 977 2469 1030 Et
2505 977 2722 1046 quidem
2757 975 3212 1045 quemadmodum
3247 977 3448 1030 nimius
3479 986 3641 1044 atque

404 1065 800 1120 immoderatus
827 1068 1140 1136 huiusmodi
1170 1067 1632 1136 interpretationis
1656 1083 1808 1130 usus,
1844 1083 1966 1121 cum
1994 1069 2197 1122 scilicet
2221 1068 2418 1123 abditis
2454 1067 2859 1137 Scripturarum
2891 1067 3141 1122 sensibus
3165 1067 3498 1136 explicandis
3532 1069 3638 1121 mi-

403 1159 548 1213 nime
579 1158 836 1225 inservit,
873 1161 964 1213 sed
992 1176 1055 1214 ea
1083 1161 1318 1229 scriptor
1341 1161 1407 1214 ad
1442 1176 1543 1213 suo
1579 1160 1964 1227 indulgendum
1994 1161 2208 1230 ingenio
2237 1160 2480 1214 abutitur
2501 1202 2514 1224 ,
2549 1162 2971 1229 reprehensione
2999 1161 3194 1229 dignus
3226 1160 3470 1214 videtur:
3507 1160 3577 1214 ita
3609 1175 3640 1214 c

401 1251 618 1306 diverso
649 1253 806 1306 laude
829 1254 1181 1323 excipiendus
1207 1264 1321 1321 est,
1350 1270 1473 1309 cum
1519 1254 1746 1322 receptis
1770 1263 2010 1306 veterum
2052 1253 2272 1307 Patrum
2310 1255 2512 1322 regulis
2541 1270 2603 1308 ac
2643 1255 2924 1323 prteceptis
2956 1253 3186 1316 insistit,
3233 1260 3286 1306 et
3336 1253 3475 1305 intra
3510 1265 3639 1304 suos

401 1341 602 1398 limites
631 1359 690 1398 se
723 1347 982 1399 continet.
1018 1348 1198 1416 Itaque
1229 1349 1336 1399 duo
1371 1347 1423 1399 in
1461 1347 1561 1400 hac
1597 1363 1653 1400 re
1689 1347 1895 1414 scopuli
1925 1362 2272 1415 summopere
2299 1347 2501 1400 vitandi
2535 1357 2695 1411 sunt,
2730 1348 2782 1400 in
2823 1362 3055 1417 quorum
3089 1347 3316 1400 alterum
3351 1345 3638 1414 impegisse

402 1437 682 1499 videntur,
707 1438 799 1505 qui
831 1449 1118 1506 sequentes
1150 1439 1404 1508 mysticos
1434 1454 1629 1493 sensus
1653 1480 1666 1503 ,
1698 1449 1751 1492 et
1779 1438 2101 1508 allegoricas
2127 1441 2598 1508 interpretationes
2630 1441 2697 1493 ab
2729 1440 2986 1493 historica
3021 1452 3299 1492 sacrarum
3335 1436 3636 1488 litterarum

401 1527 626 1580 veritate
661 1528 1067 1590 discesserunt;
1101 1532 1241 1597 apud
1274 1531 1502 1584 alterum
1533 1547 1661 1584 vero
1695 1531 1889 1584 misere
1922 1529 2264 1600 naufragium
2292 1531 2507 1595 fecisse,
2545 1533 2636 1602 qui
2665 1531 2936 1586 mordicus
2961 1530 3175 1584 litterali
3209 1528 3637 1596 interpretationi

399 1614 724 1673 inliterentes
743 1662 756 1685 ,
783 1621 984 1675 relictis
1014 1633 1254 1676 veterum
1281 1631 1593 1676 sanctorum
1623 1621 1843 1677 Patrum
1872 1623 2113 1691 vestigiis
2133 1665 2148 1689 ,
2185 1625 2240 1677 in
2288 1624 2441 1677 devia
2469 1639 2531 1679 ac
2576 1634 2847 1694 praerupta
2885 1624 3147 1678 abeuntes
3195 1621 3248 1675 in
3294 1622 3412 1674 luce
3443 1621 3638 1675 divium

397 1729 586 1767 eorum
610 1716 886 1785 sapientiae
910 1733 973 1771 ac
1006 1719 1243 1772 C(BICSIIS
1265 1719 1526 1772 doctrina:
1555 1719 1940 1791 caligaverunt.
1976 1719 2154 1789 Atque
2178 1721 2249 1774 ita
2271 1763 2285 1786 ,
2316 1721 2517 1775 clausis
2552 1719 2619 1772 ad
2660 1719 3029 1788 evangelicum
3065 1717 3245 1769 lumen
3295 1713 3501 1778 oculis,
3547 1727 3640 1780 per

401 1803 627 1858 humilia
663 1819 960 1876 reptantes,
991 1809 1165 1862 solum
1195 1811 1431 1863 humana
1461 1825 1524 1864 ac
1553 1819 1765 1865 terrena
1794 1810 2176 1879 percipientes,
2207 1811 2542 1880 majestatetn
2575 1809 2667 1862 Dei
2702 1809 2755 1862 in
2783 1810 3002 1862 Christo
3028 1808 3255 1861 Domino
3278 1806 3461 1860 animo
3491 1819 3642 1857 com-

399 1895 732 1961 prehendere
756 1885 1148 1968 nequivcrunt,
1186 1901 1305 1955 ideo
1331 1917 1527 1971 negare
1555 1902 1670 1956 ausi
1700 1914 1828 1956 sunt
1854 1920 1867 1967 ;
1896 1912 1948 1956 et
1978 1913 2248 1958 sectantes
2279 1904 2637 1957 humilitatem
2668 1902 2857 1956 littera
2882 1917 2912 1954 a
2939 1900 3272 1954 sublimitate
3319 1897 3640 1953 exciderunt

400 1985 727 2044 Divinitatis.
770 1990 844 2044 Ex
890 1992 1086 2045 horum
1121 2008 1348 2046 numero
1384 1992 1604 2047 fuerunt
1641 1993 1880 2047 Ebiontei
1909 2034 1922 2058 ,
1970 1992 2350 2060 Paulianistre,
2389 1992 2766 2048 Socinianista:
2793 2035 2806 2058 ,
2840 1991 3040 2062 aliique
3087 1990 3312 2044 istorum
3355 2003 3637 2072 sequaces.

397 2076 760 2145 Quamobrem
797 2099 863 2136 ne
889 2095 1034 2137 recto
1067 2085 1257 2138 itinere
1285 2085 1473 2139 relicto
1495 2124 1509 2146 ,
1546 2086 1598 2138 in
1635 2087 1814 2140 brevia
1846 2102 1910 2140 ac
1941 2093 2114 2156 syrtes
2145 2087 2458 2139 aberremus
2478 2125 2492 2150 ,
2531 2086 2582 2137 in
2617 2101 2675 2139 re
2710 2093 2816 2138 tam
2848 2083 3046 2138 diﬁieili
3067 2122 3080 2144 ,
3111 2082 3352 2149 tantique
3380 2077 3639 2132 momentl

400 2173 623 2226 omnino
651 2177 914 2230 servanda
944 2191 973 2230 a
1001 2177 1158 2231 nobis
1185 2187 1268 2231 est
1301 2178 1505 2246 regula,
1534 2193 1696 2246 quam
1728 2179 1828 2232 sibi
1861 2179 2198 2247 sequendam
2233 2177 2518 2246 proposuit
2543 2185 2767 2231 sanctus
2795 2174 3087 2246 Gregorius
3119 2173 3514 2236 Nazianzenus,
3548 2171 3639 2239 qui

399 2264 454 2318 in
479 2265 724 2319 oratione
751 2268 1166 2339 quadragesima
1191 2271 1463 2324 secunda:
1499 2288 1518 2320 ί
1543 2267 1673 2335 Nos,
1694 2270 1888 2338 inquit,
1918 2271 2092 2324 media
2119 2270 2352 2339 quadam
2381 2269 2468 2322 via
2493 2269 2634 2322 inter
2658 2283 2752 2324 eos
2769 2271 2860 2339 qui
2888 2270 3158 2324 crassiore
3177 2267 3402 2321 omnino
3425 2265 3641 2334 ingenio

397 2365 544 2419 sunt,
581 2367 634 2409 et
663 2371 756 2411 eos
783 2359 874 2426 qui
908 2359 1072 2412 nimio
1100 2361 1574 2430 contemplationis
1600 2371 1652 2414 et
1683 2363 1960 2431 auagogia:
1997 2364 2176 2416 studio
2206 2363 2501 2426 ducuntur,
2535 2362 2866 2425 incedentes,
2893 2371 2953 2416 ut
2977 2377 3076 2415 nec
3103 2374 3327 2429 prorsus
3352 2358 3554 2411 inertes
3578 2372 3639 2410 ac

398 2449 594 2517 torpidi
632 2467 951 2507 maneamus
973 2493 988 2515 ,
1023 2469 1122 2509 nec
1152 2470 1346 2508 rursus
1377 2455 1707 2510 curiosiores
1735 2457 1907 2510 simus
1936 2472 2098 2524 quam
2127 2474 2225 2526 par
2255 2458 2359 2522 sit,
2395 2466 2556 2527 atque
2587 2472 2617 2509 a
2655 2457 2930 2526 proposito
2959 2463 3278 2526 argumento
3324 2450 3638 2504 excidamus

396 2552 450 2596 et
477 2559 768 2614 evagemur
795 2547 1048 2614 (alterum
1079 2549 1221 2603 enim
1247 2548 1532 2604 Judaicum
1563 2551 1965 2618 quodammodo
1991 2561 2043 2605 et
2069 2552 2340 2620 ahjectum
2363 2590 2378 2614 ,
2415 2550 2646 2604 alterum
2681 2549 2918 2618 ineptum
2940 2591 2954 2614 ,
2991 2564 3054 2602 ac
3085 2547 3420 2601 somniorum
3451 2541 3636 2610 conje-

393 2647 546 2694 ctore
577 2640 798 2710 dignum
818 2684 833 2702 ,
861 2657 1151 2713 paremque
1180 2655 1472 2714 utrumque
1499 2645 1974 2714 reprehensionem
2011 2655 2308 2714 meretur),
2335 2645 2399 2699 ad
2435 2645 2579 2699 hunc
2609 2644 2827 2697 modum
2861 2646 2926 2694 de
2971 2640 3054 2694 his
3098 2639 3262 2692 rebus
3295 2650 3393 2706 pro
3441 2635 3635 2687 virium

396 2745 708 2788 nostrarum
741 2737 959 2790 modulo
993 2753 1099 2791 non
1133 2738 1296 2792 nimis
1324 2739 1559 2792 absurde
1581 2753 1679 2792 nec
1713 2738 1940 2791 ridicule
1962 2739 2350 2792 disseremus.»
2387 2737 2658 2791 Teneatur
2687 2736 2849 2790 etiam
2888 2734 3055 2786 altera
3076 2727 3636 2800 interpretationislex

395 2843 428 2882 a
454 2842 649 2897 magno
681 2828 986 2898 Augustino
1019 2829 1247 2898 aliisque
1279 2827 1532 2883 Patrihus
1561 2829 1756 2883 tradita
1777 2870 1790 2892 ,
1826 2839 1883 2883 ut
1931 2837 2043 2882 tum
2073 2829 2246 2883 solum
2281 2828 2584 2898 proprietas
2616 2828 2805 2880 littera:
2836 2826 3206 2893 relinquatur,
3241 2823 3284 2876 si
3318 2837 3385 2875 ex
3418 2821 3638 2879 litterali

396 2920 747 2990 intelligentia
772 2923 1040 2977 absurdus
1073 2922 1369 2992 Scriptura:
1398 2938 1618 2988 sensus,
1657 2924 1738 2977 vel
1772 2924 2055 2978 catholica:
2079 2922 2334 2977 Ecclesia:
2363 2923 2624 2976 doctrinae
2649 2932 2700 2976 et
2725 2920 2998 2975 traditioni
3031 2917 3338 2972 contrarius
3364 2916 3632 2970 eliciatur.

397 3013 494 3070 Sin
519 3030 679 3070 secus
699 3058 712 3082 ,
741 3017 813 3071 ita
849 3018 1136 3088 mysticum
1165 3026 1218 3071 et
1247 3017 1595 3087 allegoricum
1627 3033 1846 3072 sensum
1878 3034 1907 3071 a
1939 3017 2190 3072 Patrihus
2218 3019 2502 3087 probatum
2539 3016 2693 3086 sequi
2726 3017 2935 3085 placeat
2961 3053 2976 3075 .
3009 3024 3065 3068 ut
3104 3013 3402 3082 proprietas
3447 3012 3638 3064 littera:

395 3119 506 3159 non
533 3107 865 3175 repudietur.
902 3105 1075 3161 Verba
1109 3106 1396 3176 Augustini
1431 3108 1484 3160 in
1519 3108 1659 3162 libro
1703 3124 1822 3171 vui,
1851 3123 1971 3177 cap.
2016 3109 2041 3161 1
2092 3108 2168 3162 De
2206 3107 2388 3162 Genesi
2428 3110 2495 3160 ad
2531 3109 2799 3172 litteram,
2828 3107 2918 3160 ubi
2959 3106 3201 3174 loquitur
3241 3105 3307 3158 de
3348 3103 3598 3171 paradiso
3621 3146 3635 3166 ,

395 3194 522 3248 talia
553 3203 713 3249 sunt:
759 3214 774 3246 ι
803 3195 944 3250 Sane
971 3196 1016 3248 si
1049 3196 1195 3249 nullo
1231 3195 1393 3250 modo
1423 3209 1645 3265 possent
1667 3197 1817 3252 salva
1847 3198 1949 3250 lide
1979 3199 2221 3252 veritatis
2242 3216 2304 3252 ea
2324 3239 2339 3264 ,
2370 3214 2490 3268 qua:
2522 3199 2877 3268 corporaliter
2901 3197 2987 3251 hic
3021 3197 3299 3249 nominata
3330 3204 3491 3258 sunt,
3518 3209 3638 3247 cor-

393 3288 659 3357 poraliter
678 3288 842 3342 etiam
867 3287 1062 3356 accipi,
1095 3287 1224 3356 quid
1255 3288 1400 3342 aliud
1431 3299 1766 3351 remaneret,
1799 3289 1902 3343 nisi
1938 3299 2083 3343 utea
2108 3292 2286 3359 potius
2318 3293 2544 3360 ﬁgurate
2578 3291 2722 3345 dicta
2772 3290 3197 3360 intelligeremus
3219 3329 3232 3351 ,
3282 3303 3444 3357 quam
3492 3286 3636 3340 Scri-

393 3386 610 3446 pturam
643 3387 888 3432 sanctam
919 3377 1083 3447 impie
1107 3378 1490 3447 culparemus?
1522 3378 1689 3432 Porro
1710 3391 1888 3433 autem
1923 3380 1968 3435 si
2004 3397 2109 3434 non
2142 3382 2316 3436 solum
2355 3399 2458 3436 non
2487 3383 2825 3453 impediunt,
2861 3398 3048 3437 verum
3083 3382 3245 3436 etiam
3290 3380 3518 3436 solidius
3551 3393 3638 3433 as-

392 3479 583 3526 serunt
610 3471 779 3525 divini
812 3470 1014 3539 eloquii
1042 3473 1406 3525 narrationem
1440 3472 1554 3526 ha:c
1583 3472 1744 3526 etiam
1777 3473 2131 3540 corporaliter
2159 3475 2430 3530 intellecta
2452 3518 2466 3541 ,
2498 3491 2659 3530 nemo
2681 3477 2820 3540 erit,
2858 3485 2915 3530 ut
2943 3477 3135 3545 opinor
3155 3516 3170 3539 ,
3207 3487 3316 3530 tam
3351 3476 3636 3530 inﬁdeliter

393 3564 663 3634 pertinax,
698 3562 814 3632 qui,
845 3578 966 3616 eum
1001 3577 1064 3616 ea
1098 3563 1394 3617 secundum
1428 3563 1666 3631 regulam
1696 3561 1820 3616 ﬁdei
1841 3564 2084 3631 exposita
2111 3567 2326 3634 proprie
2352 3567 2567 3633 viderit,
2594 3569 2746 3621 malit
2782 3568 2834 3622 in
2868 3568 3083 3637 propria
3110 3583 3390 3622 remanere
3414 3577 3634 3622 senten-

391 3658 498 3722 tia,
527 3655 572 3712 si
601 3653 741 3709 forte
774 3655 850 3709 illi
879 3657 993 3710 visa
1023 3656 1273 3718 fuerant,
1311 3653 1529 3707 nonnisi
1563 3653 1787 3721 ligurate
1817 3668 1976 3721 posse
2004 3655 2197 3724 accipi.
2226 3675 2244 3708 ι
2300 3655 2525 3712 Demum
2561 3659 2627 3712 ad
2680 3660 2794 3714 hzec
2837 3670 2888 3713 et
2941 3660 3070 3713 illud
3122 3661 3426 3714 addendum
3467 3668 3633 3730 puto,

389 3731 944 3820 quod'docerh‘eatus
970 3748 1207 3802 Joannes
1230 3746 1690 3817 Chrysostomus,
1727 3748 1971 3799 onmium
2005 3748 2096 3816 qui
2143 3765 2381 3819 unquam
2433 3751 2652 3806 fuerunt
2703 3763 2797 3806 aut
2844 3765 2970 3808 sunt
3017 3754 3418 3824 Scripturarum
3466 3755 3636 3808 inter-

388 3855 589 3916 pretes,
621 3845 1126 3916 praestantissimus,
1157 3840 1379 3911 etquod
1413 3856 1604 3895 omnes
1647 3856 1757 3909 pra:
1782 3842 1956 3895 oculis
1992 3842 2190 3897 habere
2219 3845 2437 3910 debent,
2476 3847 2567 3916 qui
2600 3863 2788 3902 sacras
2819 3847 3128 3919 Scripturas
3159 3849 3507 3917 interpretari
3540 3862 3632 3904 aut

389 3938 567 4009 legere
591 3938 1009 4008 aggrediuntur:
1047 3954 1064 3985 ‹
1089 3934 1274 4004 Neque
1316 3931 1460 3987 enim
1485 3975 1498 4000 ,
1549 3933 1728 4003 inquit
1768 3936 1910 4005 (5i),
1957 3936 2218 4004 sapientia
2276 3938 2513 3994 humana
2567 3956 2704 4010 opus
2738 3941 2899 3997 habet
2925 3943 3102 3996 divina
3140 3943 3450 4012 Scriptura,
3487 3953 3546 3996 ut
3571 3959 3629 3996 ea

389 4046 512 4102 qua:
540 4031 740 4099 scripta
769 4040 914 4091 sunt,
950 4027 1338 4095 intelligantur,
1373 4024 1466 4078 sed
1493 4025 1821 4079 revelatione
1849 4024 2106 4094 Spiritus,
2138 4035 2196 4080 ut
2221 4042 2405 4081 verum
2437 4044 2658 4084 sensum
2681 4047 2872 4086 eorum
2902 4049 3022 4103 qua:
3049 4033 3101 4086 in
3127 4034 3232 4090 illis
3261 4037 3627 4092 continentur:

389 4124 768 4197 percipientes,
803 4137 1054 4192 magnam
1087 4121 1209 4173 inde
1239 4119 1539 4173 referamus
1571 4117 1878 4172 utilitatem.
1905 4138 1922 4169 ι

459 4216 600 4270 XIX.
633 4215 899 4269 Caeterum
951 4213 1213 4284 mysticus
1259 4228 1352 4266 seu
1396 4211 1718 4281 allegoricus
1755 4208 2162 4278 Scripturarum
2192 4226 2385 4266 sensus
2413 4214 2763 4275 {auctoritate
2796 4215 2930 4270 Novi
2982 4216 3313 4272 Testameuti
3356 4219 3624 4274 innititur.

388 4314 601 4369 Passim
626 4315 771 4367 enim
797 4321 1091 4367 occurrunt
1115 4312 1169 4362 in
1209 4307 1519 4379 Evangeliis
1550 4315 1603 4360 et
1626 4305 1902 4360 canonicis
1934 4305 2188 4377 Epistolis
2219 4309 2434 4378 mystici
2466 4325 2635 4364 sacrae
2667 4309 2961 4380 Scriptura:
2985 4327 3178 4367 sensus
3225 4322 3278 4366 et
3327 4314 3626 4385 allegorica.-

385 4408 797 4480 explicationes.
820 4406 997 4471 Quare
1029 4417 1258 4471 magnus
1285 4399 1578 4470 Gregorius
1604 4414 1884 4470 exponens
1914 4397 2163 4456 Romano
2189 4402 2392 4471 pepnlo
2424 4403 2734 4472 parabolam
2760 4405 2906 4458 illam
2938 4405 3002 4458 de
3030 4405 3247 4458 homine
3273 4405 3366 4474 qui
3389 4408 3626 4464 exiverat

385 4499 454 4552 ad
478 4496 886 4557 seminandum,
918 4503 1059 4548 recte
1091 4492 1303 4546 aiebat:
1332 4511 1350 4542 ι
1381 4489 1438 4545 Si
1471 4505 1569 4544 nos
1593 4489 1747 4545 vobis
1771 4504 1955 4544 semen
1982 4491 2205 4545 verbum
2231 4531 2246 4556 ,
2281 4509 2470 4562 agrum
2505 4494 2802 4559 mundum,
2832 4498 3079 4550 volucres
3106 4497 3370 4550 daemonia
3398 4537 3412 4562 ,
3443 4499 3627 4567 spinas

384 4590 606 4644 divitias
631 4587 938 4658 signiﬁcare
966 4585 1304 4648 diceremus,
1332 4584 1398 4638 ad
1423 4582 1755 4638 credendum
1795 4583 1950 4636 nobis
1995 4600 2146 4639 mens
2182 4583 2408 4640 forsitan
2445 4595 2622 4641 vestra
2660 4587 2963 4655 dubitaret;
2997 4590 3138 4645 unde
3169 4600 3220 4644 et
3256 4590 3394 4644 idem
3440 4590 3624 4645 Domi-

386 4694 491 4733 nus
517 4694 611 4748 per
649 4675 999 4743 semetipsum
1031 4672 1282 4741 dignatus
1308 4680 1393 4726 est
1425 4686 1694 4740 exponere
1725 4671 1869 4739 quod
1903 4672 2150 4740 dicebat,
2183 4683 2242 4727 ut
2277 4676 2464 4730 sciatis
2498 4692 2677 4731 rerum
2721 4680 3144 4748 signiﬁcationes
3171 4697 3413 4748 quterere
3459 4683 3512 4736 in
3558 4685 3623 4737 iis

382 4774 547 4827 etiam
581 4785 702 4839 qua:
728 4785 822 4838 per
852 4768 1201 4836 semetipsum
1231 4763 1406 4818 noluit
1431 4763 1726 4830 explicare.
1755 4761 2087 4832 Exponendo
2119 4782 2246 4837 ergo
2275 4769 2418 4838 quod
2453 4769 2624 4836 dixit,
2655 4771 2882 4841 ﬁgurate
2914 4787 2972 4826 se
3007 4772 3151 4841 loqui
3186 4773 3422 4826 imotuit
3444 4812 3458 4836 ,
3492 4790 3626 4843 qua-

384 4877 543 4920 tenus
571 4871 750 4917 certos
777 4875 874 4914 vos
907 4861 1182 4921 redderet,
1218 4871 1340 4910 cum
1370 4855 1523 4909 vobis
1560 4861 1744 4908 nostra
1771 4853 2037 4923 fragilitas
2069 4859 2355 4912 verborum
2393 4861 2539 4915 illius
2571 4862 2768 4932 ﬁguras
2799 4865 3052 4933 aperiret.
3081 4884 3099 4916 ›
3145 4864 3210 4918 Ει
3236 4867 3452 4935 quidem
3503 4876 3622 4936 quis

385 4970 625 5025 unquam
660 4953 764 5007 sibi
791 4951 1135 5020 persuaderet
1163 4964 1258 5017 per
1284 4947 1422 5000 duos
1458 4945 1689 4998 Abraha:
1721 4944 1861 4999 ﬁlios
1883 4987 1896 5008 ,
1927 4962 2161 5015 quorum
2197 4965 2337 5004 unus
2363 4965 2523 5006 natus
2544 4955 2716 5007 estde
2743 4955 2935 5008 ancilla
2959 4997 2974 5022 ,
3007 4957 3142 5010 alter
3175 4957 3240 5010 de
3280 4957 3446 5011 libera
3474 4999 3489 5023 ,
3518 4959 3622 5011 duo

374 5048 728 5104 (Testamenta
751 5043 1080 5114 signiﬁcari,
1115 5054 1282 5094 unum
1309 5037 1528 5107 quidem
1563 5036 1614 5088 in
1641 5044 1825 5090 monte
1853 5035 1983 5091 Sina
2011 5037 2062 5091 in
2099 5040 2414 5095 servitutem
2465 5058 2731 5113 generans
2759 5062 2772 5109 ;
2803 5045 3031 5100 alterum
3061 5063 3187 5101 vero
3219 5048 3272 5100 in
3316 5048 3617 5102 libertatem

381 5143 616 5196 ﬁliorum
651 5137 780 5202 Dei,
815 5152 920 5206 qua
950 5134 1204 5190 Christus
1236 5146 1334 5185 nos
1362 5128 1586 5183 donavit
1611 5128 1666 5180 ‘?
1693 5127 1828 5194 Quis
1854 5132 2096 5184 crederet
2123 5147 2217 5200 per
2243 5133 2578 5189 sacerdotem
2605 5135 2996 5192 Melchisedech
3024 5149 3283 5192 aeternum
3315 5142 3618 5207 pontiﬁcem

379 5232 658 5286 Christum
688 5229 1034 5290 Dominum',
1063 5241 1158 5294 per
1180 5220 1588 5276 tabernaculum
1624 5219 1822 5273 cmlum
1842 5220 1881 5285 ',
1909 5235 2001 5287 per
2031 5223 2350 5290 sanguinem
2389 5227 2688 5290 hircorum,
2723 5237 2775 5281 et
2807 5227 3102 5281 vitulorum
3132 5229 3452 5298 sanguinem
3479 5230 3621 5298 ejus-

379 5322 500 5375 dem
535 5319 740 5373 Christi
763 5317 1010 5378 Domini,
1044 5328 1132 5382 per
1168 5310 1369 5364 Sancta
1400 5316 1716 5362 sanctorum
1745 5307 1972 5361 interius
2001 5310 2122 5363 ςωιί
2163 5311 2369 5367 aditum
2403 5317 2785 5370 adumbratum
2824 5317 3069 5373 fuisse‘?
3112 5317 3244 5383 Quis
3295 5319 3348 5372 in
3378 5320 3618 5372 animum

451 5436 468 5467 ⁸
495 5434 669 5490 Galat.
707 5451 779 5498 tv,
814 5433 905 5492 22.
935 5432 1028 5495 9.5,
1064 5445 1214 5498 seqq.
1291 5429 1311 5458 ’
1339 5425 1500 5480 llebr.
1541 5440 1658 5487 vm,
1691 5424 1715 5477 l
1754 5439 1907 5493 seqq.
2005 5426 2026 5456 ³
2053 5425 2215 5482 Hebr.
2243 5445 2357 5497 vm,
2387 5431 2420 5484 5
2447 5447 2597 5502 seqq.
2677 5433 2698 5464 ‘
2729 5431 2890 5488 Hebr.
2918 5450 2992 5501 ιχ,
3020 5433 3074 5498 5,
3101 5434 3159 5486 ll
3201 5449 3353 5504 seqq.

414 5548 783 5672 d(§9)E£§pll.
813 5552 941 5604 ha:r.
978 5563 1124 5602 nam
1155 5587 1168 5612 ,
1201 5560 1319 5616 cap.
1352 5544 1386 5597 2
1411 5562 1426 5610 ;
1456 5542 1600 5598 Hier.
1627 5542 1779 5610 pra-"l2
1815 5544 1960 5596 hom.
1982 5545 2035 5598 in
2062 5546 2286 5612 Malm;
2315 5548 2460 5621 Orig.
2493 5553 2639 5606 hom.
2666 5554 2718 5607 in
2749 5552 2874 5609 Luc.
2899 5570 2918 5618 ;
2940 5552 3044 5608 Tit.
3071 5551 3345 5620 Bostrcn.,
3373 5550 3615 5625 Theopb.

377 5635 445 5673 aa
471 5635 552 5685 pr.
577 5635 708 5670 Luc.

453 5689 565 5756 (3|)
594 5687 749 5741 Hom.
785 5690 836 5740 in
867 5687 1052 5741 Cenes.
