3934 6218
277 354 365 407 617
943 345 1032 400 DE
1071 343 1350 402 TlTULlS
1390 344 1840 402 PSALMORUM.
1877 375 1947 385 —
1987 344 2374 400 ANTONELLI
2416 342 2810 401 PREFATIO.
3379 343 3482 399 ωδ

277 483 415 527 suum
446 464 714 520 induceret
745 480 837 534 per
872 465 1122 520 animalia
1145 508 1160 531 ,
1195 481 1423 535 quorum
1456 466 1679 536 sanguis
1707 467 2036 522 inferebatur
2065 483 2162 536 pro
2187 475 2412 537 peccato
2443 466 2494 520 in
2530 463 2727 520 Sancta
2761 480 2855 536 per
2880 464 3184 534 pontiﬁcem
3210 503 3224 528 ,
3256 479 3481 532 corpora

270 567 429 612 autem
454 555 823 610 cremabantur
845 565 995 610 extra
1030 565 1209 610 castra
1237 600 1251 623 ,
1283 557 1576 612 indicatum
1605 549 1725 611 esse
1753 557 1959 624 Jesum,
1993 567 2052 612 ut
2075 557 2439 613 sanctiﬁcaret
2484 573 2580 627 per
2605 573 2764 612 suum
2819 556 3137 625 sanguinem
3175 555 3433 624 pupulum
3463 593 3480 618 ,

270 661 404 704 extra
442 659 642 719 portam
676 649 907 704 civitatis
934 649 1233 706 Jerusalem
1275 669 1565 722 passurum
1610 669 1764 718 esse;
1828 654 1931 708 nisi
1978 654 2092 708 hate
2118 654 2299 708 divina
2331 662 2384 708 et
2405 653 2722 707 admiranda
2748 652 3003 722 mysteria
3025 651 3182 706 nobis
3205 650 3480 720 apostolus

265 741 447 796 Paulus
476 742 775 810 aperiret'?
809 741 974 810 Cujus
1005 743 1056 796 in
1089 753 1323 798 mentem
1358 759 1598 814 unquam
1632 745 1884 810 venisset,
1914 761 2008 814 per
2033 745 2236 809 Adam,
2272 744 2365 814 qui
2394 745 2639 798 immisso
2678 759 2708 798 a
2742 742 2969 796 Domino
3010 755 3205 811 sopore
3227 781 3242 806 ,
3281 748 3335 794 et
3383 747 3470 808 pel

268 835 446 900 Evam,
471 849 627 903 quam
659 850 724 888 ex
769 835 1087 890 dormientis
1119 845 1270 891 costa
1306 836 1362 890 in
1386 837 1668 892 mulierem
1701 837 1843 893 Deus
1871 839 2214 902 :rdilicavit“,
2247 845 2302 892 et
2331 837 2396 890 de
2430 850 2535 905 qua
2575 835 2780 889 dictum
2815 835 2933 888 est."
2961 852 2974 887 :
3010 833 3361 900 Quamobrem
3392 847 3478 884 re-

264 930 443 998 linquet
473 929 619 981 homo
643 937 842 997 patrem
884 945 1036 982 suum
1058 969 1072 996 ,
1096 939 1145 983 et
1175 941 1428 995 matrem,
1455 940 1503 984 et
1533 931 1818 986 ad/tterebit
1842 934 1998 986 uxori
2019 949 2149 997 sum,
2171 940 2219 985 et
2249 938 2400 984 erunt
2426 930 2529 982 duo
2565 929 2619 982 in
2646 945 2803 982 carne
2825 944 2930 980 una
2955 943 2972 980 :
2998 927 3274 982 Christum
3308 922 3475 995 signi—

265 1021 393 1073 ﬁcari
416 1027 466 1073 et
491 1017 804 1085 Ecclesiam,
837 1035 958 1090 quae
989 1035 1053 1075 ex
1085 1021 1252 1076 latere
1273 1020 1480 1076 Christi
1502 1023 1714 1077 Domini
1741 1025 2008 1096 sanguine
2037 1034 2091 1079 et
2118 1039 2258 1094 aqua
2280 1023 2478 1078 ﬂuente
2508 1021 2903 1076 obdormientis
2936 1020 2987 1073 in
3011 1035 3193 1084 cruce,
3227 1017 3474 1072 immisso

265 1115 564 1168 voluntaria:
596 1115 785 1169 mortis
813 1129 1009 1184 sopore
1030 1156 1046 1182 ,
1077 1115 1354 1172 eil‘ormata
1380 1127 1463 1172 est
1485 1159 1501 1184 ,
1531 1127 1586 1173 et
1618 1120 1881 1189 sanguine
1909 1120 2080 1189 ipsius
2114 1120 2386 1184 redempta
2405 1159 2420 1180 ,
2448 1123 2502 1171 et
2534 1132 2674 1186 aqua
2703 1115 2953 1184 baptismi
2986 1112 3320 1169 sanctiﬁcata
3343 1151 3358 1175 ,
3404 1111 3476 1164 ob

263 1223 409 1276 quam
443 1208 658 1276 reliquit
688 1207 800 1279 (52)
837 1219 1099 1263 aeternum
1138 1225 1298 1264 suum
1334 1210 1546 1265 Patrem
1574 1253 1589 1278 ,
1625 1211 1960 1266 descendens
1992 1213 2105 1281 ipse
2134 1213 2198 1266 de
2221 1211 2380 1274 male,
2413 1220 2471 1265 ut
2495 1211 2788 1264 humanam
2817 1222 3033 1262 carnem
3079 1205 3397 1274 susciperet,
3424 1210 3476 1255 et

257 1301 472 1358 deseruit
506 1312 753 1370 matrem,
779 1319 970 1374 nempe
1001 1305 1265 1376 ingratam
1290 1317 1343 1362 et
1370 1306 1704 1362 incredulam
1732 1305 2095 1378 Synagogam,
2117 1307 2259 1362 unde
2283 1306 2568 1376 originem,
2595 1315 2655 1360 ut
2685 1307 2869 1368 homo,
2900 1303 3151 1363 ducebat,
3185 1309 3245 1353 ut
3270 1299 3473 1354 scilicet

257 1396 532 1450 adhaereret
566 1394 820 1451 Ecclesia:
848 1396 1122 1461 ﬁdelium,
1155 1407 1210 1452 et
1233 1398 1353 1467 ejus
1388 1408 1550 1468 caput
1577 1400 1846 1454 exsistens
1879 1399 2166 1470 mysticum
2203 1398 2334 1455 illud
2363 1414 2560 1469 corpus
2584 1397 2927 1460 eﬁ‘ormaret;
2975 1393 3077 1448 nisi
3114 1393 3251 1445 idem
3283 1391 3473 1446 beatus

254 1491 512 1559 apostolus
540 1489 898 1544 admiratione
933 1491 1345 1559 obstupefactus
1375 1493 1439 1545 ad
1469 1492 1559 1546 illa
1587 1492 1751 1547 verba
1785 1493 2030 1548 clamans
2061 1493 2268 1548 diceret
2295 1511 2307 1547 :
2349 1491 2754 1546 Sacramentum
2793 1490 2888 1543 hoc
2933 1503 3181 1556 magnum
3209 1495 3285 1539 est
3309 1501 3328 1549 ;
3382 1499 3472 1554 ego

254 1592 412 1635 autem
432 1581 548 1634 dico
579 1581 631 1634 in
657 1579 886 1646 Christo,
917 1589 965 1634 et
999 1582 1054 1635 in
1088 1581 1322 1637 Ecclesia
1341 1585 1384 1639 ⁸.
1413 1583 1547 1650 Quis
1569 1584 1704 1646 haec,
1729 1593 1785 1637 et
1812 1583 2045 1653 plurima
2074 1584 2202 1649 alia,
2235 1600 2356 1653 quae
2386 1585 2438 1637 in
2465 1584 2664 1638 divinis
2684 1582 2836 1637 Pauli
2872 1567 3067 1635 litteris
3101 1579 3472 1647 continentur,

252 1693 470 1748 unquam
501 1676 774 1733 crederet.
807 1677 912 1732 nisi
940 1693 1006 1732 ea
1036 1693 1134 1733 nos
1163 1679 1351 1734 beatus
1378 1680 1657 1748 apostolus
1687 1681 1978 1735 edoceret?
2001 1678 2184 1749 Neque
2217 1679 2338 1733 ideo
2363 1676 2620 1748 Origenes
2651 1677 3066 1746 reprehenditur
3090 1675 3158 1728 ab
3187 1672 3473 1727 Eustathio

249 1780 466 1841 martyre
489 1770 829 1825 Antiocheno
864 1772 974 1841 (55)
997 1811 1012 1837 ,
1042 1789 1072 1826 a
1104 1788 1301 1842 magno
1329 1771 1530 1828 Basilio
1553 1773 1664 1844 (54)
1685 1814 1700 1837 ,
1729 1773 1938 1830 Joanne
1967 1773 2358 1845 Cbrysostomo
2385 1774 2495 1842 (55)
2518 1812 2532 1832 ,
2563 1772 2896 1842 Epiphanio,
2931 1769 3253 1838 TheOphilo,
3285 1768 3476 1822 Hiero-

247 1879 394 1934 nymo
420 1863 569 1934 (56),
600 1863 851 1933 aliisque,
885 1863 1030 1932 quod
1056 1865 1354 1933 spiritalem
1389 1863 1795 1934 Scripturarum
1828 1881 2049 1922 sensum
2073 1864 2408 1935 exposuerit,
2446 1865 2526 1918 vel
2549 1863 2695 1933 quod
2727 1861 2927 1932 ingenii
2956 1859 3174 1915 solertia
3212 1858 3470 1922 caruerit,

244 1954 341 2025 qua
364 1957 647 2026 mysticos,
683 1971 828 2026 quos
858 1971 1045 2011 revera
1078 1957 1454 2026 complectitur
1490 1956 1770 2027 Scriptura
1798 1973 2012 2024 sensus,
2041 1957 2422 2028 investigarct;
2457 1955 2552 2011 sed
2575 1955 2719 2025 quod
2744 1969 2806 2008 ea
2832 1954 2885 2006 in
2915 1967 2976 2007 re
3002 1951 3230 2006 nimium
3258 1949 3474 2019 ingenio

243 2061 334 2101 suo
360 2048 668 2112 indulserit,
699 2056 751 2103 et
788 2058 971 2119 spreto
995 2049 1208 2103 litterali
1237 2065 1401 2104 sensu
1429 2050 1714 2120 allegorias
1741 2050 2014 2120 quaesierit
2046 2049 2178 2104 locis
2198 2050 2584 2120 propemodum
2610 2045 2931 2111 innumeris,
2966 2060 2997 2099 a
3028 2043 3225 2114 quibus
3250 2057 3472 2112 prorsus

241 2138 417 2194 alienae
446 2147 600 2194 sunt.

300 2228 411 2284 XX.
437 2229 497 2284 Et
527 2229 750 2301 quidem
781 2239 990 2286 veteres
1028 2229 1284 2286 Ecclesiae
1323 2230 1576 2288 doctores
1604 2233 1767 2288 etiam
1793 2233 1888 2288 ubi
1921 2232 2093 2288 sacris
2125 2231 2421 2303 Scripturis
2449 2230 2782 2301 explicandis
2813 2229 3098 2284 litteralem
3125 2227 3307 2298 potius
3345 2241 3472 2282 sen-

236 2337 345 2378 tum
374 2341 538 2396 quam
573 2326 928 2397 allegoricum
955 2326 1125 2380 secuti
1161 2333 1318 2391 sunt,
1351 2327 1647 2396 spiritalem
1683 2336 1861 2382 tamen
1885 2343 1950 2382 ac
1979 2327 2268 2397 mysticum
2304 2336 2606 2397 agnoscunt
2628 2343 2692 2382 ac
2718 2327 2968 2395 probant,
2993 2337 3046 2381 et
3075 2324 3309 2395 primum
3347 2337 3471 2377 cor-

234 2417 362 2485 pori,
395 2417 635 2471 alterum
669 2433 796 2472 vero
823 2418 1018 2472 animae
1033 2425 1370 2486 comparant.
1392 2416 1760 2473 Tertullianus
1787 2433 1951 2489 agens
1967 2419 2034 2474 de
2061 2417 2319 2472 Oratione
2344 2417 2626 2474 Dominica
2655 2419 2768 2487 (57)
2794 2439 2806 2472 :
2843 2437 2860 2470 ι
2885 2417 3232 2487 Quanquam,
3266 2414 3467 2486 inquit:

233 2510 420 2565 Panem
473 2523 723 2567 nostrum
770 2514 1135 2582 quotidianum
1187 2513 1258 2566 da
1308 2513 1456 2568 nobis
1509 2513 1684 2580 hodie,
1740 2515 2058 2585 spiritaliter
2106 2513 2288 2583 potius
2361 2513 2746 2582 intelligamus.
2800 2513 3051 2567 Christus
3109 2511 3253 2565 enim
3307 2509 3466 2580 panis

231 2612 402 2658 noster
431 2614 535 2668 est,
572 2604 708 2674 quia
743 2605 845 2658 vita
871 2603 1144 2669 Christus,
1174 2613 1228 2659 et
1254 2605 1361 2660 vita
1383 2607 1559 2676 panis,
1583 2613 1686 2659 etc.
1716 2603 1901 2674 Itaque
1927 2607 2156 2674 petendo
2181 2621 2372 2676 panem
2400 2605 2799 2675 quotidianum,
2838 2603 3247 2674 perpetuitatem
3278 2611 3468 2670 postu-

230 2693 394 2749 lamus
421 2697 477 2750 in
512 2696 764 2764 Christo,
797 2708 850 2752 et
880 2698 1310 2754 individuitatem
1341 2716 1374 2755 a
1405 2715 1632 2770 corpore
1655 2699 1794 2770 ejus.
1830 2698 1935 2754 Sed
1981 2710 2034 2755 et
2067 2701 2194 2769 quia
2235 2702 2523 2756 carnaliter
2555 2699 2862 2754 admittitur
2893 2699 2997 2753 ista
3051 2712 3181 2758 vox,
3208 2711 3318 2750 non
3351 2695 3471 2750 sine

227 2790 477 2862 religione
498 2801 689 2863 potest
715 2793 828 2847 ﬁeri
857 2803 910 2848 et
943 2794 1201 2862 spiritalis
1228 2795 1546 2864 disciplinae.
1583 2794 1785 2849 Panem
1814 2794 1960 2850 enim
1991 2796 2099 2850 neti
2135 2795 2376 2861 mandat,
2411 2795 2556 2865 quod
2597 2794 2774 2850 solum
2822 2793 3070 2848 ﬁdelibus
3097 2792 3466 2848 necessarium

225 2893 328 2948 est;
350 2893 548 2940 caetera
583 2886 737 2942 enim
769 2883 1015 2941 nationes
1045 2888 1350 2957 requirunt.
1388 2887 1491 2944 Ubi
1529 2889 1765 2944 dictione
1795 2890 1886 2944 illa
1917 2891 2232 2959 spiritaliter
2262 2890 2611 2961 allegoricum
2639 2897 2692 2945 et
2716 2889 3002 2960 mysticum
3025 2888 3312 2943 verborum
3341 2903 3464 2942 sen-

227 2991 360 3043 sum,
397 2981 491 3035 illa
522 2996 664 3036 vero
695 2981 979 3035 carnaliter
1006 2981 1287 3038 litteralem
1330 2984 1616 3055 signiﬁcat.
1649 3003 1668 3037 ι
1707 2983 1818 3040 Nec
1848 2985 2182 3040 dissimiliter
2210 2986 2587 3041 sanctissimus
2626 2993 2830 3056 martyr
2859 2983 3160 3056 Cyprianus
3184 2983 3469 3038 Tertullia-

226 3090 368 3140 num,
403 3092 573 3146 quem
629 3077 950 3146 magistrum
980 3079 1226 3144 vocabat,
1261 3089 1504 3147 secutus,
1538 3080 1765 3150 loquens
1792 3079 1858 3134 de
1887 3080 2074 3135 eadem
2110 3079 2385 3136 Orationis
2427 3079 2723 3135 Dominicae
2755 3080 3012 3150 petitione
3055 3079 3168 3150 (38)
3207 3098 3220 3134 :
3262 3099 3280 3131 ι
3312 3081 3466 3146 Quod

221 3176 412 3236 potest,
441 3172 540 3236 ait,
579 3179 641 3226 et
672 3172 1008 3240 spiritaliter,
1057 3182 1109 3227 et
1139 3173 1458 3244 simpliciter
1490 3176 1716 3247 intelligi
1753 3193 1768 3230 :
1800 3176 1928 3246 quia
1959 3187 2014 3232 et
2042 3185 2271 3246 uterque
2319 3176 2629 3232 intellectus
2662 3177 2896 3232 utilitate
2931 3177 3113 3232 divina
3160 3175 3372 3248 proﬁcit
3401 3176 3466 3231 ad

220 3264 464 3322 salutem.
497 3265 647 3320 Nam
678 3267 832 3335 panis
860 3267 981 3322 vitae
1025 3267 1278 3324 Christus
1314 3279 1415 3333 est,
1464 3279 1518 3325 et
1547 3272 1705 3340 panis
1743 3272 1832 3326 hic
1866 3273 2111 3327 omnium
2146 3287 2255 3326 non
2279 3279 2382 3338 est,
2419 3272 2510 3326 sed
2544 3278 2729 3326 uoster
2757 3280 2861 3336 est,
2895 3280 2999 3326 etc.
3031 3269 3215 3326 Potest
3251 3284 3378 3324 vero
3416 3279 3468 3324 et

216 3356 291 3412 sic
317 3359 571 3431 intelligi,
612 3371 676 3414 ut
703 3362 792 3431 qui
825 3363 1024 3418 saaculo
1057 3366 1507 3432 renuntiavimus,
1544 3375 1598 3422 et
1637 3367 1856 3422 divitias
1886 3368 2027 3438 ejus,
2074 3376 2130 3423 et
2161 3383 2386 3438 pompas
2435 3366 2539 3422 ﬁde
2585 3365 2771 3438 gratiae
2805 3366 3102 3437 spiritualis
3147 3365 3465 3436 abjecimus,

214 3451 386 3506 cibum
423 3455 594 3510 nobis
631 3466 842 3510 tantum
879 3467 1133 3526 petamus
1164 3467 1219 3514 et
1258 3461 1483 3517 victum.
1523 3461 1900 3528 oQuibuscum
1937 3462 2208 3518 consentit
2241 3463 2432 3518 beatus
2457 3462 2794 3534 Augustinus
2818 3461 2953 3536 (59),
2987 3463 3080 3533 qui
3128 3462 3355 3532 loquens
3401 3462 3467 3517 de

213 3545 465 3610 paradiso
496 3550 571 3603 ab
604 3546 842 3617 Origene
867 3549 1091 3619 ejusque
1119 3550 1400 3622 discipulis
1430 3569 1536 3608 non
1560 3555 1797 3624 pr0prie,
1833 3555 1926 3610 sed
1949 3556 2177 3640 ﬁgurate
2206 3555 2480 3610 intellecto
2508 3573 2522 3608 :
2560 3573 2579 3606 ‹
2615 3554 2782 3620 Quasi
2800 3564 3105 3624 propterea,
3137 3554 3332 3624 inquit,
3357 3567 3467 3606 non

209 3638 594 3700 potueritesse
626 3641 916 3708 paradisus
940 3643 1259 3711 corporalis,
1281 3644 1408 3712 quia
1442 3653 1620 3714 potest
1665 3645 1830 3700 etiam
1877 3638 2138 3714 spiritalis
2169 3645 2434 3715 intelligi?
2463 3645 2748 3715 Tanquam
2790 3645 2914 3700 ideo
2956 3659 3065 3698 non
3117 3642 3319 3697 fuerint
3347 3643 3467 3697 dua:

209 3727 484 3796 mulieres,
536 3731 697 3800 Agar
735 3739 788 3785 et
816 3730 970 3799 Sara,
998 3742 1051 3786 et
1081 3749 1148 3788 ex
1179 3734 1287 3788 illis
1328 3735 1436 3790 duo
1467 3735 1565 3789 ﬁlii
1601 3734 1854 3801 Abrahaa,
1887 3751 2030 3791 unus
2059 3736 2127 3790 de
2167 3736 2385 3800 ancilla,
2416 3743 2470 3791 et
2497 3735 2639 3790 alius
2669 3734 2736 3789 de
2761 3735 2966 3798 libera;
3003 3733 3132 3803 quia
3161 3732 3270 3785 duo
3300 3739 3466 3785 testa-

207 3834 381 3878 menta
420 3827 478 3879 in
520 3828 613 3881 eis
649 3827 879 3897 ﬁgurata
917 3829 1048 3882 dicit
1076 3831 1522 3898 Apostolus;aut
1568 3831 1687 3886 ideo
1714 3831 1780 3885 de
1810 3832 1957 3885 nulla
1999 3838 2174 3900 petra,
2200 3830 2383 3902 Moyse
2427 3830 2784 3896 percutiente,
2818 3843 2956 3898 aqua
2987 3827 3292 3890 deﬂuxerit,
3337 3824 3464 3892 quia

203 3923 375 3980 potest
419 3918 539 3973 illic
610 3917 843 3988 ﬁgurata
888 3919 1280 3988 signiﬁcatione
1313 3921 1474 3974 etiam
1519 3921 1770 3975 Christus
1807 3921 2054 3992 intelligi,
2106 3921 2294 3974 eodem
2342 3920 2604 3989 Apostolo
2648 3919 2901 3974 dicente:
2935 3917 3095 3971 Petra
3145 3924 3319 3968 autem
3352 3923 3465 3966 erat

202 4009 532 4071 Christus”.
569 4013 753 4068 Nemo
780 4015 959 4083 itaque
1002 4016 1249 4084 prohibet
1282 4016 1575 4086 intelligere
1605 4017 1941 4085 paradisum,
1978 4015 2142 4069 vitam
2178 4015 2498 4080 beatorum;
2531 4021 2764 4083 quatuor
2797 4012 2914 4080 ejus
2947 4009 3191 4074 ﬁumina,
3231 4015 3464 4077 quatuor

203 4106 449 4174 virtutes,
492 4119 611 4165 etc.
650 4107 778 4162 llaec
819 4108 950 4163 etsi
997 4124 1102 4178 qua
1153 4110 1258 4162 alia
1305 4110 1646 4164 commodius
1694 4110 1801 4164 dici
1831 4119 2061 4179 possunt
2091 4108 2158 4162 de
2206 4107 2555 4177 intelligendo
2605 4105 2915 4176 Spiritaliter
2939 4103 3213 4174 paradiso,
3248 4098 3464 4154 nemine

199 4205 551 4270 prohibente,
592 4205 858 4258 dicantur
887 4222 900 4259 :
927 4204 1056 4258 dum
1083 4213 1261 4258 tamen
1294 4204 1440 4259 illius
1474 4204 1714 4259 historiae
1738 4205 1934 4260 veritas
1968 4202 2285 4258 ﬁdelissima
2321 4218 2501 4256 rerum
2533 4210 2806 4272 gestarum
2840 4199 3152 4254 narratione
3191 4209 3464 4252 commen—

192 4297 311 4356 data
347 4310 649 4357 teneatur.
687 4319 707 4352 ι
729 4299 823 4355 llis
847 4310 1024 4356 autem
1055 4301 1177 4355 acidi
1214 4309 1443 4370 possunt
1469 4301 1648 4356 caeteri
1672 4317 1862 4358 omnes
1883 4300 2070 4356 Patres
2098 4307 2365 4369 quotquot
2388 4300 2442 4352 in
2469 4298 2705 4352 Ecclesia
2739 4295 2833 4352 Dei
2850 4295 3148 4350 floruerunt
3178 4294 3246 4349 ab
3269 4297 3462 4348 exortu

192 4389 530 4446 Christianae
555 4391 700 4446 ﬁdei
726 4391 792 4444 ad
811 4399 1083 4460 postrema
1106 4406 1277 4460 usque
1310 4399 1364 4445 et
1384 4392 1530 4446 aetati
1567 4400 1768 4446 nostra:
1795 4395 2049 4462 propiora
2085 4391 2299 4445 saecula.
2331 4389 2694 4455 Quamobrem
2728 4397 2940 4442 tantum
2982 4389 3152 4454 abest,
3189 4394 3249 4441 ut
3276 4392 3464 4440 nostra

191 4478 546 4539 Psalmorum
580 4482 898 4547 translatio,
927 4498 1023 4538 seu
1049 4483 1442 4552 interpretatio,
1474 4499 1582 4554 qua
1612 4482 1954 4537 Psalmorum
2012 4482 2173 4536 verba
2210 4482 2277 4535 de
2306 4481 2530 4536 Christo
2556 4489 2609 4535 et
2629 4480 2872 4535 Ecclesia
2906 4481 3268 4549 explicantur,
3290 4478 3461 4532 Atha-

189 4580 365 4646 nasio,
395 4583 577 4652 cujus
609 4596 819 4636 nomen
860 4579 1176 4648 inscriptum
1217 4589 1320 4642 est,
1370 4580 1537 4634 adimi
1570 4581 1791 4648 debeat,
1836 4581 1922 4635 vel
1956 4587 2219 4648 tanquam
2260 4577 2438 4646 inepta
2477 4591 2541 4631 ac
2577 4577 2805 4648 puerilis
2843 4591 2874 4631 a
2905 4577 3140 4632 sensatis
3168 4575 3298 4629 viris
3322 4582 3377 4628 et
3411 4572 3464 4625 in

253 4738 473 4797 'Hebr.
509 4737 888 4808 1111,11,”.
963 4737 1206 4792 “Cenes.
1238 4739 1408 4804 ",21.
1484 4737 1777 4794 'ibid.24.
1852 4738 2293 4809 ’Ephes.v,52.
2369 4735 2790 4800 a~tc0r.x,t.
2863 4703 2871 4714 ’

239 4886 359 4960 (52)
401 4885 471 4942 Si
491 4900 648 4960 ergo
699 4880 940 4960 Christus
1005 4881 1226 4960 adluesit
1285 4879 1554 4960 Ecclesia:2
1582 4889 1641 4933 ut
1681 4887 1850 4960 esseut
1885 4877 1992 4960 duo
2011 4881 2064 4932 in
2085 4896 2242 4934 carne
2263 4897 2388 4960 una,
2410 4878 2667 4960 quomodo
2699 4876 2904 4960 reliquit
2929 4874 3187 4930 Patrem?
3208 4877 3464 4960 quomodo

177 4944 405 5011 matrem
427 4961 454 5010 ?
481 4944 745 5022 Reliquit
795 4950 1028 5010 Patrem.
1068 4953 1189 5022 quia
1230 4968 1248 5000 ‹
1279 4967 1395 5004 cum
1441 4951 1496 5002 in
1528 4951 1700 5018 [arma
1734 4949 1827 5001 Dei
1865 4958 2016 5022 esset,
2045 4966 2146 5003 non
2171 4944 2442 5022 rapinam:
2468 4949 2754 5022 arbitratus
2780 4944 2856 4999 est
2906 4963 3016 5000 esse
3050 4945 3300 5022 (aqualem
3338 4944 3461 5022 l_)eo.

174 5029 263 5079 sed
317 5015 696 5091 semetipsu'm
739 5023 1024 5074 exinanirit
1053 5015 1277 5089 formam
1325 5022 1457 5073 servi
1489 5015 1766 5087 accipiens.
1800 5037 1835 5091 »Α
1864 5017 1977 5091 Hoc
2034 5028 2114 5091 est
2158 5015 2316 5082 enim,
2350 5019 2558 5085 reliquit
2591 5017 2968 5091 PAatreanon-
3002 5018 3125 5091 quia
3156 5015 3380 5091 deseruit
3402 5022 3463 5091 let

173 5102 388 5153 recessit
428 5116 466 5150 a
505 5082 850 5150 Patre;sed
890 5094 1012 5161 quia
1053 5082 1179 5144 'non
1212 5107 1274 5143 ea
1336 5082 1860 5211 iiiJforma'apparuit
1899 5089 2215 5150 hominibus,
2241 5091 2294 5142 in
2328 5105 2433 5158 qua
2458 5082 2681 5156 arqualts
2710 5096 2785 5138 est
2815 5085 2989 5138 Patri.
3014 5082 3292 5148 Quomodo
3339 5082 3463 5134 reli-

173 5171 284 5211 mn'i
315 5179 572 5211 mairem
602 5167 633 5211 .9
669 5157 1006 5211 relinquendo
1035 5159 1366 5211 Sunaaoaam
1433 5161 1723 5211 admoram.
1751 5159 1813 5210 de
1849 5174 1953 5211 qua
2010 5159 2293 5211 secundum
2333 5173 2543 5211 carnem
2609 5165 2764 5209 natus
2793 5166 2907 5211 est;
2935 5165 2986 5208 et
3017 5155 3314 5208 inluerendo
3361 5149 3463 5203 Ec-

172 5149 572 5233 quitinatrem
602 5167 633 5217 .9
669 5149 1006 5230 relinquendo
1035 5159 1366 5233 Synagogam
1391 5149 1813 5233 Ῑιιάᾳεονιέὶνὶηάε
1849 5174 1953 5227 qua
2010 5149 2293 5233 secundum
2333 5149 2543 5233 caruerit
2609 5165 2764 5209 natus
2789 5166 2907 5233 est;
2935 5165 2986 5208 et
3017 5155 3314 5208 inltwrendo
3361 5149 3465 5203 Ec-

170 5225 370 5303 clesia),
393 5252 580 5303 quam
609 5247 688 5287 ea:
709 5225 942 5303 omnibus
961 5225 1201 5303 gentibus
1211 5225 1558 5303 congregarit.
1618 5227 1676 5281 S.
1721 5225 1871 5298 Aug.
1900 5236 2057 5282 tract.
2083 5245 2158 5292 ιχ,
2187 5231 2242 5282 in
2272 5244 2385 5297 cap.
2412 5243 2451 5282 ιι
2482 5225 2670 5294 10am,
2695 5241 2750 5278 n.
2782 5226 2867 5278 10.

240 5299 364 5378 (55)
399 5299 465 5361 In
503 5317 705 5378 εει-πει.
733 5301 808 5378 _De
826 5301 1172 5378 gentriloqua.
1209 5316 1298 5354 seu
1328 5299 1666 5378 ligthonissa.

242 5370 362 5448 (δι)
397 5378 587 5448 llam.
628 5374 707 5448 1:31
730 5372 785 5448 in
817 5370 1224 5448 fiexae_meron.,
1256 5385 1310 5424 n.
1345 5371 1399 5424 9.

238 5441 363 5520 (55)
399 5447 598 5520 ῌοηι.
633 5442 711 5496 15
744 5441 1083 5520 ingene‘sipt.
1259 5507 1272 5520 ι
1382 5507 1393 5518 _
1586 5506 1608 5520 -
1843 5505 1879 5520 ﬂ
2106 5515 2118 5520 Δ
2179 5507 2189 5519 _
2267 5506 2282 5520 .
2357 5507 2368 5518 _
2541 5514 2552 5520 Δ
2575 5504 2586 5509 ⁴

397 5499 664 5635 ἧὶθτοὲ.
703 5526 782 5579 ep.
813 5511 881 5564 58
904 5511 970 5563 ad
997 5507 1303 5562 Pammaclt.
1329 5523 1346 5570 ;
1382 5507 1435 5562 in
1469 5506 1623 5578 prmi.
1647 5507 1739 5562 lib.
1770 5523 1802 5561 ν
1839 5505 2143 5562 Comment.
2171 5507 2225 5560 in
2255 5506 2477 5573 Isaiam,
2504 5503 2798 5577 etjpraafat.
2833 5503 2887 5555 in
2921 5499 3151 5554 Malach.

243 5594 281 5635 Ι.
355 5594 370 5635 l
403 5593 557 5635 (ian.
646 5620 665 5633 .

267 5591 370 5645 37)
403 5593 557 5645 ΕΜ).
597 5591 665 5635 6ο

267 5594 370 5656 37)
403 5594 557 5657 Cap.
597 5594 665 5635 ti.

264 5651 364 5729 3:8)
401 5660 469 5712 In
504 5653 685 5723 expl.
718 5649 868 5729 Orat.
897 5649 1053 5729 Dom.

391 5729 532 5784 Lib.
568 5718 687 5778 situ
718 5721 791 5774 De
821 5721 962 5774 civit.
1001 5718 1116 5780 Dei,
1143 5733 1193 5774 c.
1227 5719 1312 5774 2i.

527 5820 832 5880 Parnon.
875 5814 992 5875 Gn.
1041 5814 1305 5876 XXVII.

3094 5802 3276 5863 20'
