3934 6218
491 405 594 459 (il!)
1319 405 1380 458 S.
1423 403 1796 458 ATIIANASII
1833 401 1983 458 OPP.
2027 403 2206 459 PARS
2246 404 2332 460 III.
2376 435 2434 444 ---
2484 405 2875 464 EXEGETICA
3631 410 3735 467 620

493 524 876 580 ecclesiasticis
906 525 1103 580 studiis
1132 532 1184 578 et
1214 523 1519 580 Christiana
1564 527 1762 595 pietate
1798 525 2031 581 excultis
2075 525 2265 581 eadem
2311 528 2607 592 contemni,
2641 527 2773 598 quin
2806 526 2987 597 potius
3039 541 3162 582 reor
3193 532 3577 597 argumentum
3611 526 3738 580 hinc

495 626 638 671 recte
663 617 803 670 sumi
833 631 992 685 posse
1022 625 1081 668 ut
1109 615 1461 671 sanctissimo
1488 615 1705 672 Doctori
1737 616 2102 686 adjudicetur.

563 711 707 766 XXI.
756 711 1060 766 Cardinalis
1094 711 1444 778 'I‘homasius,
1473 713 1555 766 vir
1585 723 1637 766 et
1672 713 1978 767 eruditione
2003 720 2057 766 et
2110 729 2323 768 morum
2368 713 2658 768 sanctitate
2717 715 2965 782 illustris,
3027 715 3345 785 allegoricos
3395 712 3734 766 Psalmorum

493 828 688 868 sensus
715 811 1055 866 Christianos
1086 825 1280 864 sensus
1306 817 1463 862 vocat
1490 808 1541 861 in
1570 808 1885 878 pratfatione
1916 809 1979 863 ad
2015 807 2363 873 Psalterium,
2386 809 2532 878 quod
2567 825 2691 863 cum
2740 809 2927 865 Latina
2976 811 3418 880 interpretatione
3445 809 3600 861 abeo
3626 805 3737 858 ela-

491 905 675 960 borata
723 905 773 957 in
812 905 1078 973 publicam
1108 903 1392 957 utilitatem
1436 901 1616 954 emisit
1650 921 1662 954 :
1697 919 1715 952 ι
1755 900 1946 967 Porro,
1986 901 2179 971 inquit,
2218 917 2284 956 ne
2330 901 2512 970 aliqua
2552 902 2740 955 saltem
2791 902 3003 956 deesset
3035 903 3117 956 vel
3161 901 3340 955 brevis
3385 894 3738 952 nianuziuctio

491 999 557 1051 ad
593 998 881 1053 secretiora
917 997 1191 1066 mysteria,
1223 1009 1490 1063 scnsaque
1514 992 1853 1048 Psalmorum
1895 1004 2011 1048 tum
2043 995 2107 1049 de
2129 995 2346 1048 Christo
2376 1003 2430 1048 et
2455 994 2626 1063 ipsius
2659 1010 2886 1063 corpore
2919 995 3157 1050 Ecclesia
3189 995 3460 1058 universa,
3488 1001 3541 1048 et
3567 991 3736 1062 parti-

491 1091 766 1145 cularibus
795 1089 952 1160 hujus
977 1091 1242 1159 corporis,
1274 1090 1386 1143 sive
1416 1090 1626 1159 collegii
1663 1089 1944 1148 membris.
1977 1089 2027 1142 id
2055 1097 2136 1144 est
2166 1089 2434 1153 fidelibus,
2467 1097 2579 1144 tum
2611 1089 2772 1144 etiam
2805 1091 2871 1144 de
2903 1090 3108 1145 caelesti
3143 1089 3337 1160 patria,
3367 1102 3507 1158 quos
3537 1099 3734 1141 sensus

492 1191 637 1238 recte
669 1182 1022 1252 appellaret-is
1055 1196 1250 1236 sensus
1297 1181 1660 1246 Christianos,
1706 1181 2008 1249 patefactos
2050 1180 2226 1246 nobis,
2270 1190 2529 1250 tanquam
2579 1185 2751 1237 scisso
2780 1183 2963 1252 templi
2996 1183 3133 1246 velo,
3167 1191 3344 1236 morte
3372 1179 3596 1242 Christi,
3638 1163 3732 1248 qui

490 1272 746 1342 apostolis
777 1273 986 1341 aperuit
1011 1287 1253 1336 sensum,
1284 1279 1341 1324 ut
1365 1271 1724 1340 intelligerent
1755 1269 2089 1340 Scripturas,
2121 1279 2176 1323 et
2209 1285 2332 1338 qua:
2368 1270 2566 1340 scripta
2599 1280 2728 1326 sunt
2770 1271 2821 1324 in
2871 1271 3012 1342 Lege
3042 1271 3235 1341 Moysi,
3267 1279 3319 1326 et
3343 1269 3651 1338 Prophctis,
3679 1273 3734 1320 et

487 1363 721 1421 Psalmis
751 1365 816 1420 de
847 1365 984 1434 ipso,
1022 1384 1040 1416 ›
1074 1373 1177 1418 etc.
1223 1363 1296 1417 Ita
1332 1373 1475 1417 recte
1510 1378 1573 1416 ac
1605 1364 1876 1432 sapienter
1910 1363 2046 1432 pius_
2071 1372 2122 1418 et
2149 1362 2344 1417 doctus
2375 1365 2671 1420 cardinalis
2714 1381 2780 1419 ex
2827 1374 3064 1420 veterum
3098 1364 3318 1419 Patrum
3370 1362 3615 1417 doctrina
3665 1360 3732 1414 de

488 1457 778 1526 allegorice
800 1468 854 1511 et
883 1457 1114 1526 spiritali
1150 1454 1490 1510 Psalmornm
1523 1465 1577 1510 et
1617 1470 1784 1510 sacra:
1816 1454 2112 1523 Scriptura:
2144 1469 2309 1510 sensu
2345 1455 2557 1510 locutus
2589 1465 2688 1510 est.
2720 1455 2855 1510 Nam
2889 1455 3148 1526 Origenes
3192 1455 3245 1508 in
3288 1456 3426 1510 libro
3464 1453 3540 1506 De
3581 1454 3729 1522 prin-

491 1553 645 1621 cipiis
683 1551 790 1620 (40)
823 1566 1056 1621 arguens
1086 1565 1179 1605 eos
1205 1550 1297 1620 qui
1326 1567 1393 1605 ex
1425 1549 1843 1606 circumcisione
1873 1557 2047 1615 erant,
2074 1549 2220 1620 quod
2261 1550 2315 1604 in
2345 1549 2678 1605 Salvatorem
2712 1561 2960 1606 nostrum
2992 1568 3099 1606 non
3136 1551 3500 1615 crediderunt,
3530 1549 3624 1604 sed
3674 1549 3729 1601 in

474 1645 670 1700 varios
693 1660 905 1698 errores
938 1645 1069 1714 lapsi
1095 1655 1243 1709 sunt,
1268 1645 1394 1714 quia
1425 1660 1609 1700 sacras
1639 1643 1950 1714 Scripturas
1979 1661 2086 1698 non
2120 1645 2417 1700 secundum
2462 1646 2757 1716 spiritalem
2787 1664 3030 1713 sensum,
3073 1647 3166 1702 sed
3205 1646 3505 1700 secundum
3539 1645 3728 1698 litterae

486 1752 683 1792 sonum
712 1739 1123 1806 interpretantes
1149 1739 1200 1792 in
1239 1740 1322 1793 via
1353 1739 1594 1793 veritatis
1630 1739 1935 1794 voluntario
1965 1755 2097 1794 casu
2153 1740 2506 1796 czecutierunt
2539 1759 2550 1794 :
2597 1761 2615 1792 ‹
2660 1741 2728 1798 lis
2773 1752 2954 1798 autem
3009 1743 3264 1797 omnibus
3323 1741 3491 1807 nulla,
3529 1739 3724 1808 inquit,

487 1831 744 1887 falsarum
779 1834 1117 1902 opinionum,
1148 1834 1294 1887 nulla
1330 1835 1617 1904 impietatis
1641 1843 1694 1888 et
1723 1835 2047 1899 stolidorum
2076 1835 2142 1889 de
2171 1833 2277 1889 Deo
2311 1851 2627 1891 sermonum
2656 1851 2822 1892 causa
2848 1853 2971 1892 esse
2995 1837 3101 1891 alia
3126 1836 3360 1898 videtur,
3382 1849 3547 1904 quam
3577 1828 3726 1888 Scri-

475 1933 642 1991 ‘ptura
672 1939 778 1978 non
808 1925 1470 1995 sccundum'spiritualem
1502 1942 1722 1982 sensum
1751 1927 2044 1992 intellecta,
2080 1927 2175 1982 sed
2216 1928 2518 1982 secundum
2547 1929 2838 1985 litteralem
2877 1939 3116 1999 accepta.
3153 1928 3493 1997 Quapropter
3527 1925 3596 1978 iis
3631 1923 3724 1992 qui

487 2036 804 2090 persuasum
843 2021 1040 2076 habent
1063 2036 1250 2076 sacros
1279 2022 1444 2077 libros
1493 2005 1601 2076 non
1641 2022 1922 2076 hominum
1955 2038 2076 2078 esse
2119 2026 2563 2091 commentarios,
2593 2027 2686 2080 sed
2719 2027 2892 2081 sancti
2930 2025 3166 2095 Spiritus
3215 2024 3423 2089 afﬂatu,
3446 2024 3725 2077 voluntate

475 2113 579 2169 ‘Dei
613 2113 853 2182 parentis
899 2113 1276 2168 universorum
1319 2130 1414 2183 per
1451 2112 1635 2169 Jesum
1672 2115 1949 2169 Christum
1979 2116 2212 2186 scriptos
2240 2133 2361 2173 esse
2397 2127 2452 2173 et
2491 2121 2558 2173 ad
2591 2136 2688 2175 nos
2714 2121 3050 2190 pervenisse,
3077 2137 3182 2191 qua
3211 2121 3294 2176 via
3334 2124 3387 2174 in
3423 2136 3614 2175 eorum
3650 2119 3726 2174 le-

479 2207 661 2261 ctione
686 2207 1042 2262 insistendum
1077 2222 1196 2261 esse
1229 2207 1384 2262 nobis
1429 2207 1697 2273 videatur,
1744 2208 1987 2263 indicare
2043 2211 2386 2278 conabimur,
2429 2220 2642 2267 servata
2698 2213 3282 2269 caelestis-secundum
3320 2211 3722 2267 successionem

485 2302 854 2371 apostolorum
889 2301 1139 2356 Ecclesiae
1185 2301 1313 2358 Jesu
1353 2303 1558 2358 Christi
1605 2305 1810 2374 regula.
1854 2302 1920 2358 Et
1947 2320 2067 2359 esse
2099 2305 2317 2374 quidem
2363 2307 2623 2377 mysticas
2653 2308 2918 2377 quasdam
2957 2307 3410 2377 dispensationes,
3450 2320 3589 2361 uuas
3640 2302 3723 2356 di-

482 2398 622 2452 vina:
651 2395 946 2466 Scriptura:
974 2398 1230 2461 indicant,
1264 2399 1425 2452 etiam
1459 2399 1819 2468 simpliciores
1869 2400 2106 2455 fidelium
2157 2403 2403 2457 credunt.
2443 2423 2461 2454 ι
2512 2403 2590 2457 Ad
2625 2404 2740 2459 hzec
2773 2414 2952 2459 autem
2997 2405 3246 2476 Origenis
3280 2403 3442 2457 verba
3480 2400 3724 2471 apposite

484 2494 705 2560 subiicit
737 2493 964 2548 Carolus
990 2494 1056 2548 de
1095 2493 1271 2548 Larue
1301 2494 1410 2565 (41)
1448 2514 1460 2548 :
1500 2514 1519 2547 ι
1559 2495 1703 2550 Nihil
1738 2497 1820 2550 his
1859 2497 2037 2552 verbis
2071 2499 2397 2554 accuratius.
2438 2498 2698 2555 Generale
2736 2500 2864 2555 illud
2896 2501 3241 2570 principium,
3275 2499 3421 2569 quod
3466 2498 3722 2568 mystiros

485 2585 541 2638 in
573 2583 754 2638 Veteri
787 2583 1136 2639 Testamento
1175 2601 1368 2640 sensus
1403 2585 1575 2654 ponit,
1613 2586 1921 2656 apostolicae
1943 2585 2202 2641 doctrinae
2227 2604 2355 2658 pars
2385 2597 2488 2652 est,
2518 2596 2572 2642 et
2609 2589 2807 2645 veritas
2841 2601 3007 2656 certa,
3043 2606 3164 2660 qua:
3205 2589 3508 2643 ministerio
3541 2595 3724 2656 pasto-

483 2696 605 2734 rum
640 2681 706 2734 ad
734 2696 834 2734 nos
859 2681 1322 2752 usque-pervenit.
1352 2701 1370 2733 ι

547 2775 714 2831 XXII.
760 2776 1008 2833 Profecto
1054 2777 1290 2833 dubitari
1343 2779 1530 2849 nequit
1573 2779 1754 2834 omnia
1811 2795 1930 2850 quae
1985 2780 2039 2834 in
2075 2778 2254 2835 Veteri
2290 2779 2639 2836 Testamento
2674 2782 2757 2836 vel
2805 2780 3028 2851 scripta,
3063 2779 3148 2834 vel
3193 2786 3344 2849 gesta
3394 2776 3636 2840 fuerunt,
3667 2775 3718 2828 in

476 2870 649 2938 ﬁgura
681 2870 851 2926 fuisse
878 2887 1057 2926 rerum
1080 2888 1200 2942 quae
1230 2872 1283 2925 in
1310 2870 1460 2926 Novo
1489 2873 1602 2927 fieri
1635 2882 1728 2928 aut
1759 2875 2074 2943 contingere
2097 2875 2384 2940 debebant,
2423 2890 2597 2944 eaque
2627 2875 2896 2945 respicere
2919 2887 3208 2944 personam
3239 2869 3470 2934 Messias,
3494 2867 3720 2936 ejusque

477 2960 815 3028 Passionem,
841 2962 1338 3029 Resurrectionem,
1365 2971 1417 3017 et
1441 2964 1660 3017 humani
1695 2965 1907 3034 generis
1939 2963 2391 3033 redemptionem,
2419 2965 2739 3034 evangelicae
2769 2965 3028 3018 doctrinae
3058 2961 3524 3032 propagationem,
3551 2955 3720 3026 genti—

478 3053 609 3107 lium
643 3055 1074 3120 conversionem,
1106 3065 1160 3109 et
1179 3069 1517 3126 quaecunque
1543 3055 1666 3121 alia,
1695 3072 1816 3126 quae
1843 3056 1909 3110 ad
1953 3056 2071 3126 ejus
2101 3056 2338 3110 divinam
2367 3071 2656 3126 personam
2694 3067 2748 3110 et
2780 3055 3241 3126 dispensationem
3277 3068 3373 3108 seu
3409 3047 3718 3118 οἰκονομίαν

476 3146 768 3215 pertinent.
799 3145 978 3212 Quare
1008 3149 1054 3202 si
1084 3150 1138 3202 in
1167 3147 1501 3217 explicandis
1526 3145 1821 3217 Scripturis
1850 3147 2032 3200 omnia
2070 3147 2136 3200 ad
2170 3145 2444 3229 Christum
2473 3147 2702 3216 ejusque
2729 3144 3028 3201 Ecclesium
3059 3144 3355 3215 prudenter
3386 3140 3711 3200 referantur,

478 3255 653 3311 neque
686 3241 909 3306 erroris,
942 3255 1116 3310 neque
1149 3241 1362 3311 ineptiae
1384 3241 1437 3295 id
1469 3241 1713 3297 accusari
1746 3239 1925 3303 debet,
1961 3254 2088 3294 cum
2118 3238 2210 3293 illa
2248 3239 2354 3294 hoc
2384 3238 2634 3303 consilio,
2671 3247 2724 3293 et
2768 3239 2869 3293 hac
2910 3247 3106 3301 mente,
3154 3235 3358 3306 Spiritu
3413 3243 3605 3289 sancto
3635 3233 3715 3286 di-

476 3345 676 3400 ctante,
710 3334 908 3394 scripta
935 3333 1061 3388 sint.
1091 3332 1155 3386 Et
1182 3335 1401 3403 quidem
1432 3335 1537 3389 huc
1579 3334 1850 3404 pertinere
1891 3333 2144 3386 videntur
2182 3333 2344 3386 verba
2381 3332 2470 3385 illa
2504 3332 2734 3400 apostoli
2770 3329 2946 3393 Pauli,
2993 3329 3174 3384 omnia
3209 3326 3409 3396 scripta
3451 3323 3623 3380 fuisse
3654 3325 3714 3377 atl

476 3440 718 3486 nostram
751 3430 1142 3485 institutionem
1175 3450 1190 3484 :
1224 3430 1556 3500 Quaecunque
1589 3429 1747 3494 enim,
1795 3428 1890 3495 ait,
1921 3428 2118 3497 scripta
2161 3439 2307 3493 sunt,
2344 3427 2412 3481 ad
2459 3437 2693 3480 nostram
2741 3427 3037 3480 doctrinam
3076 3418 3275 3492 scripta
3312 3431 3433 3475 sunt
3484 3421 3525 3474 ’.
3561 3419 3628 3474 Et
3655 3421 3716 3474 de

475 3520 703 3592 spiritali
753 3536 816 3574 ac
871 3521 1174 3575 sublimiori
1235 3521 1640 3592 Scripturarum
1696 3520 2054 3590 intelligentia
2111 3534 2221 3573 non
2268 3518 2699 3588 improbabiliter
2727 3518 2796 3572 ab
2845 3517 3118 3586 aliquibus
3163 3514 3503 3584 accipiuntur
3559 3512 3714 3566 verba

473 3615 534 3672 S.
560 3617 739 3680 Luem,
773 3617 970 3686 quibus
999 3615 1164 3672 refert
1205 3616 1484 3671 Christum
1519 3616 1808 3670 Dominum
1835 3623 1956 3684 post
1987 3614 2444 3669 resurrectionem
2475 3629 2632 3669 suam
2663 3613 2938 3683 apostolos
2967 3613 3033 3666 ad
3068 3610 3381 3680 Scripturas
3412 3606 3714 3677 intelligen-

472 3708 570 3762 das
598 3707 896 3762 instituisse
930 3724 941 3758 :
980 3705 1123 3760 Tunc
1151 3707 1354 3776 aperuit
1391 3707 1499 3760 illis
1546 3721 1775 3770 sensum,
1813 3717 1868 3758 ut
1899 3703 2252 3774 intelligerent
2280 3703 2588 3772 Scripturas
2617 3705 2680 3756 ¹⁰.
2711 3704 2791 3759 Ad
2810 3700 2942 3758 'haae
2988 3703 3130 3757 enim
3180 3699 3526 3771 evangelista
3554 3701 3711 3752 verba

472 3804 771 3874 respiciens
802 3800 859 3856 S.
890 3801 998 3856 Leo
1029 3803 1298 3857 scribebat
1328 3803 1392 3856 ad
1425 3801 1742 3855 Flavianum
1788 3801 1840 3854 in
1873 3799 2129 3869 praeclara
2173 3798 2264 3853 illa
2297 3799 2529 3868 epistola
2567 3807 2753 3854 contra
2797 3799 3151 3869 Eutychetem
3179 3814 3194 3852 :
3225 3816 3243 3848 ‹
3280 3797 3487 3852 Donato
3522 3795 3715 3849 intelli-

471 3900 665 3970 gentiae
696 3899 919 3964 lumine,
948 3913 1228 3952 sacrarum
1258 3897 1660 3967 Scripturat‘um
1697 3896 1907 3951 occulta
1943 3895 2235 3964 pandebat.
2268 3913 2287 3946 ι
2317 3893 2577 3965 Origenes
2615 3904 2794 3950 autem
2826 3895 2880 3949 in
2920 3895 3169 3950 eumdem
3202 3909 3422 3950 sensum
3454 3894 3714 3963 interpre-

473 4003 616 4049 tatur
637 3995 797 4048 verba
827 3993 915 4046 illa
944 3991 1170 4048 Joannis
1199 4011 1211 4046 :
1245 3993 1428 4046 Adhuc
1456 3993 1622 4045 multa
1655 3992 1816 4044 habeo
1855 3991 1994 4044 vobis
2025 3991 2218 4053 dicere,
2244 3990 2334 4044 sed
2378 4007 2478 4043 non
2517 3991 2731 4060 potestis
2765 4001 2978 4060 portare
3011 3989 3184 4043 modo.
3224 3989 3358 4045 Cum
3408 4000 3584 4043 autem
3628 4005 3712 4042 ve-

463 4088 604 4140 nerit
633 4087 722 4140 ille
755 4086 988 4156 Spiritus
1015 4088 1274 4147 veritatis,
1298 4087 1499 4139 docebit
1531 4105 1618 4141 vos
1659 4103 1859 4138 onmem
1903 4087 2174 4139 veritatem
2211 4087 2276 4139 υ.
2313 4084 2664 4154 Respondens
2690 4086 2832 4140 enim
2870 4085 3134 4141 conviciis
3161 4100 3225 4140 ac
3256 4085 3548 4140 calumniis
3573 4083 3708 4140 Celsi

470 4180 621 4247 impii
662 4179 988 4249 philosophi,
1026 4190 1334 4248 sanctaeque
1379 4189 1578 4234 nostrae
1610 4179 1889 4247 religionis
1923 4178 2186 4244 irrisoris,
2230 4177 2297 4232 ad
2348 4179 2528 4232 locum
2572 4178 2721 4231 illum
2756 4178 3101 4247 evangelista:
3131 4179 3245 4232 haec
3294 4176 3516 4246 subjicit
3545 4176 3657 4247 (42)
3695 4195 3707 4230 :

473 4289 493 4319 ί
534 4270 633 4324 Hic
661 4275 955 4341 quaerimus
990 4289 1236 4342 quamam
1267 4271 1466 4326 fuerint
1506 4273 1672 4326 multa
1701 4273 1809 4338 illa,
1836 4287 1957 4341 quae
1985 4269 2145 4330 Jesus
2175 4271 2458 4339 discipulis
2484 4271 2599 4324 suis
2632 4271 2813 4325 dicere
2840 4271 3094 4333 habebat,
3123 4279 3177 4324 et
3199 4285 3320 4339 qua:
3353 4279 3466 4322 tum
3493 4278 3710 4337 portare

459 4379 576 4418 non
608 4374 878 4434 poterant.
910 4366 975 4419 Et
1005 4369 1126 4421 dico
1159 4387 1172 4421 :
1210 4366 1371 4422 Forte
1401 4367 1526 4437 quia
1553 4365 1721 4422 Judazi
1753 4375 1908 4421 erant
1927 4366 2179 4436 apostoli,
2209 4375 2263 4421 et
2290 4365 2526 4421 Mosaica
2565 4367 2679 4436 lege
2711 4369 3010 4421 secundum
3036 4367 3266 4420 litteram
3297 4374 3516 4434 accepta
3552 4365 3708 4418 innu-

464 4458 611 4522 triti,
643 4460 758 4514 hzcc
793 4459 1036 4522 fuerunt,
1071 4477 1191 4531 quae
1235 4461 1340 4516 illis
1370 4462 1547 4516 dicere
1587 4463 1820 4517 habebat
1856 4480 1869 4516 :
1903 4462 2158 4528 Quaenam
2187 4470 2331 4516 esset
2362 4477 2490 4516 vera
2538 4462 2643 4526 lex,
2672 4479 2903 4533 quarum
2940 4479 3120 4518 rerum
3164 4462 3462 4518 caelestium
3495 4461 3705 4521 umbra.

465 4549 746 4622 signisque
781 4555 961 4610 cultus
986 4553 1246 4609 Iudaicus
1283 4563 1590 4621 constaret;
1626 4571 1744 4625 qua:
1775 4555 1954 4610 futura
1985 4556 2128 4611 bona
2155 4555 2454 4625 praascripti
2495 4557 2562 4610 de
2592 4557 2733 4624 cibo,
2767 4566 2822 4611 et
2849 4565 3001 4626 potu,
3035 4557 3100 4611 de
3123 4554 3294 4624 festis,
3324 4556 3627 4610 neomeniis
3657 4562 3707 4606 et

474 4641 726 4700 Sabbatis
755 4645 896 4701 ritus
936 4647 1348 4702 adumbrarent.
1393 4667 1411 4697 ι
1445 4645 1514 4701 Ει
1539 4648 1798 4717 quoniam
1827 4647 2050 4702 furcifer
2087 4648 2176 4702 ille
2205 4645 2505 4703 afﬁrmabat
2545 4648 2855 4719 Scripturas
2895 4658 3112 4704 nostras
3161 4664 3270 4703 non
3317 4663 3476 4718 posse
3510 4647 3706 4718 allego-

460 4738 598 4792 riam
626 4739 759 4808 pati,
786 4741 998 4810 reponit
1025 4739 1286 4812 Origenes
1318 4742 1430 4814 (45)
1465 4761 1480 4798 :
1517 4761 1535 4794 ι
1569 4741 1826 4797 Fortasse
1853 4742 2130 4813 probabile
2157 4742 2285 4812 quid
2319 4743 2429 4797 dici
2471 4743 2540 4797 ab
2581 4758 2646 4798 eo
2677 4744 2971 4806 videretur,
3015 4744 3060 4798 si
3093 4742 3400 4813 Scripturas
3433 4739 3704 4813 allegoriis

461 4834 800 4903 interpretari
829 4835 1104 4890 inventum
1133 4844 1279 4892 esset
1307 4853 1516 4892 recens.
1546 4837 1682 4891 Cum
1718 4846 1899 4892 autem
1927 4837 1977 4891 id
2011 4837 2237 4892 fecerint
2267 4837 2479 4906 velqipsi
2515 4838 2828 4909 dogmatum
2858 4847 3107 4908 parentes
3135 4847 3189 4892 et
3217 4837 3533 4907 scriptores,
3576 4837 3702 4907 quid

456 4928 606 4984 aliud
634 4931 980 5001 cogitandum
1011 4940 1114 4996 est,
1142 4948 1304 5002 quam
1329 4933 1421 4986 illa
1447 4931 1618 4987 fuisse
1653 4933 1851 5002 scripta
1885 4932 1984 4998 sic,
2013 4941 2072 4986 ut
2103 4947 2293 4987 eorum
2323 4934 2592 5003 praecipua
2629 4948 2783 4987 mens
2809 4934 2862 4986 in
2895 4932 3170 5002 allegoriis
3201 4933 3570 4987 contineatur.
3613 4953 3632 4984 ι

529 5021 715 5079 XXIII.
745 5023 898 5090 Quod
931 5026 1304 5095 veropropius
1333 5041 1445 5081 rem
1473 5034 1719 5081 nostram
1749 5025 1988 5094 attingit,
2022 5039 2212 5094 nempe
2243 5026 2508 5080 rationem
2550 5025 2938 5096 interpretandi
2970 5024 3215 5079 Psalmos
3243 5023 3310 5079 de
3347 5021 3569 5077 Christo
3593 5022 3698 5076 Do-

459 5120 608 5174 mino
629 5129 684 5173 et
714 5120 974 5182 Ecclesia,
1005 5121 1193 5189 primis
1217 5120 1542 5176 Christiana:
1572 5121 1694 5175 ﬁdei
1727 5121 2066 5191 temporibus
2107 5121 2305 5190 ubique
2334 5131 2650 5191 'receptam,
2683 5130 2738 5176 et
2789 5121 3068 5192 probatam
3114 5119 3304 5184 fuisse,
3341 5117 3698 5190 locupletissi-

457 5228 607 5268 mum
636 5213 792 5269 nobis
817 5214 1187 5269 testimonium
1213 5215 1497 5284 perhibent
1526 5230 1631 5270 non
1673 5215 1848 5270 solum
1876 5213 2132 5270 Ecclesia:
2152 5213 2443 5270 Orientalis
2471 5217 2800 5287 scriptores;
2831 5232 3016 5272 verum
3047 5217 3208 5271 etiam
3243 5215 3400 5272 multi
3427 5216 3566 5271 inter
3598 5213 3695 5271 Oc.
3746 5241 3755 5250 -

521 5427 542 5456 ’
567 5423 727 5478 Rom.
760 5440 849 5489 xv,
885 5425 934 5478 4.
1018 5427 1061 5455 ¹⁰
1087 5425 1216 5479 Luc.
1253 5442 1399 5491 xxnv,
1427 5426 1518 5479 59.
1597 5427 1636 5456 “
1669 5425 1830 5482 Joan.
1866 5442 1976 5488 xvr,
2015 5425 2105 5480 12.

527 5581 640 5651 (40)
669 5581 788 5636 Lih.
818 5601 890 5649 tv,
923 5603 976 5641 η.
1007 5586 1059 5638 9.

525 5651 647 5724 (41y
672 5652 887 5724 Praefat.
920 5656 971 5709 in
1005 5664 1134 5708 tom.
1170 5653 1212 5707 Il
1237 5656 1409 5724 Orig,
1441 5667 1546 5711 art.
1576 5657 1634 5712 5.

527 5721 642 5788 (42)
675 5720 874 5776 Contra
900 5726 1037 5779 Cels.
1070 5726 1105 5778 l.
1147 5740 1207 5790 ll,
1238 5741 1292 5778 n.
1326 5720 1378 5779 Ξ.

521 5790 642 5860 (45)
677 5791 832 5856 lbid.,
865 5794 955 5850 lib.
990 5811 1064 5858 Iv,
1089 5811 1145 5849 n.
1170 5795 1257 5849 49.
