3934 6218
267 299 366 359 621
949 300 1037 354 DE
1072 298 1348 356 Tl'l'ULlS
1386 299 1833 358 PSALMORUM.
1877 330 1946 342 ——
1984 294 2369 353 ANTONELLI
2408 290 2799 349 PRIEFATIO.
3392 287 3497 345 622

266 420 587 488 eidentales,
613 419 708 477 sed
733 421 973 476 omnium
999 421 1170 476 instar
1201 437 1346 477 unus
1371 421 1441 476 sit
1467 418 1706 476 Hilarius
1736 419 1981 476 doctrina
2004 428 2059 474 et
2080 416 2365 473 sanctitate
2392 413 2666 483 rebusque
2694 409 2861 482 gestis
2890 405 3220 476 scriptisque
3241 403 3492 475 insignis,

268 514 574 570 Athanasio
599 530 834 582 coaevus,
855 526 909 572 et
929 518 1167 573 amicitia
1192 526 1247 573 et
1270 516 1473 573 fmdere
1501 518 1762 574 adversus
1785 516 1906 571 ﬁdei
1936 516 2123 571 hostes
2149 514 2494 583 conjunctus,
2529 510 2620 580 qui
2645 509 2699 563 in
2728 504 3045 578 praefatione
3074 500 3496 558 commentario-

267 622 391 663 rum
423 623 565 679 quos
597 610 653 662 in
684 608 930 663 Psalmos
963 613 1290 681 composuit,
1316 611 1445 666 talia
1486 610 1675 666 scribit
1706 628 1720 664 :
1780 628 1800 661 ι
1854 607 1973 663 Non
2005 617 2090 662 est
2122 619 2253 661 vero
2298 602 2700 674 ambigendum,
2730 614 2793 654 ea
2829 612 2950 666 quas
2993 595 3047 649 in
3091 590 3322 649 Psalmis
3353 589 3498 645 dicta

269 711 418 769 sunt,
442 704 742 760 secundum
771 705 1132 775 evangelicam
1150 707 1586 777 praedicationem
1611 705 1834 775 intelligi
1849 712 2132 775 oportere;
2165 712 2225 758 ut
2246 717 2312 756 ex
2327 712 2653 772 quacunque
2676 697 2801 752 licet
2816 707 3046 765 persona
3069 688 3367 761 prophetia:
3381 685 3500 758 Spi-

273 793 416 851 ritus
436 796 507 851 sit
531 796 766 866 locutus,
786 799 855 855 sit
873 808 1050 854 tamen
1075 809 1247 857 totum
1265 801 1394 856 illud
1420 801 1485 856 ad
1509 802 1868 872 cognitionem
1898 801 2161 855 adventus
2188 796 2404 852 Domini
2433 791 2601 849 nostri
2621 791 2748 847 Jesu
2778 781 3496 872 Christi,etcorporationis,

268 896 323 943 et
352 886 654 957 Passionis,
675 896 729 944 et
750 891 922 962 regni,
949 902 1002 945 et
1027 891 1094 946 ad
1122 892 1537 948 resurrectionis
1568 871 1770 947 nostra:
1801 891 2052 963 gloriam,
2083 889 2446 958 virtutemque
2469 884 2753 940 referatur.
2785 900 2804 932 ι
2839 878 3064 943 Hilario,
3097 875 3310 932 caeteris
3331 871 3499 928 omis-

268 980 530 1053 sis,'quia
555 984 775 1055 longum
821 995 964 1042 esset
994 1001 1185 1042 omnes
1215 985 1440 1054 referre,
1476 1002 1643 1041 unum
1673 986 1961 1057 adjungam
2005 983 2372 1055 Augustinum
2411 980 2548 1052 (44),
2582 978 2675 1049 qui
2709 997 2723 1032 :
2755 996 2775 1029 r
2806 974 2910 1030 Vix
2962 981 3064 1037 est,
3107 970 3302 1041 inquit,
3334 977 3396 1023 ut
3440 967 3497 1022 in

267 1076 501 1133 Psalmis
529 1076 772 1133 invenias
799 1094 962 1135 voces
988 1078 1093 1135 nisi
1118 1078 1320 1135 Christi
1345 1089 1399 1135 et
1425 1078 1699 1145 Ecclesiae,
1727 1089 1822 1135 aut
1866 1078 2070 1134 Christi
2103 1087 2338 1142 tantum,
2365 1082 2459 1131 aut
2478 1073 2735 1130 Ecclesiae
2756 1078 2986 1125 tantum.
3023 1085 3042 1117 ι
3074 1064 3261 1133 Itaque
3289 1058 3493 1116 nemini

266 1168 495 1224 dubium
518 1185 642 1227 esse
667 1172 825 1227 debet
857 1179 965 1226 tam
988 1169 1279 1227 Orientalis
1310 1187 1472 1242 quam
1507 1171 1872 1229 Occidentalis
1907 1170 2160 1226 Ecclesia:
2198 1167 2408 1237 Patres,
2435 1167 2527 1238 qui
2552 1167 2744 1237 primis
2774 1160 3095 1218 Christianae
3122 1152 3247 1208 ﬁdei
3279 1148 3494 1206 mulis

264 1259 587 1327 floruerunt,
616 1261 916 1333 spiritalem
950 1277 1227 1317 sacrarum
1257 1263 1661 1334 Scripturarum
1692 1281 1913 1322 sensum
1942 1268 2287 1339 potissimum
2321 1266 2424 1322 sibi
2463 1263 2840 1336 exponendum
2874 1259 3245 1328 prOPOSUisse.
3267 1270 3496 1327 Pmser‘

267 1348 359 1403 lim
400 1349 455 1403 in
481 1349 822 1407 Psalmorurn
850 1352 1024 1419 libris,
1058 1352 1113 1406 in
1142 1352 1336 1422 quibus
1369 1354 1534 1408 multa
1559 1356 1645 1408 vix
1672 1356 1829 1410 aliter
1853 1371 2015 1427 quam
2041 1357 2107 1412 de
2131 1355 2352 1411 Christo
2382 1364 2436 1410 et
2461 1354 2702 1409 Ecclesia
2729 1349 2985 1421 explicari
3009 1356 3257 1419 possunt.
3288 1344 3406 1411 Qua
3440 1345 3496 1398 in

264 1454 323 1495 re
345 1443 652 1512 exemplum
681 1442 956 1497 habebant
978 1451 1033 1498 et
1064 1442 1266 1499 Christi
1290 1442 1525 1512 Domini,
1556 1453 1610 1500 et
1638 1447 2032 1516 apostolorum,
2060 1448 2153 1518 qui
2192 1456 2248 1502 et
2295 1448 2350 1502 in
2400 1446 2711 1517 Evangelio,
2745 1453 2797 1497 et
2837 1444 2889 1497 in
2923 1440 3201 1496 canonicis
3246 1438 3494 1509 epistolis

263 1533 420 1604 plura
445 1535 564 1588 loca
594 1532 801 1591 Veteris
826 1535 1156 1590 Testamenti
1189 1537 1241 1589 in
1270 1536 1556 1607 mysticum
1586 1552 1827 1603 sensum,
1856 1548 1915 1594 ut
1943 1548 2099 1594 antea
2126 1538 2259 1604 dixi,
2286 1537 2619 1608 interpretati
2653 1544 2797 1591 sunt.

332 1628 531 1685 XXIV.
559 1629 627 1684 Et
667 1630 886 1701 quidem
917 1640 1040 1686 ante
1077 1631 1276 1686 Christi
1313 1632 1602 1687 adventum
1644 1632 1927 1707 Synagoga
1976 1635 2093 1705 ipsa
2122 1646 2414 1704 utrumque
2454 1648 2675 1690 sensum
2706 1640 2759 1686 et
2804 1630 3099 1700 spiritalem
3130 1637 3184 1682 et
3211 1626 3498 1681 litteralem

261 1720 507 1793 agnovit,
538 1738 772 1793 quorum
812 1722 990 1792 primo
1024 1719 1308 1787 Pharisai,
1353 1722 1509 1776 alteri
1542 1739 1671 1778 vero
1704 1722 1987 1781 Sadducaei
2028 1724 2302 1783 studuisse
2332 1725 2601 1789 videntur,
2625 1723 2748 1776 licet
2775 1721 2988 1789 utrique
3014 1717 3321 1788 Scripturas
3343 1716 3497 1772 falsis

265 1815 830 1886 interpretationibus,
877 1815 1071 1871 divina:
1098 1815 1313 1870 veritati
1352 1814 1565 1872 fabulas
1598 1832 1728 1873 suas
1764 1819 2136 1890 subjicientes,
2183 1819 2543 1890 corruperint.
2573 1815 2825 1872 Profecto
2851 1814 3032 1885 plures
3061 1807 3365 1865 doctissimi
3398 1807 3502 1861 viri

270 1912 327 1967 in
350 1911 572 1967 arcanis
598 1909 907 1966 Iudaeorum
936 1910 1240 1982 disciplinis
1263 1928 1326 1966 ac
1350 1911 1546 1968 litteris
1575 1914 1797 1981 versati,
1837 1924 2166 1971 censuerunt
2196 1915 2312 1969 tieri
2356 1929 2463 1969 non
2494 1912 2759 1983 potuisse,
2793 1917 2854 1964 ut
2888 1907 3034 1962 omni
3069 1911 3280 1961 careret
3310 1899 3506 1956 funda-

260 2012 447 2058 mento
478 2002 681 2057 Kabala
707 2001 934 2058 Judaica
970 2002 1105 2075 (45),
1138 2002 1439 2060 foedissime
1465 2004 1592 2060 licet
1623 2015 1881 2076 corrupta
1909 2019 1964 2062 et
1992 2008 2314 2062 adulterata.
2350 2005 2605 2076 Antiquis
2648 2004 2793 2059 enim
2844 2001 3041 2056 fabulis
3087 1998 3251 2070 vulgo
3279 1993 3504 2051 concedi

260 2096 397 2152 solet
425 2095 627 2167 aliquid
659 2096 772 2151 veri
799 2096 919 2152 loco
946 2095 1286 2152 fundamenti
1314 2097 1539 2154 subesse
1566 2116 1580 2153 :
1613 2114 1791 2170 neque
1818 2100 2110 2156 verisimile
2135 2116 2257 2156 esse
2281 2116 2311 2156 e
2337 2100 2509 2154 nihilo
2549 2096 2864 2168 provenisse
2900 2093 3101 2148 famam
3135 2100 3188 2144 et
3216 2086 3496 2144 existima-

259 2191 467 2245 tionem
492 2191 753 2247 doctrinae
775 2189 1137 2258 Kabalisticae,
1168 2208 1198 2248 a
1220 2202 1300 2248 tot
1326 2194 1542 2250 saeculis
1585 2196 1928 2252 sermonibus
1957 2198 2238 2252 hominum
2270 2197 2504 2268 agitatae.
2536 2193 2747 2261 Quibus
2799 2200 2989 2247 auctor
3039 2186 3259 2259 quidam
3312 2196 3500 2268 rerum

258 2283 614 2341 Iudaicarum
643 2287 850 2357 peritus
869 2286 1017 2342 addit
1045 2287 1181 2359 (46),
1210 2289 1257 2343 si
1279 2287 1480 2344 Kabala
1503 2290 1683 2359 aliqua
1720 2307 1750 2344 a
1773 2293 1977 2346 sanctis
2009 2292 2143 2348 viris
2171 2301 2224 2346 et
2259 2276 2539 2361 prophetis
2566 2288 2780 2343 exculta
2809 2295 2864 2341 et
2897 2291 3214 2341 conservata
3251 2280 3340 2344 sit,
3374 2286 3428 2331 et
3455 2267 3504 2331 sl

262 2376 555 2447 Sephiroth
580 2393 687 2448 qua
712 2376 885 2433 forma
910 2394 1056 2433 nunc
1093 2379 1239 2449 pingi
1264 2380 1456 2444 solent,
1488 2396 1612 2435 vere
1634 2381 1839 2436 fuerint
1861 2383 2006 2437 illius
2030 2381 2247 2437 Kabala:
2291 2380 2694 2450 compendium,
2738 2394 2845 2433 non
2875 2377 3024 2432 aliud
3058 2374 3227 2430 fuisse
3253 2371 3372 2440 ejus
3410 2384 3500 2422 ar-
3574 2430 3577 2435 ι

264 2478 584 2538 gumentum
611 2484 775 2539 quam
808 2469 1106 2525 doctrinam
1141 2471 1326 2541 gratia:
1355 2468 1609 2525 Ecclesia
1634 2487 1664 2525 a
1699 2471 1809 2526 Deo
1840 2473 2129 2527 revelatam
2163 2493 2175 2527 :
2211 2480 2265 2527 et
2296 2472 2607 2541 Sephiroth,
2638 2468 2885 2543 adjungit
2914 2467 3054 2521 alius
3085 2464 3316 2532 scriptor
3347 2457 3501 2512 Rab-

262 2562 464 2619 binicis
492 2563 659 2622 rebus.
678 2563 924 2621 eruditus
958 2564 1091 2636 (47),
1124 2579 1188 2620 ea
1218 2564 1387 2637 ﬁgura
1417 2565 1583 2635 picta,
1632 2583 1739 2638 qua
1784 2568 2042 2624 delineari
2086 2568 2294 2633 solent,
2330 2565 2586 2621 exhibere
2648 2563 2881 2635 speciem
2934 2558 3179 2628 corporis
3238 2551 3500 2616 humani,

264 2652 407 2707 unde
435 2651 596 2707 nobis
616 2646 869 2707 Messiam
896 2668 1096 2723 regem,
1126 2663 1178 2708 et
1205 2654 1478 2709 hominem
1506 2653 1676 2709 Deum
1702 2658 2101 2725 repraesentari,
2136 2658 2293 2727 cujus
2324 2656 2535 2711 divinas
2564 2656 2788 2710 virtutes
2820 2661 2873 2707 et
2904 2650 3266 2722 perfectiones
3298 2647 3353 2701 in
3398 2655 3501 2697 suo

269 2757 443 2813 regno
486 2752 541 2797 et
564 2759 797 2813 persona
822 2744 1248 2800 manifestandas
1276 2732 1588 2800 summatim
1628 2748 1894 2802 contineri
1918 2749 2104 2804 decem
2131 2750 2236 2803 illis
2270 2747 2584 2818 Sephiroth,
2618 2761 2810 2816 nempe
2828 2759 3109 2806 coronam,
3145 2739 3492 2813 sapientiam,

269 2831 678 2903 intelligentiam
708 2848 806 2888 seu
849 2833 1170 2898 bonitatem,
1201 2834 1679 2905 magnificentiam,
1711 2823 2075 2902 severitatem,
2110 2839 2362 2909 gloriam.
2391 2837 2696 2903 victoriam,
2761 2835 3121 2906 majestatem,
3173 2831 3499 2886 fundamen-

274 2937 411 2994 tum,
456 2943 704 2998 regnum.
742 2927 807 2982 Et
850 2926 1182 2983 Reucblinus
1212 2928 1304 2982 lib.
1338 2943 1378 2982 ιι
1420 2926 1647 2986 Kabalte
1684 2947 1702 2985 :
1761 2948 1780 2982 ι
1810 2930 2035 3001 Antiqui
2064 2929 2295 2996 Hebraei,
2328 2931 2525 3000 inquit,
2578 2937 2690 2985 tres
2737 2928 2868 2984 istas
2904 2942 3188 2998 supremas
3231 2925 3497 2995 Sephiras

281 3026 657 3090 cognoverunt
688 3019 744 3072 in
781 3028 883 3078 rm
899 3026 999 3107 γε
1034 3034 1099 3072 en
1150 3017 1279 3088 sopit
1318 3019 1373 3072 in
1412 3018 1524 3074 Deo
1556 3021 1783 3091 reperiri
1826 3030 2124 3077 eoaeternas
2169 3031 2223 3076 et
2274 3021 2762 3077 consubstantiales
2816 3019 2944 3086 Deo,
2975 3035 3112 3090 quas
3172 3019 3243 3075 ob
3297 3033 3495 3074 vocum

265 3110 601 3183 indigentias
637 3122 747 3165 tres
783 3110 935 3167 luces
974 3119 1328 3174 vocaverunt,
1361 3111 1428 3166 de
1474 3112 1675 3183 quibus
1718 3114 1939 3180 aliquod
1985 3112 2270 3182 vestigium
2302 3113 2567 3169 habemus
2616 3114 2757 3182 apud
2787 3112 3072 3178 Joannem,
3106 3112 3201 3183 qui
3232 3112 3301 3166 de
3320 3110 3499 3166 Verbo

261 3217 469 3259 aeterno
514 3211 743 3259 testatur
772 3217 918 3257 vers.
969 3200 1023 3264 9,
1061 3200 1206 3269 quod
1265 3210 1380 3253 erat
1422 3200 1515 3254 tua:
1553 3218 1696 3268 vera,
1724 3211 1875 3263 rete.
1903 3200 2036 3258 Post
2068 3203 2185 3259 hac
2228 3213 2407 3259 autem
2471 3204 2758 3259 Reuchlini
2810 3205 2970 3259 verba
3021 3205 3098 3259 ita
3149 3206 3503 3275 prosequitur

264 3292 644 3349 Banoloccius
673 3289 818 3364 (48):
868 3308 887 3339 ‹
913 3287 989 3342 De
1024 3288 1109 3342 his
1133 3288 1348 3343 lucibus
1370 3304 1671 3359 earumque
1689 3289 1820 3343 reali
1848 3290 2202 3348 distinctione
2235 3293 2380 3348 inter
2428 3308 2506 3360 se,
2538 3305 2594 3349 et
2637 3295 2986 3364 processione
3015 3295 3176 3350 unius
3205 3296 3273 3350 ab
3305 3282 3498 3359 altera,

270 3395 326 3440 et
344 3382 777 3440 identiﬁcatione
806 3394 932 3436 eum
953 3379 1195 3434 essentia
1222 3378 1408 3433 divina
1433 3380 1730 3449 eonspicue
1760 3389 1816 3434 et
1840 3381 2042 3438 diserte
2069 3385 2182 3455 egit
2203 3384 2557 3440 doctissimus
2578 3386 2866 3455 episcopus
2895 3386 3242 3443 Marsieensis
3289 3386 3493 3459 Ioseph

260 3476 485 3532 Ciantes
548 3474 603 3527 in
636 3486 737 3527 suo
752 3469 935 3524 libello
962 3467 1041 3521 De
1071 3468 1411 3521 sanctissima
1440 3466 1700 3521 Trinitate
1720 3479 1905 3523 contra
1935 3469 2154 3526 Iudaeos
2175 3513 2189 3527 .
2227 3472 2437 3541 Quibus
2462 3476 2568 3530 rite
2594 3476 2884 3531 intellectis
2932 3477 3193 3547 (loquitur
3222 3479 3289 3534 de
3311 3480 3498 3535 decem

261 3572 372 3627 illis
416 3567 760 3639 Sephiroth),
792 3565 929 3619 nihil
953 3564 1110 3618 video
1135 3563 1188 3617 in
1219 3578 1283 3618 ea
1325 3563 1573 3618 doctrina
1604 3564 1811 3635 aliquid
1860 3577 2053 3622 contra
2103 3584 2294 3624 sanam
2351 3570 2679 3637 doctrinam,
2719 3572 2830 3627 imo
2871 3572 3056 3626 omnia
3103 3587 3344 3628 consona
3379 3588 3504 3630 esse

258 3661 525 3717 Ecclesiae
578 3657 880 3720 catholicae,
921 3664 978 3710 et
1006 3668 1131 3709 cum
1156 3653 1223 3707 iis
1254 3668 1376 3722 qua;
1401 3653 1669 3709 docentur
1697 3669 1727 3708 a
1778 3656 2044 3727 theologis
2095 3661 2408 3715 convenire.
2469 3661 2665 3717 Verum
2721 3674 2901 3717 tamen
2929 3673 3032 3730 est,
3075 3664 3218 3733 quod
3254 3665 3505 3721 moderni

261 3756 582 3822 Kabalistaa,
628 3768 690 3808 ut
708 3752 984 3824 mysteriis
1008 3749 1288 3820 religionis
1318 3748 1645 3805 Christianae
1692 3752 1841 3805 omni
1874 3755 2069 3823 spiritu
2116 3771 2176 3811 se
2203 3766 2500 3826 opponant,
2538 3768 2705 3812 totam
2740 3761 3100 3816 oeconomiam
3142 3760 3497 3832 Sephirarum

258 3849 379 3905 suis
435 3847 600 3902 vanis
638 3844 1209 3909 commentationibus,
1237 3852 1292 3897 et
1311 3843 1620 3897 chimericis
1649 3851 1814 3914 atque
1864 3846 2121 3904 inanibus
2172 3851 2488 3906 nominibus
2549 3853 2818 3917 inficiunt,
2878 3870 2998 3924 quae
3037 3870 3105 3910 ex
3144 3856 3309 3912 certis
3333 3872 3505 3911 sacra:

269 3937 574 4008 Scriptura:
605 3939 760 4002 locis,
809 3938 965 4007 juxta
1019 3944 1213 3999 artem,
1255 3950 1421 4006 quam
1483 3936 1867 3992 modernorum
1898 3938 2245 3997 Hebraeorum
2293 3942 2585 4001 Kabalistze
2616 3948 2857 4015 tradunt,
2891 3949 3202 4003 eliciuntur.
3239 3968 3257 4001 ι
3296 3948 3496 4004 Verum

265 4031 542 4101 quidquid
571 4031 644 4087 sit
681 4030 748 4085 de
789 4027 1115 4083 Rabbinicis
1158 4028 1310 4082 hisce
1352 4026 1565 4097 ﬁguris,
1594 4042 1734 4097 quas
1763 4026 2054 4099 Sephiroth
2087 4048 2182 4087 seu
2213 4031 2492 4102 Sephiras,
2531 4037 2674 4105 quod
2704 4052 2901 4091 nomen
2930 4041 3359 4094 numerationem
3402 4055 3500 4094 seu

264 4136 569 4191 personam
604 4120 898 4193 signiﬁcat,
934 4128 1165 4185 vocant,
1189 4119 1321 4174 illud
1349 4126 1558 4174 certum
1582 4131 1683 4186 est,
1716 4122 1881 4192 hujus
1912 4126 2062 4180 vocis
2090 4124 2334 4191 Kabalce,
2361 4136 2422 4182 ut
2473 4129 3041 4187 observavitJoanncs
3090 4132 3335 4187 Morinus
3366 4132 3502 4204 (49).

264 4215 540 4285 triplicem
565 4228 688 4268 esse
708 4214 849 4281 apud
876 4211 1154 4266 inferioris
1177 4211 1352 4266 aetatis
1385 4208 1641 4281 Hebraeos
1695 4211 2147 4283 significationem
2196 4235 2209 4271 :
2263 4217 2442 4288 primo
2490 4220 2727 4275 sumitur
2779 4235 2879 4292 pro
2926 4221 3328 4289 traditionibus,
3363 4237 3502 4293 quas

266 4321 467 4362 vocare
500 4304 678 4361 solent
732 4304 902 4373 legem
950 4304 1181 4370 oralem,
1224 4316 1346 4372 quae
1396 4300 1651 4356 Talmude
1706 4305 2020 4361 continetur
2048 4306 2469 4379 (50);secundo
2542 4327 2642 4383 pro
2697 4312 3053 4369 rabbinorum
3077 4322 3129 4369 et
3159 4313 3502 4372 doctoruma

342 4501 454 4574 (44)
484 4502 567 4557 Ad
598 4502 735 4572 psal.
772 4518 890 4557 Llll.

340 4595 454 4667 με)
483 4595 746 4682 Hebraice
770 4581 976 4682 rt‘npn,
1005 4597 1299 4665 Hakabalr‘z,
1337 4598 1528 4654 Latine
1556 4600 1795 4653 traditio.

338 4688 450 4761 (ιδ)
478 4674 701 4761 ῌῖιιυιιθι,
731 4674 1054 4761 Αῖοὴὰνοιοθ.
1090 4690 1411 4760 philosoph.;
1446 4700 1593 4747 auct.
1631 4691 1823 4745 Kabal.
1864 4690 2063 4761 denua.
2088 4701 2230 4761 part.
2260 4710 2318 4747 ιι.

340 4753 457 4830 (4?)
483 4759 716 4830 Vitring.
756 4758 940 4830 Obser.
975 4753 1100 4814 sitcf
1135 4763 1171 4814 l.
1198 4778 1246 4823 ι,
1276 4753 1488 4817 dissert.
1515 4762 1569 4829 2,
1605 4761 1682 4816 De
1705 4761 1987 4830 Sephiroth
2025 4753 2292 4818 Κὰὺαιὲει.

336 4828 453 4901 (αξξ)
488 4828 628 4901 gibt.
658 4828 905 4901 Βαῤῥὶηη
941 4840 1090 4900 parte
1122 4847 1196 4891 Iv,
1230 4847 1352 4901 pag.
1379 4831 1504 4886 252.

337 4898 455 4967 (49)
484 4898 719 4969 Exercit.
752 4899 845 4969 lib.
882 4898 1148 4961 II,*exerc.
1184 4898 1246 4963 9,
1274 4898 1391 4969 cap.
1426 4902 1478 4955 5.

338 4959 455 5039 (50)
483 4967 746 5023 Rabbent‘t
779 4959 1129 5036 Hakkadosc,
1165 4959 1256 5038 qui
1331 4959 1662 5039 temporibus
1690 4969 1952 5025 Antonini
1998 4964 2108 5039 _Pii_.
2146 4962 2216 5015 Μ.
2268 4962 2492 5025 Αυτειέῐ,
2537 4959 2778 5039 L_._V_et'i.
2813 4975 2869 5019 et
2890 4964 3188 5039 Commodi
3220 4968 3511 5039 imperato-

267 5033 389 5094 rum
412 5033 557 5109 inter
589 5053 719 5093 suos
751 5041 988 5093 maxime
1029 5033 1245 5102 claruit,
1280 5033 1579 5109 priscorum
1619 5041 1924 5109 sapientum
1993 5033 2347 5109 Judm_o_rum._
2395 5042 2453 5109 ut
2498 5033 2728 5109 rabbiPi
2786 5035 3041 5109 tradunt.
3072 5033 3357 5109 schedulas
3386 5053 3508 5092 om—

268 5124 386 5170 nes,
435 5108 641 5177 quibus
684 5110 974 5178 (memoriae
1030 5097 1295 5178 juvand'aa'
1338 5126 1527 5172 causa,
1603 5097 1699 5170 τις
1749 5097 1908 5174 διαζῇ
1939 5102 2360 5178 ηἾτη-Τὴρταιιι
2386 5100 2610 5156 δεώαὰι
2648 5100 2758 5178 Pe.
2800 5097 3091 5178 oral_is_lex
3130 5107 3330 5174 scripta
3372 5117 3508 5178 erat,

269 5172 557 5252 diligenter
590 5177 901 5252 collegit,et
930 5194 996 5252 ex
1027 5172 1119 5252 iis,
1153 5180 1297 5234 circa
1365 5194 1538 5233 annos
1561 5172 1900 5252 Domini‘ltw
1938 5187 1993 5230 et
2024 5173 2126 5227 194
2149 5172 2401 5252 volumen
2427 5174 2754 5252 composuit,
2782 5175 3023 5252 q_u_od_ab
3051 5176 3170 5243 ipso
3399 5175 3510 5229 Mi-

270 5243 411 5318 scmi.
441 5247 545 5301 hoc
573 5257 657 5303 est
691 5243 926 5316 répetitio
952 5249 1080 5318 legis
1110 5251 1427 5318 inscriptum
1462 5257 1562 5303 est.
1593 5248 1711 5303 Alia
1735 5243 2229 5318 autemiopuscula,
2260 5256 2382 5311 quae
2420 5257 2450 5295 a
2511 5243 2707 5311 priscis
2744 5245 3011 5318 rabbinis,
3070 5254 3192 5318 post
3218 5246 3508 5299 rabbinum

273 5317 589 5372 Hakkadosc
636 5313 934 5385 composita
990 5313 1144 5382 sunt,
1188 5313 1411 5373 veniunt
1465 5321 1567 5373 sub
1641 5319 1862 5372 nomine
1902 5313 2265 5385 Miscnayotlt,
2331 5318 2385 5364 et
2424 5313 3118 5385 vocantungraycthoth,
3185 5329 3389 5385 nempe
3411 5329 3511 5385 ex-

274 5396 472 5457 [raucae
532 5379 873 5450 traditiones,
939 5379 1168 5457 quarum
1232 5392 1512 5443 lectionem
1572 5404 1677 5441 una
1710 5403 1832 5442 cum
1860 5386 2069 5440 Μὶεεηὰ
2111 5379 2736 5457 'conjunguntnllebraei.
2772 5379 2979 5457 _'l_‘otum
3019 5394 3199 5438 autem
3251 5379 3393 5437 istud
3418 5384 3511 5457 jus

274 5455 584 5530 Iudaicum,
647 5472 748 5513 seu
812 5446 971 5527 legis'
1009 5459 1262 5530 repetitio
1329 5461 1542 5530 duabus
1570 5458 1812 5530 partibus
1836 5458 2097 5530 coalescit
2126 5446 2345 5530 arma
2373 5457 2436 5530 et.
2456 5446 2736 5530 Chemarr‘t.
2757 5451 3297 5530 _Miscnit_est_pttrt_ts
3322 5462 3377 5507 et
3400 5446 3513 5524 pri-

274 5528 474 5599 marius
507 5519 720 5591 textus,
744 5519 891 5599 guo'
910 5519 1218 5581 summatim
1256 5537 1310 5582 et
1348 5528 1512 5599 veluti
1534 5519 1657 5599 (per
1714 5528 2061 5597 aphorismos
2126 5519 2444 5599 liujusmodi
2475 5520 2561 5574 lex
2601 5523 2826 5599 repetita
2860 5537 2954 5599 seu
2977 5522 3073 5599 jus
3095 5519 3512 5580 Iudaicum—ex-

277 5597 504 5652 hibetur.
533 5589 991 5669 mm'Ghemariz
1021 5612 1175 5661 vero,
1201 5613 1322 5669 qua:
1377 5598 1452 5651 ita
1512 5589 1654 5669 dicta
1677 5589 1766 5652 est
1808 5589 2065 5669 tanquam
2136 5589 2269 5661 legis
2311 5589 2479 5669 oralis
2528 5589 2808 5669 perfectio,
2842 5589 3113 5669 absolutio
3148 5602 3209 5669 _et
3253 5609 3513 5669 consum-

276 5669 457 5735 matio,
490 5676 576 5725 est
626 5668 801 5723 altera
845 5681 991 5736 pars,
1059 5660 1169 5736 qua
1212 5660 1431 5722 Miscnw
1496 5667 1660 5722 variae
1703 5660 2094 5737 explicationes
2136 5660 2208 5717 et
2258 5660 2532 5737 variarum
2580 5660 2898 5728 opinionum
2931 5661 3298 5720 discussiones
3336 5665 3511 5718 conti~
