3934 6218
461 315 566 372 623
1306 305 1362 373 ὲ.
1405 315 1769 372 ATHANASII
1808 316 1957 373 OPP.
1997 316 2176 372 PARS
2211 317 2294 373 Ill.
2340 349 2404 359 —-
2449 316 2856 374 EXEGETICA.
3585 320 3688 376 σει

457 433 642 506 Moyse
675 452 729 490 in
765 436 882 490 haec
911 451 1083 505 usque
1117 446 1360 506 tempora
1419 436 1801 499 successione;
1854 437 2011 490 tertio
2063 436 2262 490 Kabala
2315 435 2512 490 dicitur
2565 435 2812 490 doctrina
2869 435 3114 505 quaedam
3172 435 3398 506 mystica
3429 450 3491 488 ex
3525 439 3688 492 variis

457 525 739 582 nominum
815 528 1123 582 divinorum
1185 527 1685 582 combinationibus
1729 536 1782 581 ct
1833 527 2256 582 resolutionibus
2329 527 2628 581 litterarum
2679 525 2945 597 alphabeti
3004 528 3154 581 vario
3210 528 3360 590 situ,
3415 538 3690 596 permuta-

458 624 602 679 tione
629 664 644 687 ,
707 624 1105 688 dccussatione,
1165 624 1348 678 decem
1399 621 1684 692 Sephiroth
1714 662 1730 688 ,
1780 622 1893 676 sive
1943 621 2036 676 Dei
2079 622 2353 676 attributis
2419 622 2564 674 varie
2605 623 2743 676 inter
2786 637 2844 676 se
2889 621 3239 692 comparatis,
3272 621 3500 692 aliisque
3541 621 3692 692 ejus—

455 715 600 770 modi
648 715 840 770 narniis
890 726 1006 768 orta
1068 724 1121 768 et
1178 723 1352 768 eruta.
1403 710 1479 766 Ita
1537 711 1798 765 Morinus.
1863 710 1926 764 Et
1965 711 2220 778 quoniam
2275 709 2492 764 Kabalae
2539 725 2758 776 nomen,
2811 718 2868 763 ut
2927 710 3129 764 dictum
3167 718 3292 770 est,
3353 709 3569 780 proprie
3620 709 3691 766 si-

453 807 674 876 gniﬁcat
733 809 900 878 legem
959 823 1051 861 seu
1106 808 1409 862 doctrinam
1443 822 1472 860 a
1505 805 1805 874 majoribus
1829 822 1922 860 ore
1945 807 2224 867 traditam.
2259 805 2517 876 distingui
2570 805 2732 858 etiam
2777 820 2838 858 ea
2879 806 3017 859 solet
3049 805 3100 858 in
3132 814 3366 859 veterem
3393 820 3457 859 ac
3493 819 3684 859 recen-

457 898 666 952 tiorem.
702 897 990 953 Recentior
1016 899 1258 968 quidem,
1291 913 1413 967 quae
1449 898 1501 950 in
1541 897 1738 968 priscis
1773 897 2129 951 rabbinorum
2173 895 2375 951 scholis
2398 904 2578 949 ortum
2633 904 2686 950 et
2729 889 3056 965 principium
3099 895 3311 959 habuit,
3350 895 3484 949 nihil
3534 896 3683 948 aliud

455 997 556 1048 est,
583 997 642 1041 ut
687 988 854 1058 aliqui
891 997 1103 1058 putant,
1129 1005 1290 1058 quam
1322 987 1664 1058 philosophia
1695 987 2086 1057 Pythagorica,
2113 995 2384 1056 quatenus
2415 985 2730 1054 Pythagorae
2755 985 3005 1054 dogmata
3042 985 3346 1054 posteritati
3376 985 3682 1049 innotuere,

452 1083 566 1138 sive
590 1082 880 1138 Platonica
915 1084 982 1139 de
1007 1085 1116 1138 Deo
1144 1095 1196 1138 et
1222 1085 1383 1138 rebus
1432 1083 1768 1152 spiritalibus
1790 1099 1855 1137 ex
1879 1081 2160 1152 Scriptura
2189 1081 2479 1144 illustrata,
2509 1090 2562 1134 et
2587 1081 2924 1150 :enigmatice
2959 1095 3022 1134 ac
3039 1081 3335 1152 symbolice
3363 1083 3640 1150 proposita
3667 1097 3682 1146 ;

460 1173 544 1228 vel
575 1175 756 1243 potius
785 1186 1096 1230 sanctarum
1125 1173 1532 1244 Scripturarum
1565 1173 1834 1242 theOIOgia
1859 1173 2118 1244 symbolis
2169 1171 2575 1227 Platonicorum
2622 1179 2677 1224 et
2737 1169 3228 1240 Pythagoricorum
3279 1170 3682 1240 :enigmatibus,

449 1279 503 1324 et
538 1270 887 1324 rabbinorum
920 1270 1119 1326 fabulis
1153 1286 1216 1324 ac
1251 1269 1551 1339 puerilibus
1577 1268 1727 1322 tricis
1754 1269 2064 1322 obscurata.
2117 1266 2240 1322 llazc
2267 1266 2671 1321 Kabalistarum
2728 1265 2882 1318 libris
2931 1265 3263 1324 continetur.
3291 1274 3344 1319 et
3372 1265 3437 1317 ad
3467 1279 3586 1317 eam
3615 1263 3682 1316 il-

460 1360 799 1418 lustrandam
831 1365 1195 1420 ineubuerunt
1221 1365 1458 1418 Joannes
1491 1364 1719 1417 Carolus
1747 1362 2075 1429 Saracenos,
2125 1362 2286 1418 Picus
2333 1361 2766 1426 Mirandulanus,
2807 1359 3044 1414 Joannes
3086 1359 3440 1425 Reucblinus,
3479 1357 3682 1412 Paulus

448 1455 666 1512 Riccius
696 1467 750 1512 et
779 1469 970 1512 auctor
999 1473 1302 1528 anonymus
1325 1456 1589 1510 librorum
1615 1453 1842 1508 Kabalaz
1868 1455 2183 1518 denudataz;
2215 1457 2303 1509 cui
2326 1464 2379 1509 et
2405 1454 2510 1508 alia
2539 1452 2755 1507 Kabalte
2786 1453 2992 1524 species
3025 1452 3395 1520 posteriorum
3419 1451 3678 1506 rabbino-

446 1565 566 1602 rum
616 1551 834 1619 propria
865 1550 1207 1620 adiungenda
1237 1551 1474 1613 videtur,
1505 1553 1550 1605 si
1578 1567 1687 1605 non
1708 1561 1950 1620 tempore
1990 1551 2240 1620 aequalis,
2275 1560 2420 1606 certe
2479 1566 2587 1604 non
2636 1550 2806 1604 multo
2838 1549 2926 1602 illa
2976 1547 3227 1612 inferior,
3259 1547 3325 1600 de
3351 1562 3455 1615 qua
3485 1554 3681 1617 praiter

443 1639 713 1695 Morinum
749 1658 776 1694 a
803 1659 888 1698 me
917 1659 1086 1712 nuper
1104 1645 1403 1710 laudatum,
1433 1645 1680 1714 aliosque
1699 1645 1989 1714 scriptores
2017 1645 2386 1699 Bartoloccius
2411 1644 2658 1713 pluribus
2692 1644 2744 1696 in
2771 1643 2906 1697 locis
2945 1657 3056 1695 suae
3081 1639 3424 1693 Bibliotheca:
3484 1638 3679 1692 Rabbi-

443 1732 574 1784 niam
606 1731 868 1797 meminit,
899 1746 1128 1802 eamque
1159 1733 1456 1786 detestatur
1501 1733 1585 1788 bis
1617 1734 1828 1788 verbis:
1880 1752 1897 1784 ‹
1929 1734 2194 1789 Auctores
2226 1732 2449 1788 infamis
2485 1732 2626 1786 illius
2677 1732 2811 1788 artis
2865 1747 3027 1802 quam
3063 1728 3441 1784 kabalisticam
3493 1729 3678 1798 appel»

441 1821 587 1886 lant,
621 1831 674 1877 et
705 1838 801 1892 per
850 1838 1014 1892 quam
1068 1822 1280 1892 profani
1308 1825 1579 1887 homines,
1621 1826 1715 1895 qui
1744 1826 2026 1880 kabalistaa
2061 1827 2200 1881 inter
2225 1825 2442 1880 Iudaeos
2465 1826 2571 1879 diei
2601 1826 2840 1892 voluere,
2874 1834 3039 1882 totam
3081 1839 3291 1878 sacram
3342 1821 3676 1891 Scripturam

439 1912 743 1966 litterarum
823 1915 1354 1982 permutationibus,
1409 1917 1688 1970 valoribus
1744 1918 2042 1971 numericis
2094 1933 2191 1986 pro
2244 1918 2528 1971 elementis
2579 1916 2971 1986 alphabetariis
3032 1915 3291 1984 acceptis,
3347 1913 3679 1967 dictionibus

443 2004 668 2074 integris
701 2005 755 2058 in
782 2020 1041 2060 numeros
1081 2007 1358 2072 resolutis,
1385 2017 1436 2062 et
1469 2009 1519 2061 in
1553 2009 1718 2062 alium
1747 2009 1973 2063 omnino
2010 2025 2164 2063 nsum
2197 2010 2496 2073 diversum,
2522 2019 2574 2062 et
2617 2008 2947 2079 quandoque
2996 2006 3353 2067 contrarium,
3385 2015 3438 2060 et
3467 2005 3677 2059 diame-

442 2093 574 2148 trice
603 2095 908 2164 oppositum
938 2095 1040 2164 ipsi
1071 2112 1240 2152 sacrae
1259 2099 1578 2170 Scriptura),
1611 2116 1746 2154 ausu
1778 2116 2030 2169 prorsum
2069 2101 2358 2154 temerario
2406 2109 2460 2154 et
2490 2100 2716 2154 omnino
2777 2099 3110 2158 damnando,
3161 2095 3408 2152 eamdem
3463 2111 3674 2150 sacram

441 2187 692 2256 paginam
731 2188 1021 2258 detur-pare
1050 2191 1231 2245 conati
1266 2201 1412 2246 sunt.
1442 2213 1460 2244 ι
1490 2193 1672 2248 Altera
1709 2210 1841 2248 vero
1868 2195 2145 2264 antiquior
2172 2204 2277 2261 est,
2314 2211 2435 2264 quae
2489 2205 2612 2250 ante
2647 2195 2926 2249 Christum
2975 2203 3159 2247 natum
3199 2193 3341 2246 inter
3375 2193 3522 2245 viros
3550 2204 3675 2244 vera

444 2274 849 2345 Scripturarum
885 2281 1116 2334 scicntia
1152 2282 1452 2338 instructos
1483 2285 1721 2338 obtinuit
1744 2286 1879 2354 (51),
1917 2302 2146 2356 quicque
2176 2288 2498 2341 versabatur
2531 2287 2582 2341 in
2609 2287 2960 2356 intelligendo
3009 2285 3236 2356 mystico
3265 2283 3672 2354 Scripturarum

440 2381 627 2430 sensu,
667 2379 720 2423 et
749 2369 908 2440 longe
947 2373 1255 2427 sublimiori
1295 2375 1406 2440 illo,
1439 2377 1532 2445 qui
1560 2377 1864 2430 exlittcrali
1889 2387 1942 2431 et
1978 2380 2210 2432 naturali
2241 2379 2534 2433 verborum
2571 2380 2848 2434 intellectu
2874 2380 3068 2447 legenti
3116 2378 3390 2432 occurrit:
3423 2385 3478 2430 et
3535 2377 3676 2430 hanc

364 2462 368 2468 '
435 2460 652 2526 quidem
689 2461 971 2515 scientiam
1001 2463 1189 2527 fuisse,
1223 2466 1394 2529 aiunt,
1450 2469 1836 2536 prophetarum
1884 2479 1936 2523 et
1968 2481 2278 2524 sanctorum
2305 2471 2512 2526 Veteris
2554 2471 2888 2526 Tcstamenti
2947 2489 2976 2525 a
3036 2469 3238 2540 Moyse,
3267 2479 3318 2524 et
3346 2485 3374 2522 a
3420 2467 3531 2522 Deo
3557 2467 3674 2538 ipso

434 2551 608 2604 servis
635 2551 748 2604 suis
779 2553 1052 2615 traditam,
1086 2570 1207 2624 quae
1233 2572 1338 2609 non
1370 2561 1545 2612 solum
1575 2561 1898 2614 versabatur
1949 2561 2096 2616 circa
2152 2562 2476 2631 allegoricos
2508 2572 2562 2617 et
2619 2564 2879 2634 tnysticos
2926 2577 3210 2617 sacrarum
3259 2560 3670 2630 Scripturarum

433 2659 646 2707 sensus,
677 2647 768 2698 sed
799 2647 961 2700 etiam
997 2649 1460 2718 complectebatur
1486 2651 1744 2721 dogmata
1783 2653 2054 2722 praecipua
2108 2653 2230 2707 fidei
2259 2652 2497 2708 Judaica:
2551 2655 2616 2707 de
2647 2655 2955 2709 veneranda
3001 2655 3053 2707 in
3115 2653 3224 2707 Deo
3279 2651 3571 2717 Trinitate,
3607 2654 3672 2707 de

435 2737 667 2792 adventu
696 2738 925 2804 Messim,
958 2751 1119 2810 atque
1143 2745 1363 2798 humani
1401 2747 1616 2815 generis
1644 2749 2035 2818 redemptione,
2070 2750 2375 2804 animarum
2416 2750 2826 2806 immortalitate
2855 2761 3016 2820 atque
3033 2750 3154 2804 aliis
3185 2748 3522 2818 bujusmodi,
3553 2764 3672 2820 qua:

433 2827 647 2882 dillicile
675 2845 739 2883 ex
770 2831 935 2885 verbo
974 2833 1160 2888 divino
1196 2852 1302 2889 non
1337 2837 1515 2892 adhuc
1545 2849 1729 2908 aperte
1760 2839 1979 2907 tradito,
2011 2841 2232 2910 intelligi
2265 2852 2534 2910 poterant.

521 2941 692 2997 XXV.
735 2943 984 3001 Profecto
1019 2948 1270 3006 Christus
1309 2951 1576 3010 Dominus
1617 2964 1670 3007 et
1711 2956 1942 3024 apostoli
1977 2957 2302 3025 quibusdam
2333 2957 2540 3013 Veteris
2571 2928 2902 3012 Testamenti
2937 2957 3072 3012 locis
3109 2957 3191 3012 usi
3220 2966 3348 3012 sunt
3377 2957 3442 3011 ad
3475 2957 3670 3012 conﬁr-

430 3034 688 3090 mandam
718 3037 1026 3100 veritatem,
1057 3039 1172 3107 qui,
1201 3042 1326 3096 licet
1343 3059 1409 3098 ex
1447 3048 1667 3114 proprio
1693 3045 1911 3101 litterali
1940 3062 2102 3102 sensu
2139 3049 2203 3102 ad
2235 3050 2575 3117 probandum
2600 3049 2650 3104 id
2678 3049 2822 3118 quod
2850 3035 3220 3115 intendebant,
3252 3064 3405 3104 suam
3440 3047 3550 3102 vim
3575 3049 3670 3102 ba-

429 3133 619 3190 berent
641 3146 806 3206 atque
831 3141 1232 3203 auctoritatem,
1265 3138 1424 3210 longe
1447 3149 1626 3196 tamen
1657 3130 1836 3210 majus
1871 3141 1956 3196 eis
2006 3143 2218 3211 pondus
2241 3145 2530 3199 accedebat
2559 3161 2625 3199 ex
2652 3144 2940 3198 traditione
2963 3144 3345 3212 praphetarum
3369 3151 3423 3197 et
3455 3151 3672 3198 sancto-

427 3239 548 3280 rum
575 3236 842 3293 veterum,
879 3232 1020 3286 unde
1053 3231 1340 3286 constabat
1367 3231 1489 3285 illos
1511 3233 1576 3285 ad
1605 3232 1856 3286 Messiam
1895 3235 2184 3301 respicere,
2223 3244 2386 3304 atque
2423 3238 2472 3290 in
2504 3237 2610 3290 illis
2641 3236 2707 3289 de
2736 3233 3096 3304 Redemptore
3123 3235 3231 3305 agi.
3261 3233 3394 3300 Quae
3423 3234 3666 3304 quidem,

428 3315 716 3371 traditione
763 3322 995 3383 seclusa,
1033 3321 1262 3376 minoris
1295 3324 1549 3390 ponderis
1582 3333 1636 3378 et
1663 3323 1883 3378 levioris
1930 3327 2274 3381 auctoritatis
2312 3329 2452 3396 apud
2494 3343 2589 3382 eos
2633 3327 2884 3394 fuissent,
2922 3338 2976 3382 et
3007 3343 3153 3383 nunc
3186 3328 3499 3397 bujusmodi
3545 3342 3670 3384 esse

428 3406 568 3460 forte
593 3409 922 3476 quibusdam
954 3413 1121 3466 videri
1152 3421 1433 3485 poterunt,
1458 3415 1551 3484 qui
1585 3431 1690 3468 non
1727 3414 1862 3468 satis
1890 3416 2135 3470 animum
2160 3419 2450 3472 intendunt
2479 3421 2542 3474 ad
2578 3431 2812 3489 tempus,
2839 3429 2892 3474 et
2913 3420 3117 3483 locum,
3147 3430 3200 3473 et
3223 3435 3508 3489 personas,
3544 3421 3669 3489 qui.

426 3497 526 3554 bus
554 3500 644 3554 illa
678 3503 884 3570 prolata
919 3517 1069 3560 sunt.
1096 3505 1368 3569 Profecto,
1405 3523 1526 3576 quae
1554 3507 1622 3562 de
1653 3510 1884 3578 mystico
1917 3519 1969 3562 et
1997 3510 2288 3581 allegorico
2321 3512 2728 3581 Scripturarum
2762 3529 2927 3568 sensu
2963 3523 3018 3567 et
3047 3514 3295 3568 doctrina
3327 3512 3468 3583 apud
3500 3511 3666 3566 Vete-

426 3590 500 3643 ris
533 3590 870 3650 Testamenti
901 3595 1082 3652 Patres
1113 3613 1206 3667 per
1229 3615 1444 3663 manus,
1473 3609 1530 3654 ut
1561 3601 1634 3654 ita
1658 3599 1858 3666 dicam,
1888 3601 2084 3656 tradita
2110 3604 2250 3658 dicta
2284 3615 2432 3668 sunt,
2460 3606 2618 3660 fidem
2649 3621 2712 3661 ac
2738 3607 3113 3675 probationem
3145 3606 3388 3675 accipere
3412 3605 3666 3659 videntur

425 3697 492 3736 ex
515 3685 697 3738 verbis
728 3684 917 3756 Hilarii
947 3688 1059 3758 (52)
1085 3709 1096 3742 :
1135 3707 1151 3739 ι
1185 3689 1288 3756 Qui
1321 3689 1558 3760 Moyses,
1590 3691 1687 3753 ait,
1719 3691 1972 3760 quamvis
1994 3690 2212 3748 Veteris
2239 3695 2570 3750 Tcstamenti
2605 3695 2765 3750 verba
2792 3697 2845 3750 in
2877 3697 3070 3751 litteris
3099 3695 3453 3759 condidisset,
3483 3702 3663 3747 tamen

421 3777 716 3842 separatim
767 3779 1013 3846 quzedam
1059 3795 1126 3834 ex
1172 3782 1398 3836 occultis
1431 3781 1566 3851 legis
1591 3784 1885 3837 secretiora
1925 3787 2182 3854 mysteria
2233 3785 2587 3857 Septuaginta
2621 3788 2950 3851 senioribus,
2997 3788 3090 3857 qui
3124 3787 3376 3842 doctores
3406 3785 3663 3853 deinceps

419 3879 725 3933 manerent,
756 3869 1120 3924 intimaverat.
1141 3872 1311 3942 Cujus
1335 3874 1599 3929 doctrinae
1641 3875 1804 3929 etiam
1836 3873 2101 3931 Dominus
2150 3877 2203 3930 in
2261 3879 2569 3948 Evangeliis
2605 3880 2852 3936 meminit
2891 3881 3078 3936 dicens
3108 3898 3120 3934 :
3157 3879 3326 3949 Super
3352 3877 3661 3932 cathedram

422 3961 596 4032 Moysi
641 3963 884 4018 sederunt
935 3962 1134 4018 Scriba:
1169 3977 1217 4019 et
1252 3966 1765 4021 Phariswimmnia
1806 3983 2124 4038 quaecunque
2163 3969 2393 4024 dixerint
2447 3971 2587 4025 vobis
2636 3982 2836 4026 servate
2893 3981 2942 4027 et
2986 3971 3166 4040 facile,
3216 3970 3522 4038 secundum]
3544 3987 3661 4024 vero

421 4062 570 4129 facta
613 4075 792 4112 eorum
841 4061 1000 4114 nolite
1041 4062 1231 4130 facere.
1259 4060 1515 4118 Doctrina
1556 4078 1686 4132 ergo
1745 4063 1939 4116 horum
1969 4065 2171 4118 mansit
2193 4065 2244 4118 in
2275 4074 2576 4134 posterum,
2604 4083 2727 4136 qua:
2751 4067 2819 4121 ab
2849 4067 2968 4136 ipso
2995 4067 3256 4136 scriptore
3281 4066 3413 4136 legis
3439 4076 3658 4135 accepta

422 4153 479 4204 in
519 4151 622 4205 hoc
651 4151 929 4205 seniorum
961 4152 1137 4208 ollicio
1168 4163 1222 4206 et
1248 4167 1478 4208 numero
1509 4163 1830 4210 conservata
1867 4161 1950 4208 est
1981 4154 2152 4225 (55).»

413 4309 712 4363 nentur.Ex
735 4309 991 4364 Ghemara
1019 4318 1197 4363 autem
1211 4309 1394 4380 }uncta
1419 4308 1634 4363 Miscnre
1649 4294 1848 4372 17.2511,
1876 4309 2121 4374 Talmud,
2142 4327 2259 4380 qure
2283 4327 2384 4364 vox
2417 4312 2713 4364 doctrinam
2737 4310 3021 4380 significat,
3051 4308 3656 4380 constituiturJalmud

417 4393 544 4451 vero
575 4381 772 4451 duplex
803 4390 904 4444 est,
933 4382 1160 4433 alterum
1193 4389 1273 4451 est
1315 4379 1722 4449 Babylonicum,
1755 4383 1981 4434 alterum
2022 4377 2759 4451 vero’Hierosolymitanum.
2793 4377 3112 4449 Babylonici
3165 4389 3353 4433 auctor
3377 4378 3504 4451 fuit
3538 4377 3654 4432 Rat‘t

415 4447 576 4519 Ascé,
595 4449 996 4519 Babylonicus,
1032 4459 1085 4503 et
1122 4450 1248 4517 quia
1285 4447 1456 4504 morte
1492 4459 1794 4518 praeventus
1826 4465 1962 4518 opus
2000 4453 2258 4517 perlicere
2320 4447 2582 4519 nequivit,
2639 4460 2823 4518 postea
2860 4447 3167 4505 absolutum
3215 4458 3350 4504 esta
3374 4448 3654 4514 Marimar,

415 4468 572 4511 nsce,
608 4468 996 4519 DaDyIOIIICIIS,
1032 4468 1085 4503 ει
1122 4468 1248 4517 quia
1285 4468 1456 4504 morte
1492 4468 1794 4518 praeventus
1826 4468 1962 4518 opus
2000 4468 2258 4517 perlicere
2320 4468 2386 4505 ne
2431 4468 2582 4511 ιιινιι,
2639 4468 2823 4518 ροειρδ
2860 4468 3167 4505 θυεοιυιυιη
3215 4468 3350 4504 CSla
3374 4468 3654 4514 marimar,

415 4527 470 4571 et
503 4534 532 4570 a
564 4518 677 4590 Mar
735 4519 844 4574 filio
913 4519 1030 4574 Raii
1071 4519 1226 4580 Ascé,
1271 4520 1415 4572 circa
1461 4534 1661 4573 annum
1699 4519 1906 4573 Domini
1935 4519 2038 4573 500
2078 4531 2172 4590 aut
2207 4521 2352 4587 505;
2390 4468 2950 4590 l11ierosolymitanum
2994 4535 3154 4590 vero,
3187 4520 3330 4587 quod
3381 4529 3464 4574 est
3506 4534 3654 4572 com-

415 4589 744 4642 mentarium
769 4605 932 4657 super
959 4590 1266 4649 nonnullos,
1301 4604 1407 4641 non
1442 4600 1620 4642 autem
1657 4605 1819 4654 super
1877 4605 2066 4643 omnes
2098 4588 2313 4644 Misi-na:
2378 4591 2580 4651 libros.
2644 4588 2708 4643 ex
2753 4590 2983 4644 diversis
3028 4589 3380 4643 rabbinorum
3434 4598 3650 4642 senten-

414 4658 508 4730 tiis
537 4661 819 4714 collectum
848 4661 900 4730 in
929 4658 1392 4730 terra_lsraeliti_ca
1422 4674 1524 4730 pro
1557 4659 1620 4712 iis
1651 4660 1970 4730 praesertim,
2013 4660 2104 4727 qui
2131 4661 2915 4730 eant'regionemincolebant.
2947 4661 3094 4713 circa
3158 4674 3362 4712 annum
3431 4657 3649 4730 Domini

412 4725 516 4781 568
558 4731 777 4800 scripsit
844 4729 1016 4784 Rabhi
1073 4727 1352 4800 Jochanat‘t
1403 4725 2216 4800 dialecto’Hierosplymitana;
2287 4725 2357 4785 et'
2390 4732 2510 4786 ideo
2564 4729 3112 4800 Hierosolymitanum
3142 4799 3147 4800 ί
3179 4729 3388 4800 dietum
3426 4736 3531 4800 est.
3579 4728 3650 4780 De

411 4807 644 4869 utroque
672 4797 932 4853 ’Talmud
987 4800 1140 4869 plura
1189 4798 1354 4851 videri
1419 4799 1832 4866 poteruntapud
1866 4797 2264 4856 Bartoloccium
2307 4802 2360 4855 in
2400 4817 2501 4857 sua
2547 4797 2875 4854 Bibliotheca
2922 4799 3235 4863 Rabbinica,
3302 4797 3393 4852 ubi
3443 4797 3566 4853 fuse
3599 4805 3651 4852 et

410 4867 708 4923 multifaria
739 4867 1043 4924 eruditione
1076 4869 1224 4922 hisce
1255 4869 1319 4919 de
1353 4870 1513 4922 rebus
1547 4877 1864 4936 pertractat.

482 4937 593 5006 (51)
641 4939 800 4993 Rich.
847 4940 982 4993 Sim.
1036 4937 1168 4992 Crit.
1230 4937 1336 4988 Vel.
1376 4932 1630 5002 Testata,
1657 4946 1711 4991 et
1755 4939 1810 4990 in
1871 4936 2002 4990 Litt.
2076 4955 2210 5006 resp.
2245 4942 2312 4989 ad
2342 4937 2691 4990 animadvers.
2747 4934 2940 4989 Claud.
2993 4933 3055 4987 de
3090 4933 3250 4999 Veil.;
3280 4932 3519 4988 CUIIK‘US
3564 4933 3637 4989 De

406 5006 628 5073 Republ.
661 5009 844 5071 Hebr.,
869 5010 962 5062 lib.
993 5024 1072 5068 Ill,
1105 5023 1224 5077 cap.
1260 5007 1312 5059 8.

479 5078 589 5150 (52)
614 5081 768 5150 Com.
797 5082 848 5132 in
873 5079 1022 5132 I’sal.
1051 5094 1109 5140 tt,
1134 5096 1186 5130 n.
1219 5077 1275 5130 ‘2.
1644 5147 1657 5150 Δ

478 5132 592 5220 (55')
620 5149 820 5203 Verum
865 5151 1009 5202 enim
1057 5132 1429 5220 summopere
1456 5147 1785 5220 cavendum”
1811 5157 1893 5220 est
1933 5162 1962 5200 a
1996 5141 2370 5220 recentiorum
2405 5137 2778 5216 rabbinorum
2801 5133 3128 5220 com‘m‘eptis
3151 5172 3165 5196 ,
3195 5133 3301 5220 qui
3326 5132 3644 5220 bujusmodi

406 5203 633 5274 historia
677 5230 727 5274 et
771 5203 1076 5279 traditione,
1114 5203 1464 5286 quam'nohis
1503 5219 1680 5286 prodit
1709 5217 1963 5280 Hilarius,
2005 5216 2317 5286 abutuntur
2344 5210 2414 5286 .iu
2456 5223 2596 5286 suas
2643 5209 2932 5286 nteniasnet
2971 5203 3183 5285 fabulas
3216 5203 3641 5286 conlit‘inandas,

405 5271 1153 5360 et‘adeas—simplicioribus
1190 5271 1578 5360 obtrudendas.
1624 5271 1961 5360 Fabulantur
1999 5286 2154 5360 enim
2204 5274 3004 5360 rabbinici'dqctores,_Deum
3032 5274 3109 5360 in
3132 5271 3640 5360 monte‘sit‘iapttef

406 5367 488 5430 ter
548 5343 1033 5430 legemvs’c'riptam
1079 5359 1182 5430 alia
1242 5359 1394 5426 plura
1439 5367 1696 5430 oretenus
1742 5356 1911 5430 Moysi
1960 5353 2272 5430 tradidisse,
2327 5365 2449 5418 qua:
2475 5346 2628 5430 Legi:
2662 5345 2846 5430 Δργαιίδ
2899 5344 3118 5430 nomine
3160 5343 3634 5430 icoruplgnitunt‘ur:

405 5413 628 5498 Moyser‘i
654 5413 834 5484 autem
859 5413 1046 5490 Josuc,
1073 5413 1386 5498 .Iosue'vero
1408 5428 1745 5496 septuaginta
1775 5413 2102 5498 SBlllOl'ibllS_,
2150 5413 2394 5475 seniores
2451 5413 2750 5498 prophetis,
2811 5414 3100 5494 prophetas
3157 5413 3287 5498 viris
3346 5413 3632 5498 ὃγιιξεοεξι

406 5479 635 5570 magiae,
657 5479 1230 5570 "ii'.3i-'u}ti"aiiii..hin
1278 5479 1628 5570 Simeot'iem‘,’
1670 5479 2034 5570 cognomento
2059 5479 2307 5570 _J'ustut_n.,
2334 5479 2658 5570 non-tanien
2689 5479 2860 5570 illum,
2889 5479 3633 5570 qpippcrum‘lesutnjtr

406 5551 1084 5636 nisususeep'it,‘sedaliiim
1121 5567 1289 5619 inulto
1316 5551 1704 5634 antiquiorem,
1728 5551 1970 5634 {culpare
2008 5551 2569 5636 Alexamlri_lifagni_.
2622 5551 3178 5636 ἒξιι-ιξξιξρςιοἙιοοὶιβξο,
3214 5561 3268 5606 et
3297 5551 3419 5633 aliis
3453 5551 3638 5636 subsleo

405 5621 888 5710 quentibusliris
916 5621 1150 5710 synedg-ii
1182 5638 1383 5710 magni,
1419 5621 1474 5710 εἰ
1522 5638 1615 5710 sic
1674 5621 1927 5710 deinceps
1994 5631 2280 5710 usque_ad
2317 5621 2576 5710 Rabbvenii
2621 5621 3636 5710 liakbp'dosctqui“pemo‘mniifioﬂobli:

403 5690 553 5759 vioni
589 5690 1682 5778 traderenturtachperirem,'schedulas
1732 5690 2040 5776 priscorum
2080 5690 2409 5774 sapientum,
2460 5710 2518 5755 ut
2561 5698 2663 5772 ipsi
2714 5690 3021 5759 atiirmant,’
3041 5693 3147 5748 huc
3189 5690 3321 5748 illuc
3365 5693 3633 5762 dispersas
