3934 6218
274 294 384 350 525
981 296 1068 351 DE
1114 297 1394 356 TITULIS
1433 300 1827 360 PSALMORU}

1944 337 2002 346 —
2019 307 2024 311 ’
2039 306 2266 363 ANTON
2276 309 2428 365 ELLI
2469 309 2864 368 PREFATIO.
3395 315 3497 371 02ιί

341 406 532 499 XXVI.
565 408 636 464 At
684 425 814 467 vero
863 414 908 470 si
956 432 1070 472 rem
1120 429 1287 475 totam
1320 435 1431 490 pra:
1469 421 1644 478 oculis
1675 421 1908 492 positam
1945 428 2202 481 attentius
2237 428 2564 495 intueamur,
2607 437 2661 485 et
2689 445 2810 499 qua!
2838 429 2892 484 in
2938 427 3110 483 Veteri
3147 426 3501 486 Testamento

272 498 474 567 scripta
503 507 558 552 et
591 515 713 568 qua:
739 503 791 556 in
813 502 983 574 Novo,
1006 517 1060 562 et
1085 524 1206 578 quae
1235 525 1265 564 a
1297 511 1599 582 majoribus
1621 523 1842 584 accepta
1867 517 2134 588 nobisque
2163 520 2357 575 tradita
2387 522 2515 586 sint,
2549 498 2862 590 diligentius
2884 521 3314 586 consideremus,
3342 537 3503 579 nemo

271 593 392 686 erit,
410 599 470 647 ut
495 605 645 664 puto,
664 599 756 666 qui
787 599 943 656 facile
972 604 1214 658 animum
1247 621 1404 660 suum
1436 607 1678 676 inducat,
1704 617 1765 662 ut
1793 610 1998 677 credat,
2036 612 2275 684 Moysen,
2302 617 2615 686 prophetas,
2641 625 2803 685 atque
2830 615 2968 671 alios
2994 617 3189 670 veteris
3216 617 3347 685 legis
3383 632 3501 673 tua-

272 684 472 753 gistros
500 694 557 739 et
589 689 875 745 sanctitate
907 701 962 748 et
991 696 1217 750 scientia
1263 706 1583 766 praestantes
1625 699 1862 769 aliquam
1893 713 2097 757 certam
2148 684 2462 774 Scripturas
2493 684 2781 775 allegorice
2813 707 3200 775 interpretandi
3235 684 3498 761 rationem

271 791 366 876 seu
400 779 701 876 doctrinam
737 799 767 837 a
796 783 904 837 Deo
935 789 1227 856 accepisse,
1256 806 1378 860 quae
1407 789 1619 845 Kabala
1650 794 1985 849 nominanda
2020 796 2129 863 sit;
2175 796 2267 851 sed
2291 797 2470 866 potius
2495 799 2789 868 generatim
2827 798 2908 853 eis
2951 809 3284 868 compertum
3335 799 3501 854 fuisse

271 868 325 918 in
367 868 794 940 simplicioribus
837 891 1120 933 sacrarum
1166 880 1574 951 Scripturarum
1611 885 1793 938 verbis
1826 901 2055 942 arcanos
2100 896 2154 942 et
2196 888 2544 945 sublimiores
2589 904 2781 944 sensus
2813 890 3123 945 reconditos
3159 906 3300 954 esse,
3337 905 3497 958 quos,

269 972 534 1029 quantum
567 966 622 1020 in
652 982 711 1022 se
740 978 875 1034 erat,
908 971 1086 1025 rimati
1115 983 1242 1028 sunt
1287 983 1450 1045 atque
1492 977 1971 1048 investigaverunt.
2019 979 2129 1035 Illis
2163 990 2342 1036 autem
2382 997 2490 1037 non
2524 991 2632 1036 tam
2666 997 2766 1036 suo
2794 982 2979 1037 labore
3006 993 3168 1051 atque
3211 981 3498 1049 industria,

269 1068 434 1121 quam
472 1071 685 1113 summa
719 1063 1104 1130 omnipotentis
1143 1063 1234 1119 Dei
1276 1066 1606 1137 benignitate
1635 1070 1827 1140 magis,
1865 1069 2155 1140 minusque
2191 1085 2288 1140 pro
2320 1085 2675 1140 personarum
2707 1071 3040 1134 conditione,
3073 1069 3277 1140 Spiritu
3311 1078 3501 1126 sancto

270 1144 552 1211 edocente,
585 1150 676 1218 qui
712 1152 885 1220 spirat
911 1152 1002 1206 ubi
1037 1153 1168 1216 vult,
1202 1154 1382 1224 aliqua
1411 1157 1642 1212 revelata
1675 1158 1861 1220 fuisse,
1895 1158 2001 1213 alia
2035 1173 2164 1213 vero
2197 1173 2293 1228 per
2327 1174 2523 1213 manus
2557 1159 2962 1228 quodammodo
2993 1160 3267 1228 accepisse
3296 1174 3360 1214 ex
3391 1167 3500 1214 tra-

276 1237 486 1294 ditione
516 1243 807 1312 majorum,
833 1247 927 1316 qui
958 1247 1206 1302 similiter
1229 1251 1468 1305 cmlestia
1519 1241 1776 1323 mysteria
1819 1252 2086 1307 velamine
2129 1251 2728 1306 verborum'occultata
2763 1266 2826 1305 ex
2864 1259 3015 1320 parte
3047 1252 3226 1320 aliqua
3262 1251 3498 1307 assecuti

271 1339 421 1384 sunt.
449 1332 719 1388 Caeterum
749 1336 969 1399 intueri,
1004 1339 1220 1394 sublato
1249 1340 1536 1408 velamine,
1567 1343 1746 1397 divina
1789 1351 1844 1398 et
1869 1358 2102 1412 superna
2132 1342 2410 1413 mysteria,
2435 1350 2486 1397 et
2511 1343 2768 1412 dispulsis
2799 1342 3089 1411 figurarum
3126 1341 3386 1408 tenebris,
3409 1357 3498 1396 ar-

269 1437 440 1478 canos
480 1423 884 1494 Scripturarum
919 1445 1111 1485 sensus
1140 1432 1514 1501 introspicere,
1552 1433 1616 1486 ad
1653 1433 1704 1487 id
1737 1443 1949 1503 tempus
1975 1442 2248 1488 servatum
2277 1440 2382 1500 est,
2413 1448 2520 1502 quo
2553 1433 2806 1503 splendor
2832 1433 3029 1498 Patris,
3064 1434 3155 1487 lux
3187 1433 3374 1487 mundi
3396 1446 3495 1502 po-

266 1513 411 1582 pulis
441 1514 748 1582 iacentibus
776 1519 828 1572 in
871 1521 1108 1574 tenebris
1134 1531 1185 1575 et
1211 1523 1402 1576 umbra
1428 1523 1620 1578 mortis
1641 1524 1947 1578 exoriretur
1977 1524 2028 1576 in
2056 1523 2236 1578 terris.
2264 1521 2381 1577 Huc
2409 1531 2589 1577 autem
2620 1532 2866 1591 spectare
2890 1523 3141 1577 videntur
3170 1523 3334 1576 verba
3353 1504 3497 1590 Ἀρο-

267 1609 393 1663 atoli
427 1609 481 1663 in
517 1607 755 1680 Epistola
790 1613 856 1666 ad
885 1613 1234 1669 Corinthios:
1271 1613 1391 1668 Non
1421 1614 1558 1685 quod
1585 1616 1890 1685 suﬁicientes
1915 1615 2078 1667 simus
2109 1615 2339 1683 cogitare
2371 1613 2573 1682 aliquid
2604 1628 2668 1666 ea:
2702 1612 2869 1677 nobis,
2907 1615 3058 1684 quasi
3091 1628 3155 1666 ea:
3192 1613 3375 1676 nobis;
3409 1612 3499 1666 sed

265 1705 580 1773 suﬂ’icientia
611 1717 793 1761 nostra
837 1723 900 1760 ea:
934 1708 1038 1762 Deo
1070 1719 1170 1771 est,
1206 1710 1294 1778 qui
1323 1723 1373 1762 et
1401 1711 1609 1764 idoneos
1634 1727 1726 1763 nos
1762 1709 1882 1779 fecit
1926 1711 2194 1762 ministros
2226 1707 2363 1760 Novi
2397 1707 2732 1764 Testamenti.
2768 1721 2868 1758 non
2918 1705 3127 1770 littera,
3156 1703 3244 1757 sed
3269 1703 3497 1772 spiritu:

268 1794 447 1849 littera
469 1798 608 1850 enim
637 1799 848 1865 occidit,
881 1805 1098 1869 spiritus
1129 1818 1304 1859 autem
1335 1807 1561 1875 viviﬁcat
1592 1805 1668 1870 “;
1697 1813 1751 1859 et
1784 1804 1944 1874 paulo
1963 1803 2188 1858 inferius
2215 1823 2228 1858 :
2259 1801 2326 1855 Et
2355 1818 2456 1854 non
2483 1803 2618 1854 sicut
2655 1799 2860 1869 Moyses
2891 1799 3110 1868 ponebat
3149 1798 3381 1852 velamen
3406 1815 3500 1851 su-

266 1899 360 1951 per
384 1886 578 1953 {aciem
599 1905 771 1955 suam,
797 1904 854 1945 ut
885 1909 986 1948 non
1021 1896 1343 1950 intenderent
1374 1897 1472 1966 lilii
1517 1895 1688 1950 Israel
1713 1897 1766 1950 in
1794 1896 1984 1965 [aciem
2022 1895 2158 1964 ejus,
2187 1895 2326 1964 quod
2371 1904 2695 1947 evacuatur:
2723 1893 2811 1946 sed
2843 1891 3014 1944 obtusi
3043 1899 3162 1943 sunt
3201 1905 3381 1944 sensus
3411 1904 3502 1943 eo-

271 1995 408 2033 rum.
447 1979 621 2052 Usque
659 1985 715 2038 in
748 1986 1054 2042 hodiernum
1091 1992 1230 2045 enim
1272 1992 1406 2045 diem
1437 1992 1492 2045 id
1524 1992 1695 2061 ipsum
1722 1991 1950 2045 velamen
1974 1992 2029 2043 in
2059 1990 2275 2044 lectione
2309 1987 2507 2043 Veteris
2535 1984 2854 2039 Testamenti
2882 1989 3056 2036 manet
3089 1997 3191 2035 non
3219 1981 3503 2035 revelatum

272 2068 544 2139 (quoniam
568 2073 623 2125 in
646 2073 854 2128 Christo
873 2079 1200 2151 evacuatur),
1225 2080 1313 2134 sed
1342 2096 1502 2149 usque
1531 2081 1583 2133 in
1608 2080 1916 2134 hodiernum
1942 2080 2101 2145 diem,
2130 2095 2247 2132 cum
2273 2079 2466 2148 legitur
2491 2077 2719 2146 Moyses,
2744 2075 2972 2130 velamen
2998 2077 3226 2145 positum
3248 2083 3324 2129 est
3351 2087 3506 2142 super

272 2179 361 2215 cor
385 2179 640 2220 eorum...
681 2167 792 2222 Nos
821 2186 939 2224 vero
966 2188 1141 2226 omnes
1168 2173 1395 2227 revelata
1424 2173 1556 2242 facie
1580 2173 1804 2243 gloriam
1832 2173 2043 2226 Domini
2074 2171 2397 2242 speculantes
2422 2173 2474 2224 in
2503 2171 2736 2226 eamdem
2759 2171 3036 2240 imaginem
3065 2170 3508 2238 transformamur

270 2270 304 2307 a
329 2253 579 2310 claritate
603 2258 657 2310 in
687 2259 1006 2328 claritatem,
1039 2273 1288 2334 tanquam
1311 2282 1342 2318 a
1381 2265 1596 2318 Domini
1625 2261 1826 2332 Spiritu
1850 2263 1912 2316 ι’.
1946 2262 2028 2316 Ad
2064 2263 2152 2316 illa
2181 2271 2359 2317 autem
2393 2261 2630 2329 Apostoli
2662 2260 2822 2315 verba
2845 2261 2910 2315 de
2941 2259 3204 2314 velamine
3228 2273 3390 2329 super
3413 2273 3508 2314 cor

272 2347 607 2415 Iudaeorum,
636 2366 758 2404 cum
786 2353 978 2422 legitur
994 2353 1226 2425 Moyses,
1250 2358 1321 2410 ita
1345 2365 1742 2412 commentatur
1759 2356 2018 2425 Origenes
2041 2353 2293 2409 refellens
2313 2354 2529 2409 Celsum
2551 2352 2686 2422 (54),
2705 2352 2820 2421 qui,
2842 2349 3151 2404 Iudaeorum
3171 2362 3365 2404 sensus
3386 2364 3506 2406 eos-

273 2439 395 2494 dem
425 2456 547 2495 esse
577 2458 640 2497 ac
665 2442 1098 2501 Christianorum
1133 2449 1187 2501 in
1223 2449 1426 2503 sanctis
1455 2448 1751 2519 Scripturis
1782 2445 2222 2514 interpretandis,
2254 2454 2455 2499 temere
2482 2443 2802 2498 affirmabat.
2855 2458 2874 2492 ‹
2904 2439 3176 2505 Dicemus,
3208 2443 3403 2513 inquit,
3445 2440 3502 2494 in

275 2534 530 2590 confesso
562 2552 682 2592 esse
701 2539 843 2608 apud
877 2549 1157 2611 utrosque,
1194 2541 1362 2596 libros
1390 2542 1574 2597 divino
1606 2541 1807 2612 Spiritu
1833 2540 2003 2596 fuisse
2043 2540 2309 2610 scriptos;
2341 2540 2407 2595 de
2443 2540 2654 2594 illorum
2683 2549 2860 2594 autem
2899 2540 3155 2594 librorum
3186 2540 3505 2607 interpreta-

277 2626 426 2680 tione
453 2642 556 2681 nos
581 2642 706 2681 cum
736 2626 937 2685 Iudaeis
961 2630 1272 2686 dissentire.
1303 2632 1512 2701 Quippe
1537 2646 1642 2685 non
1670 2641 1727 2685 ut
1746 2630 1914 2686 Judaei
1942 2631 2190 2697 vivimus,
2225 2646 2589 2700 negamusque
2619 2640 2849 2685 mentem
2870 2631 3002 2701 legis
3027 2630 3289 2687 contineri
3320 2643 3505 2698 sensu,

277 2733 436 2788 quem
462 2719 639 2787 legum
669 2719 844 2774 littera
870 2737 980 2791 prae
1002 2739 1060 2779 se
1076 2724 1195 2778 fert.
1219 2723 1475 2791 Quinimo
1507 2725 1858 2788 aﬂirmamus,
1881 2740 2002 2780 cum
2033 2726 2229 2795 legitur
2252 2723 2485 2795 Moyses,
2513 2725 2755 2778 velamen
2792 2727 3028 2793 positum
3065 2739 3186 2781 esse
3219 2739 3381 2794 super
3414 2739 3510 2778 cor

278 2826 492 2873 eorum,
520 2826 640 2864 eam
671 2811 740 2865 ob
765 2826 1010 2875 causam,
1040 2815 1168 2883 quia
1198 2815 1331 2885 legis
1366 2815 1616 2870 Mosaicae
1649 2831 1802 2870 mens
1829 2815 2133 2870 occultatur
2168 2815 2254 2881 iis,
2285 2815 2379 2884 qui
2403 2815 2542 2869 viam
2573 2831 2602 2870 a
2631 2813 2757 2869 Jesu
2797 2815 3018 2870 Christo
3047 2823 3400 2870 monstratam
3425 2814 3511 2868 in-

279 2903 424 2972 gredi
457 2913 802 2958 recusarunt.
832 2903 1045 2960 Scimus
1074 2886 1276 2968 auteni.
1308 2908 1526 2976 quando
1565 2924 1623 2963 se
1661 2907 1783 2978 quis
1809 2908 1875 2961 ad
1907 2907 2213 2973 Dominum,
2239 2908 2328 2976 qui
2363 2906 2598 2976 Spiritus
2635 2916 2740 2972 est,
2769 2909 3117 2974 converterit,
3141 2908 3384 2961 velamen
3415 2920 3509 2960 au-

278 2997 429 3060 ferri,
462 3011 698 3064 eumque
720 3005 912 3051 retecta
939 2998 1074 3066 [acie
1101 2999 1316 3052 Domini
1345 3002 1590 3070 gloriam,
1620 3000 1755 3054 velut
1781 3002 1837 3053 in
1860 2999 2090 3068 speculo,
2121 3000 2316 3053 intueri
2343 3000 2396 3053 in
2427 2999 2533 3054 illis
2567 3001 2838 3061 sensibus,
2868 3014 3006 3069 quos
3035 2999 3211 3052 littera
3229 2999 3363 3068 legis
3381 2998 3508 3053 abs-

279 3087 567 3149 condebat,
591 3098 644 3141 et
661 3087 711 3140 in
734 3103 886 3142 suam
911 3091 1081 3159 ipsius
1101 3093 1526 3163 gloriamglorite
1546 3093 1743 3148 divinae
1767 3093 2083 3162 participem
2106 3091 2242 3146 ﬁeri.
2269 3091 2402 3146 Nam
2433 3092 2505 3158 id,
2531 3093 2675 3164 quod
2699 3093 2784 3146 hic
2809 3107 2904 3162 per
2921 3093 3145 3161 figuram
3175 3099 3401 3145 vocatur
3429 3089 3512 3158 fa-

279 3183 380 3235 cies
403 3221 416 3242 ,
450 3187 636 3248 aperte
664 3179 904 3248 loquenti
939 3193 1022 3239 est
1045 3185 1371 3252 intellectus,
1401 3187 1453 3238 in
1488 3202 1596 3256 quo
1631 3194 1714 3242 est
1735 3185 2011 3240 interioris
2043 3185 2279 3241 hominis
2301 3186 2489 3252 Iacies,
2510 3203 2651 3255 quae,
2677 3194 2962 3256 perspecto
2983 3198 3112 3238 vero
3130 3183 3305 3253 legum
3324 3196 3510 3245 sensu,

280 3282 390 3326 tota
425 3272 634 3326 lumine
671 3280 726 3326 et
765 3273 936 3342 gloria
963 3280 1288 3348 resplendet.
1322 3301 1340 3332 ι
1397 3279 1760 3347 Quamobrem
1790 3280 1947 3350 juxta
1988 3277 2151 3332 verba
2184 3281 2325 3336 beati
2360 3280 2610 3350 Apostoli
2641 3282 2906 3351 spiritalis
2939 3294 3218 3338 sacrarum
3269 3275 3514 3344 Scriptu-

280 3385 464 3424 rarum
507 3372 876 3442 intelligentia,
912 3381 966 3426 et
997 3372 1332 3427 sublimioris
1373 3373 1588 3428 illarum
1614 3388 1809 3428 sensus
1837 3374 2076 3443 perfecta
2121 3387 2348 3446 prorsus
2383 3383 2545 3442 atque
2586 3373 2834 3428 absoluta
2878 3373 3112 3444 cognitio
3156 3384 3344 3426 revera
3382 3367 3514 3424 solis

282 3465 571 3531 apostolis,
598 3467 914 3536 sanctisque
939 3465 1213 3529 Patribus,
1243 3474 1298 3519 et
1324 3463 1581 3520 Ecclesiae
1608 3465 1702 3521 Dei
1737 3466 1868 3531 vivi,
1898 3482 2019 3535 quae
2050 3476 2133 3522 est
2159 3466 2439 3528 columna,
2471 3475 2522 3518 et
2551 3465 2952 3520 firmamentum
2985 3463 3230 3519 veritatis
3255 3462 3320 3526 ¹⁸,
3350 3470 3404 3516 et
3446 3457 3514 3513 ad

282 3570 448 3626 quam
482 3574 553 3612 ex
587 3561 885 3628 apostolica
916 3560 1208 3614 traditione
1241 3559 1562 3622 dimanavit,
1597 3561 1761 3614 tribui
1793 3561 1969 3615 debet.
2002 3561 2134 3615 Nam
2173 3576 2240 3615 ex
2272 3561 2339 3615 iis
2365 3575 2487 3629 quae
2523 3560 2669 3614 circa
2708 3558 2986 3625 Christum
3021 3557 3311 3613 Dominum
3340 3552 3518 3609 conti—

283 3659 505 3718 gerunt,
539 3665 737 3719 magna
766 3651 859 3704 lux
889 3665 1058 3705 sacrae
1089 3649 1403 3719 Scriptura,
1437 3659 1490 3704 et
1515 3651 1785 3720 praecipue
1813 3651 2148 3720 pr0pheticis
2173 3653 2408 3706 oraculis
2435 3651 2596 3705 allata
2630 3661 2729 3706 est.
2770 3649 3032 3706 Praeterea
3075 3649 3328 3706 Christus
3362 3654 3514 3717 posto

282 3758 444 3810 quam
475 3742 533 3796 in
563 3742 762 3797 ccelum
793 3743 1056 3804 ascendit,
1087 3741 1346 3812 Spiritum
1384 3749 1653 3803 sanctum,
1678 3755 1838 3810 quem
1886 3742 2211 3810 promiserat
2253 3741 2512 3811 apostolis
2534 3781 2549 3804 ,
2583 3741 2751 3805 misit,
2785 3742 2878 3811 qui
2925 3741 3141 3794 doceret
3167 3753 3263 3792 eos
3297 3750 3513 3791 omnem

282 3836 602 3902 veritatem;
628 3835 750 3890 ideo
771 3836 998 3890 docente
1022 3836 1228 3902 Spiritu
1260 3834 1505 3890 veritatis
1528 3835 1811 3904 pervenire
1836 3834 2064 3905 apostoli
2089 3843 2382 3904 potuerunt
2411 3834 2478 3888 ad
2507 3835 2855 3904 allegoricum
2887 3847 2982 3888 seu
3014 3831 3310 3902 spiritalem
3334 3841 3516 3884 sacra-

283 3942 403 3980 rum
449 3926 861 3995 Scripturarum
909 3943 1130 3983 sensum
1168 3927 1598 3997 percipiendum,
1631 3937 1684 3980 et
1725 3941 1792 3980 eo
1841 3927 2146 3997 pertingere
2189 3941 2301 3996 quo
2340 3927 2596 3981 Patribus
2622 3926 2834 3982 Veteris
2867 3922 3193 3980 Testamenti
3219 3929 3274 3976 et
3305 3919 3516 3988 magnis

282 4017 568 4086 prophetis
595 4027 877 4086 penetrare
911 4035 1016 4074 non
1050 4020 1226 4074 licuit.

355 4106 582 4162 XXVII.
617 4109 999 4178 Apostolorum
1034 4113 1201 4182 igitur
1230 4111 1479 4180 exemplo
1503 4111 1788 4174 excitatos,
1811 4126 2113 4179 eorumque
2143 4111 2382 4182 vestigiis
2401 4118 2454 4166 et
2481 4109 2741 4164 doctrina:
2766 4107 3091 4161 inhaerentes
3117 4102 3519 4159 vetustissimos

286 4200 574 4256 orientalis
604 4200 863 4259 Ecclesiae
896 4204 1086 4260 Patres
1123 4207 1351 4276 mystico
1395 4204 1823 4274 Scripturarum,
1870 4204 2052 4259 sensui
2079 4204 2366 4275 aperiendo
2391 4199 3067 4274 potissimumstuduisse,
3100 4195 3258 4250 Iidem
3291 4192 3517 4256 faciunt,

287 4302 345 4344 ut
372 4294 634 4362 superius
664 4295 798 4362 dixi,
833 4306 1028 4366 praeter
1072 4287 1356 4369 Origenem
1388 4307 1441 4354 ct
1471 4300 1801 4354 Clementem
1827 4298 2255 4352 Alexandrinum
2293 4298 2523 4367 epistola
2570 4309 2690 4365 quae
2721 4293 2982 4348 Barnabae
3006 4290 3332 4354 ascribitur;
3359 4286 3519 4341 Com-

285 4385 559 4440 mentaria
593 4387 650 4440 in
668 4401 896 4457 quatuor
918 4389 1209 4459 Evangelia
1237 4391 1523 4462 Theophili
1554 4393 1794 4462 episcopi
1827 4391 2172 4455 Antiocheni,
2219 4391 2303 4444 vel
2337 4389 2560 4444 alterius
2590 4388 2796 4457 antiqui
2836 4383 3138 4454 scriptoris,
3167 4381 3259 4451 qui
3282 4379 3522 4448 Evange-

287 4473 422 4528 lium
461 4476 694 4546 mystica
728 4477 1173 4547 interpretatione
1201 4482 1457 4550 explicat,
1491 4491 1604 4536 tum
1651 4485 1813 4536 etiam
1842 4480 2104 4537 Hebraica
2134 4483 2354 4536 nomina
2383 4498 2504 4550 qua
2534 4483 2586 4535 in
2619 4478 2770 4533 Novo
2805 4475 3152 4531 Testamento
3177 4474 3522 4528 continentur

288 4566 579 4637 diligenter
602 4569 1006 4639 interpretatur,
1038 4583 1093 4627 ct
1121 4571 1470 4640 allegoricum
1504 4587 1724 4628 sensum
1756 4573 1842 4642 pie
1874 4589 1937 4628 ac
1977 4576 2206 4628 solerter
2234 4573 2490 4643 exponit;
2521 4579 2631 4626 tum
2672 4570 2774 4624 alia
2805 4570 3047 4639 ejusdem
3073 4564 3356 4635 Theophili
3389 4563 3523 4616 alio—

290 4675 528 4729 rumque
565 4667 808 4716 veterum
837 4664 1094 4721 Ecclesia:
1120 4665 1342 4721 Patrum
1367 4668 1630 4736 opuscula
1661 4683 1782 4737 quae
1811 4667 1878 4721 ad
1914 4683 2015 4723 nos
2041 4674 2423 4738 pervenerunt.
2458 4663 2569 4718 Cur
2603 4669 2781 4717 autem
2826 4659 3034 4730 antiqui
3063 4655 3301 4712 Orientis
3339 4653 3524 4708 Patres

291 4750 343 4804 in
373 4753 772 4818 perscrutando
818 4758 1047 4825 mystico
1081 4773 1177 4811 seu
1223 4759 1450 4828 spiritali
1498 4757 1904 4826 Scripturarum
1956 4775 2118 4813 sensu
2152 4759 2287 4812 adeo
2313 4757 2598 4825 diligentes
2628 4761 2683 4807 et
2720 4752 2923 4808 assidui
2961 4750 3183 4815 fuerint,
3214 4747 3414 4817 duplici
3459 4761 3522 4800 ex

292 4857 458 4897 causa
493 4843 762 4906 evenisse,
791 4848 1045 4916 quisque,
1081 4858 1139 4903 ut
1161 4866 1305 4914 reor,
1333 4850 1620 4918 judicabit.
1660 4849 1864 4914 Prima,
1905 4850 2034 4921 quia
2067 4849 2380 4919 hujusmodi
2413 4846 2912 4917 interpretationem
2948 4843 3212 4912 aptiorem
3250 4837 3529 4896 existima-

376 5007 416 5038 "
442 5007 488 5060 Il
520 5007 647 5062 Cor.
674 5025 757 5074 ιιι,
782 5009 835 5077 5,
865 5009 918 5066 6.
998 5012 1038 5042 "
1070 5011 1199 5066 ibid.
1229 5012 1412 5066 13-18.
1493 5011 1535 5042 ”
1573 5009 1756 5065 lTim.
1784 5025 1862 5076 ιιι,
1889 5009 1972 5064 I5.

295 5143 536 5210 collegit,
570 5141 884 5210 librumque
908 5141 1112 5195 Miscna
1133 5142 1387 5212 confecit,
1407 5158 1439 5198 a
1483 5158 1594 5212 quo
1631 5158 1756 5197 cum
1811 5141 2071 5196 Ghemarh
2092 5141 2384 5211 conjuncto
2433 5138 3066 5212 _Talmud_'componitu_r_.
3098 5132 3325 5212 Talntud
3350 5138 3529 5212 autem

297 5200 532 5268 Hebraei
557 5227 711 5283 aeque
735 5200 826 5283 “ac
854 5227 1089 5283 sacram
1125 5200 1459 5281 Scripturam
1491 5200 1671 5282 magni
1696 5212 1928 5277 faciunt;
1971 5213 2081 5283 imo
2107 5200 2286 5283 etiam
2311 5209 2625 5283 praeferunt.
2651 5209 2762 5283 iEst
2796 5200 2973 5264 autem
3010 5207 3146 5283 liber
3177 5203 3367 5283 plenus
3402 5200 3526 5283 ridi-

297 5284 434 5337 rulis
482 5288 538 5352 et
602 5269 803 5352 putidis
844 5281 1066 5345 fabulis,
1110 5269 1633 5351 superstitionibus“,
1675 5269 2028 5352 blasphemiis
2069 5291 2122 5335 et
2161 5269 2534 5350 impiétatibus
2578 5282 2936 5352 refertustut
2962 5276 3153 5330 merito
3178 5269 3384 5352 plurie's
3409 5269 3533 5352 “fue-

296 5356 364 5406 rit
429 5368 459 5405 a
505 5340 770 5422 Romanis
819 5340 1194 5422 pontiﬁcibus.
1225 5353 1584 5420 proscriptus,
1621 5340 1704 5406 ἐι
1738 5340 2289 5422 igni_damnatus,_é_t
2337 5352 2494 5422 longe
2541 5340 2827 5422 anteadah'
2852 5340 3202 5422 imperatore
3225 5340 3534 5422 Iustiniano

296 5423 414 5492 ejus
438 5421 599 5494 lectio
623 5409 864 5475 Hebraeis
887 5409 1402 5494 intertlict‘avidetur
1431 5409 1486 5494 in
1523 5409 1733 5494 novella
1759 5409 1910 5494 VH6,
1951 5421 2037 5494 tit.
2067 5421 2142 5474 De
2174 5409 2461 5494 Hebraeis;
2483 5420 2662 5494 verbis
2695 5419 2834 5473 illis:
2866 5436 2885 5494 ς
2918 5409 3225 5494 Quaenero
3271 5409 3534 5494 Deutero-

298 5480 398 5553 sis.
428 5491 590 5561 quasi
629 5491 953 5562 secundaria
999 5490 1232 5562 eruditio
1275 5492 1343 5544 ab
1386 5490 1521 5562 ipsis
1553 5491 1771 5554 dicitur,
1812 5490 1865 5543 in
1900 5480 2222 5562 universum
2265 5480 2752 5562 interdicimus,_ut
2791 5487 2884 5562 qui
2933 5480 3106 5540 sacris
3172 5480 3325 5562 libris
3373 5493 3535 5562 com:

300 5557 574 5642 prehensa
593 5576 702 5614 non
731 5561 822 5624 sit,
844 5575 1026 5642 _neque
1075 5561 1308 5629 desuper
1365 5557 1562 5642 tradita
1615 5575 1737 5642 per.
1764 5561 2074 5642 prophetas,
2104 5562 2197 5642 sed
2233 5560 2775 5642 excerptaquzedam
2825 5557 3063 5611 virorum
3110 5557 3411 5618 contineat,
3445 5557 3538 5617 qui

303 5629 519 5687 terrena
543 5631 812 5684 duntaxat
844 5629 1154 5700 loquantur,
1193 5631 1689 5700 nequequidquam
1725 5629 1778 5685 in
1808 5645 1867 5686 se
1903 5630 2070 5685 divini
2103 5631 2336 5687 habeant

389 5648 519 5685 rena
543 5637 812 5684 duntaxat
845 5637 1154 5696 loquantur,
1193 5645 1364 5698 ineque
1394 5637 1689 5700 quidquam
1726 5637 1778 5685 in
1808 5645 1867 5686 se
1903 5637 1934 5685 (ξ

385 5702 506 5773 (54),
519 5700 671 5771 Orig.
697 5711 882 5754 contra
910 5699 1045 5754 Cels.
1075 5700 1168 5755 lib.
1193 5716 1245 5765 v,
1279 5717 1331 5753 n.
1355 5698 1443 5753 60.

1211 5637 1689 5752 nequcﬁguidquam
1726 5637 1778 5685 in
1808 5645 1867 5686 se
1903 5637 2070 5685 divini
2103 5637 2336 5687 habeant
2358 5637 2626 5692 Numinis,
2659 5637 2761 5682 etc.

1208 5716 1245 5765 ι,
1279 5717 1331 5753 n.
1430 5740 1443 5753 .
