3934 6218
428 267 530 324 627
1286 270 1341 324 S.
1385 269 1755 324 ATHANASII
1788 269 1941 326 OPP.
1984 270 2160 326 PARS
2201 267 2285 323 Ill.
2324 301 2391 309 —-
2426 267 2832 324 EXEGETICA.
3557 261 3656 318 6‘28

429 380 560 435 bant
589 382 653 437 ad
677 383 924 438 alendam
957 383 1190 439 fidelium
1236 385 1488 453 pietatem
1533 394 1586 440 et
1614 386 1784 455 magis
1837 385 2301 440 accommodatam
2333 384 2654 440 Christianae
2686 385 2966 455 religioni,
3003 400 3122 453 quce
3160 385 3472 439 adoratores
3495 380 3660 450 exigit

429 472 482 524 in
520 473 712 541 spiritu
747 483 801 528 et
833 476 1085 538 veritate;
1117 484 1229 528 tum
1254 477 1416 529 etiam
1439 476 1564 546 quia
1600 477 1824 530 omnino
1866 478 2230 530 necessariam
2277 491 2397 530 esse
2444 477 2734 530 censebant
2765 485 2970 531 rectam
3017 474 3417 545 Scripturarum
3458 471 3657 526 intelli-

427 570 685 639 gentiam,
732 586 854 624 cum
887 571 1133 640 quaedam
1189 571 1244 625 in
1287 570 1465 625 Veteri
1500 571 1850 626 Testamento
1885 581 2207 632 occurrant,
2231 587 2352 640 quae
2387 570 2492 624 nisi
2542 570 2802 639 spiritalis
2845 569 3216 637 interpretatio
3242 567 3571 621 adhibeatur
3601 568 3654 619 in

430 662 725 716 absurdum
761 679 981 718 sensum
1009 665 1179 734 accipi
1209 674 1458 734 possunt.
1492 665 1672 719 Altera
1711 674 1888 719 autem
1921 665 2062 718 haud
2091 664 2253 718 dubie
2291 679 2353 718 ea
2380 671 2483 726 est,
2518 665 2646 731 quia
2680 678 2774 731 per
2807 663 2856 715 id
2885 671 3096 730 tempus
3122 670 3308 714 exorta
3332 668 3449 713 erat
3481 659 3650 711 haere-

427 751 505 808 sis
537 753 938 819 Gnosticorum,
975 757 1069 824 qui
1100 755 1490 810 catholicorum
1529 756 1818 826 magistros
1850 764 1902 808 et
1930 755 2198 812 doctores,
2231 755 2391 806 veluti
2431 755 2594 806 rudes
2627 761 2788 819 atque
2821 751 3098 820 imperitos
3133 751 3500 816 traducentes,
3534 764 3656 818 spe-

428 848 508 902 cie
524 848 757 916 quadam
787 848 1120 901 sublimioris
1149 848 1390 902 scientia:
1420 847 1486 900 ad
1518 863 1577 902 se
1606 847 1914 901 alliciebant
1940 846 2314 910 Christianos,
2344 855 2397 899 et
2419 844 2575 898 novis
2603 843 2913 912 allegoricis
2945 843 3480 911 interpretationibus
3504 844 3654 897 adul-

428 947 666 993 terantes
691 938 1025 1005 Scripturas,
1051 934 1264 991 fabulas
1298 951 1426 991 suas
1475 951 1571 1005 pro
1609 950 1746 988 nova
1785 935 2020 1003 quadam
2059 934 2449 1003 reconditaque
2489 934 2737 988 doctrina
2777 933 3153 996 venditabant,
3183 943 3236 986 et
3269 950 3376 989 non
3408 951 3568 991 secus
3595 952 3657 991 ac

428 1030 687 1087 Pharisaei
715 1033 766 1085 in
803 1030 971 1085 veteri
1011 1031 1126 1100 lege
1167 1045 1382 1084 errores
1424 1045 1553 1085 suos
1597 1045 1662 1083 ac
1691 1030 2044 1083 deliramenta
2095 1028 2518 1097 simplicioribus
2557 1027 2936 1082 obtrudebant.
2969 1026 3216 1081 Profecto
3256 1026 3640 1081 Gnosncorum

428 1122 650 1178 hteresis
676 1137 707 1176 a
735 1120 1134 1176 Pharisaeorum
1160 1119 1446 1185 fermento,
1479 1136 1508 1174 a
1540 1136 1650 1190 quo
1675 1127 1732 1173 ut
1764 1129 2036 1184 caverent,
2066 1121 2340 1189 apostolos
2370 1120 2584 1173 monuit
2607 1118 2857 1174 Christus
2876 1119 3160 1184 Dominus,
3196 1120 3462 1190 originem
3489 1135 3649 1174 suam

425 1213 675 1270 ducebat.
723 1215 903 1282 Neque
925 1215 1068 1268 enim
1112 1212 1492 1268 Gnosticorum
1529 1212 2032 1282 pseudo-theologia
2070 1211 2216 1265 aliud
2243 1221 2380 1278 erat,
2404 1220 2463 1265 ut
2487 1213 2651 1266 etiam
2692 1213 2782 1265 alii
2813 1212 3187 1275 observarunt,
3222 1227 3384 1282 quam
3413 1213 3655 1280 philoso-

426 1308 549 1378 phia
579 1306 958 1377 Pythagorica,
984 1317 1145 1375 atque
1169 1304 1332 1359 etiam
1356 1304 1657 1370 Platonica,
1678 1313 1737 1357 ut
1769 1303 1837 1356 ab
1871 1302 2107 1357 Hebraeis
2145 1301 2430 1356 kabalistis
2478 1304 2728 1372 exposita
2746 1312 2799 1357 et
2829 1303 3147 1372 interpolata
3177 1313 3280 1369 est,
3317 1313 3371 1357 et
3403 1305 3655 1373 pluribus

430 1401 648 1466 additis,
674 1399 924 1462 inversis,
950 1400 1265 1468 amputatis,
1301 1415 1407 1452 non
1439 1413 1629 1468 parum
1666 1398 1968 1451 immutata.
2006 1396 2141 1451 Nam
2189 1396 2502 1452 Judaeorum
2542 1395 2765 1462 Kabala,
2795 1396 2863 1450 de
2899 1413 3004 1466 qua
3040 1397 3195 1467 plura
3223 1396 3649 1466 superius'dixi,

424 1492 879 1561 quemadmodum
905 1499 960 1544 et
991 1489 1182 1559 primis
1212 1489 1471 1545 Ecclesia:
1500 1488 1713 1544 smculis
1739 1504 1769 1542 a
1801 1487 2043 1543 rabbi‘nis
2085 1490 2418 1554 tradebatur,
2457 1497 2615 1559 atque
2645 1489 2938 1544 etiamnum
2971 1502 3002 1541 a
3034 1488 3310 1544 nonnullis
3343 1490 3654 1545 rabbiniea-

423 1599 543 1638 rum
572 1583 924 1638 traditionum
954 1581 1229 1652 magistris
1263 1581 1493 1635 traditur
1524 1581 1660 1651 (55),
1696 1581 1807 1648 agit
1852 1581 2195 1650 potissimum
2239 1583 2304 1636 de
2341 1597 2525 1637 rerum
2561 1581 2772 1651 origine
2801 1591 2856 1636 et
2891 1581 3120 1644 ratione,
3148 1597 3211 1636 ac
3244 1581 3403 1636 modo
3428 1597 3655 1652 genera-

422 1677 588 1731 tionis
611 1690 704 1730 seu
731 1674 1133 1744 progressionis
1167 1683 1221 1727 et
1254 1671 1433 1726 fliixus
1463 1687 1645 1726 rerum
1690 1688 1719 1726 a
1750 1674 1925 1742 primo
1968 1685 2106 1738 ante,
2137 1686 2190 1730 et
2226 1677 2292 1732 de
2331 1677 2642 1731 earumdem
2683 1691 2861 1730 rerum
2907 1676 3164 1746 gradibus
3202 1675 3580 1746 descensuque
3624 1694 3655 1732 a

423 1769 655 1825 summis
677 1769 740 1822 ad
769 1769 898 1822 ima.
932 1765 1050 1822 Non
1083 1776 1264 1821 autem
1293 1765 1559 1821 dissimile
1587 1764 1691 1820 fuit
1729 1765 2003 1822 Gnosticaa
2045 1769 2557 1840 pseudothcologize
2594 1777 2997 1840 argumentum,
3032 1776 3092 1821 ut
3118 1768 3302 1823 videre
3347 1768 3473 1822 licet
3513 1770 3656 1838 apud

422 1863 686 1915 Irenaeum
715 1868 770 1915 et
798 1859 940 1928 apud
967 1858 1354 1927 Epiphanium,
1386 1857 1635 1927 aliosque
1682 1865 1893 1914 veteres
1925 1858 2182 1915 Ecclesia:
2219 1860 2540 1930 fseriptores.
2570 1847 2704 1914 "Non
2745 1870 2851 1913 tam
2903 1858 3192 1914 Gnosticos
3236 1874 3400 1929 quam
3443 1869 3654 1915 veteres

421 1953 728 2008 Kabalistas
753 1952 898 2006 circa
929 1951 1065 2004 duos
1098 1949 1442 2018 potissimum
1473 1957 1721 2005 versatos
1747 1949 1914 2005 fuisse
1936 1951 2070 2020 (56),
2102 1967 2168 2006 ex
2201 1962 2441 2007 veterum
2477 1952 2716 2021 scriptis,
2733 1965 2853 2021 quae
2879 1951 2944 2004 ad
2969 1965 3067 2004 nos
3090 1959 3479 2020 pervenerunt,
3501 1968 3648 2006 com-

419 2050 648 2119 peritur.
674 2046 936 2109 Primum,
963 2055 1023 2098 ut
1049 2042 1314 2098 fabulosis
1344 2043 1460 2098 suis
1486 2044 1810 2098 commentis
1842 2053 2195 2112 exponerent,
2228 2061 2336 2113 quo
2367 2045 2576 2107 ordine,
2611 2052 2665 2098 et
2695 2059 2802 2114 qua
2834 2043 2973 2098 serie
2998 2057 3084 2097 res
3112 2057 3301 2097 omnes
3327 2059 3357 2097 a
3387 2042 3497 2097 Deo
3520 2044 3650 2110 sint,

419 2152 682 2214 tanquam
709 2158 740 2197 a
771 2140 946 2213 prima
977 2154 1162 2200 causa,
1201 2151 1322 2206 qua:
1358 2135 1668 2190 necessario
1697 2135 1938 2200 exsistit;
1966 2137 2286 2203 secundum,
2311 2146 2369 2190 ut
2411 2137 2760 2192 ostenderent
2785 2149 3006 2191 causam
3039 2134 3264 2204 primam
3299 2145 3352 2189 et
3380 2135 3646 2205 originem

419 2237 573 2290 mali.
601 2234 758 2299 Quod
791 2235 858 2288 de
882 2229 1157 2288 Gnosticis
1182 2227 1472 2283 manifesto
1524 2234 1739 2282 constat
1764 2243 1827 2281 ex
1857 2227 2100 2296 ejusdem
2129 2228 2302 2282 sancti
2331 2225 2518 2282 lrcnaai
2549 2227 2702 2282 libris
2739 2227 2999 2281 Adversus
3052 2226 3292 2290 hwreses,
3351 2227 3441 2280 ubi
3487 2225 3658 2281 refert

419 2324 571 2394 impii
602 2323 873 2379 Valentini
909 2338 1146 2379 errores.
1183 2323 1259 2378 De
1282 2322 1576 2379 Kabalistis
1608 2339 1739 2378 vero
1768 2339 1832 2379 ex
1864 2340 2052 2379 eorum
2085 2325 2239 2380 libris
2277 2325 2374 2394 qui
2407 2325 2473 2379 ad
2505 2340 2607 2380 nos
2639 2334 3020 2394 pervenerunt,
3049 2333 3103 2379 et
3136 2324 3334 2394 quibus
3377 2324 3658 2394 explican—

417 2413 503 2469 dis
528 2429 636 2468 non
665 2414 840 2470 solum
876 2414 978 2484 ipsi
1010 2412 1202 2479 Judaei,
1229 2414 1322 2470 sed
1353 2415 1518 2468 etiam
1556 2414 1723 2483 aliqui
1771 2415 1971 2469 eruditi
2001 2415 2104 2469 viri
2147 2431 2215 2471 ex
2256 2415 2586 2471 Christianis
2614 2415 2870 2471 inanibus
2904 2416 3068 2471 variae
3100 2416 3340 2478 scientia:
3365 2419 3659 2486 promissis

417 2511 649 2579 decepti,
673 2526 740 2565 ex
784 2510 1140 2581 aenigmaticis
1186 2511 1439 2566 sensibus
1473 2525 1537 2564 ac
1577 2510 1865 2580 praestigiis
1903 2510 2052 2566 illusi
2090 2511 2479 2566 allaborarunt.
2512 2510 2764 2567 Profecto
2802 2511 2963 2580 primi
3006 2510 3386 2568 Gnosticorum
3427 2511 3654 2566 heresis

418 2611 671 2657 auctores
711 2602 884 2658 Judwi
920 2602 1160 2670 fuerunt,
1194 2618 1260 2658 ac
1290 2603 1520 2674 proinde
1553 2603 1606 2656 in
1636 2602 1975 2658 kabalisticis
2007 2601 2206 2658 fabulis
2243 2613 2299 2659 et
2333 2603 2716 2673 aanigmatibus
2757 2606 2976 2659 versati.
3005 2605 3190 2674 Itaque
3228 2606 3304 2658 nil
3341 2605 3542 2658 mirum
3570 2617 3654 2660 est

419 2696 467 2750 si
487 2694 754 2761 Gnostici,
783 2710 1007 2750 suorum
1031 2697 1414 2766 magistrorum
1441 2697 1783 2766 aenigmatica
1815 2697 2064 2752 doctrina
2096 2695 2312 2761 imbuti,
2357 2710 2543 2750 sacras
2586 2694 2896 2766 Seripturas
2924 2695 3303 2766 aenigmatibus
3337 2704 3501 2765 atque
3535 2711 3654 2750 am-

420 2787 645 2858 bagibus
687 2788 1281 2860 verborum,mysticis
1328 2799 1491 2859 atque
1529 2790 1720 2845 alienis
1747 2791 1998 2846 sensibus
2047 2790 2548 2859 interpretarentur,
2573 2797 2627 2844 et
2666 2790 2757 2844 Dei
2784 2789 3020 2844 Verbum
3065 2789 3328 2846 fabulosis
3358 2790 3474 2845 suis
3507 2803 3655 2844 com-

418 2884 618 2938 mentis
641 2895 1075 2954 corrumperent.
1115 2885 1479 2952 Quamobrem
1510 2884 1722 2954 antiqui
1753 2885 1828 2939 illi
1859 2887 2158 2955 primorum
2195 2887 2516 2940 saeculorum
2556 2885 2759 2952 Patres,
2788 2894 2848 2940 ut
2891 2885 3273 2940 Gnosticorum
3318 2885 3648 2954 impietatem

416 2985 472 3030 et
496 2976 782 3031 audaciam
813 2978 867 3032 in
892 2977 1197 3032 adulterina
1222 2991 1286 3031 ac
1317 2991 1574 3045 perversa
1611 2974 1771 3029 Verbi
1807 2975 1902 3030 Dei
1936 2976 2380 3045 interpretatione
2412 2977 2638 3032 rudibus
2667 2993 2731 3031 ac
2763 2977 3102 3046 simplicibus
3127 2978 3463 3034 obtrudenda
3489 2991 3644 3031 coer-

417 3076 624 3136 cerent,
659 3077 714 3124 et
740 3068 1012 3138 pestifera:
1036 3083 1226 3123 eorum
1255 3066 1518 3121 doctrinae
1541 3065 1850 3120 clanculum
1886 3065 2125 3133 serpenti
2157 3067 2371 3120 obviam
2406 3066 2568 3129 irent,
2601 3066 2975 3137 investigando
3002 3068 3344 3137 potissimum
3370 3081 3647 3124 sacrarum

421 3161 828 3231 Scripturarum
880 3160 1112 3232 mystico
1158 3159 1344 3215 sensui
1372 3158 1613 3214 studium
1646 3173 1808 3213 omne
1851 3173 1915 3212 ac
1960 3157 2291 3228 diligentiam
2327 3159 2692 3213 adhibuerunt
2727 3168 2780 3213 et
2818 3174 3162 3228 summopere
3191 3169 3470 3222 curarunt,
3501 3158 3645 3228 quod

325 3232 329 3236 I
415 3253 705 3322 pastoralis
725 3268 914 3308 eorum
940 3253 1182 3306 muneris
1211 3249 1546 3320 praecipuum
1579 3257 1717 3314 erat,
1749 3256 1810 3302 ut
1845 3246 2248 3316 Scripturarum
2287 3247 2576 3318 allegorice
2613 3263 2777 3304 sensu
2813 3248 2968 3318 juxta
3005 3248 3266 3306 Ecclesiae
3283 3250 3350 3303 ab
3377 3248 3641 3318 apostoh’s

417 3353 692 3416 acceptam
719 3344 1046 3411 doctrinam,
1077 3353 1130 3399 et
1153 3343 1610 3413 praedecessorum
1649 3342 1863 3412 regulas
1895 3342 2168 3411 exposito,
2207 3341 2592 3398 Gnosticorum
2619 3343 2945 3399 commentis
2971 3359 3034 3399 ac
3053 3343 3253 3399 fabulis
3276 3343 3537 3413 spiritalis
3565 3344 3651 3397 in-

418 3436 825 3507 terpretationis
844 3435 1127 3491 veritatem
1156 3443 1512 3504 opponerent.
1543 3433 1674 3499 Quae.
1698 3448 1823 3489 cum
1851 3433 1930 3486 ita‘
1950 3433 2081 3498 sint,
2114 3443 2172 3488 ut
2199 3435 2390 3503 paucis
2425 3434 2771 3499 concludam,
2799 3437 3072 3490 neminem
3105 3451 3225 3492 esse
3247 3445 3399 3506 puto,
3421 3437 3515 3506 qui
3544 3449 3653 3490 non

418 3529 705 3601 intelligat,
733 3529 1156 3606 explicationem
1185 3527 1577 3583 Hebraicorum
1616 3527 1902 3582 nominum
1941 3534 1996 3581 et
2027 3527 2373 3596 allegoricam
2407 3526 2810 3598 Scripturarum
2850 3530 3344 3601 interpretationem
3379 3541 3433 3586 et
3457 3533 3649 3601 patriae

415 3631 581 3691 atque
623 3619 874 3675 instituto
922 3617 1232 3685 Athanasii,
1268 3628 1381 3672 tum
1431 3618 1594 3673 etiam
1628 3619 1747 3688 ejus
1781 3617 1928 3672 aetati
1956 3631 2020 3672 ac
2043 3616 2305 3672 doetrinaa
2347 3618 2641 3674 admodum
2687 3630 3108 3676 consentaneam
3140 3638 3280 3686 esse,
3319 3623 3652 3693 minimeque

416 3713 716 3768 adversari.
1792 3707 1820 3728 '”'
1860 3717 1882 3732 "

485 3805 721 3860 XXVIII.
764 3805 965 3862 Verum
1008 3821 1105 3876 per
1143 3805 1331 3861 eadem
1372 3814 1638 3875 tempora,
1695 3803 1896 3874 quibus
1937 3803 2136 3859 claruit
2177 3804 2536 3869 Athanasius,
2587 3817 2776 3862 exorta
2831 3810 2984 3878 impii
3029 3811 3141 3864 Arii
3179 3810 3394 3876 haeresi,
3438 3826 3659 3868 necesse

414 3903 520 3958 fuit
553 3902 867 3958 accuratius
909 3902 1200 3957 litteralcm
1256 3900 1665 3971 Scripturarum
1712 3916 1935 3956 sensum
1980 3909 2236 3956 excutere
2284 3908 2448 3971 atque
2491 3902 2804 3971 explicare;
2834 3905 3090 3973 quoniam
3123 3905 3307 3958 Ariani
3342 3913 3657 3960 contextum

415 3996 823 4065 Scripturarum
878 3997 1102 4052 subdole
1154 3997 1630 4068 interpungentes,
1681 3997 1769 4052 vel
1813 3997 1921 4051 vim
1978 3998 2270 4052 verborum
2327 4007 2506 4052 astute
2555 4013 2619 4053 ac
2662 3999 2931 4054 subtiliter
2974 4010 3331 4069 exponentes,
3375 4015 3657 4055 sacrarum

415 4088 824 4158 Scripturarum
857 4091 1183 4144 auctoritate
1213 4091 1278 4144 ad
1308 4105 1420 4144 suae
1452 4091 1745 4160 impietatis
1783 4091 2255 4146 confirmationem
2305 4091 2690 4146 abutebantur.
2730 4092 2916 4162 Itaque
2947 4095 3100 4148 novis
3137 4092 3369 4147 subinde
3395 4107 3660 4148 enascen-

413 4180 563 4234 tibus
589 4180 892 4245 erroribus,
941 4189 997 4234 et
1028 4181 1168 4234 inter
1222 4181 1568 4236 Christianos
1621 4181 2006 4237 effervescente
2065 4181 2456 4252 disputatione,
2539 4197 2663 4236 cum
2719 4183 2810 4236 alii
2862 4197 2961 4252 pro
3020 4185 3263 4246 veritate,
3317 4183 3406 4236 alii
3469 4192 3659 4236 contra

411 4278 644 4336 starent,
684 4281 738 4325 et
785 4272 1000 4341 utrique
1051 4273 1106 4326 in
1158 4272 1412 4327 humanis
1454 4273 1794 4343 disciplinis,
1838 4283 1893 4329 et
1946 4275 2230 4330 dialectica
2279 4274 2568 4342 facultate,
2606 4287 2660 4332 et
2711 4274 3114 4345 Scripturarum
3147 4277 3378 4331 lectione
3414 4277 3660 4346 apprime

411 4365 614 4418 versati
655 4373 861 4430 essent,
907 4373 1270 4434 accurateque
1313 4366 1592 4435 proprium
1647 4364 2054 4437 Scripturarum
2093 4384 2319 4424 sensum
2371 4369 2436 4423 ad
2485 4371 2857 4440 grammaticae
2896 4372 3041 4441 leges
3079 4371 3443 4441 expenderent
3495 4380 3660 4440 atque

413 4457 711 4527 exigerent,
745 4457 798 4510 in
827 4471 991 4511 causa
1028 4455 1134 4511 fuit
1172 4473 1272 4512 cur
1309 4458 1526 4522 deinde,
1565 4458 1954 4527 disputationis
2005 4460 2330 4515 necessitate
2364 4461 2647 4530 suadente,
2679 4463 2930 4518 litteralis
2957 4462 3363 4533 Scripturarum
3389 4464 3658 4532 expositio

411 4565 516 4605 usu
543 4559 757 4619 recepta
792 4549 846 4604 in
877 4547 1098 4605 Oriente
1129 4550 1221 4618 sit,
1249 4550 1303 4604 in
1335 4566 1441 4620 qua
1468 4551 1607 4604 inter
1644 4550 1944 4606 catholicos
1993 4553 2243 4608 doctores
2268 4555 2527 4609 excelluit
2553 4553 2612 4610 S.
2647 4553 2887 4611 Joannes
2913 4556 3360 4628 Chrysostomus.
3398 4554 3561 4617 Nam,
3597 4563 3657 4608 ut

411 4643 691 4698 memoriae
723 4643 980 4698 traditum
1009 4654 1093 4700 est
1125 4644 1262 4716 (57),
1293 4655 1348 4700 et
1370 4645 1593 4700 Patrum
1619 4647 1824 4715 scripta
1851 4661 1977 4716 quae
1998 4647 2066 4702 ad
2097 4664 2196 4704 nos
2234 4651 2560 4707 transmissa
2595 4662 2744 4718 sunt,
2773 4652 3086 4720 ostendunt,
3120 4654 3172 4706 in
3211 4653 3426 4706 litterali
3463 4668 3646 4706 sacra-

419 4748 543 4788 rum
573 4732 980 4805 Scripturarum
1021 4737 1464 4806 interpretatione
1491 4737 1728 4792 maxime
1757 4736 1942 4792 ﬂoruit
1972 4739 2160 4794 schola
2187 4739 2547 4797 Antiochena.
2587 4741 2866 4814 Siquidem
2899 4743 3164 4799 Eusebius
3211 4743 3517 4802 Emiscnus.
3555 4745 3646 4814 qui

409 4829 702 4901 magistros
733 4830 923 4884 habuit
959 4829 1332 4900 PatrOphilum
1379 4829 1889 4900 Scythopolitanum
1917 4841 1969 4886 et
2009 4831 2306 4888 Eusebium
2350 4833 2763 4903 Caesariensem,
2791 4839 3091 4892 Antiochia:
3132 4839 3222 4893 diu
3271 4850 3515 4893 versatus
3549 4848 3651 4904 est',

408 4927 596 4997 ibique
666 4930 852 4995 etiam,
902 4939 962 4982 ut
1007 4937 1157 4997 puto,
1199 4927 1408 4992 docuit,
1461 4926 1804 4982 familiariter
1844 4944 1978 4983 usus
2007 4927 2349 5000 "Euphronio
2373 4945 2425 4986 et
2469 4932 2694 4988 Flacillo
2735 4933 2980 5003 ejusdem
3029 4935 3178 4988 urbis
3220 4934 3491 5004 episc0pis
3521 4935 3653 5004 (58).

411 5017 674 5088 Exemplo
703 5028 884 5072 autem
919 5029 973 5073 et
1003 5019 1347 5073 institutione
1377 5017 1599 5073 Eusebii
1628 5020 1937 5083 historiam,
1962 5020 2068 5075 hoc
2103 5034 2188 5077 est
2219 5039 2440 5079 sensum
2474 5025 2763 5079 litteralcm
2796 5025 2888 5095 (ita
2919 5026 3060 5079 enim
3096 5025 3436 5094 intelligenda
3469 5026 3660 5080 viden-

414 5119 506 5164 tur
549 5111 716 5165 verba
763 5109 1099 5182 Hieronymi,
1147 5130 1269 5181 quae
1302 5112 1530 5170 inferius
1571 5115 1841 5187 aﬂ‘eram),
1887 5115 2133 5171 studiose
2169 5129 2493 5186 prosecutus
2523 5128 2608 5175 est
2645 5119 2912 5174 Diodorus
2955 5118 3260 5185 Tarsensis,
3296 5118 3555 5188 magister
3597 5117 3650 5172 S.

418 5201 648 5259 Ioannis
676 5205 1076 5276 Chrysostomi,
1113 5207 1385 5264 Theodori
1407 5209 1799 5280 Mopsuesteni,
1830 5211 2047 5265 Maximi
2075 5212 2462 5280 Seleuciensis,
2500 5225 2550 5269 ct
2573 5214 2806 5270 Ncstorii
2841 5213 3449 5285 (59-60),quemtamen
3479 5211 3656 5284 potius

617 5389 853 5460 _l_3urnet.
885 5390 1212 5460 Are/tmolog.
1246 5391 1437 5458 philos.
1467 5407 1516 5446 c.
1549 5393 1599 5446 '7.

479 5456 591 5528 (56)
617 5457 844 5528 Vitring.
877 5459 1090 5515 Observ.
1123 5456 1283 5526 δᾱενζ,
1309 5463 1529 5516 dissert.
1559 5480 1618 5528 ιι,
1651 5465 1742 5516 lli).
1775 5479 1813 5528 ι,
1853 5463 1977 5527 0.2,
2021 5463 2074 5516 in
2111 5472 2222 5514 not.

481 5525 596 5597 (ᾖῖ)
627 5526 782 5597 Socr.
800 5525 957 5583 'Hist.
998 5531 1124 5585 eccl.
1160 5525 1347 5597 lib.il,
1379 5548 1428 5586 c.
1462 5532 1514 5586 9.

481 5593 593 5669 (ἓξ)
618 5596 845 5669 ἓοῑοιιι.
882 5600 1024 5654 Hist.
1058 5602 1211 5665 crcl.,
1246 5593 1343 5656 lib.
1368 5618 1451 5665 ιιι,
1474 5618 1522 5657 c.
1549 5602 1614 5669 6;
1649 5603 1798 5658 Socr.
1836 5602 1979 5658 (list.
2009 5601 2159 5665 εει-ιη
2197 5601 2272 5653 lib
2305 5615 2378 5657 vl,
2407 5617 2453 5654 c.
2492 5601 2532 5655 5

484 5664 700 5734 (59-60)
728 5668 946 5724 Sozom.
979 5670 1120 5726 (list.
1160 5664 1312 5737 eccl.,
1353 5673 1447 5728 lib.
1483 5664 1679 5739 vm,e.
1714 5674 1781 5739 2;
1824 5673 1979 5728 Socr.
2016 5673 2109 5728 lib.
2150 5664 2246 5736 vn,
2283 5686 2332 5723 ς.
2357 5671 2444 5724 29.
