3934 6218
265 288 368 343 629
975 293 1061 348 DE
1101 293 1378 386 TITQLIS
1416 291 1874 350 PSALMORUM.
1917 323 1988 334 —-
2020 292 2412 351 ANTONELLI
2452 295 2838 352 PREFATIO.
3114 319 3118 325 ί
3407 301 3532 357 636

263 403 635 473 Theodorum,
661 422 690 461 a
722 424 829 472 quo
853 411 1014 465 etiam
1042 427 1289 467 errorum
1315 427 1540 468 suorum
1581 414 1735 468 virus
1783 413 1988 478 hausit,
2023 414 2104 470 vel
2139 421 2286 470 certe
2321 424 2612 485 utrumque
2652 417 2928 472 audivisse
2959 417 3304 474 crediderim.
3343 419 3510 477 Joan-

261 513 357 554 nes
406 499 629 566 quidem
688 500 1113 570 Cbrysostomus
1157 520 1186 558 a
1239 504 1298 558 Β.
1332 501 1666 576 Hieronymo
1715 514 1945 560 vocatur
2003 506 2115 577 (6i)
2167 524 2187 556 ι
2230 505 2446 561 Eusebii
2503 506 2767 571 Emiseni,
2809 506 3142 579 Diodorique
3185 519 3443 566 sectator.
3486 530 3508 565 ι

261 589 610 646 Theodorum
643 609 772 648 vero
806 595 1244 664 Mopsuestenum
1287 597 1626 667 inauspicato
1677 599 2001 668 magistrum
2047 600 2239 654 habuit
2284 599 2660 656 Theodoretus
2698 601 2987 671 episcopus
3015 601 3165 672 Cyri,
3207 604 3300 672 qui
3353 613 3406 657 et
3452 603 3509 658 S.

261 679 522 737 Joannem
559 684 1010 757 Chrysostomum
1043 688 1272 750 audivit,
1305 688 1532 757 ejusque
1564 688 1929 758 eloquentiam
1965 691 2208 746 imitatus
2231 699 2316 747 est
2352 709 2366 758 ;
2395 693 2679 747 amborum
2723 701 2900 746 autem
2948 694 3264 749 meminisse
3306 696 3517 751 videtur

259 781 312 832 in
341 780 660 849 praefatione
691 799 914 838 suorum
950 786 1467 840 commentariorum
1501 787 1569 838 ad
1597 785 1865 855 Epistolas
1890 786 2071 852 Pauli,
2101 789 2191 842 ubi
2221 788 2294 843 ait
2329 808 2342 843 :
2381 809 2397 838 ι
2425 787 2528 844 Sed
2559 789 2791 846 fortasse
2813 807 2898 845 me
2927 793 3249 859 arrogantiae
3271 803 3325 848 et
3348 802 3518 850 teme—

259 876 438 930 ritatis
461 879 820 944 accusabunt,
853 879 1000 950 quod
1029 889 1147 949 post
1177 881 1323 936 hunc
1349 890 1402 936 et
1434 881 1610 946 illum,
1642 882 1735 951 qui
1767 882 1939 937 totius
1980 882 2130 937 orbis
2163 892 2293 938 sunt
2339 883 2570 948 lumina,
2607 886 2838 939 audeam
2867 887 3222 954 apostolicam
3250 887 3518 958 interpre-

257 971 515 1026 tationem
551 974 786 1044 aggredi.
830 975 970 1029 Ἀλλ’
993 976 1280 1040 αὐθαδείας
1318 995 1384 1047 με
1413 977 1596 1047 τυχὸν,
1628 977 1722 1031 καὶ
1754 976 2094 1049 θρασύτητος
2119 979 2443 1050 γράφονται,
2475 979 2611 1048 μετὰ
2635 979 2724 1032 τὸν
2743 980 2889 1033 δεῖνα
2919 981 3046 1043 τοὺς
3070 981 3169 1050 τῆς
3195 981 3519 1052 οἰκουμένης

256 1065 571 1135 φωστῆρας,
600 1067 701 1138 τῆς
721 1067 1084 1140 ἀποστολικῆς
1112 1070 1410 1140 ἑρμηνείας
1439 1071 1809 1141 κατατολμῶν¹

1964 1071 1993 1126 '.t
2040 1070 2313 1127 Theodori
2345 1071 2578 1140 quidem
2621 1071 2966 1141 Mopsuestiae
2999 1072 3261 1142 episc0pi,
3307 1082 3363 1127 et
3394 1089 3517 1131 ma-

257 1156 411 1224 gistri
453 1158 536 1210 sui
572 1174 787 1214 errores
811 1160 975 1213 etiam
1012 1161 1232 1230 scriptis
1254 1162 1520 1218 adversus
1547 1161 1604 1216 S.
1635 1163 1902 1234 Cyrillum
1937 1164 2136 1217 libellis
2179 1162 2468 1218 infeliciter
2499 1171 2706 1219 tutatus
2731 1172 2834 1226 est,
2866 1162 3232 1231 laudibusque
3259 1163 3512 1218 immodi-

239 1247 335 1303 -cis
359 1249 412 1302 in
444 1264 541 1302 sua
579 1250 954 1306 Ecclesiae-lica
978 1254 1201 1307 historia
1227 1255 1443 1308 ornavit
1469 1253 1604 1323 (62),
1639 1255 1712 1309 De
1747 1254 1982 1311 Diodoro
2013 1265 2193 1310 autem
2231 1254 2489 1310 Tarsensi
2521 1256 2637 1310 haec
2669 1255 2948 1311 memoria:
2987 1256 3210 1310 tradidit
3245 1255 3514 1328 Hierony-

257 1354 380 1396 mus
419 1341 532 1414 (65)
563 1361 574 1396 :
621 1363 638 1394 ι
684 1344 913 1400 Exstant
953 1347 1071 1416 ejus
1102 1347 1154 1400 in
1179 1346 1495 1416 Apostolum
1521 1349 1924 1403 commentarii.
1957 1359 2008 1404 et
2034 1347 2204 1403 multa
2236 1348 2338 1402 alia
2378 1349 2444 1401 ad
2482 1347 2700 1402 Eusebii
2743 1349 2916 1418 magis
2950 1346 3190 1403 Emiseni
3235 1345 3517 1402 characte-

252 1450 364 1489 rem
391 1437 717 1503 pertinentia
753 1461 762 1494 :
794 1439 953 1509 cujus
1001 1456 1126 1496 cum
1172 1457 1392 1497 sensum
1437 1451 1657 1496 secutus
1702 1441 1792 1504 sit,
1829 1441 2198 1511 eloquentiam
2244 1440 2449 1495 imitari
2493 1456 2603 1494 non
2648 1441 2824 1510 potuit
2860 1451 3082 1512 prepter
3137 1439 3508 1510 ignorantiam

251 1531 599 1586 saecularium
650 1533 975 1588 litterarum.
1017 1554 1035 1585 ι
1069 1534 1204 1589 Cum
1238 1535 1564 1608 Hieronymo
1604 1539 1954 1591 consentiunt
1985 1537 2243 1591 Socrates
2288 1536 2426 1607 (64),
2481 1553 2546 1592 ac
2593 1536 2933 1593 Sozomenus
2983 1537 3117 1610 (65),
3145 1553 3378 1608 quorum
3403 1537 3531 1606 pri-

253 1638 374 1677 mus
414 1641 427 1674 :
475 1640 496 1674 ‹
546 1621 837 1690 Diodorus,
881 1645 898 1677 ι
937 1627 1132 1696 inquit,
1166 1646 1183 1677 ι
1212 1627 1278 1681 ad
1313 1628 1683 1697 episcopatum
1710 1626 1864 1682 Tarsi
1898 1636 2180 1697 promotus
2207 1627 2407 1682 multos
2444 1629 2772 1696 conscripsit
2800 1629 2991 1690 libros,
3030 1628 3333 1697 simplicem
3375 1626 3516 1680 dun-

252 1721 418 1780 taxat,
450 1724 615 1784 atque
644 1717 864 1772 obvium
892 1718 1296 1789 Seripturarum
1322 1737 1541 1776 sensum
1569 1721 1873 1791 inquirens,
1903 1721 2252 1788 allegoricam
2272 1736 2402 1776 vero
2422 1737 2608 1774 earum
2635 1721 3136 1790 interpretationem
3161 1719 3458 1791 refugiens.
3490 1739 3510 1772 ι

249 1809 510 1882 Διόδωρος
535 1812 591 1865 δὲ
615 1812 910 1878 ἐπίσκοπος
943 1816 1158 1887 Ταρσοῦ
1185 1817 1476 1888 γενόμενος
1508 1817 1678 1871 πολλὰ
1714 1817 1893 1887 βιϐλία
1928 1817 2256 1888 συνέγραψε,
2286 1816 2426 1887 ψιλῷ
2470 1816 2547 1886 τῷ
2585 1817 2871 1887 γράμματι
2899 1816 3007 1870 τῶν
3038 1815 3196 1869 θείων
3231 1815 3514 1888 προσέχων

249 1904 504 1975 Γραφῶν,
534 1907 633 1971 τὰς
658 1908 888 1980 θεωρίας
908 1912 1086 1968 αὐτῶν
1114 1913 1536 1983 ἐκτρεπόμενος.
1574 1913 1726 1967 Alter
1753 1929 1802 1967 Vt

1962 1929 2016 1968 m
2051 1913 2324 1970 absimilia
2349 1913 2571 1967 tradidit
2599 1913 2846 1967 scribens
2879 1930 2892 1966 :
2925 1932 2942 1964 ι
2977 1912 3296 1977 Diodorum,
3328 1912 3420 1982 qui
3461 1919 3515 1966 et

252 1995 544 2054 Tarsensis
585 2001 846 2057 Ecclesiae
890 2005 1181 2073 episcopus
1225 2004 1347 2068 fuit,
1395 2006 1620 2070 multos,
1659 2005 1865 2072 audivi,
1915 2006 2082 2061 libros
2124 2005 2359 2075 posteris
2406 2005 2641 2075 scriptos
2688 2005 3012 2075 reliquisse,
3058 2017 3112 2061 et
3156 2021 3310 2062 sacra
3359 2005 3516 2060 volu-

248 2095 395 2149 mina
419 2097 487 2150 ad
516 2097 753 2153 litteram
778 2101 1124 2170 exposuisse,
1149 2101 1446 2170 repudiatis
1468 2103 1768 2171 allegoriis.
1798 2143 1801 2154 .

1973 2119 2064 2174 ρον
2082 2103 2176 2157 τὸν
2200 2102 2548 2174 ἡγησάμενον
2572 2102 2670 2172 τῆς
2693 2104 2749 2154 ὲν
2774 2102 2972 2174 Ταρσῷ
2995 2102 3291 2172 ἐκκλησίας
3309 2118 3321 2132 ·
3343 2102 3372 2154 ὃ
3394 2103 3518 2156 ἐπυ-

246 2189 419 2260 θόμην
457 2191 603 2245 ίδίων
636 2193 1084 2265 συγγραμμάτων
1117 2195 1320 2259 πολλὰς
1353 2195 1674 2250 καταλιπεῖν
1725 2195 1972 2264 βίϐλους·
2010 2197 2138 2267 περὶ
2181 2194 2238 2248 δὲ
2288 2195 2350 2249 τὸ
2383 2195 2542 2268 ῥητὸν
2575 2195 2683 2249 τῶν
2716 2194 2877 2268 ἱερῶν
2906 2196 3080 2265 λόγων
3109 2196 3207 2260 τὰς
3229 2196 3518 2268 ἐξηγήσεις

245 2282 601 2352 ποιήσασθαι,
619 2283 718 2347 τὰς
747 2285 980 2357 θεωρίας
1007 2287 1406 2357 ἀποφεύγοντα.
1432 2288 1575 2354 Quin
1606 2288 1770 2343 etiam

1967 2305 2053 2344 em
2102 2288 2400 2343 Diodorum
2430 2290 2595 2344 refert
2628 2288 2822 2344 Suidas
2854 2289 2970 2361 (66)
2999 2290 3140 2344 inter
3167 2289 3303 2345 alios
3333 2291 3515 2358 plures

244 2373 445 2428 librum
471 2377 869 2445 composuisse,
903 2378 991 2433 cui
1023 2380 1169 2434 hunc
1203 2381 1414 2434 titulum
1455 2380 1621 2434 fecit:
1655 2381 1753 2444 Τίς
1781 2381 1797 2434 ε

1964 2380 2018 2433 ai
2050 2380 2283 2451 θεωρίας
2321 2381 2415 2433 καὶ
2447 2381 2817 2453 ἀλληγορίας;
2852 2400 2870 2433 ε
2908 2379 3039 2447 Quae
3094 2379 3398 2436 dierrentia
3444 2382 3517 2437 sit

243 2469 387 2524 inter
422 2471 695 2527 theoriam
736 2481 792 2528 et
827 2476 1144 2546 allegoriam
1176 2479 1198 2532 ?
1237 2496 1256 2527 ι
1292 2475 1578 2546 Ludolpbo
1615 2476 1873 2541 Kustero,
1915 2477 2011 2547 qui
2044 2477 2432 2532 nitidissimam
2490 2475 2672 2530 Suidas
2699 2477 2996 2533 editionem
3026 2477 3333 2543 adornavit,
3370 2491 3514 2547 aqua

243 2567 434 2633 haeret,
470 2583 571 2623 nec
612 2567 773 2624 facile
802 2585 861 2624 se
889 2571 1106 2640 expedit
1134 2571 1188 2624 in
1221 2571 1559 2636 assignaudo
1587 2569 1909 2625 discrimine
1940 2571 2084 2624 inter
2128 2569 2395 2624 theoriam
2441 2577 2496 2622 et
2525 2569 2863 2639 allegoriam.
2902 2569 2961 2624 ln
3001 2571 3148 2627 notis
3182 2572 3350 2638 enim,
3388 2573 3516 2640 qui-

241 2659 344 2714 bus
391 2658 574 2716 Suidaa
608 2677 748 2732 opus
781 2663 1093 2727 illustravit,
1135 2664 1198 2718 ad
1232 2664 1394 2718 verba
1437 2664 1527 2718 illa
1578 2662 1761 2719 Suidas
1811 2663 1938 2717 talia
1981 2662 2217 2717 scribit:
2271 2681 2289 2712 ε
2327 2663 2559 2735 Θεωρία,
2597 2664 2805 2718 tbeoria
2840 2664 3004 2733 igitur
3049 2665 3178 2732 quid
3211 2665 3501 2734 significet,

241 2754 372 2810 hinc
406 2764 578 2823 patet.
615 2757 699 2812 Ab
727 2772 792 2812 ea
832 2757 1014 2812 differt
1046 2758 1326 2829 allegoria,
1369 2757 1516 2828 quod
1554 2758 1670 2812 haec
1711 2759 1765 2812 in
1811 2756 2166 2812 inferioribus
2211 2756 2498 2823 subsistat,
2539 2774 2641 2814 nec
2670 2759 2724 2813 in
2769 2767 2879 2811 tam
2922 2758 3143 2812 sublimi
3189 2766 3514 2830 argumento

236 2863 496 2908 versetur
528 2869 694 2924 quam
730 2856 942 2910 tbeoria
979 2875 992 2911 :
1029 2872 1151 2927 quae
1193 2857 1338 2911 ratio
1365 2865 1468 2919 est,
1511 2871 1684 2925 quare
1715 2856 2009 2918 Diodorus,
2053 2862 2115 2908 ut
2150 2854 2355 2909 Suidas
2386 2855 2476 2910 hic
2509 2863 2762 2921 testatur,
2787 2855 2854 2909 de
2888 2855 3191 2909 differentia
3216 2855 3441 2911 theoriae
3462 2863 3516 2910 et

239 2948 520 3020 allegoria:
553 2949 857 3018 scripserit.
899 2967 916 3001 ι
955 2949 1069 3020 Ego
1111 2964 1242 3004 vero
1280 2951 1534 3006 mendum
1567 2958 1697 3021 puto
1737 2964 1792 3006 es

1987 2955 2160 3011 textu,
2198 2955 2251 3000 et
2283 2961 2384 3016 pro
2418 2946 2650 3018 θεωρίας
2693 2963 2787 3002 seu
2836 2946 3175 3017 ἀλληγορίας
3225 2948 3509 3017 legendum

241 3041 510 3113 ἱστορίας,
543 3041 679 3096 adeo
707 3049 768 3096 ut
818 3041 1008 3097 titulus
1061 3042 1185 3097 libri
1233 3041 1441 3097 fuerit:
1495 3044 1591 3107 Τίς
1627 3043 1794 3113 διαφοι

1953 3040 2134 3112 ιωρίας
2172 3040 2267 3094 καὶ
2302 3039 2562 3112 ἱστορίας,
2599 3040 2698 3094 vel'
2724 3039 2806 3102 τίς
2831 3038 3064 3110 διαφορὰ
3113 3039 3352 3110 ἱστορίας
3414 3041 3506 3094 καὶ

239 3135 599 3207 ἀλληγορίας.
649 3154 668 3186 ι
710 3134 787 3190 De
820 3136 1124 3190 differentia
1153 3153 1350 3193 sensus
1381 3137 1679 3209 allegorici,
1720 3149 1773 3192 et
1810 3135 2081 3192 litteralis.
2135 3154 2154 3188 ›
2195 3135 2330 3190 Nam
2363 3135 2506 3205 apud
2535 3134 2755 3190 Graecos
2783 3134 3187 3191 ecclesiasticos
3214 3135 3512 3205 scriptores

241 3231 476 3285 tbeoriae
519 3229 745 3285 nomine
770 3230 1067 3300 significari
1103 3231 1460 3287 consuevisse
1495 3245 1719 3286 sensum
1773 3230 2075 3301 spiritalem
2113 3238 2168 3284 et
2213 3229 2564 3300 allegoricum
2604 3227 2956 3284 manifestum
2998 3227 3056 3282 fit
3094 3237 3208 3281 tum
3235 3241 3302 3281 ex
3333 3227 3514 3282 allatis

239 3313 425 3379 verbis
496 3323 743 3379 Socratis
807 3331 862 3377 et
911 3323 1224 3388 Sozomeni,
1290 3323 1634 3394 aliorumque
1695 3323 2056 3393 plurimorum
2130 3321 2492 3392 scriptorum',
2540 3329 2654 3375 tum
2695 3337 2758 3375 ex
2830 3320 3018 3376 multis
3056 3321 3191 3375 locis
3237 3321 3514 3392 hujusmet

238 3415 628 3470 commentarii
681 3413 738 3469 S.
780 3415 1088 3471 Athanasii.
1123 3415 1163 3469 E
1187 3417 1405 3472 diverso
1434 3416 1674 3488 ἱστορίας
1709 3432 1806 3471 seu
1835 3415 2080 3471 historim
2105 3415 2328 3469 nomine
2363 3429 2585 3469 sensum
2614 3414 2903 3467 litteralem
2929 3423 2982 3467 et
3015 3412 3335 3468 historicum
3363 3413 3513 3467 Cra--

237 3526 330 3567 eos
358 3512 668 3579 scriptores
694 3527 1062 3581 nuncupasse,
1102 3527 1190 3567 res
1236 3512 1417 3567 notior
1446 3521 1549 3575 est,
1584 3503 1751 3582 quam
1796 3511 1905 3565 ulla
1950 3509 2274 3580 probatione
2307 3509 2572 3579 indigeat,
2604 3523 2728 3563 cum
2773 3508 2925 3576 plura
2951 3517 3194 3562 veterum
3223 3517 3508 3562 auctorum

238 3603 350 3658 loca
387 3603 469 3658 ad
500 3603 552 3656 id
590 3603 934 3672 probandum
981 3603 1239 3657 omnibus
1288 3603 1342 3656 in
1377 3612 1631 3674 promptu
1683 3603 1793 3658 sint
1823 3602 1960 3670 (67).
1993 3600 2099 3672 sed
2146 3599 2312 3655 redeo
2359 3601 2428 3654 ad
2479 3599 2897 3670 Hieronymum,
2949 3597 3177 3668 ejusque
3230 3598 3390 3651 verba
3444 3597 3513 3653 de

237 3693 482 3752 Eusebio
523 3694 780 3750 Emiseno
810 3694 1054 3750 afferam.
1082 3694 1478 3751 Sanctissimus
1520 3695 1686 3766 igitur
1710 3696 1904 3750 doctor
1933 3695 1985 3749 in
2012 3692 2270 3763 Catalogo
2297 3692 2529 3747 virorum
2569 3691 2862 3746 illustrium
2889 3689 2998 3760 (68)
3025 3691 3091 3744 de
3118 3689 3308 3744 eodem
3345 3687 3512 3742 Euse-

237 3788 342 3854 bio,
369 3803 549 3859 quem
573 3787 844 3843 Diodorus
871 3788 973 3843 sibi
1002 3786 1342 3858 sequendum
1385 3787 1823 3857 imitandumque
1871 3785 2182 3857 proposuit,
2213 3785 2332 3839 haec
2358 3783 2555 3838 litteris
2593 3783 2875 3838 mandavit
2903 3802 2915 3837 :
2945 3802 2963 3834 ι
2995 3783 3266 3836 Eusebius
3301 3779 3510 3833 Emise—

234 3901 334 3940 nus
355 3886 663 3956 episcopus
695 3885 956 3954 elegantis
986 3892 1038 3938 et
1069 3882 1326 3939 rhetorici
1362 3883 1586 3952 ingenii,
1621 3881 2072 3942 innumerabiles,
2099 3888 2154 3935 et
2180 3879 2273 3948 qui
2301 3878 2378 3932 'ad
2417 3879 2671 3947 plausum
2704 3877 2888 3946 populi
2933 3877 3226 3945 pertinent,
3271 3872 3510 3930 confecit

241 3976 430 4040 libros,
481 3979 768 4048 magisque
800 3978 1084 4033 historiam
1118 3986 1361 4039 secutus,
1393 3975 1462 4028 ab
1491 3973 1578 4029 his
1601 3973 1694 4042 qui
1723 3973 2032 4028 declamare
2066 3970 2277 4036 volunt,
2315 3970 2722 4026 studiosissime
2762 3969 2980 4038 legitur.
3023 3986 3041 4020 ι
3077 3968 3275 4021 Verum
3304 3968 3405 4022 hac
3439 3965 3508 4020 de

234 4087 296 4130 re
339 4073 492 4128 haud
525 4072 707 4142 plura,
739 4088 862 4127 cum
893 4073 958 4126 ad
994 4089 1106 4127 rem
1143 4069 1478 4141 propositam
1513 4082 1703 4136 parum
1732 4067 2005 4136 pertinere
2038 4064 2295 4144 cuiquam
2329 4063 2500 4119 videri
2533 4064 2766 4134 possint.
2796 4062 2871 4118 Ac
2899 4077 3030 4116 vero
3059 4079 3088 4117 a
3122 4076 3208 4115 me
3243 4062 3355 4114 brec
3389 4073 3508 4114 om-

241 4166 324 4219 nia
360 4166 639 4220 hactenus
669 4177 735 4217 eo
779 4163 1008 4218 consilio
1041 4163 1317 4232 disputata
1350 4166 1477 4213 sunt
1507 4165 1566 4210 ut
1591 4155 1959 4218 ostenderem,
2002 4154 2224 4208 modum
2281 4170 2346 4210 ac
2376 4154 2648 4209 rationem
2712 4169 2896 4209 sacras
2922 4151 3236 4222 Scripturas
3284 4153 3337 4206 in
3377 4153 3506 4208 alle-

239 4259 488 4325 goricum
521 4254 834 4326 exponendi
863 4270 1105 4322 sensum,
1135 4269 1245 4308 non
1279 4252 1456 4306 solum
1500 4249 1804 4304 Athanasio
1851 4247 2138 4317 aequalem,
2181 4248 2275 4302 sed
2315 4247 2480 4302 etiam
2519 4247 2639 4318 ejus
2681 4257 2840 4303 aetate
2886 4248 3253 4317 antiquiorem
3314 4245 3504 4302 fuisse.

236 4347 534 4415 Praeterea,
572 4355 633 4402 ut
660 4346 1008 4403 manifestum
1055 4346 1288 4401 facerem
1327 4343 1526 4414 quibus
1559 4340 1880 4396 auctoribus
1919 4348 1972 4394 et
2022 4354 2133 4410 quo
2172 4347 2418 4409 tempore
2464 4339 2700 4410 utraque
2747 4356 2937 4396 sacros
2974 4341 3145 4396 libros
3204 4339 3508 4409 explicandi

235 4445 372 4498 ratio
409 4452 534 4495 tum
576 4441 862 4511 allegorica
907 4457 1002 4495 seu
1051 4439 1301 4510 mystica,
1346 4447 1459 4492 tum
1496 4433 1756 4490 historica
1802 4449 1899 4488 seu
1941 4431 2193 4486 litteratis
2245 4432 2472 4500 coeperit
2511 4447 2574 4486 ac
2607 4431 2872 4488 floruerit.
2912 4432 3046 4487 Nam
3090 4433 3143 4488 id
3179 4447 3508 4504 magnOpere

236 4533 524 4602 intererat,
582 4540 642 4588 ut
675 4541 919 4588 nostrum
950 4531 1415 4585 Commentarium
1475 4529 1599 4599 jure
1649 4527 1848 4583 merito
1899 4533 2090 4582 saneto
2141 4523 2465 4590 Athanasio,
2502 4524 2662 4591 cuius
2732 4541 2930 4581 nomen
2976 4525 3214 4596 praefert,
3269 4525 3509 4580 vindica-

238 4643 443 4682 remus.

300 4737 499 4792 XXIX.
537 4732 793 4789 Profecto
819 4731 960 4785 inter
984 4736 1177 4783 caetera
1218 4741 1497 4782 sacrarum
1531 4723 1939 4796 Seripturarum
1974 4731 2254 4786 volumina
2288 4732 2638 4803 potissimum
2693 4732 3037 4789 Psalmorum
3080 4732 3221 4787 libro
3250 4729 3507 4799 allegori-

235 4845 354 4885 cum
385 4825 692 4883 convenire
721 4835 944 4878 sensum
985 4817 1301 4873 testimonio
1336 4825 1582 4870 veterum
1619 4815 1869 4881 Patrum,
1904 4819 1999 4888 qui
2041 4819 2094 4874 in
2122 4835 2190 4875 eo
2215 4822 2508 4890 aperiendo
2536 4839 2758 4893 operam
2796 4838 2953 4879 suam
2982 4823 3320 4878 collocarunt
3369 4822 3505 4875 alla-

236 4928 303 4980 tis
331 4924 527 4979 Hilarii
577 4930 631 4977 et
669 4915 957 4988 Augustini
991 4913 1193 4978 verbis,
1228 4929 1258 4968 a
1289 4912 1446 4967 nobis
1492 4927 1657 4981 supra
1688 4919 1974 4969 ostensum
2021 4924 2127 4980 est,
2181 4924 2237 4970 et
2278 4917 2440 4974 latius
2476 4918 2520 4973 si
2567 4935 2703 4989 opus
2741 4927 2908 4983 esset,
2950 4917 3111 4974 facile
3141 4913 3503 4973 demonstrari

235 5027 420 5088 posset
455 5035 471 5085 ;
504 5017 604 5073 sed
635 5014 799 5068 inane
822 5027 886 5066 ac
912 5007 1244 5080 superfluum
1281 5017 1364 5062 est
1393 5007 1446 5061 in
1471 5023 1530 5062 re
1559 5007 1787 5062 minime
1827 5008 1994 5063 dubia
2033 5009 2263 5065 testibus
2307 5011 2388 5066 uti
2428 5027 2536 5067 non
2572 5011 2921 5068 necessariis.
2957 5012 3138 5068 Clavis
3163 5019 3339 5066 autem
3371 5022 3499 5077 ape-

305 5195 421 5263 (61)
454 5195 518 5248 In
555 5191 736 5263 Catal.
764 5191 860 5244 vir.
894 5188 1088 5263 illast;
1126 5185 1480 5263 Nicephllib.
1508 5201 1581 5248 Iv,
1613 5200 1660 5239 c.
1689 5183 1780 5238 54.

303 5255 416 5332 (6ἓῇ
443 5263 658 5318 Theod.
691 5261 836 5315 Hist.
863 5259 988 5332 eccl.
1026 5258 1118 5332 lib,
1145 5273 1197 5318 ν,
1221 5272 1268 5310 c.
1299 5255 1388 5332 40:

303 5323 417 5402 (65)
448 5334 680 5388 Hieron.
704 5331 898 5402 βασι.
934 5331 1031 5382 vir.
1053 5327 1249 5402 illttstr.
1278 5340 1327 5380 c.
1361 5323 1483 5380 H9.

303 5399 418 5474 (64)
457 5404 588 5457 Lib.
616 5400 837 5456 Vt-Hist.
860 5404 1012 5474 eccl.,
1046 5415 1092 5453 (ε.
1127 5399 1179 5451 ’5.

306 5472 422 5546 (65)
458 5473 586 5528 Lib.
620 5488 740 5546 vni,
775 5488 826 5546 σί
861 5472 916 5524 2.

331 5543 422 5609 66)
452 5546 512 5598 ln
553 5558 683 5598 voce
718 5543 995 5612 Διόδωρος-
1079 5608 1089 5612 ,
1127 5607 1138 5612 _
1309 5606 1355 5612 __
1428 5605 1454 5612 _
1587 5603 1598 5612 .
1690 5603 1725 5612 .-
1872 5601 1884 5612 .

681 5543 995 5612 εΔιόδωρος.
1079 5607 1138 5612 Δ-
1309 5606 1355 5612 __
1428 5605 1454 5612 _
1587 5603 1598 5612 ,
1690 5603 1725 5612 ,,
1872 5601 1884 5612 .
1963 5587 2234 5612 u..--......z

1127 5607 1179 5663 in
1213 5606 1390 5663 verbis
1421 5603 1658 5675 Θεωρία,
1690 5601 1883 5675 Ἱστορί

974 5587 1093 5665 iccri
1127 5607 1179 5663 in
1213 5606 1390 5663 verbis
1421 5603 1658 5675 Θεωρία,
1690 5601 1942 5675 Ἱστορίαν
1963 5587 2268 5657 Ἀναγωγή,
2295 5587 2527 5641 Αιάνοια-
