3934 6218
307 329 416 384 (333
1003 319 1089 374 DE
1128 316 1405 373 TITULIS
1439 315 1887 372 PSALMORUM.
1928 347 1996 356 —
2035 310 2430 368 ANTONELLI
2474 303 2864 362 PREFATIO.
3455 300 3561 356 [254

313 448 486 501 lector
542 447 789 514 ipsorum
851 439 1026 495 dicit:
1070 433 1654 499 Conmtentorabuntur,
1689 445 1738 487 et
1769 440 2134 487 convertentur
2171 429 2234 482 ab
2285 427 2569 481 Dominum
2609 420 2838 515 universi
2861 420 3014 515 dines
3067 415 3258 515 terra?
3287 412 3380 515 Eia
3424 413 3562 468 forte

319 550 463 594 unus
494 507 685 588 versus
717 540 800 588 est
831 551 845 586 :
875 526 1090 585 aliunde
1119 526 1419 596 cogitabas,
1449 541 1572 580 cum
1615 525 1779 580 fratre
1815 535 1912 579 tuo
1955 521 2308 585 fabulabaris,
2339 519 2557 589 quando
2589 515 2720 568 illud
2764 510 2901 567 dixit
2929 526 2943 562 :
2974 507 3209 570 attende,
3240 507 3364 575 quia
3401 519 3557 572 repe-

308 628 392 688 tit,
427 632 482 680 et
509 626 708 681 surdos
761 625 940 694 pulsat
966 644 978 679 :
1004 623 1069 678 Et
1110 625 1408 678 adorabunt
1464 626 1517 677 in
1568 635 1842 694 conspectu
1875 624 1988 694 ejus
2025 623 2278 678 universa:
2299 619 2488 688 patria’
2524 617 2774 686 gentium.
2806 608 2999 662 Adhuc
3056 605 3255 660 surdus
3292 612 3396 667 est,
3449 616 3560 656 non

303 715 503 782 audit;
543 717 788 786 pulsetur
827 717 1022 770 iterum
1060 735 1073 770 :
1110 715 1372 779 Quoniam
1403 714 1612 768 Domini
1671 725 1748 768 est
1800 731 2034 783 regnum,
2090 722 2136 764 et
2202 712 2310 778 ipse
2359 707 2718 760 dominabitur
2754 706 3002 772 gentium.
3041 702 3174 756 'l‘res
3208 701 3342 754 istos
3367 713 3561 753 versus

306 821 511 878 tenete,
547 810 766 877 fratres,
786 820 890 866 etc.
932 829 950 862 ι
978 811 1189 876 Quibus
1223 811 1560 866 clarissimus
1587 811 1882 865 cardinalis
1909 811 2025 864 haec
2053 806 2272 876 subjicit
2308 825 2321 860 :
2359 822 2379 856 ι
2418 803 2494 856 Ex
2527 817 2636 872 quo
2672 803 2790 855 loco
2826 807 3046 870 apparet
3077 799 3128 851 in
3157 806 3320 851 cantu
3363 794 3555 863 psalmi

303 903 636 972 responsorii
670 903 800 957 olim
828 911 942 956 tum
985 904 1037 957 in
1063 902 1303 970 Oriente,
1337 915 1448 957 tum
1482 905 1534 957 in
1561 902 1854 957 Occidente
1885 902 2186 966 usitatiore,
2219 899 2274 952 in
2319 911 2429 967 quo
2456 896 2623 948 lector
2664 892 2988 962 prtecinebat
3029 905 3239 954 versus,
3299 897 3351 942 et
3380 901 3554 958 popu-

301 998 387 1052 lus
423 999 644 1052 eosdem
681 999 826 1068 ipsos
871 999 1246 1068 respondendo
1275 1000 1566 1068 repetebat,
1603 1010 1918 1070 usurpatam
1966 999 2135 1053 fuisse
2181 994 2642 1065 antiquam-illam
2682 1007 2938 1047 versuum
2987 990 3408 1054 distinctionem,
3461 990 3554 1056 qui

300 1090 582 1145 breviores
611 1100 944 1155 erant;non
990 1091 1209 1144 alteram
1243 1092 1522 1159 sequentis
1574 1092 1674 1145 teri
1729 1107 1979 1145 versuum
2031 1091 2190 1160 paulo
2239 1087 2664 1157 prolixior-um...
2713 1083 2845 1138 Nam
2896 1093 3253 1152 praeterquam
3303 1080 3446 1149 quod
3500 1078 3553 1132 id

298 1182 610 1251 postulabat
639 1184 778 1237 ratio
816 1181 1084 1252 ejusmodi
1125 1181 1500 1246 institutionis,
1549 1198 1742 1252 nempe
1783 1191 1840 1235 ut
1883 1181 2034 1235 rudis
2082 1179 2312 1249 populus
2361 1178 2600 1246 psalmos
2631 1189 2874 1241 caneret,
2911 1189 3052 1245 quos
3081 1190 3180 1229 nec
3211 1175 3276 1227 de
3306 1173 3444 1225 libro
3477 1169 3554 1223 le-

297 1288 467 1347 geret,
506 1293 604 1333 nec
626 1279 887 1333 memoria
917 1287 1161 1343 teneret;
1201 1280 1343 1332 unde
1387 1288 1441 1332 et
1468 1295 1689 1333 necesse
1718 1290 1834 1332 erat
1869 1280 2032 1331 verba
2059 1277 2106 1330 ei
2146 1291 2317 1345 pauca
2363 1274 2589 1344 praeberi
2640 1270 2948 1340 repetenda,
2977 1276 3035 1321 ιιι
3076 1263 3414 1321 ῐιιθηιυνειῑίηι
3445 1276 3551 1315 (³³⁸-

298 1374 514 1444 simque
546 1385 718 1429 totum
754 1376 1021 1444 psalmum
1065 1383 1424 1444 percurreret.
1463 1393 1481 1426 »
1513 1374 1616 1430 Sed
1649 1375 1713 1428 de
1740 1377 1851 1444 hujt

2002 1374 2053 1426 di
2081 1373 2351 1426 divisione
2382 1387 2477 1441 per
2505 1369 2719 1438 στίχους
2748 1367 2993 1436 pluribus
3041 1363 3250 1416 erudite
3279 1361 3553 1414 disserunt

295 1469 438 1525 idem
465 1473 760 1527 cardinalis
793 1472 1150 1538 Thomasius,
1187 1483 1242 1526 et
1267 1471 1536 1527 Henricus
1567 1471 1816 1527 Valesius
1842 1481 1896 1526 et
1921 1471 2086 1526 Pater
2118 1470 2384 1524 Martiane
2417 1468 2550 1539 (7|),
2582 1467 2802 1534 aliique,
2849 1475 2989 1530 quos
3021 1455 3305 1513 consulere
3331 1455 3550 1520 poterit,

295 1562 387 1630 qui
439 1563 539 1616 hac
570 1563 636 1618 de
666 1580 723 1618 re
754 1565 910 1634 plura
945 1565 1086 1619 scire
1113 1565 1402 1618 desiderat.
1450 1564 1608 1630 Quod
1657 1565 1801 1618 enim
1833 1565 2066 1633 pertinet
2098 1563 2163 1616 ad
2201 1578 2335 1628 rem,
2386 1563 2453 1616 de
2485 1576 2590 1629 qua
2627 1560 2824 1629 agitur,
2859 1555 2988 1609 illud
3016 1562 3117 1618 est,
3167 1547 3311 1617 quod
3363 1550 3550 1614 prmler

297 1657 740 1724 antiquissimum
769 1657 1101 1713 Vaticanum
1132 1659 1398 1724 codicem,
1428 1675 1537 1728 quo
1568 1659 1820 1712 laudatus
1870 1659 2166 1712 cardinalis
2201 1656 2533 1710 Thomasius
2583 1669 2716 1708 usus
2747 1661 2850 1714 est,
2887 1649 3048 1704 etiam
3095 1643 3266 1700 codex
3315 1640 3552 1694 Alexan-

293 1747 487 1801 drinus
517 1748 708 1802 eodem
757 1749 923 1804 modo
953 1749 1112 1803 habet
1156 1747 1480 1804 Psalterium
1515 1751 1800 1804 versiculis
1832 1750 2180 1804 distinctum.
2209 1748 2392 1803 Codex
2429 1756 2610 1802 autem
2642 1743 3042 1799 Alexandrinus
3073 1739 3312 1806 scriptus
3358 1742 3461 1798 est,
3494 1741 3552 1786 ut

295 1837 467 1894 fertur
499 1840 636 1911 (72),
669 1858 833 1897 manu
881 1843 1096 1900 Theclaa
1149 1847 1349 1901 nobilis
1393 1846 1610 1901 femina:
1642 1846 1909 1918 Egyptiae
1938 1849 2100 1918 paulo
2133 1856 2253 1918 post
2286 1849 2578 1902 concilium
2619 1845 2923 1908 Nicaznum,
2957 1847 3112 1895 aetate
3146 1837 3355 1892 scilicet
3380 1832 3551 1886 Atha-

292 1930 456 1995 nasii,
492 1947 652 1998 qttem
713 1932 1063 1999 Alexandria,
1120 1937 1261 1989 unde
1319 1937 1721 1992 Alexandrinus
1755 1940 1956 2006 dictus,
2025 1955 2210 1994 secum
2269 1937 2798 2008 Constantinopolim
2829 1935 3019 1990 detulit
3055 1932 3287 2004 Cyrillus
3317 1929 3548 1997 Lucary,

289 2020 526 2089 primum
552 2023 604 2076 in
633 2023 738 2087 illa,
776 2035 894 2092 post
918 2026 970 2078 in
1000 2027 1101 2080 hac
1137 2029 1269 2083 urbe
1297 2027 1608 2084 Graecorum
1657 2032 2133 2086 schismaticorum
2167 2033 2500 2100 patriarcha,
2538 2047 2568 2084 a
2599 2045 2708 2101 quo
2739 2029 2936 2084 deinde
2962 2026 3204 2081 Carolo!
3245 2021 3549 2092 Anglorum

287 2117 403 2186 regi
439 2119 588 2171 dono
627 2121 829 2175 missus
857 2131 957 2175 est.
1018 2121 1198 2187 Quare
1247 2139 1370 2177 cum
1429 2125 1714 2178 translatio
1769 2135 1950 2180 nostra
1986 2143 2244 2181 versuum
2294 2127 2630 2181 distinctioni
2667 2124 2872 2179 codicis
2919 2117 3269 2176 Alexandrini
3307 2116 3553 2185 apprime

289 2207 641 2274 respondeat,
677 2218 729 2262 et
766 2221 1108 2275 vetustatem,
1139 2221 1191 2265 et
1219 2222 1502 2267 auctorem
1533 2230 1655 2269 esse
1688 2215 2071 2283 Athanasium,
2100 2218 2258 2286 cujus
2301 2233 2498 2271 nomen
2544 2216 2777 2286 praefert,
2805 2217 2968 2270 etiam
2997 2231 3062 2268 ex
3091 2215 3193 2267 hac
3231 2219 3382 2280 parte
3409 2224 3547 2277 quo-

285 2297 584 2353 dammodo
613 2301 972 2356 demonstrat.
1006 2301 1124 2358 Non
1157 2315 1339 2360 autem
1370 2311 1524 2376 parvi
1560 2309 1764 2363 laboris
1797 2309 1918 2376 fuit,
1948 2327 2074 2364 cum
2120 2313 2170 2366 id
2212 2313 2744 2376 animadvertissem,
2787 2313 2860 2366 ita
2891 2312 3185 2380 disponere
3216 2302 3548 2363 sanctissimi

286 2393 528 2464 episcopi
562 2397 998 2466 translationem,
1047 2410 1108 2454 ut
1159 2403 1392 2472 singulis
1420 2402 1782 2472 psalmorum
1821 2406 2107 2459 versiculis
2158 2405 2407 2474 subjecta
2455 2405 2702 2473 ejusdem
2734 2403 3018 2458 Athanasii
3058 2396 3434 2468 interpretatio
3462 2409 3549 2447 re-

288 2489 607 2555 sponderet.
647 2489 776 2545 Erat
803 2493 950 2547 enim
983 2493 1212 2548 confuse
1244 2495 1470 2563 scripta,
1507 2511 1650 2565 saepe
1683 2497 1989 2550 commistis
2020 2495 2363 2550 Psahnorum
2396 2512 2522 2550 cum
2558 2497 2731 2565 ipsius
2761 2493 3115 2564 expositionis
3148 2490 3349 2552 verbis,
3389 2497 3444 2541 et
3476 2487 3547 2539 ita

288 2583 552 2652 disposita
579 2625 594 2648 ,
635 2595 692 2640 ut
721 2587 900 2655 potius
931 2604 1053 2642 cum
1095 2589 1383 2644 recentiori
1420 2589 1729 2658 longiorum
1759 2605 2015 2644 versuum
2043 2590 2409 2652 distinctione,
2438 2604 2559 2657 qua:
2586 2604 2729 2642 nunc
2755 2589 2806 2642 in
2836 2602 2935 2640 usu
2971 2583 3110 2654 apud
3140 2596 3331 2636 omnes
3360 2577 3547 2632 Eccle-

283 2673 396 2728 sias
425 2685 529 2741 est,
559 2678 892 2733 conveniret.
927 2678 1089 2734 Plura
1125 2691 1380 2751 praetcrea
1415 2683 1663 2747 aderant,
1703 2691 1762 2734 ut
1801 2681 1914 2749 jam
1943 2697 1972 2734 a
2019 2679 2288 2748 principio
2334 2678 2544 2744 monui,
2576 2677 2771 2731 tnenda
2811 2686 2865 2729 et
2897 2681 3108 2738 errata;
3160 2669 3254 2724 sed
3285 2669 3351 2722 de
3397 2677 3546 2720 textu

284 2773 504 2839 quidem
537 2773 670 2826 nihil
706 2775 996 2830 immutare
1037 2792 1204 2832 ausus
1232 2795 1395 2846 sum;
1438 2792 1587 2831 meas
1622 2791 1749 2831 vero
1782 2776 2149 2844 conjecturas,
2181 2773 2399 2829 notulas
2443 2781 2498 2828 et
2525 2773 2936 2827 emendationes
2985 2772 3040 2825 in
3074 2769 3340 2839 margine,
3370 2779 3543 2836 appo-

283 2866 390 2920 sito
441 2869 709 2923 asterisco
747 2887 844 2924 seu
903 2869 1163 2931 litterula,
1216 2870 1467 2937 ascripsi.

353 2958 548 3013 XXXI.
607 2959 675 3016 Ut
707 2977 838 3017 vero
866 2979 980 3018 rem
1014 2961 1147 3016 mihi
1174 2962 1511 3030 propositam
1542 2974 1862 3030 prosequar,
1910 2959 2052 3014 hanc
2094 2958 2601 3028 interpretationem
2629 2967 2724 3012 aut
2753 2957 2998 3014 Grtecum
3032 2957 3370 3011 Psalmorum
3391 2971 3545 3010 com-

285 3055 638 3119 mentarium,
675 3071 837 3124 quem
873 3057 925 3109 in
958 3057 1135 3112 lucem
1173 3057 1391 3120 damus,
1432 3056 1753 3111 recentioris
1785 3069 1918 3110 usus
1947 3063 2045 3109 aut
2075 3055 2337 3124 temporis
2370 3055 2512 3109 haud
2562 3055 2852 3125 quisquam
2884 3055 3053 3110 fuisse
3100 3063 3367 3118 autumet,
3417 3053 3545 3122 quia

285 3144 341 3202 in
378 3164 443 3203 eo
477 3151 673 3220 legitur
711 3151 1092 3223 inscriptiones
1133 3171 1227 3209 seu
1279 3155 1466 3210 titulos
1497 3155 1831 3224 psalmorum
1869 3155 2036 3208 rubro
2094 3155 2276 3210 colore
2305 3170 2400 3210 seu
2433 3155 2718 3210 cinnabari
2763 3154 3000 3223 scriptos
3039 3151 3228 3207 fuisse.
3263 3149 3543 3219 Siquidem

283 3260 491 3300 morem
525 3246 810 3302 adhibendi
848 3265 1179 3319 purpureum
1215 3250 1452 3305 colorem
1487 3249 1657 3302 minio
1683 3249 1765 3302 vel
1813 3248 2095 3302 cinnabari
2143 3247 2448 3302 confectum
2497 3249 2549 3302 in
2581 3248 2886 3304 scribendis
2920 3249 3207 3312 librorum,
3247 3261 3344 3301 seu
3391 3244 3542 3313 capi-

283 3355 418 3405 tum,
475 3354 568 3398 aut
601 3346 893 3400 lectionum
938 3346 1114 3400 titulis
1149 3347 1310 3415 longe
1353 3355 1478 3400 ante
1509 3345 1791 3400 Athanasii
1837 3353 2052 3398 aetatem
2103 3355 2380 3414 receptum
2414 3343 2584 3400 fuisse
2616 3357 2731 3400 tum
2783 3344 2925 3413 apud
2976 3340 3223 3404 Latinos,
3255 3349 3367 3394 tum
3401 3339 3544 3407 apud

285 3438 523 3504 Graecos,
555 3451 607 3496 et
635 3443 868 3512 probant
894 3442 1253 3496 vetustissimi
1302 3442 1541 3509 codices,
1585 3451 1640 3496 et
1671 3441 1920 3512 pluribus
1959 3441 2259 3496 ostendunt
2316 3443 2426 3497 duo
2481 3442 2836 3497 eruditissimi
2873 3441 2973 3496 viri
3023 3439 3270 3510 ejusdem
3316 3437 3548 3492 Benedi-

280 3535 443 3590 ctinae
483 3537 917 3607 congregationis
960 3536 1302 3592 Mabillonius
1331 3547 1384 3592 et
1444 3537 1863 3592 Montfauconus
1897 3536 2042 3606 (75).
2079 3535 2146 3591 Et
2211 3537 2429 3608 quidem
2468 3539 2521 3591 in
2572 3539 2688 3607 ipso
2723 3536 3087 3592 Alexandrino
3116 3537 3304 3591 codice
3349 3533 3536 3589 titulos

285 3630 621 3700 psalmorum
647 3631 815 3687 rubro
837 3632 1020 3686 colore
1050 3632 1345 3702 inscriptos
1376 3649 1496 3688 esse
1523 3642 1754 3689 testatur
1782 3632 2018 3688 Joannes
2045 3632 2310 3688 Ernestus
2345 3633 2525 3688 Grabe
2549 3634 2634 3688 his
2666 3634 2848 3689 verbis
2877 3651 2891 3688 :
2929 3653 2947 3685 ι
3011 3632 3269 3703 Sequitur
3299 3631 3424 3685 inde
3459 3630 3543 3698 ip-

285 3738 406 3779 sum
431 3721 782 3789 Psalterium,
823 3725 1014 3794 inquo
1035 3724 1329 3793 cujuslibet
1348 3726 1543 3794 psalmi
1580 3725 1884 3794 inscriptio,
1917 3734 2011 3778 aut
2045 3725 2139 3778 ubi
2167 3725 2316 3778 nulla
2342 3726 2524 3789 datur,
2555 3727 2715 3780 veluti
2751 3726 2946 3795 psalmi
2975 3725 3157 3795 primi,
3193 3723 3368 3793 prima
3401 3722 3543 3776 linea

284 3819 458 3874 minio
489 3821 693 3890 scripta
719 3829 822 3886 est,
869 3835 970 3875 nec
997 3835 1104 3874 non
1139 3834 1242 3874 vox
1272 3820 1572 3892 διάψαλμα,
1600 3823 2040 3892 quandoeunque
2070 3820 2328 3888 occurrit,
2376 3823 2450 3889 id,
2517 3822 2665 3892 quod
2708 3823 2873 3877 etiam
2907 3824 2973 3877 de
2995 3823 3169 3877 titulis
3198 3823 3447 3886 odarum,
3489 3832 3545 3875 et

283 3914 595 3968 orationum
629 3915 856 3984 psalmis
885 3915 1257 3969 subnexarum
1296 3915 1586 3970 dicendum
1625 3927 1727 3972 est.
1768 3936 1787 3968 ι
1831 3916 2106 3970 Encausto
2150 3926 2352 3982 autem,
2390 3919 2537 3988 quod
2577 3934 2750 3989 genus
2782 3919 3074 3973 atramenti
3105 3927 3225 3972 erat
3282 3919 3540 3987 purpurei

282 4003 484 4058 coloris
519 4019 582 4058 ex
612 4007 754 4060 cocti
780 4006 1025 4069 muricis,
1057 4005 1137 4059 vel
1183 4006 1296 4059 triti
1340 4007 1612 4075 conchylii
1644 4023 1840 4061 cruore
1875 4006 2211 4072 confectum,
2248 4017 2307 4061 ut
2337 4009 2544 4063 nemini
2577 4019 2775 4078 praeter
2811 4011 3194 4079 imperatorem
3228 4011 3304 4064 uti
3333 4010 3540 4088 liceret,

283 4090 523 4162 illudque
553 4095 770 4161 habere,
815 4107 911 4153 aut
951 4117 1217 4171 quaerere,
1253 4104 1371 4174 lege
1420 4114 1640 4158 cautum
1667 4113 1750 4159 est
1776 4121 1806 4159 a
1843 4104 2026 4159 Leone
2054 4106 2384 4176 imperatore
2429 4108 2484 4161 in
2537 4109 2923 4166 constitutione
2957 4111 3234 4165 Hilariano
3279 4110 3545 4180 magistro

282 4188 608 4260 olﬁciorum,
640 4203 694 4248 et
721 4198 952 4266 patricio
986 4201 1246 4272 inscripta
1275 4201 1412 4270 (74).
1441 4202 1667 4256 Exstant
1691 4202 1990 4257 etiamnum
2020 4203 2074 4256 in
2116 4203 2342 4258 archivo
2364 4205 2528 4259 castri
2574 4203 2758 4259 Sancti
2800 4205 2988 4274 Angeli
3022 4202 3391 4272 professiones
3418 4199 3540 4256 ﬁdei

280 4282 597 4342 Graecorum
647 4291 1038 4361 imperatorum
1091 4295 1282 4351 Graece
1309 4306 1546 4361 tantum,
1577 4297 1662 4350 vel
1687 4296 1874 4352 Graace
1927 4306 1982 4352 et
2036 4295 2228 4353 Latine
2264 4300 2318 4353 in
2347 4299 2536 4354 charta
2576 4315 2901 4370 pergamena
2951 4299 3183 4367 scriptae,
3243 4311 3542 4365 eorumque

282 4396 446 4437 manu
483 4396 745 4442 eneausto
779 4390 1120 4460 subscripta},
1171 4408 1307 4462 quas
1356 4394 1421 4446 ad
1453 4391 1758 4447 Romanam
1791 4395 2000 4464 sedem,
2041 4407 2304 4466 tanquam
2334 4396 2402 4450 ad
2437 4405 2599 4466 caput
2643 4397 2805 4450 totius
2845 4394 3123 4450 catholica:
3153 4389 3408 4447 Ecclesiae
3440 4390 3544 4444 mi-

281 4492 473 4537 serunt
507 4504 521 4540 :
563 4485 654 4540 sed
701 4503 767 4542 eo
800 4498 1059 4554 revertor,
1091 4489 1233 4544 unde
1269 4489 1548 4559 digressus
1585 4506 1729 4546 sum.

348 4572 566 4628 XXXII.
612 4574 896 4634 Neminem
932 4581 998 4635 ad
1031 4594 1233 4635 temere
1259 4580 1677 4650 abjudicandam
1709 4597 1906 4652 magno
1949 4583 2257 4639 Athanasio
2288 4592 2530 4638 nostram
2564 4583 2974 4655 metaphrasim,
3005 4597 3100 4636 seu
3127 4582 3540 4638 translationem

279 4678 344 4716 ex
375 4681 440 4719 eo
466 4671 797 4724 commoveri
827 4670 1012 4734 velim,
1047 4669 1193 4740 quod
1225 4669 1277 4722 in
1311 4685 1374 4723 ea
1406 4685 1513 4722 non
1565 4671 1820 4739 leguntur
1862 4685 1983 4737 quae
2012 4687 2076 4724 ex
2125 4671 2184 4727 S.
2232 4672 2539 4726 Athanasio
2580 4672 2766 4726 laudat
2797 4669 2855 4726 S.
2889 4671 3196 4726 Germanus
3232 4671 3539 4740 patriarcha

279 4759 804 4835 llierosolymitanns
845 4767 898 4821 in
926 4767 1160 4838 epistola
1192 4766 1258 4820 ad
1293 4765 1560 4820 Thomam
1594 4767 1647 4820 in
1672 4767 1818 4820 hunc
1845 4767 2066 4821 modum
2097 4768 2210 4839 (75)
2242 4787 2254 4822 :
2299 4787 2317 4822 ‹
2357 4766 2558 4823 Beatus
2582 4769 2916 4824 Athanasius
2941 4768 3072 4822 illud
3109 4767 3304 4837 psalmi
3333 4766 3537 4822 dictum

275 4855 645 4924 interpretans
700 4878 712 4914 :
761 4860 866 4926 Qui
919 4862 1066 4916 sedes
1136 4877 1292 4930 super
1343 4859 1650 4926 cherubim,
1706 4875 1945 4931 appara,
2001 4863 2164 4918 talem
2241 4863 2308 4919 de
2369 4864 2478 4920 illis
2525 4863 2748 4918 tradidit
2795 4863 3228 4933 intelligentiam.
3281 4861 3348 4916 Et
3394 4871 3540 4917 certe

276 4946 497 5002 illorum
529 4951 815 5007 cherubim
850 4955 1174 5024 principalia
1199 4953 1486 5025 ἀρχέτυπα
1510 4955 1694 5024 ignota
1719 4964 1850 5009 sunt
1881 4955 2214 5011 omnimodis
2257 4965 2452 5011 natura
2490 4956 2803 5012 hominibus
2837 4976 2850 5011 :
2887 4957 3110 5028 Spiritus
3149 4958 3293 5012 enim
3325 4964 3378 5010 et
3399 4951 3540 5023 ignis

273 5041 575 5107 exsistunt,
609 5053 663 5098 et
685 5047 754 5100 ab
785 5047 934 5101 omni
973 5047 1242 5116 corporali
1269 5045 1597 5101 formatione
1627 5056 1791 5117 atque
1817 5059 2013 5102 natura
2045 5058 2328 5104 extranea.
2369 5069 2388 5102 ι
2421 5050 2478 5103 Si
2509 5059 2691 5105 autem
2731 5049 2845 5105 haec
2871 5049 3125 5105 Germani
3159 5049 3320 5102 verba
3349 5047 3532 5102 consi-

276 5135 558 5202 darentur,
597 5141 820 5198 evidens
849 5151 952 5207 est,
995 5159 1120 5197 eum
1159 5141 1384 5196 minime
1412 5142 1700 5206 afﬁrmare,
1733 5157 1852 5212 qua:
1884 5158 1949 5196 ex
1986 5141 2042 5197 S.
2080 5144 2382 5198 Athanasio
2415 5145 2620 5209 laudat,
2666 5145 2735 5199 ab
2770 5160 2836 5200 eo
2872 5146 2926 5199 in
2968 5144 3358 5200 commentario
3383 5157 3538 5214 super

349 5363 463 5445 (1|)
498 5363 1039 5445 Cartl:.'l'lto:nas._in
1066 5367 1220 5437 praef.
1249 5367 1486 5445 adPsal.
1514 5385 1653 5426 vers.
1691 5371 1852 5438 dist.;
1894 5371 2052 5428 Mart.
2089 5371 2303 5445 Prolcg.
2338 5391 2412 5440 tv,
2436 5376 2489 5430 in
2522 5375 2665 5430 Bibl.
2714 5375 2773 5430 S.
2847 5374 3034 5440 Hier.;
3076 5369 3252 5425 Vales.
3318 5371 3374 5426 in
3417 5383 3530 5428 not.

279 5430 574 5489 :d'Euseh.
615 5433 755 5487 Hist.
785 5435 937 5495 ech,
963 5430 1164 5502 lib.'vt,
1197 5454 1244 5492 ε.
1280 5441 1364 5493 16.

349 5503 460 5582 (:12)
491 5503 691 5582 ditauit.
728 5503 854 5582 Ern.
887 5504 1051 5582 Grab.
1083 5507 1230 5582 Prol.
1255 5511 1325 5560 ad
1360 5508 1468 5582 Yet.
1496 5509 1629 5582 Text:
1864 5510 2093 5582 Interpr.
2122 5528 2186 5582 ex
2221 5510 2350 5565 Cod.
2376 5513 2528 5569 Alex.
2555 5527 2607 5567 c.
2639 5512 2688 5572 l.
2722 5511 2749 5582 §
2777 5511 2826 5566 1.

351 5573 463 5653 ς’]ᾷ)
491 5573 698 5653 _Mahi|l1
737 5577 814 5653 De
843 5576 1082 5653 re__dipl.,
1108 5577 1211 5653 lib.
1242 5594 1355 5653 t,__c.
1389 5578 1476 5653 l0,
1511 5596 1566 5634 n.
1598 5581 1670 5644 5;
1708 5573 2400 5653 Montfauc.'Pala'ograplt.
2428 5584 2519 5638 lib.
2561 5599 2597 5648 t,
2639 5599 2686 5637 ε.
2723 5573 2772 5636 Ῑ.

491 5643 621 5708 Leu.
661 5643 814 5718 Sacri
851 5643 1070 5718 amittis,
1103 5647 1234 5700 Cod.
1269 5647 1552 5718 Dedivers.
1591 5643 1825 5718 rescript.

348 5713 458 5782 (75)
488 5718 603 5770 Act.
648 5729 697 5766 Iv
728 5712 1039 5770 Cone-.Nic.
1077 5732 1133 5782 ιι,
1162 5725 1291 5770 tom.
1325 5715 1389 5770 IV
1421 5717 1619 5772 Conril.
1652 5712 1983 5791 Hat"rl.,pag.
2005 5719 2128 5774 258.
