3934 6218
289 319 394 378 ϐῖιιἹ
937 321 1021 379 DE
1060 319 1338 376 TlTULlS
1377 294 1822 375 PSALMORUM.
1863 351 1933 361 -—
1968 319 2365 389 ANTONELLI
2412 321 2799 378 PRIEFATIO.
3437 316 3540 376 6'58

291 439 531 495 inscitia:
564 440 746 510 arguit
783 437 1120 504 Nestorium,
1164 442 1256 510 qui
1308 440 1450 494 hanc
1482 453 1668 492 vocem
1715 438 1974 492 Θεοτόκον
2006 447 2264 510 tanquam
2294 454 2488 494 novam
2521 439 2820 508 rejiciebat,
2864 439 3123 510 quoniam
3153 436 3340 494 eadem
3381 450 3540 489 usum

294 531 465 586 fuisse
500 530 1044 603 aﬂirmatOrigenem
1070 541 1124 587 et
1169 531 1462 587 Eusebium
1514 530 1929 586 Caesariensem.
1978 530 2229 586 Profecto
2283 533 2473 587 eadem
2527 547 2629 587 vox
2656 531 2854 602 legitur
2902 533 2956 586 in
3005 530 3244 602 Epistola
3298 527 3542 598 Dionysii

292 617 867 692 Alexandrini,'quam
901 623 1149 676 adversus
1176 620 1407 674 Paulum
1463 619 1865 675 Samosatenum
1889 622 2126 691 scripsit,
2160 631 2216 675 et
2268 623 2323 675 in
2353 623 2584 692 epistola
2641 638 2804 692 quam
2862 623 3115 677 adversus
3155 621 3271 676 Arii
3303 620 3545 674 hazresim

295 712 605 766 Alexander
632 712 1321 780 Alexandriaeepiscopus,
1352 720 1406 764 et
1433 710 1713 764 Athanasii
1745 711 1799 764 in
1844 711 2210 766 Alexandrina
2243 713 2371 768 sede
2413 714 2782 782 praedecessor
2817 713 2885 767 ad
2917 713 3230 782 episcopum
3273 711 3548 766 Constan-

295 802 736 873 tinopolitanum,
778 802 1157 872 cognominem
1200 817 1382 868 suum,
1418 803 1660 871 aliosque
1694 803 1976 872 episcopos
2006 807 2272 860 adversus
2307 804 2498 857 Arium
2548 803 2777 874 ejusque
2809 819 3024 858 errores
3055 804 3234 872 misitf;
3284 817 3406 872 quae
3440 801 3548 854 uti-

297 911 424 965 que,
453 904 716 965 quantum
747 911 847 966 ego
886 911 1104 960 censeo,
1135 896 1335 965 scripta
1373 905 1456 951 est
1500 897 1568 950 ab
1617 899 1735 965 ipso
1764 895 2085 965 Athanasio,
2122 914 2232 966 quo
2263 897 2570 965 defensore,
2604 908 2676 964 et,
2713 907 2771 953 ut
2810 898 2886 952 ita
2925 898 3124 965 dicam,
3157 896 3414 952 catholici
3447 895 3548 949 do—

297 993 495 1062 gmatis
519 993 780 1046 advocato
802 1003 855 1048 et
880 1001 1109 1074 patrono
1141 993 1193 1046 in
1220 991 1437 1048 Nicaena
1486 993 1692 1064 synodo
1737 995 1851 1063 ipse
1878 993 2187 1048 Alexander
2221 1011 2354 1050 usus
2403 1003 2518 1061 est;
2570 1009 2693 1050 cum
2748 995 2891 1049 enim
2925 991 3295 1050 archidiaconi
3346 1004 3548 1045 munus

298 1085 351 1139 in
387 1083 628 1139 Ecclesia
660 1085 1022 1138 Alexandrina
1069 1084 1360 1148 obtineret,
1407 1085 1702 1139 verisimile
1735 1094 1820 1140 est
1861 1085 2024 1140 etiam
2075 1087 2486 1141 scribendarum
2537 1088 2887 1155 epistolarum
2932 1103 3120 1143 curam
3159 1087 3230 1152 ei,
3263 1085 3378 1155 qui,
3413 1093 3550 1140 teste

299 1179 514 1235 RulIino
549 1179 682 1247 (77),
727 1179 1017 1234 Alexandri
1049 1179 1288 1249 episc0pi
1321 1181 1567 1234 consiliis
1602 1182 1810 1246 aderat,
1837 1182 2221 1236 demandatam
2255 1182 2445 1237 fuisse.
2483 1182 2740 1237 Profecto
2774 1183 3059 1252 epistolam
3087 1181 3232 1234 illam
3268 1187 3546 1233 auctorem

299 1275 501 1329 habere
525 1272 902 1335 Athanasium,
933 1286 1052 1325 eam
1099 1279 1304 1324 attente
1340 1271 1733 1335 consideranti,
1765 1282 1820 1326 et
1853 1287 1977 1326 cum
2015 1273 2140 1328 aliis
2191 1273 2478 1327 Athanasii
2512 1273 2772 1342 operibus
2816 1271 3116 1327 conferenti
3146 1269 3303 1323 facile
3325 1281 3548 1338 persua-

301 1367 537 1421 debitur.
572 1365 680 1419 Sed
711 1365 930 1419 demum
960 1364 1064 1417 hac
1092 1362 1160 1418 de
1189 1379 1248 1417 re
1294 1364 1444 1417 nulla
1480 1363 1534 1417 in
1583 1363 1892 1434 cujuspiam
1927 1364 2114 1419 animo
2149 1365 2417 1419 dubitatio
2463 1365 2701 1421 insidere
2744 1373 2941 1436 potest,
2971 1365 3014 1420 si
3042 1364 3183 1419 edita
3215 1361 3274 1416 S.
3309 1360 3549 1431 episcopi

303 1474 463 1527 opera
504 1458 841 1527 inspexerit;
878 1458 1127 1527 pluribus
1151 1445 1300 1512 enim
1336 1457 1390 1511 in
1420 1457 1558 1512 locis
1599 1458 1823 1512 Mariam
1860 1458 2142 1529 Virginem
2180 1442 2446 1513 Θεοτόκού
2467 1467 2747 1529 nuncupat
2788 1458 3138 1514 beatissimus
3174 1453 3547 1519 Athanasius;

304 1553 374 1605 ita
424 1553 478 1605 in
507 1551 754 1606 oratione
811 1551 968 1606 tertia
999 1559 1055 1606 et
1077 1559 1274 1622 quarta
1325 1559 1518 1606 contra
1581 1550 1838 1620 Arianos,
1880 1551 1936 1605 in
1983 1551 2126 1606 libro
2159 1551 2235 1606 De
2283 1551 2681 1620 Incarnatione,
2739 1560 2795 1607 et
2845 1553 2896 1607 in
2928 1552 3067 1606 libro
3117 1559 3300 1604 contra
3341 1545 3547 1616 Apolli-

302 1658 540 1696 uanum.

371 1729 614 1786 XXXIV.
643 1729 701 1786 Si
727 1731 850 1802 quis
878 1747 1007 1787 vero
1040 1733 1170 1786 mihi
1203 1734 1478 1803 negotium
1512 1733 1780 1788 facessere
1805 1731 1970 1801 velit,
1999 1734 2336 1804 persuadens
2367 1735 2471 1790 sibi
2505 1735 2956 1790 commentarium
2976 1772 2991 1797 ,
3022 1748 3114 1787 seu
3150 1727 3550 1797 interpretatio-

304 1842 449 1892 nem,
481 1827 658 1896 quade
682 1827 880 1898 agitur,
908 1828 1148 1898 sequiori
1169 1837 1325 1883 artate
1354 1829 1611 1898 scriptam
1636 1827 1805 1882 fuisse
1831 1844 1898 1882 ex
1925 1828 1993 1883 iis
2013 1844 2135 1898 qum
2159 1830 2416 1884 adnotata
2442 1837 2738 1885 occurrunt
2760 1829 2814 1883 in
2850 1834 3227 1897 argumentum
3257 1821 3450 1892 psalmi
3475 1835 3548 1883 vr,

301 1928 356 1972 et
387 1918 516 1972 alibi
549 1919 604 1972 in
636 1919 782 1973 hunc
811 1920 1068 1974 modum:
1106 1939 1125 1972 ι
1154 1919 1369 1976 Titulus
1397 1920 1718 1990 praepositus
1743 1920 1984 1975 continet
2033 1938 2048 1974 :
2076 1921 2142 1974 In
2174 1922 2332 1992 ﬁnem
2374 1924 2428 1974 in
2461 1922 2668 1992 hymnis
2717 1937 2811 1990 pro
2862 1927 3044 1972 octava
3079 1915 3324 1970 Psalmus
3363 1910 3549 1965 Da‘vid.

302 2013 418 2070 Hoc
447 2024 626 2070 autem
658 2016 956 2085 significat:
989 2016 1046 2071 ln
1093 2019 1419 2073 saeculorum
1455 2016 1928 2072 consummatione
1960 2018 2134 2072 sancti
2186 2017 2490 2088 rogabunt,
2525 2025 2586 2070 ut
2622 2017 2919 2070 liberentur
2957 2028 2986 2067 a
3035 2011 3274 2081 judicio,
3314 2015 3369 2062 et
3405 2003 3552 2073 digni

302 2112 434 2165 ﬁant
453 2120 667 2166 aeterna:
693 2113 952 2168 mercedis
982 2114 1372 2168 retributione:
1407 2125 1559 2169 sexto
1591 2114 1733 2168 enim
1761 2114 1960 2169 saeculo
1981 2124 2392 2169 consummatur
2420 2114 2691 2167 mundus:
2720 2111 2949 2182 septimo
2974 2117 3152 2163 autem
3180 2106 3366 2161 orbem
3401 2112 3554 2156 terra:

297 2204 510 2273 judicat
538 2203 802 2259 Dominus
825 2224 836 2258 :
871 2215 1062 2260 octavo
1086 2221 1214 2260 vero
1240 2205 1295 2259 hi
1325 2206 1527 2260 abeunt
1553 2206 1608 2259 in
1634 2207 1798 2260 vitam
1823 2215 2103 2269 aeternam,
2128 2216 2182 2260 ct
2208 2205 2263 2258 hi
2297 2205 2350 2258 in
2382 2205 2707 2274 supplicium
2742 2214 3024 2258 internum.
3057 2201 3349 2269 Propterea
3377 2196 3555 2250 dictus

301 2308 386 2355 est
417 2302 720 2369 psalmus‘:
759 2299 826 2353 In
867 2301 1022 2369 ﬁnem
1052 2305 1110 2354 in
1135 2302 1342 2371 hymnis
1377 2319 1469 2368 pro
1498 2310 1698 2366 octava,
1737 2317 1801 2356 eo
1845 2302 1988 2370 quod
2039 2302 2338 2356 liberentur
2381 2299 2556 2354 sancti
2601 2300 2656 2352 in
2685 2306 2909 2363 octava;
2935 2315 2953 2346 ι
2979 2295 3031 2349 id
3061 2311 3091 2348 a
3119 2308 3205 2347 me
3235 2301 3555 2359 responsum

303 2393 470 2458 ferat,
507 2401 718 2447 tantum
743 2395 941 2450 abesse
959 2434 973 2459 ,
999 2405 1059 2448 ut
1094 2395 1221 2448 hinc
1242 2394 1445 2464 aliquid
1474 2402 1664 2448 contra
1692 2409 1753 2448 ea
1775 2409 1898 2463 qua:
1921 2393 1988 2447 de
2012 2399 2235 2446 auctore
2261 2389 2636 2445 commentarii
2668 2386 2900 2442 disserui
2923 2425 2938 2449 ,
2972 2384 3151 2452 colligi
3175 2380 3382 2450 possit,
3419 2376 3555 2446 quin

303 2489 487 2557 potius
512 2489 756 2558 ejusdem
785 2489 1082 2560 antiquitas
1111 2498 1410 2543 astruatur.
1439 2487 1625 2559 Neque
1651 2490 1795 2543 enim
1822 2498 2032 2543 veteres
2060 2486 2250 2541 Patres
2275 2486 2381 2540 alia
2418 2485 2626 2538 ratione
2655 2483 2821 2536 locuti
2853 2487 2981 2535 sunt
3006 2479 3073 2532 de
3104 2475 3341 2530 Sabbato
3359 2512 3374 2537 ,
3410 2480 3462 2524 et
3488 2470 3555 2524 de

302 2580 503 2637 Octava
526 2623 540 2647 ,
577 2593 627 2638 et
653 2583 720 2637 de
746 2584 967 2650 psalmis
1002 2583 1094 2652 qui
1145 2585 1252 2637 Pro
1279 2593 1464 2637 octava
1499 2584 1891 2638 inscribuntur.
1928 2583 2004 2636 Ita
2040 2582 2258 2651 quidem
2293 2579 2349 2634 S.
2386 2578 2663 2632 Barnabas
2711 2577 2765 2628 in
2821 2589 2918 2628 sua
2966 2570 3205 2642 Epistola
3252 2563 3554 2628 catholica,

305 2675 334 2748 ᾗ
375 2676 441 2729 l5
461 2717 475 2740 ,
504 2676 595 2729 ubi
627 2676 868 2746 loquitur
895 2675 961 2730 de
995 2676 1232 2730 Sabbato
1256 2677 1483 2746 ejusque
1519 2675 1982 2740 sanctificatione;
2007 2682 2060 2727 et
2089 2674 2141 2726 in
2179 2673 2325 2727 notis
2357 2671 2423 2725 ad
2454 2670 2618 2723 verba
2664 2666 2906 2736 ejusdem
2953 2662 3208 2732 Epistola:
3256 2656 3555 2712 Cotelerius

306 2769 461 2823 all‘ert
485 2785 550 2823 ex
586 2768 774 2823 codice
803 2769 1176 2838 manuscripto
1204 2768 1566 2840 fragmentum
1601 2769 1848 2824 Grzecum
1884 2768 1942 2822 S.
1973 2766 2184 2829 lrenaei,
2212 2765 2368 2834 cujus
2403 2763 2588 2824 verba,
2618 2775 2741 2814 cum
2771 2755 3059 2812 admodum
3095 2751 3294 2807 similia
3336 2748 3446 2802 sint
3489 2744 3556 2800 iis

305 2881 426 2939 qua:
457 2865 514 2918 in
546 2873 734 2919 nostro
757 2867 1153 2924 commentario
1184 2866 1469 2934 leguntur,
1503 2879 1611 2919 non
1646 2864 1881 2921 alienum
1909 2863 2013 2918 erit
2039 2879 2069 2918 a
2104 2878 2163 2916 re
2197 2873 2382 2916 nostra
2414 2860 2608 2913 Latine
2639 2856 2842 2912 reddita
2879 2854 2984 2908 hoc
3011 2853 3132 2905 loco
3166 2848 3379 2903 afferre.
3406 2847 3464 2899 ln
3491 2861 3556 2900 eo

304 2957 550 3028 quidem,
586 2957 760 3012 allatis
790 2956 1087 3027 Scriptura:
1107 2959 1288 3013 verbis
1319 2973 1384 3012 ex
1407 2959 1582 3027 capite
1615 2956 1854 3012 secundo
1882 2956 2128 3020 Genesis,
2161 2956 2274 3008 hagc
2298 2953 2640 3007 subduntur:
2677 2968 2695 3000 ς
2719 2941 2832 3002 Hoc
2863 2955 3043 3001 autem
3073 2952 3158 2998 est
3179 2956 3232 2997 et
3261 2940 3557 2995 antefacto-

305 3067 427 3106 rum
459 3051 698 3105 narratio
737 3061 792 3106 et
813 3050 1120 3108 futurorum
1147 3051 1449 3122 prophetia.
1484 3051 1580 3106 Est
1608 3051 1754 3106 enim
1776 3051 1891 3104 dies
1921 3049 2133 3104 Domini
2161 3048 2317 3117 quasi
2346 3045 2493 3100 mille
2518 3043 2665 3099 anni.
2696 3043 2751 3096 ln
2782 3057 2874 3097 sex
2899 3041 3062 3111 igitur
3082 3037 3274 3091 diebus
3295 3051 3555 3090 consum-

307 3152 454 3194 mata
489 3151 617 3195 sunt
645 3157 766 3212 quae
797 3141 939 3197 facta
973 3152 1118 3198 sunt.
1150 3142 1497 3198 Manifestum
1523 3158 1656 3213 ergo
1683 3151 1768 3197 est
1811 3142 2068 3213 quoniam
2101 3139 2501 3196 consummatio
2537 3138 2778 3205 ipsorum
2813 3143 2998 3189 sextus
3030 3131 3351 3185 millesimus
3381 3141 3557 3181 annus

307 3247 409 3291 est.
442 3235 510 3289 Et
536 3237 764 3305 septima
795 3236 880 3290 die
912 3237 1096 3291 orbem
1116 3237 1361 3306 judicat:
1397 3245 1452 3292 et
1474 3246 1662 3292 octava
1684 3277 1699 3302 ,
1728 3251 1848 3305 quae
1881 3242 1965 3290 est
1992 3233 2234 3288 futurum
2262 3231 2521 3286 saeculum
2547 3268 2562 3291 ,
2599 3229 2735 3282 alios
2766 3226 2982 3297 quidem
3031 3224 3195 3278 tradit
3238 3222 3291 3274 in
3337 3233 3552 3289 poenam

309 3334 606 3389 aeternam,
643 3326 780 3380 alios
806 3326 863 3380 in
884 3327 1072 3380 vitam.
1104 3325 1330 3395 Pr0pter
1360 3327 1465 3381 hoc
1495 3326 1634 3381 dicti
1692 3334 1818 3380 sunt
1869 3325 2062 3392 psalmi
2092 3324 2202 3377 Pro
2255 3331 2460 3375 octava.
2508 3317 2704 3371 Eadem
2748 3318 2998 3386 leguntur
3035 3316 3089 3370 in
3126 3313 3346 3382 antiqua
3391 3311 3557 3365 inter-

311 3424 616 3491 pretatione
647 3421 836 3476 Latina
868 3422 992 3476 libri
1034 3421 1208 3492 quinti
1243 3423 1492 3477 adversus
1525 3422 1743 3476 Iucreses
1779 3419 2024 3490 ejusdem
2063 3419 2250 3474 lraenci
2279 3416 2431 3487 (78):
2466 3414 2519 3467 in
2571 3413 2814 3468 eamdem
2865 3409 3190 3466 sententiam
3223 3405 3384 3460 verba
3431 3401 3558 3456 facit

312 3515 576 3586 Origenes
605 3519 659 3572 in
689 3519 826 3572 libro
865 3527 1048 3570 contra
1073 3517 1281 3572 Celsum
1310 3518 1462 3588 (79);
1493 3517 1814 3588 Hippolytus
1837 3516 1978 3584 apud
2004 3514 2254 3569 Photium
2285 3510 2433 3580 (80):
2471 3519 2663 3563 auctor
2695 3507 3059 3572 Quwstianum
3090 3511 3138 3557 et
3168 3499 3558 3569 responsionum

317 3612 458 3666 inter
485 3627 650 3680 opera
683 3609 881 3665 Justini
914 3607 1162 3680 Martyris
1188 3608 1338 3680 (8|),
1363 3618 1417 3663 et
1445 3608 1760 3662 Lactantius
1787 3607 1924 3660 libro
1956 3605 2185 3674 septimo
2216 3600 2621 3658 Institutionum
2651 3600 2763 3669 (89.)
2790 3616 2804 3665 ;
2835 3599 3028 3668 quibus
3059 3591 3290 3649 addendi
3327 3596 3456 3646 sunt
3488 3603 3557 3642 ex

316 3709 528 3764 Latinis
559 3709 618 3762 S.
645 3708 1004 3781 Hieronymus
1028 3709 1082 3760 in
1119 3707 1345 3775 epistola
1373 3705 1440 3758 ad
1487 3703 1852 3775 Cyprianum;
1892 3703 1949 3756 S.
1985 3701 2324 3770 Augustinus
2358 3702 2436 3756 De
2467 3704 2675 3756 civitate
2717 3695 2816 3748 Dei
2851 3693 2997 3764 (85),
3042 3699 3094 3745 et
3139 3690 3195 3743 in
3236 3685 3559 3756 expositione

316 3801 512 3863 psalmi
541 3801 710 3864 sexti;
739 3777 1105 3856 Cassiodorus
1136 3799 1188 3852 in
1221 3796 1360 3850 libro
1394 3795 1677 3849 Variarum
1706 3793 1857 3863 (84):
1885 3808 1951 3846 ex
1980 3791 2183 3846 Graecis
2204 3801 2383 3846 autem
2417 3791 2474 3846 S.
2507 3789 2800 3861 Gregorius
2822 3784 3195 3840 Nazianzenus
3227 3779 3279 3832 in
3313 3777 3557 3832 oratione

317 3898 372 3950 in
400 3906 643 3949 sanctum
668 3894 1028 3960 Pentecosten,
1057 3909 1178 3964 qua
1219 3904 1303 3946 est
1333 3890 1751 3960 quadragesima
1777 3897 1972 3958 quarta
2007 3888 2150 3940 inter
2178 3886 2388 3952 editas;
2421 3887 2685 3942 Eusebius
2707 3878 3056 3938 Caesariensis
3087 3877 3140 3929 in
3165 3867 3557 3928 commentario

318 3999 375 4052 in
407 3988 670 4054 psalmum
693 4003 742 4040 v1
767 4005 782 4053 ;
816 3996 1006 4042 auctor
1035 3962 1378 4051 echositionis
1407 3981 1462 4033 in
1487 3979 1728 4032 Psalmos
1755 3993 1784 4032 a
1809 3976 2064 4032 Patribus
2091 3975 2453 4030 Benedictinis
2482 3973 2540 4028 S.
2568 3971 2868 4027 Athanasio
2890 3967 3134 4034 ascripta:
3161 3962 3214 4015 in
3239 3963 3559 4028 argumento

321 4050 514 4149 psalmi
539 4079 706 4145 sexti;
829 4076 1068 4132 Joannes
1096 4050 1463 4129 Damascenus
1507 4070 1560 4124 in
1584 4068 1831 4139 _homilia
1865 4068 1940 4122 De
1975 4067 2441 4136 transﬁguratioue
2472 4065 2716 4128 Domini,
2750 4070 2804 4116 et
2843 4059 2920 4113 De
2950 4059 3052 4128 ﬁde
3079 4053 3369 4108 orthodoxa
3404 4050 3557 4122 (85);

323 4172 525 4239 aliique
555 4170 847 4239 scriptores
881 4178 995 4223 tum
1027 4167 1201 4222 Graeci
1224 4204 1240 4230 ,
1271 4174 1385 4218 tum
1418 4162 1616 4218 Latini.
1652 4158 1859 4214 Horum
1891 4168 2072 4214 autem
2099 4157 2282 4212 verbis
2312 4156 2531 4212 omissis
2551 4197 2568 4223 ,
2603 4171 2670 4209 ne
2711 4153 2924 4223 longior
2970 4150 3076 4205 sim
3107 4161 3268 4216 quam
3314 4156 3556 4220 oportet,

324 4264 498 4319 solum
524 4263 628 4317 hoc
656 4262 775 4317 loco
805 4260 1024 4315 afferam
1062 4273 1184 4328 qua:
1207 4255 1394 4312 eadem
1424 4256 1490 4310 de
1514 4268 1573 4308 re
1599 4252 1786 4308 scribit
1819 4250 1877 4303 S.
1913 4247 2151 4304 Jacohus
2176 4247 2467 4303 Nisibenus
2491 4247 2800 4317 episcopus,
2826 4244 2918 4314 qui
2950 4249 3105 4298 aetate
3137 4242 3311 4308 major
3339 4241 3559 4311 quidem

325 4355 628 4410 Athanasio
663 4353 785 4417 fuit,
821 4353 914 4408 sed
943 4367 1068 4406 cum
1097 4366 1186 4415 eo,
1212 4349 1342 4404 dum
1374 4347 1555 4403 adhuc
1575 4344 1954 4399 Alexandrina:
1984 4341 2240 4396 Ecclesia
2267 4339 2530 4394 diaconus
2555 4347 2717 4402 esset,
2742 4336 2796 4390 in
2821 4333 3037 4405 Nicaena
3068 4333 3272 4404 synodo
3293 4331 3557 4386 interfuit.

329 4444 460 4515 Ejus
488 4459 678 4513 opera,
709 4444 873 4513 digna
897 4441 1115 4512 quidem
1147 4455 1267 4509 qua:
1295 4439 1349 4492 in
1374 4438 1549 4491 lucem
1574 4435 1860 4506 prodeant,
1889 4447 1998 4487 non
2024 4431 2202 4486 adhuc
2224 4430 2364 4500 typis
2387 4430 2648 4499 impressa
2679 4437 2824 4492 sunt,
2855 4435 2907 4480 et
2930 4441 2960 4479 a
2980 4423 3223 4494 pluribus
3240 4422 3560 4478 clarissimis

327 4537 687 4609 scriptoribus
717 4545 976 4606 tanquam
1008 4533 1214 4603 perdita
1241 4531 1632 4600 deplorentur;
1662 4527 1755 4582 sed
1787 4525 1928 4596 apud
1961 4539 2080 4590 me,
2107 4531 2162 4578 et
2205 4524 2332 4578 alibi
2380 4522 2614 4576 fortasse
2653 4518 3017 4588 manuscripta
3053 4518 3319 4573 exsistunt
3349 4516 3558 4602 'lingua

327 4588 588 4688 Arrnrena.
618 4588 854 4702 Operurn
888 4639 1070 4684 autem
1096 4627 1154 4682 S.
1184 4626 1374 4681 Jacobi
1408 4641 1473 4680 ex
1507 4623 1749 4693 antiquis
1775 4619 2137 4690 scriptoribus
2156 4661 2171 4687 ,
2201 4619 2335 4674 ut'id
2359 4619 2533 4674 obiter
2559 4619 2877 4671 admoneam
2899 4654 2914 4680 ,
2946 4611 3190 4667 meminit
3214 4588 3557 4674 Gennadius,

330 4729 423 4796 qui
452 4727 576 4782 ideo
600 4735 754 4796 putat
795 4727 848 4780 in
879 4724 1132 4793 Catalago
1153 4721 1629 4776 ecclesiasticarum
1659 4719 1977 4785 scriptorum
2005 4716 2072 4770 de
2119 4716 2225 4770 illis
2268 4714 2329 4769 Β.
2379 4714 2769 4784 Hieronymum
2817 4710 3144 4764 mentionem
3184 4721 3292 4760 non
3328 4704 3523 4760 fecisse
3544 4744 3560 4771 ,

331 4795 460 4889 quia
486 4795 729 4872 nondum
765 4832 794 4872 e
819 4816 958 4888 Syro
986 4829 1244 4871 sermone
1273 4814 1327 4867 in
1359 4813 1522 4867 aliam
1554 4811 1794 4880 linguam
1819 4823 1974 4864 versa
2005 4807 2242 4862 fuerant.
2282 4807 2453 4862 Verba
2495 4814 2673 4860 autem
2707 4801 2973 4858 Gennadii
3003 4799 3126 4854 talia
3159 4805 3323 4854 sunt:
3364 4815 3382 4847 ι
3407 4795 3561 4850 Hunc

332 4914 508 4968 virum
542 4914 602 4968 Β.
659 4914 1020 4985 Hieronymus
1065 4913 1119 4966 in
1168 4913 1306 4966 libro
1346 4907 1661 4982 Χρονικῶν,
1706 4907 1852 4961 velut
1886 4920 2204 4974 magnarum
2242 4904 2502 4958 virtutum
2545 4901 2819 4960 hominem
2871 4896 3188 4957 nominans;
3221 4893 3275 4947 in
3307 4888 3559 4957 Catalogo

333 5007 651 5074 scriptorum
681 5021 781 5060 cur
807 5022 914 5060 non
951 5004 1223 5074 posuerit,
1256 4981 1415 5056 facile
1446 4997 1828 5054 excusabitur:
1865 4995 1909 5051 si
1944 4995 2350 5052 consideremus
2389 4995 2535 5064 ipsos
2578 5002 2721 5057 tres,
2782 4989 2864 5045 vel
2897 4995 3129 5058 quatuor
3177 4981 3375 5052 Syros,
3419 4994 3558 5050 quos

407 5143 521 5210 (77)
558 5143 698 5196 Ilist.
725 5142 854 5196 eccl.
887 5143 982 5196 lib.
1013 5159 1050 5203 r,
1089 5157 1138 5194 c.
1168 5140 1221 5193 5.

407 5213 523 5282 (28)
555 5213 676 5266 Lib.
711 5229 760 5277 v,
801 5229 921 5282 cap.
955 5213 1048 5274 €28,
1072 5212 1162 5265 29.

410 5284 524 5352 (79)
561 5283 680 5336 Lib.
708 5299 767 5340 ιι.

409 5349 520 5419 (80)
549 5353 808 5406 Biblioth.
837 5349 959 5404 cod.
991 5362 1188 5402 ccxcu.

411 5421 520 5494 (δι)
555 5422 842 5494 nasut-

434 5493 522 5560 82)
558 5494 691 5560 Cap.
717 5492 804 5545 M.

441 5553 528 5632 83)
558 5553 678 5616 Lib.
707 5577 797 5618 xx.
822 5575 873 5613 c.
901 5558 1004 5632 _11'5;
1036 5566 1088 5612 et
1115 5571 1249 5619 χχιι,
1283 5568 1329 5606 c.
1363 5553 1449 5607 ΞΟ.

418 5627 526 5701 (at)
551 5632 671 5685 Lib.
707 5648 746 5694 ι,
773 5646 859 5699 ep.
893 5627 978 5681 to.

426 5698 536 5774 (85)
570 5702 689 5755 Lib.
727 5698 943 5768 Iv,’cap.
980 5698 1067 5752 25.
