3934 6218
378 324 480 375 0'59
1153 319 1211 375 S.
1251 316 1618 371 ATHANASII
1657 315 1804 370 OPP.
1873 316 2047 370 PARS
2079 315 2163 371 ΙΙΙ.
2208 346 2273 359 —-
2305 317 2708 376 EXEGETICA.
3518 319 3615 373 640

376 436 591 506 posuit,
629 435 1022 500 interpt'titatos
1055 433 1106 486 in
1139 432 1385 486 Gratcutn
1423 448 1480 487 se
1511 432 1740 500 legisse,
1773 441 2067 497 testatum;
2101 432 2242 486 unde
2271 442 2484 488 constat
2528 449 2651 488 eum
2699 436 2976 503 ignorasse
3015 437 3108 492 illo
3152 447 3392 506 tempore
3428 435 3615 504 Syram

376 524 617 596 linguam
649 523 735 580 vel
762 523 999 582 litteras.
1030 523 1097 578 Et
1130 524 1249 578 ideo
1280 524 1457 588 hunc,
1488 525 1582 592 qui
1618 524 1844 577 necdum
1879 523 1930 577 in
1963 525 2124 578 aliam
2169 539 2358 579 versus
2398 535 2482 580 est
2510 525 2783 597 linguam,
2826 529 3066 584 nescisse
3115 530 3449 599 scriptorem.
3487 545 3506 578 ι
3543 526 3619 581 Ita

375 619 715 678 Gennadius.
744 619 825 677 At
857 638 986 676 vero
1018 635 1127 691 quo
1158 629 1399 688 tempore
1427 617 1789 690 Hieronymus
1827 618 2026 674 librum
2051 619 2128 672 De
2157 621 2519 673 ecclesiasticis
2551 622 2889 691 scriptoribus
2917 624 3249 693 composuit,
3279 623 3479 690 optime
3505 620 3618 690 jam

378 716 608 772 callebat
637 714 885 784 lingUam
922 713 1224 785 Syriacam.
1254 710 1532 779 Siquidem
1567 725 1690 765 eum
1733 709 1928 763 librum
1964 710 2229 773 absolvit,
2256 719 2315 764 ut
2341 711 2456 780 ipse
2485 720 2741 776 testatur,
2779 727 2921 766 anno
2948 713 3158 768 decimo
3182 724 3377 783 quarto
3405 712 3615 781 imperii

381 806 676 862 Theodosii
706 807 827 879 (36)
851 849 866 873 ,
901 808 1004 860 hoc
1033 814 1118 859 est
1149 817 1294 857 anno
1323 801 1537 856 Domini
1569 800 1676 856 592
1707 801 1760 854 in
1812 799 2262 856 Bethlehemitico
2305 817 2561 870 secessu,
2611 819 2734 856 cum
2764 804 2875 873 jam
2922 813 3065 859 esset
3109 816 3396 874 provectus
3426 813 3616 869 aetate,

380 918 586 959 annutn
616 915 786 975 agens
817 899 1213 970 sexagesimum
1248 897 1484 952 circiter.
1518 895 1702 964 Itaque
1737 903 1848 948 tum
1882 895 1964 949 vel
1993 895 2231 964 linguam
2269 893 2530 965 Syrorum
2558 895 2839 961 didicerat,
2863 897 2948 950 vel
2975 911 3272 966 nunquam,
3303 896 3447 966 quod
3471 906 3617 952 certe

381 999 580 1055 falsum
608 1008 715 1063 est,
743 997 953 1052 didicit.
983 995 1064 1049 Ad
1092 994 1206 1048 hac
1234 993 1461 1057 accedit,
1491 990 1631 1058 quod
1659 990 1840 1059 plures
1868 1006 2042 1046 annos
2074 1000 2366 1060 antequam
2395 1006 2532 1060 opus
2569 991 2641 1045 De
2672 992 3039 1046 ecclesiasticis
3071 993 3412 1062 scriptoribus
3436 993 3618 1048 absol-

379 1102 547 1156 veret,
584 1108 712 1148 cum
738 1091 1020 1146 Hebraicte
1053 1091 1250 1159 lingua:
1275 1087 1520 1142 notitiam
1554 1087 1782 1155 adeptus
1803 1095 1967 1152 esset,
1999 1085 2375 1141 Chaldaaorum
2407 1101 2627 1156 quoque
2651 1087 2953 1142 ediscenda:
2977 1102 3195 1156 operam
3227 1087 3412 1142 sedulo
3444 1085 3613 1144 dedit.

381 1182 590 1256 Lingua
618 1196 796 1241 autem
827 1184 1119 1241 Chaldaica
1142 1191 1196 1237 et
1231 1181 1474 1252 Syriaca,
1500 1179 1666 1234 veluti
1700 1179 1938 1248 ejusdem
1973 1179 2169 1249 linguae
2193 1179 2420 1234 diversa:
2453 1179 2690 1245 dialecti,
2721 1181 2853 1234 adeo
2888 1179 3029 1233 inter
3057 1194 3114 1233 se
3147 1178 3331 1234 aliines
3366 1190 3521 1242 sunt,
3557 1184 3617 1230 ut

380 1280 428 1336 si
459 1280 838 1334 characterum
867 1276 1237 1332 diversitatem
1261 1315 1276 1337 ,
1307 1289 1401 1327 seu
1439 1272 1742 1326 litterarum
1781 1273 2010 1324 formam
2042 1279 2096 1325 et
2141 1272 2367 1340 figuram
2391 1312 2406 1333 ,
2445 1270 2644 1340 quibus
2674 1272 2730 1325 in
2775 1272 3060 1326 scribendo
3104 1271 3336 1327 Chaldaei
3380 1279 3434 1324 et
3493 1269 3614 1341 Syri

384 1377 612 1424 utuntur
637 1409 652 1433 ,
689 1378 744 1423 et
772 1367 1064 1423 nonnullas
1097 1379 1289 1421 vocum
1317 1363 1762 1426 terminationes,
1786 1371 1840 1415 ct
1867 1377 2040 1432 pauca
2074 1363 2318 1431 quaedam
2350 1363 2454 1414 alia
2485 1364 2634 1432 parvi
2662 1364 2921 1417 momenti
2948 1364 3220 1432 excipias,
3251 1364 3450 1418 eaedem
3479 1378 3615 1431 pene

383 1462 513 1526 sint,
541 1462 679 1516 adeo
705 1470 764 1514 ut
785 1460 878 1530 qui
909 1459 1137 1514 alteram
1162 1471 1228 1511 ex
1256 1456 1342 1510 his
1368 1457 1538 1533 novit,
1571 1452 1729 1508 facile
1757 1462 2042 1522 utramque
2066 1453 2346 1522 intelligat.
2378 1452 2604 1523 Insuper
2632 1456 2806 1524 posito
2826 1455 2986 1509 etiam
3012 1456 3152 1524 quod
3176 1456 3410 1527 linguam
3437 1455 3618 1525 Syria-

382 1573 502 1612 cam
531 1556 894 1625 llieronymus
918 1553 1222 1622 ignoraret,
1256 1559 1433 1604 tamen
1463 1548 1515 1602 id
1549 1548 1770 1602 minime
1798 1547 2183 1616 impedimento
2205 1564 2326 1602 esse
2359 1558 2604 1618 poterat,
2637 1551 2930 1618 quominus
2964 1552 3029 1606 de
3052 1552 3305 1620 operibus
3339 1550 3396 1607 S.
3431 1551 3616 1608 Jacobi

381 1647 626 1702 Nisibeni
653 1645 854 1714 aliquid
888 1643 1080 1697 litteris
1109 1640 1376 1704 traderet,
1413 1639 1868 1708 quemadmodum
1893 1638 1958 1691 de
1987 1636 2044 1692 S.
2073 1637 2325 1708 Ephrem,
2356 1639 2583 1708 ejusque
2615 1640 2766 1695 libris
2798 1641 3018 1711 Syriace
3054 1643 3268 1711 scriptis
3313 1643 3366 1695 in
3399 1643 3619 1697 laudato

383 1742 637 1812 Catalogo
675 1742 967 1795 illustrium
996 1740 1227 1792 virorum
1263 1737 1591 1791 mentionem
1652 1735 1778 1790 fecit
1818 1735 1871 1788 in
1920 1735 2066 1790 hunc
2095 1737 2338 1789 modum.
2379 1755 2396 1785 ι
2439 1734 2620 1799 Multa,
2667 1736 2884 1804 inquit,
2930 1735 3066 1807 Syro
3108 1753 3356 1791 sermone
3382 1751 3605 1806 compo-

384 1815 511 1891 suit;
536 1856 555 1888 ι
591 1833 776 1902 Neque
805 1833 948 1889 enim
980 1849 1104 1887 cum
1131 1832 1272 1886 inter
1305 1830 1472 1901 Syros
1498 1831 1744 1899 degeret,
1773 1845 1933 1898 Opera
1967 1829 2025 1884 S.
2049 1830 2235 1884 Jacobi
2263 1831 2523 1891 Nisibeni,
2555 1833 2597 1884 si
2633 1832 2813 1900 lingua
2845 1830 3102 1902 Syrorum
3135 1834 3334 1901 scripta
3361 1831 3612 1896 fuissent,

381 1943 446 1981 ac
474 1927 702 1996 proinde
733 1925 801 1977 ob
831 1923 1071 1976 auctoris
1097 1921 1462 1976 celebritatem
1499 1919 1755 1973 omnibus
1781 1919 1940 1988 vulgo
1967 1929 2093 1974 nota
2115 1928 2326 1984 essent,
2351 1921 2601 1990 ignorare
2625 1935 2745 1974 eum
2777 1922 3017 1990 potuisse
3041 1964 3056 1985 ,
3089 1923 3380 1977 verisimile
3413 1931 3514 1977 est.
3545 1922 3614 1976 At

385 2034 514 2073 vero
549 2035 654 2072 non
680 2019 854 2072 solum
886 2015 1198 2086 Hieronymi
1221 2023 1376 2069 aetate
1397 2057 1411 2081 ,
1437 2014 1530 2070 sed
1558 2016 1720 2069 etiam
1746 2003 1944 2084 postea
1968 2014 2228 2082 temporis
2261 2015 2400 2082 apud
2451 2013 2616 2086 Syros
2647 2023 2701 2069 et
2735 2014 3078 2085 Syriacarum
3113 2031 3292 2068 rerum
3323 2016 3613 2084 scriptores

384 2113 529 2166 nulla
558 2111 760 2165 mentio
784 2119 868 2164 est
889 2110 956 2164 de
985 2108 1042 2162 S.
1074 2108 1259 2162 Jacobi
1285 2107 1523 2164 Nisibeni
1552 2109 1828 2178 operibus,
1859 2108 2056 2177 quippe
2079 2124 2199 2176 qua:
2228 2108 2294 2161 ab
2328 2109 2445 2176 ipso
2469 2124 2576 2161 non
2612 2108 2855 2179 Syriaca,
2891 2111 2982 2163 sed
3014 2111 3245 2163 Armcna
3269 2110 3474 2178 lingua,
3507 2125 3612 2179 qua

383 2209 634 2262 utebatur
671 2207 728 2260 S.
762 2205 1060 2275 Gregorius
1082 2204 1449 2267 Illnminator,
1475 2221 1505 2257 a
1534 2219 1644 2272 quo
1672 2212 1893 2272 rogatus
1917 2218 1979 2256 ea
2007 2202 2334 2271 composuit,
2363 2203 2568 2272 scripta
2601 2202 2840 2256 fuerunt.
2867 2202 3052 2271 Itaque
3078 2205 3159 2257 vel
3189 2203 3439 2258 mendum
3481 2204 3620 2258 irre.

383 2300 489 2368 psit
517 2300 570 2353 in
598 2307 802 2352 textum
841 2297 1108 2352 Geunadii
1131 2337 1146 2364 ,
1175 2305 1227 2350 et
1255 2311 1352 2365 pro
1377 2294 1512 2363 Syro
1541 2311 1775 2349 sermone
1815 2295 2102 2364 legendum
2137 2303 2219 2347 est
2251 2295 2510 2357 Armeno,
2537 2296 2619 2348 vel
2664 2296 2845 2364 potius
2871 2333 2886 2360 ,
2918 2304 2976 2348 ut
3027 2311 3179 2360 reor,
3210 2304 3262 2349 et
3287 2294 3621 2363 probabilius

381 2394 540 2447 etiam
574 2391 820 2454 videtur,
853 2389 1117 2443 memoria
1144 2387 1330 2456 lapsus
1358 2395 1440 2441 est
1463 2386 1774 2442 Gennadius
1805 2385 2052 2440 scribens
2089 2385 2310 2455 Syriaca
2342 2386 2523 2454 lingua
2546 2427 2560 2451 ,
2592 2401 2696 2438 non
2739 2395 2917 2440 autem
2949 2387 3183 2440 Armena
3219 2400 3381 2454 opera
3427 2384 3485 2440 S.
3529 2384 3620 2440 Ja-

380 2485 500 2540 cobi
523 2485 721 2552 scripta
748 2483 915 2538 fuisse
936 2523 950 2549 ,
989 2492 1083 2536 aut
1111 2481 1484 2551 conjecturam
1519 2479 1722 2535 faciens
1743 2496 1808 2534 ex
1834 2480 2006 2548 patria
2040 2477 2259 2545 Jacobi,
2293 2495 2415 2550 qua».
2443 2480 2704 2550 Syrorum
2738 2481 2868 2536 urbs
2890 2491 3006 2535 erat
3029 2520 3044 2544 ,
3071 2497 3176 2550 qua
3210 2481 3392 2550 lingua
3418 2481 3619 2550 scripta

383 2572 613 2628 fuissent.
643 2589 807 2642 Opera
829 2614 844 2639 ,
873 2587 1107 2641 quorum
1133 2611 1148 2636 ,
1177 2581 1237 2626 ut
1262 2572 1560 2626 verisimile
1591 2581 1672 2627 est
1691 2613 1706 2636 ,
1738 2571 1792 2624 in
1817 2569 2143 2625 Massiliensi
2174 2571 2627 2628 monasteriovel
2661 2573 2831 2626 solam
2884 2573 3189 2648 versionem
3224 2571 3470 2625 Latinam
3494 2613 3510 2635 ,
3540 2573 3621 2625 vel

383 2670 564 2738 aliqua
590 2678 842 2737 excerpta
865 2708 879 2730 ,
911 2667 992 2722 vel
1021 2649 1324 2738 catalogum
1354 2682 1449 2722 seu
1483 2667 1776 2721 indiculum
1806 2667 2070 2720 duntaxat
2103 2665 2355 2720 habebat.
2389 2664 2571 2721 Locus
2605 2677 2784 2720 autem
2819 2665 2874 2721 S.
2905 2666 3094 2723 Jacobi
3121 2667 3358 2722 Nisibeni
3388 2711 3401 2733 ,
3426 2667 3520 2737 qni
3553 2667 3617 2721 ad

385 2775 498 2814 rem
518 2800 532 2826 ,
555 2760 732 2828 quade
761 2761 937 2828 agitur
957 2797 971 2822 ,
1004 2758 1270 2827 pertinet,
1304 2758 1357 2811 in
1389 2771 1658 2824 sermone
1691 2756 1929 2811 secundo
1959 2755 2036 2809 De
2065 2754 2370 2823 dilectione,
2419 2755 2511 2809 ubi
2550 2756 2708 2810 verba
2747 2755 2877 2810 facit
2903 2757 2970 2809 de
3009 2768 3278 2825 postrema
3321 2754 3616 2810 Jerusalem

382 2857 664 2911 eversione
678 2865 731 2909 et
756 2856 1087 2924 captivitate,
1120 2855 1244 2910 talis
1266 2864 1347 2909 est
1378 2873 1391 2908 :
1428 2873 1446 2906 ι
1474 2852 1591 2907 Non
1619 2853 1906 2908 videantur
1934 2852 2026 2907 tibi
2058 2851 2311 2916 diﬂicilia,
2344 2852 2686 2914 cbarissime,
2724 2836 2845 2922 quae
2877 2854 3103 2922 scripsi,
3136 2854 3280 2922 quod
3309 2854 3360 2907 in
3391 2854 3619 2907 dimidio

383 2953 490 3006 diei
527 2968 640 3006 suae
677 2952 883 3006 dimisit
909 2951 1051 3006 Deus
1097 2950 1430 3014 Jerusalem,
1460 2951 1587 3020 quia
1624 2951 1698 3004 ita
1737 2950 1925 3004 scribit
1954 2948 2117 3003 David
2159 2949 2213 3002 in
2249 2949 2459 3016 psalmo
2497 2951 2825 3018 octogesimo
2866 2965 3007 3003 nouo
3057 2969 3070 3003 :
3135 2949 3281 3003 Mille
3327 2951 3455 3003 anni
3501 2959 3619 3004 ante

384 3044 561 3098 oculos
581 3043 790 3097 Domini
806 3052 1056 3113 tanquam
1071 3045 1180 3097 dies
1205 3043 1464 3108 hesterna,
1488 3059 1604 3112 qua:
1619 3041 1959 3112 praeteriit”;
1995 3057 2157 3111 quam
2192 3041 2514 3096 sententiam
2538 3043 2867 3111 explicantes
2885 3044 3136 3098 doctores
3153 3045 3325 3098 nostri
3345 3045 3618 3113 sapientes

381 3139 593 3203 dicunt,
624 3135 769 3207 quod
801 3136 857 3189 in
889 3135 1242 3190 similitudine
1268 3143 1470 3204 septem
1498 3133 1706 3187 dierum
1738 3132 1952 3202 positus
1974 3141 2058 3185 est
2087 3131 2174 3186 hic
2207 3133 2439 3186 mundus
2467 3147 2498 3184 a
2525 3131 2656 3195 Deo,
2692 3140 2745 3186 et
2770 3131 2822 3184 in
2852 3134 3321 3202 consutmnatione
3346 3149 3436 3188 sex
3471 3134 3617 3188 mille

387 3249 656 3289 annorum
688 3232 929 3287 solvetur
955 3233 1192 3286 mundus
1223 3231 1328 3296 hic,
1362 3237 1416 3284 et
1440 3229 1545 3282 erit
1575 3227 1870 3282 Sabbatum
1900 3226 1995 3280 Dei
2030 3228 2084 3280 in
2112 3225 2523 3280 similitudinem
2550 3227 2758 3280 dierum
2793 3225 3011 3281 Sabbati
3034 3268 3048 3291 ,
3081 3228 3223 3296 quod
3253 3236 3338 3282 est
3371 3237 3492 3295 post
3527 3244 3618 3282 sex

386 3328 522 3381 dies.
549 3345 568 3377 ι
602 3323 716 3378 lmo
738 3339 865 3378 vero
891 3324 1203 3392 hujusmodi
1231 3321 1516 3391 persuasio
1549 3320 1616 3375 de
1641 3321 1929 3374 duratione
1958 3320 2144 3373 mundi
2187 3327 2240 3371 et
2275 3317 2640 3385 Sabbatismo,
2675 3317 2911 3373 laudatis
2957 3333 3119 3388 snpra
3164 3333 3194 3370 a
3239 3335 3326 3373 me
3369 3319 3618 3374 l’atribus

387 3425 659 3493 antiquior
686 3433 769 3479 est
789 3465 804 3490 ,
833 3436 1061 3490 eamque
1086 3435 1152 3474 ex
1183 3419 1348 3472 veteri
1379 3416 1725 3471 Hebraeorum
1757 3415 2047 3470 traditione
2090 3414 2354 3482 originem
2387 3414 2688 3481 sumpsisse
2737 3413 3078 3468 crediderim.
3134 3412 3408 3483 Siquidem
3443 3427 3508 3467 ex
3551 3413 3616 3468 iis

385 3531 506 3585 quae
537 3531 657 3583 cap.
685 3531 790 3568 xxv
825 3512 1053 3567 Levitici
1084 3509 1472 3580 praecipiuntur
1498 3509 1564 3563 de
1587 3506 1976 3562 sabbatizando
2000 3503 2258 3570 Sabbato,
2295 3505 2558 3573 colligunt
2586 3514 2792 3559 veteres
2821 3505 3030 3559 rabbini
3059 3504 3320 3558 mundum
3353 3503 3616 3558 duntaxat

387 3621 481 3676 per
514 3623 606 3662 sex
634 3608 800 3661 millia
832 3621 1101 3660 annorum
1129 3605 1474 3668 duraturum,
1495 3610 1550 3655 et
1571 3599 1717 3670 quod
1750 3600 2012 3668 septimus
2042 3598 2378 3652 millenarius
2408 3596 2626 3652 futurus
2647 3597 2716 3651 sit
2753 3596 3048 3651 Sabbatum
3081 3595 3316 3649 Domini.
3346 3594 3491 3649 Mille
3521 3607 3616 3648 au‘

388 3711 492 3756 tem
519 3715 694 3758 annos
717 3708 1007 3756 numerant
1038 3714 1136 3769 pro
1169 3713 1279 3753 uno
1308 3697 1416 3760 die,
1445 3695 1572 3765 quia
1602 3695 1656 3748 iu
1686 3694 1893 3762 psalmo
1914 3692 2120 3748 dictum
2152 3702 2235 3747 est
2279 3711 2291 3746 :
2327 3692 2476 3746 Mille
2504 3692 2630 3744 anni
2673 3701 2791 3745 ante
2827 3691 3004 3745 oculos
3042 3701 3179 3756 tuos,
3223 3701 3470 3760 tanquam
3507 3691 3613 3743 dies

389 3795 652 3863 hesterna,
706 3812 823 3866 quae
879 3795 1160 3864 praeteriit.
1190 3793 1258 3847 Et
1285 3791 1502 3862 quidem
1533 3791 1588 3844 in
1621 3788 1924 3843 Sanhedrin
1949 3789 2020 3842 ita
2055 3789 2316 3858 scriptum
2342 3789 2604 3844 habetur:
2651 3807 2668 3839 ι
2700 3787 2805 3842 Sex
2833 3788 3070 3844 millibus
3099 3801 3365 3841 annorum
3399 3785 3618 3840 durabit

391 3890 627 3946 mundus
647 3933 660 3957 ,
689 3899 742 3944 et
771 3905 882 3945 uno
911 3889 1215 3943 millenario
1237 3887 1510 3942 desolatus
1551 3887 1674 3940 erit.
1706 3884 1923 3939 Duobus
1956 3884 2192 3938 millibus
2234 3885 2451 3939 durabit.
2485 3885 2784 3938 devastauo
2833 3884 2952 3953 ejus
2987 3883 3059 3954 (id
3090 3892 3173 3938 est
3205 3882 3408 3939 inculta
3446 3881 3618 3935 homi.

390 4003 521 4042 num
545 3987 699 4056 vita),
730 3995 782 4042 et
813 3986 1026 4040 duobus
1049 3983 1288 4037 millibus
1321 3981 1427 4045 lex,
1463 3988 1622 4049 atque
1649 3978 1862 4032 duobus
1894 3977 2131 4032 millibus
2158 3978 2276 4032 dies
2310 3976 2536 4033 Messias
2564 3996 2582 4028 ›
2616 3972 2767 4031 Und’e
2783 3977 2890 4030 duo
2913 3974 3240 4038 inferuntur,
3277 3985 3336 4029 ut
3362 3975 3412 4029 id
3442 3976 3618 4030 obiter

389 4097 639 4135 moneam
661 4121 675 4144 ,
706 4090 895 4134 contra
917 4080 1062 4149 ipsos
1095 4077 1380 4132 Hebraeos:
1409 4091 1604 4144 nempe
1628 4074 1740 4142 jam
1769 4073 1972 4142 pridem
2007 4072 2262 4128 Messiam
2291 4073 2505 4127 venisse
2528 4113 2541 4136 ,
2577 4083 2631 4126 et
2651 4073 2819 4141 legem
2851 4071 3140 4126 Mosaicam
3163 4073 3477 4125 duraturam
3509 4085 3614 4125 non

392 4174 590 4238 fuisse,
620 4173 724 4228 nisi
751 4187 923 4242 usque
953 4173 1018 4226 ad
1050 4173 1337 4226 adventum
1370 4170 1540 4239 ipsius
1570 4166 1798 4222 Messias.
1839 4163 1944 4219 Sed
1971 4165 2176 4220 relictis
2209 4165 2503 4220 rabbinicis
2549 4165 2931 4220 traditionibus
2975 4165 3204 4218 reditum
3244 4162 3511 4217 faciamus
3549 4161 3614 4216 ad

389 4263 764 4318 Athanasium.

461 4354 674 4409 XXXV.
707 4353 908 4408 Praeter
939 4355 1200 4407 hactenus
1233 4367 1264 4406 a
1295 4367 1380 4405 me
1403 4351 1563 4405 allata
1583 4389 1597 4412 ,
1631 4349 2043 4420 archiepiscopo
2065 4348 2434 4403 Alexandrino
2465 4346 2854 4418 Expositionem
2876 4345 3216 4400 Psalmorum
3238 4388 3252 4408 ,
3279 4362 3443 4416 quam
3472 4362 3616 4404 nunc

392 4446 626 4515 primum
659 4445 712 4497 in
737 4443 1015 4512 publicum
1044 4443 1258 4496 edimus
1277 4481 1291 4504 ,
1322 4441 1427 4494 alia
1453 4455 1669 4510 quoque
1695 4454 1804 4493 non
1835 4441 1989 4507 parvi
2019 4440 2278 4494 momenti
2311 4439 2607 4493 vindicant.
2632 4443 2708 4494 Ac
2734 4441 2970 4509 primum
2990 4447 3310 4494 vetustatem
3337 4440 3616 4508 scriptoris

392 4538 766 4594 commentarii
792 4578 806 4602 ,
830 4536 1056 4606 ejusque
1082 4535 1259 4589 natale
1283 4533 1458 4588 solum
1482 4573 1496 4596 ,
1529 4533 1614 4586 vel
1643 4530 1981 4586 domicilium
2015 4531 2353 4585 Alexandria:
2384 4531 2549 4587 fuisse
2569 4571 2583 4590 .
2611 4541 2704 4586 aut
2743 4543 2890 4588 certe
2928 4549 3033 4587 non
3061 4533 3246 4602 procul
3285 4533 3352 4586 ab
3383 4549 3446 4588 ea
3485 4534 3615 4588 urbe

391 4631 700 4694 manifesto,
733 4639 794 4684 ut
823 4629 954 4683 mihi
985 4627 1217 4689 videtur,
1253 4625 1514 4687 indicant,
1547 4638 1667 4692 qua:
1691 4623 1744 4677 in
1775 4622 2112 4693 expositione
2138 4623 2204 4677 ad
2230 4625 2495 4690 psalmum
2518 4642 2656 4680 cxxv
2689 4625 2968 4694 leguntur:
3011 4627 3082 4681 ibi
3111 4627 3255 4681 enim
3287 4628 3526 4699 loquitur
3548 4632 3613 4685 de

392 4725 797 4788 Rhinoeurura,
829 4738 924 4777 seu
952 4721 1317 4777 Rhinocolura
1347 4718 1460 4789 (87)
1497 4728 1754 4786 tanquam
1787 4717 1853 4772 de
1887 4717 2019 4772 urbe
2047 4733 2169 4787 qua:
2202 4718 2420 4787 propius
2445 4719 2634 4774 aberat
2654 4736 2684 4775 e
2709 4721 2828 4775 loco
2855 4721 2996 4774 unde
3019 4722 3134 4790 ipse
3168 4721 3455 4776 scribebat.
3487 4721 3613 4776 Erat

393 4827 572 4874 autem
602 4817 970 4871 Rhinocolura
1007 4815 1136 4868 urbs
1169 4814 1223 4866 in
1253 4812 1451 4867 finibus
1481 4809 1698 4881 Egypti
1729 4809 1904 4878 posita
1929 4848 1942 4874 ,
1979 4810 2084 4863 hoc
2108 4811 2326 4864 nomine
2357 4824 2698 4882 nuncupata,
2734 4825 2793 4869 ut
2823 4814 2996 4883 inquit
3031 4815 3255 4868 Strabo:
3292 4834 3310 4865 ‹
3330 4816 3397 4868 ab
3427 4815 3495 4869 iis
3517 4814 3608 4884 qui

392 4922 553 4964 nares
581 4903 813 4960 truncati
844 4917 910 4958 eo
938 4902 1088 4959 fuere
1119 4901 1400 4957 translati:
1433 4915 1558 4955 nam
1591 4897 1907 4968 Ethiopum
1939 4899 2157 4969 quidam
2187 4899 2478 4971 Egyptum
2511 4903 2770 4960 invadens
2798 4920 2902 4960 non
2935 4920 3080 4970 nece,
3115 4908 3210 4961 sed
3242 4907 3360 4961 nasi
3389 4908 3608 4964 mutila-

466 5094 509 5126 “
532 5092 674 5148 Psal.
693 5106 916 5159 Lxxxtx,
945 5091 998 5144 4.

483 5249 574 5306 86)
606 5249 842 5304 Marcell.
871 5249 924 5303 in
953 5247 1208 5303 Chronico

483 5249 574 5321 86)
606 5249 842 5304 Marcell.
871 5249 924 5303 in
953 5249 1208 5303 Chronico

461 5252 577 5392 i8?)
611 5318 1004 5392 Ῥινοκόλουρᾳ,
1029 5317 1610 5392 llltinocolura_dicitur
1635 5332 1665 5372 a
1695 5315 1956 5392 Strabone
1993 5320 2045 5374 in
2074 5317 2364 5388 Geograph.
2413 5317 2656 5392 lib._xvt,
2719 5325 2780 5392 et
2809 5317 3043 5392 alibi,_e_t
3074 5334 3102 5371 a
3135 5316 3524 5392 Plinio_lib.__v,
3539 5332 3600 5392 ς..

394 5385 485 5453 l3,
520 5385 567 5444 a'
609 5385 930 5444 Ptolonueo’
958 5389 1012 5441 in
1042 5388 1332 5459 Geograplt.
1379 5388 1806 5459 Ῥινοκούρουρα.
1841 5385 2216 5444 Rhinocurura
2259 5385 2436 5440 autem
2481 5387 2548 5441 ab
2577 5387 2821 5459 Eusebio
2859 5397 2912 5440 et
2961 5385 3370 5459 Hieronytno‘in
3406 5388 3500 5444 lib.
3531 5387 3602 5442 De

393 5462 502 5514 situ
526 5471 574 5512 et
599 5462 806 5513 nomine
840 5459 1071 5512 locorum
1106 5455 1376 5518 Hebr-aia,
1436 5469 1488 5511 et
1543 5455 1846 5513 ab'eo'dem
1909 5459 2126 5513 Hieron.
2191 5460 2245 5512 in
2285 5474 2400 5525 cap.
2454 5472 2520 5510 xx
2567 5456 2780 5520 Ezeclt.,
2821 5470 2932 5510 tum
2956 5455 3180 5526 quoque
3209 5473 3237 5510 a
3276 5455 3600 5520 Sozomcno,

395 5529 494 5584 lib.
520 5545 573 5581 vt
623 5528 763 5582 Hist.
790 5529 914 5583 eccl.
955 5544 1073 5596 cap.
1100 5528 1188 5591 2|,
1215 5528 1515 5596 quiietiam
1563 5527 1724 5581 refert
1770 5531 1950 5596 plures
1988 5529 2058 5582 ibi
2115 5537 2357 5590 ascetas,
2403 5543 2495 5581 seu
2542 5529 2855 5581 monasticae
2913 5527 3266 5595 professionis
3307 5527 3454 5581 viros
3499 5527 3598 5581 llo-

395 5596 574 5653 ruisse
630 5607 686 5652 et
749 5600 952 5653 clerum
1012 5595 1264 5652 Ecclesiae
1317 5595 1804 5652 Rhinocerurensis
1831 5613 2172 5653 communem
2201 5599 2418 5652 domum
2449 5607 2502 5651 et
2531 5612 2794 5666 mensam.
2823 5604 2874 5650 et
2907 5598 3110 5666 reliqua
3143 5595 3325 5649 omnia
3356 5612 3599 5666 commu-

395 5667 491 5722 nia
531 5667 802 5738 habuisse.
832 5667 1102 5738 “Torrentir
1144 5668 1470 5738 autem,qui
1517 5666 1942 5738 Rhirnoculuram
1983 5668 2234 5733 alluebat,
2299 5680 2492 5722 nomen
2521 5665 2690 5722 fuisse
2715 5665 2922 5723 videtur
2972 5665 3188 5721 Tarrcns
3213 5667 3374 5721 Besor
3399 5665 3452 5738 (1
3476 5666 3594 5733 Reg.

397 5751 524 5803 ιιι,
556 5736 662 5807 10),
693 5736 804 5792 sive
826 5737 1046 5792 Torrens
1071 5736 1281 5792 deserti.
1311 5736 1490 5807 (Amos
1511 5753 1585 5804 γι,
1612 5737 1724 5807 ll.)
