3934 6218
367 351 465 406 641
1036 350 1120 404 DE
1160 346 1436 404 TI'I‘ULIS
1479 344 1921 402 PSALMORUM.
1962 378 2033 387 ~——
2069 344 2459 402 ANTONELLI
2502 347 2892 404 PREFATIO.
3496 350 3601 406 642

368 467 516 521 tione
540 463 803 520 malelicia
836 478 1092 518 coercens
1118 477 1214 518 eos
1249 463 1320 515 ibi
1353 462 1670 521 collocavit,
1707 471 1763 513 ut
1806 471 2022 528 propter
2055 460 2168 516 oris
2211 459 2606 516 deformitatem
2642 465 2820 520 redire
2873 464 3094 518 domum
3127 479 3234 518 non
3270 466 3550 521 auderem.
3582 489 3601 521 ι

369 561 672 618 Saracenos
698 571 876 614 autem
901 558 1063 628 (quos
1083 557 1292 611 Arabas
1317 556 1554 610 scenitas
1588 553 1780 618 fuisse,
1808 555 1892 609 vel
1921 570 1986 609 ex
2019 556 2119 610 hoc
2134 557 2507 611 commentarii
2535 559 2656 614 loco
2681 559 2897 628 probari
2923 560 3123 629 potest)
3153 559 3205 613 in
3228 560 3600 618 tabernaculis

365 667 459 707 seu
491 651 756 716 tentoriis,
779 651 861 706 vel
885 650 987 704 sub
1015 648 1246 718 pellibus
1268 647 1446 702 adhuc
1473 647 1795 710 habitantes,
1819 654 1873 700 et
1900 646 2140 701 nondum
2167 648 2392 704 urbibus
2427 649 2644 718 potitos,
2669 649 2761 704 sed
2782 649 3054 704 latronum
3080 651 3252 706 instar
3281 651 3334 705 in
3357 653 3604 722 proxima

361 743 577 815 Egypti
605 745 718 799 loca
751 754 804 799 et
832 744 993 798 urbes
1025 751 1210 797 suetos
1232 754 1550 805 excurrere,
1587 739 1902 809 praedasque
1931 739 2056 795 inde
2085 748 2362 808 avertere,
2399 757 2508 796 non
2541 741 2835 798 dissimiles
2877 757 3068 798 eorum
3099 742 3166 798 de
3211 741 3411 814 quibus
3447 750 3604 813 poeta

365 839 560 894 cecinit
579 857 592 892 :

595 971 609 985 .
689 969 702 984 ο
781 971 795 985 ο
875 972 889 987 .
968 972 982 986 .
1062 971 1075 985 .
1154 969 1169 982 .
1243 945 1544 998 semperque
1575 939 1798 982 recentes

569 1023 880 1078 Conrcctare
896 1026 1047 1095 juvat
1067 1023 1272 1092 prwdas
1302 1035 1346 1075 et
1377 1024 1542 1074 vivere
1570 1033 1720 1088 rapto
1751 1020 1862 1092 (88)
1888 1041 1901 1075 :

362 1113 517 1170 Tales
540 1131 634 1170 eos
663 1118 815 1172 nobis
844 1118 1062 1172 exhibet
1085 1124 1274 1169 auctor
1307 1115 1718 1179 commentarii,
1754 1116 1941 1184 quales
1990 1121 2146 1169 aetate
2173 1131 2268 1170 sua
2302 1115 2470 1172 fuisse
2496 1126 2846 1187 repraesentat
2883 1117 3208 1173 Ammianus
3251 1116 3601 1171 Marcellinus

358 1205 491 1297 (89).
519 1207 647 1275 qui:
680 1225 698 1257 ‹
726 1205 978 1260 Saraceni
1003 1217 1179 1260 tamen
1206 1221 1303 1259 nec
1321 1204 1504 1269 amici,
1542 1205 1635 1267 ait,
1677 1205 1836 1259 nobis
1861 1221 2120 1274 unquam,
2150 1222 2246 1260 nec
2271 1208 2451 1262 hostes
2472 1209 2716 1278 optandi,
2764 1210 2906 1263 ultro
2929 1210 3172 1280 citroque
3205 1211 3596 1274 disvursantes,

355 1296 622 1366 quidquid
653 1299 895 1353 invenire
928 1306 1199 1367 poterant,
1237 1305 1514 1350 momento
1543 1296 1801 1364 temporis
1835 1297 1982 1365 parvi
2018 1297 2324 1364 vastabant,
2354 1299 2658 1353 milviorum
2689 1301 2965 1369 rapacium
2996 1301 3222 1366 similes,
3261 1301 3351 1369 qui
3385 1299 3430 1353 si
3461 1315 3600 1368 pra:-

353 1395 476 1449 dam
501 1394 845 1464 d.-spexerint
873 1394 1094 1456 celsius,
1122 1393 1302 1447 volatu
1334 1395 1554 1460 rapiunt
1579 1391 1765 1456 celeri,
1796 1400 1888 1444 aut
1921 1391 2026 1445 nisi
2059 1392 2485 1462 impetraverint,
2515 1409 2622 1448 non
2655 1395 3034 1449 immorantur.
3062 1415 3080 1446 ι
3110 1395 3388 1464 Quispiam
3414 1404 3595 1449 autem

354 1485 750 1542 Saracenorum
777 1499 973 1540 nomen
1011 1485 1238 1539 audiens
1259 1523 1274 1547 ,
1313 1483 1480 1537 nolim
1510 1497 1633 1536 eum
1670 1481 1724 1535 in
1753 1481 2116 1551 suspicionem
2156 1483 2388 1547 adduci,
2420 1493 2480 1539 ut
2507 1485 2816 1549 existimet,
2855 1486 3303 1540 commentarium
3336 1486 3595 1554 scriptum

352 1583 523 1638 fuisse
548 1582 836 1651 pOSteriori
861 1591 1122 1651 tempore,
1151 1595 1260 1650 quo
1292 1577 1691 1632 Saracenorum
1727 1590 1922 1631 nomen
1948 1593 2072 1631 cum
2095 1594 2284 1631 eorum
2319 1578 2545 1648 imperio
2570 1581 2672 1634 late
2694 1590 3042 1651 propagatum
3073 1591 3176 1645 est,
3209 1583 3352 1652 quod
3387 1583 3596 1652 utique,

349 1680 612 1743 regnante
635 1669 879 1725 Heraclio
918 1670 1276 1740 imperatore,
1306 1676 1360 1722 et
1383 1675 1504 1736 post
1527 1665 1645 1735 ejus
1669 1665 1876 1719 obitum
1914 1667 2162 1722 volvente
2199 1669 2398 1722 smculo
2429 1670 2660 1735 septimo
2699 1673 2945 1742 contigit.
2986 1671 3263 1742 Siquidem
3298 1673 3600 1729 Saraceno-

347 1782 470 1828 rum
507 1765 708 1819 mentio
741 1763 976 1818 occurrit
997 1772 1050 1816 et
1074 1759 1213 1830 apud
1241 1759 1584 1812 Ammianum
1613 1757 1982 1812 Marcellinum
2005 1799 2019 1822 ,
2059 1774 2221 1827 quem
2257 1775 2419 1828 supra
2454 1761 2662 1814 laudavi
2690 1801 2704 1823 ,
2736 1770 2790 1816 et
2817 1765 2959 1833 apud
2997 1763 3199 1818 jElium
3233 1763 3585 1835 Spartianum

347 1860 403 1911 in
431 1857 718 1911 Pescennio
746 1856 912 1927 Nigro
933 1896 946 1918 ,
988 1863 1042 1910 et
1074 1853 1217 1924 apud
1241 1852 1488 1906 Flavium
1527 1851 1820 1921 Vopiscum
1854 1850 1908 1904 in
1938 1852 2224 1905 Aureliano
2247 1892 2262 1918 ,
2290 1861 2345 1905 et
2374 1853 2514 1921 apud
2545 1852 2870 1924 Pri-cordum
2897 1855 2972 1908 De
3017 1856 3150 1910 bello
3180 1855 3396 1910 Persico
3435 1856 3549 1928 (90)
3578 1874 3590 1910 :

349 1952 750 2009 Saracenorum
788 1953 1150 2007 meminerunt
1184 1950 1346 2004 etiam
1368 1947 1621 2003 Julianus
1650 1948 1703 2002 in
1732 1947 1960 2017 epistola
1984 1949 2052 2002 ad
2078 1946 2135 2000 S.
2168 1946 2450 2015 Basilium,
2475 1947 2535 2003 S.
2563 1948 2902 2020 Augustinus
2934 1952 3235 2020 quaestione
3261 1951 3516 2006 vicesima
3541 1953 3597 2004 in

347 2044 636 2110 Numeros,
674 2045 923 2100 Socrates
947 2044 1056 2115 (91)
1084 2051 1137 2096 et
1159 2043 1498 2096 Sozomenus
1527 2038 1639 2111 (92)
1673 2040 1728 2094 in
1761 2039 2005 2092 Historia
2033 2039 2392 2093 ecclesiastica
2412 2083 2428 2106 ,
2459 2040 2662 2110 aliique
2691 2042 3015 2111 scriptores,
3041 2042 3178 2096 adeo
3209 2052 3266 2097 ut
3299 2042 3444 2095 nulla
3475 2042 3597 2096 inde

345 2137 479 2191 oriri
515 2138 686 2206 possit
711 2135 1000 2190 dubitatio.

415 2224 657 2279 XXXVL
698 2225 792 2280 His
819 2235 998 2279 autem
1027 2223 1092 2278 ad
1118 2223 1572 2278 commentarium
1606 2230 1852 2276 nostrum
1882 2236 2080 2292 magno
2113 2223 2415 2278 Athanasio
2440 2225 2794 2278 asserendum
2825 2224 3094 2280 addantur
3124 2226 3215 2280 illa
3244 2241 3364 2296 quae
3395 2227 3595 2297 scripta

340 2322 596 2393 leguntur
622 2320 674 2374 iu
701 2320 1036 2390 expositione
1061 2319 1254 2388 psalmi
1279 2332 1519 2385 cxxxiii,
1547 2317 1637 2371 ubi
1669 2325 1862 2372 auctor
1905 2329 2062 2372 notos
2092 2333 2222 2372 suos
2255 2334 2318 2373 ac
2349 2319 2636 2388 populares
2681 2321 2965 2389 alloquens
3016 2339 3028 2374 :
3083 2339 3101 2371 ι
3125 2320 3241 2374 Νοη
3292 2323 3554 2392 ignoratis
3576 2362 3592 2389 ,

340 2416 543 2487 inquit,
583 2414 786 2479 dilecti,
813 2414 957 2484 quod
984 2429 1106 2467 cum
1157 2428 1264 2468 nox
1291 2413 1358 2467 ad
1386 2429 1662 2468 summum
1692 2413 1893 2478 deficit,
1923 2413 2038 2467 dies
2062 2423 2144 2467 est
2166 2413 2473 2483 quindecim
2503 2415 2781 2469 horarum.
2805 2434 2822 2466 ι
2855 2417 3041 2470 Nonne
3067 2417 3180 2470 haec
3202 2418 3356 2486 quasi
3389 2420 3597 2472 intento

341 2505 513 2577 digito
542 2516 726 2574 aperte
777 2506 1158 2559 demonstrant
1199 2505 1518 2574 scriptorem
1541 2503 1899 2572 expositionis
1925 2517 2047 2556 esse
2076 2503 2158 2555 vel
2186 2503 2359 2556 civem
2394 2503 2477 2556 vel
2512 2504 2744 2557 incolam
2776 2504 3245 2558 Alexandrinum?
3284 2503 3418 2559 Nam
3470 2505 3595 2560 Ale-

342 2601 587 2654 xandriae
611 2598 824 2670 Egypti
858 2599 1086 2651 latitudo
1119 2605 1203 2651 est
1227 2597 1493 2666 graduum
1532 2596 1630 2661 51,
1658 2595 1994 2649 minutorum
2029 2594 2329 2664 primorum
2366 2595 2423 2646 H
2482 2594 2592 2665 (95)
2619 2635 2633 2658 ,
2675 2596 3040 2650 secundorum
3067 2598 3172 2663 ‘20;
3213 2600 3264 2652 in
3309 2615 3373 2654 ea
3414 2606 3594 2652 autem

340 2688 628 2748 latitudine
649 2693 763 2746 dies
791 2691 1141 2761 longissimus
1167 2730 1181 2755 ,
1209 2690 1538 2759 computatis
1569 2689 1719 2743 boris
1745 2704 1774 2743 a
1811 2689 1942 2743 solis
1965 2697 2088 2742 ortu
2130 2689 2196 2742 ad
2220 2687 2460 2756 ejusdem
2493 2704 2747 2743 occasum
2771 2729 2784 2753 ,
2813 2701 2897 2745 est
2920 2693 3177 2746 horarum
3212 2694 3276 2746 M
3304 2735 3317 2756 ,
3350 2695 3590 2747 minuto-

339 2801 462 2840 rum
491 2785 553 2848 4,
598 2783 799 2854 quibus
832 2781 877 2835 si
904 2781 1036 2834 hora
1075 2795 1179 2833 una
1212 2780 1444 2833 addatur
1471 2787 1690 2849 propter
1724 2776 2039 2846 crepuscula
2061 2817 2076 2844 ,
2103 2776 2390 2831 habebitur
2423 2778 2542 2833 dies
2577 2779 2927 2848 longissimus
2955 2782 3211 2836 horarum
3250 2783 3344 2848 15,
3378 2785 3591 2854 qualem

339 2879 499 2936 nobis
525 2877 780 2948 erprimit
812 2889 876 2928 ac
914 2875 1162 2943 designat
1184 2883 1377 2928 auctor
1402 2871 1780 2942 expositionis.

415 2968 676 3025 XXXVII.
702 2969 967 3023 Praeterea
992 2966 1160 3021 multa
1188 2965 1290 3019 alia
1314 2974 1629 3027 occurrunt,
1658 2963 1857 3032 quibus
1880 2970 2138 3030 tanquam
2172 2962 2316 3017 notis
2335 2970 2388 3016 et
2420 2961 2664 3030 vestigiis
2681 2953 3015 3020 Athanasius
3047 2968 3227 3036 operis
3253 2978 3444 3024 auctor
3473 2984 3595 3024 esse

338 3063 783 3133 deprehenditur.
816 3059 882 3114 Et
911 3059 1127 3128 quidem
1165 3057 1256 3111 ubi
1282 3057 1500 3112 occasio
1528 3071 1649 3112 sese
1678 3055 1835 3110 oﬂ‘ert
1871 3063 1927 3109 ut
1955 3053 2159 3108 Christi
2201 3053 2539 3108 divinitatem
2581 3056 2928 3124 comprobet,
2965 3060 3322 3129 ostendatque
3357 3059 3593 3116 Verbum

340 3159 411 3212 ab
431 3167 633 3211 aeterno
655 3155 844 3218 fuisse,
869 3162 923 3208 et
946 3152 1090 3207 Patri
1118 3151 1600 3216 consubstantiale,
1626 3160 1873 3204 astruere
1895 3165 2002 3202 non
2027 3149 2409 3217 praatermittit,
2432 3157 2486 3202 et
2513 3148 2734 3202 disertis
2760 3149 2940 3205 verbis
2961 3163 3280 3208 constanter
3305 3169 3591 3220 asserere;

338 3253 485 3307 unde
516 3253 658 3307 haud
681 3254 911 3306 obseure
941 3253 1185 3306 innuitur
1213 3265 1278 3324 eo
1310 3261 1554 3320 tempore
1578 3251 1690 3304 haec
1718 3249 1920 3318 scripta
1950 3248 2138 3312 fuisse,
2162 3266 2272 3319 quo
2299 3249 2609 3320 huiusmodi
2641 3250 3025 3306 controversia:
3051 3249 3418 3318 agitabantur.
3450 3247 3593 3316 Quin

336 3346 500 3398 etiam
529 3345 777 3400 assiduas
807 3345 1015 3399 auctori
1051 3343 1220 3399 fuisse
1247 3359 1370 3398 cum
1403 3343 1672 3399 haereticis
1705 3358 1914 3412 pugnas
1937 3383 1952 3407 ,
1984 3352 2037 3395 et
2067 3341 2385 3410 quotidiana
2415 3343 2745 3410 certamina,
2781 3345 2966 3413 qualia
2989 3358 3112 3397 cum
3155 3342 3374 3397 Arianis
3405 3342 3595 3396 habuit

336 3439 670 3494 Athanasius
689 3479 704 3504 ,
735 3449 918 3508 aperte
941 3453 1042 3494 nos
1067 3439 1263 3493 docent
1291 3453 1412 3508 quze
1443 3439 1698 3509 leguntur
1721 3436 1773 3489 in
1801 3435 2143 3504 expositione
2169 3435 2362 3504 psalmi
2391 3452 2557 3491 cxvm
2579 3476 2592 3499 ,
2622 3445 2676 3490 et
2709 3437 2835 3491 alibi
2875 3437 3094 3505 saepius.
3122 3435 3263 3503 Quid
3300 3450 3427 3489 vero
3463 3435 3550 3487 illa
3575 3473 3593 3500 ,

334 3547 461 3600 qua!
484 3539 700 3586 exstant
725 3533 778 3585 in
807 3531 1195 3585 commentario
1218 3529 1411 3598 psalmi
1447 3545 1560 3593 im,
1586 3529 1676 3582 ubi
1703 3529 1772 3581 ad
1796 3542 1859 3581 ea
1908 3528 2072 3581 verba
2095 3528 2158 3581 “t
2199 3527 2276 3580 Tu
2307 3538 2504 3591 autem,
2539 3526 2781 3590 Domine,
2849 3545 2908 3582 ne
2961 3527 3285 3596 elongaveris
3329 3524 3593 3578 auxilium

339 3635 489 3678 tuum
527 3641 560 3677 a
592 3639 672 3677 me
701 3637 720 3676 :
750 3624 819 3676 ad
871 3622 1223 3691 defensionem
1267 3636 1435 3673 meam
1466 3620 1724 3687 conspice,
1783 3617 1887 3670 alia
1935 3618 2295 3687 explicatione
2336 3619 2652 3672 eorumdem
2690 3617 2982 3671 verborum
3017 3617 3254 3685 primum
3283 3613 3591 3683 proposita,

335 3717 534 3773 deinde
563 3717 676 3770 ha‘c
704 3716 925 3784 insuper
951 3713 1293 3784 adiungitur:
1330 3730 1348 3763 ι
1372 3711 1609 3765 Possunt
1632 3711 1794 3763 etiam
1825 3711 1938 3762 haec
1964 3709 2068 3762 dici
2099 3725 2165 3762 ex
2194 3723 2423 3778 persona
2449 3709 2622 3777 ipsius
2662 3707 2879 3761 Domi-ni
2901 3747 2916 3770 ,
2953 3707 3044 3775 qui
3095 3696 3401 3773 exemplum
3436 3704 3597 3759 nobis

334 3813 567 3882 praebuit
612 3811 793 3865 utendi
822 3811 903 3863 his
928 3809 1106 3864 verbis
1135 3816 1376 3875 tempore
1409 3804 1691 3874 martyrii?
1714 3823 1732 3854 ι
1765 3802 1906 3869 Quid
1937 3817 2068 3856 vero
2103 3803 2192 3856 illa
2221 3803 2348 3868 alia,
2382 3818 2503 3872 qua:
2529 3803 2596 3856 ad
2620 3802 2952 3856 versiculum
2981 3799 3178 3868 psalmi
3211 3799 3488 3867 sequentis
3505 3797 3550 3849 '.°
3577 3817 3590 3850 :

342 3905 504 3971 Nam,
540 3907 640 3960 etsi
687 3905 1023 3958 ambulavero
1059 3905 1113 3956 in
1143 3903 1312 3955 medio
1343 3900 1543 3954 umbrte
1570 3899 1776 3962 mortis,
1829 3897 2125 3950 nontimebo
2185 3897 2352 3960 mala,
2387 3898 2636 3966 quoniam
2688 3904 2743 3947 tu
2780 3909 2984 3947 mecum
3015 3909 3090 3954 es,
3121 3890 3489 3960 subjiciuntur
3536 3889 3592 3943 in

336 4003 486 4058 hunc
512 4001 735 4057 modum
759 4019 772 4055 ε
810 4017 828 4051 ‹
851 4000 986 4054 Cum
1009 4014 1108 4070 ego
1139 4003 1407 4052 tormenta
1432 4009 1531 4065 pro
1559 4003 1611 4048 te
1640 3994 1977 4054 sustinuero,
2007 3991 2192 4046 nullus
2215 4007 2304 4046 me
2327 3992 2606 4058 cruciatus
2635 3989 2884 4052 terrebit,
2921 3987 3179 4056 quoniam
3203 3994 3257 4040 tu
3286 3985 3432 4039 vires
3458 3984 3587 4038 mihi

338 4099 582 4170 prazbes,
609 4107 668 4150 ut
700 4098 820 4151 illos
860 4093 1164 4166 perferam?
1194 4091 1385 4146 Nonne
1424 4089 1713 4144 manifesto
1752 4088 1997 4142 indicant
2051 4096 2329 4142 auctorem
2377 4080 2457 4140 vel
2523 4085 2710 4141 eodem
2763 4093 3039 4153 tempore,
3086 4096 3196 4152 quo
3236 4091 3591 4151 tyrannorum

337 4195 644 4268 persecutio
672 4194 851 4249 adhuc
877 4193 931 4246 in
960 4190 1300 4246 Christianos
1326 4187 1602 4252 saeviebat,
1636 4184 1721 4238 vel
1743 4200 1850 4238 non
1882 4183 2041 4253 longe
2074 4182 2143 4236 ab
2167 4196 2232 4236 eo
2263 4179 2473 4236 fuisse?

406 4288 699 4346 XXXVI”.
732 4290 802 4341 At
831 4289 973 4342 enim
1004 4285 1234 4356 agedum
1257 4325 1272 4350 ,
1305 4297 1426 4352 quae
1451 4281 1503 4334 in
1534 4290 1725 4334 nostro
1757 4278 2154 4334 commentario
2185 4277 2385 4346 scripta
2416 4283 2544 4330 sunt
2574 4288 2696 4329 cum
2724 4273 2792 4327 iis
2815 4287 2937 4342 quae
2969 4270 3022 4324 in
3053 4267 3174 4322 aliis
3223 4266 3409 4334 libris,
3453 4280 3592 4336 quos

337 4404 498 4444 nemo
520 4386 734 4442 dubitat
766 4385 947 4454 magni
974 4379 1259 4435 Athanasii
1287 4392 1430 4442 esse,
1480 4374 1853 4441 conferamus,
1886 4383 1945 4428 ut
1968 4389 2035 4428 ex
2053 4371 2375 4443 .hujusmodi
2399 4368 2833 4438 comparatione.
2858 4366 2905 4421 si
2931 4363 3222 4433 utrobique
3245 4361 3588 4417 Psalmorum

337 4487 503 4540 verba
539 4484 727 4538 eodem
757 4481 919 4535 modo
942 4519 956 4546 ,
984 4485 1038 4532 et
1063 4476 1116 4529 in
1141 4474 1394 4530 eumdem
1421 4487 1643 4527 sensum
1677 4470 1950 4524 intellecta
1977 4477 2141 4539 atque
2173 4467 2442 4538 explicata
2481 4464 2888 4534 comperiantur
2909 4503 2924 4529 ,
2957 4461 3157 4517 certius
3186 4475 3251 4514 ac
3297 4455 3592 4513 dilucidius

338 4584 626 4646 appareat,
656 4573 941 4636 eumdem,
976 4584 1083 4623 non
1114 4576 1296 4621 autem
1336 4565 1614 4619 diversum
1645 4570 1699 4616 et
1725 4561 2107 4617 commentarii
2139 4559 2353 4624 nostri,
2384 4567 2438 4612 et
2484 4556 2714 4610 aliorum
2757 4568 2981 4624 cperunt
3001 4595 3017 4619 ,
3049 4566 3170 4621 qua:
3195 4549 3251 4605 S.
3289 4548 3591 4604 Athanasio

339 4643 686 4724 ab‘omuibus
718 4664 972 4722 concordi
999 4661 1256 4732 suffragio
1288 4657 1667 4720 ascribuntur,
1701 4663 1982 4710 auctorem
2014 4669 2154 4710 esse.
2201 4650 2335 4708 [lem
2362 4649 2694 4722 propositam
2725 4646 2978 4711 brevius,
3007 4644 3184 4716 quoad
3225 4643 3339 4699 fieri
3373 4649 3587 4713 potest,

338 4762 644 4832 expediam.

414 4947 458 4979 “
479 4943 636 5002 Vers.
672 4944 761 4998 20.
839 4942 884 4974 ²⁰
919 4940 1071 4997 Vers.
1099 4941 1154 4994 4.

437 5103 527 5172 88)
552 5103 752 5175 _Virgil.
781 5103 875 5158 lib.
916 5118 971 5175 ut
1003 5099 1075 5153 1E
1084 5099 1244 5163 neid.,
1278 5111 1402 5152 vers
1427 5093 1532 5150 612
1565 5101 1620 5147 et
1641 5091 1761 5148 6l5.

438 5175 526 5242 89)
551 5172 816 5236 Libixtv,
852 5188 900 5226 c.
933 5172 986 5226 5.

436 5245 526 5313 90)
559 5243 680 5298 Lib.
710 5259 748 5308 I,
773 5259 822 5298 c.
851 5243 940 5313 19ἶ

436 5249 526 5313 90)
563 5249 680 5298 Lib.
710 5259 748 5308 I,
773 5259 822 5298 c.
851 5249 940 5296 19.

413 5249 520 5386 191)
551 5315 669 5386 Lib.
704 5329 778 5377 tv,
807 5328 856 5368 c.
882 5310 970 5386 ὖξὶζ

417 5383 527 5452 (9’2)
562 5383 682 5438 Lib.
720 5399 793 5447 VI,
828 5397 876 5436 c.
909 5383 1017 5452 38._
1086 5448 1100 5452 Α
1248 5443 1279 5452 Α
1429 5445 1442 5452 _
1672 5441 1684 5452 _
1778 5449 1788 5452 _

1975 5431 2175 5452 ,_,.1t:1_
2203 5444 2298 5452 ..--
2323 5425 2510 5452 μιανθ--
2540 5421 2602 5452 Αι-
2638 5414 2952 5452 ΙνΔρηΑᾹηιίο
2979 5412 3068 5452 (In:
3106 5408 3329 5452 science:
3389 5413 3439 5452 ιι
3464 5419 3490 5452 ..'

562 5401 1208 5526 Eriigriofctfiétitulus:
1238 5443 1623 5526 ‘Conn-aissa‘nce
1650 5441 1740 5496 des
1770 5449 1932 5509 temp:
1971 5431 2176 5505 publiée
2200 5444 2298 5500 par
2318 5425 2510 5481 l‘ordre
2539 5421 2602 5477 de
2635 5414 2952 5475 I‘Académie
2979 5412 3068 5467 des
3106 5408 3329 5464 science:
3389 5413 3439 5460 et
3464 5401 3580 5460 sal-

347 5512 486 5581 αιίέε
506 5512 618 5580 ὀω-
642 5523 719 5578 M.
748 5512 972 5577 Neraldi
999 5519 1062 5573 de
1099 5517 1154 5573 la
1180 5516 1340 5572 meme
1363 5512 1662 5570 Académie.
