3934 6218
372 348 480 405 645

1212 343 1266 401 S.
1305 337 1679 399 ATHANASll
1717 338 1867 395 OPP.
1908 336 2091 393 PARS
2126 335 2214 392 ΙΙΙ.
2254 365 2324 376 -
2360 331 2769 389 EXEGETICA.

3514 329 3620 389 6H

449 464 623 521 Verba
663 465 861 536 psalmi
910 480 1043 520 xxiii
1088 462 1254 535 (vers.
1297 461 1403 528 20,
1436 461 1592 531 juxta
1635 458 1947 528 antiquam,
1977 463 2023 517 Α
2050 454 2178 510 item
2212 461 2343 509 sunt
2376 452 2629 509 caelestes
2659 453 2908 507 virtutes.
2940 450 3077 506 Nam
3112 451 3319 523 inquit:
3355 451 3620 509 Dominus

373 572 536 629 quam
565 547 787 612 secutus
815 569 967 621 sum,
1005 549 1385 621 divisionem):
1428 568 1448 601 ί
1469 546 1715 602 Attollite
1738 554 1945 616 portas,

374 649 668 720 principes,
699 653 944 703 vestras:
968 664 987 696 ι
1019 646 1075 700 in
1109 644 1248 698 libro
1268 642 1344 696 De
1378 639 1755 695 Incarnatione
1796 633 1949 689 Verbi

372 742 475 798 Dei
500 742 562 812 (t.
603 741 658 807 Ι,
702 755 756 810 p.
797 739 910 806 55),
943 736 1002 791 S.
1030 735 1362 791 Athanasius
1392 735 1776 802 interpretatur
1805 728 1950 783 dicta

375 835 547 892 fuisse
572 835 639 890 de
658 833 832 888 reditu
849 830 1054 886 Christi
1078 830 1131 883 in
1154 828 1351 884 caelum
1370 826 1456 881 his
1473 822 1684 879 verbis:
1711 840 1729 872 ι
1748 820 1951 887 Quem-

375 928 666 985 admodum
698 942 796 997 pro
845 924 1099 980 omnibus
1134 937 1333 992 corpus
1377 918 1538 975 morti
1581 915 1831 980 tradidit,
1870 913 1951 969 sic

374 1021 538 1076 etiam
580 1034 674 1090 per
706 1017 846 1072 idem
883 1013 1017 1070 illud
1052 1015 1154 1070 iter
1188 1015 1243 1070 in
1272 1012 1468 1070 coelum
1504 1009 1737 1081 aperuit.
1764 1026 1784 1060 ι
1815 1006 1946 1060 —ln

373 1123 564 1169 nostro
588 1122 767 1168 autem
798 1110 1193 1167 commentario
1236 1108 1303 1163 ad
1333 1106 1583 1163 eumdem
1617 1101 1947 1158 versiculum

373 1200 446 1257 20
470 1210 525 1256 et
553 1210 844 1271 sequentes
882 1184 1020 1271 psal.
1066 1215 1201 1254 xxiii
1239 1198 1353 1253 haec
1402 1196 1732 1251 adnotantur
1766 1210 1780 1246 :
1827 1210 1844 1242 ε
1871 1189 1949 1245 De

375 1293 548 1364 ipsius
576 1294 750 1349 reditu
774 1294 902 1365 (hoc
932 1302 1016 1349 est
1038 1292 1261 1363 Christi)
1310 1290 1580 1360 loquitur,
1628 1300 1790 1359 quem
1821 1283 1948 1339 fecit

371 1374 429 1440 in
459 1386 647 1442 caelos.
687 1405 706 1437 ι

441 1476 500 1533 In
533 1479 724 1534 eodem
778 1478 919 1532 libro
970 1476 1048 1532 De
1096 1475 1474 1531 Incarnatione
1524 1473 1601 1543 (p.
1644 1470 1736 1544 26)
1780 1469 1947 1525 verba

372 1572 569 1643 psalmi
597 1587 707 1639 ενι,
739 1587 885 1627 vers.
914 1571 982 1626 59
1008 1612 1024 1638 ,
1060 1590 1078 1622 ι
1103 1568 1251 1625 Misit
1270 1568 1510 1624 Verbum
1545 1581 1703 1622 suum
1723 1605 1740 1632 ,
1766 1574 1823 1619 et
1855 1580 1946 1620 sa-

374 1663 526 1718 navit
547 1678 662 1730 eos,
685 1682 704 1716 »
732 1672 785 1719 et
805 1664 942 1734 psal.
968 1679 1134 1728 cxvu,
1157 1678 1298 1717 vers.
1324 1661 1413 1723 52,
1446 1680 1465 1712 ι
1490 1659 1634 1715 Deus
1660 1658 1941 1721 Dominus,

370 1763 429 1809 et
457 1754 634 1809 illuxit
656 1755 835 1819 nobis,
865 1774 884 1807 ι
918 1755 1154 1826 explicat
1184 1755 1251 1810 de
1292 1754 1526 1808 adventu
1558 1750 1724 1807 Verbi
1754 1751 1850 1806 Dei
1887 1750 1944 1804 in

375 1848 638 1902 mundum
664 1848 719 1901 in
750 1849 896 1902 hunc
923 1848 1176 1903 modum:
1212 1867 1230 1898 ι
1249 1845 1542 1918 Negligunt
1561 1845 1745 1901 videre
1766 1843 1949 1898 Domi-

374 1955 540 2005 num,
573 1956 733 2011 quem
779 1939 1079 2011 Scriptum
1114 1941 1483 2011 praedixerunt
1519 1938 1639 1994 orbi
1677 1946 1947 1994 terrarum

373 2031 645 2098 illuxisse,
672 2040 726 2086 et
748 2049 972 2103 corpore
996 2033 1247 2088 indutum
1279 2031 1618 2102 apparuisse.
1643 2050 1662 2081 ι
1688 2029 1766 2085 lta
1783 2030 1948 2084 etiam

376 2123 433 2178 in
461 2122 715 2180 Oratione
742 2127 969 2180 secunda
1012 2136 1197 2180 contra
1236 2126 1465 2179 Artanos
1492 2167 1506 2191 ,
1554 2140 1678 2195 pag.
1724 2123 1849 2179 595.
1879 2152 1951 2164 —

265 2213 277 2226 '
376 2216 434 2271 in
460 2227 649 2274 nostro
686 2229 867 2275 autem
898 2221 1292 2277 commentario
1328 2220 1395 2274 ad
1439 2234 1658 2274 versum
1698 2217 1948 2272 eumdem

379 2306 449 2361 59
477 2310 616 2378 psal.
650 2326 734 2365 CVI
767 2311 883 2366 haec
924 2312 1182 2383 leguntur
1215 2330 1227 2365 :
1279 2331 1297 2363 ι
1326 2309 1474 2365 Misit
1513 2308 1682 2364 Deum
1714 2309 1949 2364 Verbum

377 2397 567 2466 Pater,
601 2411 657 2457 et
684 2406 948 2460 transﬁxo
972 2405 1091 2476 ejus
1111 2405 1279 2460 latere
1308 2420 1408 2458 nos
1434 2418 1625 2458 omnes
1655 2402 1831 2458 sanati
1858 2417 1953 2457 su-

377 2507 531 2555 mus,
554 2512 572 2544 ι
604 2501 659 2548 et
684 2495 752 2548 ad
782 2511 926 2551 vers.
954 2497 1022 2551 52
1048 2496 1242 2565 psalmi
1260 2511 1427 2556 cxvn,
1455 2512 1473 2545 ‹
1497 2492 1949 2563 Quandoquidem

376 2599 500 2639 cum
535 2584 679 2640 Deus
701 2597 847 2643 esset
873 2586 1034 2644 Jesus
1060 2587 1325 2642 Dominus
1352 2588 1604 2657 apparuit
1632 2587 1687 2640 in
1716 2594 1881 2641 terra.
1926 2604 1945 2637 ι

446 2679 526 2733 Ad
554 2681 717 2735 verba
745 2681 834 2735 illa
863 2680 1058 2751 psalmi
1088 2696 1216 2735 uiti
1240 2722 1256 2748 ,
1287 2695 1430 2734 vers.
1470 2680 1522 2744 1,
1563 2699 1581 2731 ε
1606 2678 1768 2747 Deus,
1800 2679 1950 2749 judi-

375 2770 520 2828 cium
544 2780 694 2826 tuum
710 2774 823 2843 regi
841 2773 909 2827 da
946 2792 958 2828 :
985 2792 1110 2826 ι-‹
1135 2772 1470 2843 Supplicant,
1492 2775 1587 2838 ait,
1611 2782 1671 2829 ut
1681 2773 1950 2842 judicium

376 2865 569 2916 mortis
589 2874 777 2918 contra
807 2879 906 2919 nos
936 2866 1206 2934 prolatum
1245 2864 1384 2920 Filio
1422 2866 1601 2920 detur.
1625 2884 1645 2918 ›
1695 2864 1756 2919 In
1790 2874 1948 2922 tract.

376 2958 436 3015 in
468 2956 636 3014 illud:
676 2978 694 3011 ι
719 2959 917 3014 Omnia
944 2961 1075 3014 mihi
1106 2960 1302 3015 tradita
1334 2969 1492 3025 sunt,
1517 2979 1536 3012 ι
1572 2976 1630 3032 p.
1672 2961 1762 3017 85.
1795 2990 1868 3009 -ι-
1890 2963 1951 3018 In

376 3055 773 3109 commentario
815 3055 881 3109 ad
918 3054 1083 3109 verba
1112 3054 1357 3125 ejusdem
1393 3054 1592 3125 psalmi
1633 3056 1748 3112 haec
1779 3056 1951 3127 subji-

377 3145 629 3199 ciuntur:
665 3163 685 3197 ι
708 3143 845 3199 Filio
872 3153 988 3199 tuo.
1014 3162 1033 3196 ι

448 3233 505 3288 1η
552 3234 795 3305 Epistula
844 3235 907 3290 de
952 3235 1173 3290 decretis
1228 3234 1467 3290 Nicamw
1500 3236 1715 3305 synodi,
1759 3246 1949 3292 contra

377 3326 611 3383 Arianos
646 3328 807 3383 verba
845 3327 1056 3383 faciens
1096 3346 1155 3382 ει
1180 3327 1402 3395 Verum,
1439 3329 1636 3399 inquit,
1672 3328 1808 3385 falsa
1837 3330 1954 3387 haec

378 3425 527 3480 sunt,
558 3433 680 3487 qua:
702 3418 1094 3488 propugnatis:
1129 3418 1399 3488 siquidem
1432 3419 1547 3489 ipse
1584 3421 1711 3476 fecit
1742 3410 1864 3487 nus,
1897 3430 1952 3476 et

378 3522 487 3561 non
516 3507 616 3577 ipsi
644 3523 764 3564 nos.
796 3511 920 3578 ipse
947 3518 1052 3573 est,
1082 3509 1172 3579 qui
1200 3525 1296 3579 per
1315 3525 1475 3565 suum
1505 3510 1743 3566 Verbum
1766 3514 1951 3569 omnia

377 3609 432 3654 et
459 3615 620 3669 parva
646 3641 661 3663 ,
691 3610 746 3655 et
780 3616 974 3671 magna
1018 3601 1165 3658 fecit.
1196 3621 1215 3654 ι
1248 3633 1318 3645 ——
1347 3601 1406 3656 In
1452 3612 1642 3659 nostro
1672 3597 1953 3660 commen-

378 3695 517 3748 tario
542 3694 606 3748 ad
644 3693 832 3749 eadem
861 3694 1020 3748 verba
1053 3695 1246 3765 psalmi
1280 3712 1404 3751 XCIX
1441 3697 1755 3767 hujusmodi
1785 3712 1952 3768 appo—

377 3785 528 3840 nitur
553 3785 828 3840 adnotatio
861 3804 873 3839 :
916 3805 935 3838 ι
958 3785 1076 3856 lpse
1117 3802 1218 3843 nos
1256 3787 1414 3856 fecit,
1445 3798 1500 3843 et
1543 3805 1653 3844 non
1692 3806 1756 3847 ex
1793 3793 1952 3849 nobis

379 3892 589 3943 sumus,
622 3885 682 3931 ut
706 3877 871 3948 aliqui
899 3878 1107 3933 dicunt.
1130 3899 1149 3930 ι

448 3965 624 4022 Verba
647 3968 840 4038 psalmi
872 3985 932 4029 ιι.
966 3985 1109 4025 vers.
1145 3972 1233 4038 15,
1265 3990 1283 4023 ‹
1306 3971 1422 4044 Ego
1458 3973 1618 4030 hodie
1646 3978 1807 4047 genui
1831 3988 1903 4041 te,
1925 3998 1944 4031 ι

375 4066 431 4115 et
462 4058 550 4113 illa
570 4059 677 4114 alia
700 4061 891 4130 psalmi
921 4077 1012 4117 crx
1033 4104 1049 4128 ,
1070 4077 1215 4118 vers.
1244 4063 1299 4128 7,
1349 4084 1367 4114 ι
1397 4064 1473 4118 Ex
1507 4075 1663 4122 utero
1696 4078 1822 4124 ante
1845 4068 1953 4124 Lu-

377 4147 605 4204 ciferum
659 4151 820 4221 genui
865 4162 990 4215 te,»
1030 4153 1098 4208 de
1149 4162 1352 4209 aeterna
1393 4154 1554 4211 Verbi
1606 4161 1952 4229 generatione

377 4250 567 4295 contra
604 4240 840 4297 Arianos
869 4244 1105 4310 explicat
1139 4245 1192 4298 in
1233 4246 1335 4315 Ep.
1386 4247 1449 4302 de
1480 4250 1677 4305 decret.
1716 4251 1952 4308 Nicena:

377 4330 587 4399 synodi,
613 4346 738 4401 pag.
772 4332 910 4397 172;
944 4334 1073 4388 item
1099 4350 1222 4406 pag.
1254 4337 1386 4403 178,
1418 4349 1471 4394 et
1498 4341 1550 4393 in
1593 4340 1696 4410 Ep.
1732 4345 1796 4397 de
1829 4361 1950 4398 sen-

380 4422 541 4476 tentia
565 4421 829 4494 Dionysii,
865 4441 985 4494 paa.
1011 4427 1134 4491 192,
1161 4429 1287 4482 etin
1315 4428 1465 4485 Orat.
1498 4449 1535 4488 ιι
1584 4444 1770 4489 contra
1791 4436 1951 4491 Aria-

379 4529 472 4571 nos
493 4553 507 4579 ,
548 4522 586 4567 ι.
615 4513 658 4567 ll
679 4557 694 4582 ,
724 4531 847 4587 pag.
877 4519 981 4573 415
1005 4560 1020 4585 ,
1047 4528 1102 4573 et
1137 4520 1190 4574 in
1237 4521 1390 4576 Orat.
1426 4540 1479 4577 iv
1519 4535 1704 4581 contra
1730 4514 1947 4594 Arium,

378 4618 501 4674 pag.
562 4605 685 4660 504.
720 4607 875 4661 -Ιιι
931 4613 1325 4666 commentario
1369 4615 1437 4669 ad
1489 4632 1631 4671 vers.
1687 4620 1754 4674 15
1785 4631 1837 4675 et
1881 4622 1948 4675 14

378 4695 620 4764 ejusdem
649 4687 844 4767 psalmi
882 4716 919 4754 ιι
943 4701 1057 4756 haec
1095 4702 1396 4761 habentur:
1439 4727 1457 4758 ‹
1485 4707 1552 4764 Ει
1579 4711 1731 4765 caelis
1760 4714 1949 4770 audire

378 4784 507 4841 fecit
541 4803 724 4843 vocem
771 4807 927 4846 suam
976 4793 1221 4849 clamans
1251 4797 1316 4851 ad
1345 4814 1432 4853 me
1467 4818 1479 4853 :
1512 4819 1530 4851 ι
1567 4800 1646 4856 Τιι
1678 4818 1737 4858 es
1778 4804 1949 4862 Filius

383 4897 402 4928 ‹
424 4894 577 4934 meus
591 4880 848 4946 dilectus;
875 4901 894 4934 ι
914 4891 970 4936 et
990 4884 1055 4936 ad
1072 4896 1387 4954 sequentem
1402 4904 1548 4946 vers.
1567 4892 1655 4954 15,
1675 4893 1789 4948 hare
1809 4895 1943 4952 alia:

380 4970 539 5037 «Qua
572 4972 659 5027 die
681 4980 733 5027 te
762 4974 1281 5033 manifestavi.Nam
1317 4991 1442 5035 ante
1478 4984 1675 5038 saecula
1710 4987 1946 5043 abscon-

375 5065 522 5119 ditus
544 5080 668 5120 eras
698 5067 753 5120 in
784 5083 871 5122 me
899 5067 1057 5124 Patre
1096 5080 1190 5125 tuo
1209 5111 1224 5136 ,
1256 5075 1713 5142 quemadmodum
1736 5079 1803 5133 de
1829 5080 1949 5149 ipso

375 5156 637 5226 scriptum
675 5167 793 5214 est:
834 5158 1117 5218 Exsistens
1155 5163 1208 5217 in
1241 5164 1365 5220 sinu
1395 5165 1592 5223 Patris.
1617 5188 1635 5221 ι
1683 5169 1765 5224 Ad
1803 5187 1944 5227 vers.

373 5263 502 5302 vero
525 5248 556 5301 7
580 5250 715 5318 psal.
748 5266 837 5306 uix
861 5252 987 5307 talia
1015 5255 1300 5324 leguntur:
1341 5277 1359 5308 ι
1379 5256 1435 5311 1η
1460 5274 1546 5314 me
1571 5276 1694 5317 eras
1712 5277 1945 5332 semper,

375 5354 442 5394 ex
473 5358 583 5409 quo
607 5345 747 5413 coepi
777 5359 964 5400 creare
998 5347 1182 5401 omnia
1219 5363 1316 5416 per
1351 5360 1430 5414 te,
1476 5350 1820 5408 manifestavi
1866 5365 1944 5420 te,

376 5435 517 5502 quod
549 5437 834 5501 habebam,
866 5447 921 5494 et
946 5439 1123 5496 habeo
1144 5440 1345 5496 Filium
1371 5445 1425 5497 in
1451 5459 1539 5499 me
1567 5445 1705 5515 ipso.
1733 5466 1751 5499 ι

445 5525 503 5577 In
525 5525 713 5582 eadem
745 5530 972 5599 epistola
992 5575 1008 5598 ,
1044 5540 1084 5586 t.
1122 5531 1173 5597 l,
1208 5548 1330 5605 pag.
1367 5534 1467 5588 177
1487 5575 1502 5600 ,
1533 5537 1724 5592 scribit
1749 5554 1946 5594 nomen

375 5611 590 5668 virtutis
618 5614 845 5673 diversis
878 5620 1040 5677 rebus
1075 5622 1276 5693 tribui,
1318 5624 1514 5682 deinde
1552 5626 1730 5684 addit:
1773 5649 1790 5682 ι
1817 5629 1949 5685 Aliae

444 5742 487 5775 “
532 5739 690 5799 Joan.
724 5763 857 5817 xvii,
882 5753 936 5808 6.

2049 549 2308 603 virtutum
2330 546 2636 602 nobiscum.
2669 564 2688 597 ι
2709 544 2853 601 Psal.
2875 560 3000 611 XLV,
3023 560 3167 601 vers.
3194 546 3361 600 15.-
3379 545 3435 600 lu
3469 560 3624 601 com-

2049 640 2317 695 mentario
2361 644 2428 693 ad
2461 638 2712 693 eumdem
2742 637 2934 708 psalmi
2967 637 3296 694 versiculum
3328 656 3342 692 :
3383 655 3402 688 ι
3430 637 3621 692 Domi-

2049 747 2182 798 nus,
2229 733 2338 799 ail,
2393 731 2573 787 omnis
2622 730 3027 802 supercmlestis
3084 730 3297 785 militia:
3330 729 3619 785 nobiscum

2048 833 2151 881 est.
2177 843 2197 877 ι

2118 918 2180 973 In
2207 916 2449 989 Epistola
2470 917 2533 970 de
2556 915 2813 970 sententia
2841 914 3119 985 Dionysii,
3148 928 3203 984 p.
3229 913 3331 968 197
3355 955 3371 980 ,
3398 913 3615 971 scribit:

2055 1031 2074 1064 ‹
2094 1010 2208 1068 Nos
2228 1011 2372 1066 enim
2400 1019 2665 1082 quantum
2696 1010 2761 1065 ad
2794 1024 2994 1079 corpus
3020 1006 3262 1078 ejusdem
3281 1007 3495 1076 generis
3525 1022 3618 1061 su-

2049 1118 2173 1158 mus
2197 1118 2260 1157 ac
2288 1101 2571 1168 Dominus,
2601 1112 2882 1171 propterea
2910 1099 3028 1169 ipse
3053 1096 3220 1151 dixit:
3248 1093 3493 1150 Narrabo
3516 1111 3618 1150 no-

2050 1210 2172 1250 men
2204 1203 2356 1248 tuum
2376 1192 2634 1249 fratribus
2659 1192 2850 1248 meisu
2874 1189 3076 1246 Psalm.
3110 1204 3224 1255 xxi,
3254 1202 3398 1242 vers.
3429 1187 3518 1242 45.
3552 1214 3621 1228 -

2048 1288 2107 1341 ln
2153 1286 2547 1342 commentario
2585 1285 2772 1341 eadem
2809 1283 3004 1354 psalmi
3044 1281 3208 1336 verba
3247 1280 3323 1334 ita
3365 1279 3616 1349 exponit:

2054 1397 2074 1430 ‹
2108 1378 2340 1450 Populo,
2378 1379 2578 1449 inquit,
2626 1377 2862 1433 narrabo
2905 1390 3100 1430 nomen
3139 1384 3327 1429 tuum:
3359 1372 3620 1442 quemad-

2048 1471 2266 1526 modum
2289 1470 2427 1525 dixit
2449 1471 2502 1525 in
2528 1469 2852 1541 Evangelio:
2877 1466 3216 1523 Manifestavi
3237 1480 3437 1521 nomen
3468 1474 3618 1519 tuum

2048 1563 2441 1619 hominibus“.
2468 1582 2489 1616 ι

2117 1658 2175 1712 ln
2213 1655 2467 1712 Oratione
2486 1657 2661 1728 prima
2688 1667 2869 1709 contra
2890 1656 2930 1708 Α
2942 1655 3140 1720 rianos,
3164 1663 3206 1711 t.
3235 1653 3302 1720 ll,
3337 1668 3461 1724 pag.
3493 1650 3618 1717 528,

2049 1749 2114 1803 ad
2147 1747 2485 1819 probandam
2526 1746 2884 1803 aeternitatem
2929 1744 3053 1800 Filii
3088 1761 3213 1801 cum
3255 1744 3417 1799 Patre
3450 1743 3621 1798 utitur

2049 1845 2230 1900 verbis
2263 1843 2459 1914 psalmi
2497 1859 2646 1898 xxxv
2687 1841 2941 1898 versiculi
2981 1842 3087 1908 20,
3143 1860 3161 1893 ι
3187 1840 3245 1894 ln
3287 1839 3494 1894 lumine
3527 1848 3621 1893 tuo

2054 1937 2596 2003 Videbimus'lumen;
2622 1954 2641 1989 ι
2669 1944 2724 1990 et
2742 1935 2937 2005 psalmi
2967 1948 3167 1989 Lxxxix
3192 1933 3389 1988 versic.
3414 1931 3501 1994 l7,
3529 1949 3548 1982 ‹
3568 1939 3622 1985 et

2049 2029 2122 2084 sit
2165 2028 2422 2099 splendor
2458 2028 2673 2083 Domini
2715 2043 2878 2097 super
2919 2042 3052 2093 nos;
3080 2047 3099 2079 ι
3138 2035 3190 2081 et
3228 2026 3420 2095 psalmi
3463 2040 3621 2080 cxuv

2051 2120 2308 2175 versiculi
2328 2119 2420 2182 20,
2442 2139 2461 2172 ι
2487 2118 2734 2190 Regnum
2750 2128 2904 2174 tuum
2927 2135 3153 2189 regnum
3172 2119 3416 2174 omnium
3449 2134 3621 2175 saecu-

2051 2213 2250 2267 lorum.
2276 2230 2295 2264 ι
2327 2240 2399 2251 ——
2428 2212 2489 2265 In
2514 2211 2908 2273 commentario
2936 2212 3002 2265 ad
3018 2212 3269 2266 eumdem
3294 2212 3619 2267 versiculum

2051 2304 2246 2374 psalmi
2275 2319 2419 2358 xxxv
2449 2303 2738 2372 subjicitur
2762 2313 2837 2356 ιι
2864 2301 2923 2356 In
2958 2302 3078 2372 ipso
3108 2303 3248 2357 Filio
3290 2312 3387 2358 tuo
3416 2303 3622 2358 videbi-

2052 2412 2175 2453 mus
2194 2397 2371 2451 lucem
2391 2414 2439 2450 τι
2471 2396 2539 2451 ad
2557 2411 2610 2450 v.
2642 2396 2705 2448 17
2725 2395 2859 2465 psal.
2883 2410 3108 2463 Lxxigix,
3141 2395 3355 2451 «Gratia
3378 2397 3614 2466 ipsiusp

2051 2492 2121 2547 ad
2150 2505 2203 2543 v.
2237 2488 2307 2542 20
2351 2489 2490 2559 psal.
2538 2503 2732 2555 cxuv,
2776 2485 3065 2558 «Regnum
3109 2488 3499 2565 sempiternum
3522 2528 3538 2553 ,
3569 2495 3623 2541 et

2050 2583 2350 2638 dominatio
2382 2592 2473 2636 tua
2503 2596 2667 2650 super
2707 2579 2990 2635 credentes
3020 2580 3189 2636 verbo
3227 2578 3542 2652 Evangelii,
3569 2586 3623 2634 et

2052 2689 2215 2744 super
2242 2689 2350 2729 non
2379 2674 2682 2730 credentes.
2703 2690 2722 2723 ι
3110 2660 3139 2743 7

2119 2767 2178 2821 In
2206 2768 2393 2824 eadem
2425 2768 2672 2822 oratione
2696 2767 2874 2837 prima
2902 2766 2968 2820 ad
2996 2765 3329 2836 probandam
3364 2763 3620 2819 immuta-

2052 2861 2315 2916 bilitatem
2346 2858 2508 2916 Verbi
2543 2858 2701 2914 aﬂ'ert
2749 2859 3084 2913 Athanasius
3131 2873 3254 2927 quae
3289 2857 3548 2912 dicuntur
3589 2871 3621 2910 a

2052 2963 2242 3008 sancto
2270 2952 2473 3008 Davide
2505 2951 2559 3005 in
2601 2950 2810 3021 psalmo
2844 2966 2931 3018 Cl,
2957 2966 3097 3006 vers.
3140 2950 3241 3018 48,
3288 2968 3307 3001 α
3331 2934 3491 3006 Initio
3529 2959 3620 3017 tu,

2052 3047 2314 3113 Domine,
2337 3066 2357 3099 ι
2391 3053 2523 3113 etc.,
2549 3054 2603 3100 et
2636 3059 2781 3101 vers.
2814 3045 2917 3111 55,
2962 3063 2981 3097 ι
3005 3044 3087 3100 Τιι
3118 3053 3300 3100 autem
3329 3044 3471 3100 idem
3510 3044 3622 3115 ipse

2005 3174 2018 3194 .
2051 3155 2141 3205 es,
2168 3147 2225 3195 et
2250 3139 2378 3194 anni
2428 3139 2508 3194 tui
2542 3153 2653 3193 non
2690 3137 2958 3193 deﬁcient.
2981 3157 3001 3190 ι
3036 3169 3105 3181 -
3134 3138 3192 3192 ln
3227 3137 3621 3193 commentario

2054 3232 2120 3286 ad
2153 3232 2316 3287 verba
2346 3232 2438 3286 illa
2466 3246 2610 3287 vers.
2644 3231 2714 3286 55
2741 3230 2859 3287 ιιωο
2889 3232 3250 3287 adnotantur:
3290 3249 3310 3281 ι
3330 3227 3410 3284 Tu
3441 3238 3620 3284 autem

2020 3335 2107 3385 .et
2157 3323 2332 3380 lactus
2389 3324 2555 3378 homo
2608 3322 2753 3378 idem
2801 3338 2862 3379 es
2921 3324 3100 3393 qualis
3162 3337 3322 3389 eras,
3376 3329 3432 3376 et
3483 3321 3622 3377 sicut

2052 3418 2265 3473 dierum
2307 3417 2633 3489 principium
2684 3432 2795 3474 non
2839 3418 3038 3483 babes,
3078 3417 3153 3471 ita
3196 3430 3372 3486 neque
3404 3415 3528 3470 vita:
3562 3413 3623 3468 li-

2052 3524 2196 3564 nem.
2222 3529 2243 3564 ι

2122 3603 2182 3654 lu
2234 3601 2422 3656 eadem
2478 3600 2681 3670 pariter
2712 3601 2957 3656 oratione
2996 3601 3173 3656 allatis
3212 3600 3396 3656 verbis
3428 3601 3622 3671 psalmi

2051 3708 2315 3758 Lxxxvm,
2339 3708 2479 3748 vers.
2505 3692 2593 3755 52,
2619 3693 2709 3754 55,
2749 3711 2768 3743 ‹
2789 3701 2840 3746 et
2870 3693 2924 3745 in
2949 3692 3161 3761 justitia
3185 3700 3278 3746 tua
3306 3691 3623 3747 exaltabun-

2052 3795 2159 3852 tur,
2187 3786 2444 3856 quoniam
2468 3785 2639 3855 gloria
2659 3784 2874 3839 virtutis
2897 3799 3086 3838 eorum
3111 3793 3168 3838 tu
3190 3800 3271 3852 es,
3296 3805 3316 3836 ι
3347 3784 3475 3839 talia
3497 3784 3625 3840 sub-

2044 3877 2167 3946 jicit
2196 3896 2210 3932 :
2238 3897 2256 3930 ι
2286 3876 2345 3932 Si
2395 3892 2560 3947 porro
2590 3877 2762 3933 Filius
2789 3878 3004 3947 justitia
3045 3886 3163 3945 est,
3223 3893 3331 3931 non
3370 3892 3502 3948 ergo
3537 3878 3622 3931 ille

2052 3969 2384 4025 exaltatione
2416 3984 2555 4039 opus
2578 3968 2776 4034 habet;
2804 3969 2899 4023 sed
2946 3982 3046 4023 nos
3077 3983 3301 4032 sumus,
3335 3969 3428 4037 qui
3458 3968 3514 4021 in
3535 3968 3623 4038 ju—
3710 3983 3717 3991 ·

2053 4059 2200 4114 stitia
2229 4058 2552 4120 exaltamur,
2583 4074 2702 4129 quae
2716 4074 2909 4128 nempe
2933 4059 3048 4128 ipse
3062 4068 3165 4113 est.
3195 4078 3214 4110 ι
3242 4056 3373 4129 Pag.
3402 4057 3528 4111 552.
3555 4087 3623 4099 -

2051 4147 2110 4202 In
2141 4149 2536 4203 commentario
2570 4148 2872 4203 versiculus
2914 4148 3004 4202 ille
3039 4150 3107 4202 52
3142 4140 3387 4218 ejusdem
3428 4146 3622 4218 psalmi

2053 4243 2127 4296 ita
2150 4241 2440 4311 exponitur
2463 4258 2476 4294 :
2515 4259 2533 4290 ι
2556 4238 2623 4294 Ει
2646 4241 2700 4293 in
2727 4239 2865 4295 Filio
2899 4250 2991 4294 tuo
3019 4239 3493 4311 gloriﬁcabuntnr;
3517 4257 3537 4292 ι
3570 4246 3625 4294 et.

2053 4333 2390 4404 subsequens
2407 4333 2708 4387 versiculus
2725 4333 2816 4400 55,
2844 4352 2861 4385 ι
2887 4331 3156 4399 Quoniam
3176 4333 3230 4386 in
3254 4341 3303 4387 te
3323 4331 3625 4403 gloriantur

2052 4433 2107 4479 et
2136 4426 2580 4481 corroborantur.
2615 4444 2633 4477 ι

1981 4513 2027 4569 D
2124 4515 2184 4569 In
2205 4515 2389 4569 eadem
2417 4515 2667 4570 similiter
2691 4512 2941 4570 Oratione
2970 4516 3140 4583 prima
3170 4524 3354 4568 contra
3372 4517 3621 4581 Arianos,

2049 4624 2171 4678 pag.
2202 4608 2351 4663 555:
2405 4627 2425 4659 ι
2463 4608 2616 4674 Hzec,
2658 4608 2856 4685 inquit,
2901 4609 3068 4662 verba
3115 4608 3281 4663 sacri.
3323 4611 3565 4663 cantoris
3605 4626 3619 4638 ο

2056 4716 2074 4749 ι
2109 4699 2274 4753 Sedes
2310 4707 2423 4757 tua.
2474 4698 2637 4765 Deus,
2687 4699 2741 4753 in
2776 4698 3033 4753 szeculum
3069 4700 3252 4753 saeculi
3306 4700 3525 4770 (versic.
3558 4699 3622 4755 15

2054 4809 2073 4841 ί
2107 4790 2242 4861 psal.
2269 4791 2438 4862 xLiv).
2479 4789 2637 4862 Virga
2666 4790 2981 4847 directionis
3005 4791 3157 4861 virga
3182 4792 3331 4862 regni
3348 4792 3448 4846 tui.
3480 4790 3621 4846 Dile-

2054 4902 2074 4934 ι
2103 4883 2231 4937 xisti
2266 4883 2555 4953 justitiam,
2607 4891 2662 4937 et
2701 4882 2867 4938 odisti
2916 4881 3282 4953 iniquitatem.
3327 4882 3620 4954 Propterea

2053 4995 2071 5026 ι
2110 4976 2261 5029 unxit
2294 4984 2345 5029 te
2366 4975 2529 5039 Deus,
2566 4974 2708 5030 Deus
2725 4983 2849 5030 tuus
2868 4975 2988 5031 oleo
3016 4976 3211 5031 laetitia:
3224 4993 3336 5047 pra:
3355 4977 3623 5033 consorti-

2054 5087 2073 5118 ι
2103 5069 2204 5121 bus
2237 5068 2365 5122 tuis.
2388 5086 2406 5119 ι
2441 5066 2647 5122 Deinde
2681 5068 2754 5121 ita
2783 5069 3133 5138 prosequitur
3165 5088 3181 5124 :
3215 5089 3234 5121 ι
3255 5070 3550 5134 Attendite,
3585 5084 3617 5124 ο

2046 5158 2271 5222 Ariani,
2299 5158 2603 5228 saltemque
2630 5175 2697 5214 ex
2726 5160 2830 5214 hoc
2850 5159 2970 5216 loco
2999 5162 3278 5230 agnoscite
3310 5165 3612 5220 veritatem.

2046 5246 2340 5301 Consortes
2380 5247 2598 5301 Domini
2644 5263 2746 5303 nos
2787 5263 2977 5304 omnes
3027 5249 3312 5306 Psalmista
3362 5251 3612 5323 appellat.

2047 5338 2202 5405 Quod
2228 5339 2273 5393 si
2296 5355 2362 5393 ex
2387 5339 2560 5393 nihilo
2586 5348 2641 5393 et
2665 5355 2768 5394 una
2794 5356 2824 5396 e
2851 5342 3012 5397 rebus
3041 5341 3200 5397 factis
3228 5353 3375 5398 esset
3412 5343 3615 5411 Filius,

2047 5435 2163 5503 ipse
2192 5447 2411 5502 quoque
2443 5435 2584 5489 inter
2605 5445 2891 5492 consortes
2925 5446 3327 5507 numueraretur.
3357 5437 3494 5493 Cum
3517 5454 3614 5493 au~

2049 5537 2153 5583 tem
2178 5528 2330 5582 illum
2360 5527 2529 5583 Deum
2552 5540 2813 5586 aeternum
2830 5530 2915 5585 his
2942 5530 3122 5584 verbis
3144 5531 3406 5586 cecinerit
3458 5552 3473 5587 :
3514 5523 3620 5588 Re:

2047 5636 2212 5692 gnum
2253 5630 2408 5677 tuum
2458 5620 2809 5717 Deus,i'etc.
2843 5653 2915 5665 ——
2940 5624 2999 5679 lu
3045 5628 3443 5682 commentario
3477 5627 3617 5698 ejus.-
