3934 6218
361 358 461 414 625

983 354 1068 410 DE
1100 353 1373 409 TlTULlS
1412 353 1854 410 PSALMURUM.
1901 385 1969 393 —-
2007 354 2097 408 AN
2114 354 2394 409 l‘ONELLl
2439 355 2829 413 PlhEFATlO.

3487 359 3593 414 646

359 473 476 528 dem
505 471 697 540 psalmi
728 485 849 524 thv
883 469 1194 539 hujusmodi
1222 469 1398 524 brevis
1431 459 1700 538 expositio
1727 476 1914 523 contra
1948 473 1985 529 Α
2021 467 2187 524 fuisse
2219 471 2286 526 iis
2317 486 2437 541 quae
2466 472 2518 526 in
2560 471 2715 526 Orat.
2751 488 2804 525 tv
2833 481 3019 524 contra
3044 471 3271 525 Arianos
3302 473 3592 538 dicuntur,

357 562 668 617 earumdem
691 560 1015 616 Arianorum
1043 562 1366 615 sententiam
1411 563 1731 616 ascribitur:
1775 584 1793 614 ‹
1819 563 1923 616 Re-

360 669 519 724 gnum
568 663 722 706 tuum
775 653 1162 721 sempiternum
1199 652 1288 717 (ad
1337 667 1477 707 vers.
1533 653 1641 719 16).
1678 652 1923 707 Potestas

359 756 552 802 aeterna
584 763 805 818 regnum
840 756 991 800 tuum
1035 748 1122 814 (ad
1155 747 1350 802 versic.
1380 746 1490 815 l'l).
1522 746 1766 800 Dilexisti
1795 761 1925 801 san-

358 848 470 893 ctos
503 848 655 904 tuos,
679 848 733 892 et
759 838 919 893 odisti
957 839 1262 892 inventores
1285 838 1618 907 iniquitatis,
1646 839 1922 892 diabolum

361 950 547 1004 nempe
571 943 625 989 et
647 935 869 1005 angelos
900 933 1018 1003 ejus
1045 933 1133 1000 (ad
1160 950 1301 987 vers.
1332 933 1431 1000 18,
1465 934 1575 1004 l9).
1629 934 1921 1004 Pr0pterea

359 1030 687 1087 renuntiavit
719 1039 767 1084 te
796 1028 955 1083 Pater
994 1044 1088 1098 per
1117 1026 1377 1096 Spiritum
1419 1037 1666 1081 sanctum
1693 1071 1707 1094 ,
1741 1044 1920 1098 regem

353 1124 461 1195 jam
498 1122 889 1176 exsistcntem:
931 1118 1370 1188 quandoquidem
1411 1134 1626 1187 semper
1664 1118 1920 1172 exstitisti

359 1229 447 1270 rex
480 1227 644 1282 supra
676 1227 769 1266 eos
793 1209 885 1280 qui
923 1209 1210 1278 participes
1243 1206 1460 1260 fuerunt
1491 1207 1675 1277 gratim
1705 1218 1829 1262 tuae.
1852 1229 1870 1259 ι

423 1306 481 1361 In
516 1305 768 1360 Oratione
790 1311 979 1374 quarta
1004 1299 1236 1353 Arianos
1276 1309 1479 1352 temere
1521 1307 1825 1352 asserentes
1867 1299 1921 1352 in

362 1397 536 1453 Veteri
555 1395 901 1450 Testamento
923 1393 1122 1446 nullam
1149 1391 1289 1456 Filii,
1314 1391 1406 1444 sed
1433 1390 1602 1444 solius
1626 1389 1786 1444 Verbi
1806 1389 1923 1444 fieri

358 1490 683 1544 mentionem
712 1484 907 1539 refellit
932 1484 1014 1538 his
1042 1484 1246 1538 verbis;
1279 1501 1297 1532 ι
1323 1481 1427 1537 Sed
1457 1483 1616 1535 etiam
1653 1497 1838 1536 revera
1869 1482 1922 1536 in

357 1579 535 1634 Veteri
568 1577 912 1631 Testamento
939 1573 1105 1627 multa
1139 1573 1204 1628 de
1237 1572 1374 1626 Filio
1403 1581 1733 1638 occurrunt,
1775 1581 1831 1626 ut
1869 1573 1924 1627 itt

353 1672 565 1742 psalmo
593 1668 866 1724 secundo:
905 1684 1026 1718 i—r
1046 1663 1217 1718 Filius
1251 1679 1403 1719 meus
1432 1679 1492 1718 es
1526 1674 1618 1718 tu:
1647 1678 1748 1732 ego
1763 1647 1926 1720 hodie

361 1783 378 1814 ι
400 1762 564 1832 genui
599 1770 668 1816 te.
693 1779 710 1812 ι
735 1759 798 1813 Ει
827 1761 881 1812 in
907 1773 1052 1812 nono
1085 1757 1346 1826 inscripto
1368 1781 1379 1810 :
1407 1775 1424 1807 ι
1449 1753 1504 1809 In
1533 1757 1694 1810 linem
1719 1771 1816 1825 pro
1837 1771 1925 1810 oc-

358 1873 378 1906 ι
405 1853 569 1909 cultis
605 1851 755 1913 Filii,
785 1849 1034 1904 Psaltnus
1070 1847 1256 1902 David.
1287 1867 1303 1898 ι
1323 1846 1389 1900 Et
1417 1847 1470 1900 in
1503 1846 1922 1918 quadragesimo

353 1957 577 2017 quarto:
608 1964 626 1996 ‹
651 1944 704 1999 In
730 1944 889 1998 linem
919 1957 1016 2012 pro
1060 1941 1127 1995 iis
1147 1941 1239 2008 qui
1265 1940 1764 2002 commutabantur,
1795 1937 1920 1992 ﬁliis

357 2057 376 2089 σ
399 2039 560 2101 Core,
587 2037 654 2091 ad
673 2035 1024 2098 intellectum,
1053 2033 1324 2086 canticum
1353 2046 1449 2100 pro
1474 2030 1691 2093 dilecto,
1720 2048 1737 2079 ι
1759 2037 1916 2083 etc...

351 2129 480 2197 Quis
499 2138 682 2182 autem
707 2127 936 2180 dilectus
956 2133 1036 2178 est
1066 2131 1254 2192 printer
1284 2120 1474 2174 Filium
1500 2118 1870 2190 Unigcnitum,
1893 2135 1912 2168 ι

349 2231 451 2276 etc.
483 2250 558 2261 —
588 2219 644 2272 ln
688 2215 1111 2277 commentario,
1167 2229 1288 2283 quae
1338 2213 1604 2268 habentur
1651 2211 1720 2265 ad
1755 2210 1918 2264 verba

352 2315 484 2385 psal.
523 2329 558 2366 ll
594 2326 756 2381 supra
785 2309 960 2364 attuli.
997 2306 1196 2361 Psaltni
1243 2315 1423 2359 autem
1459 2305 1588 2358 noni
1635 2303 1920 2371 inscriptio

354 2407 424 2462 ita
451 2404 785 2475 explicatur:
823 2419 840 2452 «ι
867 2400 922 2452 ln
950 2398 1245 2453 novissimo
1271 2396 1358 2451 die
1381 2411 1478 2465 pro
1503 2393 1916 2463 incomprehen-

354 2497 604 2552 sibilibus
651 2492 923 2565 mysteriis
971 2489 1092 2542 Filii
1143 2488 1265 2542 Dei.
1293 2507 1312 2538 ι
1365 2486 1740 2556 lnterpretatio
1774 2483 1914 2539 tituli

2025 576 2216 630 nempe
2246 561 2652 632 inscriptionem
2678 563 2750 618 ibi
2787 578 3007 634 quoque
3032 563 3098 618 de
3127 562 3307 620 Verbo
3338 564 3430 620 Dei
3457 566 3595 622 Filio

2022 654 2322 724 expositam
2376 656 2578 723 fuisse,
2622 664 2805 726 aperte
2849 655 3050 711 indicat
3091 657 3382 727 explicatio
3429 659 3597 714 totius

2023 748 2240 817 psalmi,
2267 749 2423 818 cujus
2444 752 2619 820 prima
2643 751 2804 803 verba
2833 759 2992 804 sunt:
3030 769 3047 800 ι
3072 749 3232 805 Pater
3259 751 3390 807 dicit
3417 755 3594 807 mani-

2025 837 2252 895 festasse
2280 839 2476 894 Filium
2507 857 2666 895 suum
2693 840 2862 895 Deum
2894 839 3153 896 Verbum.
3187 862 3204 893 ι

2095 978 2149 1030 In
2191 977 2429 1046 Epistola
2453 979 2625 1046 prima
2646 977 2716 1031 ad
2741 979 3100 1048 Serapionem,
3140 987 3180 1032 t.
3218 981 3284 1047 li,
3312 997 3434 1051 pag.
3467 982 3591 1045 539,

2031 1069 2310 1140 «Spiritus
2363 1070 2576 1126 Domini
2631 1072 2946 1126 universum
3000 1073 3183 1126 orbem
3237 1073 3479 1142 replevit.
3516 1073 3592 1128 lta

2023 1163 2166 1215 enim
2185 1161 2350 1216 David
2375 1163 2601 1216 cecinit:
2635 1183 2652 1214 ι
2677 1165 2795 1230 Quo
2813 1163 2902 1217 ibo
2924 1180 2955 1219 a
2985 1165 3189 1234 Spiritu
3223 1166 3352 1219 tuo?
3378 1187 3394 1217 ι
3416 1165 3594 1236 (Psal—

2024 1267 2115 1306 mo
2140 1270 2400 1318 cxxxvttt,
2436 1271 2578 1310 vers.
2608 1255 2793 1325 ll.)-
2827 1255 2882 1309 In
2920 1258 3314 1310 commentario
3338 1258 3404 1313 ad
3433 1274 3592 1313 eum-

2025 1345 2146 1398 dem
2197 1346 2522 1400 versiculum
2559 1347 2753 1416 psalmi
2798 1363 3076 1411 cxxxvnt,
3106 1366 3124 1397 ‹
3155 1347 3253 1402 Ubi
3289 1349 3433 1402 enim
3468 1350 3594 1404 abs-

2026 1437 2256 1490 condere
2298 1453 2383 1491 me
2415 1453 2636 1507 possum
2681 1455 2710 1493 a
2741 1447 2932 1495 sancto
2966 1449 3058 1494 tuo
3088 1439 3292 1510 Spiritu
3315 1481 3330 1504 ,
3371 1443 3464 1512 qui
3494 1459 3594 1496 no-

2026 1527 2128 1581 scit
2154 1527 2371 1580 omnia?
2388 1545 2406 1576 ι

2095 1668 2152 1722 In
2186 1667 2426 1737 Epistula
2451 1669 2514 1721 de
2546 1668 2758 1738 synodis
2779 1709 2794 1734 ,
2828 1684 2952 1739 pag.
2991 1667 3095 1723 609
3116 1710 3132 1734 ,
3178 1687 3196 1720 ι
3220 1666 3287 1722 Ει
3326 1669 3394 1724 de
3433 1669 3592 1726 Patre

2026 1759 2242 1828 quidem
2289 1759 2550 1827 scriptum
2606 1767 2717 1813 est:
2766 1757 3070 1812 «Dominus
3105 1758 3247 1815 Deus
3281 1769 3405 1814 tuus
3451 1778 3592 1816 unus

2032 1870 2050 1902 ι
2072 1851 2442 1906 Dominusest.
2458 1870 2473 1901 ι
2495 1850 2673 1922 (Deut.
2689 1850 2856 1921 vt,4.)
2880 1871 2896 1902 ι
2922 1851 2996 1905 De
3013 1851 3148 1906 Filio
3171 1861 3353 1906 autem
3372 1871 3384 1906 :
3404 1871 3423 1904 ε
3449 1851 3592 1908 Deus

2033 1962 2050 1995 σ
2077 1943 2340 1998 Dominus
2378 1952 2434 1998 et
2456 1942 2633 1997 illuxit
2663 1943 2818 1997 nobis
2840 1942 3011 2013 (Psal.
3034 1958 3202 2010 cxvn,
3235 1960 3377 1998 vers.
3396 1944 3510 2013 52),
3538 1953 3594 2000 et

2031 2054 2049 2086 ‹
2078 2035 2347 2089 videbitur
2390 2035 2532 2088 Deus
2563 2035 2787 2088 deorum
2838 2035 2891 2088 in
2945 2033 3072 2090 Sion
3113 2036 3287 2104 (Psal.
3351 2055 3589 2103 Lxxxttt,

2025 2143 2167 2181 vers.
2222 2127 2332 2196 14).
2371 2146 2389 2178 ι
2414 2155 2473 2166 -
2510 2125 2566 2178 ln
2618 2127 3011 2182 commentario
3037 2129 3284 2183 similiter
3309 2131 3593 2202 utriusque

2025 2219 2219 2288 psalmi
2255 2219 2413 2272 verba
2448 2217 2514 2272 de
2544 2217 2680 2271 Filio
2708 2220 2780 2272 ita
2806 2228 3152 2288 exponuntur
3183 2219 3355 2288 (Psal.
3391 2222 3588 2291 cxvtt):

2031 2327 2049 2360 ‹
2074 2308 2519 2378 Quandoquidem
2547 2323 2671 2362 cum
2699 2307 2843 2364 Deus
2865 2320 3008 2364 esset
3033 2308 3192 2365 Jesus
3217 2311 3477 2366 Dominus
3497 2327 3592 2382 ap-

2020 2399 2200 2470 paruit
2221 2399 2274 2452 in
2299 2408 2462 2452 terra.
2485 2416 2503 2448 ›
2541 2397 2605 2452 Ει
2633 2399 2826 2468 psalm.
2855 2416 3066 2455 Lxxxnt
3089 2420 3102 2454 :
3128 2420 3145 2451 ι
3177 2400 3458 2454 Videbitur
3494 2401 3586 2456 Dei

2022 2485 2194 2541 Filius
2219 2485 2361 2541 Deus
2387 2486 2608 2543 deorum
2639 2527 2654 2554 ,
2681 2488 2774 2558 qui
2811 2488 2945 2544 tales
2980 2490 3152 2560 gratia
3197 2499 3364 2556 sunt,
3404 2492 3457 2545 iu
3489 2492 3588 2546 ad-

2022 2584 2184 2632 ventu
2211 2591 2330 2630 SUO.
2358 2595 2376 2626 ι

352 2588 545 2659 psalmi
575 2601 701 2640 κων
736 2584 888 2639 deest
914 2583 967 2636 in
993 2580 1198 2644 codice,
1227 2580 1318 2634 sed
1349 2595 1468 2634 eam
1491 2586 1913 2634 consentaneam

420 2768 673 2825 Restaret
707 2766 900 2829 modo,
933 2773 994 2818 ut
1024 2760 1510 2826 commentarium,
1547 2775 1643 2816 seu
1678 2759 2068 2829 metaphrasim
2097 2767 2337 2812 nostram
2365 2771 2489 2810 cum
2530 2754 2769 2818 Epistola
2793 2756 2861 2808 ad
2895 2755 3262 2810 Marcellinum
3304 2773 3588 2830 compara-

352 2884 484 2924 rem.
509 2866 648 2935 Quae
673 2865 817 2918 enim
849 2863 904 2916 in
934 2877 997 2917 ea
1018 2863 1210 2916 beatus
1238 2857 1574 2912 Athanasius
1605 2855 1834 2910 afﬁrmat
1865 2871 1896 2909 a
1931 2862 2123 2910 sancto
2149 2853 2420 2922 Propheta
2443 2851 2586 2907 dicta
2615 2851 2784 2908 fuisse
2816 2853 2871 2908 in
2908 2855 3138 2911 Psalmis
3183 2856 3248 2910 de
3292 2855 3589 2913 Salvatoris

351 2959 584 3014 adventu
607 2996 622 3019 ,
656 2964 709 3010 et
742 2955 808 3010 de
836 2954 956 3023 ejus
978 2963 1180 3009 attenta
1206 2955 1552 3024 generatione
1580 2968 1610 3006 a
1637 2951 1830 3020 Patre,
1863 2966 2098 3021 eumque
2127 2949 2306 3004 Patris
2334 2947 2570 3003 Verbum
2604 2965 2723 3004 esse
2743 2990 2757 3015 ,
2784 2959 2838 3005 et
2867 2951 3200 3022 Sapientiam
3233 2952 3284 3025 (§
3328 2955 3420 3024 5);
3469 2971 3590 3026 qua).

349 3056 413 3110 de
432 3052 632 3109 Messia
665 3052 891 3122 ejusque
917 3059 1121 3106 aeterno
1148 3065 1314 3122 regno
1342 3050 1390 3122 (§
1415 3051 1504 3119 6),
1540 3050 1606 3104 de
1636 3047 1947 3103 Iudaeorum
1976 3047 2191 3104 insidiis
2211 3091 2226 3115 ,
2253 3048 2544 3117 pravisque
2567 3048 2810 3102 consiliis
2851 3050 3110 3103 adversus
3142 3051 3391 3104 eumdem
3427 3051 3588 3106 Citri-

347 3156 489 3202 stum
520 3143 847 3210 Dominum,
880 3143 1054 3212 deque
1075 3141 1194 3211 ejus
1229 3143 1584 3198 acerbissima
1617 3140 1872 3210 passione
1900 3138 1954 3208 (§
1984 3139 2036 3210 7)
2063 3160 2074 3194 :
2109 3140 2235 3193 item
2267 3138 2333 3192 de
2371 3137 2604 3208 gloriosa
2633 3139 2874 3208 ejusdem
2912 3139 2964 3192 in
3001 3139 3197 3194 caelum
3236 3141 3588 3206 ascensione,

347 3252 459 3296 tum
490 3241 660 3297 etiam
683 3237 929 3294 sessione
951 3235 1019 3290 ad
1047 3237 1323 3291 dexteram
1360 3235 1554 3303 Patris,
1586 3237 1652 3291 de
1687 3235 1861 3306 poenis
1883 3250 1947 3289 ac
1971 3233 2250 3303 punitione
2279 3230 2481 3285 diaboli
2514 3229 2566 3300 (§
2599 3229 2680 3300 8):
2712 3230 2930 3285 demum
2955 3232 3022 3286 de
3053 3231 3238 3285 futuro
3259 3233 3488 3302 judicio,
3523 3232 3591 3289 de

347 3333 637 3388 vocatione
665 3328 910 3384 omnium
935 3325 1173 3396 gentium
1195 3367 1208 3391 ,
1238 3336 1292 3381 et
1318 3326 1371 3380 in
1392 3326 1497 3381 [ine
1530 3326 1690 3380 etiam
1714 3326 1952 3396 ipsorum
1973 3323 2318 3378 Judaaorum:
2360 3323 2475 3376 haec
2501 3337 2720 3392 quoque
2749 3323 2800 3376 in
2833 3333 3022 3378 nostro
3044 3329 3439 3381 commentario
3465 3345 3587 3383 cum

345 3423 402 3479 in
432 3423 688 3479 eumdem
717 3434 936 3476 sensum
968 3415 1212 3487 exposita
1242 3415 1510 3484 legantur,
1543 3415 1669 3470 inde
1693 3415 1867 3485 magis
1897 3414 2178 3484 magisque
2199 3413 2608 3481 comprobatur,
2635 3413 2886 3468 eumdem
2909 3413 3268 3469 Athanasium
3306 3432 3590 3472 commen-

347 3519 466 3574 tarii
487 3517 701 3581 nostri,
737 3529 832 3570 seu
863 3511 1223 3580 metaphrasis
1245 3518 1522 3563 auctorem
1552 3508 1743 3576 fuisse,
1774 3524 1928 3578 aeque
1959 3525 2024 3563 ac
2050 3507 2304 3578 Epistola:
2331 3507 2399 3560 ad
2422 3506 2825 3572 Marcellinum,
2857 3525 3020 3578 quam
3053 3511 3111 3565 S.
3151 3512 3436 3568 Athanasii
3469 3529 3592 3570 esse

345 3623 502 3664 nemo
526 3605 778 3670 dubitat,
809 3615 1038 3671 eamque
1066 3609 1316 3654 sanctum
1350 3600 1632 3654 Ductorem
1663 3599 1813 3669 operi
1841 3613 1942 3652 suo
1968 3598 2042 3652 De
2070 3599 2240 3652 titulis
2276 3597 2618 3652 Psalmorum
2659 3603 2896 3671 praeponi
2946 3604 3219 3671 voluisse,
3259 3608 3591 3676 posteritatis

346 3699 626 3755 memoriae
649 3694 908 3751 traditum
940 3701 1042 3748 est.
1077 3691 1204 3756 Sed,
1230 3693 1488 3760 quoniam
1517 3708 1602 3747 res
1633 3691 1848 3760 longius
1893 3690 2208 3760 procederet
2247 3707 2410 3760 quam
2444 3701 2691 3761 oportet,
2723 3703 2776 3746 et
2809 3695 3092 3764 epistolam
3129 3701 3461 3755 sanctissimi
3498 3718 3586 3756 ar—

344 3791 679 3861 chiepiscopi
705 3789 970 3860 integram
989 3784 1230 3849 exhibui,
1259 3785 1311 3839 id
1337 3786 1582 3840 studioso
1608 3785 1792 3840 lectori
1821 3784 2124 3840 faciendum
2153 3785 2420 3854 relinquo.

409 3881 658 3936 XXXlli.
683 3879 916 3942 Etenim,
945 3892 1014 3932 ne
1041 3875 1234 3945 majori
1259 3876 1416 3930 taedio
1438 3875 1699 3944 legentem
1731 3875 1982 3938 alliciam,
2013 3875 2078 3930 ad
2109 3876 2267 3928 linem
2301 3875 2513 3929 dicendi
2538 3891 2797 3946 propero;
2829 3879 2920 3934 sed
2946 3880 3264 3950 priusquam
3294 3882 3346 3938 id
3369 3883 3587 3954 faciam,

341 3986 391 4031 et
423 3978 739 4032 institutum
767 3988 1075 4030 sermonem
1099 3972 1376 4025 absolvam
1395 4014 1410 4038 ,
1444 3971 1578 4024 illud
1607 3987 1636 4025 a
1662 3986 1751 4026 me
1782 3970 2141 4025 omittendum
2174 3985 2281 4024 non
2310 3979 2424 4038 est,
2452 3986 2577 4026 cum
2609 3972 2856 4027 Latinam
2892 3975 3056 4044 hujus
3097 3979 3461 4048 metaphrasis
3491 3998 3588 4037 seu

340 4073 724 4130 commentarii
755 4071 1059 4126 versionem
1102 4076 1340 4139 quatuor
1376 4078 1472 4122 aut
1520 4067 1764 4137 quinque
1804 4069 1872 4121 ab
1917 4066 2047 4121 hinc
2088 4065 2245 4120 annis
2282 4081 2406 4120 cum
2442 4067 2815 4122 eruditissimo
2847 4068 2909 4122 P.
2947 4069 3248 4126 Blanchino
3287 4090 3588 4146 congrega-

341 4165 504 4219 tionis
533 4163 773 4219 Oratorii
797 4163 1113 4235 presbytero
1133 4202 1148 4227 ,
1173 4163 1265 4233 qui
1290 4163 1392 4217 alia
1420 4162 1588 4217 etiam
1617 4174 1930 4221 sanctorum
1958 4161 2179 4214 Patrum
2211 4160 2474 4229 opuscula
2499 4162 2760 4244 itilucem
2795 4163 2954 4219 edere
2984 4166 3245 4235 parabat,
3278 4171 3588 4224 communi—

339 4275 547 4317 cassem
571 4302 589 4329 ,
617 4261 732 4330 ipse
764 4261 819 4315 in
846 4261 1121 4330 publicum
1155 4259 1434 4314 emittendi
1469 4275 1657 4314 curam
1691 4259 1744 4313 in
1793 4273 1852 4314 se
1891 4257 2170 4326 suscepit,
2212 4256 2573 4327 promisitque
2603 4259 2657 4310 in
2687 4273 2880 4328 opere,
2914 4262 3002 4315 cui
3045 4262 3236 4318 titulus
3272 4283 3285 4318 ε
3334 4263 3590 4321 Vindicio:

334 4354 717 4408 canonicarum
766 4353 1180 4421 Scripturarum.
1211 4351 1403 4406 Postea
1433 4359 1614 4405 autem
1638 4365 1762 4404 cum
1813 4349 1865 4404 ei
1922 4347 2223 4404 scribenda:
2247 4347 2632 4402 ecclesiasticae
2667 4349 2909 4406 historia:
2936 4367 3134 4408 munus
3161 4370 3190 4408 a
3222 4370 3335 4409 suae
3358 4371 3592 4427 congre-

337 4451 571 4518 gationis
600 4449 882 4506 sodalibus
909 4448 1146 4502 delatum
1179 4446 1372 4502 fuisset
1395 4486 1410 4512 ,
1444 4446 1786 4501 clarissimus
1817 4443 1900 4496 vir
1926 4446 2109 4514 (quem
2143 4458 2244 4512 ego
2292 4443 2542 4513 pluribus
2572 4441 2674 4496 hoc
2715 4443 2836 4496 loco
2867 4443 2988 4512 jure
3031 4447 3226 4501 merito
3270 4447 3548 4505 laudarem
3569 4493 3586 4518 ,

333 4554 536 4611 easque
561 4540 821 4596 referrem
853 4538 1072 4603 laudes,
1102 4553 1240 4608 quas
1263 4536 1534 4590 immerito
1575 4536 1630 4589 in
1672 4550 1759 4588 me
1791 4535 2052 4599 contulit,
2086 4535 2140 4586 ni
2186 4549 2404 4588 vererer
2440 4533 2559 4602 ejus
2593 4534 2914 4589 modestiam
2953 4536 3257 4605 offendere,
3293 4551 3348 4596 et
3393 4545 3588 4598 merito

334 4635 582 4702 censeri,
615 4634 752 4687 alios
781 4632 1090 4701 importune
1116 4628 1385 4683 laudando
1437 4629 1707 4684 indebitas
1745 4627 1877 4680 mihi
1908 4628 2096 4682 laudes
2139 4626 2274 4679 velle
2318 4625 2602 4694 aucupari}
2640 4625 2796 4678 ﬁdem
2834 4627 3050 4695 publico
3083 4629 3262 4684 datam
3307 4634 3588 4691 exsolvere

337 4729 600 4802 nequivit.
629 4728 814 4797 Itaque
843 4741 912 4780 ne
935 4725 1341 4795 exspectatione
1364 4739 1463 4777 sua
1500 4721 1886 4777 fraudarentur
1909 4738 2090 4775 rerum
2119 4718 2616 4774 ecclesiasticarum
2653 4727 2925 4774 amatores
2946 4761 2962 4784 ,
2989 4730 3041 4774 et
3075 4722 3280 4777 diutius
3308 4724 3582 4782 desidera.

336 4830 455 4876 rent
478 4819 804 4891 praeclarum
830 4831 967 4886 opus
988 4813 1320 4870 sanctissimi
1351 4812 1548 4875 Patris,
1586 4813 1652 4866 de
1684 4812 1843 4882 cujus
1876 4811 2132 4881 operibus
2165 4819 2310 4864 recte
2332 4810 2510 4864 aiebat
2545 4810 2714 4866 abbas
2743 4811 2833 4866 ille
2859 4812 3089 4867 Cosmas
3122 4815 3278 4886 (95‘),
3301 4829 3353 4872 et
3379 4823 3582 4877 sancti-

335 4922 443 4968 tate
471 4925 691 4966 morum
717 4917 771 4963 et
792 4906 1093 4962 monastica
1115 4902 1452 4975 professione
1482 4904 1747 4958 illustris:
1783 4922 1798 4953 ι
1827 4904 1883 4956 Si
1913 4904 2188 4957 inveneris
2223 4897 2428 4971 aliquid
2461 4918 2526 4957 ex
2557 4904 2835 4971 opusculis
2880 4903 2940 4960 S.
2993 4905 3306 4976 Athanasii,
3342 4930 3440 4968 nec
3485 4915 3585 4968 ha-

335 5004 518 5059 bueris
546 5002 792 5056 chartam
818 4998 884 5051 ad
910 4996 1256 5052 scribendum
1277 5035 1292 5060 ,
1316 4995 1369 5048 in
1409 4994 1743 5049 vestimentis
1774 4995 1882 5048 tuis
1915 4995 2092 5049 scribe
2125 4995 2286 5060 illud;
2318 5014 2335 5044 »
2368 4995 2514 5063 quod
2546 4995 2634 5048 ille
2663 4996 3024 5064 promiserat,
3058 4998 3110 5053 id
3139 5015 3242 5068 ego
3287 5014 3543 5070 praestare
3564 5047 3580 5071 ,

335 5095 511 5164 quoad
545 5107 644 5163 per
675 5089 1056 5159 occupationes
1090 5087 1323 5149 libebat,
1353 5085 1625 5139 constitui.
1672 5086 1962 5140 Cunctanti
1990 5097 2169 5140 autem
2208 5085 2460 5140 stimulos
2489 5087 2697 5141 addidit
2726 5087 3020 5157 singularis
3050 5089 3358 5160 benignitas
3397 5097 3579 5150 excel-

335 5186 625 5242 lentissimi
657 5182 944 5238 Praenestis
967 5180 1224 5252 principis
1246 5177 1373 5232 Julii
1399 5179 1664 5243 Caesaris,
1693 5181 1786 5249 qui
1811 5197 1877 5234 ex
1902 5180 2243 5234 nobilissima
2260 5179 2615 5234 Columnensi
2643 5180 2808 5234 domo
2836 5182 2889 5234 itt
2920 5180 3272 5236 Barbcrinam
3307 5182 3576 5241 familiam

336 5278 542 5332 ascitus
562 5272 1016 5344 spectatissimam
1042 5268 1296 5323 feminam
1327 5269 1625 5337 principem
1655 5267 1963 5323 Corneliam
1993 5267 2302 5323 Barbcrina:
2325 5269 2510 5338 stirpis
2543 5270 2766 5324 unicum
2809 5281 3086 5340 superstes
3117 5288 3340 5342 germen
3375 5276 3429 5329 in
3467 5294 3582 5331 ma-

333 5353 656 5426 trimonium
687 5364 862 5430 duxit,
883 5372 936 5418 et
966 5362 1248 5415 universas
1275 5359 1698 5415 Barbcrinorum
1728 5376 1860 5430 opes
1886 5377 1950 5414 ac
1973 5359 2261 5415 facultates
2287 5361 2641 5430 possidendas
2671 5363 3165 5432 custodiendosque
3195 5365 3424 5434 accepit.
3458 5367 3579 5438 ipse

333 5464 475 5518 enim
499 5504 515 5529 ,
551 5460 648 5531 qui
677 5457 1026 5513 vetustissimi
1057 5455 1270 5525 generis
1299 5454 1632 5508 nobilitatem
1664 5455 1925 5510 virtutum
1973 5455 2282 5525 praestantia
2318 5457 2606 5511 aemulatur
2627 5498 2642 5522 ,
2689 5472 2921 5526 vereque
2955 5475 3247 5528 germanus
3297 5461 3463 5519 frater
3497 5474 3580 5519 est

337 5570 438 5610 non
463 5555 646 5611 solum
669 5549 937 5606 natalibus
963 5589 978 5613 ,
1013 5547 1108 5603 sed
1137 5545 1300 5600 etiam
1335 5546 1580 5602 moribus
1609 5547 2028 5603 eminentissimi
2059 5547 2354 5608 cardinalis
2381 5546 2632 5618 Prosperi
2654 5589 2670 5615 ,
2698 5547 2853 5618 cujus
2883 5550 3301 5618 magnanimitas
3323 5593 3339 5621 ,
3383 5555 3577 5612 huma-

403 5730 538 5798 (93‘)
574 5729 676 5798 Ap.
705 5727 859 5782 Joan.
891 5726 1192 5792 Moschum,
1225 5726 1316 5781 lib.
1344 5743 1396 5790 χ,
1420 5741 1537 5794 cap.
1564 5726 1649 5779 40.
