3934 6218
360 344 466 400 M7
1150 343 1208 398 S.
1249 340 1617 396 ATHANASII
1657 339 1809 393 OPP.
1850 338 1913 392 Px‘

2069 335 2151 390 ιτι.
2195 366 2264 376 -
2300 335 2706 392 EXEGETICA.
3509 330 3607 385 648

365 470 538 530 nitas,
562 467 804 538 probitas
823 477 878 523 et
900 466 1157 537 praaclara
1185 465 1386 536 ingenii
1415 464 1623 519 indoles
1647 462 1713 517 ad
1735 460 2056 532 dignitatem
2079 466 2134 513 et
2172 458 2426 512 virtutem
2461 467 2586 511 nata
2606 496 2622 521 ,
2670 455 2812 510 haud
2844 455 2976 510 satis
3016 451 3226 510 laudari
3262 466 3361 522 pro
3397 448 3609 504 meritis

364 571 572 632 potest;
607 562 756 633 ipse,
785 563 1004 632 inquam
1025 604 1038 626 ,
1067 561 1518 631 praestantissimo
1548 559 1704 612 fratri
1741 556 1886 611 haud
1930 554 2214 610 dissimilis
2243 553 2486 608 codicem
2519 552 2764 607 Graecum
2787 591 2802 616 ,
2841 566 2951 621 quo
2985 549 3325 606 commodius
3350 546 3404 600 in
3431 545 3608 599 lucem

361 655 521 708 edere
546 669 782 724 possem,
812 653 1033 709 domum
1065 652 1415 708 deferendum
1447 652 1685 706 tradidit.
1725 649 1942 704 Utinam
1978 649 2061 703 vel
2087 649 2256 702 codex
2285 649 2583 702 doctiorem
2614 663 2700 702 me
2722 647 3069 716 interpretem
3096 653 3290 699 nactus
3316 650 3494 706 esset,
3525 643 3610 702 vel

362 761 464 813 ego
491 745 728 800 codicem
759 745 1167 800 correctiorem!
1197 743 1325 798 Erat
1351 745 1520 809 enim,
1547 753 1606 798 nt
1629 741 1882 813 superius
1910 740 2044 805 dixi,
2077 739 2397 803 mendosus,
2431 755 2681 800 mancus,
2714 739 3011 794 oscitanter
3042 737 3303 807 scriptus,
3332 734 3608 806 permistis

363 857 504 911 saepe
532 842 862 912 psalmorum
887 851 940 895 et
973 840 1432 910 interpretationis
1456 840 1635 894 verbis
1656 880 1670 904 ,
1707 836 2039 904 minimeque
2072 835 2482 904 interpretatio,
2529 844 2587 888 ut
2620 853 2649 888 a
2697 849 2780 889 me
2823 833 3024 888 factum
3060 842 3176 895 est,
3211 833 3264 886 in
3306 831 3605 886 versiculos

358 933 513 1002 juxta
544 942 780 988 veterem
804 932 1142 988 Psalmorum
1179 934 1502 989 divisionem
1529 932 1805 986 distincta.
1841 926 2023 993 Quare
2045 927 2089 980 si
2121 943 2243 996 quae
2272 928 2463 982 lectori
2485 936 2778 982 occurrant
2809 942 2931 996 quae.
2959 925 3097 981 forte
3120 925 3374 990 obscura,
3401 923 3604 994 inepta,

363 1025 560 1092 aliena,
585 1035 638 1079 et
658 1024 880 1082 minime
911 1027 1052 1081 inter
1080 1042 1138 1082 se
1164 1037 1531 1082 consentanea
1564 1023 1877 1086 videantur,
1911 1020 1962 1073 id
1995 1019 2080 1074 vel
2102 1020 2308 1075 codicis
2328 1021 2612 1076 vitiositati
2646 1021 2729 1074 vel
2753 1019 3072 1090 typographi
3107 1017 3330 1074 incuria:
3351 1058 3366 1082 ,
3398 1017 3480 1071 vel
3509 1030 3610 1086 po-

362 1116 471 1172 tius
511 1116 738 1171 inscitiae
765 1132 897 1171 mete
930 1115 983 1169 in
1016 1115 1219 1171 Graecis
1243 1115 1538 1178 vertendis,
1571 1109 1888 1183 supplendis
1911 1109 2376 1181 corrigendisque,
2404 1119 2463 1165 ut
2497 1110 2719 1174 tribuat,
2747 1109 2932 1164 velim.

550 1361 858 1423 Monitum
920 1359 1002 1418 ad
1067 1358 1388 1419 Lectorem
1415 1368 1780 1436 excerptum
1817 1378 1897 1421 ea:
1952 1357 2276 1420 Antonellt’
2327 1358 2698 1438 praefatione
2731 1357 3088 1438 Appendici
3118 1359 3405 1438 prwﬁma.

429 1501 790 1573 Posteaquam
813 1503 1271 1570 Commentarius,
1300 1519 1393 1558 seu
1421 1503 1798 1572 lnterpretatio
1817 1501 2156 1558 Psalmorum
2188 1501 2369 1570 magni
2395 1500 2683 1556 Athanasii
2715 1499 2936 1555 nomine
2968 1498 3223 1569 insignita
3248 1499 3300 1552 in
3325 1499 3600 1570 publicum

359 1596 664 1666 prodierat,
703 1594 839 1651 forte
867 1594 1080 1650 fortuna
1125 1597 1381 1666 contigit,
1424 1604 1487 1648 ut
1515 1596 1811 1664 scriptores
1847 1594 2197 1648 Bibliotheca:
2225 1593 2529 1658 Vaticana,
2567 1607 2691 1648 cum
2725 1593 2940 1649 codices
2973 1593 3026 1647 in
3056 1593 3254 1662 quibus
3285 1593 3599 1662 psalterium

356 1689 562 1759 aliique
587 1687 794 1742 Veteris
814 1685 1058 1758 Novique
1085 1687 1416 1745 TeStamenti
1447 1689 1571 1742 libri
1601 1688 1948 1743 continentur
1969 1729 1984 1752 ,
2007 1689 2338 1750 evolverent,
2357 1688 2409 1740 in
2444 1703 2568 1740 eum
2601 1687 2900 1742 inciderent
2921 1701 3030 1758 quo
3057 1697 3109 1741 et
3135 1685 3336 1742 Psalmi
3365 1697 3417 1742 et
3442 1687 3604 1742 Com-

358 1785 659 1840 mentarius
685 1793 870 1838 noster
901 1785 1093 1838 inerat.
1120 1783 1237 1849 Qua
1265 1784 1330 1838 de
1355 1799 1413 1838 re
1447 1784 1626 1838 statim
1653 1783 1968 1838 admonitus
2002 1784 2068 1837 ad
2097 1765 2416 1838 Vaticanam
2447 1783 2830 1837 bibliothecam
2873 1798 2959 1838 me
2985 1782 3223 1850 contuli,
3257 1793 3310 1838 et
3335 1791 3601 1853 potestate

357 1877 490 1929 mihi
509 1891 539 1930 a
564 1891 778 1929 summo
799 1873 1051 1944 ponti'tice
1079 1874 1368 1929 Benedicto
1391 1872 1507 1926 XIV
1537 1875 1768 1945 benigne
1795 1873 1958 1940 faeta,
1987 1874 2227 1928 codicem
2263 1889 2475 1927 mecum
2501 1873 2723 1928 domum
2747 1874 2926 1940 retuli,
2957 1888 3130 1944 eoque
3154 1889 3276 1928 cum
3305 1873 3599 1928 Commen-

355 1969 498 2023 tario
525 1985 554 2022 a
585 1985 672 2023 me
699 1969 755 2022 in
785 1969 960 2022 lucem
989 1969 1154 2035 edito,
1179 1985 1286 2039 quo
1316 1969 1476 2023 citius
1505 1984 1602 2038 per
1633 1969 2016 2038 occupationes
2043 1970 2216 2034 licuit,
2242 1970 2463 2034 collato,
2489 1968 2666 2021 varias
2691 1967 2955 2021 lectiones
2983 1981 3046 2020 ea
3073 1966 3266 2035 majori
3297 1965 3595 2036 diligentia,

354 2079 460 2132 qna
487 2049 671 2132 potui,
695 2061 981 2132 exscripsi,
1001 2077 1224 2132 easque.
1251 2073 1400 2118 ratus
1433 2079 1552 2117 sum
1596 2079 1684 2119 me
1745 2080 1856 2118 rem
1887 2073 2096 2133 gratam
2131 2065 2316 2120 lectori
2354 2063 2646 2126 facturum,
2677 2062 2721 2116 si
2752 2061 2815 2115 ad
2843 2061 3044 2116 calcem
3074 2059 3465 2114 Commentarii
3500 2073 3595 2113 seu

355 2157 945 2226 lnterpretationisjam
973 2158 1114 2228 typis
1139 2157 1412 2226 impressa:
1441 2158 1788 2228 adjungerem
1827 2158 1965 2229 (94).
1994 2159 2270 2230 Siquidem
2303 2160 2456 2229 plura
2484 2174 2605 2227 qua:
2644 2158 2696 2212 in
2736 2167 2924 2212 nostro
2959 2155 3143 2212 codice
3171 2155 3429 2219 deerant,
3469 2171 3598 2225 sup-

354 2250 601 2320 plentur:
634 2251 801 2303 multa
825 2264 891 2303 ex
913 2250 1223 2318 conjectura
1250 2265 1278 2302 a
1305 2264 1390 2303 me
1414 2251 1699 2304 emendata
1724 2252 2145 2306 confirmantur:
2175 2252 2404 2321 plurima
2429 2266 2612 2320 prave,
2645 2250 2923 2314 mendose,
2949 2264 3013 2303 ac
3043 2257 3374 2318 praepostero
3403 2250 3596 2306 ordine

354 2340 554 2409 scripta
586 2339 956 2409 corriguntur.
982 2338 1208 2394 Demum
1236 2340 1559 2394 divisionem
1582 2325 1926 2395 Psalmorum
1957 2341 2010 2395 in
2046 2343 2284 2398 minores
2309 2342 2607 2397 versiculos
2632 2357 2726 2411 per
2755 2341 2874 2396 cola
2902 2351 2955 2396 et
2985 2352 3277 2408 commata,
3303 2353 3361 2397 ut
3387 2353 3597 2400 veteres

353 2443 570 2499 vocant,
595 2451 757 2506 quam
783 2445 1052 2491 servatam
1079 2434 1245 2489 fuisse
1277 2450 1307 2488 a
1343 2444 1531 2488 nostro
1558 2433 1810 2490 Psalterii
1839 2437 2152 2505 interprete,
2182 2450 2247 2491 ex
2276 2439 2500 2507 antiquo
2526 2452 2674 2491 more
2699 2452 2762 2492 ac
2790 2437 3184 2492 consuetudine
3213 2438 3596 2496 verosimiliter

353 2527 692 2596 conjeceram
720 2567 734 2590 ,
767 2542 949 2580 veram
975 2542 1095 2581 esse
1126 2537 1178 2582 et
1210 2527 1434 2582 minime
1467 2529 1895 2583 commentitiam
1937 2528 2226 2584 manifesto
2259 2531 2564 2584 ostenditur
2587 2569 2602 2592 ,
2648 2539 2701 2584 et
2741 2529 2911 2583 multa
2949 2529 3023 2583 ita
3052 2543 3110 2584 se
3141 2529 3374 2594 habere,
3409 2539 3470 2585 ut
3501 2547 3596 2602 per

353 2623 720 2692 conjecturam
747 2622 958 2676 fuerant
983 2640 1011 2676 a
1037 2639 1121 2676 me
1152 2623 1460 2686 emendata,
1495 2624 1812 2693 probantur.

421 2717 604 2773 Codex
640 2727 816 2772 autem
846 2728 1021 2773 exstat
1045 2719 1095 2772 in
1130 2719 1462 2774 Bibliotheca
1492 2718 1747 2774 Vaticana
1776 2720 1918 2774 inter
1941 2720 2155 2774 codices
2180 2717 2458 2772 Palatinos
2493 2733 2722 2772 numero
2741 2717 2832 2784 44,
2860 2733 2922 2772 ea
2951 2716 3124 2772 forma
3151 2734 3314 2788 quam
3346 2721 3510 2791 vulgo
3539 2721 3593 2775 in

352 2821 546 2882 quarto
570 2824 784 2867 vocant.
807 2812 897 2868 Est
924 2814 1142 2882 quidem
1175 2815 1577 2881 membraneus,
1605 2831 1712 2868 non
1739 2826 1920 2869 autem
1948 2815 2289 2879 chartacens,
2319 2821 2380 2866 ut
2405 2814 2490 2866 ille
2514 2829 2621 2882 quo
2649 2813 2700 2866 in
2730 2828 2845 2865 mea
2869 2796 3438 2868 editioneadornanda
3465 2829 3596 2868 usus

352 2920 497 2960 sum.
537 2903 782 2974 Scriptus
813 2913 896 2959 est
927 2906 1124 2958 sarculo
1154 2921 1298 2959 nono
1328 2916 1558 2960 exeunte
1585 2947 1598 2971 ,
1633 2915 1691 2960 ut
1715 2923 1778 2960 ex
1809 2907 2156 2967 charactere,
2191 2916 2305 2960 tum
2336 2907 2538 2961 certius
2569 2922 2634 2960 ex
2660 2906 2839 2959 verbis
2868 2913 3114 2970 constat,
3148 2921 3269 2976 quae
3294 2907 3347 2961 in
3371 2909 3597 2964 adnota-

353 2997 498 3051 tione
526 2997 593 3051 ad
621 2997 823 3052 calcem
854 2997 1058 3052 codicis
1086 2999 1318 3069 ascripta
1351 2998 1636 3068 leguntur:
1672 2999 1786 3052 lucc
1813 3008 1990 3052 autem
2021 2998 2074 3051 in
2099 2997 2350 3052 Latinum
2386 3014 2541 3053 versa
2575 2998 2699 3052 talia
2727 3005 2886 3053 sunt:

1189 3092 1253 3147 Ut
1283 3093 1453 3148 dulcis
1480 3095 1840 3163 navigantibus
1873 3094 2190 3167 tranquillus
2222 3108 2403 3164 portus

1197 3188 1285 3244 Ita
1307 3200 1354 3244 et
1383 3191 1727 3243 scribentibus
1760 3191 1978 3245 ultimus
2010 3209 2204 3245 versus.

1199 3343 1435 3413 Scriptus
1462 3353 1537 3398 est
1569 3343 1698 3397 liber
1723 3346 1820 3398 iste
1847 3345 2146 3414 interpretis
2172 3345 2427 3400 Psalterii

1201 3453 1356 3490 manu
1387 3437 1569 3492 Leonis
1601 3437 1873 3492 Tabularit’
1899 3439 2221 3495 Monobasiaz

1195 3534 1370 3586 Mense
1401 3535 1633 3603 Augusto
1665 3533 1756 3598 28,
1793 3535 1877 3589 die
1905 3536 1960 3599 2,
1990 3535 2113 3590 Ind.
2154 3577 2167 3590 .
2213 3577 2227 3590 .
2268 3578 2282 3590 .
2326 3573 2343 3591 .

1197 3641 1334 3679 anno
1367 3624 1506 3678 6045
1535 3624 1690 3694 (94⁸).

1203 3714 1390 3768 Lector
1417 3714 1693 3784 deprecare
1715 3715 1863 3782 mihi,
1897 3725 1954 3768 ut
1981 3735 2071 3785 per
2103 3718 2373 3774 Christum

1197 3806 1384 3859 liberer
1407 3807 1470 3858 ab
1502 3807 1618 3876 ique
1647 3805 1908 3875 gehennw.

421 3898 637 3956 Codicis
660 3898 941 3968 inscriptio
961 3938 976 3963 ,
1005 3913 1070 3952 ex
1100 3912 1208 3967 qua
1235 3913 1430 3952 nomen
1462 3897 1700 3950 auctoris
1741 3895 2204 3966 lnterpretationis
2233 3901 2573 3960 Psalmorum
2603 3910 2802 3965 certius
2847 3911 3007 3966 nobis
3033 3924 3372 3984 compertum
3403 3916 3586 3985 ﬂeret,

352 3995 547 4065 majori
575 4012 640 4050 ex
663 4004 815 4064 parte
843 3994 1016 4048 deleta
1040 4003 1140 4047 est.
1179 3992 1413 4047 Litteras
1443 4009 1594 4057 vero,
1623 4008 1744 4061 quae
1775 3993 1949 4049 adhuc
1974 4007 2286 4066 supersunt,
2321 4009 2374 4054 et
2401 4017 2541 4070 quae,
2570 4020 2680 4074 prae
2700 4015 2967 4061 vetustate
2989 4007 3204 4076 quidem
3239 4009 3351 4077 jam
3381 4011 3591 4082 fugien-

351 4099 466 4152 tes,
496 4089 676 4155 aliqua
707 4095 884 4140 tamen
909 4084 1216 4153 diligentia,
1244 4092 1298 4139 et
1332 4098 1462 4138 cura
1489 4083 1763 4146 adhibita,
1800 4085 1900 4153 legi
1944 4095 2232 4154 poterant,
2271 4094 2484 4148 caeteris
2521 4097 2746 4152 omnino
2775 4099 2998 4165 deletis,
3041 4102 3143 4157 hoc
3175 4105 3292 4160 loco
3323 4108 3589 4163 ascribam

354 4177 710 4231 EPMHNEIA
743 4177 1038 4230 ΨΔΛΜΩΝ
1074 4215 1088 4227 .
1131 4213 1147 4228 .
1192 4217 1206 4228 .
1246 4216 1259 4229 .
1307 4216 1318 4228 .
1364 4214 1375 4224 .
1422 4212 1436 4224 .
1479 4213 1492 4226 .
1536 4173 1696 4227 (ΠΟΥ
1732 4167 1867 4224 ΤΟῩ
1906 4219 1907 4223 η

940 4167 2493 4236 [ΩΝ........(;ΙΟΥΤΟῩ...........

352 4283 446 4324 eas
469 4278 647 4322 autem
682 4269 761 4322 sic
792 4268 1060 4338 legerem:

563 4425 919 4480 EPMHNEIA
957 4426 1251 4480 ΨΑΛΜΩΝ
1285 4427 1676 4484 ΑΘΑΝΛΣΙΟΥ
1715 4429 1850 4484 ΤΟΥ
1888 4432 2206 4486 ΜΕΓΑΛΟΪ

1143 4583 1697 4642 INTERPRETATIO
1734 4586 2163 4646 PSALMORUM
2205 4591 2419 4648 MAGNI
2452 4593 2824 4652 ATHANASH

425 4762 554 4821 Post
573 4767 985 4838 inscriptionem
1011 4770 1258 4839 sequitur
1282 4769 1493 4839 primus
1519 4771 1762 4841 psalmus
1783 4787 1905 4827 cum
1928 4773 2390 4845 interpretatione,
2416 4795 2536 4850 quae
2557 4780 2742 4838 deerat
2766 4781 2819 4836 in
2843 4792 3033 4840 nostro
3059 4786 3264 4842 codice.
3299 4788 3406 4844 Sed
3430 4793 3592 4850 verba

357 4863 549 4932 psalmi
579 4872 634 4917 et
660 4864 1114 4933 interpretationis
1139 4864 1225 4920 vel
1249 4874 1542 4932 vetustate,
1580 4867 1665 4921 vel
1689 4868 2042 4938 humiditate,
2074 4874 2156 4926 vel
2195 4874 2302 4928 alio
2325 4891 2455 4931 casu
2501 4893 2611 4932 non
2662 4878 2885 4933 minima
2929 4895 2996 4932 ex
3028 4889 3182 4948 parte
3220 4882 3508 4939 obliterata
3537 4895 3592 4941 et

355 4966 605 5101 forrupla
635 4971 743 5010 non
764 4957 968 5027 absque
995 4961 1230 5014 maxima
1250 4957 1559 5015 difﬁcultate
1582 4962 1682 5032 legi
1706 4971 2026 5033 potuerunt;
2051 4982 2112 5023 ea
2138 4977 2316 5022 autem
2340 4986 2665 5042 quacunque
2685 4972 2833 5043 potui
2857 4971 3134 5042 diligentia
3160 4989 3187 5028 a
3213 4991 3297 5030 me
3318 4976 3589 5049 descripta

377 5055 524 5101 ector
549 5047 791 5101 reperiet.

377 5055 524 5103 ector
549 5047 791 5115 reperiet.

432 5228 1317 5317 (QQQuaaveroAtttonellus.ad
1359 5234 1561 5316 calcem
1605 5231 1908 5288 Commen-
2093 5233 2227 5317 (94⁸)
2255 5240 2364 5317 An.
2392 5239 2592 5317 “Otia
2613 5244 2891 5317 creatione
2934 5246 3120 5301 mundi
3165 5247 3306 5317 apud
3348 5250 3585 5316 Graecos.

359 5301 479 5354 tarii
504 5301 770 5370 adjunxit,
802 5314 899 5356 nos
921 5301 1035 5356 suis
1064 5302 1195 5357 locis
1228 5303 1554 5361 inseruimus
2027 5301 2109 5359 est
2141 5323 2168 5360 a
2204 5301 2479 5366 nativitate
2498 5310 2697 5366 Christi
2728 5313 2849 5369 897.
