  <div class='ocr_page' id='page_1' title='image "/cluster/home/n/w/nwhite01/storage/ocr_20150623/27/mdp.39015007065769/344.png"; bbox 0 0 3934 6218; ppageno 0'>
   <div class='ocr_carea' id='block_1_1' title="bbox 302 335 3568 434">
    <p class='ocr_par' dir='ltr' id='par_1_1' title="bbox 302 335 3568 434">
     <span class='ocr_line' id='line_1_1' title="bbox 302 335 3568 434; baseline 0.012 -39"><span class='ocrx_word' id='word_1_1' title='bbox 302 335 409 396; x_wconf 68' lang='grc' dir='ltr'>ω</span> <span class='ocrx_word' id='word_1_2' title='bbox 1265 343 1358 407; x_wconf 74' lang='lat' dir='ltr'><strong>DE</strong></span> <span class='ocrx_word' id='word_1_3' title='bbox 1390 353 1670 412; x_wconf 82' lang='lat' dir='ltr'><strong>TlTULIS</strong></span> <span class='ocrx_word' id='word_1_4' title='bbox 1710 357 2167 418; x_wconf 71' lang='lat' dir='ltr'><strong>PSALMOBUM.</strong></span> <span class='ocrx_word' id='word_1_5' title='bbox 2209 396 2278 406; x_wconf 95' lang='lat'>—</span> <span class='ocrx_word' id='word_1_6' title='bbox 2317 365 2514 424; x_wconf 84' lang='lat' dir='ltr'><strong>PSAL.</strong></span> <span class='ocrx_word' id='word_1_7' title='bbox 2560 367 2600 424; x_wconf 87' lang='lat' dir='ltr'><strong>I.</strong></span> <span class='ocrx_word' id='word_1_8' title='bbox 3465 379 3568 434; x_wconf 73' lang='lat'><strong>650</strong></span> 
     </span>
    </p>
   </div>
   <div class='ocr_carea' id='block_1_2' title="bbox 403 637 1272 678">
    <p class='ocr_par' dir='ltr' id='par_1_2' title="bbox 403 637 1272 678">
     <span class='ocr_line' id='line_1_2' title="bbox 403 637 1272 678; baseline 0.005 -5"><span class='ocrx_word' id='word_1_9' title='bbox 403 637 1272 678; x_wconf 50' lang='lat' dir='ltr'><strong>M-</strong></span> 
     </span>
    </p>
   </div>
   <div class='ocr_carea' id='block_1_3' title="bbox 1277 667 3373 700">
    <p class='ocr_par' dir='ltr' id='par_1_3' title="bbox 1277 667 3373 700">
     <span class='ocr_line' id='line_1_3' title="bbox 1277 667 3373 700; baseline 0.004 -14"><span class='ocrx_word' id='word_1_10' title='bbox 1277 667 3373 700; x_wconf 52' lang='lat' dir='ltr'><strong>mw</strong></span> 
     </span>
    </p>
   </div>
   <div class='ocr_carea' id='block_1_4' title="bbox 1202 905 2662 1016">
    <p class='ocr_par' dir='ltr' id='par_1_4' title="bbox 1202 905 2662 1016">
     <span class='ocr_line' id='line_1_4' title="bbox 1202 905 2662 1016; baseline 0.014 -20"><span class='ocrx_word' id='word_1_11' title='bbox 1202 905 1626 1005; x_wconf 86' lang='lat' dir='ltr'><strong>SANCTI</strong></span> <span class='ocrx_word' id='word_1_12' title='bbox 1698 914 2146 1008; x_wconf 82' lang='lat' dir='ltr'><strong>PATRIS</strong></span> <span class='ocrx_word' id='word_1_13' title='bbox 2221 921 2662 1016; x_wconf 79' lang='lat' dir='ltr'><strong>NOSTBI</strong></span> 
     </span>
    </p>
   </div>
   <div class='ocr_carea' id='block_1_5' title="bbox 1408 1231 2438 1350">
    <p class='ocr_par' dir='ltr' id='par_1_5' title="bbox 1408 1231 2438 1350">
     <span class='ocr_line' id='line_1_5' title="bbox 1408 1231 2438 1350; baseline 0.006 -6"><span class='ocrx_word' id='word_1_14' title='bbox 1408 1231 2438 1350; x_wconf 71' lang='grc' dir='ltr'><strong>ΔΤΗΔΝΔΒῙῙ</strong></span> 
     </span>
    </p>
   </div>
   <div class='ocr_carea' id='block_1_6' title="bbox 963 1567 2762 1737">
    <p class='ocr_par' dir='ltr' id='par_1_6' title="bbox 963 1567 2762 1737">
     <span class='ocr_line' id='line_1_6' title="bbox 963 1567 2762 1737; baseline 0.006 -50"><span class='ocrx_word' id='word_1_15' title='bbox 963 1567 1144 1690; x_wconf 92' lang='lat' dir='ltr'><strong>DE</strong></span> <span class='ocrx_word' id='word_1_16' title='bbox 1234 1569 1818 1694; x_wconf 89' lang='lat' dir='ltr'><strong>TITULIS</strong></span> <span class='ocrx_word' id='word_1_17' title='bbox 1899 1581 2762 1737; x_wconf 83' lang='lat' dir='ltr'><strong>PSALMORUM</strong></span> 
     </span>
    </p>
   </div>
   <div class='ocr_carea' id='block_1_7' title="bbox 740 2048 2293 2122">
    <p class='ocr_par' dir='ltr' id='par_1_7' title="bbox 740 2048 1931 2122">
     <span class='ocr_line' id='line_1_7' title="bbox 740 2048 1931 2122; baseline 0.017 -20"><span class='ocrx_word' id='word_1_18' title='bbox 740 2048 993 2104; x_wconf 82' lang='grc' dir='ltr'><strong>ΒΙΒΛΟΣ</strong></span> <span class='ocrx_word' id='word_1_19' title='bbox 1064 2053 1396 2110; x_wconf 78' lang='grc' dir='ltr'><strong>ΨΑΛΜΩΝ.</strong></span> <span class='ocrx_word' id='word_1_20' title='bbox 1885 2068 1931 2122; x_wconf 73' lang='grc' dir='ltr'><strong>Δ</strong></span> 
     </span>
    </p>
   </div>
   <div class='ocr_carea' id='block_1_8' title="bbox 1548 2048 3101 2122">
    <p class='ocr_par' dir='ltr' id='par_1_8' title="bbox 1885 2057 3101 2122">
     <span class='ocr_line' id='line_1_8' title="bbox 1885 2057 3101 2122; baseline 0.009 -13"><span class='ocrx_word' id='word_1_21' title='bbox 1885 2068 1931 2122; x_wconf 70' lang='grc' dir='ltr'>Α</span> <span class='ocrx_word' id='word_1_22' title='bbox 2372 2057 2596 2115; x_wconf 81' lang='lat' dir='ltr'><strong><em>LIBER</em></strong></span> <span class='ocrx_word' id='word_1_23' title='bbox 2627 2061 3101 2120; x_wconf 71' lang='lat' dir='ltr'><strong>PSALMORUH.</strong></span> 
     </span>
    </p>
   </div>
   <div class='ocr_carea' id='block_1_9' title="bbox 285 2178 1838 2272">
    <p class='ocr_par' dir='ltr' id='par_1_9' title="bbox 285 2179 1838 2264">
     <span class='ocr_line' id='line_1_9' title="bbox 285 2179 1838 2264; baseline 0.008 -28"><span class='ocrx_word' id='word_1_24' title='bbox 285 2179 534 2253; x_wconf 68' lang='grc' dir='ltr'><strong>Ψαλμὸς</strong></span> <span class='ocrx_word' id='word_1_25' title='bbox 570 2181 651 2249; x_wconf 78' lang='grc' dir='ltr'><strong><em>τῷ</em></strong></span> <span class='ocrx_word' id='word_1_26' title='bbox 690 2184 867 2238; x_wconf 73' lang='grc' dir='ltr'><strong>Δαόἓδ</strong></span> <span class='ocrx_word' id='word_1_27' title='bbox 904 2185 1308 2260; x_wconf 62' lang='grc' dir='ltr'>ἀνεπίγραφος</span> <span class='ocrx_word' id='word_1_28' title='bbox 1348 2193 1488 2262; x_wconf 76' lang='grc' dir='ltr'>παρ’</span> <span class='ocrx_word' id='word_1_29' title='bbox 1539 2191 1838 2264; x_wconf 72' lang='grc' dir='ltr'>Ἑϐραίοις.</span> 
     </span>
    </p>
   </div>
   <div class='ocr_carea' id='block_1_10' title="bbox 1853 2178 3406 2272">
    <p class='ocr_par' dir='ltr' id='par_1_10' title="bbox 2100 2178 3406 2272">
     <span class='ocr_line' id='line_1_10' title="bbox 2100 2178 3406 2272; baseline 0.009 -23"><span class='ocrx_word' id='word_1_30' title='bbox 2100 2185 2365 2266; x_wconf 80' lang='lat' dir='ltr'><strong>Psalmus</strong></span> <span class='ocrx_word' id='word_1_31' title='bbox 2397 2197 2566 2252; x_wconf 81' lang='lat' dir='ltr'><strong>David</strong></span> <span class='ocrx_word' id='word_1_32' title='bbox 2596 2201 2712 2254; x_wconf 86' lang='lat' dir='ltr'><strong>sine</strong></span> <span class='ocrx_word' id='word_1_33' title='bbox 2738 2201 2896 2255; x_wconf 83' lang='lat' dir='ltr'><strong>titulo</strong></span> <span class='ocrx_word' id='word_1_34' title='bbox 2920 2204 3064 2272; x_wconf 84' lang='lat' dir='ltr'><strong>apud</strong></span> <span class='ocrx_word' id='word_1_35' title='bbox 3091 2178 3406 2262; x_wconf 48' lang='grc' dir='ltr'><strong>’.πέπαυσο’</strong></span> 
     </span>
    </p>
   </div>
   <div class='ocr_carea' id='block_1_11' title="bbox 861 2321 2414 2394">
    <p class='ocr_par' dir='ltr' id='par_1_11' title="bbox 861 2321 1278 2379">
     <span class='ocr_line' id='line_1_11' title="bbox 861 2321 1278 2379; baseline 0.007 -3"><span class='ocrx_word' id='word_1_36' title='bbox 861 2321 1168 2378; x_wconf 80' lang='grc' dir='ltr'><strong>ΨΑΛΜΟΣ</strong></span> <span class='ocrx_word' id='word_1_37' title='bbox 1196 2329 1278 2379; x_wconf 84' lang='lat' dir='ltr'><strong>A&#39;.</strong></span> 
     </span>
    </p>
   </div>
   <div class='ocr_carea' id='block_1_12' title="bbox 1415 2321 2968 2394">
    <p class='ocr_par' dir='ltr' id='par_1_12' title="bbox 2513 2336 2968 2394">
     <span class='ocr_line' id='line_1_12' title="bbox 2513 2336 2968 2394; baseline 0.007 -4"><span class='ocrx_word' id='word_1_38' title='bbox 2513 2336 2760 2392; x_wconf 77' lang='lat' dir='ltr'><strong>PSALM</strong></span> <span class='ocrx_word' id='word_1_39' title='bbox 2771 2337 2860 2393; x_wconf 88' lang='lat' dir='ltr'><strong>US</strong></span> <span class='ocrx_word' id='word_1_40' title='bbox 2920 2338 2968 2394; x_wconf 91' lang='grc' dir='ltr'><strong>Ι.</strong></span> 
     </span>
    </p>
   </div>
   <div class='ocr_carea' id='block_1_13' title="bbox 276 2453 1829 2592">
    <p class='ocr_par' dir='ltr' id='par_1_13' title="bbox 276 2453 1825 2592">
     <span class='ocr_line' id='line_1_13' title="bbox 347 2453 1825 2532; baseline 0.005 -25"><span class='ocrx_word' id='word_1_41' title='bbox 347 2463 398 2517; x_wconf 69' lang='grc'>1,</span> <span class='ocrx_word' id='word_1_42' title='bbox 440 2453 724 2528; x_wconf 76' lang='grc' dir='ltr'><strong>Μακάριος</strong></span> <span class='ocrx_word' id='word_1_43' title='bbox 747 2456 904 2528; x_wconf 80' lang='grc' dir='ltr'>ἀνὴρ,</span> <span class='ocrx_word' id='word_1_44' title='bbox 939 2458 999 2522; x_wconf 76' lang='grc' dir='ltr'><strong>ὃς</strong></span> <span class='ocrx_word' id='word_1_45' title='bbox 1027 2454 1127 2512; x_wconf 74' lang='grc' dir='ltr'><strong>οὐκ</strong></span> <span class='ocrx_word' id='word_1_46' title='bbox 1152 2459 1418 2531; x_wconf 74' lang='grc' dir='ltr'><strong>ἐπορεύθη</strong></span> <span class='ocrx_word' id='word_1_47' title='bbox 1451 2462 1508 2514; x_wconf 82' lang='grc' dir='ltr'>ὲν</span> <span class='ocrx_word' id='word_1_48' title='bbox 1534 2461 1696 2532; x_wconf 83' lang='grc' dir='ltr'>βουλῇ</span> <span class='ocrx_word' id='word_1_49' title='bbox 1728 2462 1825 2514; x_wconf 84' lang='grc' dir='ltr'><strong>ἀσε</strong></span> 
     </span>
     <span class='ocr_line' id='line_1_14' title="bbox 276 2558 405 2592; baseline 0 0"><span class='ocrx_word' id='word_1_50' title='bbox 276 2558 405 2592; x_wconf 86' lang='grc' dir='ltr'><strong>οων.</strong></span> 
     </span>
    </p>
   </div>
   <div class='ocr_carea' id='block_1_14' title="bbox 1980 2453 3533 2592">
    <p class='ocr_par' dir='ltr' id='par_1_14' title="bbox 2024 2469 3533 2546">
     <span class='ocr_line' id='line_1_15' title="bbox 2024 2469 3533 2546; baseline 0.007 -23"><span class='ocrx_word' id='word_1_51' title='bbox 2024 2469 2074 2524; x_wconf 80' lang='grc'><strong>1.</strong></span> <span class='ocrx_word' id='word_1_52' title='bbox 2107 2470 2307 2528; x_wconf 77' lang='lat' dir='ltr'><strong>Beatus</strong></span> <span class='ocrx_word' id='word_1_53' title='bbox 2355 2473 2440 2526; x_wconf 77' lang='lat' dir='ltr'><strong>vir</strong></span> <span class='ocrx_word' id='word_1_54' title='bbox 2482 2474 2577 2544; x_wconf 88' lang='lat' dir='ltr'><strong>qui</strong></span> <span class='ocrx_word' id='word_1_55' title='bbox 2621 2491 2728 2529; x_wconf 93' lang='lat' dir='ltr'><strong>non</strong></span> <span class='ocrx_word' id='word_1_56' title='bbox 2790 2475 2924 2529; x_wconf 89' lang='lat' dir='ltr'><strong>abiit</strong></span> <span class='ocrx_word' id='word_1_57' title='bbox 2960 2474 3017 2528; x_wconf 92' lang='lat' dir='ltr'><strong>in</strong></span> <span class='ocrx_word' id='word_1_58' title='bbox 3059 2475 3296 2530; x_wconf 90' lang='lat' dir='ltr'><strong>consilio</strong></span> <span class='ocrx_word' id='word_1_59' title='bbox 3331 2475 3533 2546; x_wconf 81' lang='lat' dir='ltr'><strong>impio-</strong></span> 
     </span>
    </p>
   </div>
   <div class='ocr_carea' id='block_1_15' title="bbox 309 2560 2068 2614">
    <p class='ocr_par' dir='ltr' id='par_1_15' title="bbox 309 2560 2068 2614">
     <span class='ocr_line' id='line_1_16' title="bbox 309 2560 2068 2614; baseline 0.011 -19"><span class='ocrx_word' id='word_1_60' title='bbox 309 2560 405 2608; x_wconf 88' lang='grc' dir='ltr'>ων,</span> <span class='ocrx_word' id='word_1_61' title='bbox 1948 2574 2068 2614; x_wconf 89' lang='lat' dir='ltr'><strong>rum</strong></span> 
     </span>
    </p>
   </div>
   <div class='ocr_carea' id='block_1_16' title="bbox 341 2601 1894 2726">
    <p class='ocr_par' dir='ltr' id='par_1_16' title="bbox 341 2601 1462 2716">
     <span class='ocr_line' id='line_1_17' title="bbox 341 2601 1462 2716; baseline 0.009 -27"><span class='ocrx_word' id='word_1_62' title='bbox 341 2601 403 2691; x_wconf 38' lang='grc'><strong>2.,</strong></span> <span class='ocrx_word' id='word_1_63' title='bbox 438 2637 548 2690; x_wconf 77' lang='grc' dir='ltr'>Καὶ</span> <span class='ocrx_word' id='word_1_64' title='bbox 581 2640 638 2692; x_wconf 80' lang='grc' dir='ltr'>ἐν</span> <span class='ocrx_word' id='word_1_65' title='bbox 665 2638 768 2710; x_wconf 82' lang='grc' dir='ltr'>ὁδῷ</span> <span class='ocrx_word' id='word_1_66' title='bbox 806 2641 1144 2713; x_wconf 83' lang='grc' dir='ltr'><strong>ἁμαρτωλῶν</strong></span> <span class='ocrx_word' id='word_1_67' title='bbox 1176 2643 1275 2697; x_wconf 76' lang='grc' dir='ltr'><strong>οὐκ</strong></span> <span class='ocrx_word' id='word_1_68' title='bbox 1311 2645 1462 2716; x_wconf 80' lang='grc' dir='ltr'>ἔστη,</span> 
     </span>
    </p>
   </div>
   <div class='ocr_carea' id='block_1_17' title="bbox 1496 2601 3049 2726">
    <p class='ocr_par' dir='ltr' id='par_1_17' title="bbox 1949 2601 3049 2726">
     <span class='ocr_line' id='line_1_18' title="bbox 1949 2601 2095 2628; baseline 0.007 -15"><span class='ocrx_word' id='word_1_69' title='bbox 1949 2601 2095 2628; x_wconf 86' lang='lat'><strong>......,</strong></span> 
     </span>
     <span class='ocr_line' id='line_1_19' title="bbox 2015 2653 3049 2726; baseline 0.004 -18"><span class='ocrx_word' id='word_1_70' title='bbox 2015 2653 2068 2708; x_wconf 75' lang='lat'><strong>&#39;2.</strong></span> <span class='ocrx_word' id='word_1_71' title='bbox 2103 2653 2170 2708; x_wconf 88' lang='lat' dir='ltr'><strong>Et</strong></span> <span class='ocrx_word' id='word_1_72' title='bbox 2197 2655 2249 2709; x_wconf 91' lang='lat' dir='ltr'><strong>in</strong></span> <span class='ocrx_word' id='word_1_73' title='bbox 2275 2655 2360 2710; x_wconf 86' lang='lat' dir='ltr'><strong>via</strong></span> <span class='ocrx_word' id='word_1_74' title='bbox 2383 2664 2732 2726; x_wconf 80' lang='lat' dir='ltr'><strong>peccatorum</strong></span> <span class='ocrx_word' id='word_1_75' title='bbox 2761 2673 2871 2712; x_wconf 85' lang='lat' dir='ltr'><strong>non</strong></span> <span class='ocrx_word' id='word_1_76' title='bbox 2902 2657 3049 2713; x_wconf 89' lang='lat' dir='ltr'><strong>stetit</strong></span> 
     </span>
    </p>
   </div>
   <div class='ocr_carea' id='block_1_18' title="bbox 310 2727 1863 2816">
    <p class='ocr_par' dir='ltr' id='par_1_18' title="bbox 310 2729 1617 2807">
     <span class='ocr_line' id='line_1_20' title="bbox 310 2729 1617 2807; baseline 0.008 -25"><span class='ocrx_word' id='word_1_77' title='bbox 310 2729 391 2782; x_wconf 79' lang='lat'><strong>.3.</strong></span> <span class='ocrx_word' id='word_1_78' title='bbox 433 2732 545 2784; x_wconf 76' lang='grc' dir='ltr'>Καὶ</span> <span class='ocrx_word' id='word_1_79' title='bbox 578 2733 670 2786; x_wconf 73' lang='grc' dir='ltr'><strong>ἐπὶ</strong></span> <span class='ocrx_word' id='word_1_80' title='bbox 699 2733 935 2806; x_wconf 74' lang='grc' dir='ltr'>καθέδρᾳ</span> <span class='ocrx_word' id='word_1_81' title='bbox 963 2735 1166 2807; x_wconf 83' lang='grc' dir='ltr'><strong>λοιμῶν</strong></span> <span class='ocrx_word' id='word_1_82' title='bbox 1198 2737 1298 2791; x_wconf 85' lang='grc' dir='ltr'><strong>οὐκ</strong></span> <span class='ocrx_word' id='word_1_83' title='bbox 1328 2738 1583 2793; x_wconf 78' lang='grc' dir='ltr'><strong>ἐκάθισεν</strong></span> <span class='ocrx_word' id='word_1_84' title='bbox 1603 2753 1617 2773; x_wconf 71' lang='grc'><strong><em>³</em></strong></span> 
     </span>
    </p>
   </div>
   <div class='ocr_carea' id='block_1_19' title="bbox 1678 2727 3231 2816">
    <p class='ocr_par' dir='ltr' id='par_1_19' title="bbox 2018 2727 3231 2816">
     <span class='ocr_line' id='line_1_21' title="bbox 2018 2727 3231 2816; baseline 0.004 -19"><span class='ocrx_word' id='word_1_85' title='bbox 2018 2742 2074 2798; x_wconf 80' lang='lat'><strong>&#39;5.</strong></span> <span class='ocrx_word' id='word_1_86' title='bbox 2101 2742 2168 2798; x_wconf 89' lang='lat' dir='ltr'><strong>Et</strong></span> <span class='ocrx_word' id='word_1_87' title='bbox 2195 2744 2249 2798; x_wconf 90' lang='lat' dir='ltr'><strong>in</strong></span> <span class='ocrx_word' id='word_1_88' title='bbox 2286 2727 2544 2800; x_wconf 78' lang='lat' dir='ltr'><strong>cathedra</strong></span> <span class='ocrx_word' id='word_1_89' title='bbox 2571 2747 2895 2816; x_wconf 65' lang='lat' dir='ltr'><strong>pestilentiae</strong></span> <span class='ocrx_word' id='word_1_90' title='bbox 2914 2761 3022 2802; x_wconf 87' lang='lat' dir='ltr'><strong>non</strong></span> <span class='ocrx_word' id='word_1_91' title='bbox 3059 2747 3231 2814; x_wconf 81' lang='lat' dir='ltr'><strong>sedit;</strong></span> 
     </span>
    </p>
   </div>
   <div class='ocr_carea' id='block_1_20' title="bbox 337 2822 1890 2910">
    <p class='ocr_par' dir='ltr' id='par_1_20' title="bbox 337 2822 1842 2904">
     <span class='ocr_line' id='line_1_22' title="bbox 337 2822 1842 2904; baseline 0.009 -29"><span class='ocrx_word' id='word_1_92' title='bbox 337 2822 391 2876; x_wconf 71' lang='grc'><strong>4.</strong></span> <span class='ocrx_word' id='word_1_93' title='bbox 445 2823 585 2876; x_wconf 79' lang='grc' dir='ltr'>Ἀλλ’</span> <span class='ocrx_word' id='word_1_94' title='bbox 619 2825 652 2896; x_wconf 83' lang='grc' dir='ltr'>ἢ</span> <span class='ocrx_word' id='word_1_95' title='bbox 684 2827 743 2879; x_wconf 85' lang='grc' dir='ltr'>ὲν</span> <span class='ocrx_word' id='word_1_96' title='bbox 781 2823 858 2898; x_wconf 83' lang='grc' dir='ltr'><strong>τῷ</strong></span> <span class='ocrx_word' id='word_1_97' title='bbox 889 2827 1038 2900; x_wconf 80' lang='grc' dir='ltr'>νόμῳ</span> <span class='ocrx_word' id='word_1_98' title='bbox 1071 2829 1276 2902; x_wconf 80' lang='grc' dir='ltr'>Κυρίου</span> <span class='ocrx_word' id='word_1_99' title='bbox 1312 2831 1373 2884; x_wconf 84' lang='grc' dir='ltr'>τὸ</span> <span class='ocrx_word' id='word_1_100' title='bbox 1407 2829 1620 2904; x_wconf 84' lang='grc' dir='ltr'>θέλημα</span> <span class='ocrx_word' id='word_1_101' title='bbox 1654 2833 1842 2898; x_wconf 82' lang='grc' dir='ltr'>αὑτοῦ,</span> 
     </span>
    </p>
   </div>
   <div class='ocr_carea' id='block_1_21' title="bbox 1625 2822 3178 2910">
    <p class='ocr_par' dir='ltr' id='par_1_21' title="bbox 1654 2832 3178 2910">
     <span class='ocr_line' id='line_1_23' title="bbox 1654 2832 3178 2910; baseline 0.005 -23"><span class='ocrx_word' id='word_1_102' title='bbox 1654 2833 1842 2898; x_wconf 81' lang='grc' dir='ltr'>αὑτοῦ,</span> <span class='ocrx_word' id='word_1_103' title='bbox 2018 2833 2075 2888; x_wconf 79' lang='grc'><strong>4.</strong></span> <span class='ocrx_word' id='word_1_104' title='bbox 2111 2832 2217 2890; x_wconf 88' lang='lat' dir='ltr'><strong>Sed</strong></span> <span class='ocrx_word' id='word_1_105' title='bbox 2252 2835 2306 2890; x_wconf 91' lang='lat' dir='ltr'><strong>in</strong></span> <span class='ocrx_word' id='word_1_106' title='bbox 2335 2836 2455 2907; x_wconf 80' lang='lat' dir='ltr'><strong>lege</strong></span> <span class='ocrx_word' id='word_1_107' title='bbox 2489 2836 2712 2892; x_wconf 85' lang='lat' dir='ltr'><strong>Domini</strong></span> <span class='ocrx_word' id='word_1_108' title='bbox 2746 2837 3002 2893; x_wconf 81' lang='lat' dir='ltr'><strong>voluntas</strong></span> <span class='ocrx_word' id='word_1_109' title='bbox 3033 2839 3178 2910; x_wconf 88' lang='lat' dir='ltr'><strong>ejus,</strong></span> 
     </span>
    </p>
   </div>
   <div class='ocr_carea' id='block_1_22' title="bbox 265 2914 1818 3073">
    <p class='ocr_par' dir='ltr' id='par_1_22' title="bbox 265 2914 1818 3073">
     <span class='ocr_line' id='line_1_24' title="bbox 338 2914 1818 2994; baseline 0.008 -26"><span class='ocrx_word' id='word_1_110' title='bbox 338 2914 392 2969; x_wconf 81' lang='lat'><strong>5.</strong></span> <span class='ocrx_word' id='word_1_111' title='bbox 433 2917 544 2970; x_wconf 71' lang='grc' dir='ltr'>Καὶ</span> <span class='ocrx_word' id='word_1_112' title='bbox 572 2917 630 2970; x_wconf 79' lang='grc' dir='ltr'>ἐν</span> <span class='ocrx_word' id='word_1_113' title='bbox 660 2917 740 2990; x_wconf 84' lang='grc' dir='ltr'><strong>τῷ</strong></span> <span class='ocrx_word' id='word_1_114' title='bbox 773 2919 923 2991; x_wconf 83' lang='grc' dir='ltr'>νόμῳ</span> <span class='ocrx_word' id='word_1_115' title='bbox 963 2921 1128 2976; x_wconf 79' lang='grc' dir='ltr'>αὑτοῦ</span> <span class='ocrx_word' id='word_1_116' title='bbox 1166 2922 1451 2992; x_wconf 57' lang='grc' dir='ltr'>μελετήσει</span> <span class='ocrx_word' id='word_1_117' title='bbox 1489 2925 1704 2994; x_wconf 77' lang='grc' dir='ltr'>ἡμέρας</span> <span class='ocrx_word' id='word_1_118' title='bbox 1747 2944 1818 2980; x_wconf 89' lang='grc' dir='ltr'><strong>κα</strong></span> 
     </span>
     <span class='ocr_line' id='line_1_25' title="bbox 265 3009 481 3073; baseline 0.019 -13"><span class='ocrx_word' id='word_1_119' title='bbox 265 3009 481 3073; x_wconf 80' lang='grc' dir='ltr'>νυκτός.</span> 
     </span>
    </p>
   </div>
   <div class='ocr_carea' id='block_1_23' title="bbox 1798 2914 3351 3073">
    <p class='ocr_par' dir='ltr' id='par_1_23' title="bbox 1798 2923 3351 2998">
     <span class='ocr_line' id='line_1_26' title="bbox 1798 2923 3351 2998; baseline 0.003 -18"><span class='ocrx_word' id='word_1_120' title='bbox 1798 2927 1844 2980; x_wconf 62' lang='grc' dir='ltr'>ιδ.</span> <span class='ocrx_word' id='word_1_121' title='bbox 2015 2923 2068 2979; x_wconf 85' lang='lat'><strong>5.</strong></span> <span class='ocrx_word' id='word_1_122' title='bbox 2093 2923 2158 2980; x_wconf 89' lang='lat' dir='ltr'><strong>Et</strong></span> <span class='ocrx_word' id='word_1_123' title='bbox 2187 2925 2244 2981; x_wconf 92' lang='lat' dir='ltr'><strong>in</strong></span> <span class='ocrx_word' id='word_1_124' title='bbox 2272 2926 2392 2998; x_wconf 82' lang='lat' dir='ltr'><strong>lege</strong></span> <span class='ocrx_word' id='word_1_125' title='bbox 2422 2927 2543 2998; x_wconf 88' lang='lat' dir='ltr'><strong>ejus</strong></span> <span class='ocrx_word' id='word_1_126' title='bbox 2577 2929 2928 2985; x_wconf 82' lang='lat' dir='ltr'><strong>meditabitur</strong></span> <span class='ocrx_word' id='word_1_127' title='bbox 2961 2930 3049 2986; x_wconf 89' lang='lat' dir='ltr'><strong>die</strong></span> <span class='ocrx_word' id='word_1_128' title='bbox 3082 2946 3147 2986; x_wconf 88' lang='lat' dir='ltr'><strong>ac</strong></span> <span class='ocrx_word' id='word_1_129' title='bbox 3174 2940 3351 2986; x_wconf 61' lang='lat' dir='ltr'><strong>noete.</strong></span> 
     </span>
    </p>
   </div>
   <div class='ocr_carea' id='block_1_24' title="bbox 333 3099 1886 3184">
    <p class='ocr_par' dir='ltr' id='par_1_24' title="bbox 333 3099 1839 3184">
     <span class='ocr_line' id='line_1_27' title="bbox 333 3099 1839 3184; baseline 0.009 -31"><span class='ocrx_word' id='word_1_130' title='bbox 333 3099 388 3154; x_wconf 87' lang='lat'><strong>6.</strong></span> <span class='ocrx_word' id='word_1_131' title='bbox 430 3103 541 3156; x_wconf 65' lang='grc' dir='ltr'><strong>Καὶ</strong></span> <span class='ocrx_word' id='word_1_132' title='bbox 567 3103 720 3158; x_wconf 78' lang='grc' dir='ltr'>ἔσται</span> <span class='ocrx_word' id='word_1_133' title='bbox 753 3103 830 3170; x_wconf 86' lang='grc' dir='ltr'><strong>ὡς</strong></span> <span class='ocrx_word' id='word_1_134' title='bbox 861 3106 921 3161; x_wconf 79' lang='grc' dir='ltr'><strong>τὸ</strong></span> <span class='ocrx_word' id='word_1_135' title='bbox 954 3107 1128 3175; x_wconf 81' lang='grc' dir='ltr'>ξύλον,</span> <span class='ocrx_word' id='word_1_136' title='bbox 1163 3108 1224 3161; x_wconf 79' lang='grc' dir='ltr'>τὸ</span> <span class='ocrx_word' id='word_1_137' title='bbox 1248 3127 1653 3181; x_wconf 82' lang='grc' dir='ltr'>πεφυτευμενον</span> <span class='ocrx_word' id='word_1_138' title='bbox 1687 3113 1839 3184; x_wconf 80' lang='grc' dir='ltr'>παρὰ</span> 
     </span>
    </p>
   </div>
   <div class='ocr_carea' id='block_1_25' title="bbox 1969 3099 3522 3184">
    <p class='ocr_par' dir='ltr' id='par_1_25' title="bbox 2018 3106 3522 3183">
     <span class='ocr_line' id='line_1_28' title="bbox 2018 3106 3522 3183; baseline 0.005 -22"><span class='ocrx_word' id='word_1_139' title='bbox 2018 3107 2072 3162; x_wconf 87' lang='lat'><strong>6.</strong></span> <span class='ocrx_word' id='word_1_140' title='bbox 2106 3106 2172 3162; x_wconf 83' lang='grc' dir='ltr'>Ει</span> <span class='ocrx_word' id='word_1_141' title='bbox 2193 3108 2300 3164; x_wconf 87' lang='lat' dir='ltr'><strong>erit</strong></span> <span class='ocrx_word' id='word_1_142' title='bbox 2339 3117 2601 3180; x_wconf 83' lang='lat' dir='ltr'><strong>tanquam</strong></span> <span class='ocrx_word' id='word_1_143' title='bbox 2631 3111 2863 3180; x_wconf 89' lang='lat' dir='ltr'><strong>lignum,</strong></span> <span class='ocrx_word' id='word_1_144' title='bbox 2902 3113 3047 3182; x_wconf 86' lang='lat' dir='ltr'><strong>quod</strong></span> <span class='ocrx_word' id='word_1_145' title='bbox 3101 3113 3409 3183; x_wconf 80' lang='lat' dir='ltr'><strong>plantatum</strong></span> <span class='ocrx_word' id='word_1_146' title='bbox 3439 3122 3522 3168; x_wconf 86' lang='lat' dir='ltr'><strong>est</strong></span> 
     </span>
    </p>
   </div>
   <div class='ocr_carea' id='block_1_26' title="bbox 260 3191 1813 3273">
    <p class='ocr_par' dir='ltr' id='par_1_26' title="bbox 260 3191 1060 3262">
     <span class='ocr_line' id='line_1_29' title="bbox 260 3191 1060 3262; baseline 0.009 -16"><span class='ocrx_word' id='word_1_147' title='bbox 260 3191 362 3256; x_wconf 75' lang='grc' dir='ltr'><strong>τὰς</strong></span> <span class='ocrx_word' id='word_1_148' title='bbox 389 3193 653 3262; x_wconf 77' lang='grc' dir='ltr'><strong>διεξόδους</strong></span> <span class='ocrx_word' id='word_1_149' title='bbox 673 3197 780 3251; x_wconf 81' lang='grc' dir='ltr'>τῶν</span> <span class='ocrx_word' id='word_1_150' title='bbox 809 3197 1017 3252; x_wconf 82' lang='grc' dir='ltr'>ὑδάτων</span> <span class='ocrx_word' id='word_1_151' title='bbox 1047 3219 1060 3230; x_wconf 74' lang='grc' dir='ltr'><strong>ο</strong></span> 
     </span>
    </p>
   </div>
   <div class='ocr_carea' id='block_1_27' title="bbox 1216 3191 2769 3273">
    <p class='ocr_par' dir='ltr' id='par_1_27' title="bbox 1942 3201 2769 3273">
     <span class='ocr_line' id='line_1_30' title="bbox 1942 3201 2769 3273; baseline 0.002 -19"><span class='ocrx_word' id='word_1_152' title='bbox 1942 3214 2102 3256; x_wconf 83' lang='lat' dir='ltr'><strong>secus</strong></span> <span class='ocrx_word' id='word_1_153' title='bbox 2153 3201 2418 3258; x_wconf 88' lang='lat' dir='ltr'><strong>decursus</strong></span> <span class='ocrx_word' id='word_1_154' title='bbox 2465 3218 2769 3273; x_wconf 89' lang='lat' dir='ltr'><strong>aquarum,</strong></span> 
     </span>
    </p>
   </div>
   <div class='ocr_carea' id='block_1_28' title="bbox 331 3289 1884 3365">
    <p class='ocr_par' dir='ltr' id='par_1_28' title="bbox 331 3289 1766 3365">
     <span class='ocr_line' id='line_1_31' title="bbox 331 3289 1766 3365; baseline 0.003 -22"><span class='ocrx_word' id='word_1_155' title='bbox 331 3289 386 3343; x_wconf 91' lang='lat'><strong>7.</strong></span> <span class='ocrx_word' id='word_1_156' title='bbox 434 3292 498 3344; x_wconf 90' lang='grc' dir='ltr'><strong>Ὃ</strong></span> <span class='ocrx_word' id='word_1_157' title='bbox 526 3291 618 3344; x_wconf 74' lang='grc' dir='ltr'><strong>τὸν</strong></span> <span class='ocrx_word' id='word_1_158' title='bbox 651 3293 860 3364; x_wconf 77' lang='grc' dir='ltr'>καρπὸν</span> <span class='ocrx_word' id='word_1_159' title='bbox 896 3292 1061 3347; x_wconf 77' lang='grc' dir='ltr'>αὑτοῦ</span> <span class='ocrx_word' id='word_1_160' title='bbox 1091 3293 1250 3347; x_wconf 76' lang='grc' dir='ltr'>δώσει</span> <span class='ocrx_word' id='word_1_161' title='bbox 1286 3294 1344 3346; x_wconf 84' lang='grc' dir='ltr'>ὲν</span> <span class='ocrx_word' id='word_1_162' title='bbox 1373 3294 1551 3365; x_wconf 86' lang='grc' dir='ltr'>καιρῷ</span> <span class='ocrx_word' id='word_1_163' title='bbox 1579 3295 1766 3360; x_wconf 79' lang='grc' dir='ltr'>αὐτοῦ,</span> 
     </span>
    </p>
   </div>
   <div class='ocr_carea' id='block_1_29' title="bbox 1966 3289 3519 3365">
    <p class='ocr_par' dir='ltr' id='par_1_29' title="bbox 2014 3293 3519 3362">
     <span class='ocr_line' id='line_1_32' title="bbox 2014 3293 3519 3362; baseline 0.001 -16"><span class='ocrx_word' id='word_1_164' title='bbox 2014 3294 2067 3346; x_wconf 81' lang='lat'><strong>7.</strong></span> <span class='ocrx_word' id='word_1_165' title='bbox 2099 3293 2255 3360; x_wconf 86' lang='lat' dir='ltr'><strong>Quod</strong></span> <span class='ocrx_word' id='word_1_166' title='bbox 2306 3293 2550 3349; x_wconf 82' lang='lat' dir='ltr'><strong>fructum</strong></span> <span class='ocrx_word' id='word_1_167' title='bbox 2604 3311 2766 3350; x_wconf 89' lang='lat' dir='ltr'><strong>suum</strong></span> <span class='ocrx_word' id='word_1_168' title='bbox 2807 3293 2961 3348; x_wconf 85' lang='lat' dir='ltr'><strong>dabit</strong></span> <span class='ocrx_word' id='word_1_169' title='bbox 3007 3293 3062 3348; x_wconf 92' lang='lat' dir='ltr'><strong>in</strong></span> <span class='ocrx_word' id='word_1_170' title='bbox 3097 3304 3344 3362; x_wconf 86' lang='lat' dir='ltr'><strong>tempore</strong></span> <span class='ocrx_word' id='word_1_171' title='bbox 3397 3309 3519 3358; x_wconf 72' lang='lat' dir='ltr'><strong>sun,</strong></span> 
     </span>
    </p>
   </div>
   <div class='ocr_carea' id='block_1_30' title="bbox 327 3380 1880 3468">
    <p class='ocr_par' dir='ltr' id='par_1_30' title="bbox 327 3380 1880 3467">
     <span class='ocr_line' id='line_1_33' title="bbox 327 3380 1880 3467; baseline 0.005 -32"><span class='ocrx_word' id='word_1_172' title='bbox 327 3380 380 3436; x_wconf 87' lang='lat'><strong>8.</strong></span> <span class='ocrx_word' id='word_1_173' title='bbox 423 3383 532 3436; x_wconf 81' lang='grc' dir='ltr'>Καὶ</span> <span class='ocrx_word' id='word_1_174' title='bbox 555 3385 614 3437; x_wconf 77' lang='grc' dir='ltr'><strong>τὸ</strong></span> <span class='ocrx_word' id='word_1_175' title='bbox 640 3382 835 3452; x_wconf 79' lang='grc' dir='ltr'>φύλλον</span> <span class='ocrx_word' id='word_1_176' title='bbox 861 3387 1024 3440; x_wconf 71' lang='grc' dir='ltr'>αὐτοῦ</span> <span class='ocrx_word' id='word_1_177' title='bbox 1053 3388 1153 3440; x_wconf 82' lang='grc' dir='ltr'><strong>οὐκ</strong></span> <span class='ocrx_word' id='word_1_178' title='bbox 1182 3387 1590 3460; x_wconf 77' lang='grc' dir='ltr'>ἀπορῥυήσεται</span> <span class='ocrx_word' id='word_1_179' title='bbox 1610 3405 1624 3418; x_wconf 87' lang='grc'><strong>·</strong></span> <span class='ocrx_word' id='word_1_180' title='bbox 1866 3412 1880 3467; x_wconf 62' lang='grc' dir='ltr'><strong>ι</strong></span> 
     </span>
    </p>
   </div>
   <div class='ocr_carea' id='block_1_31' title="bbox 1380 3380 2933 3468">
    <p class='ocr_par' dir='ltr' id='par_1_31' title="bbox 1380 3386 2933 3468">
     <span class='ocr_line' id='line_1_34' title="bbox 1380 3386 2933 3468; baseline 0 -27"><span class='ocrx_word' id='word_1_181' title='bbox 1380 3389 1624 3460; x_wconf 79' lang='grc' dir='ltr'>›ήσεται·</span> <span class='ocrx_word' id='word_1_182' title='bbox 1866 3412 1911 3468; x_wconf 76' lang='grc' dir='ltr'><strong>Β</strong></span> <span class='ocrx_word' id='word_1_183' title='bbox 2012 3386 2066 3439; x_wconf 91' lang='grc'><strong>8.</strong></span> <span class='ocrx_word' id='word_1_184' title='bbox 2101 3386 2168 3440; x_wconf 86' lang='grc' dir='ltr'>Ει</span> <span class='ocrx_word' id='word_1_185' title='bbox 2196 3386 2386 3441; x_wconf 81' lang='lat' dir='ltr'><strong>folium</strong></span> <span class='ocrx_word' id='word_1_186' title='bbox 2410 3387 2532 3457; x_wconf 89' lang='lat' dir='ltr'><strong>ejus</strong></span> <span class='ocrx_word' id='word_1_187' title='bbox 2561 3403 2670 3442; x_wconf 87' lang='lat' dir='ltr'><strong>non</strong></span> <span class='ocrx_word' id='word_1_188' title='bbox 2702 3387 2933 3452; x_wconf 83' lang='lat' dir='ltr'><strong>deﬂuet;</strong></span> 
     </span>
    </p>
   </div>
   <div class='ocr_carea' id='block_1_32' title="bbox 327 3472 1880 3551">
    <p class='ocr_par' dir='ltr' id='par_1_32' title="bbox 327 3472 1702 3551">
     <span class='ocr_line' id='line_1_35' title="bbox 327 3472 1702 3551; baseline 0.006 -24"><span class='ocrx_word' id='word_1_189' title='bbox 327 3472 381 3527; x_wconf 89' lang='lat'><strong>9.</strong></span> <span class='ocrx_word' id='word_1_190' title='bbox 424 3475 534 3528; x_wconf 75' lang='lat' dir='ltr'><strong>Kal.</strong></span> <span class='ocrx_word' id='word_1_191' title='bbox 565 3477 741 3530; x_wconf 84' lang='grc' dir='ltr'>πάντα</span> <span class='ocrx_word' id='word_1_192' title='bbox 769 3479 869 3531; x_wconf 79' lang='grc' dir='ltr'><strong>ὅσα</strong></span> <span class='ocrx_word' id='word_1_193' title='bbox 902 3478 967 3532; x_wconf 81' lang='grc' dir='ltr'>ἂν</span> <span class='ocrx_word' id='word_1_194' title='bbox 999 3482 1148 3551; x_wconf 82' lang='grc' dir='ltr'>ποιῇ,</span> <span class='ocrx_word' id='word_1_195' title='bbox 1180 3479 1702 3551; x_wconf 85' lang='grc' dir='ltr'>κατευοδωθήσεται.</span> 
     </span>
    </p>
   </div>
   <div class='ocr_carea' id='block_1_33' title="bbox 1943 3472 3496 3551">
    <p class='ocr_par' dir='ltr' id='par_1_33' title="bbox 2008 3478 3496 3550">
     <span class='ocr_line' id='line_1_36' title="bbox 2008 3478 3496 3550; baseline -0.001 -17"><span class='ocrx_word' id='word_1_196' title='bbox 2008 3479 2060 3534; x_wconf 84' lang='lat'><strong>9.</strong></span> <span class='ocrx_word' id='word_1_197' title='bbox 2092 3478 2158 3532; x_wconf 89' lang='lat' dir='ltr'><strong>Et</strong></span> <span class='ocrx_word' id='word_1_198' title='bbox 2191 3480 2375 3534; x_wconf 90' lang='lat' dir='ltr'><strong>omnia</strong></span> <span class='ocrx_word' id='word_1_199' title='bbox 2413 3495 2757 3550; x_wconf 73' lang='lat' dir='ltr'><strong>quaecunque</strong></span> <span class='ocrx_word' id='word_1_200' title='bbox 2799 3479 2981 3547; x_wconf 83' lang='lat' dir='ltr'><strong>faciet,</strong></span> <span class='ocrx_word' id='word_1_201' title='bbox 3022 3478 3496 3550; x_wconf 85' lang='lat' dir='ltr'><strong>prosperabuntur</strong></span> 
     </span>
    </p>
   </div>
   <div class='ocr_carea' id='block_1_34' title="bbox 329 3563 1882 3644">
    <p class='ocr_par' dir='ltr' id='par_1_34' title="bbox 329 3563 1469 3643">
     <span class='ocr_line' id='line_1_37' title="bbox 329 3563 1469 3643; baseline 0.007 -25"><span class='ocrx_word' id='word_1_202' title='bbox 329 3563 418 3619; x_wconf 71' lang='grc'><strong>10.</strong></span> <span class='ocrx_word' id='word_1_203' title='bbox 461 3567 571 3637; x_wconf 79' lang='grc' dir='ltr'><strong>Οὐχ</strong></span> <span class='ocrx_word' id='word_1_204' title='bbox 598 3567 772 3632; x_wconf 72' lang='grc' dir='ltr'>οὕτως</span> <span class='ocrx_word' id='word_1_205' title='bbox 797 3571 844 3622; x_wconf 85' lang='grc' dir='ltr'>οἱ</span> <span class='ocrx_word' id='word_1_206' title='bbox 880 3571 1116 3636; x_wconf 86' lang='grc' dir='ltr'>ἀσεϐεῖς,</span> <span class='ocrx_word' id='word_1_207' title='bbox 1147 3573 1244 3643; x_wconf 79' lang='grc' dir='ltr'><strong>οὐχ</strong></span> <span class='ocrx_word' id='word_1_208' title='bbox 1273 3572 1469 3635; x_wconf 72' lang='grc' dir='ltr'><strong>οὕτως’</strong></span> 
     </span>
    </p>
   </div>
   <div class='ocr_carea' id='block_1_35' title="bbox 1298 3563 2851 3644">
    <p class='ocr_par' dir='ltr' id='par_1_35' title="bbox 1298 3572 2851 3644">
     <span class='ocr_line' id='line_1_38' title="bbox 1298 3572 2851 3644; baseline 0.005 -21"><span class='ocrx_word' id='word_1_209' title='bbox 1298 3572 1469 3635; x_wconf 63' lang='grc' dir='ltr'><strong>ιῦτως</strong></span> <span class='ocrx_word' id='word_1_210' title='bbox 2012 3572 2097 3628; x_wconf 75' lang='grc'><strong>10.</strong></span> <span class='ocrx_word' id='word_1_211' title='bbox 2128 3572 2245 3628; x_wconf 84' lang='grc' dir='ltr'><strong>Νοη</strong></span> <span class='ocrx_word' id='word_1_212' title='bbox 2279 3573 2358 3628; x_wconf 91' lang='lat' dir='ltr'><strong>sic</strong></span> <span class='ocrx_word' id='word_1_213' title='bbox 2384 3574 2559 3644; x_wconf 86' lang='lat' dir='ltr'><strong>impii,</strong></span> <span class='ocrx_word' id='word_1_214' title='bbox 2594 3589 2704 3630; x_wconf 88' lang='lat' dir='ltr'><strong>non</strong></span> <span class='ocrx_word' id='word_1_215' title='bbox 2735 3574 2851 3631; x_wconf 91' lang='lat' dir='ltr'><strong>sic:</strong></span> 
     </span>
    </p>
   </div>
   <div class='ocr_carea' id='block_1_36' title="bbox 325 3658 1878 3737">
    <p class='ocr_par' dir='ltr' id='par_1_36' title="bbox 325 3658 1830 3737">
     <span class='ocr_line' id='line_1_39' title="bbox 325 3658 1830 3737; baseline 0.005 -27"><span class='ocrx_word' id='word_1_216' title='bbox 325 3658 414 3712; x_wconf 81' lang='grc' dir='ltr'><strong>Η.</strong></span> <span class='ocrx_word' id='word_1_217' title='bbox 460 3658 599 3712; x_wconf 81' lang='grc' dir='ltr'>Ἀλλ’</span> <span class='ocrx_word' id='word_1_218' title='bbox 625 3660 658 3730; x_wconf 83' lang='grc' dir='ltr'>ἢ</span> <span class='ocrx_word' id='word_1_219' title='bbox 685 3662 817 3715; x_wconf 70' lang='grc' dir='ltr'>ὡσεὶ</span> <span class='ocrx_word' id='word_1_220' title='bbox 844 3663 1025 3733; x_wconf 83' lang='grc' dir='ltr'>χνοῦς,</span> <span class='ocrx_word' id='word_1_221' title='bbox 1058 3663 1116 3717; x_wconf 83' lang='grc' dir='ltr'>ὃν</span> <span class='ocrx_word' id='word_1_222' title='bbox 1145 3663 1396 3737; x_wconf 84' lang='grc' dir='ltr'>ἐκρίπτει</span> <span class='ocrx_word' id='word_1_223' title='bbox 1430 3668 1458 3718; x_wconf 88' lang='grc' dir='ltr'><strong>ὁ</strong></span> <span class='ocrx_word' id='word_1_224' title='bbox 1489 3665 1691 3736; x_wconf 78' lang='grc' dir='ltr'>ἄνεμος</span> <span class='ocrx_word' id='word_1_225' title='bbox 1719 3664 1830 3718; x_wconf 80' lang='grc' dir='ltr'><strong>ἀπὸ</strong></span> 
     </span>
    </p>
   </div>
   <div class='ocr_carea' id='block_1_37' title="bbox 1960 3658 3513 3737">
    <p class='ocr_par' dir='ltr' id='par_1_37' title="bbox 2009 3664 3513 3736">
     <span class='ocr_line' id='line_1_40' title="bbox 2009 3664 3513 3736; baseline 0.001 -19"><span class='ocrx_word' id='word_1_226' title='bbox 2009 3665 2093 3720; x_wconf 81' lang='grc' dir='ltr'><strong>Η.</strong></span> <span class='ocrx_word' id='word_1_227' title='bbox 2129 3665 2233 3719; x_wconf 79' lang='lat' dir='ltr'><strong>Sed</strong></span> <span class='ocrx_word' id='word_1_228' title='bbox 2265 3673 2526 3734; x_wconf 90' lang='lat' dir='ltr'><strong>tanquam</strong></span> <span class='ocrx_word' id='word_1_229' title='bbox 2576 3666 2775 3736; x_wconf 84' lang='lat' dir='ltr'><strong>pulvis,</strong></span> <span class='ocrx_word' id='word_1_230' title='bbox 2834 3679 2997 3734; x_wconf 90' lang='lat' dir='ltr'><strong>quem</strong></span> <span class='ocrx_word' id='word_1_231' title='bbox 3056 3664 3278 3735; x_wconf 87' lang='lat' dir='ltr'><strong>projicit</strong></span> <span class='ocrx_word' id='word_1_232' title='bbox 3317 3673 3513 3719; x_wconf 82' lang='lat' dir='ltr'><strong>ventus</strong></span> 
     </span>
    </p>
   </div>
   <div class='ocr_carea' id='block_1_38' title="bbox 247 3750 1800 3826">
    <p class='ocr_par' dir='ltr' id='par_1_38' title="bbox 247 3750 817 3826">
     <span class='ocr_line' id='line_1_41' title="bbox 247 3750 817 3826; baseline 0.009 -23"><span class='ocrx_word' id='word_1_233' title='bbox 247 3750 548 3822; x_wconf 67' lang='grc' dir='ltr'>προσώπου</span> <span class='ocrx_word' id='word_1_234' title='bbox 572 3753 672 3823; x_wconf 77' lang='grc' dir='ltr'><strong>τῆς</strong></span> <span class='ocrx_word' id='word_1_235' title='bbox 695 3756 817 3826; x_wconf 83' lang='grc' dir='ltr'><strong>γῆς.</strong></span> 
     </span>
    </p>
   </div>
   <div class='ocr_carea' id='block_1_39' title="bbox 771 3750 2324 3826">
    <p class='ocr_par' dir='ltr' id='par_1_39' title="bbox 771 3754 2324 3818">
     <span class='ocr_line' id='line_1_42' title="bbox 771 3754 2324 3818; baseline -0.007 0"><span class='ocrx_word' id='word_1_236' title='bbox 771 3773 817 3818; x_wconf 78' lang='grc' dir='ltr'><strong>ς·</strong></span> <span class='ocrx_word' id='word_1_237' title='bbox 1933 3771 1964 3810; x_wconf 88' lang='lat' dir='ltr'><strong>a</strong></span> <span class='ocrx_word' id='word_1_238' title='bbox 1987 3754 2124 3810; x_wconf 77' lang='lat' dir='ltr'><strong>facie</strong></span> <span class='ocrx_word' id='word_1_239' title='bbox 2147 3765 2324 3810; x_wconf 82' lang='lat' dir='ltr'><strong>terrae.</strong></span> 
     </span>
    </p>
   </div>
   <div class='ocr_carea' id='block_1_40' title="bbox 319 3844 1872 3920">
    <p class='ocr_par' dir='ltr' id='par_1_40' title="bbox 319 3844 1823 3920">
     <span class='ocr_line' id='line_1_43' title="bbox 319 3844 1823 3920; baseline 0.003 -22"><span class='ocrx_word' id='word_1_240' title='bbox 319 3844 410 3899; x_wconf 71' lang='grc'><strong>12.</strong></span> <span class='ocrx_word' id='word_1_241' title='bbox 451 3845 548 3900; x_wconf 85' lang='grc' dir='ltr'>Διά</span> <span class='ocrx_word' id='word_1_242' title='bbox 575 3845 732 3899; x_wconf 79' lang='grc' dir='ltr'>τοῦτο</span> <span class='ocrx_word' id='word_1_243' title='bbox 759 3848 857 3901; x_wconf 86' lang='grc' dir='ltr'><strong>οὑκ</strong></span> <span class='ocrx_word' id='word_1_244' title='bbox 879 3849 1272 3920; x_wconf 82' lang='grc' dir='ltr'>ἀναστήσονται</span> <span class='ocrx_word' id='word_1_245' title='bbox 1302 3849 1517 3914; x_wconf 84' lang='grc' dir='ltr'>ἀσεϐεῖς</span> <span class='ocrx_word' id='word_1_246' title='bbox 1541 3851 1599 3903; x_wconf 86' lang='grc' dir='ltr'>ὲν</span> <span class='ocrx_word' id='word_1_247' title='bbox 1625 3850 1823 3920; x_wconf 81' lang='grc' dir='ltr'>κρίσει,</span> 
     </span>
    </p>
   </div>
   <div class='ocr_carea' id='block_1_41' title="bbox 1667 3844 3220 3920">
    <p class='ocr_par' dir='ltr' id='par_1_41' title="bbox 1667 3847 3220 3920">
     <span class='ocr_line' id='line_1_44' title="bbox 1667 3847 3220 3920; baseline -0.001 -18"><span class='ocrx_word' id='word_1_248' title='bbox 1667 3850 1823 3920; x_wconf 61' lang='lat' dir='ltr'><strong>picea,</strong></span> <span class='ocrx_word' id='word_1_249' title='bbox 2011 3849 2099 3901; x_wconf 74' lang='grc'><strong>12.</strong></span> <span class='ocrx_word' id='word_1_250' title='bbox 2129 3847 2255 3902; x_wconf 85' lang='lat' dir='ltr'><strong>Ideo</strong></span> <span class='ocrx_word' id='word_1_251' title='bbox 2279 3863 2388 3902; x_wconf 90' lang='lat' dir='ltr'><strong>non</strong></span> <span class='ocrx_word' id='word_1_252' title='bbox 2413 3847 2874 3918; x_wconf 79' lang='lat' dir='ltr'><strong>resurgentimpii</strong></span> <span class='ocrx_word' id='word_1_253' title='bbox 2911 3849 2964 3902; x_wconf 92' lang='lat' dir='ltr'><strong>in</strong></span> <span class='ocrx_word' id='word_1_254' title='bbox 2991 3847 3220 3918; x_wconf 82' lang='lat' dir='ltr'><strong>judicio,</strong></span> 
     </span>
    </p>
   </div>
   <div class='ocr_carea' id='block_1_42' title="bbox 321 3935 1874 4010">
    <p class='ocr_par' dir='ltr' id='par_1_42' title="bbox 321 3935 1492 4010">
     <span class='ocr_line' id='line_1_45' title="bbox 321 3935 1492 4010; baseline 0.006 -22"><span class='ocrx_word' id='word_1_255' title='bbox 321 3935 408 3989; x_wconf 77' lang='grc'><strong>15.</strong></span> <span class='ocrx_word' id='word_1_256' title='bbox 446 3935 580 3990; x_wconf 83' lang='grc' dir='ltr'>Οὐδὲ</span> <span class='ocrx_word' id='word_1_257' title='bbox 617 3937 928 4010; x_wconf 79' lang='grc' dir='ltr'>ἁμαρτωλοὶ</span> <span class='ocrx_word' id='word_1_258' title='bbox 959 3940 1016 3993; x_wconf 84' lang='grc' dir='ltr'>ὲν</span> <span class='ocrx_word' id='word_1_259' title='bbox 1049 3939 1213 4010; x_wconf 86' lang='grc' dir='ltr'>βουλῇ</span> <span class='ocrx_word' id='word_1_260' title='bbox 1242 3939 1492 3995; x_wconf 83' lang='grc' dir='ltr'>δικαίων.</span> 
     </span>
    </p>
   </div>
   <div class='ocr_carea' id='block_1_43' title="bbox 1774 3935 3327 4010">
    <p class='ocr_par' dir='ltr' id='par_1_43' title="bbox 2002 3937 3327 4010">
     <span class='ocr_line' id='line_1_46' title="bbox 2002 3937 3327 4010; baseline 0 -19"><span class='ocrx_word' id='word_1_261' title='bbox 2002 3939 2090 3992; x_wconf 80' lang='grc'><strong>15.</strong></span> <span class='ocrx_word' id='word_1_262' title='bbox 2125 3937 2311 4007; x_wconf 87' lang='lat' dir='ltr'><strong>Neque</strong></span> <span class='ocrx_word' id='word_1_263' title='bbox 2338 3947 2655 4010; x_wconf 81' lang='lat' dir='ltr'><strong>peccatores</strong></span> <span class='ocrx_word' id='word_1_264' title='bbox 2682 3939 2737 3992; x_wconf 90' lang='lat' dir='ltr'><strong>in</strong></span> <span class='ocrx_word' id='word_1_265' title='bbox 2767 3937 3006 3993; x_wconf 86' lang='lat' dir='ltr'><strong>consilio</strong></span> <span class='ocrx_word' id='word_1_266' title='bbox 3027 3937 3327 4006; x_wconf 82' lang='lat' dir='ltr'><strong>justorum.</strong></span> 
     </span>
    </p>
   </div>
   <div class='ocr_carea' id='block_1_44' title="bbox 321 4026 1874 4104">
    <p class='ocr_par' dir='ltr' id='par_1_44' title="bbox 321 4026 1533 4104">
     <span class='ocr_line' id='line_1_47' title="bbox 321 4026 1533 4104; baseline 0.007 -25"><span class='ocrx_word' id='word_1_267' title='bbox 321 4026 412 4082; x_wconf 76' lang='lat' dir='ltr'><strong>M.</strong></span> <span class='ocrx_word' id='word_1_268' title='bbox 456 4028 575 4081; x_wconf 86' lang='grc' dir='ltr'>Ὅτι</span> <span class='ocrx_word' id='word_1_269' title='bbox 603 4029 862 4098; x_wconf 82' lang='grc' dir='ltr'><strong>γινώσκει</strong></span> <span class='ocrx_word' id='word_1_270' title='bbox 894 4031 1099 4104; x_wconf 83' lang='grc' dir='ltr'>Κύριος</span> <span class='ocrx_word' id='word_1_271' title='bbox 1131 4032 1249 4084; x_wconf 71' lang='grc' dir='ltr'>ὁδον</span> <span class='ocrx_word' id='word_1_272' title='bbox 1285 4031 1533 4097; x_wconf 82' lang='grc' dir='ltr'>δικαίων,</span> 
     </span>
    </p>
   </div>
   <div class='ocr_carea' id='block_1_45' title="bbox 1846 4026 3399 4104">
    <p class='ocr_par' dir='ltr' id='par_1_45' title="bbox 2002 4028 3399 4096">
     <span class='ocr_line' id='line_1_48' title="bbox 2002 4028 3399 4096; baseline -0.002 -12"><span class='ocrx_word' id='word_1_273' title='bbox 2002 4030 2092 4084; x_wconf 75' lang='grc'><strong>14.</strong></span> <span class='ocrx_word' id='word_1_274' title='bbox 2123 4028 2396 4096; x_wconf 85' lang='lat' dir='ltr'><strong>Quoniam</strong></span> <span class='ocrx_word' id='word_1_275' title='bbox 2429 4032 2581 4085; x_wconf 87' lang='lat' dir='ltr'><strong>novit</strong></span> <span class='ocrx_word' id='word_1_276' title='bbox 2607 4029 2874 4086; x_wconf 86' lang='lat' dir='ltr'><strong>Dominus</strong></span> <span class='ocrx_word' id='word_1_277' title='bbox 2913 4029 3058 4084; x_wconf 72' lang='lat' dir='ltr'><strong>viam</strong></span> <span class='ocrx_word' id='word_1_278' title='bbox 3086 4029 3359 4083; x_wconf 82' lang='lat' dir='ltr'><strong>&#39;ustorum</strong></span> <span class='ocrx_word' id='word_1_279' title='bbox 3383 4067 3399 4093; x_wconf 95' lang='lat'><strong>,</strong></span> 
     </span>
    </p>
   </div>
   <div class='ocr_carea' id='block_1_46' title="bbox 316 4119 1869 4194">
    <p class='ocr_par' dir='ltr' id='par_1_46' title="bbox 316 4119 1271 4189">
     <span class='ocr_line' id='line_1_49' title="bbox 316 4119 1271 4189; baseline 0.005 -14"><span class='ocrx_word' id='word_1_280' title='bbox 316 4119 409 4176; x_wconf 78' lang='grc'><strong>15.</strong></span> <span class='ocrx_word' id='word_1_281' title='bbox 446 4122 559 4176; x_wconf 76' lang='grc' dir='ltr'>Καὶ</span> <span class='ocrx_word' id='word_1_282' title='bbox 582 4122 696 4189; x_wconf 85' lang='grc' dir='ltr'>ὁδὸς</span> <span class='ocrx_word' id='word_1_283' title='bbox 723 4124 935 4180; x_wconf 86' lang='grc' dir='ltr'>ἀσεϐῶν</span> <span class='ocrx_word' id='word_1_284' title='bbox 963 4127 1271 4180; x_wconf 84' lang='grc' dir='ltr'>ἀπολεῖται.</span> 
     </span>
    </p>
   </div>
   <div class='ocr_carea' id='block_1_47' title="bbox 1356 4119 2909 4194">
    <p class='ocr_par' dir='ltr' id='par_1_47' title="bbox 1999 4119 2909 4194">
     <span class='ocr_line' id='line_1_50' title="bbox 1999 4119 2909 4194; baseline 0.002 -21"><span class='ocrx_word' id='word_1_285' title='bbox 1999 4119 2026 4173; x_wconf 81' lang='lat' dir='ltr'><strong>l</strong></span> <span class='ocrx_word' id='word_1_286' title='bbox 2040 4120 2090 4174; x_wconf 83' lang='lat'><strong>5.</strong></span> <span class='ocrx_word' id='word_1_287' title='bbox 2127 4119 2196 4176; x_wconf 86' lang='lat' dir='ltr'><strong>Et</strong></span> <span class='ocrx_word' id='word_1_288' title='bbox 2223 4121 2328 4177; x_wconf 86' lang='lat' dir='ltr'><strong>iter</strong></span> <span class='ocrx_word' id='word_1_289' title='bbox 2349 4122 2646 4193; x_wconf 91' lang='lat' dir='ltr'><strong>impiorum</strong></span> <span class='ocrx_word' id='word_1_290' title='bbox 2687 4123 2909 4194; x_wconf 89' lang='lat' dir='ltr'><strong>peribit.</strong></span> 
     </span>
    </p>
   </div>
   <div class='ocr_carea' id='block_1_48' title="bbox 255 4385 3496 4421">
    <p class='ocr_par' dir='ltr' id='par_1_48' title="bbox 255 4385 3496 4421">
     <span class='ocr_line' id='line_1_51' title="bbox 255 4385 3496 4421; baseline 0.004 -28"><span class='ocrx_word' id='word_1_291' title='bbox 255 4385 3496 4421; x_wconf 63' lang='lat' dir='ltr'><strong>W—</strong></span> 
     </span>
    </p>
   </div>
   <div class='ocr_carea' id='block_1_49' title="bbox 537 4589 2090 4654">
    <p class='ocr_par' dir='ltr' id='par_1_49' title="bbox 537 4595 1590 4654">
     <span class='ocr_line' id='line_1_52' title="bbox 537 4595 1590 4654; baseline -0.006 0"><span class='ocrx_word' id='word_1_292' title='bbox 537 4596 676 4654; x_wconf 79' lang='grc' dir='ltr'><strong>ΤΟΥ</strong></span> <span class='ocrx_word' id='word_1_293' title='bbox 705 4595 799 4650; x_wconf 84' lang='grc' dir='ltr'><strong>ΕΝ</strong></span> <span class='ocrx_word' id='word_1_294' title='bbox 836 4597 1059 4651; x_wconf 79' lang='grc' dir='ltr'><strong>ΔΓΙΟῙΣ</strong></span> <span class='ocrx_word' id='word_1_295' title='bbox 1090 4596 1360 4651; x_wconf 82' lang='grc' dir='ltr'><strong>ΠΑΤΡΟΣ</strong></span> <span class='ocrx_word' id='word_1_296' title='bbox 1391 4595 1590 4650; x_wconf 83' lang='grc' dir='ltr'><strong>ΗΜΩΝ</strong></span> 
     </span>
    </p>
   </div>
   <div class='ocr_carea' id='block_1_50' title="bbox 1591 4589 3144 4654">
    <p class='ocr_par' dir='ltr' id='par_1_50' title="bbox 2273 4589 3144 4651">
     <span class='ocr_line' id='line_1_53' title="bbox 2273 4589 3144 4651; baseline -0.007 0"><span class='ocrx_word' id='word_1_297' title='bbox 2273 4591 2521 4651; x_wconf 81' lang='lat' dir='ltr'><strong>SANCTI</strong></span> <span class='ocrx_word' id='word_1_298' title='bbox 2580 4590 2832 4647; x_wconf 81' lang='lat' dir='ltr'><strong>PATRIS</strong></span> <span class='ocrx_word' id='word_1_299' title='bbox 2890 4589 3144 4647; x_wconf 79' lang='lat' dir='ltr'><strong>NOSTRI</strong></span> 
     </span>
    </p>
   </div>
   <div class='ocr_carea' id='block_1_51' title="bbox 830 4703 2383 4766">
    <p class='ocr_par' dir='ltr' id='par_1_51' title="bbox 830 4711 1223 4766">
     <span class='ocr_line' id='line_1_54' title="bbox 830 4711 1223 4766; baseline -0.005 0"><span class='ocrx_word' id='word_1_300' title='bbox 830 4711 1223 4766; x_wconf 77' lang='grc' dir='ltr'><strong>ΔΘΑΝΑΣΙΟΥ</strong></span> 
     </span>
    </p>
   </div>
   <div class='ocr_carea' id='block_1_52' title="bbox 1339 4703 2892 4766">
    <p class='ocr_par' dir='ltr' id='par_1_52' title="bbox 2519 4703 2892 4762">
     <span class='ocr_line' id='line_1_55' title="bbox 2519 4703 2892 4762; baseline 0 -2"><span class='ocrx_word' id='word_1_301' title='bbox 2519 4703 2892 4762; x_wconf 79' lang='lat' dir='ltr'><strong>ATHANASII</strong></span> 
     </span>
    </p>
   </div>
   <div class='ocr_carea' id='block_1_53' title="bbox 563 4823 2116 4899">
    <p class='ocr_par' dir='ltr' id='par_1_53' title="bbox 563 4825 1486 4899">
     <span class='ocr_line' id='line_1_56' title="bbox 563 4825 1486 4899; baseline 0 -19"><span class='ocrx_word' id='word_1_302' title='bbox 563 4826 1015 4899; x_wconf 75' lang='grc' dir='ltr'>’Δρχιεπισκύπου</span> <span class='ocrx_word' id='word_1_303' title='bbox 1079 4825 1486 4899; x_wconf 73' lang='grc' dir='ltr'>Ἀλεξανδρείας</span> 
     </span>
    </p>
   </div>
   <div class='ocr_carea' id='block_1_54' title="bbox 1553 4823 3106 4899">
    <p class='ocr_par' dir='ltr' id='par_1_54' title="bbox 2306 4823 3106 4894">
     <span class='ocr_line' id='line_1_57' title="bbox 2306 4823 3106 4894; baseline -0.001 -15"><span class='ocrx_word' id='word_1_304' title='bbox 2306 4824 2722 4894; x_wconf 80' lang='lat' dir='ltr'><strong>ArchiepiscOpi</strong></span> <span class='ocrx_word' id='word_1_305' title='bbox 2749 4823 3106 4878; x_wconf 82' lang='lat' dir='ltr'><strong>Alexandrini</strong></span> 
     </span>
    </p>
   </div>
   <div class='ocr_carea' id='block_1_55' title="bbox 804 4939 2357 4997">
    <p class='ocr_par' dir='ltr' id='par_1_55' title="bbox 804 4943 1205 4997">
     <span class='ocr_line' id='line_1_58' title="bbox 804 4943 1205 4997; baseline 0.002 -1"><span class='ocrx_word' id='word_1_306' title='bbox 804 4943 1179 4997; x_wconf 81' lang='grc' dir='ltr'><strong>ΕΡΜΗΝΕΙΑ</strong></span> <span class='ocrx_word' id='word_1_307' title='bbox 1191 4983 1205 4996; x_wconf 95' lang='grc'><strong>.</strong></span> 
     </span>
    </p>
   </div>
   <div class='ocr_carea' id='block_1_56' title="bbox 1476 4939 3029 4997">
    <p class='ocr_par' dir='ltr' id='par_1_56' title="bbox 2389 4939 3029 4995">
     <span class='ocr_line' id='line_1_59' title="bbox 2389 4939 3029 4995; baseline -0.002 0"><span class='ocrx_word' id='word_1_308' title='bbox 2389 4940 2628 4995; x_wconf 83' lang='lat' dir='ltr'><strong><em>INTER</em></strong></span> <span class='ocrx_word' id='word_1_309' title='bbox 2639 4939 2953 4995; x_wconf 84' lang='lat' dir='ltr'><strong>PRETATI</strong></span> <span class='ocrx_word' id='word_1_310' title='bbox 2965 4939 3029 4995; x_wconf 92' lang='lat'><strong>0.</strong></span> 
     </span>
    </p>
   </div>
   <div class='ocr_carea' id='block_1_57' title="bbox 313 5116 3493 5192">
    <p class='ocr_par' dir='ltr' id='par_1_57' title="bbox 313 5116 3493 5192">
     <span class='ocr_line' id='line_1_60' title="bbox 313 5116 3493 5192; baseline -0.003 -12"><span class='ocrx_word' id='word_1_311' title='bbox 313 5125 558 5180; x_wconf 79' lang='lat' dir='ltr'><strong>Psalmus</strong></span> <span class='ocrx_word' id='word_1_312' title='bbox 585 5123 790 5192; x_wconf 86' lang='lat' dir='ltr'><strong>primus</strong></span> <span class='ocrx_word' id='word_1_313' title='bbox 821 5123 1008 5176; x_wconf 85' lang='lat' dir='ltr'><strong>deest:</strong></span> <span class='ocrx_word' id='word_1_314' title='bbox 1036 5121 1108 5176; x_wconf 89' lang='lat' dir='ltr'><strong>ita</strong></span> <span class='ocrx_word' id='word_1_315' title='bbox 1136 5122 1400 5192; x_wconf 86' lang='lat' dir='ltr'><strong>scriptum</strong></span> <span class='ocrx_word' id='word_1_316' title='bbox 1435 5121 1637 5190; x_wconf 74' lang='lat' dir='ltr'><strong>legitur</strong></span> <span class='ocrx_word' id='word_1_317' title='bbox 1660 5119 1848 5176; x_wconf 86' lang='lat' dir='ltr'><strong>rubris</strong></span> <span class='ocrx_word' id='word_1_318' title='bbox 1875 5119 2079 5176; x_wconf 83' lang='lat' dir='ltr'><strong>litteris</strong></span> <span class='ocrx_word' id='word_1_319' title='bbox 2105 5119 2160 5174; x_wconf 91' lang='lat' dir='ltr'><strong>in</strong></span> <span class='ocrx_word' id='word_1_320' title='bbox 2193 5119 2442 5190; x_wconf 78' lang='lat' dir='ltr'><strong>margine</strong></span> <span class='ocrx_word' id='word_1_321' title='bbox 2479 5119 2696 5189; x_wconf 73' lang='lat' dir='ltr'><strong>pagina:</strong></span> <span class='ocrx_word' id='word_1_322' title='bbox 2731 5116 2986 5173; x_wconf 85' lang='lat' dir='ltr'><strong>Psalterii</strong></span> <span class='ocrx_word' id='word_1_323' title='bbox 3023 5116 3201 5173; x_wconf 68' lang='lat' dir='ltr'><strong>Graeci</strong></span> <span class='ocrx_word' id='word_1_324' title='bbox 3224 5125 3279 5171; x_wconf 89' lang='lat' dir='ltr'><strong>et</strong></span> <span class='ocrx_word' id='word_1_325' title='bbox 3307 5116 3493 5172; x_wconf 73' lang='lat' dir='ltr'><strong>Latini</strong></span> 
     </span>
    </p>
   </div>
   <div class='ocr_carea' id='block_1_58' title="bbox 226 5220 3495 5299">
    <p class='ocr_par' dir='ltr' id='par_1_58' title="bbox 226 5220 3495 5299">
     <span class='ocr_line' id='line_1_61' title="bbox 226 5220 3495 5299; baseline -0.003 -17"><span class='ocrx_word' id='word_1_326' title='bbox 226 5228 368 5299; x_wconf 75' lang='lat' dir='ltr'><strong>typis</strong></span> <span class='ocrx_word' id='word_1_327' title='bbox 419 5223 698 5296; x_wconf 85' lang='lat' dir='ltr'><strong>impressi,</strong></span> <span class='ocrx_word' id='word_1_328' title='bbox 757 5231 818 5279; x_wconf 88' lang='lat' dir='ltr'><strong>et</strong></span> <span class='ocrx_word' id='word_1_329' title='bbox 860 5223 1075 5295; x_wconf 80' lang='lat' dir='ltr'><strong>paginis</strong></span> <span class='ocrx_word' id='word_1_330' title='bbox 1112 5222 1282 5276; x_wconf 84' lang='lat' dir='ltr'><strong>nostri</strong></span> <span class='ocrx_word' id='word_1_331' title='bbox 1306 5222 1513 5278; x_wconf 87' lang='lat' dir='ltr'><strong>codicis</strong></span> <span class='ocrx_word' id='word_1_332' title='bbox 1539 5222 1796 5288; x_wconf 67' lang='lat' dir='ltr'><strong>insertae;</strong></span> <span class='ocrx_word' id='word_1_333' title='bbox 1832 5221 1888 5275; x_wconf 91' lang='lat' dir='ltr'><strong>in</strong></span> <span class='ocrx_word' id='word_1_334' title='bbox 1919 5220 2167 5276; x_wconf 83' lang='lat' dir='ltr'><strong>inferiori</strong></span> <span class='ocrx_word' id='word_1_335' title='bbox 2196 5230 2382 5276; x_wconf 84' lang='lat' dir='ltr'><strong>autem</strong></span> <span class='ocrx_word' id='word_1_336' title='bbox 2441 5221 2695 5291; x_wconf 79' lang='lat' dir='ltr'><strong>margine</strong></span> <span class='ocrx_word' id='word_1_337' title='bbox 2739 5220 2808 5274; x_wconf 90' lang='lat' dir='ltr'><strong>ad</strong></span> <span class='ocrx_word' id='word_1_338' title='bbox 2860 5221 3026 5274; x_wconf 82' lang='lat' dir='ltr'><strong>verba</strong></span> <span class='ocrx_word' id='word_1_339' title='bbox 3071 5221 3184 5285; x_wconf 90' lang='lat' dir='ltr'><strong>illa,</strong></span> <span class='ocrx_word' id='word_1_340' title='bbox 3219 5221 3314 5273; x_wconf 70' lang='grc' dir='ltr'><strong>καὶ</strong></span> <span class='ocrx_word' id='word_1_341' title='bbox 3375 5221 3495 5282; x_wconf 65' lang='grc' dir='ltr'><strong>ὸεξς</strong></span> 
     </span>
    </p>
   </div>
   <div class='ocr_carea' id='block_1_59' title="bbox 223 5314 1776 5388">
    <p class='ocr_par' dir='ltr' id='par_1_59' title="bbox 223 5318 1776 5388">
     <span class='ocr_line' id='line_1_62' title="bbox 223 5318 1776 5388; baseline -0.002 -13"><span class='ocrx_word' id='word_1_342' title='bbox 223 5321 436 5376; x_wconf 83' lang='grc' dir='ltr'>ἀσεϐῶν</span> <span class='ocrx_word' id='word_1_343' title='bbox 489 5319 790 5385; x_wconf 83' lang='grc' dir='ltr'>ἀπολεῖται,</span> <span class='ocrx_word' id='word_1_344' title='bbox 844 5319 946 5373; x_wconf 88' lang='lat' dir='ltr'><strong>iter</strong></span> <span class='ocrx_word' id='word_1_345' title='bbox 1003 5318 1287 5388; x_wconf 84' lang='lat' dir='ltr'><strong>impiorum</strong></span> <span class='ocrx_word' id='word_1_346' title='bbox 1314 5318 1538 5387; x_wconf 81' lang='lat' dir='ltr'><strong>peribit,</strong></span> <span class='ocrx_word' id='word_1_347' title='bbox 1587 5319 1703 5373; x_wconf 63' lang='lat' dir='ltr'><strong>haec</strong></span> <span class='ocrx_word' id='word_1_348' title='bbox 1747 5333 1776 5372; x_wconf 88' lang='lat' dir='ltr'><strong>a</strong></span> 
     </span>
    </p>
   </div>
   <div class='ocr_carea' id='block_1_60' title="bbox 1933 5314 3486 5388">
    <p class='ocr_par' dir='ltr' id='par_1_60' title="bbox 1933 5314 3486 5387">
     <span class='ocr_line' id='line_1_63' title="bbox 1933 5314 3486 5387; baseline -0.005 -14"><span class='ocrx_word' id='word_1_349' title='bbox 1933 5327 2002 5373; x_wconf 80' lang='lat' dir='ltr'><strong>tta</strong></span> <span class='ocrx_word' id='word_1_350' title='bbox 2036 5326 2164 5373; x_wconf 89' lang='lat' dir='ltr'><strong>sunt</strong></span> <span class='ocrx_word' id='word_1_351' title='bbox 2191 5335 2205 5371; x_wconf 89' lang='lat'><strong>:</strong></span> <span class='ocrx_word' id='word_1_352' title='bbox 2238 5317 2320 5370; x_wconf 84' lang='grc' dir='ltr'><strong>Τά</strong></span> <span class='ocrx_word' id='word_1_353' title='bbox 2354 5315 2775 5387; x_wconf 75' lang='grc' dir='ltr'>ἐπιτηδεύματα</span> <span class='ocrx_word' id='word_1_354' title='bbox 2816 5315 2910 5369; x_wconf 79' lang='grc' dir='ltr'><strong>τοῦ</strong></span> <span class='ocrx_word' id='word_1_355' title='bbox 2937 5315 3187 5368; x_wconf 80' lang='grc' dir='ltr'>διαϐόλου</span> <span class='ocrx_word' id='word_1_356' title='bbox 3224 5314 3361 5385; x_wconf 78' lang='grc' dir='ltr'>μετὰ</span> <span class='ocrx_word' id='word_1_357' title='bbox 3392 5315 3486 5381; x_wconf 72' lang='grc' dir='ltr'><strong>τὴν</strong></span> 
     </span>
    </p>
   </div>
   <div class='ocr_carea' id='block_1_61' title="bbox 221 5408 1774 5478">
    <p class='ocr_par' dir='ltr' id='par_1_61' title="bbox 221 5408 1769 5474">
     <span class='ocr_line' id='line_1_64' title="bbox 221 5408 1769 5474; baseline -0.002 -8"><span class='ocrx_word' id='word_1_358' title='bbox 221 5412 518 5466; x_wconf 72' lang='grc' dir='ltr'>ἀνάστασιν</span> <span class='ocrx_word' id='word_1_359' title='bbox 562 5410 664 5464; x_wconf 81' lang='grc' dir='ltr'><strong>οὐκ</strong></span> <span class='ocrx_word' id='word_1_360' title='bbox 717 5408 801 5463; x_wconf 75' lang='grc' dir='ltr'><strong>ἔτι</strong></span> <span class='ocrx_word' id='word_1_361' title='bbox 849 5408 1079 5464; x_wconf 68' lang='grc' dir='ltr'>ἔσονται.</span> <span class='ocrx_word' id='word_1_362' title='bbox 1136 5408 1411 5463; x_wconf 81' lang='lat' dir='ltr'><strong>Diabolica</strong></span> <span class='ocrx_word' id='word_1_363' title='bbox 1462 5410 1664 5474; x_wconf 82' lang='lat' dir='ltr'><strong>studia,</strong></span> <span class='ocrx_word' id='word_1_364' title='bbox 1717 5418 1769 5463; x_wconf 93' lang='lat' dir='ltr'><strong>et</strong></span> 
     </span>
    </p>
   </div>
   <div class='ocr_carea' id='block_1_62' title="bbox 1932 5408 3485 5478">
    <p class='ocr_par' dir='ltr' id='par_1_62' title="bbox 1932 5408 3485 5478">
     <span class='ocr_line' id='line_1_65' title="bbox 1932 5408 3485 5478; baseline 0.001 -16"><span class='ocrx_word' id='word_1_365' title='bbox 1932 5411 2215 5464; x_wconf 73' lang='lat' dir='ltr'><strong>mentiones</strong></span> <span class='ocrx_word' id='word_1_366' title='bbox 2251 5426 2358 5464; x_wconf 90' lang='lat' dir='ltr'><strong>non</strong></span> <span class='ocrx_word' id='word_1_367' title='bbox 2405 5408 2636 5478; x_wconf 80' lang='lat' dir='ltr'><strong>amplius</strong></span> <span class='ocrx_word' id='word_1_368' title='bbox 2672 5417 2828 5462; x_wconf 85' lang='lat' dir='ltr'><strong>erunt</strong></span> <span class='ocrx_word' id='word_1_369' title='bbox 2869 5415 2988 5478; x_wconf 86' lang='lat' dir='ltr'><strong>post</strong></span> <span class='ocrx_word' id='word_1_370' title='bbox 3025 5410 3485 5465; x_wconf 70' lang='lat' dir='ltr'><strong>resurrectionem.</strong></span> 
     </span>
    </p>
   </div>
   <div class='ocr_carea' id='block_1_63' title="bbox 290 5542 3481 5621">
    <p class='ocr_par' dir='ltr' id='par_1_63' title="bbox 290 5542 3481 5621">
     <span class='ocr_line' id='line_1_66' title="bbox 290 5542 3481 5621; baseline -0.002 -15"><span class='ocrx_word' id='word_1_371' title='bbox 290 5551 467 5606; x_wconf 84' lang='lat' dir='ltr'><strong>Habes</strong></span> <span class='ocrx_word' id='word_1_372' title='bbox 487 5553 545 5606; x_wconf 89' lang='lat' dir='ltr'><strong>in</strong></span> <span class='ocrx_word' id='word_1_373' title='bbox 575 5548 814 5621; x_wconf 80' lang='lat' dir='ltr'><strong>sequenti</strong></span> <span class='ocrx_word' id='word_1_374' title='bbox 839 5549 1036 5620; x_wconf 83' lang='lat' dir='ltr'><strong>pagina</strong></span> <span class='ocrx_word' id='word_1_375' title='bbox 1071 5550 1264 5603; x_wconf 84' lang='lat' dir='ltr'><strong>iterum</strong></span> <span class='ocrx_word' id='word_1_376' title='bbox 1306 5549 1570 5618; x_wconf 83' lang='lat' dir='ltr'><strong>psalmum</strong></span> <span class='ocrx_word' id='word_1_377' title='bbox 1587 5551 1822 5620; x_wconf 82' lang='lat' dir='ltr'><strong>primum</strong></span> <span class='ocrx_word' id='word_1_378' title='bbox 1852 5567 1974 5606; x_wconf 87' lang='lat' dir='ltr'><strong>eum</strong></span> <span class='ocrx_word' id='word_1_379' title='bbox 2002 5548 2456 5620; x_wconf 78' lang='lat' dir='ltr'><strong>interpretatione,</strong></span> <span class='ocrx_word' id='word_1_380' title='bbox 2489 5556 2649 5616; x_wconf 85' lang='lat' dir='ltr'><strong>prout</strong></span> <span class='ocrx_word' id='word_1_381' title='bbox 2677 5552 2856 5601; x_wconf 67' lang='lat' dir='ltr'><strong>exstat</strong></span> <span class='ocrx_word' id='word_1_382' title='bbox 2895 5545 2948 5598; x_wconf 85' lang='lat' dir='ltr'><strong>in</strong></span> <span class='ocrx_word' id='word_1_383' title='bbox 2975 5543 3156 5597; x_wconf 79' lang='lat' dir='ltr'><strong>codice</strong></span> <span class='ocrx_word' id='word_1_384' title='bbox 3206 5542 3481 5604; x_wconf 69' lang='lat' dir='ltr'><strong>Vaticano.</strong></span> 
     </span>
    </p>
   </div>
   <div class='ocr_carea' id='block_1_64' title="bbox 227 5647 862 5716">
    <p class='ocr_par' dir='ltr' id='par_1_64' title="bbox 227 5647 862 5716">
     <span class='ocr_line' id='line_1_67' title="bbox 227 5647 862 5716; baseline -0.008 -12"><span class='ocrx_word' id='word_1_385' title='bbox 227 5647 364 5705; x_wconf 73' lang='lat' dir='ltr'><strong>Vide</strong></span> <span class='ocrx_word' id='word_1_386' title='bbox 381 5647 648 5704; x_wconf 71' lang='lat' dir='ltr'><strong>Honitum</strong></span> <span class='ocrx_word' id='word_1_387' title='bbox 673 5661 862 5716; x_wconf 80' lang='lat' dir='ltr'><strong>supra.</strong></span> 
     </span>
    </p>
   </div>
   <div class='ocr_carea' id='block_1_65' title="bbox 537 5817 2090 5894">
    <p class='ocr_par' dir='ltr' id='par_1_65' title="bbox 537 5825 1274 5894">
     <span class='ocr_line' id='line_1_68' title="bbox 537 5825 1274 5894; baseline 0.001 -3"><span class='ocrx_word' id='word_1_388' title='bbox 537 5833 808 5894; x_wconf 73' lang='grc' dir='ltr'>ΡΑι-ιιοι.</span> <span class='ocrx_word' id='word_1_389' title='bbox 856 5829 973 5893; x_wconf 81' lang='lat' dir='ltr'><strong>Gn.</strong></span> <span class='ocrx_word' id='word_1_390' title='bbox 1007 5825 1274 5892; x_wconf 72' lang='lat' dir='ltr'><strong>XXVII.</strong></span> 
     </span>
    </p>
   </div>
   <div class='ocr_carea' id='block_1_66' title="bbox 1604 5817 3157 5894">
    <p class='ocr_par' dir='ltr' id='par_1_66' title="bbox 3083 5817 3157 5880">
     <span class='ocr_line' id='line_1_69' title="bbox 3083 5817 3157 5880; baseline 0.014 -1"><span class='ocrx_word' id='word_1_391' title='bbox 3083 5817 3157 5880; x_wconf 74' lang='grc'><strong>21</strong></span> 
     </span>
    </p>
   </div>
  </div>
