3934 6218
324 336 431 392 653
1279 335 1367 390 DE
1405 332 1678 391 TITULIS
1708 328 2159 391 PS.\LMORUM.
2200 364 2267 374 —
2296 333 2493 391 PSAL.
2534 331 2598 389 ll.
3456 333 3561 391 654

737 447 1173 519 Ἀγεπίτραφοᾳ
1219 450 1393 505 ΨΑΛ.
1434 449 1513 502 B'.
1930 454 1975 508 Α

1930 454 1975 508 Α
2453 445 2578 501 Sine
2594 448 2769 501 titulo.
2797 445 2996 502 PSAL.
3030 443 3113 501 II.

396 542 449 598 1.
484 543 609 596 Ἵνα
640 541 694 595 τί
728 540 1006 612 ἐφρύαξαν
1043 540 1193 611 ἔθνη,

2072 540 2122 593 l.
2144 539 2323 605 Quare
2349 539 2686 595 fremuerunt
2711 547 2920 609 gentes,

393 633 449 689 2.
485 633 599 687 Kal.
626 633 748 686 λαοὶ
779 632 1111 704 ἐμελέτησαν
1145 630 1309 693 κενὰ;

2067 631 2120 686 9..
2150 630 2216 685 Et
2255 631 2439 701 populi
2467 631 2711 687 meditati
2735 641 2863 686 sunt
2896 631 3120 686 inania?

394 725 446 780 5.
488 723 844 795 Παρέστησαν
871 726 919 777 οἱ
953 723 1193 795 βασιλεῖς
1221 723 1319 792 τῆς
1352 723 1475 791 γῆς,

1293 740 1319 787 ς
1352 723 1475 791 γῆς,
2070 725 2123 778 5.
2157 722 2459 778 Astiterunt
2480 737 2635 795 reges
2667 732 2846 789 terrae,

393 813 447 869 4.
487 815 596 867 Καὶ
629 814 678 866 οἱ
710 813 967 886 ἄρχοντες
996 814 1340 885 συνήχθησαν
1367 815 1460 867 ἐπὶ
1487 814 1548 867 τὸ
1575 813 1727 877 αὐτὸ,
1756 813 1898 867 κατὰ

2074 814 2127 869 4.
2153 813 2220 869 Et
2245 815 2518 886 principes
2572 824 2946 871 convenerunt
2977 816 3032 870 in
3085 830 3276 883 unum,
3302 814 3562 871 adversus

323 904 417 959 τοῦ
453 905 662 977 Κυρίου
702 907 796 959 καὶ
828 906 970 959 κατὰ
999 905 1092 958 τοῦ
1123 904 1361 979 Χριστοῦ
1395 905 1580 959 αὐτοῦ.

2001 892 2311 973 Dominum,
2347 914 2401 961 et
2433 907 2696 961 adversus
2724 906 3001 963 Christum
3033 907 3173 979 ejus.

398 997 452 1051 5.
494 997 889 1068 Διαῤῥήξωμεν
918 999 1046 1061 τοὺς
1084 998 1318 1068 δεσμοὺς
1343 997 1543 1062 αὐτῶν,

1455 997 1543 1062 ὦν,
2066 999 2118 1054 5.
2148 999 2532 1069 Dirumpamus
2555 1002 2768 1055 vincula
2799 1016 3008 1066 earum,

393 1088 446 1143 6.
487 1090 598 1142 Kal.
634 1088 1028 1160 ἀπορρίψωμεν
1064 1091 1156 1158 ἀφ’
1187 1090 1346 1161 ήμῶν
1379 1090 1471 1143 τὸν
1500 1088 1665 1157 ζυγὸν
1693 1089 1889 1143 αὐτῶν.

1788 1089 1889 1143 τῶν.
2070 1089 2123 1145 6.
2153 1089 2219 1143 Et
2246 1090 2598 1160 projiciamus
2621 1091 2829 1146 anobis
2859 1091 3049 1163 jugum
3080 1091 3341 1161 ipsorum.

393 1178 444 1232 7.
497 1180 555 1234 Ὀ
578 1181 845 1235 κατοικῶν
871 1184 927 1234 ὲν
950 1182 1197 1251 οὐρανοῖς
1220 1180 1575 1250 ἐκγελάσεται
1605 1180 1822 1248 αὐτούς,

1621 1180 1822 1248 ιύτούς,
2068 1180 2119 1235 7.
2156 1179 2260 1247 Qui
2292 1182 2499 1238 habitat
2519 1182 2575 1237 in
2603 1183 2758 1240 caelis
2785 1183 3035 1240 irridebit
3059 1199 3174 1246 eos,

389 1268 444 1327 8.
484 1271 594 1324 Καὶ
622 1273 652 1325 ὁ
682 1272 885 1344 Κύριος
917 1273 1282 1343 ὲκμυκτηριεί
1311 1272 1529 1334 αὐτοὺς.

1483 1289 1529 1334 ς.
2067 1271 2120 1326 8.
2145 1271 2209 1328 Ει
2238 1273 2500 1331 Dominus
2526 1275 2886 1332 subsannabit
2913 1278 3036 1332 eos.

391 1362 443 1417 9.
485 1365 619 1418 Τότε
649 1365 870 1437 λαλήσει
905 1365 1043 1436 πρὸς
1075 1367 1273 1428 αὐτοὺς
1305 1366 1362 1419 ἐν
1395 1366 1531 1436 ὀργῇ
1564 1364 1752 1428 αὐτοῦ,

1594 1364 1752 1428 ὑτοῢ,
2072 1362 2124 1417 9.
2155 1362 2308 1419 Tunc
2336 1364 2591 1435 loquetur
2613 1368 2679 1422 ad
2706 1382 2803 1423 eos
2838 1368 2891 1422 iu
2926 1368 3009 1423 ira
3048 1383 3147 1424 sua

399 1457 481 1512 10.
525 1459 636 1513 Καὶ
661 1462 718 1512 ἐν
743 1458 820 1529 τῷ
849 1458 1004 1529 θυμῷ
1032 1457 1197 1511 αὑτοῦ
1230 1458 1455 1530 ταράξει
1484 1457 1701 1521 αὐτούς.

1653 1475 1701 1521 ς.
2075 1454 2160 1510 10.
2197 1457 2265 1511 Et
2302 1457 2355 1512 in
2391 1456 2578 1515 furore
2601 1474 2703 1514 suo
2721 1460 3067 1516 conturbabit
3089 1474 3204 1517 eos.

396 1547 482 1601 Η.
536 1547 677 1602 Ἐγὼ
707 1549 763 1603 δὲ
791 1547 1128 1620 κατεστάθην
1161 1546 1411 1618 βασιλεὺς
1444 1549 1535 1601 ὑπ’
1569 1545 1754 1602 αὑτοῦ.
1931 1541 1949 1596 1

1931 1541 1973 1596 Β
2073 1544 2159 1600 ll.
2197 1546 2308 1619 Ego
2335 1557 2519 1605 autem
2544 1550 2870 1605 constitutus
2892 1565 3012 1605 sum
3047 1566 3141 1607 rex
3167 1551 3236 1606 ab
3256 1564 3340 1608 eo.

1446 1700 1816 1759 ATHANASII
1856 1700 2441 1761 INTERPRETATIO.

400 1865 463 1919 'H
493 1862 588 1920 τοὸ
616 1861 833 1934 ψαλμοῦ
859 1860 1194 1933 προκειμένη
1219 1860 1499 1932 ἐπιγραφὴ
1523 1860 1555 1929 ἡ
1576 1858 1664 1913 διὰ
1699 1858 1796 1929 τῆς
1824 1858 2195 1929 κινναϐάρεως
2221 1859 2497 1930 περιέχει·
2544 1859 2983 1930 Ἆνεπίγραφος,
3012 1862 3149 1934 ὅπερ
3172 1864 3352 1936 δηλοῖ·
3386 1866 3558 1937 ἀγνω-

321 1962 440 2017 σίαν
470 1960 637 2015 ἐθνῶν
661 1975 720 2012 τε
752 1958 846 2012 καὶ
884 1956 1148 2011 Ἰουδαίων
1174 1955 1534 2027 ὑπεμφαίνειν
1562 1955 1655 2009 τὸν
1690 1953 2127 2024 ὑποτεταγμένον
2146 1953 2376 2025 ψαλμόν.
2403 1955 2518 2008 Πᾶν
2542 1954 2652 2027 γὰρ
2678 1956 2739 2010 τὸ
2764 1957 3134 2030 ἀνεπίγραφον
3159 1959 3349 2033 ἄδηλον
3381 1962 3559 2036 ὑπάρ-

316 2073 400 2128 χει
432 2060 544 2120 τοῖς
573 2054 806 2116 πολλοῖς.
849 2052 1145 2120 Ἀγνωσίαν
1171 2047 1263 2104 οὗν
1294 2049 1461 2103 ἐθνῶν
1508 2049 1775 2103 Ἰουδαίων
1821 2048 1895 2120 (1)
1931 2050 2227 2121 κατηγορεῖ
2269 2051 2297 2103 ὀ
2327 2050 2765 2120 ὑπο-τεταγμένος
2789 2051 3031 2124 ψαλμὸςο
3070 2055 3344 2124 ἀγνωσίαν
3376 2057 3454 2123 δὲ,
3494 2060 3563 2131 ἢν

316 2146 610 2216 ἐσχηκότες
639 2144 941 2197 δείκνυνται
971 2141 1100 2215 περὶ
1134 2141 1226 2193 τὸν
1255 2140 1461 2193 ἑαυτῶν
1489 2141 1785 2210 Δεσπότην,
1823 2139 2005 2205 καθὼς
2039 2139 2115 2212 (2)
2151 2140 2491 2211 γέγραπται·
2533 2142 2630 2195 Ἑν
2668 2141 2749 2208 τῷ
2791 2144 2995 2213 κόσμῳ
3019 2140 3117 2214 ἦν,
3146 2146 3245 2201 καὶ
3277 2150 3310 2203 ὁ
3337 2149 3563 2218 κόσμος

316 2238 388 2291 δι’
412 2238 597 2292 αὐτοῦ
629 2237 886 2307 ἐγένετο,
922 2235 1019 2289 καὶ
1053 2237 1086 2288 ό
1122 2236 1349 2303 κόσμος
1380 2234 1569 2287 αὑτὸν
1596 2236 1707 2287 οὐκ
1740 2233 1924 2303 error
1963 2235 2013 2287 εί
2048 2234 2158 2305 γὰρ
2194 2233 2437 2302 ἔγνωσαν
2468 2234 2651 2300 αὑτὸν,
2713 2236 2813 2290 οὐκ
2850 2236 2915 2290 ἂν
2942 2237 3103 2291 αὐτὸν
3143 2238 3360 2311 σταυρῷ
3397 2258 3565 2312 προσ-

316 2334 546 2405 έπηξαν.
587 2332 698 2406 Τὴν
727 2326 819 2385 οὖν
855 2329 1125 2399 ἀγνωσίαν
1171 2330 1243 2399 (5)
1285 2327 1463 2381 αὐτῶν
1491 2328 1735 2399 ἐπειδὴὸ
1766 2326 1980 2400 ψαλμδς
2020 2329 2344 2402 δημηγορεῖ,
2363 2328 2450 2383 διὰ
2483 2329 2641 2383 τοῦτο
2676 2329 2736 2383 τὸ
2783 2331 3153 2402 ἀνεπίγραφον
3180 2332 3254 2404 (4)
3291 2334 3560 2389 ἐπίκειται

315 2427 483 2499 αὐτῷ.
532 2428 618 2491 Ὧς
648 2426 809 2480 πλέον
838 2423 1138 2496 πλησθήσει
1175 2422 1463 2496 [πληχθῇ]
1515 2425 1817 2497 ἐπιστήσας
1855 2423 1930 2496 (5)
1967 2426 2157 2479 ἑαυτὸν
2183 2424 2261 2497 τῷ
2287 2425 2506 2497 ψαλμῷ,
2539 2427 2600 2480 Τί
2621 2427 2752 2497 γὰρ,
2789 2424 2992 2497 ήρξατο
3013 2427 3209 2497 λέγειν.

401 2566 620 2622 Titulus
644 2567 759 2621 sive
781 2564 1087 2634 inscriptio,
1118 2580 1240 2635 quae
1267 2563 1396 2619 huic
1423 2563 1638 2634 psalmo
1666 2563 2035 2633 praemittitur,
2066 2563 2352 2620 cinnabari
2379 2563 2650 2632 confecta,
2685 2564 2929 2620 continet
2957 2582 2971 2619 :
3004 2565 3276 2636 psalmum
3303 2580 3426 2622 esse
3445 2567 3560 2621 sine

320 2665 506 2729 titulo,
578 2664 725 2732 quod
781 2662 1085 2732 signiﬁcat:
1134 2660 1433 2730 psalmum,
1475 2659 1569 2729 qui
1625 2658 1937 2728 subjicitur,
1995 2657 2345 2714 manifestare
2404 2657 2644 2729 gentium
2706 2666 2762 2712 et
2814 2655 3126 2712 Judaeorum
3173 2657 3556 2728 ignorantiam.

292 2760 495 2818 Omne
544 2762 713 2819 enim.
748 2759 894 2829 quod
947 2758 1166 2813 titulum
1207 2757 1322 2811 sive
1361 2754 1778 2824 inscriptionem
1808 2769 1917 2809 non
1947 2753 2129 2820 habet,
2163 2753 2350 2809 multis
2379 2753 2623 2824 ignotum
2650 2761 2753 2807 est.
2806 2751 3095 2823 Subjectus
3122 2752 3287 2823 igitur
3312 2752 3556 2823 psalmus

318 2856 559 2927 gentium
595 2862 649 2909 et
671 2852 983 2908 Judaeorum
1013 2850 1378 2921 ignorantiam
1405 2856 1628 2904 accusat
1657 2866 1671 2902 :
1705 2847 2073 2918 ignorantiam
2103 2847 2345 2918 quidem,
2373 2862 2538 2917 quam
2577 2846 2643 2902 de
2684 2844 2916 2901 Domino
2959 2859 3062 2900 suo
3092 2844 3349 2900 habuisse
3379 2851 3561 2925 osten-

319 2953 538 3016 derunt,
562 2949 1023 3020 quemadmodum
1059 2947 1323 3018 scriptum
1357 2954 1474 2999 est:
1506 2942 1573 2997 In
1609 2942 1804 2997 mundo
1832 2952 1973 3008 erat,
1998 2954 2047 2998 et
2074 2943 2300 2997 mundus
2322 2959 2414 3013 per
2441 2943 2615 3011 ipsum
2637 2941 2810 3012 factus
2833 2950 2932 3003 est,
2971 2948 3020 2994 et
3053 2939 3277 2994 mundus
3310 2952 3429 2992 eum
3458 2951 3562 2990 non

317 3043 556 3113 cognovit
579 3043 636 3108 ³;
669 3041 713 3097 si
732 3041 876 3096 enim
904 3055 1028 3096 etim
1056 3039 1462 3110 cognovissent,
1494 3051 1618 3092 eum
1644 3051 1755 3090 non
1788 3036 2194 3093 cruciﬁxissent
2220 3035 2261 3089 ⁸.
2288 3035 2557 3102 Quoniam
2579 3034 2749 3106 igitur
2772 3034 3019 3105 psalmus
3050 3032 3269 3088 illorum
3314 3030 3561 3100 increpat

325 3139 715 3211 ignorantiam,
745 3138 866 3194 ideo
892 3138 1074 3193 nullus
1115 3138 1167 3191 in
1197 3150 1263 3191 eo
1316 3134 1636 3191 inscribitur
1660 3132 1878 3191 titulus.
1918 3130 1991 3189 Ut
2034 3132 2209 3203 magis
2255 3131 2435 3196 feriat,
2487 3130 2729 3202 seipsum
2763 3130 2978 3204 psalmo
3006 3126 3324 3192 intendens,
3360 3124 3557 3192 Quare,

317 3237 487 3305 ccepit
511 3235 720 3289 dicere.

389 3348 442 3402 1.
486 3347 602 3399 Ἵνα
632 3344 686 3397 τί
719 3341 926 3411 κατεπή
938 3339 1141 3411 ρθησαν
1166 3335 1260 3389 τοῦ
1289 3336 1447 3400 Θεου,
1921 3320 1942 3381 <

1921 3320 1967 3381 C
2068 3340 2119 3393 l.
2166 3337 2305 3407 Quid
2327 3342 2473 3394 enim
2496 3338 2912 3395 insurrexerunt
2940 3348 3132 3394 contra
3157 3337 3351 3401 Deum,

386 3435 444 3491 2.
482 3436 594 3488 Καὶ
624 3431 1011 3487 ἐϐουλεύσαντο
1041 3430 1180 3497 ἆπερ
1202 3426 1303 3480 οὐκ
1322 3424 1582 3494 ἠδύναντο
1612 3421 1886 3478 ἐκτελέσαι

2066 3434 2120 3488 2.
2162 3431 2230 3487 Et
2251 3432 2513 3489 adversus
2544 3448 2668 3489 eum
2693 3433 3152 3498 deliberaverunt,
3181 3443 3304 3500 qua:
3330 3441 3438 3484 non
3460 3441 3562 3500 po-

272 3566 279 3573 -
318 3528 439 3582 κατ’
473 3527 638 3580 αὐτοῦ
661 3543 676 3592 ;

1996 3531 2216 3579 luerunt
2242 3521 2538 3593 perﬁcere?

388 3621 444 3676 5.
495 3618 738 3691 Ἡρώδης
762 3618 791 3670 ὁ
825 3612 1098 3686 βασιλεύς.

982 3612 1098 3677 νεύς.
2065 3616 2117 3670 5.
2153 3613 2392 3671 Herodes
2420 3629 2535 3669 rex.

390 3712 446 3769 4.
483 3712 703 3765 Πόντιον
740 3709 975 3763 Πιλᾶτον
1002 3706 1171 3775 λέγει,
1209 3703 1304 3757 καὶ
1344 3702 1565 3763 Ἄνναν,
1592 3697 1687 3752 καὶ
1715 3695 1891 3751 Καϊά-

1673 3703 1687 3750 ι
1715 3695 1891 3751 Καῖά·
2064 3709 2119 3763 4.
2159 3707 2386 3763 Pontius
2414 3704 2643 3769 Pilatus,
2668 3701 2857 3757 Annas
2890 3709 2944 3754 et
2972 3699 3226 3768 Caiphas.

362 3821 428 3857 αν
435 3845 451 3859 ο

321 3824 451 3951 (Pa;
487 3893 590 3948 Τὸν
622 3891 914 3962 σύνδεσμον
950 3887 1051 3959 τῆς
1091 3886 1331 3956 ἀγάπης,
1359 3876 1427 3953 ἧς
1458 3876 1603 3952 εἶχον
1640 3880 1690 3933 οἱ
1732 3878 1874 3946 ἄγγε·

2067 3881 2121 3936 5.
2146 3878 2439 3935 Vinculum
2469 3872 2797 3937 dilectionis,
2826 3885 2937 3940 quo
2971 3869 3148 3931 angeli
3175 3882 3300 3924 eum
3325 3868 3407 3924 eis
3427 3881 3558 3924 con-

318 3990 400 4043 λοι
431 3987 569 4059 πρὸς
608 3982 824 4046 αὐτούς.

1990 3971 2379 4044 iungebantur.

391 4079 445 4135 6.
476 4053 751 4139 λαϐόντες
784 4072 893 4144 γὰρ
922 4072 1013 4125 τὸν
1039 4068 1201 4139 νόμον
1239 4067 1318 4128 εἰς
1342 4062 1601 4130 διαταγὰς
1643 4060 1892 4130 ἀγγέλων

2064 4064 2119 4119 6.
2156 4062 2498 4132 Accipientes
2526 4059 2672 4114 enim
2696 4058 2868 4128 legem
2920 4055 2975 4110 in
3012 4053 3367 4125 dispositione
3391 4064 3556 4144 ange-

320 4171 422 4224 οὐκ
443 4165 737 4239 ἐφύλαξαν,
774 4143 889 4218 ἀλλ’
918 4158 1288 4214 ἐδουλώθτσσαν
1316 4157 1384 4227 τῇ
1418 4153 1682 4225 ἁμαρτίᾳ.

2002 4158 2194 4223 lorum,
2241 4170 2349 4210 non
2383 4152 2793 4209 custodiverunt
2846 4162 2967 4203 eam
2994 4147 3039 4216 ⁸,
3087 4144 3183 4204 sed
3238 4143 3555 4202 servi-facti

1995 4260 2123 4309 sunt
2153 4259 2393 4322 peccato.

393 4347 447 4414 7,
480 4345 535 4400 8.
589 4342 962 4410 Ἐξουδενὼσει
994 4340 1104 4411 γὰρ
1136 4339 1334 4401 αὐτοὺς
1367 4340 1424 4391 ἐν
1462 4338 1528 4406 τῇ
1572 4332 1757 4405 ἡμέρᾳ
1793 4333 1893 4405 τῆς

1725 4349 1757 4405 Ξι
1793 4333 1893 4405 τῆς
2066 4344 2121 4408 7,
2162 4346 2216 4397 8.
2251 4340 2387 4395 Nam
2412 4339 2467 4394 in
2497 4336 2587 4394 die
2611 4333 2804 4408 judicii
2825 4338 3138 4389 contemnet
3160 4344 3276 4396 eos,

323 4437 579 4508 κρίσεως,

346 4574 361 4585 ,
392 4527 444 4582 9.
497 4526 586 4579 Ἐν
633 4525 699 4595 τῇ
745 4520 927 4594 κρίσει
975 4519 1201 4590 λαλήσει
1247 4516 1385 4590 πρὸς
1429 4516 1626 4579 αὐτοὺς
1661 4517 1720 4568 ἐν
1755 4515 1890 4585 ὀργῇ

1758 4515 1890 4585 ὁργῇ
2064 4525 2117 4581 9.
2147 4524 2205 4579 In
2237 4521 2445 4593 judicio
2473 4520 2728 4590 loquetur
2753 4515 2823 4570 ad
2848 4528 2944 4569 eos
2974 4512 3031 4568 in
3061 4511 3145 4567 ira
3173 4525 3275 4566 sua
3293 4548 3311 4578 ,

324 4616 510 4682 αὐτοῦ,

394 4711 481 4765 10.
522 4709 634 4762 Καὶ
690 4704 982 4779 ἀπορρίψει
1041 4702 1235 4765 αὐτοὺς
1285 4702 1394 4756 ἀπὸ
1444 4698 1538 4753 τοῦ
1595 4695 1947 4812 προσώπουΙ

1456 4698 1538 4753 τοῦ
1595 4695 1886 4770 προσώπου
1922 4757 1966 4812 D
2070 4701 2155 4756 l0.
2178 4699 2245 4755 Et
2266 4698 2512 4769 projieiet
2536 4708 2630 4749 eos
2667 4707 2697 4746 a
2725 4690 2863 4746 facie
2891 4704 3009 4745 sua.

324 4816 511 4945 dum.
531 4885 672 4956 Ἐγὼ
699 4886 756 4939 δὲ
787 4885 1097 4956 ἁνεδείχθην
1133 4883 1383 4955 βασιλεὺς
1416 4882 1521 4936 ὑπὸ
1552 4880 1645 4934 τοῦ
1676 4877 1877 4950 Πατρὸς

2120 4862 2154 4914 I.
2189 4857 2303 4928 Ego
2344 4868 2490 4910 enim
2525 4858 2836 4907 declaratus
2854 4864 2978 4906 sum
3016 4863 3112 4905 rex
3155 4863 3184 4902 a
3218 4845 3380 4902 Patre
3431 4857 3559 4900 cum
3668 4853 3673 4859 ‘

547 4935 668 4956 -.π
706 4935 754 4939 η
790 4935 1087 4956 nam”...
1799 4935 1811 4950 .
1869 4935 1880 4943 .

327 4983 385 5035 ἐν
412 4981 487 5051 τῷ
511 4980 691 5048 λέγειν
720 4976 900 5042 αὑτὸν,
929 4975 1108 5039 καθὼς
1141 4974 1502 5029 ὑποτέτακται
1528 4968 1763 5024 ἐνταῦθα
1779 4968 1880 5039 (6)·

2008 4973 2085 5023 ea,
2118 4969 2241 5025 qua:
2304 4950 2394 5005 hic
2445 4944 2840 5016 subjiciuntur,
2886 4942 3081 4999 dixit:
3137 4939 3214 4995 Tu
3267 4956 3322 4995 es
3380 4935 3561 4993 Filius

328 5074 407 5127 Σὺ
430 5042 487 5127 sl
511 5075 543 5126 ό
578 5042 712 5136 Ῠιός
732 5086 852 5140 μου
885 5070 919 5122 ό
945 5068 1269 5137 ἀγαπητός.

912 5070 919 5114 ε
945 5068 1269 5137 ἀγαπητός.
1999 5068 2143 5107 meus
2169 5047 2391 5104 dilectus
2423 5042 2465 5099 ‘.

397 5249 418 5280 ³
442 5247 600 5303 Joan.
626 5262 668 5311 ι,
702 5245 786 5300 10.
854 5244 877 5276 ⁸
907 5242 928 5297 Ι
958 5243 1084 5299 Cor.
1122 5257 1183 5306 ιι,
1216 5244 1270 5296 8.
1349 5239 1370 5272 ⁸
1395 5239 1514 5293 Act.
1543 5253 1638 5304 vn,
1666 5236 1756 5292 53.
1831 5234 1854 5267 ⁸
1885 5231 1950 5288 M:

1443 5250 1514 5293 ct.
1543 5253 1638 5304 vn,
1666 5236 1756 5292 53.
1831 5234 1854 5267 ⁸
1885 5231 2074 5288 Matth.
2097 5246 2180 5296 ιιι,
2207 5228 2309 5297 l7;
2339 5227 2473 5292 xvri,
2497 5225 2569 5291 5;
2597 5223 2643 5279 ll
2663 5222 2808 5280 Petr.
2838 5208 2878 5287 ι,
2908 5220 2994 5275 17.

1271 5412 1572 5475 Addenda
1599 5411 1683 5490 ζει
1728 5407 2096 5489 corrigenda
2128 5422 2206 5467 ex
2234 5402 2375 5466 cod.
2410 5400 2613 5465 Vatic.

397 5610 473 5675 ll)
512 5606 810 5679 ’Δγνωσίας
838 5600 932 5660 οὖν
962 5603 1071 5658 τῶν
1104 5597 1272 5654 ἐθνῶν
1308 5596 1418 5651 τῶν
1462 5594 1750 5650 Ἰουδαίων.
2064 5592 2136 5732 ξι)
2170 5591 2242 5644 Τὸ
2267 5556 2658 5712 ἀνεπίγὲαφος.

398 5673 473 5732 (2i
502 5679 643 5732 Καθ’
672 5677 727 5731 ὅ..
2091 5663 2141 5732 5)
2175 5662 2425 5724 Πεισθεὶς
2456 5660 2608 5732 μήσει
2634 5658 2658 5732 ἐ

416 5652 473 5753 ἀί
502 5652 809 5734 ﬁeri."
975 5652 1062 5658 *τ’
1109 5652 1152 5654 ﬂ
2067 5652 2141 5753 ζὲὶ
2172 5652 2950 5753 ίῌξισθεξςρξήιέξι-ξξξστήσαςι

416 5673 473 5753 2)
502 5673 643 5734 καθ’
672 5677 727 5731 δ’·
2067 5673 2141 5732 (5)
2175 5673 2425 5724 Πεισθεὶς
2455 5673 2608 5743 θήσει
2634 5673 2758 5736 Eme

398 5673 473 5821 $3)
508 5751 783 5819 Ἀτνοιανο
2068 5734 2143 5805 (6)
2171 5732 2240 5788 Οἵ
2262 5747 2388 5785 ποτε
2416 5729 2482 5783 τὰ
2508 5726 2758 5784 ενταυθα.
