3934 6218
433 348 537 410 655
1291 342 1348 401 S.
1386 338 1754 400 ATHANASII
1790 341 1939 399 OPP.

2111 339 2161 394 iS
2201 337 2286 394 Ill.
2336 360 2399 378 μ-
2437 328 2851 390 EXEGETICA.
3559 324 3661 381 σεο

504 463 589 519 12.
623 461 798 533 Super
836 460 967 516 Sion
992 466 1230 514 montem
1256 468 1505 513 sanctum
1534 458 1673 517 eius,

2175 450 2260 506 12.
2317 449 2437 501 Ἐπὶ
2465 445 2601 499 Σιὼν
2628 444 2753 516 ὅρος
2777 442 2839 496 τὸ
2869 441 3023 509 ἆγιον
3051 438 3240 501 αὐτοῦ,

504 557 594 612 15.
626 530 935 610 Praedicans
962 559 1289 622 praeceptum
1316 565 1435 620 ejus

2166 544 2252 596 15.
2294 537 2630 607 Διαγγέλλων
2656 535 2717 589 τὸ
2746 533 3071 606 πρόσταγμα
3101 530 3329 602 Κυρίου.

500 650 589 705 11.
619 648 881 703 Βοιυὶηιιε
902 613 1035 700 dixit
1058 613 1243 699 ad-me
1264 661 1278 697 :
1300 613 1472 697 Filius
1494 655 1650 695 meus
1675 654 1736 694 es
1767 648 1846 701 tu,

2166 631 2251 684 14.
2292 629 2495 701 Κύριος
2523 622 2641 679 εἷπε
2671 624 2805 695 πρός
2840 638 2939 694 με·
2982 621 3108 684 Υἱός
3136 631 3235 691 μου
3264 613 3316 670 εἷ
3349 615 3445 670 σύ·

500 742 587 799 15.
623 741 734 812 Ego
760 740 921 794 hodie
943 736 1104 809 genui
1139 744 1212 791 te.

2171 722 2253 776 13.
2306 718 2446 788 Ἐγὼ
2476 722 2714 788 σήμερον
2746 712 3054 784 γεγέννηκά
3086 727 3166 764 σε.

612 796 832 888 Postilla
861 848 891 885 a
930 796 1037 894 me,
1064 836 1119 883 et
1146 826 1286 883 dabo
1319 822 1417 879 tibi
1466 830 1653 892 gentes
1707 817 1979 874 haeredita-

2166 813 2249 866 16.
2290 812 2519 881 Αίτησαι
2557 807 2687 878 παρ’
2721 804 2880 877 ἐμοῦ,
2931 804 3024 858 καὶ
3055 802 3211 857 δώσω
3259 818 3343 854 σοι
3389 799 3520 870 ἔθνη
3560 796 3660 871 τὴν

428 937 536 983 tem
568 937 740 991 tuam,

2111 905 2192 975 ςλη
2200 901 2453 975 ρονομὶαν
2481 916 2597 965 σου,

503 1020 587 1075 17.
620 1018 684 1073 Ει
723 1014 1121 1087 possessidnem
1158 1020 1306 1065 tuam
1342 1005 1605 1062 terminos
1630 1010 1810 1057 terrae.

2164 997 2250 1049 17.
2290 996 2400 1048 Καὶ
2436 992 2534 1064 τὴν
2571 990 2896 1060 κατάσχεσίν
2927 1006 3020 1042 σου
3049 987 3116 1042 τά
3148 987 3360 1058 πέρατα
3392 984 3492 1055 τῆς
3529 983 3651 1053 γῆς.

499 1113 590 1167 18.
620 1110 795 1180 Reges
822 1122 918 1163 eos
949 1105 1004 1159 in
1032 1103 1182 1173 virga
1202 1100 1397 1163 ferrea,

2163 1087 2250 1142 18.
2290 1086 2583 1156 Ποιμανεῖς
2617 1083 2812 1144 αὐτοὺς
2856 1082 2912 1132 ἐν
2949 1078 3128 1150 ῥάϐδῳ
3162 1076 3378 1148 σιδηρᾷ,

614 1201 680 1257 Ει
703 1165 961 1270 tanquam
995 1211 1093 1250 vas
1117 1165 1266 1264 figuli
1299 1187 1612 1257 confringes
1639 1199 1755 1240 eos.

2162 1179 2249 1234 19.
2303 1177 2389 1240 Ὠς
2423 1174 2593 1244 σκεύη
2625 1172 2910 1246 κεραμέως
2936 1168 3243 1241 συντρίψεις
3271 1165 3486 1230 αὐτούς.

496 1296 588 1352 20.
619 1293 685 1349 Et
714 1262 881 1358 nunc,
921 1303 1099 1358 reges,
1126 1262 1431 1349 intelligite,

2159 1269 2250 1325 20.
2290 1268 2400 1321 Καὶ
2425 1265 2541 1329 νῦν,
2577 1264 2836 1334 βασιλεῖς,
2879 1262 3097 1328 σύνετε,

490 1391 581 1446 21.
615 1349 943 1447 Erudimini,
973 1349 1355 1451 qui'judicatis
1398 1381 1624 1427 terram.

2158 1361 2249 1414 2|.
2288 1356 2644 1426 Παιδεύθητε,
2672 1356 2871 1417 πάντες
2899 1354 2949 1406 οἱ
2983 1353 3260 1425 κρίνοντες
3288 1350 3386 1421 τὴν
3411 1349 3535 1422 γῆν.

491 1484 584 1539 22.
615 1479 824 1535 Servite
854 1444 1176 1529 Domino-in
1215 1467 1443 1522 timore:

2158 1451 2249 1507 22.
2290 1448 2617 1503 Δουλεύσατε
2644 1446 2722 1517 τῷ
2750 1445 2939 1519 Κυρίῳ
2962 1446 3019 1499 ἐν
3055 1444 3204 1515 φόϐῳ
3223 1460 3239 1474 ο

494 1575 582 1630 25.
613 1566 680 1627 Ει
707 1568 978 1626 exsultate
1004 1563 1054 1618 ei
1087 1576 1213 1616 cum
1240 1568 1500 1613 tremore.

2159 1543 2248 1598 25.
2289 1542 2397 1595 Καὶ
2422 1537 2751 1609 ἀγαλλιᾶσθε
2780 1534 2929 1608 αὐτῷ
2952 1537 3010 1591 ἐν
3032 1535 3238 1607 τρόμῳ.

491 1629 584 1722 24.
610 1660 1011 1735 Apprehendite
1037 1651 1405 1723 disciplinam,

2158 1636 2247 1690 21.
2288 1632 2564 1706 Δράξασθε
2596 1629 2861 1695 παιδείας,

488 1761 580 1815 25.
608 1757 686 1812 Ne
712 1754 932 1827 quando
955 1752 1224 1806 irascatur
1257 1743 1542 1802 Dominus,

2157 1728 2248 1784 25.
2288 1722 2513 1798 Μήποτε
2543 1723 2768 1795 ὀργισθῇ
2802 1720 3027 1794 Κύριος,

492 1853 584 1908 26.
622 1851 688 1905 Et
712 1809 946 1919 pereatis
972 1844 1039 1898 de
1063 1842 1147 1896 via
1173 1839 1341 1902 iusta.

2157 1818 2247 1873 26.
2287 1818 2399 1871 Καὶ
2427 1813 2712 1870 ἀπολεῖσθε
2744 1813 2802 1879 ἐξ
2835 1811 2953 1866 ὁδοῦ
2980 1809 3213 1872 δικαίας.

2156 1910 2247 1964 27.
2289 1910 2455 1962 Ὅταν
2488 1905 2728 1976 ἐκκαυθῇ
2764 1907 2821 1958 ὲν
2846 1905 2999 1974 τάχει
3027 1904 3054 1956 6
3087 1901 3255 1973 θυμὸς
3291 1894 3477 1965 αὑτοῦ,

490 1948 581 2003 27.
613 1947 751 2001 Cum
777 1938 1044 1997 exarserit
1070 1936 1124 1990 in
1151 1934 1301 1989 brevi
1329 1933 1409 1986 ira
1439 1927 1581 1996 eius,

2156 2002 2247 2058 28.
2286 1999 2564 2073 Μακάριοι
2590 1999 2792 2062 πάντες
2826 1997 2876 2052 oi
2917 1993 3233 2057 πεποιθότες
3259 1991 3347 2046 ἐπ’
3374 1986 3546 2061 αὐτῷ.

489 2040 581 2095 28.
608 2036 757 2093 Beati
778 2048 970 2089 omnes
999 2031 1091 2103 qui
1122 2025 1404 2084 conﬁdunt
1427 2021 1482 2074 in
1503 2031 1589 2074 eo.

1531 2216 1905 2281 ATHANASH
1941 2204 2528 2268 INTERPRETATIO.

2157 2380 2241 2435 12.
2280 2377 2353 2430 Τδ
2394 2371 2547 2430 Σιὼν
2582 2370 2941 2446 ἑρμηνεύεται
2974 2369 3174 2433 τόπος,
3224 2365 3355 2419 ὅπου
3389 2365 3422 2435 ή
3450 2359 3648 2433 σκηνή.

2083 2471 2344 2534 Βασιλεὺς
2391 2466 2482 2523 οὖν
2517 2464 2796 2536 ἀνεδείχθη
2821 2446 2932 2517 ύπὸ
2967 2460 3060 2514 τοῦ
3092 2458 3304 2530 Πατρὸς
3353 2455 3445 2509 ἐπὶ
3488 2452 3644 2519 Σιὼν,

2082 2565 2356 2619 τουτέστιν
2385 2562 2443 2614 ὲν
2475 2561 2585 2622 τοῖς
2606 2557 2871 2629 οὐρανοῖς,
2908 2554 3035 2608 ἔνθα
3066 2549 3294 2622 ἀληθινὴ
3323 2547 3516 2619 σκηνὴ,
3570 2543 3650 2612 ἢν

2082 2653 2310 2721 ἔπηξεν
2344 2654 2376 2705 ὁ
2414 2650 2650 2716 Κύριος,
2686 2648 2783 2700 καὶ
2815 2647 2925 2698 οὐκ
2957 2642 3283 2711 ἅνθρωπος.

2151 2746 2240 2810 15,
2281 2742 2368 2797 14.
2418 2742 2512 2794 Ἐκ
2552 2739 2660 2794 τῶν
2695 2736 2939 2810 οὐρανῶν
2970 2734 3240 2799 ἀκουστὴν
3281 2731 3499 2802 ἐποίησε
3550 2728 3647 2800 τὴν

2082 2835 2264 2907 φωνὴν
2294 2833 2458 2889 αὐτοῦ
2489 2833 2566 2905 (1)
2598 2830 2733 2903 βοῶν
2759 2830 2894 2902 πρός
2929 2844 3012 2899 με·
3054 2826 3137 2881 Σὺ
3165 2821 3220 2878 εἷ
3244 2828 3277 2878 ὀ
3314 2825 3446 2889 Υἱός
3468 2839 3586 2891 μου
3613 2821 3648 2875 ὀ

2081 2928 2408 2998 ἀγαπητός.

488 2415 576 2471 12.
605 2413 733 2469 Sion
764 2411 1150 2479 interpretatur
1205 2403 1372 2464 locus,
1414 2398 1505 2453 ubi
1547 2390 1976 2449 tabernaculum.

420 2507 533 2562 Rex
566 2504 729 2576 igitur
748 2500 1055 2556 declaratus
1082 2502 1166 2549 est
1194 2508 1227 2547 a
1282 2491 1440 2546 Patre
1474 2488 1529 2542 in
1578 2483 1730 2547 Sion,
1761 2481 1982 2553 boc‘est

421 2601 475 2652 in
503 2571 678 2660 caelis,
702 2593 794 2649 ubi
816 2604 1005 2646 verum
1049 2581 1481 2645 tabernaculum,
1513 2576 1651 2647 quod
1698 2571 1981 2656 aediﬁcavit

426 2690 701 2752 Dominus,
734 2702 836 2739 non
860 2692 1035 2737 autem
1062 2680 1213 2732 homo
1247 2676 1290 2729 ⁷.

492 2784 581 2847 15,
615 2780 700 2835 14.
740 2780 781 2833 E
829 2776 984 2832 ccelis
1028 2771 1216 2826 audire
1261 2766 1388 2822 fecit
1437 2777 1624 2818 vocem
1665 2773 1840 2824 suam,
1869 2755 1980 2809 cla-

417 2891 574 2933 mans
600 2875 667 2928 ad
700 2886 816 2925 me:
852 2867 930 2922 Tu
958 2883 1012 2921 es
1045 2864 1218 2918 Filius
1251 2877 1392 2915 meus
1418 2857 1660 2912 dilectus.

489 3051 575 3106 15.
607 3045 722 3116 Qua
747 3045 833 3101 die
855 3052 907 3098 te
954 3036 1299 3097 manifestavi
1325 3035 1368 3089 ⁸.
1432 3030 1567 3085 Nam
1609 3036 1734 3085 ante
1782 3024 1977 3082 saecula

2154 3021 2242 3074 15.
2288 3020 2391 3072 Ἢν
2423 3016 2501 3091 (2)
2536 3014 2860 3086 ἐφανέρωσά
2895 3030 2974 3067 σε.
3009 3013 3123 3083 Πρὸ
3155 3010 3264 3081 γὰρ
3300 3007 3408 3063 τῶν
3437 3005 3650 3060 αἰώνων

419 3098 775 3198 εὴεοοιῶἰιυε
806 3134 1012 3191 erasin
1049 3145 1135 3186 me
1156 3127 1317 3182 Patre
1360 3134 1478 3190 tuo,
1518 3117 1978 3192 quemadmodum

2111 3109 2569 3182 ιποκεκρυμμένος
2586 3104 2654 3180 ἧς
2680 3110 2736 3161 ἐν
2758 3106 2881 3178 ἐμοὶ
2902 3105 2979 3177 τῷ
3008 3103 3181 3176 Πατρί
3212 3120 3326 3166 σου,
3350 3099 3529 3162 καθὼς
3558 3098 3649 3167 γέ-

418 3234 485 3290 de
510 3234 602 3288 illo
631 3232 896 3301 scriptum
914 3235 1031 3282 est:
1062 3222 1338 3277 Exsistem
1366 3219 1421 3272 in
1445 3189 1565 3270 sinit
1594 3212 1776 3267 Patris
1795 3211 1837 3264 ’.

2111 3222 2321 3277 ’ραπται
2356 3205 2484 3274 περὶ
2509 3201 2672 3256 αὐτοῦ
2694 3217 2706 3231 ·
2749 3202 2810 3253 '0
2853 3198 2937 3252 ὢν
2986 3199 3053 3252 ἐν
3086 3196 3211 3260 τοῖς
3254 3196 3501 3258 κόλποις
3538 3189 3648 3243 τοῦ

2081 3297 2330 3365 Πατρός.
2484 3356 2487 3357 ν

488 3403 575 3470 16,
605 3402 691 3457 17.
726 3400 854 3456 Ideo
881 3398 1021 3453 dixit
1045 3398 1098 3451 in
1130 3393 1458 3464 Evangelio:
1491 3390 1671 3454 Pater,
1708 3403 1836 3459 quos
1898 3401 1979 3439 ae-

2150 3390 2239 3453 16,
2283 3389 2369 3443 17.
2412 3387 2509 3443 Διά
2549 3386 2706 3441 τοῦτο
2738 3385 2920 3453 ἔλεγεν
2959 3387 3015 3437 ἐν
3056 3380 3402 3450 Εὐαγγελίῳ·
3433 3376 3643 3445 Πάτερ,

417 3495 549 3552 diui
563 3468 697 3550 vmihi
745 3493 884 3555 volo,
910 3501 968 3545 ut
990 3493 1078 3544 ubi
1104 3504 1217 3544 sum
1242 3503 1356 3557 ego,
1377 3494 1427 3540 et
1451 3484 1534 3539 illi
1563 3485 1670 3537 sint
1704 3482 1769 3535 ¹⁰.

2111 3482 2188 3549 ιῦς
2228 3480 2490 3546 δέδωκάς
2511 3498 2634 3550 μοι,
2665 3478 2816 3532 θέλω
2862 3478 3012 3530 ὅπου
3039 3476 3113 3547 (5)
3140 3473 3253 3543 εἰμὶ
3287 3470 3420 3542 ἐγὼ,
3459 3468 3646 3525 κάκεῖ-

2008 3570 2050 3627 C
2082 3589 2176 3625 νοι
2203 3566 2373 3624 ὦσιν.

485 3674 575 3740 18,
609 3674 695 3731 19.
731 3670 790 3727 In
823 3678 1093 3741 potestate
1126 3668 1306 3723 valida
1343 3681 1555 3732 omnes,
1593 3664 1688 3735 qui
1743 3662 1839 3717 tibi
1872 3675 1978 3715 non

2154 3660 2242 3725 18,
2284 3660 2368 3715 19.
2417 3658 2504 3712 Ἐν
2539 3653 2756 3727 ἐξουσίᾳ
2792 3655 2986 3725 ἰσχυρᾷ
3020 3652 3223 3714 πάντας
3256 3649 3382 3711 τοὺς
3416 3645 3491 3717 μὴ
3525 3660 3642 3696 πει·-

416 3767 698 3835 obediunt,
726 3764 1070 3821 comminues
1093 3772 1147 3817 et
1178 3761 1452 3817 domabis.

2114 3751 2341 3824 ομένους
2371 3767 2451 3803 σοι
2485 3747 2764 3809 λεπτυνεῖς
2798 3746 2892 3799 καὶ
2917 3743 3196 3814 δαμάσεις.

485 3856 574 3913 20.
605 3831 929 3928 cognoscite
952 3855 1097 3910 hunc
1126 3869 1248 3910 esse
1277 3852 1468 3907 Deum.

2147 3844 2237 3901 20.
2290 3841 2609 3909 Ἐπίγνωτε,
2644 3839 2725 3891 ὅτι
2756 3831 2909 3900 οὗτός
2937 3837 3084 3888 ἐστιν
3115 3837 3143 3887 6
3178 3831 3329 3894 Θεὸς.

483 3948 573 4003 21.
601 3947 657 4004 Si
686 3962 1014 4017 cognoscere
1036 3962 1142 4001 non
1170 3945 1431 4015 potestis,
1464 3941 1757 3998 erudimiui
1777 3956 1807 3996 e
1840 3940 1979 3995 divi-

2148 3936 2238 3990 21.
2290 3933 2414 3987 Ἐὰν
2461 3932 2534 4003 μὴ
2581 3929 2809 3984 δύνασθε
2857 3925 3175 3996 ἐπιγνῶναι,
3224 3919 3549 3990 παιδεύθητε
3582 3918 3644 3969 ἐκ

415 4040 502 4096 nis
541 4040 857 4110 Scripturis,
886 4039 1035 4109 quod
1062 4010 1186 4109 ipse
1201 4046 1286 4093 est
1312 4036 1457 4092 Deus
1488 4044 1695 4092 noster.

2112 4030 2185 4082 ῶν
2214 4028 2375 4081 θείων
2406 4025 2661 4098 Γραφῶν,
2686 4025 2766 4078 ὅτι
2799 4021 2959 4084 αὐτός
2991 4022 3136 4073 ἐστιν
3164 4019 3191 4070 6
3226 4014 3360 4077 θεὸς
3393 4010 3574 4083 ήμῶν.

487 4131 577 4187 22.
609 4131 838 4198 Servite,
869 4133 1064 4202 inquit,
1096 4131 1146 4185 ei
1175 4131 1230 4184 in
1250 4132 1463 4196 timore,
1488 4138 1542 4184 et
1583 4120 1838 4193 tremore,

2148 4116 2239 4170 22.
2279 4115 2639 4179 Δουλεύσατε,
2683 4112 2865 4182 λέγει,
2918 4108 3067 4179 αύτῷ
3134 4110 3191 4161 ἐν
3240 4101 3390 4174 φόϐῳ
3442 4099 3539 4154 καὶ
3586 4102 3642 4154 ἐν

484 4300 573 4354 23.
608 4300 671 4355 Et
700 4300 754 4354 in
794 4313 961 4371 regno
993 4313 1112 4369 eius
1148 4299 1439 4354 exsultate.

2151 4298 2239 4352 25.
2283 4296 2392 4351 Καὶ
2420 4294 2743 4363 ἀγαλλιᾶσθε
2775 4294 2833 4346 ἐν
2864 4294 2930 4363 τῇ
2970 4289 3217 4362 βασιλείᾳ
3246 4285 3431 4342 αὑτοῦ.

482 4393 574 4447 24.
597 4390 1008 4446 Conﬁrmamini
1046 4393 1099 4445 in
1133 4391 1382 4446 doctrina
1417 4389 1652 4455 Domini,

2149 4388 2237 4443 24.
2288 4386 2581 4450 Ῥιζώσατε
2607 4389 2663 4439 ὲν
2695 4388 2759 4457 τῇ
2792 4382 2887 4437 τοῦ
2916 4383 3121 4455 Κυρίου
3154 4378 3490 4448 διδασκαλίᾳ,

482 4485 573 4540 25.
606 4482 906 4554 Nequando
939 4484 1095 4539 vobis
1130 4499 1251 4539 eam
1278 4483 1677 4556 negligentibus
1703 4497 1768 4537 ac
1798 4481 1969 4551 despi.

2147 4480 2237 4534 25.
2274 4480 2503 4550 Μήποτε
2524 4519 2537 4541 ,
2570 4478 2644 4542 ὡς
2678 4477 3019 4549 ἀμελούντων
3063 4474 3216 4545 ὑμῶν
3246 4473 3340 4526 καὶ
3374 4483 3643 4541 καταφροο

365 4591 371 4596 ’
413 4577 705 4641 cientibus,
742 4577 1030 4639 irascatur,
1423 4536 1455 4556 υ
1896 4536 1914 4551 ⁸

2111 4570 2308 4625 ούντων
2327 4536 2364 4634 ,⁸
2377 4536 2639 4643 ὀργισθῇ,
2718 4536 2730 4549 ‘
3101 4536 3113 4545 -
3460 4536 3466 4541 .

483 4668 572 4722 26.
598 4667 663 4723 Et
691 4683 789 4722 vos
811 4667 1045 4729 statione
1072 4677 1408 4733 sanctorum,
1442 4682 1564 4738 quae
1590 4682 1622 4722 a
1646 4665 1850 4722 dextris
1870 4675 1973 4729 est,

2146 4660 2237 4716 26.
2275 4662 2385 4715 Καὶ
2418 4661 2671 4726 ἀναξίους
2709 4662 2851 4732 ὑμᾶς
2886 4661 3151 4732 ἡγήσεται
3199 4656 3296 4726 τῆς
3339 4655 3405 4707 ἐκ
3456 4651 3640 4718 δεξιῶν

415 4759 668 4830 indignos
730 4757 1023 4814 existimet.

2111 4756 2321 4818 rddere;
2350 4754 2458 4807 τῶν
2495 4755 2684 4821 ἁγίων.

486 4850 574 4907 27.
599 4853 734 4907 Cum
762 4852 904 4923 ignis
934 4850 1156 4936 ultionis
1207 4861 1332 4906 ante
1382 4864 1508 4904 eum
1541 4849 1830 4920 praecedet,

2144 4846 2236 4902 27.
2276 4847 2445 4899 Ὅταν
2472 4846 2534 4899 τὸ
2569 4846 2680 4916 πῦρ
2723 4844 2824 4915 τῆς
2860 4843 3189 4913 ἐκδικήσεως
3216 4836 3642 4911 προπορεύσεται

2006 4920 2053 4977 D
2080 4936 2386 5010 ἔμπροσθεν
2409 4937 2595 5001 αὐτοῦ,

486 5030 571 5089 l8.
601 5030 752 5088 Beati
780 5046 990 5097 omnes,
1020 5032 1113 5099 qui
1165 5046 1221 5085 in
1250 5044 1316 5085 eo
1347 5044 1497 5100 spem
1540 5028 1758 5084 habent.

2150 5029 2240 5085 28.
2254 5029 2529 5100 Μακάριοι
2556 5028 2751 5090 πάντες
2762 5028 2809 5080 οἱ
2828 5025 2925 5098 τὴν
2945 5024 3135 5080 ἐλπίδα
3149 5022 3361 5097 ἔχοντες
3381 5017 3640 5088 ειςαύτόν.

482 5187 672 5247 'Hebr.
697 5203 812 5253 tun,
836 5188 892 5243 2.
968 5188 990 5219 '
1020 5184 1180 5245 Joan.
1217 5203 1350 5253 xvrt,
1376 5188 1430 5240 6.
1509 5186 1531 5219 ⁹
1551 5184 1709 5241 Joan.
1743 5201 1783 5251 ι,
1814 5183 1905 5241 18.
1978 5196 1979 5199 ‘

2111 5199 2204 5239 nan.
2241 5201 2373 5250 xvn,
2410 5182 2503 5239 21.

1355 5366 1660 5432 Addenda
1685 5376 1747 5431 et
1782 5368 2153 5448 corrigenda
2186 5384 2264 5429 ex
2297 5365 2450 5429 'cod.
2484 5363 2684 5427 Vatic.

486 5559 561 5701 2‘)
591 5562 807 5642 Λρτοῦ,
836 5571 985 5620 deest
1010 5563 1064 5619 in
1099 5546 1234 5618 God.

507 5629 563 5701 2)
595 5630 728 5686 Νυν.

2156 5563 2232 5634 (δ)
2263 5561 2432 5631 Θέλω,
2463 5562 2551 5618 ἵνα
2577 5562 2733 5617 ὅπου.
