3934 6218
396 303 531 369 €59,
784 272 787 273 ί
1243 311 1300 367 s.
1343 313 1717 372 ATHANASH
1755 316 1909 373 OPP.
1947 317 2129 373 PAns
2168 319 2251 375 Ill.
2292 347 2361 360 -
2400 311 2813 370 EXEGETICA.
3517 295 3645 355 660'

468 419 520 474 9.
556 418 667 489 Ego
699 418 932 476 dormivi
965 428 1021 477 et
1045 434 1333 492 soporatus
1363 442 1482 481 sum
1520 446 1537 491 ;
1984 440 2021 491 Α

1984 440 2031 491 Α
2125 431 2179 485 9.
2231 427 2371 497 Ἐγὼ
2401 427 2461 480 δὲ
2485 424 2805 496 ὲκοιμήθην,
2832 420 2927 474 κα)¹
2954 418 3201 472 ὖπνωσα·

467 509 557 565 10.
588 509 655 564 Ει
684 511 987 577 exsurrexi,
1027 513 1154 584 quia
1186 513 1449 573 Dominus
1478 521 1716 590 suscepit
1746 537 1850 576 me.

2130 520 2218 574 10.
2272 518 2626 590 Ἐξηγέρθην,
2669 517 2751 570 ὅτι
2789 512 2991 585 Κύριος
3023 504 3373 579 ἀντιλήψεται
3406 517 3547 575 μου’

468 600 556 655 11.
584 599 705 665 Non
751 603 952 658 timebo
995 605 1165 660 millia
1195 609 1379 678 populi
1423 610 1815 668 circumdantis
1846 629 1952 669 me.

2128 613 2214 667 11.
2256 614 2329 667 Οὐ
2374 610 2751 683 φοϐηθήσομαι
2795 606 2904 661 ἀπὸ
2935 601 3205 676 μυριάδων
3233 596 3363 652 λαοῦ
3390 595 3500 650 τῶν
3525 593 3623 652 κύ·

2059 706 2170 777 κλῳ
2200 705 2682 778 συνεπιτιθεμένων
2716 719 2824 773 μοι.
3120 711 3126 718 ’
3291 700 3294 703 ⁷

469 777 557 833 12.
588 777 851 850 Exsurge,
868 779 1119 849 Domine;
1151 784 1358 838 salvum
1390 801 1475 839 me
1496 785 1599 851 fac,
1617 786 1758 844 Deus
1782 804 1953 846 meus.

1891 805 1953 846 IS.
2131 796 2217 849 12.
2273 796 2523 859 Ἀνάστα,
2554 794 2760 866 Κύριεο
2786 789 2955 845 σῶσόν
2986 804 3072 859 με,
3103 786 3132 838 6
3164 785 3294 848 Θεός
3322 800 3444 854 μου.

470 871 556 924 15.
589 868 858 937 Quoniam
906 880 963 926 ιιι
1010 875 1331 942 percussisti
1379 891 1572 933 omnes
1611 879 1958 936 adversantes

2130 887 2214 941 15.
2260 888 2381 940 Ὀτι
2418 887 2482 940 σὺ
2517 884 2791 949 ὲπάταξας
2833 882 3040 944 πάντας
3076 877 3202 940 τοὺς
3243 869 3619 946 ὲχθραίνοντάς

402 962 534 1016 mihi
568 965 685 1018 sine
710 978 872 1019 causa
901 981 916 1025 ;

2062 997 2152 1051 μοι
2184 980 2427 1050 ματαίως
2446 995 2460 1009 ·

476 1055 561 1110 14.
593 1054 789 1119 Dentes
822 1065 1169 1126 peccatorum
1194 1059 1521 1117 contrivisti.
1659 1078 1678 1087 ν

2138 1070 2227 1124 14.
2280 1068 2525 1132 Ὀδόντας
2558 1063 2892 1138 ἁμαρτωλῶν
2938 1057 3282 1132 συνέτριψας.

469 1145 558 1201 15.
591 1144 804 1200 Domini
833 1155 918 1203 est
944 1149 1094 1204 salus
1121 1163 1139 1215 ;
1915 1208 1924 1217 .

1915 1208 1924 1217 .
2128 1163 2217 1217 15.
2259 1159 2365 1214 Τοῦ
2407 1160 2611 1230 Κυρίου
2640 1161 2674 1230 ἡ
2714 1154 2986 1227 σωτηρία·

469 1236 555 1292 16.
584 1235 650 1291 Et
675 1252 838 1307 super
868 1241 1126 1309 populum
1160 1251 1311 1298 tuum
1343 1243 1647 1299 benedictio
1684 1253 1795 1300 tua.

1763 1263 1795 1299 ι·
2129 1254 2216 1306 ib‘.
2258 1252 2367 1306 Καὶ
2398 1252 2489 1304 ἐπὶ
2515 1250 2606 1304 τὸν
2636 1249 2764 1302 λαόν
2795 1264 2886 1300 σου
2915 1247 2949 1316 ἡ
2974 1243 3195 1311 εὐλογία
3225 1258 3316 1294 σοι.

571 1322 635 1377 In
666 1325 843 1393 linem,
873 1327 929 1380 in
956 1331 1298 1386 carminibus.
1328 1340 1560 1400 psalmus
1590 1334 1782 1390 David.

1011 1396 1212 1454 PSAL.
1241 1400 1268 1454 1
1286 1399 1346 1454 γ.

2155 1346 2259 1411 Εἰς
2276 1344 2341 1398 τὸ
2369 1344 2566 1409 τέλος,
2590 1343 2660 1395 ἐν
2688 1334 3191 1460 ιᾶίλέἱιςλῆθαλμός
3206 1331 3287 1398 τῷ
3311 1329 3510 1389 Δαυτδ.

1198 1440 1212 1454 .
1241 1413 1265 1454 Ι
1290 1413 1346 1454 γ.
2694 1414 2866 1464 ΨΑΛ.
2905 1413 2980 1463 4'.

558 1483 693 1539 Cum
737 1487 1047 1544 invocarem
1087 1492 1364 1548 exaudivit
1413 1510 1501 1551 me
1551 1495 1695 1554 Deus
1734 1498 1959 1570 iustitia:

2127 1507 2178 1561 1.
2232 1507 2320 1559 Ἐν
2347 1504 2424 1575 τῷ
2450 1501 2825 1557 ἐπικαλεῖσθαί
2858 1518 2955 1573 με,
2985 1496 3269 1571 εἰσήκουσέ
3301 1513 3403 1567 μου
3436 1496 3465 1548 6
3490 1490 3620 1554 Θεὸς

401 1586 571 1640 meae;

2057 1595 2154 1666 τῆς
2179 1593 2524 1664 δικαιοσύνης
2553 1609 2672 1663 μου.

472 1663 526 1721 2.
560 1662 616 1718 In
648 1667 997 1724 tribulatione
1024 1670 1264 1727 dilatasti
1293 1674 1448 1728 mihi.

1441 1715 1448 1728 ι
2113 1662 2182 1741 ⁷2.
2233 1687 2323 1738 Ἐν
2353 1662 2530 1754 θλίψει
2560 1680 2862 1744 ὲπλάτυνὰς
2886 1696 2994 1751 μοι.

469 1755 521 1811 5.
554 1754 813 1811 Miserere
841 1758 966 1824 mei,
1005 1767 1059 1814 et
1084 1760 1279 1815 exaudi
1309 1762 1614 1817 orationem
1649 1779 1847 1820 meam.
1986 1805 2022 1860 Β

2125 1775 2530 1848 5.Οίκτείρησόν
2545 1791 2610 1846 με
2622 1815 2633 1836 ,
2644 1774 2741 1827 καὶ
2753 1772 3066 1826 εἰσάκουσον
3074 1771 3171 1840 τῆς
3184 1765 3489 1860 προσευχῆς
3500 1779 3621 1834 μου.

472 1845 526 1898 4.
559 1844 680 1899 Filii
712 1846 1017 1914 hominum,
1048 1864 1333 1920 usquequo
1359 1852 1509 1922 gravi
1533 1854 1745 1909 corde?
1986 1844 2025 1860 ”

1986 1844 2028 1860 u
2128 1865 2182 1921 4.
2223 1866 2342 1919 Υἱοὶ
2366 1844 2687 1936 ἀνθρώπων,
2726 1862 2830 1925 ἓως
2870 1863 2998 1914 πότε
3032 1857 3414 1931 βαρυκὰρδιοις

475 1936 526 1990 5.
564 1936 635 1992 Ut
669 1939 799 2007 quid
842 1940 1067 2011 diligitis
1115 1943 1428 2009 vanitatem,
1454 1956 1502 1998 et
1528 1946 1770 2014 quaeritis
1807 1964 1958 2005 men-

2131 1958 2185 2012 5.
2226 1959 2343 2011 Ἵνα
2372 1957 2423 2010 τί
2450 1957 2700 2026 ἀγαπᾶτε
2734 1954 3089 2024 ματαιότητα,
3126 1953 3220 2008 καὶ
3260 1951 3469 2021 ζητεῖτε
3492 1943 3625 2017 ψεῦι
3660 1964 3664 1969 τ

402 2026 618 2082 dacium
651 2030 673 2082 ?

651 2030 673 2082 ί
2061 2046 2147 2109 δος
2163 2064 2176 2110 ;

470 2118 525 2172 6.
558 2117 624 2173 Et
663 2121 856 2178 scitote
885 2125 1146 2194 quoniam
1181 2132 1493 2183 mirihcavn
1529 2130 1795 2186 Dominus
1831 2147 1962 2187 san—

2133 2137 2184 2193 6.
2222 2139 2333 2193 Kal
2355 2138 2552 2206 γνῶτε,
2584 2139 2668 2192 ὅτι
2697 2136 3084 2209 ὲθαυμάστωσε
3120 2136 3325 2207 Κύριος
3354 2134 3446 2186 τὸν
3482 2132 3623 2184 ὅσιον

403 2218 553 2264 ctum
583 2228 766 2271 suum.

696 2231 766 2271 m.
2066 2229 2249 2284 αὐτοῦ.

1527 2335 1895 2394 ATHANASII
1935 2339 2509 2399 INTERPRETATIO.

474 2423 524 2477 9.
557 2420 944 2492 Unusquisque
969 2425 1353 2493 prophetarum
1380 2426 1512 2483 dicit
1541 2448 1555 2484 :
1591 2428 1783 2486 Nullus
1805 2431 1882 2486 l‘ui
1904 2433 1957 2486 in

2133 2435 2186 2489 9.
2232 2437 2498 2500 Ἕκαστος
2528 2437 2674 2506 λεγει
2704 2437 2812 2492 τῶν
2840 2435 3154 2510 προφητῶν,
3182 2436 3263 2489 ὅτι
3303 2435 3392 2487 Ἐν
3426 2432 3524 2502 μὲν
3549 2430 3623 2500 (1)

401 2527 520 2568 mea
585 2511 964 2582 praedicatione
1028 2522 1246 2584 propter
1317 2515 1598 2573 hominum
1667 2519 1954 2576 increduli-

2073 2545 2133 2597 κη
2144 2527 2375 2599 ρύγματί
2406 2546 2504 2593 μου
2536 2529 2814 2600 ἀνωφελὴς
2835 2529 3098 2599 ἐγενόμην
3117 2524 3204 2579 διὰ
3227 2525 3323 2595 τὴν
3347 2522 3626 2577 ἀπείθειαν

402 2610 588 2664 tatem,

2064 2615 2170 2669 τῶν
2199 2616 2296 2670 ἀνθ
2304 2615 2520 2685 ρώπων,

468 2691 552 2745 10.
586 2688 890 2747 Novissime
910 2700 1088 2747 autem
1113 2708 1268 2749 meus
1283 2710 1462 2752 sermo
1477 2698 1801 2763 exsurrexit,
1828 2714 1964 2767 quo-

2142 2705 2226 2759 i0.
2267 2706 2532 2778 Ὕστερον
2578 2708 2634 2761 δὲ
2680 2706 2939 2778 ἐξανέστη
2981 2708 3010 2760 6
3044 2706 3200 2775 λόγος
3232 2721 3355 2772 μου,
3393 2703 3475 2755 ὅτι
3515 2700 3624 2753 Κύ-

399 2782 545 2835 niam
565 2780 827 2836 Dominus
858 2797 956 2851 per
989 2783 1230 2852 seipsum
1265 2785 1527 2841 mundum
1571 2787 1838 2843 allocutus
1856 2797 1952 2845 est.

1647 2797 1838 2843 oculus
1856 2797 1959 2845 est.
2065 2812 2178 2866 ριος
2205 2796 2270 2850 δι’
2294 2797 2486 2851 ἑαυτοῦ
2515 2798 2741 2870 ὲλάλησε
2772 2798 2849 2869 τῷ
2881 2798 3067 2869 κόσμῳ
3103 2798 3200 2868 (2).

472 2874 557 2926 ll.
590 2871 965 2937 Tentationes,
1007 2874 1084 2928 ait
1112 2890 1198 2930 me
1232 2877 1626 2945 aggredientes.

2134 2889 2220 2945 11.
2260 2889 2379 2944 Τῶν
2421 2892 2744 2963 πειρασμῶν
2780 2892 2927 2960 λέγει
2952 2892 3060 2944 τῶν
3102 2887 3482 2959 ἐπερχομένων
3513 2900 3622 2953 μοι.

469 2961 557 3019 12.
590 2960 853 3034 Exsurge,
876 2962 1123 3028 Domine,
1149 2966 1216 3020 de
1240 2981 1350 3036 quo
1383 2968 1631 3023 dicturus
1665 2979 1784 3023 erat
1813 2968 1961 3025 Tho-

2133 2979 2221 3036 12.
2273 2960 2529 3050 Ἀνάστα,
2572 2960 2780 3054 Κῦριε,
2814 2984 2937 3054 περὶ
2976 2977 3037 3035 οὗ
3076 2982 3256 3053 μέλλει
3290 2978 3468 3046 λέγειν
3512 2974 3625 3028 Θω-

400 3070 519 3109 mas
548 3073 563 3109 :
594 3054 848 3110 Dominus
880 3071 1023 3110 meus
1046 3067 1096 3111 et
1120 3057 1259 3112 Deus
1287 3074 1432 3112 meus
1465 3059 1527 3111 “.

2064 3071 2204 3139 μᾶς·
2254 3071 2315 3125 Ὀ
2342 3075 2555 3141 Κύριός
2582 3092 2701 3143 μου
2732 3075 2830 3129 καὶ
2861 3079 2894 3129 d
2925 3077 3068 3140 Θεός
3096 3091 3234 3143 μου.

469 3150 559 3204 15.
584 3147 853 3216 Quoniam
894 3163 949 3205 tu
994 3151 1291 3207 cruciﬁxus
1319 3167 1416 3221 pro
1450 3152 1609 3207 nobis
1643 3154 1957 3223 percussisti

2138 3164 2226 3219 15.
2267 3165 2390 3219 Ὀτι
2435 3166 2498 3219 σὺ
2531 3166 2858 3237 σταυρωθεὶς
2893 3168 3032 3238 ὑπὲρ
3055 3166 3209 3237 ἡμῶν
3252 3165 3327 3236 (5)
3354 3160 3625 3227 ὲπάταξας

399 3254 588 3295 omnes
615 3249 854 3296 rectores
888 3241 1098 3307 mundi,
1133 3241 1236 3296 hoc
1266 3250 1348 3295 cst
1369 3242 1596 3311 peccati.

1995 3243 2037 3302 C
2070 3254 2278 3319 πάντας
2297 3258 2423 3321 τοὺς
2446 3258 2890 3329 κοσμοκράτορας
2923 3258 3022 3328 τῆς
3046 3257 3336 3328 ἁμαρτίας.

472 3332 556 3386 14.
586 3331 787 3387 Eorum
814 3334 1022 3388 scilicet
1046 3334 1341 3398 doctrinas,
1373 3333 1575 3404 quibus
1620 3335 1955 3393 devorabant

2130 3346 2219 3403 M.
2261 3349 2371 3412 Τὰς
2398 3349 2615 3420 διδαχὰς
2645 3350 2826 3403 αὐτῶν
2854 3349 3130 3403 τουτέστιν
3170 3348 3265 3417 (4),
3286 3350 3342 3399 ὲν
3372 3339 3460 3410 αἷς
3496 3359 3628 3396 κατ-

401 3422 568 3480 corda
597 3423 879 3479 hominum
906 3425 999 3494 qui
1026 3424 1133 3479 illis
1155 3425 1555 3481 auscultabant.

2068 3436 2255 3508 ήσθιον
2279 3439 2378 3502 τὰς
2402 3441 2627 3510 καρδίας
2654 3440 2760 3494 τῶν
2790 3441 3172 3494 ὑπακουόντων
3201 3440 3406 3500 αὐτοῖς.

452 3516 558 3571 15.
584 3514 689 3571 Tui
718 3516 957 3587 quidem,
992 3517 1088 3588 qui
1118 3525 1313 3572 natura
1336 3518 1453 3588 ipsa
1482 3518 1751 3575 Dominus
1776 3535 1854 3584 es,

1814 3537 1854 3584 5.
2140 3528 2226 3582 15.
2271 3530 2373 3583 Σοῦ
2405 3531 2516 3602 γὰρ
2548 3530 2624 3601 (5)
2653 3531 2746 3584 τοῦ
2773 3531 2916 3586 κατὰ
2949 3531 3107 3600 φύσιν
3140 3529 3367 3601 Κυρίου,

473 3607 558 3664 16.
589 3607 656 3663 Et
675 3624 838 3678 super
861 3621 1078 3666 sanctos
1109 3618 1230 3665 tuos
1250 3610 1421 3681 gratia
1446 3622 1539 3666 tua
1566 3631 1581 3677 ;
1607 3612 1786 3666 omnis
1815 3611 1960 3668 enim

2139 3620 2226 3671 16.
2268 3621 2379 3674 Καὶ
2423 3622 2516 3673 ἐπὶ
2543 3623 2671 3685 τοὺς
2711 3622 2898 3689 ἁγίους
2938 3639 3029 3675 σου
3061 3624 3095 3693 ἡ
3142 3622 3301 3692 χάρις
3332 3633 3452 3671 σου·
3480 3614 3630 3667 «πᾶσα

401 3701 552 3759 salus
583 3701 652 3755 ab
683 3699 905 3757 homine
932 3717 1074 3756 vana
1105 3702 1168 3756 “.
1714 3727 1720 3735 ·

1714 3727 1720 3735 ·
2070 3705 2178 3776 γὰρ
2213 3709 2454 3780 σωτηρία
2484 3709 2770 3780 ἀνθρώπου
2803 3712 3024 3780 ματαία.

481 3793 546 3845 Ἡ
571 3792 663 3847 τοῦ
683 3790 898 3862 ψαλμοῦ
932 3790 1263 3861 προκειμένη
1291 3791 1570 3861 ἐπιγραφὴ
1599 3791 1633 3861 ἠ
1663 3789 1754 3843 διὰ
1778 3791 1877 3862 τῆς
1906 3793 2277 3864 κινναϐάρεως
2310 3797 2578 3866 περιέχει·
2605 3801 2707 3865 Εἰς
2736 3799 2801 3852 τὸ
2831 3798 3003 3864 τέλος
3039 3790 3107 3851 ἐκ
3132 3798 3359 3867 ὕμνοις,
3395 3793 3636 3863 ψαλμύς

400 3882 479 3949 τῷ
507 3884 705 3938 Δαυΐδ.
735 3882 906 3937 Τοῦτο
933 3880 1027 3939 οὖν
1056 3887 1222 3949 ἐστιν,
1255 3883 1348 3947 Εἰς
1378 3885 1544 3956 ὕμνον
1571 3884 1786 3957 εἴρηται
1813 3887 1953 3959 ὑπὲρ
1976 3888 2082 3940 τῶν
2113 3890 2283 3958 ἁγίων
2312 3891 2406 3945 τοῦ
2433 3892 2567 3946 Θεοῦ
2598 3893 2694 3963 (6),
2727 3894 2868 3965 ὑπὲρ
2896 3894 3003 3948 τῶν
3029 3894 3308 3949 ἀθανάτων
3329 3888 3636 3963 μυστηρίων

400 3980 468 4036 δι’
492 3972 567 4036 ὧν
605 3980 866 4046 σώζονται
894 3982 945 4036 οἱ
982 3980 1128 4051 ἅγιοι
1160 3981 1253 4034 τοῦ
1284 3981 1440 4047 Θεοῦ,
1469 3983 1536 4035 δι’
1576 3974 1651 4035 ὧν
1685 3981 1761 4054 (7)
1794 3983 2010 4050 λέγουσι
2044 3986 2136 4037 καὶ
2169 3986 2261 4039 τὸν
2296 3986 2462 4058 ῦμνον
2491 3988 2567 4059 τῷ
2605 3988 2835 4042 σώσαντι
2863 3990 3057 4052 αὐτοὺς
3092 3989 3168 4058 τῷ
3196 3986 3309 4055 Υἱῷ
3353 3983 3448 4037 τοῦ
3481 3979 3634 4037 Θεοῦ.

401 4076 560 4131 Δαυῒδ
584 4076 693 4149 γὰρ
720 4075 1079 4149 ἑρμηνεύεται
1109 4077 1316 4142 ἱκανὸς
1341 4076 1513 4144 χειρὶ,
1544 4075 1682 4148 ὅπερ
1710 4075 1825 4129 ἐστὶ
1853 4075 2055 4148 Κύριος
2084 4079 2159 4147 (8)
2187 4081 2215 4131 6
2247 4078 2375 4143 Θεὸς
2415 4080 2591 4151 ἡμῶν.

471 4189 704 4251 Titulus,
726 4189 818 4258 qui
852 4187 1059 4257 psalmo
1082 4187 1447 4258 prmmittitur,
1466 4185 1751 4240 cinnabari
1782 4185 2041 4255 scriptus,
2059 4186 2301 4242 continet
2325 4205 2337 4240 :
2361 4186 2426 4242 In
2453 4189 2609 4259 ﬁnem
2634 4193 2687 4243 in
2712 4190 2938 4259 hymnis,
2962 4186 3195 4258 psalmus
3218 4180 3404 4235 David.
3425 4178 3637 4234 Scilicet

402 4290 456 4344 in
484 4290 769 4361 hymnum,
797 4287 900 4341 hoc
922 4294 1006 4340 est
1042 4284 1096 4338 in
1125 4285 1362 4351 laudem,
1397 4283 1642 4353 psalmus
1690 4282 1869 4338 dictus
1913 4290 1996 4336 est
2035 4298 2134 4351 pro
2176 4284 2382 4340 sanctis
2422 4284 2513 4339 Dei
2553 4286 2620 4341 de
2665 4287 3064 4340 immortalibus
3113 4278 3403 4352 mysteriis,
3439 4278 3637 4348 quibus

404 4381 579 4435 sancti
601 4380 696 4434 Dei
720 4379 1021 4440 salvantur,
1049 4386 1102 4431 et
1139 4377 1210 4431 ob
1233 4392 1352 4445 qua:
1377 4375 1636 4447 hymnum
1669 4381 1876 4428 canunt
1901 4370 1997 4428 Dei
2020 4372 2184 4444 Filio,
2207 4376 2301 4445 qui
2330 4377 2562 4432 salvavit
2584 4393 2698 4433 eos.
2732 4378 2898 4433 David
2933 4379 3079 4434 enim
3116 4379 3495 4446 interpretatur
3523 4387 3640 4425 ma-

406 4492 474 4527 nu
500 4483 706 4545 potens,
736 4472 915 4544 qualis
942 4481 1027 4527 est
1057 4471 1322 4526 Dominus
1345 4469 1490 4525 Deus
1513 4477 1721 4525 noster.
3503 4467 3513 4475 '

479 4570 530 4625 1.
560 4568 799 4624 Veniens
827 4567 896 4623 ad
917 4584 1005 4622 me
1029 4582 1187 4636 opem
1216 4566 1351 4621 mihi
1378 4565 1572 4630 tulisti,
1993 4570 2032 4628 ι]

2146 4566 2195 4619 1.
2233 4568 2680 4638 Παραγενόμενος
2702 4565 2838 4636 πρὸς
2864 4580 2951 4635 με,
2977 4559 3277 4631 ἐϐοήθησας
3319 4576 3427 4629 μοι,
3466 4555 3631 4624 λέγει,

477 4663 530 4717 2.
563 4662 1018 4717 Animadvertens
1042 4675 1217 4715 meam
1244 4659 1639 4722 inﬁrmitatem,

1594 4672 1639 4722 ΓΙ,
2143 4660 2199 4713 2.
2240 4660 2638 4731 Προσεσχηκὼς
2666 4658 2726 4712 τὸ
2754 4655 2976 4717 ἀσθενές
3011 4670 3112 4723 μου
3134 4692 3147 4716 ,

477 4756 533 4811 5.
567 4753 684 4810 Non
712 4754 953 4824 rejecisti
980 4753 1414 4823 deprecationem
1444 4763 1641 4804 meam.

2143 4753 2200 4805 5.
2242 4751 2334 4821 Μὴ
2367 4750 2679 4822 mappam;
2718 4749 2816 4818 τὴν
2847 4747 3051 4800 ἱκεσίαν
3082 4760 3200 4815 μου.

477 4846 530 4899 4.
566 4845 742 4900 Corde
767 4844 988 4914 lapidei.
1496 4868 1505 4883 ι
1940 4914 1947 4919 _

1496 4868 1505 4883 ι
1940 4914 1947 4919 _
2146 4840 2202 4895 4.
2244 4841 2602 4913 Λιθοκάρδιοι.

480 4937 695 5004 5.'Quaa
725 4939 781 4991 in
810 4936 1014 4990 mundo
1036 4940 1181 4988 sunt.

2150 4932 2204 4986 5.
2244 4930 2326 4984 Τὰ
2351 4932 2409 4985 ὲν
2436 4931 2514 5001 τῷ
2547 4932 2753 5001 κόσμῳ.

480 5031 532 5084 6.
566 5028 848 5099 lutelligite
895 5027 1155 5098 quoniam
1213 5023 1475 5079 Dominus
1524 5036 1740 5076 servum
1811 5037 1970 5077 suum

2149 5021 2201 5074 6.
2246 5023 2492 5092 Νοήσατε
2538 5021 2613 5094 (9)
2671 5022 2755 5076 ὅτι
2808 5021 2837 5072 ὁ
2893 5017 3094 5089 Κύριος
3141 5011 3356 5078 ὲδόξασε
3402 5012 3496 5068 τὸν
3532 5010 3639 5064 δοιν

414 5118 757 5192 gloriﬁcavit.

2084 5112 2308 5167 λεύοντα
2336 5113 2500 5184 αὐτῷ.

484 5217 522 5246 ¹¹
548 5212 706 5269 Joan.
732 5228 823 5277 xx,
844 5210 934 5265 28.
1011 5210 1055 5240 ¹²
1090 5206 1235 5264 Psal.
1260 5224 1369 5272 ιιι,
1398 5209 1483 5262 15.

1351 5322 1654 5386 Addenda
1702 5328 1762 5384 et
1808 5320 2183 5400 corrigenda
2218 5338 2297 5381 ex
2330 5320 2469 5381 cod.
2502 5319 2706 5380 Vatic.

486 5436 562 5501 (ι)
608 5434 696 5487 Ἐν
728 5433 806 5502 τῷ
847 5432 968 5502 μέν.
2153 5420 2229 5562 £6)
2263 5421 2370 5507 Τοῦ
2398 5420 2530 5475 Υἱοῦ
2559 5420 2651 5474 τοῦ
2681 5420 2832 5475 Θεοῦ.

486 5505 561 5562 (2)
614 5503 904 5562 Ἐλάλησεν
931 5500 1109 5556 αὐτῶν
1135 5499 1341 5562 (αὐτὰ)
1380 5500 1458 5562 τῷ
1483 5498 1694 5562 κόσμῳ.
2176 5493 2206 5543 7
2271 5494 2415 5562 Διο.Δ
2500 5561 2504 5562 ν
2617 5559 2637 5562 ᾗ

614 5489 904 5583 ςξλάλήσὲν
931 5500 1109 5556 αὐτῶν
1135 5499 1341 5573 (αὐτὰ)
1380 5500 1458 5569 τῷ
1483 5498 1694 5567 κόσμῳ.
2271 5491 2424 5583 θὲὸᾁὶ
2469 5561 2539 5583 ’μ
2554 5559 2639 5583 Δ

486 5560 560 5635 (3’)
615 5560 807 5642 Ἐμοῡὶ
1141 5560 1154 5573 “
1322 5560 1336 5571 '
1430 5560 1441 5569 '
1589 5560 1600 5567 ‘
1645 5560 1657 5565 '
2154 5560 2231 5699 (8)
2283 5560 2430 5614 Ἐστὶ
2469 5560 2695 5631 Ἰησοῦς.

487 5642 561 5699 (αἱ)
595 5641 715 5693 Τῶν
741 5642 920 5695 αὐτῶν
959 5639 1181 5694 τούτων.
2176 5632 2231 5697 9)
2274 5631 2564 5699 Ποιήσατε,

487 5631 561 5707 (αἱ)
595 5631 715 5693 Τῶν
741 5642 920 5695 αὐτῶν
959 5639 1181 5694 τούτων.
2155 5631 2231 5699 (9)
2274 5631 2564 5704 Ποιήσατεο

487 5712 564 5780 ιδ)
607 5711 831 5782 Κυρίου,
866 5714 898 5782 ἡ
929 5709 1188 5782 σωτηρία.
