3934 6218
333 193 432 252 651
1253 199 1342 254 DE
1383 200 1658 257 TITUUS
1710 203 1883 258 PSAL

2019 207 2157 262 lUM.
2203 238 2270 252 -ν
2308 206 2502 262 PSAL.
2540 206 2580 260 V
3467 202 3572 260 εει

399 307 456 361 7.
502 307 705 379 Κύριος
729 309 1105 363 είσακούσεταί
1133 327 1256 380 μου,
1288 312 1346 363 ἐν
1372 311 1450 382 τῷ
1488 315 1811 386 κεκραγέναι
1841 333 1904 387 με
1936 332 1952 378 λ

2080 319 2128 374 7.
2167 318 2432 374 Dominus
2491 301 2747 373 exaudiet
2801 333 2912 384 me,
2970 334 3093 372 cum
3151 304 3569 378 clamavero'ad

333 401 474 474 πρὸς
504 402 685 462 αὐτόν.

595 402 685 462 τόν.
2006 425 2148 463 eum.

295 503 306 549 '.
399 495 456 550 8.
509 493 838 564 Ὀργίζεσθε,
869 493 963 548 καὶ
991 493 1065 564 μὴ
1089 494 1457 564 ἁμαρτάνετε·

2075 500 2126 555 8.
2160 498 2483 564 lrascimini,
2511 506 2564 552 et
2593 498 2761 552 nolite
2789 513 3015 568 peccare
3045 520 3058 567 ;

402 585 456 642 9.
504 587 572 638 Ἀ
592 585 779 654 λέγετε
804 588 862 640 ἐν
891 589 1012 651 ταῖς
1041 586 1289 658 καρδίαις
1313 587 1485 656 ὑμῶν,
1514 589 1605 642 ἐπὶ
1639 595 1758 654 ταῖς
1781 608 1841 645 κο

2075 592 2126 645 9.
2165 588 2297 656 Quae
2347 588 2528 644 dicitis
2565 588 2620 642 in
2665 589 2920 645 cordibus
2949 593 3178 661 .vestris,
3209 594 3262 648 in
3300 595 3571 652 cubilibus

331 695 454 742 ταις
477 676 628 748 ὑμῶν
653 676 1018 750 κατανύγητε.

2004 683 2198 739 vestris
2230 681 2675 750 cumpungimini.

405 773 486 826 10.
531 771 740 825 Θύσατε
768 771 958 827 θυσίαν
997 771 1360 844 δικαιοσύνης,
1394 776 1486 826 καὶ
1517 776 1770 830 ἐλπίσατε
1804 779 1896 832 ἐπὶ

2076 778 2161 829 10.
2203 774 2518 829 Sacriﬁcate
2549 775 2879 831 sacrificium
2901 769 3147 846 iustitia,
3184 782 3478 850 etjsperate
3514 783 3568 836 in

271 938 278 945 _
331 864 556 936 Κύριον.

2004 869 2251 924 Domino.

400 955 487 1010 11.
527 954 718 1008 Πολλοὶ
746 953 996 1024 λέγουσιν
1028 955 1124 1019 Τίς
1159 954 1320 1020 δείξει
1355 957 1482 1028 ἡμῖν
1509 961 1577 1010 τὰ
1616 958 1824 1027 ἀγαθάς

2077 960 2156 1012 ll.
2187 956 2338 1010 Multi
2365 957 2549 1012 dicunt
2576 973 2589 1010 :
2622 955 2756 1022 Quis
2791 955 3038 1010 ostendet
3063 957 3218 1012 nobis
3247 958 3381 1011 bona
3410 957 3435 1010 ?

404 1049 489 1104 19..
545 1048 884 1120 Ἐσημειώθη
922 1049 1008 1119 ἐφ’
1047 1051 1196 1120 ἡμᾶς
1234 1051 1293 1103 τὸ
1323 1051 1438 1120 φῶς
1468 1050 1560 1104 τοῦ
1601 1051 1890 1123 προσώπου

2074 1049 2163 1104 12.
2197 1047 2481 1118 Signatum
2536 1056 2621 1102 est
2665 1061 2832 1118 super
2878 1063 2977 1103 nos
3020 1049 3202 1103 lumen
3249 1050 3431 1104 vultus
3466 1049 3565 1118 tui,

333 1155 446 1204 σου,
476 1141 648 1210 Κύριε
664 1156 678 1171 ο

2002 1140 2228 1195 Domine
2269 1155 2282 1204 ;

403 1232 486 1286 15.
530 1233 772 1296 Ἐδωκας
797 1232 1130 1304 εὐφροσύνην
1157 1235 1236 1296 είς
1259 1233 1355 1304 τὴν
1378 1233 1599 1302 καρδίαν
1627 1250 1751 1306 μου.

1532 1237 1599 1287 αν
1627 1250 1751 1306 μου.
2077 1233 2156 1286 15.
2194 1231 2395 1286 Dedisti
2428 1230 2666 1286 laetitiam
2691 1233 2744 1286 in
2771 1232 2934 1287 corde
2966 1247 3085 1286 meo

398 1323 485 1376 1-1.
539 1323 668 1376 Ἀπὸ
703 1323 913 1394 καρποῦ
976 1323 1156 1389 σίτου,
1200 1325 1341 1378 οἴνου
1381 1324 1554 1395 [σίτου
1580 1325 1677 1382 καὶ
1707 1325 1889 1400 οἴνου(

2071 1325 2153 1378 14.
2197 1324 2240 1378 Δ
2282 1323 2462 1379 fructu
2488 1322 2768 1388 frumenti,
2805 1326 2914 1379 vini
2945 1324 3226 1397 [frumenti
3251 1335 3303 1380 et
3337 1324 3470 1397 vini]
3515 1314 3568 1380 εί

328 1415 420 1467 καὶ
452 1413 627 1467 ἐλαίου
657 1415 834 1468 αὐτῶν
857 1416 1293 1487 ὲπληθύνθησαν.

1215 1434 1293 1472 αν.
1997 1416 2098 1469 olei
2130 1415 2212 1470 sui
2245 1417 2586 1486 multiplicati
2623 1427 2768 1473 sunt.

396 1505 482 1559 15.
537 1504 624 1558 Ἐν
665 1507 855 1578 εἰρήνῃ
905 1508 997 1560 ἐπὶ
1043 1509 1104 1562 τὸ
1151 1509 1282 1562 αὐτὸ
1331 1510 1734 1582 κοιμηθήσομαι
1801 1511 1892 1563 καὶ

2071 1507 2156 1560 15.
2193 1504 2250 1559 1η
2280 1522 2411 1575 pace
2442 1507 2494 1560 in
2530 1509 2768 1579 idipsum
2801 1509 3068 1565 dormiam
3111 1517 3167 1565 et
3200 1510 3563 1580 requiescam.

325 1596 576 1651 ὑπνώσω.

395 1688 479 1743 16.
525 1689 646 1742 Ὅτι
677 1691 762 1755 σὺ,
789 1690 992 1762 Κύριε,
1038 1691 1350 1762 καταμόνας
1391 1693 1477 1745 ἐπ’
1515 1693 1694 1764 ἐλπίδι
1757 1711 1886 1747 κατ·
1923 1683 1948 1736 Ῑ

2075 1688 2154 1742 16.
2185 1689 2454 1754 Quoniam
2514 1701 2604 1754 tu,
2661 1692 2912 1756 Domine,
2971 1695 3319 1765 singulariter
3364 1696 3418 1748 in
3471 1708 3567 1765 spe

321 1778 526 1849 ιξικισάς
555 1799 642 1852 με.

1995 1779 2324 1836 constituis!
2361 1795 2464 1838 me.

323 1895 426 1960 Εἰς
461 1895 523 1948 τὸ
552 1893 745 1961 τέλος,
768 1894 920 1962 ὑπὲρ
962 1894 1072 1963 τῆς
1112 1897 1626 1966 κληρονομούσης,
1654 1897 1876 1966 ψαλμάς

2075 1893 2140 1948 In
2169 1897 2346 1965 ﬁnem,
2378 1914 2471 1965 pro
2501 1914 2562 1950 ea
2596 1913 2712 1966 qua:
2742 1900 3104 1952 nwreditatem
3131 1904 3483 1967 consequttur,

788 1985 867 2052 τῷ
899 1986 1094 2040 Δαϐίδ.
1147 1989 1311 2042 ΨΑΛ-
1354 1988 1432 2042 E’.

2379 1987 2610 2057 psalmus
2641 1987 2832 2044 David.
2863 1987 3062 2043 PSAL.
3110 1987 3169 2045 γ.

391 2076 442 2130 1.
485 2075 563 2128 Τὰ
593 2077 811 2148 ῥήματὰ
854 2094 954 2148 μου
993 2078 1266 2140 ἐνώτισαι,
1299 2078 1469 2149 Κύριε
1493 2093 1504 2108 ⁶

2073 2078 2124 2132 1.
2162 2077 2332 2132 Verba
2364 2094 2485 2133 mea
2512 2081 2741 2135 auribus
2775 2081 3016 2151 percipe,
3043 2080 3307 2147 Domine;

388 2167 443 2220 2.
484 2167 649 2231 Σύνες
686 2171 783 2241 τῆς
825 2171 1071 2240 κραυγῆς
1114 2187 1213 2240 μου
1245 2169 1333 2242 [τῇ
1375 2174 1585 2242 κραυγῇ
1620 2171 1777 2244 μου]⁶

1414 2174 1585 2242 ραυγῇ
1620 2171 1777 2244 μου]⁸
2065 2171 2118 2222 2.
2156 2169 2394 2241 lntellige
2417 2171 2709 2226 clamorem
2744 2186 2920 2226 meum
2951 2188 2967 2236 ;

389 2257 444 2315 5.
485 2260 727 2330 Πρόσχες
760 2262 825 2331 τῇ
871 2264 1020 2331 φωνῇ
1052 2260 1152 2331 τῆς
1185 2261 1419 2332 δεήσεως
1448 2279 1570 2333 μου,

1448 2279 1570 2333 μου,
2069 2263 2121 2317 5.
2161 2261 2382 2317 intende
2402 2266 2520 2318 voci
2551 2264 2814 2318 orationis
2846 2280 2997 2330 meas,

391 2348 443 2403 4.
492 2351 548 2402 Ὀ
583 2349 832 2419 βασιλεύς
867 2369 968 2422 μου
999 2353 1092 2406 καὶ
1131 2355 1159 2405 ό
1184 2352 1316 2417 Θεός
1351 2371 1473 2424 μου.

1376 2372 1473 2407 ιου.
2072 2355 2118 2410 4.
2155 2355 2268 2410 Rex
2291 2371 2465 2420 meus,
2496 2364 2550 2411 ct
2582 2354 2726 2410 Deus
2757 2373 2929 2412 meus.

390 2444 442 2499 5.
486 2444 605 2498 Ὀτι
638 2446 774 2516 πρὸς
810 2448 868 2500 σὲ
908 2446 1298 2519 προσεύξομαι,
1337 2447 1541 2518 Κύριε·

2051 2447 2118 2501 15.
2151 2445 2416 2512 Quoniam
2450 2446 2515 2501 ad
2560 2455 2611 2501 te
2637 2448 2826 2514 orabo,
2861 2448 3107 2515 Domine,

388 2534 441 2589 6.
481 2537 554 2590 Τὸ
593 2536 736 2608 πρωῒ
766 2537 1060 2612 είσακούσῃ
1095 2539 1195 2608 τῆς
1231 2539 1414 2608 φωνῆς
1450 2556 1571 2610 μου.

1484 2556 1571 2594 ου.
2067 2538 2120 2592 6.
2155 2537 2309 2593 Mane
2330 2539 2590 2594 exaudies
2623 2554 2812 2595 vocem
2838 2555 3037 2596 meam.

1445 2691 1818 2748 ATIIANASII
1860 2692 2443 2748 INTERPRETATIU.

387 2843 440 2898 7.
486 2845 711 2909 Οὐδενὸς
759 2844 834 2915 (1)
879 2844 988 2916 γὰρ
1027 2847 1241 2918 παρορᾷ
1279 2845 1388 2900 τῶν
1423 2844 1886 2911 ἁναστεναζόντων

2064 2849 2116 2903 7.
2161 2846 2442 2902 Neminem
2479 2848 2622 2902 cnim
2670 2849 2900 2920 despicit
2948 2865 3137 2905 eorum
3182 2853 3275 2922 qui
3320 2851 3387 2907 ad
3443 2865 3569 2908 eum

320 2937 452 3004 πρὸς
477 2937 657 2992 αὐτόν.

1993 2940 2373 3010 ingemiscunt.

388 3029 444 3094 8,
482 3029 536 3084 9.
590 3030 650 3083 Ὀ
679 3028 850 3097 ἧλιορ
877 3029 955 3097 αὴ
981 3029 1264 3084 ἐπιδυέτω
1287 3033 1386 3084 ἐπὶ
1405 3031 1483 3096 τῷ
1505 3029 1886 3101 παροργισμῷ

1708 3029 1886 3101 Γισμῷ
2063 3031 2117 3096 8,
2153 3032 2206 3086 9.
2248 3032 2341 3086 Sol
2366 3049 2470 3087 non
2501 3033 2707 3086 occidat
2733 3049 2890 3102 super
2913 3051 2996 3086 ira
3021 3043 3196 3088 vestra
3219 3034 3261 3065 ¹³

319 3119 506 3189 ὑμῶν.

394 3213 480 3270 10.
523 3213 766 3281 Εύξασθε
804 3215 898 3268 καὶ
928 3214 1132 3284 ψάλατε
1160 3217 1216 3268 ἐν
1247 3215 1444 3286 καρδίᾳ
1475 3217 1710 3290 καθαρᾷ.

1475 3217 1710 3290 καθαρᾷ.
2069 3209 2156 3267 10.
2184 3209 2346 3268 Orate
2373 3221 2427 3268 et
2448 3212 2658 3282 psallite
2678 3212 2841 3266 corde
2870 3227 3027 3282 puro.

393 3306 476 3360 11.
503 3307 606 3358 Τὸν
628 3306 829 3378 Κύριον
847 3324 938 3359 σου
960 3307 1060 3379 (2),
1080 3308 1250 3362 καὶτὸ
1266 3307 1406 3362 Πνεῦ
1415 3310 1490 3379 μά
1513 3326 1606 3362 σου
1625 3310 1685 3362 τὸ
1710 3310 1884 3378 ἆγιον.

1871 3346 1884 3360 .
2065 3304 2153 3358 11.
2181 3303 2379 3359 Filium
2405 3314 2558 3360 tuum
2589 3313 2643 3360 et
2673 3304 2932 3375 Spiritum
2967 3315 3119 3358 tuum
3150 3313 3424 3360 sanctum.

392 3399 478 3452 12.
534 3397 810 3469 Ἐγνὼσθη
840 3401 896 3452 ἐν
930 3401 1061 3470 ἡμῖν
1092 3401 1120 3452 ὁ
1153 3400 1278 3464 Υἱός
1313 3417 1432 3466 σου,
1473 3399 1667 3471 Κύριε.
1919 3397 1945 3454 ί

2067 3394 2156 3448 12.
2185 3392 2564 3451 Mauil‘estatus
2584 3405 2668 3450 est
2694 3396 2748 3449 in
2767 3395 2922 3450 nobis
2949 3393 3119 3450 Filius
3145 3403 3296 3459 tuus,
3317 3391 3563 3448 Domine.

395 3490 483 3543 15.
523 3491 597 3542 Τὸ
626 3491 850 3562 Πνεῦμά
881 3509 974 3544 σου
1004 3491 1152 3559 λέγει
1181 3492 1241 3544 τὸ
1270 3492 1447 3558 ἅγιον.

2069 3487 2157 3541 15.
2191 3485 2452 3556 Spiritum
2478 3498 2630 3543 tuum
2655 3497 2928 3551 sanctum,
2954 3487 3051 3542 ait.

392 3581 478 3634 M.
527 3583 620 3637 Ἐκ
668 3583 762 3636 τοῦ
815 3583 1137 3656 ἐπουρανίου
1185 3584 1388 3655 ἄρτου,
1442 3588 1538 3638 καὶ
1584 3586 1750 3651 οἴνου,
1798 3587 1890 3640 καὶ

2081 3580 2164 3634 Μ.
2195 3578 2270 3633 Ex
2302 3581 2679 3650 supercoelesti
2719 3594 2879 3650 pane,
2907 3587 2962 3633 et
2990 3581 3138 3641 vino,
3176 3584 3230 3631 et
3263 3575 3437 3646 gratia
3467 3571 3573 3629 Pa-

315 3671 415 3742 τῆς
443 3672 661 3744 χάριτος
685 3672 778 3726 τοῦ
814 3675 1027 3744 Πατρὸς
1056 3675 1132 3746 (5)
1162 3675 1254 3728 τοῦ
1285 3677 1464 3745 ἁγίου.

763 3672 778 3725 5
814 3675 1027 3744 Πατρὸς
1056 3675 1132 3746 (5)
1162 3675 1254 3728 τοῦ
1285 3677 1464 3745 ἁγίου.
1999 3674 2098 3730 tris
2119 3673 2316 3728 sancti.

390 3765 476 3820 i5.
531 3766 960 3837 Ἀναπαύσομαι,
991 3767 1159 3836 λέγει.

2066 3767 2154 3822 15.
2193 3765 2574 3835 Requiescam,
2603 3765 2735 3820 dicit

389 3855 474 3910 16.
504 3859 576 3912 Σὺ
610 3857 768 3929 μόνος
797 3859 1109 3930 κατῴκισάς
1141 3878 1208 3930 με
1237 3862 1292 3914 ἐν
1318 3861 1381 3931 τῇ
1412 3859 1657 3932 βασιλείᾳ
1687 3875 1799 3914 σου.

2065 3857 2153 3912 16.
2185 3857 2265 3910 'l‘u
2289 3857 2441 3912 solus
2470 3856 2714 3911 habitare
2744 3870 2829 3910 me
2855 3853 3030 3910 fecisti
3056 3854 3108 3908 in
3145 3866 3311 3921 regno
3347 3859 3459 3904 tuo.

399 4013 464 4066 Ἦ
500 4013 593 4067 τοῦ
624 4013 837 4085 ψαλμοῦ
872 4015 1205 4087 προκειμένη
1235 4013 1513 4085 ἐπιγραφὴ
1540 4015 1572 4084 ἡ
1609 4013 1696 4066 διὰ
1723 4013 1826 4083 τῆς
1853 4012 2221 4084 κινναϐάρεως
2248 4010 2526 4082 περιέχει·
2557 4011 2662 4074 Εἰς
2689 4007 2754 4061 τὸ
2792 4007 2985 4074 τέλος,
3019 4005 3171 4074 ὑπὲρ
3211 4003 3322 4073 τῆς
3349 4006 3566 4072 κληρο-

313 4105 640 4175 νομούσης,
673 4107 916 4176 ψαλμὸς
937 4105 1018 4171 τῷ
1047 4105 1246 4161 Δαυΐδ.
1277 4105 1478 4159 Τοῦτον
1504 4101 1594 4159 οὖν
1623 4107 1697 4177 (ι)
1722 4107 1861 4178 ὑπὲρ
1891 4106 1990 4176 τῆς
2031 4103 2352 4174 Ἐκκλησίας
2377 4103 2526 4171 λέγει
2553 4102 2646 4154 τὸν
2673 4100 2884 4172 ψαλμὸν
2907 4099 3006 4169 τῆς
3043 4097 3340 4170 μελλούσης
3366 4095 3565 4166 κληρο-

315 4201 496 4268 νομεῖν
525 4196 624 4267 τὴν
665 4197 938 4268 βασιλείαν
970 4197 1078 4250 τῶν
1108 4199 1166 4251 ού
1178 4196 1376 4267 ρανῶν.
1420 4197 1582 4267 Λέγει
1613 4197 1668 4250 δὲ
1697 4196 2066 4266 tergi-n.1de
2095 4194 2175 4261 τῷ
2196 4194 2395 4260 Δαυῒδ,
2423 4193 2566 4261 λέγω
2596 4192 2660 4265 δὴ
2699 4193 2776 4262 τῷ
2809 4192 2922 4264 Υἱῷ
2959 4191 3051 4245 τοῦ
3081 4189 3238 4244 Θεοῦ.
3273 4187 3433 4241 Δαυῖδ
3459 4185 3570 4259 γὰρ

315 4288 675 4360 ἑρμηνεύεται
704 4285 882 4356 οὗτος
916 4289 1242 4360 ἀγαπητός,
1279 4290 1416 4361 ὅπερ
1445 4289 1640 4361 ἐλέχθη
1670 4290 1774 4342 ὑπὸ
1808 4289 1903 4342 τοῦ
1939 4289 2152 4360 Πατρὸς
2181 4289 2271 4342 τὸν
2301 4287 2376 4359 (5)
2409 4285 2672 4358 μονογενῆ
2707 4285 2855 4338 Υίόν.

381 4401 616 4469 Titulus,
645 4404 737 4473 qui
767 4403 980 4474 psalmo
1007 4405 1678 4474 prazmittitur,cinnabari
1707 4405 1969 4474 scriptus,
1998 4403 2246 4460 continet
2273 4423 2286 4458 :
2321 4401 2389 4456 1n
2419 4401 2599 4470 ﬁnem,
2631 4415 2726 4468 pro
2751 4415 2815 4452 ea
2849 4413 2964 4467 qua:
2994 4397 3353 4452 hereditatem
3390 4409 3568 4448 conse-

315 4497 518 4564 quitur,
550 4495 783 4566 psalmus
809 4495 1001 4551 David.
1031 4494 1188 4549 Hunc
1228 4494 1391 4566 igitur
1423 4496 1693 4564 psalmum
1743 4494 1873 4550 dicit
1911 4509 2009 4565 pro
2038 4493 2304 4558 Ecclesia,
2346 4507 2469 4562 quae
2506 4489 2688 4544 futura
2733 4499 2818 4543 est
2862 4488 3034 4542 haeres
3079 4487 3230 4559 regni
3279 4487 3562 4542 caelorum.

315 4586 520 4642 Dicitur
547 4597 726 4644 autem
752 4607 763 4642 :
794 4587 1042 4644 Psatmus
1067 4588 1264 4656 David,
1292 4586 1505 4642 scilicet
1530 4586 1627 4643 Dci
1651 4587 1815 4643 Filio.
1852 4585 2020 4641 David
2047 4585 2191 4641 enim
2230 4586 2652 4653 interpretatur:
2680 4580 2784 4634 Hic
2806 4579 3051 4644 dilectus,
3070 4579 3214 4649 quod
3241 4579 3442 4636 dictum
3482 4587 3566 4635 est

320 4695 355 4742 ο,
376 4677 536 4736 Patre
563 4681 630 4735 ad
658 4680 856 4736 Filium
887 4698 1050 4738 suum
1081 4681 1423 4751 unigenitum
1455 4679 1523 4736 ³⁵.

392 4838 442 4892 1.
464 4838 874 4903 Είσελεύσονται
899 4837 968 4890 τὰ
988 4841 1054 4910 ρή
1065 4839 1210 4909 ματὰ
1229 4856 1328 4910 μου
1350 4841 1430 4901 είς
1453 4835 1554 4900 τὰς
1577 4835 1744 4896 ἀκοάς
1774 4852 1887 4889 σου.
1921 4839 1945 4894 Ι

1798 4852 1887 4889 που.
1921 4839 1962 4894 D
2067 4835 2118 4889 1.
2156 4833 2533 4905 lngrediantur
2564 4851 2725 4891 verna
2753 4852 2872 4891 mea
2904 4838 2956 4890 in
2992 4851 3152 4890 aures
3189 4845 3351 4890 tuas:

391 4929 509 4984 2-4.
562 4930 846 5004 ’ᾼνὰκρινε
881 4929 950 4984 τὰ
981 4931 1407 5002 προσφερόμενὰ
1458 4945 1538 4981 σοι
1565 4931 1694 5000 παρ’
1720 4925 1884 4998 ἐμοῦ·

1772 4925 1884 4980 ιοῦ·
2066 4927 2186 4980 2-1.
2219 4925 2494 4997 Expende,
2530 4944 2652 4999 quae
2685 4929 2837 4983 tibia
2863 4945 2952 4984 me
2983 4928 3280 4984 aﬂ‘eruntur
3311 4944 3325 4992 ;

387 5019 436 5075 5.
479 5021 606 5075 Ὅτι
629 5038 710 5074 σοι
740 5020 917 5092 μέλλω
941 5021 1240 5094 προσιέναι.

2066 5017 2119 5072 5.
2146 5016 2415 5083 Quoniam
2446 5019 2512 5074 ad
2540 5029 2592 5074 te
2615 5035 2940 5076 accessurus
2969 5035 3109 5076 sum.

387 5111 440 5167 6.
492 5112 581 5168 Ἐν
601 5113 679 5184 τῷ
713 5113 988 5172 ἀνατεῖλαι
1013 5113 1074 5166 τὸ
1095 5113 1210 5182 φῶς
1233 5129 1326 5166 σου
1345 5113 1401 5164 ἐν
1418 5114 1482 5182 τῇ
1508 5109 1706 5182 καρδίᾳ
1748 5127 1848 5180 μου

1642 5109 1706 5180 ii;
1748 5127 1848 5180 μου
2069 5107 2120 5162 6.
2156 5108 2294 5163 Cum
2316 5111 2525 5164 orietur
2556 5108 2648 5164 lux
2677 5120 2770 5166 tua
2804 5109 2860 5166 in
2887 5109 3051 5166 corde
3072 5121 3195 5162 meo

395 5227 653 5300 "Ephes.
693 5246 764 5298 ιν,
794 5231 886 5288 26.
953 5229 996 5263 ¹⁶
1030 5229 1216 5287 Matth.
1250 5249 1334 5296 lli,
1364 5230 1461 5296 17;
1490 5245 1624 5295 xvn,
1657 5230 1720 5296 5;
1753 5227 1796 5280 ll
1830 5226 1948 5282 Petr

619 5246 653 5286 ς.
693 5246 764 5298 ιν,
794 5231 886 5288 26.
953 5229 996 5263 ’⁸
1030 5229 1216 5287 Matth.
1250 5249 1334 5296 lli,
1364 5230 1461 5296 i7;
1490 5245 1624 5295 xvn,
1657 5230 1720 5296 5;
1753 5227 1796 5280 ll
1830 5226 1977 5283 Petr.
2013 5241 2052 5292 ι,
2090 5226 2172 5284 17.

1266 5345 1570 5409 Addenda
1603 5352 1662 5406 et
1697 5342 2071 5422 corrigenda
2127 5358 2204 5402 ex
2237 5341 2376 5404 cod.
2409 5343 2612 5405 Vatic.

391 5465 466 5536 (1)
501 5466 726 5522 Οὐδένα.
2066 5464 2142 5536 (4)
2184 5466 2353 5519 Τοῦτο
2379 5462 2473 5520 οὖν
2498 5469 2632 5520 ἐστι.

393 5535 466 5608 (2)
507 5536 643 5608 Ῐίόν⁸
667 5553 782 5590 σου.
2069 5535 2145 5607 (ἲὶ)
2186 5537 2497 5608 Πνεύματος
2530 5541 2608 5600 είς
2636 5535 2748 5588 τόν.

396 5605 469 5668 (5)
509 5605 646 5661 Πνεύ
657 5622 844 5672 ματος.
