3934 6218
396 295 508 356 665

472 414 522 469 7.
555 411 711 468 Mane
734 415 924 470 astabo
957 416 1073 483 tibi,
1095 425 1148 469 et
1168 416 1375 472 videbis
1407 434 1516 484 me,

476 506 530 561 8.
564 504 832 572 Quoniam
865 522 975 561 non
1007 505 1149 563 Deus
1182 508 1371 564 volens
1393 509 1732 579 iniquitatem
1760 519 1818 567 tu
1845 526 1925 568 es.

472 601 526 657 9.
550 597 737 669 Nequ'e
769 599 1032 656 habitabit
1051 600 1208 670 juxta
1238 609 1290 655 te
1320 601 1612 670 malignus,

474 687 560 742 10.
587 686 772 759 Neque
801 689 1193 759 permanebunt
1214 689 1403 759 injusti
1442 700 1567 745 ante
1592 693 1783 749 oculos
1816 702 1962 750 tuos.

480 868 569 922 11.
604 866 773 924 Odisti
801 882 992 924 omnes
1025 869 1117 940 qui
1145 880 1437 940 operantur
1465 868 1828 941 iniquitatem,

469 1054 559 1110 12.
581 1052 782 1109 Perdes
816 1065 1009 1107 omnes
1034 1051 1128 1123 qui
1158 1052 1455 1122 loquuntur
1489 1069 1856 1112 mendacium.

469 1144 558 1200 15.
594 1142 783 1198 Virum
820 1143 1147 1215 sanguinum
1191 1154 1245 1199 et
1272 1145 1524 1201 dolosum
1560 1146 1966 1203 abominabitur

398 1234 680 1291 Dominus.

466 1325 553 1391 14.
587 1310 700 1396 Ego
728 1334 909 1381 autem
949 1327 1005 1381 in
1047 1326 1393 1382 multitudine
1421 1327 1810 1384 misericordia:
1856 1336 1967 1386 tute

397 1417 635 1477 introibo
665 1417 717 1471 in
752 1418 971 1472 domum
1008 1428 1190 1485 tuam,

468 1508 559 1563 15.
585 1508 838 1564 Adorabo
866 1508 934 1564 ad
952 1510 1210 1579 templum
1229 1517 1480 1566 sanctum
1502 1517 1656 1566 tuum
1686 1511 1740 1566 in
1770 1511 1966 1567 timore

398 1612 514 1663 tuo.

471 1693 558 1748 16.
595 1693 843 1758 Domine,
875 1692 1051 1749 deduc
1083 1708 1170 1747 me
1212 1693 1266 1747 in
1308 1693 1520 1764 iustitia
1542 1700 1636 1749 tua
1667 1712 1682 1751 :

1248 301 1309 357 S.
1346 302 1721 367 ATHANASII
1758 303 1909 362 OPP.
1947 306 2125 362 PARS
2161 306 2249 362 111.
2278 336 2349 349 -
2383 302 2793 359 EXEGE’HCA.

1986 428 2039 485 Α
2136 423 2187 475 7.
2221 422 2293 475 Τὸ
2322 420 2467 493 πρωῒ
2498 419 2921 491 παραστήσομαι
2955 436 3057 483 σοι,
3086 419 3181 471 καὶ
3208 415 3398 486 ὲπὸψει
3435 430 3510 485 με,

3526 297 3630 352 σου

2140 514 2190 568 8.
2221 514 2342 565 Ὅτι
2373 513 2494 582 οὐχὶ
2519 512 2652 575 Θεὸς
2679 510 3103 580 θέλων-ἀνομίαν
3130 510 3194 562 σὺ
3223 525 3290 562 ει.

2138 604 2193 660 9.
2225 606 2299 658 Οὐ
2330 606 2649 676 παροικήσει
2678 621 2758 656 σοι
2794 601 3248 674 πονηρευόμενος,

2145 699 2230 753 10.
2267 696 2400 751 Οὐδὲ
2458 695 2769 767 διαμενοῦσι
2816 695 3122 766 παράνομοι
3176 690 3462 748 κατέναντι
3520 683 3633 740 τῶν

2068 788 2357 859 ὀφθαλμῶν
2394 804 2507 840 σου.

2142 879 2226 933 11.
2275 877 2574 949 Ἐμίσησας
2593 877 2799 941 πάντας
2818 878 2943 941 τοὺς
2976 872 3370 947 ἐργαζομένους
3387 871 3483 942 τὴν
3508 872 3629 925 ἀνο-

2069 971 2222 1041 μίαν,

2144 1061 2231 1115 12.
2274 1059 2520 1124 Ἀπολεῖς
2544 1060 2751 1122 πάντας
2769 1060 2892 1121 τοὺς
2920 1054 3212 1118 λαλοῦντας
3243 1054 3304 1107 τὸ
3326 1053 3536 1124 ψεῦδος.

2139 1152 2228 1207 15.
2259 1150 2463 1222 ΙἌνδρα
2511 1148 2758 1220 αἱμάτων
2787 1148 2881 1200 καὶ
2916 1144 3087 1198 δόλιον
3138 1142 3479 1215 βδελύσσεται
3513 1141 3628 1196 Κύ-

2106 1262 2202 1309 ιος.

2068 1260 2226 1389 ριῒλ.
2281 1332 2420 1403 Ἐγὼ
2443 1333 2502 1387 δὲ
2530 1333 2588 1386 ὲν
2609 1330 2687 1403 τῷ
2708 1330 2902 1403 πλήθει
2923 1328 3017 1385 τοῦ
3058 1328 3240 1393 ἐλέους
3274 1345 3366 1381 σου
3397 1326 3629 1381 εἰσελεύ-

2067 1443 2230 1498 σομαι
2262 1428 2342 1490 εἰς
2362 1426 2454 1480 τὸν
2478 1423 2624 1479 οἶκόν
2649 1442 2763 1488 σου,

2138 1518 2224 1574 15.
2254 1518 2622 1590 Προσκυνήσω
2644 1516 2780 1587 πρὸς
2799 1515 2925 1570 ναὸν
2942 1513 3095 1583 ἅγιόν
3118 1530 3209 1566 σου
3243 1513 3303 1566 ἐν
3336 1512 3483 1583 φόὸῳ
3509 1527 3623 1565 σου.

2065 1697 2095 1751 Σ,
2134 1693 2220 1749 16.
2251 1693 2445 1765 Κύριε,
2474 1694 2738 1766 ὁδήγησόν
2769 1711 2836 1765 με
2867 1695 2926 1748 ὲν
2950 1696 3017 1764 τῇ
3048 1692 3359 1764 δικαιοσύνῃ
3392 1709 3486 1746 σου

470 1788 556 1841 17.
586 1785 812 1856 Propter
840 1786 1092 1841 inimicos
1139 1801 1292 1841 meos
1340 1787 1512 1858 dirige
1558 1787 1611 1841 in
1668 1796 1961 1858 conSpectu
1993 1766 2021 1823 ε

2136 1786 2223 1838 17.
2262 1787 2463 1838 Ἕνεκα
2503 1785 2609 1839 τῶν
2633 1785 2841 1857 ἐχθρῶν
2892 1803 2999 1857 μου
3044 1783 3370 1840 κατεύθυνον
3401 1781 3630 1838 ἐνώπιόν

401 1890 495 1942 tuo
521 1880 665 1945 viam
697 1893 895 1933 meam.

468 1971 556 2027 18.
581 1970 849 2037 Quoniam
873 1986 982 2025 non
1013 1980 1097 2026 est
1129 1972 1186 2026 in
1213 1986 1308 2027 ore
1336 1986 1522 2027 eorum
1551 1971 1791 2039 veritas;

471 2061 559 2118 19.
580 2061 687 2116 Cor
712 2076 902 2116 corum
932 2077 1131 2114 vanum
1154 2069 1261 2115 est.

469 2153 558 2209 20.
586 2154 904 2223 Sepulcrum
932 2161 1124 2223 patens
1150 2160 1237 2208 est
1263 2160 1451 2223 guttur
1473 2167 1666 2217 eorum
1691 2167 1705 2206 ξ

467 2247 558 2304 21.
594 2246 820 2315 Linguis
849 2247 964 2302 suis
989 2245 1178 2300 dolose
1199 2245 1459 2314 agebant.

466 2337 554 2392 22.
585 2335 777 2392 Indica
806 2336 951 2403 illos,
975 2335 1136 2391 Deus.

467 2429 557 2484 25.
588 2428 846 2485 Decidant
866 2444 898 2482 a
930 2427 1346 2498 cogitationibus
1373 2427 1489 2483 suis
1515 2446 1533 2491 ς

465 2520 556 2575 24.
596 2518 908 2575 Secundum
934 2519 1337 2575 multitudinem
1384 2518 1727 2590 impietatum
1770 2534 1961 2577 eorum

396 2610 607 2681 expelle
626 2625 721 2665 eos
746 2627 762 2675 ;

464 2701 556 2756 25.
590 2699 861 2767 Quoniam
886 2700 1238 2756 irritaverunt
1264 2706 1336 2766 te,
1359 2699 1608 2754 Domine.

2070 1892 2160 1929 σου
2183 1875 2278 1947 τὴν
2309 1875 2424 1929 ὁδόν
2452 1893 2574 1947 μου.

2138 1966 2225 2022 18.
2257 1966 2378 2020 Ὅτι
2409 1969 2509 2020 οὐκ
2531 1966 2678 2021 ἔστιν
2700 1967 2757 2021 ὲν
2792 1965 2871 2038 τῷ
2897 1966 3125 2039 στόματι
3144 1967 3324 2022 αὐτῶν
3347 1965 3603 2038 mem-

2137 2059 2223 2115 19.
2266 2058 2330 2111 Ἠ
2353 2058 2549 2129 καρδία
2576 2058 2754 2113 αὐτῶν
2787 2059 3012 2130 ματαία.

2138 2150 2230 2213 20.
2263 2151 2444 2221 Τάφος
2477 2150 2818 2221 ἀνεῳγμένος
2843 2152 2873 2204 6
2897 2149 3103 2222 λάρυγξ
3129 2153 3307 2206 αὐτῶν
3324 2171 3337 2183 ·

2139 2239 2231 2297 21.
2268 2240 2400 2302 Ταῖς
2421 2239 2694 2308 γλώσσαις
2719 2239 2899 2294 αὐτῶν
2928 2241 3250 2297 ἐδολιοῦσαν.

2139 2329 2229 2385 22.
2266 2332 2466 2401 Κρῖνον
2498 2330 2714 2397 αὐτοὺς,
2748 2333 2778 2383 6
2805 2330 2956 2396 Θεός.

2141 2421 2230 2476 25.
2281 2421 2737 2477 Ἀποπεσάτωσαν
2760 2421 2866 2475 ἀπὸ
2894 2422 3001 2476 τῶν
3032 2423 3349 2478 διαϐουλιῶν
3371 2425 3581 2480 αὐτῶν

2135 2511 2225 2565 24.
2261 2511 2416 2566 Κατά
2448 2511 2509 2565 τὺ
2536 2512 2739 2584 πλῆθος
2770 2513 2878 2567 τῶν
2911 2514 3171 2569 ἀσεϐειῶν
3210 2517 3389 2572 αὐτῶν
3434 2517 3629 2583 ἐξωσον

2071 2604 2267 2670 αὐτούς
2282 2620 2298 2635 ·

2140 2697 2228 2752 25.
2264 2698 2386 2751 Ὅτι
2414 2696 2824 2771 παρεπίκραναν
2851 2717 2930 2768 σε,
2956 2700 3146 2772 Κύριε.

1509 2788 1887 2845 ATHANASH
1924 2788 2517 2845 INTERPRETATIO.

463 2882 519 2937 7.
548 2883 686 2938 Cum
711 2898 899 2939 omnes
926 2883 1177 2939 tenebras
1221 2882 1501 2952 dispulero
1559 2898 1590 2936 a
1644 2898 1752 2948 me,
1802 2883 1961 2953 cujus

395 2975 566 3051 gratia
605 2989 692 3028 me
745 2974 842 3029 tibi
881 2974 1094 3038 sistam,
1128 2980 1181 3029 et
1211 2981 1340 3027 tunc
1366 2989 1452 3027 me
1481 2973 1758 3043 inspicies.

2130 2881 2184 2936 7.
2220 2882 2350 2934 Ὅτε
2413 2885 2595 2937 πᾶσαν
2644 2884 2863 2938 σκοτίαν
2902 2886 3161 2941 ἀπελάσω
3201 2887 3296 2941 ἀπ’
3343 2886 3507 2960 ἐμοῦ,
3536 2885 3630 2942 τοῦ

2065 2974 2487 3045 παραστήσομαέ
2516 2991 2596 3027 σοι
2625 2973 2722 3043 (l),
2749 2975 2843 3029 καὶ
2870 2976 2990 3029 τότε
3012 2978 3200 3047 ὲπόψει
3235 2996 3322 3049 με.

464 3066 517 3122 8.
544 3065 664 3122 Non
688 3066 833 3131 enim
865 3075 921 3122 tu
937 3065 1152 3123 esDeus
1176 3065 1409 3120 libenter
1438 3064 1631 3120 videns
1658 3065 1963 3121 tenebrico-
1990 3097 2021 3154 ε

2135 3065 2189 3121 8.
2219 3065 2291 3117 Οὐ
2325 3065 2433 3137 γάρ
2461 3061 2513 3118 εἷ
2541 3068 2569 3119 6
2600 3066 2675 3136 (2)
2704 3066 2836 3131 Θεὸς
2872 3067 3040 3140 ἡδέως
3060 3069 3201 3141 ὁρῶν
3231 3070 3509 3134 σκοτεινὰς
3546 3072 3630 3124 ὲν·

394 3177 484 3219 sas
505 3160 865 3232 cogitationes
888 3160 943 3215 in
970 3158 1133 3216 corde
1154 3156 1413 3213 hominis.

427 3256 517 3311 -9.
550 3253 671 3309 Non
717 3253 823 3309 erit
868 3253 965 3308 tibi
1019 3251 1269 3318 amicus,
1311 3249 1407 3320 qui
1461 3248 1558 3304 tibi
1602 3249 1867 3306 benevolo
1913 3258 1969 3305 et

395 3345 599 3413 mundo
629 3344 793 3400 corde
825 3359 935 3405 non
966 3342 1155 3399 servit.

378 3436 379 3439 “
471 3436 558 3489 10.
594 3433 713 3489 Νοη
740 3433 888 3490 enim
939 3433 1090 3504 digni
1133 3431 1550 3489 mstimabuntur
1581 3431 1770 3502 injusti
1823 3443 1970 3488 stare

397 3545 581 3592 coram
612 3539 665 3583 te
692 3528 747 3583 in
780 3527 1107 3595 aeternitate.

468 3619 555 3676 11.
596 3619 699 3686 Qui
726 3618 858 3674 facit
878 3629 1181 3689 peccatum,
1209 3628 1263 3674 et
1298 3619 1620 3683 iniustitiam
1650 3617 1801 3674 facit.

472 3712 559 3766 12.
594 3711 858 3783 Projicies
891 3712 1038 3768 enim
1068 3727 1164 3768 eos
1195 3713 1252 3767 in
1282 3712 1484 3783 ignem,
1529 3710 1625 3768 ubi
1667 3720 1751 3768 est
1779 3711 1967 3768 diabo-

398 3804 486 3859 lus
508 3811 659 3874 pater
681 3803 975 3862 mendacii.

471 3895 560 3950 l5.
581 3893 654 3949 De
671 3893 845 3950 Caino
866 3893 1131 3964 loquitur,
1149 3893 1285 3949 et'de
1306 3894 1660 3967 reliquisejus
1676 3893 1966 3955 similibus.

470 3988 559 4043 M.
597 3986 655 4042 In
684 4002 979 4058 supernam
1010 3984 1334 4041 Jerusalem.

469 4080 557 4135 15.
593 4081 652 4135 ln
674 4079 1047 4149 supercmlesti
1078 4078 1317 4133 civitate.

467 4171 556 4231 16.
585 4172 769 4228 Deduc
796 4187 887 4227 me
924 4171 978 4239 in
1010 4170 1148 4233 Filio
1176 4179 1291 4236 tuo,
1315 4169 1441 4241 quia
1466 4170 1559 4224 lux
1590 4178 1693 4225 est.

467 4261 557 4316 17.
588 4260 695 4316 Fac
730 4276 816 4316 me
845 4261 1096 4316 incedere
1116 4260 1173 4315 in
1196 4260 1317 4316 luce
1345 4269 1433 4315 tua
1463 4271 1682 4331 propter
1720 4259 1971 4315 inimicos

397 4367 571 4422 meos,
603 4352 698 4422 qui
716 4352 951 4421 tenebrae
975 4360 1123 4407 sunt.

471 4445 558 4501 18.
591 4444 649 4498 In
682 4444 932 4500 doctrina
953 4459 1141 4513 eorum
1161 4463 1178 4511 ;

470 4536 555 4589 19.
586 4534 854 4604 Cogitatio
887 4550 1100 4589 eorum.

470 4628 556 4682 20.
590 4626 792 4685 Omnes
815 4628 959 4685 enim
985 4628 1266 4697 devorant,
1305 4628 1397 4699 qui
1428 4627 1668 4699 peccatis
1720 4626 1967 4683 moriun-

400 4728 506 4785 tur.

467 4811 558 4865 21.
590 4812 875 4867 Adulando
909 4812 1205 4882 decipiunt.

463 4902 553 4969 22,
584 4904 674 4958 25.
705 4902 824 4959 Non
852 4905 1140 4974 praevaleat
1168 4905 1464 4962 consilium
1490 4920 1682 4961 eorum
1700 4949 1714 4972 ,

467 4997 556 5055 24.
595 4995 1066 5063 Quemadmodum
1130 4997 1344 5067 seipsos
1390 4997 1780 5068 elongaveruut
1830 5012 1861 5051 a
1919 5001 1970 5047 te

397 5098 644 5159 tempore
672 5088 794 5145 vita
815 5102 929 5145 sua:
954 5128 969 5153 ,
1012 5087 1088 5142 ita
1120 5101 1217 5144 eos
1250 5088 1455 5161 projice
1479 5089 1577 5144 abs
1622 5095 1671 5143 te
1699 5087 1750 5159 in
1781 5099 1969 5155 resur-

398 5182 638 5237 rertione
658 5199 673 5248 ;

468 5275 557 5339 25.
586 5274 857 5342 Quoniam
889 5275 1136 5331 viventes
1169 5274 1521 5330 irritaverunt
1541 5283 1612 5333 te.

2068 3157 2331 3229 θυμήσεις
2365 3159 2421 3211 ὲν
2452 3158 2649 3230 καρδίᾳ
2672 3158 2882 3230 ἀνδρός.

2133 3251 2186 3305 9.
2218 3250 2329 3303 Οὐκ
2380 3249 2534 3303 ἔσται
2569 3267 2652 3304 σοι⁹
2699 3251 2899 3316 οἰκεῖος
2941 3253 2970 3304 6
2999 3252 3074 3324 μὴ
3110 3253 3369 3326 καθαρῶς
3400 3271 3480 3309 σοι
3510 3254 3629 3309 δου-

2066 3340 2237 3395 λεύων
2274 3342 2389 3411 μετ’
2417 3344 2643 3407 ἐννοίας.

2139 3432 2226 3487 10.
2262 3433 2335 3487 Οὐ
2391 3433 2500 3505 γὰρ
2564 3434 2956 3507 ἀξιωθήσονται
3006 3435 3375 3508 ἀτελευτήτως
3425 3437 3629 3491 ἱστάναι

2066 3523 2295 3578 ἐνώπιόν
2326 3541 2418 3578 σου
2455 3527 2785 3599 παράνομοι.

2137 3618 2223 3671 11.
2273 3618 2330 3671 Ὀ
2363 3618 2531 3672 ποιῶν
2554 3618 2652 3691 τὴν
2683 3622 2956 3693 ἁμαρτίαν
2977 3622 3071 3676 καὶ
3093 3621 3191 3693 τὴν
3220 3621 3449 3691 ἀνομίαν
3465 3623 3620 3674 ποιεῖ.

2136 3708 2222 3762 12.
2259 3706 2451 3772 Βαλεῖς
2474 3709 2585 3780 γάρ
2612 3711 2812 3775 αὐτοὺς
2838 3714 2916 3776 εἰς
2945 3713 3006 3765 τὸ
3034 3710 3164 3784 πῦρ,
3189 3711 3317 3766 ἔνθα
3342 3714 3371 3765 6
3392 3710 3631 3774 διάϐολος

2066 3802 2096 3853 6
2126 3800 2307 3873 πατὴρ
2326 3800 2420 3854 τοῦ
2447 3801 2696 3871 ψεύδους.
2846 3870 2849 3873 _

2137 3895 2224 3948 15.
2268 3894 2402 3965 Περὶ
2420 3893 2526 3946 τῶν
2542 3896 2683 3949 κατά
2705 3897 2794 3950 τὸν
2822 3898 2961 3952 Κάῖν
2981 3897 3127 3967 λέγει
3156 3899 3251 3953 καὶ
3275 3898 3384 3952 τῶν
3413 3899 3628 3956 λοιπῶν.

2142 3982 2227 4037 14.
2257 3983 2350 4046 Εἰς
2383 3984 2481 4054 τὴν
2514 3985 2624 4038 ἄνω
2663 3986 2969 4058 Ἰερουσαλή
2981 4006 3038 4058 μ.

2141 4074 2230 4128 15.
2266 4076 2362 4139 Εἰς
2394 4073 2494 4148 τὴν
2523 4077 2842 4147 ἐπουράνιον
2869 4078 3041 4134 πόλιν.

2143 4164 2229 4219 16.
2274 4164 2569 4237 Ὀδήγησόν
2600 4185 2667 4238 με
2693 4171 2751 4221 ἐν
2779 4169 2857 4239 τῷ
2881 4168 2995 4240 Υἱῷ
3023 4186 3136 4236 σου,
3166 4170 3247 4223 ὅτι
3281 4168 3399 4239 φῶς
3431 4172 3564 4229 ἐστι.

2143 4257 2231 4311 17.
2273 4257 2372 4312 Διά
2397 4259 2524 4322 τοὺς
2556 4259 2782 4332 ἐχθρούς
2813 4278 2913 4332 μου
2944 4263 3070 4326 τοὺς
3085 4262 3241 4326 ὄντας
3268 4262 3460 4327 σκότος
3484 4266 3540 4318 ἐν
3560 4261 3635 4335 τῷ

2074 4350 2213 4419 φωτί
2239 4369 2330 4403 σου
2373 4350 2701 4424 πορεύεσθαί
2739 4371 2805 4425 με
2839 4355 3081 4424 ποίησον.

1999 4451 2043 4505 D
2142 4441 2230 4496 18.
2269 4442 2356 4494 Ἐν
2385 4445 2451 4512 τῇ
2476 4443 2789 4516 διδασκαλίᾳ
2822 4445 2999 4500 αὐτῶν
3024 4464 3037 4478 υ

2144 4534 2229 4590 19.
2279 4535 2341 4587 Ἥ
2376 4534 2670 4609 ὲνθύμησις
2703 4538 2777 4608 (5)
2812 4539 3009 4593 αὐτῶν.

2141 4626 2230 4683 ΞΟ.
2266 4628 2479 4692 Πάντας
2512 4628 2620 4700 γὰρ
2641 4632 2767 4695 τοὺς
2781 4633 3004 4704 νεκροὺς
3021 4632 3179 4698 ὄντας
3200 4637 3313 4699 τοῖς
3342 4634 3635 4707 παραπτώ-

2078 4735 2210 4790 μτοτι
2244 4719 2648 4774 καταπίνουσιν.

2142 4811 2231 4864 21.
2273 4812 2671 4877 Κολακεύοντες
2704 4814 3005 4870 ἀπατῶσιν.

2146 4900 2234 4971 22,
2269 4898 2358 4971 25.
2394 4903 2484 4971 Μὴ
2529 4903 2853 4974 ἰσχνσάτωή
2884 4903 3050 4976 βουλὴ
3088 4904 3294 4960 αὐτῶν·

2138 4992 2227 5045 21.
2252 4991 2449 5057 Καθὼς
2501 4992 2727 5065 ἑαυτοὺς
2783 4997 3095 5070 ἐμάκρυναν
3131 4998 3237 5051 ἀπὸ
3284 4997 3381 5053 σοῦ
3438 4998 3499 5053 ὲν
3562 4995 3636 5067 τῷ

2074 5082 2250 5155 καιρῷ
2269 5084 2369 5154 τῆς
2395 5084 2539 5157 ζωῆς
2560 5087 2759 5152 αὐτῶν,
2785 5087 2956 5154 οὕτως
2981 5091 3177 5155 αὐτοὺς
3200 5090 3501 5163 ἀπόρριψον
3535 5090 3635 5145 ἀπὸ

2077 5176 2168 5230 σοῦ
2191 5179 2247 5230 ἐν
2272 5180 2338 5248 τῇ
2367 5178 2655 5232 ἀναστάσει
2680 5197 2693 5210 ·

2145 5268 2231 5342 25.
2266 5270 2385 5321 ’Ότι
2424 5272 2836 5344 παρεπίκρανάν
2872 5291 2929 5346 σε
2958 5276 3017 5347 ξν
3046 5279 3112 5350 τῇ
3138 5277 3248 5350 ζωῇ
3282 5275 3481 5331 αὐτῶν.

1345 5472 1649 5533 Addenda
1696 5477 1757 5534 et
1801 5466 2176 5549 corrigenda
2207 5485 2282 5527 ex
2312 5467 2450 5529 cod.
2484 5468 2684 5530 Vatic.

474 5624 549 5701 (1)
578 5627 710 5701 ῌαρ*
735 5627 974 5701 ἐμαυτοῦ
1008 5630 1428 5701 παραστήσομαὶ
1470 5645 1572 5685 σοι.

474 5696 550 5768 (2)
581 5696 694 5761 Art.
726 5701 752 5753 ὀ
771 5696 942 5764 deest.

2146 5630 2223 5705 (ὅ)
2254 5630 2319 5699 ΑΞ
2347 5631 2693 5709 ἐνθυμήσεις..
