3934 6218
271 309 379 368 665
1233 309 1323 364 DE
1362 308 1640 368 TITUUS
1671 308 1824 365 PSA]

1952 307 2122 365 non.
2156 335 2226 347 --
2258 304 2452 361 PSAL.
2494 302 2582 359 vr.
2852 260 2862 266 ’
3403 298 3505 360 res

341 426 433 484 26.
466 425 580 483 Καὶ
603 424 1035 498 εὐφρανθείησαν
1055 426 1561 501 [εὐφρανθήτωσαν]
1585 429 1784 492 πάντες
1799 431 1846 482 οἱ
1875 436 1894 487 Α

1704 446 1784 492 re;
1799 431 1846 482 οἱ
1875 432 1921 487 Α
2014 427 2105 482 26.
2136 425 2202 479 Ει
2224 425 2469 479 laetentur
2490 436 2682 477 omnes
2712 421 2805 490 qui
2829 427 3052 490 sperant
3081 418 3135 473 in
3171 428 3257 487 te;

404 521 431 549 ν

274 521 588 585 ἐλπίζοντες
616 519 711 573 ἐπὶ
744 519 826 575 σέ.
1028 555 1045 568 .

340 616 429 671 27.
460 615 555 677 Et;
588 612 761 667 αἰῶνα
792 612 1230 683 ἁγαλλιάσονται,
1277 615 1372 671 καὶ
1401 614 1827 686 κατασκηνώσει,

2016 604 2105 659 27.
2138 601 2194 657 In
2224 611 2484 657 aeternum
2520 597 2890 663 exsultabant,
2929 605 2985 652 et
3018 595 3288 651 habitabis
3315 594 3371 651 in
3402 595 3504 652 eis.

274 712 333 763 ἐν
366 707 523 761 αύτοῖ
558 745 570 757 .

380 799 434 853 8.
464 722 575 852 κζ).
610 794 977 865 καυχήσονται
1011 799 1069 853 ἐν
1101 799 1183 853 σοὶ
1217 799 1418 867 πάντες
1451 802 1502 854 ol
1530 801 1827 871 ἀγαπῶντες

2016 782 2107 838 28.
2140 781 2206 835 Et
2232 778 2610 851 gloriabuntur
2632 775 2687 829 in
2710 776 2761 830 te
2783 788 2976 829 omnes
3017 773 3112 843 qui
3147 771 3379 842 diligunt
3406 784 3506 826 no-

274 896 333 951 τδ
359 895 532 966 ὄνομά
565 912 660 950 σου
679 910 695 925 ·

1945 892 2068 932 men
2100 884 2283 940 tuum;

345 987 435 1045 29.
457 959 592 1042 ’Ὅτι
620 993 685 1046 σὺ
707 992 1023 1062 εὐλογήσεις
1049 986 1277 1041 δίκαιον.

2016 970 2106 1025 29.
2144 967 2411 1036 Quoniam
2436 975 2493 1021 tu
2527 961 2812 1018 benedices
2848 959 3018 1030 justo.

342 1079 429 1136 50.
462 1081 656 1155 Κύριε,
684 1083 759 1148 ὡς
967 1080 1216 1141 εὐδοκίας
1268 1078 1649 1149 ἐστεφάνωσας
1674 1079 1841 1148 ἡμᾶς.

2018 1062 2105 1115 '50.
2134 1059 2383 1124 Domine,
2416 1067 2474 1112 ut
2500 1065 2655 1113 scuto
2681 1055 2837 1109 bona:
2874 1053 3169 1117 voluntatis
3217 1063 3322 1109 tuae
3344 1069 3504 1112 coro-

1946 1155 2091 1210 nasti
2118 1168 2236 1208 nos.

387 1275 493 1340 Είς
521 1272 589 1327 τὸ
621 1272 817 1339 τέλος,
846 1273 915 1325 ὲν
944 1271 1155 1340 ὕμνοις
1180 1272 1331 1341 ὑπὲρ
1358 1272 1468 1339 τῆς
1502 1271 1734 1340 ὀγδόης,

2057 1265 2116 1319 In
2146 1266 2323 1335 ﬁnem,
2366 1264 2422 1317 in
2452 1263 2773 1317 carmim'ous
2803 1277 2898 1328 pro
2925 1270 3137 1330 octava,
3166 1258 3401 1330 psalmus

604 1364 847 1434 ψαλμὸς
870 1361 951 1429 τῷ
979 1363 1175 1418 Δαϐίδ.
1207 1367 1379 1417 ΨΑΛ.
1411 1366 1498 1430 ς’.

1460 1366 1498 1417 ".
2438 1353 2626 1413 David.
2672 1354 2876 1411 PSAL.
2918 1352 3013 1408 VI.

341 1478 394 1533 1.
420 1477 612 1549 Κύριε,
646 1478 722 1549 μὴ
751 1477 828 1549 τῷ
864 1478 1022 1549 θυμῷ
1054 1494 1148 1530 σου
1180 1477 1403 1550 ἐλέγξῃς
1436 1492 1503 1547 με
1524 1491 1538 1506 ·

2016 1471 2066 1525 1.
2093 1470 2341 1534 Domine,
2383 1484 2450 1524 ne
2480 1468 2533 1522 in
2562 1467 2748 1523 furore
2784 1476 2879 1522 tuo
2912 1482 3110 1536 arguas
3136 1480 3255 1530 me;

339 1570 394 1624 2.
422 1569 575 1642 Μηδέ
605 1572 671 1642 τῇ
697 1570 832 1642 ὀργῇ
857 1587 950 1624 σου
980 1569 1277 1642 παιδεύσῃς
1314 1587 1404 1640 με.

2010 1564 2064 1617 2.
2103 1562 2289 1634 Neque
2318 1565 2375 1619 in
2399 1564 2479 1617 ira
2522 1571 2613 1617 tua
2647 1561 2912 1630 corripias
2942 1574 3048 1615 me.

338 1660 393 1715 '5.
431 1634 683 1731 Ἐλέιισύν
712 1634 1017 1734 μενλίύριε,
1046 1662 1127 1715 δτι
1163 1634 1393 1732 ἀσθενής
1416 1663 1563 1731 εἰμι·

2016 1676 2063 1712 ο.
2095 1657 2353 1712 Miserere
2374 1657 2502 1720 mei,
2532 1655 2781 1718 Domine,
2804 1652 3058 1723 quoniam
3079 1649 3328 1705 inﬁrmus
3348 1662 3499 1715 sum;

337 1750 397 1808 4ο
425 1753 602 1808 Ἰασαί
627 1772 714 1826 με,
746 1754 940 1829 Κύριε,
973 1758 1054 1810 ὅτι
1078 1756 1352 1827 ἐταράχθη
1378 1756 1447 1810 τὰ
1468 1756 1601 1809 ὀστᾶ
1627 1772 1728 1826 μου
1747 1771 1764 1785 ο
1872 1795 1890 1849 Ι

2013 1752 2069 1807 4.
2108 1750 2253 1811 Sana
2281 1765 2389 1813 me,
2422 1748 2680 1814 Domine,
2726 1746 2987 1818 quoniam
3027 1742 3349 1799 conturbata
3378 1748 3505 1798 sunt

1979 1858 2068 1898 ssa
2103 1857 2221 1897 mea
2240 1860 2256 1908 ;

344 1930 397 1986 5.
425 1933 534 1986 Kal.
568 1935 602 2005 ή
626 1932 768 2003 ψυχή
802 1950 901 2005 μου
928 1933 1204 2005 ἐταράχθη
1239 1932 1464 2003 σφόδρα.

1941 1858 2068 1899 ossa
2103 1858 2256 1908 mea;

2010 1935 2064 1989 5.
2100 1932 2166 1987 Et
2189 1934 2370 1987 anima
2401 1948 2521 1987 mea
2550 1931 2762 1985 turbata
2785 1937 2869 1985 est
2903 1928 3076 1984 valde.

340 2020 394 2077 6.
425 2023 535 2081 Καὶ
558 2025 641 2095 σὺ,
676 2030 869 2101 Κύριε,
901 2024 1006 2088 ἓως
1035 2025 1199 2089 πότε;

2008 2029 2061 2080 6.
2093 2025 2196 2081 Sed
2228 2034 2306 2092 tu,
2338 2024 2587 2085 Domine,
2618 2023 2934 2093 usquequo?

337 2110 392 2166 7.
434 2113 809 2187 Ἐπίστρειρον.
838 2116 1031 2187 Κύριε,
1062 2115 1222 2186 ῥῦσαι
1243 2116 1340 2187 τὴν
1377 2115 1555 2186 ψυχήν
1586 2132 1689 2185 μου

2010 2117 2062 2173 7.
2095 2116 2446 2178 Convertere,
2481 2114 2727 2178 Domine,
2763 2122 2818 2168 et
2838 2113 2988 2182 eripe
3009 2112 3245 2165 animam
3279 2123 3455 2164 meam
3485 2125 3500 2163 :

338 2202 394 2260 8.
420 2204 599 2259 madv
628 2208 909 2278 ρῖεένεκεν
934 2208 1026 2261 τοῦ
1057 2208 1240 2271 ἐλέους
1263 2225 1375 2261 σου.

2008 2208 2060 2263 8.
2093 2208 2313 2263 Salvum
2347 2222 2434 2262 me
2460 2206 2546 2261 iac
2576 2213 2794 2276 propter
2819 2202 3245 2259 misericordiam
3270 2209 3439 2256 tuam.

338 2293 391 2351 9.
417 2296 540 2351 ὀτι
579 2299 678 2351 οὐκ
702 2299 848 2352 ἔστιν
872 2302 931 2353 ἐν
948 2298 1027 2370 τῷ
1049 2300 1264 2371 θανάτῳ
1282 2301 1310 2351 ὁ
1337 2298 1690 2370 μνημονεύων
1714 2314 1828 2361 σου,

2008 2298 2061 2355 9.
2091 2292 2362 2367 Quoniam
2391 2312 2496 2352 non
2521 2305 2605 2352 est
2635 2298 2689 2350 in
2715 2303 2911 2360 morte,
2941 2294 3036 2364 qui
3067 2307 3274 2348 memor
3309 2292 3381 2347 sit
3400 2290 3499 2358 tui,

339 2385 422 2441 10.
469 2386 558 2441 Ἐν
588 2388 642 2440 δὲ
668 2387 746 2459 τῷ
767 2387 870 2463 ᾄδῃ
902 2390 986 2453 τίς
1011 2388 1464 2461 ἐξομολογήσεται
1494 2404 1610 2453 σοι;

2010 2389 2097 2443 l0.
2127 2390 2186 2443 In
2216 2387 2432 2444 inferno
2464 2397 2666 2454 autem,
2700 2386 2825 2456 quis
2845 2385 3198 2442 conﬁtebitur
3230 2383 3365 2438 tibi?

1379 2502 1744 2558 ATHANASII
1779 2502 2354 2562 INTERPRETATIO.

333 2615 421 2677 26.
460 2617 855 2690 Ἀτελευτήτως
879 2617 1344 2690 εὐφρανθήσονται
1366 2618 1460 2669 καὶ
1479 2616 1836 2684 ἁγαλλιάσον-

2014 2622 2103 2677 26.
2131 2620 2397 2692 Perpetuo
2425 2622 2772 2687 laetabuntur,
2803 2628 2859 2676 et
2880 2621 3250 2687 exsultabunt,
3268 2620 3362 2691 qui
3387 2634 3507 2676 cre-

261 2723 351 2762 ται
371 2709 420 2760 οἱ
444 2707 795 2773 πιστεύοντες
822 2711 904 2773 εἰς
938 2709 1019 2774 σὲ,

704 2726 795 2773 τες
822 2711 904 2773 εἰς
938 2709 1019 2774 σὲ,
1939 2715 2075 2770 dunt
2099 2714 2152 2768 in
2184 2723 2257 2782 te,

328 2798 414 2852 27.
448 2798 792 2870 Θεωροῦντες
817 2799 878 2853 τὸ
917 2800 1209 2871 πρόσωπόν
1242 2816 1335 2853 σου
1364 2798 1454 2853 διὰ
1483 2799 1702 2862 παντός.
1861 2841 1881 2899 <

1648 2800 1702 2862 ὗς·
1861 2841 1906 2899 c
2008 2807 2099 2899 27.
2134 2805 2392 2899 Vlidentes
2427 2805 2623 2861 faciem
2658 2805 2889 2899 tuamin
2919 2814 3201 2899 aeternum.

330 2889 416 2944 28.
455 2891 518 2944 '0
542 2891 923 2961 καυχώμενος
944 2893 1015 2945 ἐν
1037 2892 1233 2959 Κυρίῳ
1259 2892 1603 2961 καυχάσθω,
1867 2889 1883 2899 “

1867 2889 1905 2899 ⁷
2012 2898 2101 2951 28.
2137 2898 2240 2963 Qui
2271 2899 2550 2969 gloriatur,
2578 2900 2632 2951 in
2663 2897 2886 2952 Domino
2912 2898 3164 2969 glorietur
3189 2897 3277 2962 Ψ,

328 2983 418 3039 29.
444 2985 634 3053 Λέγων
661 2985 799 3057 πρὸς
824 2985 1022 3050 αὐτούς
1041 3003 1054 3017 ο
1090 2985 1269 3039 Δεῦτε
1286 3025 1302 3051 ,
1340 2988 1394 3039 οἱ
1442 2985 1831 3057 εὐλογημένοι

2008 2990 2099 3045 29.
2126 2989 2322 3046 Diceus
2352 2990 2460 3046 illis
2486 3009 2501 3044 :
2535 2988 2739 3051 Venite.
2779 2989 3032 3045 benedicti
3064 2988 3247 3044 Patris
3274 2989 3375 3043 mei
3409 2990 3472 3047 “.

258 3075 362 3130 τοῦ
393 3076 623 3144 Πατρός
638 3093 781 3145 μου.

326 3168 417 3223 30.
454 3168 553 3223 Διὰ
583 3167 678 3222 τοῦ
719 3168 953 3241 σταυροῦ
990 3185 1086 3223 σου
1113 3169 1215 3241 τῆς
1264 3169 1516 3240 οὐρανίου
1553 3170 1830 3241 βασιλείας

2005 3169 2093 3224 50.
2114 3170 2220 3226 Per
2251 3186 2470 3228 crucem
2495 3181 2645 3229 tuam
2696 3174 2891 3246 dignos
2946 3189 3047 3230 nos
3088 3172 3267 3229 fecisti
3296 3172 3503 3229 cmlesti

258 3259 497 3329 ἠξίωσας
526 3259 603 3330 (Ι)
633 3261 801 3330 ἡμᾶς.
1452 3302 1459 3311 .

567 3260 603 3328 l)
633 3261 801 3330 ἡμᾶς.
1452 3302 1459 3311 .
1934 3275 2120 3330 regno.

335 3355 399 3407 Ἡ
422 3354 518 3407 τοῦ
557 3354 773 3425 ψαλμού
799 3356 1132 3428 προκειμένη
1160 3356 1440 3427 ἐπιγραφὴ
1474 3354 1563 3409 διὰ
1581 3356 1680 3426 τῆς
1699 3354 2071 3427 κινναὸἀρεως
2104 3356 2379 3428 περιέχειο
2403 3357 2507 3423 Εἰς
2543 3356 2610 3410 τὸ
2637 3355 2831 3424 τέλος,
2862 3357 2932 3409 ἐν
2966 3358 3176 3425 ὕμνοις
3213 3352 3365 3423 ὑπὲρ
3395 3352 3508 3422 τῆς

256 3448 491 3517 ὀγδόης,
527 3450 767 3518 ψαλμὸς
789 3450 871 3516 τῷ
898 3451 1098 3507 Δασίδ.
1121 3452 1291 3505 Τοῦτο
1314 3446 1408 3505 οὖν
1429 3451 1577 3520 λέγει
1600 3467 1614 3481 ·
1656 3452 1779 3504 Ἐπὶ
1810 3450 2086 3524 συντελείᾳ
2115 3451 2223 3506 τῶν
2250 3452 2458 3507 αἰώνων
2489 3452 2749 3527 ρυσθῆναι
2771 3452 2868 3523 τῆς
2898 3452 3131 3524 κρίσεως
3152 3452 3201 3504 oi
3225 3452 3371 3520 ἅγιοι
3400 3466 3505 3503 πα-

258 3540 554 3613 ρακαλοῦσι
576 3543 671 3595 καὶ
694 3540 989 3613 ἀξιωθῆναι
1016 3542 1113 3612 τῆς
1136 3544 1351 3596 αἰωνίου
1395 3543 1834 3614 μισθαποδοσίας.
1870 3542 1961 3612 Τῷ
1988 3544 2095 3614 γὰρ
2119 3544 2263 3615 ἐκτῳ
2282 3544 2439 3598 αξῶνι
2473 3544 2798 3599 συντελεῖται
2826 3545 2855 3596 ὀ
2887 3545 3088 3615 κόσμος
3112 3563 3124 3575 ·
3150 3542 3227 3614 τῷ
3274 3543 3331 3595 δὲ
3358 3542 3507 3598 €586-

260 3652 344 3705 μῳ
375 3633 450 3705 (2)
473 3634 649 3707 κρίνει
676 3635 773 3707 τὴν
802 3638 1130 3709 οἰκουμένην
1153 3640 1181 3691 ό
1202 3637 1405 3708 Κύριος
1423 3655 1439 3669 ’
1462 3637 1539 3708 τῷ
1563 3638 1618 3691 δὲ
1652 3638 1822 3709 ὀγδόῳ
1853 3632 1995 3692 οὗτοι
2015 3639 2345 3710 ἀπέρχονται
2367 3642 2445 3704 εἰς
2465 3640 2607 3712 ζωὴν
2629 3640 2866 3706 αἰώνιον,
2898 3641 2991 3694 καὶ
3008 3632 3151 3693 οὗτοι
3174 3642 3253 3703 εἰς
3286 3638 3506 3693 κόλασιν

255 3728 489 3786 αἰώνιον.
519 3731 618 3785 Διὰ
647 3730 806 3787 τοῦτο
833 3731 1047 3803 εἴρηται
1068 3736 1097 3787 ό
1124 3733 1338 3804 ψαλμὸς
1368 3734 1507 3805 ὑπὲρ
1532 3730 1627 3785 τοῦ
1654 3732 1914 3803 ρυσθῆναι
1944 3734 2071 3798 τοὺς
2093 3734 2280 3802 ἁγίους
2306 3736 2363 3788 ἐν
2393 3738 2458 3805 τῇ
2492 3734 2674 3805 ὀγδόῃ.

322 3818 541 3889 Psalmo
566 3823 890 3893 praepositus
922 3823 1133 3888 titulus,
1152 3824 1436 3879 cinnabari
1471 3824 1727 3893 scriptus,
1759 3824 2001 3879 continet
2029 3841 2043 3877 :
2070 3822 2137 3878 In
2165 3826 2341 3893 ﬁnem,
2374 3826 2429 3879 in
2454 3824 2659 3894 hymnis
2688 3841 2783 3890 pro
2812 3835 3016 3890 octava,
3052 3822 3285 3892 psalmus
3308 3822 3502 3878 David.

254 3914 375 3973 Hoc
403 3927 588 3973 autem
616 3918 888 3989 signiﬁcat
919 3936 932 3972 :
970 3920 1031 3974 In
1077 3919 1402 3975 sarculorum
1458 3919 1929 3974 consummatione
1955 3920 2129 3974 sancti
2182 3921 2476 3991 rogabunt,
2512 3930 2573 3975 ut
2600 3921 2899 3975 liberentur
2930 3936 2961 3975 a
3008 3919 3235 3989 judicio,
3271 3927 3325 3973 et
3354 3918 3504 3986 digni

254 4012 390 4068 ﬁant
418 4024 636 4069 aeterna:
678 4016 945 4072 mercedis
969 4015 1351 4071 retributione.
1390 4014 1556 4070 Sexto
1594 4014 1741 4068 enim
1768 4015 1969 4069 saeculo
2018 4026 2435 4071 consummatur
2488 4015 2766 4081 mundus;
2816 4014 3046 4091 septimo
3088 4022 3269 4071 autem
3316 4014 3502 4069 orbem

252 4115 415 4163 terra:
443 4106 653 4176 iudicat
678 4105 983 4175 Dominus;
1020 4115 1213 4163 octavo
1239 4121 1370 4161 vero
1400 4107 1454 4160 hi
1493 4106 1699 4161 abeunt
1727 4106 1783 4159 in
1812 4106 1977 4160 vitam
2001 4115 2299 4174 aeternam;
2334 4114 2391 4161 et
2419 4107 2475 4162 hi
2522 4107 2576 4160 in
2606 4106 2931 4177 supplicium
2982 4116 3242 4161 aaternum
3271 4105 3334 4162 ".
3371 4102 3503 4161 Pro-

256 4208 443 4270 pterea
473 4199 657 4257 dictus
685 4212 768 4257 est
800 4203 1046 4272 psalmus
1086 4217 1187 4271 pro
1220 4217 1287 4257 eo
1310 4202 1457 4271 quod
1484 4202 1784 4257 liberentur
1816 4203 1991 4257 sancti
2015 4202 2071 4257 in
2107 4214 2313 4258 octava.

320 4295 375 4360 -Ι,
400 4295 456 4349 2.
483 4294 678 4366 Κύριε,
712 4295 787 4366 μὴ
817 4295 973 4359 ἐκτὸς
1004 4294 1098 4348 τοῦ
1137 4294 1320 4359 ἐλέους
1359 4312 1452 4347 σου
1496 4293 1721 4365 ἐλέγξῃς
1748 4312 1835 4365 με,
1868 4346 1873 4356 ε

2013 4296 2065 4363 1,
2098 4295 2153 4351 2.
2193 4294 2439 4359 Domine,
2471 4310 2539 4349 ne
2568 4305 2721 4351 extra
2748 4294 3180 4353 misericordiam
3220 4303 3367 4354 tuam
3412 4310 3503 4352 ar—

254 4388 349 4440 καὶ
388 4386 685 4460 παιδεύσῃς
718 4404 806 4458 με.

1939 4404 2075 4461 ευιιε
2105 4404 2209 4452 me,
2243 4401 2298 4444 et
2330 4388 2596 4458 corripias
2624 4405 2728 4442 me.

321 4480 378 4534 5.
408 4479 615 4551 Σαθρὸς
635 4482 703 4551 τῇ
736 4479 966 4551 διανοίᾳ·

2010 4484 2063 4538 5.
2091 4482 2269 4538 Mente
2290 4493 2612 4552 corruptus;

322 4570 378 4625 4.
412 4572 525 4625 Καὶ
557 4572 659 4625 ούκ
688 4572 804 4643 ειμι
828 4570 1224 4643 ἐστηριγμένος
1251 4571 1325 4643 (5)
1362 4572 1491 4643 περὶ
1535 4568 1635 4634 τὰς
1685 4571 1837 4623 ἐντο-

1701 4575 1837 4623 ιντο-
2009 4577 2063 4631 4.
2092 4575 2157 4631 Ει
2182 4591 2292 4631 non
2317 4591 2440 4631 sum
2472 4576 2719 4630 ﬁrmatus
2748 4573 2805 4629 in
2822 4573 3093 4630 mandatis
3127 4574 3254 4631 tuis.

255 4662 356 4726 λάξ
379 4679 497 4719 σου.

330 4755 383 4810 5.
420 4754 506 4809 Ἐν
540 4755 902 4826 ἁμαρτήμασι
931 4753 1279 4825 πεφυρμένος
1311 4753 1445 4822 ειμι,
1474 4751 1641 4820 λέγει.

1615 4770 1641 4805 ι.
2015 4754 2065 4808 5.
2093 4754 2153 4807 In
2182 4754 2423 4823 peccatis
2448 4755 2769 4810 commistus
2796 4769 2941 4821 sum,
2973 4754 3168 4824 inquit.

327 4846 381 4901 6.
413 4846 468 4901 7.
510 4845 684 4915 Ἐλθὲ,
712 4844 909 4917 Κύριε,
943 4844 1221 4917 ῥῦσαιτὴν
1244 4844 1422 4917 ψυχήν
1454 4862 1576 4915 μου,

2011 4845 2064 4910 6,
2104 4846 2156 4899 7.
2192 4844 2351 4913 Veni,
2380 4844 2625 4911 Domine,
2649 4846 2819 4901 libera
2843 4845 3080 4901 animam
3100 4860 3298 4913 meam,

327 4936 385 4991 8.
418 4935 519 4991 Διὰ
548 4938 611 4991 τὸ
650 4932 790 4991 εἶναι
818 4936 895 5009 (4)
928 4936 1218 5009 ἐλεήμονα.

1135 4953 1218 4991 να.
2012 4936 2062 4990 8.
2102 4935 2241 5001 Quia
2264 4934 2581 4991 misericors
2609 4951 2688 4991 es.

328 5028 384 5083 9.
420 5029 479 5081 '0
505 5028 644 5093 ὅλως
677 5030 1035 5103 μνημονεύων
1073 5047 1167 5084 σου
1202 5028 1440 5084 ἐκκλίνει
1482 5028 1559 5099 (5)
1601 5028 1709 5081 ἀπὸ
1739 5027 1836 5098 τῆς

2014 5029 2067 5084 9.
2098 5027 2200 5095 Qui
2229 5043 2453 5100 prorsus
2500 5043 2714 5084 memor
2754 5035 2839 5084 est
2880 5028 3007 5093 tui,
3033 5027 3270 5085 declinat
3310 5040 3342 5079 a
3377 5038 3503 5096 pec-

256 5121 537 5192 όμαρτίας
556 5139 573 5155 ’

556 5139 573 5155 ·
1940 5127 2062 5173 cato
2080 5137 2094 5185 ;

336 5214 425 5269 Ιθ.
468 5215 525 5269 Ὀ
550 5214 659 5289 γὰρ
688 5215 813 5280 νοῦς
845 5217 874 5268 ὁ
892 5216 1281 5289 κυριευόμενος
1308 5214 1412 5269 ὑπὸ
1443 5213 1541 5286 τῆς
1571 5211 1839 5284 ἁμαρτίας

2020 5210 2105 5265 10.
2144 5209 2295 5267 Mens
2332 5227 2500 5277 enim,
2549 5226 2669 5283 quae
2713 5209 3025 5273 dominatur
3048 5224 3082 5267 a
3111 5212 3359 5282 peccato,
3393 5218 3504 5263 non

255 5303 363 5360 οὐκ
391 5304 688 5379 ἐξομολογή
696 5307 848 5364 σεταί
878 5325 981 5362 σοι.

878 5325 981 5362 σοι.
1954 5302 2294 5359 conﬁtebitur
2316 5304 2430 5359 tibi.

335 5397 404 5433 “"
427 5396 451 5452 Ι
473 5400 597 5458 Cor.
624 5418 665 5467 ι,
692 5402 781 5456 51.
859 5402 903 5434 ¹⁸
932 5400 1121 5457 Matth.
1141 5417 1268 5467 xxv,
1300 5400 1390 5456 54.
1448 5401 1493 5433 ¹⁶
1519 5399 1649 5456 ibid.
1680 5397 1770 5453 46.

1217 5462 1521 5558 Addenda
1547 5500 1610 5559 et
1656 5492 2031 5573 corrigenda
2064 5462 2144 5555 ex
2193 5491 2330 5554 cod.
2362 5491 2562 5556 Vatic.

328 5545 414 5666 ω
445 5590 812 5666 Ῑᾼξίωῖονσμ,
1549 5545 1610 5559 ’⁷
1657 5545 2367 5666 ””’⁰”’“ῐιῐὲινὲὲὲτὲ.

328 5659 415 5806 g)
445 5662 551 5716 Καὶ
582 5661 661 5730 τῷ
693 5661 924 5733 ἑϐδόμῳ.
2135 5661 2392 5720 Ἐκλίπει.

392 5742 412 5802 )
455 5733 965 5804 Ἐπεστῃριγμὲνος.
1325 5741 1331 5746 ’
1366 5774 1371 5777 ι

392 5742 412 5802 )
455 5733 965 5804 Ἐπεστῃριγμὲνος.
1325 5741 1331 5746 ’
1366 5774 1371 5777 ι
