3934 6218
436 275 543 333 687
1274 276 1333 332 S.
1377 274 1754 331 ATIIANASII
1794 273 1945 331 OPP.
1983 271 2163 330 PARS
2200 270 2292 327 Ill.
2326 299 2397 312 --
2434 264 2873 358 EXEGETICA.‘
3540 258 3666 319 ,668

507 397 595 452 11.
626 397 888 455 Laboravi
911 396 964 451 in
992 397 1190 467 gemitu
1222 412 1366 464 meo,
2025 455 2029 465 l

2206 393 2258 446 1.
2303 387 2605 443 Ἐκοπίασα
2636 387 2694 438 ἐν
2717 384 2794 456 τῷ
2829 383 3117 454 στεναγμῷ
3143 398 3267 454 μου,

505 485 592 542 12.
624 486 839 541 Lavabo
872 501 966 555 per
989 486 1232 556 singulas
1268 497 1454 542 noctes
1491 486 1686 541 lectum
1714 502 1926 555 meum;

2207 481 2260 535 2.
2286 479 2475 534 Λούσω
2503 477 2623 531 καθ’
2654 477 2888 545 ἑκάστην
2925 474 3095 529 νύκτα
3126 474 3224 544 τὴν
3251 471 3437 542 κλίνην
3462 487 3562 540 μου

508 578 597 635 15.
629 577 909 648 Lacrymis
938 578 1073 631 meis
1108 585 1337 631 stratum
1370 594 1548 632 meum
1583 578 1785 647 rigabo.

2209 575 2260 627 5.
2306 574 2395 626 Ἑν
2419 570 2647 642 δάκρυσί
2679 586 2780 640 μου
2803 568 2900 640 τὴν
2939 569 3225 638 στρωμνήν
3250 582 3351 636 μου
3381 563 3575 634 βρέξω.

508 668 595 725 14.
631 669 903 723 Turbatus
929 679 1013 723 est
1045 684 1076 722 a
1102 667 1286 723 furore
1311 670 1502 725 oculus
1524 685 1678 725 meus
1705 688 1720 723 :

2208 664 2261 718 4.
2305 662 2611 734 Ἐταράχθη
2638 660 2744 714 ἀπὸ
2765 658 2931 731 θυμοῦ
2960 662 2987 713 6
3013 659 3285 729 ὀφθαλμός
3316 676 3414 729 μου
3432 675 3446 689 ·

509 762 599 818 15.
631 760 929 816 lnveteravi
961 761 1098 815 inter
1120 776 1311 817 omnes
1332 762 1583 817 inimicos
1619 776 1787 816 meos.

2213 756 2262 810 5.
2309 754 2683 826 Ἐπαλαιώθην
2709 754 2766 807 ἐν
2794 754 2926 806 πᾶσι
2954 754 3065 815 τοῖς
3095 750 3306 821 ἐχθροῖς
3339 768 3458 822 μου.

511 854 598 908 16.
630 853 896 909 Discedite
933 868 964 906 a
994 868 1102 921 me,
1130 868 1322 909 omnes
1349 854 1441 924 qui
1470 853 1774 924 operamini
1803 852 2001 922 iniqui-

2214 849 2264 903 6.
2318 847 2615 918 ’Λπὸστητε
2664 847 2757 901 ἀπ’
2790 845 2947 917 ἐμοῦ,
2986 844 3186 908 πάντες
3226 847 3276 898 οἱ
3317 844 3669 917 ἐργαζόμενοι

440 957 603 1003 tatem
632 962 645 998 :

2235 942 2462 1013 ἀνομίαν
2482 957 2497 971 ⁸

512 1042 601 1095 17.
647 1040 917 1108 Quoniam
970 1040 1248 1096 exaudivit
1289 1040 1552 1095 Dominus
1598 1054 1784 1094 vocem
1842 1038 2000 1096 ﬂetus

2217 1034 2267 1089 7.
2302 1033 2426 1086 ’ὐτι
2478 1032 2760 1101 εἰσήκουσε
2803 1030 3006 1101 Κύριος
3042 1031 3141 1101 τῆς
3170 1029 3350 1101 φωνῆς
3377 1028 3473 1083 τοῦ
3508 1027 3670 1083 κλαυ-

439 1131 571 1185 mei.
772 1145 776 1149 ·

2206 1123 2247 1177 ιῦ
2275 1140 2396 1195 μου.

509 1221 597 1276 18.
633 1220 921 1275 Exaudivit
949 1219 1213 1275 Dominus
1242 1219 1675 1288 deprecationem
1707 1233 1880 1273 meam
1917 1234 1930 1272 :

2206 1215 2271 1269 .8.
2313 1215 2550 1267 Ἤκουσε
2573 1214 2775 1284 Κύριος
2807 1213 2904 1283 τῆς
2925 1212 3162 1281 δεήσεως
3186 1230 3287 1284 μου
3304 1227 3318 1241 ’

515 1312 602 1369 19.
635 1312 897 1369 Dominus
920 1312 1225 1367 orationem
1257 1325 1435 1365 meam
1470 1310 1728 1379 suscepit.

2206 1308 2271 1362 .9.
2303 1306 2506 1376 Κύριος
2531 1305 2628 1377 τὴν
2660 1307 2960 1376 προσευχήν
2994 1322 3093 1376 μου
3136 1304 3510 1378 προσεδέξατο.

512 1404 602 1460 20.
629 1403 966 1460 Erubescant
983 1412 1035 1459 et
1049 1403 1441 1459 conturbentur
1458 1402 1801 1457 vehementer
1821 1417 2008 1458 omnes

2206 1400 2271 1451 £0.
2302 1397 2727 1469 Αίσχυνθείησαν
2784 1397 2877 1449 καὶ
2925 1397 3323 1468 ταραχθεξησαν
3370 1397 3570 1458 πάντες
3627 1397 3674 1448 οἱ

446 1497 652 1555 inimici
678 1498 786 1552 mei
818 1515 833 1553 :

2206 1488 2296 1562 ιροί
2336 1506 2458 1560 μου.

518 1584 606 1638 21.
640 1585 1037 1641 Convertantur
1065 1592 1120 1640 et
1145 1583 1474 1640 erubescant
1503 1585 1657 1640 valde
1691 1585 1969 1640 velociter.

2206 1581 2274 1634 11.
2309 1581 2501 1634 Ἀποστ
2510 1581 2811 1652 ραφείησαν
2828 1581 2922 1634 καὶ
2940 1579 3458 1650 καταισχυνθείησαν
3477 1577 3677 1648 σφόδρα

2115 1671 2204 1725 διά
2229 1673 2445 1742 τάχους.

506 1759 731 1818 Psalmus
760 1762 947 1829 David,
982 1780 1133 1834 quem
1163 1766 1395 1819 cantavit
1428 1764 1653 1818 Domino
1684 1779 1777 1832 pro
1810 1762 1976 1820 verbis

2206 1764 2421 1833 Γαλμὸς
2442 1762 2522 1828 τῷ
2550 1762 2747 1827 Δαόὶδ,
2772 1764 2844 1818 ὃν
2871 1759 2987 1835 ᾖσε
3013 1761 3092 1828 τῷ
3118 1761 3315 1830 Κυρίῳ
3347 1761 3500 1832 ὑπὲρ
3522 1759 3638 1819 τῶν

768 1854 931 1908 Clausi
952 1856 1054 1924 ﬁlii
1085 1855 1303 1910 Jemini.
1335 1855 1537 1911 PSAL.
1575 1854 1704 1911 VII.

2324 1856 2522 1924 λόγων
2547 1855 2734 1908 Χουσὶ
2766 1855 2900 1910 υἱοῦ
2921 1855 3142 1924 ’Ῑεμενί.
3181 1857 3353 1910 ΨΑΛ.
3394 1854 3474 1911 Z'.

531 1945 578 1998 l.
603 1942 831 1999 Domine
853 1942 997 2001 Deus
1020 1962 1196 2015 meus,
1221 1947 1277 2002 in
1307 1957 1358 2003 te
1397 1947 1613 2018 speravi
1644 1963 1660 2001 :

2206 1948 2243 2001 Ι.
2275 1946 2446 2018 Κύριε
2473 1947 2502 1998 6
2523 1947 2655 2011 Θεός
2688 1964 2811 2020 μου,
2841 1949 2934 2001 ἐπὶ
2962 1948 3045 2002 σοὶ
3069 1946 3272 2019 ἢλπισα
3292 1962 3305 1978 ‘

1570 2097 1943 2156 ATHANASII
1978 2097 2564 2155 INTERPRETATIO.

529 2255 614 2309 11.
646 2255 913 2314 Gravatus
944 2267 1167 2329 peccato
1191 2258 1568 2329 ingemiscam.

2206 2259 2284 2314 ll.
2310 2258 2650 2331 Βαρούμενος
2683 2257 2788 2311 ύπό
2821 2258 2918 2329 τῆς
2943 2257 3216 2330 ἁμαρτίας
3253 2257 3492 2325 στενάξω

528 2346 616 2401 12.
653 2347 972 2403 Emnndabo
992 2349 1060 2403 ab
1094 2348 1244 2403 omni
1270 2356 1494 2420 peccato
1518 2363 1719 2419 corpus
1744 2365 1924 2405 meum
1951 2367 1967 2406 :

2206 2350 2290 2405 l2.
2313 2351 2612 2423 Καθαρίσω
2652 2350 2759 2404 ἀπὸ
2811 2351 2989 2419 πάσης
3017 2349 3287 2422 ἁμαρτίας
3325 2349 3398 2421 (2)
3444 2350 3506 2403 τὸ
3536 2348 3690 2421 σῶμά

538 2524 620 2577 15.
658 2523 722 2578 Et
749 2524 803 2578 in
834 2525 1084 2596 lacrymis
1121 2527 1366 2597 requiem
1406 2542 1617 2591 meam;
1659 2527 1766 2583 hoc
1806 2535 1891 2583 est
1922 2526 2026 2582 Do-

2206 2462 2285 2587 :5.
2326 2533 2435 2587 Καὶ
2469 2534 2528 2587 ἐν
2553 2532 2780 2604 δάκρυσι
2807 2531 2883 2603 (5)
2906 2531 3005 2603 τὴν
3034 2531 3335 2586 ἀνάπαυσίν
3365 2548 3467 2602 μου
3487 2549 3502 2564 ·
3542 2549 3693 2586 τουτ-

466 2614 670 2668 minum
691 2614 944 2686 lacrymis
962 2617 1171 2687 rigabo,
1203 2626 1263 2672 ut
1281 2619 1536 2673 meretrix
1563 2619 1619 2673 in
1648 2617 1942 2689 Evangelio
1962 2620 2027 2675 ".

2206 2641 2244 2678 rt
2273 2623 2363 2678 τὸν
2384 2623 2588 2696 Κύριον
2624 2622 2817 2694 βρέξω,
2841 2623 2915 2686 ὡς
2944 2625 2977 2694 ἡ
3016 2624 3187 2695 πόρνη
3214 2624 3273 2676 ἐν
3303 2622 3637 2694 Εὑαγγελίῳ.

540 2704 620 2759 14.
646 2705 793 2760 Pura
824 2714 907 2762 est
928 2722 959 2763 a
982 2708 1324 2779 suggestione
1367 2709 1568 2765 diaboli
1606 2725 1760 2766 mens
1783 2724 1924 2765 mea.

2206 2715 2286 2770 14.
2318 2715 2390 2769 Οὐ
2415 2715 2730 2787 καθαριεύει
2756 2718 2790 2788 ἡ
2835 2716 3043 2770 διάνοιά
3073 2733 3173 2787 μου
3196 2716 3305 2770 ἀπὸ
3337 2716 3435 2787 τῆς
3459 2715 3555 2769 τοῦ
3581 2716 3693 2769 δια-

2131 2805 2288 2861 δόλου
2323 2806 2609 2880 ὑποϐολῆς.

2205 2897 2293 2952 15.
2331 2899 2665 2972 Ἠφανίσθην
2688 2901 2844 2967 ὅλως,
2873 2902 2953 2966 εἰς
2982 2901 3134 2956 οὐδὲν
3166 2900 3453 2972 ἐγενόμην.
3612 2948 3623 2959 .

2206 2990 2290 3045 16.
2321 2993 2383 3044 Oi
2419 2992 2669 3063 δαίμονες
2699 2994 2749 3046 οἱ
2801 2994 2861 3047 τὸ
2915 2993 3177 3066 πρότερον
3231 2992 3597 3065 ὁδηγήσαντές
3633 3008 3695 3064 με

2136 3082 2272 3152 πρὸς
2295 3082 2475 3136 πᾶσαν
2499 3083 2741 3154 πονηρὰν
2770 3083 3090 3154 ἐπιθυμίαν.

2209 3173 2296 3228 17.
2329 3171 2435 3228 Τοῦ
2458 3173 2692 3245 ὀδυρμοῦ
2721 3174 2822 3245 τῆς
2846 3176 3076 3247 καρδίας
3109 3192 3228 3248 μου.

2206 3265 2294 3319 18.
2324 3266 2439 3319 Οὐκ
2462 3267 2787 3339 ἀπεστράφη
2813 3267 3035 3339 ταύτην.

2207 3355 2293 3411 19.
2319 3356 2526 3429 Πληροῖ
2548 3357 2658 3429 γὰρ
2687 3358 2874 3430 αὑτήν.

546 3430 636 3487 ‘20.
662 3430 1110 3500 Confundantur,
1156 3436 1305 3505 quod
1324 3449 1448 3503 mon
1481 3436 1717 3506 amplius
1757 3453 1843 3494 me
1866 3439 1921 3493 in
1947 3454 2029 3494 ca-

2207 3446 2297 3502 20.
2335 3448 2729 3521 Ἐντραπῶσιν,
2753 3451 2834 3504 ὅτι
2861 3450 2963 3504 ούκ
2990 3449 3069 3503 ἔτι
3095 3466 3163 3521 με
3192 3448 3593 3519 αἰχμαλωτίσαι
3620 3446 3704 3500 δύ-

477 3523 776 3592 ptivitatem
824 3525 1065 3594 redigere
1093 3537 1356 3597 possunt,
1400 3530 1529 3599 quia
1559 3531 1892 3587 custodiora
1931 3533 2029 3589 Do-

2209 3555 2351 3602 νται,
2380 3538 2468 3592 διὰ
2490 3541 2551 3594 τὸ
2580 3540 2940 3611 φυλάττεσθαί
2981 3559 3048 3613 με
3077 3541 3181 3595 ὑπὸ
3222 3540 3454 3613 Κυρίου,
3501 3539 3598 3594 καὶ
3620 3539 3705 3610 ὀρ-

477 3615 648 3679 mino,
677 3627 731 3670 et
762 3616 902 3672 hanc
928 3618 998 3673 ob
1029 3634 1253 3674 causam
1288 3621 1616 3688 irascantur,

2206 3630 2402 3684 σθῶσιν
2427 3631 2610 3689 ἕνεκεν
2635 3633 2826 3687 τούτου
2845 3674 2860 3700 ,

549 3709 636 3764 21.
668 3709 735 3766 Ει
756 3727 921 3782 quam
940 3712 1186 3768 celeriter
1220 3712 1437 3771 confusi
1468 3715 1747 3771 recedant.

2217 3721 2306 3775 21.
2343 3724 2454 3776 Καὶ
2495 3724 2895 3796 ἀναστρέφωσι
2948 3724 3427 3795 καταισχυνθέντες
3468 3723 3610 3778 πάνυ
3654 3725 3708 3775 ἐν

2146 3829 2320 3883 ταχει.

557 3902 623 3957 Ἦ
652 3904 984 3977 προκειμένη
1018 3904 1294 3977 ἐπιγραφὴ
1328 3907 1362 3979 ἡ
1393 3905 1480 3960 διὰ
1506 3907 1605 3978 τῆς
1632 3903 2000 3983 κινναϐάρεως
2037 3920 2317 3992 περιέχει·
2353 3924 2600 3993 Ψαλμὸς
2619 3925 2701 3991 τῷ
2726 3926 2922 3990 Δαϐὶδ,
2965 3925 3038 3981 δν
3070 3922 3187 3998 ᾖσε
3222 3924 3302 3992 τῷ
3342 3924 3542 3996 Κυρίῳ
3564 3923 3709 3992 ὑπὲρ

476 4008 596 4058 τῶν
622 4007 819 4074 λόγων
844 4005 1031 4060 Χουσὶ
1079 4004 1215 4060 υἱοῦ
1256 4007 1478 4095 Ἰεμενι.
1510 4005 1678 4061 Τοῦτο
1700 4004 1792 4063 οὖν
1823 4010 1991 4081 λέγει,
2024 4015 2105 4069 ὅτι
2127 4013 2226 4091 ᾖσε
2250 4020 2340 4074 τὸν
2369 4020 2581 4092 ψαλμὸν
2600 4024 2628 4075 ὁ
2653 4022 2817 4078 Δαόὶδ
2846 4022 2924 4094 τῷ
2951 4022 3064 4093 Υἱῷ
3086 4023 3180 4077 τοῦ
3204 4021 3339 4076 Θεοῦ
3360 4018 3711 4093 προφητεύων

477 4097 620 4168 ὑπὲρ
645 4097 738 4150 τοῦ
768 4098 896 4152 λαοῦ
920 4096 1013 4152 τοῦ
1055 4099 1336 4170 μέλλοντος
1366 4098 1473 4152 ἀπὸ
1502 4100 1783 4171 ἁμαρτιῶν
1816 4102 2139 4177 λυτροῦσθαι
2171 4110 2265 4164 καὶ
2288 4113 2656 4184 ἐπιστρέφειν,
2703 4114 2798 4168 καὶ
2829 4114 3108 4182 ἀξιοῦσθαι
3137 4114 3237 4185 τῆς
3280 4115 3344 4167 ἐκ
3370 4112 3562 4178 δεξιῶν
3586 4111 3709 4167 στάο

481 4204 619 4254 σεως
648 4188 740 4243 τοῦ
771 4190 1038 4262 Χριστοῦ·
1068 4191 1237 4244 Xouai.
1265 4192 1371 4263 γὰρ
1404 4192 1766 4263 ἑρμηνεύεται
1789 4197 2024 4266 Αἰθίοψ,
2062 4202 2337 4256 τουτέστιν
2382 4205 2521 4274 ὑπὲρ
2552 4205 2647 4259 τοῦ
2676 4205 2805 4260 λαοῦ
2856 4206 2951 4260 τοῦ
3008 4206 3160 4270 ὄντος
3213 4205 3441 4276 μέλανος
3464 4203 3575 4258 ἀπὸ
3609 4204 3712 4257 τῶν

483 4284 763 4356 ἁμαρτιῶν
790 4282 891 4360 ᾖσε
917 4288 1006 4340 τὸν
1032 4287 1244 4359 ψαλμὸν
1266 4287 1345 4358 τῷ
1375 4287 1584 4359 Κυρίῳ.
1628 4289 1823 4359 Ἰεμενὶ
1857 4291 1914 4344 δὲ
1950 4294 2313 4365 ἑρμηνεύεται
2338 4297 2508 4364 δεξιά
2521 4319 2639 4369 μου
2665 4318 2677 4331 ⁸
2707 4302 2893 4374 ἐπειδὴ
2917 4304 2946 4355 6
2967 4302 3093 4366 λαὸς
3120 4305 3149 4356 6
3178 4300 3398 4371 Αἰθίοψ,
3430 4298 3576 4369 λέγω
3595 4300 3659 4371 δὴ
3687 4302 3714 4352 6

488 4382 675 4454 μέλας,
705 4381 921 4452 ρυσθεὶς
945 4384 1009 4436 ἐκ
1027 4383 1136 4437 τῶν
1166 4382 1489 4455 ἀριστερῶν,
1518 4383 1701 4456 μέλλει
1729 4386 1979 4441 ἵστασθαι
2008 4391 2073 4443 ἐκ
2096 4390 2283 4456 δεξιῶν
2306 4392 2400 4446 τοῦ
2431 4395 2590 4448 Θεοῦ.

557 4473 789 4542 Titulus,
821 4477 915 4545 qui
945 4477 1154 4546 psalmo
1181 4481 1534 4548 praeponitur,
1572 4479 1856 4537 cinnabari
1892 4484 2152 4555 scriptus,
2191 4489 2437 4544 continet
2466 4508 2481 4544 :
2515 4490 2765 4546 Psalmus
2796 4492 2988 4555 David,
3037 4507 3188 4562 quem
3230 4490 3460 4544 cantavit
3490 4488 3717 4543 Domino

485 4586 582 4641 pro
613 4572 776 4626 verbis
806 4571 968 4626 (Ζήν.δὶ
1006 4571 1111 4642 ﬁlii
1132 4571 1352 4628 Jemini.
1385 4573 1501 4655 Hoc
1528 4584 1709 4631 autem
1737 4577 2030 4648 signiﬁcat,
2055 4584 2198 4652 quod
2231 4585 2504 4654 psalmum
2552 4584 2723 4641 David
2753 4586 2953 4641 cecinit
2992 4585 3130 4640 Filio
3164 4584 3259 4640 Dei
3293 4584 3625 4655 prophetans
3656 4583 3725 4636 de

486 4668 713 4738 populo,
743 4669 837 4739 qui
868 4668 1087 4723 futurus
1114 4679 1252 4733 erat,
1288 4677 1349 4724 ut
1378 4652 1413 4725 a'
1438 4672 1677 4740 peccatis
1706 4673 2051 4741 liberaretur,
2079 4687 2135 4734 et
2159 4652 2588 4746 converteretur,
2617 4691 2672 4736 et
2698 4681 2894 4751 dignus
2923 4680 3075 4736 ﬁeret
3104 4689 3247 4735 stare
3269 4652 3308 4733 a
3333 4652 3535 4732 dextris
3560 4674 3719 4730 Chrio

490 4758 584 4815 sti.
611 4757 779 4813 Cbusi
807 4760 955 4815 enim
986 4761 1374 4830 interpretatur
1402 4762 1687 4834 .Ethiops,
1733 4765 1840 4822 hoc
1863 4775 1948 4824 est
1975 4786 1988 4822 :
2022 4768 2129 4824 Pro
2160 4773 2380 4842 populo,
2421 4774 2517 4843 qui
2545 4782 2664 4829 erat
2688 4773 2840 4845 niger
2866 4789 2898 4829 a
2932 4772 3189 4845 peccatis,
3232 4770 3431 4826 cecinit
3451 4768 3722 4839 psalmum

488 4850 744 4906 Domino.
764 4852 958 4909 Jemini
983 4864 1163 4910 autem
1198 4857 1587 4928 interpretatur
1613 4860 1830 4916 dextera
1859 4879 2012 4928 mea;
2046 4867 2306 4936 quoniam
2337 4871 2572 4940 populus
2601 4869 2874 4941 Ethiops,
2908 4869 3081 4940 niger,
3109 4869 3352 4938 inquam,
3382 4865 3452 4920 ob
3478 4873 3720 4935 peccata,

493 4952 756 5008 liberatus
787 4967 819 5007 e
848 4953 1086 5010 sinistris
1118 4955 1285 5010 stabit
1307 4970 1340 5010 a
1383 4955 1594 5012 dextris
1623 4955 1738 5012 Dei.

545 2878 630 2932 l5.
656 2879 903 2936 Perditus
928 2881 1310 2953 omninosum,
1336 2892 1390 2939 et
1419 2884 1472 2937 in
1500 2885 1729 2938 nihilum
1754 2886 2025 2944 redactuS.

535 2970 622 3026 16.
659 2970 940 3028 Daemones
964 2983 1123 3029 antea
1158 2991 1244 3030 me
1277 2975 1538 3033 ducentes
1583 2977 1650 3033 ad
1674 2992 1893 3033 omnem
1929 2979 2033 3034 im-

471 3065 696 3136 probam
731 3066 1104 3136 cupiditatem.

540 3157 626 3212 17.
667 3157 939 3214 Gemitum
976 3160 1156 3216 cordis
1188 3161 1315 3217 mei.

546 3247 631 3302 18.
671 3247 822 3307 Hanc
853 3265 962 3304 non
992 3261 1271 3308 aversatus
1293 3261 1395 3309 est.

548 3339 634 3394 19.
673 3340 803 3394 Eam
827 3343 970 3396 enim
1001 3344 1277 3414 adimplet.

566 5069 621 5124 1.
648 5066 726 5124 Te
744 5070 1004 5127 constitui
1049 5071 1354 5143 adjutorem
1397 5088 1580 5130 meum
1612 5075 1762 5130 omni
1791 5082 2029 5147 tempore

2231 5081 2283 5136 1.
2319 5083 2387 5136 Σὲ
2414 5082 2616 5156 ἐθέμην
2646 5083 2838 5156 βοηθόν
2868 5101 2967 5155 μου
2992 5082 3244 5148 πάντοτε,
3282 5081 3455 5135 σῶσον
3485 5094 3578 5149 με.

496 5163 648 5219 salva
668 5177 778 5218 me.

566 5281 608 5316 ”
646 5278 776 5339 Luc.
820 5297 920 5348 vn,
945 5282 1035 5338 58.

1439 5440 1742 5505 Addenda
1773 5447 1836 5504 et
1864 5439 2237 5520 corrigenda
2285 5456 2362 5500 ex
2414 5440 2552 5501 cod.
2586 5439 2783 5500 Vatic.

684 5605 1002 5741 ξτέἕὲἔίέης
1026 5676 1132 5731 ἀπὸ
1150 5676 1248 5741 τῆς
1271 5672 1560 5741 ἁμαρτίας.
1584 5736 1593 5741 _

2242 5604 2317 5681 ('5)
2344 5607 2453 5662 Καὶ
2479 5605 2534 5660 ἐν
2565 5604 2790 5679 δάκρυσί
2822 5619 2961 5677 μου.⁸

638 5689 655 5742 )
688 5677 1002 5747 Καθαρίσῃς
1026 5677 1132 5731 ἀπὸ
1150 5677 1248 5749 τῆς
1271 5677 1560 5747 ἁμαρτίας.
1584 5736 1593 5741 _

1554 5772 1573 5800 π
