3934 6218
259 266 367 326 οςθς
1202 274 1288 328 DE
1329 273 1605 332 TITULIS
1640 275 2090 334 PSALMORUM.
2129 309 2201 320 —
2234 278 2428 336 PSAL.
2462 277 2575 335 V11.
3373 275 3478 332 67.0

318 382 367 436 2.
393 379 572 433 Σῶσόν
603 396 672 450 με
699 382 764 435 ὲκ
798 386 876 453 (α)
899 384 1113 439 πάντων
1135 385 1243 440 τῶν
1273 387 1576 443 διωκόντων
1609 407 1697 460 με,
1724 391 1817 445 καὶ
1845 397 1871 454 Α

1989 393 2042 445 2.
2078 392 2295 447 Salvum
2328 407 2415 447 me
2462 390 2547 449 l'ac
2606 406 2671 446 ex
2723 391 2979 446 omnibus
3028 392 3479 460 persequentibus

263 474 404 550 ῥῦσαί
432 490 518 543 με.

1914 500 2018 550 me,
2055 494 2108 539 et
2135 484 2304 539 libera
2334 499 2438 539 me.

320 567 370 621 3.
404 567 627 636 Μήποτε
656 566 879 640 ἁρπάσῃ
914 567 989 631 ὡς
1014 568 1151 623 λέων
1169 571 1269 642 τὴν
1296 570 1473 643 ψυχήν
1505 588 1627 643 μου,

1982 577 2035 630 5.
2068 575 2367 646 Nequando
2397 576 2573 644 rapiat
2595 584 2655 629 ut
2682 574 2767 628 leo
2800 575 3037 629 animam
3072 589 3267 639 meam,

321 660 369 715 4.
398 658 488 731 Μὴ
512 658 665 724 ὄντος
698 660 1083 733 λυτρουμένου,
1109 663 1243 734 μηδὲ
1276 663 1556 729 σώζοντος.

1982 665 2034 720 4.
2062 663 2200 720 Dum
2235 681 2346 720 non
2374 675 2479 729 est,
2509 665 2604 735 qui
2638 666 2891 730 redimat,
2936 678 3113 734 neque
3143 666 3237 735 qui
3269 665 3474 721 salvum

1913 756 2096 812 faciat.

320 836 369 893 5.
403 835 571 909 Κύριε
603 839 634 891 ὁ
670 838 803 902 θεός
840 856 959 911 μου,
992 841 1041 893 εί
1062 841 1293 913 ἐποίησα
1322 841 1497 909 τοῦτο,

1984 849 2038 903 5.
2070 848 2298 903 Domine
2330 847 2474 903 Deus
2504 863 2681 915 meus,
2711 850 2757 903 si
2784 849 2884 904 feci
2923 850 3089 915 istud,

321 924 371 981 6.
404 927 469 980 Ei
492 925 639 982 ἔστιν
668 927 853 982 ἀδικία
874 930 930 981 ὲν
954 930 1109 1001 χερσί
1136 948 1258 1002 μου,

1986 937 2040 995 6.
2074 939 2131 994 Si
2164 948 2250 995 est
2277 939 2539 1010 iniquitas
2566 940 2621 994 in
2651 940 2901 996 manibus
2927 941 3079 1005 meis,

321 1018 370 1073 7.
396 1019 459 1071 El.
482 1019 838 1073 ἀνταπέδωκα
861 1023 971 1084 τοῖς
996 1022 1407 1077 ἀειταποδιδοῦσί
1443 1041 1532 1095 μοι
1556 1025 1701 1079 κακά
1717 1041 1729 1054 ·

1631 1025 1729 1079 κά·
1987 1031 2036 1083 7.
2069 1030 2125 1085 Si
2159 1030 2369 1086 reddidi
2392 1032 2822 1088 retribuentibus
2848 1033 2979 1086 mihi
3005 1034 3181 1087 mala:

323 1108 386 1177 8..
415 1109 773 1181 Ἀποπέσοιμι
807 1112 915 1182 ἄρα
963 1113 1070 1166 ἀπὸ
1104 1113 1212 1166 τῶν
1234 1114 1442 1188 ἐχθρῶν
1469 1132 1569 1185 μου
1609 1116 1780 1178 κενός.

1748 1132 1780 1178 ῖο
1980 1123 2032 1174 8.
2075 1120 2327 1177 Dccidam
2353 1120 2548 1176 merito
2586 1122 2654 1177 ab
2684 1122 2917 1177 inimicis
2938 1124 3074 1177 meis
3105 1124 3301 1177 inanis.

322 1202 371 1258 9.
400 1200 743 1269 Καταδιώξαι
780 1203 889 1275 ἄρα
922 1207 950 1258 ὁ
997 1205 1189 1277 ἐχθρὸς
1216 1207 1313 1278 τὴν
1347 1207 1526 1277 ψυχήν
1557 1224 1679 1278 μου,
1720 1208 1810 1260 καὶ

1983 1212 2035 1267 9.
2065 1212 2434 1283 Persequatur
2453 1215 2643 1286 utique
2668 1214 2923 1271 inimicus
2946 1214 3180 1269 animam
3207 1229 3405 1281 meam,
3426 1222 3481 1272 et

257 1293 564 1360 καταλάϐοι,

1914 1321 2031 1358 com
2040 1305 2358 1372 prehendat,

326 1386 404 1441 10.
434 1387 547 1439 Kal
581 1389 963 1461 καταπατῆσαι
990 1391 1071 1454 εἰς
1100 1391 1203 1463 γῆν
1234 1389 1331 1463 τὴν
1363 1390 1505 1463 ζωήν
1532 1410 1654 1462 μου,

1625 1412 1654 1453 ι,
1987 1395 2073 1450 10.
2105 1396 2173 1451 Et
2202 1399 2486 1454 conculcet
2516 1400 2571 1453 in
2604 1408 2745 1453 terra
2774 1397 2939 1451 vitam
2967 1413 3178 1465 meam;

322 1479 405 1532 11.
439 1480 552 1533 Kal
578 1479 675 1551 τὴν
705 1480 863 1547 δόξαν
897 1500 996 1551 μου
1028 1484 1108 1547 είς
1131 1482 1260 1553 χοῦν
1282 1486 1721 1556 κατασκηνώσαι.

1986 1488 2075 1543 11.
2104 1487 2169 1543 Et
2195 1489 2421 1559 gloriam
2454 1504 2630 1544 meam
2664 1489 2719 1543 in
2769 1488 3047 1559 pulverem
3086 1487 3338 1543 deducat.

324 1568 404 1624 12.
451 1570 762 1643 Ἀνάστηθι,
797 1571 990 1643 Κύριε,
1022 1574 1079 1628 ὲν
1105 1576 1240 1646 ὀργῇ
1268 1591 1360 1627 σου
1382 1616 1396 1640 ,

1987 1580 2074 1634 12.
2110 1579 2374 1650 Exsurge,
2410 1580 2655 1646 Domine,
2686 1582 2741 1634 in
2772 1580 2853 1634 ira
2888 1589 3000 1643 tua,

319 1661 397 1719 15.
445 1660 723 1734 ’Υψώθητι
760 1666 817 1717 ἐν
845 1666 957 1727 τοῖς
979 1664 1179 1736 πέρασι
1211 1665 1322 1720 τῶν
1352 1664 1560 1737 ἐχθρῶν
1594 1682 1713 1719 σουι

1988 1671 2075 1725 15.
2112 1668 2179 1724 Et
2207 1670 2444 1725 exaltare
2473 1672 2528 1726 in
2560 1672 2759 1726 linibus
2784 1670 3131 1725 inimicorum
3155 1679 3394 1725 tuorum.

315 1752 397 1807 14.
428 1755 542 1839 Kal
570 1754 909 1827 ὲξεγέρθητι,
928 1755 1101 1826 Κύριε
1121 1759 1149 1810 ὁ
1180 1758 1311 1821 Θεός
1350 1776 1475 1829 μου,
1499 1759 1556 1812 ἐν
1582 1757 1815 1828 προστά-
1846 1784 1868 1839 ι

1988 1762 2074 1816 14.
2113 1760 2179 1815 Et
2204 1776 2458 1827 exsurge,
2487 1760 2713 1817 Domine
2742 1761 2881 1816 Deus
2913 1776 3086 1827 meus,
3115 1761 3167 1815 in
3196 1770 3480 1831 praecepto,

293 1859 429 1915 ματι,
457 1837 506 1913 ᾧ
532 1844 807 1909 ἑνετείλω,

1848 1837 1877 1839 _
1923 1853 2069 1922 quod
2104 1854 2397 1918 mandasti,

318 1939 403 1994 15.
431 1938 547 1993 Kal
572 1939 863 2008 συναγωγὴ
900 1937 1045 1992 λαῶν
1077 1939 1348 1994 κυκλώσει
1382 1959 1460 1995 σε.

1991 1943 2079 1998 15.
2118 1943 2181 1997 Et
2213 1958 2486 2014 synagoga
2510 1942 2835 2013 populorum
2869 1944 3225 1999 circumdabit
3270 1952 3343 2000 te.

320 2031 402 2087 16.
430 2032 546 2085 Kal
574 2031 713 2102 ὑπὲρ
746 2030 949 2101 ταύτης
977 2032 1056 2095 είς
1079 2030 1210 2101 ὕψος
1239 2031 1584 2104 ἐπίστρεῷον.

1998 2033 2080 2086 16.
2108 2034 2173 2087 Ει
2196 2043 2416 2103 propter
2442 2034 2585 2087 hanc
2609 2033 2663 2087 in
2693 2032 2863 2087 altum
2895 2033 3195 2104 regredere.

319 2123 400 2178 17.
436 2122 649 2195 Κύριος
671 2126 849 2194 κρινεῖ
878 2123 1060 2187 λαούς.

1996 2124 2080 2182 17.
2105 2123 2371 2181 Dominus
2392 2125 2660 2195 iudicabit
2691 2125 2939 2195 populos.

843 2277 1181 2345 Διάψαλμα.

2545 2277 2872 2347 Diapsalma.

320 2405 398 2463 18.
432 2408 642 2482 Κρῖνόν
664 2428 776 2483 μοι,
808 2409 1002 2482 Κύριε,
1030 2407 1174 2464 κατά
1205 2408 1303 2463 τὴν
1322 2407 1670 2479 δικαιοσύνην
1692 2425 1810 2479 σου,

1988 2411 2078 2467 18.
2095 2407 2286 2467 Judica
2305 2425 2411 2476 me,
2435 2409 2685 2475 Domine,
2704 2410 3004 2467 secundum
3017 2408 3288 2480 justitiam
3309 2417 3486 2477 tuam,

318 2608 390 2682 (α)
422 2607 485 2667 ν.
514 2611 554 2666 2
600 2612 795 2683 incipit
823 2613 892 2668 ab
921 2614 1005 2667 ἐκ.

1345 2789 1727 2847 ATHANASII
1765 2789 2349 2847 INTERPBETATIO.

316 2972 368 3028 2.
398 2973 518 3028 Τῶν
545 2972 838 3044 δαιμόνων,
858 2972 1027 3041 λέγει.

1990 2971 2047 3025 2.
2072 2968 2153 3025 Ex
2181 2969 2552 3038 daemonibus,
2586 2969 2679 3026 ait.

316 3067 367 3121 5.
409 3067 465 3120 ’0
489 3065 798 3137 αἱμοπότης
833 3065 1095 3128 διάϐολος.

1989 3062 2040 3115 5.
2076 3060 2444 3133 Sanguipotor
2467 3062 2742 3119 diabolus.

314 3155 368 3210 4.
396 3157 500 3211 Τοῦ
531 3155 931 3226 ἀνθισταμένου
964 3156 1114 3226 αὐτῷ
1146 3155 1284 3227 ὑπὲρ
1303 3156 1458 3226 ἐμοῦ,
1846 3199 1867 3257 ί

1255 3172 1284 3227 ρ
1303 3156 1458 3226 ἐμοῦ.
1846 3199 1889 3257 c
1990 3154 2045 3209 4.
2083 3153 2187 3221 Qui
2218 3156 2298 3209 illi
2327 3156 2546 3210 resistat
2570 3171 2672 3225 pro
2699 3171 2803 3211 me.

316 3245 369 3303 5.
410 3248 468 3301 '0
494 3246 709 3319 μέλλων
739 3247 950 3317 λέγειν·
1850 3245 1869 3257 “

1850 3245 1889 3257 “”
1992 3247 2042 3302 5.
2084 3246 2187 3313 Qui
2221 3247 2475 3303 dicturus
2512 3258 2643 3303 est:

313 3335 364 3393 6.
402 3339 656 3411 Ἀρπαγή
682 3355 769 3402 τις
788 3355 803 3368 ο

1991 3338 2044 3393 6.
2076 3338 2287 3409 Rapina
2318 3339 2501 3409 aliqua
2524 3358 2538 3407 ;

313 3429 364 3484 7.
396 3431 489 3494 Εἰς
514 3430 683 3483 αὐτὸν
708 3428 995 3497 ἐξεδίκησά
1017 3445 1148 3482 ποτε
1187 3429 1283 3500 (1)-

1989 3432 2043 3486 7.
2073 3431 2131 3486 Si
2163 3449 2409 3504 unquam
2441 3434 2589 3490 ultus
2619 3450 2741 3490 sum
2774 3435 2829 3489 in
2856 3436 3066 3506 ipsum;

311 3520 363 3577 8.
408 3521 664 3577 Ἐκπέσω
687 3523 788 3593 τῆς
818 3521 1090 3586 υἱοθεσίας
1118 3538 1212 3575 σου
1246 3520 1539 3594 ήττησθεὶς
1585 3521 1662 3596 (2)
1707 3524 1818 3585 τοῖς

1993 3521 2047 3576 8.
2074 3519 2336 3577 Excidam
2373 3530 2468 3577 tua
2496 3522 2786 3593 adoptione
2815 3534 3104 3595 superatus
3149 3539 3181 3579 a
3224 3523 3489 3581 dmoni-

250 3608 486 3682 δαίμοσιν
502 3631 518 3646 υ

469 3630 486 3665 ν
502 3631 518 3646 -
1918 3610 2022 3669 bus

315 3706 366 3763 9.
408 3706 661 3762 Ἐκπέσω
691 3709 772 3771 είς
800 3705 900 3772 τὰς
935 3709 1126 3779 χεῖρας
1144 3706 1241 3760 τοῦ
1272 3707 1542 3773 διαϐόλου,
1576 3708 1611 3779 ἢ
1644 3707 1820 3761 τοιοῦ-

1991 3704 2045 3759 9.
2076 3703 2318 3758 lucidam
2340 3704 2395 3758 in
2430 3719 2630 3759 manus
2655 3705 2895 3770 diaboli,
2955 3706 3003 3761 si
3051 3705 3351 3776 quidquam
3393 3720 3490 3761 eo-

251 3811 333 3849 τον
354 3797 429 3869 (ὅ)
462 3800 701 3870 ἐποίησα
730 3798 839 3851 τῶν
862 3799 1287 3871 προλεχθέντων.

1282 3840 1287 3853 .
1921 3810 2041 3848 rum
2072 3809 2192 3864 qua:
2217 3795 2363 3849 dicta
2403 3803 2534 3849 sunt
2565 3795 2835 3849 commisi.

320 3888 399 3946 10.
430 3892 541 3945 Kal
558 3891 853 3945 ὑποπόδιον
877 3891 1043 3945 αὐτοῦ
1075 3891 1268 3960 ἔσομαι
1286 3891 1355 3945 τά
1375 3891 1469 3963 ἔτη
1495 3907 1596 3962 μου
1624 3892 1818 3945 πάντα⁶

1992 3884 2075 3939 10.
2107 3884 2173 3940 Ει
2207 3885 2503 3941 scabellum
2526 3887 2724 3956 pedum
2765 3887 2886 3956 ejus
2914 3899 3012 3941 ero
3031 3884 3289 3941 omnibus
3332 3885 3491 3942 annis

1922 3991 2061 4030 mets
2081 3993 2096 4041 ;

314 4065 396 4120 11.
430 4067 542 4122 Kal
572 4067 674 4138 τὴν
707 4067 935 4141 καρδίαν
962 4084 1063 4138 μου
1091 4068 1171 4131 εἰς
1202 4066 1299 4131 τὰς
1329 4066 1624 4138 ἐπιθυμίας
1653 4067 1820 4121 αὐτοῦ

1998 4066 2079 4120 11.
2109 4067 2174 4121 Et
2201 4080 2298 4122 cor
2329 4081 2509 4121 meum
2528 4067 2586 4121 in
2617 4065 3011 4137 cupiditatibus
3040 4065 3157 4121 suis
3182 4066 3486 4122 concludet.

254 4157 560 4214 ἀποκλείσει
592 4160 696 4230 (4).

304 4249 401 4304 12.
429 4251 526 4314 Εἰς
562 4253 704 4321 ἐμὴν
739 4250 1013 4322 βοήθειαν,
1044 4251 1267 4304 ἐκείνων
1291 4250 1349 4304 δὲ
1372 4249 1667 4307 ἀπώλειαν.

1996 4246 2079 4301 12.
2101 4247 2162 4300 in
2187 4261 2369 4301 meum
2392 4247 2685 4312 auxilium,
2714 4247 2768 4300 in
2788 4247 3006 4301 illorum
3033 4255 3217 4300 autem
3239 4245 3468 4301 exitium

322 4341 405 4396 15.
430 4340 731 4412 Δοξάσθητι
752 4345 831 4406 εἰς
851 4343 919 4397 τά
949 4343 1076 4414 τέλη
1104 4342 1213 4397 τῶν
1240 4342 1453 4415 ἐχθρῶν
1476 4359 1571 4397 σου

1991 4340 2077 4394 15.
2112 4338 2430 4394 Gloriilcare
2453 4340 2507 4393 in
2528 4339 2845 4394 novissimis
2862 4338 3214 4394 inimicorum
3234 4345 3453 4392 tuorum
3475 4353 3491 4402 ;

322 4429 406 4487 14.
436 4432 577 4503 Περὶ
630 4423 693 4485 οὗ
744 4428 865 4486 εἷπε
914 4436 1028 4497 τοῖς
1057 4434 1373 4499 ἀποστόλοις
1394 4451 1410 4466 ·
1463 4435 1628 4489 Μετὰ
1667 4434 1824 4504 τρεῖς

1992 4431 2078 4485 14.
2111 4431 2184 4487 De
2221 4448 2332 4503 quo
2363 4433 2504 4489 dixit
2550 4431 2813 4502 apostolis
2847 4448 2862 4485 :
2893 4430 3023 4485 Post
3047 4439 3150 4485 tres
3173 4430 3284 4485 dies
3320 4446 3493 4484 resur-

256 4519 468 4588 ὴμέρας
491 4523 814 4592 ἐγείρομαι.
1855 4540 1901 4598 ο
1926 4540 2047 4594 gam
2081 4525 2146 4580 ¹⁸.

319 4609 400 4666 15.
432 4614 496 4665 Ol
545 4613 835 4668 ἀπόστολοι
876 4613 1012 4685 μετά
1046 4614 1146 4686 τὴν
1188 4614 1483 4668 ἀνάστασιν
1510 4616 1558 4669 oi
1587 4632 1822 4684 συναγα-

2000 4618 2088 4672 15.
2112 4618 2355 4689 Apostoli
2388 4628 2510 4689 post
2545 4617 2999 4673 resurrectionem
3031 4624 3206 4672 totum
3228 4614 3495 4671 mundum

254 4700 432 4768 γόντες
453 4704 549 4758 τὸν
579 4704 786 4777 κόσμον
813 4705 933 4760 ὅλον
970 4708 1051 4771 εἰς
1075 4706 1176 4779 τὴν
1207 4707 1412 4760 πίστιν.

1075 4706 1176 4779 τὴν
1207 4707 1412 4760 πίστιν.
1928 4707 1982 4762 in
2019 4708 2177 4762 [idem
2207 4716 2618 4780 congregantes.

323 4790 407 4847 16.
430 4794 569 4866 Περὶ
594 4794 697 4865 τῆς
726 4794 1046 4867 ἀναλήψεως
1073 4795 1168 4850 τοῦ
1196 4798 1403 4869 Κυρίου
1429 4796 1506 4869 (5)
1536 4797 1684 4865 λέγει

1589 4797 1684 4865 Ξγει
2000 4798 2087 4852 16.
2129 4797 2203 4853 De
2225 4799 2603 4869 assumptione
2625 4796 2839 4854 Domini
2881 4795 3142 4870 loquitur.

324 4883 409 4938 17.
444 4885 758 4952 Παιδεύσει,
795 4888 963 4957 λέγει.

2000 4890 2087 4943 17.
2121 4889 2421 4961 Corripiet,
2460 4890 2657 4961 inquit.

325 4973 407 5030 18.
435 4976 675 5050 Ποίησόν
701 4995 812 5049 μοι,
838 4978 1033 5051 Κύριε,
1062 4979 1201 5033 κατά
1225 4979 1324 5051 τὴν
1343 4980 1691 5051 δικαιοσύνην
1706 4996 1821 5035 σου.

2002 4980 2087 5036 18.
2124 4978 2232 5036 Fac
2252 4982 2410 5050 mihi,
2438 4980 2691 5050 Domine,
2716 4975 3299 5050 secundumjustitiam
3321 4980 3494 5029 tuam.

325 5152 367 5186 ⁸⁸
398 5152 597 5211 Matth.
636 5171 806 5223 xxvn,
843 5155 931 5213 63.

1200 5338 1506 5405 Addenda
1533 5345 1595 5403 et
1624 5338 2018 5422 corrigenda
2050 5355 2130 5402 ex
2177 5336 2317 5400 cod.
2348 5336 2550 5400 Vatic.

354 5519 406 5598 1)
530 5521 730 5598 ἑαυτὸν
756 5523 1043 5598 egestum
1072 5542 1221 5580 ποτε.
2009 5524 2083 5598 (ξι)
2106 5525 2293 5598 ᾼῦζεῶν
2317 5523 2712 5598 ἀνατεοκλείσει.

354 5519 406 5658 1ζ
433 5520 498 5609 ξζῑ
530 5521 730 5576 ἑαυτὸν
756 5523 1043 5598 egestum
1072 5542 1221 5580 ποτε.
2009 5524 2083 5596 (4)
2106 5525 2293 5605 Αὐτῶν
2317 5525 2490 5605 ἀνατξο

327 5518 805 5729 lesser...
1574 5654 1580 5663 -
