3934 6218
401 299 498 359 671
526 362 536 369 ,

1255 292 1312 348 S.
1355 292 1733 349 ATHANASI]
1772 294 1923 351 OPP.
1974 292 2155 350 PARS
2194 292 2280 347 Ill.
2319 321 2389 332 —
2427 288 2836 345 EXEGETICA.

3529 281 3630 349 οη

472 411 558 466 19.
584 409 650 464 Et
681 408 979 465 secundum
1003 407 1370 462 innocentiam
1403 424 1578 463 meam
1605 424 1766 481 super
1794 426 1901 466 me.
1993 415 2041 471 A

2141 411 2224 466 19.
2255 409 2365 463 Καὶ
2391 407 2532 461 κατὰ
2559 405 2654 477 τὴν
2677 404 2925 459 ἀκακίανπ
2950 421 3051 475 μου
3089 405 3176 459 ἐπ’
3214 400 3359 473 ἐμοί.

470 498 561 557 20.
597 502 964 557 Consumetur
996 500 1236 570 nequitia
1269 510 1637 570 peccatorum,

472 594 558 650 21.
584 592 652 647 Ει
677 593 877 662 diriges
899 591 1129 661 justum,

471 685 562 740 22.
599 683 859 739 Scrutans
889 683 1051 738 corda
1078 691 1129 736 et
1161 697 1319 738 renes
1339 681 1505 739 Deus.

472 775 562 831 25.
597 766 810 831 Justum
840 773 1168 844 adjutorium
1199 788 1380 828 meum
1403 791 1433 828 a
1458 773 1708 841 Domino,

474 864 565 919 24.
605 865 708 932 Qui
737 865 914 920 salvos
943 863 1071 918 facit
1095 871 1269 918 rectos
1302 864 1484 920 corde.

476 956 567 1013 25.
597 955 758 1021 Deus,
791 955 956 1025 judex
995 955 1196 1025 justus,
1237 954 1398 1010 fortis
1431 962 1485 1011 et
1516 956 1753 1026 patiens;

478 1133 568 1189 26.
612 1132 864 1203 Nunquid
897 1134 1153 1189 irascitur
1183 1148 1279 1204 per
1310 1134 1555 1204 singulos
1577 1135 1733 1190 dies?

475 1224 565 1279 27.
600 1223 716 1281 Nisi
750 1225 1001 1282 conversi
1030 1225 1268 1295 fueritis,
1312 1226 1552 1296 gladium
1588 1242 1748 1282 suum
1796 1228 1973 1282 vibra-

408 1315 483 1371 bit
504 1332 519 1381 ;

477 1404 567 1458 28.
600 1402 801 1458 Arcum
836 1415 995 1457 suum
1026 1403 1271 1469 tetendit,
1297 1412 1352 1458 et
1381 1403 1593 1473 paravit
1615 1405 1786 1461 illum.

478 1498 568 1555 29.
601 1497 668 1552 Et
699 1498 753 1551 in
782 1512 847 1552 eo
873 1498 1084 1567 paravit
1115 1512 1241 1553 vasa
1279 1497 1469 1552 mortis
1507 1514 1519 1553 ε

478 1590 568 1646 50.
605 1588 841 1659 Sagittas
872 1604 1001 1645 suas
1032 1588 1352 1644 ardentibus
1371 1589 1567 1645 effecit.

478 1682 569 1737 3i.
594 1681 734 1737 Ecce
759 1681 1012 1751 parturiit
1044 1680 1387 1750 injustitiam,
1419 1684 1670 1751 concepit
1710 1682 1974 1749 datorem,

409 1784 465 1832 et
498 1775 707 1846 peperit
732 1774 1099 1844 iniquitatem.

480 1866 569 1923 52.
599 1864 803 1920 Lacum
832 1865 1061 1935 aperuit,
1089 1872 1143 1917 et
1162 1863 1347 1918 effodit
1383 1879 1530 1928 eum,

479 1958 569 2012 53.
600 1957 668 2011 Et
694 1957 899 2013 incidet
928 1957 982 2010 in
1012 1956 1224 2010 foveam
1255 1972 1418 2028 quam
1446 1956 1598 2012 fecit.

481 2048 569 2103 54.
594 2048 951 2104 Couvertetur
981 2047 1135 2105 dolor
1182 2048 1302 2117 ejus
1331 2048 1385 2101 in
1412 2056 1575 2117 caput
1600 2062 1745 2118 ejus,

481 2138 571 2194 35.
608 2138 673 2194 Et
694 2140 749 2194 in
780 2140 1039 2195 verticem
1068 2140 1263 2209 ipsius,
1302 2139 1565 2211 iniquitas
1608 2140 1727 2212 ejus
1754 2140 1979 2197 descen-

414 2229 526 2286 det.

487 2319 570 2377 36.
601 2319 909 2377 Conﬁtebor
943 2317 1175 2376 Domino
1204 2321 1505 2378 secundum
1528 2321 1803 2392 justitiam
1831 2322 1978 2393 ejus,

485 2491 571 2547 57.
600 2491 667 2545 Ει
693 2491 918 2563 psallam
948 2493 1154 2548 nomini
1188 2492 1405 2548 Domini
1443 2493 1715 2549 altiSsimi.

2130 500 2220 555 20.
2257 496 2669 567 Συντελεσθήτω
2693 496 2757 566 δὴ
2782 495 3015 567 πονηρία
3045 492 3421 563 ἁμαρτωλῶν,

2134 591 2226 644 21.
2261 590 2372 643 Καὶ
2401 587 2750 649 κατευθυνεῖς
2778 585 3003 650 δίκαιον,

2133 680 2224 734 22.
2273 677 2508 742 Ἐτάζων
2537 676 2758 749 καρδίας
2783 676 2877 730 καὶ
2902 675 3132 746 νεφροὺς
3150 674 3179 727 ὁ
3204 672 3336 737 Θεός
3373 671 3475 744 (α).

2135 772 2228 825 25.
2253 769 2444 824 Δικαία
2471 771 2504 840 ἡ
2538 767 2755 839 βοήθειά
2782 783 2882 838 μου
2915 765 3063 837 παρά
3081 765 3173 819 τοῦ
3196 763 3349 830 Θεοῦ,

2140 863 2230 918 24.
2260 862 2365 916 Τοῦ
2397 859 2656 925 σώζοντος
2685 861 2809 923 τοὺς
2845 859 3020 922 εὐθεῖς
3048 860 3112 929 τῇ
3138 856 3352 929 καρδίᾳ.

2142 953 2233 1008 25.
2268 953 2328 1006 '0
2358 951 2509 1018 Θεὸς,
2537 949 2726 1022 κριτὴς
2746 949 2968 1012 δίκαιος,
2989 947 3083 1002 καὶ
3113 945 3329 1018 ἰσχυρὸς
3348 983 3364 1011 ,
3394 944 3491 999 καὶ
3527 960 3633 1015 μα-

2072 1045 2342 1117 κρόθυμος
2361 1059 2377 1074 θ

2144 1134 2233 1189 26.
2270 1135 2382 1187 Καὶ
2418 1132 2494 1205 μὴ
2530 1132 2697 1205 ὀργὴν
2728 1131 2947 1200 ἐπάγων
2975 1129 3098 1184 καθ’
3126 1127 3361 1199 ἑκάστην
3388 1126 3635 1207 ἡμέραν;

2145 1227 2236 1283 27.
2278 1225 2405 1278 Ἐὰν
2452 1223 2526 1296 μὴ
2575 1222 2966 1293 ἐπιστραφῆτε,
3015 1220 3112 1292 τὴν
3146 1217 3417 1290 ῥομφαίαν
3474 1215 3635 1270 αὑτοῦ

2077 1316 2380 1372 στιλϐὡσει·

2148 1407 2237 1461 28.
2271 1407 2343 1461 Τὸ
2371 1406 2522 1471 τόξον
2554 1404 2716 1459 αὐτοῦ
2742 1404 2991 1467 ἐνέτεινε,
3030 1402 3126 1456 καὶ
3158 1400 3450 1472 ἡτοίμασεν
3482 1398 3631 1452 αὐτό.

2145 1498 2234 1554 29.
2262 1498 2371 1552 Καὶ
2398 1499 2453 1549 ἐν
2481 1494 2627 1566 αὐτῷ
2659 1494 2919 1566 ἡτοίμασε
2943 1492 3108 1564 σκεύη
3139 1492 3368 1547 θανάτου
3393 1506 3408 1520 ⁸

2145 1589 2233 1642 50.
2258 1586 2339 1640 Τὰ
2369 1586 2494 1657 βέλη
2526 1585 2689 1638 αὑτοῦ
2718 1588 2830 1648 τοῖς
2859 1584 3166 1655 καιομένοις
3195 1582 3565 1655 ἐξειργάσατο.

2147 1679 2235 1745 51,
2278 1677 2408 1731 Ἰδοὺ
2440 1676 2699 1747 ὠδίνησεν
2737 1676 2969 1741 ἀδικίαν,
3028 1674 3284 1729 συνέλαϐε
3316 1674 3498 1740 πόνον,
3544 1675 3638 1727 καὶ

2006 1748 2048 1804 Β
2076 1768 2261 1822 ἔτεκεν
2286 1767 2537 1837 ἀνομίαν.

2150 1860 2239 1912 52.
2275 1859 2491 1912 Δάκκον
2514 1857 2710 1928 ὤρυξε,
2736 1857 2831 1912 καὶ
2858 1857 3164 1927 ἀνέσκαψεν
3195 1856 3378 1925 αὑτὸν,

2147 1951 2236 2005 55.
2271 1949 2380 2002 Καὶ
2414 1950 2733 2019 ἐμπεσεῖται
2756 1952 2834 2013 είς
2869 1949 3079 2021 βόθρον,
3110 1951 3167 2003 ὃν
3189 1949 3502 2021 εἰργάσατο.

2147 2039 2235 2093 54.
2285 2038 2630 2109 Ἐπιστρέψει
2659 2041 2687 2093 ό
2710 2039 2868 2103 πόνος
2895 2039 3056 2094 αὐτοῦ
3087 2042 3166 2103 είς
3190 2038 3429 2111 κεφαλὴν
3454 2036 3642 2104 αὐτοῦ,

2150 2130 2239 2184 '55.
2277 2128 2388 2182 Καὶ
2426 2129 2518 2182 ἐπὶ
2548 2131 2791 2202 κορυφὴν
2821 2131 2983 2186 αὐτοῦ
3021 2134 3054 2203 ἡ
3079 2130 3260 2185 ἀδικία
3287 2130 3449 2185 αὐτοῦ
3480 2148 3644 2184 κατα-

2084 2221 2328 2292 ϐήσεται.

2154 2312 2241 2368 '56.
2285 2312 2779 2386 Ἐξομολογήσομαι
2807 2313 2883 2386 τῷ
2925 2315 3115 2387 Κυρίῳ
3152 2314 3293 2369 κατά
3322 2315 3420 2387 τὴν
3443 2315 3647 2369 δικαιο-

2089 2406 2251 2474 σύνην
2289 2407 2476 2470 αὐτοῦ,
3620 2408 3623 2409 ⁷

2155 2496 2388 2567 57ηΚαὶ
2419 2496 2571 2567 ψαλῶ
2602 2496 2680 2570 τῷ
2701 2498 2922 2571 ὀνόματι
2946 2499 3148 2570 Κυρίου
3176 2499 3270 2553 τοῦ
3295 2498 3541 2571 ὑψίστου.

488 2690 652 2775 (α)”0
704 2691 841 2775 Θεὸς
870 2694 1123 2775 δικαίωςἰ
1149 2694 1203 2775 in
1237 2696 1480 2775 margine
1524 2696 1604 2775 ᾡς
1631 2696 1787 2775 Θεός1
1822 2696 1884 2753 V.
1913 2697 2003 2755 25.

2154 2698 2373 2772 βοήθειά
2393 2718 2517 2774 μου,
2547 2710 2690 2769 etc.;
2728 2704 2794 2775 τῇ
2819 2702 3031 2774 καρδίᾳ.
3065 2702 3127 2758 ν.
3160 2702 3251 2757 24.
3295 2703 3353 2756 '0
3381 2701 3513 2767 Θεδς
3534 2718 3651 2775 κρι-

416 2761 514 2833 τὴς
536 2762 760 2825 δίκαιος.
803 2761 864 2818 ν.
896 2764 988 2818 25.
1025 2765 1134 2817 Καὶ
1177 2761 1424 2835 ἰσχυρὸς,
1453 2768 1549 2818 καὶ
1581 2767 1956 2841 μακρόθυμος.

1538 2991 1908 3048 ATHANASII
1947 2991 2530 3053 INTERPRETATIO.

487 3197 572 3255 19.
607 3196 918 3254 Secundum
974 3199 1320 3258 dilectionem
1372 3216 1575 3271 meam,
1606 3218 1772 3275 quam
1800 3203 1978 3261 habeo
2006 3187 2049 3244 (ἶ

2158 3206 2244 3260 19.
2278 3204 2435 3258 Κατὰ
2464 3204 2564 3277 τὴν
2593 3203 2815 3276 ἀγάπην
2850 3223 2951 3276 μου
2975 3201 3148 3269 οὕτως
3181 3221 3271 3277 μοι
3309 3204 3549 3277 ποίησον,
3581 3206 3650 3277 ἢν

418 3303 542 3358 erga
574 3301 642 3353 te,
679 3299 735 3344 et
776 3305 905 3360 erga
941 3305 1154 3361 omnes,
1190 3292 1266 3346 ita
1301 3292 1434 3347 mihi
1469 3292 1577 3349 fac.

491 3379 578 3433 ‘20.
609 3381 832 3446 Peribit,
860 3383 955 3436 ait.

493 3469 581 3525 21.
620 3471 1002 3538 llluminabis;

490 3557 579 3613 22.
606 3558 823 3615 lutueus
842 3561 1223 3630 cogitationes,
1254 3572 1306 3619 et
1339 3565 1772 3636 uniuscujusque
1822 3568 1978 3637 cupi-

421 3650 636 3705 ditates.

491 3744 577 3798 25.
600 3742 812 3818 .Verum
843 3744 1105 3800 auxilium
1130 3761 1160 3800 a
1193 3745 1304 3800 Deo
1334 3756 1435 3812 est,
1465 3747 1660 3816 inquit.

494 3835 580 3889 24.
612 3835 783 3892 Judex
806 3839 991 3906 utique
1007 3836 1190 3906 justus
1214 3838 1269 3893 in
1300 3838 1485 3894 futuro
1516 3841 1714 3897 sarculo
1741 3859 1756 3911 ;
1788 3843 1982 3916 cuique

421 3925 565 3984 enim
604 3926 866 3980 retribuet
895 3927 1193 3982 secundum
1223 3943 1387 3998 opera
1420 3930 1540 3999 ejus
1583 3931 1643 3988 “.

491 4016 580 4070 25.
608 4016 786 4073 Fortis
813 4026 867 4073 et
914 4017 1243 4089 longanimis
1282 4040 1295 4074 :
1330 4021 1485 4077 fortis
1517 4023 1737 4091 quidem
1795 4034 1984 4080 contra

420 4102 761 4163 adversarias
779 4113 1078 4175 potestates
1095 4122 1108 4157 :
1128 4105 1459 4177 longanimis
1474 4120 1655 4166 autem
1672 4128 1799 4183 erga
1815 4130 1985 4186 genus

423 4192 745 4248 humanum.

489 4285 579 4339 26.
611 4286 1078 4352 Quemadmodum
1114 4295 1171 4348 in
1219 4308 1403 4349 eremo
1431 4295 1616 4352 intulit
1652 4296 1789 4352 iram
1828 4313 1984 4354 suam

422 4375 476 4431 in
506 4376 744 4442 Iudaeos,
773 4397 880 4437 non
909 4386 1144 4454 amplius
1167 4386 1319 4442 facit.

488 4465 578 4525 27.
614 4466 786 4523 Minas
813 4486 942 4526 suas
971 4476 1297 4544 praeparabit
1327 4485 1522 4533 contra
1560 4492 1681 4533 nos.

490 4557 580 4614 28.
614 4558 1060 4621 Ρι-ωὰἰοοιίοηεηι
1085 4568 1204 4637 ejus
1240 4569 1512 4640 signiﬁcat
1544 4585 1557 4620 :

495 4649 583 4706 29.
615 4652 817 4709 Contra
848 4657 1148 4725 diabolum,
1183 4669 1238 4715 et
1264 4670 1559 4731 potestates
1585 4663 1743 4733 ejus;

492 4740 579 4795 30.
616 4743 908 4813 Apostolos
935 4759 1124 4805 contra
1153 4752 1451 4809 daemones.

492 4834 693 4890 31-55.
724 4836 799 4892 De
831 4839 1047 4898 diabolo
1088 4844 1349 4915 loquitur.

489 4924 577 4987 56,
611 4925 699 4981 57.
736 4927 801 4983 Et
828 4929 1083 5001 hymnum
1113 4936 1321 5015 nomini
1345 4935 1558 4992 Domini
1579 4936 1980 5007 supercmlestis

424 5017 689 5075 emittam.

495 5201 537 5234 ι’
565 5200 723 5258 Rom.
757 5220 820 5267 ιι,
849 5203 902 5259 6.

2006 4520 2059 4580 D

2083 3296 2190 3367 ἔχω
2216 3296 2352 3368 πρὸς
2385 3297 2444 3349 σὲ
2469 3297 2563 3350 καὶ
2594 3296 2730 3368 πρὸς
2762 3297 2987 3360 πάντας.

2153 3384 2242 3439 20.
2291 3385 2613 3448 Ἀπολεῖται,
2640 3385 2808 3453 λέγει.

2149 3477 2237 3530 21.
2266 3477 2700 3546 Φωταγωγήσεις
2724 3493 2738 3506 ·

2154 3568 2243 3622 22.
2286 3568 2527 3639 Ἐφορῶν
2576 3570 2672 3633 τὰς
2713 3569 3034 3640 ἐνθυμήσεις
3069 3568 3165 3622 καὶ
3208 3568 3305 3631 τὰς
3356 3568 3649 3638 ἐπιθυμίας

2084 3660 2335 3712 ἑκάστου.

2156 3751 2244 3806 25.
2289 3751 2352 3803 Ἡ
2380 3749 2584 3822 ἀληθὴς
2620 3751 2838 3821 βοήθεια
2868 3752 2932 3804 ἐκ
2957 3750 3089 3805 Θεοῦ
3117 3752 3252 3817 ἐστι,
3282 3751 3430 3820 λέγει
3463 3752 3562 3825 (1).

2156 3841 2241 3895 24.
2270 3842 2476 3912 Κριτὴς
2529 3842 2625 3912 μὲν
2673 3841 2876 3906 δίκαιος
2930 3843 2988 3896 ἐν
3019 3843 3097 3913 τῷ
3153 3843 3396 3913 μέλλοντι
3456 3844 3645 3899 αἰῶνι·

2084 3930 2296 4000 ἑκάστῳ
2320 3928 2428 4001 γὰρ
2457 3930 2746 3983 ἀποδίδωσι
2778 3931 2919 3984 κατά
2941 3930 3009 3984 τά
3036 3930 3172 4002 ἔργα
3198 3930 3274 3999 (2)
3297 3931 3482 3986 αὐτοῦ.

2153 4021 2243 4075 25.
2286 4019 2521 4092 ’ἰσχυρὸς
2542 4021 2599 4073 δὲ
2622 4020 2716 4074 καὶ
2741 4022 3088 4093 μακρόθυμος
3108 4040 3121 4053 ·
3152 4022 3212 4075 τὸ
3237 4023 3334 4093 μὲν
3373 4023 3517 4077 κατά
3540 4025 3648 4079 τῶν

2084 4115 2339 4169 ἐναντίων
2368 4113 2671 4185 δυνάμεων,
2697 4114 2756 4167 τὸ
2781 4114 2838 4168 δέ
2866 4115 3002 4187 πρὸς
3029 4115 3090 4168 τὸ
3116 4115 3271 4185 γένος
3300 4116 3411 4169 τῶν
3441 4116 3651 4189 ἀνθρώ-

2084 4224 2219 4258 σαυν.

2149 4297 2238 4352 26.
2281 4299 2365 4362 Ὣς
2395 4301 2452 4351 ἐν
2480 4300 2543 4368 τῇ
2574 4297 2768 4369 ἐρήμῳ
2793 4297 3039 4367 ἐπήγαγε
3084 4299 3193 4361 τοῖς
3234 4298 3523 4365 Ἰουδαίοις,
3551 4301 3649 4353 οὐκ

2084 4388 2162 4443 ἐτι
2184 4392 2375 4458 ἐπάγει
2405 4391 2479 4461 (5)
2512 4390 2610 4462 τὴν
2641 4390 2809 4462 ὀργὴν
2839 4389 3023 4453 αὐτοῦ,
3067 4390 3232 4458 λέγει.

2152 4479 2242 4533 27.
2276 4479 2385 4551 Τὴν
2413 4479 2644 4551 ἀπειλὴν
2679 4480 2755 4552 (4)
2786 4479 2949 4533 αὐτοῦ
2970 4480 3281 4551 εὐτρεπίσει
3318 4481 3440 4535 καθ’
3466 4482 3653 4553 ἡμῶν.

2153 4567 2243 4622 28.
2274 4568 2346 4620 Τὸ
2379 4570 2639 4640 κήρυγμα
2662 4569 2825 4622 αὐτοῦ
2851 4569 3030 4637 λέγει’

2156 4658 2245 4715 29.
2269 4659 2426 4712 Κατά
2458 4658 2551 4712 τοῦ
2576 4659 2820 4712 διαϐόλου
2853 4661 2946 4712 καὶ
2973 4659 3078 4714 τῶν
3105 4660 3386 4731 δυνάμεων
3412 4661 3578 4715 αὑτοῦ
3598 4678 3612 4692 ·

2156 4750 2243 4805 30.
2279 4752 2415 4815 Τοὺς
2437 4752 2766 4816 ἀποστόλους
2788 4751 2930 4805 κατά
2944 4751 3053 4805 τῶν
3079 4752 3366 4823 δαιμόνων.

2153 4842 2356 4897 51-55.
2393 4843 2529 4914 Περὶ
2562 4843 2640 4914 (5)
2664 4842 2756 4896 τοῦ
2779 4843 3028 4897 διαϐόλου
3064 4843 3231 4912 λέγει.

2155 4935 2223 4989 56
2248 4935 2344 5005 (6),
2379 4936 2468 4990 57.
2495 4937 2603 4989 Καὶ
2652 4937 2816 5007 ὕμνον
2842 4936 3142 5007 ἀναπέμψω
3171 4935 3249 5006 τῷ
3283 4936 3508 4992 ὀνόματι
3540 4940 3649 4994 Ku-

2089 5026 2203 5079 οίου
2228 5025 2321 5080 τοῦ
2351 5027 2688 5099 ἐπουρανίου.

1365 5327 1672 5393 Addenda
1715 5335 1777 5392 et
1807 5327 2178 5409 corrigenda
2224 5347 2298 5397 ex
2329 5329 2465 5392 cod.
2498 5331 2700 5393 Vatic.

496 5486 573 5557 ti)
612 5487 895 5561 ’Δληθὴςή
922 5489 1142 5563 βοήθειά
1176 5508 1296 5563 μου,
1323 5491 1490 5565 λέγει.

496 5549 572 5612 (2)
596 5557 670 5612 Τὸ
698 5559 877 5612 ἔργον.

496 5549 572 5684 (2)
596 5557 670 5648 τὸ
698 5549 895 5630 εργὸνί
922 5549 931 5561 ’

518 5626 551 5679 3
632 5628 931 5697 Επαγάγει.

499 5631 710 5764 (41Τὴν
746 5699 931 5764 ὀργήν.

499 5695 575 5765 (4)
602 5696 710 5768 Τὴν
746 5695 934 5768 ὀργήν.

2162 5492 2238 5561 (5)
2271 5493 2403 5545 Ὄλσ
2442 5492 2610 5547 ταῦτα
2647 5493 2790 5557 περί,
2815 5502 2917 5550 etc.

2136 5632 2148 5645 .
2165 5562 2251 5641 (6)
2277 5562 2540 5617 Δουλώσω
2562 5563 2791 5634 ἐμαυτὸν
2815 5563 2892 5633 τῷ
2926 5562 3110 5617 Κυοίω
3140 5562 3280 5616 κατά
3300 5562 3399 5627 τὰς
3432 5563 3657 5637 simul“

2091 5648 2271 5687 αυτου.
