3934 6218
291 358 395 415 675
1242 353 1330 408 DE
1368 352 1644 409 TITULIS
1680 350 2134 408 PSALMORUM.
2179 381 2248 393 -—
2288 351 2479 407 PSAL.
2525 349 2659 406 VIII.
3421 347 3527 407 6Ὶὸ

457 471 561 535 Εἰς
585 468 651 523 τὸ
673 468 847 534 τέλος
877 466 1029 534 ὑπὲρ
1049 465 1169 519 τῶν
1191 465 1417 533 ληνῶν,
1452 466 1691 535 ψαλμὸς
1889 474 1938 528 Α

1889 474 1938 528 Α
2103 465 2170 521 In
2192 467 2348 537 ﬁnem
2384 480 2478 536 pro
2518 460 2891 525 torcularibus,
2916 456 3150 527 psalmus
3191 456 3380 513 David.

765 556 848 624 τῷ
869 556 1063 611 Δαϐίδ.
1098 559 1271 611 ΨΑΛ.
1301 554 1386 611 H'.

2528 553 2731 609 PSAL.
2776 550 2939 605 νιιι.

364 652 419 709 1.
449 653 624 724 Κύριε
645 654 673 705 ὁ
692 650 907 720 ,Κύριος
929 648 1107 720 ἡμῶν,
1135 650 1211 712 ὡς
1258 647 1570 717 θαυμαστὸν
1608 647 1666 701 τὸ
1691 647 1863 718 ὄνομά

2035 649 2088 703 1.
2117 647 2345 703 Domine
2374 647 2642 701 Dominus
2658 654 2865 708 noster,
2887 659 3053 715 quam
3089 642 3409 698 admirabile
3443 649 3528 699 est

296 763 392 801 σου
418 747 477 798 ὲν
499 745 651 817 πάσῃ
671 746 737 814 τῇ
768 745 842 813 γῇ
863 743 875 795 !

1964 757 2163 796 nomen
2203 752 2354 796 tuum
2392 741 2445 795 in
2482 740 2735 795 universa
2760 738 2937 793 terra!

362 838 419 893 2.
449 838 571 891 Ὀτι
590 833 801 906 ἐπήρθη
826 836 858 904 ἡ
891 831 1334 904 μεγαλοπρέπειά
1360 848 1453 884 σου
1482 831 1735 902 ὑπεράνω
1752 830 1860 884 τῶν

2032 834 2086 888 2.
2114 834 2379 901 Quoniam
2412 833 2628 888 elevata"
2652 841 2738 891 est
2786 830 3188 902 magniﬁcentia
3238 836 3329 880 tua
3363 841 3525 896 super

290 927 557 1001 οὐρανῶν.

1964 927 2150 981 cmlos.

362 1019 417 1072 3.
465 1018 557 1071 Ἐκ
581 1016 847 1088 στόματος
868 1014 1077 1086 νηπίων
1122 1014 1218 1067 καὶ.
1267 1011 1605 1085 θηλαζόντων
1657 1029 1858 1085 κατηρ-

2033 1019 2085 1072 '5.
2119 1016 2196 1071 Ex
2220 1031 2314 1072 ore
2334 1015 2625 1074 infantium
2664 1026 2720 1072 et
2762 1015 3078 1069 lactentium
3103 1010 3374 1082 perfecisti
3407 1011 3527 1065 lau-

287 1109 425 1163 τίσω
453 1104 621 1174 αἶνον,

552 1125 621 1174 σν,
1966 1107 2105 1172 dem,

360 1201 413 1255 4.
452 1201 656 1254 Ἕνεκα
686 1198 795 1252 τῶν
832 1196 1039 1268 ἐχθρῶν
1070 1213 1187 1261 σου,

2031 1197 2085 1250 4.
2123 1196 2348 1267 Pr0pter
2375 1196 2628 1253 inimicos
2655 1204 2800 1262 tuos,

361 1293 415 1346 5.
447 1289 554 1344 Τοῦ
582 1288 883 1345 καταλῦσαι
912 1288 1101 1359 ἐχθρὸν
1142 1288 1235 1341 καὶ
1261 1285 1571 1358 ὲκδικητήν.

2034 1291 2086 1344 5.
2117 1287 2188 1344 Ut
2217 1291 2467 1346 destruas
2500 1292 2782 1345 inimicum
2811 1298 2865 1344 et
2897 1289 3151 1344 ultorem.

362 1379 415 1433 6.
450 1380 568 1433 ’Ότι
600 1379 801 1449 ὅψομαι
830 1379 956 1441 τοὺς
986 1378 1248 1448 οὐρανοὺς
1272 1376 1407 1447 ἔργα
1435 1376 1542 1431 τῶν
1583 1375 1858 1431 δακτύλων

2033 1380 2085 1436 6.
2125 1380 2393 1455 Quoniam
2427 1381 2620 1437 videbo
2670 1382 2840 1437 caelos
2880 1390 2999 1434 tuos
3034 1393 3195 1449 opera
3232 1376 3523 1446 digitorum

293 1486 384 1524 σου
403 1510 420 1536 ,

1963 1478 2205 1537 tuorum,
2446 1522 2448 1529 ι

359 1562 411 1614 7.
446 1562 684 1633 Σελήνην
712 1558 807 1615 καλ⁵
828 1559 1082 1629 ἀστέρας,
1114 1558 1149 1612 ἃ
1189 1559 1252 1612 σὺ
1285 1556 1667 1628 ἐθεμελίωσας.

1655 1597 1667 1610 .
2034 1563 2085 1619 7.
2122 1560 2331 1617 Lunam
2371 1570 2425 1616 et
2462 1562 2665 1628 stellas,
2695 1576 2816 1631 quae
2856 1570 2911 1615 tu
2950 1559 3208 1615 fundasti.

358 1651 411 1705 8.
447 1651 511 1704 Τί
542 1653 691 1704 ἐστιν
712 1650 1020 1722 ἄνθρωπος,
1049 1651 1129 1702 ὅτι
1164 1650 1443 1720 μιμνήσκῃ
1467 1648 1629 1701 αὑτοῦ
1655 1664 1668 1713 ;

2032 1652 2085 1707 8.
2118 1652 2257 1719 Quid
2290 1664 2373 1708 est
2400 1654 2585 1719 homo,
2618 1653 2762 1723 quod
2801 1669 3005 1708 memor
3032 1667 3090 1706 es
3115 1649 3267 1721 ejus?

359 1743 413 1799 9.
447 1742 517 1795 Ἣ
550 1741 663 1805 υίὸς
683 1739 991 1813 ἀνθρώπου,
1014 1741 1096 1794 ὅτι
1118 1740 1423 1813 ἐπισκέπτῃ
1448 1739 1608 1793 αὐτόν
1629 1756 1642 1803 ;

2032 1741 2086 1797 9.
2119 1742 2227 1796 Aut
2264 1742 2407 1797 ﬁlius
2437 1742 2697 1810 hominis,
2724 1743 2980 1813 quoniam
3001 1743 3191 1796 visitas
3216 1740 3375 1794 eum?

362 1832 449 1889 10.
492 1832 834 1897 Ἥλάττωσας
874 1832 1034 1887 αὐτὸν
1059 1832 1230 1904 βραχύ
1251 1848 1303 1884 τι
1334 1832 1461 1903 παρ’
1494 1831 1756 1900 ἀγγέλους
1775 1846 1787 1859 ·
1883 1867 1915 1911 Σ

1775 1846 1787 1859 ‘
1883 1867 1930 1921 Β
2030 1835 2116 1889 10.
2146 1834 2387 1891 Minuisti
2410 1852 2534 1890 eum
2567 1834 2729 1905 paulo
2764 1835 2941 1888 minus
2964 1834 3033 1888 ab
3065 1832 3271 1902 angelis
3298 1847 3310 1883 :

358 1926 448 1981 11.
475 1924 611 1999 Δόξῃ
636 1927 730 1980 καὶ
758 1929 888 1999 τιμῇ
919 1926 1299 1996 ἐστεφάνωσας
1322 1924 1504 1989 αὐτὸν,

2030 1928 2119 1982 ll.
2155 1928 2340 1983 Gloria
2373 1937 2427 1982 et
2451 1930 2656 1982 honore
2683 1926 2961 1983 coronasti
2981 1940 3107 1980 eum
3127 1967 3142 1990 ,

361 2016 448 2071 12.
478 2018 587 2070 Καὶ
607 2016 942 2090 κατέστησας
967 2016 1128 2071 αὐτὸν
1157 2016 1247 2069 ἐπὶ
1269 2015 1337 2068 τὰ
1363 2014 1497 2085 ἔργα
1520 2014 1628 2067 τῶν
1656 2013 1855 2084 χειρῶν

2035 2016 2119 2071 12.
2151 2016 2217 2072 Et
2243 2017 2572 2073 constituisti
2595 2031 2721 2072 eum
2746 2030 2908 2086 super
2935 2029 3100 2085 Opera
3127 2025 3387 2066 manuum
3409 2017 3527 2064 tua-

292 2127 409 2165 σου.

1963 2124 2107 2163 rum.

360 2203 449 2260 15.
485 2203 669 2257 Πάντα
698 2196 967 2268 ὑπέταξας
997 2201 1254 2255 ὑποκάτω
1278 2200 1387 2254 τῶν
1411 2198 1587 2253 ποδῶν
1613 2196 1802 2262 αὑτοῦ,

1662 2196 1802 2262 ὅτοῦ,
2035 2194 2122 2252 15.
2157 2195 2351 2252 Omnia
2380 2196 2660 2267 subjecisti
2683 2194 2786 2251 sub
2806 2196 3037 2267 pedibus
3060 2196 3180 2266 ejus
3199 2232 3215 2261 ,

1432 2335 1802 2394 ATHANASII
1841 2334 2418 2392 INTERPRETATIO.

368 2455 437 2509 Ἤ
470 2452 801 2528 προκειμένη
834 2454 1111 2528 ἐπιγραφὴ
1146 2458 1179 2527 ὴ
1209 2452 1299 2509 διὰ
1317 2454 1418 2524 τῆς
1439 2453 1808 2527 κινναϐάρεως
1831 2453 2075 2528 περιέχει
2098 2470 2111 2483 ’
2136 2454 2238 2519 Εὶς
2269 2451 2334 2505 τὸ
2369 2450 2564 2519 τέλος,
2594 2450 2748 2520 ὑπὲρ
2768 2448 2887 2504 τῶν
2912 2448 3147 2517 ληνῶν,
3185 2446 3427 2516 ψαλμὸς
3452 2446 3534 2513 τῷ

290 2547 683 2604 Δασίδ.Τοῦτο
713 2544 806 2603 οὖν
838 2552 1007 2612 ἐστιν,
1035 2549 1064 2601 ὃ
1084 2548 1229 2615 λέγει
1252 2562 1268 2577 °
1310 2548 1428 2600 Ἐπ’
1460 2546 1703 2617 ἐσχάτων
1740 2546 1944 2617 (1)τῶν
1975 2545 2184 2617 χρόνων
2231 2544 2371 2615 ὑπὲρ
2416 2544 2523 2597 τῶν
2555 2544 2784 2613 ἐχόντων
2818 2546 2875 2596 ὲν
2910 2543 3121 2604 ἑαυτοῖς
3144 2540 3233 2593 τὸν
3256 2535 3397 2594 οἶνον
3442 2537 3533 2592 τὸν

290 2643 645 2716 εὐφραίνοντα
668 2644 893 2717 καρδίας
924 2644 1023 2713 (2),
1053 2643 1296 2697 τουτέστι
1319 2642 1411 2696 τὸν
1438 2641 1662 2713 Κύριον*
1694 2641 1780 2695 διὰ
1802 2642 1958 2695 τοῦτο
1984 2641 2091 2714 γὰρ
2120 2641 2349 2709 ληνοὺς
2369 2640 2564 2703 αὐτοὺς
2593 2634 2731 2693 εἷπε.
2762 2638 2968 2692 Ψάλλει
3000 2633 3092 2691 οὖν
3120 2634 3284 2689 Δαόὶδ
3312 2636 3391 2698 είς
3412 2633 3535 2687 ἑαυ-

290 2741 417 2804 τοὺς
438 2740 527 2793 τὸν
563 2740 780 2811 ψαλμὸν
805 2740 882 2811 τῷ
907 2740 1112 2810 Κυρίῳ.
2412 2758 2417 2765 ·

365 2834 707 2906 Titulus,qui
737 2835 948 2906 psalmo
979 2834 1333 2903 praeponitur,
1354 2831 1637 2888 cinnabari
1669 2833 1924 2902 scriptus,
1959 2831 2203 2887 continet
2231 2827 2332 2885 :In
2362 2831 2518 2899 linem
2547 2845 2642 2899 pro
2669 2825 3047 2891 torcularibus,
3072 2824 3306 2896 psalmus
3335 2822 3531 2877 David.

295 2925 411 2982 Hoc
437 2930 601 2999 igitur
620 2937 722 2995 est,
754 2928 899 2997 quod
949 2928 1126 2984 dicit:
1178 2927 1236 2981 In
1270 2928 1580 2983 novissimis
1613 2929 1950 2998 temporibus
1996 2942 2094 2998 pro
2135 2927 2225 2993 iis,
2262 2928 2357 2998 qui
2409 2927 2610 2981 habent
2660 2924 2712 2978 in
2768 2938 2828 2979 se
2855 2922 2990 2993 ipsis
3035 2924 3222 2975 vinum
3254 2919 3537 2975 laetiﬁcans

293 3027 476 3091 corda,
505 3026 610 3081 hoc
641 3031 723 3080 est
757 3025 1041 3079 Dominum
1072 3041 1086 3089 ;
1121 3024 1322 3079 idcirco
1349 3023 1491 3078 enim
1523 3037 1617 3078 eos
1645 3023 1783 3077 dixit
1811 3022 2119 3077 toreularia.
2145 3021 2314 3077 David
2329 3020 2495 3090 igitur
2514 3019 2568 3073 in
2591 3033 2778 3073 eorum
2812 3030 3042 3087 persona
3074 3014 3257 3085 psallit
3282 3011 3533 3069 Domino.

361 3121 416 3176 1.
445 3120 613 3189 Κύριε
642 3120 670 3172 ὁ
693 3118 823 3183 Θεὸς
844 3118 918 3188 (5)
948 3118 1124 3189 ἡμῶν,
1152 3118 1227 3182 ὡς
1251 3116 1459 3183 ἔνδοξον
1480 3118 1540 3171 τὸ
1568 3118 1741 3189 ὄνομά
1761 3102 1862 3170 ’σου

2046 3117 2096 3170 1.
2127 3115 2353 3171 Domine
2383 3113 2526 3170 Deus
2555 3119 2757 3176 noster,
2791 3126 2953 3181 quam
2991 3108 3288 3180 gloriosum
3317 3118 3401 3164 est
3432 3123 3534 3164 no-

294 3208 446 3280 παρὰ
478 3211 642 3262 πᾶσιν
687 3209 950 3281 ὑπάρχειῑ
984 3209 1066 3261 ὅτι
1098 3208 1231 3273 Θεὸς
1286 3207 1361 3261 ὢν
1393 3207 1665 3272 πέπονθας
1722 3208 1847 3281 ὑπὲρ

1981 3223 2096 3263 men
2127 3217 2281 3263 tuum
2310 3205 2451 3277 apud
2476 3219 2665 3259 omnes
2692 3204 2705 3257 !
2731 3202 2991 3273 quoniam
3027 3216 3152 3256 cum
3185 3199 3331 3256 Deus
3360 3213 3534 3267 esses,

293 3302 327 3372 ἡ
335 3299 469 3368 μῶν.

1971 3315 2169 3370 passus
2197 3314 2257 3355 es
2283 3314 2382 3369 pro
2412 3297 2590 3354 nobis.
3482 3302 3496 3316 '

360 3389 414 3443 2.
463 3389 527 3441 Ἦ
546 3388 705 3460 χάρις
736 3405 828 3441 σου
858 3390 913 3441 ὲν
941 3391 1052 3451 τοῖς
1080 3388 1420 3453 ἀποστόλοις.
1890 3418 1913 3471 ί

1281 3389 1420 3453 ιλοις.
1890 3418 1935 3475 C
2042 3394 2095 3447 2.
2132 3392 2316 3448 Gratia
2342 3401 2433 3447 tua
2466 3391 2520 3445 in
2554 3388 2834 3459 apostolis.

362 3481 418 3535 5.
451 3479 533 3533 Τὰ
561 3479 750 3533 παιδία
777 3479 1007 3547 λέγειτὰ
1034 3481 1091 3531 ὲν
1122 3478 1199 3550 τῷ
1218 3479 1345 3551 ἱερῷ
1365 3480 1654 3551 κράζοντα,
1678 3480 1773 3533 καὶ
1797 3492 1866 3532 τα

2042 3485 2096 3539 5.
2128 3483 2336 3538 Pueros
2371 3480 2637 3552 signiﬁcat
2682 3480 2737 3534 in
2788 3479 2989 3549 templo
3032 3477 3333 3533 clamantes
3378 3482 3434 3532 et
3477 3473 3535 3530 in

297 3575 354 3627 έν
379 3571 626 3642 Βηθλεὲμ
646 3571 997 3642 ἀναιρεθέντα
1028 3571 1093 3624 δι’
1128 3572 1312 3625 αὐτόν.

1969 3575 2241 3630 Bethleem
2272 3582 2498 3644 protper
2525 3587 2648 3627 eum
2675 3571 2909 3626 occisos.
3183 3574 3190 3581 '

364 3664 418 3729 4,
453 3664 506 3719 5.
537 3664 672 3735 Περὶ
696 3663 805 3716 τῶν
841 3663 1107 3716 Ἰουδαίων
1130 3664 1223 3716 καὶ
1245 3662 1339 3724 τοῦ
1372 3663 1616 3717 διαϐόλου
1646 3663 1815 3732 λέγει.

1739 3681 1815 3716 ει.
2035 3668 2093 3731 4,
2120 3668 2173 3721 5.
2212 3665 2288 3721 De
2310 3664 2516 3721 Judaais
2548 3673 2604 3720 et
2629 3664 2695 3718 de
2725 3661 2943 3718 diabolo
2964 3661 3227 3732 loquitur.
3286 3648 3292 3651 ⁷

359 3754 416 3810 6.
450 3755 628 3827 Ἔργα
651 3754 798 3823 λέγει
827 3755 953 3818 τοὺς
998 3756 1258 3825 οὐρανοὺς
1292 3754 1386 3808 τοῦ
1428 3756 1742 3827 Πνεύματος
1772 3754 1867 3807 τοῦ

1630 3773 1742 3819 ιτος
1772 3754 1867 3807 τοῦ
2039 3758 2096 3819 6,
2129 3758 2310 3814 Coelos
2336 3764 2496 3813 vocat
2526 3772 2691 3827 opera
2717 3756 2954 3827 Spiritus
2984 3754 3183 3811 sancti.

300 3850 370 3918 ἀγ
377 3850 477 3904 ίου.

362 3939 418 3993 7.
448 3938 683 4010 Σελήνην
735 3937 882 4008 λέγει
924 3938 1017 3991 τὸν
1057 3938 1280 4007 κόσμον,
1337 3936 1573 4010 ἀστέρας
1628 3937 1685 3992 δὲ
1744 3940 1869 4002 τοὺς

2039 3939 2093 3991 7.
2127 3938 2337 3991 Lunam
2373 3946 2533 3991 vocat
2567 3934 2852 3997 mundum,
2879 3932 3062 3987 stellas
3088 3938 3267 3986 autem
3293 3934 3535 3985 sanctos.

296 4031 505 4102 ἁγίους.
2138 4034 2151 4049 ⁴

368 4124 422 4179 8.
458 4123 573 4177 Οὐκ
599 4122 706 4177 ἀπὸ
734 4121 835 4193 γῆς
864 4124 1008 4176 ἐστιν
1029 4121 1258 4184 ἕκαστος
1288 4119 1397 4174 τῶν
1423 4120 1564 4174 κατὰ
1594 4119 1754 4189 φύσιν
1776 4121 1870 4174 ἁν-

2040 4111 2093 4164 8.
2122 4111 2316 4163 IVoune
2343 4125 2374 4164 e
2404 4117 2547 4164 terra
2576 4106 2951 4177 unusquisque
2977 4112 3060 4159 est
3087 4100 3385 4159 secundum
3428 4099 3534 4156 bu-

301 4215 535 4287 θρώπων
558 4232 574 4281 ;
1765 4201 1795 4206 ”

1765 4201 1795 4206 ”
1969 4215 2186 4254 manam
2212 4200 2507 4260 naturam?

367 4307 424 4362 9.
448 4306 545 4369 Τίς
573 4305 650 4376 (1)
674 4303 845 4368 οὕτως
870 4320 1030 4358 αυτον
1055 4303 1349 4374 ἠγάπησας
1364 4320 1379 4369 ;

1251 4320 1379 4369 σας;
1970 4319 1979 4335 ι
2040 4288 2095 4345 9.
2131 4288 2241 4345 Cur
2270 4288 2344 4343 ita
2370 4303 2496 4343 eum
2525 4285 2804 4343 dilexisti?

371 4395 459 4451 10.
496 4373 634 4467 Περὶ
655 4394 749 4449 τοῦ
774 4396 980 4467 Κυρίου
1012 4395 1161 4464 λέγει
1184 4395 1279 4449 καὶ
1307 4393 1402 4447 τοῦ
1438 4392 1642 4457 πάθους
1679 4392 1866 4446 αὐτοῦ·

2045 4382 2131 4435 Ιθ.
2157 4380 2233 4435 De
2253 4379 2483 4435 Domino
2509 4378 2769 4449 loquitur,
2792 4384 2845 4430 et
2865 4374 2932 4430 de
2951 4375 3204 4446 passione
3224 4373 3377 4444 ejus;
3401 4388 3538 4443 quo-

301 4463 598 4560 έπειδήπερ
634 4490 683 4541 el
716 4488 812 4559 μὲν
831 4463 1048 4556 ἄγγελοι
1074 4463 1333 4540 ἀθάνατοί
1364 4486 1491 4550 είσι,
1540 4484 1631 4537 τὸν
1659 4484 1715 4537 δὲ
1740 4486 1854 4553 ὀμο-

1983 4472 2117 4528 niam
2140 4472 2317 4544 angeli
2340 4471 2558 4542 quidem
2582 4466 2917 4523 immortales
2948 4473 3095 4529 sunt,
3130 4463 3326 4518 Filium
3356 4471 3536 4519 autem

300 4554 659 4636 σύειον-αὐτοῦ
686 4554 813 4633 Ῠίδν
840 4554 1153 4652 παρέδωκεν
1172 4580 1200 4632 ὁ
1227 4576 1415 4648 Πατὴρ
1444 4576 1584 4647 ὑπὲρ
1618 4574 1773 4646 ἡμῶν
1792 4576 1853 4635 είς

1985 4582 2129 4624 suum
2183 4563 2705 4621 consubstantialem
2750 4559 2912 4615 morti
2962 4556 3185 4614 tradidit
3234 4554 3396 4611 Pater
3437 4570 3538 4626 pro

304 4670 531 4728 θάνατον
552 4688 568 4704 ⁸
1654 4671 1659 4678 ’

1654 4671 1659 4678 ’
1972 4657 2132 4713 nobis
2151 4671 2166 4722 ;

370 4766 458 4819 11.
484 4763 657 4818 Τοῦτο
684 4764 793 4835 γὰρ
815 4761 962 4833 αὖτῷ
983 4761 1195 4833 ὑπῆρχε
1223 4759 1368 4824 δόξα.
1898 4754 1923 4811 Ι

1307 4759 1368 4823 ῐα.
1898 4754 1948 4811 D
2044 4749 2133 4805 11.
2156 4749 2273 4803 Hoc
2303 4746 2447 4801 enim
2472 4745 2522 4800 ei
2545 4744 2730 4817 gloriae
2756 4742 2860 4798 fuit

373 4856 459 4911 12.
494 4828 731 4919 Πάντας.
754 4828 846 4917 οὓς
868 4828 1092 4917 ἔκτισας
1100 4828 1454 4924 άλιθρώπους,
1479 4848 1741 4919 ἐποίησας
1770 4863 1872 4915 φυ-

2047 4840 2133 4894 12.
2162 4842 2381 4904 Omnes,
2416 4852 2556 4908 quos
2601 4835 2795 4891 creasti
2837 4832 3104 4898 homines,
3138 4828 3314 4886 fecisti
3357 4828 3427 4884 ab
3475 4843 3542 4884 eo

300 4949 587 5004 λάττεσθαι
611 4947 701 5002 ὑπ’
729 4945 914 5001 αὑτοῦ.

729 4945 914 5001 αὑτοῦ.
1978 4931 2261 4988 custodiri.

373 5039 460 5093 15.
485 5038 644 5108 Αὐτῷ
674 5037 802 5108 γὰρ,
836 5036 911 5099 ὼς
942 5033 1164 5099 δυνατὸς
1191 5031 1248 5108 ᾗ,
1272 5027 1316 5102 ᾧ
1348 5033 1457 5085 πᾶν
1486 5029 1615 5099 γόνυ
1661 5025 1871 5096 κάμψει

2052 5023 2137 5076 15.
2168 5020 2275 5091 lpsi
2308 5019 2473 5080 enim.
2502 5032 2627 5073 cum
2657 5023 2849 5087 potens
2884 5016 2976 5081 sit,
3005 5026 3167 5067 omne
3198 5025 3339 5081 genu
3365 5007 3545 5063 ﬂectet

306 5098 659 5202 ἱπουρανίων,
686 5098 945 5196 έπιγείων
975 5125 1073 5198 (5),
1112 5098 1859 5195 καταχθονίων,ὲξομολογού-

1986 5113 2305 5176 ιωιεεῑίιιηι,
2325 5110 2662 5166 terrestrium
2689 5116 2743 5163 et
2775 5105 3134 5169 inl‘emorum,
3165 5098 3539 5157 conﬁtentium

309 5198 477 5290 μενοι,
503 5222 588 5274 ὅτι
621 5218 828 5292 Ἰησοῦς
862 5217 938 5280 ὡς
968 5216 1181 5288 άληθῶς
1213 5215 1342 5279 Υἱός
1382 5230 1475 5267 σου
1523 5212 1664 5265 κατὰ
1707 5209 1862 5279 φύσιν

1988 5205 2126 5275 quod
2148 5204 2309 5260 Jesus
2338 5217 2463 5258 vere
2495 5200 2667 5256 Filius
2698 5210 2826 5255 tuus
2855 5208 2939 5255 est
2967 5198 3264 5253 secundum
3293 5199 3541 5245 naturam

309 5310 405 5381 τῆς
428 5311 529 5383 σῆς
556 5311 744 5372 οὐσίας
772 5309 943 5365 ἐστίν.

816 5309 943 5365 ςτίν.
1980 5308 2086 5353 tuae
2106 5296 2369 5352 essentia.

1255 5438 1556 5505 Addenda
1588 5442 1650 5499 et
1685 5431 2071 5510 corrigende.
2111 5448 2186 5493 ex
2220 5430 2362 5493 cod.
2395 5428 2597 5491 Vatic.

401 5575 456 5645 ι)
491 5575 887 5645 Ἀπ,ὲσχατουο
2060 5557 2239 5645 mu-
2613 5635 2717 5645 ___.

401 5575 456 5645 1)
491 5575 596 5628 *Δπ
639 5576 887 5643 ὲσχατου.
2061 5575 2133 5625 μ)
2156 5575 2239 5611 ιι.
3206 5612 3215 5622 ί
3471 5622 3486 5639 ⁸

478 5642 802 5782 ξὲιριξὲοὲνώς.
1401 5718 1407 5725 0
2054 5631 2130 5701 (5)
2176 5629 2262 5694 Ὠς
2285 5626 2510 5699 δύναμις
2535 5639 2592 5697 ῃ,
2609 5635 2717 5678 παν
2743 5657 2756 5673 .
2776 5656 2792 5673 .
2821 5656 2833 5669 .
2862 5657 2877 5671 .
2901 5633 2991 5670 και
3024 5630 3282 5682 επιγειων
3302 5615 3421 5685 καί,
3433 5628 3547 5675 etc.

435 5719 454 5787 )
490 5716 548 5768 '0
572 5712 802 5782 Κύριος.
